4024 6434
181 345 325 413 1189

1454 354 1706 416 .SACRA
1744 354 2206 419 PARALELLA.

3304 364 3441 431 1193

177 466 319 520 Τάδε
350 465 495 534 λέγει
522 466 723 539 Κύριος
742 483 757 499 θ
799 468 941 525 ’Δνθ’
973 460 1047 524 ὧν
1083 468 1465 537 ἐξαπέστειλας
1489 469 1735 539 ἀγγέλους

1857 472 2084 527 nuntios
2118 476 2184 528 ad
2209 472 2608 530 consulendum
2652 474 2780 530 Baal
2812 491 3084 544 muscam,
3115 476 3419 539 oﬂ'endicu-

178 560 410 630 ζητῆσαι
431 561 488 613 ἐν
511 560 591 631 τῷ
611 560 756 614 Βαὰλ
780 563 946 633 μυῖαν
976 561 1096 615 θεὸν
1136 561 1511 634 προσόχθισμα
1553 563 1749 616 Ἀκκα-

180 651 313 722 ρὼν,
358 652 455 723 οὐχ
504 651 714 716 οὕτως·
752 654 786 725 ή
826 654 982 725 κλίνη
1024 655 1111 725 Ego"
1163 649 1231 727 ἦς
1272 655 1471 724 ἀνέϐης
1514 655 1653 721 ἐκεῖ,
1680 653 1745 709 οὐ

175 744 483 814 καταϐήσει
512 744 605 797 ἀπ’
646 744 838 813 αὐτῆς,
864 746 946 799 ὅτι
971 746 1188 818 θανάτῳ
1211 746 1478 818 ἀποθανῇ.
1513 764 1532 796 ι

247 854 267 888 ι
303 835 550 901 Ἥνοιξεν
593 835 712 889 Ἰὼϐ
759 837 819 890 τὸ
849 838 1024 907 στόμα
1060 838 1245 903 αὐτοῦ,
1273 840 1367 892 καὶ
1398 836 1747 909 καταράσατο

167 929 272 999 τὴν
295 926 505 999 ἡμέραν
532 926 698 981 αὐτοῦ
717 927 1193 997 λέγων,’Λπόλοιτο
1225 931 1258 1000 ἡ
1284 929 1465 1000 ἡμέρα
1490 928 1672 997 ἐκείνη
1687 928 1746 982 ἐν

169 1016 231 1093 ᾖ,
251 1017 404 1073 εἷπον
422 1019 737 1091 ἐγεννήθην,
756 1020 848 1073 καὶ
870 1021 903 1091 ἡ
939 1020 1037 1085 νὺξ
1056 1022 1235 1093 ἐκείνη
1267 1024 1323 1074 ἐν
1406 1017 1580 1074 εἷπον·
1612 1019 1743 1074 Ἰδοὺ

167 1114 357 1182 ἄρσεν.
394 1111 458 1162 Ἥ
492 1112 589 1175 νὺξ
608 1110 790 1181 ἐκείνη
817 1113 902 1177 είη
934 1113 1144 1176 σκότος,
1176 1113 1270 1166 καὶ
1314 1113 1388 1183 μὴ
1416 1112 1744 1182 ἀναζητήσει

165 1204 343 1273 αὐτὴν
366 1206 393 1256 6
425 1203 624 1273 Κύριος
658 1205 887 1268 ἄνωθεν,
924 1205 1057 1276 μηδὲ
1088 1205 1215 1278 ἔλθῃ
1245 1204 1741 1276 ἐπάύτὴνφέγγος.

180 1293 420 1363 Ἐκλάϐη
439 1294 496 1347 δὲ
519 1294 690 1364 αὐτὴν
724 1296 917 1359 σκότος
939 1296 1033 1349 καὶ
1065 1300 1192 1351 σκιά
1211 1297 1463 1353 θανάτου.
1496 1296 1743 1351 Ἐπέλθοι

162 1384 260 1438 ἐπ’
313 1385 483 1455 αὐτὴν
528 1384 724 1453 γνόφος
746 1401 760 1415 ⁸
796 1386 1137 1456 καταραθείη
1171 1389 1202 1458 ὴ
1236 1390 1440 1458 ἡμέρα,
1470 1388 1563 1441 καὶ
1588 1389 1620 1457 ἡ
1649 1386 1744 1455 νὺξ

163 1476 373 1545 ἐκείνη.
400 1476 720 1543 Ἐπενέγκει
748 1477 917 1546 αὐτὴν
947 1478 1156 1541 σκότος,
1189 1477 1263 1548 μὴ
1292 1479 1377 1547 εἴη
1424 1479 1504 1542 είς
1531 1478 1745 1549 ἡμέραν

162 1569 441 1636 ἐνιαυτοῦ,
470 1570 603 1641 μηδὲ
620 1570 953 1641 ἀριθμηθείη
981 1574 1058 1633 είς
1079 1573 1291 1643 ἡμέραν
1322 1574 1532 1645 μηνῶν·
1557 1573 1741 1644 ἀλλάή

158 1660 266 1723 νὺξ
284 1661 466 1730 ἐκείνη
491 1664 574 1729 εἴη
593 1661 772 1731 ὀδύνη,
807 1664 943 1732 μηδὲ
964 1663 1106 1716 ἔλθοι
1128 1665 1213 1716 ἐπ’
1232 1664 1398 1734 αὐτὴν
1414 1664 1742 1735 εὐφροσύνη,

161 1753 307 1822 μηδὲ
344 1752 611 1823 χαρμονὴ,
671 1752 807 1805 ἀλλὰ
833 1756 1203 1824 καταράσεται
1232 1754 1400 1826 αὐτὴν
1439 1756 1467 1807 6
1492 1755 1744 1826 καταρώ-

160 1861 333 1913 μενος
363 1844 575 1914 ἡμέραν
619 1843 857 1912 ἐκείνην,
905 1846 934 1896 6
989 1844 1201 1913 μέλλων
1258 1844 1319 1897 τὸ
1377 1845 1524 1914 μέγα
1572 1846 1740 1916 κῆτος

154 1935 551 2005 χειρώσασθαι.
585 1936 893 2006 Σκοτωθείη
917 1936 986 1992 τά
1034 1936 1209 2007 ἄστρα
1247 1936 1347 2006 τῆς
1374 1937 1568 2001 νυκτὸς
1591 1938 1739 1991 ὲκεί-

154 2043 283 2095 νης,
316 2026 411 2079 καὶ
466 2026 545 2089 εἰς
610 2025 890 2096 φωτισμὸν
923 2025 998 2096 μὴ
1028 2025 1177 2098 ἔλθῃ,
1211 2025 1286 2097 μὴ
1334 2026 1431 2079 ἴδοι
1463 2027 1741 2098 ἑωσφόρον

153 2115 558 2178 ἀνατέλλοντα,
614 2116 695 2169 ὅτι
762 2116 823 2168 ού
887 2115 1199 2169 συνέκλεισε
1276 2116 1448 2181 πύλας
1506 2118 1741 2190 γαστρὸς

157 2208 375 2278 μητρός
402 2225 526 2277 μου,
558 2206 834 2279 ἀπήλλαξε
867 2209 977 2278 γὰρ
1032 2207 1097 2261 ἂν
1127 2209 1285 2262 πόνον
1309 2209 1418 2263 ἀπὸ
1442 2209 1741 2281 ὀφθαλμῶν

157 2316 292 2367 μου.
337 2318 357 2351 ι

240 2408 261 2440 ι
300 2388 504 2461 Είησαν
544 2392 593 2444 οἱ
643 2390 828 2463 ἐχθροί
886 2408 1025 2462 μου,
1071 2390 1260 2463 ὥσπερ
1308 2392 1340 2463 ἡ
1390 2393 1741 2468 καταστροφὴ

152 2482 275 2534 τῶν
301 2483 537 2546 ἀσεϐῶν,
564 2484 659 2536 καὶ
685 2486 733 2537 οί
755 2484 1173 2557 ἐπανιστάμενοι
1193 2502 1282 2557 μοι
1315 2484 1503 2557 ῶσπερ
1532 2487 1564 2557 ἠ
1588 2485 1741 2540 ἀπώ-

154 2573 287 2628 λεια
315 2574 423 2629 τῶν
448 2575 801 2646 παρανόμων.
832 2594 853 2629 ι

242 2686 264 2717 ι
317 2666 533 2738 Ἡμέρα
557 2668 945 2738 συναντήσεται
990 2667 1172 2730 αὐτοῖς
1213 2667 1422 2730 σκότος,
1460 2667 1520 2720 τὸ
1548 2667 1606 2721 δὲ
1642 2685 1741 2736 με-

150 2756 470 2830 σημϐρινὸν
505 2758 889 2829 ψηλαφήσεται
917 2753 1010 2813 Ida
1049 2758 1223 2812 νυκτί.
1265 2758 1573 2813 Ἀπόλοιντο
1603 2759 1657 2813 δὲ
1684 2761 1743 2813 ὲν

150 2852 411 2923 πολέμῳ,
445 2851 849 2922 ὲκσιφωνηθείη
889 2851 1120 2922 αύτῶνὴ
1157 2851 1331 2922 ἰσχύς.

235 2965 258 2997 ¢
293 2946 412 3008 Πᾶς
462 2945 490 2997 6
522 2943 634 3014 βίος
658 2942 892 3006 ἀσεϐοῦς
935 2945 993 2996 ὲν
1041 2944 1311 3016 φροντίδι’
1341 2945 1467 2997 ὅταν
1490 2944 1619 3016 δοκῇ
1642 2943 1739 3015 ἤδη

146 3036 488 3109 εἰρηνεύειν,
510 3034 632 3106 ἣξει
650 3034 798 3105 αὑτῷ
824 3036 858 3106 ἡ
886 3035 1261 3105 καταστροφή.
1293 3031 1513 3089 Οἶδενὲν
1540 3035 1739 3105 ἐαυτῷ,

147 3131 239 3185 ὅτι
267 3129 420 3199 μένει
477 3130 557 3190 είς
610 3127 831 3198 πτῶμα.
872 3127 1081 3197 Ἡμέρα
1136 3126 1193 3180 δὲ
1244 3127 1409 3181 αὐτοῦ
1442 3128 1690 3198 σκοτεινή
1723 3144 1738 3159 ο

141 3222 374 3291 ἀνάγκη
395 3219 453 3273 δὲ
478 3218 638 3272 αὑτὸν
666 3220 761 3272 καὶ¹
791 3217 968 3289 θλίψις
990 3218 1233 3285 καθέξει,
1282 3217 1470 3291 ῶσπερ
1503 3236 1738 3290 στρατη-

140 3315 251 3381 γὸς
270 3311 663 3383 πρωτοστάτης
704 3308 919 3363 πίπτων
963 3310 1046 3362 ὅτι
1092 3305 1226 3381 ἦρεν
1258 3311 1447 3381 χεῖρας
1496 3309 1736 3363 ἐναντίον

139 3404 246 3458 τοῦ
268 3403 434 3467 Θεοῦ,
460 3402 701 3456 ἐναντίον
757 3401 813 3455 δὲ
847 3403 1289 3473 παντοκράτορος
1318 3402 1732 3473 ἐτραχηλίασεν.

137 3496 449 3567 Αύλισθείη
489 3495 545 3549 δὲ
594 3496 674 3560 είς
730 3494 915 3559 πόλεις
966 3496 1245 3567 ἐρήμους*
1276 3495 1508 3549 εἰσέλθοι
1563 3496 1619 3549 δὲ
1655 3498 1738 3560 είς

136 3588 340 3650 οἴκους
392 3587 700 3658 ἀοικήτους.
767 3588 837 3639 Ἀ
892 3585 948 3638 δὲ
995 3587 1192 3638 ἐκεῖνοι
1248 3584 1518 3656 ἐθέρισαν,
1586 3585 1735 3640 ἄλλοι

135 3676 503 3733 ἀποίσονται·
546 3674 672 3728 οὔτε
755 3675 830 3749 μὴ
885 3674 1216 3747 πλουτισθῇ,
1261 3674 1386 3729 οὔτε
1446 3676 1521 3748 μὴ
1576 3678 1732 3748 μείνῃ

136 3771 323 3824 αὐτοῦ
388 3771 458 3824 τὰ
514 3772 847 3841 ὑπάρχοντα.
881 3770 956 3823 Οὐ
1018 3770 1092 3840 μὴ
1140 3769 1311 3844 βάλλῃ
1361 3770 1453 3822 ἐπὶ
1504 3768 1599 3840 τὴν
1630 3771 1734 3839 γῆν

137 3862 339 3929 σκιὰν,
375 3863 492 3917 οὐδὲ
531 3865 605 3935 μὴ
634 3863 849 3936 ἐκφύγῃ
897 3862 959 3915 τὸ
992 3862 1207 3925 σκότος.
1242 3862 1347 3915 Τὸν
1383 3862 1610 3933 βλαστὸν
1638 3862 1734 3914 αύ-

132 3954 244 4005 τοῦ
278 3953 497 4025 μαράνῃ
529 3954 749 4022 ἄνομος,
778 3951 1073 4004 ἐκπέσοιδὲ
1104 3950 1268 4004 αὐτοῦ
1299 3951 1358 4003 τὸ
1386 3950 1565 4013 ἄνθος.
1587 3950 1734 4003 Κενά

132 4042 500 4113 ἀποϐήσεται
522 4041 691 4112 αὐτῷ.
730 4041 791 4093 Ἡ
823 4042 964 4111 τομὴ
995 4039 1161 4094 αὑτοῦ
1210 4041 1316 4112 πρὸ
1350 4038 1499 4112 ὥρας
1522 4039 1733 4110 φθαρήρ

134 4154 333 4197 σεται,
364 4135 459 4188 καὶ
487 4137 513 4187 6
544 4136 814 4205 ρἀαμνος
853 4132 1019 4187 αὑτοῦ
1059 4133 1121 4186 ού
1170 4134 1245 4205 μὴ
1284 4133 1556 4205 πυκνάσῃ.
1590 4135 1733 4205 Τρυ-

128 4230 352 4304 γηθείη
376 4228 432 4282 δὲ
456 4228 646 4299 ὥσπερ
694 4226 877 4297 ὅμφαξ
913 4227 1017 4300 πρὸ
1046 4225 1194 4298 ὥρας
1228 4242 1242 4257 ο
1276 4226 1497 4280 ὲκπέσοι
1551 4227 1607 4281 δὲ
1653 4226 1729 4291 ὡς

128 4329 316 4388 ἀνδος
340 4322 527 4386 ἐλαίας
553 4339 568 4354 ο
615 4320 913 4393 μαρτύριον
943 4321 1051 4391 γὰρ
1082 4320 1312 4384 ἀσεϐοῦς
1356 4320 1601 4384 θάνατοε.
1641 4323 1728 4376 Ἐν

129 4415 357 4486 γαστρὶ
383 4413 611 4484 λήψεται
662 4411 851 4475 ὀδύνας
872 4427 886 4440 ο
930 4411 1268 4482 ἀποϐήσεται
1303 4410 1453 4483 αὐτῷ
1506 4412 1659 4479 κενὰ,
1692 4414 1727 4486 ἡ

125 4509 196 4562 δὲ
224 4505 416 4561 κοιλία
430 4503 592 4557 αὑτοῦ
626 4501 839 4557 ὐποίσει
866 4501 1072 4567 δόλους.
1111 4520 1132 4554 ι

216 4708 239 4740 ι
282 4686 406 4749 Φῶς
429 4682 641 4739 ἀσεϐῶν
681 4682 1064 4753 σϐεσθήσεται,
1111 4682 1208 4735 καὶ
1241 4681 1340 4734 ούκ
1386 4681 1727 4753 ἀποϐήσεται

119 4775 336 4834 αὐτῶν
360 4778 395 4846 ἡ
424 4774 576 4843 φλόξ.
603 4774 986 4845 Θηρεύσαισαν
1017 4769 1288 4841 ἐλάχιστοι
1310 4769 1379 4824 τὰ
1417 4772 1727 4845 ὑπάρχοντα

118 4868 359 4926 αὐτῶν.
391 4865 755 4937 Ἐμϐἐϐληται
785 4867 812 4918 6
847 4862 984 4927 ποῦς
1009 4862 1188 4917 αὐτῶν
1216 4865 1275 4917 ὲν
1306 4862 1515 4931 παγίδι,
1546 4864 1638 4917 καὶ
1668 4866 1727 4916 ἐν

115 4960 353 5029 δικτύῳ
382 4957 643 5028 ὲλιχϐείη.
665 4956 951 5010 Ἕλθοισαν
966 4954 1052 5009 ἐπ’
1070 4956 1232 5009 αὐτον
1260 4954 1501 5023 παγίδες.
1522 4955 1727 5027 Πτῶμα

112 5056 191 5110 δὲ
224 5050 728 5122 ἀύτῷέτοίμασται
772 5049 1029 5114 ἐξαίσιον.
1092 5047 1390 5101 Κατέὸεται
1437 5047 1504 5101 τὰ
1545 5048 1725 5117 ὡραῖα

110 5144 317 5204 αὑτοῦ
342 5145 569 5207 θάνατος
595 5159 610 5174 ’
640 5142 1158 5213 κατασπαρήσονται
1186 5139 1255 5193 τά
1287 5141 1534 5211 εὐπρεπῆ
1559 5138 1723 5193 αὑτοῦ

110 5241 301 5309 θείῳ.
319 5235 707 5290 ’Υποκάτωθεν
728 5232 891 5287 αὐτοῦ
914 5234 970 5285 αἱ
994 5232 1139 5302 ῥίζαι
1158 5233 1219 5302 ξη
1231 5232 1605 5301 ρανθήσονται,
1631 5230 1726 5284 καὶ

106 5330 434 5387 ὲπόινωθεν
472 5327 633 5381 αὐτοῦ
696 5329 1036 5382 ἐπιπεσεῖται
1116 5323 1372 5395 θερισμὸς
1422 5321 1608 5376 αὐτοῦ.
1651 5323 1725 5376 Τὸ

110 5424 502 5500 μνημόσυνον
555 5419 719 5476 αὐτοῦ
774 5418 1026 5472 ἀπόλοιτο
1079 5416 1143 5469 ἐκ
1185 5408 1284 5486 τῆς
1327 5415 1450 5486 γῆς.
1502 5414 1724 5488 Ἀπώσῃ

101 5518 311 5576 αὑτὸν
362 5516 428 5567 ὲκ
458 5584 461 5587 ν
488 5513 662 5578 φωτὸς
688 5513 767 5574 είς
800 5511 1018 5575 σκόπος,
1060 5509 1158 5563 οὐκ
1198 5508 1350 5562 ἔσται
1382 5508 1723 5579 σεσωσμένος

100 5613 218 5674 εἱς
240 5608 347 5680 τὴν
373 5607 466 5660 ὐπ’
490 5604 716 5676 ούρανδν
735 5605 763 5657 ὁ
793 5599 941 5668 οἶκος
974 5601 1162 5664 αὑτοῦ,
1197 5600 1314 5655 ἀλλ’
1334 5603 1392 5655 ὲν
1418 5602 1530 5664 τοῖς
1556 5600 1721 5654 αὐτοῦ

95 5703 410 5772 ζήσονται
456 5697 632 5767 ἕτεροι
660 5710 676 5726 ο
726 5688 869 5749 οὗτοί
927 5692 1064 5746 εἰσιν
1091 5688 1230 5744 οἴκοι
1268 5690 1492 5757 ἀδίκων,
1514 5684 1663 5755 οὗτος
1692 5689 1721 5743 6

95 5794 310 5855 τόπος
329 5787 442 5842 τῶν
474 5786 548 5859 μὴ
586 5786 800 5841 ἰδόντων
833 5785 923 5839 τὸν
954 5784 1176 5855 Κύριον.
1202 5804 1222 5837 ι

1850 562 1961 616 lum
2001 563 2278 629 Accaron,
2310 581 2419 620 non
2452 567 2527 621 ita
2567 567 2698 624 ﬁet:
2730 567 2797 622 de
2824 568 3028 623 lectulo
3058 584 3226 640 super
3253 586 3416 640 quem

1847 654 2172 721 ascendisti,
2213 672 2323 712 non
2380 657 2706 725 descendes,
2750 658 2847 714 sed
2877 666 3050 714 morte
3075 660 3359 714 morieris.
3385 674 3424 708 »ν

1914 827 2017 882 Job
2062 845 2147 897 ιιι,
2180 832 2232 886 1.
2264 849 2336 873 -'—
2386 851 2405 885 ι
2441 833 2672 904 Aperuit
2718 832 2820 890 Job
2855 850 2917 891 os
2952 851 3137 898 suum,
3167 844 3223 891 et
3246 839 3421 896 male-‘

1846 915 1986 971 dixit
2019 918 2127 973 diei
2164 935 2296 985 suae,
2329 922 2524 978 dicens
2552 941 2565 977 :
2600 923 2792 978 Pereat
2823 925 2944 980 dies
2972 925 3066 980 illa
3105 926 3158 980 in
3188 943 3293 997 qua
3317 913 3420 982 ηοξ

1847 1020 1938 1065 tus
1969 1026 2113 1075 sum,
2149 1020 2205 1067 et
2236 1029 2345 1068 nox
2374 1015 2492 1080 illa,
2546 1015 2600 1069 in
2634 1032 2740 1086 qua
2775 1018 3037 1073 dixerunt
3066 1038 3080 1074 :
3121 1018 3298 1077 Natus
3328 1030 3414 1077 est

1848 1105 2149 1160 masculus.
2175 1105 2290 1161 Nox
2334 1106 2425 1162 illa
2460 1109 2696 1164 tenebrae
2734 1110 2831 1174 sit,
2881 1126 2984 1166 nec
3014 1114 3260 1185 requirat
3289 1130 3409 1168 eam

1845 1194 2112 1254 Dominus
2146 1200 2408 1271 desuper,
2432 1215 2611 1273 neque
2641 1203 2823 1258 veniat
2852 1220 3020 1275 super
3045 1221 3166 1260 eam
3204 1208 3409 1263 lumen.

1844 1288 2271 1359 Apprebendant
2303 1301 2486 1348 autem
2528 1308 2648 1349 eam
2680 1296 2918 1351 tenebrae
2956 1304 3012 1351 et
3040 1299 3235 1351 umbra
3265 1315 3413 1353 mor-

1846 1380 1939 1435 tis.
1979 1380 2342 1452 Superveniat
2383 1383 2436 1439 in
2490 1399 2609 1440 eam
2661 1386 2861 1459 caligo.
2910 1387 3269 1443 Maledicatur
3294 1389 3411 1444 dies

1845 1487 1897 1530 et
1930 1491 2038 1531 nox
2098 1478 2214 1532 illa.
2274 1480 2555 1549 Occupent
2605 1493 2726 1535 eam
2784 1480 3048 1548 tenebrae,
3090 1498 3192 1537 nec
3242 1482 3315 1537 sit
3355 1483 3409 1536 in

1846 1569 1988 1624 diem
2035 1572 2189 1637 anni,
2246 1588 2351 1626 nec
2391 1582 2746 1643 computetur
2791 1574 2934 1629 inter
2963 1574 3081 1631 dies
3112 1580 3406 1631 mensium.

1847 1660 1954 1715 Sed
1984 1676 2093 1716 nox
2125 1662 2220 1715 illa
2251 1662 2412 1717 dolor
2446 1664 2538 1729 sit,
2571 1681 2674 1720 nec
2706 1666 2890 1720 veniat
2924 1682 3091 1735 super
3120 1682 3239 1720 eam
3276 1668 3411 1722 laeti-

1848 1750 1943 1817 tia,
1976 1767 2153 1821 neque
2198 1755 2496 1822 gaudium;
2541 1756 2637 1811 sed
2671 1755 2964 1811 maledicat
3001 1756 3079 1810 illi
3111 1757 3207 1826 qui
3245 1759 3413 1812 male-

1776 1818 1817 1877 Β
1844 1843 1977 1899 dicit
2001 1818 2132 1907 diei,
2165 1818 2259 1916 qui
2295 1818 2518 1917 paratus
2568 1855 2652 1905 est
2683 1865 2939 1921 magnum
2980 1859 3099 1904 cete
3130 1818 3245 1905 ἐξω
3282 1851 3413 1904 sub-

1837 1935 2032 2007 jicere.
2060 1934 2510 1993 Obtcnebrentur
2549 1939 2721 1994 stellae
2770 1940 2951 1994 nocuis
3000 1940 3169 2007 illius,
3214 1956 3315 1993 nec
3345 1940 3411 1993 ad

1843 2026 2264 2083 illuminandnm
2323 2031 2551 2086 veniant
2579 2048 2593 2086 :
2627 2045 2728 2085 nec
2757 2031 2937 2085 videat
2968 2030 3259 2084 luciferum
3291 2046 3415 2085 sur-

1841 2127 2080 2188 gentem,
2112 2120 2371 2189 quoniam
2404 2136 2514 2176 non
2547 2121 2746 2176 clausit
2766 2132 2954 2192 portas
2984 2123 3194 2179 ventris
3224 2123 3415 2178 matris

1842 2224 1998 2265 meae.
2039 2210 2274 2283 Migrare
2317 2213 2519 2285 quippe
2557 2213 2786 2270 fecisset
2831 2213 3077 2270 laborem
3114 2214 3183 2270 ab
3231 2216 3414 2269 oculis

1842 2314 2003 2355 ωοιε.
2042 2319 2062 2353 ι

1912 2388 2015 2445 Job
2068 2407 2242 2457 xxv",
2284 2391 2342 2447 7.
2371 2420 2442 2433 —
2485 2411 2504 2444 ι
2538 2390 2663 2447 Sint
2707 2393 2915 2449 inimici
2966 2394 3072 2449 mei
3108 2394 3253 2449 sicut
3282 2393 3413 2449 sub-

1842 2482 2029 2537 versio
2061 2483 2377 2553 impiorum,
2412 2492 2467 2555 et
2497 2484 2552 2539 in
2596 2500 2683 2541 me
2718 2487 3095 2556 insurgentes,
3137 2496 3198 2541 ut
3229 2487 3415 2557 perdi-

1844 2573 1919 2628 tio
1954 2573 2294 2644 iniquorum.
2330 2592 2349 2626 ι

1909 2663 2012 2718 Job
2044 2682 2096 2732 v,
2152 2667 2207 2730 5,
2258 2667 2346 2721 Μ.
2375 2698 2443 2708 -
2471 2684 2489 2717 ι
2526 2664 2630 2722 Per
2682 2667 2826 2723 diem
2872 2676 3167 2723 occurrent
3222 2669 3305 2725 eis
3337 2678 3416 2725 te-

1841 2757 2041 2822 nebrae,
2074 2768 2129 2811 at
2161 2758 2213 2811 in
2245 2757 2473 2814 meridie
2499 2760 2721 2828 palpent
2751 2761 2908 2831 quasi
2943 2761 2995 2814 in
3041 2769 3223 2816 nocte.
3262 2762 3366 2817 Per
3388 2790 3415 2801 -

1839 2858 1966 2905 cant
1997 2851 2048 2904 in
2090 2851 2276 2905 bello:
2319 2852 2688 2907 absorbeatur
2722 2869 2915 2907 eorum
2957 2853 3243 2908 fortitudo.
3289 2873 3308 2905 ι

1909 2941 2013 2996 Job
2056 2960 2146 3006 xv,
2189 2943 2377 2999 21-55.
2421 2972 2467 2979 -
2514 2964 2532 2996 ι
2567 2944 2761 2999 Omnis
2797 2947 2907 2998 vita
2957 2944 3109 3016 impii
3162 2948 3214 3000 in
3255 2962 3411 3001 cura.

1841 3033 1979 3089 Cum
2017 3034 2168 3090 visus
2220 3033 2386 3089 fuerit
2416 3034 2530 3103 jam
2582 3036 2635 3088 in
2682 3051 2816 3105 pace
2867 3051 3048 3106 agere,
3076 3038 3260 3091 veniet
3290 3037 3413 3107 ejus

1843 3120 2152 3177 subversio.
2208 3120 2369 3176 Novit
2422 3122 2475 3177 in
2520 3138 2579 3179 se
2609 3124 2757 3194 quod
2805 3133 3025 3178 maneat
3071 3126 3137 3180 ad
3168 3127 3411 3182 ruinam.

1840 3212 1967 3267 Dies
2009 3220 2190 3267 autem
2242 3212 2363 3281 ejus
2414 3213 2701 3267 tenebrosa
2739 3231 2753 3268 :
2794 3217 3106 3270 necessitas
3138 3225 3320 3272 autem
3354 3227 3411 3274 et

1838 3304 2125 3358 tribulatio
2176 3303 2356 3374 ipsum
2392 3305 2840 3375 comprehendet,
2892 3307 3037 3361 sicut
3072 3309 3182 3362 dux
3219 3310 3413 3378 praefe-

1837 3404 1959 3452 ctus
1988 3395 2227 3451 cadens:
2263 3396 2523 3466 quoniam
2577 3398 2805 3453 sustulit
2838 3414 3031 3453 manus
3077 3416 3263 3455 coram
3306 3401 3412 3456 Do-

1836 3487 2009 3553 mino,
2046 3496 2101 3540 et
2132 3496 2323 3541 contra
2370 3486 2817 3560 Omnipotentem
2868 3492 3139 3545 cervicem
3186 3493 3412 3550 indura-

1836 3579 1935 3632 vit.
1980 3577 2200 3633 Habitet
2240 3579 2492 3634 civitates
2522 3580 2810 3635 desertas:
2849 3582 3190 3650 ingrediatur
3214 3584 3409 3640 domos

1834 3668 2195 3725 inbabitalas.
2245 3668 2379 3735 Qua:
2422 3685 2553 3724 vero
2598 3671 2679 3724 illi
2708 3679 3083 3736 messuerunt,
3122 3673 3214 3725 alii
3256 3674 3408 3729 anfe-

1835 3771 1957 3817 rent
1992 3780 2005 3816 :
2044 3777 2223 3831 neque
2253 3763 2512 3823 diteseat,
2557 3778 2738 3833 neque
2769 3772 3028 3818 maneant
3074 3764 3196 3833 ejus
3227 3765 3406 3820 facul-

1834 3862 1998 3909 tates.
2038 3853 2156 3909 Nnn
2192 3856 2374 3909 mittat
2420 3854 2474 3908 in
2510 3863 2656 3909 terra
2700 3856 2975 3919 umbram,
3009 3874 3189 3927 neque
3232 3858 3407 3929 fugiat

1833 3944 2107 4001 tenebras.
2150 3943 2381 3999 Germen
2412 3944 2532 4013 ejus
2578 3944 2877 3999 tabelaciat
2920 3956 3148 4013 ventus;
3180 3949 3404 4004 decidat

1833 4046 2012 4092 autem
2040 4037 2162 4106 ejus
2207 4038 2324 4092 flos.
2362 4035 2551 4090 lnania
2602 4037 2854 4092 accident
2908 4042 2979 4095 ei.
3032 4039 3234 4097 lncisio
3281 4042 3403 4112 ejus

1832 4140 1960 4184 ante
1985 4137 2202 4199 tempus
2233 4136 2643 4199 corrumpetur,
2685 4139 2740 4185 et
2770 4145 2959 4186 ramus
3006 4132 3127 4202 ejus
3164 4149 3270 4187 non
3311 4134 3401 4189 ﬂe-

1831 4222 1995 4277 rebit.
2036 4220 2408 4277 Vindemietur
2446 4221 2595 4274 velut
2625 4222 2801 4292 prima
2840 4238 2941 4275 uva
2992 4235 3117 4279 ante
3148 4235 3395 4296 tempus:

1830 4315 2050 4370 decidat
2103 4324 2289 4369 autem
2342 4315 2487 4369 sicut
2515 4312 2615 4368 flos
2646 4314 2825 4370 olivae.
2867 4314 3268 4371 Testimonium
3297 4333 3398 4373 au-

1831 4415 1940 4464 tem
1984 4408 2158 4478 impii,
2206 4422 2376 4463 mors.
2406 4407 2470 4461 In
2514 4418 2707 4462 ventre
2749 4408 2932 4478 capiet
2974 4409 3220 4465 dolores.
3259 4409 3401 4466 Eve-

1757 4512 1803 4569 ι)
1832 4500 1987 4554 nient
2041 4498 2091 4554 ei
2141 4514 2281 4554 vana
2314 4516 2330 4554 :
2363 4505 2554 4553 venter
2592 4505 2780 4553 autem
2825 4499 2944 4568 ejus
2968 4498 3265 4555 sustinebit
3304 4500 3403 4555 do-

1922 4632 1935 4645 .
1969 4611 1988 4644 ι

1828 4592 2001 4738 losJob
2063 4699 2221 4748 xvm,
2262 4682 2411 4738 6-21.
2442 4711 2515 4724 -—-
2540 4703 2558 4735 ι
2597 4681 2811 4739 Lumen
2853 4681 3147 4754 impiorum
3195 4687 3403 4741 exstin-

1828 4787 2046 4850 guetur,
2078 4788 2133 4833 et
2160 4793 2272 4833 non
2327 4778 2544 4833 eveniet
2583 4792 2776 4834 eorum
2833 4776 3074 4833 ﬂamma.
3114 4776 3401 4835 Venentur

1828 4865 2043 4920 minimi
2093 4863 2389 4919 facultates
2426 4878 2642 4918 eorum.
2692 4861 3024 4917 lmmittatur
3059 4878 3155 4933 pes
3185 4864 3306 4933 ejus
3345 4868 3398 4920 in

1828 4958 2047 5028 laqueo,
2111 4965 2166 5012 et
2197 4961 2314 5011 reﬂ:
2368 4954 2710 5009 involvatur.
2770 4953 3007 5009 Veniant
3054 4970 3221 5025 super
3272 4973 3412 5011 eum.

1828 5047 2028 5118 laquei.
2084 5046 2263 5102 Ruina
2304 5056 2486 5101 autem
2530 5046 2581 5101 ei
2624 5056 2928 5116 praeparata
2978 5055 3062 5101 est
3115 5046 3396 5102 immanis.

1826 5139 2094 5195 Comedet
2132 5139 2367 5209 pulchra
2393 5136 2514 5207 ejus
2546 5152 2696 5192 mors
2725 5153 2738 5189 :
2771 5137 3156 5206 dispergentur
3196 5138 3395 5190 decen-

1826 5236 1903 5286 tia
1934 5231 2053 5300 ejus
2082 5232 2136 5285 in
2168 5232 2458 5300 sulphure.
2490 5229 2756 5284 Denrsum
2802 5228 3014 5282 radices
3062 5228 3183 5296 ejus
3220 5228 3395 5282 sicca-

1828 5326 2054 5388 buntur,
2090 5332 2145 5379 et
2181 5339 2400 5378 sursum
2444 5332 2669 5377 corruet
2718 5322 2917 5375 messis
2953 5320 3096 5388 ejus.
3131 5319 3393 5374 Memoria
3418 5359 3437 5375 .

1824 5420 1946 5487 ejus
1985 5417 2055 5472 dc
2097 5430 2237 5473 terra
2276 5426 2481 5488 pereat.
2536 5416 2779 5486 Expellat
2810 5430 2934 5470 eum
2970 5416 3038 5469 de
3073 5417 3190 5468 luce
3222 5414 3278 5467 in
3311 5424 3392 5467 te-

1824 5510 2049 5565 nebras.
2083 5507 2200 5564 Non
2234 5510 2341 5565 erit
2374 5510 2586 5564 salvata
2623 5508 2677 5562 in
2710 5507 2936 5578 regione
2964 5519 3085 5576 quae
3121 5504 3226 5559 sub
3251 5504 3392 5558 crelo

1823 5607 1931 5663 est,
1964 5599 2163 5655 domus
2193 5600 2348 5671 ejus;
2381 5598 2476 5655 sed
2506 5601 2562 5654 in
2593 5598 2761 5655 rebus
2794 5597 2914 5667 ejus
2943 5596 3125 5650 vivent
3155 5594 3269 5649 alii.
3299 5592 3392 5649 lla:

1823 5699 1953 5747 sunt
1997 5692 2193 5749 domus
2252 5692 2582 5765 injustorum
2627 5711 2640 5749 :
2682 5691 2770 5748 bic
2814 5691 2967 5748 locus
3018 5687 3389 5760 ignorantium

1824 5782 2143 5840 Dominum.
2180 5805 2196 5837 ι
