4024 6436
580 366 711 431 1191

1721 367 1784 426 S.
1824 364 2143 427 JOANNIS
2180 362 2607 429 DAMASCENI

3700 365 3825 432 119⁸2

648 481 800 536 Psat.
852 497 903 533 v.
937 480 1024 534 ll.
1068 509 1131 521 —
1175 497 1193 530 ι
1223 478 1416 534 Judica
1447 477 1594 544 illos,
1625 477 1790 533 Deus.
1825 476 2088 531 Decidant
2124 489 2155 528 a

2332 495 2353 530 ι
2387 478 2588 550 Κρῖνον
2611 479 2811 545 αὐτοὺς
2835 479 2865 533 6
2885 478 3020 543 Θεός
3051 495 3067 512 ο
3118 480 3557 534 ἀποπεσάτωσιν
3594 480 3705 534 ἀπὸ
3726 482 3825 536 vim

576 573 1016 645 cogitationibus
1046 574 1187 628 suis.
1220 592 1241 625 ι

650 662 802 720 Paul.
839 679 914 724 vi.
951 664 1036 717 10.
1062 693 1133 704 —
1160 682 1179 714 ι
1213 661 1633 718 Confundantur
1658 670 1717 718 et
1752 661 2158 717 contui-bentur

578 770 776 811 omnes
815 756 1023 811 inimici
1065 756 1191 811 mei.
1236 775 1256 809 ι

650 848 803 905 Paul.
850 866 1041 914 usus,
1088 849 1175 904 15.
1210 874 1283 890 --
1309 866 1328 900 ι
1377 846 1801 902 Confundantur
1838 856 1892 905 et
1924 862 2158 903 conver-

580 948 782 1027 tantur
815 944 907 1013 qui
941 949 1194 1013 qua-runt
1229 942 1466 995 anitnam
1501 957 1701 996 meam.
1738 960 1759 993 ι

649 1035 807 1105 351,
855 1033 1002 1089 Ρεαι.
1042 1049 1198 1095 Lvm.
1248 1033 1435 1099 9,12.
1485 1060 1558 1073 --
1606 1051 1626 1084 ι
1664 1030 1783 1087 Non
1830 1032 2153 1088 miserearis

2256 571 2578 627 διαὼυλιῶν
2612 571 2815 628 αὐτῶν.
2845 591 2865 625 ι

2323 679 2343 713 ι
2373 661 2805 735 Αἰσχυνθείησαν
2837 704 2853 728 ,
2897 664 2989 718 καὶ
3043 663 3451 737 ταραχθείησαν
3521 666 3730 732 πάντες
3783 670 3826 721 cl

2256 752 2440 826 ἐχθροί
2477 772 2600 825 μου.
2638 775 2658 808 ι

2334 865 2354 898 ι
2389 848 2845 921 Δίσχυνθείησαν,
2883 849 2980 904 καὶ
3032 850 3432 924 έντραπείησαν
3474 852 3527 907 οί
3547 851 3825 924 ζητοῦντες

2255 938 2356 1010 τὴν
2378 940 2557 1012 ψυχήν
2577 959 2705 1012 μου.
2739 962 2760 996 ι

2335 1046 2355 1082 ι
2390 1031 2479 1102 Μὴ
2507 1031 2872 1104 οἶκτειρήσεις
2902 1033 3109 1099 πάντας
3145 1035 3273 1100 τοὺς
3302 1034 3714 1107 ἐργαζομένους
3742 1038 3829 1089 τὶν

580 1131 837 1183 omnibus
880 1128 976 1199 qui
1025 1136 1333 1198 operantur
1390 1126 1766 1196 iniquitatem.
1805 1127 1949 1183 Deus
2000 1142 2157 1182 meus

2284 1122 2510 1192 ινομίαν.
2556 1124 2614 1177 Ὃ
2643 1125 2778 1190 Θεός
2811 1143 2912 1197 μου
2937 1125 3099 1193 δείξει
3126 1144 3218 1199 μοι
3244 1130 3302 1182 έν
3328 1131 3441 1193 τοῖς
3465 1130 3693 1201 ἐχθροῖς
3718 1144 3824 1200 μαψ

580 1220 839 1275 ostemlet
869 1221 1000 1273 mihi
1034 1235 1202 1289 super
1237 1220 1497 1276 inimicos
1529 1235 1682 1274 meos
1716 1238 1730 1275 :
1763 1235 1830 1275 ne
1862 1220 2106 1274 occidas.
2134 1237 2152 1268 ι

653 1312 808 1367 Ρεαί.
847 1326 1034 1375 uvttt,
1058 1312 1149 1366 22.
1186 1344 1256 1354 —
1293 1329 1313 1365 ι
1346 1311 1470 1367 Fiat
1514 1327 1704 1369 mensa
1734 1329 1926 1368 eorum
1969 1326 2154 1367 coram

581 1402 716 1473 ipsis
752 1407 808 1456 in
836 1404 1120 1472 laqueum.
1162 1422 1181 1456 ι

650 1494 807 1549 ΡιαΙ.
847 1510 1076 1561 Lxxvm,
1105 1495 1157 1551 6.
1192 1526 1260 1538 —
1307 1513 1326 1548 ι
1364 1495 1601 1551 Eﬂ‘unde
1658 1512 1827 1567 super
1875 1512 1971 1553 eos
2020 1495 2158 1551 iram

579 1598 733 1644 tuam
763 1604 779 1653 ;
814 1590 868 1643 iu
912 1599 1106 1659 gentes
1143 1593 1235 1661 qui
1271 1600 1324 1647 te
1355 1608 1464 1647 non
1504 1600 1796 1647 noverunt.
1834 1609 1854 1644 ι

653 1678 810 1734 Psal.
843 1695 1054 1745 Luxu,
1084 1683 1283 1744 15.17.
1321 1711 1392 1723 —-
1426 1701 1444 1735 ι
1486 1684 1629 1739 Dens
1658 1699 1835 1747 meus,
1863 1699 2005 1755 pone
2032 1685 2160 1740 illos

580 1784 642 1828 ut
676 1784 879 1836 rutam.
913 1777 1054 1830 sicut
1086 1776 1350 1848 stipulam
1386 1787 1512 1832 aute
1553 1776 1750 1832 faciem
1781 1778 1949 1832 venti.
1993 1776 2162 1848 Imple

580 1865 754 1920 [acies
784 1881 973 1921 eorum
1003 1868 1329 1937 ignominia,
1366 1876 1421 1923 et
1453 1881 1721 1938 quaerant.
1762 1885 1781 1921 ι

650 1959 805 2016 Psal.
864 1974 1020 2023 cvm,
1069 1962 1156 2023 l7,
1189 1961 1281 2016 9.9.
1306 1992 1379 2003 --
1418 1980 1437 2011 ι
1471 1960 1660 2016 Noluit
1698 1963 2160 2031 benedictionem,

582 2061 637 2106 et
653 2052 1002 2122 elongabitur
1020 2054 1089 2108 ab
1111 2069 1200 2109 eo.
1225 2052 1536 2109 induantur
1556 2054 1652 2126 qui
1683 2055 1986 2110 detrahunt
2005 2058 2162 2122 milii,

582 2142 817 2213 pudore.
848 2163 867 2197 ι

657 2234 810 2290 Psal.
844 2252 899 2299 χ,
928 2237 1014 2294 15.
1049 2265 1115 2281 -ε
1146 2254 1167 2291 ι
1210 2238 1446 2296 Contere
1474 2238 1760 2297 brachium
1788 2246 2093 2314 peccatoris
2113 2253 2168 2302 et

594 2329 843 2399 maligni.
876 2348 896 2382 ›

659 2422 815 2476 Ρεαι.
848 2437 996 2484 xxiv.
1028 2420 1084 2479 3.
1110 2453 1181 2464 —
1217 2441 1235 2477 ι
1262 2422 1697 2480 Confundantur
1740 2441 1934 2484 omnes
1980 2427 2171 2501 inique

588 2526 817 2584 agentes
848 2530 1217 2586 supervacue.
1261 2537 1280 2569 ι

653 2603 785 2661 Osee
829 2622 904 2671 ιχ,
956 2606 1043 2661 Η.
1076 2637 1145 2647 -
1176 2626 1195 2660 ι
1228 2608 1305 2663 Da
1343 2610 1450 2675 eis,
1494 2608 1747 2677 Domine,
1797 2612 2014 2668 vulvam
2048 2612 2170 2668 sine

587 2698 807 2762 liberis,
829 2711 884 2755 et
916 2700 1088 2755 ubera
1117 2701 1352 2756 arentia.
1383 2722 1402 2755 ι

660 2791 775 2847 Isa.
811 2807 894 2855 ιιι,
930 2792 1023 2847 2i.
1053 2823 1124 2833 —
1163 2811 1181 2844 ι
1217 2794 1285 2849 Ει
1329 2796 1436 2851 erit
1476 2796 1640 2852 vobis
1674 2810 1777 2867 pro
1805 2797 1960 2851 suavi
2003 2796 2172 2853 odore

590 2886 775 2940 fetor:
808 2892 865 2940 et
910 2901 1008 2956 pro
1056 2901 1195 2940 zona
1238 2889 1367 2945 lune
1428 2889 1672 2958 cingeris
1709 2904 1725 2943 :
1756 2896 1810 2942 et
1845 2905 1944 2958 pro
1974 2898 2171 2943 ornatu

589 2978 791 3049 capitis
823 2994 1014 3047 aureo,
1050 2980 1338 3035 calvitium
1370 2990 1596 3051 promer
1625 2997 1793 3053 opera
1823 2989 1915 3035 tua
1952 2998 1967 3035 :
1998 2991 2050 3036 et
2076 2996 2173 3050 pro

593 3072 784 3125 tunica
813 3072 1026 3126 clavata
1058 3088 1328 3144 purpura,
1365 3075 1625 3144 acciuges
1653 3090 1903 3129 saccum.
1939 3073 2005 3128 Et
2028 3076 2173 3131 lilius

592 3172 727 3219 tuus
761 3164 1193 3232 pulcherrimus,
1226 3182 1388 3236 quem
1430 3165 1639 3237 diligis,
1692 3165 1878 3238 gladio
1915 3167 2090 3233 cadet,
2120 3179 2174 3223 et

2263 1215 2339 1288 μὴ
2362 1216 2714 1289 ἀποκτείνῃς.
2746 1237 2765 1270 ι

2336 1325 2355 1359 ι
2388 1307 2731 1380 Γενηθήτωή
2767 1309 3019 1381 τράπεζα
3047 1309 3226 1365 αὐτῶν
3264 1310 3501 1367 ἐνώπιον
3544 1313 3729 1366 αὐτῶν
3762 1316 3825 1378 εἰς

2261 1400 2489 1469 παγίδα.
2528 1420 2548 1454 ι

2338 1510 2357 1545 ι
2398 1493 2624 1562 Ἐκχεον
2656 1495 2742 1548 ἐπ’
2770 1493 2969 1560 αὐτοὺς
3006 1493 3107 1567 τὴν
3133 1494 3302 1568 ὀργήν
3326 1513 3443 1563 σου,
3471 1497 3569 1549 ἐπὶ
3616 1498 3692 1551 τὰ
3722 1498 3825 1569 ἔθνη

2265 1586 2341 1658 μὴ
2371 1584 2710 1655 γινώσκοντά
2739 1603 2820 1642 σε.
2858 1605 2878 1639 ι

2341 1694 2359 1730 t
2406 1678 2465 1730 '0
2495 1677 2625 1740 Θεός
2651 1695 2777 1747 μου,
2818 1675 2911 1731 Θοῦ
2944 1677 3144 1743 αὐτοὺς
3169 1680 3246 1745 ὡς
3294 1683 3491 1753 τροχὸν
3510 1724 3527 1747 ,
3572 1680 3653 1744 ὡς
3682 1680 3825 1734 ulti.

2267 1787 2374 1841 μην
2400 1770 2542 1824 κατὰ
2562 1771 2852 1839 πρόσωπον
2876 1772 3100 1841 ἀνέμου.
3133 1772 3429 1844 Πλήρωσον
3458 1773 3532 1828 τὰ
3573 1776 3827 1845 πρόσωπα

2191 1857 2234 1913 Β
2262 1862 2447 1915 αὐτῶν
2469 1862 2712 1931 ἀτιμίας,
2747 1863 2842 1917 καὶ
2868 1862 3215 1933 ζητήσουσιν.
3250 1883 3270 1918 ι

2339 1972 2359 2007 ι
2395 1955 2509 2007 Οὐκ
2567 1953 2834 2026 ἠθέλησεν
2891 1956 3173 2026 εὐλογίαν,
3243 1958 3336 2011 καὶ
3391 1957 3821 2029 μακρυνθήσεται

2262 2046 2357 2101 ἀπ’
2387 2045 2575 2101 αὐτοῦ.
2625 2047 3067 2104 Ἐνδυσάσοωσαν
3087 2050 3138 2102 οἱ
3179 2049 3625 2114 ὲνδιαὸάλλοντές
3668 2068 3730 2121 με
3756 2054 3825 2103 iv-

2263 2143 2497 2214 τροπήν.
2540 2160 2561 2193 ι

2286 2296 2304 2306 κ
2341 2254 2360 2289 ι
2398 2236 2698 2309 Σύντριψον
2721 2237 2814 2292 τὸν
2852 2236 3111 2309 βραχίονα
3139 2237 3233 2291 τοῦ
3259 2236 3593 2310 ἀμαρτωλοῦ
3632 2238 3718 2292 καὶ
3743 2254 3819 2290 πο-

2266 2331 2454 2402 νηροῦ.
2492 2349 2511 2383 ι

2346 2443 2364 2477 ι
2402 2422 2864 2495 Αἰσχυνθήτωσαν
2893 2425 2940 2478 οἱ
2972 2422 3301 2496 ἁνομοῦντες
3328 2424 3418 2479 διὰ
3450 2425 3643 2495 κενῆς.
3684 2444 3702 2475 ι

2346 2623 2365 2656 ι
2406 2604 2505 2667 Δὸς
2530 2602 2735 2667 αὐτοῖς,
2770 2599 2966 2672 Κύριε,
2992 2600 3206 2672 μήτραν
3236 2598 3595 2664 ἀτεκνοῦσαν,
3629 2600 3719 2653 καὶ
3742 2618 3824 2671 μαι

2271 2696 2429 2759 στοὺς
2459 2694 2675 2766 ξηροὺς.
2716 2712 2735 2745 ι

2347 2807 2366 2842 ι
2408 2790 2603 2842 Ἔσται
2637 2789 2765 2859 ὑμῖν
2798 2785 2920 2841 ἀντὶ
2965 2784 3143 2857 ὀσμῆς
3191 2783 3376 2855 ἡδείας
3415 2784 3716 2856 κονιορτὸς,
3748 2784 3830 2837 καὶ

2272 2881 2394 2936 ἀντὶ
2423 2878 2600 2951 ζώνης
2632 2877 2850 2949 σχοινίῳ
2885 2876 3057 2947 ζώσῃ,
3092 2876 3188 2930 καὶ
3222 2875 3343 2930 ἀντὶ
3391 2876 3601 2945 κόσμου
3626 2875 3723 2945 τῆς
3752 2893 3831 2927 κε-

2274 2972 2450 3044 φαλῆς
2477 2969 2573 3024 τοῦ
2615 2968 2863 3041 χρυσίου,
2906 2967 3255 3038 φαλάκρωμα
3304 2965 3445 3031 ἕξεις
3478 2966 3567 3019 διὰ
3600 2966 3670 3018 τά
3714 2964 3834 3034 ἔργα

2276 3082 2391 3128 σου,
2433 3066 2527 3119 καὶ
2555 3064 2675 3118 ἀντὶ
2708 3063 2934 3133 χιτῶνος
2962 3060 3384 3133 μεσοπορφύρου
3409 3076 3473 3112 πε
3485 3058 3690 3129 ριξὼσῃ
3719 3059 3836 3111 σάκ-

2276 3178 2392 3214 κον.
2431 3159 2539 3212 Καὶ
2567 3159 2595 3210 6
2624 3157 2735 3219 υἱός
2761 3173 2854 3209 σου
2878 3158 2906 3209 6
2937 3154 3243 3218 κάλλιστος,
3277 3154 3337 3209 ὂν
3371 3153 3613 3223 ἀγαπᾷς,
3653 3150 3836 3221 μαχαί-

594 3256 765 3310 l'ortes
800 3258 968 3310 vestri
1013 3255 1199 3327 gladio
1237 3225 1514 3327 peribunt.
1662 3225 1996 3329 relinqueris
2029 3260 2171 3327 sola,

2284 3268 2349 3325 ρᾳ
2378 3252 2646 3313 πεσεῖται,
2684 3247 2777 3301 καὶ
2805 3248 2854 3300 οἱ
2879 3246 3152 3316 ἰσχύοντες
3173 3247 3205 3316 ἡ
3216 3245 3330 3315 μῶν
3354 3245 3602 3316 μαχαίρᾳ
3628 3241 3836 3295 πεσοῦν-

593 3352 650 3399 ct
685 3345 741 3400 in
770 3354 970 3403 lcrratn
1000 3349 1394 3419 prosterneris.
1428 3366 1447 3401 ι

668 3523 699 3581 1
731 3524 874 3583 Tim.
902 3541 976 3590 tv,
1010 3526 1098 3581 14.
1124 3556 1195 3567 -
1219 3543 1240 3578 ι
1269 3523 1580 3581 Alexander
1601 3527 1835 3583 aerarius
1866 3529 2039 3584 multa
2063 3545 2179 3584 ma-

597 3620 650 3674 la
685 3620 819 3674 milii
879 3619 1139 3675 ostendit.
1188 3618 1399 3675 Reddet
1439 3619 1519 3674 illi
1564 3619 1833 3677 Dominus
1870 3623 2176 3678 secundum

597 3725 764 3781 opera
797 3725 923 3765 sua.
963 3727 983 3761 ι

635 3820 772 3877 ΤΙΤ.
809 3818 974 3876 XVII.
1017 3819 1189 3895 -τ-λυε
1230 3822 1295 3876 iis
1338 3822 1454 3895 qui
1477 3822 1683 3891 injuria
1720 3824 2021 3895 aﬂiciuntur
2044 3842 2063 3881 :
2092 3834 2144 3880 et

914 3891 1055 3963 quod
1087 3892 1215 3959 ipsis
1245 3891 1395 3958 opem
1427 3893 1567 3961 ferre
1605 3891 1863 3965 oport'éat.

674 3984 930 4044 51011.".
952 3984 1039 4038 ll.
1062 4013 1128 4025 -
1152 4003 1171 4037 ι
1198 3983 1254 4038 In
1288 3985 1487 4041 diebus
1513 3986 1644 4049 illis.
1671 4003 1795 4041 cum
1838 3988 2063 4055 grandis
2089 4003 2183 4043 es-

604 4086 691 4134 set
726 4077 907 4132 factus
937 4075 1177 4149 Moyses,
1211 4078 1386 4132 exivit
1416 4079 1483 4132 ad
1516 4079 1715 4136 fratres
1746 4095 1880 4135 suos
1914 4080 2057 4135 ﬁlios
2103 4080 2182 4135 ls-

601 4169 740 4226 rael.
793 4168 1172 4224 Considerans
1213 4178 1399 4224 autem
1461 4171 1704 4225 laborem
1766 4187 1982 4236 eorum,
2033 4172 2182 4227 videt

605 4262 881 4317 hominem
933 4260 1251 4332 Aigyptium
1294 4264 1678 4316 verberantem
1740 4263 2031 4332 quemdam
2078 4262 2183 4319 He-

606 4353 813 4407 breum
859 4351 926 4407 de
973 4351 1246 4406 fratribus
1281 4352 1399 4407 suis
1453 4351 1583 4408 ﬁliis
1621 4353 1806 4409 Israel.
1849 4353 2186 4426 Circumspi-

607 4446 768 4501 ciens
800 4453 983 4498 autem
1022 4442 1132 4498 huc
1165 4452 1219 4498 et
1253 4444 1405 4510 illuc,
1437 4446 1708 4500 neminem
1744 4447 1889 4502 videt
1922 4466 1935 4501 :
1968 4458 2021 4504 ct
2056 4465 2185 4520 per-

2276 3362 2365 3399 ται
2390 3384 2405 3408 ,
2436 3343 2531 3397 καὶ
2564 3341 2975 3412 καταλειφθήσῃ
2999 3339 3157 3411 μόνη,
3180 3340 3277 3393 καὶ
3299 3341 3379 3402 εἰς
3405 3338 3506 3409 τὴν
3532 3338 3639 3408 γῆν
3666 3335 3839 3404 ἐδαφι-

2279 3432 2475 3503 σθήσῃ.
2524 3416 2563 3484 ι’

2353 3542 2373 3576 ι
2420 3523 2767 3596 Ἀλέξανδρος
2795 3524 2823 3576 6
2852 3522 3090 3595 χαλκεὺς
3124 3521 3297 3576 πολλὰ
3347 3538 3437 3592 μοι
3478 3518 3628 3574 κακὰ
3663 3518 3840 3573 ένεδείυ

2277 3616 2428 3684 ξατο.
2478 3615 2774 3669 Ἀποδώσει
2804 3615 2953 3688 αὐτῷ
2990 3617 3019 3670 ὁ
3055 3615 3261 3685 Κύριος
3280 3613 3423 3668 κατά
3445 3612 3581 3684 ἔργα
3606 3610 3786 3665 αὐτοῦ.
3822 3631 3837 3662 i

2277 3816 2459 3873 ΤΙΤΔ.
2482 3816 2583 3872 ιε’.
2616 3846 2687 3858 -
2714 3816 2855 3886 Περὶ
2879 3814 3287 3906 ἁδικρυλίένων
3305 3830 3319 3844 '
3348 3812 3439 3868 ὅτι
3472 3811 3590 3882 χρὴ
3608 3812 3844 3880 βοηθεῖν

2960 3903 3184 3950 αυτοις.

2355 4000 2374 4034 ι
2426 3981 2516 4035 Ἐν
2541 3982 2664 4045 ταῖς
2695 3979 2931 4052 ἡμέραις
2973 3978 3214 4042 ἐκείναις
3264 3977 3441 4049 μέγας
3491 3976 3783 4046 γενόμενος
3821 3976 3843 4025 6

2280 4076 2540 4146 Μωῡσῆς,
2565 4074 2753 4145 ἐξῆλθε
2781 4074 2915 4143 πρὸς
2945 4072 3075 4135 τοὺς
3104 4070 3364 4140 ἀδελφοὺς
3382 4067 3551 4123 αὑτοῦ
3565 4069 3694 4131 τοὺς
3714 4068 3842 4127 υἱοὺς

2295 4168 2514 4241 Ἰσραήλ
2538 4182 2552 4196 °
2587 4168 2930 4237 κατανοήσας
2974 4164 3033 4219 δὲ
3062 4164 3151 4218 τὸν
3177 4164 3343 4217 πόνον
3373 4163 3554 4216 αὐτῶν
3574 4201 3589 4224 ,
3631 4162 3730 4231 ὁρᾷ
3758 4160 3842 4212 ἀν·

2285 4260 2503 4333 Θρωπον
2533 4260 2830 4330 Αίγύπτιον
2859 4258 3131 4311 τύπτοντα
3160 4256 3283 4309 τινὰ
3326 4254 3580 4323 Ἐσραῖον
3602 4252 3708 4306 τῶν
3727 4251 3839 4304 tau-

2282 4357 2378 4411 τοῦ
2408 4356 2651 4426 ἀδελφῶν
2673 4354 2781 4409 τῶν
2814 4354 2947 4407 υἱῶν
2984 4352 3221 4424 Ἰσραήλ.
3276 4349 3623 4422 Περιδλέψας
3653 4347 3707 4401 δὲ
3750 4340 3839 4399 ὧδε

2285 4451 2381 4503 καὶ¹
2406 4443 2530 4512 ὧδε,
2573 4448 2672 4518 οὐχ
2702 4448 2803 4518 δρᾷ
2856 4446 3048 4501 οὐδένα
3071 4462 3085 4477 ο
3141 4445 3237 4499 καὶ
3269 4444 3517 4508 πατάξας
3551 4443 3642 4495 τὸν
3690 4438 3836 4506 Δξγύο

606 4536 825 4589 cutiens
849 4530 1192 4603 Egyptium,
1219 4533 1512 4589 abscondit
1535 4551 1660 4590 eum
1696 4536 1749 4591 in
1768 4551 1957 4592 arena.
1984 4537 2179 4594 Exiens

2290 4560 2465 4607 πτιον,
2497 4542 2735 4612 ἔκρυψεν
2759 4540 2920 4594 αὐτὸν
2952 4542 3010 4593 ὲν
3049 4543 3116 4610 τῇ
3165 4540 3356 4611 ἄμμῳ.
3418 4535 3681 4603 tamen
3708 4534 3759 4587 δὲ

609 4636 797 4681 autem
850 4625 939 4679 die
989 4626 1256 4692 secundo,
1314 4626 1463 4682 videt
1528 4628 1665 4683 duos
1729 4630 1883 4685 viros
1936 4630 2190 4689 Hebraeos

610 4720 879 4782 rixantes,
903 4729 958 4773 et
989 4716 1131 4772 dixit
1159 4719 1208 4774 ei
1243 4719 1341 4790 qui
1381 4719 1624 4777 faciebat
1665 4722 1924 4793 iniuriam
1959 4740 1972 4777 :
2010 4724 2189 4790 Quare

611 4820 673 4866 tu
700 4812 961 4867 verberas
991 4812 1356 4882 proximum?
1384 4813 1455 4869 At
1488 4814 1579 4870 ille
1600 4813 1740 4869 dixit
1774 4832 1788 4871 ι
1825 4815 1962 4881 Quis
1989 4825 2043 4871 te
2068 4831 2192 4870 con-

614 4902 795 4958 stituit
842 4901 1149 4973 principem
1196 4914 1251 4961 et
1291 4904 1537 4975 iudicem
1575 4921 1743 4977 super
1779 4907 1921 4960 nos?
1963 4905 2100 4961 Num
2134 4918 2191 4962 tu

614 4994 700 5049 vis
760 5010 845 5049 me
909 4996 1188 5062 occidere,
1251 4997 1712 5068 quemadmodum
1767 4998 2023 5053 occidisti
2072 4999 2193 5055 beri

618 5084 973 5159 Egyptium?
999 5086 1207 5143 Timuit
1236 5100 1421 5145 autem
1458 5090 1697 5161 Moyses.
1723 5097 1781 5143 et
1815 5087 1957 5143 dixit
1989 5107 2004 5144 :
2033 5089 2090 5146 Si
2112 5093 2197 5150 sic

618 5180 973 5236 manifestum
1008 5179 1211 5235 factum
1239 5191 1324 5235 est
1352 5182 1575 5235 verbum
1605 5178 1751 5234 hoc?
1790 5197 1811 5232 ι

690 5270 795 5327 Job
858 5287 1011 5333 uix.
1044 5271 1135 5337 l2,
1171 5271 1259 5326 l7.
1296 5301 1367 5311 —
1401 5288 1421 5323 ι
1460 5270 1713 5326 Liberavi
1768 5258 2067 5342 pauperem
2125 5269 2196 5328 de

619 5380 789 5418 manu
845 5364 1111 5434 potentis.
1163 5362 1410 5418 Contrivi
1466 5362 1647 5419 molas
1703 5363 2019 5435 iniquorum
2076 5364 2196 5422 :de

622 5456 825 5511 mediis
855 5464 1039 5513 autem
1069 5456 1330 5511 dentibus
1362 5469 1554 5510 eorum
1585 5455 1827 5526 praedam
1864 5457 2059 5511 evulsi.
2096 5475 2117 5510 ι

694 5546 859 5603 Prov.
892 5564 1042 5611 uiv,
1078 5549 1168 5605 ll.
1205 5578 1276 5589 --
1312 5565 1331 5599 ι
1368 5546 1514 5603 Erue
1560 5561 1659 5603 eos
1691 5548 1784 5619 qui
1814 5547 2095 5603 ducuntur
2128 5549 2198 5605 ad

625 5650 887 5706 mortem,
925 5650 981 5697 et
1009 5641 1187 5697 libera
1225 5656 1321 5697 eos
1352 5641 1445 5711 qui
1489 5640 1901 5696 interﬁciuntur
1930 5660 1942 5696 :
1973 5655 2039 5694 ne
2068 5656 2198 5712 par-

628 5748 745 5791 cas.
798 5734 957 5801 Quod
1006 5735 1054 5791 si
1100 5734 1333 5801 dixeris,
1366 5733 1487 5790 Non
1524 5733 1651 5789 novi
1694 5748 1844 5799 eum,
1888 5732 2030 5789 scito
2052 5731 2201 5804 quod

630 5826 898 5883 Dominus
927 5825 1095 5883 corda
1125 5827 1370 5884 omnium
1394 5828 1706 5902 cognoscit,
1732 5828 1827 5900 qui
1855 5825 2039 5883 reddit
2077 5828 2197 5889 uni,

636 5923 1014 5996 cuiqucjuxta
1050 5938 1216 5993 opera
1247 5939 1367 5980 sua.
1406 5944 1423 5977 ι

2288 4636 2477 4707 ἡμέρᾳ
2511 4638 2577 4707 τῇ
2606 4634 2856 4707 δευτέρᾳ,
2902 4635 3003 4706 ὁρᾷ
3032 4634 3128 4687 δύο
3160 4633 3356 4703 ἄνδρας
3399 4626 3836 4701 διαπληκτιζομέ-

2290 4745 2435 4793 νους,
2469 4728 2561 4781 καὶ
2582 4728 2730 4796 λέγει
2753 4727 2831 4797 τῷ
2850 4726 3154 4779 ἀδικοῦντι·
3172 4728 3272 4779 Διά
3297 4726 3348 4778 τί
3365 4725 3592 4787 τύπτεις
3609 4723 3698 4775 τὸν
3721 4720 3836 4789 πλη-

2292 4817 2441 4884 σίον;
2486 4814 2544 4870 Ὁ
2572 4816 2629 4870 δὲ
2662 4811 2783 4869 εἷπε
2806 4832 2820 4846 '
2850 4816 2945 4879 Τίς
2972 4832 3032 4867 σε
3062 4815 3363 4885 καθέστησε
3388 4815 3626 4885 ἄρχοντα
3654 4813 3742 4865 καὶ
3771 4809 3834 4861 δι·

2293 4906 2500 4978 καστὴν
2548 4907 2633 4975 ἐφ’
2684 4907 2869 4976 quis;
2905 4906 2975 4958 Ἢ
3006 4905 3217 4959 ἀνελεῖν
3255 4922 3323 4975 με
3357 4905 3553 4965 θέλεις,
3579 4904 3634 4955 ὃν
3663 4901 3835 4973 τρόπον

2293 5002 2503 5065 ἀνεῖλες
2545 5002 2673 5073 χθὲς
2698 5004 2788 5057 τὸν
2824 5001 3160 5070 Αίγύπτιον;
3212 4999 3455 5073 ἐφοϐήθη
3504 5000 3563 5053 δὲ
3604 4996 3834 5064 Μωῦσῆς.

2296 5098 2392 5151 καὶ
2441 5090 2596 5150 εἷπεν
2626 5111 2641 5126 ·
2691 5094 2755 5151 El
2812 5094 2989 5159 οὕτως
3047 5092 3292 5165 ἐμφανὲς
3361 5091 3557 5161 γέγονε
3611 5089 3673 5143 τδ
3710 5088 3834 5159 diu:

2294 5186 2453 5242 τοῦτο
2472 5204 2488 5254 ;
2518 5206 2537 5240 ι

2370 5300 2391 5334 ι
2428 5283 2675 5337 Διέσωσα
2700 5281 2917 5351 πτωχὸν
2944 5282 3008 5335 ὲκ
3040 5282 3226 5353 χειρὸς
3249 5282 3532 5336 δυνάστου.
3567 5266 3841 5347 Sui/£19m};

2300 5374 2476 5446 μυλὰς
2510 5376 2734 5438 ἀδίκων,
2758 5374 2825 5431 ὲκ
2857 5375 2912 5431 δὲ
2953 5377 3125 5445 μέσον
3156 5375 3265 5428 τῶν
3294 5374 3524 5427 ὀδόντων
3565 5371 3731 5427 αὐτῶν
3761 5370 3837 5437 Et?

2298 5486 2495 5540 παγμα
2518 5469 2817 5537 ὲξέσπασα.
2858 5489 2878 5523 ι

2378 5582 2397 5615 ι
2445 5562 2636 5616 Ῥὖσαι
2668 5562 3050 5634 ἀπαγομένους
3102 5562 3184 5626 είς
3222 5546 3487 5623 θάνατον,
3520 5560 3614 5613 καὶ⁵
3642 5553 3838 5625 ἐκπριοῦ

2300 5656 2704 5727 κτεινομένους,
2761 5656 2837 5727 μὴ
2884 5655 3070 5727 φείσῃ.
3118 5654 3244 5709 Ἐὰν
3284 5654 3341 5707 δὲ
3374 5652 3559 5724 εἴπης,
3590 5652 3697 5706 Οὐκ
3742 5643 3838 5701 οἴδα

2300 5747 2509 5813 τοῦτον,
2532 5747 2767 5816 γίνωσκε
2788 5748 2870 5801 ὅτι
2885 5748 3088 5819 Κύριος
3109 5748 3334 5819 καρδίας
3350 5746 3567 5800 πάντων
3586 5742 3834 5813 γινώσκει.

2301 5842 2361 5905 ὃς
2391 5840 2716 5896 ἀποδίδωσιν
2747 5840 2961 5912 ἑκάστῳ
2995 5841 3134 5894 κατά
3162 5845 3226 5893 τὰ
3249 5840 3383 5911 ἔργα
3410 5837 3595 5893 αὐτοῦ.
3633 5855 3651 5889 ι
