4024 6432
149 354 278 421 1193

1384 353 1622 414 SACRA
1652 354 2115 415 PARALLELA.

3231 353 3369 421 1194
3435 298 3441 311 1

211 488 230 520 ι
276 467 550 534 Ὲξιλεσθε
594 466 1004 540 διηρπαγμένον
1062 468 1129 520 ὲκ
1169 465 1349 537 χειρὸς
1387 464 1700 529 ἀδικοῦντος

1869 462 1984 521 Jer.
2012 478 2151 528 xxii,
2178 463 2234 516 ‘5.
2263 485 2334 503 --
2375 480 2394 514 ι
2427 460 2635 532 Eripite
2673 476 2800 516 eum
2842 463 2939 533 qui
2987 462 3269 535 diripitur,
3299 465 3370 521 de

142 556 315 611 αὐτόν.
352 576 373 610 ι

210 666 231 701 ι
285 648 520 703 ’Δδικίαν
564 651 661 703 καὶ
706 648 1078 717 ταλαιπωρίαν
1124 648 1426 717 ἀφέλεσθε*
1468 648 1696 719 ἐξάρατε

142 738 590 794 καταδυναστείαν
621 741 686 793 ἐκ
714 738 806 792 τοῦ
836 738 966 793 λαοῦ
999 755 1122 810 μου,
1156 738 1307 806 λέγει
1336 736 1558 810 Κύριος.
1603 756 1622 788 ι

209 941 227 975 ι
270 921 482 989 Ἐξελοῦ
510 921 866 993 ἀδικούμενον
904 922 969 976 ὲκ
1009 920 1192 993 χειρὸς
1241 919 1555 986 ἀδικοῦντος
1598 921 1698 975 αὐ-

136 1015 249 1069 τόν.
294 1033 314 1067 ι

207 1106 319 1169 Πᾶς
341 1106 369 1159 6
400 1105 576 1159 πλέων
606 1104 771 1174 ἐγγύς
798 1107 918 1160 ἐστι
940 1104 1035 1158 τοῦ
1064 1103 1344 1174 ναυαγίου,
1375 1105 1471 1159 καὶ
1511 1102 1701 1159 τοσού-

135 1214 216 1267 τῳ
241 1197 457 1267 μᾶλλον,
485 1197 595 1267 ὅσῳ
617 1196 975 1268 σφοδρότερον
999 1196 1151 1251 πλέει
1174 1212 1188 1226 ⁸
1222 1197 1318 1251 καὶ
1347 1197 1457 1260 πᾶς
1484 1198 1512 1249 6
1542 1194 1701 1266 σῶμα

136 1276 537 1359 περικείμενος,
585 1288 751 1357 ἐγγύς
808 1290 927 1353 ἐστι
956 1289 1065 1343 τῶν
1090 1288 1185 1343 τοῦ
1212 1288 1465 1358 σώματος
1493 1304 1699 1350 κακων,

134 1381 234 1434 καὶ
252 1380 486 1452 τοσούτῳ
524 1382 724 1451 μᾶλλον
747 1419 764 1444 ,
799 1382 1017 1453 ὅσῳπερ
1046 1381 1113 1434 ἂν
1136 1380 1312 1453 ὀρθῶς
1347 1378 1572 1449 βαδίζει,
1606 1378 1701 1431 καὶ

136 1471 215 1544 μὴ
245 1472 426 1543 βλέπει
454 1472 579 1535 τοὺς
614 1473 721 1543 πρὸ
747 1474 914 1527 αὑτοῦ
938 1472 1249 1543 κειμένους.
1277 1472 1423 1533 Ἕως
1461 1469 1617 1531 πλεῖς
1644 1469 1703 1534 ἐξ

129 1562 339 1634 οὐρίας,
361 1561 438 1634 τῷ
470 1562 798 1633 ναυαγοῦντι
830 1564 917 1627 δὸς
942 1566 1101 1635 χεῖρα
1125 1578 1140 1593 ·
1174 1562 1280 1626 ἕως
1312 1561 1575 1625 εύεκτεῖς,
1607 1559 1705 1612 καὶ

130 1654 405 1719 πλουτεῖς,
430 1653 511 1725 τῷ
538 1655 943 1709 κακοπαθοῦντι
973 1655 1259 1725 βοήθησον.
1290 1652 1381 1723 Μὴ
1410 1652 1705 1723 ἀναμείνῃς

132 1748 229 1800 ἐπὶ
258 1746 479 1802 σεαυτοῦ
512 1747 723 1817 μαθεῖν,
750 1749 873 1801 ὅσον
910 1748 1079 1802 κακόν
1118 1749 1270 1801 ἐστιν
1314 1742 1701 1814 ἀπανθρωπία,

1798 569 1961 609 manu
1991 554 2113 624 ejus
2142 554 2237 625 qui
2265 553 2411 609 laedit
2444 568 2593 608 eum.
2643 571 2662 605 ι

1864 644 2214 708 Ezech.xt.v,
2287 644 2339 699 9.
2389 675 2459 684 —
2513 662 2531 695 ι
2578 644 2925 715 lniquitatem
2983 658 3037 701 et
3092 649 3368 704 miseriam

1798 738 1977 791 tollite
2010 752 2026 793 :
2055 737 2274 793 auferte
2310 738 2730 807 oppressionem
2772 754 2803 793 a
2830 740 3032 809 popqu
3069 758 3212 809 meo,
3237 744 3371 799 dicit

1800 826 2092 882 Dominus.
2124 846 2144 879 ι

1871 918 2037 973 Eccli.
2068 936 2143 981 tv,
2172 920 2229 975 9.’
2251 949 2324 959 ——
2350 940 2368 970 ι
2397 918 2594 974 Libera
2632 936 2781 988 eum,
2812 924 2907 993 qui
2938 923 3199 1001 injuriani
3229 928 3374 996 pati-

1800 1019 1911 1076 tur,
1937 1010 2006 1066 de
2043 1026 2205 1064 manu
2238 1011 2657 1067 calumniantis.
2689 1032 2708 1064 ι
3020 1070 3023 1073 ,

1872 1100 2015 1156 Νατ.
2046 1101 2142 1158 0r.
2176 1102 2353 1157 15.-
2382 1101 2645 1172 Quisquis
2675 1108 2915 1174 navigat,
2941 1105 3227 1177 naufragio
3248 1123 3373 1178 pro-

1801 1194 2046 1265 pinquus
2085 1203 2192 1261 est,
2229 1211 2293 1249 ac
2331 1210 2401 1251 eo
2431 1197 2629 1268 magis,
2666 1212 2778 1268 quo
2822 1199 3042 1268 navigat
3082 1200 3374 1255 vehemen-

1802 1288 1916 1341 tius
1946 1303 1964 1341 :
2001 1287 2279 1351 consimili
2330 1287 2500 1341 modo
2531 1287 2789 1357 quisquis
2830 1303 3061 1358 corpore
3098 1292 3374 1346 convesti-

1803 1391 1890 1436 tus
1929 1391 2039 1445 est,
2077 1383 2328 1451 corporis
2355 1381 2515 1436 malis
2546 1382 2888 1452 pr0pinquus
2912 1392 3016 1447 est,
3052 1398 3227 1453 eoque
3253 1401 3372 1437 ma-

1804 1477 1911 1547 gis,
1941 1489 2054 1545 quo
2077 1474 2285 1529 rectior
2311 1474 2538 1537 incedit,
2565 1491 2665 1529 nec
2690 1491 2785 1531 eos
2812 1476 2905 1546 qui
2934 1485 3061 1531 ante
3086 1479 3373 1546 sejaeent,

1806 1567 2073 1619 intuetur.
2116 1565 2249 1619 Dum
2288 1568 2538 1620 secundo
2559 1576 2722 1620 vento
2757 1569 3005 1636 navigas,
3030 1568 3078 1621 ei
3105 1569 3199 1637 qui
3233 1584 3373 1624 nau-

1808 1656 2228 1727 fraginm352
2280 1656 2431 1723 fecit,
2478 1673 2700 1711 manum
2748 1660 2989 1728 porrige.
3036 1660 3166 1713 Dum
3204 1676 3373 1715 sanus

1806 1761 1892 1811 es,
1925 1754 1980 1798 et
2002 1745 2268 1814 locuples,
2293 1760 2452 1815 opem
2486 1746 2567 1799 fer
2592 1746 2812 1801 alIlicto.
2841 1745 2959 1800 Non
2984 1758 3291 1817 exspectes,
3314 1758 3375 1803 ut

131 1838 231 1890 καὶ
252 1830 360 1891 οἷον
380 1836 578 1907 ἀγαθὸν
604 1838 884 1909 σπλάγχνα
906 1841 1019 1901 τοῖς
1036 1834 1328 1908 χρῄζουσιν
1353 1833 1621 1901 ἀνοιγόμεο

1806 1853 1868 1891 ex
1928 1837 2102 1906 teipso
2151 1836 2358 1903 discas,
2413 1846 2679 1906 quantum
2732 1838 2936 1891 malum
2991 1840 3064 1893 sit
3114 1841 3374 1894 inhuma-

1804 1928 1986 1991 nitas,
2050 1938 2432 1997 quantumque
2506 1929 2734 1993 bonum,
2815 1930 3025 1984 viscera
3087 1932 3374 2001 egentibus

1803 2019 2038 2087 aperire.

1877 2110 2151 2178 Benignos
2189 2124 2314 2162 esse
2346 2118 2563 2178 oportet
2605 2108 2718 2163 illis
2775 2110 2873 2180 qui
2910 2112 2966 2164 in
3005 2112 3376 2165 calamitatem

1799 2201 1913 2269 jam
1968 2201 2307 2267 inciderunt,
2377 2210 2432 2255 et
2490 2201 2931 2257 misericordiam
2989 2202 3376 2258 misericordia

1802 2307 2060 2363 Compara
2070 2307 2145 2347 re.

199 2100 487 2171 Χρηστοὺς
531 2096 669 2152 εἶναι
720 2098 826 2170 χρὴ
874 2099 989 2162 τοῖς
1016 2102 1447 2169 προεμπεσουσι,
1490 2112 1587 2151 και
1621 2097 1701 2166 τῷ

128 2190 271 2261 ἐλέῳ
292 2190 524 2246 κτᾶσθαι
552 2190 645 2245 τὸν
668 2189 837 2245 ἔλεον.

215 2369 305 2422 Ἐν
329 2370 449 2432 ταῖς
476 2367 786 2439 ἀλλοτρίαις
814 2370 1121 2439 συμφοραῖς
1160 2367 1227 2423 τὰ
1256 2369 1431 2422 οἰκεῖα
1464 2365 1523 2423 εὖ
1553 2367 1702 2422 τίθε-

126 2459 261 2512 σθαι
288 2458 416 2529 χρὴ,
442 2458 538 2511 καὶ
582 2457 849 2520 δανείζειν
896 2457 1013 2525 θεῷ
1040 2457 1132 2511 τὸν
1166 2457 1315 2511 ἔλεον
1348 2458 1531 2521 ὲλέους
1567 2460 1700 2530 χρῄ-

122 2552 360 2618 ζοντας,
403 2550 499 2605 καὶ
547 2549 623 2621 μὴ
680 2552 1042 2622 καταφρονεῖν
1073 2550 1376 2623 ἀνθρώπων
1424 2552 1700 2623 ἄνθρωποι

122 2645 308 2709 ὅντες.

1864 2384 1951 2438 Id.
1980 2382 2135 2438 Orat.
2164 2384 2255 2439 20.
2277 2414 2343 2427 -
2376 2383 2434 2438 ln
2458 2384 2655 2440 alienis
2679 2386 3082 2442 calamitatibus
3104 2399 3251 2443 recte
3276 2401 3378 2442 nos

1802 2484 2023 2542 oportet
2050 2476 2261 2530 nostris
2299 2475 2467 2530 rebus
2497 2477 2812 2542 consulere,
2844 2486 2897 2531 et
2923 2476 3034 2532 Deo
3061 2478 3376 2532 misericor-

1803 2568 1949 2622 diam
1991 2566 2261 2629 fenerare,
2299 2581 2421 2619 cum
2457 2566 2563 2636 ipsi
2599 2567 2977 2621 misericordia
3009 2582 3147 2636 opus
3176 2568 3376 2621 habea-

1804 2676 1926 2715 mus
1960 2675 1973 2711 :
2004 2674 2108 2714 nec
2136 2657 2391 2713 homines
2427 2674 2790 2728 aspernemur
2828 2670 2923 2713 aut
2949 2675 3051 2730 pro
3082 2660 3255 2713 nihilo
3282 2660 3379 2712 du-

1802 2767 2016 2816 camus,
2043 2752 2266 2821 quando
2296 2751 2399 2821 ipsi
2434 2752 2684 2808 homines
2719 2767 2936 2807 sumus.

1874 2843 2150 2913 Ejusdem.
2195 2873 2267 2883 —
2313 2844 2514 2900 Casum
2573 2845 2803 2899 alterius
2858 2843 3039 2901 ridere
3088 2845 3224 2903 noli.
3267 2842 3377 2900 Sed

1802 2951 1965 3005 quam
1991 2945 2109 2990 tute
2143 2945 2321 3005 potes,
2366 2937 2581 3005 incede,
2625 2946 2790 3008 atque
2846 2938 2996 2992 butni
3033 2938 3236 3008 jacenti
3270 2951 3379 2990 ma-

1744 3094 1749 3101 .
1803 3043 1932 3081 num
1960 3028 2213 3097 porrige.

197 2836 297 2907 Μὴ
318 2834 552 2908 γελάσης
578 2834 778 2907 πτῶμα
809 2833 903 2887 τοῦ
928 2834 1094 2897 πέλας
1113 2850 1127 2864 ο
1162 2833 1402 2888 διάϐαινε
1440 2835 1495 2887 δὲ
1522 2836 1700 2905 ἀσφα-

121 2932 263 2996 λῶς,
290 2932 387 2981 ὄσ*
419 2947 502 2984 σοι
539 2929 792 3001 δύναμις,
823 2928 960 2985 ἀλλά
1006 2928 1100 2983 καὶ
1130 2928 1273 2982 δίδου
1325 2931 1481 2999 χεῖρα
1527 2929 1701 2999 χαμαὶ

120 3025 396 3093 κειμένῳ.

171 3159 224 3213 Τ
232 3159 368 3213 ΙΤΔ.
406 3157 515 3213 ιιιυ.
545 3184 619 3197 -
650 3154 792 3233 Περὶ
834 3152 1094 3233 ἀγάπης,
1128 3151 1226 3205 καί
1256 3148 1522 3220 εἰρήνης,
1544 3149 1640 3205 καί

1845 3160 1980 3215 ΤΙΤ.
2013 3159 2199 3214 XVIII.
2222 3192 2290 3201 -—
2316 3160 2390 3214 De
2427 3160 2708 3225 clia'ritate,
2743 3169 2791 3214 et
2821 3176 2970 3230 pace,
3002 3168 3052 3214 et
3076 3160 3315 3231 paciﬁcis
3394 3136 3421 3173 ⁸

693 3229 1108 3295 εἰρηνοποιῶν.

1877 3336 2015 3391 Ruth
2056 3354 2095 3401 ι,
2145 3338 2232 3392 I5.
2265 3367 2330 3379 -—-
2361 3355 2381 3387 ι
2414 3335 2560 3390 Dixit
2599 3334 2789 3391 Noemi
2822 3336 2889 3390 ad
2936 3335 3085 3391 Ruth
3119 3354 3135 3392 :
3171 3334 3251 3390 En
3288 3352 3375 3389 re-

1803 3446 1967 3485 versa
2018 3437 2103 3485 est
2148 3429 2297 3484 socia
2328 3438 2421 3482 tua
2461 3428 2527 3481 ad
2568 3429 2831 3498 populum
2869 3439 3023 3483 tuum
3057 3440 3109 3483 et
3142 3428 3209 3483 ad
3243 3430 3379 3484 deos

1804 3539 1957 3578 suos.
1985 3522 2285 3577 Revertere
2318 3530 2376 3575 tu
2424 3536 2666 3592 quoque.
2688 3522 2831 3576 Ruth
2867 3537 2999 3577 vero
3029 3522 3170 3577 dixit
3211 3540 3224 3576 :
3266 3522 3378 3577 Nec

1805 3628 2070 3669 occurras
2102 3612 2235 3667 mihi
2266 3620 2326 3666 ut
2356 3613 2663 3682 relinquam
2700 3621 2751 3668 te
2777 3621 2832 3668 et
2860 3614 3075 3667 abeam.
3100 3613 3375 3678 Quoniam

1805 3721 2139 3777 quocunque
2169 3705 2507 3775 perrexeris,
2557 3720 2782 3775 pergam
2821 3725 2834 3760 :
2870 3712 2925 3760 et
2953 3706 3186 3775 populus
3223 3714 3375 3769 tuus,

1806 3799 2043 3870 populus
2076 3812 2254 3863 meus,
2294 3805 2350 3852 et
2381 3795 2693 3861 Deustn'us,
2735 3795 2880 3851 Dens
2907 3811 3083 3850 meus.
3117 3815 3135 3848 ι

1877 3885 1904 3941 1
1943 3886 2069 3958 Reg.
2111 3902 2218 3951 xx,
2266 3886 2354 3939 17.
2389 3913 2459 3926 ——
2494 3903 2513 3935 ι
2556 3883 2621 3937 Et
2658 3882 2870 3938 addidit
2913 3880 3182 3937 Jonatbas
3229 3881 3378 3950 deje-

1805 3994 1933 4035 rare
1966 3979 2159 4045 David,
2192 3992 2259 4033 eo
2288 3976 2437 4048 quod
2477 3976 2735 4047 diligeret
2765 3990 2890 4029 eum
2919 3974 3103 4029 anima
3139 3973 3376 4045 diligen-

1805 4072 1879 4127 tis
1914 4087 1993 4126 se.
2032 4089 2052 4123 ι

1880 4162 1945 4218 II
1981 4161 2104 4235 Reg.
2140 4162 2290 4231 1,26.
2314 4194 2384 4203 —-
2414 4182 2432 4215 ι
2473 4162 2642 4218 Doleo
2678 4175 2845 4232 super
2870 4168 2944 4224 te,
2985 4158 3154 4215 frater
3176 4160 3250 4215 mi
3281 4159 3377 4216 Jo-

1805 4258 1997 4311 natlia.
2023 4255 2321 4327 Speciosus
2349 4256 2485 4310 mihi
2506 4266 2637 4311 “eras
2665 4256 2842 4309 valde.
2876 4252 3236 4309 Admirabilis
3256 4260 3377 4309 erat

1806 4348 1942 4402 mihi
1977 4347 2201 4405 dilectio
2229 4357 2325 4403 tua
2351 4363 2517 4418 super
2537 4362 2782 4402 amorem
2817 4346 3131 4402 mulierum.
3168 4364 3187 4397 ι

1880 4441 2032 4497 Psal.
2063 4457 2259 4506 xxxiii,
2293 4440 2378 4495 14.
2416 4471 2484 4480 -
2518 4458 2539 4492 ι
2568 4440 2791 4509 Inquire
2833 4454 3048 4509 pacein,
3095 4445 3149 4493 et
3190 4453 3377 4509 perse-

1740 4518 1787 4578 D
1814 4549 1981 4605 quere
2013 4548 2159 4588 eam.
2192 4551 2211 4583 ›

1878 4624 2035 4678 Prov.
2078 4640 2176 4690 χιι,
2219 4624 2311 4678 20.
2345 4626 2417 4663 ὲ-
2451 4642 2470 4675 ι
2512 4623 2615 4689 Qui
2665 4623 2814 4692 pacis
2869 4622 3063 4676 ineunt
3114 4622 3374 4688 consilia,

1736 4742 1737 4747 π
1809 4717 2060 4786 sequitur
2090 4732 2187 4771 eos
2223 4716 2510 4785 gaudium.
2546 4733 2566 4766 ι

1882 4804 2040 4857 Prov.
2074 4820 2127 4867 χ,
2156 4804 2244 4868 ii,
2278 4802 2367 4857 12.
2397 4831 2469 4840 —
2495 4819 2513 4849 σ
2539 4802 2743 4855 Umnes
2775 4815 2871 4856 eos
2897 4802 2988 4869 qui
3028 4801 3217 4856 nolunt
3238 4816 3375 4855 con-

1807 4896 2055 4961 tendere,
2090 4898 2273 4967 operit
2323 4882 2588 4950 amicitia.
2628 4892 2733 4960 Qui
2762 4895 2945 4964 arguit
2974 4895 3165 4959 libere,
3189 4892 3378 4964 pacili-

1809 5007 1908 5045 CUS
1934 5000 2036 5044 est.
2071 5008 2090 5042 ι

1880 5080 2037 5135 Prov.
2083 5094 2174 5143 xv,
2218 5077 2309 5133 18.
2339 5106 2411 5121 ——
2435 5095 2454 5129 ι
2486 5075 2583 5131 Vir
2623 5077 2841 5146 patiens
2870 5078 3181 5148 exstingnet
3211 5078 3373 5131 lites:

1815 5171 2021 5241 impius
2049 5185 2143 5225 eas
2169 5169 2352 5239 petitis
2378 5167 2691 5223 suscitabit.
2725 5188 2743 5219 ι

1880 5262 2039 5317 Prov.
2081 5277 2137 5325 Χ,
2190 5260 2279 5315 18.
2341 5291 2410 5301 -
2473 5279 2492 5312 ι
2548 5258 2819 5326 Operinnt
2873 5260 3189 5314 inimicitias
3236 5259 3379 5313 labia

1808 5356 1977 5425 jnsta.
2019 5374 2038 5405 ›

196 5458 222 5492 e
277 5439 575 5509 Κρείσσων
595 5442 783 5512 ψωμὺς
810 5442 930 5512 μεθ’
953 5445 1142 5514 ἡδονῆς
1171 5446 1228 5497 ἐν
1257 5446 1470 5517 εἰρήνῃ,
1506 5446 1538 5519 ἢ
1566 5442 1709 5511 οἶκος

1882 5445 2043 5501 Prov.
2074 5460 2210 5505 xvii.
2248 5443 2299 5497 1.
2336 5474 2406 5482 -
2441 5462 2459 5493 ι
2490 5442 2682 5497 Melior
2709 5444 3062 5515 estimccella
3089 5441 3230 5496 sicca
3254 5456 3377 5492 cum

74 5532 361 5604 πλήρης
403 5531 613 5585 πολλῶν
666 5533 887 5601 ἀγαθῶν
917 5535 1007 5587 καὶ
1035 5535 1234 5589 ἀδίκων
1260 5536 1518 5607 θυμάτων
1572 5540 1711 5608 μετὰ

1811 5537 2009 5608 gaudio
2041 5536 2095 5589 in
2127 5550 2280 5605 pace,
2304 5549 2469 5605 quam
2501 5536 2698 5589 domus
2735 5537 2891 5605 plena
2924 5535 3115 5591 multis
3140 5534 3379 5588 victimis

72 5626 341 5698 μάχηςο
392 5642 414 5675 ι
688 5614 691 5619 ’

1811 5626 1971 5683 bonis
2001 5635 2055 5681 et
2082 5626 2285 5695 iniquis
2307 5625 2652 5697 cumjurgio.
2688 5645 2705 5675 ι

193 5734 216 5768 ι
262 5715 461 5787 Θυμὸν
490 5717 682 5788 ἀνδρὸς
712 5721 941 5789 πραύνει
973 5720 1227 5790 θεράπων
1270 5723 1551 5794 φρόνιμος.
1582 5745 1600 5775 ι

1887 5716 2045 5770 Prov.
2075 5733 2230 5783 xvttt,
2260 5716 2345 5771 14.
2365 5749 2435 5763 .-
2466 5734 2484 5765 ι
2512 5714 2660 5775 Iram
2685 5716 2787 5771 viri
2814 5718 2967 5773 sedat
2992 5716 3229 5771 famulus
3247 5730 3379 5788 pru-

502 5834 507 5843 '
1814 5808 2028 5863 dens.»

428 5896 701 5956 PATROL.
724 5896 837 5958 GR.
890 5897 1054 5957 XCV.
3011 5899 3084 5960 38

202 3361 225 3394 ι
268 3339 401 3395 Εἶπε
429 3341 662 3411 Νοεμεῖν
696 3337 833 3410 πρὸς
867 3336 1019 3389 Ῥούθ
1041 3351 1055 3365 ’
1123 3334 1255 3388 Ἰδοὺ
1294 3334 1621 3405 ἀνέστρεψεν
1668 3333 1702 3403 ἠ

122 3434 449 3504 σύννυμφός
481 3450 575 3485 σου
606 3429 742 3503 πρὸς
763 3428 891 3483 λαὸν
914 3428 1101 3498 αὐτῆς,
1124 3426 1216 3479 καὶ
1242 3426 1378 3498 πρὸς
1400 3427 1525 3488 τοὺς
1550 3424 1705 3489 θεοὺς

118 3527 326 3595 αὐτῆς,
358 3524 723 3596 ὲπιστράφηθι
744 3524 838 3577 καὶ
868 3521 954 3576 σύ.
972 3518 1109 3575 Εἶπε
1132 3520 1188 3574 δὲ
1203 3519 1358 3574 Ῥούθ
1381 3535 1395 3549 ο
1420 3518 1512 3589 Μὴ
1528 3519 1704 3572 ἁπαν-

116 3614 309 3685 τήσῃς
341 3629 431 3682 μοι
453 3611 547 3665 τοῦ
584 3612 904 3666 καταλιπεῖν
927 3627 1009 3675 σε,
1038 3612 1120 3665 ὃτι
1139 3610 1269 3663 ὅπου
1289 3608 1383 3663 ἐὰν
1412 3607 1724 3679 πορευθῇςμ

118 3706 512 3775 πορεύσομαι·
558 3705 657 3759 καὶ⁵
699 3707 728 3759 6
756 3704 885 3769 λαός
914 3721 1031 3770 σου,
1056 3704 1183 3767 λαός
1231 3720 1353 3774 μου,
1398 3703 1494 3757 καὶ
1514 3704 1542 3757 6
1572 3702 1706 3767 Θεός

116 3816 251 3862 σου,
282 3797 417 3859 Θεός
453 3814 573 3866 μου.
615 3816 634 3849 ι
1470 3834 1477 3843 .

202 3909 224 3941 ι
259 3888 565 3960 Προσέθετο
608 3888 865 3943 Ἰωνάθαν
884 3887 1100 3960 ὀμῶσαι
1141 3886 1219 3959 τῷ
1249 3886 1432 3949 Δασὶδ,
1462 3886 1542 3940 ὅτι
1567 3884 1706 3954 ἠγά-

110 3996 309 4051 πησεν
339 3981 376 4050 ἡ
407 3978 554 4051 ψυχὴ
583 3972 904 4048 ἀγαπῶντος
934 3977 1115 4033 αὐτόν.
1156 3996 1176 4030 ι

196 4177 220 4210 ι
278 4157 456 4225 ’Λλγῶ
482 4157 577 4211 ἐπὶ
614 4158 697 4221 σὲ,
721 4156 916 4228 ἀδελφέ
948 4174 1049 4229 μου
1093 4158 1367 4212 ’ῐωνάθαν.
1398 4155 1699 4227 Ὠραιώθης

110 4268 225 4320 μοι
259 4249 501 4323 σφόδρα*
526 4249 923 4323 ἐθαυμαστώθη
939 4253 973 4323 ἠ
991 4251 1267 4322 ἀγάπησις
1292 4267 1385 4303 σου
1416 4250 1539 4320 ἐμοὶ
1559 4249 1704 4318 ὑπὲρ

100 4346 360 4414 ἀγάπης
387 4343 681 4412 γυναικῶν.
721 4362 740 4396 ι

202 4455 225 4490 ι
259 4436 510 4506 Ζήτησον
531 4436 776 4507 εἰρήνην,
802 4436 895 4489 καὶ
912 4434 1101 4500 δίωξον
1128 4435 1317 4506 αὐτήν.
1362 4454 1382 4487 ι

200 4654 223 4688 ι
262 4634 331 4687 Οί
366 4632 680 4704 βουλόμενοι
711 4634 955 4704 εἰρήνην,
987 4630 1471 4701 εὐφρανθήσονται.
1510 4652 1528 4684 ι

200 4832 223 4863 ι
269 4811 493 4874 Πάντας
529 4810 657 4873 τοὺς
688 4810 762 4881 μὴ
786 4809 1227 4880 φιλονεικοῦντας
1260 4810 1490 4879 καλύψει
1523 4810 1705 4880 φιλία·

93 4907 138 4958 ὀ
176 4903 433 4972 ἐλέγχων
456 4903 593 4973 μετά
619 4904 953 4974 παρρησίας,
984 4904 1335 4975 εἰρηνοποιεί.
1371 4923 1389 4955 ι

202 5099 223 5132 ι
264 5079 643 5151 Μακρόθυμος
671 5083 810 5153 ἀνὴρ
833 5082 1159 5138 κατασϐέσει
1180 5084 1390 5156 κρίσεις
1413 5102 1427 5116 ·
1458 5088 1487 5140 6
1505 5086 1561 5140 δὲ
1584 5087 1712 5140 ἀσε-

86 5171 226 5242 ϐὴς
257 5172 453 5240 ἐγερεῖ
476 5171 694 5241 μᾶλλον.
727 5190 746 5222 ι
1228 5184 1231 5187 ‘

197 5279 220 5313 ι
268 5260 663 5315 Καλύπτουσιν
693 5261 891 5333 ἔχθραν
916 5262 1068 5333 χείλη
1094 5264 1300 5319 δίκαια.
1338 5282 1359 5317 ι
