4024 6426
622 370 760 445 1-195

1803 356 1864 418 S.
1903 352 2141 418 JOANN
2149 350 2221 412 IS
2255 347 2681 411 DAMASCENI

3726 338 3851 407 1196

697 492 859 550 Cant.
918 503 1036 547 vtu.
1064 485 1115 539 7.
1147 512 1219 525 —-
1252 499 1273 533 ι
1310 480 1480 550 Aquae
1529 475 1719 531 multae
1764 488 1876 526 non
1925 475 2186 539 poterunt
2217 475 2234 527 Α

2366 482 2385 516 ι
2426 464 2609 535 ’Υδωρ
2639 460 2836 516 πολλὸν
2858 459 2920 513 οὐ
2952 456 3247 528 δυνήσεται
3268 453 3463 509 σϐέσαι
3487 450 3589 525 τὴν
3622 453 3852 525 ἀγάπην,

620 589 842 657 exsting

627 683 800 738 illam.
829 697 854 731 ι

694 774 859 827 Zach.
887 783 1002 831 vm,
1032 764 1120 818 il.
1147 777 1267 813 -ιι
1303 756 1603 813 Veritatem
1646 759 1701 806 et
1730 758 1920 820 pacem
1966 743 2196 816 diligite,

623 870 702 924 ait
731 865 877 919 Deus
914 857 1286 926 omnipotens.
1326 868 1345 902 ι

696 955 833 1012 Isai.
859 968 953 1019 ut,
980 950 1033 1002 7.
1058 973 1129 986 -
1161 960 1182 996 ι
1207 941 1380 1008 Quam
1407 934 1643 1006 Speciosi
1677 946 1843 1002 super
1868 934 2083 983 montes
2114 940 2202 997 pe-

628 1051 727 1107 des
753 1037 1244 1116 evangelizantium
1286 1032 1453 1093 bona,
1482 1029 1731 1082 auditum
1756 1022 1933 1095 pacis,
1967 1032 2203 1088 evange-

630 1137 914 1197 iizantium
948 1133 1090 1187 bona
1118 1129 1131 1181 ἰ
1172 1145 1190 1178 ι

703 1226 896 1283 Ezech.
928 1237 1115 1283 xxxiv,
1140 1218 1347 1273 29.—-t
1382 1209 1681 1266 Suscitabo
1704 1206 1782 1262 eis
1804 1202 2202 1276 plantationem

632 1322 808 1394 pacis,
843 1327 900 1371 et
922 1315 1065 1369 ultra
1105 1325 1216 1364 non
1240 1305 1528 1377 peribunt.
1558 1319 1581 1353 νι

706 1410 875 1467 Ecclt'.
908 1420 1036 1469 xxv,
1062 1404 1114 1456 1.
1174 1433 1213 1442 η
1246 1417 1262 1449 ι
1314 1396 1370 1450 in
1413 1394 1591 1447 tribus
1636 1390 1838 1445 decora
1882 1385 2027 1439 facta
2058 1397 2203 1449 sum,

634 1513 691 1563 et
716 1499 929 1560 surrexi
957 1497 1158 1552 decora
1188 1503 1373 1545 coram
1417 1487 1528 1539 Deo
1570 1492 1624 1535 et
1662 1477 1979 1533 hominibus
2004 1493 2024 1528 τ
2069 1488 2209 1528 con.

637 1595 822 1654 cordia
866 1591 1120 1648 fratrum,
1159 1590 1215 1638 et
1245 1579 1490 1634 amicitia
1525 1574 1926 1645 proximorum,
1960 1577 2015 1622 et
2052 1566 2134 1619 vir
2156 1570 2211 1619 et

638 1688 843 1745 mulier
872 1680 982 1739 sibi
1013 1679 1154 1734 bene
1179 1670 1612 1729 consentientes.
1654 1683 1672 1717 ι

712 1776 911 1832 Matth.
953 1788 1010 1833 ν,
1063 1770 1118 1822 9.
1155 1795 1222 1807 ο·-
1251 1784 1271 1816 ‹
1315 1760 1463 1817 Beati
1510 1754 1755 1830 paciﬁci,
1800 1751 2061 1824 quoniam
2116 1747 2212 1803 ﬁlii

641 1872 738 1928 Dei
772 1866 1144 1922 vocabuntur.
1178 1878 1196 1911 ι

714 1958 861 2016 Ibid.
894 1957 984 2011 44.
1006 1982 1077 1996 --
1114 1970 1133 2004 ι
1182 1947 1403 2017 Diligite
1425 1942 1680 1997 inimicos
1708 1946 1947 1995 vestros.
1986 1931 2215 1990 Benedi-

637 2054 754 2110 cite
785 2043 1238 2105 maledicentibns
1270 2053 1366 2093 vos
1398 2058 1411 2092 .
1438 2043 1593 2090 orate
1621 2047 1718 2103 pro
1748 2025 2216 2086 calumniantibus

635 2150 701 2198 et
731 2133 1195 2211 persequentibus
1234 2143 1350 2183 vos.
1383 2143 1400 2176 ι

718 2206 931 2285 Matth.
964 2240 1117 2288 xvut,
1157 2221 1238 2276 l9.
1265 2247 1336 2258 —
1369 2235 1387 2269 ι
1422 2216 1592 2269 Amen
1620 2212 1745 2267 dico
1772 2208 1949 2275 vobis,
1986 2207 2139 2279 quia,
2171 2206 2219 2262 si

647 2321 781 2384 iduo
812 2338 880 2377 ex
910 2318 1064 2375 vobis
1102 2310 1483 2370 consenserint
1520 2321 1687 2377 super
1721 2315 1944 2367 terram,
1981 2301 2048 2356 de
2067 2298 2219 2355 omni

649 2432 712 2473 re
739 2422 1130 2485 quamcunque
1167 2403 1444 2476 petierint,
1476 2399 1567 2454 ﬁet
1596 2397 1703 2453 illis
1728 2411 1759 2450 a
1789 2393 1954 2449 Patre
1983 2406 2106 2447 meo
2125 2390 2221 2462 qui

654 2525 707 2562 ‘n
739 2505 895 2561 caelis
921 2510 1028 2558 cst.
1063 2519 1082 2555 ι

719 2597 881 2669 353
914 2594 1073 2649 Joan.
1106 2605 1226 2652 xm,
1251 2587 1340 2642 54.
1381 2614 1449 2629 -ο
1492 2602 1511 2637 ι
1546 2582 1867 2638 Mandatum
1898 2590 2105 2634 novum
2149 2574 2222 2631 do

650 2689 833 2753 vobis,
875 2692 935 2741 ut
957 2681 1203 2753 diligatis
1238 2677 1497 2741 invicem,
1538 2675 1683 2730 sicut
1713 2670 1883 2728 dilexi
1912 2683 2009 2724 vos
2036 2684 2050 2721 :
2079 2674 2139 2721 ut
2169 2671 2224 2720 et

652 2796 755 2837 vos
793 2775 1034 2847 diligatis
1077 2771 1337 2827 invicem.
1380 2766 1438 2821 In
1493 2767 1596 2821 hoc
1641 2769 1978 2835 cognoscent
2005 2770 2263 2832 omnest

655 2871 789 2942 quia
823 2846 1083 2938 discipuli
1123 2861 1229 2918 mei
1264 2858 1426 2926 estis,
1455 2857 1504 2914 si
1533 2855 1887 2912 dilectionem
1918 2846 2226 2907 habueritis

654 2961 726 3016 ad
769 2958 1025 3013 invicem.
1060 2971 1087 3005 ιι

728 3049 892 3106 Joan.
924 3063 1035 3114 xiv,
1054 3045 1146 3100 27.
1171 3073 1239 3085 --
1269 3059 1287 3094 ι
1318 3040 1517 3095 Pacem
1556 3050 1730 3093 meam
1766 3031 2018 3103 relinquo
2046 3027 2225 3095 vobis,

615 3157 854 3214 qpacem
886 3153 1061 3194 meam
1098 3135 1169 3190 do
1197 3132 1381 3188 vobis.
1432 3149 1452 3183 ι

734 3232 900 3287 Joan.
926 3244 1021 3295 xv,
1044 3226 1109 3283 -9.
1141 3255 1211 3267 —
1244 3242 1263 3275 ι
1299 3224 1456 3278 Sicut
1490 3220 1680 3275 dilexit
1718 3233 1805 3273 me
1850 3215 2036 3281 Pater,
2072 3215 2146 3269 ita
2176 3221 2230 3269 et

640 3338 767 3394 .ego
797 3321 964 3376 dilexi
995 3335 1110 3373 vos.
1142 3316 1357 3371 Manete
1380 3314 1434 3368 in
1461 3311 1753 3366 dilectione
1776 3323 1930 3374 mea;
1962 3307 2109 3380 sicut
2129 3322 2230 3375 ego

653 3423 938 3490 praecepta
990 3411 1171 3467 Patris
1205 3411 1310 3467 mei
1354 3405 1590 3471 servavi,
1615 3412 1668 3459 et
1689 3416 1885 3457 maneo
1918 3402 1974 3455 in
1999 3400 2121 3469 ejus
2150 3400 2235 3454 di-

662 3513 926 3569 lectione.
972 3507 1087 3561 Hoc
1136 3515 1221 3560 est
1255 3509 1587 3573 praeceptum
1636 3512 1840 3559 meum,
1893 3504 1952 3550 ut
1994 3493 2235 3563 diligatis

667 3604 932 3663 invicem,
965 3595 1297 3654 sicutdilexi
1328 3606 1448 3647 vos.
1484 3588 1743 3658 Majoretu
1777 3585 1880 3639 hac
1908 3584 2234 3638 cbaritatem

669 3708 833 3750 nemo
864 3692 1049 3756 habet,
1087 3697 1145 3743 ut
1173 3685 1411 3740 animam
1447 3696 1606 3738 suam
1644 3687 1811 3750 ponat
1844 3676 1970 3748 quis
1991 3691 2090 3745 pro
2109 3675 2242 3729 ami-

666 3789 753 3841 cis
781 3786 928 3841 suis.
960 3804 978 3836 ι

740 3876 873 3931 Luc.
908 3893 960 3941 x,
995 3874 1048 3929 5.
1079 3900 1149 3912 -—
1183 3888 1201 3920 ι
1232 3866 1289 3921 In
1329 3878 1721 3938 quamcunque
1756 3861 1979 3915 domum
2009 3857 2244 3911 intrave-

668 3973 818 4035 ritis,
858 3968 1093 4038 primunt
1139 3960 1305 4015 dicite
1339 3957 1489 4012 :Pax
1535 3956 1662 4009 huic
1703 3951 1913 4008 domui.
1962 3951 2030 4005 Et
2056 3950 2102 4005 si
2133 3948 2244 4003 illic

674 4063 841 4119 luerit
861 4060 1007 4113 lilius
1039 4056 1216 4126 pacis,
1242 4050 1550 4121 requiescet
1570 4060 1736 4115 super
1761 4059 1886 4099 eum
1915 4057 2042 4112 pax.
2078 4059 2099 4099 ι

744 4154 875 4208 Luc.
906 4167 1008 4215 xu,
1040 4149 1131 4203 58.
1164 4176 1233 4188 --
1265 4163 1283 4196 ι
1314 4142 1450 4195 Dum
1474 4138 1632 4193 vadis
1651 4152 1773 4192 cum
1809 4133 2129 4189 adversario
2150 4139 2247 4186 tuo

676 4247 744 4303 ad
774 4244 1075 4316 principem
1097 4240 1153 4293 in
1185 4239 1296 4301 via,
1331 4234 1402 4288 da
1432 4244 1680 4301 operam,
1716 4242 1785 4282 ne
1812 4227 1954 4281 forte
1979 4225 2163 4278 trahat
2197 4234 2249 4279 te

677 4340 745 4393 ad
776 4336 1043 4405 judicem,
1079 4339 1133 4384 et
1160 4327 1331 4398 judex
1354 4322 1537 4379 tradat
1566 4330 1617 4375 te
1642 4318 1912 4385 exactori,
1944 4327 1998 4372 et
2023 4323 2250 4371 exactor

676 4430 865 4483 mittat
901 4433 955 4479 te
986 4424 1039 4477 in
1076 4430 1379 4475 carcerem.
1414 4414 1593 4468 Arnen
1623 4411 1749 4465 dico
1785 4409 1904 4475 tibi,
1940 4423 2052 4462 non
2101 4406 2251 4462 exies

672 4520 827 4584 inde,
861 4517 1036 4572 donec
1068 4509 1430 4568 novissimum
1466 4506 1737 4561 minutum
1780 4501 2001 4557 reddas.
2040 4519 2059 4552 ι

756 4693 908 4749 Rom.
944 4707 1044 4756 xu,
1078 4689 1166 4744 18.
1208 4714 1279 4727 -ο-
1317 4704 1337 4738 (
1391 4685 1450 4741 Si
1493 4682 1612 4738 ﬁeri
1647 4687 1849 4752 potest,
1879 4675 2025 4748 quod
2056 4691 2124 4731 ex
2155 4691 2254 4731 vo-

678 4790 774 4844 bis
801 4796 908 4850 est,
941 4799 1066 4838 cum
1085 4779 1341 4836 omnibus
1359 4775 1671 4833 hominibus
1697 4786 1888 4844 pacem
1921 4770 2248 4843 habentes.»

759 4876 913 4929 Rom.
946 4888 1068 4937 xm,
1102 4871 1156 4927 8.
1198 4898 1268 4910 ——
1301 4887 1323 4918 ι
1350 4866 1568 4923 Nemini
1626 4862 1931 4935 quidquam
1985 4858 2254 4923 debeatis,

682 4966 798 5023 nisi
840 4978 901 5022 ut
927 4967 1157 5021 invicem
1201 4962 1465 5034 diligatis.
1500 4958 1655 5024 Nam,
1704 4953 1825 5011 Non
1860 4952 2253 5017 moechaberis,

849 601 975 640 uere
1018 578 1368 639 cbaritatem,
1417 585 1521 627 nec
1575 566 1802 623 ﬂumina
1853 559 2192 618 concludent

2332 555 2389 608 al.
2417 552 2653 623 ποταμοὶ
2680 552 2741 606 οὐ
2773 548 3165 619 ωγκλύζουσιν
3187 544 3383 615 αὐτήν.
3420 563 3440 597 ι

2375 754 2394 786 ι
2430 732 2544 804 Τὴν
2597 731 2855 803 ἀλήθειαν
2898 728 2991 784 καὶ
3019 728 3121 799 τήν
3152 726 3377 798 εἰρήνην
3422 724 3697 793 ἀγαπᾶτε,
3725 726 3857 795 λέγει

2301 827 2506 899 Κύριος
2541 823 2958 896 παντοκράτωρ.
3002 839 3021 873 ι

2377 939 2396 971 ι
2444 918 2533 981 Ὠς
2558 918 2751 987 ὡραῖοι
2782 915 2874 968 ἐπὶ
2902 913 3012 967 τῶν
3048 911 3220 984 ὀρέων
3255 911 3308 965 οἰ
3339 910 3501 975 πόδες
3532 909 3858 979 εὐαγγελιζο-

2306 1013 2481 1086 μένων
2507 1010 2706 1081 ἀγαθά,
2728 1007 2899 1079 ἀκοὴν
2927 1007 3174 1079 εἰρήνης,
3204 1003 3714 1074 εὐαγγελιζομένων
3739 1004 3857 1072 ἀγα-

2304 1104 2472 1159 θάἰ»

2380 1216 2399 1250 ι
2448 1196 2765 1266 ’Δναστήσω
2806 1193 2991 1255 αὐτοῖς
3036 1189 3202 1260 φυτὸν
3250 1189 3479 1261 εἰρήνης
3502 1229 3519 1255 ,
3552 1188 3653 1242 καὶ
3702 1187 3861 1241 οὐκέτι

2305 1290 2519 1344 ἔσονται
2548 1286 2932 1357 ἀπολλύμενοι.
2976 1302 2994 1336 ι

2382 1400 2403 1435 r
2456 1380 2543 1434 Ἐν
2576 1379 2754 1450 τρισὶν
2782 1376 3081 1447 ὡραϊσθην,
3109 1373 3205 1430 καὶ
3232 1373 3465 1444 ἀνέστην
3495 1370 3683 1442 ὡραία
3714 1371 3857 1425 ἔναντι

2306 1470 2517 1543 Κυρίου
2546 1471 2640 1525 καὶ
2662 1467 2968 1539 ἀνθρώπων
2988 1482 3002 1496 '
3040 1464 3266 1535 ὁμόνοια
3308 1461 3584 1531 ἀδελφῶν,
3609 1463 3709 1515 καὶ
3740 1464 3855 1530 φιλία

2307 1563 2416 1618 τῶν
2446 1560 2694 1633 πλησίον.
2726 1559 2822 1613 καὶ
2853 1556 2995 1626 γυνή
3018 1555 3114 1610 καὶ
3134 1553 3275 1626 ἀνὴρ
3298 1554 3513 1617 ἑαυτοῖς
3548 1569 3858 1623 συμπεριοεο

2312 1656 2554 1728 ρόμενοι.
2594 1672 2616 1705 ι

2389 1765 2408 1798 ι
2445 1744 2720 1816 Μακάριοι
2747 1738 3100 1813 εἰρηνοποιοί,
3147 1739 3230 1792 ὅτι
3270 1736 3368 1791 καὶ
3418 1736 3578 1791 αὐτοί
3608 1737 3720 1791 υἰοὶ
3756 1737 3864 1790 Θεοῦ

2242 1825 2285 1882 Β
2315 1838 2697 1909 κληθήσονται.
2745 1853 2764 1887 ι

2393 1950 2413 1985 ι
2456 1932 2732 2001 Ἀγαπᾶτε
2780 1945 2907 1993 τους
2955 1925 3185 1999 ἐχθροὺς
3213 1925 3368 1997 ὐμῶν
3393 1942 3406 1956 ·
3443 1924 3723 1993 εὐλογεῖτε
3766 1925 3869 1987 τούς

2318 2024 2740 2097 καταρωμένους
2766 2022 2912 2093 ὑμᾶς
2936 2036 2951 2051 ·
2975 2017 3341 2091 προσεύχεσθε
3362 2016 3502 2090 ὑπὲρ
3526 2017 3643 2072 τῶν
3667 2018 3873 2087 ἐπηρεαρ

2320 2117 2521 2183 ζόντων
2544 2116 2687 2187 ὑμᾶς
2715 2115 2810 2168 καὶ
2836 2113 3163 2168 διωκόντων.
3208 2130 3229 2164 ι

2398 2228 2417 2262 ι
2465 2208 2637 2281 Ἀμὴν
2664 2208 2808 2276 λέγω
2831 2205 2962 2277 ὑμῖν
2981 2246 2998 2271 ,
3027 2205 3111 2260 ὅτι
3140 2204 3235 2259 ὲάν
3255 2203 3350 2258 δύο
3384 2202 3544 2275 ὐμῶν
3595 2204 3869 2274 συμφωνή-

2323 2317 2490 2355 σωσιν
2519 2298 2613 2353 ἐπὶ
2634 2298 2733 2369 τῆς
2771 2297 2875 2367 γῆς
2899 2335 2917 2361 ,
2950 2294 3083 2367 περί
3111 2294 3313 2359 παντὸς
3351 2294 3686 2367 πράγματος
3708 2288 3769 2347 οὐ
3798 2294 3870 2347 ἐὰν

2323 2396 2677 2467 αἰτήσωνται,
2706 2392 2996 2461 γενήσεται
3031 2387 3212 2450 αὐτοῖς
3239 2385 3392 2457 παρά
3418 2385 3515 2440 τοῦ
3555 2385 3770 2456 Πατρός
3794 2403 3872 2456 μου

2322 2489 2418 2545 τοῦ
2466 2490 2524 2542 ὲν
2551 2487 2817 2557 οὐρανοῖς.
2861 2503 2880 2538 ι

2402 2599 2421 2633 ι
2470 2577 2723 2649 Ἐντολὴν
2746 2576 2940 2648 καινὴν
2962 2574 3157 2645 δίδωμι
3175 2575 3324 2646 ὑμῖν,
3352 2573 3441 2627 ἴνα
3462 2572 3625 2643 ὑμεῖς
3649 2573 3874 2641 ἀγαπᾶτε

2324 2672 2609 2743 ἀλλήλους,
2639 2669 2820 2733 καθὼς
2846 2667 3114 2738 ἠγάπησα
3143 2667 3308 2739 ὑμᾶς,
3334 2667 3421 2720 ἵνα
3458 2666 3555 2719 καὶ
3583 2665 3745 2735 ὑμεῖς
3764 2666 3877 2732 ἀγα-

2326 2766 2467 2819 πᾶτε
2516 2761 2799 2834 ἀλλήλους.
2867 2759 2954 2813 Ἐν
2986 2760 3162 2829 τούτῳ
3208 2756 3510 2826 γνώσονται
3541 2756 3767 2821 πάντες,
3814 2756 3879 2807 ὁτι

2328 2855 2451 2925 ἐμοὶ
2486 2852 2725 2925 μαθηταί
2759 2852 2905 2914 ἐστε,
2928 2848 3022 2901 ἐὰν
3057 2848 3309 2917 ἀγαπᾶτε
3344 2846 3633 2918 ἀλλήλους.
3672 2866 3691 2899 ι

2403 3050 2422 3084 ι
2473 3031 2708 3103 Εἰρήνην
2756 3026 2857 3100 τήν
2910 3028 3050 3100 ἐμὴν
3097 3027 3301 3098 ἀφίημι
3350 3025 3521 3096 ὑμῖν,
3553 3021 3882 3095 εἰρήνηντήν

2288 3110 2295 3197 ζ
2331 3124 2468 3197 ἐμὴν
2496 3124 2688 3194 δίδωμι
2713 3123 2864 3193 ὑμῖν.
2904 3140 2923 3174 ι

2406 3234 2426 3267 ‹
2464 3214 2661 3280 Καθὼς
2700 3212 2958 3285 ήγάπησέ
3017 3230 3084 3284 με
3122 3213 3153 3266 ὁ
3199 3212 3409 3283 Πατήρ,
3445 3211 3601 3281 κάγὼ
3646 3211 3885 3281 ἠγάπησα

2333 3307 2479 3375 ὑμᾶς
2498 3322 2511 3336 ·
2548 3306 2767 3377 μείνατε
2796 3306 2855 3358 ὲν
2880 3305 2947 3375 τῇ
2972 3303 3165 3377 ἀγάπῃ
3202 3320 3325 3372 μου,
3355 3300 3541 3365 καθὼς
3561 3300 3672 3370 ἐγὼ
3699 3303 3794 3363 τὰς
3818 3302 3885 3353 ἐν·

2331 3396 2493 3461 τολάς
2516 3395 2611 3449 τοῦ
2640 3394 2852 3466 Πατρός
2882 3410 2983 3463 μου
3012 3394 3314 3464 τετήρηκα,
3340 3391 3438 3444 καὶ
3466 3391 3616 3462 μένω
3649 3389 3808 3443 αὐτοῦ
3839 3391 3885 3440 ἐν

2333 3492 2399 3561 τῇ
2431 3489 2642 3560 ἀγάπῃ.
2672 3485 2823 3557 Αὕτη
2854 3484 3003 3538 ἐστὶν
3032 3485 3065 3556 ή
3090 3483 3277 3554 ἐντολὴ
3304 3486 3335 3555 ή
3368 3482 3497 3555 ἐμὴ,
3548 3482 3635 3535 ἵνα
3662 3482 3885 3550 ἀγαπᾶτε

2337 3581 2623 3652 ἀλλήλους,
2645 3577 2831 3641 καθὼς
2861 3576 2972 3647 ἐγὼ
3000 3576 3267 3648 ήγάπησα
3296 3576 3461 3646 ὑμᾶς.
3508 3575 3752 3639 Μείζονα
3777 3574 3886 3627 ταύο

2337 3690 2437 3742 της
2458 3672 2682 3743 ἀγάπην
2710 3670 2884 3733 οὐδεὶς
2913 3668 3051 3740 ἔχει,
3081 3669 3168 3723 ἵνα
3200 3686 3285 3733 τις
3305 3666 3405 3740 τὴν
3432 3666 3611 3737 ψυχὴν
3649 3664 3807 3719 αὐτοῦ
3831 3665 3884 3735 θῇ

2341 3765 2484 3837 ὑπὲρ
2515 3763 2624 3817 τῶν
2654 3762 2823 3831 φίλων
2849 3760 3040 3817 αὐτοῦ.
3077 3779 3096 3813 ι

2418 3874 2437 3908 ι
2471 3856 2565 3918 Εἰς
2591 3855 2659 3926 ήν
2678 3854 2723 3907 δ’
2751 3852 2820 3907 ἂν
2846 3852 3024 3907 οἰκίαν
3054 3850 3311 3923 ἔρχησθε,
3338 3849 3559 3922 πρῶτον
3585 3849 3789 3918 λέγετε,
3811 3847 3886 3901 Εἰ-

2348 3949 2488 4022 ρήνη
2509 3946 2588 4019 τῷ
2630 3947 2765 4017 οίκῳ
2793 3944 2989 4016 τούτῳ.
3018 3946 3127 3999 Καὶ
3157 3941 3306 4018 ὲάνῇ
3351 3946 3467 3997 ἐκεῖ
3506 3944 3624 4006 υίὸς
3662 3944 3887 4013 εἰρήνης,

2346 4039 2797 4094 ὲπαναπαύσεται
2819 4037 2905 4092 ἐπ’
2939 4037 3105 4091 αὐτὸν
3130 4039 3164 4109 ή
3189 4039 3402 4109 εἰρήνη.
3436 4056 3455 4088 ι

2423 4153 2442 4184 ι
2500 4131 2587 4195 Ὠς
2620 4132 2851 4199 ὑπάγεις
2884 4129 3023 4202 μετά
3047 4128 3143 4183 τοῦ
3183 4130 3459 4183 ἀντιδίκου
3507 4144 3607 4181 σου
3661 4128 3789 4199 πρὸς
3811 4125 3890 4196 ἀρ-

2348 4241 2512 4297 χοντα
2545 4226 2602 4277 ὲν
2632 4227 2698 4295 τῇ
2732 4221 2856 4294 ὁδῷ,
2888 4223 2977 4287 δὸς
3014 4221 3282 4293 ἐργασίαν
3309 4220 3661 4291 ἀπηλλάχθαι
3707 4220 3792 4273 ἀπ’
3811 4219 3891 4270 αὐ-

2350 4319 2468 4382 τοῦ,
2503 4318 2714 4388 μήποτε
2746 4316 3032 4386 κατασύρῃ
3065 4330 3124 4367 σε
3178 4315 3315 4384 πρὸς
3351 4313 3444 4366 τὸν
3493 4313 3723 4384 κριτὴν⁹
3768 4310 3892 4364 καὶὸ

2353 4410 2548 4479 κριτὴς
2571 4407 2797 4480 παραδῷ
2828 4423 2889 4461 σε
2930 4406 3009 4477 τῷ
3036 4406 3326 4478 πράκτορι,
3371 4405 3468 4459 καὶ
3494 4407 3523 4459 ὁ
3558 4406 3806 4478 πράκτωρ
3842 4418 3890 4453 σε

2282 4534 2333 4593 D
2360 4502 2527 4593 βάλλῃ
2556 4500 2932 4593 είςᾼφυλα-κήν.
2977 4498 3149 4571 Ἀμὴν
3186 4499 3330 4567 λέγω
3359 4515 3442 4552 σοι
3461 4514 3477 4529 ο
3505 4498 3569 4552 οὐ
3609 4498 3686 4569 μή
3710 4495 3891 4563 ἐξέλθῃς

2358 4591 2591 4667 ἐκεῖθεν,
2622 4591 2726 4655 ἕως
2752 4586 2815 4645 οὐ
2867 4590 3048 4645 καὶτὸ
3076 4589 3301 4661 ἔσχατον
3323 4590 3520 4645 λεπτὸν
3554 4588 3781 4659 ἀποδῷς.
3812 4606 3826 4637 ι

2364 4703 2382 4735 ι
2421 4685 2482 4736 Εἰ
2517 4684 2761 4750 δυνατὸν,
2807 4684 2871 4737 τὸ
2901 4683 2963 4749 ἐξ
2996 4684 3173 4754 ὐμῶν,
3210 4684 3349 4755 μετά
3378 4683 3599 4738 πάντων
3632 4680 3887 4752 ἀνθρώπων

2358 4776 2745 4847 εἰρηνεύοντες.
2784 4795 2803 4828 ι

2437 4886 2455 4918 ι
2489 4868 2670 4938 Μηδὲν
2703 4868 2893 4939 μηδενὶ
2924 4868 3188 4937 ὀφείλετε,
3218 4870 3268 4921 εἰ
3317 4870 3394 4940 μὴ
3424 4869 3488 4923 τὺ
3525 4870 3745 4941 ἀγαπᾷν
3766 4866 3887 4933 ἀλλή-

2362 4960 2508 5023 λους.
2540 4958 2614 5012 Τὸ
2644 4959 2774 5032 γὰρ,
2824 4960 2897 5013 Οὐ
2939 4962 3253 5031 μοιχεύσῃς,
3279 4962 3339 5013 οὐ
3391 4960 3634 5031 κλέψεις,
3662 4964 3721 5014 οὐ
3743 4959 3888 5029 ψευόεη

684 5076 802 5115 non
828 5056 1121 5122 iuraberis,
1152 5070 1260 5110 non
1293 5053 1497 5109 falsum
1521 5047 1905 5106 testimonium
1938 5044 2105 5109 dices,
2134 5051 2234 5099 ets

2368 5053 2765 5127 μαρτυρήσεις,
2798 5054 2895 5107 καὶ
2926 5054 2980 5107 εί
3006 5070 3091 5117 τις
3121 5054 3287 5124 ἑτέρα
3318 5055 3468 5109 ἐστὶν
3511 5054 3701 5125 ἐντολὴ
3720 5094 3734 5117 ,
3763 5048 3885 5115 ὲντῷ

684 5154 838 5223 quod
883 5157 970 5204 est
1008 5148 1149 5201 aliud
1197 5144 1535 5209 mandatum,
1577 5142 1632 5196 in
1680 5140 1788 5194 hoc
1836 5135 2007 5193 verbo
2046 5134 2229 5190 instau

2364 5147 2509 5218 λόγῳ
2530 5143 2704 5216 τούτῳ
2738 5144 3256 5213 ἀνακεφαλαιοῦται,
3289 5146 3347 5198 ὲν
3394 5146 3474 5214 τῷ
3523 5146 3790 5215 ἀγαπῆσαι
3816 5142 3890 5190 τοι

690 5254 883 5307 ratur,
953 5241 1008 5294 in
1064 5238 1345 5308 diligendo
1410 5232 1715 5305 proximum
1772 5240 1926 5285 tuum
1982 5228 2125 5284 sicut
2179 5236 2232 5284 te

2366 5236 2599 5308 πλησίον
2625 5249 2721 5289 σου
2753 5233 2829 5298 ὡς
2861 5233 3074 5288 ἑαυτόν.
3119 5253 3137 5286 ι

694 5346 897 5405 ipsum.
943 5350 961 5382 ι

742 5425 919 5479 .Rom.
950 5439 1062 5487 xiv,
1092 5422 1179 5476 t9.
1213 5450 1281 5462 -—
1313 5437 1332 5470 ι
1367 5416 1503 5484 Qua:
1533 5416 1684 5488 pacis
1719 5425 1851 5470 sunt
1879 5424 2174 5477 sectemur,
2211 5417 2269 5465 et

697 5533 821 5589 qua:
856 5512 1234 5571 aediﬁcationis
1263 5519 1391 5566 sunt
1429 5510 1495 5564 ad
1530 5508 1790 5566 invicem.
1824 5526 1844 5560 ι

765 5608 922 5665 Rom.
951 5625 1071 5672 xm,
1094 5605 1189 5663 10.
1212 5636 1282 5648 —-
1317 5624 1337 5658 ι
1379 5603 1616 5660 Dilectio
1646 5600 1900 5674 proximo
1922 5598 2129 5655 malum
2158 5612 2269 5654 non

699 5710 976 5775 operatur.
994 5698 1278 5755 Plenitudo
1302 5698 1462 5770 legis,
1491 5695 1731 5773 dilectio.
1777 5714 1801 5752 ι

774 5791 804 5852 Ι
821 5790 947 5850 Cor.
968 5806 1065 5857 xu,
1080 5792 1140 5846 31
1164 5808 1183 5858 ;
1204 5807 1324 5859 xm,
1354 5791 1379 5845 l
1406 5805 1603 5862 sqq.——
1630 5808 1648 5843 ι
1682 5787 2041 5847 ιΕιιιιιιαωίιιί
2061 5786 2269 5847 charis-

2445 5432 2464 5466 ι
2493 5415 2575 5468 Td:
2598 5414 2699 5485 τῆς
2720 5415 2949 5487 εἰρήνης
2975 5414 3279 5485 διώκωμεν,
3313 5415 3407 5467 καὶ
3435 5415 3507 5469 τά
3529 5413 3628 5484 τῆς
3652 5408 3897 5477 οἰκοδομῆς

2370 5508 2468 5579 τῆς
2492 5507 2571 5571 εἰς
2603 5506 2886 5578 ἀλλήλους.
2919 5527 2939 5561 ι

2448 5619 2469 5655 ι
2516 5602 2585 5655 'H
2637 5601 2824 5673 ἀγάπη
2871 5598 2949 5671 τῷ
2991 5599 3218 5669 πλησίον
3241 5598 3413 5653 κακὸν
3477 5598 3579 5653 οὐκ
3629 5593 3896 5667 ἐργάζεται.

2372 5693 2657 5765 Πλήρωμα
2685 5691 2852 5763 νόμου
2877 5692 2912 5761 ἡ
2944 5689 3154 5760 ἀγάπη.
3197 5707 3217 5741 ι

2453 5804 2471 5839 ι
2514 5782 2746 5858 Ζηλοῦτε
2783 5783 2852 5839 τά
2894 5782 3207 5855 χαρίσματα
3232 5781 3303 5836 τὰ
3352 5778 3657 5853 κρείττονα·
3707 5773 3787 5830 καὶ
3824 5768 3899 5835 ἒτι
