3910 6410
104 375 243 439 1197

1399 379 1636 442 SACRA
1666 382 2125 447 PARALLELA.

3187 399 3339 468 ’1198

101 486 228 541 καθ’
263 485 569 557 ὑπερϐολὴν
590 486 706 539 ὁδὸν
728 486 856 557 ύμῖν
888 487 1159 557 δείκνυμι.
1204 487 1330 542 Ἐάν
1358 492 1479 553 ταῖς
1500 489 1657 559 γλώσ·

1778 500 1924 546 mata
1944 492 2257 550 meliora.Et
2274 495 2450 552 adhuc
2464 500 2900 560 excellentiorem
2922 508 3060 562 viam
3082 511 3230 566 vohls
3249 516 3344 571 de-

100 592 227 639 σαις
248 574 360 627 τῶν
385 574 684 646 ἀνθρώπων
711 575 877 636 λαλῶ.
905 578 1000 630 καὶ
1022 577 1133 631 τῶν
1157 578 1428 647 ἀγγέλων,
1457 579 1676 651 ἀγάπην

96 667 155 719 δὲ
183 666 259 737 μὴ
286 666 413 737 ἔχω,
444 668 643 735 γέγονα
672 668 870 737 χαλκὸς
897 669 1068 738 ἠχῶν,
1103 669 1136 740 ἧ
1168 670 1449 740 κύμὸαλον
1474 671 1674 726 ἀλαλά-

97 758 215 822 ζον.
270 758 392 811 Κάν
445 757 554 828 ἔχω
610 760 965 830 προφητείαν,
1019 762 1116 813 καὶ
1171 759 1264 814 ἴδω
1301 762 1370 816 τὰ
1405 765 1680 833 μυστήρια

96 849 305 914 πάντα,
336 850 431 902 καὶ
461 851 642 903 πᾶσαν
676 850 772 921 τὴν
805 852 1005 919 γνῶσιν
1027 868 1041 881 '
1079 852 1182 906 κᾶν
1214 851 1321 923 ἔχω
1374 856 1553 907 πᾶσαν
1578 854 1678 925 τὴν

97 942 311 1004 πίστιν,
348 940 487 994 ὥστε
516 942 615 1012 ὅρη
649 944 1014 1012 μεθιστάνειν,
1064 945 1287 1016 ἀγάπην
1317 946 1375 999 δὲ
1425 946 1499 1017 μὴ
1545 945 1671 1017 ἔχω,

96 1032 258 1086 οὐδέν
287 1035 438 1102 είμι·
476 1033 579 1086 κᾶν
612 1034 846 1103 ψωμίζω
896 1036 1075 1089 πάντά
1112 1037 1181 1091 τά
1221 1038 1532 1109 ὑπάρχοντά
1560 1056 1670 1109 μοι,

94 1124 205 1177 κᾶν
232 1124 457 1195 παραδῶ
475 1124 536 1177 τὸ
565 1125 724 1196 σῶμά
754 1143 879 1197 μου,
929 1128 1015 1182 ἵνα
1045 1128 1429 1200 καυθήσωμαι,
1453 1131 1674 1203 ἀγάπην

90 1218 152 1272 δὲ
180 1218 243 1271 οὐ
275 1219 350 1291 μὴ
378 1218 506 1290 ἔχω,
538 1219 689 1273 οὐδὲν
721 1220 1058 1292 ὠφελοῦμαι.
1097 1222 1162 1276 Ἦ
1188 1224 1375 1295 ἀγάπη
1413 1225 1475 1276 ού
1500 1224 1672 1296 ζηλοῖ·

89 1313 126 1381 ή
168 1311 359 1381 ἀγάπη
411 1311 779 1383 μακροθυμεῖ,
835 1314 1242 1385 χρηστεύεταιο
1304 1316 1557 1387 ἠάγάπη
1610 1318 1670 1369 οὐ

90 1400 528 1473 περπερεύεται,
551 1402 612 1455 οὐ
642 1403 956 1472 φυσιοῦται,
989 1406 1089 1459 οὐκ
1119 1408 1445 1479 ἀσχημονεῖ,
1476 1407 1539 1460 ού
1571 1406 1671 1477 ζη-

86 1495 181 1545 τεῖ
204 1491 273 1547 τά
298 1493 520 1563 ἑαυτῆς.
550 1495 736 1548 Πάντα
770 1496 1037 1563 πιστεύει,
1074 1499 1253 1552 πάντα
1281 1497 1510 1563 ἐλπίζει,
1536 1499 1673 1551 πάν-

88 1600 160 1634 τα
216 1584 495 1654 ὑπομένει.
546 1585 611 1637 Ἡ
654 1585 840 1659 ἀγάπη
884 1587 1139 1643 οὐδέποτε
1186 1590 1461 1643 ἐκπίπτει.
1503 1611 1521 1643 ι
1562 1593 1673 1645 Καὶ

86 1674 294 1727 πάλινο
340 1693 359 1726 ι
403 1676 537 1729 Νυνὶ
562 1676 618 1730 δὲ
651 1678 801 1749 μένει
848 1678 1052 1745 πίστις,
1107 1681 1282 1745 ἐλπὶς,
1336 1682 1549 1754 ἀγάπη,
1602 1687 1672 1739 τά

83 1766 221 1837 τρία
252 1767 428 1821 ταῦτα
449 1783 463 1797 °
488 1768 693 1839 μείζων
723 1770 781 1826 δὲ
819 1770 1078 1844 τούτωνή
1113 1774 1324 1844 ἀγάπη.
1358 1795 1376 1827 ι

222 2051 407 2107 Πάντα
437 2052 590 2123 ὑμῶν
618 2055 674 2106 ἐν
704 2053 893 2126 ἀγάπῃ
917 2057 1170 2125 γινέσθω.
1210 2078 1230 2112 ι

164 2249 185 2282 ι
224 2231 575 2303 Είρηνεύετε,
603 2234 841 2305 ἀδελφοὶ,
872 2236 966 2290 καὶ
988 2238 1017 2291 ὁ
1045 2237 1178 2303 Θεὸς
1204 2240 1305 2311 τῆς
1326 2239 1545 2312 ἀγάπης
1569 2243 1661 2297 καὶ

81 2323 317 2393 εἰρήνης
347 2322 499 2378 ἔσται
529 2325 650 2395 μεθ’
684 2326 859 2397 ὑμῶν.
890 2347 908 2380 ι

160 2434 181 2465 ι
222 2414 323 2467 Διά
350 2415 448 2486 τῆς
469 2416 685 2488 ἀγάπης
706 2418 983 2473 δουλεύετε
1011 2420 1281 2492 ἀλλήλοις.
1330 2421 1389 2476 Ὀ
1421 2421 1527 2495 γὰρ
1556 2425 1665 2488 πᾶς

80 2507 253 2577 νόμος
282 2507 364 2560 ἑνὶ
400 2508 541 2579 λόγῳ
590 2510 966 2580 πεπλήρωται,
990 2515 1046 2564 ὲν
1082 2512 1180 2583 τῷ,
1212 2514 1544 2585 Ἀγαπήσεις
1572 2516 1665 2573 τὸν

82 2598 322 2669 πλησίον
354 2615 447 2652 σου
473 2599 548 2660 ὡς
579 2602 825 2656 σεαυτόν.
866 2620 884 2653 ι

160 2709 181 2742 ι
220 2688 443 2744 Γίνεσθε
473 2694 554 2755 είς
580 2693 841 2762 ἀλλήλους
864 2698 1113 2767 χρηστοὶ,
1143 2696 1530 2770 εὔσπλαγχνοι,
1562 2720 1662 2772 χα-

82 2783 368 2854 ριζόμενοι
400 2786 631 2850 ἑαυτοῖς,
656 2786 837 2850 καθὼς
867 2790 961 2841 καὶ
983 2791 1011 2840 ὁ
1033 2789 1163 2853 Θεὸς
1188 2791 1481 2862 ἐχαρίσατο
1505 2796 1658 2864 ἡμῖν.

82 2877 313 2929 Γίνεσθε
351 2874 442 2930 οὖν
474 2881 709 2948 μιμηταὶ⁵
730 2879 889 2943 Θεοῦ,
913 2881 987 2944 ῶς
1018 2882 1185 2935 τέκνα
1237 2884 1516 2954 ἀγαπητὰ,
1564 2886 1660 2939 καὶ

79 2969 444 3036 περιπατεῖτε
475 2970 530 3020 ἐν
557 2969 765 3040 ἀγάπῃ,
792 2970 972 3034 καθὼς
1008 2973 1100 3026 καὶ
1127 2973 1155 3024 ὁ
1184 2974 1419 3046 Χριστὸς
1442 2976 1660 3045 ἠγάπη-

81 3077 175 3112 σεν
209 3060 379 3130 ἡμᾶς,
403 3061 497 3114 καὶ
531 3063 843 3133 παρέδωκεν
887 3065 1078 3118 ἑαυτὸν
1111 3066 1250 3138 ὑπὲρ
1283 3067 1441 3138 ὴμῶν
1487 3085 1657 3141 προσ-

78 3150 258 3223 φορὰν
278 3152 375 3207 καὶ
405 3152 597 3208 θυσίαν
620 3153 697 3226 τῷ
726 3154 846 3225 Θεῷ
869 3158 948 3221 είς
976 3156 1151 3230 ὀσμὴν
1182 3158 1428 3223 εὐωδίας.
1460 3180 1479 3213 ι

153 3350 177 3385 ι
223 3333 345 3387 Ἐπὶ
370 3336 503 3388 πᾶσι
551 3337 650 3408 τὴν
682 3338 902 3410 ἀγάπην
937 3339 1182 3406 διώκετε,
1209 3342 1291 3395 ὅτι
1323 3344 1440 3396 ἐστὶ
1472 3343 1654 3398 σύνδε-

78 3441 223 3494 σμος
248 3426 345 3495 τῆς
371 3427 724 3499 τελειότητος.
776 3432 884 3485 Καὶ
930 3434 962 3504 ή
996 3435 1187 3505 εἰρήνη
1226 3434 1321 3489 τοῦ
1351 3434 1485 3489 Θεοῦ
1519 3436 1653 3509 βρα-

73 3516 303 3569 ϐεύεται
335 3518 392 3570 ἐν
423 3520 542 3580 ταῖς
572 3519 819 3590 καρδίαις
850 3522 1023 3592 ὑμῶν.
1069 3543 1087 3575 ι

147 3626 172 3661 ι
216 3608 451 3679 Εἰρήνην
479 3608 702 3664 διώκετε
736 3611 876 3681 μετά
920 3613 1159 3681 πάντων,
1208 3615 1304 3668 καὶ
1356 3615 1447 3669 τὸν
1493 3617 1651 3686 ἀγια-

76 3701 246 3769 σιμὸν,
282 3694 343 3753 οὗ
369 3702 535 3771 χωρὶς
558 3702 729 3767 οὐδεὶς
754 3703 943 3775 ὄψεται
977 3704 1066 3759 τὸν
1088 3706 1318 3778 Κύριον.
1357 3727 1377 3764 ι
1618 3726 1650 3742 “

150 3902 171 3936 ι
219 3885 443 3955 Καρπὸς
468 3886 814 3963 δικαιοσύνης
866 3892 925 3947 ὲν
976 3895 1167 3968 εἰρήνῃ
1211 3893 1495 3966 σπείρεται
1536 3900 1649 3981 τοῖς

72 3977 323 4032 ποιοῦσιν
349 3980 588 4050 εἰρήνην.
627 3998 648 4033 ι

146 4091 165 4123 ι
217 4072 277 4124 '0
300 4072 527 4141 ἀγαπῶν
554 4073 646 4127 τὸν
675 4075 902 4146 ἀδελφὸν
925 4077 1112 4142 αὐτοῦ,
1154 4079 1212 4130 ὲν
1256 4077 1335 4150 τῷ
1369 4080 1510 4149 φωτὶ
1549 4082 1647 4151 μέ-

101 4183 171 4219 ει.
222 4181 241 4214 ³

101 4184 171 4219 ει.
222 4184 241 4214 ι

69 4184 97 4218 ν
142 4273 163 4305 ι
224 4254 317 4307 Ἐκ
346 4254 589 4326 καθαράς
620 4257 846 4329 καρδίας
878 4261 1152 4328 ἀγαπᾶτε.
1203 4280 1221 4313 ι

140 4366 161 4399 ι
227 4347 439 4417 Ἀγάπη
468 4345 734 4401 καλύπτει
757 4349 959 4421 πλῆθος
986 4353 1289 4423 ἁμαρτιῶν.
1327 4374 1346 4406 ι

139 4531 386 4597 «Τέκνα,
431 4532 507 4605 μὴ
560 4532 865 4605 ἀγαπῶμεν
920 4533 1082 4606 λόγῳ,
1119 4537 1252 4609 μηδὲ
1303 4538 1370 4607 τῇ
1395 4535 1634 4609 γλώσσῃ,
1671 4573 1716 4628 ι)

64 4625 180 4678 ἀλλ’
214 4626 360 4697 ἔργῳ
387 4628 482 4680 καὶ
506 4626 754 4699 ἀληθείᾳ.
783 4627 894 4681 Καὶ
920 4629 978 4681 ὲν
997 4627 1170 4699 τούτῳ
1198 4629 1537 4699 γνωσόμεθα,
1557 4631 1638 4684 ὅτι

64 4719 127 4769 ὲκ
149 4717 256 4787 τῆς
289 4718 548 4789 ἀληθείας
585 4720 771 4788 ἐσμέν.
812 4738 832 4773 ι

136 4828 156 4860 ι
212 4809 537 4881 Ἀγαπητοί,
571 4812 875 4882 ἀγαπῶμεν
910 4811 1191 4883 ἀλλήλους,
1230 4815 1311 4868 ὅτι
1361 4815 1395 4884 ἠ
1451 4817 1639 4889 ἀγάπη

64 4900 123 4941 δν
156 4898 261 4953 τοῦ
292 4899 427 4953 Θεοῦ
451 4902 627 4954 ἐστιν’
667 4903 762 4955 καὶ
800 4904 908 4966 πᾶς
936 4904 964 4957 ὁ
1001 4904 1254 4972 ἀγαπῶν,
1291 4906 1356 4959 ὲκ
1380 4905 1516 4960 Θεοῦ
1550 4925 1642 4975 γε-

62 4991 348 5059 γέννηται,
376 4993 471 5044 καί
499 4992 755 5060 γινώσκει
778 4995 867 5046 τὸν
887 4993 1041 5050 Θεόν.
1088 4995 1146 5049 Ὀ
1170 4996 1245 5067 μὴ
1274 4998 1520 5066 ἀγαπῶν,
1539 5001 1638 5053 οὐκ

62 5082 208 5149 ἔγνω
244 5083 333 5135 τὸν
361 5084 514 5151 Θεὸν,
557 5087 641 5140 ὅτι
693 5090 721 5140 ὁ
753 5087 884 5152 Θεὸς
921 5088 1110 5158 ἀγάπη
1162 5089 1300 5143 ἐστί.
1340 5090 1507 5155 Φόϐος
1538 5092 1639 5145 οὐκ

59 5172 216 5224 ἔστιν
247 5174 306 5226 ἐν
337 5176 403 5243 τῇ
427 5176 618 5249 ἀγάπῃ
646 5194 660 5209 ο
692 5180 726 5249 ή
756 5166 1074 5251 γὰρητελεία
1096 5180 1285 5251 ἀγάπη
1307 5180 1411 5246 ἔξω
1451 5183 1634 5253 βάλλει

56 5264 149 5316 τὸν
176 5263 372 5331 φόϐον·
402 5268 430 5319 ὁ
451 5267 506 5320 δὲ
536 5267 886 5339 φοϐούμενος,
913 5274 972 5324 ού
998 5272 1293 5327 τελειοῦται
1323 5277 1380 5328 ὲν
1412 5277 1478 5346 τῇ
1500 5276 1631 5343 ἀγά-

57 5370 155 5425 πῃ.
176 5355 311 5408 Ἐάν
339 5374 423 5420 τις
449 5357 599 5433 εἴπῃ,
619 5360 702 5413 ὃτι
732 5362 955 5431 Ἀγαπῶ
983 5365 1070 5417 τὸν
1086 5365 1239 5431 Θεὸν,
1256 5366 1348 5419 καὶ
1373 5367 1464 5419 τὸν
1484 5367 1634 5421 ἀδελ-

59 5444 157 5509 φὸν
189 5445 361 5499 αὑτοῦ
399 5452 570 5519 μισεῖ,
601 5450 839 5522 ψευστής
864 5455 1031 5508 ἐστιν.
1076 5455 1133 5507 '0
1159 5456 1263 5527 γάρ
1300 5456 1375 5529 μὴ
1403 5458 1632 5526 ἀγαπῶν

54 5535 151 5588 τὸν
180 5537 415 5607 ἀδελφὸν
442 5542 631 5609 αὑτοῦ,
668 5544 728 5597 ὃν
750 5544 982 5616 ἑώρακε,
1013 5548 1101 5601 τὸν
1143 5549 1275 5603 Θεὸν
1306 5550 1364 5604 ὃν
1393 5551 1491 5623 οὐχ
1528 5550 1630 5606 ἐώ-

57 5641 221 5693 ρακε,
246 5629 367 5693 πῶς
394 5629 615 5688 δύναται
647 5636 896 5707 άγαπᾷν;
944 5658 962 5689 ι

126 5719 304 5772 Οὐδέν
334 5723 484 5803 ἐστιν
534 5724 755 5797 ἄμεινον
806 5730 1048 5801 εἰρήνης,
1097 5732 1154 5785 ὲν
1247 5734 1355 5797 πᾶς
1398 5734 1628 5807 πόλεμος

53 5814 443 5883 καταργεῖται.

1784 597 2050 642 monstro.
2082 586 2140 643 Si
2163 587 2366 660 linguis
2395 591 2676 649 hominum
2709 596 2903 669 loquar
2924 613 2977 656 et
2999 606 3339 674 angelorum,

1780 674 2098 734 charitatem
2132 687 2311 734 autem
2341 698 2446 737 non
2479 683 2726 755 habeam,
2752 687 2933 745 factus
2955 707 3075 747 sum
3098 696 3243 749 velut
3267 712 3343 753 ars

1780 781 2005 834 sonans,
2062 776 2157 824 aut
2204 773 2514 843 cymbalum
2572 778 2831 836 tinniens.
2888 782 2952 837 Et
3002 784 3045 838 si
3095 786 3343 844 habuero

1778 862 2148 933 prophetiam,
2197 878 2251 923 et
2296 872 2539 925 noverim
2588 877 2845 943 mysteria
2893 878 3093 943 omnia,
3141 890 3196 935 et
3232 896 3343 937 om-

1780 970 1900 1009 nem
1932 959 2245 1028 scientiam,
2270 971 2323 1017 et
2353 963 2398 1017 si
2426 964 2667 1021 habuero
2701 982 2918 1023 omnem
2962 971 3144 1037 fidem,
3178 974 3250 1029 ita
3280 986 3339 1030 ut

1778 1056 1995 1102 montes
2028 1052 2378 1119 transferam,
2407 1055 2731 1114 charitatem
2773 1073 2953 1121 autem
2991 1078 3096 1118 non
3133 1064 3341 1122 habue-

1781 1152 1860 1205 ro,
1897 1138 2036 1195 nihil
2059 1158 2202 1198 sum.
2232 1145 2298 1200 Et
2320 1147 2364 1201 si
2402 1146 2733 1206 distribuero
2772 1154 2825 1207 in
2854 1155 3007 1210 cibos
3038 1172 3230 1215 omnes
3254 1158 3336 1213 fa-

1777 1230 2008 1287 cultates
2037 1249 2189 1291 meas
2210 1276 2225 1299 ,
2253 1246 2308 1292 et
2342 1239 2387 1294 si
2415 1242 2690 1299 tradidero
2714 1260 2910 1315 corpus
2948 1265 3122 1304 meum
3165 1251 3240 1306 ita
3276 1260 3340 1307 ut

1776 1325 2017 1393 ardeam,
2044 1328 2370 1386 charitatem
2396 1342 2580 1390 autem
2610 1352 2715 1392 non
2748 1338 3014 1406 habuero,
3046 1343 3181 1397 nihil
3203 1345 3339 1399 mihi

1774 1417 2017 1483 prodest.
2048 1417 2306 1478 Charitas
2340 1440 2450 1480 non
2498 1428 2785 1484 aemulatur
2818 1450 2831 1486 :
2862 1432 3103 1489 charitas
3134 1437 3342 1505 patiens

1773 1518 1876 1573 est,
1914 1508 2149 1583 benigna
2188 1522 2296 1570 est.
2324 1516 2585 1574 Charitas
2618 1536 2728 1576 non
2756 1524 2867 1593 agit
2894 1540 3201 1596 perperam,
3231 1543 3339 1584 non

1773 1598 2015 1667 inﬂatur,
2060 1620 2169 1660 non
2233 1616 2317 1664 est
2358 1609 2666 1677 ambitiosa,
2709 1628 2817 1669 non
2853 1618 3194 1688 qnteritquaa
3238 1635 3336 1675 sua

1772 1699 1922 1747 sunt.
1950 1693 2139 1750 Omnia
2173 1700 2370 1767 credit,
2398 1704 2581 1759 omnia
2617 1717 2822 1776 sperat,
2866 1710 3048 1764 omnia
3080 1712 3337 1768 sustinet.

1773 1783 2029 1842 Charitas
2060 1804 2337 1861 nunquam
2382 1796 2607 1851 excidit.
2642 1817 2661 1848 ι
2709 1798 2777 1853 Et
2823 1816 3037 1856 rursum
3078 1819 3092 1856 :
3129 1821 3148 1854 ι
3183 1803 3337 1859 Nunc

1774 1886 1956 1935 autem
1983 1892 2224 1949 manent,
2257 1886 2409 1953 fides,
2450 1903 2597 1958 spes,
2629 1891 2890 1958 charitas,
2928 1894 3033 1949 tria
3062 1895 3197 1951 haec.
3225 1897 3338 1952 Ma-

1762 1968 1852 2039 jor
1879 1982 2061 2027 autem
2094 1974 2289 2030 horum
2318 1985 2403 2033 est
2440 1980 2702 2039 charitas.
2749 2004 2769 2037 ι

1837 2065 1867 2120 Ι
1899 2068 2021 2125 Cor.
2074 2086 2186 2139 xvx,
2240 2074 2329 2128 M.
2352 2104 2420 2114 —
2447 2092 2465 2126 ι
2501 2076 2695 2133 Omnia
2731 2092 2913 2136 vestra
2958 2082 3014 2137 in
3067 2082 3336 2138 charilate

1766 2158 2059 2288 ὼῗῗέον.
2102 2249 2222 2302 xm,
2255 2237 2342 2292 11.
2375 2269 2437 2278 -—
2466 2258 2485 2291 ι
2526 2238 2722 2297 Pacem
2761 2244 2977 2313 habete,
3026 2246 3249 2317 fratres,
3280 2261 3336 2306 et

1767 2319 1908 2378 Deus
1936 2323 2245 2382 dilectionis
2275 2338 2329 2382 et
2352 2329 2503 2397 pacis
2532 2332 2637 2386 erit
2660 2332 2963 2392 vobiscum.
3010 2357 3029 2389 ι

1836 2412 2017 2471 Galat.
2051 2432 2106 2483 v,
2140 2420 2227 2475 15.
2248 2440 2352 2471 -ι
2377 2421 2481 2475 Per
2518 2424 2840 2481 charitatetn
2877 2431 3101 2499 spiritus
3132 2434 3333 2490 servit:

1765 2506 2019 2563 invicem.
2053 2509 2243 2566 Omnis
2280 2514 2425 2569 enim
2460 2514 2547 2568 lex
2583 2532 2696 2571 uno
2724 2533 2976 2576 sermone
3028 2524 3283 2592 impletur
3310 2543 3328 2559 °

1766 2598 1968 2670 Diliges
1996 2603 2302 2670 proximum
2339 2614 2490 2657 tuum
2516 2605 2662 2660 sicut
2684 2609 2942 2677 teipsum.
2987 2630 3008 2664 ι

1834 2690 2025 2759 Epltes.
2054 2693 2239 2761 tv,32;
2273 2711 2327 2757 v.
2360 2698 2409 2751 1.
2436 2724 2505 2737 -
2535 2718 2552 2748 ι
2578 2697 2763 2753 Estote
2811 2701 3044 2757 invicem
3083 2706 3325 2779 benigni,

1764 2781 2174 2849 misericordes,
2234 2785 2502 2842 donantes
2552 2789 2994 2862 vobisntetipsis,
3064 2797 3209 2851 sicut
3272 2808 3329 2855 et

1762 2871 1905 2928 Dens
1932 2875 2156 2929 donavit
2178 2877 2355 2932 nobis.
2388 2877 2581 2936 Estote
2608 2898 2736 2953 ergo
2756 2885 3059 2943 imitatores
3090 2890 3185 2944 Dei
3213 2892 3327 2946 sic—

1762 2977 1821 3021 ut
1869 2966 1963 3021 [ilii
2008 2969 2355 3037 charissimi,
2432 2983 2487 3029 et
2533 2976 2805 3032 ambulate
2865 2978 3029 3052 355
3081 2983 3133 3036 in
3192 2984 3324 3037 dile-

1762 3059 1961 3128 ctione,
1996 3059 2137 3116 sicut
2168 3070 2224 3116 et
2248 3060 2498 3119 Christus
2527 3065 2720 3120 dilexit
2752 3080 2948 3133 nos,et
2976 3072 3201 3127 tradidit
3234 3089 3324 3129 se-

1677 3194 1722 3255 c
1760 3152 2046 3220 metipsum
2082 3168 2180 3224 pro
2213 3154 2733 3213 nobis-oblationem
2774 3168 2828 3213 et
2863 3163 3322 3220 sacriﬁciutnDeo

1754 3242 1812 3297 in
1859 3244 2083 3299 odorem
2116 3245 2427 3300 suavitatis.
2461 3264 2479 3297 ι

1825 3333 2033 3391 Colon.
2052 3335 2320 3401 nt,H.—
2349 3355 2368 3388 ι
2403 3335 2579 3407 Super
2601 3341 2780 3394 omnia
2803 3345 3316 3402 autetncharitatem

1752 3429 2060 3494 sectamini,
2095 3430 2223 3498 quia
2254 3440 2338 3484 est
2377 3430 2648 3485 vinculum
2704 3434 3079 3503 perfectionis.
3116 3437 3182 3492 Et
3211 3454 3317 3511 pax

1751 3522 1845 3576 Dei
1877 3523 2116 3575 exsultat
2146 3523 2199 3574 in
2229 3522 2488 3576 cordibus
2511 3524 2733 3580 vestris.
2774 3543 2793 3578 ι

1824 3612 1989 3667 Hebr.
2023 3628 2123 3677 xu,
2157 3612 2246 3666 14.
2278 3639 2348 3653 —-
2384 3630 2404 3664 ι
2441 3612 2636 3669 Pacem
2685 3618 2973 3685 sequimini
3020 3638 3142 3676 cum
3195 3640 3317 3678 om-

1747 3705 1934 3775 nibus,
1991 3716 2046 3763 et
2091 3704 2545 3773 sanctimoniam,
2601 3708 2722 3763 sine
2760 3726 2866 3780 qua
2913 3728 3071 3767 nemo
3112 3717 3317 3772 videbit

1748 3799 1939 3858 Deum.
1972 3820 1990 3853 ι

1817 3900 1940 3956 Jac.
1969 3918 2048 3967 ιιι,
2071 3902 2156 3956 18.
2176 3932 2249 3944 —-
2276 3920 2295 3953 ι
2322 3899 2554 3956 Fructus
2579 3899 2811 3970 justitim
2841 3904 2892 3959 in
2925 3922 3055 3976 pace
3079 3911 3314 3967 semina-

1747 4002 1838 4049 tur
1867 3994 2193 4049 facientibus
2223 4012 2429 4064 paceni.
2466 4014 2484 4047 ι

1819 4082 1849 4137 Ι
1877 4082 2042 4141 Joan.
2069 4101 2131 4150 ιι,
2166 4085 2254 4139 10.
2279 4117 2352 4127 —-
2385 4108 2403 4141 ι
2441 4087 2541 4155 Qui
2584 4092 3010 4163 diligitfratrem
3045 4110 3226 4161 suum,
3255 4097 3310 4152 iu

1744 4177 1951 4232 lumine
1976 4185 2176 4233 manet.
2215 4197 2234 4231 ι

1818 4269 1846 4323 I
1889 4269 2030 4326 Tim.
2064 4288 2104 4335 ι,
2138 4272 2191 4328 5.
2224 4303 2296 4316 —-
2329 4293 2348 4326 ι
2392 4274 2471 4329 Ex
2507 4292 2641 4344 puro
2677 4281 2842 4334 corde
2871 4280 3100 4351 diligite.
3146 4300 3164 4333 ι

1814 4358 1846 4417 Ι
1874 4360 2022 4416 Petr.
2046 4378 2120 4428 tv,
2145 4361 2198 4417 8.
2221 4395 2303 4436 -—_
2332 4383 2350 4416 ι
2379 4365 2633 4425 Charitas
2680 4373 2858 4441 operit
2908 4373 3308 4429 multitudinem

1740 4462 2111 4525 peccatorum.
2161 4474 2180 4507 ι

1818 4542 1849 4597 Ι
1878 4543 2041 4599 Joan.
2077 4563 2161 4613 ιιι,
2192 4548 2281 4604 18.
2312 4581 2379 4593 -
2417 4572 2435 4604 ‹
2464 4553 2667 4620 Filioli,
2717 4572 2821 4610 non
2863 4557 3157 4629 diligamus
3184 4576 3305 4616 ver-

1743 4633 1833 4699 bo,
1869 4651 2047 4705 neque
2080 4639 2285 4709 lingua,
2315 4643 2409 4696 sed
2445 4660 2609 4713 opere
2639 4656 2692 4700 et
2725 4650 2972 4706 veritate.
3007 4652 3073 4706 Et
3104 4653 3159 4708 in
3199 4654 3305 4710 hoc

1741 4723 1999 4793 sciemus,
2034 4733 2180 4798 quod
2207 4744 2271 4785 ex
2303 4734 2530 4790 veritate
2562 4753 2774 4795 sumus.
2807 4760 2826 4792 ι

1812 4814 1845 4869 1
1876 4815 2037 4871 Joan.
2084 4836 2160 4887 Iv,
2197 4821 2253 4887 7,
2296 4825 2384 4890 18,
2419 4826 2512 4880 20.
2537 4856 2605 4868 --
2643 4851 2661 4881 ι
2711 4832 3057 4904 Charissimi,
3116 4840 3307 4908 diliga-

1740 4922 1864 4962 mus
1896 4908 2123 4965 invicem
2162 4931 2176 4967 :
2213 4915 2335 4982 quia
2383 4916 2622 4976 charitas
2659 4937 2724 4977 ex
2753 4924 2863 4979 Deo
2887 4938 2992 4995 est,
3036 4938 3092 4985 et
3126 4933 3307 4987 omnis

1741 5000 1837 5069 qui
1867 5000 2064 5073 diligit,
2103 5019 2170 5058 ex
2215 5006 2321 5060 Deo
2361 5020 2520 5063 natus
2554 5022 2657 5078 est,
2702 5029 2757 5070 et
2796 5022 3078 5089 cognoscit
3107 5022 3300 5079 Deum.

1740 5089 1845 5157 Qui
1870 5106 1976 5146 non
2007 5093 2205 5163 diligit,
2238 5113 2348 5151 non
2384 5102 2537 5155 novit
2566 5102 2754 5170 Demn,
2784 5111 2914 5178 quia
2954 5110 3095 5166 Dens
3117 5112 3304 5168 chari-

1741 5190 1825 5237 tas
1854 5192 1959 5238 est.
1987 5180 2177 5239 Timor
2203 5202 2315 5241 non
2346 5198 2432 5244 est
2458 5193 2511 5245 in
2545 5195 2830 5254 charitate.
2860 5198 3109 5256 Perfecta
3154 5205 3304 5259 enim

1735 5275 1978 5330 charitas
2008 5276 2156 5332 foras
2180 5281 2341 5337 mittit
2365 5283 2639 5344 timorem.
2668 5289 2767 5355 Qui
2790 5303 2968 5348 autem
3002 5295 3171 5359 timet,
3196 5314 3303 5354 non

1734 5378 1820 5423 est
1844 5371 2121 5438 perfectus
2156 5376 2211 5430 in
2237 5377 2527 5436 charitate.
2573 5382 2631 5436 Si
2660 5385 2783 5451 quis
2809 5384 3013 5441 dixerit
3039 5391 3297 5457 quoniam

1733 5460 1913 5533 Diligo
1963 5464 2159 5532 Deum,
2216 5481 2273 5525 et
2305 5470 2527 5529 fratrem
2581 5478 2715 5540 odit,
2764 5480 2994 5534 mendax
3041 5493 3145 5539 est.
3194 5484 3300 5553 Qui

1731 5556 1877 5611 enim
1910 5574 2021 5614 non
2042 5560 2220 5632 diligit
2256 5563 2479 5621 fratrem
2525 5583 2682 5623 suum
2717 5586 2876 5639 quem
2914 5573 3079 5639 videt,
3125 5576 3295 5635 Deum

1732 5664 1894 5719 quem
1923 5666 2030 5706 non
2075 5653 2240 5721 videt,
2269 5662 2545 5727 quomodo
2571 5660 2797 5730 diligere
2833 5668 3055 5733 potest?
3095 5688 3113 5721 ι

1802 5740 1863 5797 S.
1903 5740 2102 5811 Ignatii
2129 5744 2228 5815 Ep.
2254 5747 2323 5801 ad
2367 5749 2555 5818 Ephes.
2602 5753 2852 5821 intetpol.
2885 5788 2955 5800 --
2986 5758 3125 5815 Pace
3161 5760 3296 5816 nihil

1731 5843 1818 5889 est
1848 5836 2225 5906 praestantius,
2264 5839 2315 5893 in
2349 5857 2453 5910 qua
2479 5840 2676 5897 bellum
2710 5860 2871 5901 omne
2900 5848 3168 5905 aboletur.
