4024 6482
649 364 785 431 1199
1834 370 1894 429 S.
1936 368 2255 430 JOANNIS
2290 371 2718 437 DAMASCENI
3731 390 3839 461 12m

715 474 883 528 Basil.
913 490 977 528 ea:
1005 472 1285 545 Epistolis.
1317 473 1674 540 J—Quantum
1702 475 1772 531 sit
1804 478 2002 532 bonum
2035 476 2204 548 pacis,
2238 485 2282 540 Α

2249 485 2282 540 Α
2383 484 2545 538 Ὅσον
2582 488 2700 540 ἐστὶ
2723 488 2782 540 τὸ
2811 489 2910 560 τῆς
2956 492 3180 562 εἰρήνης
3212 494 3438 563 ἀγαθὸν,
3481 498 3532 549 τί
3559 500 3662 571 χρὴ
3689 500 3838 570 λέγειν

646 568 775 637 quid
806 582 1237 622 commemorare
1278 569 1475 621 attinet
1513 568 1579 623 ad
1610 583 1770 622 veros
1824 569 1966 625 ﬁlios
2012 571 2205 640 pacis?

2308 576 2444 647 πρὸς
2494 578 2693 649 ἄνδρας
2743 583 2891 646 υἱοὺς
2937 584 3037 652 τῆς
3065 587 3320 658 είρήνης;
3353 589 3516 643 Οὐδὲν
3694 568 3837 662 οὕτως

645 658 793 714 Nihil
825 658 970 714 enim
1005 658 1308 714 Christiani
1344 660 1585 715 hominis
1626 659 1761 714 adeo
1794 661 2066 729 proprium
2099 670 2203 724 est,

2310 670 2438 724 ίδιον
2471 672 2817 742 Χριστιανοῦ,
2848 675 2923 737 ὼς
2963 677 3023 730 τὸ
3054 679 3435 750 εἰρηνοποιεῖν,
3476 658 3605 739 διότι
3630 658 3728 741 ⁷καὶ

640 762 708 807 ut
755 751 1115 805 conciliandae
1170 751 1286 820 paci
1326 751 1549 805 studere
1607 769 1622 806 :
1667 750 2104 821 quandoquidem
2134 753 2206 808 ob

2134 753 2206 849 ob
2304 763 2393 817 ἐπ’
2431 765 2603 836 αὐτὴν
2645 767 2837 837 μισθὸν
2866 771 2999 841 ἡμῖν
3031 772 3059 824 ὁ
3088 772 3296 846 Κύριος
3328 777 3705 849 ἐπηγγείλατο.

646 844 788 899 hanc
816 857 1031 913 quoque
1057 858 1277 897 causam
1308 841 1558 898 Christus
1589 843 1869 911 prtemium
1896 842 2055 899 nobis
2085 843 2204 916 pol-

624 936 828 991 Ilicitus
850 945 952 989 est.

716 1026 858 1081 Naz.
885 1042 965 1080 or.
1001 1025 1086 1078 12.
1116 1054 1184 1064 -
1212 1023 1317 1077 Deo
1367 1039 1432 1078 ac
1475 1023 1678 1081 divinis
1715 1026 1884 1082 rebus
1908 1027 2202 1098 propinqui

2371 1020 2506 1073 Θεοῦ
2535 1022 2769 1075 καὶτῶν
2799 1023 2963 1078 θείων
3007 1027 3195 1095 ἐγγὺς,
3251 1030 3367 1082 ὅσοι
3401 1031 3461 1084 τὸ
3504 1032 3603 1103 τῆς
3645 1034 3841 1107 εἰρήνης

639 1130 788 1185 sunt,
828 1121 1145 1191 quicunque
1187 1118 1335 1187 pacis
1377 1119 1581 1172 bonum
1630 1119 1927 1189 amplexari
1969 1136 2205 1176 cernun-

2302 1111 2504 1179 ἀγαθὸν
2536 1113 2907 1183 ἀσπαζόμενοι
2932 1117 3237 1184 φαίνονται,
3281 1121 3375 1172 καὶ
3404 1121 3480 1192 τῷ
3515 1126 3762 1197 ἐναντίῳ,
3793 1133 3838 1201 τῇ

639 1222 749 1277 tur,
780 1227 844 1266 ac
876 1210 1174 1273 contrario,
1224 1224 1319 1263 seu
1354 1209 1610 1276 dissidio,
1660 1210 1858 1267 iniens:
1903 1220 2067 1283 atque
2114 1214 2201 1267 in-

1990 1228 2067 1283 me
2114 1214 2201 1267 in-
2302 1204 2489 1258 στάσει
2518 1204 2975 1277 ἀπεχθραίνονται
3000 1207 3095 1261 καὶ
3124 1208 3579 1283 δυσχεραίνουσιν.

638 1304 761 1358 festi
797 1310 944 1357 sunt.

708 1392 872 1464 Nysa.
900 1408 981 1447 0r.
1014 1392 1068 1455 π,
1098 1391 1175 1445 De
1198 1391 1382 1446 beatit.
1417 1422 1485 1432 —
1507 1374 1974 1457 Quemadmodum
2007 1393 2199 1449 oborta

2374 1388 2581 1459 ’Ὠσπερ
2614 1388 2803 1457 ὑγείας
2854 1388 3242 1461 ἐπιλαϐούσης,
3269 1394 3425 1461 νόσος
3462 1396 3838 1469 ἐξαφανξζετιι,

624 1487 873 1543 sanitate
922 1485 1144 1540 morbus
1190 1486 1257 1539 de
1302 1484 1480 1539 medio
1543 1486 1768 1550 tollitur,
1813 1502 1877 1539 ac
1921 1486 2042 1540 luce
2080 1502 2201 1542 sese

2299 1481 2391 1534 καί
2418 1481 2596 1549 φωτὸς
2620 1482 2920 1550 φαίνοντος.
2950 1486 3047 1556 οὐχ
3081 1487 3431 1542 ὑπολείπεται
3455 1492 3664 1558 σκότος,
3697 1497 3836 1560 οὕτως

629 1587 911 1645 exerente,
964 1578 1126 1633 nulla:
1176 1588 1475 1646 supersunt
1522 1578 1795 1633 tenebrae:
1826 1578 1906 1632 sic
1951 1579 2041 1633 ubi
2094 1594 2198 1649 pax

2299 1572 2521 1641 καὶτῆς
2573 1574 2794 1645 εἰρήνης
2822 1576 3197 1650 ἐπιφανείσης,
3251 1582 3438 1637 λύεται
3480 1586 3659 1640 πάντα
3704 1590 3836 1643 cii:

633 1671 837 1737 illuxit,
875 1671 1006 1725 vitia
1043 1669 1248 1733 omnia,
1289 1685 1411 1738 quae
1449 1685 1515 1723 ex
1544 1670 1820 1723 contrario
1866 1660 2199 1735 conﬂantur,

2258 1720 2261 1723 _
2298 1665 2391 1718 τοῦ
2423 1667 2667 1721 ἐναντίου
2698 1676 3068 1741 συνιστάμενα
3092 1674 3262 1745 πάθη.
3300 1678 3451 1731 Πᾶσα
3480 1680 3512 1749 ἡ
3543 1680 3655 1733 τῶν
3684 1683 3838 1734 κακῶν

614 1769 991 1818 evanescunt.
1027 1758 1219 1815 Omnis
1250 1761 1516 1815 malorum
1550 1769 1770 1815 caterva
1796 1760 1992 1816 aﬂectu
2019 1762 2201 1817 chari~

2029 1762 2201 1817 chari-
2232 1830 2270 1839 Ἀ
2300 1758 2471 1830 ἀγέλη
2502 1762 2566 1830 τῇ
2598 1762 2915 1836 ἀγαπητικῇ
2939 1764 3178 1821 διαθέσει
3216 1768 3618 1839 ἐξαφανίξεται.

630 1854 762 1908 tatis
789 1855 1179 1924 exstinguitur.
2230 1830 2273 1888 Β

702 1943 987 1997 Charitate
1002 1952 1054 1997 et
1079 1957 1209 2010 pace
1225 1940 1361 1995 nihil
1384 1940 1668 1996 sublimius
1697 1939 1971 2010 Scriptura
1991 1942 2200 1996 statuit.

2375 1930 2485 2002 Τῆς
2502 1934 2720 2007 ἀγάπης
2735 1938 2939 2011 καὶτῆς
2958 1941 3182 2015 εἰρήνης
3208 1945 3358 2002 οὐδὲν
3380 1948 3652 2022 ἀνώτερον
3664 1953 3834 2023 τίθησι

702 2034 975 2104 Clirysost.
1008 2032 1082 2087 De
1122 2033 1262 2103 prof.
1308 2034 1466 2101 episc.
1497 2032 1638 2086 Imm.
1673 2047 1756 2097 ιιι,
1788 2031 1867 2086 De
1900 2041 2029 2086 stat.
2055 2063 2126 2072 —
2149 2032 2201 2087 is

2372 2025 2628 2080 Τοιοῦτον
2655 2029 2763 2082 τῶν
2790 2031 3132 2099 ἀγαπώντων
3156 2035 3217 2089 τὸ
3246 2037 3396 2103 ἐθοςο
3448 2042 3627 2096 πάντα
3658 2046 3727 2099 τὰ
3757 2049 3838 2101 τῶν

618 2125 933 2180 amantium
971 2140 1086 2179 mos
1123 2134 1229 2192 est,
1261 2133 1319 2178 ut
1348 2140 1539 2179 eorum
1580 2138 1717 2193 quos
1743 2131 1952 2189 amant,
1984 2125 2200 2195 negotia

2302 2115 2681 2187 ἀγαπωμένων
2714 2121 3011 2192 πράγματα
3034 2123 3105 2176 δι’
3144 2125 3323 2180 αὐτῶν
3356 2129 3611 2185 ἀνύεσθαι
3651 2133 3838 2203 βούλον-

616 2218 813 2273 omnia
841 2233 936 2287 per
959 2234 1018 2275 se
1039 2217 1231 2272 conﬁci
1261 2218 1453 2281 velint,
1476 2231 1577 2272 nec
1604 2232 1697 2273 eos
1727 2217 1936 2287 absque
1956 2232 2016 2272 se
2036 2217 2201 2289 quid-

2298 2224 2409 2301 ται,
2442 2209 2536 2261 καὶ
2565 2210 2729 2282 μηδὲν
2749 2213 2917 2285 χωρὶς
2944 2216 3125 2272 αὐτῶν
3148 2219 3408 2286 ἐκείνους,
3450 2223 3525 2296 μὴ
3556 2230 3758 2295 ποιεῖν,
3782 2232 3835 2301 μὴ

626 2325 798 2381 quam
826 2311 1004 2365 facere
1036 2312 1119 2365 vel
1147 2308 1319 2379 loqui.
2050 2326 2067 2337 κ

906 2325 1004 2365 :ere
1036 2312 1119 2365 vel
1147 2308 1319 2379 loqui.
2050 2326 2067 2337 ι
2298 2294 2495 2366 λέγειν.

702 2403 894 2473 Ε]ιιεά.
920 2403 1062 2461 hom.
1079 2404 1138 2456 in
1166 2402 1352 2472 parab.
1373 2402 1549 2457 decem
1570 2403 1683 2458 mil.
1702 2405 1799 2458 tal.
1821 2431 1880 2447 -—
1897 2403 2196 2459 Charitatis

2379 2392 2441 2444 'H
2479 2394 2580 2463 τῆς
2616 2396 2839 2468 ἀγάπης
2877 2398 3039 2468 φύσις
3086 2402 3247 2474 κόρον
3282 2407 3383 2460 οὐκ
3420 2403 3581 2476 οἶδεν,
3612 2413 3731 2466 ἀλλ’
3773 2417 3836 2469 ἀεὶ

628 2506 826 2551 natura
849 2496 1157 2551 satietatem
1175 2495 1381 2551 nullam
1400 2496 1647 2565 agnoscit
1670 2516 1682 2550 :
1704 2497 1838 2566 quin
1864 2497 2046 2567 potius
2067 2499 2193 2551 dum

2296 2484 2402 2537 τῶν
2435 2486 2815 2559 ἀγαπωμένων
2838 2492 3203 2562 ἀπολαύουσα,
3233 2498 3368 2569 πρὸς
3394 2501 3615 2570 μείζονα
3651 2507 3834 2577 αἴρεται

616 2588 738 2645 illis
773 2604 911 2659 quos
945 2589 1147 2643 charos
1179 2587 1367 2650 habet,
1404 2601 1619 2655 semper
1661 2586 1885 2653 fruitur,
1935 2588 1990 2642 in
2025 2588 2193 2657 majo-

2295 2574 2488 2643 φλόγα.
2519 2577 2628 2630 Καὶ
2672 2579 2831 2632 τοῦτο
2856 2581 2883 2633 ό
2906 2581 3109 2651 ταύτης
3148 2585 3417 2658 τρόφιμος
3459 2590 3618 2655 εἰδὼς
3654 2574 3833 2658 Παῦλος

617 2696 743 2736 «rem
783 2681 1054 2735 ﬂammam
1100 2680 1360 2750 assurgit.
1387 2679 1543 2744 Quod
1581 2695 1700 2733 cum
1727 2680 1983 2734 alumnus
2018 2681 2192 2751 ipsius

2292 2666 2479 2736 ἔλεγεν
2506 2685 2519 2698 ·
2563 2688 2581 2721 ι
2620 2670 2827 2740 Μηδενὶ
2868 2674 3036 2744 μηδὲν
3063 2676 3327 2744 ὀφείλετε,
3360 2682 3409 2733 εἰ
3439 2684 3513 2753 μὴ
3538 2685 3599 2741 τὸ
3643 2689 3834 2756 ἀγαπᾷν

617 2770 827 2826 Ῥοιιιυε
851 2780 1193 2841 compertum
1228 2770 1475 2837 haberet,
1503 2770 1714 2825 aiebat:
1751 2789 1769 2821 ι
1800 2769 2015 2826 Nemini
2038 2774 2191 2841 quid-

2289 2758 2574 2829 ἀλλήλους.
2602 2780 2619 2813 ι
2644 2762 2813 2817 Τοῦτο
2836 2766 2943 2834 γὰρ
2964 2765 3025 2817 τὸ
3045 2766 3264 2839 ὄφλημα
3287 2771 3372 2824 ἀεὶ
3403 2774 3504 2843 μὲν
3528 2781 3834 2833 καταϐάλλε-

622 2876 790 2932 quam
830 2861 1095 2927 debeatis,
1128 2859 1263 2929 ,ιιίεὶ
1314 2869 1372 2914 ιιι
1413 2860 1648 2915 invicem
1705 2859 1966 2929 diligatis.
2008 2880 2026 2913 ι
2074 2861 2189 2917 Hoc

2288 2870 2399 2919 ται,
2438 2854 2696 2910 οὐδέποτε
2734 2857 2790 2910 δὲ
2819 2859 3145 2914 ἀποδίδοται.
3193 2863 3454 2919 Ἐνταῦθα
3502 2868 3564 2921 τὸ
3596 2871 3834 2942 διηνεκῶς

614 2954 768 3008 enim
819 2953 1062 3008 debitum
1114 2964 1327 3019 semper
1387 2951 1609 3020 quidem
1654 2952 1943 3019 penditur;
1999 2969 2185 3009 verum

2291 2944 2478 3015 ὀφλεῖν
2531 2947 2695 3000 καλὸν
2746 2948 2837 3002 xei.
2865 2949 3099 3005 ἐπαίνων
3129 2953 3298 3018 ἄξιον.
3347 2956 3469 3011 Ἐπὶ
3495 2960 3597 3030 μὲν
3621 2964 3730 3036 γάρ
3748 2964 3834 3019 τῶν

610 3046 850 3102 Δ(ιιιιιιὶιιο
895 3062 1000 3100 non
1044 3045 1395 3116 persolvitur.
1452 3044 1567 3099 lloe
1606 3045 1767 3099 modo
1802 3047 2068 3115 optimum
2105 3058 2188 3102 est

2288 3040 2607 3110 χρημάτων,
2637 3042 2766 3104 τοὺς
2798 3042 2963 3110 μηδὲν
3002 3042 3314 3112 ὀφείλοντας
3356 3051 3712 3124 ἐπαινοῦμεν,
3760 3058 3836 3109 ἐπὶ

610 3146 677 3193 et
709 3138 868 3193 laude
906 3138 1128 3208 dignum
1156 3144 1427 3207 perpetuo
1454 3136 1754 3191 debitorem
1795 3150 1940 3191 esse.
1969 3136 2169 3191 Etenin

2245 3169 2253 3223 ἶ
2285 3130 2341 3182 δὲ
2370 3132 2468 3202 τῆς
2494 3133 2733 3204 ἀγάπης,
2760 3138 2886 3200 τοὺς
2913 3138 3176 3208 διηνεκῶς
3206 3141 3521 3209 ὀφείλοντας
3551 3149 3834 3218 μακαρίζο·

618 3230 715 3284 ubi
737 3231 802 3285 tle
833 3230 1078 3300 pecuniis
1116 3230 1311 3299 agitur,
1349 3243 1447 3284 eos
1494 3228 1785 3285 laudamus
1808 3230 1899 3298 qui
1922 3231 2057 3284 nihil
2090 3234 2184 3286 de-

2290 3242 2391 3295 μεν
2411 3242 2425 3255 '
2452 3227 2545 3280 καὶ
2570 3228 2706 3301 ὅπερ
2732 3230 3123 3302 ἀγνωμοσύνης
3151 3233 3286 3297 ἐκεῖ,
3313 3234 3468 3288 τοῦτο
3504 3238 3737 3292 ἐνταῦθα
3756 3242 3835 3294 £6-

605 3322 784 3377 rbeant
810 3336 970 3387 ;cum
998 3329 1177 3375 autem
1203 3319 1271 3375 de
1296 3320 1587 3385 charitate,
1611 3322 1799 3377 beatos
1817 3322 2031 3377 demum
2060 3325 2185 3379 illos

2285 3317 2639 3390 γνωμοσύνης
2661 3322 2886 3392 σημεῖόν
2910 3326 3047 3390 ἐστι,
3069 3324 3131 3378 τὸ
3163 3325 3433 3397 μηδέποτε
3454 3328 3763 3386 διαλύεσθαι
3786 3333 3835 3385 τὸ

609 3412 1001 3481 praedicant-us,
1026 3410 1118 3481 qui
1151 3425 1371 3482 semper
1394 3411 1602 3467 debent
1635 3430 1649 3466 :
1681 3420 1737 3467 et
1771 3413 1917 3483 quod
1946 3415 2059 3470 illic
2095 3415 2181 3469 in-

1309 3425 1371 3466 er
1394 3411 1602 3467 debent
1635 3430 1649 3466 :
1681 3420 1737 3467 et
1771 3413 1917 3483 quod
1946 3415 2059 3470 illic
2095 3415 2181 3469 in-
2282 3410 2384 3480 τῆς
2414 3411 2634 3485 ἀγάπης
2660 3413 2898 3487 ὄφλημα.

608 3506 752 3573 grati
775 3504 959 3565 animi,
988 3503 1076 3557 hic
1097 3502 1257 3573 355
1273 3503 1415 3571 grati
1438 3513 1490 3557 et
1510 3503 2057 3574 probi,argumentum
2078 3516 2182 3572 est,

615 3598 874 3651 nimirum
910 3611 1191 3665 nunquam
1224 3594 1510 3652 charitatis
1529 3594 1771 3651 debitum
1801 3598 2109 3653 exsolvere.

686 3687 876 3758 Ejusd.
908 3689 972 3742 de
994 3704 1111 3759 gen.
1160 3687 1261 3757 fer.
1282 3698 1522 3756 paupert.
1554 3717 1624 3727 -—-
1651 3686 1754 3755 Qui
1788 3703 1972 3758 pacem
2003 3691 2180 3744 omni-

2362 3692 2420 3746 Ὀ
2452 3694 2825 3766 ἐπευξάμενος
2856 3699 3081 3769 εἰρήνην
3110 3699 3304 3766 ἅπασι,
3339 3704 3435 3758 τὸν
3474 3706 3715 3777 πόλεμον
3742 3726 3834 3761 πα-

613 3783 717 3843 bus
763 3791 1039 3852 precatur,
1084 3781 1131 3835 is
1169 3780 1642 3850 perturbationum
1705 3780 1909 3835 bellum
1964 3780 2180 3853 abegit;

2282 3784 2390 3838 θῶν
2422 3784 2700 3852 ἐξέϐαλεν,
2732 3788 2831 3859 τὴν
2847 3790 3125 3861 ἁμαρτίαν
3160 3792 3269 3846 τῶν
3296 3795 3519 3850 ἀτόπων
3541 3797 3831 3870 λογισμῶν,

611 3884 891 3947 peccatum
956 3882 1108 3943 puta,
1172 3887 1555 3943 perversarum
1631 3872 2030 3942 cogitationum
2087 3883 2179 3928 tu-

2278 3877 2379 3945 τὴν
2402 3880 2647 3949 ταραχὴν
2669 3879 2777 3932 τῶν
2804 3880 3128 3951 ἐπιθυμιῶν,
3162 3883 3261 3955 τὴν
3287 3884 3475 3956 ζάλην,
3504 3887 3573 3939 τά
3602 3890 3829 3959 κύματα,

613 3967 862 4031 multum,
903 3965 1221 4036 procellam,
1280 3964 1501 4030 ﬂuctus,
1558 3962 1900 4035 hiememque
1965 3966 2178 4036 cupidi-

2277 3963 2368 4017 τὸν
2394 3965 2656 4034 χειμῶνα,
2674 3968 2767 4020 καὶ
2789 3967 3007 4038 λιμένος
3032 3971 3355 4043 εύδιωτέραν
3377 3975 3474 4045 τήν
3512 3976 3690 4049 ψυχὴν
3718 3996 3835 4031 κατα

609 4067 808 4120 tatum,
864 4067 916 4113 et
972 4055 1413 4127 tranquilliorem
1461 4056 1659 4126 quovis
1712 4064 1873 4125 portu
1932 4057 2175 4110 animum

2278 4053 2566 4120 εσκεύασε,
2599 4055 2698 4126 τὴν
2736 4057 2949 4127 μητέρα
2986 4058 3081 4111 καὶ
3120 4060 3306 4130 κοινὴν
3332 4062 3534 4132 τροφὸν
3568 4065 3679 4117 τῶν
3705 4066 3832 4131 ἀγα-

610 4150 880 4215 τοιιάὶόὶι;
919 4149 1092 4219 utqui
1138 4163 1327 4218 pacem
1392 4148 1665 4203 bonorum
1704 4147 1946 4202 omnium
1977 4163 2178 4218 paren-

2278 4146 2387 4200 θῶν
2436 4148 2691 4203 ἁπάντων
2738 4150 2983 4221 εἰρήνην,
3028 4151 3168 4218 μετὰ
3210 4153 3409 4225 πολλῆς
3462 4156 3566 4226 τῆς
3606 4158 3832 4225 σπουδῆς

610 4255 719 4298 tem
767 4256 1222 4312 communemque
1266 4240 1560 4305 nutricem,
1593 4241 1649 4295 in
1686 4241 1899 4309 piorum
1926 4240 2022 4310 qui
2054 4255 2174 4297 eam

2276 4242 2356 4304 εἰς
2374 4241 2475 4313 τὴν
2521 4241 2699 4316 ψυχὴν
2730 4244 2840 4298 τῶν
2881 4244 3190 4316 δεξαμένων
3221 4246 3322 4318 τὴν
3365 4248 3596 4321 εἰρήνην
3634 4249 3831 4303 πιστῶν

608 4334 977 4403 susceperint,
1007 4334 1248 4387 animum
1284 4332 1454 4387 multo
1485 4332 1669 4388 studio
1707 4333 1994 4389 invexerit.

1016 4334 1248 4387 animum
1284 4332 1454 4387 multo
1485 4332 1669 4388 studio
1707 4333 1994 4389 invexerit.
2275 4335 2605 4403 εἰσαγαγών.

679 4421 959 4492 Ejusdem,
995 4421 1059 4476 de
1107 4421 1302 4476 charit.
1332 4452 1398 4463 —
1423 4420 1586 4477 Velut
1628 4435 1801 4491 neque
1838 4421 2020 4477 anima
2053 4422 2174 4479 sine

2346 4426 2558 4499 ’Ὠσπερ
2578 4428 2724 4500 ψυχὴ
2743 4429 2875 4483 ἄνευ
2897 4429 3148 4501 σώματος
3169 4432 3453 4504 ἄνθρωπος
3482 4434 3545 4487 ού
3568 4435 3829 4497 καλεῖται,

602 4528 860 4585 corpore,
915 4530 1093 4585 neque
1139 4529 1342 4586 corpus
1380 4515 1500 4569 sine
1562 4514 1764 4581 anima,
1803 4512 2037 4570 hominis
2074 4530 2174 4569 no-

2238 4544 2249 4587 .
2275 4519 2385 4574 οὐδ’
2412 4514 2479 4574 αὖ
2510 4521 2670 4591 σῶμα
2716 4522 2845 4577 ἄνευ
2878 4524 3076 4596 ψυχῆς,
3121 4525 3294 4591 οὕτως
3324 4527 3444 4582 οὐδὲ
3481 4529 3672 4598 ἀγάπη
3700 4527 3827 4597 πρὸς

598 4623 729 4663 -ιιιθη
759 4608 990 4672 obtinet,
1020 4608 1101 4663 sic
1124 4622 1226 4663 nec
1251 4607 1498 4662 charitas
1513 4621 1640 4677 erga
1676 4606 1869 4671 Deum,
1898 4606 2005 4661 nisi
2034 4605 2167 4661 cha-

2273 4611 2428 4674 Θεὸν,
2465 4614 2565 4668 ἐὰν
2594 4613 2669 4686 μὴ
2698 4613 2795 4687 ἔχῃ
2835 4616 3130 4671 ἀκόλουθον
3165 4620 3261 4672 καὶ
3288 4619 3391 4691 τὴν
3416 4619 3552 4691 πρὸς
3580 4621 3670 4673 τὸν
3696 4620 3826 4686 πλη-

605 4703 820 4757 ritatem
870 4715 1001 4771 erga
1051 4698 1359 4770 proximum
1392 4700 1647 4755 comitem
1678 4696 1896 4761 liabeat,
1926 4697 2170 4752 charitas

2272 4705 2387 4758 σίον
2415 4707 2656 4778 ἀγάπην,
2703 4709 2766 4761 οὐ
2802 4711 3059 4779 τυγχάνει
3109 4711 3300 4781 ἀγάπη
3320 4730 3332 4741 ·
3363 4713 3475 4766 οὐδ’
3505 4709 3570 4767 αὖ
3610 4712 3767 4767 πάλιν
3796 4713 3826 4780 ή

590 4792 832 4848 dicenda
865 4794 990 4848 erit.
1024 4790 1135 4847 Nec
1184 4789 1646 4870 rursus_cbaritas
1677 4804 1804 4860 erga
1834 4792 2168 4859 proximum,

2273 4797 2411 4868 πρὸς
2431 4798 2524 4852 τὸν
2556 4801 2787 4871 πλησίον
2819 4802 3028 4874 ἀγάπη,
3051 4802 3145 4857 ἐὰν
3172 4804 3247 4875 μὴ
3269 4804 3366 4876 ἔχη
3397 4807 3499 4877 τὴν
3525 4807 3659 4876 πρὸς
3678 4805 3822 4864 Θεὸν,

590 4885 890 4939 cbaritatis
935 4898 1138 4938 nomen
1172 4884 1311 4939 tueri
1372 4884 1569 4952 possit,
1604 4880 1711 4935 nisi
1754 4881 1997 4937 charitas
2039 4897 2168 4953 erga

2272 4884 2333 4936 οὐ
2366 4886 2609 4967 καλεῖται
2636 4888 2847 4960 ἀγάπη.
2874 4890 2965 4943 Διὸ
2988 4891 3215 4946 σπάνιον
3244 4893 3391 4947 ἐστιν
3421 4895 3603 4966 εὑρεῖν
3623 4894 3822 4949 τελείαν

594 4976 769 5032 Deum
832 4974 1148 5030 accesserit.
1206 4974 1573 5040 Quamobrem
1624 4972 1868 5043 perfecta
1923 4972 2169 5028 charitas
2272 4968 2514 5048 ἀγάπην.

594 5084 725 5125 raro
746 5065 977 5124 inveniri
1010 5072 1206 5135 potest.

667 5159 863 5231 Ejuad.
888 5189 961 5203 —
999 5157 1325 5225 Quicunque
1362 5155 1529 5225 igitur
1574 5156 1645 5211 de
1694 5155 1875 5221 Patre,
1909 5164 1962 5209 et
2004 5154 2166 5219 Filio,

2342 5153 2497 5206 Ὅσοι
2527 5153 2707 5206 τοίνυν
2758 5156 3054 5226 ὀρθοδόξως
3111 5159 3368 5229 φρονοῦσι
3433 5164 3565 5233 περὶ
3603 5162 3824 5233 Πατρὸς.

591 5261 653 5308 et
684 5251 893 5324 Spiritu
938 5257 1135 5307 sancto
1187 5254 1337 5302 recte
1366 5252 1631 5310 sentiunt,
1663 5262 1727 5301 ac
1753 5253 2014 5316 praeterea
2044 5261 2166 5300 mu-

2270 5244 2364 5296 καί⁵
2393 5243 2545 5306 Υἰοῦ,
2574 5246 2670 5297 καὶ
2707 5246 2862 5314 ἀγίου
2898 5248 3236 5318 Πνεύματος,
3265 5253 3359 5305 καὶ
3390 5254 3493 5324 τήν
3547 5256 3622 5318 εἰς
3659 5255 3826 5321 ἀλλὴ-

592 5322 747 5400 tuam
790 5345 934 5399 inter
986 5358 1047 5399 se
1078 5341 1429 5396 dilectionem
1477 5348 1723 5405 servant,
1773 5340 1827 5394 hi
1867 5339 2164 5410 perfectam

2273 5335 2389 5398 λους
2413 5336 2678 5404 φυλάττου
2688 5355 2769 5390 σιν
2797 5339 3038 5408 ἀγάπην,
3057 5334 3203 5394 οῦτοι
3233 5322 3529 5415 κέκτηνται
3550 5346 3609 5398 τὸ
3625 5322 3862 5397 τέλειῡνἚ

596 5436 923 5491 charitatem
982 5434 1211 5489 habent.
1263 5430 1524 5487 Charitas
1582 5429 1799 5486 Patrem
1848 5432 2163 5493 conﬁtetur,

2266 5427 2367 5498 τῆς
2397 5429 2637 5497 ἀγάπης.
2683 5430 2898 5500 Ἀγάπη
2927 5434 3149 5505 Πατέρα
3189 5435 3464 5504 ὁμολογεῖ,
3498 5438 3621 5491 Υἰὸν
3650 5452 3829 5505 πριοσο

595 5525 793 5579 Filium
853 5524 1072 5590 adorat,
1102 5522 1366 5593 Spiritum
1415 5528 1669 5578 sanctum
1703 5521 1992 5593 gleriﬁeat.
2024 5521 2168 5576 Cha-

2266 5524 2445 5586 κυνεῖ,
2475 5523 2569 5576 καὶ
2598 5521 2661 5575 τὸ
2698 5524 2854 5592 ἅγιον
2883 5524 3107 5596 Πνεῦμα
3142 5527 3436 5596 δοξολογεῖ.
3481 5530 3681 5598 ’Δγάπη
3729 5529 3830 5597 τὴν

596 5615 733 5672 ritas
777 5614 1066 5671 Trinitatis
1093 5613 1445 5670 concordiam
1496 5627 1603 5669 non
1643 5613 1875 5667 dirimit.
1904 5613 2165 5670 Charitas

2268 5613 2585 5683 συμφωνίαν
2609 5616 2708 5685 τῆς
2731 5615 2960 5687 Τριάδος
2981 5617 3042 5669 οὐ
3070 5617 3289 5690 διαιρεῖ.
3335 5620 3546 5691 ’Δγάπη
3581 5619 3827 5686 ἀγγέλων

595 5705 911 5779 angelorum
961 5707 1168 5763 sodalis
1195 5715 1301 5772 est,
1333 5707 1775 5777 patriarcharum
1801 5706 2160 5771 collaetanea,

2268 5703 2516 5776 σύμϐιος,
2543 5707 2795 5779 πατέρων
2840 5710 3155 5782 σύντροφος,
3196 5714 3490 5785 προφητῶν
3537 5715 3824 5783 σύσκηνος,

596 5798 976 5869 prophetarum
1008 5801 1441 5869 contubernalis,
1496 5798 1816 5858 certaminis
1850 5808 2155 5870 martyrum

2269 5798 2561 5873 μαρτύρων
2602 5802 2885 5869 σύναθλος,
2931 5804 3244 5860 ἀποστόλων
3270 5806 3549 5877 σύγχορος,
3585 5805 3824 5867 Ἐκκλη-
