4024 6430
224 435 350 501 1201

1465 446 1697 505 SACRA
1738 445 2180 506 PARALLELA

3311 446 3465 511 1202‘

220 560 342 611 σιας
366 547 684 619 σύνδεσμος.
725 549 1214 622 ’Λγάπηπόλεμον
1242 553 1344 607 οὐκ
1388 550 1553 616 οἶδεν,
1588 556 1780 628 ἐχθρὸν

1889 569 2091 617 comes,
2140 555 2514 624 apostolorum
2560 552 2713 609 chori
2740 554 2912 619 socia,
2947 554 3226 611 vinculum
3261 556 3457 618 Coele.»

218 639 316 693 ούκ
362 639 497 710 ἔχει,
522 640 748 710 εἰρήνην
788 641 1102 712 πρεσϐεύει.
1134 642 1345 716 ’Δγάπη
1382 649 1637 714 φονικοὺς
1687 648 1779 701 Θυ-

222 732 355 803 μοῦς
397 716 650 802 πραΰνει,
691 732 955 801 λογιιιοίις¹
987 734 1152 799 λαοὺς
1201 738 1480 808 σεμνύνει.
1558 740 1774 811 ’Δγάπη

219 824 278 878 ὲν
316 818 395 894 τῷ
426 823 619 894 κόσμῳ
671 823 746 896 μὴ
783 826 1054 897 χωροῦσα,
1097 828 1189 882 καὶ
1218 829 1277 882 ὲν
1322 835 1548 902 ταπεινῇ
1581 833 1781 904 καρδίᾳ

220 909 568 966 κατοικοῦσα.
606 912 819 985 Ἀγάπη
873 915 1091 985 μέλιτος
1130 917 1227 971 καὶ
1264 919 1533 987 γάλακτος
1576 922 1779 988 γλυκυο

217 1001 369 1073 τέρα,
396 1003 430 1073 ὴ
461 1001 536 1074 μὴ
568 1004 730 1074 μόνον
759 1008 816 1058 έν
860 1005 938 1077 τῷ
982 1008 1211 1076 στόματι
1247 1009 1308 1062 τὸ
1341 1010 1511 1077 γλυκὺ
1559 1012 1779 1082 ἔχουσα,

218 1093 350 1147 ἀλλά
388 1097 447 1147 ὲν
510 1093 588 1167 τῷ
630 1095 785 1167 βάθει
831 1096 932 1168 τῆς
979 1098 1206 1169 καρδίας
1248 1100 1308 1153 τὸ
1335 1101 1435 1171 ήδὺ
1493 1103 1778 1174 κέκτηται.

232 1185 443 1256 ’Δγάπη
483 1186 518 1257 ἡ
571 1180 790 1241 πάντων
820 1190 1064 1261 ἁρμογὴ,
1096 1191 1164 1244 δι’
1220 1188 1291 1266 ἧς
1343 1194 1640 1265 συνέστηκε
1682 1196 1781 1266 μὲν

218 1276 287 1330 τὰ
317 1277 557 1346 ἐπίγεια,
604 1278 754 1344 αὔξει
786 1281 841 1334 δὲ
871 1281 941 1335 τά
987 1283 1232 1354 οὐράνια.
1265 1285 1498 1355 Ἀγάπη,
1544 1288 1614 1341 δι’
1642 1287 1710 1358 ἢν
1753 1290 1782 1343 ὁ

219 1367 350 1430 Θεὸς
368 1369 460 1422 τὸν
486 1369 681 1423 ἑαυτοῦ
710 1371 838 1423 Υιὸν
858 1373 1176 1428 ἀπέστειλεν
1191 1377 1271 1439 είς
1297 1377 1390 1430 τὸν
1419 1379 1622 1451 κόσμον
1643 1381 1782 1452 ὑπὲρ

220 1460 406 1530 ἡμῶν·
440 1461 584 1515 ὥστε
613 1462 704 1516 τὸν
740 1464 868 1518 Υἱὸν
895 1465 1063 1521 αὐτοῦ
1112 1468 1207 1522 τὸν
1260 1471 1525 1541 μονογενῆ
1580 1472 1781 1527 ἔδωκεν

220 1551 299 1613 εἰς
330 1552 420 1604 τὸν
450 1553 654 1624 κόσμον
682 1555 824 1626 ὑπὲρ
878 1558 1056 1628 ἡμῶν.
1109 1560 1324 1631 ’Μάπη
1360 1562 1429 1616 τὰ
1465 1562 1634 1635 ζεύγη
1676 1564 1782 1620 τῶν

220 1642 461 1714 ἀρότρων
491 1646 811 1716 ὁμοφρόνως
850 1647 929 1719 τῷ
966 1649 1110 1723 ξύλῳ
1132 1651 1226 1729 toi}
1265 1656 1500 1726 σταυροῦ
1548 1656 1783 1720 ὑπέζευ-

220 1733 335 1800 ξενο
362 1736 639 1801 κινδύνους
676 1737 735 1791 δὲ
762 1741 906 1821 κατά
927 1744 1031 1812 γῆν
1062 1743 1155 1797 καὶ
1178 1744 1454 1801 Θάλασσαν
1489 1749 1781 1819 ὑπομένειν

221 1826 470 1894 ἐδίδαξεν.
542 1828 753 1902 Ἀγάπη
818 1831 1105 1906 μάρτυρας
1162 1835 1396 1903 τελειοῖ,
1449 1839 1782 1907 ἀποστόλους

223 1918 491 1986 στεφανοῖ.
521 1912 734 1992 ’Δγάπη
765 1920 944 1988 ἄλλον,
969 1923 1043 1988 ὡς
1069 1925 1261 1981 ἑαυτὸν
1288 1927 1411 1999 ὁρᾷ,
1440 1930 1539 1984 καὶ
1565 1931 1634 1985 τά
1673 1933 1781 1988 ῖδια

221 2008 374 2060 κοινά
404 2009 570 2063 πᾶσιν
608 2012 848 2081 ἡγεῖται.
888 2013 1101 2086 ’Δγάπη
1130 2015 1230 2088 τὴν
1264 2016 1473 2073 ἔνδειαν
1510 2021 1606 2075 τοῦ
1645 2023 1782 2095 πλη-

225 2098 335 2152 σίον
362 2100 634 2173 μέριμναν
664 2103 802 2158 ίδίαν
829 2106 1065 2177 τίθησιν.
1104 2108 1316 2181 Ἀγάπη
1357 2112 1545 2184 κοινὴν
1572 2115 1781 2186 τράπε-

222 2188 321 2255 ζαν
347 2195 510 2247 πᾶσιν
542 2194 683 2267 ἱστᾷ,
710 2196 946 2270 πλουσίῳ
974 2215 1034 2252 τε
1063 2200 1158 2273 καὶ
1187 2201 1402 2273 πένητι,
1433 2204 1583 2276 σοφῷ
1597 2223 1655 2259 τε
1686 2209 1781 2262 καὶ

228 2283 434 2356 ἰδιώτῃ.
467 2286 679 2358 Ἀγάπη
709 2289 809 2361 τὴν
849 2292 1306 2364 πεπικρασμένην
1353 2296 1533 2368 ψυχὴν
1557 2299 1782 2366 γλυκαί-

220 2392 324 2443 νει,
350 2379 446 2448 τὴν
466 2379 833 2453 τεθλιμμένην
853 2383 1170 2455 θεραπεύει,
1193 2386 1292 2457 τὴν
1308 2394 1782 2466 τεταπεινωμένην

226 2468 546 2525 ἀναϐάλλειν
593 2477 755 2530 ποιεῖ.
814 2477 1025 2550 Ἀγάπη
1065 2481 1327 2536 ἄσϐεστον
1369 2483 1626 2554 λαμπάδα
1682 2487 1783 2555 τῆς

222 2560 520 2632 παρθενίας
551 2567 861 2639 περιφέρει,
888 2572 983 2624 καὶ
1010 2572 1132 2638 τοὺς
1166 2575 1328 2639 ἰδίους
1363 2578 1781 2648 περιεργάζεται

223 2652 481 2725 ζητοῦσα.
520 2657 734 2730 Ἀγάπη
774 2662 873 2726 τὰς
900 2665 1311 2736 τῆςηβασιλείας
1356 2668 1525 2739 θύρας
1553 2670 1780 2740 ἀνοίγει,

217 2742 465 2808 καὶτοὺς
497 2746 557 2799 ὲν
586 2748 770 2820 σεμνῷ
799 2753 963 2824 γάμῳ
998 2753 1246 2825 βιοῦντας
1282 2758 1543 2813 εἰσελθεῖν
1579 2762 1640 2814 ού
1674 2778 1783 2814 κω-

217 2833 358 2888 λύει.
396 2835 609 2910 Ἀγάπη
638 2841 737 2912 τὴν
770 2842 1143 2915 ἐλεημοσύνην
1182 2846 1343 2915 φιλεῖ,
1381 2849 1474 2901 καὶ
1509 2848 1586 2921 τῷ
1612 2849 1787 2904 ταῦτα

218 2928 451 2999 γεωργῷ
503 2932 800 3001 στεφάνους
853 2940 1183 3006 χρυσαυγεῖς
1230 2938 1532 3010 ἐτοιμάζει.
1570 2942 1782 3013 Ἀγάπη

220 3018 607 3091 ὑπερηφάνους
632 3025 729 3079 οὐκ
755 3021 916 3091 οἶδεν,
946 3032 1234 3095 ταπεινοὺς
1270 3031 1327 3084 δὲ
1355 3032 1585 3099 δοξάζει.
1622 3034 1786 3103 Ἀγά-

218 3129 300 3182 πη
341 3115 669 3185 κακολογίαν
698 3117 910 3187 φεύγει,
944 3120 1193 3189 εὐλογίαν
1218 3122 1275 3175 δὲ
1303 3123 1539 3193 στέργει.
1571 3126 1785 3197 Ἀγάπη

1883 648 1995 702 size.
2055 647 2314 701 Charitas
2360 647 2560 702 bellum
2620 646 2817 706 nescit,
2854 646 3013 702 hoste
3042 658 3218 713 caret,
3252 664 3464 718 pacem.

1880 738 2163 794 conciliat.
2216 737 2467 794 Charitas
2509 736 2753 792 furentes
2794 736 2846 791 in
2876 737 3076 793 caedem
3106 740 3321 795 animos
3343 741 3449 794 mi-

1882 830 2043 900 ligat,
2075 829 2287 883 ratione
2323 828 2582 897 praeditos
2634 828 2864 897 populos
2908 838 3159 883 exornat.
3194 829 3468 886 Charitas;

1853 921 2038 990 .cujus
2084 935 2257 990 capax
2284 934 2391 974 non
2431 930 2516 975 est
2540 920 2799 984 mundus,
2820 920 2872 973 in
2904 919 3094 974 humili
3135 921 3303 976 corde
3330 921 3435 975 do-

1882 1011 2145 1067 micilium
2168 1010 2362 1066 habet.
2378 1008 2630 1066 Charitas
2672 1011 2828 1065 melle
2854 1013 3047 1079 quovis
3067 1020 3121 1066 et
3147 1011 3289 1071 lacte
3319 1011 3447 1066 dul-

1883 1105 2005 1161 cior
2035 1112 2120 1160 est
2150 1122 2163 1158 :
2197 1103 2469 1176 siquidem
2525 1103 2616 1157 illa
2674 1118 2783 1157 non
2819 1102 2872 1156 in
2908 1119 3003 1158 ore
3025 1102 3225 1167 solum,
3252 1120 3455 1159 verum

1883 1197 2050 1253 etiam
2086 1197 2140 1250 in
2173 1195 2368 1250 intimo
2405 1203 2625 1265 pectore
2676 1194 3014 1250 dulcedinem
3041 1194 3225 1250 habet.
3255 1193 3461 1249 Chari~

1882 1297 1967 1345 tas
2017 1288 2262 1342 omnium
2330 1302 2514 1341 rerum
2566 1301 2859 1356 compages
2901 1295 2984 1340 est
3021 1303 3035 1340 :
3067 1300 3166 1355 per
3199 1301 3363 1357 quam
3393 1295 3457 1341 et

1882 1389 2098 1434 terrena
2146 1379 2441 1442 cohaerent,
2500 1388 2553 1433 ct
2577 1378 2822 1435 coelestia
2874 1377 3270 1432 incrementum
3304 1378 3455 1432 acci-

1883 1472 2063 1541 piunt.
2108 1471 2365 1526 Charitas
2416 1470 2533 1541 ipsa
2586 1478 2693 1534 est,
2756 1468 2826 1525 ob
2856 1484 3023 1539 quam
3080 1469 3223 1525 Deus
3247 1467 3461 1523 Filium

1883 1578 2043 1618 suum
2079 1564 2230 1618 misit
2266 1564 2318 1617 in
2364 1565 2626 1616 mundum
2658 1578 2671 1614 :
2705 1562 2780 1616 ita
2810 1569 2867 1615 ut
2901 1560 3097 1614 Filium
3131 1577 3289 1617 suum
3325 1544 3448 1616 tini-

1884 1657 2127 1725 genitum
2178 1656 2234 1710 in
2288 1657 2549 1709 mundum
2606 1672 2704 1725 pro
2747 1656 2905 1710 nobis
2932 1655 3166 1709 dederit.
3193 1653 3453 1710 Charitas

1882 1748 2051 1803 aratri
2075 1748 2206 1817 juga
2240 1749 2419 1802 crucis
2473 1749 2617 1819 ligno
2643 1748 2935 1802 concordia
2991 1732 3249 1816 subjecit,
3280 1755 3333 1801 et
3353 1762 3453 1816 pe-

1882 1840 2059 1896 ricula
2090 1847 2236 1895 terra
2270 1840 2518 1909 marique
2568 1840 2756 1896 subire
2790 1839 2999 1895 docuit.
3026 1838 3283 1903 Charitas
3301 1853 3447 1892 mar-

1883 1940 2030 2004 tyres
2071 1932 2308 2002 perlicit,
2335 1947 2540 1986 corona
2598 1932 2819 1987 redimit
2862 1933 3167 2002 apostolos.
3199 1932 3463 1986 Charitas

1883 2026 2195 2095 proximum
2253 2025 2404 2079 velut
2458 2026 2698 2095 seipsum
2739 2031 3054 2087 contuetur,
3110 2038 3175 2078 ac
3225 2023 3457 2094 propria
3556 2072 3557 2077 η

1884 2131 2146 2189 tanquam
2204 2120 2467 2173 omnibus
2491 2118 2806 2172 communia
2860 2117 3165 2171 existimat.
3197 2115 3459 2169 Charitas

1882 2221 2182 2283 egestatem
2259 2212 2491 2280 proximi
2544 2210 2931 2265 sollicitudinis
2980 2223 3093 2263 suae
3128 2208 3287 2262 tinem
3342 2213 3455 2259 sta-

1885 2305 2013 2359 tuit.
2050 2303 2307 2359 Charitas
2329 2318 2676 2357 communem
2708 2301 2972 2356 omnibus
2998 2314 3247 2355 mensam
3266 2297 3450 2367 ponit;

1885 2397 1990 2450 hoc
2048 2404 2153 2461 est,
2209 2404 2320 2448 tam
2350 2454 2363 2463 λ
2390 2394 2568 2453 diviti,
2599 2409 2764 2463 quam
2811 2393 3063 2463 pauperi,
3092 2400 3203 2445 tam
3260 2390 3448 2451 docto,

1882 2502 2045 2558 quam
2076 2486 2317 2541 indocto.
2349 2485 2599 2540 Charitas
2661 2484 3039 2545 exacerbalum
3072 2483 3313 2535 animum
3344 2480 3453 2532 mi.

1885 2582 2039 2649 ligat,
2092 2592 2414 2648 oppressum
2458 2577 2673 2640 delinit,
2711 2577 2981 2647 dejectum
3017 2573 3201 2644 erigit,
3227 2587 3291 2627 ac
3310 2572 3453 2627 vire-

1886 2681 2129 2726 scentem
2177 2671 2374 2726 reddit.
2426 2671 2679 2737 Charitas
2743 2667 3241 2739 incxstinguibilem
3286 2665 3454 2734 virgi-

1886 2763 2073 2818 nitatis
2125 2761 2428 2833 lampadem
2488 2762 2896 2830 circumgestat,
2926 2773 2988 2813 ac
3018 2771 3233 2813 summo
3272 2755 3468 2811 studio

1885 2854 2160 2923 conquirit
2226 2869 2378 2909 suos.
2433 2853 2687 2908 Charitas
2749 2851 2905 2920 regni
2960 2862 3148 2919 portas
3175 2845 3369 2918 aperit,
3400 2852 3455 2898 et

1886 2962 1981 3002 eos
2030 2946 2123 3009 qui
2184 2946 2416 3002 honesto
2472 2943 2753 3000 connubio
2799 2943 3012 3005 vivunt,
3056 2942 3309 3011 ingressu
3338 2953 3449 2991 non

1887 3048 2056 3095 arcet.
2117 3040 2372 3097 Charitas
2421 3040 2825 3109 eleemosynam
2883 3043 3048 3096 amat.
3080 3043 3132 3087 et
3164 3030 3465 3086 rutilantes-

1874 3132 2027 3189 'auro
2082 3148 2317 3187 coronas
2367 3148 2467 3186 suo
2516 3130 2711 3185 cultori
2747 3134 2923 3197 parat.
2975 3124 3231 3180 Charitas
3277 3121 3457 3175 nescit

218 3204 393 3276 ἄνδρα
447 3208 542 3261 καὶ
596 3214 831 3278 γυναῖκα
890 3212 1053 3283 γάμῳ
1111 3216 1481 3284 συναφθέντας
1542 3218 1786 3287 ὁμονοεῖν

1892 3224 2185 3296 superbos,
2235 3223 2473 3278 humiles
2524 3223 2783 3275 honorat.
2817 3216 3069 3273 Charitas
3120 3212 3455 3268 maledicen-

221 3297 604 3368 συμϐουλεύει,
639 3302 966 3372 χωρίζεσθαι
1006 3305 1064 3357 δὲ
1095 3306 1191 3359 ἀπ’
1249 3306 1491 3378 ἀλλήλων
1536 3309 1785 3363 οὐδέποτε

219 3387 388 3443 θέλει.
426 3391 638 3465 ’Δγάπη
682 3395 808 3458 τοὺς
850 3396 1095 3467 πατέρας
1127 3397 1302 3467 φιλεῖν
1332 3404 1402 3452 τὰ
1448 3400 1613 3454 τέκνα
1652 3419 1789 3473 προο-

218 3481 510 3551 τρέπεται,
545 3485 640 3538 καὶ
668 3486 737 3539 τά
764 3486 927 3541 τέκνα
953 3488 1222 3542 δουλεύειν
1251 3490 1327 3553 ὼς
1357 3491 1649 3557 δεσπόταις
1678 3497 1790 3556 τοῖς

218 3571 494 3640 γονεῦσιν.
513 3575 725 3648 Ἀγάπη
756 3579 881 3641 τοὺς
900 3580 1164 3644 δεσπότας
1185 3581 1482 3652 ἐλεήμονας
1498 3579 1791 3655 εἶναιπρὸς

216 3663 353 3726 Ἰεοῖις
373 3663 591 3729 οἰκέτας
612 3669 942 3737 παρακαλεῖ,
974 3671 1068 3724 καὶ
1095 3673 1219 3735 τοὺς
1254 3673 1471 3737 οἰκέτας
1497 3675 1792 3746 ὑπουργεῖν

219 3755 342 3816 τοῖς
373 3754 667 3821 δεσπόταις
688 3759 893 3824 ἀδόλως
912 3764 1188 3833 παραινεῖ.

296 4044 591 4118 Πολλαχῶς
610 4049 799 4122 ἀγάπη
824 4056 1043 4119 νοεῖται,
1070 4055 1159 4111 διὰ
1186 4057 1514 4130 πραότητος,
1537 4059 1629 4114 διὰ
1659 4078 1795 4131 χρη-

222 4135 508 4203 στότητος,
545 4139 614 4193 δι’
648 4142 944 4213 ὑπομονῆς,
973 4146 1060 4201 διὰ
1103 4147 1367 4216 ἀφθονίας
1406 4151 1499 4203 καὶ
1534 4150 1787 4222 ἀζηλίας,

217 4228 295 4279 δι’
326 4228 752 4298 άμνησικακίας.
800 4235 1119 4309 Ἀμέριστός
1159 4241 1305 4294 ἐστιν
1346 4242 1403 4295 ὲν
1434 4245 1592 4307 πᾶσι,
1639 4243 1794 4297 ἀδιά-

220 4334 419 4387 κριτος
448 4325 765 4396 κοινωνική.

1891 3314 2021 3369 tiam
2079 3314 2238 3384 fugit,
2300 3312 2748 3367 benediccntiam
2782 3308 3150 3377 amplexatur.
3194 3302 3456 3357 Charitas

1888 3407 2064 3460 virum
2122 3416 2177 3461 et
2205 3406 2487 3459 ruulierem
2518 3401 2781 3458 connubii
2827 3413 2971 3453 nexu
3031 3395 3316 3465 copulatos
3353 3390 3453 3444 ad-

1892 3504 2078 3550 monet
2126 3506 2187 3550 ut
2217 3494 2574 3549 concordiam
2607 3492 2812 3550 colant,
2846 3503 2947 3543 nec
2976 3487 3089 3539 vult
3120 3484 3190 3537 ab
3220 3481 3465 3536 invicem

1891 3586 2127 3658 sejungi.
2167 3586 2421 3642 Charitas
2448 3591 2650 3654 patres,
2674 3588 2735 3635 ιιι
2762 3586 2942 3634 ament
2978 3578 3135 3637 ﬁlios,
3168 3575 3453 3628 hortatur:

1894 3678 2034 3733 filios
2059 3687 2258 3741 autem,
2288 3686 2345 3731 ut
2366 3674 2887 3749 patribustanquam
2919 3667 3155 3723 dominis
3188 3664 3459 3721 serviant.

1893 3770 2147 3825 Charitas
2184 3769 2442 3824 dominos
2498 3774 2654 3838 rogat
2694 3775 2754 3820 ut
2812 3762 3003 3817 faciles
3036 3776 3094 3815 se
3138 3766 3195 3813 et
3249 3758 3460 3812 miseri-

1895 3861 2087 3916 cordes
2148 3858 2370 3915 famulis
2403 3842 2687 3930 praebeant
2721 3877 2734 3912 :
2774 3872 2837 3910 ac
2895 3868 3088 3909 rursus
3118 3865 3307 3906 servos
3338 3864 3457 3902 mo-

1897 3961 1990 4007 uet
2036 3960 2096 4005 ut
2126 3952 2275 4006 heris
2304 3952 2423 4007 suis
2461 3951 2581 4005 sine
2610 3950 2739 4004 fuco
2764 3964 2826 4002 ac
2858 3945 3047 4000 fraude
3081 3942 3345 3998 serviant.

1960 4042 2124 4113 356
2140 4042 2306 4097 Clem.
2341 4043 2495 4097 Alex.
2528 4058 2563 4095 ιι
2591 4041 2791 4096 Strom.
2812 4068 2882 4078 ——
2912 4036 3096 4091 Multis
3121 4032 3300 4088 tnodis
3324 4031 3458 4085 cha-

1894 4135 2028 4189 ritas
2046 4134 2397 4204 perspicitur,
2425 4134 2681 4187 nimirum
2712 4147 2809 4201 per
2840 4130 3147 4191 lenitatem,
3182 4141 3278 4195 per
3306 4122 3459 4177 heni-

1893 4227 2181 4295 gnitatem,
2221 4241 2315 4292 per
2348 4226 2685 4295 patientiam.
2711 4237 2809 4293 per
2831 4221 2997 4275 animi
3020 4216 3359 4272 aﬂectionem
3390 4214 3483 4266 ab.

1892 4316 2040 4369 omni
2097 4316 2268 4371 livore
2327 4326 2379 4370 et
2411 4315 2619 4369 invidia
2687 4314 2935 4374 liberam,
2993 4324 3092 4379 per
3122 4305 3458 4362 oblivionem

1894 4408 2243 4477 iniuriarum.
2282 4407 2524 4477 Simplex
2573 4415 2655 4462 est
2700 4407 2755 4459 in
2789 4402 3066 4465 omnibus,
3099 4405 3156 4455 et
3186 4397 3309 4453 sine
3345 4394 3463 4448 dis-

1894 4501 2125 4556 crimine
2149 4501 2537 4557 communicat.

300 4572 517 4643 Τρισσά
544 4574 657 4646 εἴδη
711 4577 894 4647 φιλίας
944 4580 1330 4653 διδασκόμεθα,
1365 4587 1458 4639 καὶ
1503 4587 1709 4640 τούτων
1737 4589 1786 4641 τὶ

1975 4590 2119 4645 Ibid.
2144 4620 2214 4632 -
2248 4591 2378 4644 Tria
2437 4604 2561 4645 esse
2591 4585 3079 4665 amicitim'geuera
3112 4578 3410 4634 didicimus
3441 4593 3457 4629 :

221 4664 335 4735 μὲν
373 4667 588 4737 πρῶτον
622 4670 717 4723 καὶ
753 4670 998 4741 ἄριστον,
1030 4676 1088 4728 τὸ
1141 4677 1258 4729 κατ’
1308 4678 1510 4750 ἀρετήν
1535 4695 1550 4710 ·
1589 4681 1794 4753 στερρά

217 4756 399 4828 γάρὴ
429 4761 493 4841 ἐκ
524 4759 683 4829 λόγου
726 4763 946 4837 ἀγάπη·
983 4766 1043 4819 τὸ
1071 4767 1129 4821 δὲ
1174 4768 1426 4840 δεύτερον
1459 4772 1555 4825 καὶ⁹
1610 4773 1796 4843 μέσον,

215 4845 289 4897 τὸ
319 4848 445 4899 κατ’
474 4850 709 4923 ἀμοιϐήν
727 4869 742 4883 ⁸
768 4856 1081 4908 κοινωνικὸν
1100 4856 1279 4925 τοῦτο,
1302 4860 1395 4911 καὶ
1425 4861 1796 4928 μεταδοτικὸν,

217 4939 328 4992 καὶ
366 4940 662 5011 βιωφελέςο
703 4945 858 5017 κοινὴ
882 4947 993 5017 γὰρ
1024 4949 1055 5018 ή
1082 4948 1403 5019 εύχάριστος
1430 4950 1598 5019 φιλία.
1637 4951 1710 5004 Τὸ
1741 4952 1798 5004 δὲ

220 5028 469 5085 ὕστατον
490 5034 585 5086 καὶ
618 5035 818 5105 τρίτον,
866 5038 1028 5108 ἡμεῖς
1057 5038 1156 5108 μὲν
1192 5039 1253 5091 τὸ
1281 5041 1345 5092 ἐκ
1377 5040 1664 5110 συνηθείας
1692 5058 1797 5110 φα-

225 5124 361 5193 μὲν,
391 5127 441 5177 οἱ
477 5125 533 5179 δὲ
559 5127 818 5199 Ἔλληνές
863 5146 1018 5198 φασι,
1066 5131 1125 5183 τὸ
1171 5130 1294 5184 καθ’
1337 5132 1530 5202 ἡδονὴν
1566 5133 1798 5203 τρεπτὸν

218 5220 329 5272 καὶ
366 5220 721 5292 μετάϐλητον.
758 5222 965 5276 Οὐκοῦν
998 5224 1031 5293 ἡ
1070 5223 1171 5293 μέν
1215 5222 1299 5288 τίς
1350 5225 1467 5277 ἐστι
1510 5224 1797 5295 φιλοσόφου

218 5311 413 5382 φιλία,
445 5315 479 5385 ἡ
507 5314 563 5367 δὲ
598 5314 908 5387 ἀνθρώπου,
935 5319 967 5387 ἡ
995 5317 1053 5369 δὲ
1083 5315 1245 5382 ζώου.

1904 4697 2139 4752 quorum
2202 4681 2442 4749 primum
2496 4688 2549 4731 et
2616 4673 3129 4746 prastantissimum
3173 4669 3479 4723 invirtute

1907 4751 2143 4843 positum
2176 4782 2278 4827 est.
2309 4770 2495 4825 Firma
2525 4769 2725 4839 quippe
2768 4765 2991 4820 dilectio
3021 4768 3131 4821 est,
3171 4774 3337 4831 quam
3369 4772 3473 4810 ra.

1904 4867 1983 4919 tio
2034 4864 2316 4918 conciliat.
2351 4860 2667 4918 Secundum
2717 4866 2773 4914 et
2804 4856 3072 4919 medium,
3101 4854 3154 4906 in
3180 4867 3249 4906 eo
3280 4864 3462 4903 versa-

1905 4967 2015 5021 tur,
2048 4964 2109 5010 ut
2141 4956 2285 5009 inter
2319 4930 2421 5010 nos
2477 4951 2726 5006 vicissim
2764 4946 3253 5003 communicemus.
3288 4942 3465 5009 Atque

1909 5050 2011 5103 hoc
2067 5061 2287 5117 quoque
2337 5044 2563 5099 liberale
2587 5054 2694 5105 est,
2723 5040 3048 5100 beneﬁcum,
3079 5042 3245 5103 atque
3276 5032 3343 5084 ad
3380 5030 3464 5083 vi-

1905 5150 2013 5195 tam
2050 5140 2307 5195 tuendam
2325 5140 2484 5193 utile.
2515 5135 2840 5191 Communis
2867 5131 3070 5201 quippe
3095 5134 3181 5183 est
3201 5123 3459 5185 amicitia,

1904 5232 2301 5287 beneﬁciorum
2331 5244 2560 5285 memor.
2590 5227 2843 5281 Tertium
2875 5239 2939 5277 ac
2978 5230 3337 5291 postremum,
3363 5227 3466 5267 nos

1908 5324 2129 5392 quidem
2168 5323 2223 5377 id
2251 5322 2396 5392 quod
2430 5318 2832 5375 consuetudine
2879 5309 3247 5367 contrahitur,
3279 5304 3465 5374 appel-

220 5415 417 5469 lamus
452 5430 466 5467 :
500 5412 732 5483 gentiles
761 5427 893 5467 vero
940 5413 992 5467 id
1026 5412 1170 5482 quod
1207 5409 1526 5467 delectabile
1580 5415 1686 5473 est,
1758 5409 1961 5467 ﬂuxum
2037 5424 2092 5469 et
2161 5414 2445 5469 mutabile.
2505 5410 2773 5477 Quocirca
2836 5405 3005 5474 prima
3061 5402 3150 5454 illa
3228 5395 3467 5450 amicitia

218 5506 552 5580 philosophi
580 5514 684 5572 est,
726 5505 895 5560 altera
924 5504 1185 5567 hominis,
1206 5504 1371 5560 tertia
1400 5502 1568 5558 bruti.

300 5607 387 5663 Τὸ
442 5608 662 5677 ἀγαπᾷν
707 5605 835 5668 τοὺς
864 5604 1110 5675 ἐχθροὺς,
1144 5604 1243 5656 οὐκ
1284 5602 1503 5672 ἀγαπᾷν
1544 5600 1606 5654 τὸ
1636 5598 1805 5654 κακὸν

1983 5596 2257 5667 Ejusdem,
2291 5593 2384 5648 lib.
2426 5607 2500 5647 tv.
2533 5589 2741 5642 --l)um
2772 5585 3054 5654 Scriptura
3078 5591 3265 5634 amare
3283 5574 3473 5630 inimi-

220 5706 411 5776 λέγει,
440 5674 561 5757 ούδέ
590 5674 864 5764 ἀσέϐειαν,
905 5699 1023 5752 οὐδὲ
1052 5697 1316 5768 μοιχείαν,
1353 5697 1385 5766 ἢ
1418 5695 1643 5764 κλοπὴν,
1670 5693 1786 5747 ἀλλέ

1912 5705 2008 5745 cos
2063 5687 2235 5757 jubet,
2288 5699 2395 5738 non
2442 5683 2564 5759 'hoc
2600 5680 2735 5743 vult,
2783 5683 2843 5731 ut
2874 5674 3078 5730 malum
3109 5683 3377 5729 amemus,
3408 5674 3475 5719 ut

221 5801 329 5855 τὸν
362 5798 628 5867 κλέπτην,
658 5798 752 5850 καὶ
779 5796 871 5848 τὸν
907 5792 1121 5865 μοιχόν*
1163 5792 1222 5867 ού
1254 5789 1374 5846 καθ’
1413 5788 1441 5841 ὅ
1481 5788 1802 5858 ἁμαρτάνει,

226 5890 338 5948 καὶ
368 5891 438 5960 τῇ
466 5889 598 5959 ποιᾷ
640 5885 887 5958 ἐνεργείᾳ
930 5883 1144 5955 μολύνει
1196 5880 1291 5949 τὴν
1320 5878 1607 5948 ἀνθρώπου
1640 5893 1805 5947 προσ-

1914 5780 2269 5851 impietatem,
2320 5785 2381 5831 ut
2419 5774 2774 5836 adulterium,
2838 5776 2932 5823 aut
2985 5766 3229 5828 furtum;
3265 5759 3360 5816 sed
3409 5772 3467 5809 ut

1915 5876 2089 5930 t'nreut
2143 5877 2197 5925 et
2229 5867 2534 5923 adulterum
2569 5878 2724 5919 :non
2787 5870 3059 5932 quatenus
3101 5861 3309 5926 peccat,
3337 5858 3390 5906 ct
3414 5852 3465 5902 in
