4024 6416
660 426 791 492 1203
1827 436 1890 498 S-
1922 435 2237 497 JOANNIS
2276 433 2670 493 DAMASCEN
2674 432 2703 490 Ι
3692 436 3791 503 liii

654 531 843 618 aliquo
906 549 1114 602 scelere
1175 547 1418 605 hominis
1475 562 1806 621 conspurcat
1860 568 2083 614 nomen,
2130 551 2224 606 sed

2200 551 2224 606 [1
2253 553 2299 609 Α
2323 548 2574 620 ηγορίαν,
2602 546 2726 601 καθ’
2764 546 2794 599 ὃ
2838 545 2899 600 δὲ
2923 546 3211 618 ἄνθρωπός
3236 547 3372 611 ἔστι,
3398 549 3484 601 καὶ
3516 550 3650 620 ἔργον
3675 554 3789 612 Θεώ,

652 648 925 707 quatenus
946 637 1112 693 homo
1135 649 1244 705 est,
1281 648 1335 694 et
1365 655 1503 710 opus
1524 642 1644 697 Dei.
1676 642 1969 697 Enimvero
1991 657 2219 713 peccare

2203 658 2219 697 ε
2333 640 2549 710 Ἀμέλει
2607 639 2670 692 τὸ
2700 637 3037 706 ἁμαρτάνειν
3087 638 3337 711 ὲνεργείᾳ
3385 641 3577 709 κεῖται,
3606 646 3685 697 καὶ
3722 650 3792 702 οὐκ

653 730 802 785 actio
829 737 936 796 est,
967 745 1077 785 non
1137 732 1451 787 substantia
1487 750 1502 787 :
1533 747 1634 787 nec
1676 733 1912 803 proinde
1952 749 2092 804 opus
2123 733 2219 790 Dei

1558 747 1634 787 nec
1676 733 1912 803 proinde
1952 749 2092 804 opus
2123 733 2219 790 Dei
2318 732 2511 805 οὐσίᾳ·
2539 732 2621 787 διὸ
2650 731 2770 786 οὐδὲ
2798 730 2962 803 ἔργον
2990 730 3147 787 Θεοῦ.

654 818 843 876 fuerit.

727 912 1000 984 Ejusdem.
1032 946 1096 956 —
1134 915 1424 988 Nunquam
1460 918 1544 972 vir
1587 919 1877 989 gnosticus
1910 930 1962 976 et
1993 922 2217 992 sapiens

2204 938 2217 977 ς
2388 912 2465 967 Οὐ
2505 912 2909 985 μνησικακήσει
2947 913 2977 966 ὁ
3003 913 3303 982 γνωστικός
3340 930 3487 967 ποτε.
3516 911 3585 968 Οὐ
3615 916 3793 984 χαλεπα-

654 1016 913 1076 acceptas
941 1007 1172 1077 injurias
1223 1010 1491 1065 memoria
1554 1013 1786 1075 tenebit,
1825 1028 1923 1067 nec
1951 1014 2215 1083 cuiquam

2205 1031 2215 1067 ι
2316 1008 2399 1061 νεῖ
2427 1006 2625 1073 οὐδενὶ,
2654 1005 2757 1061 κᾶν
2808 1005 3001 1076 μίσους
3036 1004 3163 1071 ἄξια
3217 1006 3475 1077 τυγχάνῃ,
3518 1006 3593 1074 ἐφ’
3620 1003 3687 1071 οἷς
3714 1009 3794 1063 δια-

653 1099 1029 1164 succensebit,
1080 1100 1299 1156 etiamsi
1321 1101 1451 1157 odio
1502 1103 1669 1174 digna
1706 1105 1839 1170 sint,
1881 1121 2005 1176 qua:
2038 1108 2093 1160 in
2135 1107 2219 1177 ip-

2206 1136 2219 1148 .
2316 1098 2638 1170 πράττεται.
2671 1096 2828 1152 Σέθει
2867 1098 2966 1169 μὲν
2999 1098 3109 1168 γὰρ
3139 1098 3231 1152 τὸν
3286 1097 3530 1168 Ποιητὴν,
3566 1099 3721 1169 ἀγαπᾷ
3757 1101 3795 1154 δὲ

651 1206 777 1246 sum
837 1192 1226 1246 admittuntur.
1254 1192 1388 1249 Nam
1451 1195 1773 1252 Creatorem
1800 1198 2024 1269 quidem
2058 1199 2212 1264 colit,

2207 1240 2212 1262 ,
2314 1186 2409 1241 τὸν
2438 1188 2698 1242 κοινωνὸν
2724 1187 2820 1241 τοῦ
2843 1186 2983 1258 βίου,
3012 1186 3296 1259 οἰκτείρων
3322 1188 3417 1242 καὶ
3446 1187 3796 1259 ὑπερευχόμενος

648 1281 776 1334 vitae
800 1296 933 1336 vero
963 1284 1171 1337 socium
1208 1293 1377 1351 amat,
1427 1302 1663 1358 eumque
1694 1289 1765 1343 ob
1787 1290 2212 1361 inscitiam,qua

1427 1302 1663 1358 eumque
1694 1289 1765 1343 ob
1787 1290 2212 1361 inscitiam,qua
2315 1279 2481 1334 αὒτοῦ
2518 1280 2609 1334 διὰ
2636 1280 2734 1352 τὴν
2760 1280 3005 1349 ἄγνοιαν.

651 1372 881 1439 laborat,
914 1377 1354 1443 commiseratur,
1388 1390 1439 1434 et
1463 1396 1564 1449 pro
1592 1396 1659 1437 eo
1698 1397 1886 1452 preces
1909 1383 2103 1439 fundit.
2124 1358 2159 1365 η

719 1463 959 1535 Evagrii.
989 1495 1056 1508 —-
1086 1467 1341 1525 Charitas
1378 1470 1457 1524 ira
1487 1472 1731 1527 calentes
1759 1481 1944 1543 partes
1968 1474 2141 1530 sedat.

2402 1472 2616 1541 Ἀγάπη
2648 1471 2717 1525 τὰ
2778 1471 3085 1541 φλεγόμενα
3118 1468 3287 1540 μόρια
3338 1466 3433 1521 τοῦ
3482 1466 3636 1537 θυμοῦ
3682 1466 3796 1538 θερα-

2315 1580 2523 1616 πευειν.

714 1637 971 1694 Charitas
1029 1640 1308 1697 hominem
1378 1643 1435 1697 in
1494 1651 1604 1698 lres
1656 1658 1921 1713 personas
1971 1644 2208 1702 dividit:

2202 1663 2208 1701 :
2393 1657 2460 1710 Ἦ
2487 1655 2676 1727 ἀγάπη
2703 1653 2797 1708 τὸν
2814 1653 3102 1726 ἄνθρωπον
3132 1652 3213 1716 είς
3239 1651 3366 1723 τρία
3399 1648 3651 1721 μερίζεται
3677 1648 3791 1717 πρ⁶σ’

645 1743 879 1813 quarum
939 1746 1051 1786 una
1107 1732 1263 1787 illum
1314 1749 1475 1804 quem
1527 1746 1693 1797 amat,
1748 1745 1979 1806 propter
2038 1735 2208 1791 Deum

2203 1756 2208 1791 ι
2312 1766 2434 1801 terra
2454 1765 2468 1779 ·
2500 1748 2529 1801 ὁ
2575 1748 2674 1818 μὲν
2698 1745 2785 1800 διὰ
2827 1745 2961 1799 Θεὸν
3014 1746 3225 1816 ἀγαπᾷ,
3254 1744 3314 1797 ὃν
3335 1742 3517 1813 ἀγαπᾷ
3541 1757 3554 1770 ’
3594 1740 3620 1792 ὁ
3649 1739 3693 1793 δὲ
3711 1739 3792 1793 ἐπεὶ

647 1826 795 1873 amat
820 1835 836 1885 ;
869 1820 1062 1888 altera,
1096 1822 1226 1892 quia
1253 1822 1408 1878 dives
1432 1824 1524 1877 ille
1551 1830 1655 1888 est,
1684 1825 1986 1895 accipiendi
2017 1841 2208 1881 mune-

2201 1856 2208 1866 '
2245 1887 2284 1909 η
2318 1840 2575 1904 πλούσιός
2603 1841 2742 1903 ἐστι,
2772 1838 2931 1909 χάριν
2954 1838 3172 1909 λήψεως
3198 1834 3389 1908 δώρων
3407 1850 3422 1865 ⁶
3446 1836 3473 1888 ὁ
3505 1833 3558 1887 δὲ
3581 1832 3790 1902 ἐμπαθῶς.

646 1912 727 1968 ris
760 1927 962 1969 causa:
998 1887 1181 1977 tertia,
1218 1915 1522 1970 affectionis
1568 1925 1727 1971 aestu.
1759 1887 1934 1986 Atque
1961 1917 2053 1971 illa
2083 1918 2210 1989 qui-

2205 1950 2210 1959 '
2244 1887 2285 1941 Β
2311 1887 2627 2002 *μὶν*
3237 1887 3568 1997 Πένάγαπᾷ,
3660 1924 3704 1977 δὲ

647 2000 771 2056 dem
836 2018 974 2073 pure
1016 2013 1069 2058 et
1100 2005 1316 2059 sincere
1371 2019 1495 2058 eum
1530 2003 1736 2067 laudat,
1787 2020 1947 2073 quem
1977 2004 2157 2074 diligit
2190 2020 2204 2056 :

1608 2004 1736 2067 κίειν
1787 2020 1947 2073 (μιθηῖ
1977 2004 2157 2074 diligit
2190 2020 2204 2056 ⁵
2313 2000 2646 2092 πλεονεξίαν,
2677 2027 2706 2080 ὁ
2730 2000 2978 2096 δὲ’χάριν
3004 2022 3197 2097 ἡδονῆς

645 2098 841 2164 altera,
895 2099 965 2153 ob
1003 2100 1290 2154 avaritiam
1328 2115 1342 2152 :
1388 2109 1685 2168 postrema,
1738 2098 2032 2169 voluptatis
2054 2113 2207 2169 ergo.

717 2190 980 2245 Philonis.
1007 2222 1078 2231 —
1100 2191 1234 2256 Pax,
1290 2192 1593 2262 quamlibet
1641 2193 1927 2254 damnosa,
1963 2191 2107 2247 bello
2127 2203 2211 2245 ta-

2205 2221 2211 2233 .
2383 2178 2605 2249 11ἷξρήνη,
2641 2172 2800 2251 κάνῇ
2846 2176 3050 2246 σφόδρα
3097 2173 3415 2246 ἐπιζήμιος,
3463 2171 3794 2240 λυσιτελεστέρα

645 2297 770 2339 men
797 2293 883 2338 est
912 2283 1123 2338 utilior.

1120 2325 1123 2334 ,
2309 2272 2427 2325 ἐστὶ
2454 2270 2580 2324 πολέ
2589 2287 2709 2339 μου.

750 2393 889 2451 ΤΙΤ.
923 2394 1069 2451 XIX.
1099 2426 1168 2436 —
1197 2395 1274 2451 De
1291 2396 1506 2451 veritate
1527 2406 1575 2449 et
1609 2396 1905 2452 testimonio
1943 2395 2104 2452 ﬁdeli.

2346 2384 2528 2437 TlTA.
2577 2380 2679 2437 18’.
2714 2409 2785 2422 -—
2826 2380 2961 2450 Περὶ
3022 2378 3313 2459 ἀληθείας
3368 2376 3465 2430 καί
3513 2374 3774 2446 μαρτιφίσς

2977 2465 3225 2517 πιστης.

716 2534 891 2591 Exod.
923 2551 1085 2602 mu,
1106 2536 1226 2590 l.—
1254 2554 1274 2587 ‹
1310 2533 1427 2589 Non
1455 2535 2016 2605 assentierisinjusto,
2043 2540 2105 2591 ut
2131 2535 2210 2592 sis

2207 2554 2210 2586 ι
2388 2564 2407 2597 ι
2449 2546 2526 2599 Ob
2554 2543 2943 2616 συγκαταθήσῃ
2976 2541 3114 2612 μετὰ
3138 2542 3230 2595 τοῦ
3252 2540 3438 2595 ἀδικου
3462 2536 3682 2606 γενέσθαι
3706 2534 3796 2605 μάρ-

642 2629 803 2686 testis
835 2627 1096 2699 injustus.
1137 2645 1157 2681 ι
2157 2697 2171 2709 _

1089 2669 1096 2682 ι
1137 2645 1157 2681 ³
2157 2697 2171 2709 ,
2311 2658 2406 2713 ru;
2435 2640 2639 2701 ἄδικος.
2661 2658 2678 2689 ι

716 2717 872 2774 Deut.
896 2734 1006 2781 xu,
1038 2718 1124 2772 l5.
1149 2748 1217 2758 —
1258 2736 1277 2769 ι
1311 2715 1425 2771 Sub
1477 2716 1691 2772 duobus
1736 2716 1819 2771 vel
1858 2716 2031 2771 tribus
2058 2717 2212 2772 testi-

2207 2745 2212 2756 '
2389 2751 2408 2783 ι
2451 2731 2577 2791 Ἐπὶ
2602 2732 2725 2784 δυσὶ⁵
2756 2730 3023 2801 μάρτυσιν
3045 2730 3079 2800 ἢ
3112 2728 3291 2800 τρισὶν
3322 2721 3796 2781 ἀποθανεῖταιόάπο-

642 2813 747 2867 bus
774 2811 1062 2873 morietur,
1095 2808 1187 2879 qui
1222 2811 1510 2864 morietur.
1542 2808 1662 2863 Non
1685 2809 1851 2864 stabit
1878 2809 2038 2865 testis
2068 2825 2211 2864 unus

2207 2827 2211 2860 ί
2312 2823 2582 2893 θνήσκων.
2600 2821 2714 2875 Οὐκ
2733 2822 2963 2892 ὲμμενεῖ
3002 2819 3213 2891 μάρτυς
3238 2813 3343 2882 εἷς,
3371 2813 3683 2886 μαρτυρῆσαι
3702 2807 3796 2862 κατὰ

643 2913 705 2960 ut
734 2904 1113 2961 testimonium
1174 2901 1438 2956 adversus
1464 2901 1743 2984 hominem
1778 2900 1927 2955 dicat
1958 2901 2026 2957 de
2061 2901 2210 2956 omni

2208 2946 2210 2954 ι
2310 2914 2630 2987 ἀνθρώπου,
2656 2913 2800 2968 κατά
2828 2912 3011 2978 πάσας
3041 2912 3241 2977 αἰτίας,
3265 2911 3366 2965 καὶ
3392 2906 3531 2962 κο.τά
3558 2906 3652 2959 πᾶν
3673 2900 3797 2973 ἀμάρ-

642 2990 896 3056 crimine,
919 3000 973 3045 et
999 2989 1067 3045 de
1087 2989 1237 3043 omni
1269 2998 1516 3059 peccato.
1548 3008 1569 3041 ι

944 3000 973 3043 :t
999 2989 1067 3045 de
1087 2989 1237 3043 omni
1269 2998 1516 3078 peccato.
1548 3008 1569 3041 ι
2309 3025 2480 3078 τημα,
2515 3025 2533 3059 ι

713 3078 815 3135 Job
884 3096 999 3139 vin.
1034 3079 1213 3133 ll.—
1247 3097 1266 3129 ι
1304 3076 1379 3133 Os
1400 3092 1589 3132 verum
1618 3078 1937 3148 implebitur
1988 3078 2129 3147 risu,
2158 3087 2214 3134 et

2207 3095 2214 3133 ι
2451 3098 2733 3169 Ἀληθινὸν
2764 3097 2941 3168 στόμα
2983 3093 3434 3166 ἐμπλησθήσεται
3474 3089 3695 3159 γέλωτος.
3734 3080 3796 3136 καὶ

643 3172 789 3227 labia
813 3169 934 3240 ejus
956 3169 1325 3224 exsultabunt.
1355 3187 1373 3220 ι

1736 3259 1747 3263 _
1855 3259 1885 3263 _
1996 3260 2007 3263 _
2056 3260 2067 3263 _
2235 3229 2281 3263 ρ
2313 3192 2384 3246 τὰ
2416 3191 2571 3263 χείλη
2602 3190 2765 3246 αὐτοῦ
2794 3189 3205 3259 ἀγαλλιάσεται.
3240 3204 3258 3238 ι

714 3229 872 3314 Paci.
926 3275 1078 3322 xxw,
1113 3260 1291 3313 lO.—
1318 3278 1351 3325 ς
1374 3258 1653 3315 Universae
1698 3259 1800 3315 viae
1854 3259 2072 3315 Domini
2104 3263 2209 3316 mi-
2235 3229 2281 3294 ε

2207 3229 2281 3302 ‘c
2324 3229 3105 3349 .*(Lﬁgsbrvalvogolwliu;iou
3154 3276 3305 3341 ἔλεος
3352 3275 3447 3329 καί
3491 3266 3796 3345 ἀλήθεια,τά

641 3348 945 3406 sericordia
993 3357 1045 3404 et
1078 3349 1301 3415 veritas,
1362 3350 1772 3421 requirentibus
1820 3358 2209 3407 testamentum

1701 3366 1772 3405 'US
1820 3358 2209 3407 ῑθδιθωθηίυω
2310 3373 2599 3444 ὲκζητοῦσι
2624 3371 2723 3444 τὴν
2753 3348 3020 3442 διαθήκην
3045 3369 3235 3424 αὐτοῦ.
3270 3387 3290 3422 ι

641 3458 785 3499 elus.
801 3461 820 3496 1

700 3460 820 3499 υς.»

676 3460 866 3590 1Ρεαί.
912 3550 1048 3600 xxx,
1099 3535 1287 3590 25.—
1320 3554 1339 3589 ι
1381 3534 1678 3591 Veritatem
1736 3537 1981 3608 requiret
2021 3538 2208 3594 Domi—

1756 3537 1981 3608 ἐρυίτει
2021 3538 2208 3594 Domi‘
2386 3572 2406 3606 ι
2441 3553 2722 3626 ’Δλήθειαν
2751 3514 3047 3624 ὲκξητήσει
3071 3549 3297 3623 Κύριος.
3325 3568 3345 3602 ι

638 3644 766 3685 IIIIS.
798 3647 819 3683 ι

708 3719 864 3795 Paul.
916 3724 1215 3789 σιωπῶ.
1240 3753 1310 3763 -
1366 3740 1385 3773 ι
1409 3721 1477 3776 Ει
1509 3736 1578 3776 ne
1604 3721 1825 3777 auferas
1854 3720 1922 3776 de
1953 3737 2049 3777 ore
2082 3737 2209 3796 meq

2207 3750 2209 3789 τ
2387 3748 2406 3781 ι
2435 3728 2528 3800 Μὴ
2557 3726 2817 3798 περιέλῃς
2846 3725 2913 3779 ἐκ
2956 3722 3049 3777 τοῦ
3086 3723 3357 3793 στόματός
3406 3740 3507 3794 μου
3535 3721 3670 3789 λόγον
3703 3717 3796 3784 ἀλη-

635 3814 866 3869 verbum
927 3816 1181 3871 veritatis
1237 3828 1676 3887 usquequaque:
1720 3814 1848 3884 quia
1890 3813 1946 3868 in
1981 3813 2206 3885 judiciis

2314 3819 2467 3883 θείας
2497 3820 2603 3883 ἕως
2635 3817 2862 3889 σφόδρα,
2897 3817 2980 3871 ὃτι
3015 3816 3109 3869 ἐπὶ
3139 3817 3254 3880 τοῖς
3296 3813 3534 3887 κρίμασί
3567 3828 3648 3865 σου
3678 3810 3795 3876 ὑπερ-

636 3906 752 3962 tuis
774 3910 1185 3979 supersperavi.
1223 3928 1243 3963 ι

1002 3910 1185 3964 »ει-ανί.
1223 3928 1243 3963 ι
2307 3912 2534 3984 ήλπισα.
2573 3930 2591 3964 ι

703 4001 869 4057 Prov.
905 4018 1020 4067 Vill,
1050 4003 1104 4058 8.
1137 4032 1207 4044 —-
1231 4022 1249 4056 ‹
1274 4002 1409 4060 Cum
1441 4002 1653 4074 iustitia
1689 4012 1816 4058 sunt
1836 4004 2020 4057 omnia
2038 4005 2205 4058 verba

2384 4020 2403 4055 ι
2435 4000 2589 4055 Μετά
2636 3998 2983 4069 δικαιοσύνης
3028 3997 3211 4051 πάντα
3241 3997 3311 4051 τά
3372 3996 3583 4068 ῥήματα
3608 3990 3686 4044 τοῦ
3712 3988 3795 4039 στό-

634 4095 750 4149 oris
779 4095 883 4149 mei
918 4113 933 4149 :
982 4111 1092 4150 non
1116 4104 1202 4152 est
1233 4096 1289 4151 in
1319 4097 1400 4152 eis
1429 4110 1655 4166 pravum
1690 4095 1843 4166 quid,
1883 4109 2060 4165 neque
2080 4109 2205 4163 per-

2310 4092 2479 4162 ματός
2511 4107 2646 4162 μου’
2669 4090 2819 4144 οὐδὲν
2864 4091 2923 4143 ὲν
2952 4089 3134 4152 αὐτοῖς
3158 4086 3398 4153 σκολιὸν,
3444 4086 3557 4141 οὐδὲ
3586 4095 3794 4153 “pana.

632 4202 855 4242 versum
864 4226 878 4240 .
913 4205 933 4239 ι

2306 4182 2516 4246 λιῶδες.
2552 4201 2569 4235 ι

704 4279 865 4336 Prov.
902 4297 1013 4345 xw,
1034 4282 1125 4343 22,
1147 4281 1239 4336 25.
1262 4299 1364 4332 -ι
1398 4279 1834 4336 Misericordiam
1862 4281 2201 4351 etjudicium

2383 4296 2399 4329 ι
2438 4275 2626 4329 Ἐλεον
2654 4274 2746 4329 καὶ
2780 4274 3037 4341 ἀλήθειαν
3059 4272 3442 4328 τεκταίνουσιν
3464 4266 3659 4339 ἀγαθοί.
3686 4261 3795 4318 Ῥύεο

634 4372 908 4428 labricant
938 4375 1087 4429 boni.
1117 4374 1340 4430 Liberat
1363 4389 1394 4429 a
1420 4374 1581 4429 malis
1616 4375 1775 4429 testis
1807 4374 2006 4430 ﬁdelis.
2037 4393 2055 4427 ι

1640 4375 1775 4429 estis
1807 4374 2006 4430 ﬁdelis.
2037 4393 2055 4427 ι
2304 4385 2395 4421 ται
2417 4371 2482 4421 ὲκ
2510 4367 2698 4421 κακῶν
2731 4366 2940 4437 μάρτυς
2967 4364 3179 4428 πιστός.
3210 4382 3229 4416 ι

705 4463 867 4521 Prov.
893 4482 1006 4525 ut,
1036 4467 1088 4521 5.
1114 4496 1186 4506 —
1228 4485 1247 4518 ‹
1275 4465 1785 4533 Facerejustitiam,
1818 4475 1875 4521 et
1892 4481 2019 4521 vera
2048 4467 2199 4538 loqui

2380 4480 2398 4510 ι
2433 4460 2615 4512 Ποιεῖν
2640 4457 2824 4510 δίκαια
2856 4456 2951 4508 καὶ
2980 4453 3288 4535 ἀληθεςοειν,
3309 4448 3517 4523 ἀρεστά
3546 4445 3676 4515 παρά
3695 4442 3792 4511 Θεῷ,

632 4557 810 4623 magis
835 4558 1010 4626 placet
1038 4555 1170 4621 Deo,
1207 4572 1369 4628 quam
1405 4559 1750 4612 victimarum
1785 4560 2031 4630 sanguis.
2069 4578 2092 4612 ι

1228 4572 1369 4628 luam
1405 4559 1750 4612 victimarum
1785 4560 2031 4630 sanguis.
2069 4578 2092 4612 ι
2231 4551 2337 4623 Di)
2377 4550 2581 4607 Θυσιῶν
2609 4544 2770 4619 αἷμα.
2800 4567 2817 4599 ι

701 4646 838 4703 Hal.
875 4664 935 4712 ιι,
967 4649 1021 4703 6.
1050 4678 1121 4691 υ-
1150 4667 1170 4701 σ
1212 4638 1321 4707 Εοκ
1349 4650 1598 4707 veritatis
1632 4660 1753 4707 erat
1777 4652 1832 4706 in
1867 4668 1963 4705 ore
1983 4668 2195 4720 eorum,

2327 4621 2333 4623 Ὗ
2385 4663 2405 4696 ι
2433 4643 2614 4713 Νόμος
2645 4640 2904 4713 ἀληθείας
2934 4634 3005 4711 ἦν
3036 4639 3093 4713 ἐν
3140 4636 3220 4707 τῷ
3275 4635 3506 4706 στόματι
3530 4629 3703 4694 αὐτῶν,
3732 4621 3794 4677 καὶ

631 4746 687 4794 et
709 4739 977 4808 iniquitas
1001 4756 1110 4795 non
1133 4750 1218 4797 est
1239 4742 1455 4799 inventa
1484 4744 1539 4797 in
1575 4743 1735 4798 labiis
1765 4742 2088 4809 ipsorum.)
2208 4754 2217 4759 '

1879 4742 2088 4801 irum.)
2208 4754 2217 4759 '
2302 4735 2487 4790 ἀδικία
2515 4734 2614 4805 οὐχ
2634 4732 2831 4802 εὑρέθη
2858 4734 2915 4785 ὲν
2944 4730 3178 4800 χείλεσιν
3208 4727 3413 4782 αὐτῶν,
3448 4746 3468 4779 ι

701 4806 863 4901 357
913 4830 1077 4888 Zach.
1123 4849 1241 4901 vm,
1286 4835 1377 4889 16.
1419 4856 1531 4889 -‹
1564 4806 1877 4905 Loquimini
1909 4838 2196 4894 veritatem

2383 4848 2402 4879 ι
2432 4826 2659 4882 Λαλείτε
2687 4823 2945 4895 ἀλήθειαν
2969 4822 3196 4884 ἕκαστος
3225 4820 3365 4891 μετά
3391 4817 3486 4871 τοῦ
3514 4810 3710 4910 πλησίον
3726 4806 3791 4860 αὑ·

632 4924 1018 4994 nnusquisque
1044 4941 1166 4980 cum
1211 4930 1461 4996 proximo
1508 4946 1644 4996 suo;
1687 4931 1979 4987 veritatem
2018 4939 2074 4987 et
2102 4946 2198 5002 pa-

2297 4916 2427 4972 τοῦθ
2484 4916 2583 4985 τὴν
2611 4913 2869 4984 ἀλήθειαν
2899 4910 2994 4964 καὶ
3048 4909 3145 4980 τὴν
3173 4908 3418 4980 εἰρήνην,
3461 4905 3599 4974 λέγει
3646 4900 3793 4966 Κύρισς

629 5033 773 5075 cem.
797 5016 933 5071 dicit
966 5018 1230 5073 Dominus
1253 5020 1622 5092 omnipotens.
1652 5040 1673 5075 ›

1179 5032 1230 5073 ιε
1253 5020 1622 5092 omnipotens.
1652 5040 1673 5075 ›
2298 5005 2716 5076 παντοκράτωρ.
2751 5021 2768 5053 ι

702 5106 802 5161 III
830 5107 992 5163 Esdr.
1022 5124 1097 5174 IV,
1132 5109 1222 5163 39.
1258 5140 1329 5151 —
1356 5130 1375 5164 ι
1405 5078 1523 5167 ᾗοη
1584 5122 1670 5171 est
1720 5112 1863 5184 apud
1907 5113 2192 5171 veritatem

2375 5119 2393 5153 ι
2438 5100 2552 5153 Οὐκ
2602 5095 2721 5149 ἔστι
2765 5094 2917 5165 παρὰ
2960 5096 3026 5165 τῇ
3074 5091 3302 5164 ἀληθείᾳ
3343 5088 3629 5161 λαμϐάνειν
3673 5078 3791 5151 πρόσ-

628 5202 881 5270 accipere
912 5217 1196 5272 personas.
1218 5222 1237 5255 ι

912 5217 1196 5272 personas.
1218 5222 1237 5255 ι
2295 5210 2441 5247 ωπα.
2473 5210 2492 5244 ι

701 5290 927 5361 Sapqvl,
958 5293 1049 5347 24.
1070 5324 1132 5335 —-
1166 5313 1185 5345 ι
1216 5292 1335 5350 Non
1368 5302 1656 5366 praeteribo
1685 5306 1988 5373 veritatem,
2017 5319 2194 5374 neque

2370 5300 2387 5333 ‹
2420 5282 2496 5335 Οὐ
2543 5278 2619 5353 μὴ
2653 5276 2971 5351 παροδεύσω
2990 5278 3090 5348 τὴν
3121 5274 3396 5374 ἀλήθειαν,
3432 5270 3552 5326 οὔτε
3588 5258 3788 5374 μὴννφθθ

630 5397 759 5437 cum
782 5384 991 5438 invidia
1014 5385 1336 5442 tabescente
1364 5356 1468 5444 iter
1491 5392 1701 5447 habebo
1738 5410 1752 5446 :
1778 5356 2038 5465 quoniam
2067 5356 2195 5452 hinc

2295 5390 2371 5444 νῳ
2405 5372 2665 5444 τετηκότι
2696 5369 3031 5426 συνοδεὺσω·
3074 5370 3155 5423 ὅτι
3196 5360 3349 5429 οὗτος
3380 5364 3441 5417 οὐ
3486 5356 3702 5415 κοινωνεῖ
3733 5364 3788 5402 σθ-

631 5474 769 5527 nihil
796 5470 1085 5530 Commune
1116 5485 1201 5532 est
1235 5493 1363 5533 cum
1404 5484 1693 5551 sapientia.
1727 5505 1746 5538 ι

1630 5485 1693 5539 ia.
1727 5505 1746 5538 ι
2296 5466 2415 5536 φίᾳ-
2458 5482 2477 5516 ι
3213 5533 3219 5541 .

700 5566 869 5620 Εεοίὶ.
908 5584 985 5631 tv,
1013 5570 1105 5632 25,
1133 5570 1224 5626 27.
1251 5603 1323 5612 —
1361 5590 1381 5625 ‹
1428 5574 1543 5628 Non
1577 5579 1925 5635 contradicas
1950 5580 2189 5635 veritati.

2375 5584 2393 5617 ι
2428 5564 2521 5636 Μὴ
2568 5562 2814 5633 ἀντίλεγε
2845 5565 2911 5635 τῇ
2950 5561 3179 5633 ἀληθείᾳ
3201 5579 3217 5594 ·
3252 5560 3325 5632 μὴ
3359 5558 3529 5629 λάϐῃς
3558 5552 3785 5625 πρόσωπον

629 5653 708 5712 Ne
749 5657 989 5726 accipias
1047 5675 1340 5729 personam
1391 5667 1653 5734 potentis.
1707 5668 1897 5738 Usque
1953 5669 2022 5723 ad
2053 5685 2195 5723 mor-

2294 5656 2577 5711 δυνάστου.
2629 5654 2775 5719 Ἕως
2826 5654 3056 5708 θανάτου
3091 5652 3355 5721 ἀγώνισαι
3402 5648 3528 5738 περὶ
3566 5645 3654 5738 τῆς
3688 5636 3784 5705 ἀλη·

631 5761 736 5806 tem
771 5760 921 5805 certa
948 5766 1050 5822 pro
1070 5752 1309 5823 justitia,
1341 5730 1405 5813 et.
1430 5757 1694 5815 Dominus
1731 5730 1877 5818 Deus
1932 5761 2195 5833 pugnabit

2125 5762 2195 5817 bit
2297 5746 2465 5813 θείας,
2495 5747 2589 5801 καὶ
2616 5748 2644 5799 ὁ
2664 5743 2869 5818 Κύριος
2889 5744 3066 5807 ὀΘεὸς
3096 5741 3396 5813 πολεμήσει
3419 5737 3553 5809 ὑπὲρ
3575 5730 3674 5787 σοῦ.
3698 5746 3714 5780 ι

626 5857 727 5911 pro
750 5851 825 5898 te.
855 5859 877 5895 ι
