3910 6462
103 459 267 524 1205

203 592 221 626 ι
258 569 492 625 ΙΙετεινὰ
532 566 668 638 πρὸς
697 564 768 617 τά
806 565 968 635 ὅμοια
1005 557 1282 621 καταλύει,
1319 557 1415 610 καὶ
1462 551 1691 623 ἀλήθεια

98 667 264 738 πρὸς
288 664 416 727 τοὺς
446 654 847 733 ἐργαζομένους
881 654 1052 724 αὐτὴν
1079 650 1362 722 ἐπανήξει.
1394 667 1414 700 ι

202 859 223 893 ι
260 841 378 904 na;
403 841 433 893 ὁ
486 838 669 909 φαῦλα
708 837 990 908 πράσσων,
1025 837 1174 906 μισεῖ
1192 833 1253 887 τὸ
1303 831 1440 902 φῶς,
1470 831 1565 884 καὶ
1591 831 1694 882 οὐκ

98 933 349 1005 ἔρχεται
374 932 512 1003 πρὸς
540 931 604 985 τὸ
652 931 790 1000 φῶς,
827 929 915 983 ἴνα
948 928 1025 999 μὴ
1056 926 1286 998 ἐλεγχθῇ
1319 925 1389 978 τὰ
1421 923 1557 995 ἔργα
1596 923 1694 975 αύ-

96 1026 239 1081 τοῦ.
277 1027 337 1080 Ὀ
363 1026 419 1079 δὲ
443 1024 613 1079 ποιῶν
634 1024 734 1094 τὴν
755 1023 1036 1093 ἀλήθειαν,
1058 1020 1278 1093 ἔρχεται
1308 1017 1445 1089 πρὸς
1463 1016 1525 1071 τὸ
1554 1016 1691 1086 φῶς,

99 1119 210 1173 ἴνα
247 1118 540 1190 φανερωθῇ
593 1116 665 1171 τά
718 1116 855 1189 ἔργα
899 1114 1099 1179 αὐτοῦ,
1156 1114 1241 1167 ὅτι
1290 1113 1347 1165 ὲν
1374 1109 1493 1181 Θεῷ
1542 1112 1693 1164 ἐστιν

99 1212 490 1285 εἰργασμένα.
526 1230 545 1263 ι
1494 1276 1497 1279 _

194 1322 215 1356 ι
267 1303 624 1374 Ἀποθέμενοι
657 1318 717 1355 το
740 1300 958 1371 ψευδος,
1002 1298 1211 1353 λαλεῖτε
1250 1297 1514 1369 ἀλήθειαν
1558 1296 1687 1349 ἕκα-

100 1413 248 1460 στος
289 1396 430 1467 μετὰ
476 1394 571 1448 τοῦ
622 1394 853 1465 πλησίον
900 1390 1090 1457 αύτοῦ,
1115 1391 1198 1446 ὅτι
1248 1390 1413 1461 ἐσμὲν
1446 1388 1691 1459 ἀλλήλων

101 1488 287 1558 μέλη.
326 1506 347 1539 ι

190 1597 214 1631 ι
252 1578 494 1644 Μείζονα
536 1578 742 1649 ταύτης
770 1578 872 1632 οὐκ
910 1576 1020 1649 ἔχω
1056 1575 1259 1647 χαρὰν,
1281 1574 1369 1627 ἵνα
1411 1570 1596 1627 ἀκούω
1622 1570 1689 1625 τά

97 1673 232 1745 ἐμὰ
262 1673 429 1728 τέκνα
456 1674 513 1725 ἐν
547 1670 778 1742 ἀληθείᾳ
804 1669 1236 1742 περιπατοῦντα.
1276 1687 1295 1720 ι

178 1846 268 1902 To
292 1848 585 1922 κράτιστον
610 1846 720 1901 τῶν
745 1846 966 1917 ἀγαθῶν
988 1847 1021 1917 ἡ
1049 1844 1299 1916 ἀλήθεια.
1383 1898 1394 1920 δ

178 2040 535 2114 Δυσθήρατός
582 2044 731 2097 ἐστιν
761 2042 790 2096 ὁ
823 2045 921 2115 τῆς
968 2041 1226 2115 ἀληθείας
1275 2041 1457 2112 λόγος,
1491 2042 1687 2115 ῥᾳδίως

96 2132 417 2203 δυνάμενος
446 2135 709 2205 ἐκφυγεῖν
732 2134 860 2198 τοὺς
887 2133 963 2205 μὴ
996 2134 1386 2205 προσέχοντας.

178 2305 443 2363 Τοιοῦτόν
468 2325 522 2363 τι
563 2310 598 2377 ἠ
624 2309 837 2378 ἀλογία,
868 2310 965 2363 καὶ
1017 2309 1078 2363 τδ
1131 2309 1269 2381 πρὸς
1296 2310 1395 2380 τὴν
1425 2308 1688 2382 ἀλήθειαν

100 2398 530 2469 ἀπομάχεσθαι,
562 2400 639 2463 ὡς
674 2400 810 2471 μηδὲ
865 2402 1301 2475 περιπίπτοντας
1330 2403 1530 2467 αὐτοὺς
1559 2403 1685 2457 ἑαυ-

98 2491 251 2556 τοῖς,
285 2489 318 2560 ἢ
353 2495 511 2557 νοεῖν,
541 2488 575 2563 ἥ
608 2493 982 2565 αἰσχύνεσθαι.

178 2666 465 2739 Ούδεμιᾶς
492 2669 665 2724 δεῖται
698 2669 953 2744 βοηθείας
996 2673 1157 2744 ήτῆς
1206 2674 1467 2745 ἀληθείας
1508 2676 1683 2747 ἰσχὺς,

101 2759 255 2814 ἀλλὰ
293 2760 397 2815 κᾶν
425 2762 655 2833 μυρίους
700 2763 796 2837 ἔχῃ
844 2766 974 2831 τοὺς
1025 2766 1353 2830 σϐεννύντας
1396 2767 1585 2838 αὐτὴν,
1621 2768 1683 2822 οὗ

105 2850 282 2920 μόνον
306 2852 407 2905 οὐκ
431 2852 770 2920 ἀφανίζεται,
797 2854 934 2909 ἀλλὰ
978 2854 1073 2910 καὶ
1091 2856 1161 2909 δι’
1197 2857 1378 2910 αὐτῶν
1406 2856 1515 2910 τῶν
1546 2856 1685 2929 ὲπη-

86 2940 337 3017 ιρεὰζειν
382 2942 806 3014 ἐπιχειρούντων
849 2945 1184 3018 φαιδροτέρα
1216 2945 1412 3014 ἄνεισι,
1455 2945 1567 3000 τῶν
1592 2962 1684 2999 κο-

102 3032 364 3088 πτόντων
396 3034 625 3099 ἑαυτοὺς
650 3036 1031 3108 καταγελῶσα.

168 3204 321 3259 Οὔτε
347 3205 410 3260 τὸ
437 3207 553 3276 φῶς
582 3208 734 3265 ἔσται
788 3212 978 3277 σκότος
1011 3213 1166 3280 ποτὲ,
1199 3213 1304 3278 ἕως
1334 3213 1402 3268 ἂν
1519 3214 1636 3285 φῶς
1659 3232 1674 3248 °
1706 3241 1754 3301 ο

101 3296 240 3352 οὔτε
286 3300 322 3371 ή
351 3300 459 3353 τῶν
492 3304 623 3371 παρ’
653 3304 785 3374 ἡμῖν
834 3305 1178 3375 πραγμάτων
1219 3305 1449 3378 ἀλήθεια
1477 3306 1682 3375 διελεγ-

103 3388 398 3458 χθήσεται.
416 3391 667 3463 Ἀλήθεια
695 3396 804 3465 γάρ
825 3395 1073 3461 ἔστι,καὶ
1099 3392 1307 3466 ταύτης
1337 3395 1682 3468 ἰσχυρότερον

101 3478 293 3534 οὐδέν.
360 3524 369 3532 .

169 3569 298 3635 Πᾶς
321 3573 350 3625 ὁ
373 3572 672 3645 δυνάμενος
702 3576 882 3645 λέγειν
922 3577 1019 3647 τὴν
1048 3578 1333 3650 ἀλήθειαν,
1359 3580 1454 3634 καὶ
1488 3580 1567 3651 μὴ
1593 3580 1682 3633 λέν

100 3680 247 3733 των,
281 3666 602 3739 κριθήσεται
631 3670 736 3724 ὑπὸ
767 3669 859 3723 τοῦ
891 3670 1047 3727 Θεοῦ.

174 3844 403 3899 Βέλτιον
433 3843 581 3899 λίθον
612 3845 799 3917 βαλεῖν
826 3847 973 3917 εικῆ,
1003 3847 1036 3916 ἢ
1068 3847 1245 3916 λόγον.
1293 3849 1458 3903 Λάλει
1506 3849 1543 3904 ἃ
1574 3851 1676 3914 δεῖ,

100 3934 201 3987 καὶ
234 3933 323 3987 ὅτε
356 3934 457 4000 δεῖ,
495 3935 589 3989 καὶ
628 3938 728 3990 οὐκ
775 3936 1029 4001 ἀκούσεις
1054 3938 1091 3992 ἃ.
1144 3938 1219 4009 μὴ
1243 3937 1342 3996 δεῖ.
1378 3940 1544 4011 Σιγᾷν
1577 3942 1678 4014 τὴν

99 4024 370 4095 ἀλήθειαν
396 4028 596 4100 χρυσόν
625 4030 741 4083 ἐστι
768 4028 1019 4084 θάπτειν.

100 4308 291 4384 Τι’[ᾏ.
317 4310 411 4384 K’1
436 4339 509 4352 —
534 4309 673 4378 Περὶ
692 4310 1045 4384 ἀρχομένων
1066 4328 1083 4343 ο
1129 4310 1217 4384 ὅτι
1261 4312 1677 4384 ἐξομοιοῦνται

168 4380 303 4453 τοῖς
338 4378 458 4433 τῶν
487 4378 865 4453 κρατούντωὴ
899 4381 1094 4450 ἤθεσι,
1139 4381 1256 4437 κᾶν
1285 4378 1671 4453 σε’χρηστοὶ,

169 4450 295 4504 κᾶν
326 4468 385 4503 τε
406 4452 695 4521 μοχθηροὶ
732 4451 1065 4521 ὑπάρχωσι.

176 4584 194 4617 ι
228 4560 369 4617 Εἷπε
402 4561 605 4615 Γεδεὼν
628 4564 763 4635 πρὸς
792 4563 884 4617 τὸν
904 4564 1052 4616 λαόνο
1080 4562 1278 4628 Καθὼς
1304 4565 1464 4628 ποιῶ,
1496 4564 1669 4632 οὕτως
1701 4584 1745 4640 υ

1410 439 1645 502 SACRA
1680 434 1768 495 PA
1783 430 2144 493 RALLELA.

1722 552 1767 606 Α
1868 540 2037 596 Eccli.
2063 553 2239 602 xxvn,
2275 536 2436 591 iO.—
2460 550 2480 585 ι
2504 527 2761 587 Volatilia
2793 527 2861 582 ad
2892 525 2975 581 sui
2999 523 3198 581 similia
3232 539 3368 579 con-

1798 634 2021 689 veniunt
2052 650 2066 686 :
2097 637 2152 685 et
2201 629 2409 684 veritas
2450 625 2653 681 ad~eos
2688 624 2783 692 qui
2828 627 3127 691 Operantur
3190 616 3367 683 illam,

1796 732 2127 781 revertetur.
2168 739 2186 773 ι

1864 815 2029 870 Joan.
2055 830 2136 880 ιιι,
2158 812 2254 869 20.
2286 842 2357 852 —
2384 830 2403 864 ι
2448 807 2640 866 Omnis
2688 804 2781 876 qui
2817 802 2960 857 male
2977 800 3109 871 agit,
3139 797 3255 856 odit
3280 798 3368 853 lu-

1793 923 1934 974 cem,
1967 914 2022 962 et
2052 920 2162 960 non
2210 902 2362 960 venit
2421 901 2492 956 ad
2538 900 2739 961 lucem,
2785 901 2845 949 ut
2899 908 3011 948 non
3064 900 3369 974 arguantur

1793 969 1959 1069 opera
2024 997 2168 1067 ejus.
2222 995 2327 1062 Qui
2383 1003 2566 1049 autem
2597 990 2732 1046 facit
2783 986 3088 1051 veritatem,
3120 985 3265 1043 venit
3302 969 3368 1043 nil

1793 1090 1991 1155 lucem,
2030 1087 2566 1146 ut‘manilestentur
2625 1100 2791 1156 opera
2825 1082 2967 1153 ejus,
3009 1082 3135 1152 quia
3165 1083 3220 1135 in
3254 1080 3365 1135 Deo

1794 1191 1925 1239 sunt
1953 1182 2119 1237 facta.
2152 1201 2171 1235 ι

1860 1273 2051 1343 Ephes.
2072 1291 2146 1340 ιν,
2173 1274 2348 1328 25.—
2380 1293 2398 1326 ι
2430 1273 2771 1344 Deponentes
2797 1273 3165 1337 mendacium,
3190 1268 3368 1342 loqui-

1792 1362 1930 1419 mini
1987 1365 2275 1419 veritatem
2322 1364 2707 1434 unusquisque
2747 1379 2874 1419 cum
2932 1361 3186 1435 proximo
3241 1371 3367 1422 suo,

1792 1456 2050 1526 quoniam
2083 1470 2279 1510 sumus
2308 1454 2543 1508 invicem
2571 1453 2837 1507 membra.
2875 1471 2893 1504 ι

1862 1547 1957 1603 III
1983 1547 2146 1604 loan.
2179 1565 2233 1602 v.
2261 1547 2402 1601 4.-
2426 1564 2445 1597 ι
2476 1545 2736 1615 Majorem
2768 1544 2871 1599 hac
2898 1542 3140 1598 lmtitiam
3166 1539 3383 1595 habem.

1791 1661 1955 1716 quam
2009 1656 2069 1700 ut
2125 1644 2340 1699 audiam
2405 1642 2546 1697 filios
2608 1656 2759 1696 meos
2814 1640 2869 1694 in
2911 1639 3140 1694 veritate
3171 1634 3364 1687 ambu-

1790 1744 1926 1796 lare.
1971 1759 1989 1791 ι

1861 1832 1919 1888 8.
1958 1832 2123 1887 Basil.
2158 1829 2769 1886 —Pra:stantissimum
2821 1824 3063 1880 omnium
3091 1821 3371 1876 bonorum

1790 1933 1877 1980 est
1907 1925 2134 1979 veritas.

1866 2015 2055 2085 Ejusd.
2107 2015 2249 2069 hom.
2277 2015 2330 2068 in
2353 2032 2371 2066 ι
2402 2012 2626 2067 Attende
2658 2010 2749 2065 tibi
2780 2010 2903 2079 ipsi.
2924 2003 3365 2077 s—Captudiﬂie

1787 2108 1908 2161 cilis
1935 2116 2020 2162 est
2049 2120 2232 2161 sermo
2265 2104 2537 2169 veritatis,
2569 2111 2631 2157 ut
2656 2102 2749 2173 qui
2785 2100 2946 2155 facile
2982 2115 3080 2155 eos
3123 2097 3363 2166 etl‘ugere

1789 2206 1978 2268 queat,
2013 2197 2105 2268 qui
2131 2197 2372 2251 animum
2405 2210 2517 2251 non
2553 2194 2692 2253 satis
2722 2192 3013 2249 attendunt

1860 2290 1920 2346 S.
1946 2288 2101 2361 (ἶνες.
2125 2288 2399 2346 Nazianz.
2426 2319 2496 2330 -—
2522 2287 2809 2359 Ejusmodi
2863 2286 3126 2358 quiddam
3162 2292 3247 2341 est
3272 2298 3363 2338 ve-

1786 2384 1997 2447 cordia,
2030 2382 2338 2452 initmnque
2392 2381 2662 2437 adversus
2716 2378 3007 2434 veritatem
3042 2384 3360 2441 certamen;

1787 2483 1847 2526 ut
1868 2488 1997 2527 cum
2027 2472 2243 2541 ipsimet
2274 2485 2462 2526 secum
2500 2478 2771 2541 pugnent,
2805 2468 2861 2523 id
2896 2478 3077 2523 tamen
3110 2481 3214 2522 nec
3237 2481 3363 2521 sen-

1787 2568 1947 2627 tiant,
1976 2577 2077 2616 nec
2129 2561 2483 2616 erubescant.

1856 2654 2203 2723 Chrysost.—
2225 2652 2479 2707 Veritatis
2500 2651 2669 2706 robur
2689 2650 2893 2704 nullam
2918 2664 3074 2719 Opem
3098 2648 3356 2719 requirit:

1785 2744 1878 2801 se'd
1911 2746 2165 2816 quamvis
2219 2744 2494 2799 innumeri
2550 2744 2685 2805 sint,
2717 2743 2810 2812 qui
2845 2757 2966 2797 eam
3008 2740 3361 2811 exstinguere

1786 2839 2104 2903 moliantur,
2138 2837 2276 2893 adeo
2299 2845 2479 2891 tamen
2539 2850 2648 2891 non
2691 2833 3085 2904 exstinguitur,
3113 2840 3174 2887 ut
3194 2832 3361 2887 etiam

1784 2946 1883 3001 per
1938 2931 2063 2986 illos
2094 2930 2189 3001 qui
2225 2930 2401 2999 ipsam
2444 2944 2642 2984 vexare
2676 2936 2977 2990 conantur,
3017 2908 3363 2996 splendidior

1782 3017 2057 3081 exsistat,
2106 3015 2371 3072 deridens
2424 3017 2553 3074 illos
2602 3015 2696 3088 qui
2763 3030 2886 3072 sese
2939 3014 3148 3072 frustra
3184 3013 3360 3070 COD“!

1783 3108 1956 3163 ciunt.

1859 3201 1920 3257 8.
1947 3201 2170 3256 Justini.
2194 3230 2261 3244 —
2290 3200 2401 3258 Nec
2425 3202 2520 3257 lux
2542 3217 2785 3273 unquam
2820 3201 2999 3273 caligo
3028 3201 3157 3269 erit,
3185 3216 3358 3274 quam

1784 3291 1877 3345 diu
1912 3292 2003 3345 Lux
2037 3292 2200 3347 fuerit
2232 3311 2245 3348 :
2272 3308 2377 3349 nec
2402 3354 2405 3357 ἰ
2429 3309 2616 3348 rerum
2648 3302 2967 3349 nostrarum
2997 3294 3202 3351 veritas
3236 3293 3362 3351 falsi

1786 3400 2025 3455 unquam
2043 3387 2423 3442 convincetur.
2445 3384 2663 3443 Veritas
2692 3386 2895 3459 quippe
2927 3394 3035 3451 est,
3074 3403 3182 3459 qua
3214 3386 3353 3442 nihil

1782 3492 1905 3533 esse
1926 3477 2122 3533 fortius
2154 3477 2352 3547 possit.

1856 3567 2147 3637 Ejusdem,
2209 3569 2356 3624 Dial.
2396 3586 2518 3624 cum
2569 3570 2768 3642 Tryph.
2810 3583 2957 3642 part.
3005 3589 3065 3629 ιι.
3102 3574 3358 3641 —Quis-.

1782 3661 1906 3729 quis
1928 3676 2052 3715 cum
2088 3660 2372 3716 veritatem
2398 3661 2582 3717 dicere
2643 3670 2831 3733 queat,
2862 3679 2981 3719 eam
3030 3666 3291 3732 subticet,
3325 3683 3360 3724 a

1783 3750 1893 3806 Deo
1933 3752 2415 3808 condemnabitur.

1852 3841 2147 3913 Evagr.——
2190 3843 2421 3899 Prwstat
2475 3843 2709 3914 lapidem
2763 3846 3044 3903 incassum
3108 3850 3363 3913 mittere,

1779 3949 1944 4005 quam
2002 3950 2339 3991 sermonem.
2374 3935 2627 4008 Loquere
2662 3954 2784 4008 qum
2807 3949 3052 4009 oportet;
3114 3950 3168 3997 et
3226 3957 3358 3997 cum

1779 4032 1998 4097 oportet
2032 4041 2139 4082 :ac
2182 4043 2292 4082 non
2347 4028 2540 4085 audies
2596 4045 2718 4100 quae
2768 4046 2875 4085 non
2922 4040 3162 4102 oportet.
3194 4030 3353 4087 Veri-

1779 4124 1946 4172 tatem
2002 4116 2184 4182 silere,
2243 4116 2385 4173 idem
2426 4126 2511 4175 est
2550 4120 2698 4190 quod
2759 4137 2951 4177 aurum
3000 4123 3169 4178 humo
3220 4139 3355 4179 con‘

1776 4209 1928 4265 dere.

1777 4321 1911 4378 Tl'l‘.
1949 4322 2068 4379 XX.
2099 4324 2276 4398 j—De
2329 4324 2555 4379 subditis
2587 4325 2767 4396 :quod
2799 4325 3000 4381 subditi
3055 4328 3353 4398 principum

1883 4410 2050 4448 mores
2090 4396 2395 4460 imitantur,
2425 4398 2533 4451 sive
2568 4397 2606 4450 ii
2638 4397 2780 4462 boni,
2815 4398 2923 4452 sive
2953 4396 3085 4453 mali
3113 4396 3244 4457 sint.

1840 4544 2027 4602 Judic.
2061 4563 2155 4610 vn,
2198 4548 2285 4603 18.
2326 4578 2395 4589 —-
2435 4568 2453 4599 ι
2496 4546 2639 4603 Dixit
2668 4548 2885 4604 Gedeon
2917 4550 2983 4603 ad
3033 4550 3295 4621 populum
3330 4567 3346 4604 :

100 4658 390 4727 ποιήσατε.
424 4653 644 4707 Σαλπιιῖι
693 4656 750 4707 ὲν
779 4657 845 4726 τῇ
900 4653 1194 4725 κερατίνη,
1244 4654 1342 4708 καὶ
1391 4655 1671 4711 σαλπιεῖτε

1807 4638 1930 4704 juod
1980 4654 2067 4693 me
2114 4640 2367 4695 videritis
2417 4640 2621 4705 facere,
2668 4641 2853 4695 facile.
2895 4641 3126 4707 Quando
3155 4659 3379 4717 perso-A

101 4748 289 4817 κύκλῳ
319 4747 416 4816 τῆς
442 4745 819 4817 παρεμϐολῆς.
861 4766 881 4798 ι

174 4924 194 4958 ι
231 4903 470 4959 Ἔλαϐεν
510 4904 797 4975 Ἀϐιμέλεχ
823 4904 922 4977 τὴν
948 4906 1160 4978 ἀξίνην,
1193 4908 1288 4961 καὶ
1319 4906 1512 4978 ἔκοψεν
1540 4909 1671 4965 κλά-

98 4998 223 5062 δους
257 4998 455 5064 ξύλων,
486 4998 580 5051 καὶ
631 4997 826 5068 ἔθηκεν
870 4999 964 5050 ἐπὶ
1013 4999 1121 5053 τῶν
1148 4998 1314 5070 ὤμων
1346 5000 1530 5066 αύτοῦ,
1579 5005 1673 5055 καὶ

100 5083 222 5141 εἷπε
258 5088 339 5158 τῷ
365 5086 478 5158 λαῷ
505 5086 584 5157 τῷ
621 5088 737 5157 μετ’
768 5086 955 5141 αὐτοῦ’
979 5089 1043 5141 Ὃ
1075 5087 1254 5142 οἴδατε
1291 5090 1550 5146 ποιοῦντά
1581 5111 1669 5164 με,
1714 5084 1717 5093 ’

104 5183 394 5252 ποιήσατε.
424 5199 442 5232 ι

179 5294 200 5326 ι
238 5275 397 5328 Κατὰ
427 5272 521 5327 τὸν
552 5271 747 5346 κριτὴν
789 5272 885 5326 τού
916 5272 1067 5337 λαοῦ,
1112 5272 1285 5340 οὓτως
1332 5277 1427 5330 καὶ
1454 5279 1503 5331 oi
1559 5278 1669 5334 λει-

102 5366 325 5437 τουργοὶ
376 5364 577 5419 αὐτοῦ·
620 5368 716 5419 καὶ
757 5365 898 5420 κατὰ
938 5366 1031 5419 τὸν
1085 5366 1389 5437 ἡγούμενον
1429 5370 1530 5440 τῆς
1575 5372 1673 5425 πό-

103 5456 266 5523 λεως,
299 5457 499 5523 πάντες
529 5458 578 5511 οἱ
601 5457 983 5521 κατοικοῦντες
1014 5460 1070 5513 ὲν
1093 5460 1254 5531 αὐτῇ.
1285 5479 1305 5513 ι

175 5550 322 5622 Πρὸς
350 5550 412 5603 τὸ
440 5549 550 5605 τῶν
574 5550 919 5619 κρατούντων
947 5545 1082 5622 ἦθος
1126 5552 1460 5610 πλάττεσθαι
1496 5558 1670 5627 πέφυ-

106 5660 202 5696 κεν
254 5643 333 5708 ὼς
357 5644 423 5698 τά
468 5644 642 5697 πολλὰ
677 5643 737 5697 τὸ
777 5643 1099 5715 ἀρχόμενον.
1131 5646 1294 5701 ’Ὢστε
1337 5650 1510 5703 ὁποῖοί
1540 5670 1671 5706 ποτε

108 5734 174 5861 ᾶῖ
204 5745 255 5788 οι
282 5737 506 5804 ἄγοντες
534 5730 658 5804 ὦσι,
676 5741 919 5795 τοιοῦτον
948 5741 1162 5814 ἀνάγκη
1197 5744 1291 5799 καὶ
1314 5744 1375 5799 τὸ
1400 5746 1672 5816 ἀγόμενον

110 5840 271 5879 cavat.

1774 4729 1954 4784 nuerit
1996 4730 2125 4784 tuba
2151 4730 2205 4783 in
2248 4745 2411 4785 manu
2454 4746 2597 4797 mea,
2635 4747 2731 4786 vos
2766 4747 2987 4802 quoque
3012 4750 3107 4805 per
3141 4736 3351 4793 circuia

1774 4824 1887 4873 tum
1922 4827 2235 4875 castrorum
2261 4821 2499 4890 clangite
2522 4829 2576 4875 et
2606 4833 2917 4891 personate.
2963 4844 2983 4877 ι

1846 4910 2027 4965 Judic.
2048 4927 2121 4975 Ix,
2136 4911 2222 4967 48.
2243 4940 2310 4950 —
2332 4928 2351 4961 ι
2381 4912 2718 4977 Abimelech,
2739 4925 2952 4984 arrepta
2971 4918 3177 4983 securi,
3204 4932 3348 4988 prae-

1773 5002 1909 5056 cidit
1965 5017 2148 5057 ramos
2209 5002 2449 5066 arboris,
2491 5014 2545 5059 et
2609 5005 2870 5075 imposuit
2916 5008 3173 5063 humeris
3205 5011 3344 5077 suis,

1772 5092 2019 5164 dixitque
2045 5096 2247 5165 populo
2272 5096 2367 5165 qui
2399 5110 2523 5150 cum
2559 5095 2679 5169 ipso
2700 5107 2820 5154 erat
2849 5116 2861 5153 :
2886 5097 3160 5164 Quod'me
3190 5101 3349 5157 vide-

1773 5187 1845 5241 tis
1871 5184 2076 5249 facere,
2107 5187 2293 5243 facite.
2333 5206 2352 5239 ι

1834 5278 2005 5332 Eccli.
2032 5295 2087 5342 x,
2114 5280 2168 5333 2.
2195 5311 2260 5321 —
2299 5298 2318 5332 ι
2357 5278 2669 5337 Secundum
2718 5281 2959 5351 judicem
3009 5281 3215 5350 populi,
3263 5283 3351 5340 sie

1771 5381 1825 5429 et
1851 5374 2087 5428 ministri
2116 5376 2237 5444 ejus
2268 5393 2282 5430 :
2308 5385 2363 5431 et
2386 5376 2567 5446 qualis
2588 5384 2669 5430 est
2699 5383 2884 5429 rector
2914 5373 3178 5441 civitatis,
3211 5377 3345 5433 tales

1772 5476 1826 5524 et
1862 5468 2229 5526 inhabitantes
2261 5470 2315 5525 in
2352 5486 2438 5525 ea.
2479 5490 2497 5522 ι

1843 5558 1904 5616 S.
1940 5559 2111 5614 Basil.
2136 5562 2192 5615 in
2218 5559 2333 5617 lsa.
2362 5592 2429 5601 —
2450 5560 2530 5614 Ad
2559 5558 2868 5630 principum
2906 5574 3089 5617 mores
3116 5576 3237 5618 sese
3284 5569 3345 5617 ut

1773 5652 2064 5723 plurimum
2091 5652 2344 5724 efﬁngere
2359 5653 2522 5723 358
2553 5654 2731 5708 solent
2762 5651 2798 5705 ii
2843 5652 2935 5722 qui
2972 5652 3074 5707 sub
3096 5652 3343 5723 ipsorum

1775 5745 2005 5814 imperio
2034 5755 2181 5801 sunt.
2213 5746 2291 5800 Ac
2317 5745 2545 5816 proinde
2567 5746 2756 5815 quales
2793 5744 2960 5799 duces
3009 5745 3341 5800 exstiterint.

1776 5836 1918 5890 tales
1949 5850 2044 5892 eos
2096 5836 2186 5907 qui
2234 5837 2302 5893 ab
2355 5837 2463 5891 illis
2490 5836 2888 5907 gubernantur,
2944 5852 3069 5893 csse
3117 5851 3344 5923 necesse

1775 5938 1877 5983 est.

3231 405 3459 476 1206‘
