3910 6414
564 386 701 455 i207

1743 386 1805 442 S.
1836 386 2154 445 JUALVNlb
2196 388 2623 451 DAMASCENI

3687 404 3806 469 1m

557 502 741 560 TITA.
770 500 912 555 XXI.
943 530 1011 539 --
1045 498 1116 552 De
1149 496 1375 551 subditis
1408 515 1425 553 :
1455 496 1616 591 quod;
1653 496 1962 591 prffectisL
2015 499 2106 591 sui.

2233 503 2413 591 TI'l‘A.
2450 508 2821 591 ιςΑκ-ῃερι
2859 511 3246 591 ρρχρμένων·
3290 516 3384 591 ὅτι
3422 517 3547 591 χρὴ
3589 522 3805 587 αὐτοὺς

623 588 829 643 parere,
852 641 859 643 Α
885 582 931 623 et
970 586 1166 622 morem
1205 585 1383 643 gerere
1409 607 1425 630 ,
1476 585 1539 643 ac
1581 566 1832 622 decedere
1869 567 2129 634 debeant,

621 638 813 713 eosque
841 641 1123 701 honorare,
1154 656 1247 693 nec
1270 638 1547 692 reluctari.

626 775 800 830 Exod.
834 790 971 839 χχιι,
999 773 1093 828 28.
1128 802 1197 814 —
1230 792 1248 823 ι
1286 771 1399 827 Diis
1438 787 1549 827 non
1580 771 1862 838 detrabes,
1892 784 1947 829 et
1979 774 2133 845 prin-

553 870 664 941 cipi
690 868 875 938 populi
913 866 988 920 tui
1019 882 1127 919 non
1154 865 1471 920 maledicas.
1504 883 1523 916 ι

621 959 723 1015 Job
778 958 1075 1023 xxxuv,18.
1103 987 1175 997 --
1206 975 1226 1007 ι
1262 958 1466 1026 Impius
1496 965 1603 1019 est,
1647 958 1740 1026 qui
1788 957 1924 1011 dicit
1959 959 2073 1029 regi
2105 978 2119 1014 :

552 1054 740 1123 Inique
770 1052 907 1122 agis.
950 1050 1188 1119 Impius,
1246 1050 1338 1118 qui
1390 1065 1501 1104 non
1541 1050 1815 1105 reveritus
1859 1050 2024 1105 fuerit
2054 1051 2131 1106 fa-

551 1146 691 1202 ciem
719 1144 1084 1209 honorabilis,
1117 1159 1218 1199 nec
1243 1144 1505 1197 honorem
1540 1145 1622 1197 eis
1646 1143 1862 1199 deferre
1886 1146 2058 1199 novit.
2104 1164 2123 1197 ι

622 1238 802 1293 Eccle.
828 1254 882 1303 x,
919 1238 1012 1292 20.
1040 1267 1111 1277 —
1138 1257 1157 1288 ‹
1193 1237 1250 1290 ln
1282 1236 1508 1292 scientia
1547 1244 1639 1289 tua
1682 1251 1752 1291 ne
1774 1236 2128 1291 maledixeris

549 1331 759 1403 regi,et
782 1330 836 1384 in
859 1328 1233 1400 penetralibus
1286 1328 1632 1384 cubiculitui
1663 1344 1730 1383 ne
1771 1330 2127 1385 maledixeris

547 1423 726 1480 diviti.
789 1421 1061 1490 Quoniam
1132 1422 1386 1478 volucres
1455 1422 1581 1477 coeli
1639 1422 1891 1479 auferent
1936 1439 2125 1479 vocem

545 1525 718 1583 tuam,
746 1522 801 1571 et
830 1515 924 1587 qui
951 1515 1117 1572 habet
1148 1529 1389 1586 pennas,
1423 1514 1772 1570 annuntiabit
1814 1530 2124 1572 sermonem

544 1616 785 1752 ωῗῗιῖυῗ
802 1712 932 1759 xxv,
967 1694 1059 1749 2i.
1090 1723 1159 1734 --
1198 1713 1217 1746 ι
1256 1694 1415 1751 Time
1450 1694 1646 1761 Deum,
1687 1695 1787 1763 ﬁli,
1815 1704 1871 1753 et
1910 1663 2121 1768 regem,

543 1795 600 1843 et
626 1788 809 1844 neutri
844 1803 1035 1843 eorum
1075 1787 1385 1858 obsequens
1431 1788 1531 1845 sis.
1572 1807 1591 1841 ι

2306 577 2762 651 ὑποτάσσεσθαι
2794 577 3236 651 τοῖξῆῥχουσι.
3282 586 3383 639 καὶ
3422 577 3667 649 ῖῖιὶειν,
3723 577 3807 647 καί

2305 648 2700 716 παραχωρεῖν,
2731 651 2831 705 καὶ
2860 648 3181 722 τιμᾷνξκαὶ
3210 655 3301 724 μὴ
3333 648 3712 730 ἀντιλέγειτν.

2309 804 2328 838 ‹
2363 784 2532 851 Θεοὺς
2560 786 2622 840 οὐ
2668 788 3087 863 κακολογήσεις,
3136 793 3235 848 καὶ
3270 794 3520 868 ἄρχοντα
3549 799 3659 854 τοῦ
3690 801 3803 856 ha]

2233 894 2327 932 σου
2362 879 2462 933 οὐκ
2490 882 2635 952 ἐρεῖς
2656 883 2865 947 κακῶς.
2897 903 2916 937 ι

2305 989 2325 1022 ι
2366 970 2629 1043 Ἀσεϐὴς,
2686 973 2747 1039 ὃς
2803 974 2952 1045 λέγει
2996 977 3075 1049 τῷ
3131 978 3374 1049 βασιλεῖ,
3438 986 3803 1058 Παρανομείς.

2241 1060 2485 1135 Ἀσεσὴς,
2516 1065 2576 1129 ὃς
2626 1066 2727 1122 οὐκ
2754 1068 3017 1142 αἰσχυνθῇ
3065 1074 3358 1145 πρόσωπον
3406 1077 3673 1149 ἐντίμου,
3702 1081 3802 1135 οὐδὲ

2228 1151 2339 1209 οἶδε
2367 1156 2534 1229 τιμὴν
2562 1158 2752 1215 θέσθαι
2780 1161 3017 1227 τούτοις.
3054 1184 3071 1217 ι

2305 1266 2325 1299 ι
2370 1250 2458 1304 Ἐν
2485 1251 2689 1322 είδήσει
2724 1271 2818 1308 σου
2879 1255 3105 1326 βασιλέα
3138 1259 3215 1330 μὴ
3262 1261 3591 1335 καταράσῃ,
3621 1265 3715 1317 καὶ
3754 1267 3798 1317 ἐν

2226 1342 2479 1412 ταμείοις
2509 1345 2767 1412 κοιτῶνος
2797 1366 2893 1401 σου
2930 1350 3009 1422 μὴ
3040 1353 3326 1424 καταράσῃ
3385 1354 3688 1410 πλούσιον·
3731 1359 3795 1410 ὅτι

2226 1434 2473 1487 πετεινὸν
2504 1435 2599 1489 τοῦ
2629 1437 2862 1509 οὐρανοῦ
2903 1442 3121 1496 ἀποίσει
3147 1444 3247 1514 τὴν
3275 1447 3473 1516 φωνήν
3516 1464 3641 1513 σου,
3671 1451 3794 1502 καἱέ

2227 1524 2367 1596 ἔχων
2397 1529 2696 1601 πτέρυγας,
2722 1533 3016 1603 ἀναγγελεῖ
3044 1537 3202 1606 λόγον
3239 1555 3364 1592 σου.
3398 1558 3418 1591 ι

2302 1718 2321 1751 ι
2347 1701 2521 1755 Φοὸοὖ
2554 1703 2646 1757 τὸν
2673 1704 2828 1773 Θεὸν,
2860 1708 2965 1771 υἱὲ,
2993 1711 3087 1763 καὶ
3109 1710 3365 1782 βασιλέα,
3393 1714 3499 1767 καὶ
3534 1715 3792 1785 μηδετέρᾳ

2228 1793 2409 1847 αὐτῶν
2437 1796 2542 1851 ἀπε
2553 1796 2764 1872 ιθήσῃς.
2796 1820 2816 1854 ι

611 1878 789 1935 Eccle.
826 1896 944 1945 vni,
978 1879 1034 1934 2.
1065 1899 1179 1933 -ι
1217 1878 1292 1936 Os
1331 1881 1479 1953 regis
1529 1882 1785 1950 observa,
1830 1892 1886 1939 et
1916 1900 1943 1938 a
1982 1884 2106 1941 facit

2303 1908 2320 1941 ι
2352 1889 2535 1958 Στόμα
2568 1891 2835 1961 βασιλέως
2892 1896 3147 1964 φύλαξον,
3183 1899 3280 1952 καὶ
3329 1900 3445 1954 ἀπὸ
3502 1901 3602 1954 τοῦ
3658 1919 3791 1967 προς-

543 1972 665 2044 ejus
693 1988 907 2044 pergas,
972 1972 1234 2043 quoniam
1271 1975 1456 2028 omnia
1489 1989 1837 2047 quacunque
1882 1978 2122 2033 voluerit

541 2066 745 2133 facere,
772 2066 921 2121 velut
948 2081 1041 2121 rex
1067 2073 1395 2136 potestatem
1428 2067 1659 2134 habens,
1714 2068 1846 2125 facit
1873 2089 1887 2126 :
1914 2079 1968 2126 et
1996 2072 2120 2143 quis

541 2160 687 2215 dicet
718 2159 765 2213 ei
798 2175 812 2212 :
844 2158 985 2226 Quid
1024 2158 1163 2214 facis
1190 2159 1214 2213 ?
1252 2178 1271 2211 ι

610 2250 782 2305 Eccli.
806 2268 880 2315 IV,
918 2253 1061 2307 7.—
1088 2268 1112 2305 ι
1145 2250 1402 2320 Magnato
1437 2253 1665 2309 humilia
1702 2262 1868 2324 caput
1903 2265 2110 2311 tuum.»

607 2340 774 2396 Eccli.
814 2357 935 2409 vui,
968 2343 1021 2397 1.
1056 2373 1127 2385 ——
1161 2360 1181 2395 ι
1218 2341 1297 2399 Ne
1364 2343 1547 2416 litiges
1605 2360 1727 2401 cum
1774 2346 1994 2403 homine
2020 2364 2119 2418 po-

540 2442 710 2489 tente.
752 2453 770 2484 ι

612 2524 781 2579 Eccli.
807 2541 925 2592 xui,
957 2524 1045 2578 l2.
1072 2556 1144 2565 —
1170 2544 1190 2577 ι
1226 2526 1271 2579 Α
1308 2526 1619 2596 potentiore
1651 2527 1978 2593 advocatus,
2012 2528 2113 2611 de-

536 2617 669 2673 cede
704 2632 806 2671 :ex
839 2617 1103 2673 hocenim
1130 2618 1303 2689 magis
1337 2626 1389 2673 te
1426 2618 1738 2674 advocabit.
1782 2639 1801 2669 ι

601 2706 770 2762 Eccli.
810 2716 982 2771 xxxii,
1014 2708 1229 2763 15.--‹
1286 2707 1343 2761 1η
1383 2708 1566 2763 medio
1593 2712 2003 2779 magnatorum,
2044 2728 2113 2767 ne

536 2806 588 2855 te
613 2800 725 2854 illis
754 2814 1030 2870 exaeques.
1068 2818 1087 2851 ι

603 2891 756 2947 Rom.
786 2908 907 2955 xm,
952 2892 1005 2958 1,
1036 2892 1093 2949 2.
1131 2924 1200 2931 —
1237 2911 1253 2942 ι
1288 2892 1481 2947 Omnis
1529 2893 1710 2948 anima
1745 2895 2112 2963 potestatibus

533 2984 947 3040 sublimioribus
976 2985 1191 3039 subdita
1210 2986 1302 3039 sit.
1331 2984 1448 3039 Non
1470 2986 1613 3040 enim
1635 2995 1977 3056 estpOtestas
2008 2989 2112 3043 nisi

531 3090 562 3130 a
594 3076 726 3131 Deo.
756 3075 889 3143 Qua:
918 3084 1100 3130 autem
1126 3085 1255 3131 sunt
1276 3085 1599 3146 potestates,
1634 3093 1664 3131 a
1697 3077 1807 3134 Deo
1840 3079 2111 3135 ordinata:

2223 1979 2374 2034 ώπου
2407 1983 2570 2037 αὐτοῦ
2610 1985 2874 2060 πορεύσῃ,
2918 1990 3002 2042 ὅτι
3060 1989 3241 2043 πάντα
3292 1991 3402 2045 ὅσα
3457 1992 3562 2049 ἐὰν
3612 1992 3789 2063 Os}.th

2221 2073 2465 2141 ποιῆσαι,
2495 2074 2679 2140 καθὼς
2710 2077 2965 2148 βασιλεὺς
2995 2080 3335 2147 ἐξουσιάζων
3380 2087 3565 2148 ποιεί,
3593 2084 3686 2138 καὶ
3720 2084 3789 2146 τίς

2220 2162 2339 2233 ἐρεῖ
2368 2164 2538 2235 αὐτῷ,
2572 2167 2638 2219 Τί
2670 2171 2875 2232 ποιετςς
2915 2188 2933 2221 ι
3696 2168 3703 2173 ’

2297 2273 2316 2305 ι
2345 2257 2646 2324 Μεγιστᾶνι
2678 2262 2937 2315 ταπεινοῦ
2965 2264 3064 2335 τὴν
3091 2266 3345 2338 κεφαλήν
3381 2286 3509 2325 σου.
3545 2289 3564 2321 ι

2295 2364 2312 2396 ι
2341 2346 2433 2417 Μὴ
2459 2348 2724 2420 διαμάχου
2762 2351 2902 2421 μετᾶ
2930 2352 3221 2425 ἀνθρώπου
3250 2356 3564 2415 δυνάστου.
3598 2379 3617 2412 ι
3641 2351 3645 2355 ’

2285 2544 2304 2575 ι
2341 2525 2867 2598 Προσκαλεσαμένου
2893 2547 2952 2583 σε
2978 2530 3265 2600 δυνάστου,
3288 2533 3613 2605 ὑποχωρῶν
3631 2533 3773 2602 γίνου.

2217 2616 2313 2669 καὶ
2339 2618 2481 2688 τόσῳ
2513 2636 2573 2671 σε
2598 2620 2799 2689 μᾶλλον
2830 2623 3287 2693 προσκαλέσεται.
3323 2645 3346 2678 ι

2295 2728 2314 2759 ‹
2366 2708 2452 2762 Ἐν
2476 2711 2628 2782 μέσῳ
2662 2712 3005 2782 μεγιστάνων
3031 2714 3107 2786 μὴ
3136 2714 3434 2780 ἐξίσασον.
3474 2739 3495 2771 ι

2290 2927 2309 2958 ι
2348 2910 2504 2962 Πᾶσα
2532 2908 2676 2981 ψυχὴ
2725 2911 3002 2979 ἐξουσίαις
3040 2914 3467 2986 ὑπερεχούσαις
3513 2918 3771 2972 amassi-

2216 2998 2347 3052 σθω.
2384 3000 2457 3051 Οὐ
2490 2999 2599 3070 γάρ
2646 3002 2794 3054 ἐστιν
2827 3002 3061 3067 ἐξουσία.
3094 3004 3143 3056 εί
3196 3002 3274 3075 μὴ
3311 3005 3435 3059 ὑπὸ
3462 3006 3622 3061 Θεοῦ.
3646 3006 3701 3060 ΔΞ
3728 3005 3779 3057 δὲ

2212 3088 2269 3143 οὗ
2280 3110 2365 3144 σαι
2398 3091 2662 3158 ἐξουσίαι,
2681 3092 2786 3147 ὑπὸ
2808 3093 2905 3147 τοῦ
2930 3094 3065 3149 Θεοῦ
3089 3098 3443 3168 τεταγμέναι
3468 3100 3607 3153 εἰσίν
3626 3117 3639 3131 ·
3662 3099 3778 3152 ὥστε

531 3178 681 3221 sunt.
738 3166 931 3236 Itaque
971 3167 1065 3237 qui
1102 3167 1328 3225 resistit,
1370 3167 1461 3221 Dei
1510 3169 1842 3224 ordinationi
1877 3172 2105 3227 resistit.

2233 3186 2689 3256 ὶντιτασσόμενος,
2725 3189 2791 3258 τῇ
2844 3188 2940 3242 τοῦ
2974 3188 3110 3243 Θεοῦ
3139 3166 3378 3260 διαταγῇ
3429 3193 3775 3261 ἀνθέηιετ·

531 3257 635 3326 Qui
665 3268 846 3316 autem
876 3262 1162 3326 resistunt,
1192 3260 1295 3314 sibi
1323 3261 1731 3317 damnationem
1758 3264 2056 3333 accipient.
2083 3284 2100 3315 ι

2233 3276 2258 3326 μί
2294 3273 2350 3327 δὲ
2378 3257 2793 3348 ἀνθεστηκότες,
2824 3278 3041 3343 ἐαυτοίς
3071 3282 3247 3351 κρῖμα
3277 3257 3587 3351 λῆιύονται.
3619 3301 3637 3334 ι

602 3351 772 3407 Hebr.
812 3352 1129 3416 xut,l7.—
1165 3372 1182 3403 ι
1217 3351 1449 3407 Οϋειιίιο
1501 3356 1814 3423 przepositis
1868 3359 2104 3421 vestris,

529 3450 586 3501 et
614 3443 897 3513 subjacete
943 3443 1045 3499 eis.
1076 3442 1182 3513 Ipsi
1221 3446 1366 3499 enim
1411 3446 1737 3515 pervigilant
1768 3463 1865 3516 pro
1894 3448 2107 3501 anima-

527 3538 632 3594 bus
656 3535 881 3603 vestris,
911 3536 1068 3607 quasi
1097 3536 1366 3592 rationem
1403 3538 1671 3593 reddituri
1710 3555 1808 3610 pro
1838 3542 2019 3604 vobis,
2047 3552 2106 3595 ut

526 3646 654 3687 cum
702 3629 905 3702 gaudio
949 3629 1053 3683 hoc
1107 3628 1335 3694 faciant,
1375 3640 1431 3683 et
1484 3648 1589 3685 non
1630 3642 1933 3702 gementes.
1990 3634 2104 3689 Hoc

524 3724 672 3780 enim
693 3739 804 3778 non
832 3722 1058 3794 expedit
1076 3723 1256 3777 vobis.
1286 3742 1303 3772 ι

596 3813 624 3869 1
656 3813 803 3870 Petr.
828 3817 892 3881 il,
931 3814 1019 3868 15.
1040 3845 1113 3856 --
1139 3834 1157 3866 ‹
1195 3810 1433 3884 Subjecti
1452 3824 1629 3871 estote
1659 3817 1806 3872 omni
1831 3824 2102 3874 creatura:

522 3914 749 3977 propter
768 3905 937 3961 Deum
968 3923 981 3960 :
1015 3906 1131 3961 sive
1149 3905 1258 3976 regi
1284 3909 1440 3977 quasi
1466 3908 1823 3977 praecellenti,
1850 3909 1967 3966 sive
1996 3910 2099 3965 du-

522 3997 681 4053 cibus
709 4007 970 4066 tanquam
1002 3997 1071 4051 ab
1094 4011 1159 4053 eo
1183 3998 1369 4052 missis
1396 4016 1413 4066 ;
1444 3998 1511 4053 ad
1540 3999 1842 4055 vindictam
1874 4000 2095 4071 quidem

519 4091 815 4153 bonorum,
842 4110 862 4144 ι
890 4098 1001 4146 etc.

590 4182 819 4254 Ignatii.
874 4213 946 4225 --
980 4182 1183 4238 Caesari
1220 4182 1453 4250 subjecti
1496 4190 1673 4239 estote
1709 4184 1764 4238 in
1797 4186 1865 4240 iis
1904 4186 2094 4252 rebus,

518 4277 573 4331 in
603 4277 804 4347 quibus
820 4274 871 4329 ei
902 4290 1095 4346 parere
1121 4274 1369 4345 periculo
1413 4282 1585 4330 caret.
1613 4305 1683 4318 --
1706 4275 2091 4342 Inferioribus,

515 4377 572 4424 et
634 4368 704 4425 lis
753 4368 847 4439 qui
900 4366 1127 4438 sihipsis
1173 4367 1447 4436 imperare
1501 4369 1777 4433 nesciunt,
1838 4370 2091 4425 beneﬁcii

519 4476 647 4532 pars
669 4466 776 4519 est.
831 4468 894 4515 ut
939 4459 1011 4515 iis
1060 4458 1306 4515 serviant
1359 4458 1455 4531 qui
1493 4468 1647 4516 recte
1689 4469 1744 4517 et
1785 4462 1922 4519 scite
1953 4479 2093 4536 prae-

518 4569 666 4615 sunt.

580 4650 642 4708 S.
676 4647 832 4720 Greg.
860 4647 1131 4703 Nazianz.
1162 4656 1304 4703 orat.
1349 4646 1420 4702 ad
1449 4647 1685 4717 prefect.
1718 4680 1782 4691 -—
1818 4647 2093 4721 Subjicia-

517 4756 665 4806 mur,
694 4755 818 4793 cum
840 4736 972 4802 Deo,
1030 4748 1147 4793 tum
1197 4740 1293 4794 alii
1345 4738 1491 4801 aliis,
1527 4747 1643 4793 tum
1671 4740 1904 4796 terrenis
1934 4741 2091 4811 prin-

516 4832 734 4904 cipibus
763 4849 779 4900 ;
808 4830 921 4887 Deo
944 4832 1165 4902 quidem
1202 4830 1461 4887 omnibus
1488 4830 1556 4886 de
1582 4832 1767 4886 causis
1793 4853 1807 4886 :
1832 4832 2089 4899 invicem,

515 4932 739 4998 propter
770 4924 1074 4979 fraternam
1130 4923 1486 4995 dilectionem
1532 4941 1546 4977 :
1588 4922 1932 4993 principibus
1961 4939 2091 4995 pro-

513 5025 637 5088 pter
664 5014 916 5071 ordinem
943 5031 958 5081 ;
1022 5014 1189 5085 idque
1233 5030 1299 5070 eo
1327 5015 1526 5084 magis,
1553 5012 1662 5085 quo
1702 5016 2088 5072 clementiores

512 5118 567 5164 et
587 5106 944 5179 benigniores
986 5121 1047 5162 se
1071 5106 1362 5177 gesserint.
1399 5104 1578 5161 Grave
1613 5106 1882 5176 siquidem
1913 5114 1997 5161 est
2024 5120 2090 5162 ac

511 5200 906 5271 periculosum,
929 5197 1155 5256 assidua
1187 5197 1520 5271 indulgentia
1540 5196 1966 5253 moderationem
1996 5212 2091 5253 ex-

508 5286 736 5349 haurire
756 5308 853 5348 :ne
874 5290 1081 5359 alioqui
1106 5290 1423 5359 asperitatis
1447 5305 1635 5345 eorum
1662 5304 1837 5360 pmnaa
1866 5288 2090 5345 tandem

509 5400 545 5437 a
573 5386 731 5441 nobis
746 5392 1096 5456 expetantur,
1128 5383 1195 5449 si,
1222 5382 1518 5438 serenitate
1547 5384 1746 5437 mentis
1765 5382 2005 5449 sublata,
2028 5390 2086 5437 et

511 5475 619 5530 luci
652 5477 949 5549 caliginem
973 5474 1379 5540 induxerimus,
1444 5475 1703 5545 mellique
1740 5474 2081 5530 absinthium

511 5566 993 5625 admiscuerimus.

2120 4576 2169 4634 D

2284 3384 2303 3415 ι
2336 3365 2598 3419 Πείθεσθε
2632 3369 2746 3431 τοῖς
2792 3369 3116 3440 ἡγουμένοις
3157 3370 3338 3437 ὑμῶν,
3394 3372 3496 3426 καὶ
3527 3373 3776 3425 ὑπείκετε.

2205 3458 2371 3510 Αὐτοὶ
2401 3458 2511 3529 γὰρ
2553 3458 2925 3528 ἀγρυπνοῦσιν
2954 3462 3095 3532 ὑπὲρ
3135 3462 3245 3515 τῶν
3275 3462 3480 3534 ψυχῶν
3524 3465 3695 3535 ὑμῶν.
3718 3463 3778 3525 ὡς

2204 3551 2361 3619 λόγον
2391 3552 2787 3618 ἀποδώσοντες,
2846 3554 2933 3608 ἵνα
2965 3555 3103 3625 μετὰ
3149 3555 3330 3626 χαρᾶς
3378 3555 3551 3609 τοῦτο
3582 3556 3777 3615 rauim,

2202 3646 2298 3698 καὶ
2333 3645 2407 3715 μὴ
2444 3645 2813 3711 στενάζοντες.
2857 3646 3197 3711 Ἀλυσιτελές
3227 3646 3339 3718 γὰρ
3378 3648 3522 3719 ὑμῖν
3552 3648 3726 3702 τοῦτο.
3756 3665 3775 3696 ι

2280 3846 2301 3878 τ
2339 3825 2683 3897 Ὑποτάγητε
2734 3824 2885 3897 πάσῃ
2939 3825 3259 3898 ἀνθρωπίνῃ
3311 3825 3503 3879 κτίσει
3558 3827 3653 3881 διὰ
3702 3825 3775 3876 τὶν

2200 3920 2426 3992 Κύριον,
2458 3921 2568 3974 εἴτε
2618 3919 2829 3989 βασιλεῖ
2861 3919 2937 3985 ὡς
2974 3920 3317 3991 ὑπερέχοντι,
3376 3920 3495 3972 εἶτε
3531 3920 3775 3991 ἡγεμέισι,

2199 4011 2276 4073 ὡς
2299 4011 2365 4062 δι’
2395 4009 2558 4062 αὐτοῦ
2599 4009 3000 4081 πεμπομένοις,
3041 4011 3120 4074 είς
3149 4010 3441 4079 ἐκδίκησιν
3472 4010 3589 4080 μὲν
3630 4027 3775 4064 καιο-

2199 4102 2393 4155 ποιῶν.
2426 4121 2445 4150 ι

2268 4193 2359 4264 Τῷ
2388 4193 2631 4265 Καίσαρι
2661 4194 2992 4263 ὑποτάγητε,
3022 4194 3080 4246 ὲν
3113 4187 3195 4256 οἷς
3238 4193 3540 4257 ἀκίνδυνος
3587 4196 3625 4263 ἡ
3668 4195 3775 4246 ὐτο-

2196 4290 2358 4358 ταγή.
2379 4317 2453 4331 -
2474 4296 2516 4325 ω
2548 4287 2851 4360 Εὐεργεσία
2871 4289 2986 4349 τοῖς
3013 4287 3445 4357 ὑποδεεστέροις,
3470 4288 3576 4341 καὶ
3603 4289 3773 4356 ἄρχειν

2197 4380 2403 4434 ἑαυτῶν
2439 4381 2512 4451 μὴ
2549 4380 2955 4451 ἐπισταμένοις.
2982 4379 3043 4433 τὸ
3069 4378 3342 4434 δουλεύειν
3360 4396 3478 4442 τοις
3510 4380 3645 4434 κατ’
3666 4383 3769 4432 ἐπι-

2198 4476 2296 4547 στή
2308 4491 2414 4546 μην
2442 4472 2726 4545 ἄρχουσιν.

2268 4652 2763 4723 ’Υποτασσώμεθα,
2794 4651 2888 4706 καὶ
2914 4650 3055 4721 Θεῷ,
3087 4650 3183 4704 καὶ
3224 4648 3502 4717 ἀλλήλοις,
3542 4651 3647 4703 καὶ
3672 4648 3770 4707 τοῖς

2188 4750 2459 4819 ἐπιγείοις
2487 4748 2743 4819 ἄρχουσι·
2762 4744 2881 4814 Θεῷ
2900 4744 2989 4797 διὰ
3014 4743 3214 4806 παντός
3234 4759 3248 4773 ’
3272 4742 3360 4795 διὰ
3390 4741 3763 4811 φιλαδελρίαν,

2186 4842 2468 4913 ἀλλήλοις·
2500 4839 2569 4893 δι’
2618 4838 2897 4904 εὐταξίαν,
2925 4839 3039 4899 τοῖς
3077 4836 3363 4907 ἄρχουσιν’
3405 4834 3501 4887 καὶ
3533 4833 3765 4900 τοσούτῳ

2190 4936 2391 5007 μᾶλλον
2415 4935 2594 5005 ὅσῳπε
2603 4951 2635 5004 ρ
2662 4932 2728 4986 ἂν
2755 4926 2889 4986 ὦσιν
2910 4929 3253 5003 ἡμερώτεροι
3273 4929 3366 4981 καὶ
3384 4929 3764 4998 χρηστότερα.

2186 5029 2370 5082 Δεινὸν
2402 5027 2512 5099 γὰρ
2575 5025 2878 5080 ἐπιείκειαν
2933 5024 3242 5092 δαπανῆσαι
3272 5021 3350 5092 τῷ
3403 5024 3637 5091 συνεχεῖ
3681 5019 3764 5086 τῆς

2191 5120 2555 5191 συγγνώμης,
2613 5120 2702 5174 ἵνα
2736 5118 2811 5190 μὴ
2870 5118 2964 5172 καὶ
2997 5116 3096 5187 τῆς
3152 5114 3380 5169 ἐκείνων
3425 5114 3761 5183 τραχύτητυς

2188 5215 2343 5269 αὐτοὶ
2386 5214 2543 5277 δίκας
2598 5210 3028 5283 ἁπαιτηθῶμεν,
3083 5208 3325 5278 γαλήνην
3384 5202 3760 5276 πνευματικήν

2188 5305 2478 5369 λύσαντες,
2510 5304 2604 5357 καὶ
2645 5300 2786 5371 φωτὶ
2819 5298 2984 5369 ζόφον
3013 5296 3411 5370 ἐπαγαγόντες,
3452 5294 3554 5350 καὶ
3595 5295 3760 5367 μέλιτι

2187 5396 2627 5466 καταμιγνύντες
2659 5391 2928 5465 ἁψίνθιον.

1993 5744 2228 5800 ΝΟΤᾸΕ.

1993 5746 2034 5799 Ν
2090 5744 2131 5798 Τ
2212 5785 2228 5800 .

626 5834 832 5903 ,δὶιηίιο
869 5838 999 5911 quid
1019 5838 1191 5896 habes
1220 5841 1281 5897 in
1298 5837 1531 5907 epistola
1563 5838 1886 5910 interpolata
1940 5840 2008 5895 ad
2036 5744 2536 5908 ghifdelphienses
