4024 6424
166 422 293 488 1209

1391 421 1630 482 SACRA
1668 418 2131 484 PARALLELA.

3260 416 3398 484 1210

226 539 375 600 Τοὺς.
397 535 504 590 ὑπὸ
551 526 815 605 βασιλέως
862 533 1372 604 χειροτονουμένους
1410 534 1681 605 ἄρχοντας

1892 531 2169 603 Chrysost.
2203 530 2723 601 —Prml‘ectos,qui
2760 531 2832 586 ab
2854 531 3395 600 imperatorecrean-

159 630 261 686 κᾶν
286 629 508 701 πονηροὶ
532 622 688 695 ὦσιν,
720 627 909 700 ἕτερον
937 626 1232 681 δεδοικέναι
1259 626 1388 698 χρὴ,
1418 628 1479 681 οὐ
1499 626 1589 679 διὰ
1618 624 1718 696 τὴν

158 722 413 794 πονηρίαν
438 719 905 792 καταφρονοῦντες
935 718 1137 782 αὐτῶν,
1163 718 1299 771 ἀλλά
1330 718 1417 772 διὰ
1439 719 1537 789 τὴν
1561 716 1717 782 ἀξίαν

155 814 249 867 τοῦ
277 813 750 885 χειροτονήσαντος
786 808 1218 881 δυσωπούμενοι.

223 993 422 1053 Πάντες
450 993 498 1044 οί
524 988 786 1061 ἄρχεσθαι
823 989 1010 1053 κακῶς
1050 988 1450 1061 μεμαθηκότες,
1491 990 1584 1042 καὶ
1611 987 1714 1060 ἄρ-

151 1102 268 1156 χειν
285 1085 538 1152 εῖσονται,
571 1082 933 1153 παρελθόντες
962 1083 1042 1148 είς
1075 1082 1329 1149 ἐξουσίαν
1351 1082 1542 1137 αὑτοῦ.

232 1264 289 1318 '0
320 1262 503 1334 μαθὼν
528 1262 812 1332 ἄρχεσθαι,
863 1260 959 1315 καὶ
987 1260 1178 1330 ἄρχειν
1225 1256 1389 1320 εὐθὺς
1423 1254 1705 1326 μανθάνει.

147 1360 279 1414 Ούδὲ
309 1358 414 1429 γὰρ
463 1360 511 1411 εἰ
559 1358 741 1429 πάσης
792 1356 900 1427 γῆς
953 1355 1052 1409 καὶ
1095 1354 1367 1424 Θαλάττης
1414 1352 1477 1405 τὸ
1508 1350 1709 1422 κράτος

142 1451 396 1522 άνάψοιτό
430 1468 538 1518 τις,
586 1450 769 1522 ᾷρχων
815 1450 881 1503 ἂν
906 1449 989 1520 εῐη
1033 1448 1170 1519 πρὸς
1210 1446 1491 1519 ἀλήθειαν,
1523 1446 1572 1497 εί
1632 1442 1707 1514 μὴ

142 1544 304 1615 μάθοι
333 1542 427 1596 καὶ
455 1541 878 1613 προπαιδευθείη
907 1541 970 1595 τὸ
998 1540 1281 1612 ἄρχεσθαι.

213 1636 283 1690 To
313 1634 708 1689 ὑποτάττεσθαι
743 1638 861 1698 τοῖς
906 1635 1237 1707 κρείττοσιν,
1284 1632 1706 1703 ὠφελιμώτατον

137 1726 438 1798 ἀνθρώπῳ·
466 1726 700 1799 χαλεποῦ
730 1727 883 1791 ὄντος
905 1728 968 1781 τὸ
1007 1727 1207 1780 εἰδέναι
1254 1726 1540 1796 ἄρχεσθαι,
1588 1742 1703 1778 κιν-

134 1818 345 1873 δυνεύει
373 1818 551 1891 πολλῴ
577 1818 955 1891 χαλεπώτερον
981 1818 1043 1872 τὸ
1084 1818 1272 1889 ἄρχειν
1304 1815 1627 1887 ἀνθρώπων.

136 2015 318 2074 ΤΙΤΛ.
340 2017 681 2086 ΚΒ’.--Περι
705 2016 1015 2140 ἀναρχίὲις,
1037 2014 1168 2085 ἤτοι
1182 2015 1336 2070 λαοῦ
1349 2014 1436 2085 μὴ
1455 2014 1703 2085 ἔχοντος

778 2105 919 2140 ποια
955 2104 1050 2140 να.

778 2104 1050 2157 numera.

213 2222 233 2255 ι
268 2202 515 2273 Ποιήσεις
562 2203 691 2266 τοὺς
741 2201 1063 2273 ἀνθρώπους
1100 2203 1177 2266 ὡς
1221 2202 1349 2265 τοὺς
1386 2200 1577 2273 ἰχθύας
1601 2218 1705 2272 της

133 2295 428 2364 θαλάσσης,
453 2296 551 2349 καὶ
570 2294 645 2359 ὡς
661 2296 730 2349 τά
747 2296 954 2366 ἑρπετά
979 2295 1080 2348 οὐκ
1102 2294 1295 2364 ἔχοντα
1327 2277 1650 2365 ἡγούμενον.
1677 2312 1695 2345 ι

212 2408 230 2441 ι
301 2387 502 2443 Ἐλθὼν
547 2390 576 2442 ό
646 2388 879 2461 Ἰησοῦς.
946 2384 1084 2442 εἶδεν
1138 2387 1294 2459 ὄχλον
1356 2388 1545 2453 πολὺν,
1604 2388 1700 2441 καὶ

131 2482 537 2553 ἐσπλαγχνίσθη
577 2483 664 2536 ἐπ’
718 2484 941 2549 αὐτοῖς,
1004 2482 1085 2535 ὅτι
1139 2476 1283 2553 ἦσαν
1331 2480 1407 2544 ὡς
1453 2479 1704 2551 πρόϐατα

130 2575 421 2644 ἀποίμενα.
461 2594 479 2627 ι

206 2669 276 2721 T6
292 2685 347 2720 τε
373 2668 626 2738 ἄναρχον,
653 2668 885 2722 ἄτακτον
909 2684 923 2698 ο
942 2665 1001 2719 τὸ
1025 2666 1356 2737 πολύαρχον,
1382 2665 1701 2730 στασιῶδες,

131 2760 229 2811 καὶ
253 2758 420 2822 οὕτως
448 2759 703 2829 ἄναρχον,
735 2759 828 2812 καὶ
851 2757 1024 2821 οὕτως
1070 2758 1328 2812 ἄτακτον.
1363 2759 1459 2821 Ei;
1506 2758 1705 2811 ταύτὸν

128 2851 243 2920 γὰρ
268 2850 551 2922 ἀμφότερα
583 2851 759 2920 φέρει,
812 2850 910 2919 τὴν
942 2848 1194 2913 ἀταξίαν,
1245 2851 1326 2913 είς
1363 2849 1421 2903 δὲ
1456 2848 1696 2903 ἔκλυσιν.

140 2942 367 3006 Ἀταξία
394 2941 501 3015 γάρ
534 2942 731 3014 μελέτη
762 2942 991 3005 λύσεως.

1820 636 1930 688 tur,
1964 624 2180 679 tametsi
2216 622 2383 693 359
2434 623 2673 695 improbi
2731 631 2882 688 sunt,
2943 632 3187 677 metuere
3212 630 3397 677 tamen

1818 717 2105 781 debemus,
2138 731 2239 770 nec
2270 730 2365 771 eos
2397 716 2682 785 aspernari
2714 725 2935 785 propter
2970 715 3393 784 improbitatem,

1827 811 1923 863 sed
1956 817 2180 879 pmpter
2216 807 2339 878 ejus
2371 822 2400 861 a
2425 814 2538 865 {tuo
2572 808 2857 863 constituti
2888 815 3038 871 sunt,
3075 804 3392 876 dignitatem

1817 916 1943 955 rcve
1954 902 2083 954 reri.

1883 992 2123 1063 Josephi.
2154 1023 2224 1032 —
2250 1003 2451 1047 Jmnes
2480 992 2576 1062 qui
2608 992 2845 1047 subesse
2880 998 2933 1046 et
2963 1004 3156 1060 parere
3185 988 3392 1042 didice-

1814 1095 1963 1151 runt,
1993 1093 2143 1139 recte
2174 1099 2397 1154 quoque
2426 1085 2607 1141 scient
2632 1084 2926 1154 imperare,
2966 1082 3059 1137 ubi
3092 1080 3393 1135 auctorita-

1813 1189 1922 1234 tem
1953 1179 2315 1234 obtinuerint.

1886 1271 2097 1326 Philan.
2117 1301 2187 1313 -
2200 1272 2303 1339 Qui
2318 1269 2546 1328 subesse
2563 1269 2774 1334 didicit,
2790 1268 2912 1322 aliis
2925 1280 3141 1337 quoque
3160 1277 3391 1334 praeesse

1810 1365 2214 1434 quamprimum
2264 1364 2421 1419 sciet.
2464 1361 2655 1433 Neque
2688 1362 2834 1417 enim
2867 1360 2913 1415 si
2952 1359 3078 1429 quis
3122 1358 3392 1413 universae

1809 1463 1969 1509 terra:
1986 1464 2041 1511 et
2070 1455 2238 1512 maris
2275 1454 2567 1525 imperium
2592 1451 2923 1523 susceperit,
2952 1465 3080 1505 vere
3103 1455 3390 1519 propterea

1809 1547 2062 1617 princeps
2094 1546 2277 1610 fuerit,
2317 1545 2424 1600 nisi
2453 1547 2607 1616 prius
2634 1546 2798 1600 etiam
2828 1556 3021 1613 parere
3046 1539 3323 1595 didicerit.

1879 1638 1940 1693 S.
1972 1638 2195 1709 (ἕτερον.
2258 1638 2536 1693 Nazianz.
2582 1668 2653 1679 -——
2697 1635 3014 1691 Potioribus
3074 1633 3389 1702 subjectum

1805 1745 1927 1786 esse
1948 1747 2037 1786 res
2062 1732 2314 1803 perutilis
2337 1740 2444 1786 est.
2470 1732 2606 1786 Cum
2635 1727 2843 1783 homini
2872 1742 3035 1799 grave
3058 1726 3147 1789 sit,
3172 1726 3229 1797 si
3251 1723 3391 1779 sciat

1805 1836 1866 1877 se
1900 1822 2006 1877 sub
2047 1830 2319 1893 potestate
2349 1839 2495 1887 esse,
2550 1830 2667 1876 tum
2712 1822 2872 1892 longe
2901 1816 3077 1889 magis
3110 1816 3389 1887 periclita-

1729 1889 1771 1945 Β
1801 1924 1911 1978 tur,
1937 1916 1982 1971 si
2017 1915 2334 1972 hominibus
2364 1916 2618 1986 imperet.

1805 2027 1940 2084 Tl'l‘.
1967 2028 2131 2084 XXII.
2156 2059 2227 2068 —
2264 2028 2336 2082 De
2366 2027 2622 2081 anarchia
2647 2068 2662 2091 ,
2702 2026 2807 2080 sive
2855 2025 2918 2078 de
2950 2021 3143 2093 populo
3174 2021 3264 2093 qui
3292 2036 3390 2090 pas

2410 2109 2551 2153 store
2577 2107 2777 2151 careat.

1880 2213 2085 2269 llabac.
2117 2229 2160 2279 ι,
2196 2213 2284 2268 14.
2318 2244 2387 2255 -
2419 2232 2437 2265 ι
2475 2212 2666 2269 Facies
2729 2211 2981 2267 homines
3016 2209 3175 2280 quasi
3202 2194 3387 2279 pisces

1805 2307 1994 2369 maris,
2023 2307 2253 2375 etquasi
2286 2305 2501 2375 reptilia
2534 2319 2642 2358 non
2674 2303 2931 2358 habentia
2962 2302 3180 2355 ducem.
3216 2319 3233 2352 ι

1875 2395 2073 2451 Matth.
2110 2414 2188 2459 ιχ,
2239 2397 2330 2451 56.
2357 2428 2429 2438 -
2461 2416 2480 2449 ι
2516 2398 2653 2451 Cum
2713 2395 2955 2451 venisset
3006 2393 3192 2457 Jesus,
3249 2391 3389 2447 vidit

1803 2488 2018 2542 turbam
2072 2503 2365 2558 magnam,
2397 2495 2453 2541 et
2511 2488 2775 2541 misertus
2813 2492 2896 2539 est
2927 2484 3029 2546 cis,
3061 2483 3187 2552 quia
3226 2486 3388 2536 erant

1802 2580 1946 2634 sicut
1974 2594 2103 2634 oves
2134 2595 2242 2633 non
2277 2580 2538 2633 habentes
2571 2587 2863 2648 pastorem.
2906 2594 2924 2626 ι

1872 2668 1931 2724 S.
1966 2669 2181 2740 Gregor.
2219 2669 2490 2723 Nazianz.
2514 2680 2654 2724 orat.
2676 2669 2766 2724 ⁸55.
2798 2699 2859 2708 —
2892 2666 3047 2734 Quod
3082 2665 3202 2720 sine
3232 2665 3388 2735 prin-

1803 2763 1924 2833 cipe
1955 2771 2061 2826 est,
2087 2763 2281 2817 ordine
2306 2774 2495 2818 caret:
2529 2764 2674 2834 quod
2703 2770 2888 2818 autem
2930 2761 3132 2816 multos
3176 2758 3386 2830 princi-

1807 2869 1905 2923 pes
1931 2854 2096 2907 habet
2123 2892 2138 2917 ,
2172 2852 2424 2908 dissidiis
2456 2852 2757 2907 obnoxium
2807 2860 2910 2917 est,
2970 2852 3216 2921 adeoque
3259 2864 3385 2903 cum

1809 2947 2194 3017 principatus,
2264 2954 2377 2998 tum
2432 2946 2644 3001 ordinis
2701 2961 2920 3016 expers.
2974 2944 3175 2999 Eodem
3240 2941 3384 2997 enim

126 3047 424 3103 utrumque
474 3034 687 3097 tendit,
748 3032 814 3085 ad
862 3031 1335 3101 perturbationem
1383 3034 1685 3103 nimirum,
1743 3038 1991 3106 quinimo
2018 3037 2085 3091 ad
2118 3034 2557 3091 dissolutionem.
2593 3035 3139 3106 Nam-perturbatio
3200 3034 3389 3089 disso‘

126 3127 354 3181 lutionis
375 3125 765 3181 commentatio
786 3134 891 3180 est.

211 3222 275 3274 Ἥ
302 3221 399 3292 μὲν
422 3220 618 3286 ἀταξία
636 3220 900 3291 ἀναρχίας
922 3222 1039 3275 ἐστὶ
1063 3218 1353 3293 γνώρισμα
1374 3238 1390 3255 ·
1414 3225 1450 3295 ἡ
1476 3223 1533 3276 δὲ
1553 3224 1701 3293 τάξις

1880 3220 2145 3275 Athenas.
2196 3247 2269 3260 --
2322 3216 2549 3273 Ordinis
2603 3215 2949 3287 perturbatio
3001 3224 3385 3286 argumentum

122 3315 220 3369 τὸν
249 3312 645 3386 ἡγεμονεύοντα
671 3312 960 3367 δείκνυσιν.

200 3490 370 3544 Ἔνθα
398 3492 471 3561 μή
499 3491 647 3543 ἐστιν
698 3490 902 3561 ἄρχων,
926 3490 1044 3543 ἐκεῖ
1071 3492 1290 3555 πάντως
1323 3493 1520 3559 ἀταξία
1544 3496 1693 3565 γίνε-

118 3598 238 3637 ται.
279 3583 536 3652 ’Δναρχία
577 3581 776 3652 μᾶλλον
806 3581 901 3635 καὶ
923 3581 1133 3647 στάσις,
1157 3582 1215 3645 ἐξ
1246 3583 1517 3652 ἰσοτιμίας
1548 3586 1701 3639 ἀντι-

116 3673 543 3747 τιαρεξαγομένη
575 3674 897 3746 πολυαρχία.

191 3846 266 3905 Ὠ
294 3851 436 3904 πόσα
464 3852 559 3905 καὶ
592 3852 757 3923 ἡλίκα
779 3852 926 3906 κακὰ
963 3853 1023 3918 ἐξ
1052 3854 1316 3924 ἀναρχίας
1346 3851 1573 3922 φύεταιί
1601 3852 1699 3906 Λί-

118 3944 250 4016 μδς,
280 3944 533 4015 πόλεμος,
560 3944 789 4017 δῃώσεις
816 3946 1049 4018 χωρίων,
1071 3948 1329 4018 στέρησις
1360 3948 1687 4019 χρημάτων,

113 4034 445 4102 ἀπαγωγαὶ,
479 4035 530 4087 οἱ
567 4037 698 4107 περὶ
721 4035 963 4102 δουλείας
994 4038 1086 4091 καὶ
1115 4037 1348 4091 θανάτου
1373 4038 1553 4107 φόϐοι.

229 4259 419 4314 ΤΙΤΛ.
459 4256 675 4315 ΚΓΖ-ι
697 4259 835 4331 Περὶ
868 4261 1141 4331 ἀκηδίας,
1177 4263 1273 4318 καὶ
1309 4264 1584 4335 ἀθυμίας.

197 4389 219 4422 ι
256 4371 375 4423 Ἵνα
405 4370 458 4422 τί
491 4370 788 4441 περίλυπος
818 4366 942 4445 εἷ,ή
968 4372 1112 4447 ψυχή
1140 4393 1272 4446 μου;
1297 4376 1383 4430 ἵνα
1410 4376 1463 4430 τί
1497 4396 1695 4433 συντα-

115 4463 349 4533 ράσσεις
380 4479 447 4533 με
473 4481 487 4526 ;
525 4482 544 4514 ι

1802 3318 1909 3376 εει,
1944 3308 2222 3363 neminem
2249 3322 2373 3364 esse
2414 3306 2510 3377 qui
2543 3311 2717 3376 regat.
2746 3304 2894 3360 Ordo
2922 3312 3104 3357 autem
3130 3303 3383 3359 modera-

1802 3407 1975 3455 torem
2004 3398 2229 3457 indicat.
3396 3458 3397 3461 η

1872 3492 2095 3562 Dionys.
2123 3520 2193 3530 —
2229 3488 2333 3544 Ubi
2363 3504 2471 3544 non
2505 3497 2590 3544 cst
2612 3487 2893 3559 princeps,
2935 3485 3012 3540 ibi
3040 3484 3201 3555 plane
3234 3483 3384 3539 ordi-

1800 3587 1889 3643 nis
1920 3585 2264 3656 pcrturbatio
2294 3592 2398 3638 est.
2451 3581 2748 3635 Multorum
2784 3578 3049 3650 regimen,
3074 3577 3165 3629 ubi
3191 3591 3382 3629 omnes

1799 3680 2007 3734 honore
2048 3684 2180 3731 sunt
2206 3675 2469 3746 aequales,
2500 3670 2789 3744 poteSIatis
2823 3668 3062 3726 sublatio
3100 3674 3152 3721 et
3179 3666 3386 3722 solutio

1838 3771 1986 3824 otius
2015 3775 2122 3822 est.

1838 3786 1986 3824 onus
2015 3786 2122 3822 εει.

1798 3786 1832 3841 p
1876 3862 2094 3915 Philan.
2118 3887 2184 3900 -—
2219 3856 2263 3913 Ο
2287 3865 2420 3927 quot
2452 3870 2729 3926 quamque
2776 3851 2962 3925 gravia
2995 3850 3138 3904 mala
3171 3848 3381 3904 exstin-

1796 3963 1889 4008 cto
1936 3952 2245 4024 principatu
2302 3950 2639 4004 nascuntur!
2684 3945 2898 4010 Fames,
2936 3944 3161 4006 bellum,
3200 3941 3378 4011 regio-

1797 4063 1926 4103 num
1969 4045 2378 4118 populationes,
2412 4056 2581 4112 opum
2620 4039 2969 4109 ereptiones,
2997 4034 3378 4097 abductiones,

1797 4138 2079 4194 servitutis
2110 4146 2162 4191 et
2194 4133 2387 4190 mortis
2419 4140 2617 4188 metus.

1869 4273 2002 4329 Tl'l‘.
2038 4271 2230 4328 XXIII.
2265 4300 2329 4312 —-
2355 4270 2429 4324 De
2459 4268 2666 4330 acedia,
2698 4274 2748 4321 et
2776 4264 3067 4334 defectione
3100 4260 3287 4316 animi.

1867 4386 2017 4441 Psal.
2044 4402 2152 4453 xu,
2186 4384 2238 4440 6.
2266 4415 2338 4425 —
2370 4404 2389 4436 ι
2423 4385 2603 4450 Quare
2628 4378 2801 4435 tristis
2824 4394 2907 4443 es,
2942 4375 3122 4430 anima
3149 4388 3289 4441 mea,
3320 4380 3376 4428 et

1796 4495 1967 4549 quare
1991 4478 2291 4533 conturbas
2313 4476 2434 4531 me?
2465 4494 2485 4528 ι

199 4569 219 4601 ι
270 4553 362 4605 Ἑν
400 4552 476 4623 τῷ
503 4552 797 4624 ἀκηδιᾶσαι
828 4554 927 4628 τὴν
972 4555 1202 4628 καρδίαν
1239 4574 1342 4628 μου
1389 4561 1448 4612 ὲν
1493 4559 1692 4631 πέτρᾳ,

1871 4570 2020 4624 Psal.
2048 4586 2138 4635 ιτ,
2176 4571 2231 4623 5.
2254 4598 2325 4643 -τ
2353 4585 2371 4620 ‹
2404 4566 2540 4622 Cum
2568 4564 2886 4620 anxiaretur
2915 4569 2969 4618 et
2998 4560 3255 4617 deficeret
3279 4573 3375 4615 cor

111 4645 352 4707 ὖῲωσάς
382 4662 469 4707 με.
508 4663 527 4697 ι

156 4662 176 4671 ’·
195 4662 352 4707 ωσας
424 4662 469 4699 ε.
508 4663 527 4697 ι

156 4670 222 4788 {1
258 4662 648 4809 'Hoogémsa,
668 4738 763 4793 καὶ
787 4737 1164 4811 ὠλιγοψύχησε
1187 4739 1249 4793 τὸ
1270 4739 1487 4809 πνεῦμά
1516 4755 1638 4810 μου.
1672 4756 1692 4790 ι

196 4950 221 4983 ε
276 4930 604 5003 Ἐνύσταξεν
637 4934 671 5003 ὴ
704 4930 847 5004 ψυχή
880 4948 981 5003 μου
1032 4930 1140 4984 ἀπὸ
1180 4929 1431 5001 ἀκηδίας,
1470 4928 1699 5000 βεϐαίω-

105 5025 212 5079 σόν
247 5043 320 5096 με
347 5026 405 5079 ὲν
451 5028 561 5087 τοῖς
588 5025 765 5093 λόγοις
802 5041 914 5078 σου.
958 5023 1190 5093 Ἀθυμία
1228 5021 1462 5093 κατέσχε
1496 5041 1565 5095 με
1591 5022 1700 5076 ἀπὸ

100 5108 473 5188 ἁμαρτωλῶν
492 5115 598 5168 τῶν
620 5114 1202 5185 ὲγκαταλιμπανόντων
1228 5115 1316 5167 τὸν
1337 5114 1498 5184 νόμον
1522 5132 1639 5168 σου.
1674 5133 1693 5166 ι

191 5226 214 5257 ε
268 5205 574 5276 ’ἰσχύω-ξε,
607 5210 787 5277 χεῖρες
808 5205 1110 5275 ἀνειμέναι,
1135 5207 1228 5259 καὶ
1260 5206 1463 5275 γόνατα
1515 5223 1693 5276 παρα-

97 5295 422 5362 λελυμένα.
485 5296 801 5367 Ἰσχύσατε,
852 5296 926 5367 μὴ
974 5295 1249 5365 φοϐεῖσθε.
1324 5296 1455 5350 Ἰδοὺ
1503 5298 1531 5350 ὁ
1568 5296 1701 5361 Θεὸς

98 5385 302 5457 ⁴ἡμῶν.
346 5405 364 5437 ι

188 5493 213 5529 ι
258 5477 399 5532 Ἰδοὺ
426 5477 455 5529 ό
488 5478 690 5549 Κύριος
717 5478 874 5549 ἡμῶν
899 5478 1039 5549 μετὰ
1076 5479 1259 5550 ἰσχύος
1289 5479 1528 5553 ἔρχεται.
1568 5499 1587 5531 ι
1652 5551 1663 5559 ν
1696 5528 1709 5549 ,

184 5673 211 5706 σ
264 5654 407 5708 Ἰδοὺ
437 5655 466 5708 ὁ
495 5654 687 5723 μισθὸς
741 5656 859 5727 μετ’
898 5657 1088 5723 αὐτοῦ,
1124 5659 1219 5713 καὶ
1250 5658 1312 5712 τὸ
1340 5658 1503 5731 ἔργον
1530 5660 1696 5715 αὑτοῦ

94 5744 361 5799 ἐνώπιον
384 5745 573 5800 αὐτοῦ.
609 5764 630 5799 ι

183 5852 210 5889 ε
254 5837 443 5911 Κύριε
492 5839 886 5911 παντοκράτορ,
925 5841 954 5893 ὁ
990 5841 1123 5907 Θεὸς
1157 5841 1405 5916 Ἰσραὴλ,“
1446 5844 1591 5916 ψυχὴ
1639 5845 1695 5899 ὲν

1802 4680 1984 4718 meum
2022 4663 2076 4716 in
2104 4670 2282 4732 petra,
2315 4659 2571 4715 exaltasti
2598 4673 2704 4712 me.
2738 4674 2758 4709 ι

1868 4754 2016 4808 Psal.
2040 4769 2224 4818 Lxxvr,
2258 4752 2312 4807 9.
2361 4780 2433 4791 -
2473 4769 2492 4802 ι
2522 4748 2871 4804 Exercitatus
2900 4761 3046 4811 sum,
3094 4753 3149 4801 et
3174 4744 3376 4801 defecit

1798 4846 2026 4916 spiritus
2056 4860 2231 4899 meus.
2268 4862 2287 4895 ι

1870 4935 2018 4990 Psal.
2035 4933 2328 5000 cxvm,28,
2353 4931 2517 4987 55.—
2539 4949 2557 4982 ι
2583 4927 2903 4984 Dormitavnt
2916 4928 3095 4980 anima
3119 4940 3237 4981 mea
3259 4940 3373 4995 pra:

1798 5026 1958 5082 taedio
1991 5046 2003 5083 :
2037 5026 2304 5082 confirma
2347 5040 2431 5078 me
2454 5024 2508 5078 in
2538 5022 2728 5078 verbis
2762 5021 2896 5075 tuis.
2923 5018 3162 5074 Deiectio
3193 5018 3375 5073 tenuit

1799 5135 1886 5175 me
1911 5136 2005 5190 pro
2027 5117 2412 5190 peccatoribus
2432 5115 2942 5183 derelinquentihus
2969 5112 3139 5180 legem
3160 5118 3365 5164 tuam.»

1870 5207 1985 5263 Isa.
2014 5223 2181 5272 xxxv,
2209 5207 2262 5263 5.
2280 5237 2352 5248 —
2380 5224 2399 5257 ι
2419 5204 2831 5269 Confortamini,
2856 5217 3051 5257 manus
3067 5199 3369 5261 dissolutae,

1799 5306 1854 5351 et
1881 5312 2056 5369 genua
2110 5296 2334 5353 debilia.
2365 5294 2790 5364 Confortamini,
2839 5303 2892 5350 et
2928 5292 3100 5348 nolite
3149 5291 3363 5346 timere.

1796 5386 1939 5444 Ecce
1968 5389 2111 5444 Deus
2135 5396 2343 5444 noster.
2385 5406 2403 5438 ι
2990 5394 3003 5401 λ

1868 5480 1983 5536 Isa.
2017 5496 2107 5545 xc,
2142 5481 2227 5536 10.
2255 5512 2321 5521 --
2355 5499 2373 5532 ι
2403 5479 2544 5536 Ecce
2571 5479 2840 5535 Dominus
2879 5484 3071 5534 noster
3099 5490 3221 5533 cum
3253 5474 3366 5529 vir-

1796 5576 1914 5622 tute
1938 5570 2140 5624 veniet.
2178 5562 2225 5623 ι’

1870 5658 1983 5714 Ῑεα.
2014 5676 2150 5726 ιχιι,
2183 5662 2270 5714 Η.
2304 5692 2373 5701 -
2400 5679 2418 5712 ι
2459 5658 2598 5715 Ecce
2635 5674 2846 5718 merces
2879 5675 3002 5716 cum
3028 5674 3115 5726 eo,
3146 5665 3200 5716 et
3224 5674 3361 5730 opus

1798 5749 1919 5821 ejus
1943 5766 2130 5805 coram
2153 5752 2268 5807 illo.
2308 5770 2328 5804 ι
3198 5746 3206 5758 ’

1870 5840 2083 5896 Baruch
2108 5857 2192 5912 Ili,
2243 5843 2293 5911 1,
2316 5843 2372 5900 2.
2404 5873 2472 5887 --
2496 5861 2516 5895 ι
2558 5843 2783 5902 Domine
2800 5845 3182 5916 omnipotens,
3213 5839 3360 5899 Deus
