4024 6420
591 396 721 463 1211

1782 404 1843 464 s.
1871 403 2187 466 JOANNIs
2235 403 2665 497 DAMAscENI

3688 402 3819 469 1212

587 506 776 570 Israel,
812 506 991 562 anima
1027 509 1080 561 in
1104 508 1421 578 gemitibus,
1444 517 1501 565 et
1542 511 1772 580 spiritus
1806 510 1862 564 in
1888 520 2156 579 angustus

2274 512 2603 579 ττεναγμοῖς,
2656 510 2752 564 καὶ
2790 509 3008 581 πνεῦμα
3052 510 3295 581 ἀκηϐιῶν
3342 511 3647 581 ἐκέκραξαν
3690 516 3816 585 πρὸς

587 601 827 658 clamant
856 602 921 655 ad
978 609 1053 665 te,
1080 602 1327 669 Domine,
1379 606 1527 668 audi,
1571 604 1816 670 Domine,
1868 603 2154 667 miserere,

588 692 717 763 quia
749 691 893 747 Deus
921 708 982 748 es
1009 694 1350 749 misericors.
1396 715 1414 747 ι

660 781 830 838 Hebr.
858 799 956 849 xu.
987 783 1074 838 12.
1109 814 1179 825 —-
1212 804 1233 836 ι
1271 784 1490 839 Solutas
1529 800 1749 849 manus,
1775 791 1830 839 et
1866 784 2043 839 soluta
2066 798 2159 854 ge-

588 889 698 929 nua
725 874 939 943 erigite,
963 881 1019 929 et
1044 885 1221 929 rectas
1257 875 1419 944 360
1446 875 1561 928 vias
1592 874 1764 929 facite
1803 874 2037 943 pedibus
2066 889 2157 930 ve-

587 965 741 1030 stris,
767 972 827 1019 ut
857 981 968 1020 non
990 965 1219 1020 claudus
1245 973 1415 1029 erret,
1448 965 1624 1036 magis
1652 973 1834 1020 autem
1859 972 2108 1020 sanetur.
2130 984 2150 1015 ι

660 1141 834 1197 Basil.
862 1140 935 1195 De
974 1141 1135 1211 fame.
1166 1138 1504 1195 —Tristitia
1543 1140 1714 1196 nimia
1742 1139 1950 1211 peccati
1989 1156 2156 1197 causa

588 1231 847 1288 emcitur.

656 1321 850 1391 Ejusd.
881 1326 1037 1392 epist.
1068 1322 1122 1378 9.
1147 1321 1281 1391 Rup.
1317 1352 1385 1364 —-
1416 1322 1629 1377 Similis
1660 1339 1781 1377 sum
1817 1322 1929 1378 illis
1959 1322 2051 1393 qui
2089 1322 2158 1377 ob

586 1413 930 1469 insolentiam
962 1413 1281 1482 navigandi,
1312 1413 1364 1466 in
1400 1414 1539 1466 mari
1572 1413 1770 1468 misere
1804 1412 2156 1477 alﬂictantur,

584 1511 640 1560 et
674 1518 880 1559 nausea
931 1503 1223 1559 deﬁciunt.
1271 1504 1353 1557 Illi
1393 1504 1542 1558 enim
1586 1504 1968 1575 magnitudine
2003 1505 2159 1558 navis

585 1594 802 1658 oﬂensi,
856 1602 1120 1663 tanquam
1182 1610 1245 1649 ea
1302 1595 1581 1664 ingentem
1618 1595 1756 1664 ipsis
1796 1593 2158 1662 jactationem

586 1685 799 1749 afferat,
824 1686 925 1740 etsi
962 1685 1020 1739 in
1064 1684 1304 1740 lembum
1368 1686 1451 1741 vel
1492 1687 1726 1740 acatium
1779 1684 2158 1753 migraverint,

2264 602 2326 654 σέ
2349 619 2363 632 ο
2400 600 2589 673 Κύριε,
2614 604 2865 669 ἄκουσον,
2897 603 3347 675 Κύριε,ἐλέησον,
3367 604 3447 657 ὄτι
3472 606 3501 657 ό
3529 605 3661 669 ἓεὸς
3683 606 3817 678 ἐλεή-

2264 710 2381 763 μων
2414 689 2482 747 εἴ.
2518 713 2537 744 ι
2662 756 2663 761 η

2337 804 2355 837 ι
2393 786 2505 848 Τάς
2534 788 2870 857 παρειμένας
2910 791 3117 859 χεῖρας,
3147 788 3241 842 καὶ
3291 786 3362 841 τά
3411 784 3823 857 παραλελυμένοι

2261 878 2462 946 γόνατα
2507 878 2872 950 ἀνορθώσατε,
2902 881 2996 933 καὶ
3040 879 3261 952 τροχιὰς
3290 879 3456 950 ὀρθὰς
3489 880 3694 930 ποιεῖτε
3720 882 3822 941 τοῖς

2264 969 2421 1021 ποσὶν
2473 969 2650 1037 ὑμῶν,
2698 970 2787 1024 ῖνα
2841 970 3006 1042 μὴτὸ
3050 972 3222 1042 χωλὸν
3275 974 3547 1049 ἐκτραπῇ,
3610 971 3735 1041 ἰαθῇ
3773 972 3823 1025 δὲ

2266 1057 2485 1128 μᾶλλον.
2522 1077 2543 1113 ι

2345 1148 2411 1201 Ἦ
2439 1151 2519 1214 είς
2542 1149 2678 1220 ἄγαν
2710 1152 2985 1224 κατήφεια
3012 1151 3221 1222 γίνεται
3239 1153 3336 1223 τῆς
3362 1151 3642 1224 ἁμαρτίας
3665 1151 3824 1206 αἰτία.

2338 1328 2562 1398 Ὅμοιός
2594 1330 2709 1401 εἰμι
2738 1332 2853 1393 τοῖς
2886 1330 2945 1382 ἐν
2989 1328 3257 1404 θαλάσσῃ,
3292 1330 3400 1384 ὑπὸ
3435 1330 3536 1400 τῆς
3571 1329 3723 1384 κατά
3749 1330 3826 1382 τὸν

2264 1418 2432 1472 πλοῦν
2459 1420 2714 1490 ἀπειρίας
2751 1419 3145 1490 ἀπολλυμένοις
3191 1423 3287 1475 καὶ
3335 1422 3660 1475 ναυτιῶσιν
3685 1420 3739 1472 οῖ
3762 1421 3829 1489 τῷ

2267 1509 2490 1579 μεγέθει
2535 1510 2630 1565 τοῦ
2677 1511 2865 1565 πλοίου
2899 1512 3361 1584 δυσχεραίνουσιν,
3411 1515 3486 1576 ὡς
3519 1515 3689 1566 πολὺν
3746 1514 3826 1566 τὸν

2267 1601 2428 1657 σάλον
2458 1605 2841 1677 παρεχομένῳ,
2874 1606 3129 1661 κάκεῖθεν
3159 1608 3253 1660 ἐπὶ
3277 1607 3371 1660 τὸν
3408 1605 3610 1676 λέμϐον
3646 1606 3752 1657 καὶ
3772 1608 3825 1658 τδ

2264 1695 2489 1750 ἀκάτιον
2556 1697 2997 1767 μεταϐαίνοντες,
3059 1698 3333 1768 πανταχοῦ
3390 1696 3674 1761 ναυτιῶσι,
3740 1699 3825 1749 καὶ
3900 1706 3904 1713 '

585 1778 793 1849 ubique
848 1786 1029 1831 tamen
1086 1785 1380 1839 nauseant,
1445 1788 1499 1832 et
1529 1778 1583 1831 in
1631 1791 1848 1833 summa
1883 1776 2161 1831 anxietate

2274 1787 2542 1858 πανταχοῦ
2600 1789 2903 1860 ἀποροῦσιο
2960 1791 3395 1861 συμμετέρχεται
3436 1789 3547 1860 γὰρ
3593 1789 3828 1858 αὐτοῖςή

584 1878 881 1925 versantur
916 1883 930 1920 :
972 1882 1097 1921 cum
1139 1867 1210 1921 iis
1258 1866 1531 1936 siquidem
1570 1866 1737 1922 simul
1793 1865 2047 1921 molestia
2101 1880 2164 1920 ac

2274 1877 2431 1948 ἀηδία
2459 1880 2551 1932 καὶ
2576 1880 2609 1951 ή
2635 1880 2789 1952 χολή.
2815 1880 3067 1936 Τοιοῦτον
3087 1882 3181 1935 καὶ
3203 1881 3263 1934 τὸ
3286 1881 3579 1952 ἡμέτερον.
3613 1880 3695 1931 Τά
3732 1878 3830 1946 γὰρ

585 1960 715 2016 bilis
750 1959 1068 2013 adveniunt.
1096 1957 1425 2027 Hujusmodi
1457 1956 1716 2027 quiddam
1769 1955 1933 2010 nobis
1963 1966 2166 2012 usuve-‘

586 2053 707 2106 nire
738 2051 898 2106 solet.
937 2050 1281 2105 Domesticas
1307 2049 1454 2104 enim
1498 2047 1671 2102 animi
1722 2047 2169 2118 perturbationes

587 2146 670 2197 sic
692 2143 974 2199 nobiscum
1004 2140 1486 2207 circumfer-imus,
1527 2149 1588 2194 ut
1626 2140 1834 2210 ubique
1881 2140 2078 2195 iisdem
2110 2140 2168 2193 in

589 2234 923 2289 tumultibus
956 2248 1268 2290 versemur.
1404 2222 1411 2227 ’

658 2323 717 2380 S.
742 2323 1018 2394 Chrysost.
1045 2323 1139 2376 lib.
1170 2337 1229 2376 nt
1254 2320 1328 2375 De
1364 2320 1584 2375 Provid.
1610 2352 1678 2362 -—
1702 2321 1985 2377 Diabolica
2016 2321 2168 2377 omni

587 2415 908 2481 operatione
940 2414 1314 2484 perniciosior
1348 2421 1433 2468 cst
1475 2414 1772 2469 immodica
1813 2414 2070 2470 maeroris
2115 2421 2171 2469 et

590 2505 789 2559 acedia:
845 2504 1211 2577 magnitudo;
1249 2504 1703 2577 quandoquidem
1760 2522 1904 2577 quos
1952 2506 2167 2561 daemon

591 2607 831 2666 superat.
862 2612 959 2668 per
983 2612 1275 2651 maerorem
1320 2607 1567 2667 superat.
1597 2596 1750 2664 Quod
1785 2598 1831 2653 si
1875 2611 2167 2652 maerorem

590 2689 903 2754 sustuleris,
933 2689 1068 2743 nihil
1104 2704 1334 2760 prorsus
1359 2689 1487 2742 mali
1522 2697 1619 2743 aut
1644 2688 1984 2745 incommodi
2013 2689 2171 2744 exin-

589 2778 658 2833 de
684 2779 785 2834 tibi
828 2781 1139 2851 continget.

662 2867 936 2939 Ejusdem.
964 2902 1033 2912 —
1068 2869 1333 2925 llloerendi
1360 2878 1574 2939 tempus
1594 2877 1702 2931 est.
1728 2885 1838 2925 non
1877 2885 2004 2926 cum
2027 2868 2171 2924 male

591 2961 880 3027 aﬂicimur,
908 2961 1003 3017 sed
1034 2976 1159 3016 cum
1191 2962 1334 3016 male
1366 2962 1606 3032 agimus.

664 3053 913 3109 Cassiani
952 3053 1131 3109 abbat.
1164 3036 1577 3123 De'cogilation.
1624 3082 1695 3093 —
1730 3052 2043 3123 Unicuique
2065 3069 2167 3108 no-

592 3157 768 3202 strum
814 3153 1096 3200 certamen
1143 3146 1486 3215 propositum
1526 3154 1615 3199 est
1662 3143 1930 3200 adversus
1968 3145 2168 3200 acedia?

594 3236 877 3306 spiritum,
923 3236 1019 3306 qui
1079 3251 1202 3290 cum
1240 3237 1443 3306 spiritu
1480 3237 1740 3292 mmroris
1787 3238 2166 3308 conjungitur,

592 3329 758 3399 eique
787 3327 1114 3397 opitulatur.
1146 3328 1320 3383 Atrox
1347 3336 1401 3383 et
1436 3345 1704 3399 perquam
1729 3330 1913 3400 gravis
1942 3339 2027 3385 est
2056 3330 2169 3386 dae-

593 3437 727 3477 mon
767 3421 894 3489 iste,
958 3429 1332 3491 perpetuoque
1378 3423 1524 3478 bello
1574 3424 1873 3479 monachos
1917 3424 2166 3480 lacessit.

594 3514 701 3580 Qui
725 3512 948 3585 quidem
975 3529 1099 3567 cum
1130 3513 1266 3567 hora
1294 3522 1449 3569 sexta
1472 3514 1528 3569 in
1551 3516 1879 3570 monachum
1912 3515 2171 3587 impetum

594 3605 788 3672 faciat,
840 3604 891 3659 ei
934 3605 1257 3675 languorem
1311 3614 1478 3676 atque
1513 3606 1803 3663 horrorem
1849 3617 2020 3672 creat,
2054 3609 2174 3663 elli-

596 3696 805 3765 citque,
862 3703 923 3749 ut
982 3705 1036 3750 et
1067 3697 1250 3751 locum
1282 3711 1408 3750 eum
1451 3696 1506 3750 iu
1534 3712 1644 3767 quo
1675 3697 1844 3766 degit,
1887 3705 1939 3752 et
1975 3696 2175 3754 fratres

596 3788 934 3859 quibuscum
994 3788 1121 3843 vita:
1171 3788 1630 3843 consuetudinem
1697 3789 1885 3853 habet,
1943 3797 2176 3859 etopus

596 3892 786 3941 omne,
815 3878 1244 3947 divinarumque
1268 3876 1681 3948 Scripturarum
1718 3879 2005 3934 lectionem
2043 3880 2174 3935 ode-

600 3969 677 4024 rit
705 3978 758 4024 et
790 3980 1098 4025 aversetur.
1134 3969 1279 4035 Quin
1311 3977 1365 4024 et
1395 3969 1499 4041 ipsi
1535 3970 1922 4043 cogitationem
1968 3970 2177 4026 immit-

599 4062 686 4127 tit,
722 4069 783 4115 ut
816 4061 925 4116 alio
952 4062 1191 4131 migret:
1240 4062 1348 4117 nisi
1397 4063 1544 4117 enim
1577 4064 1687 4117 alio
1726 4078 1789 4118 se
1829 4064 2175 4129 contulerit,

601 4151 768 4205 inane
796 4151 901 4221 ipsi
936 4160 993 4205 et
1047 4159 1268 4222 tempus
1307 4167 1471 4207 omne
1522 4161 1575 4207 et
1615 4153 1862 4206 laborem
1902 4153 2038 4209 fore.
2095 4155 2177 4208 Ad

603 4241 743 4307 haec,
778 4242 973 4297 famem
1001 4242 1169 4296 etiam
1210 4242 1289 4295 illi
1328 4251 1540 4297 tantam
1584 4243 1690 4300 sub
1734 4244 2017 4299 meridiem
2051 4244 2177 4314 inji-

603 4335 701 4393 cit.
732 4343 934 4404 quauta
970 4348 1071 4389 nec
1098 4349 1165 4389 ex
1199 4333 1457 4389 triduano
1480 4334 1715 4405 jejunio,
1751 4350 1929 4405 neque
1963 4352 2031 4391 ex
2060 4336 2180 4391 lon-

604 4425 831 4495 gissima
883 4424 995 4489 via,
1048 4439 1228 4493 neque
1258 4439 1326 4479 ex
1360 4425 1692 4495 gravissimo
1742 4427 1928 4482 labore
1957 4428 2177 4483 contin-

2272 1969 2456 2024 ἐνοικα
2505 1971 2652 2042 πάθη
2701 1972 3128 2044 περιφέροντες,
3186 1970 3460 2043 πανταχοῦ
3531 1969 3672 2041 μετά
3732 1968 3831 2021 τῶν

2270 2062 2474 2132 ὁμοίων
2505 2061 2751 2134 θορύϐων
2779 2064 2967 2137 ἐσμέν.

2339 2328 2529 2401 Πάσης
2577 2329 2905 2401 δαιμονικῆς
2937 2328 3220 2401 ἐνεργείας
3249 2327 3639 2400 βλαϐερωτέρα
3669 2329 3705 2397 ἠ
3738 2327 3829 2395 τῆς

2270 2420 2508 2492 ἀθυμίας
2536 2420 2631 2474 καὶ
2653 2420 2881 2493 ἀκηδίας
2912 2420 3186 2492 ὑπερϐολή
3213 2437 3227 2451 ·
3260 2421 3384 2473 ἐπεὶ
3417 2420 3513 2473 καὶ
3544 2419 3757 2489 δαίμων
3781 2420 3831 2470 ἐν

2270 2508 2353 2577 οἷς
2386 2512 2453 2568 ἂν
2480 2515 2678 2584 κρατῇ,
2704 2512 2774 2565 δι’
2801 2512 3039 2584 ἀθυμίας
3068 2515 3277 2582 κρατεῖ.
3316 2512 3436 2567 Κᾶν
3489 2512 3697 2581 ταύτην
3738 2510 3831 2579 ἀς-

2271 2605 2418 2678 ἑλῃς,
2431 2604 2582 2659 οὐδέν
2603 2622 2686 2658 σοι
2706 2605 2838 2676 παρ’
2857 2604 3067 2659 ἐκείνου
3086 2605 3375 2676 γενήσεται
3398 2604 3572 2658 κακὸν
3593 2604 3626 2673 ἢ
3645 2603 3827 2655 δεινόν.

2339 2868 2549 2940 Καιρδς
2569 2867 2830 2938 ἀθυμίας,
2853 2868 2954 2942 οὐχ
2970 2869 3110 2925 ὅταν
3141 2867 3443 2940 πάσχωμεν
3475 2869 3687 2933 κακῶς,
3724 2870 3830 2923 ἀλλ’

2268 2961 2396 3016 ὅταν
2418 2962 2631 3035 δρῶμεν
2653 2961 2859 3026 κακῶς.

2351 3052 2612 3106 Ἐκάστου
2656 3061 2683 3089 ⁸³
2710 3056 2741 3124 ή
2752 3052 2867 3123 μῶν
2895 3050 3046 3120 ἀγών
3074 3054 3189 3107 ἐστι
3219 3052 3359 3106 κατά
3404 3053 3501 3105 τοῦ
3534 3053 3834 3122 πνεύματος

2270 3143 2366 3214 τῆς
2401 3144 2653 3216 ἀκηδίας,
2702 3144 3130 3215 συνεζευγμένου
3190 3144 3285 3197 καὶ
3335 3143 3729 3214 συνεργοῦντος
3765 3144 3835 3213 τῷ

2273 3235 2546 3307 πνεύματι
2597 3237 2695 3308 τῆς
2732 3236 2930 3308 λύπης.
2976 3236 3159 3301 Δεινὸς
3206 3231 3361 3301 οὗτος
3389 3240 3485 3290 καὶ
3542 3236 3835 3308 βαρύτατος

2270 3328 2497 3400 δαίμων,
2540 3328 2635 3382 καὶ
2664 3331 2778 3392 τοῖς
2812 3330 3070 3400 μοναχοῖς
3103 3329 3190 3382 ἀεὶ
3219 3329 3471 3398 πολεμῶν
3494 3349 3509 3363 -
3542 3330 3693 3392 ὅστις
3719 3329 3841 3382 καθ’

2270 3422 2419 3492 ὥραν
2451 3420 2617 3492 ἐκτην
2640 3420 2923 3473 ἐπιπίπτει
2948 3418 3028 3490 τῷ
3064 3419 3301 3490 μοναχῷ,
3328 3419 3551 3473 ἀτονίαν
3586 3421 3682 3472 καὶ
3725 3421 3838 3490 φρε-

2273 3531 2375 3584 κην
2402 3512 2547 3582 αὐτῷ
2572 3510 2835 3582 ἐμποιῶν,
2865 3510 2958 3563 καὶ
2982 3512 3141 3581 μῖσος
3164 3509 3555 3581 ἐργαζόμενον,
3588 3511 3835 3581 καὶπρὸς

2274 3604 2436 3657 αὑτὸν
2484 3603 2574 3657 τὸν
2620 3603 2806 3667 τόπον,
2868 3602 2964 3656 καὶ
3018 3602 3156 3673 πρὸς
3196 3603 3323 3665 τοὺς
3370 3601 3837 3673 συνδιατρίϐοντας

2275 3695 2558 3764 ἀδελφοὺς,
2586 3695 2681 3748 καὶ
2716 3694 2853 3765 πρὸς
2890 3696 3072 3748 πᾶσαν
3110 3695 3397 3764 ἐργασίαν,
3430 3694 3529 3747 καὶ
3576 3694 3721 3765 πρὸς
3746 3694 3837 3745 αύ-

2276 3788 2374 3860 τὴν
2405 3788 2513 3841 τῶν
2556 3787 2717 3841 θείων
2762 3787 2995 3861 Γραφῶν
3018 3786 3118 3857 τὴν
3167 3788 3495 3855 ἀνάγνωσιν,
3555 3784 3840 3839 ὑποϐαλὼν

2277 3879 2427 3951 αύτῷ
2469 3880 2567 3933 καὶ
2610 3880 2907 3951 λογισμοὺς
2959 3878 3333 3950 μεταϐάσεως,
3380 3878 3456 3941 ὡς
3493 3880 3543 3931 εἰ
3571 3879 3650 3949 μὴ
3683 3895 3837 3949 μετα-

2278 3974 2449 4046 στήσῃ
2491 3972 2682 4029 ἑαυτὸν
2728 3971 2864 4043 πρὸς
2910 3971 3131 4042 ἐτέρους
3172 3970 3391 4032 τόπους,
3428 3970 3661 4040 μάταιος
3701 3968 3837 4039 αὐτῷ

2276 4066 2385 4128 πᾶς
2416 4066 2444 4117 ό
2476 4050 2685 4135 χρόνος,
2715 4063 2811 4117 καὶ
2852 4064 2880 4115 ὁ
2909 4062 3070 4125 πόνος
3107 4061 3421 4131 γενήσεται.
3448 4060 3598 4129 Πρὸς
3631 4058 3835 4121 τούτοις

2276 4159 2411 4210 πᾶσι
2444 4157 2539 4211 καὶ
2572 4157 2760 4210 πεῖναν
2815 4154 2963 4225 αὐτῷ
3021 4152 3263 4222 ἐντίθησι
3301 4152 3430 4223 περὶ
3472 4151 3627 4223 ὥραν
3658 4152 3831 4221 ἕκτην.

2277 4251 2363 4302 οἶα
2393 4248 2542 4319 αύτῷ
2567 4250 2667 4302 οὐκ
2706 4247 2772 4301 ἂν
2817 4244 3013 4315 συνέϐη
3061 4247 3126 4297 ἐκ
3156 4244 3458 4315 τριημέρου
3513 4242 3833 4312 νηστείας,ῆ

2282 4340 2633 4412 μακροτάτης
2677 4337 2823 4403 όδοῦ,
2857 4338 2890 4407 ἢ
2922 4337 3227 4409 βαρυτάτου
3261 4338 3451 4391 κόπου.
3487 4337 3722 4389 Ἔπειτα
3753 4335 3834 4386 λο-

2276 4432 2509 4503 γισμοὺς
2538 4429 2687 4501 αὐτῷ
2714 4428 2995 4499 ἐμϐάλλει,
3018 4428 3093 4492 ὡς
3121 4428 3300 4482 οὐδενὶ
3343 4428 3489 4499 ἄλλῳ
3538 4429 3728 4499 τρόπῳ
3753 4426 3832 4478 δυ-

606 4530 736 4585 gcre
790 4516 1083 4586 potuisset.
1132 4516 1489 4572 Postmodum
1532 4518 1673 4573 hanc
1703 4519 1753 4573 ei
1784 4519 2170 4591 cOgitationem

2277 4523 2500 4594 νήσεται
2525 4521 2627 4592 τῆς
2655 4522 2809 4573 νόσου
2834 4518 3040 4590 ταύτης
3072 4519 3281 4573 καὶτοῦ
3312 4518 3514 4589 βάρους
3565 4516 3829 4571 drum:-

606 4609 874 4678 suggerit,
909 4608 1019 4663 alio
1054 4619 1217 4680 pacto
1241 4609 1357 4665 ﬁeri
1380 4626 1487 4665 non
1530 4624 1691 4679 posse
1732 4620 1793 4665 ut
1844 4611 1953 4689 hoc
1984 4613 2170 4669 morbo

2274 4612 2488 4675 τεσθαι,
2540 4612 2588 4663 εί
2644 4609 2718 4681 μὴ
2757 4609 2845 4663 διὰ
2897 4609 2991 4663 τοῦ
3052 4608 3369 4680 ἐξέρχεσθαι
3424 4607 3690 4678 συνεχῶς,
3747 4606 3830 4659 καὶ

606 4707 665 4753 et
707 4699 961 4754 molestia
1002 4699 1291 4766 liberetur,
1325 4700 1433 4755 nisi
1488 4700 1807 4770 frequenter
1842 4703 2179 4773 egrediatur,

608 4798 775 4860 atque
808 4790 878 4845 ad
914 4791 1138 4857 fratres,
1175 4793 1260 4847 vel
1294 4792 1546 4863 cujusvis
1579 4793 1858 4859 utilitatis,
1891 4795 1982 4851 vel
2009 4810 2182 4867 ξιξετο-

610 4891 793 4937 tantes
828 4882 1103 4938 invisendi
1131 4884 1338 4951 colore,
1373 4901 1433 4941 se
1464 4885 1740 4942 conferat.
1783 4885 1885 4942 Ubi
1910 4895 2092 4943 autem
2122 4887 2180 4942 in

611 4973 698 5028 his
728 4974 891 5029 rebus
943 4990 1068 5029 eum
1123 4976 1376 5046 decipere
1426 4994 1536 5033 non
1568 4987 1771 5049 potest,
1808 4987 1925 5034 tum
1958 4979 2176 5035 demum

614 5062 997 5119 vehementius
1048 5072 1102 5119 et
1131 5065 1374 5121 validius
1418 5068 1598 5137 ipsum
1635 5068 1915 5140 exagitat;
1952 5069 2062 5125 nisi
2088 5071 2181 5126 ille

619 5171 713 5225 per
745 5156 1050 5213 orationem
1083 5165 1139 5212 et
1171 5158 1559 5213 abstinentiam
1594 5160 1664 5214 ab
1701 5160 1853 5216 omni
1889 5175 2033 5216 vano
2061 5176 2179 5217 ser-

616 5263 799 5313 mone,
820 5264 917 5318 per
936 5247 1252 5303 divinarum
1286 5246 1703 5319 Scripturarum
1744 5250 2177 5318 meditationem,

618 5355 835 5396 necnon
888 5357 985 5412 per
1024 5342 1343 5412 patientiam
1377 5341 1433 5395 in
1466 5342 1897 5411 tentationibus,
1936 5358 2060 5399 sese
2087 5344 2187 5401 ob-

620 5434 877 5490 ﬁrmarit.
914 5434 1031 5490 Nisi
1066 5433 1334 5504 ejusmodi
1368 5435 1540 5490 armis
1581 5444 1795 5504 septum
1820 5442 1874 5491 et
1905 5436 2175 5491 munitum

620 5526 934 5594 olfenderit,
982 5528 1090 5583 tela
1144 5543 1245 5584 sua
1300 5527 1364 5604 in
1386 5544 1509 5584 eum
1553 5528 1624 5582 ita
1649 5526 1946 5597 jaculatur,
1981 5537 2039 5581 ut
2079 5543 2176 5581 va-

2276 4699 2645 4768 παραϐάλλειν
2672 4699 2922 4768 ἀδελφοῖς
2958 4700 3119 4771 χάριν
3169 4697 3458 4768 ὠφελείας,
3492 4699 3592 4751 καὶ
3625 4695 3825 4751 ἐπισκέ-

2274 4795 2420 4865 ψεως
2450 4792 2836 4848 ἀσθενούντων.
2863 4790 3036 4846 Ὅταν
3065 4790 3159 4845 οῦν
3199 4792 3274 4861 μὴ
3308 4790 3510 4860 δυνηθῇ
3556 4792 3615 4843 ἐν
3634 4789 3824 4849 τούτοις

2277 4885 2443 4940 αὐτὸν
2473 4884 2775 4955 ἀπατῆσαι,
2810 4881 3167 4954 σφοδρότερος
3198 4882 3319 4935 κατ’
3366 4880 3537 4934 αὐτοῦ
3574 4883 3671 4933 καὶ
3698 4884 3824 4949 ἰσχνο

2287 4978 2508 5050 ρότερος
2544 4976 2774 5046 γίνεται,
2807 4977 2857 5029 εί
2902 4974 2977 5046 μὴ
3031 4975 3119 5028 διά
3149 4974 3456 5045 προσευχῆς
3489 4974 3587 5026 καὶ
3635 4971 3821 5041 ἀποχῆς

2285 5068 2629 5141 ἀργολογίας,
2660 5068 2756 5121 καὶ
2783 5064 3013 5136 μελέτης
3040 5064 3147 5117 τῶν
3177 5063 3337 5117 θείων
3367 5062 3587 5131 λογίων,
3628 5063 3823 5129 καὶτῆς

2285 5161 2344 5214 ἐν
2372 5162 2481 5223 τοῖς
2514 5160 2835 5227 πειρασμοῖς
2865 5144 3162 5225 ὑπομονῆς.
3206 5152 3333 5207 Ἑάν
3357 5151 3469 5222 γὰρ
3517 5152 3594 5222 μὴ
3634 5149 3821 5208 τούτοις

2284 5254 2399 5315 τοῖς
2422 5250 2606 5312 ὅπλοις
2635 5245 3039 5318 ἠσφαλισμένον
3063 5243 3223 5297 αὑτὸν
3244 5242 3403 5314 εὕρῃ,
3440 5239 3820 5306 κατατοξεύσας

2280 5344 2393 5405 τοῖς
2423 5339 2619 5396 ἐαυτοῦ
2648 5338 2877 5409 βέλεσιν,
2896 5337 3131 5391 ἄστατον
3158 5332 3319 5385 αὑτὸν
3350 5332 3708 5389 ἀναδείκνυσι,
3734 5324 3818 5378 καὶ

2287 5432 2487 5503 ρεμϐὸν
2509 5428 2781 5490 ἀποτελεῖ,
2816 5425 2910 5479 καὶ
2940 5422 3208 5496 ῥᾴθυμον,
3245 5420 3340 5473 καὶ
3363 5417 3589 5488 ἀεργὸν,
3618 5416 3703 5469 καὶ
3728 5426 3818 5481 μο-

2285 5525 2553 5594 ναστήρια
2598 5516 2987 5592 περιέρχεσθαι
3038 5509 3475 5586 παρασκευάζει,
3504 5511 3601 5562 καὶ
3632 5503 3816 5563 οῶνδς

1896 5659 2129 5715 νΑιιιΑε
2170 5655 2571 5713 LECTIONES.

694 5752 1048 5822 nLegendqu
1071 5754 1247 5820 potius
1287 5755 1505 5816 Ἕκτος.
1555 5752 1644 5807 Sic
1693 5755 1747 5808 in
1781 5761 1926 5808 textu
1969 5753 2182 5815 Latino,
2215 5751 2433 5822 Sextum
2462 5748 2611 5804 nobis
2637 5756 2899 5822 certamen
2921 5752 3017 5822 est.
3057 5741 3171 5797 Hoc
3190 5739 3451 5822 Cassi-ani
3475 5731 3815 5822 ευιιτεξφηιιιι

629 5798 1747 5895 “castrca'cazﬁéuf{tam:1";
1777 5798 3019 5892 tanta;'ii',“'szaiii'bt‘gma's.Attinas“
3049 5829 3203 5869 nova:
3222 5809 3506 5875 editionis,
3529 5822 3581 5877 p.
3608 5798 3716 5857 δει-
