  <div class='ocr_page' id='page_1' title='image "/cluster/home/n/w/nwhite01/storage/ocr_20150623/95/hvd.32044019208057/612.png"; bbox 0 0 4024 6458; ppageno 0'>
   <div class='ocr_carea' id='block_1_1' title="bbox 0 860 97 891">
    <p class='ocr_par' dir='ltr' id='par_1_1' title="bbox 0 860 97 891">
     <span class='ocr_line' id='line_1_1' title="bbox 0 860 77 877; baseline 0 0"><span class='ocrx_word' id='word_1_1' title='bbox 0 860 77 877; x_wconf 55' lang='grc' dir='ltr'><strong>θ’*ιι</strong></span> 
     </span>
     <span class='ocr_line' id='line_1_2' title="bbox 6 874 97 891; baseline 0 0"><span class='ocrx_word' id='word_1_2' title='bbox 6 878 42 891; x_wconf 51' lang='lat' dir='ltr'><strong>AL</strong></span> <span class='ocrx_word' id='word_1_3' title='bbox 60 874 97 891; x_wconf 26' lang='grc' dir='ltr'><strong>ἣν</strong></span> 
     </span>
    </p>
   </div>
   <div class='ocr_carea' id='block_1_2' title="bbox 6 1138 103 1171">
    <p class='ocr_par' dir='ltr' id='par_1_2' title="bbox 6 1138 103 1171">
     <span class='ocr_line' id='line_1_3' title="bbox 6 1138 103 1171; baseline 0 0"><span class='ocrx_word' id='word_1_4' title='bbox 6 1138 103 1171; x_wconf 61' lang='grc' dir='ltr'><strong>ἔξιτἠο</strong></span> 
     </span>
    </p>
   </div>
   <div class='ocr_carea' id='block_1_3' title="bbox 21 1162 101 1189">
    <p class='ocr_par' dir='ltr' id='par_1_3' title="bbox 21 1162 101 1189">
     <span class='ocr_line' id='line_1_4' title="bbox 21 1162 101 1189; baseline 0.025 -4"><span class='ocrx_word' id='word_1_5' title='bbox 21 1162 61 1189; x_wconf 54' lang='lat' dir='ltr'><strong>f“</strong></span> <span class='ocrx_word' id='word_1_6' title='bbox 70 1162 101 1187; x_wconf 57' lang='grc' dir='ltr'>ιιι</span> 
     </span>
    </p>
   </div>
   <div class='ocr_carea' id='block_1_4' title="bbox 5 1430 79 1453">
    <p class='ocr_par' dir='ltr' id='par_1_4' title="bbox 5 1430 79 1453">
     <span class='ocr_line' id='line_1_5' title="bbox 5 1430 79 1453; baseline 0 -1"><span class='ocrx_word' id='word_1_7' title='bbox 5 1430 79 1453; x_wconf 46' lang='grc' dir='ltr'>ους.</span> 
     </span>
    </p>
   </div>
   <div class='ocr_carea' id='block_1_5' title="bbox 4 1886 69 1909">
    <p class='ocr_par' dir='ltr' id='par_1_5' title="bbox 4 1886 69 1909">
     <span class='ocr_line' id='line_1_6' title="bbox 4 1886 69 1909; baseline 0.015 -12"><span class='ocrx_word' id='word_1_8' title='bbox 4 1886 40 1905; x_wconf 65' lang='grc' dir='ltr'><strong>τις</strong></span> <span class='ocrx_word' id='word_1_9' title='bbox 46 1888 69 1909; x_wconf 64' lang='grc' dir='ltr'><strong>Ι’⁶ι</strong></span> 
     </span>
    </p>
   </div>
   <div class='ocr_carea' id='block_1_6' title="bbox 0 2884 81 2936">
    <p class='ocr_par' dir='ltr' id='par_1_6' title="bbox 0 2884 81 2936">
     <span class='ocr_line' id='line_1_7' title="bbox 0 2884 81 2936; baseline -0.062 0"><span class='ocrx_word' id='word_1_10' title='bbox 0 2884 81 2936; x_wconf 58' lang='lat' dir='ltr'><strong>3r:</strong></span> 
     </span>
    </p>
   </div>
   <div class='ocr_carea' id='block_1_7' title="bbox 255 430 390 497">
    <p class='ocr_par' dir='ltr' id='par_1_7' title="bbox 255 430 390 497">
     <span class='ocr_line' id='line_1_8' title="bbox 255 430 390 497; baseline -0.015 0"><span class='ocrx_word' id='word_1_11' title='bbox 255 430 390 497; x_wconf 75' lang='lat'><strong>1213</strong></span> 
     </span>
    </p>
   </div>
   <div class='ocr_carea' id='block_1_8' title="bbox 1534 423 2272 488">
    <p class='ocr_par' dir='ltr' id='par_1_8' title="bbox 1534 423 2272 488">
     <span class='ocr_line' id='line_1_9' title="bbox 1534 423 2272 488; baseline 0.003 -3"><span class='ocrx_word' id='word_1_12' title='bbox 1534 425 1771 485; x_wconf 78' lang='lat' dir='ltr'><strong>SACRA</strong></span> <span class='ocrx_word' id='word_1_13' title='bbox 1807 423 2272 488; x_wconf 83' lang='lat' dir='ltr'><strong>PARALLELA.</strong></span> 
     </span>
    </p>
   </div>
   <div class='ocr_carea' id='block_1_9' title="bbox 3358 430 3493 496">
    <p class='ocr_par' dir='ltr' id='par_1_9' title="bbox 3358 430 3493 496">
     <span class='ocr_line' id='line_1_10' title="bbox 3358 430 3493 496; baseline 0.007 -3"><span class='ocrx_word' id='word_1_14' title='bbox 3358 430 3493 496; x_wconf 69' lang='lat'><strong>1214</strong></span> 
     </span>
    </p>
   </div>
   <div class='ocr_carea' id='block_1_10' title="bbox 244 535 1798 613">
    <p class='ocr_par' dir='ltr' id='par_1_10' title="bbox 244 535 1798 613">
     <span class='ocr_line' id='line_1_11' title="bbox 244 535 1798 613; baseline -0.008 -15"><span class='ocrx_word' id='word_1_15' title='bbox 244 544 409 599; x_wconf 76' lang='grc' dir='ltr'>ἄλλον</span> <span class='ocrx_word' id='word_1_16' title='bbox 437 539 765 613; x_wconf 75' lang='grc' dir='ltr'><strong>φροντίζειν,</strong></span> <span class='ocrx_word' id='word_1_17' title='bbox 793 540 842 593; x_wconf 85' lang='grc' dir='ltr'><strong>εί</strong></span> <span class='ocrx_word' id='word_1_18' title='bbox 882 540 956 611; x_wconf 85' lang='grc' dir='ltr'>μή</span> <span class='ocrx_word' id='word_1_19' title='bbox 998 556 1098 593; x_wconf 87' lang='grc' dir='ltr'><strong>που</strong></span> <span class='ocrx_word' id='word_1_20' title='bbox 1133 538 1292 591; x_wconf 83' lang='grc' dir='ltr'>πότοι</span> <span class='ocrx_word' id='word_1_21' title='bbox 1316 539 1580 606; x_wconf 87' lang='grc' dir='ltr'>γίνονται.</span> <span class='ocrx_word' id='word_1_22' title='bbox 1614 535 1798 591; x_wconf 65' lang='grc' dir='ltr'>Λοιπδε</span> 
     </span>
    </p>
   </div>
   <div class='ocr_carea' id='block_1_11' title="bbox 1903 535 3493 613">
    <p class='ocr_par' dir='ltr' id='par_1_11' title="bbox 1917 537 3493 613">
     <span class='ocr_line' id='line_1_12' title="bbox 1917 537 3493 613; baseline 0.007 -27"><span class='ocrx_word' id='word_1_23' title='bbox 1917 550 2071 601; x_wconf 70' lang='lat' dir='ltr'><strong>gum,</strong></span> <span class='ocrx_word' id='word_1_24' title='bbox 2113 542 2193 606; x_wconf 74' lang='lat' dir='ltr'><strong>et}</strong></span> <span class='ocrx_word' id='word_1_25' title='bbox 2223 537 2562 605; x_wconf 82' lang='lat' dir='ltr'><strong>instabiiem,</strong></span> <span class='ocrx_word' id='word_1_26' title='bbox 2616 548 2670 594; x_wconf 93' lang='lat' dir='ltr'><strong>et</strong></span> <span class='ocrx_word' id='word_1_27' title='bbox 2706 539 2992 595; x_wconf 88' lang='lat' dir='ltr'><strong>socordem</strong></span> <span class='ocrx_word' id='word_1_28' title='bbox 3051 538 3263 604; x_wconf 89' lang='lat' dir='ltr'><strong>reddat,</strong></span> <span class='ocrx_word' id='word_1_29' title='bbox 3304 542 3493 613; x_wconf 71' lang='lat' dir='ltr'><strong>sicque</strong></span> 
     </span>
    </p>
   </div>
   <div class='ocr_carea' id='block_1_12' title="bbox 240 631 1811 702">
    <p class='ocr_par' dir='ltr' id='par_1_12' title="bbox 240 631 1811 702">
     <span class='ocr_line' id='line_1_13' title="bbox 240 631 1811 702; baseline -0.006 -11"><span class='ocrx_word' id='word_1_30' title='bbox 240 640 309 691; x_wconf 80' lang='grc' dir='ltr'><strong>ἐκ</strong></span> <span class='ocrx_word' id='word_1_31' title='bbox 337 635 529 690; x_wconf 86' lang='grc' dir='ltr'>τούτου</span> <span class='ocrx_word' id='word_1_32' title='bbox 588 634 681 687; x_wconf 75' lang='grc' dir='ltr'>καὶ</span> <span class='ocrx_word' id='word_1_33' title='bbox 716 636 797 696; x_wconf 91' lang='grc' dir='ltr'><strong>είς</strong></span> <span class='ocrx_word' id='word_1_34' title='bbox 850 649 1092 702; x_wconf 83' lang='grc' dir='ltr'>κοσμικα</span> <span class='ocrx_word' id='word_1_35' title='bbox 1129 632 1294 686; x_wconf 80' lang='grc' dir='ltr'>αὑτὸν</span> <span class='ocrx_word' id='word_1_36' title='bbox 1345 632 1651 702; x_wconf 85' lang='grc' dir='ltr'>πράγματα</span> <span class='ocrx_word' id='word_1_37' title='bbox 1674 631 1811 684; x_wconf 87' lang='grc' dir='ltr'>ἐνδε-</span> 
     </span>
    </p>
   </div>
   <div class='ocr_carea' id='block_1_13' title="bbox 239 722 1812 800">
    <p class='ocr_par' dir='ltr' id='par_1_13' title="bbox 239 722 1812 800">
     <span class='ocr_line' id='line_1_14' title="bbox 239 722 1812 800; baseline -0.006 -18"><span class='ocrx_word' id='word_1_38' title='bbox 239 732 394 799; x_wconf 89' lang='grc' dir='ltr'>σμεῖ,</span> <span class='ocrx_word' id='word_1_39' title='bbox 424 728 500 792; x_wconf 86' lang='grc' dir='ltr'>ὡς</span> <span class='ocrx_word' id='word_1_40' title='bbox 533 725 599 780; x_wconf 86' lang='grc' dir='ltr'><strong>ἂν</strong></span> <span class='ocrx_word' id='word_1_41' title='bbox 632 725 796 800; x_wconf 65' lang='grc' dir='ltr'>αὑτὸν</span> <span class='ocrx_word' id='word_1_42' title='bbox 832 727 925 779; x_wconf 74' lang='grc' dir='ltr'><strong>καὶ</strong></span> <span class='ocrx_word' id='word_1_43' title='bbox 954 724 1120 778; x_wconf 84' lang='grc' dir='ltr'>αὐτοῦ</span> <span class='ocrx_word' id='word_1_44' title='bbox 1165 725 1260 778; x_wconf 88' lang='grc' dir='ltr'><strong>τοῦ</strong></span> <span class='ocrx_word' id='word_1_45' title='bbox 1316 722 1605 794; x_wconf 87' lang='grc' dir='ltr'>μοναδικοῦ</span> <span class='ocrx_word' id='word_1_46' title='bbox 1636 724 1812 789; x_wconf 90' lang='grc' dir='ltr'>ἐπαγ-</span> 
     </span>
    </p>
   </div>
   <div class='ocr_carea' id='block_1_14' title="bbox 237 815 1813 890">
    <p class='ocr_par' dir='ltr' id='par_1_14' title="bbox 237 815 1813 890">
     <span class='ocr_line' id='line_1_15' title="bbox 237 815 1813 890; baseline -0.005 -17"><span class='ocrx_word' id='word_1_47' title='bbox 237 820 509 890; x_wconf 84' lang='grc' dir='ltr'>γέλματος</span> <span class='ocrx_word' id='word_1_48' title='bbox 541 818 763 881; x_wconf 77' lang='grc' dir='ltr'><strong>τελείως</strong></span> <span class='ocrx_word' id='word_1_49' title='bbox 790 817 1050 890; x_wconf 83' lang='grc' dir='ltr'>ἐκϐάλλῃ.</span> <span class='ocrx_word' id='word_1_50' title='bbox 1081 818 1298 889; x_wconf 90' lang='grc' dir='ltr'>Ταύτην</span> <span class='ocrx_word' id='word_1_51' title='bbox 1324 817 1421 887; x_wconf 82' lang='grc' dir='ltr'>τὴν</span> <span class='ocrx_word' id='word_1_52' title='bbox 1460 819 1616 869; x_wconf 85' lang='grc' dir='ltr'>νόσον</span> <span class='ocrx_word' id='word_1_53' title='bbox 1651 815 1813 885; x_wconf 86' lang='grc' dir='ltr'>βαρυ-</span> 
     </span>
    </p>
   </div>
   <div class='ocr_carea' id='block_1_15' title="bbox 235 906 1811 983">
    <p class='ocr_par' dir='ltr' id='par_1_15' title="bbox 235 906 1811 983">
     <span class='ocr_line' id='line_1_16' title="bbox 235 906 1811 983; baseline -0.005 -17"><span class='ocrx_word' id='word_1_54' title='bbox 235 915 411 983; x_wconf 79' lang='grc' dir='ltr'>τάτην</span> <span class='ocrx_word' id='word_1_55' title='bbox 446 909 614 966; x_wconf 83' lang='grc' dir='ltr'>οὖσαν</span> <span class='ocrx_word' id='word_1_56' title='bbox 643 915 671 964; x_wconf 99' lang='lat'><strong>6</strong></span> <span class='ocrx_word' id='word_1_57' title='bbox 700 911 844 975; x_wconf 83' lang='grc' dir='ltr'>θεῖος</span> <span class='ocrx_word' id='word_1_58' title='bbox 906 911 1228 974; x_wconf 79' lang='grc' dir='ltr'>Ἀπόστολος</span> <span class='ocrx_word' id='word_1_59' title='bbox 1261 911 1490 981; x_wconf 84' lang='grc' dir='ltr'>γράφων</span> <span class='ocrx_word' id='word_1_60' title='bbox 1540 906 1811 961; x_wconf 87' lang='grc' dir='ltr'>Θεσσαλο-</span> 
     </span>
    </p>
   </div>
   <div class='ocr_carea' id='block_1_16' title="bbox 236 1000 1807 1074">
    <p class='ocr_par' dir='ltr' id='par_1_16' title="bbox 236 1000 1807 1074">
     <span class='ocr_line' id='line_1_17' title="bbox 236 1000 1807 1074; baseline -0.003 -18"><span class='ocrx_word' id='word_1_61' title='bbox 236 1004 474 1066; x_wconf 86' lang='grc' dir='ltr'>νικεῦσι,</span> <span class='ocrx_word' id='word_1_62' title='bbox 500 1003 626 1058; x_wconf 86' lang='grc' dir='ltr'>τάδε</span> <span class='ocrx_word' id='word_1_63' title='bbox 646 1003 779 1073; x_wconf 79' lang='grc' dir='ltr'>φησί</span> <span class='ocrx_word' id='word_1_64' title='bbox 804 1021 819 1036; x_wconf 89' lang='grc'><strong>·</strong></span> <span class='ocrx_word' id='word_1_65' title='bbox 850 1022 867 1055; x_wconf 82' lang='lat' dir='ltr'><strong>t</strong></span> <span class='ocrx_word' id='word_1_66' title='bbox 902 1003 1361 1074; x_wconf 84' lang='grc' dir='ltr'>Παραγγέλλομεν</span> <span class='ocrx_word' id='word_1_67' title='bbox 1392 1003 1541 1072; x_wconf 83' lang='grc' dir='ltr'>ὑμῖν,</span> <span class='ocrx_word' id='word_1_68' title='bbox 1566 1000 1807 1068; x_wconf 74' lang='grc' dir='ltr'>ἀδελφοὶ,</span> 
     </span>
    </p>
   </div>
   <div class='ocr_carea' id='block_1_17' title="bbox 234 1091 1808 1169">
    <p class='ocr_par' dir='ltr' id='par_1_17' title="bbox 234 1091 1808 1169">
     <span class='ocr_line' id='line_1_18' title="bbox 234 1091 1808 1169; baseline -0.005 -17"><span class='ocrx_word' id='word_1_69' title='bbox 234 1100 297 1152; x_wconf 76' lang='grc' dir='ltr'><strong>ἐν</strong></span> <span class='ocrx_word' id='word_1_70' title='bbox 318 1099 546 1169; x_wconf 81' lang='grc' dir='ltr'>ὀνόματι</span> <span class='ocrx_word' id='word_1_71' title='bbox 569 1097 664 1151; x_wconf 90' lang='grc' dir='ltr'><strong>τοῦ</strong></span> <span class='ocrx_word' id='word_1_72' title='bbox 689 1096 894 1167; x_wconf 85' lang='grc' dir='ltr'>Κυρίου</span> <span class='ocrx_word' id='word_1_73' title='bbox 930 1094 1088 1166; x_wconf 78' lang='grc' dir='ltr'>ἡμῶν</span> <span class='ocrx_word' id='word_1_74' title='bbox 1139 1094 1314 1163; x_wconf 82' lang='grc' dir='ltr'>Ἰησοῦ</span> <span class='ocrx_word' id='word_1_75' title='bbox 1348 1093 1611 1164; x_wconf 82' lang='grc' dir='ltr'>Χριστοῦ,</span> <span class='ocrx_word' id='word_1_76' title='bbox 1652 1091 1808 1145; x_wconf 83' lang='grc' dir='ltr'>στέλ-</span> 
     </span>
    </p>
   </div>
   <div class='ocr_carea' id='block_1_18' title="bbox 232 1186 1810 1260">
    <p class='ocr_par' dir='ltr' id='par_1_18' title="bbox 232 1186 1810 1260">
     <span class='ocr_line' id='line_1_19' title="bbox 232 1186 1810 1260; baseline -0.003 -18"><span class='ocrx_word' id='word_1_77' title='bbox 232 1190 430 1244; x_wconf 86' lang='grc' dir='ltr'>λεσθαι</span> <span class='ocrx_word' id='word_1_78' title='bbox 457 1190 603 1260; x_wconf 78' lang='grc' dir='ltr'>ὑμᾶς</span> <span class='ocrx_word' id='word_1_79' title='bbox 633 1189 743 1242; x_wconf 85' lang='grc' dir='ltr'><strong>ἀπὸ</strong></span> <span class='ocrx_word' id='word_1_80' title='bbox 776 1189 977 1251; x_wconf 83' lang='grc' dir='ltr'>παντὸς</span> <span class='ocrx_word' id='word_1_81' title='bbox 1020 1186 1533 1257; x_wconf 59' lang='grc' dir='ltr'>ἀδελφοῦράτάκτως</span> <span class='ocrx_word' id='word_1_82' title='bbox 1571 1201 1810 1257; x_wconf 86' lang='grc' dir='ltr'>περιπα-</span> 
     </span>
    </p>
   </div>
   <div class='ocr_carea' id='block_1_19' title="bbox 229 1277 1807 1350">
    <p class='ocr_par' dir='ltr' id='par_1_19' title="bbox 229 1277 1807 1350">
     <span class='ocr_line' id='line_1_20' title="bbox 229 1277 1807 1350; baseline -0.004 -16"><span class='ocrx_word' id='word_1_83' title='bbox 229 1281 481 1346; x_wconf 80' lang='grc' dir='ltr'>τοῦντος.</span> <span class='ocrx_word' id='word_1_84' title='bbox 516 1281 682 1335; x_wconf 78' lang='grc' dir='ltr'>Αὐτοὶ</span> <span class='ocrx_word' id='word_1_85' title='bbox 709 1280 887 1334; x_wconf 84' lang='grc' dir='ltr'>οίδατε</span> <span class='ocrx_word' id='word_1_86' title='bbox 916 1279 1037 1343; x_wconf 83' lang='grc' dir='ltr'>πῶς</span> <span class='ocrx_word' id='word_1_87' title='bbox 1060 1279 1139 1332; x_wconf 86' lang='grc' dir='ltr'><strong>δεῖ</strong></span> <span class='ocrx_word' id='word_1_88' title='bbox 1176 1277 1464 1350; x_wconf 88' lang='grc' dir='ltr'>μιμεῖσθαι</span> <span class='ocrx_word' id='word_1_89' title='bbox 1488 1278 1657 1348; x_wconf 74' lang='grc' dir='ltr'>ἡμᾶς.</span> <span class='ocrx_word' id='word_1_90' title='bbox 1693 1278 1807 1329; x_wconf 82' lang='grc' dir='ltr'><strong>Δωο</strong></span> 
     </span>
    </p>
   </div>
   <div class='ocr_carea' id='block_1_20' title="bbox 233 1364 1809 1446">
    <p class='ocr_par' dir='ltr' id='par_1_20' title="bbox 233 1364 1809 1446">
     <span class='ocr_line' id='line_1_21' title="bbox 233 1364 1809 1446; baseline -0.004 -19"><span class='ocrx_word' id='word_1_91' title='bbox 233 1374 374 1445; x_wconf 86' lang='grc' dir='ltr'><strong>ρεάν</strong></span> <span class='ocrx_word' id='word_1_92' title='bbox 404 1374 566 1446; x_wconf 83' lang='grc' dir='ltr'>άρτον</span> <span class='ocrx_word' id='word_1_93' title='bbox 600 1373 700 1428; x_wconf 79' lang='grc' dir='ltr'><strong>οὐκ</strong></span> <span class='ocrx_word' id='word_1_94' title='bbox 721 1372 1001 1443; x_wconf 74' lang='grc' dir='ltr'><strong>ἐφάγομεν</strong></span> <span class='ocrx_word' id='word_1_95' title='bbox 1030 1373 1184 1443; x_wconf 89' lang='grc' dir='ltr'>παρά</span> <span class='ocrx_word' id='word_1_96' title='bbox 1209 1389 1372 1437; x_wconf 88' lang='grc' dir='ltr'>τινος,</span> <span class='ocrx_word' id='word_1_97' title='bbox 1410 1369 1526 1424; x_wconf 83' lang='grc' dir='ltr'>ἀλλ’</span> <span class='ocrx_word' id='word_1_98' title='bbox 1555 1372 1613 1424; x_wconf 82' lang='grc' dir='ltr'><strong>ἐν</strong></span> <span class='ocrx_word' id='word_1_99' title='bbox 1653 1364 1809 1440; x_wconf 69' lang='grc' dir='ltr'>κόπω</span> 
     </span>
    </p>
   </div>
   <div class='ocr_carea' id='block_1_21' title="bbox 231 1464 1808 1543">
    <p class='ocr_par' dir='ltr' id='par_1_21' title="bbox 231 1464 1808 1543">
     <span class='ocr_line' id='line_1_22' title="bbox 231 1464 1808 1543; baseline -0.006 -17"><span class='ocrx_word' id='word_1_100' title='bbox 231 1471 334 1526; x_wconf 71' lang='grc' dir='ltr'><strong>καὶ</strong></span> <span class='ocrx_word' id='word_1_101' title='bbox 361 1470 548 1543; x_wconf 85' lang='grc' dir='ltr'>μόχθῳ</span> <span class='ocrx_word' id='word_1_102' title='bbox 577 1469 939 1542; x_wconf 75' lang='grc' dir='ltr'>ἐργαζόμενοι</span> <span class='ocrx_word' id='word_1_103' title='bbox 970 1467 1162 1531; x_wconf 81' lang='grc' dir='ltr'>νυκτὸς</span> <span class='ocrx_word' id='word_1_104' title='bbox 1182 1467 1277 1520; x_wconf 55' lang='grc' dir='ltr'><strong>καί⁵</strong></span> <span class='ocrx_word' id='word_1_105' title='bbox 1311 1466 1549 1537; x_wconf 79' lang='grc' dir='ltr'>ἡμέρας,</span> <span class='ocrx_word' id='word_1_106' title='bbox 1588 1464 1723 1536; x_wconf 81' lang='grc' dir='ltr'>πρὸς</span> <span class='ocrx_word' id='word_1_107' title='bbox 1746 1464 1808 1517; x_wconf 80' lang='grc' dir='ltr'><strong>τὸ</strong></span> 
     </span>
    </p>
   </div>
   <div class='ocr_carea' id='block_1_22' title="bbox 228 1556 1809 1635">
    <p class='ocr_par' dir='ltr' id='par_1_22' title="bbox 228 1556 1809 1635">
     <span class='ocr_line' id='line_1_23' title="bbox 228 1556 1809 1635; baseline -0.005 -18"><span class='ocrx_word' id='word_1_108' title='bbox 228 1563 315 1635; x_wconf 74' lang='grc' dir='ltr'>μὴ</span> <span class='ocrx_word' id='word_1_109' title='bbox 343 1562 674 1633; x_wconf 76' lang='grc' dir='ltr'>ἐπιϐαρῆσαί</span> <span class='ocrx_word' id='word_1_110' title='bbox 701 1578 823 1616; x_wconf 88' lang='grc' dir='ltr'>τινα</span> <span class='ocrx_word' id='word_1_111' title='bbox 848 1560 1020 1631; x_wconf 78' lang='grc' dir='ltr'>ὑμῶν.</span> <span class='ocrx_word' id='word_1_112' title='bbox 1049 1560 1160 1630; x_wconf 79' lang='grc' dir='ltr'>Οὐχ</span> <span class='ocrx_word' id='word_1_113' title='bbox 1188 1562 1269 1614; x_wconf 88' lang='grc' dir='ltr'>ὃτι</span> <span class='ocrx_word' id='word_1_114' title='bbox 1288 1560 1385 1612; x_wconf 79' lang='grc' dir='ltr'><strong>οὐκ</strong></span> <span class='ocrx_word' id='word_1_115' title='bbox 1416 1558 1613 1629; x_wconf 78' lang='grc' dir='ltr'>ἔχομεν</span> <span class='ocrx_word' id='word_1_116' title='bbox 1643 1556 1809 1622; x_wconf 83' lang='grc' dir='ltr'>ἐξου-</span> 
     </span>
    </p>
   </div>
   <div class='ocr_carea' id='block_1_23' title="bbox 227 1647 1808 1721">
    <p class='ocr_par' dir='ltr' id='par_1_23' title="bbox 227 1647 1808 1721">
     <span class='ocr_line' id='line_1_24' title="bbox 227 1647 1808 1721; baseline -0.004 -15"><span class='ocrx_word' id='word_1_117' title='bbox 227 1654 381 1719; x_wconf 81' lang='grc' dir='ltr'>σίαν,</span> <span class='ocrx_word' id='word_1_118' title='bbox 434 1652 549 1707; x_wconf 78' lang='grc' dir='ltr'>ἀλλ’</span> <span class='ocrx_word' id='word_1_119' title='bbox 599 1653 689 1707; x_wconf 78' lang='grc' dir='ltr'><strong>ἵνα</strong></span> <span class='ocrx_word' id='word_1_120' title='bbox 731 1653 958 1716; x_wconf 74' lang='grc' dir='ltr'>ἑαυτοὺς</span> <span class='ocrx_word' id='word_1_121' title='bbox 1011 1650 1181 1705; x_wconf 88' lang='grc' dir='ltr'>τύπον</span> <span class='ocrx_word' id='word_1_122' title='bbox 1213 1651 1395 1721; x_wconf 84' lang='grc' dir='ltr'>δῶμεν</span> <span class='ocrx_word' id='word_1_123' title='bbox 1434 1650 1563 1719; x_wconf 82' lang='grc' dir='ltr'>ὑμῖν</span> <span class='ocrx_word' id='word_1_124' title='bbox 1611 1649 1691 1710; x_wconf 88' lang='grc' dir='ltr'>εἰς</span> <span class='ocrx_word' id='word_1_125' title='bbox 1747 1647 1808 1701; x_wconf 66' lang='grc' dir='ltr'>τὸ</span> 
     </span>
    </p>
   </div>
   <div class='ocr_carea' id='block_1_24' title="bbox 228 1738 1808 1816">
    <p class='ocr_par' dir='ltr' id='par_1_24' title="bbox 228 1738 1808 1816">
     <span class='ocr_line' id='line_1_25' title="bbox 228 1738 1808 1816; baseline -0.005 -17"><span class='ocrx_word' id='word_1_126' title='bbox 228 1745 526 1816; x_wconf 84' lang='grc' dir='ltr'>μιμεῖσθαι</span> <span class='ocrx_word' id='word_1_127' title='bbox 552 1746 720 1816; x_wconf 83' lang='grc' dir='ltr'>ἡμᾶς.</span> <span class='ocrx_word' id='word_1_128' title='bbox 742 1745 852 1801; x_wconf 82' lang='grc' dir='ltr'>Καὶ</span> <span class='ocrx_word' id='word_1_129' title='bbox 880 1744 991 1815; x_wconf 81' lang='grc' dir='ltr'>γὰρ</span> <span class='ocrx_word' id='word_1_130' title='bbox 1013 1745 1102 1797; x_wconf 82' lang='grc' dir='ltr'><strong>ὅτε</strong></span> <span class='ocrx_word' id='word_1_131' title='bbox 1120 1746 1268 1815; x_wconf 75' lang='grc' dir='ltr'>ήμην</span> <span class='ocrx_word' id='word_1_132' title='bbox 1292 1743 1428 1814; x_wconf 76' lang='grc' dir='ltr'>πρὸς</span> <span class='ocrx_word' id='word_1_133' title='bbox 1460 1742 1625 1811; x_wconf 83' lang='grc' dir='ltr'>ὑμᾶς,</span> <span class='ocrx_word' id='word_1_134' title='bbox 1648 1738 1808 1794; x_wconf 82' lang='grc' dir='ltr'>τοῦτο</span> 
     </span>
    </p>
   </div>
   <div class='ocr_carea' id='block_1_25' title="bbox 222 1832 1802 1911">
    <p class='ocr_par' dir='ltr' id='par_1_25' title="bbox 222 1832 1802 1911">
     <span class='ocr_line' id='line_1_26' title="bbox 222 1832 1802 1911; baseline -0.005 -18"><span class='ocrx_word' id='word_1_135' title='bbox 222 1837 688 1911; x_wconf 70' lang='grc' dir='ltr'>παρηγγέλλομεν</span> <span class='ocrx_word' id='word_1_136' title='bbox 719 1838 867 1909; x_wconf 81' lang='grc' dir='ltr'>ὑμῖν,</span> <span class='ocrx_word' id='word_1_137' title='bbox 898 1839 981 1891; x_wconf 83' lang='grc' dir='ltr'><strong>ὅτι</strong></span> <span class='ocrx_word' id='word_1_138' title='bbox 1004 1838 1059 1890; x_wconf 81' lang='grc' dir='ltr'><strong>εί</strong></span> <span class='ocrx_word' id='word_1_139' title='bbox 1082 1853 1166 1900; x_wconf 89' lang='grc' dir='ltr'><strong>τις</strong></span> <span class='ocrx_word' id='word_1_140' title='bbox 1194 1836 1255 1889; x_wconf 84' lang='grc' dir='ltr'><strong>ού</strong></span> <span class='ocrx_word' id='word_1_141' title='bbox 1281 1835 1425 1889; x_wconf 80' lang='grc' dir='ltr'>θέλει</span> <span class='ocrx_word' id='word_1_142' title='bbox 1448 1832 1802 1906; x_wconf 73' lang='grc' dir='ltr'>ἐργάζεσθαι,</span> 
     </span>
    </p>
   </div>
   <div class='ocr_carea' id='block_1_26' title="bbox 222 1924 1805 2004">
    <p class='ocr_par' dir='ltr' id='par_1_26' title="bbox 222 1924 1805 2004">
     <span class='ocr_line' id='line_1_27' title="bbox 222 1924 1805 2004; baseline -0.006 -18"><span class='ocrx_word' id='word_1_143' title='bbox 222 1932 371 2004; x_wconf 80' lang='grc' dir='ltr'>μηδὲ</span> <span class='ocrx_word' id='word_1_144' title='bbox 396 1932 644 1986; x_wconf 88' lang='grc' dir='ltr'>ἐσθιέτω.</span> <span class='ocrx_word' id='word_1_145' title='bbox 670 1930 988 2001; x_wconf 71' lang='grc' dir='ltr'>’Ἦκούομεν</span> <span class='ocrx_word' id='word_1_146' title='bbox 1021 1930 1130 2000; x_wconf 90' lang='grc' dir='ltr'><strong>γάρ</strong></span> <span class='ocrx_word' id='word_1_147' title='bbox 1181 1946 1333 1992; x_wconf 87' lang='grc' dir='ltr'>τινας</span> <span class='ocrx_word' id='word_1_148' title='bbox 1363 1924 1805 1998; x_wconf 77' lang='grc' dir='ltr'>περιπατοῦντας</span> 
     </span>
    </p>
   </div>
   <div class='ocr_carea' id='block_1_27' title="bbox 220 2016 1806 2095">
    <p class='ocr_par' dir='ltr' id='par_1_27' title="bbox 220 2016 1806 2095">
     <span class='ocr_line' id='line_1_28' title="bbox 220 2016 1806 2095; baseline -0.006 -20"><span class='ocrx_word' id='word_1_149' title='bbox 220 2025 283 2076; x_wconf 85' lang='grc' dir='ltr'><strong>ἐν</strong></span> <span class='ocrx_word' id='word_1_150' title='bbox 318 2024 450 2095; x_wconf 82' lang='grc' dir='ltr'>ύμῖν</span> <span class='ocrx_word' id='word_1_151' title='bbox 487 2023 759 2088; x_wconf 83' lang='grc' dir='ltr'><strong>ἀτάκτως,</strong></span> <span class='ocrx_word' id='word_1_152' title='bbox 800 2022 965 2094; x_wconf 84' lang='grc' dir='ltr'>μηδὲν</span> <span class='ocrx_word' id='word_1_153' title='bbox 1014 2020 1439 2092; x_wconf 76' lang='grc' dir='ltr'>ἐργαζομένους.</span> <span class='ocrx_word' id='word_1_154' title='bbox 1482 2016 1806 2085; x_wconf 87' lang='grc' dir='ltr'>Παραγγέλ-</span> 
     </span>
    </p>
   </div>
   <div class='ocr_carea' id='block_1_28' title="bbox 216 2108 1804 2188">
    <p class='ocr_par' dir='ltr' id='par_1_28' title="bbox 216 2108 1804 2188">
     <span class='ocr_line' id='line_1_29' title="bbox 216 2108 1804 2188; baseline -0.004 -18"><span class='ocrx_word' id='word_1_155' title='bbox 216 2117 399 2183; x_wconf 86' lang='grc' dir='ltr'>λομεν</span> <span class='ocrx_word' id='word_1_156' title='bbox 428 2112 521 2171; x_wconf 81' lang='grc' dir='ltr'><strong>οὖν</strong></span> <span class='ocrx_word' id='word_1_157' title='bbox 547 2116 693 2188; x_wconf 79' lang='grc' dir='ltr'>ὑμᾶς</span> <span class='ocrx_word' id='word_1_158' title='bbox 730 2117 786 2170; x_wconf 92' lang='grc' dir='ltr'><strong>ἐν</strong></span> <span class='ocrx_word' id='word_1_159' title='bbox 811 2114 1003 2187; x_wconf 82' lang='grc' dir='ltr'>Κυρίῳ</span> <span class='ocrx_word' id='word_1_160' title='bbox 1044 2111 1220 2185; x_wconf 87' lang='grc' dir='ltr'>Ἰησοῦ</span> <span class='ocrx_word' id='word_1_161' title='bbox 1249 2111 1495 2184; x_wconf 82' lang='grc' dir='ltr'>Χριστῷ,</span> <span class='ocrx_word' id='word_1_162' title='bbox 1528 2111 1621 2165; x_wconf 84' lang='grc' dir='ltr'><strong>ἴνα</strong></span> <span class='ocrx_word' id='word_1_163' title='bbox 1664 2108 1804 2181; x_wconf 85' lang='grc' dir='ltr'><strong>μετά</strong></span> 
     </span>
    </p>
   </div>
   <div class='ocr_carea' id='block_1_29' title="bbox 218 2202 1797 2279">
    <p class='ocr_par' dir='ltr' id='par_1_29' title="bbox 218 2202 1797 2279">
     <span class='ocr_line' id='line_1_30' title="bbox 218 2202 1797 2279; baseline -0.005 -18"><span class='ocrx_word' id='word_1_164' title='bbox 218 2209 469 2279; x_wconf 71' lang='grc' dir='ltr'>ἡσυχίας</span> <span class='ocrx_word' id='word_1_165' title='bbox 500 2205 862 2279; x_wconf 78' lang='grc' dir='ltr'>ἐργαζόμενοι</span> <span class='ocrx_word' id='word_1_166' title='bbox 904 2208 996 2261; x_wconf 81' lang='grc' dir='ltr'><strong>τὸν</strong></span> <span class='ocrx_word' id='word_1_167' title='bbox 1043 2205 1234 2260; x_wconf 80' lang='grc' dir='ltr'>ἐαυτοῦ</span> <span class='ocrx_word' id='word_1_168' title='bbox 1284 2204 1446 2277; x_wconf 80' lang='grc' dir='ltr'>ἄρτον</span> <span class='ocrx_word' id='word_1_169' title='bbox 1476 2202 1748 2256; x_wconf 88' lang='grc' dir='ltr'>ἐσθίωσιν.</span> <span class='ocrx_word' id='word_1_170' title='bbox 1777 2220 1797 2253; x_wconf 71' lang='grc' dir='ltr'><strong>ι</strong></span> 
     </span>
    </p>
   </div>
   <div class='ocr_carea' id='block_1_30' title="bbox 228 2295 1805 2371">
    <p class='ocr_par' dir='ltr' id='par_1_30' title="bbox 228 2295 1805 2371">
     <span class='ocr_line' id='line_1_31' title="bbox 228 2295 1805 2371; baseline -0.006 -16"><span class='ocrx_word' id='word_1_171' title='bbox 228 2300 543 2365; x_wconf 79' lang='grc' dir='ltr'>’ᾼτάκτους</span> <span class='ocrx_word' id='word_1_172' title='bbox 570 2300 680 2371; x_wconf 88' lang='grc' dir='ltr'><strong>γάρ</strong></span> <span class='ocrx_word' id='word_1_173' title='bbox 707 2302 735 2354; x_wconf 93' lang='grc' dir='ltr'><strong>ό</strong></span> <span class='ocrx_word' id='word_1_174' title='bbox 780 2299 1102 2363; x_wconf 83' lang='grc' dir='ltr'>Ἀπόστολος</span> <span class='ocrx_word' id='word_1_175' title='bbox 1122 2298 1281 2352; x_wconf 87' lang='grc' dir='ltr'>καλεῖ</span> <span class='ocrx_word' id='word_1_176' title='bbox 1315 2297 1441 2360; x_wconf 80' lang='grc' dir='ltr'>τοὺς</span> <span class='ocrx_word' id='word_1_177' title='bbox 1473 2295 1547 2367; x_wconf 83' lang='grc' dir='ltr'>μὴ</span> <span class='ocrx_word' id='word_1_178' title='bbox 1576 2295 1805 2365; x_wconf 83' lang='grc' dir='ltr'>ἐργαζο-</span> 
     </span>
    </p>
   </div>
   <div class='ocr_carea' id='block_1_31' title="bbox 219 2387 1799 2462">
    <p class='ocr_par' dir='ltr' id='par_1_31' title="bbox 219 2387 1799 2462">
     <span class='ocr_line' id='line_1_32' title="bbox 219 2387 1799 2462; baseline -0.003 -19"><span class='ocrx_word' id='word_1_179' title='bbox 219 2389 448 2457; x_wconf 84' lang='grc' dir='ltr'>μένους.</span> <span class='ocrx_word' id='word_1_180' title='bbox 491 2390 549 2444; x_wconf 82' lang='grc' dir='ltr'>ὐ</span> <span class='ocrx_word' id='word_1_181' title='bbox 590 2390 697 2462; x_wconf 84' lang='grc' dir='ltr'>γὰρ</span> <span class='ocrx_word' id='word_1_182' title='bbox 722 2389 980 2455; x_wconf 80' lang='grc' dir='ltr'>ἄτακτος,</span> <span class='ocrx_word' id='word_1_183' title='bbox 1021 2390 1116 2444; x_wconf 76' lang='grc' dir='ltr'>καὶ</span> <span class='ocrx_word' id='word_1_184' title='bbox 1166 2387 1475 2459; x_wconf 79' lang='grc' dir='ltr'>ἀνευλαϐὴς</span> <span class='ocrx_word' id='word_1_185' title='bbox 1517 2387 1799 2457; x_wconf 83' lang='grc' dir='ltr'>τυγχάνει,</span> 
     </span>
    </p>
   </div>
   <div class='ocr_carea' id='block_1_32' title="bbox 215 2479 1802 2558">
    <p class='ocr_par' dir='ltr' id='par_1_32' title="bbox 215 2479 1802 2558">
     <span class='ocr_line' id='line_1_33' title="bbox 215 2479 1802 2558; baseline -0.003 -23"><span class='ocrx_word' id='word_1_186' title='bbox 215 2482 324 2535; x_wconf 71' lang='grc' dir='ltr'><strong>καὶ</strong></span> <span class='ocrx_word' id='word_1_187' title='bbox 354 2482 631 2558; x_wconf 71' lang='grc' dir='ltr'>προπετὴς</span> <span class='ocrx_word' id='word_1_188' title='bbox 661 2484 790 2554; x_wconf 78' lang='grc' dir='ltr'>περὶ</span> <span class='ocrx_word' id='word_1_189' title='bbox 810 2482 990 2551; x_wconf 88' lang='grc' dir='ltr'>λόγον,</span> <span class='ocrx_word' id='word_1_190' title='bbox 1016 2482 1112 2536; x_wconf 80' lang='grc' dir='ltr'>καὶ</span> <span class='ocrx_word' id='word_1_191' title='bbox 1139 2483 1221 2545; x_wconf 84' lang='grc' dir='ltr'>εἰς</span> <span class='ocrx_word' id='word_1_192' title='bbox 1263 2480 1533 2553; x_wconf 90' lang='grc' dir='ltr'>λοιδορίαν</span> <span class='ocrx_word' id='word_1_193' title='bbox 1580 2479 1802 2550; x_wconf 78' lang='grc' dir='ltr'>πρόχει-</span> 
     </span>
    </p>
   </div>
   <div class='ocr_carea' id='block_1_33' title="bbox 215 2571 1801 2648">
    <p class='ocr_par' dir='ltr' id='par_1_33' title="bbox 215 2571 1801 2648">
     <span class='ocr_line' id='line_1_34' title="bbox 215 2571 1801 2648; baseline -0.003 -21"><span class='ocrx_word' id='word_1_194' title='bbox 215 2591 345 2644; x_wconf 86' lang='grc' dir='ltr'>ρος,</span> <span class='ocrx_word' id='word_1_195' title='bbox 373 2577 467 2628; x_wconf 79' lang='grc' dir='ltr'><strong>καὶ</strong></span> <span class='ocrx_word' id='word_1_196' title='bbox 492 2577 571 2639; x_wconf 90' lang='grc' dir='ltr'><strong>είς</strong></span> <span class='ocrx_word' id='word_1_197' title='bbox 589 2577 826 2648; x_wconf 76' lang='grc' dir='ltr'>ἡσυχίαν</span> <span class='ocrx_word' id='word_1_198' title='bbox 853 2575 1253 2646; x_wconf 81' lang='grc' dir='ltr'>ἀνεπιτήδειος,</span> <span class='ocrx_word' id='word_1_199' title='bbox 1293 2573 1393 2627; x_wconf 80' lang='grc' dir='ltr'>καὶ</span> <span class='ocrx_word' id='word_1_200' title='bbox 1434 2572 1535 2643; x_wconf 86' lang='grc' dir='ltr'><strong>τῆς</strong></span> <span class='ocrx_word' id='word_1_201' title='bbox 1568 2571 1801 2642; x_wconf 84' lang='grc' dir='ltr'>ἀκηδίας</span> 
     </span>
    </p>
   </div>
   <div class='ocr_carea' id='block_1_34' title="bbox 208 2659 1798 2736">
    <p class='ocr_par' dir='ltr' id='par_1_34' title="bbox 208 2659 1798 2736">
     <span class='ocr_line' id='line_1_35' title="bbox 208 2659 1798 2736; baseline -0.004 -18"><span class='ocrx_word' id='word_1_202' title='bbox 208 2663 436 2728; x_wconf 79' lang='grc' dir='ltr'>δοῦλος.</span> <span class='ocrx_word' id='word_1_203' title='bbox 463 2665 839 2736; x_wconf 80' lang='grc' dir='ltr'>Παραγγέλλει</span> <span class='ocrx_word' id='word_1_204' title='bbox 857 2659 951 2720; x_wconf 83' lang='grc' dir='ltr'><strong>οὖν</strong></span> <span class='ocrx_word' id='word_1_205' title='bbox 976 2663 1294 2718; x_wconf 86' lang='grc' dir='ltr'>στέλλεσθαι</span> <span class='ocrx_word' id='word_1_206' title='bbox 1316 2663 1412 2718; x_wconf 82' lang='grc' dir='ltr'>ἀπ’</span> <span class='ocrx_word' id='word_1_207' title='bbox 1431 2661 1621 2724; x_wconf 83' lang='grc' dir='ltr'>αὐτοῦ,</span> <span class='ocrx_word' id='word_1_208' title='bbox 1638 2678 1798 2715; x_wconf 80' lang='grc' dir='ltr'>τουτ-</span> 
     </span>
    </p>
   </div>
   <div class='ocr_carea' id='block_1_35' title="bbox 210 2754 1799 2828">
    <p class='ocr_par' dir='ltr' id='par_1_35' title="bbox 210 2754 1799 2828">
     <span class='ocr_line' id='line_1_36' title="bbox 210 2754 1799 2828; baseline -0.003 -19"><span class='ocrx_word' id='word_1_209' title='bbox 210 2756 379 2810; x_wconf 75' lang='grc' dir='ltr'>έστιν</span> <span class='ocrx_word' id='word_1_210' title='bbox 428 2754 788 2828; x_wconf 78' lang='grc' dir='ltr'>ἀφορίζεσθαι</span> <span class='ocrx_word' id='word_1_211' title='bbox 811 2756 887 2820; x_wconf 84' lang='grc' dir='ltr'>ὡς</span> <span class='ocrx_word' id='word_1_212' title='bbox 907 2757 1015 2812; x_wconf 79' lang='grc' dir='ltr'>ἀπὸ</span> <span class='ocrx_word' id='word_1_213' title='bbox 1037 2755 1296 2827; x_wconf 83' lang='grc' dir='ltr'>λοιμικῆς</span> <span class='ocrx_word' id='word_1_214' title='bbox 1319 2754 1497 2809; x_wconf 87' lang='grc' dir='ltr'>νόσου.</span> <span class='ocrx_word' id='word_1_215' title='bbox 1527 2771 1548 2806; x_wconf 73' lang='grc' dir='ltr'><strong>ι</strong></span> <span class='ocrx_word' id='word_1_216' title='bbox 1578 2754 1799 2826; x_wconf 83' lang='grc' dir='ltr'>Δωρεὰν</span> 
     </span>
    </p>
   </div>
   <div class='ocr_carea' id='block_1_36' title="bbox 210 2845 1798 2922">
    <p class='ocr_par' dir='ltr' id='par_1_36' title="bbox 210 2845 1798 2922">
     <span class='ocr_line' id='line_1_37' title="bbox 210 2845 1798 2922; baseline -0.005 -17"><span class='ocrx_word' id='word_1_217' title='bbox 210 2849 391 2919; x_wconf 74' lang='grc' dir='ltr'>ἄρτον</span> <span class='ocrx_word' id='word_1_218' title='bbox 421 2850 522 2905; x_wconf 87' lang='grc' dir='ltr'><strong>οῦκ</strong></span> <span class='ocrx_word' id='word_1_219' title='bbox 540 2849 827 2921; x_wconf 79' lang='grc' dir='ltr'>ἐφάγομεν</span> <span class='ocrx_word' id='word_1_220' title='bbox 863 2849 1018 2922; x_wconf 86' lang='grc' dir='ltr'>παρά</span> <span class='ocrx_word' id='word_1_221' title='bbox 1051 2865 1217 2912; x_wconf 81' lang='grc' dir='ltr'>τινος,</span> <span class='ocrx_word' id='word_1_222' title='bbox 1259 2847 1397 2902; x_wconf 88' lang='grc' dir='ltr'><strong>ἀλλά</strong></span> <span class='ocrx_word' id='word_1_223' title='bbox 1421 2848 1480 2899; x_wconf 84' lang='grc' dir='ltr'><strong>ἐν</strong></span> <span class='ocrx_word' id='word_1_224' title='bbox 1506 2846 1662 2917; x_wconf 83' lang='grc' dir='ltr'>κόπῳ</span> <span class='ocrx_word' id='word_1_225' title='bbox 1703 2845 1798 2899; x_wconf 78' lang='grc' dir='ltr'><strong>καῖ</strong></span> 
     </span>
    </p>
   </div>
   <div class='ocr_carea' id='block_1_37' title="bbox 213 2933 1795 3010">
    <p class='ocr_par' dir='ltr' id='par_1_37' title="bbox 213 2933 1795 3010">
     <span class='ocr_line' id='line_1_38' title="bbox 213 2933 1795 3010; baseline -0.005 -17"><span class='ocrx_word' id='word_1_226' title='bbox 213 2940 415 3010; x_wconf 69' lang='grc' dir='ltr'>μόχθῳ</span> <span class='ocrx_word' id='word_1_227' title='bbox 442 2939 636 3002; x_wconf 84' lang='grc' dir='ltr'>νυκτὸς</span> <span class='ocrx_word' id='word_1_228' title='bbox 664 2940 758 2991; x_wconf 78' lang='grc' dir='ltr'><strong>καὶ</strong></span> <span class='ocrx_word' id='word_1_229' title='bbox 790 2938 1006 3009; x_wconf 80' lang='grc' dir='ltr'>ἡμέρας</span> <span class='ocrx_word' id='word_1_230' title='bbox 1034 2936 1418 3007; x_wconf 77' lang='grc' dir='ltr'>ἐργαζόμενοι,</span> <span class='ocrx_word' id='word_1_231' title='bbox 1458 2934 1597 3005; x_wconf 80' lang='grc' dir='ltr'>πρὸς</span> <span class='ocrx_word' id='word_1_232' title='bbox 1623 2934 1684 2987; x_wconf 85' lang='grc' dir='ltr'><strong>τὸ</strong></span> <span class='ocrx_word' id='word_1_233' title='bbox 1721 2933 1795 3004; x_wconf 84' lang='grc' dir='ltr'><strong>μὴ</strong></span> 
     </span>
    </p>
   </div>
   <div class='ocr_carea' id='block_1_38' title="bbox 208 3026 1794 3103">
    <p class='ocr_par' dir='ltr' id='par_1_38' title="bbox 208 3026 1794 3103">
     <span class='ocr_line' id='line_1_39' title="bbox 208 3026 1794 3103; baseline -0.005 -17"><span class='ocrx_word' id='word_1_234' title='bbox 208 3031 561 3103; x_wconf 82' lang='grc' dir='ltr'>ἐπιϐαρῆσαί</span> <span class='ocrx_word' id='word_1_235' title='bbox 585 3047 727 3084; x_wconf 88' lang='grc' dir='ltr'>τινα.</span> <span class='ocrx_word' id='word_1_236' title='bbox 766 3049 785 3082; x_wconf 75' lang='grc' dir='ltr'><strong>ι</strong></span> <span class='ocrx_word' id='word_1_237' title='bbox 832 3030 892 3083; x_wconf 86' lang='lat'><strong>&#39;0</strong></span> <span class='ocrx_word' id='word_1_238' title='bbox 916 3029 1237 3093; x_wconf 87' lang='grc' dir='ltr'>διδάσκαλος</span> <span class='ocrx_word' id='word_1_239' title='bbox 1265 3029 1375 3081; x_wconf 83' lang='grc' dir='ltr'>τῶν</span> <span class='ocrx_word' id='word_1_240' title='bbox 1397 3026 1588 3092; x_wconf 85' lang='grc' dir='ltr'>ἐθνῶν,</span> <span class='ocrx_word' id='word_1_241' title='bbox 1623 3027 1651 3079; x_wconf 92' lang='lat'><strong>6</strong></span> <span class='ocrx_word' id='word_1_242' title='bbox 1692 3029 1794 3096; x_wconf 80' lang='grc' dir='ltr'><strong>κῆ-</strong></span> 
     </span>
    </p>
   </div>
   <div class='ocr_carea' id='block_1_39' title="bbox 210 3118 1796 3195">
    <p class='ocr_par' dir='ltr' id='par_1_39' title="bbox 210 3118 1796 3195">
     <span class='ocr_line' id='line_1_40' title="bbox 210 3118 1796 3195; baseline -0.006 -17"><span class='ocrx_word' id='word_1_243' title='bbox 210 3123 325 3195; x_wconf 79' lang='grc' dir='ltr'><strong>ρυξ</strong></span> <span class='ocrx_word' id='word_1_244' title='bbox 352 3124 450 3177; x_wconf 87' lang='grc' dir='ltr'><strong>τοῦ</strong></span> <span class='ocrx_word' id='word_1_245' title='bbox 481 3122 834 3192; x_wconf 74' lang='grc' dir='ltr'>Εὐαγγελίου,</span> <span class='ocrx_word' id='word_1_246' title='bbox 891 3123 920 3175; x_wconf 90' lang='lat'><strong>6</strong></span> <span class='ocrx_word' id='word_1_247' title='bbox 954 3122 1252 3192; x_wconf 82' lang='grc' dir='ltr'>μετάρσιος</span> <span class='ocrx_word' id='word_1_248' title='bbox 1276 3120 1382 3183; x_wconf 84' lang='grc' dir='ltr'>’ἑως</span> <span class='ocrx_word' id='word_1_249' title='bbox 1410 3119 1599 3190; x_wconf 87' lang='grc' dir='ltr'>τρίτου</span> <span class='ocrx_word' id='word_1_250' title='bbox 1628 3118 1796 3188; x_wconf 83' lang='grc' dir='ltr'>ούρα-</span> 
     </span>
    </p>
   </div>
   <div class='ocr_carea' id='block_1_40' title="bbox 1912 627 3492 704">
    <p class='ocr_par' dir='ltr' id='par_1_40' title="bbox 1912 627 3492 704">
     <span class='ocr_line' id='line_1_41' title="bbox 1912 627 3492 704; baseline 0.006 -25"><span class='ocrx_word' id='word_1_251' title='bbox 1912 627 2134 692; x_wconf 84' lang='lat' dir='ltr'><strong>alliciat,</strong></span> <span class='ocrx_word' id='word_1_252' title='bbox 2183 638 2245 683; x_wconf 92' lang='lat' dir='ltr'><strong>ut</strong></span> <span class='ocrx_word' id='word_1_253' title='bbox 2293 632 2631 685; x_wconf 87' lang='lat' dir='ltr'><strong>monasteria</strong></span> <span class='ocrx_word' id='word_1_254' title='bbox 2661 633 3083 695; x_wconf 88' lang='lat' dir='ltr'><strong>circumeundo,</strong></span> <span class='ocrx_word' id='word_1_255' title='bbox 3140 633 3277 686; x_wconf 83' lang='lat' dir='ltr'><strong>nihil</strong></span> <span class='ocrx_word' id='word_1_256' title='bbox 3324 636 3492 704; x_wconf 89' lang='lat' dir='ltr'><strong>quid-</strong></span> 
     </span>
    </p>
   </div>
   <div class='ocr_carea' id='block_1_41' title="bbox 1912 721 3480 790">
    <p class='ocr_par' dir='ltr' id='par_1_41' title="bbox 1912 721 3480 790">
     <span class='ocr_line' id='line_1_42' title="bbox 1912 721 3480 790; baseline 0.008 -19"><span class='ocrx_word' id='word_1_257' title='bbox 1912 734 2074 787; x_wconf 87' lang='lat' dir='ltr'><strong>quam</strong></span> <span class='ocrx_word' id='word_1_258' title='bbox 2110 721 2258 776; x_wconf 81' lang='lat' dir='ltr'><strong>aliud</strong></span> <span class='ocrx_word' id='word_1_259' title='bbox 2296 732 2476 790; x_wconf 88' lang='lat' dir='ltr'><strong>euret,</strong></span> <span class='ocrx_word' id='word_1_260' title='bbox 2526 725 2632 779; x_wconf 82' lang='lat' dir='ltr'><strong>nisi</strong></span> <span class='ocrx_word' id='word_1_261' title='bbox 2668 724 2757 779; x_wconf 87' lang='lat' dir='ltr'><strong>ubi</strong></span> <span class='ocrx_word' id='word_1_262' title='bbox 2800 725 3065 779; x_wconf 15' lang='lat' dir='ltr'><strong>convivia.</strong></span> <span class='ocrx_word' id='word_1_263' title='bbox 3105 726 3480 783; x_wconf 77' lang='lat' dir='ltr'><strong>celebrentur.</strong></span> 
     </span>
    </p>
   </div>
   <div class='ocr_carea' id='block_1_42' title="bbox 1912 810 3491 887">
    <p class='ocr_par' dir='ltr' id='par_1_42' title="bbox 1912 810 3491 887">
     <span class='ocr_line' id='line_1_43' title="bbox 1912 810 3491 887; baseline 0.006 -24"><span class='ocrx_word' id='word_1_264' title='bbox 1912 810 2050 864; x_wconf 81' lang='lat' dir='ltr'><strong>Tum</strong></span> <span class='ocrx_word' id='word_1_265' title='bbox 2101 814 2358 885; x_wconf 90' lang='lat' dir='ltr'><strong>deinceps</strong></span> <span class='ocrx_word' id='word_1_266' title='bbox 2411 817 2601 871; x_wconf 89' lang='lat' dir='ltr'><strong>mundi</strong></span> <span class='ocrx_word' id='word_1_267' title='bbox 2635 833 2858 887; x_wconf 89' lang='lat' dir='ltr'><strong>quoque</strong></span> <span class='ocrx_word' id='word_1_268' title='bbox 2890 818 3155 887; x_wconf 81' lang='lat' dir='ltr'><strong>negotiis,</strong></span> <span class='ocrx_word' id='word_1_269' title='bbox 3195 833 3292 871; x_wconf 89' lang='lat' dir='ltr'><strong>ceu</strong></span> <span class='ocrx_word' id='word_1_270' title='bbox 3336 820 3491 872; x_wconf 82' lang='lat' dir='ltr'><strong>nexi-</strong></span> 
     </span>
    </p>
   </div>
   <div class='ocr_carea' id='block_1_43' title="bbox 1913 900 3489 978">
    <p class='ocr_par' dir='ltr' id='par_1_43' title="bbox 1913 900 3489 978">
     <span class='ocr_line' id='line_1_44' title="bbox 1913 900 3489 978; baseline 0.007 -26"><span class='ocrx_word' id='word_1_271' title='bbox 1913 900 2014 954; x_wconf 85' lang='lat' dir='ltr'><strong>bus</strong></span> <span class='ocrx_word' id='word_1_272' title='bbox 2075 903 2409 971; x_wconf 81' lang='lat' dir='ltr'><strong>quibusdam</strong></span> <span class='ocrx_word' id='word_1_273' title='bbox 2463 922 2588 961; x_wconf 88' lang='lat' dir='ltr'><strong>eum</strong></span> <span class='ocrx_word' id='word_1_274' title='bbox 2641 907 2948 977; x_wconf 81' lang='lat' dir='ltr'><strong>astringit,</strong></span> <span class='ocrx_word' id='word_1_275' title='bbox 3011 908 3193 977; x_wconf 87' lang='lat' dir='ltr'><strong>quoad</strong></span> <span class='ocrx_word' id='word_1_276' title='bbox 3234 909 3304 961; x_wconf 90' lang='lat' dir='ltr'><strong>ab</strong></span> <span class='ocrx_word' id='word_1_277' title='bbox 3338 909 3489 978; x_wconf 87' lang='lat' dir='ltr'><strong>ipso-</strong></span> 
     </span>
    </p>
   </div>
   <div class='ocr_carea' id='block_1_44' title="bbox 1913 996 3491 1072">
    <p class='ocr_par' dir='ltr' id='par_1_44' title="bbox 1913 996 3491 1072">
     <span class='ocr_line' id='line_1_45' title="bbox 1913 996 3491 1072; baseline 0.008 -28"><span class='ocrx_word' id='word_1_278' title='bbox 1913 1003 2043 1058; x_wconf 92' lang='lat' dir='ltr'><strong>met,</strong></span> <span class='ocrx_word' id='word_1_279' title='bbox 2076 996 2224 1064; x_wconf 88' lang='lat' dir='ltr'><strong>quod</strong></span> <span class='ocrx_word' id='word_1_280' title='bbox 2270 998 2555 1066; x_wconf 79' lang='lat' dir='ltr'><strong>professus</strong></span> <span class='ocrx_word' id='word_1_281' title='bbox 2589 1010 2669 1054; x_wconf 87' lang='lat' dir='ltr'><strong>est</strong></span> <span class='ocrx_word' id='word_1_282' title='bbox 2704 1040 2718 1064; x_wconf 96' lang='lat'><strong>,</strong></span> <span class='ocrx_word' id='word_1_283' title='bbox 2752 1001 3063 1055; x_wconf 85' lang='lat' dir='ltr'><strong>monastico</strong></span> <span class='ocrx_word' id='word_1_284' title='bbox 3110 1002 3363 1056; x_wconf 87' lang='lat' dir='ltr'><strong>instituto</strong></span> <span class='ocrx_word' id='word_1_285' title='bbox 3397 1018 3491 1072; x_wconf 87' lang='lat' dir='ltr'><strong>pe-</strong></span> 
     </span>
    </p>
   </div>
   <div class='ocr_carea' id='block_1_45' title="bbox 1912 1083 3486 1165">
    <p class='ocr_par' dir='ltr' id='par_1_45' title="bbox 1912 1083 3486 1165">
     <span class='ocr_line' id='line_1_46' title="bbox 1912 1083 3486 1165; baseline 0.007 -28"><span class='ocrx_word' id='word_1_286' title='bbox 1912 1083 2062 1141; x_wconf 87' lang='lat' dir='ltr'><strong>nitus</strong></span> <span class='ocrx_word' id='word_1_287' title='bbox 2092 1087 2300 1153; x_wconf 89' lang='lat' dir='ltr'><strong>ejiciat.</strong></span> <span class='ocrx_word' id='word_1_288' title='bbox 2338 1088 2497 1145; x_wconf 86' lang='lat' dir='ltr'><strong>Hunc</strong></span> <span class='ocrx_word' id='word_1_289' title='bbox 2528 1092 2807 1160; x_wconf 87' lang='lat' dir='ltr'><strong>morbum,</strong></span> <span class='ocrx_word' id='word_1_290' title='bbox 2859 1094 3248 1162; x_wconf 83' lang='lat' dir='ltr'><strong>gravissimum</strong></span> <span class='ocrx_word' id='word_1_291' title='bbox 3302 1096 3486 1165; x_wconf 85' lang='lat' dir='ltr'><strong>plane,</strong></span> 
     </span>
    </p>
   </div>
   <div class='ocr_carea' id='block_1_46' title="bbox 1909 1175 3485 1257">
    <p class='ocr_par' dir='ltr' id='par_1_46' title="bbox 1909 1175 3485 1257">
     <span class='ocr_line' id='line_1_47' title="bbox 1909 1175 3485 1257; baseline 0.008 -26"><span class='ocrx_word' id='word_1_292' title='bbox 1909 1177 1966 1231; x_wconf 91' lang='lat' dir='ltr'><strong>in</strong></span> <span class='ocrx_word' id='word_1_293' title='bbox 1996 1175 2240 1250; x_wconf 89' lang='lat' dir='ltr'><strong>Epistola</strong></span> <span class='ocrx_word' id='word_1_294' title='bbox 2273 1182 2339 1235; x_wconf 90' lang='lat' dir='ltr'><strong>ad</strong></span> <span class='ocrx_word' id='word_1_295' title='bbox 2376 1180 2915 1241; x_wconf 84' lang='lat' dir='ltr'><strong>Thessalonicenses</strong></span> <span class='ocrx_word' id='word_1_296' title='bbox 2945 1186 3169 1241; x_wconf 89' lang='lat' dir='ltr'><strong>divinus</strong></span> <span class='ocrx_word' id='word_1_297' title='bbox 3186 1187 3485 1257; x_wconf 86' lang='lat' dir='ltr'><strong>Apostolus</strong></span> 
     </span>
    </p>
   </div>
   <div class='ocr_carea' id='block_1_47' title="bbox 1914 1274 3483 1350">
    <p class='ocr_par' dir='ltr' id='par_1_47' title="bbox 1914 1274 3483 1350">
     <span class='ocr_line' id='line_1_48' title="bbox 1914 1274 3483 1350; baseline 0.008 -21"><span class='ocrx_word' id='word_1_298' title='bbox 1914 1274 1999 1331; x_wconf 89' lang='lat' dir='ltr'><strong>his</strong></span> <span class='ocrx_word' id='word_1_299' title='bbox 2017 1277 2199 1334; x_wconf 87' lang='lat' dir='ltr'><strong>verbis</strong></span> <span class='ocrx_word' id='word_1_300' title='bbox 2225 1278 2486 1335; x_wconf 83' lang='lat' dir='ltr'><strong>describit</strong></span> <span class='ocrx_word' id='word_1_301' title='bbox 2526 1296 2541 1334; x_wconf 88' lang='lat'><strong>:</strong></span> <span class='ocrx_word' id='word_1_302' title='bbox 2572 1300 2590 1333; x_wconf 80' lang='grc' dir='ltr'><strong>ι</strong></span> <span class='ocrx_word' id='word_1_303' title='bbox 2625 1282 3025 1338; x_wconf 83' lang='lat' dir='ltr'><strong>Denuntiamus</strong></span> <span class='ocrx_word' id='word_1_304' title='bbox 3049 1285 3222 1350; x_wconf 77' lang='lat' dir='ltr'><strong>vobis,</strong></span> <span class='ocrx_word' id='word_1_305' title='bbox 3261 1284 3483 1347; x_wconf 81' lang='lat' dir='ltr'><strong>fratres.</strong></span> 
     </span>
    </p>
   </div>
   <div class='ocr_carea' id='block_1_48' title="bbox 1915 1365 3488 1439">
    <p class='ocr_par' dir='ltr' id='par_1_48' title="bbox 1915 1365 3488 1439">
     <span class='ocr_line' id='line_1_49' title="bbox 1915 1365 3488 1439; baseline 0.008 -20"><span class='ocrx_word' id='word_1_306' title='bbox 1915 1365 1969 1419; x_wconf 92' lang='lat' dir='ltr'><strong>in</strong></span> <span class='ocrx_word' id='word_1_307' title='bbox 2024 1369 2247 1425; x_wconf 87' lang='lat' dir='ltr'><strong>nomine</strong></span> <span class='ocrx_word' id='word_1_308' title='bbox 2301 1370 2518 1426; x_wconf 87' lang='lat' dir='ltr'><strong>Domini</strong></span> <span class='ocrx_word' id='word_1_309' title='bbox 2579 1375 2753 1427; x_wconf 91' lang='lat' dir='ltr'><strong>nostri</strong></span> <span class='ocrx_word' id='word_1_310' title='bbox 2794 1372 2924 1429; x_wconf 86' lang='lat' dir='ltr'><strong>Jesu</strong></span> <span class='ocrx_word' id='word_1_311' title='bbox 2974 1375 3220 1439; x_wconf 87' lang='lat' dir='ltr'><strong>Christi,</strong></span> <span class='ocrx_word' id='word_1_312' title='bbox 3253 1388 3313 1429; x_wconf 91' lang='lat' dir='ltr'><strong>ut</strong></span> <span class='ocrx_word' id='word_1_313' title='bbox 3356 1377 3488 1432; x_wconf 90' lang='lat' dir='ltr'><strong>sub-</strong></span> 
     </span>
    </p>
   </div>
   <div class='ocr_carea' id='block_1_49' title="bbox 1912 1458 3487 1523">
    <p class='ocr_par' dir='ltr' id='par_1_49' title="bbox 1912 1458 3487 1523">
     <span class='ocr_line' id='line_1_50' title="bbox 1912 1458 3487 1523; baseline 0.007 -13"><span class='ocrx_word' id='word_1_314' title='bbox 1912 1458 2148 1516; x_wconf 87' lang='lat' dir='ltr'><strong>trahatis</strong></span> <span class='ocrx_word' id='word_1_315' title='bbox 2199 1477 2297 1517; x_wconf 90' lang='lat' dir='ltr'><strong>vos</strong></span> <span class='ocrx_word' id='word_1_316' title='bbox 2330 1463 2399 1517; x_wconf 88' lang='lat' dir='ltr'><strong>ab</strong></span> <span class='ocrx_word' id='word_1_317' title='bbox 2429 1464 2579 1517; x_wconf 90' lang='lat' dir='ltr'><strong>omni</strong></span> <span class='ocrx_word' id='word_1_318' title='bbox 2618 1462 2792 1520; x_wconf 80' lang='lat' dir='ltr'><strong>fratre</strong></span> <span class='ocrx_word' id='word_1_319' title='bbox 2839 1465 3157 1522; x_wconf 85' lang='lat' dir='ltr'><strong>ambulante</strong></span> <span class='ocrx_word' id='word_1_320' title='bbox 3198 1467 3487 1523; x_wconf 84' lang='lat' dir='ltr'><strong>inordina-</strong></span> 
     </span>
    </p>
   </div>
   <div class='ocr_carea' id='block_1_50' title="bbox 1913 1550 3486 1626">
    <p class='ocr_par' dir='ltr' id='par_1_50' title="bbox 1913 1550 3486 1626">
     <span class='ocr_line' id='line_1_51' title="bbox 1913 1550 3486 1626; baseline 0.009 -26"><span class='ocrx_word' id='word_1_321' title='bbox 1913 1557 1985 1602; x_wconf 88' lang='lat' dir='ltr'><strong>te.</strong></span> <span class='ocrx_word' id='word_1_322' title='bbox 2022 1550 2130 1620; x_wconf 88' lang='lat' dir='ltr'><strong>lpsi</strong></span> <span class='ocrx_word' id='word_1_323' title='bbox 2154 1552 2310 1609; x_wconf 85' lang='lat' dir='ltr'><strong>scitis</strong></span> <span class='ocrx_word' id='word_1_324' title='bbox 2342 1554 2619 1624; x_wconf 89' lang='lat' dir='ltr'><strong>quomodo</strong></span> <span class='ocrx_word' id='word_1_325' title='bbox 2661 1565 2915 1626; x_wconf 82' lang='lat' dir='ltr'><strong>oporteat</strong></span> <span class='ocrx_word' id='word_1_326' title='bbox 2966 1559 3314 1613; x_wconf 84' lang='lat' dir='ltr'><strong>nosimitari.</strong></span> <span class='ocrx_word' id='word_1_327' title='bbox 3351 1559 3486 1614; x_wconf 82' lang='lat' dir='ltr'><strong>Gra-</strong></span> 
     </span>
    </p>
   </div>
   <div class='ocr_carea' id='block_1_51' title="bbox 1912 1641 3485 1716">
    <p class='ocr_par' dir='ltr' id='par_1_51' title="bbox 1912 1641 3485 1716">
     <span class='ocr_line' id='line_1_52' title="bbox 1912 1641 3485 1716; baseline 0.009 -23"><span class='ocrx_word' id='word_1_328' title='bbox 1912 1641 1986 1696; x_wconf 89' lang='lat' dir='ltr'><strong>tis</strong></span> <span class='ocrx_word' id='word_1_329' title='bbox 2029 1643 2242 1700; x_wconf 89' lang='lat' dir='ltr'><strong>nullius</strong></span> <span class='ocrx_word' id='word_1_330' title='bbox 2275 1661 2476 1716; x_wconf 89' lang='lat' dir='ltr'><strong>panem</strong></span> <span class='ocrx_word' id='word_1_331' title='bbox 2522 1645 2999 1703; x_wconf 30' lang='lat' dir='ltr'><strong>mand‘ueavimus.</strong></span> <span class='ocrx_word' id='word_1_332' title='bbox 3043 1648 3144 1705; x_wconf 86' lang='lat' dir='ltr'><strong>Sed</strong></span> <span class='ocrx_word' id='word_1_333' title='bbox 3185 1652 3239 1704; x_wconf 91' lang='lat' dir='ltr'><strong>in</strong></span> <span class='ocrx_word' id='word_1_334' title='bbox 3301 1648 3485 1707; x_wconf 68' lang='lat' dir='ltr'><strong>labore</strong></span> 
     </span>
    </p>
   </div>
   <div class='ocr_carea' id='block_1_52' title="bbox 1911 1741 3485 1812">
    <p class='ocr_par' dir='ltr' id='par_1_52' title="bbox 1911 1741 3485 1812">
     <span class='ocr_line' id='line_1_53' title="bbox 1911 1741 3485 1812; baseline 0.006 -22"><span class='ocrx_word' id='word_1_335' title='bbox 1911 1744 1965 1790; x_wconf 86' lang='lat' dir='ltr'><strong>et</strong></span> <span class='ocrx_word' id='word_1_336' title='bbox 2002 1752 2246 1792; x_wconf 72' lang='lat' dir='ltr'><strong>aerumna</strong></span> <span class='ocrx_word' id='word_1_337' title='bbox 2272 1779 2286 1803; x_wconf 94' lang='lat'><strong>,</strong></span> <span class='ocrx_word' id='word_1_338' title='bbox 2331 1748 2495 1794; x_wconf 86' lang='lat' dir='ltr'><strong>nocte</strong></span> <span class='ocrx_word' id='word_1_339' title='bbox 2525 1751 2579 1796; x_wconf 91' lang='lat' dir='ltr'><strong>et</strong></span> <span class='ocrx_word' id='word_1_340' title='bbox 2627 1741 2715 1796; x_wconf 82' lang='lat' dir='ltr'><strong>die</strong></span> <span class='ocrx_word' id='word_1_341' title='bbox 2758 1754 3050 1812; x_wconf 89' lang='lat' dir='ltr'><strong>operantes</strong></span> <span class='ocrx_word' id='word_1_342' title='bbox 3093 1744 3344 1799; x_wconf 86' lang='lat' dir='ltr'><strong>manibus</strong></span> <span class='ocrx_word' id='word_1_343' title='bbox 3390 1760 3485 1799; x_wconf 92' lang='lat' dir='ltr'><strong>no-</strong></span> 
     </span>
    </p>
   </div>
   <div class='ocr_carea' id='block_1_53' title="bbox 1914 1832 3481 1909">
    <p class='ocr_par' dir='ltr' id='par_1_53' title="bbox 1914 1832 3481 1909">
     <span class='ocr_line' id='line_1_54' title="bbox 1914 1832 3481 1909; baseline 0.006 -24"><span class='ocrx_word' id='word_1_344' title='bbox 1914 1832 2066 1898; x_wconf 91' lang='lat' dir='ltr'><strong>stris,</strong></span> <span class='ocrx_word' id='word_1_345' title='bbox 2097 1834 2255 1905; x_wconf 79' lang='lat'><strong>361</strong></span> <span class='ocrx_word' id='word_1_346' title='bbox 2292 1850 2361 1890; x_wconf 92' lang='lat' dir='ltr'><strong>ne</strong></span> <span class='ocrx_word' id='word_1_347' title='bbox 2389 1852 2718 1907; x_wconf 86' lang='lat' dir='ltr'><strong>quemquam</strong></span> <span class='ocrx_word' id='word_1_348' title='bbox 2756 1853 3134 1907; x_wconf 79' lang='lat' dir='ltr'><strong>gravarcmus.</strong></span> <span class='ocrx_word' id='word_1_349' title='bbox 3172 1837 3289 1892; x_wconf 85' lang='lat' dir='ltr'><strong>Non</strong></span> <span class='ocrx_word' id='word_1_350' title='bbox 3324 1840 3481 1909; x_wconf 91' lang='lat' dir='ltr'><strong>quasi</strong></span> 
     </span>
    </p>
   </div>
   <div class='ocr_carea' id='block_1_54' title="bbox 1912 1928 3481 2002">
    <p class='ocr_par' dir='ltr' id='par_1_54' title="bbox 1912 1928 3481 2002">
     <span class='ocr_line' id='line_1_55' title="bbox 1912 1928 3481 2002; baseline 0.007 -25"><span class='ocrx_word' id='word_1_351' title='bbox 1912 1932 2237 1993; x_wconf 87' lang='lat' dir='ltr'><strong>potestatem</strong></span> <span class='ocrx_word' id='word_1_352' title='bbox 2267 1942 2374 1981; x_wconf 89' lang='lat' dir='ltr'><strong>non</strong></span> <span class='ocrx_word' id='word_1_353' title='bbox 2420 1928 2820 1986; x_wconf 87' lang='lat' dir='ltr'><strong>habuerimus:</strong></span> <span class='ocrx_word' id='word_1_354' title='bbox 2872 1934 2967 1986; x_wconf 86' lang='lat' dir='ltr'><strong>sed</strong></span> <span class='ocrx_word' id='word_1_355' title='bbox 3004 1943 3061 1984; x_wconf 91' lang='lat' dir='ltr'><strong>ut</strong></span> <span class='ocrx_word' id='word_1_356' title='bbox 3109 1933 3481 2002; x_wconf 84' lang='lat' dir='ltr'><strong>nosmetipsos</strong></span> 
     </span>
    </p>
   </div>
   <div class='ocr_carea' id='block_1_55' title="bbox 1909 2017 3479 2088">
    <p class='ocr_par' dir='ltr' id='par_1_55' title="bbox 1909 2017 3479 2088">
     <span class='ocr_line' id='line_1_56' title="bbox 1909 2017 3479 2088; baseline 0.006 -20"><span class='ocrx_word' id='word_1_357' title='bbox 1909 2017 2136 2070; x_wconf 81' lang='lat' dir='ltr'><strong>formam</strong></span> <span class='ocrx_word' id='word_1_358' title='bbox 2191 2020 2561 2088; x_wconf 63' lang='lat' dir='ltr'><strong>praeberemus</strong></span> <span class='ocrx_word' id='word_1_359' title='bbox 2610 2022 2770 2077; x_wconf 80' lang='lat' dir='ltr'><strong>vobis</strong></span> <span class='ocrx_word' id='word_1_360' title='bbox 2836 2023 2904 2078; x_wconf 89' lang='lat' dir='ltr'><strong>ad</strong></span> <span class='ocrx_word' id='word_1_361' title='bbox 2963 2023 3293 2077; x_wconf 86' lang='lat' dir='ltr'><strong>imitandum</strong></span> <span class='ocrx_word' id='word_1_362' title='bbox 3356 2039 3479 2078; x_wconf 88' lang='lat' dir='ltr'><strong>nos.</strong></span> 
     </span>
    </p>
   </div>
   <div class='ocr_carea' id='block_1_56' title="bbox 1907 2098 3481 2183">
    <p class='ocr_par' dir='ltr' id='par_1_56' title="bbox 1907 2098 3481 2183">
     <span class='ocr_line' id='line_1_57' title="bbox 1907 2098 3481 2183; baseline 0.004 -22"><span class='ocrx_word' id='word_1_363' title='bbox 1907 2107 2120 2163; x_wconf 84' lang='lat' dir='ltr'><strong>Etenim</strong></span> <span class='ocrx_word' id='word_1_364' title='bbox 2162 2125 2287 2165; x_wconf 92' lang='lat' dir='ltr'><strong>cum</strong></span> <span class='ocrx_word' id='word_1_365' title='bbox 2322 2127 2502 2167; x_wconf 90' lang='lat' dir='ltr'><strong>essem</strong></span> <span class='ocrx_word' id='word_1_366' title='bbox 2546 2113 2690 2183; x_wconf 90' lang='lat' dir='ltr'><strong>apud</strong></span> <span class='ocrx_word' id='word_1_367' title='bbox 2724 2129 2843 2178; x_wconf 89' lang='lat' dir='ltr'><strong>vos,</strong></span> <span class='ocrx_word' id='word_1_368' title='bbox 2875 2098 2977 2169; x_wconf 73' lang='lat' dir='ltr'><strong>hoc</strong></span> <span class='ocrx_word' id='word_1_369' title='bbox 3020 2114 3481 2169; x_wconf 85' lang='lat' dir='ltr'><strong>denuntiabamus</strong></span> 
     </span>
    </p>
   </div>
   <div class='ocr_carea' id='block_1_57' title="bbox 1903 2200 3483 2276">
    <p class='ocr_par' dir='ltr' id='par_1_57' title="bbox 1903 2200 3483 2276">
     <span class='ocr_line' id='line_1_58' title="bbox 1903 2200 3483 2276; baseline 0.003 -24"><span class='ocrx_word' id='word_1_370' title='bbox 1903 2200 2085 2263; x_wconf 85' lang='lat' dir='ltr'><strong>vobis,</strong></span> <span class='ocrx_word' id='word_1_371' title='bbox 2117 2202 2261 2270; x_wconf 92' lang='lat' dir='ltr'><strong>quod</strong></span> <span class='ocrx_word' id='word_1_372' title='bbox 2295 2203 2344 2258; x_wconf 91' lang='lat' dir='ltr'><strong>si</strong></span> <span class='ocrx_word' id='word_1_373' title='bbox 2392 2204 2520 2273; x_wconf 91' lang='lat' dir='ltr'><strong>quis</strong></span> <span class='ocrx_word' id='word_1_374' title='bbox 2554 2220 2663 2259; x_wconf 91' lang='lat' dir='ltr'><strong>non</strong></span> <span class='ocrx_word' id='word_1_375' title='bbox 2692 2205 2810 2259; x_wconf 87' lang='lat' dir='ltr'><strong>vult</strong></span> <span class='ocrx_word' id='word_1_376' title='bbox 2841 2206 3081 2276; x_wconf 88' lang='lat' dir='ltr'><strong>operari,</strong></span> <span class='ocrx_word' id='word_1_377' title='bbox 3107 2221 3217 2259; x_wconf 91' lang='lat' dir='ltr'><strong>non</strong></span> <span class='ocrx_word' id='word_1_378' title='bbox 3252 2205 3483 2258; x_wconf 83' lang='lat' dir='ltr'><strong>mandu-</strong></span> 
     </span>
    </p>
   </div>
   <div class='ocr_carea' id='block_1_58' title="bbox 1903 2294 3481 2368">
    <p class='ocr_par' dir='ltr' id='par_1_58' title="bbox 1903 2294 3481 2368">
     <span class='ocr_line' id='line_1_59' title="bbox 1903 2294 3481 2368; baseline 0.005 -22"><span class='ocrx_word' id='word_1_379' title='bbox 1903 2301 2010 2347; x_wconf 89' lang='lat' dir='ltr'><strong>cet.</strong></span> <span class='ocrx_word' id='word_1_380' title='bbox 2042 2294 2374 2351; x_wconf 85' lang='lat' dir='ltr'><strong>Audivimus</strong></span> <span class='ocrx_word' id='word_1_381' title='bbox 2406 2298 2552 2352; x_wconf 92' lang='lat' dir='ltr'><strong>enim</strong></span> <span class='ocrx_word' id='word_1_382' title='bbox 2586 2300 2854 2368; x_wconf 88' lang='lat' dir='ltr'><strong>quosdam</strong></span> <span class='ocrx_word' id='word_1_383' title='bbox 2898 2300 3042 2355; x_wconf 88' lang='lat' dir='ltr'><strong>inter</strong></span> <span class='ocrx_word' id='word_1_384' title='bbox 3067 2316 3165 2355; x_wconf 84' lang='lat' dir='ltr'><strong>vos</strong></span> <span class='ocrx_word' id='word_1_385' title='bbox 3198 2300 3481 2354; x_wconf 87' lang='lat' dir='ltr'><strong>ambulare</strong></span> 
     </span>
    </p>
   </div>
   <div class='ocr_carea' id='block_1_59' title="bbox 1903 2384 3480 2462">
    <p class='ocr_par' dir='ltr' id='par_1_59' title="bbox 1903 2384 3480 2462">
     <span class='ocr_line' id='line_1_60' title="bbox 1903 2384 3480 2462; baseline 0.004 -25"><span class='ocrx_word' id='word_1_386' title='bbox 1903 2384 2252 2453; x_wconf 84' lang='lat' dir='ltr'><strong>inordinate,</strong></span> <span class='ocrx_word' id='word_1_387' title='bbox 2293 2387 2430 2442; x_wconf 86' lang='lat' dir='ltr'><strong>nihil</strong></span> <span class='ocrx_word' id='word_1_388' title='bbox 2490 2399 2801 2459; x_wconf 87' lang='lat' dir='ltr'><strong>operantes.</strong></span> <span class='ocrx_word' id='word_1_389' title='bbox 2858 2391 3262 2447; x_wconf 85' lang='lat' dir='ltr'><strong>Denuntiamus</strong></span> <span class='ocrx_word' id='word_1_390' title='bbox 3311 2392 3480 2462; x_wconf 80' lang='lat' dir='ltr'><strong>igitur</strong></span> 
     </span>
    </p>
   </div>
   <div class='ocr_carea' id='block_1_60' title="bbox 1901 2477 3479 2552">
    <p class='ocr_par' dir='ltr' id='par_1_60' title="bbox 1901 2477 3479 2552">
     <span class='ocr_line' id='line_1_61' title="bbox 1901 2477 3479 2552; baseline 0.006 -24"><span class='ocrx_word' id='word_1_391' title='bbox 1901 2477 2058 2533; x_wconf 79' lang='lat' dir='ltr'><strong>vobis</strong></span> <span class='ocrx_word' id='word_1_392' title='bbox 2087 2478 2141 2532; x_wconf 92' lang='lat' dir='ltr'><strong>in</strong></span> <span class='ocrx_word' id='word_1_393' title='bbox 2174 2477 2405 2534; x_wconf 86' lang='lat' dir='ltr'><strong>Domino</strong></span> <span class='ocrx_word' id='word_1_394' title='bbox 2432 2479 2564 2535; x_wconf 81' lang='lat' dir='ltr'><strong>Jesu</strong></span> <span class='ocrx_word' id='word_1_395' title='bbox 2593 2480 2840 2544; x_wconf 88' lang='lat' dir='ltr'><strong>Christo,</strong></span> <span class='ocrx_word' id='word_1_396' title='bbox 2877 2491 3073 2537; x_wconf 90' lang='lat' dir='ltr'><strong>utcum</strong></span> <span class='ocrx_word' id='word_1_397' title='bbox 3102 2483 3321 2537; x_wconf 82' lang='lat' dir='ltr'><strong>silentio</strong></span> <span class='ocrx_word' id='word_1_398' title='bbox 3348 2499 3479 2552; x_wconf 88' lang='lat' dir='ltr'><strong>ope-</strong></span> 
     </span>
    </p>
   </div>
   <div class='ocr_carea' id='block_1_61' title="bbox 1902 2571 3470 2643">
    <p class='ocr_par' dir='ltr' id='par_1_61' title="bbox 1902 2571 3470 2643">
     <span class='ocr_line' id='line_1_62' title="bbox 1902 2571 3470 2643; baseline 0.004 -24"><span class='ocrx_word' id='word_1_399' title='bbox 1902 2577 2338 2638; x_wconf 85' lang='lat' dir='ltr'><strong>rantes,panem</strong></span> <span class='ocrx_word' id='word_1_400' title='bbox 2380 2586 2539 2625; x_wconf 90' lang='lat' dir='ltr'><strong>suum</strong></span> <span class='ocrx_word' id='word_1_401' title='bbox 2592 2572 2950 2627; x_wconf 89' lang='lat' dir='ltr'><strong>manducent.</strong></span> <span class='ocrx_word' id='word_1_402' title='bbox 2984 2593 3002 2625; x_wconf 78' lang='grc' dir='ltr'><strong>ι</strong></span> <span class='ocrx_word' id='word_1_403' title='bbox 3038 2571 3133 2643; x_wconf 89' lang='lat' dir='ltr'><strong>(II</strong></span> <span class='ocrx_word' id='word_1_404' title='bbox 3164 2572 3347 2628; x_wconf 79' lang='lat' dir='ltr'><strong>Thess.</strong></span> <span class='ocrx_word' id='word_1_405' title='bbox 3383 2588 3470 2637; x_wconf 88' lang='grc' dir='ltr'>ιιι,</span> 
     </span>
    </p>
   </div>
   <div class='ocr_carea' id='block_1_62' title="bbox 1902 2659 3474 2736">
    <p class='ocr_par' dir='ltr' id='par_1_62' title="bbox 1902 2659 3474 2736">
     <span class='ocr_line' id='line_1_63' title="bbox 1902 2659 3474 2736; baseline 0.004 -24"><span class='ocrx_word' id='word_1_406' title='bbox 1902 2659 2074 2731; x_wconf 74' lang='grc'><strong>6-12.)</strong></span> <span class='ocrx_word' id='word_1_407' title='bbox 2133 2661 2473 2718; x_wconf 85' lang='lat' dir='ltr'><strong>lnordinatos</strong></span> <span class='ocrx_word' id='word_1_408' title='bbox 2511 2665 2659 2718; x_wconf 91' lang='lat' dir='ltr'><strong>enim</strong></span> <span class='ocrx_word' id='word_1_409' title='bbox 2700 2665 2997 2736; x_wconf 81' lang='lat' dir='ltr'><strong>Apostolus</strong></span> <span class='ocrx_word' id='word_1_410' title='bbox 3055 2681 3150 2720; x_wconf 88' lang='lat' dir='ltr'><strong>eos</strong></span> <span class='ocrx_word' id='word_1_411' title='bbox 3175 2673 3353 2731; x_wconf 86' lang='lat' dir='ltr'><strong>vocat,</strong></span> <span class='ocrx_word' id='word_1_412' title='bbox 3382 2667 3474 2735; x_wconf 87' lang='lat' dir='ltr'><strong>qui</strong></span> 
     </span>
    </p>
   </div>
   <div class='ocr_carea' id='block_1_63' title="bbox 1903 2754 3471 2826">
    <p class='ocr_par' dir='ltr' id='par_1_63' title="bbox 1903 2754 3471 2826">
     <span class='ocr_line' id='line_1_64' title="bbox 1903 2754 3471 2826; baseline 0.001 -19"><span class='ocrx_word' id='word_1_413' title='bbox 1903 2754 2037 2807; x_wconf 86' lang='lat' dir='ltr'><strong>nulli</strong></span> <span class='ocrx_word' id='word_1_414' title='bbox 2074 2754 2227 2823; x_wconf 88' lang='lat' dir='ltr'><strong>operi</strong></span> <span class='ocrx_word' id='word_1_415' title='bbox 2276 2756 2621 2811; x_wconf 84' lang='lat' dir='ltr'><strong>incumbunt.</strong></span> <span class='ocrx_word' id='word_1_416' title='bbox 2659 2757 2799 2811; x_wconf 87' lang='lat' dir='ltr'><strong>Nam</strong></span> <span class='ocrx_word' id='word_1_417' title='bbox 2854 2756 2947 2826; x_wconf 90' lang='lat' dir='ltr'><strong>qui</strong></span> <span class='ocrx_word' id='word_1_418' title='bbox 2986 2757 3334 2813; x_wconf 87' lang='lat' dir='ltr'><strong>inordinatus</strong></span> <span class='ocrx_word' id='word_1_419' title='bbox 3365 2765 3471 2824; x_wconf 86' lang='lat' dir='ltr'><strong>est,</strong></span> 
     </span>
    </p>
   </div>
   <div class='ocr_carea' id='block_1_64' title="bbox 1900 2838 3533 2920">
    <p class='ocr_par' dir='ltr' id='par_1_64' title="bbox 1900 2838 3533 2920">
     <span class='ocr_line' id='line_1_65' title="bbox 1900 2838 3533 2920; baseline 0.004 -22"><span class='ocrx_word' id='word_1_420' title='bbox 1900 2860 2093 2915; x_wconf 87' lang='lat' dir='ltr'><strong>parum</strong></span> <span class='ocrx_word' id='word_1_421' title='bbox 2148 2863 2406 2903; x_wconf 76' lang='lat' dir='ltr'><strong>reverens</strong></span> <span class='ocrx_word' id='word_1_422' title='bbox 2438 2859 2522 2904; x_wconf 89' lang='lat' dir='ltr'><strong>est</strong></span> <span class='ocrx_word' id='word_1_423' title='bbox 2565 2856 2621 2904; x_wconf 90' lang='lat' dir='ltr'><strong>et</strong></span> <span class='ocrx_word' id='word_1_424' title='bbox 2668 2849 3127 2920; x_wconf 85' lang='lat' dir='ltr'><strong>circumspectus.</strong></span> <span class='ocrx_word' id='word_1_425' title='bbox 3181 2857 3345 2919; x_wconf 89' lang='lat' dir='ltr'><strong>atque</strong></span> <span class='ocrx_word' id='word_1_426' title='bbox 3405 2849 3475 2904; x_wconf 89' lang='lat' dir='ltr'><strong>ad</strong></span> <span class='ocrx_word' id='word_1_427' title='bbox 3530 2838 3533 2843; x_wconf 65' lang='grc'><em>’</em></span> 
     </span>
    </p>
   </div>
   <div class='ocr_carea' id='block_1_65' title="bbox 1903 2937 3472 3013">
    <p class='ocr_par' dir='ltr' id='par_1_65' title="bbox 1903 2937 3472 3013">
     <span class='ocr_line' id='line_1_66' title="bbox 1903 2937 3472 3013; baseline 0.005 -23"><span class='ocrx_word' id='word_1_428' title='bbox 1903 2937 2231 3006; x_wconf 86' lang='lat' dir='ltr'><strong>loquendum</strong></span> <span class='ocrx_word' id='word_1_429' title='bbox 2256 2955 2480 3011; x_wconf 79' lang='lat' dir='ltr'><strong>procax,</strong></span> <span class='ocrx_word' id='word_1_430' title='bbox 2508 2949 2564 2996; x_wconf 92' lang='lat' dir='ltr'><strong>et</strong></span> <span class='ocrx_word' id='word_1_431' title='bbox 2591 2942 2657 2997; x_wconf 90' lang='lat' dir='ltr'><strong>ad</strong></span> <span class='ocrx_word' id='word_1_432' title='bbox 2689 2942 3129 2996; x_wconf 87' lang='lat' dir='ltr'><strong>maledicendum</strong></span> <span class='ocrx_word' id='word_1_433' title='bbox 3164 2941 3472 3013; x_wconf 84' lang='lat' dir='ltr'><strong>promptus,</strong></span> 
     </span>
    </p>
   </div>
   <div class='ocr_carea' id='block_1_66' title="bbox 1899 3030 3473 3105">
    <p class='ocr_par' dir='ltr' id='par_1_66' title="bbox 1899 3030 3473 3105">
     <span class='ocr_line' id='line_1_67' title="bbox 1899 3030 3473 3105; baseline 0.006 -23"><span class='ocrx_word' id='word_1_434' title='bbox 1899 3030 1964 3083; x_wconf 87' lang='lat' dir='ltr'><strong>ad</strong></span> <span class='ocrx_word' id='word_1_435' title='bbox 1997 3032 2297 3085; x_wconf 90' lang='lat' dir='ltr'><strong>solitariam</strong></span> <span class='ocrx_word' id='word_1_436' title='bbox 2317 3033 2487 3086; x_wconf 88' lang='lat' dir='ltr'><strong>vitam</strong></span> <span class='ocrx_word' id='word_1_437' title='bbox 2522 3034 2759 3105; x_wconf 90' lang='lat' dir='ltr'><strong>ineptus,</strong></span> <span class='ocrx_word' id='word_1_438' title='bbox 2789 3044 2842 3089; x_wconf 87' lang='lat' dir='ltr'><strong>et</strong></span> <span class='ocrx_word' id='word_1_439' title='bbox 2875 3035 3080 3090; x_wconf 71' lang='lat' dir='ltr'><strong>aeedize</strong></span> <span class='ocrx_word' id='word_1_440' title='bbox 3116 3035 3473 3105; x_wconf 87' lang='lat' dir='ltr'><strong>mancipium.</strong></span> 
     </span>
    </p>
   </div>
   <div class='ocr_carea' id='block_1_67' title="bbox 1898 3121 3477 3196">
    <p class='ocr_par' dir='ltr' id='par_1_67' title="bbox 1898 3121 3477 3196">
     <span class='ocr_line' id='line_1_68' title="bbox 1898 3121 3477 3196; baseline 0.005 -22"><span class='ocrx_word' id='word_1_441' title='bbox 1898 3121 2162 3187; x_wconf 83' lang='lat' dir='ltr'><strong>Quocirca</strong></span> <span class='ocrx_word' id='word_1_442' title='bbox 2213 3124 2460 3195; x_wconf 67' lang='lat' dir='ltr'><strong>praecipit</strong></span> <span class='ocrx_word' id='word_1_443' title='bbox 2491 3134 2549 3178; x_wconf 90' lang='lat' dir='ltr'><strong>ut</strong></span> <span class='ocrx_word' id='word_1_444' title='bbox 2575 3125 2642 3179; x_wconf 87' lang='lat' dir='ltr'><strong>ab</strong></span> <span class='ocrx_word' id='word_1_445' title='bbox 2675 3141 2741 3180; x_wconf 93' lang='lat' dir='ltr'><strong>eo</strong></span> <span class='ocrx_word' id='word_1_446' title='bbox 2779 3125 2980 3196; x_wconf 90' lang='lat' dir='ltr'><strong>reliqui</strong></span> <span class='ocrx_word' id='word_1_447' title='bbox 3030 3142 3087 3181; x_wconf 90' lang='lat' dir='ltr'><strong>se</strong></span> <span class='ocrx_word' id='word_1_448' title='bbox 3126 3127 3477 3194; x_wconf 81' lang='lat' dir='ltr'><strong>subtraham,</strong></span> 
     </span>
    </p>
   </div>
   <div class='ocr_carea' id='block_1_68' title="bbox 206 3211 1798 3289">
    <p class='ocr_par' dir='ltr' id='par_1_68' title="bbox 206 3211 1792 3285">
     <span class='ocr_line' id='line_1_69' title="bbox 206 3211 1792 3285; baseline -0.006 -14"><span class='ocrx_word' id='word_1_449' title='bbox 206 3215 337 3280; x_wconf 83' lang='grc' dir='ltr'>νοῦ,</span> <span class='ocrx_word' id='word_1_450' title='bbox 358 3220 388 3271; x_wconf 93' lang='lat'><strong>6</strong></span> <span class='ocrx_word' id='word_1_451' title='bbox 408 3216 584 3284; x_wconf 87' lang='grc' dir='ltr'>λέγων</span> <span class='ocrx_word' id='word_1_452' title='bbox 607 3217 698 3269; x_wconf 84' lang='grc' dir='ltr'><strong>τὸν</strong></span> <span class='ocrx_word' id='word_1_453' title='bbox 720 3215 921 3285; x_wconf 78' lang='grc' dir='ltr'>Κύριον</span> <span class='ocrx_word' id='word_1_454' title='bbox 945 3212 1370 3285; x_wconf 80' lang='grc' dir='ltr'>προστεταχέναι</span> <span class='ocrx_word' id='word_1_455' title='bbox 1396 3213 1510 3275; x_wconf 89' lang='grc' dir='ltr'>τοῖς</span> <span class='ocrx_word' id='word_1_456' title='bbox 1530 3211 1591 3264; x_wconf 80' lang='grc' dir='ltr'><strong>τὸ</strong></span> <span class='ocrx_word' id='word_1_457' title='bbox 1618 3211 1792 3279; x_wconf 81' lang='grc' dir='ltr'>Εὐαγ-</span> 
     </span>
    </p>
   </div>
   <div class='ocr_carea' id='block_1_69' title="bbox 1903 3211 3472 3289">
    <p class='ocr_par' dir='ltr' id='par_1_69' title="bbox 1903 3214 3472 3289">
     <span class='ocr_line' id='line_1_70' title="bbox 1903 3214 3472 3289; baseline 0.006 -22"><span class='ocrx_word' id='word_1_458' title='bbox 1903 3214 2003 3269; x_wconf 91' lang='lat' dir='ltr'><strong>hoc</strong></span> <span class='ocrx_word' id='word_1_459' title='bbox 2031 3223 2138 3280; x_wconf 86' lang='lat' dir='ltr'><strong>est,</strong></span> <span class='ocrx_word' id='word_1_460' title='bbox 2167 3224 2428 3285; x_wconf 89' lang='lat' dir='ltr'><strong>tanquam</strong></span> <span class='ocrx_word' id='word_1_461' title='bbox 2462 3233 2490 3271; x_wconf 92' lang='lat' dir='ltr'><strong>a</strong></span> <span class='ocrx_word' id='word_1_462' title='bbox 2520 3218 2787 3289; x_wconf 81' lang='lat' dir='ltr'><strong>pestifero</strong></span> <span class='ocrx_word' id='word_1_463' title='bbox 2817 3220 3012 3274; x_wconf 91' lang='lat' dir='ltr'><strong>morbo</strong></span> <span class='ocrx_word' id='word_1_464' title='bbox 3044 3235 3103 3273; x_wconf 90' lang='lat' dir='ltr'><strong>se</strong></span> <span class='ocrx_word' id='word_1_465' title='bbox 3137 3231 3472 3276; x_wconf 85' lang='lat' dir='ltr'><strong>removeam.</strong></span> 
     </span>
    </p>
   </div>
   <div class='ocr_carea' id='block_1_70' title="bbox 204 3298 1790 3377">
    <p class='ocr_par' dir='ltr' id='par_1_70' title="bbox 204 3298 1790 3377">
     <span class='ocr_line' id='line_1_71' title="bbox 204 3298 1790 3377; baseline -0.007 -14"><span class='ocrx_word' id='word_1_466' title='bbox 204 3310 403 3377; x_wconf 84' lang='grc' dir='ltr'>γέλιον</span> <span class='ocrx_word' id='word_1_467' title='bbox 432 3306 894 3376; x_wconf 79' lang='grc' dir='ltr'>καταγγέλλουσιν</span> <span class='ocrx_word' id='word_1_468' title='bbox 924 3306 988 3359; x_wconf 84' lang='grc' dir='ltr'>ὲκ</span> <span class='ocrx_word' id='word_1_469' title='bbox 1012 3302 1107 3357; x_wconf 83' lang='grc' dir='ltr'><strong>τοῦ</strong></span> <span class='ocrx_word' id='word_1_470' title='bbox 1158 3302 1487 3373; x_wconf 77' lang='grc' dir='ltr'>Εὐαγγελίου</span> <span class='ocrx_word' id='word_1_471' title='bbox 1521 3302 1641 3373; x_wconf 79' lang='grc' dir='ltr'>ζῇν,</span> <span class='ocrx_word' id='word_1_472' title='bbox 1672 3298 1790 3353; x_wconf 80' lang='grc' dir='ltr'>εἶτα</span> 
     </span>
    </p>
   </div>
   <div class='ocr_carea' id='block_1_71' title="bbox 206 3393 1792 3472">
    <p class='ocr_par' dir='ltr' id='par_1_71' title="bbox 206 3393 1792 3472">
     <span class='ocr_line' id='line_1_72' title="bbox 206 3393 1792 3472; baseline -0.006 -17"><span class='ocrx_word' id='word_1_473' title='bbox 206 3401 556 3472; x_wconf 83' lang='grc' dir='ltr'>σαφέστερον</span> <span class='ocrx_word' id='word_1_474' title='bbox 592 3399 856 3453; x_wconf 81' lang='grc' dir='ltr'>δεικνύων</span> <span class='ocrx_word' id='word_1_475' title='bbox 883 3398 984 3470; x_wconf 83' lang='grc' dir='ltr'><strong>τὴν</strong></span> <span class='ocrx_word' id='word_1_476' title='bbox 1013 3396 1344 3468; x_wconf 85' lang='grc' dir='ltr'>τικτομένην</span> <span class='ocrx_word' id='word_1_477' title='bbox 1382 3394 1590 3467; x_wconf 85' lang='grc' dir='ltr'>βλάϐην</span> <span class='ocrx_word' id='word_1_478' title='bbox 1618 3410 1634 3425; x_wconf 88' lang='grc'><strong>·</strong></span> <span class='ocrx_word' id='word_1_479' title='bbox 1682 3393 1792 3448; x_wconf 85' lang='grc' dir='ltr'><strong>ἀπὸ</strong></span> 
     </span>
    </p>
   </div>
   <div class='ocr_carea' id='block_1_72' title="bbox 202 3487 1787 3563">
    <p class='ocr_par' dir='ltr' id='par_1_72' title="bbox 202 3487 1787 3563">
     <span class='ocr_line' id='line_1_73' title="bbox 202 3487 1787 3563; baseline -0.005 -16"><span class='ocrx_word' id='word_1_480' title='bbox 202 3494 326 3563; x_wconf 78' lang='grc' dir='ltr'>γὰρ</span> <span class='ocrx_word' id='word_1_481' title='bbox 354 3492 558 3563; x_wconf 85' lang='grc' dir='ltr'>ἀργίας</span> <span class='ocrx_word' id='word_1_482' title='bbox 584 3490 900 3563; x_wconf 86' lang='grc' dir='ltr'>περιεργία,</span> <span class='ocrx_word' id='word_1_483' title='bbox 947 3489 1044 3544; x_wconf 80' lang='grc' dir='ltr'>καὶ</span> <span class='ocrx_word' id='word_1_484' title='bbox 1070 3489 1179 3543; x_wconf 84' lang='grc' dir='ltr'><strong>ἀπὸ</strong></span> <span class='ocrx_word' id='word_1_485' title='bbox 1216 3488 1538 3561; x_wconf 87' lang='grc' dir='ltr'>περιεργίας</span> <span class='ocrx_word' id='word_1_486' title='bbox 1568 3487 1787 3552; x_wconf 80' lang='grc' dir='ltr'>ἀταξία,</span> 
     </span>
    </p>
   </div>
   <div class='ocr_carea' id='block_1_73' title="bbox 203 3578 1789 3650">
    <p class='ocr_par' dir='ltr' id='par_1_73' title="bbox 203 3578 1789 3650">
     <span class='ocr_line' id='line_1_74' title="bbox 203 3578 1789 3650; baseline -0.007 -10"><span class='ocrx_word' id='word_1_487' title='bbox 203 3587 314 3641; x_wconf 74' lang='grc' dir='ltr'><strong>καὶ</strong></span> <span class='ocrx_word' id='word_1_488' title='bbox 344 3585 742 3650; x_wconf 78' lang='grc' dir='ltr'>ἀπδάταξίας,</span> <span class='ocrx_word' id='word_1_489' title='bbox 797 3584 948 3637; x_wconf 84' lang='grc' dir='ltr'>πᾶσα</span> <span class='ocrx_word' id='word_1_490' title='bbox 996 3580 1198 3635; x_wconf 86' lang='grc' dir='ltr'>κακία·</span> <span class='ocrx_word' id='word_1_491' title='bbox 1251 3600 1271 3632; x_wconf 86' lang='grc'><strong>‹</strong></span> <span class='ocrx_word' id='word_1_492' title='bbox 1328 3580 1395 3633; x_wconf 72' lang='lat' dir='ltr'><strong>Et</strong></span> <span class='ocrx_word' id='word_1_493' title='bbox 1426 3596 1514 3642; x_wconf 90' lang='grc' dir='ltr'><strong>τις</strong></span> <span class='ocrx_word' id='word_1_494' title='bbox 1556 3578 1618 3632; x_wconf 80' lang='grc' dir='ltr'>οὑ</span> <span class='ocrx_word' id='word_1_495' title='bbox 1646 3578 1789 3630; x_wconf 84' lang='grc' dir='ltr'>θέλει</span> 
     </span>
    </p>
   </div>
   <div class='ocr_carea' id='block_1_74' title="bbox 202 3672 1791 3751">
    <p class='ocr_par' dir='ltr' id='par_1_74' title="bbox 202 3672 1791 3751">
     <span class='ocr_line' id='line_1_75' title="bbox 202 3672 1791 3751; baseline -0.006 -19"><span class='ocrx_word' id='word_1_496' title='bbox 202 3678 573 3751; x_wconf 75' lang='grc' dir='ltr'>ἐργάζεσθαι,</span> <span class='ocrx_word' id='word_1_497' title='bbox 605 3678 739 3749; x_wconf 86' lang='grc' dir='ltr'>μηδὲ</span> <span class='ocrx_word' id='word_1_498' title='bbox 760 3676 1009 3730; x_wconf 82' lang='grc' dir='ltr'>ἐσθιέτω.</span> <span class='ocrx_word' id='word_1_499' title='bbox 1043 3695 1061 3728; x_wconf 70' lang='grc' dir='ltr'><strong>ι</strong></span> <span class='ocrx_word' id='word_1_500' title='bbox 1096 3674 1170 3729; x_wconf 83' lang='grc' dir='ltr'>Οὐ</span> <span class='ocrx_word' id='word_1_501' title='bbox 1219 3673 1380 3745; x_wconf 89' lang='grc' dir='ltr'>μόνον</span> <span class='ocrx_word' id='word_1_502' title='bbox 1407 3673 1516 3744; x_wconf 79' lang='grc' dir='ltr'><strong>γὰρ</strong></span> <span class='ocrx_word' id='word_1_503' title='bbox 1539 3672 1637 3741; x_wconf 78' lang='grc' dir='ltr'><strong>τῆς</strong></span> <span class='ocrx_word' id='word_1_504' title='bbox 1667 3672 1791 3724; x_wconf 80' lang='grc' dir='ltr'>ἐαυ-</span> 
     </span>
    </p>
   </div>
   <div class='ocr_carea' id='block_1_75' title="bbox 201 3764 1789 3841">
    <p class='ocr_par' dir='ltr' id='par_1_75' title="bbox 201 3764 1789 3841">
     <span class='ocr_line' id='line_1_76' title="bbox 201 3764 1789 3841; baseline -0.007 -15"><span class='ocrx_word' id='word_1_505' title='bbox 201 3774 323 3826; x_wconf 85' lang='grc' dir='ltr'>τῶν</span> <span class='ocrx_word' id='word_1_506' title='bbox 352 3770 544 3841; x_wconf 85' lang='grc' dir='ltr'>χρείας</span> <span class='ocrx_word' id='word_1_507' title='bbox 573 3770 761 3823; x_wconf 74' lang='grc' dir='ltr'>ἕνεκεν</span> <span class='ocrx_word' id='word_1_508' title='bbox 794 3767 1145 3840; x_wconf 78' lang='grc' dir='ltr'>ἐργάζονται,</span> <span class='ocrx_word' id='word_1_509' title='bbox 1171 3765 1308 3819; x_wconf 83' lang='grc' dir='ltr'><strong>ἀλλά</strong></span> <span class='ocrx_word' id='word_1_510' title='bbox 1343 3767 1438 3818; x_wconf 73' lang='grc' dir='ltr'><strong>καὶ</strong></span> <span class='ocrx_word' id='word_1_511' title='bbox 1470 3765 1667 3829; x_wconf 82' lang='grc' dir='ltr'>ξένοις,</span> <span class='ocrx_word' id='word_1_512' title='bbox 1693 3764 1789 3816; x_wconf 73' lang='grc' dir='ltr'>καὶ</span> 
     </span>
    </p>
   </div>
   <div class='ocr_carea' id='block_1_76' title="bbox 202 3854 1787 3932">
    <p class='ocr_par' dir='ltr' id='par_1_76' title="bbox 202 3854 1787 3932">
     <span class='ocr_line' id='line_1_77' title="bbox 202 3854 1787 3932; baseline -0.006 -17"><span class='ocrx_word' id='word_1_513' title='bbox 202 3863 477 3932; x_wconf 79' lang='grc' dir='ltr'>πτωχοῖς,</span> <span class='ocrx_word' id='word_1_514' title='bbox 508 3861 605 3913; x_wconf 73' lang='grc' dir='ltr'><strong>καῖ</strong></span> <span class='ocrx_word' id='word_1_515' title='bbox 642 3862 752 3922; x_wconf 87' lang='grc' dir='ltr'>τοῖς</span> <span class='ocrx_word' id='word_1_516' title='bbox 797 3861 857 3912; x_wconf 84' lang='grc' dir='ltr'><strong>ἐν</strong></span> <span class='ocrx_word' id='word_1_517' title='bbox 899 3858 1172 3928; x_wconf 81' lang='grc' dir='ltr'>φυλακαῖς</span> <span class='ocrx_word' id='word_1_518' title='bbox 1202 3859 1265 3909; x_wconf 86' lang='grc' dir='ltr'><strong>ἐκ</strong></span> <span class='ocrx_word' id='word_1_519' title='bbox 1298 3855 1394 3909; x_wconf 89' lang='grc' dir='ltr'><strong>τοῦ</strong></span> <span class='ocrx_word' id='word_1_520' title='bbox 1448 3855 1579 3908; x_wconf 85' lang='grc' dir='ltr'>ίδίου</span> <span class='ocrx_word' id='word_1_521' title='bbox 1620 3854 1787 3924; x_wconf 77' lang='grc' dir='ltr'>ἔργου</span> 
     </span>
    </p>
   </div>
   <div class='ocr_carea' id='block_1_77' title="bbox 200 3946 1779 4024">
    <p class='ocr_par' dir='ltr' id='par_1_77' title="bbox 200 3946 1779 4024">
     <span class='ocr_line' id='line_1_78' title="bbox 200 3946 1779 4024; baseline -0.007 -16"><span class='ocrx_word' id='word_1_522' title='bbox 200 3952 398 4008; x_wconf 73' lang='grc' dir='ltr'>αὐτῶν</span> <span class='ocrx_word' id='word_1_523' title='bbox 455 3952 881 4024; x_wconf 83' lang='grc' dir='ltr'>ἐπιχορηγοῦσι,</span> <span class='ocrx_word' id='word_1_524' title='bbox 956 3951 1306 4012; x_wconf 85' lang='grc' dir='ltr'>πιστεύοντες</span> <span class='ocrx_word' id='word_1_525' title='bbox 1362 3948 1463 4018; x_wconf 86' lang='grc' dir='ltr'><strong>τὴν</strong></span> <span class='ocrx_word' id='word_1_526' title='bbox 1524 3946 1779 4017; x_wconf 83' lang='grc' dir='ltr'>τοιαύτην</span> 
     </span>
    </p>
   </div>
   <div class='ocr_carea' id='block_1_78' title="bbox 201 4037 1790 4113">
    <p class='ocr_par' dir='ltr' id='par_1_78' title="bbox 201 4037 1790 4113">
     <span class='ocr_line' id='line_1_79' title="bbox 201 4037 1790 4113; baseline -0.004 -15"><span class='ocrx_word' id='word_1_527' title='bbox 201 4046 465 4099; x_wconf 74' lang='grc' dir='ltr'>εὐποιΐαν</span> <span class='ocrx_word' id='word_1_528' title='bbox 500 4043 689 4098; x_wconf 89' lang='grc' dir='ltr'>θυσίαν</span> <span class='ocrx_word' id='word_1_529' title='bbox 718 4043 880 4112; x_wconf 85' lang='grc' dir='ltr'>ἁγίαν</span> <span class='ocrx_word' id='word_1_530' title='bbox 910 4042 1312 4113; x_wconf 83' lang='grc' dir='ltr'>εὐπρόσδεκτον</span> <span class='ocrx_word' id='word_1_531' title='bbox 1365 4039 1444 4109; x_wconf 84' lang='grc' dir='ltr'>τῷ</span> <span class='ocrx_word' id='word_1_532' title='bbox 1476 4037 1597 4109; x_wconf 84' lang='grc' dir='ltr'>Θεῷ</span> <span class='ocrx_word' id='word_1_533' title='bbox 1641 4039 1790 4108; x_wconf 81' lang='grc' dir='ltr'>γίνε-</span> 
     </span>
    </p>
   </div>
   <div class='ocr_carea' id='block_1_79' title="bbox 202 4131 1788 4204">
    <p class='ocr_par' dir='ltr' id='par_1_79' title="bbox 202 4131 1788 4204">
     <span class='ocr_line' id='line_1_80' title="bbox 202 4131 1788 4204; baseline -0.004 -14"><span class='ocrx_word' id='word_1_534' title='bbox 202 4139 363 4190; x_wconf 84' lang='grc' dir='ltr'>σθαι.</span> <span class='ocrx_word' id='word_1_535' title='bbox 389 4136 501 4188; x_wconf 77' lang='grc' dir='ltr'>Καὶ</span> <span class='ocrx_word' id='word_1_536' title='bbox 524 4135 685 4189; x_wconf 87' lang='grc' dir='ltr'>τοῦτο</span> <span class='ocrx_word' id='word_1_537' title='bbox 710 4135 766 4189; x_wconf 80' lang='grc' dir='ltr'>δὲ</span> <span class='ocrx_word' id='word_1_538' title='bbox 797 4134 1049 4203; x_wconf 85' lang='grc' dir='ltr'>λέγουσιν</span> <span class='ocrx_word' id='word_1_539' title='bbox 1082 4134 1131 4186; x_wconf 77' lang='lat' dir='ltr'><strong>oi</strong></span> <span class='ocrx_word' id='word_1_540' title='bbox 1161 4132 1428 4204; x_wconf 86' lang='grc' dir='ltr'>Πατέρες,</span> <span class='ocrx_word' id='word_1_541' title='bbox 1460 4131 1541 4185; x_wconf 86' lang='grc' dir='ltr'>ὅτι</span> <span class='ocrx_word' id='word_1_542' title='bbox 1565 4133 1593 4184; x_wconf 91' lang='lat'><strong>6</strong></span> <span class='ocrx_word' id='word_1_543' title='bbox 1618 4132 1788 4201; x_wconf 88' lang='grc' dir='ltr'>ἐργα-</span> 
     </span>
    </p>
   </div>
   <div class='ocr_carea' id='block_1_80' title="bbox 199 4219 1787 4299">
    <p class='ocr_par' dir='ltr' id='par_1_80' title="bbox 199 4219 1787 4299">
     <span class='ocr_line' id='line_1_81' title="bbox 199 4219 1787 4299; baseline -0.006 -17"><span class='ocrx_word' id='word_1_544' title='bbox 199 4229 443 4299; x_wconf 78' lang='grc' dir='ltr'>ζόμενος</span> <span class='ocrx_word' id='word_1_545' title='bbox 470 4228 551 4282; x_wconf 67' lang='grc' dir='ltr'>ἐν).</span> <span class='ocrx_word' id='word_1_546' title='bbox 573 4227 785 4297; x_wconf 82' lang='grc' dir='ltr'>δαίμονι</span> <span class='ocrx_word' id='word_1_547' title='bbox 812 4224 1071 4289; x_wconf 85' lang='grc' dir='ltr'>πολλάκις</span> <span class='ocrx_word' id='word_1_548' title='bbox 1093 4224 1343 4295; x_wconf 89' lang='grc' dir='ltr'>πολεμεῖ,</span> <span class='ocrx_word' id='word_1_549' title='bbox 1387 4223 1483 4276; x_wconf 78' lang='grc' dir='ltr'><strong>καὶ</strong></span> <span class='ocrx_word' id='word_1_550' title='bbox 1505 4221 1598 4275; x_wconf 82' lang='grc' dir='ltr'>ὑπ’</span> <span class='ocrx_word' id='word_1_551' title='bbox 1622 4219 1787 4275; x_wconf 83' lang='grc' dir='ltr'>αὑτοῦ</span> 
     </span>
    </p>
   </div>
   <div class='ocr_carea' id='block_1_81' title="bbox 199 4313 1788 4387">
    <p class='ocr_par' dir='ltr' id='par_1_81' title="bbox 199 4313 1788 4387">
     <span class='ocr_line' id='line_1_82' title="bbox 199 4313 1788 4387; baseline -0.003 -14"><span class='ocrx_word' id='word_1_552' title='bbox 199 4320 494 4373; x_wconf 71' lang='grc' dir='ltr'>θλίϐεται·</span> <span class='ocrx_word' id='word_1_553' title='bbox 551 4321 578 4372; x_wconf 91' lang='grc' dir='ltr'><strong>ὀ</strong></span> <span class='ocrx_word' id='word_1_554' title='bbox 627 4318 685 4372; x_wconf 81' lang='grc' dir='ltr'>δὲ</span> <span class='ocrx_word' id='word_1_555' title='bbox 755 4317 954 4387; x_wconf 84' lang='grc' dir='ltr'>ἀεργὸς</span> <span class='ocrx_word' id='word_1_556' title='bbox 1025 4316 1129 4370; x_wconf 81' lang='grc' dir='ltr'>ὑπὸ</span> <span class='ocrx_word' id='word_1_557' title='bbox 1193 4313 1408 4386; x_wconf 85' lang='grc' dir='ltr'>μυρίων</span> <span class='ocrx_word' id='word_1_558' title='bbox 1458 4314 1788 4384; x_wconf 86' lang='grc' dir='ltr'>πνευμάτων</span> 
     </span>
    </p>
   </div>
   <div class='ocr_carea' id='block_1_82' title="bbox 197 4405 1787 4483">
    <p class='ocr_par' dir='ltr' id='par_1_82' title="bbox 197 4405 1787 4483">
     <span class='ocr_line' id='line_1_83' title="bbox 197 4405 1787 4483; baseline -0.005 -16"><span class='ocrx_word' id='word_1_559' title='bbox 197 4412 694 4483; x_wconf 75' lang='grc' dir='ltr'>αίχμαλωτίζεται.</span> <span class='ocrx_word' id='word_1_560' title='bbox 712 4411 855 4463; x_wconf 88' lang='grc' dir='ltr'><strong>-Ὀ</strong></span> <span class='ocrx_word' id='word_1_561' title='bbox 884 4406 1213 4478; x_wconf 80' lang='grc' dir='ltr'>ἀκηδιαστὴς</span> <span class='ocrx_word' id='word_1_562' title='bbox 1238 4407 1386 4477; x_wconf 90' lang='grc' dir='ltr'>μισεῖ</span> <span class='ocrx_word' id='word_1_563' title='bbox 1407 4405 1506 4476; x_wconf 80' lang='grc' dir='ltr'><strong>μὲν</strong></span> <span class='ocrx_word' id='word_1_564' title='bbox 1539 4406 1608 4459; x_wconf 83' lang='grc' dir='ltr'>τὰ</span> <span class='ocrx_word' id='word_1_565' title='bbox 1647 4423 1787 4477; x_wconf 85' lang='grc' dir='ltr'>παρ-</span> 
     </span>
    </p>
   </div>
   <div class='ocr_carea' id='block_1_83' title="bbox 196 4499 1241 4572">
    <p class='ocr_par' dir='ltr' id='par_1_83' title="bbox 196 4499 1241 4572">
     <span class='ocr_line' id='line_1_84' title="bbox 196 4499 1241 4572; baseline -0.005 -15"><span class='ocrx_word' id='word_1_566' title='bbox 196 4505 361 4566; x_wconf 79' lang='grc' dir='ltr'>όντα,</span> <span class='ocrx_word' id='word_1_567' title='bbox 402 4503 656 4572; x_wconf 83' lang='grc' dir='ltr'>ἐπιθυμεῖ</span> <span class='ocrx_word' id='word_1_568' title='bbox 684 4502 742 4556; x_wconf 80' lang='grc' dir='ltr'><strong>δέ</strong></span> <span class='ocrx_word' id='word_1_569' title='bbox 766 4502 835 4554; x_wconf 80' lang='grc' dir='ltr'>τὰ</span> <span class='ocrx_word' id='word_1_570' title='bbox 869 4500 944 4571; x_wconf 80' lang='grc' dir='ltr'>μὴ</span> <span class='ocrx_word' id='word_1_571' title='bbox 976 4499 1241 4570; x_wconf 83' lang='grc' dir='ltr'>παρόντα.</span> 
     </span>
    </p>
   </div>
   <div class='ocr_carea' id='block_1_84' title="bbox 1901 3306 3474 3381">
    <p class='ocr_par' dir='ltr' id='par_1_84' title="bbox 1901 3306 3474 3381">
     <span class='ocr_line' id='line_1_85' title="bbox 1901 3306 3474 3381; baseline 0.004 -22"><span class='ocrx_word' id='word_1_572' title='bbox 1901 3326 1920 3359; x_wconf 77' lang='grc' dir='ltr'><strong>ι</strong></span> <span class='ocrx_word' id='word_1_573' title='bbox 1956 3306 2143 3365; x_wconf 88' lang='lat' dir='ltr'><strong>Gratis</strong></span> <span class='ocrx_word' id='word_1_574' title='bbox 2180 3310 2386 3366; x_wconf 91' lang='lat' dir='ltr'><strong>nullius</strong></span> <span class='ocrx_word' id='word_1_575' title='bbox 2411 3324 2607 3380; x_wconf 89' lang='lat' dir='ltr'><strong>panem</strong></span> <span class='ocrx_word' id='word_1_576' title='bbox 2651 3310 3130 3374; x_wconf 80' lang='lat' dir='ltr'><strong>manducavinius,</strong></span> <span class='ocrx_word' id='word_1_577' title='bbox 3155 3310 3350 3381; x_wconf 90' lang='lat' dir='ltr'><strong>inquit,</strong></span> <span class='ocrx_word' id='word_1_578' title='bbox 3377 3311 3474 3367; x_wconf 86' lang='lat' dir='ltr'><strong>sed</strong></span> 
     </span>
    </p>
   </div>
   <div class='ocr_carea' id='block_1_85' title="bbox 1892 3399 3474 3472">
    <p class='ocr_par' dir='ltr' id='par_1_85' title="bbox 1892 3399 3474 3472">
     <span class='ocr_line' id='line_1_86' title="bbox 1892 3399 3474 3472; baseline 0.004 -20"><span class='ocrx_word' id='word_1_579' title='bbox 1892 3399 1947 3453; x_wconf 91' lang='lat' dir='ltr'><strong>in</strong></span> <span class='ocrx_word' id='word_1_580' title='bbox 1990 3400 2178 3456; x_wconf 88' lang='lat' dir='ltr'><strong>labore</strong></span> <span class='ocrx_word' id='word_1_581' title='bbox 2199 3410 2254 3455; x_wconf 90' lang='lat' dir='ltr'><strong>et</strong></span> <span class='ocrx_word' id='word_1_582' title='bbox 2303 3416 2573 3463; x_wconf 70' lang='lat' dir='ltr'><strong>aerumna.</strong></span> <span class='ocrx_word' id='word_1_583' title='bbox 2611 3411 2769 3457; x_wconf 86' lang='lat' dir='ltr'><strong>nocte</strong></span> <span class='ocrx_word' id='word_1_584' title='bbox 2824 3410 2878 3456; x_wconf 89' lang='lat' dir='ltr'><strong>et</strong></span> <span class='ocrx_word' id='word_1_585' title='bbox 2908 3401 2996 3456; x_wconf 90' lang='lat' dir='ltr'><strong>die</strong></span> <span class='ocrx_word' id='word_1_586' title='bbox 3040 3412 3352 3472; x_wconf 87' lang='lat' dir='ltr'><strong>operantes,</strong></span> <span class='ocrx_word' id='word_1_587' title='bbox 3404 3419 3474 3458; x_wconf 90' lang='lat' dir='ltr'><strong>ne</strong></span> 
     </span>
    </p>
   </div>
   <div class='ocr_carea' id='block_1_86' title="bbox 1892 3491 3471 3564">
    <p class='ocr_par' dir='ltr' id='par_1_86' title="bbox 1892 3491 3471 3564">
     <span class='ocr_line' id='line_1_87' title="bbox 1892 3491 3471 3564; baseline 0.003 -19"><span class='ocrx_word' id='word_1_588' title='bbox 1892 3506 2229 3562; x_wconf 85' lang='lat' dir='ltr'><strong>quemquam</strong></span> <span class='ocrx_word' id='word_1_589' title='bbox 2288 3507 2670 3562; x_wconf 79' lang='lat' dir='ltr'><strong>gravaremus.</strong></span> <span class='ocrx_word' id='word_1_590' title='bbox 2703 3512 2722 3544; x_wconf 75' lang='grc' dir='ltr'><strong>ι</strong></span> <span class='ocrx_word' id='word_1_591' title='bbox 2763 3491 2888 3547; x_wconf 72' lang='lat' dir='ltr'><strong>Haec</strong></span> <span class='ocrx_word' id='word_1_592' title='bbox 2935 3495 3181 3564; x_wconf 78' lang='lat' dir='ltr'><strong>gentium</strong></span> <span class='ocrx_word' id='word_1_593' title='bbox 3241 3495 3471 3561; x_wconf 87' lang='lat' dir='ltr'><strong>doctor;</strong></span> 
     </span>
    </p>
   </div>
   <div class='ocr_carea' id='block_1_87' title="bbox 1896 3582 3469 3655">
    <p class='ocr_par' dir='ltr' id='par_1_87' title="bbox 1896 3582 3469 3655">
     <span class='ocr_line' id='line_1_88' title="bbox 1896 3582 3469 3655; baseline 0.002 -19"><span class='ocrx_word' id='word_1_594' title='bbox 1896 3583 2008 3638; x_wconf 68' lang='lat' dir='ltr'><strong>haec</strong></span> <span class='ocrx_word' id='word_1_595' title='bbox 2038 3583 2128 3638; x_wconf 91' lang='lat' dir='ltr'><strong>ille</strong></span> <span class='ocrx_word' id='word_1_596' title='bbox 2160 3582 2440 3654; x_wconf 83' lang='lat' dir='ltr'><strong>Evangelii</strong></span> <span class='ocrx_word' id='word_1_597' title='bbox 2481 3599 2679 3655; x_wconf 74' lang='lat' dir='ltr'><strong>przeco,</strong></span> <span class='ocrx_word' id='word_1_598' title='bbox 2705 3584 2796 3638; x_wconf 89' lang='lat' dir='ltr'><strong>ille</strong></span> <span class='ocrx_word' id='word_1_599' title='bbox 2825 3585 2915 3654; x_wconf 92' lang='lat' dir='ltr'><strong>qui</strong></span> <span class='ocrx_word' id='word_1_600' title='bbox 2940 3584 3005 3637; x_wconf 86' lang='lat' dir='ltr'><strong>ad</strong></span> <span class='ocrx_word' id='word_1_601' title='bbox 3030 3584 3243 3639; x_wconf 86' lang='lat' dir='ltr'><strong>tertium</strong></span> <span class='ocrx_word' id='word_1_602' title='bbox 3271 3587 3469 3640; x_wconf 74' lang='lat' dir='ltr'><strong>coelum</strong></span> 
     </span>
    </p>
   </div>
   <div class='ocr_carea' id='block_1_88' title="bbox 1893 3674 3470 3746">
    <p class='ocr_par' dir='ltr' id='par_1_88' title="bbox 1893 3674 3470 3746">
     <span class='ocr_line' id='line_1_89' title="bbox 1893 3674 3470 3746; baseline -0.001 -16"><span class='ocrx_word' id='word_1_603' title='bbox 1893 3676 2145 3730; x_wconf 88' lang='lat' dir='ltr'><strong>sublatus</strong></span> <span class='ocrx_word' id='word_1_604' title='bbox 2186 3675 2312 3739; x_wconf 85' lang='lat' dir='ltr'><strong>fuit,</strong></span> <span class='ocrx_word' id='word_1_605' title='bbox 2347 3674 2443 3744; x_wconf 85' lang='lat' dir='ltr'><strong>qui</strong></span> <span class='ocrx_word' id='word_1_606' title='bbox 2480 3675 2558 3729; x_wconf 89' lang='lat' dir='ltr'><strong>ait</strong></span> <span class='ocrx_word' id='word_1_607' title='bbox 2594 3675 2882 3729; x_wconf 89' lang='lat' dir='ltr'><strong>Dominum</strong></span> <span class='ocrx_word' id='word_1_608' title='bbox 2915 3677 3240 3745; x_wconf 68' lang='lat' dir='ltr'><strong>praecepisse</strong></span> <span class='ocrx_word' id='word_1_609' title='bbox 3278 3675 3346 3730; x_wconf 91' lang='lat' dir='ltr'><strong>iis</strong></span> <span class='ocrx_word' id='word_1_610' title='bbox 3374 3675 3470 3746; x_wconf 89' lang='lat' dir='ltr'><strong>qui</strong></span> 
     </span>
    </p>
   </div>
   <div class='ocr_carea' id='block_1_89' title="bbox 1894 3766 3472 3838">
    <p class='ocr_par' dir='ltr' id='par_1_89' title="bbox 1894 3766 3472 3838">
     <span class='ocr_line' id='line_1_90' title="bbox 1894 3766 3472 3838; baseline 0.001 -18"><span class='ocrx_word' id='word_1_611' title='bbox 1894 3766 2193 3837; x_wconf 68' lang='lat' dir='ltr'><strong>praedicant</strong></span> <span class='ocrx_word' id='word_1_612' title='bbox 2242 3766 2624 3836; x_wconf 85' lang='lat' dir='ltr'><strong>Evangelium,</strong></span> <span class='ocrx_word' id='word_1_613' title='bbox 2658 3774 2717 3821; x_wconf 95' lang='lat' dir='ltr'><strong>ut</strong></span> <span class='ocrx_word' id='word_1_614' title='bbox 2762 3767 2833 3822; x_wconf 88' lang='lat' dir='ltr'><strong>de</strong></span> <span class='ocrx_word' id='word_1_615' title='bbox 2890 3768 3189 3838; x_wconf 77' lang='lat' dir='ltr'><strong>Evangelio</strong></span> <span class='ocrx_word' id='word_1_616' title='bbox 3218 3768 3472 3822; x_wconf 83' lang='lat' dir='ltr'><strong>viverent</strong></span> 
     </span>
    </p>
   </div>
   <div class='ocr_carea' id='block_1_90' title="bbox 1890 3858 3468 3931">
    <p class='ocr_par' dir='ltr' id='par_1_90' title="bbox 1890 3858 3468 3931">
     <span class='ocr_line' id='line_1_91' title="bbox 1890 3858 3468 3931; baseline 0.001 -19"><span class='ocrx_word' id='word_1_617' title='bbox 1890 3858 1945 3924; x_wconf 89' lang='grc' dir='ltr'><strong>(Ι</strong></span> <span class='ocrx_word' id='word_1_618' title='bbox 1975 3859 2099 3914; x_wconf 87' lang='lat' dir='ltr'><strong>Cor.</strong></span> <span class='ocrx_word' id='word_1_619' title='bbox 2135 3875 2209 3925; x_wconf 83' lang='lat' dir='ltr'><strong>Ix,</strong></span> <span class='ocrx_word' id='word_1_620' title='bbox 2233 3859 2344 3931; x_wconf 70' lang='grc'><strong>14).</strong></span> <span class='ocrx_word' id='word_1_621' title='bbox 2374 3859 2578 3915; x_wconf 90' lang='lat' dir='ltr'><strong>Deinde</strong></span> <span class='ocrx_word' id='word_1_622' title='bbox 2609 3860 2851 3930; x_wconf 85' lang='lat' dir='ltr'><strong>apertius</strong></span> <span class='ocrx_word' id='word_1_623' title='bbox 2877 3860 3170 3914; x_wconf 89' lang='lat' dir='ltr'><strong>ostendens</strong></span> <span class='ocrx_word' id='word_1_624' title='bbox 3203 3868 3468 3930; x_wconf 87' lang='lat' dir='ltr'><strong>quantum</strong></span> 
     </span>
    </p>
   </div>
   <div class='ocr_carea' id='block_1_91' title="bbox 1890 3938 3469 4020">
    <p class='ocr_par' dir='ltr' id='par_1_91' title="bbox 1890 3938 3469 4020">
     <span class='ocr_line' id='line_1_92' title="bbox 1890 3938 3469 4020; baseline 0.001 -19"><span class='ocrx_word' id='word_1_625' title='bbox 1890 3938 2200 4003; x_wconf 79' lang='lat' dir='ltr'><strong>detrimenti</strong></span> <span class='ocrx_word' id='word_1_626' title='bbox 2235 3948 2447 4005; x_wconf 90' lang='lat' dir='ltr'><strong>desidia</strong></span> <span class='ocrx_word' id='word_1_627' title='bbox 2480 3949 2655 4020; x_wconf 90' lang='lat' dir='ltr'><strong>pariat</strong></span> <span class='ocrx_word' id='word_1_628' title='bbox 2686 3948 2977 4020; x_wconf 86' lang='lat' dir='ltr'><strong>(siquidem</strong></span> <span class='ocrx_word' id='word_1_629' title='bbox 3015 3965 3081 4004; x_wconf 83' lang='lat' dir='ltr'><strong>ex</strong></span> <span class='ocrx_word' id='word_1_630' title='bbox 3118 3948 3332 4004; x_wconf 89' lang='lat' dir='ltr'><strong>desidia</strong></span> <span class='ocrx_word' id='word_1_631' title='bbox 3369 3965 3469 4003; x_wconf 88' lang='lat' dir='ltr'><strong>cu-</strong></span> 
     </span>
    </p>
   </div>
   <div class='ocr_carea' id='block_1_92' title="bbox 1888 4040 3464 4111">
    <p class='ocr_par' dir='ltr' id='par_1_92' title="bbox 1888 4040 3464 4111">
     <span class='ocr_line' id='line_1_93' title="bbox 1888 4040 3464 4111; baseline 0.001 -17"><span class='ocrx_word' id='word_1_632' title='bbox 1888 4040 2113 4097; x_wconf 88' lang='lat' dir='ltr'><strong>riositas</strong></span> <span class='ocrx_word' id='word_1_633' title='bbox 2147 4041 2349 4105; x_wconf 89' lang='lat' dir='ltr'><strong>oritur,</strong></span> <span class='ocrx_word' id='word_1_634' title='bbox 2379 4057 2444 4096; x_wconf 83' lang='lat' dir='ltr'><strong>ex</strong></span> <span class='ocrx_word' id='word_1_635' title='bbox 2499 4041 2823 4105; x_wconf 81' lang='lat' dir='ltr'><strong>curiositate</strong></span> <span class='ocrx_word' id='word_1_636' title='bbox 2858 4041 3203 4111; x_wconf 59' lang='lat' dir='ltr'><strong>perturbatio</strong></span> <span class='ocrx_word' id='word_1_637' title='bbox 3232 4040 3464 4106; x_wconf 90' lang='lat' dir='ltr'><strong>ordinis,</strong></span> 
     </span>
    </p>
   </div>
   <div class='ocr_carea' id='block_1_93' title="bbox 1892 4134 3468 4206">
    <p class='ocr_par' dir='ltr' id='par_1_93' title="bbox 1892 4134 3468 4206">
     <span class='ocr_line' id='line_1_94' title="bbox 1892 4134 3468 4206; baseline 0.001 -20"><span class='ocrx_word' id='word_1_638' title='bbox 1892 4141 1946 4187; x_wconf 92' lang='lat' dir='ltr'><strong>et</strong></span> <span class='ocrx_word' id='word_1_639' title='bbox 1994 4148 2059 4188; x_wconf 77' lang='lat' dir='ltr'><strong>ex</strong></span> <span class='ocrx_word' id='word_1_640' title='bbox 2096 4134 2313 4189; x_wconf 92' lang='lat' dir='ltr'><strong>ordinis</strong></span> <span class='ocrx_word' id='word_1_641' title='bbox 2354 4138 2766 4206; x_wconf 88' lang='lat' dir='ltr'><strong>perturbatione</strong></span> <span class='ocrx_word' id='word_1_642' title='bbox 2810 4137 3016 4189; x_wconf 88' lang='lat' dir='ltr'><strong>nullum</strong></span> <span class='ocrx_word' id='word_1_643' title='bbox 3062 4150 3173 4189; x_wconf 92' lang='lat' dir='ltr'><strong>non</strong></span> <span class='ocrx_word' id='word_1_644' title='bbox 3206 4134 3331 4189; x_wconf 90' lang='lat' dir='ltr'><strong>mali</strong></span> <span class='ocrx_word' id='word_1_645' title='bbox 3372 4150 3468 4205; x_wconf 81' lang='lat' dir='ltr'><strong>ge-</strong></span> 
     </span>
    </p>
   </div>
   <div class='ocr_carea' id='block_1_94' title="bbox 1890 4223 3469 4296">
    <p class='ocr_par' dir='ltr' id='par_1_94' title="bbox 1890 4223 3469 4296">
     <span class='ocr_line' id='line_1_95' title="bbox 1890 4223 3469 4296; baseline -0.001 -16"><span class='ocrx_word' id='word_1_646' title='bbox 1890 4226 2012 4295; x_wconf 84' lang='lat' dir='ltr'><strong>nus)</strong></span> <span class='ocrx_word' id='word_1_647' title='bbox 2045 4244 2059 4281; x_wconf 88' lang='lat'><strong>:</strong></span> <span class='ocrx_word' id='word_1_648' title='bbox 2101 4244 2120 4278; x_wconf 74' lang='lat' dir='ltr'><strong>c</strong></span> <span class='ocrx_word' id='word_1_649' title='bbox 2146 4224 2202 4281; x_wconf 87' lang='lat' dir='ltr'><strong>Si</strong></span> <span class='ocrx_word' id='word_1_650' title='bbox 2236 4226 2384 4295; x_wconf 91' lang='lat' dir='ltr'><strong>quis,</strong></span> <span class='ocrx_word' id='word_1_651' title='bbox 2410 4226 2609 4296; x_wconf 87' lang='lat' dir='ltr'><strong>inquit,</strong></span> <span class='ocrx_word' id='word_1_652' title='bbox 2639 4242 2745 4280; x_wconf 92' lang='lat' dir='ltr'><strong>non</strong></span> <span class='ocrx_word' id='word_1_653' title='bbox 2768 4227 2881 4280; x_wconf 90' lang='lat' dir='ltr'><strong>vult</strong></span> <span class='ocrx_word' id='word_1_654' title='bbox 2914 4223 3156 4295; x_wconf 89' lang='lat' dir='ltr'><strong>operari,</strong></span> <span class='ocrx_word' id='word_1_655' title='bbox 3183 4239 3293 4279; x_wconf 92' lang='lat' dir='ltr'><strong>non</strong></span> <span class='ocrx_word' id='word_1_656' title='bbox 3318 4240 3469 4278; x_wconf 85' lang='lat' dir='ltr'><strong>man-</strong></span> 
     </span>
    </p>
   </div>
   <div class='ocr_carea' id='block_1_95' title="bbox 1889 4316 3466 4374">
    <p class='ocr_par' dir='ltr' id='par_1_95' title="bbox 1889 4316 3466 4374">
     <span class='ocr_line' id='line_1_96' title="bbox 1889 4316 3466 4374; baseline 0 -2"><span class='ocrx_word' id='word_1_657' title='bbox 1889 4317 2073 4373; x_wconf 90' lang='lat' dir='ltr'><strong>ducet.</strong></span> <span class='ocrx_word' id='word_1_658' title='bbox 2117 4336 2137 4367; x_wconf 64' lang='lat'><strong><em>»</em></strong></span> <span class='ocrx_word' id='word_1_659' title='bbox 2165 4316 2283 4372; x_wconf 66' lang='lat' dir='ltr'><strong>Von</strong></span> <span class='ocrx_word' id='word_1_660' title='bbox 2327 4318 2507 4373; x_wconf 88' lang='lat' dir='ltr'><strong>solum</strong></span> <span class='ocrx_word' id='word_1_661' title='bbox 2563 4319 2709 4373; x_wconf 89' lang='lat' dir='ltr'><strong>enim</strong></span> <span class='ocrx_word' id='word_1_662' title='bbox 2752 4318 3100 4374; x_wconf 80' lang='lat' dir='ltr'><strong>necessitatis</strong></span> <span class='ocrx_word' id='word_1_663' title='bbox 3132 4334 3245 4373; x_wconf 79' lang='lat' dir='ltr'><strong>sua:</strong></span> <span class='ocrx_word' id='word_1_664' title='bbox 3298 4332 3466 4372; x_wconf 86' lang='lat' dir='ltr'><strong>causa</strong></span> 
     </span>
    </p>
   </div>
   <div class='ocr_carea' id='block_1_96' title="bbox 1886 4410 3466 4482">
    <p class='ocr_par' dir='ltr' id='par_1_96' title="bbox 1886 4410 3466 4482">
     <span class='ocr_line' id='line_1_97' title="bbox 1886 4410 3466 4482; baseline 0 -17"><span class='ocrx_word' id='word_1_665' title='bbox 1886 4419 2211 4481; x_wconf 88' lang='lat' dir='ltr'><strong>operantur,</strong></span> <span class='ocrx_word' id='word_1_666' title='bbox 2248 4411 2343 4466; x_wconf 89' lang='lat' dir='ltr'><strong>sed</strong></span> <span class='ocrx_word' id='word_1_667' title='bbox 2398 4412 2564 4466; x_wconf 90' lang='lat' dir='ltr'><strong>etiam</strong></span> <span class='ocrx_word' id='word_1_668' title='bbox 2603 4420 2660 4465; x_wconf 91' lang='lat' dir='ltr'><strong>ut</strong></span> <span class='ocrx_word' id='word_1_669' title='bbox 2703 4411 3032 4482; x_wconf 79' lang='lat' dir='ltr'><strong>peregrinis.</strong></span> <span class='ocrx_word' id='word_1_670' title='bbox 3069 4411 3276 4481; x_wconf 81' lang='lat' dir='ltr'><strong>egenis,</strong></span> <span class='ocrx_word' id='word_1_671' title='bbox 3309 4419 3364 4465; x_wconf 91' lang='lat' dir='ltr'><strong>et</strong></span> <span class='ocrx_word' id='word_1_672' title='bbox 3399 4410 3466 4465; x_wconf 90' lang='lat' dir='ltr'><strong>iis</strong></span> 
     </span>
    </p>
   </div>
   <div class='ocr_carea' id='block_1_97' title="bbox 1892 4503 3467 4573">
    <p class='ocr_par' dir='ltr' id='par_1_97' title="bbox 1892 4503 3467 4573">
     <span class='ocr_line' id='line_1_98' title="bbox 1892 4503 3467 4573; baseline 0.001 -17"><span class='ocrx_word' id='word_1_673' title='bbox 1892 4504 1987 4573; x_wconf 90' lang='lat' dir='ltr'><strong>qui</strong></span> <span class='ocrx_word' id='word_1_674' title='bbox 2049 4504 2102 4556; x_wconf 92' lang='lat' dir='ltr'><strong>in</strong></span> <span class='ocrx_word' id='word_1_675' title='bbox 2151 4505 2467 4559; x_wconf 89' lang='lat' dir='ltr'><strong>carceribus</strong></span> <span class='ocrx_word' id='word_1_676' title='bbox 2516 4512 2665 4569; x_wconf 91' lang='lat' dir='ltr'><strong>sunt,</strong></span> <span class='ocrx_word' id='word_1_677' title='bbox 2712 4518 2778 4559; x_wconf 74' lang='lat' dir='ltr'><strong>ex</strong></span> <span class='ocrx_word' id='word_1_678' title='bbox 2808 4519 2909 4559; x_wconf 89' lang='lat' dir='ltr'><strong>suo</strong></span> <span class='ocrx_word' id='word_1_679' title='bbox 2975 4505 3161 4559; x_wconf 90' lang='lat' dir='ltr'><strong>labore</strong></span> <span class='ocrx_word' id='word_1_680' title='bbox 3195 4503 3467 4560; x_wconf 87' lang='lat' dir='ltr'><strong>submini-</strong></span> 
     </span>
    </p>
   </div>
   <div class='ocr_carea' id='block_1_98' title="bbox 198 4590 3463 4667">
    <p class='ocr_par' dir='ltr' id='par_1_98' title="bbox 198 4590 3463 4667">
     <span class='ocr_line' id='line_1_99' title="bbox 198 4590 3463 4667; baseline -0 -11"><span class='ocrx_word' id='word_1_681' title='bbox 198 4608 436 4657; x_wconf 77' lang='lat' dir='ltr'><strong>streut:</strong></span> <span class='ocrx_word' id='word_1_682' title='bbox 491 4597 596 4650; x_wconf 91' lang='lat' dir='ltr'><strong>hoc</strong></span> <span class='ocrx_word' id='word_1_683' title='bbox 647 4602 995 4663; x_wconf 90' lang='lat' dir='ltr'><strong>reputantes,</strong></span> <span class='ocrx_word' id='word_1_684' title='bbox 1045 4590 1314 4660; x_wconf 85' lang='lat' dir='ltr'><strong>ejusmodi</strong></span> <span class='ocrx_word' id='word_1_685' title='bbox 1366 4591 1785 4648; x_wconf 76' lang='lat' dir='ltr'><strong>beneﬁcentiam</strong></span> <span class='ocrx_word' id='word_1_686' title='bbox 1827 4595 2157 4651; x_wconf 78' lang='lat' dir='ltr'><strong>sacriﬁcium</strong></span> <span class='ocrx_word' id='word_1_687' title='bbox 2195 4604 2446 4649; x_wconf 87' lang='lat' dir='ltr'><strong>sanctum</strong></span> <span class='ocrx_word' id='word_1_688' title='bbox 2523 4604 2578 4651; x_wconf 91' lang='lat' dir='ltr'><strong>et</strong></span> <span class='ocrx_word' id='word_1_689' title='bbox 2616 4594 2728 4651; x_wconf 90' lang='lat' dir='ltr'><strong>Deo</strong></span> <span class='ocrx_word' id='word_1_690' title='bbox 2778 4605 3060 4667; x_wconf 87' lang='lat' dir='ltr'><strong>acceptum</strong></span> <span class='ocrx_word' id='word_1_691' title='bbox 3114 4598 3250 4653; x_wconf 86' lang='lat' dir='ltr'><strong>tieri.</strong></span> <span class='ocrx_word' id='word_1_692' title='bbox 3320 4598 3463 4666; x_wconf 83' lang='lat' dir='ltr'><strong>Quin</strong></span> 
     </span>
    </p>
   </div>
   <div class='ocr_carea' id='block_1_99' title="bbox 196 4683 3465 4760">
    <p class='ocr_par' dir='ltr' id='par_1_99' title="bbox 196 4683 3465 4760">
     <span class='ocr_line' id='line_1_100' title="bbox 196 4683 3465 4760; baseline 0.001 -17"><span class='ocrx_word' id='word_1_693' title='bbox 196 4687 349 4744; x_wconf 80' lang='lat' dir='ltr'><strong>illud</strong></span> <span class='ocrx_word' id='word_1_694' title='bbox 377 4700 597 4756; x_wconf 88' lang='lat' dir='ltr'><strong>quoque</strong></span> <span class='ocrx_word' id='word_1_695' title='bbox 622 4684 812 4739; x_wconf 73' lang='lat' dir='ltr'><strong>Patres</strong></span> <span class='ocrx_word' id='word_1_696' title='bbox 845 4684 1020 4747; x_wconf 89' lang='lat' dir='ltr'><strong>aiunt,</strong></span> <span class='ocrx_word' id='word_1_697' title='bbox 1046 4698 1169 4736; x_wconf 89' lang='lat' dir='ltr'><strong>eum</strong></span> <span class='ocrx_word' id='word_1_698' title='bbox 1212 4684 1305 4752; x_wconf 90' lang='lat' dir='ltr'><strong>qui</strong></span> <span class='ocrx_word' id='word_1_699' title='bbox 1339 4683 1621 4739; x_wconf 90' lang='lat' dir='ltr'><strong>laboribus</strong></span> <span class='ocrx_word' id='word_1_700' title='bbox 1662 4701 1785 4741; x_wconf 87' lang='lat' dir='ltr'><strong>sese</strong></span> <span class='ocrx_word' id='word_1_701' title='bbox 1821 4694 2063 4753; x_wconf 83' lang='lat' dir='ltr'><strong>exercet,</strong></span> <span class='ocrx_word' id='word_1_702' title='bbox 2084 4687 2289 4742; x_wconf 80' lang='lat' dir='ltr'><strong>ab&#39;uno</strong></span> <span class='ocrx_word' id='word_1_703' title='bbox 2314 4688 2635 4757; x_wconf 90' lang='lat' dir='ltr'><strong>plerumque</strong></span> <span class='ocrx_word' id='word_1_704' title='bbox 2659 4687 2904 4744; x_wconf 71' lang='lat' dir='ltr'><strong>daemone</strong></span> <span class='ocrx_word' id='word_1_705' title='bbox 2931 4690 3235 4760; x_wconf 78' lang='lat' dir='ltr'><strong>oppugnari</strong></span> <span class='ocrx_word' id='word_1_706' title='bbox 3278 4699 3335 4745; x_wconf 90' lang='lat' dir='ltr'><strong>et</strong></span> <span class='ocrx_word' id='word_1_707' title='bbox 3369 4707 3465 4745; x_wconf 80' lang='lat' dir='ltr'><strong>ve-</strong></span> 
     </span>
    </p>
   </div>
   <div class='ocr_carea' id='block_1_100' title="bbox 194 4779 3463 4854">
    <p class='ocr_par' dir='ltr' id='par_1_100' title="bbox 194 4779 3463 4854">
     <span class='ocr_line' id='line_1_101' title="bbox 194 4779 3463 4854; baseline 0.002 -15"><span class='ocrx_word' id='word_1_708' title='bbox 194 4785 327 4839; x_wconf 78' lang='lat' dir='ltr'><strong>xari</strong></span> <span class='ocrx_word' id='word_1_709' title='bbox 362 4804 375 4840; x_wconf 90' lang='lat'><strong>:</strong></span> <span class='ocrx_word' id='word_1_710' title='bbox 432 4783 581 4836; x_wconf 88' lang='lat' dir='ltr'><strong>illum</strong></span> <span class='ocrx_word' id='word_1_711' title='bbox 637 4795 770 4835; x_wconf 84' lang='lat' dir='ltr'><strong>vero</strong></span> <span class='ocrx_word' id='word_1_712' title='bbox 822 4779 915 4851; x_wconf 90' lang='lat' dir='ltr'><strong>qui</strong></span> <span class='ocrx_word' id='word_1_713' title='bbox 953 4779 1021 4833; x_wconf 93' lang='lat' dir='ltr'><strong>ab</strong></span> <span class='ocrx_word' id='word_1_714' title='bbox 1068 4779 1213 4833; x_wconf 87' lang='lat' dir='ltr'><strong>omni</strong></span> <span class='ocrx_word' id='word_1_715' title='bbox 1248 4794 1410 4848; x_wconf 80' lang='lat' dir='ltr'><strong>opere</strong></span> <span class='ocrx_word' id='word_1_716' title='bbox 1448 4780 1710 4839; x_wconf 86' lang='lat' dir='ltr'><strong>abstinet.</strong></span> <span class='ocrx_word' id='word_1_717' title='bbox 1769 4798 1798 4835; x_wconf 92' lang='lat' dir='ltr'><strong>a</strong></span> <span class='ocrx_word' id='word_1_718' title='bbox 1831 4783 2108 4837; x_wconf 83' lang='lat' dir='ltr'><strong>sexcentis</strong></span> <span class='ocrx_word' id='word_1_719' title='bbox 2144 4783 2432 4854; x_wconf 87' lang='lat' dir='ltr'><strong>spiritibus</strong></span> <span class='ocrx_word' id='word_1_720' title='bbox 2466 4784 2743 4854; x_wconf 88' lang='lat' dir='ltr'><strong>captivum</strong></span> <span class='ocrx_word' id='word_1_721' title='bbox 2812 4784 2980 4840; x_wconf 88' lang='lat' dir='ltr'><strong>trahi.</strong></span> <span class='ocrx_word' id='word_1_722' title='bbox 3007 4813 3079 4826; x_wconf 92' lang='lat'><strong>—</strong></span> <span class='ocrx_word' id='word_1_723' title='bbox 3125 4786 3229 4853; x_wconf 84' lang='lat' dir='ltr'><strong>Qui</strong></span> <span class='ocrx_word' id='word_1_724' title='bbox 3275 4781 3463 4844; x_wconf 77' lang='lat' dir='ltr'><strong>acedia</strong></span> 
     </span>
    </p>
   </div>
   <div class='ocr_carea' id='block_1_101' title="bbox 213 4872 2021 4945">
    <p class='ocr_par' dir='ltr' id='par_1_101' title="bbox 213 4872 2021 4945">
     <span class='ocr_line' id='line_1_102' title="bbox 213 4872 2021 4945; baseline -0.001 -14"><span class='ocrx_word' id='word_1_725' title='bbox 213 4877 464 4936; x_wconf 82' lang='lat' dir='ltr'><strong>laborat,</strong></span> <span class='ocrx_word' id='word_1_726' title='bbox 484 4874 771 4945; x_wconf 65' lang='lat' dir='ltr'><strong>praesentia</strong></span> <span class='ocrx_word' id='word_1_727' title='bbox 799 4874 1017 4944; x_wconf 86' lang='lat' dir='ltr'><strong>quidem</strong></span> <span class='ocrx_word' id='word_1_728' title='bbox 1048 4872 1187 4940; x_wconf 88' lang='lat' dir='ltr'><strong>odit,</strong></span> <span class='ocrx_word' id='word_1_729' title='bbox 1214 4873 1463 4928; x_wconf 89' lang='lat' dir='ltr'><strong>absentia</strong></span> <span class='ocrx_word' id='word_1_730' title='bbox 1504 4889 1634 4928; x_wconf 88' lang='lat' dir='ltr'><strong>vero</strong></span> <span class='ocrx_word' id='word_1_731' title='bbox 1664 4876 2021 4943; x_wconf 67' lang='lat' dir='ltr'><strong>concupisvii.</strong></span> 
     </span>
    </p>
   </div>
   <div class='ocr_carea' id='block_1_102' title="bbox 269 4971 1798 5062">
    <p class='ocr_par' dir='ltr' id='par_1_102' title="bbox 269 4988 1717 5061">
     <span class='ocr_line' id='line_1_103' title="bbox 269 4988 1717 5061; baseline 0 -15"><span class='ocrx_word' id='word_1_732' title='bbox 269 4993 461 5047; x_wconf 84' lang='grc' dir='ltr'>ΤΙΤΛ.</span> <span class='ocrx_word' id='word_1_733' title='bbox 497 4990 834 5057; x_wconf 80' lang='grc' dir='ltr'>ΚΔ’.-Περὶ</span> <span class='ocrx_word' id='word_1_734' title='bbox 863 4991 1145 5061; x_wconf 66' lang='grc' dir='ltr'>ἄφρονος,</span> <span class='ocrx_word' id='word_1_735' title='bbox 1177 4991 1275 5046; x_wconf 76' lang='grc' dir='ltr'><strong>καί</strong></span> <span class='ocrx_word' id='word_1_736' title='bbox 1303 4988 1584 5059; x_wconf 77' lang='grc' dir='ltr'>ἀνοήτου,</span> <span class='ocrx_word' id='word_1_737' title='bbox 1619 4994 1717 5046; x_wconf 80' lang='grc' dir='ltr'>καὶ</span> 
     </span>
    </p>
   </div>
   <div class='ocr_carea' id='block_1_103' title="bbox 1903 4971 3461 5062">
    <p class='ocr_par' dir='ltr' id='par_1_103' title="bbox 1903 4987 3461 5062">
     <span class='ocr_line' id='line_1_104' title="bbox 1903 4987 3461 5062; baseline 0.003 -21"><span class='ocrx_word' id='word_1_738' title='bbox 1903 4987 2038 5043; x_wconf 85' lang='grc' dir='ltr'>ΤΙΤ.</span> <span class='ocrx_word' id='word_1_739' title='bbox 2076 4987 2267 5047; x_wconf 81' lang='lat' dir='ltr'><strong>XXIV.</strong></span> <span class='ocrx_word' id='word_1_740' title='bbox 2294 5021 2365 5032; x_wconf 84' lang='lat'><strong>—-</strong></span> <span class='ocrx_word' id='word_1_741' title='bbox 2406 4991 2483 5046; x_wconf 87' lang='lat' dir='ltr'><strong>De</strong></span> <span class='ocrx_word' id='word_1_742' title='bbox 2535 4992 2758 5056; x_wconf 80' lang='lat' dir='ltr'><strong>insano,</strong></span> <span class='ocrx_word' id='word_1_743' title='bbox 2826 4995 3072 5058; x_wconf 76' lang='lat' dir='ltr'><strong>vecorde,</strong></span> <span class='ocrx_word' id='word_1_744' title='bbox 3120 4992 3367 5062; x_wconf 81' lang='lat' dir='ltr'><strong>imperito</strong></span> <span class='ocrx_word' id='word_1_745' title='bbox 3411 5002 3461 5048; x_wconf 82' lang='lat' dir='ltr'><strong>et</strong></span> 
     </span>
    </p>
   </div>
   <div class='ocr_carea' id='block_1_104' title="bbox 609 5061 1398 5131">
    <p class='ocr_par' dir='ltr' id='par_1_104' title="bbox 609 5061 1398 5131">
     <span class='ocr_line' id='line_1_105' title="bbox 609 5061 1398 5131; baseline -0.003 -13"><span class='ocrx_word' id='word_1_746' title='bbox 609 5062 997 5126; x_wconf 82' lang='grc' dir='ltr'>ἀπαιδεύτου,</span> <span class='ocrx_word' id='word_1_747' title='bbox 1035 5063 1133 5115; x_wconf 82' lang='grc' dir='ltr'><strong>καί</strong></span> <span class='ocrx_word' id='word_1_748' title='bbox 1182 5061 1398 5131; x_wconf 69' lang='grc' dir='ltr'>μωροῦ.</span> 
     </span>
    </p>
   </div>
   <div class='ocr_carea' id='block_1_105' title="bbox 277 5150 1787 5225">
    <p class='ocr_par' dir='ltr' id='par_1_105' title="bbox 277 5150 1787 5225">
     <span class='ocr_line' id='line_1_106' title="bbox 277 5150 1787 5225; baseline -0.001 -19"><span class='ocrx_word' id='word_1_749' title='bbox 277 5176 300 5206; x_wconf 75' lang='grc' dir='ltr'><strong>ο</strong></span> <span class='ocrx_word' id='word_1_750' title='bbox 354 5151 606 5225; x_wconf 82' lang='grc' dir='ltr'>Ἑώρακα</span> <span class='ocrx_word' id='word_1_751' title='bbox 633 5152 876 5222; x_wconf 84' lang='grc' dir='ltr'>ἄφρονας</span> <span class='ocrx_word' id='word_1_752' title='bbox 916 5150 1069 5221; x_wconf 76' lang='grc' dir='ltr'>ῥίζας</span> <span class='ocrx_word' id='word_1_753' title='bbox 1112 5150 1426 5221; x_wconf 84' lang='grc' dir='ltr'>βάλλοντας,</span> <span class='ocrx_word' id='word_1_754' title='bbox 1469 5152 1585 5206; x_wconf 80' lang='grc' dir='ltr'>ἀλλ’</span> <span class='ocrx_word' id='word_1_755' title='bbox 1625 5152 1787 5219; x_wconf 74' lang='grc' dir='ltr'>εὐθὺς</span> 
     </span>
    </p>
   </div>
   <div class='ocr_carea' id='block_1_106' title="bbox 192 5242 1310 5317">
    <p class='ocr_par' dir='ltr' id='par_1_106' title="bbox 192 5242 1310 5317">
     <span class='ocr_line' id='line_1_107' title="bbox 192 5242 1310 5317; baseline -0.004 -18"><span class='ocrx_word' id='word_1_756' title='bbox 192 5244 232 5317; x_wconf 67' lang='grc' dir='ltr'>ἡ</span> <span class='ocrx_word' id='word_1_757' title='bbox 261 5244 453 5299; x_wconf 86' lang='grc' dir='ltr'>δίαιτα</span> <span class='ocrx_word' id='word_1_758' title='bbox 484 5243 664 5298; x_wconf 80' lang='grc' dir='ltr'>αὐτῶν</span> <span class='ocrx_word' id='word_1_759' title='bbox 681 5242 919 5314; x_wconf 79' lang='grc' dir='ltr'>ἐϐρώθη.</span> <span class='ocrx_word' id='word_1_760' title='bbox 932 5261 951 5295; x_wconf 78' lang='grc' dir='ltr'><strong>ι</strong></span> <span class='ocrx_word' id='word_1_761' title='bbox 1286 5243 1310 5266; x_wconf 79' lang='grc'><strong><em>⁸</em></strong></span> 
     </span>
    </p>
   </div>
   <div class='ocr_carea' id='block_1_107' title="bbox 276 5332 1783 5405">
    <p class='ocr_par' dir='ltr' id='par_1_107' title="bbox 276 5332 1783 5405">
     <span class='ocr_line' id='line_1_108' title="bbox 276 5332 1783 5405; baseline 0 -17"><span class='ocrx_word' id='word_1_762' title='bbox 276 5354 300 5388; x_wconf 71' lang='grc' dir='ltr'><strong>ε</strong></span> <span class='ocrx_word' id='word_1_763' title='bbox 332 5336 554 5405; x_wconf 81' lang='grc' dir='ltr'>Ἀτιμοι</span> <span class='ocrx_word' id='word_1_764' title='bbox 588 5336 684 5388; x_wconf 66' lang='grc' dir='ltr'><strong>κα)⁸</strong></span> <span class='ocrx_word' id='word_1_765' title='bbox 708 5333 1158 5405; x_wconf 86' lang='grc' dir='ltr'>πεφαυλισμένοι,</span> <span class='ocrx_word' id='word_1_766' title='bbox 1196 5334 1397 5398; x_wconf 86' lang='grc' dir='ltr'>ἐνδεεῖς</span> <span class='ocrx_word' id='word_1_767' title='bbox 1414 5332 1613 5399; x_wconf 80' lang='grc' dir='ltr'>παντὸς</span> <span class='ocrx_word' id='word_1_768' title='bbox 1643 5334 1783 5403; x_wconf 88' lang='grc' dir='ltr'>ἀγα-</span> 
     </span>
    </p>
   </div>
   <div class='ocr_carea' id='block_1_108' title="bbox 191 5425 1782 5497">
    <p class='ocr_par' dir='ltr' id='par_1_108' title="bbox 191 5425 1782 5497">
     <span class='ocr_line' id='line_1_109' title="bbox 191 5425 1782 5497; baseline 0 -16"><span class='ocrx_word' id='word_1_769' title='bbox 191 5426 327 5493; x_wconf 82' lang='grc' dir='ltr'>θοῦ,</span> <span class='ocrx_word' id='word_1_770' title='bbox 350 5428 400 5480; x_wconf 81' lang='grc' dir='ltr'>οἱ</span> <span class='ocrx_word' id='word_1_771' title='bbox 430 5425 489 5480; x_wconf 85' lang='grc' dir='ltr'><strong>δέ</strong></span> <span class='ocrx_word' id='word_1_772' title='bbox 509 5425 664 5496; x_wconf 77' lang='grc' dir='ltr'>ῥίζας</span> <span class='ocrx_word' id='word_1_773' title='bbox 686 5425 859 5492; x_wconf 84' lang='grc' dir='ltr'>ξύλων</span> <span class='ocrx_word' id='word_1_774' title='bbox 880 5425 1198 5497; x_wconf 84' lang='grc' dir='ltr'>ἐμασσῶντο</span> <span class='ocrx_word' id='word_1_775' title='bbox 1233 5426 1342 5481; x_wconf 82' lang='grc' dir='ltr'><strong>ἀπὸ</strong></span> <span class='ocrx_word' id='word_1_776' title='bbox 1399 5426 1559 5497; x_wconf 88' lang='grc' dir='ltr'>λιμοῦ</span> <span class='ocrx_word' id='word_1_777' title='bbox 1595 5428 1782 5497; x_wconf 84' lang='grc' dir='ltr'>μεγά-</span> 
     </span>
    </p>
   </div>
   <div class='ocr_carea' id='block_1_109' title="bbox 189 5528 384 5577">
    <p class='ocr_par' dir='ltr' id='par_1_109' title="bbox 189 5528 384 5577">
     <span class='ocr_line' id='line_1_110' title="bbox 189 5528 384 5577; baseline 0 -2"><span class='ocrx_word' id='word_1_778' title='bbox 189 5528 323 5577; x_wconf 63' lang='grc' dir='ltr'>λου.</span> <span class='ocrx_word' id='word_1_779' title='bbox 358 5539 384 5575; x_wconf 72' lang='grc' dir='ltr'><strong><em>ι</em></strong></span> 
     </span>
    </p>
   </div>
   <div class='ocr_carea' id='block_1_110' title="bbox 275 5611 1703 5686">
    <p class='ocr_par' dir='ltr' id='par_1_110' title="bbox 275 5611 1703 5686">
     <span class='ocr_line' id='line_1_111' title="bbox 275 5611 1703 5686; baseline -0.004 -16"><span class='ocrx_word' id='word_1_780' title='bbox 275 5635 299 5670; x_wconf 72' lang='grc' dir='ltr'><strong><em>ι</em></strong></span> <span class='ocrx_word' id='word_1_781' title='bbox 338 5614 651 5670; x_wconf 79' lang='grc' dir='ltr'>’Δπὼλοντο</span> <span class='ocrx_word' id='word_1_782' title='bbox 677 5613 827 5686; x_wconf 88' lang='grc' dir='ltr'><strong>παρά</strong></span> <span class='ocrx_word' id='word_1_783' title='bbox 853 5612 916 5667; x_wconf 86' lang='grc' dir='ltr'><strong>τδ</strong></span> <span class='ocrx_word' id='word_1_784' title='bbox 937 5611 1013 5684; x_wconf 81' lang='grc' dir='ltr'>μὴ</span> <span class='ocrx_word' id='word_1_785' title='bbox 1042 5611 1185 5684; x_wconf 76' lang='grc' dir='ltr'>ἔχειν</span> <span class='ocrx_word' id='word_1_786' title='bbox 1212 5613 1410 5677; x_wconf 81' lang='grc' dir='ltr'>αὐτοὺς</span> <span class='ocrx_word' id='word_1_787' title='bbox 1431 5612 1644 5682; x_wconf 87' lang='grc' dir='ltr'>σοφίαν,</span> <span class='ocrx_word' id='word_1_788' title='bbox 1684 5632 1703 5665; x_wconf 76' lang='grc' dir='ltr'><strong>ι</strong></span> 
     </span>
    </p>
   </div>
   <div class='ocr_carea' id='block_1_111' title="bbox 274 5793 1772 5869">
    <p class='ocr_par' dir='ltr' id='par_1_111' title="bbox 274 5793 1772 5869">
     <span class='ocr_line' id='line_1_112' title="bbox 274 5793 1772 5869; baseline -0.004 -17"><span class='ocrx_word' id='word_1_789' title='bbox 274 5811 303 5852; x_wconf 71' lang='grc' dir='ltr'>ι</span> <span class='ocrx_word' id='word_1_790' title='bbox 335 5795 505 5850; x_wconf 78' lang='grc' dir='ltr'>Εὶπεν</span> <span class='ocrx_word' id='word_1_791' title='bbox 533 5795 722 5869; x_wconf 75' lang='grc' dir='ltr'>ἄφρων</span> <span class='ocrx_word' id='word_1_792' title='bbox 750 5795 808 5851; x_wconf 84' lang='grc' dir='ltr'><strong>ἐν</strong></span> <span class='ocrx_word' id='word_1_793' title='bbox 858 5793 1052 5868; x_wconf 80' lang='grc' dir='ltr'>καρδίᾳ</span> <span class='ocrx_word' id='word_1_794' title='bbox 1077 5793 1243 5852; x_wconf 74' lang='grc' dir='ltr'>αὑτοῦ</span> <span class='ocrx_word' id='word_1_795' title='bbox 1265 5811 1277 5825; x_wconf 90' lang='grc'><strong>·</strong></span> <span class='ocrx_word' id='word_1_796' title='bbox 1306 5793 1421 5849; x_wconf 86' lang='grc' dir='ltr'>Οὐκ</span> <span class='ocrx_word' id='word_1_797' title='bbox 1452 5794 1566 5850; x_wconf 78' lang='grc' dir='ltr'>ἔστι</span> <span class='ocrx_word' id='word_1_798' title='bbox 1591 5793 1772 5859; x_wconf 77' lang='grc' dir='ltr'>Θεός.»</span> 
     </span>
    </p>
   </div>
   <div class='ocr_carea' id='block_1_112' title="bbox 2592 5063 2765 5131">
    <p class='ocr_par' dir='ltr' id='par_1_112' title="bbox 2592 5063 2765 5131">
     <span class='ocr_line' id='line_1_113' title="bbox 2592 5063 2765 5131; baseline 0.006 -15"><span class='ocrx_word' id='word_1_799' title='bbox 2592 5063 2765 5131; x_wconf 74' lang='lat' dir='ltr'><strong>fatuo.</strong></span> 
     </span>
    </p>
   </div>
   <div class='ocr_carea' id='block_1_113' title="bbox 1958 5150 3462 5221">
    <p class='ocr_par' dir='ltr' id='par_1_113' title="bbox 1958 5150 3462 5221">
     <span class='ocr_line' id='line_1_114' title="bbox 1958 5150 3462 5221; baseline 0.003 -17"><span class='ocrx_word' id='word_1_800' title='bbox 1958 5150 2062 5207; x_wconf 82' lang='lat' dir='ltr'><strong>Job</strong></span> <span class='ocrx_word' id='word_1_801' title='bbox 2091 5170 2143 5219; x_wconf 88' lang='lat' dir='ltr'><strong>v,</strong></span> <span class='ocrx_word' id='word_1_802' title='bbox 2174 5156 2229 5209; x_wconf 81' lang='lat'><strong>3.</strong></span> <span class='ocrx_word' id='word_1_803' title='bbox 2252 5184 2324 5197; x_wconf 91' lang='lat'><strong><em>—</em></strong></span> <span class='ocrx_word' id='word_1_804' title='bbox 2354 5173 2372 5205; x_wconf 76' lang='grc' dir='ltr'><strong>ι</strong></span> <span class='ocrx_word' id='word_1_805' title='bbox 2402 5153 2523 5209; x_wconf 72' lang='lat' dir='ltr'><strong>Vidi</strong></span> <span class='ocrx_word' id='word_1_806' title='bbox 2567 5154 2787 5211; x_wconf 87' lang='lat' dir='ltr'><strong>insanos</strong></span> <span class='ocrx_word' id='word_1_807' title='bbox 2826 5157 3113 5212; x_wconf 89' lang='lat' dir='ltr'><strong>mittentes</strong></span> <span class='ocrx_word' id='word_1_808' title='bbox 3146 5155 3377 5221; x_wconf 83' lang='lat' dir='ltr'><strong>radices,</strong></span> <span class='ocrx_word' id='word_1_809' title='bbox 3406 5164 3462 5211; x_wconf 87' lang='lat' dir='ltr'><strong>et</strong></span> 
     </span>
    </p>
   </div>
   <div class='ocr_carea' id='block_1_114' title="bbox 1890 5245 3249 5318">
    <p class='ocr_par' dir='ltr' id='par_1_114' title="bbox 1890 5245 3249 5318">
     <span class='ocr_line' id='line_1_115' title="bbox 1890 5245 3249 5318; baseline 0.004 -21"><span class='ocrx_word' id='word_1_810' title='bbox 1890 5245 2072 5298; x_wconf 86' lang='lat' dir='ltr'><strong>statim</strong></span> <span class='ocrx_word' id='word_1_811' title='bbox 2098 5256 2484 5318; x_wconf 90' lang='lat' dir='ltr'><strong>consumptum</strong></span> <span class='ocrx_word' id='word_1_812' title='bbox 2515 5256 2601 5303; x_wconf 92' lang='lat' dir='ltr'><strong>est</strong></span> <span class='ocrx_word' id='word_1_813' title='bbox 2631 5249 2945 5304; x_wconf 89' lang='lat' dir='ltr'><strong>institutum</strong></span> <span class='ocrx_word' id='word_1_814' title='bbox 2982 5264 3193 5305; x_wconf 93' lang='lat' dir='ltr'><strong>eorum.</strong></span> <span class='ocrx_word' id='word_1_815' title='bbox 3229 5265 3249 5301; x_wconf 76' lang='grc' dir='ltr'><strong>ι</strong></span> 
     </span>
    </p>
   </div>
   <div class='ocr_carea' id='block_1_115' title="bbox 1961 5335 3456 5412">
    <p class='ocr_par' dir='ltr' id='par_1_115' title="bbox 1961 5335 3456 5412">
     <span class='ocr_line' id='line_1_116' title="bbox 1961 5335 3456 5412; baseline 0.005 -23"><span class='ocrx_word' id='word_1_816' title='bbox 1961 5335 2058 5391; x_wconf 75' lang='lat' dir='ltr'><strong>Job</strong></span> <span class='ocrx_word' id='word_1_817' title='bbox 2096 5354 2226 5404; x_wconf 80' lang='lat' dir='ltr'><strong>xxx,</strong></span> <span class='ocrx_word' id='word_1_818' title='bbox 2257 5341 2310 5394; x_wconf 75' lang='grc'>4.</span> <span class='ocrx_word' id='word_1_819' title='bbox 2354 5371 2425 5380; x_wconf 89' lang='grc'><strong><em>-</em></strong></span> <span class='ocrx_word' id='word_1_820' title='bbox 2461 5360 2479 5393; x_wconf 79' lang='grc' dir='ltr'><strong>ι</strong></span> <span class='ocrx_word' id='word_1_821' title='bbox 2520 5340 2835 5397; x_wconf 88' lang='lat' dir='ltr'><strong>lnhonorati</strong></span> <span class='ocrx_word' id='word_1_822' title='bbox 2892 5349 2947 5397; x_wconf 90' lang='lat' dir='ltr'><strong>et</strong></span> <span class='ocrx_word' id='word_1_823' title='bbox 2972 5340 3407 5412; x_wconf 89' lang='lat' dir='ltr'><strong>contemptibiles</strong></span> <span class='ocrx_word' id='word_1_824' title='bbox 3438 5379 3456 5405; x_wconf 85' lang='lat'><strong>.</strong></span> 
     </span>
    </p>
   </div>
   <div class='ocr_carea' id='block_1_116' title="bbox 1888 5431 3457 5502">
    <p class='ocr_par' dir='ltr' id='par_1_116' title="bbox 1888 5431 3457 5502">
     <span class='ocr_line' id='line_1_117' title="bbox 1888 5431 3457 5502; baseline 0.004 -21"><span class='ocrx_word' id='word_1_825' title='bbox 1888 5435 2109 5496; x_wconf 82' lang='lat' dir='ltr'><strong>egentes</strong></span> <span class='ocrx_word' id='word_1_826' title='bbox 2161 5431 2310 5484; x_wconf 91' lang='lat' dir='ltr'><strong>omni</strong></span> <span class='ocrx_word' id='word_1_827' title='bbox 2362 5431 2529 5498; x_wconf 91' lang='lat' dir='ltr'><strong>bono,</strong></span> <span class='ocrx_word' id='word_1_828' title='bbox 2571 5433 2665 5502; x_wconf 90' lang='lat' dir='ltr'><strong>qui</strong></span> <span class='ocrx_word' id='word_1_829' title='bbox 2711 5433 2928 5489; x_wconf 89' lang='lat' dir='ltr'><strong>radices</strong></span> <span class='ocrx_word' id='word_1_830' title='bbox 2978 5434 3141 5490; x_wconf 90' lang='lat' dir='ltr'><strong>etiam</strong></span> <span class='ocrx_word' id='word_1_831' title='bbox 3198 5432 3457 5489; x_wconf 88' lang='lat' dir='ltr'><strong>arborum</strong></span> 
     </span>
    </p>
   </div>
   <div class='ocr_carea' id='block_1_117' title="bbox 1890 5518 3429 5593">
    <p class='ocr_par' dir='ltr' id='par_1_117' title="bbox 1890 5518 3429 5593">
     <span class='ocr_line' id='line_1_118' title="bbox 1890 5518 3429 5593; baseline 0.006 -22"><span class='ocrx_word' id='word_1_832' title='bbox 1890 5518 2219 5575; x_wconf 89' lang='lat' dir='ltr'><strong>mandebant</strong></span> <span class='ocrx_word' id='word_1_833' title='bbox 2252 5537 2362 5591; x_wconf 69' lang='lat' dir='ltr'><strong>prae</strong></span> <span class='ocrx_word' id='word_1_834' title='bbox 2389 5522 2532 5579; x_wconf 79' lang='lat' dir='ltr'><strong>fame</strong></span> <span class='ocrx_word' id='word_1_835' title='bbox 2553 5539 2772 5593; x_wconf 80' lang='lat' dir='ltr'><strong>magna.</strong></span> <span class='ocrx_word' id='word_1_836' title='bbox 2803 5542 2823 5575; x_wconf 76' lang='grc' dir='ltr'><strong>ι</strong></span> <span class='ocrx_word' id='word_1_837' title='bbox 3422 5565 3429 5571; x_wconf 72' lang='lat'><strong>.</strong></span> 
     </span>
    </p>
   </div>
   <div class='ocr_carea' id='block_1_118' title="bbox 1954 5606 3457 5691">
    <p class='ocr_par' dir='ltr' id='par_1_118' title="bbox 1954 5606 3457 5691">
     <span class='ocr_line' id='line_1_119' title="bbox 1954 5606 3457 5691; baseline 0.007 -31"><span class='ocrx_word' id='word_1_838' title='bbox 1954 5606 2056 5661; x_wconf 88' lang='lat' dir='ltr'><strong>Job</strong></span> <span class='ocrx_word' id='word_1_839' title='bbox 2087 5625 2163 5673; x_wconf 82' lang='lat' dir='ltr'><strong>IV,</strong></span> <span class='ocrx_word' id='word_1_840' title='bbox 2189 5610 2279 5664; x_wconf 73' lang='grc'><strong>21.</strong></span> <span class='ocrx_word' id='word_1_841' title='bbox 2303 5643 2373 5655; x_wconf 85' lang='lat'><strong><em>—</em></strong></span> <span class='ocrx_word' id='word_1_842' title='bbox 2407 5631 2425 5664; x_wconf 73' lang='grc' dir='ltr'><strong>ι</strong></span> <span class='ocrx_word' id='word_1_843' title='bbox 2463 5613 2767 5680; x_wconf 85' lang='lat' dir='ltr'><strong>Perierunt,</strong></span> <span class='ocrx_word' id='word_1_844' title='bbox 2807 5613 3035 5691; x_wconf 85' lang='lat' dir='ltr'><strong>eo_quod</strong></span> <span class='ocrx_word' id='word_1_845' title='bbox 3063 5629 3171 5671; x_wconf 86' lang='lat' dir='ltr'><strong>non</strong></span> <span class='ocrx_word' id='word_1_846' title='bbox 3193 5613 3457 5670; x_wconf 86' lang='lat' dir='ltr'><strong>baberent</strong></span> 
     </span>
    </p>
   </div>
   <div class='ocr_carea' id='block_1_119' title="bbox 1885 5699 2288 5767">
    <p class='ocr_par' dir='ltr' id='par_1_119' title="bbox 1885 5699 2288 5767">
     <span class='ocr_line' id='line_1_120' title="bbox 1885 5699 2288 5767; baseline 0.007 -14"><span class='ocrx_word' id='word_1_847' title='bbox 1885 5699 2228 5767; x_wconf 89' lang='lat' dir='ltr'><strong>sapientiam.</strong></span> <span class='ocrx_word' id='word_1_848' title='bbox 2267 5720 2288 5755; x_wconf 72' lang='grc' dir='ltr'><strong>ι</strong></span> 
     </span>
    </p>
   </div>
   <div class='ocr_carea' id='block_1_120' title="bbox 1958 5790 3485 5872">
    <p class='ocr_par' dir='ltr' id='par_1_120' title="bbox 1958 5790 3485 5872">
     <span class='ocr_line' id='line_1_121' title="bbox 1958 5790 3485 5872; baseline 0.01 -29"><span class='ocrx_word' id='word_1_849' title='bbox 1958 5790 2115 5846; x_wconf 75' lang='grc' dir='ltr'>Ρδαί.</span> <span class='ocrx_word' id='word_1_850' title='bbox 2153 5808 2276 5861; x_wconf 82' lang='lat' dir='ltr'><strong>xm,</strong></span> <span class='ocrx_word' id='word_1_851' title='bbox 2310 5795 2451 5849; x_wconf 78' lang='grc'><strong>1.-</strong></span> <span class='ocrx_word' id='word_1_852' title='bbox 2480 5816 2498 5850; x_wconf 74' lang='grc' dir='ltr'><strong>ι</strong></span> <span class='ocrx_word' id='word_1_853' title='bbox 2536 5796 2682 5854; x_wconf 80' lang='lat' dir='ltr'><strong>Dixit</strong></span> <span class='ocrx_word' id='word_1_854' title='bbox 2708 5797 2968 5872; x_wconf 86' lang='lat' dir='ltr'><strong>insipiens</strong></span> <span class='ocrx_word' id='word_1_855' title='bbox 3006 5799 3050 5855; x_wconf 79' lang='lat' dir='ltr'><strong>ir</strong></span> <span class='ocrx_word' id='word_1_856' title='bbox 3099 5796 3266 5856; x_wconf 85' lang='lat' dir='ltr'><strong>corde</strong></span> <span class='ocrx_word' id='word_1_857' title='bbox 3300 5812 3402 5855; x_wconf 89' lang='lat' dir='ltr'><strong>suo</strong></span> <span class='ocrx_word' id='word_1_858' title='bbox 3428 5813 3453 5857; x_wconf 77' lang='grc' dir='ltr'><strong>ε</strong></span> <span class='ocrx_word' id='word_1_859' title='bbox 3472 5802 3485 5869; x_wconf 69' lang='grc' dir='ltr'><em>λ</em></span> 
     </span>
    </p>
   </div>
   <div class='ocr_carea' id='block_1_121' title="bbox 1884 5880 2373 5944">
    <p class='ocr_par' dir='ltr' id='par_1_121' title="bbox 1884 5880 2373 5944">
     <span class='ocr_line' id='line_1_122' title="bbox 1884 5880 2373 5944; baseline 0.01 -8"><span class='ocrx_word' id='word_1_860' title='bbox 1884 5880 2003 5938; x_wconf 84' lang='lat' dir='ltr'><strong>Non</strong></span> <span class='ocrx_word' id='word_1_861' title='bbox 2042 5890 2127 5939; x_wconf 89' lang='lat' dir='ltr'><strong>est</strong></span> <span class='ocrx_word' id='word_1_862' title='bbox 2157 5884 2319 5944; x_wconf 86' lang='lat' dir='ltr'><strong>Deus.</strong></span> <span class='ocrx_word' id='word_1_863' title='bbox 2355 5907 2373 5941; x_wconf 73' lang='grc' dir='ltr'><strong>ι</strong></span> 
     </span>
    </p>
   </div>
  </div>
