3910 6410
616 372 751 440 1219

681 482 841 539 Prov.
896 497 1011 546 χιιι,
1045 483 1100 545 6.
1129 506 1200 520 -
1240 496 1260 531 ι
1291 475 1515 545 Quanto
1553 484 1800 547 tempore
1849 474 2181 530 innocentes
2212 478 2255 530 Α

609 573 1253 644 adhaerescentjustitize,
1290 588 1404 627 non
1428 567 1860 626 confundentur.
1903 587 1923 620 ι

678 669 838 723 Prov.
876 684 985 731 xw,
1013 666 1071 722 2.
1105 695 1177 707 —
1215 684 1234 719 ι
1274 664 1379 731 Qui
1420 662 1670 718 ambulat
1694 668 1868 727 recte,
1892 659 2052 715 timet
2073 657 2181 713 Do-

611 765 844 817 minum.
874 780 891 812 ι

682 857 841 909 Prov.
909 867 1009 916 xu,
1038 851 1220 907 15.—
1252 866 1271 902 ι
1320 847 1427 915 Qui
1456 844 1688 918 respicit
1745 843 1929 917 plane,
1963 842 2181 899 miscri-

609 949 851 1004 cordiam
871 952 1261 1016 consequetur.
1288 960 1308 995 ι

679 1039 838 1093 Prov.
857 1055 934 1104 xl,
955 1037 1049 1102 20,
1079 1035 1172 1090 25.
1193 1066 1259 1077 —
1293 1052 1313 1086 ι
1346 1032 1569 1103 Accepti
1587 1038 1714 1088 sunt
1745 1030 1971 1087 Domino
1993 1045 2186 1086 omnes

611 1131 953 1206 immaculati
990 1131 1045 1185 in
1073 1129 1161 1184 via
1186 1144 1309 1185 sua.
1338 1125 1636 1183 Benedicta
1669 1134 1755 1181 est
1783 1125 1971 1180 omnis
2001 1124 2184 1179 anima

612 1225 867 1294 simplex.
906 1242 925 1276 ι

679 1316 837 1370 Prov.
894 1331 1004 1382 xxv,
1062 1313 1151 1368 15.
1177 1343 1247 1356 —-—
1272 1329 1292 1365 ι
1328 1310 1602 1369 lnnocens
1643 1310 1827 1366 credit
1876 1307 2030 1365 omni
2057 1322 2183 1363 ver-

609 1408 701 1463 b0.
740 1428 759 1459 ι

680 1498 841 1555 Prov.
910 1515 972 1565 ιι,
1020 1499 1111 1554 21.
1170 1528 1239 1539 —
1283 1515 1301 1550 ι
1343 1496 1574 1569 Benigni
1638 1502 1802 1551 erunt
1848 1495 2187 1550 habitatores

611 1604 773 1648 terrae
803 1611 817 1659 ;
853 1593 1181 1647 innocentes
1209 1606 1341 1647 vero
1397 1591 1802 1662 permanebunt
1838 1588 1893 1643 in
1918 1602 2017 1655 ea;
2053 1587 2188 1658 quia

610 1687 749 1741 recti
781 1685 1111 1740 habitabunt
1133 1684 1191 1739 in
1222 1698 1308 1739 ea.
1350 1701 1371 1736 ι

688 1775 857 1829 Basil.
886 1778 941 1828 t'n
976 1774 1125 1842 princ
1174 1773 1336 1829 Prov.
1370 1802 1441 1813 —
1478 1771 1691 1843 Duplici
1725 1770 1887 1826 modo
1913 1770 2182 1826 innocen-

611 1864 741 1920 tiam
775 1865 1157 1935 intelligimus.
1202 1863 1311 1917 Aut
1337 1862 1485 1918 enim
1501 1862 1731 1917 rationis
1763 1877 1864 1932 ope
1896 1877 1926 1915 a
1960 1871 2191 1932 peccato

2310 1863 2569 1935 ιμαρτίας
2603 1861 2957 1932 ἀλλοτρίωσιν
2986 1860 3232 1931 λογισμῷ
3264 1861 3748 1931 κατορθουμένην.
3774 1866 3839 1912 21‘.

612 1970 715 2009 nos
742 1954 1059 2019 avertendo,
1084 1962 1139 2007 et
1160 1969 1257 2024 per
1295 1952 1513 2023 longam
1562 1951 1735 2005 animi
1785 1951 2186 2015 attentionem,

615 2056 672 2102 et
717 2047 985 2100 virtutum
1024 2044 1296 2112 studium,
1352 2043 1523 2099 veluti
1564 2044 1751 2099 radice
1797 2045 2039 2113 quadam
2070 2042 2189 2096 vitii

613 2140 838 2206 excisa;
879 2147 973 2193 aut
994 2138 1115 2208 ejus
1140 2139 1196 2193 in
1251 2146 1426 2193 totum
1466 2146 1718 2207 expertes
1741 2135 1893 2200 facti,
1921 2135 2190 2191 innocen-

614 2242 695 2287 tes
738 2232 1099 2300 appellamur.
1148 2230 1229 2283 Ac
1298 2244 1528 2284 rursum
1560 2229 1875 2283 innocentia
1926 2235 2030 2293 est,
2097 2226 2191 2282 ubi

616 2323 862 2401 nondum
893 2322 1127 2377 collecta
1158 2322 1290 2377 mali
1327 2320 1676 2391 experientia
1707 2328 1836 2385 est;
1877 2334 2002 2375 cum
2034 2318 2188 2373 vide-

614 2417 745 2471 licet
791 2414 1069 2484 nonnulli,
1122 2416 1449 2485 plerumque
1477 2414 1548 2469 ob
1590 2413 1893 2482 juvenilem
1951 2420 2187 2479 atatem,

611 2507 700 2561 vel
731 2506 955 2577 aliquod
995 2506 1120 2560 vita:
1163 2505 1500 2570 institutum,
1535 2503 1795 2558 vitiorum
1826 2502 2190 2573 quorumdam

613 2598 839 2653 minime
868 2597 1171 2669 periculum
1188 2594 1460 2653 fecerunt.
1486 2593 1551 2651 γ.
1578 2612 1687 2666 gr.,
1715 2610 1850 2666 puer
1876 2593 2189 2665 superbiam

616 2692 814 2757 nescit,
845 2690 956 2745 doli
988 2698 1043 2746 et
1071 2688 1284 2745 fraudis
1336 2698 1423 2745 est
1463 2689 1712 2760 ignarus.
1776 2687 1919 2741 Sunt
1973 2700 2188 2751 rursus,

611 2783 706 2854 qui
731 2798 856 2838 cum
881 2783 1001 2837 ruri
1026 2781 1247 2854 degant,
1279 2788 1605 2836 mercaturae
1627 2781 1901 2836 versutias
1927 2786 1980 2833 et
2005 2778 2193 2833 foren-

615 2890 707 2930 ses
741 2873 1182 2929 conllictationes
1225 2873 1511 2943 ignorant.
1545 2870 1708 2926 Tales
1740 2886 1908 2941 porro
1945 2870 2191 2926 dicimus

614 2968 945 3023 innocentes
984 2982 1141 3020 :non
1194 2965 1341 3036 quod
1394 2965 1725 3020 inductione
1789 2963 1959 3017 animi
1988 2977 2018 3016 a
2058 2962 2192 3019 vitio

612 3060 969 3123 remotisint,
993 3057 1091 3115 sed
1112 3058 1241 3129 quia
1290 3056 1537 3112 nondum
1578 3057 1715 3127 ipsis
1751 3054 1985 3110 vitiosas
2021 3054 2191 3109 animi

615 3150 978 3221 cogitationes
1036 3148 1272 3219 contigit
1320 3148 1588 3218 experiri.
1638 3146 1800 3202 Certa
1831 3161 1998 3215 porro
2026 3146 2191 3202 inno-

616 3242 795 3297 centis
835 3239 1074 3295 hominis
1128 3246 1260 3295 nota
1286 3238 1343 3293 in
1377 3253 1594 3293 morum
1625 3237 1981 3308 simplicitate
2010 3237 2191 3308 posita

619 3344 727 3389 est.

688 3420 968 3492 Ejusdem,
1002 3422 1057 3475 in
1121 3419 1385 3474 Hexaem.
1417 3450 1486 3459 ——
1532 3402 1849 3475 Veritatem
1917 3418 2192 3474 sinceram

614 3516 1034 3587 persequimini.
1102 3514 1544 3583 simplicitatem.
1625 3512 1935 3582 justitiam.
1998 3511 2193 3567 Justus

617 3610 738 3664 sine
800 3607 930 3661 fuco
977 3616 1088 3672 est,
1122 3616 1179 3661 et
1218 3608 1389 3662 veluti
1415 3605 1607 3661 Jacob.
1634 3603 1909 3673 Quocirca!
1941 3604 2193 3661 habitare

617 3701 753 3757 facit
788 3702 954 3755 unius
982 3700 1153 3756 moris
1185 3699 1242 3753 in
1274 3699 1461 3754 domo.

687 3790 881 3865 Ejusd.
934 3806 999 3845 ea:
1048 3806 1171 3844 can.
1203 3787 1391 3845 Const.
1450 3817 1525 3829 ——
1582 3786 1899 3859 Simplicem
1956 3798 2120 3861 atque
2160 3805 2192 3845 a

616 3885 742 3942 dolo
772 3884 1011 3939 alienum
1052 3897 1258 3942 mores.
1288 3895 1488 3934 arcana
1529 3880 1722 3935 anima:
1743 3880 1901 3937 facile
1931 3883 2190 3951 produnt.

689 3971 831 4028 Naz.
885 3980 1029 4027 orat.
1066 3971 1092 4025 1
1136 3969 1291 4026 Cant.
1333 3968 1547 4024 Julian.
1573 3996 1648 4009 —-
1674 3968 1877 4025 Parum
1913 3978 2075 4025 cauta
2106 3979 2191 4028 est

617 4068 712 4124 sitr
726 4068 940 4138 plieitas
966 4105 980 4131 ,
1012 4063 1399 4133 interdumque
1423 4061 1732 4133 benignitas
1766 4062 2040 4118 imbecilla
2068 4071 2187 4119 est:

617 4175 682 4214 ac
722 4159 916 4212 vitium
968 4156 1192 4211 minime
1255 4154 1596 4225 suspicatur,
1640 4155 1735 4225 qui
1766 4155 1906 4210 liber
1935 4164 2074 4210 esta
2110 4157 2193 4211 vi-

619 4253 718 4306 tio.

690 4342 846 4399 Orat.
870 4342 925 4396 in
942 4338 1004 4395 S.
1029 4340 1303 4394 Athan.—
1321 4339 1426 4405 Qui
1451 4338 1518 4394 ad
1534 4338 1723 4393 vitium
1751 4354 2058 4409 propensus
2080 4354 2190 4394 non

616 4443 727 4497 est,
760 4450 858 4489 nec
880 4435 944 4488 ad
971 4432 1370 4503 suspicandum
1389 4438 1477 4486 est
1510 4431 1797 4502 proclivis.

2216 3194 2259 3253 C

1394 4484 1540 4576 εὶνυῖ
1570 4484 1626 4574 in
1662 4521 1835 4589 spirit.
1872 4552 1939 4562 ——
1969 4484 2191 4593 Sim’pli-
2220 4551 2264 4606 Β

615 4611 760 4669 citas
812 4627 1029 4669 summo
1062 4610 1209 4682 apud
1250 4611 1422 4667 Deum
1466 4612 1519 4665 in
1548 4612 1728 4683 pretio
1751 4620 1859 4666 est.
1895 4612 2188 4670 (Zalliditas

617 4708 784 4770 enim,
814 4706 915 4760 etsi
947 4704 1145 4759 divinae
1191 4704 1295 4774 legi
1328 4705 1717 4758 consentaneis
1746 4709 2038 4761 conatibus
2068 4724 2192 4777 pm-

618 4794 798 4848 banda
825 4803 928 4858 est,
971 4808 1253 4863 nunquam
1286 4802 1470 4849 tamen
1522 4795 1587 4849 ad
1614 4797 1943 4851 suavitatem
1969 4800 2186 4853 virtutis

619 4884 977 4940 contribuere
1010 4884 1287 4939 censenda
1322 4884 1511 4941 fuerit.

618 5017 754 5073 Tl'l‘.
785 5016 973 5072 XXVI.
1003 5046 1068 5063 -η
1092 5016 1169 5072 De
1185 5029 1517 5092 paupertate,
1547 5031 1596 5076 et
1616 5022 1948 5092 sufﬁcientia,
1976 5035 2027 5080 et
2068 5028 2190 5081 vitae

1210 5088 1539 5159 frugalitate.

685 5202 837 5269 Psal.
875 5219 1065 5267 χχχιι,
1100 5202 1190 5258 16.
1216 5233 1285 5244 -
1320 5222 1339 5255 ι
1372 5203 1565 5260 Melius
1598 5216 1682 5262 est
1703 5208 1982 5264 modicum
2009 5210 2185 5280 justo,

616 5311 779 5366 super
800 5296 1019 5351 divitias
1038 5303 1388 5367 peccatorum
1406 5299 1631 5354 multas.
1670 5318 1689 5351 ›

685 5388 842 5443 Prov.
882 5405 970 5452 xv,
1008 5391 1097 5451 16,
1126 5390 1215 5446 17.
1248 5419 1321 5431 -
1352 5410 1370 5441 ι
1399 5391 1592 5447 Melius
1616 5403 1701 5448 est
1721 5395 1895 5463 excipi
1924 5409 2050 5449 cum
2073 5395 2187 5451 ole-

621 5480 772 5534 ribus
794 5480 860 5534 ad
884 5482 1177 5535 amicitiam
1200 5491 1254 5535 et
1275 5483 1526 5552 gratiam,
1542 5499 1704 5563 quam
1732 5487 1899 5539 multa
1921 5487 2192 5557 genimina

621 5572 776 5626 vituli
813 5588 937 5628 cum
995 5575 1147 5632 odio.
1177 5574 1374 5630 Melius
1404 5584 1491 5631 est
1520 5593 1712 5647 parum
1756 5579 2010 5650 accipere
2064 5596 2189 5636 cum

615 5663 854 5734 iustitia,
880 5680 1045 5735 quam
1071 5667 1242 5721 ntulta
1270 5679 1421 5736 parta
1450 5669 1939 5739 cuminiquitate.»

690 5752 846 5809 Prov.
880 5770 1011 5821 ml,
1044 5756 1169 5812 1.-
1199 5774 1218 5809 ι
1250 5755 1440 5814 Melior
1470 5766 1553 5814 est
1582 5758 1824 5818 buccella
1844 5777 1966 5816 cum
1986 5764 2186 5835 gaudio

1774 367 1837 427 S.
1873 364 2192 427 IOANNIS
2235 364 2656 425 DAMASCENI

3728 363 3832 427 1E

2356 490 2374 522 ι
2406 471 2571 524 ὐσον
2603 469 2795 541 χρόνον
2831 470 3046 541 ἔχονται
3096 470 3292 524 ἄκακοι
3332 470 3434 541 τῆς
3490 470 3832 540 δικαιοσυνπς,

2286 564 2386 616 οὐκ
2424 563 2902 634 αἱσχυνθήσονται.
2935 582 2954 615 ι

2357 672 2376 704 ι
2398 652 2455 707 Ὀ
2484 651 2845 723 πορευόμενος
2884 652 3079 724 ὀρθῶς,
3106 653 3353 721 φοόεἶται
3385 654 3481 706 τὸν
3506 651 3739 723 Κύριον.
3768 669 3784 703 ι

2359 860 2379 894 ι
2400 842 2460 896 '0
2482 840 2692 913 βλέπων
2720 841 2861 906 λεῖα,
2883 842 3273 915 δλεηθήσεται.
3302 863 3323 897 ι

2362 1042 2380 1074 ι
2420 1023 2752 1092 Προσδεκτοὶ
2785 1025 2974 1095 Κυρίῳ
2991 1026 3190 1088 πάντες
3213 1026 3443 1098 ἄμωμοι
3460 1028 3523 1079 ὲν
3538 1026 3653 1096 ὁδῷ
3676 1026 3831 1081 ﬁdo.

2285 1116 2447 1187 Ψυχὴ
2474 1115 2834 1190 εὐλογημένη.
2866 1121 3015 1172 πᾶσα
3049 1120 3216 1193 ἁπλῆ.
3272 1142 3290 1174 ι

2366 1314 2384 1345 ‹
2422 1296 2663 1356 Ἀκακος
2688 1292 2937 1347 πιστεύει
2964 1296 3127 1349 παντὶ
3151 1294 3315 1367 λόγῳ.
3344 1315 3365 1349 ι

2365 1495 2384 1528 ι
2424 1475 2667 1555 Χρηστοὶ
2687 1474 2900 1529 ἔσονται
2929 1474 3213 1546 οἰκήτορες
3241 1473 3380 1543 γῆς’
3403 1473 3617 1527 ἄκακοι
3650 1474 3705 1526 δὲ
3736 1476 3828 1526 5:9-

2288 1567 2671 1638 λειφθήσονται
2702 1568 2760 1621 ὲν
2805 1566 2967 1638 αὐτῇ,
3011 1567 3093 1620 ὅτι
3132 1565 3312 1629 εὐθεῖς
3347 1566 3831 1636 κατασκηνιέιςοεπτ

2288 1662 2347 1713 ὲν
2377 1660 2537 1731 αὐτῇ.
2579 1678 2598 1712 ι

2361 1769 2569 1833 Διττῶς
2589 1766 2818 1839 νοοῦμεν
2849 1767 2951 1839 τὴν
2980 1767 3237 1823 ἀκακίαν.
3259 1768 3332 1821 Ἦ
3364 1769 3483 1839 γὰρ
3515 1785 3619 1837 την
3648 1770 3747 1821 ἀπὸ
3772 1768 3836 1832 τῆς

2286 1955 2380 2011 διὰ
2401 1957 2624 2026 μακρᾶς
2655 1954 2952 2026 προσοχῆς,
2971 1954 3065 2007 καὶ
3096 1953 3329 2024 μελέτης
3358 1953 3478 2005 τῶν
3514 1953 3745 2019 ἀγαθῶν,
3788 1956 3841 2004 ιε-

2288 2052 2399 2102 ονεὶ
2426 2046 2584 2119 ῥίζαν
2621 2047 2721 2114 τῆς
2745 2046 2947 2110 κακίας
2973 2046 3332 2116 ἐπιτέμνοντες
3350 2063 3366 2077 ο
3425 2046 3464 2115 ἥ
3521 2046 3666 2097 κατά
3694 2044 3841 2113 στὲρῖο

2291 2157 2377 2193 σιν
2398 2139 2572 2209 αὐτῆς
2598 2138 2837 2209 παντελῆ
2868 2137 2966 2210 τὴν
3003 2138 3097 2191 τοῦ
3131 2139 3350 2193 ἀκάκου
3387 2143 3761 2212 προσηγορίαν
3779 2142 3835 2192 ὗε-
3908 2150 3910 2163 ¹

2289 2232 2517 2304 χόμεθα.
2546 2232 2658 2286 Καὶ
2681 2232 2842 2285 πάλιν
2868 2232 3075 2286 ἀκακία
3098 2232 3247 2284 ἐστὶν
3275 2234 3309 2302 ἠ
3353 2233 3536 2303 μήπω
3574 2234 3665 2286 τοῦ
3704 2232 3831 2286 armi

2290 2320 2569 2391 ἐμπειρία,
2603 2319 2691 2372 διά
2720 2319 2950 2390 νεότητα
2974 2320 3257 2384 πολλάκις.
3288 2321 3323 2391 ἢ
3362 2320 3491 2390 βίου
3528 2322 3669 2387 τινὸς
3688 2326 3834 2387 ἐπιτή-

2288 2413 2491 2476 δευσιν,
2518 2412 2761 2483 ἀπείρως
2778 2412 2938 2466 τινῶν
2969 2412 3104 2482 πρός
3132 2430 3287 2475 τινας
3349 2416 3569 2478 κακίας

2290 2521 2420 2567 νων,
2448 2498 2560 2556 οἷον
2589 2504 2618 2555 ό
2654 2506 2781 2565 παῖς
2803 2504 2905 2556 οὐκ
2958 2500 3098 2557 οἶδεν
3148 2504 3579 2574 ὑπερηφανίαν,
3622 2509 3710 2558 οὐκ
3754 2502 3836 2557 ιῖἒε

2288 2593 2468 2659 δόλον,
2526 2593 2966 2666 ἢρᾳδιουργίαν.
3015 2595 3182 2649 Πάλιν
3244 2596 3360 2649 είσί
3436 2614 3592 2661 τινες
3631 2597 3720 2649 τῶν
3758 2598 3838 2663 τήν

2289 2686 2573 2758 ἀγροικίαν
2593 2687 2900 2753 οἰκούντων,
2924 2688 3022 2741 οὐκ
3048 2687 3247 2750 εἰδότες
3272 2689 3381 2752 τὰς
3414 2688 3696 2760 ἐμπορικὰς
3717 2705 3831 2739 κακ-

2289 2778 2537 2849 ουργίας,
2564 2778 2684 2832 οὐδὲ
2712 2778 2812 2842 τὰς
2861 2780 2919 2832 ὲν
2965 2779 3299 2851 δικαστηρίῳ
3350 2782 3678 2843 διαπλοκὶς·
3720 2781 3831 2837 τοὺς

2293 2866 2571 2932 τοιούτους
2641 2868 2884 2933 ἀκάκους
2942 2870 3192 2940 λέγομεν,
3248 2872 3358 2942 οὐχ
3394 2874 3482 2936 ὡς
3522 2875 3588 2926 ὲκ
3627 2871 3839 2943 neutri-

2294 2976 2430 3023 σεως
2458 2960 2656 3025 κακίας
2683 2962 3145 3033 κεχωρισμένους,
3169 2962 3289 3016 ἀλλ’
3308 2963 3399 3027 ὡς
3443 2966 3623 3035 μήπω
3660 2964 3726 3025 εἰς
3747 2962 3845 3013 :53-

2294 3070 2393 3122 ραν
2414 3053 2514 3119 τῆς
2541 3056 2784 3126 πονηρᾶς
2834 3054 3001 3137 ἕξεως
3047 3055 3421 3125 ἀφιγμένους.
3474 3056 3847 3129 Χαραιτηρὶξει
3908 3106 3910 3109 .

2292 3137 2383 3195 οὖν
2404 3143 2495 3197 τὸν
2531 3143 2738 3198 ἄκακον
2761 3147 2795 3217 ἡ
2831 3146 3072 3217 ἁπλότης
3103 3145 3197 3199 τοῦ
3251 3145 3455 3217 ἤθους.

2362 3422 2600 3477 Διώκετε
2632 3423 2889 3495 ἀλήθειαν
2926 3423 3217 3495 είλικρινῆ,
3247 3424 3578 3497 ἁπλότητα,
3622 3427 3852 3481 6:212:62}-

2292 3532 2410 3587 νην.
2447 3516 2759 3581 Ἀπλαστος
2791 3519 2820 3571 ὀ
2867 3516 3094 3582 δίκαιος,
3120 3519 3306 3582 ὁποῖος
3348 3519 3569 3574 Ἰακώϐ
3595 3540 3610 3553 ·
3634 3522 3716 3575 διὰ
3730 3520 3851 3573 τοῦτο

2291 3611 2594 3676 κατοικίζει
2627 3611 2996 3683 μονοτρόπους
3018 3614 3075 3666 ὲν
3106 3612 3263 3684 οίκῳ.

2365 3786 2471 3841 Τὸν
2527 3788 2732 3842 ἁπλοῦν
2792 3789 2886 3843 καὶ
2922 3788 3108 3844 ἄδολον
3140 3788 3383 3854 εὐκόλως
3440 3790 3765 3863 ἐξαγορεύει
3802 3790 3852 3837 τι

2289 3878 2577 3953 ἀπόρρητα
2601 3882 2700 3951 τῆς
2724 3882 2919 3953 ψυχῆς.

2342 3973 2711 4043 ,Ἀφύλακτον
2752 3977 2785 4046 ὴ
2843 3975 3101 4042 ἁπλότης,
3144 3976 3237 4029 καὶ
3291 3976 3434 4046 μετά
3456 3977 3567 4031 τοῦ
3603 3974 3789 4048 σαθραέ
3811 3976 3854 4023 τὸ

2291 4066 2693 4138 φιλάνθρωπον,
2760 4069 2855 4121 καὶ
2907 4068 3107 4140 ἥκιστα
3133 4068 3333 4123 κακίαν
3372 4070 3666 4142 ὑφορᾶται
3697 4073 3751 4124 τὸ
3778 4085 3854 4121 za-

2290 4156 2415 4222 κίας
2440 4159 2747 4233 ἐλεύθερον.

2286 4376 2292 4387 .
2360 4334 2435 4387 Τὸ
2465 4335 2545 4397 είς
2572 4335 2775 4390 κακίαν
2801 4336 2901 4407 οὑχ
2946 4336 3163 4408 ἕτοιμον
3190 4336 3315 4391 οὐδὲ
3347 4339 3436 4399 είς
3492 4339 3757 4393 ὑπόνοιαν
3783 4340 3855 4389 εὕρ

2327 4423 2475 4476 εοές.

2327 4441 2351 4476 ε
2396 4440 2418 4475 ε
2460 4460 2475 4475 .

2287 4441 2321 4495 χ
2358 4440 2453 4569 ξιξ
2461 4515 2700 4587 ἁπλότης
2719 4516 2875 4587 τιμία
2900 4518 3052 4590 παρά
3078 4516 3218 4587 Θεῷ.
3243 4517 3317 4571 Τὸ
3370 4519 3485 4590 γὰρ
3555 4524 3850 4592 παν-συρτει,

2293 4610 2341 4663 εί
2373 4608 2468 4662 καὶ
2492 4608 2676 4663 δεκτὸν
2711 4611 2893 4674 ἐντοῖς
2920 4610 3059 4664 κατὰ
3088 4610 3222 4664 Θεὸν
3272 4614 3723 4686 σπουδάσμασιν,
3764 4614 3840 4667 αἶα

2293 4699 2543 4770 οὐδαμῶς
2564 4702 2643 4764 είς
2672 4701 2873 4772 ἀρετῆς
2891 4701 3118 4756 εὐωδίαν
3150 4703 3592 4778 καταλογισθείη
3627 4708 3767 4761 ποτέ.

2295 5035 2478 5088 ΤΙΤΛ.
2504 5035 2650 5100 KG".
2720 5061 2789 5074 -—-
2819 5034 2973 5105 ΔΠερὶ
3005 5034 3456 5105 ἁκτημοςτύιης,
3514 5040 3629 5091 καὶ
3678 5041 3845 5103 dicre;—

2734 5103 2918 5168 κείας,
2950 5106 3045 5157 καὶ
3073 5103 3428 5172 ὀλιγοδείας.

2370 5234 2388 5266 ι
2426 5217 2695 5287 Κρεῖσσον
2727 5216 2906 5283 ὀλίγον
2935 5215 3012 5285 τῷ
3038 5216 3249 5286 δικαίῳ,
3300 5217 3446 5288 ὑπὲρ
3484 5221 3726 5275 πλοῦτυν
3766 5222 3851 5273 τέεδ

2291 5307 2631 5379 ἁμαρτωλῶν
2663 5306 2849 5360 πολύν.
2875 5326 2893 5358 ι

2370 5420 2388 5450 ι
2432 5400 2715 5470 Κρείσσων
2742 5398 2996 5469 ξενισμδς
3031 5402 3167 5471 με.τά
3190 5400 3445 5472 λαχάνων
3497 5407 3649 5478 πρὸς
3696 5408 3857 5475 civim

2294 5492 2388 5545 καὶ
2415 5492 2596 5561 χάριν,
2619 5492 2653 5562 ἢ
2690 5491 2990 5562 παράθεσις
3016 5492 3232 5563 μόχθων
3265 5495 3407 5565 μετὰ
3434 5496 3664 5569 ἔχθρας,
3682 5502 3861 5569 Regis.

2295 5599 2403 5637 σων
2422 5582 2619 5650 ὀλίγων
2648 5580 2811 5651 λῆψις
2835 5583 2976 5651 μετά
3002 5583 3373 5658 δικαιοσύνης,
3406 5588 3442 5659 ἢ
3477 5592 3656 5646 πολλὰ
3682 5594 3858 5661 γενέ-

2295 5690 2440 5732 ιιατα
2477 5676 2616 5742 μετὰ
2644 5672 2872 5736 ἀδικίας.
2900 5692 2919 5725 ι

2370 5785 2387 5818 ι
2417 5767 2700 5836 Κρείσσων
2732 5768 2921 5838 ψωμὸς
2950 5769 3071 5840 μεθ’
3101 5770 3294 5841 ἡδονῆς
3319 5772 3376 5825 ἐν
3404 5775 3606 5847 είρηνη
3628 5820 3644 5843 ,
3676 5778 3705 5846 ἦ
3730 5766 3860 5834 οἶες
