4024 6458
313 357 444 421 1221

1576 371 1813 430 SACRA
1850 371 2307 437 PARALLELA-

3396 389 3532 456 1222

307 467 520 521 πολλῶν
561 469 802 537 ἀγαθῶν,
860 473 952 526 καὶ⁸
1007 473 1208 530 ἀδίκων
1234 476 1530 547 χρημάτων
1573 479 1712 548 μετὰ
1762 478 1854 547 μά·

1979 478 2032 530 in
2069 494 2225 547 pace,
2255 498 2418 552 quam
2459 484 2655 541 domus
2713 490 3005 544 multorum
3043 491 3336 560 bonorum,
3359 508 3411 550 et
3446 514 3538 568 pe-

307 582 428 616 γης.
472 582 490 612 ι

307 582 317 590 .
414 601 428 616 ο
472 582 490 612 ,

305 579 410 704 mf
434 651 669 705 Πλοῦτον
709 653 804 704 καὶ
841 652 1030 708 πενίαν
1062 656 1134 726 μή
1168 673 1258 727 μοι
1286 655 1412 727 δῷς,
1445 659 1638 728 Κύριε,
1670 659 1870 711 σύντα-

303 745 394 809 ξον
416 746 472 800 δέ
503 764 593 817 μοι
621 747 687 800 τὰ
716 747 922 813 δέοντα,
945 751 1124 804 καὶτὰ
1153 752 1422 821 αὐτάρκη,
1461 751 1548 803 ἵνα
1594 750 1668 820 μὴ
1730 749 1868 818 πλη-

302 837 474 900 σθεὶς,
526 837 725 909 ψευδὴς
775 841 1040 911 γένωμαι,
1089 841 1184 895 καὶ
1236 844 1375 897 εῑπω
1403 858 1416 872 ⁸
1451 842 1546 905 Τίς
1577 859 1643 911 με
1667 843 1798 912 ὁρᾷ;
1833 841 1865 912 ἢ

299 933 582 1005 πενηθεὶς,
607 935 808 1005 κλέψω,
842 938 934 989 καὶ
959 937 1143 1007 όμόσω
1176 936 1238 990 τὸ
1265 937 1436 1008 δνομα
1456 936 1550 990 τοῦ
1579 936 1736 991 Θεοῦ.
1772 955 1791 988 ι

379 1134 399 1167 ι
434 1112 780 1183 Μέλιεὺρὼν,
806 1112 945 1182 φάγε
986 1113 1044 1166 τὸ
1084 1113 1286 1180 ἱκανὸν,
1341 1112 1552 1182 μήποτε
1609 1110 1868 1180 πλησθεὶς

296 1206 590 1279 ἐξεμέσῃς.
637 1204 866 1258 Ἐσθίειν
892 1204 1013 1276 μέλι
1050 1205 1183 1258 πολὺ
1204 1205 1263 1257 οὑ
1289 1205 1474 1259 καλόν.

377 1407 398 1440 ι
436 1391 703 1461 Κρεῖσσον
734 1388 1006 1459 πλήρωμα
1031 1388 1226 1458 δρακδς
1290 1387 1428 1457 μετὰ.
1482 1387 1863 1454 ἀναπαύσεως,

294 1483 440 1552 ὑπὲρ
470 1482 741 1551 πλήρωμα
761 1479 852 1533 δύο
875 1480 1088 1551 δρακῶν
1114 1481 1171 1532 ἐν
1199 1479 1398 1551 μόχθῳ.
1430 1496 1448 1530 ι

313 1613 324 1630 ._
372 1590 391 1622 ‹
428 1571 547 1642 Ζωὴ
571 1568 896 1640 αὐταρκείας
925 1571 1155 1641 ἐργάτου
1175 1570 1624 1642 γλυκανθήσεται,
1664 1586 1683 1621 t

377 1763 398 1796 ι
442 1743 644 1806 ’Υπνος
678 1743 865 1812 ὑγείας
893 1743 986 1796 ἐπὶ
1007 1743 1208 1815 ἐντέρῳ
1236 1744 1460 1815 μετρίῳ.
1487 1762 1508 1797 ι

371 1964 389 1996 ι
429 1943 521 2016 Μὴ
549 1943 823 2016 κτήσησθε
857 1955 1076 2014 χρυσον,
1110 1942 1245 2014 μηδέ
1268 1942 1526 2014 ἄργυρον,
1564 1941 1698 2013 μηδὲ
1731 1941 1858 2011 χαλ-

288 2035 390 2088 κὸν
420 2038 499 2098 είς
525 2034 622 2097 τὰς
644 2033 818 2098 ζώνας
857 2034 1027 2104 ὑμῶν,
1064 2034 1137 2104 μὴ
1181 2035 1360 2106 πήραν
1391 2036 1470 2098 είς
1531 2034 1669 2100 ὁδὸν,
1723 2033 1857 2104 μηδὲ

284 2126 388 2179 δύο
405 2127 659 2196 χιτῶνας,
693 2125 827 2195 μηδὲ
849 2126 1188 2196 ὑποδήματα,
1224 2127 1359 2196 μηδὲ
1388 2125 1634 2195 ῥάϐδους.
1674 2127 1859 2194 ’Ἄξιος

283 2219 402 2289 γὰρ
433 2219 461 2271 ὁ
488 2219 722 2290 ἐργάτης
759 2218 856 2288 τῆς
879 2217 1084 2290 τροφῆς
1106 2217 1271 2271 αὑτοῦ
1304 2219 1472 2274 ἐστιν.
1506 2234 1525 2271 t

366 2417 388 2450 ι
428 2398 534 2452 Τοῦ
556 2400 613 2453 δὲ
645 2399 880 2470 πλήθους
905 2399 1013 2453 τῶν
1033 2400 1436 2455 πιστευσάντων
1465 2397 1532 2473 ἦν
1570 2403 1603 2472 ἡ
1660 2402 1856 2474 καρδία

284 2491 388 2544 καὶ
417 2492 451 2562 η
480 2490 626 2562 ψυχὴ
657 2492 755 2561 μία
775 2507 788 2520 °
818 2492 913 2544 xui.
942 2490 1116 2555 οὐδείς
1140 2509 1191 2545 τι
1225 2491 1332 2546 τῶν
1371 2492 1720 2564 ὑπαρχόντων
1744 2493 1857 2547 ἐλε-

285 2600 389 2652 τεν
428 2584 555 2637 ἴδιον
575 2579 735 2652 εἷναι,
756 2583 871 2638 ἀλλ’
895 2579 964 2654 ἦν
992 2584 1175 2647 αὐτοῖς
1207 2583 1386 2639 πάντα
1418 2586 1590 2641 κοινά.
1621 2604 1639 2636 i

367 2785 388 2819 ι
435 2766 719 2838 Ἀργυρίου
756 2767 788 2838 ἢ
813 2767 1032 2838 χρυσίου
1061 2768 1094 2839 ἢ
1126 2769 1416 2838 ἱματισμοῦ
1436 2769 1642 2834 οὐδενὸς
1661 2770 1856 2824 ἐπεθύ-

288 2873 464 2927 μησα.
491 2858 654 2910 Αὐτοὶ
681 2859 997 2926 γινώσκετε,
1033 2859 1114 2911 ὅτι
1163 2862 1280 2921 ταῖς
1330 2859 1540 2929 χρείαις
1581 2877 1706 2930 μου,
1760 2861 1854 2914 καὶ

284 2954 402 3018 τοῖς
439 2946 555 3007 οὖσι
575 2953 693 3023 μετ’
721 2950 854 3023 ἐμοῦ
883 2952 1232 3023 ὑπηρέτησαν
1257 2955 1309 3006 αἱ
1338 2955 1516 3025 χεῖρες
1542 2946 1721 3008 αὗται.
1759 2974 1778 3006 ι

367 3149 388 3184 ι
434 3130 574 3200 Ἐγὼ
604 3130 710 3203 γὰρ
742 3130 944 3202 ἔμαθον
971 3130 1031 3185 ἐν
1059 3127 1140 3194 οἷς
1179 3131 1273 3202 είμ
1299 3173 1314 3198 ,
1355 3131 1634 3203 αὐτάρκης
1689 3128 1850 3186 εἶναι.

284 3218 422 3277 Οἶδα
446 3222 558 3293 ἐγὼ
597 3226 690 3277 καὶ
711 3222 1120 3288 ταπεινοῦσθαι,
1150 3219 1265 3277 οἶδα
1299 3225 1392 3278 καὶ
1413 3224 1759 3295 περισσεύειν
1797 3227 1854 3278 ἐν

287 3319 472 3383 παντὶ,
507 3315 603 3370 καὶ
649 3318 706 3369 ἐν
759 3318 932 3370 πᾶσι’
985 3315 1271 3387 μεμύημαι
1334 3315 1424 3369 καὶ
1474 3314 1852 3386 χορτάζεσθαι,

286 3409 386 3460 καὶ
408 3408 616 3477 πεινᾷν,
639 3406 735 3460 καὶ
759 3405 1120 3477 περισσεύειν,
1152 3407 1246 3457 καὶ
1274 3404 1633 3475 ὑστερεῖσθαι.
1669 3405 1854 3458 Πάντα

289 3499 462 3571 ἰσχύω
486 3501 544 3553 ὲν
573 3497 650 3568 τῷ
676 3498 1057 3568 ἐνδυναμοῦντί
1091 3515 1159 3568 με
1183 3498 1420 3569 Χριστῷ.
1456 3517 1476 3551 ι

363 3701 383 3733 ι
439 3682 790 3752 Ἀρκούμενοι
817 3680 930 3742 τοῖς
975 3675 1243 3748 παροῦσιν
1264 3694 1280 3710 ·
1306 3677 1465 3740 αὐτὸς
1515 3675 1622 3749 γὰρ
1658 3672 1807 3731 εἶπεν
1837 3692 1850 3709 ·

282 3773 361 3826 Οὐ
395 3773 469 3843 μή
502 3789 562 3824 σε
591 3771 721 3834 ἀνῶ,
754 3769 860 3822 οὐδ’
894 3768 955 3821 οὑ
992 3769 1064 3839 μή
1096 3785 1154 3820 σε
1189 3766 1559 3835 ἐγκαταλίπω.
1593 3785 1612 3817 ι

360 3882 378 3915 ι
416 3863 626 3932 Μηκέτι
657 3861 957 3933 ὑδροπότει,
987 3859 1101 3912 ἀλλ’
1123 3860 1250 3929 οἴνῳ
1290 3859 1452 3928 ὀλίγῳ
1474 3859 1588 3928 χρῶ
1632 3857 1719 3912 διὰ
1765 3858 1852 3910 τὸν

281 3954 556 4024 στομαχόν
584 3969 698 4018 σου,
723 3953 816 4006 καὶ
847 3951 944 4014 τὰς
975 3950 1184 4014 πυκνάς
1235 3967 1326 4002 σου
1351 3950 1649 4010 ἀσθενείας.
1689 3968 1707 3999 ι

359 4152 379 4185 ι
414 4135 572 4187 Ἔστι
610 4133 878 4205 πορισμὸς
911 4132 1085 4204 μέγας
1116 4134 1149 4204 ἡ
1180 4133 1428 4186 εὐσέϐεια
1472 4131 1609 4203 μετὰ
1651 4133 1855 4204 αὐταρ-

279 4229 462 4289 κείας.
488 4228 652 4281 Οὐδὲν
677 4227 786 4298 γὰρ
805 4227 1200 4298 εἰσηνέγκαμεν
1225 4229 1304 4290 είς
1352 4226 1442 4278 τὸν
1498 4227 1722 4296 κόσμον,
1759 4226 1854 4294 δῆ-

275 4319 372 4371 λον
422 4320 503 4371 ὅτι
558 4316 676 4369 οὐδὲ
734 4317 1034 4384 ἐξενεγκεῖν
1087 4332 1140 4367 τι
1193 4315 1484 4384 δυνάμεθα.
1521 4316 1774 4385 Ἔχοντες
1797 4317 1852 4368 δὲ

278 4409 579 4481 διατροφὰς
636 4409 730 4462 καὶ
789 4409 1182 4479 σκεπάσματα,
1242 4407 1452 4469 τούτοις
1499 4406 1850 4478 ἀρκεσθησώο

285 4502 453 4574 μεθα.
486 4520 506 4552 ι

357 4596 472 4650 Οὐκ
500 4593 730 4664 εὖχομαι
754 4591 1022 4655 πλουτεῖν,
1051 4589 1173 4642 οὔτε
1200 4589 1422 4659 ἔραμαι,
1448 4590 1586 4644 ἀλλά
1617 4609 1713 4660 μοι
1765 4592 1848 4661 εἴη

281 4687 400 4758 ζωὴ
434 4685 540 4739 ἀπὸ
562 4685 668 4737 τῶν
688 4683 884 4752 ὀλίγων
913 4682 1076 4752 μηδὲν
1107 4682 1280 4751 ἔχοντι
1303 4681 1536 4733 κακόνίι.

353 4777 612 4848 Μεγάλην
634 4776 724 4846 ἔχε
746 4775 842 4845 τὴν
869 4774 1045 4844 ψυχήν
1073 4789 1087 4803 ⁸
1108 4775 1276 4842 τοῖχοι
1299 4772 1356 4824 δὲ
1387 4771 1574 4842 μικροὶ
1603 4772 1697 4825 καὶ
1733 4771 1853 4840 μεί-

279 4873 410 4937 ζους
436 4870 535 4942 τὴν
554 4870 721 4940 αὐτὴν
749 4869 937 4938 χρείαν
963 4865 1309 4937 παρέχονται.

364 5051 432 5104 Ἥ
455 5048 806 5119 οἱκονομοῦσα
833 5047 890 5100 τὸ
921 5046 1056 5111 ζῶον
1097 5046 1344 5116 δύναμις,
1379 5044 1708 5115 αὐτάρκειαν
1747 5044 1847 5115 μὲν

277 5142 377 5194 καὶ
415 5140 663 5211 λιτότητα
702 5139 898 5210 ῥᾳδίως
921 5137 1337 5206 κατειργάσατο,
1372 5137 1466 5206 καὶ
1505 5136 1748 5206 ᾡκείωσε
1771 5137 1847 5208 τῷ

276 5233 599 5303 τρεφομένῳ
622 5245 637 5262 ο
659 5229 1004 5283 πολυτέλειαν
1030 5228 1086 5282 δὲ
1110 5228 1204 5282 καὶ
1253 5227 1521 5281 ποικιλίαν
1547 5228 1848 5301 βρωμάτων

277 5323 692 5395 παραλαϐοῦσα,
727 5319 845 5375 εἶτα
901 5323 1171 5391 ἀντισχεῖν
1227 5320 1470 5392 πρὸςοτὺ
1528 5321 1702 5392 πέρας
1748 5323 1846 5376 οὐκ

277 5417 644 5487 ἐξαρκέσασα,
711 5415 781 5469 τὰ
861 5412 1075 5469 ποικίλα
1130 5413 1260 5485 γένη
1333 5413 1443 5468 τῶν
1525 5416 1845 5486 νοσημάτων

278 5508 555 5579 ἐποίησεν.

1875 4535 1928 4593 D

1973 572 2266 626 cuniarum
2292 576 2625 643 injttstarum
2654 594 2777 633 cum
2808 582 3011 652 jurgio.
3039 601 3056 633 ι

2045 664 2213 723 Prov.
2267 685 2392 733 xxx,
2436 671 2489 724 8.
2520 701 2590 711 -—
2626 691 2643 723 ι
2684 672 2910 728 Divitias
2959 682 3012 728 et
3064 688 3440 744 paupertatem
3471 696 3540 736 ne

1972 755 2192 814 dederis
2253 761 2408 826 mihi,
2440 763 2534 816 sed
2595 765 2878 819 constitue
2912 766 3044 820 mihi
3076 782 3196 834 quae
3227 772 3540 825 necessaria

1971 860 2101 903 sunt
2153 858 2208 904 et
2237 852 2610 921 snﬂicientia;
2667 872 2736 910 ne
2797 856 2942 911 forte
3001 859 3253 923 satiatus,
3302 865 3540 918 mendax

1971 939 2117 1004 flant,
2172 950 2227 996 et
2259 943 2438 997 dicam
2474 963 2486 998 :
2529 945 2662 1011 Quis
2701 963 2786 1002 me
2818 948 3006 1002 videt?
3036 947 3099 1003 Et
3115 959 3358 1020 egestate
3384 968 3537 1006 com-

1967 1031 2182 1099 pulsus,
2219 1032 2388 1100 furer,
2418 1045 2471 1089 et
2498 1037 2730 1106 pejerem
2756 1053 2954 1094 nomen
2989 1038 3108 1095 Dei.
3162 1059 3181 1091 ι

2038 1121 2197 1176 Prov.
2231 1139 2358 1187 xxv,
2419 1125 2507 1189 16,
2534 1126 2626 1180 27.
2661 1157 2730 1166 —
2761 1144 2778 1177 ι
2820 1127 2922 1182 Mel
2973 1130 3277 1198 reperiens,
3313 1131 3540 1186 comede

1966 1222 2235 1279 quantum
2293 1215 2429 1268 satis
2460 1223 2580 1280 est;
2618 1231 2686 1269 ne
2723 1215 2865 1271 forte
2924 1219 3184 1283 satiatus,
3208 1236 3430 1276 evomas
3468 1220 3537 1274 il-

1965 1303 2079 1356 lud.
2109 1301 2407 1358 Comederc
2436 1307 2663 1359 nmltum
2703 1308 2877 1363 mellis
2908 1325 3013 1363 non
3044 1319 3127 1365 est
3157 1312 3380 1368 bonum.
3408 1331 3428 1363 ι

2027 1393 2202 1446 Eccle.
2221 1395 2418 1457 tv,6.—
2435 1414 2452 1446 ι
2478 1396 2760 1452 llleliorest
2778 1399 3011 1468 pugillns
3031 1417 3172 1455 unus
3187 1417 3308 1456 cum
3326 1403 3536 1472 requie,

1964 1503 2126 1556 quam
2161 1488 2446 1558 plenitudo
2481 1491 2711 1544 duorum
2754 1494 3085 1562 pugillorum
3114 1511 3238 1549 cum
3269 1498 3472 1552 labore.
3513 1517 3530 1548 ι

2035 1578 2203 1633 Eccli.
2265 1599 2351 1644 χι..
2416 1583 2502 1637 18.
2545 1601 2664 1634 -ι
2709 1583 2826 1638 Vita
2889 1586 3227 1642 sufﬁcientia:
3296 1591 3534 1660 operarii

1964 1670 2405 1725 condulcahitur.
2457 1691 2473 1723 ι

2038 1759 2209 1815 Eccli.
2263 1777 2418 1824 xxxx.
2451 1764 2542 1818 20.
2572 1794 2643 1804 —
2675 1785 2693 1817 ‹
2734 1764 2972 1822 Somnus
3003 1770 3257 1826 sanitatis
3307 1771 3360 1824 in
3397 1772 3536 1827 intc-

1891 1827 1934 1881 Β
1964 1850 2110 1904 stino
2139 1866 2328 1920 parco.
2360 1871 2378 1904 ι

2033 1939 2228 1994 Matth.
2257 1959 2311 2007 x,
2337 1942 2392 1996 9.
2423 1973 2491 1982 -—
2526 1963 2544 1995 ‹
2580 1943 2763 2000 Nolite
2790 1947 3088 2016 possidere,
3113 1965 3290 2019 neque
3314 1966 3534 2015 aurum,

1964 2046 2140 2102 neque
2164 2043 2472 2102 argentum,
2513 2051 2691 2106 neque
2721 2038 3011 2106 pecuniam
3047 2038 3101 2091 in
3128 2039 3284 2092 zonis
3311 2040 3532 2102 vestris,

1963 2138 2072 2177 non
2132 2139 2318 2192 peram
2379 2125 2437 2180 in
2474 2127 2582 2192 via,
2620 2143 2799 2198 neque
2862 2131 3000 2184 duas
3062 2132 3301 2194 tunicas,
3360 2146 3535 2200 neque

1962 2214 2353 2281 calceamenta,
2411 2233 2590 2288 neque
2620 2219 2820 2290 virgas.
2855 2221 3060 2292 Dignus
3115 2230 3199 2278 est
3228 2221 3371 2278 enim
3405 2238 3535 2293 ope-

1966 2305 2154 2360 rarius
2181 2307 2302 2361 cibo
2328 2322 2454 2362 suo.
2496 2327 2514 2360 ι

2037 2396 2161 2450 Act.
2192 2412 2267 2460 tv,
2295 2398 2387 2451 52.
2416 2427 2484 2440 -—
2524 2417 2541 2451 ι
2574 2397 2943 2456 Multitudinis
2977 2408 3158 2455 autem
3189 2401 3531 2456 credentium

1961 2498 2082 2541 erat
2108 2503 2204 2542 cor
2232 2503 2397 2541 unum
2423 2498 2478 2543 ct
2503 2489 2686 2543 anima
2747 2505 2876 2556 una,
2904 2506 3006 2545 nec
3027 2492 3316 2560 quisquam
3341 2507 3532 2546 eorum

1961 2595 2086 2648 quae
2116 2579 2454 2649 possidebat,
2516 2582 2726 2650 aliquid
2774 2597 2936 2637 suum
2967 2597 3092 2639 esse
3128 2583 3345 2640 dicebat
3385 2600 3400 2638 :
3435 2583 3532 2638 sed

1961 2679 2122 2726 erant
2147 2671 2252 2726 illis
2287 2671 2468 2725 omnia
2501 2674 2838 2727 communia.
2871 2692 2889 2726 ι

2029 2761 2150 2817 Act.
2173 2777 2267 2826 xx,
2291 2762 2382 2816 55.
2415 2792 2484 2801 -
2515 2782 2533 2814 ι
2561 2764 2887 2833 Argentum,
2913 2775 2967 2820 et
2996 2781 3218 2831 aurum,
3245 2775 3298 2822 et
3325 2779 3528 2823 vestem

1959 2855 2166 2909 nullius
2189 2855 2495 2924 concupivi.
2533 2854 2637 2924 Ipsi
2692 2857 2848 2911 scitis
2880 2859 3138 2927 quoniam
3201 2859 3266 2912 ad
3306 2874 3369 2914 ea
3409 2876 3531 2927 quae

1959 2947 2093 3001 mihi
2155 2963 2293 3018 opus
2329 2956 2510 3008 erant.
2557 2956 2613 3003 et
2667 2949 2752 3004 his
2789 2965 3002 3005 mecum
3038 2959 3215 3017 erant,
3249 2953 3529 3007 minisu'a-

1958 3050 2157 3093 verunt
2188 3053 2382 3092 manus
2420 3038 2558 3092 istas.
2593 3057 2611 3089 ι

2034 3118 2265 3198 Philipp.
2330 3147 2446 3195 vin,
2481 3132 2566 3196 ll,
2627 3131 2810 3184 19η-
2840 3151 2858 3184 ι
2899 3131 3011 3203 Ego
3061 3134 3207 3189 enim
3268 3135 3437 3190 didici
3472 3137 3528 3192 in

1957 3225 2156 3294 quibus
2185 3238 2330 3286 sum,
2359 3223 2637 3279 sufﬁciens
2662 3239 2806 3278 esse.
2844 3223 2971 3280 Seio
2994 3241 3094 3295 ego
3120 3237 3174 3281 et
3196 3227 3470 3281 humiliari
3509 3245 3524 3280 :

1955 3314 2072 3368 scio
2128 3320 2184 3368 et
2210 3312 2496 3367 abundare
2543 3320 2558 3383 (
2595 3315 2798 3384 ubique
2835 3324 2888 3369 et
2946 3318 3207 3371 omnibus
3238 3319 3528 3374 institutus

1955 3402 2119 3471 sum)
2153 3413 2208 3456 et
2232 3404 2448 3468 satiari,
2481 3412 2533 3458 et
2563 3407 2800 3470 esurire,
2847 3416 2901 3460 et
2935 3408 3239 3475 abundare,
3274 3417 3327 3465 et
3353 3427 3527 3482 penu-

1955 3493 2093 3545 riam
2124 3493 2257 3561 pati.
2286 3492 2482 3547 Omnia
2511 3510 2733 3563 possunt
2768 3496 2824 3550 in
2859 3512 2926 3552 eo
2961 3498 3054 3567 qui
3093 3515 3179 3554 me
3228 3501 3524 3566 confortat,

1953 3583 2194 3638 Christo.
2230 3603 2248 3636 ι

2028 3677 2188 3732 Hebr.
2236 3693 2357 3744 xui,
2390 3678 2443 3732 5.
2476 3708 2543 3720 —-
2579 3697 2598 3730 ι
2663 3681 2919 3735 Contenti
2969 3684 3356 3751 praesentibus.
3407 3685 3527 3756 Ipse

1953 3769 2097 3824 enim
2131 3769 2304 3823 dixit:
2342 3767 2461 3822 Non
2486 3777 2536 3824 le
2565 3769 2836 3832 deseram,
2864 3785 2960 3825 nec
2989 3779 3042 3826 te
3066 3773 3443 3843 derelinquam
3470 3796 3520 3830 ,ι

2029 3859 2060 3913 Ι
2099 3859 2235 3915 Tim.
2267 3877 2320 3927 v,
2353 3859 2443 3914 25.
2475 3889 2545 3902 --
2579 3879 2597 3912 ι
2627 3859 2746 3914 Noli
2786 3876 2982 3930 aquam
3038 3863 3248 3927 bibere,
3285 3863 3380 3918 sed
3408 3882 3525 3919 mo—

1954 3952 2077 4008 dico
2099 3953 2228 4006 vino
2257 3962 2409 4008 utere
2454 3962 2676 4023 propter
2705 3955 3074 4018 stomachum,
3129 3962 3183 4010 et
3206 3954 3524 4026 frequentes

1956 4051 2080 4096 tuas
2120 4042 2516 4098 infirmitates.»

2024 4133 2050 4186 I
2081 4132 2220 4186 Tim.
2256 4149 2327 4197 vt,
2351 4133 2407 4186 6.
2441 4161 2512 4170 —
2544 4149 2563 4182 ι
2610 4131 2710 4184 Est
2734 4137 2915 4186 autem
2964 4145 3198 4201 magnus
3253 4141 3522 4203 qua'stus,

1955 4227 2127 4297 pietas
2142 4241 2266 4281 cum
2291 4223 2795 4280 sullicientia.Nihil
2819 4223 3104 4278 intulimus
3130 4225 3181 4278 in
3216 4226 3474 4279 mundum
3507 4243 3523 4290 ;

1955 4318 2096 4372 haud
2133 4317 2358 4371 dubium
2400 4314 2547 4384 quod
2615 4329 2720 4369 nec
2771 4315 2986 4368 auferre
3037 4316 3164 4383 quid
3205 4331 3522 4385 possumus.

1955 4409 2232 4464 Habentes
2286 4409 2452 4478 igitur
2480 4406 2740 4461 alimenta
2772 4413 2828 4461 et
2878 4405 3223 4469 vestimenta,
3263 4407 3348 4462 his
3385 4423 3518 4462 con-

1955 4502 2090 4556 tenti
2125 4502 2318 4556 simus.
2352 4519 2372 4552 ι

2023 4592 2194 4646 Basil.
2228 4589 2432 4644 —Non
2463 4603 2592 4661 OplO
2622 4591 2776 4646 dives
2804 4587 2948 4654 ﬁeri,
2978 4603 3081 4643 nec
3110 4586 3521 4654 desidero,’sed

1954 4697 2125 4754 parvo
2146 4681 2347 4742 vivere.
2389 4681 2679 4736 nihilmali
2713 4680 2984 4734 tolerans.

2027 4771 2217 4842 Ejmd.
2289 4773 2449 4828 Orat.
2488 4774 2575 4825 ad.
2611 4772 2762 4828 dicit.
2787 4801 2858 4811 —
2885 4768 2994 4823 Fac
3031 4785 3288 4842 magnum
3317 4770 3524 4827 habeas

1956 4866 2219 4918 animum.
2276 4863 2519 4918 Parietes
2576 4875 2756 4918 autem
2785 4878 2883 4919 seu
2937 4863 3112 4933 parvi,
3167 4881 3262 4920 seu
3319 4869 3522 4936 magni,

1955 4954 2208 5009 eumdem
2236 4954 2440 5008 habent
2467 4969 2647 5008 usum.

2024 5043 2184 5115 365
2234 5044 2428 5111 Ejusd.
2469 5055 2606 5098 orat.
2633 5045 2659 5097 1
2703 5043 2782 5098 De
2813 5043 3038 5113 jejunio.
3068 5072 3140 5086 —
3168 5042 3265 5100 Vis
3311 5060 3373 5099 ea
3416 5062 3523 5115 qua

1951 5137 2249 5191 animantis
2275 5136 2384 5190 vita
2414 5135 2788 5206 dispensatur,
2823 5136 3166 5205 moderatum
3203 5143 3257 5190 et
3297 5151 3520 5204 parcum

1953 5226 2137 5281 cibum
2169 5224 2331 5281 facile
2375 5224 2618 5290 conficit,
2651 5233 2705 5280 et
2754 5224 2810 5277 in
2841 5223 2962 5291 ejus
2989 5222 3136 5292 quod
3164 5221 3350 5286 alitur,
3392 5221 3523 5275 sub-

1951 5320 2209 5375 stantiam
2242 5319 2427 5374 vertit.
2463 5316 2568 5373 Ubi
2606 5325 2788 5372 autem
2831 5315 3116 5386 profusam
3156 5322 3212 5368 et
3262 5312 3524 5382 multipli-

1954 5427 2071 5467 cem
2096 5412 2345 5466 ciborum
2376 5410 2593 5481 copiam
2633 5408 2867 5478 accepit,
2902 5423 3025 5462 cum
3071 5405 3306 5461 subinde
3348 5404 3520 5459 imbe-

1952 5503 2128 5558 cillior
2165 5502 2238 5558 sit
2267 5515 2430 5572 quam
2481 5508 2541 5555 ut
2577 5516 2697 5556 eam
2757 5499 2915 5570 plene
2944 5511 3288 5567 concoquere
3320 5494 3518 5558 valeat,

1947 5593 2101 5648 varia
2124 5594 2442 5649 morborum
2472 5607 2670 5664 genera
2695 5597 2964 5663 procreat.

1546 5683 1775 5740 VARIAZ
1813 5684 2213 5740 LECTIONES.

351 5773 608 5850 q_Billius_
634 5775 726 5850 hic
755 5792 947 5850 verens
979 5775 1176 5850 duos‘a
1211 5773 1414 5850 Solope
1440 5783 1699 5850 acceptus
1723 5775 1858 5830 dicit
1887 5793 1901 5841 ;
1945 5775 1999 5829 in
2034 5773 2184 5850 _R_ttp.
2219 5772 2968 5850 veroinscriptiomfragmenti
3011 5773 3283 5850 haecest‘:
3321 5770 3507 5850 Beat}.

277 5844 355 5910 ὡς
378 5845 489 5901 ἀπὸ
513 5846 787 5915 Θεόγνιδος
816 5862 830 5877 ’
861 5846 1032 5902 Basil.
1063 5844 1200 5900 velut
1226 5860 1289 5899 ea:

1379 5840 1625 5912 Iteognidc
1647 5862 1665 5898 :
1693 5855 1745 5899 et
1778 5840 1922 5901 recte
1953 5840 2197 5915 quidem.
2237 5844 2368 5899 Vide
2403 5840 2603 5900 llomil.
2641 5844 2712 5897 De
2741 5843 2943 5912 legend.
2980 5842 3162 5911 gemit.
3198 5840 3294 5893 lib.
