3910 6422
595 339 732 403 ῐ223

1761 337 1823 397 S.
1860 335 2102 397 JOANN
2108 337 2181 396 IS
2218 338 2655 404 οΑΜΑςοΕΝΙ

3712 356 3823 420 ῙΞἋ

657 456 743 511 Ea:
769 469 961 511 canon.
992 452 1177 508 Const.
1207 483 1272 495 —
1298 452 1520 509 Abusus
1550 459 1637 507 est
1694 450 1841 506 facta
1884 451 2027 505 ultra
2068 467 2158 507 ne-

2340 458 2696 532 Παράχρησίς
2745 462 2893 519 ἐστιν
2925 464 2959 536 ἡ
2995 464 3136 537 ὑπὲρ
3193 466 3292 537 τὴν
3352 470 3542 553 χρείαν
3608 471 3823 543 δαπάνη.

588 550 902 605 cessitatem
940 549 1211 617 impensa.
1265 544 1342 599 Eo
1390 546 1621 600 vestium
1682 560 1818 599 usus
1872 545 2069 609 tendit,
2102 553 2163 599 ut

588 655 809 697 carnem
833 645 1101 709 quantum
1131 636 1200 690 ad
1238 634 1461 706 frigoris
1476 645 1529 690 et
1552 642 1721 689 aestus
1743 633 1974 704 injurias
2027 634 2162 689 satis

588 737 682 801 sit,
718 733 1061 802 obtegamus.
1118 727 1281 783 Hunc
1323 742 1453 782 vero
1504 735 1775 796 suscepta:
1821 727 2163 801 paupertatis

591 826 813 880 modum
846 823 1111 877 Dominus
1148 819 1509 890 praescripsit,
1562 828 1620 873 ut
1660 818 1729 873 ad
1764 818 1980 873 unicam
2012 818 2162 873 tuni-

588 934 708 975 cam
733 933 929 974 omnes
960 917 1229 986 cujusque
1256 928 1387 984 opes
1418 913 1761 981 redigantur.

657 1011 801 1069 Naz.
845 1010 1001 1067 Orat.
1029 1008 1149 1063 adv.
1182 1006 1371 1060 Arian.
1420 1035 1489 1045 --
1542 1003 1689 1058 Nihil
1737 1018 1804 1057 ex
1852 1002 1960 1058 illis
2002 1002 2163 1059 rebus

586 1110 893 1173 laudamus,
923 1121 1044 1177 qua:
1074 1111 1364 1173 postquam
1385 1102 1438 1156 in
1462 1101 1654 1155 fauces
1684 1099 2023 1154 transmissae
2049 1097 2162 1153 fue-

583 1208 736 1267 runt,
765 1200 884 1272 pari
922 1199 1182 1267 deinceps
1214 1197 1421 1255 honore
1467 1201 1619 1257 sunt,
1663 1193 1773 1245 imo
1814 1190 1997 1261 potius
2025 1189 2163 1244 viles

584 1307 639 1350 et
668 1293 976 1365 cjiciendae.
1014 1290 1218 1347 Verum
1276 1287 1604 1359 simpliciter
1661 1289 1797 1340 adeo
1838 1292 1892 1339 et
1925 1300 1991 1339 ex
2026 1292 2165 1339 tem-

582 1403 715 1459 pore
742 1387 1001 1449 vivimus,
1030 1394 1088 1438 ut
1119 1396 1314 1452 parum
1344 1381 1487 1434 inter
1520 1394 1622 1432 nos
1662 1387 1715 1432 et
1755 1375 1959 1431 bestias
1993 1376 2165 1430 inter-

581 1478 676 1543 sit,
708 1477 908 1547 quibus
945 1475 1099 1529 nullo
1135 1471 1317 1536 modo,
1351 1470 1571 1525 nullave
1596 1476 1712 1522 arte
1736 1478 1958 1537 paratus
1986 1467 2163 1520 victus

580 1576 688 1625 est.

1187 1652 1271 1707 Ea:
1317 1661 1545 1707 seruent.

648 1755 885 1807 Honesta
910 1756 1191 1818 paupertas
1217 1745 1456 1818 omnibus
1486 1745 1680 1818 opibus
1704 1744 1970 1798 antecellit

650 1820 821 1877 Grave
842 1816 920 1875 est
940 1835 1086 1889 egere
1111 1832 1127 1870 .'
1153 1826 1207 1870 at
1230 1817 1441 1886 gravius
1470 1816 1609 1870 male
1630 1816 1897 1870 ditescere.

646 1937 807 2005 Nyss.
842 1951 999 1988 serm.
1034 1933 1068 1986 5
1096 1932 1147 1985 in
1185 1930 1338 1986 Orat.
1378 1930 1530 1985 Dom.
1560 1959 1631 1968 —
1662 1928 2011 1985 Condimcnti
2038 1928 2159 1982 loco

577 2028 674 2083 tibi
704 2029 774 2082 sit
809 2026 1043 2103 esuries.
1098 2031 1159 2077 ut
1203 2038 1301 2078 nec
1342 2023 1691 2078 saturitatem
1736 2021 1969 2091 adjicias
2007 2030 2161 2077 satu-

577 2119 750 2180 ritati,
778 2133 880 2173 nec
914 2116 1137 2186 crapula
1169 2113 1445 2170 obtundas
1476 2114 1804 2184 appetitum.

648 2206 793 2262 Ibid.
823 2205 1019 2271 —Qui
1061 2203 1206 2258 diem
1258 2202 1356 2258 tibi
1400 2201 1513 2268 dat,
1551 2217 1615 2258 ea
1664 2216 1883 2273 quoque
1932 2216 2054 2272 quac
2102 2201 2159 2255 in

576 2301 720 2357 diem
757 2314 897 2369 opus
932 2305 1083 2363 sunt,
1112 2296 1286 2351 dabit.

570 2404 574 2415 ‘
646 2393 924 2463 Chrysost.
957 2421 1028 2430 —
1052 2390 1234 2444 Pauca
1266 2396 1411 2444 recte
1442 2387 1647 2442 habere
1686 2385 1858 2440 multo
1891 2394 2161 2455 praestan-

576 2485 705 2550 tius,
735 2499 897 2555 quam
926 2482 1095 2537 multa
1126 2482 1413 2537 scelerate.
1458 2477 1766 2548 Frugalitas
1797 2476 2015 2532 assidue
2042 2493 2164 2531 ver-

576 2582 692 2630 sata
716 2617 730 2641 ,
767 2574 855 2628 ubi
898 2571 1115 2643 longius
1154 2569 1508 2642 processerit,
1554 2568 1799 2623 libidinis
1839 2566 2161 2639 disciplinas

573 2667 737 2722 delet.

647 2754 784 2809 Nili.
832 2782 903 2796 --
934 2752 1100 2811 Cibis.
1148 2762 1303 2809 utere
1355 2768 1466 2807 non
1516 2761 1629 2806 tam
1681 2751 1946 2823 jucundis
1993 2766 2159 2822 quam

573 2847 823 2902 utilibus.

643 2939 881 3011 Evagrii.
905 2969 977 2978 —
997 2938 1093 2993 Vir
1119 2937 1401 2993 studiosus
1424 2936 1644 2991 virtutis
1665 2937 1857 3007 paucis
1883 2936 2158 3006 indigens,

572 3035 629 3089 in
670 3033 912 3088 confinio
958 3032 1213 3085 mortalis
1243 3039 1297 3084 et
1326 3030 1653 3085 immortalis
1696 3037 1906 3085 natura:
1935 3038 2054 3098 est;
2103 3038 2161 3084 ut

572 3142 752 3198 neque
803 3126 875 3180 ob
938 3124 1175 3179 mortale
1235 3138 1442 3193 corpus
1496 3130 1694 3194 egeat,
1744 3139 1921 3193 neque
1969 3124 2158 3180 multis

572 3231 711 3284 opus
748 3214 946 3269 haheat
974 3222 1198 3283 propter
1226 3213 1468 3267 animum
1523 3213 1953 3269 immortalitatis
2003 3215 2159 3285 cupi-

571 3309 727 3363 dum.

572 3442 706 3499 TIT.
752 3442 965 3499 XXVII.
997 3474 1066 3485 —
1101 3443 1177 3497 De
1206 3444 1506 3513 deceptione
1542 3444 1934 3514 certocomilio
1958 3444 2105 3514 facta
2133 3464 2153 3501 :

638 3516 878 3585 quodque
921 3531 1004 3581 ea,
1044 3531 1163 3568 cum
1191 3514 1311 3568 dolo
1353 3523 1521 3579 caret,
1568 3513 1775 3569 laudem
1815 3516 2024 3570 auctori
2057 3534 2154 3573 suo

638 3587 906 3640 conciliet.

639 3696 772 3754 Gen.
817 3713 987 3762 xxvu,
1030 3698 1179 3754 6-17.
1210 3728 1280 3740 -
1317 3715 1337 3748 ι
1378 3697 1526 3755 Dixit
1580 3697 1826 3754 Rebecca
1865 3697 1935 3754 ad
1979 3696 2161 3756 Jacob‘

569 3789 740 3845 lilium
763 3805 924 3846 suum
960 3789 1283 3859 iuniorem:
1320 3789 1461 3845 Ecce
1500 3791 1685 3845 audivi
1734 3800 1944 3861 patrem
1995 3800 2151 3847 tuum

568 3880 886 3952 loquentem
920 3883 989 3937 ad
1025 3881 1171 3939 Esau
1211 3882 1435 3937 fratrem
1467 3890 1647 3948 tuum,
1670 3893 1724 3938 et
1746 3884 2023 3940 dicentem
2053 3885 2100 3940 ei
2132 3904 2145 3940 :

567 3975 720 4032 Aﬁ‘er
737 3975 870 4030 mihi
893 3976 1259 4040 venationem,
1305 3983 1361 4031 et
1394 3974 1481 4030 fac
1502 3974 1636 4029 mihi
1668 3974 1880 4044 edulia;
1911 3985 1965 4032 et
1992 3992 2151 4031 man-

568 4066 778 4122 ducans
804 4065 1126 4122 hcnedicam
1158 4065 1257 4121 tibi
1298 4080 1485 4121 coram
1542 4065 1795 4133 Domino,
1828 4069 2147 4139 priusquam

568 4156 792 4212 moriar.
817 4154 975 4210 Nunc
1004 4170 1157 4227 ergo,
1192 4156 1266 4210 tili
1294 4156 1389 4221 mi,
1420 4155 1549 4211 audi
1572 4172 1660 4211 me
1690 4158 1997 4213 secundum
2026 4175 2149 4229 quae

2271 551 2480 615 Σκοπὸς
2527 552 2753 625 ἐσθῆτος
2802 556 2883 621 είς
2936 556 3201 629 κάλυμμα
3261 554 3398 613 εἶναι
3464 551 3680 633 σαρκὸς
3715 569 3825 636 arpi;

2268 644 2512 715 χειμῶνα
2541 646 2636 698 καί⁵
2662 645 2817 717 θέρος
2840 646 3130 722 αὔταρκες.
3178 652 3599 726 Ἀκτημοσύνην
3632 657 3824 729 ἐκείνην

2268 734 2372 805 ἔφη
2401 737 2429 788 ὁ
2465 737 2669 807 Κύριος
2692 738 2753 792 τὸ
2782 738 2977 809 μέτρον
3008 739 3167 805 εἶναι,
3198 741 3339 796 ὥστε
3368 745 3449 807 είς
3483 745 3583 799 τὸν
3626 747 3824 819 ἔσχατον

2268 828 2468 900 χιτῶνα
2498 831 2665 886 αὑτοῦ
2692 832 2921 888 ἕκαστον
2950 837 3298 906 περιεστάναι
3327 840 3429 908 τὴν
3462 839 3685 912 κτῆσιν-

2339 1009 2454 1064 Οὑκ
2501 1011 2834 1083 ἐπαινοῦμέν
2873 1030 2927 1066 τι
2965 1012 3072 1066 τῶν
3119 1014 3257 1084 μετὰ
3300 1016 3393 1069 τὸν
3430 1017 3643 1088 λαιμὸν
3675 1020 3824 1088 opmi-

2272 1120 2411 1174 μων,
2439 1102 2639 1173 μᾶλλον
2660 1104 2717 1157 δὲ
2743 1104 2976 1175 ἀτίμων,
3008 1107 3207 1175 ὁμοίως
3226 1108 3319 1161 καὶ
3342 1108 3703 1179 ἀποϐλήτωνο

2268 1194 2449 1264 ζῶμεν
2482 1194 2655 1258 οὕτως
2686 1194 2872 1259 ἁπλῶς
2902 1196 2994 1249 καὶ
3026 1196 3270 1267 σχεδίως,
3299 1198 3395 1251 καὶ
3437 1199 3646 1270 μικρόν
3669 1217 3721 1252 τι
3744 1199 3820 1251 τὲςν

2268 1286 2492 1357 θηρίων,
2517 1282 2599 1353 οἷς
2636 1290 2665 1341 ὁ
2705 1288 2819 1358 βίος
2864 1288 3095 1354 ἄσκευος
3126 1291 3220 1343 καὶ
3247 1291 3702 1363 ἁνεπιτήδεω,
3735 1292 3819 1343 δυο

2267 1380 2543 1452 φέροντες.

2338 1744 2662 1821 Κρείᾳσων·
2685 1743 2860 1821 area-.113
2886 1741 3517 1821 ἐπαμετὴῃπαζούτοιρ
3544 1743 3816 1821 κακίστου.

2196 1826 2237 1881 Β
2335 1813 2543 1866 Δεινὸν
2564 1812 2890 1877 πείνεσθαι,
2924 1813 3126 1882 age/“por
3151 1811 3204 1865 δ’
3232 1811 3534 1881 εὐπορεῖν
3559 1813 3758 1876 κακῶς.

2335 1926 2503 1997 Ὀψον
2538 1944 2618 1980 σοι
2652 1926 2894 1995 γένεσθω
2922 1929 2956 1999 ἡ
2986 1927 3183 1991 ἔνδεια,
3216 1927 3313 1981 καὶ
3356 1910 3426 1982 τδ
3469 1926 3556 1998 μὴ
3582 1928 3817 1981 ἒπῶαλείν

2260 2019 2420 2088 κόρον
2459 2016 2537 2088 τῷ
2580 2017 2749 2089 κόρῳ,
2790 2018 2925 2089 μηδὲ
2967 2016 3263 2089 ἀμϐλύνειν
3310 2020 3387 2090 τῇ
3436 2019 3712 2090 κραιπάλῃ
3736 2019 3816 2089 τὴν

2326 2120 2457 2165 εξιν.
3244 2120 3251 2126 ’

2258 2110 2518 2274 ὅρῗῗᾍὴν
2540 2200 2756 2274 ἡμέραν
2799 2199 2996 2268 διδοὺς,
3025 2201 3121 2254 καὶ
3150 2202 3221 2254 τὰ
3255 2202 3339 2265 είς
3374 2199 3486 2273 τὴν
3530 2202 3723 2273 ἡμέραν
3742 2215 3797 2251 σα

2257 2292 2441 2349 δώσει.

2330 2386 2404 2442 Τὸ
2433 2387 2614 2452 καλῶς
2638 2387 2781 2458 ἔχειν
2806 2386 2982 2455 ὀλίγα,
3013 2385 3148 2440 πολὺ
3178 2384 3531 2456 τιμιώτερον
3551 2384 3644 2439 τοῦ

2261 2478 2405 2549 ἔχειν
2432 2478 2626 2534 πολλά.
2644 2479 2709 2531 Ἦ
2733 2478 2957 2547 εὐτελὴς
2980 2478 3160 2531 δίαιτα
3184 2476 3527 2548 κυλιομένη,
3544 2477 3640 2531 καὶ
3656 2475 3809 2546 πραῢ-

2262 2589 2398 2625 πτου
2406 2587 2492 2637 σα,
2511 2571 2602 2625 ἐπὶ
2615 2571 2753 2626 πολὺ
2775 2568 3032 2625 καταλύει
3048 2572 3117 2623 τὰ
3128 2568 3228 2639 τῆς
3243 2569 3527 2641 πορνείας
3544 2569 3809 2639 μαθήματι-

2331 2749 2530 2813 Σιτίοις
2574 2749 2712 2821 χρῶ,
2764 2748 2839 2820 μὴ
2891 2752 3003 2813 τοῖς
3041 2747 3243 2819 ἡδέσιν,
3300 2748 3453 2803 ἀλλὰ
3498 2750 3614 2810 τοῖς

2306 2859 2407 2897 οις.

2306 2859 2355 2896 οι
2390 2881 2407 2897 .

2264 2859 2304 2913 μ
2450 2934 2742 3009 σπουδαῖος
2801 2933 3097 3004 ὁλιγοδεὴς,
3152 2932 3441 2987 ἀθανάτου
3496 2934 3598 2987 καὶ
3657 2929 3815 3001 θνητῆς

2262 3026 2478 3098 φύσεως
2508 3027 2789 3100 μεθόριος-ο
2825 3028 2885 3080 τὸ
2931 3028 3029 3096 μὲν
3061 3026 3272 3090 ὲπιδεὲς
3320 3026 3497 3098 ἔχων,
3550 3027 3638 3081 διὰ
3691 3024 3819 3093 οὑξ-ιι

2262 3120 2475 3191 θνητὸν,
2503 3122 2566 3174 τὸ
2612 3121 2673 3175 δὲ
2720 3120 2795 3193 μὴ
2840 3119 3115 3183 πολυδεὲς.
3164 3119 3256 3175 διὰ
3307 3119 3509 3191 ψυχὴν
3563 3119 3817 3190 ἐφιεμένῃ

2257 3213 2575 3277 ἀθανασίας.

2255 3468 2432 3522 ΤΙΤΛ.
2465 3468 2804 3536 ΚΖ’.--Περὶ
2836 3468 3067 3532 ἀπατης
3092 3469 3217 3520 κατ’
3242 3469 3613 3536 οἰκονομίαν
3650 3482 3817 3536 ταυρ-

2323 3542 2471 3606 ένης
2502 3538 2600 3592 καὶ
2646 3538 2733 3591 ὅτι
2762 3538 2959 3605 ἀπάτη
2994 3537 3176 3592 δόλου
3204 3538 3581 3607 ἀμοιροῦσα,
3605 3539 3817 3592 ἐπαινοῖ

2323 3608 2607 3677 προξενεῖ
2632 3609 2712 3673 τῷ
2744 3608 3074 3677 δεδρακότι.

2327 3717 2347 3749 ‹
2390 3695 2526 3752 Εἷπε
2569 3698 2833 3752 Ῥεϐέκκα
2864 3699 3001 3770 πρὸς
3044 3698 3234 3752 Ἰακὼϐ
3262 3697 3357 3752 τὸν
3383 3700 3513 3754 υἱὸν
3553 3701 3723 3772 a’xﬁ;
3744 3702 3813 3753 sta

2250 3793 2551 3866 νεώτερον*
2596 3795 2728 3849 Ἰδοὺ
2778 3794 2889 3864 ἐγὼ
2930 3796 3138 3867 ἤκουσα
3182 3794 3486 3860 λαλοῦντος
3512 3797 3614 3851 τοῦ
3644 3795 3814 3866 πατρὶς

2252 3904 2346 3940 σου
2373 3888 2512 3958 πρὸς
2547 3887 2719 3942 Ἠσαῦ
2744 3888 2837 3942 τὸν
2861 3887 3090 3959 ἀδελφόν
3128 3905 3244 3956 σου,
3269 3888 3539 3959 λέγοντος
3559 3909 3577 3925 ο
3614 3890 3811 3959 Ἕνετκέ

2253 3997 2344 4052 μοι
2380 3980 2576 4051 θήραν,
2605 3982 2700 4036 καὶ
2734 3981 2959 4052 ποίησόν
2991 4000 3081 4053 μοι
3130 3982 3449 4053 ἐδέσματα*
3507 3987 3609 4039 καὶ

2249 4070 2530 4140 εὐλογήσω
2561 4088 2621 4125 σε
2644 4071 2888 4126 ὲναντίον
2916 4073 3123 4145 Κυρίου
3152 4074 3262 4145 πρὸ
3286 4074 3385 4127 τοῦ
3419 4076 3718 4131 ἀποθανεῖν
3738 4091 3805 4145 με.

2248 4162 2362 4217 Νῦν
2386 4162 2504 4230 οὖν,
2538 4165 2642 4227 υἱὲ,
2670 4165 2901 4219 ἄκουσόν
2937 4182 3060 4236 μου,
3101 4167 3243 4221 καθὰ
3281 4166 3397 4236 ὲγὼ
3444 4186 3535 4223 σοι
3592 4168 3807 4224 ἐντέλλο-

565 4249 831 4319 praecipio
866 4248 989 4314 tibi,
1023 4258 1077 4303 et
1112 4262 1347 4318 pergens
1409 4247 1478 4301 ad
1525 4262 1745 4317 pecora,
1792 4249 1980 4319 accipe
2010 4251 2144 4304 mihi

2276 4273 2375 4319 ιαι,
2395 4257 2489 4310 καὶ
2512 4256 2801 4328 πορευθεὶς
2818 4259 2898 4322 είς
2924 4258 2993 4311 τὰ
3025 4259 3292 4328 πρόϐατα,
3326 4260 3465 4314 λάϐε
3500 4280 3601 4331 μοι
3626 4262 3807 4316 ὲκεέθεν

566 4339 694 4396 inde
720 4340 859 4396 duos
889 4339 1075 4395 haedos
1109 4348 1329 4395 teneros
1355 4344 1409 4394 et
1449 4340 1711 4409 optimos,
1739 4347 1794 4394 et
1826 4338 2021 4402 faciam
2051 4356 2146 4397 eos

2278 4348 2338 4403 ύο
2365 4348 2586 4420 ἐρίφους
2623 4350 2863 4414 ἁπαλοὺς
2883 4352 2973 4405 καὶ
3003 4352 3221 4418 καλοὺς,
3257 4354 3350 4406 καί¹
3377 4355 3601 4426 ποιήσω
3637 4356 3807 4414 αὐτοὺς

564 4429 747 4485 edulia
782 4431 923 4501 patri
954 4438 1071 4494 tuo,
1102 4437 1157 4484 et
1194 4428 1587 4496 manducabit;
1622 4437 1681 4484 ut
1715 4429 2006 4485 benedicat
2044 4432 2141 4486 tibi

2276 4437 2516 4509 δέσματα
2540 4439 2618 4511 τῷ
2638 4440 2804 4512 πατρί
2827 4458 2945 4505 σου,
2965 4443 3057 4495 καὶ
3088 4444 3340 4512 φάγεται,
3365 4445 3523 4509 ὅπως
3558 4447 3805 4515 solaris;

568 4526 723 4589 pater
748 4528 876 4575 tuus
907 4520 1231 4590 priusquam
1268 4519 1555 4574 moriatur.
1589 4519 1736 4575 Dixit
1764 4532 1945 4576 autem
1973 4519 2145 4578 Jacoh

2276 4547 2312 4582 re
2336 4531 2364 4581 ὁ
2393 4532 2574 4602 πατήρ
2597 4548 2690 4585 σου
2711 4533 2818 4602 πρὸ
2835 4533 2928 4587 τοῦ
2953 4534 3114 4588 αὐτὸν
3133 4535 3447 4591 ἀποθανεῖν.
3469 4533 3617 4591 Eine
3646 4539 3700 4592 δὲ
3724 4540 3805 4591 Ὶιο

566 4611 634 4665 ad
668 4612 974 4666 Reheccam
1043 4618 1275 4666 matrem
1303 4623 1457 4664 suam
1489 4628 1503 4664 :
1542 4608 1639 4665 Est
1683 4610 1852 4667 frater
1880 4628 2033 4668 meus
2058 4615 2144 4685 pi-

2276 4620 2365 4674 :do6
2390 4624 2523 4692 πρὸς
2545 4623 2844 4677 Ῥεϐέκκαν
2866 4626 2963 4697 τὴν
2982 4625 3195 4697 μητέρα
3208 4626 3394 4680 αὑτοῦ·
3410 4629 3615 4683 Ἔστιν
3634 4634 3662 4685 ὁ
3683 4630 3803 4685 atiel-

566 4701 884 4772 losus;ego
911 4710 1094 4757 autem
1132 4702 1221 4757 vir
1261 4702 1419 4756 lenis.
1467 4699 1545 4757 Ne
1602 4702 1742 4759 forte
1770 4709 2144 4761 attrectaverit

2276 4713 2345 4774 ›ός
2393 4730 2495 4783 μου
2527 4714 2665 4786 ἀνὴρ
2706 4715 2892 4779 δασὺς,
2940 4717 3049 4785 ἐγὼ
3098 4717 3157 4770 δὲ
3208 4716 3346 4788 ἀνὴρ
3395 4719 3569 4785 λεῖος.
3602 4725 3800 4792 Μήποτε

565 4807 653 4847 me
682 4800 839 4863 pater
873 4808 1047 4858 meus,
1082 4801 1137 4848 et
1165 4809 1261 4849 ero
1287 4795 1341 4848 in
1377 4803 1679 4864 conspectu
1729 4795 1848 4864 ejus
1886 4806 1946 4850 ut
1986 4813 2143 4867 sper-

2276 4804 2545 4879 νηλαφήσῃ
2598 4824 2666 4877 με
2709 4809 2747 4861 ὅ
2788 4810 2969 4879 πατήρ
3023 4825 3144 4879 μου,
3192 4811 3290 4862 καὶ
3336 4809 3546 4881 ἔσομαι
3590 4815 3801 4866 innisa

564 4898 741 4938 nens:
777 4892 831 4937 et
861 4882 1116 4937 inducam
1148 4899 1312 4953 super
1339 4900 1425 4940 me
1454 4884 1917 4949 maledictionem,
1954 4895 2008 4944 et
2029 4903 2139 4944 non

2276 4895 2408 4949 ,ὐτοῦ
2442 4896 2518 4960 ὡς
2550 4899 2937 4969 καταφρονῶν
2966 4901 3061 4954 καὶ
3093 4901 3277 4968 ἐπάξω
3298 4902 3385 4953 ἐπ’
3406 4904 3664 4973 ἐμαυτὸν
3696 4921 3801 4957 κατ.

563 4975 1022 5032 benedictionem.
1047 4975 1193 5043 Dixit
1220 4983 1401 5031 autem
1430 4986 1602 5031 mater
1629 4995 1641 5031 :
1676 4976 1735 5031 In
1766 4992 1852 5031 me
1885 4978 2141 5034 sitmale-

2276 5005 2404 5057 Lpav,
2437 4989 2532 5042 καὶ
2586 4991 2685 5044 οὐκ
2737 4990 3010 5062 εὐλογίαν.
3044 4988 3177 5045 Εῐπε
3212 4993 3267 5045 δὲ
3300 4995 3488 5065 μήτηρ
3512 5010 3530 5022 ·
3584 4999 3703 5051 Ἐπ’
3725 4997 3796 5065 se:

562 5068 731 5123 dictio
788 5075 913 5132 tua,
946 5065 1057 5132 fili;
1087 5066 1265 5145 solum
1295 5066 1455 5121 obedi
1477 5068 1595 5122 voci
1628 5082 1781 5122 meae.
1825 5066 1893 5121 Et
1938 5068 2140 5123 vadens

2276 5132 2278 5145 ,
2304 5078 2518 5149 κατάρα
2555 5096 2670 5145 σου,
2700 5080 2890 5134 τέκνον
2914 5097 2928 5110 ·
2974 5081 3135 5151 μόνον
3160 5082 3471 5137 ὑπάκουσον
3503 5086 3625 5156 τῆς
3649 5086 3795 5156 φωνῆς

562 5160 748 5214 attulit
779 5160 939 5214 matri
964 5173 1098 5214 suae.
1119 5159 1473 5231 Etaccipiens
1501 5159 1744 5216 Rebecca
1772 5160 1967 5215 stolam
1993 5160 2133 5216 Esau

2276 5184 2369 5220 LOU.
2417 5170 2525 5223 Καὶ
2568 5171 2853 5240 πορευθεὶς
2902 5172 3091 5241 ἔνεγκε
3142 5176 3206 5245 τῇ
3255 5177 3426 5244 μητρὶ
3483 5176 3703 5232 αὐτοῦ’
3730 5178 3795 5228 καὶ

560 5250 660 5305 filii
698 5250 784 5307 sui
838 5251 1075 5307 senioris
1100 5250 1408 5320 pulchram,
1453 5266 1575 5321 quae
1621 5259 1741 5306 erat
1775 5253 1920 5324 apud
1962 5252 2135 5322 ipsam

2276 5260 2478 5315 αϐοὖσα
2516 5260 2781 5329 Ῥεϐέκκα
2802 5264 2900 5335 τὴν
2934 5266 3126 5335 στολὴν
3163 5266 3334 5319 Ἠσαῦ
3366 5268 3465 5320 τοῦ
3490 5272 3622 5324 υἱοῦ
3660 5270 3796 5336 αὐτῆς

560 5340 730 5407 domi,
763 5343 940 5398 induit
958 5342 1127 5398 Jacob
1158 5343 1326 5396 lilium
1363 5356 1523 5397 suum
1543 5343 1834 5412 iuniorem,
1879 5352 1935 5397 et
1977 5344 2142 5413 pelles

2276 5352 2332 5404 οὗ
2381 5352 2754 5425 πρεσϐυτέρου
2803 5358 2903 5426 τὴν
2950 5356 3139 5428 καλὴν,
3167 5358 3203 5429 ἢ
3248 5354 3315 5432 ἦν
3365 5363 3501 5433 παρ’
3552 5364 3722 5433 αὐτὴν
3752 5362 3796 5413 ἐν

561 5431 844 5489 haedorum
881 5435 1282 5515 circumposuit
1339 5433 1547 5488 circum
1604 5433 1827 5489 brachia
1885 5436 2028 5503 ejus,
2088 5447 2141 5491 et

2276 5444 2315 5514 ᾧ
2343 5439 2496 5515 οἴκῳ,
2523 5446 2737 5499 ἐνέδυσε
2785 5444 2979 5501 Ἰακὼϐ
3012 5451 3102 5503 τὸν
3136 5450 3248 5503 υἱὸν
3282 5431 3463 5523 αὐτῆς
3491 5456 3593 5508 τὸν

563 5536 729 5590 super
774 5523 919 5578 nuda
964 5525 1090 5579 colli
1152 5526 1398 5593 ejus;et
1420 5522 1570 5578 dedit
1630 5538 1787 5581 escas
1842 5524 1899 5579 in
1939 5541 2136 5581 manus

2276 5549 2352 5596 ον,
2389 5532 2484 5585 καὶ
2515 5534 2585 5587 τὰ
2619 5534 2862 5606 δέρματα
2927 5539 3036 5591 τῶν
3086 5540 3288 5610 ἐρίφων
3334 5522 3641 5615 περιέθηκε
3690 5544 3796 5611 =5?-

560 5612 731 5669 Jacob
758 5615 854 5670 filii
901 5618 1009 5682 sui,
1057 5633 1197 5689 quas
1227 5618 1412 5673 intulit
1448 5620 1589 5688 patri
1636 5634 1758 5675 suo.
1798 5639 1818 5671 ι

2276 5626 2362 5687 οὺς
2393 5625 2682 5699 βραχίονας
2712 5632 2898 5699 αὐτοῦ,
2941 5636 3034 5688 καὶ
3066 5636 3159 5688 ἐπὶ
3200 5636 3268 5688 τὰ
3319 5640 3503 5708 γυμνὰ
3553 5612 3652 5695 τοῦ
3680 5656 3795 5711 τραο

562 5706 728 5800 χήλου
764 5709 951 5773 αὐτοῦ,
991 5713 1087 5766 καὶ
1112 5712 1279 5767 ἔδωκε
1306 5713 1376 5767 τὰ
1403 5712 1675 5784 ἐδέσματα
1710 5716 1790 5780 εἰς
1812 5714 1910 5780 τὰς
1946 5719 2136 5789 χεῖρας
2185 5717 2379 5772 Ἰακὼϐ
2405 5721 2500 5775 τοῦ
2534 5724 2650 5778 υἱοῦ
2694 5727 2890 5799 αὐτῆς,
2938 5730 3032 5783 καὶ
3074 5706 3405 5800 εἰσήνεγγειεή
3472 5730 3553 5800 τῷ
3640 5706 3795 5799 πατρῖ

560 5798 751 5858 αὐτοῦ.
787 5820 807 5856 ι
