4024 6456
347 352 481 417 1225
1126 438 1133 447 ι
1615 354 1848 412 SACRA
1883 352 1901 410 1

2007 354 2075 411 lA
2086 355 2342 414 LLELA.
3440 365 3574 430 19.26

408 485 426 514 ι
481 466 683 538 Ῥαχὴλ
710 465 867 520 ἔλαϐε
894 466 957 518 τὰ
991 464 1207 531 εἴδωλα,
1246 465 1336 518 καὶ
1360 464 1621 519 ἐπέϐαλεν
1654 466 1792 519 αὐτὰ
1820 469 1897 527 εἰς

2072 465 2199 520 Cen.
2232 483 2379 532 xxxv,
2441 468 2530 531 54,
2584 471 2672 524 55.
2708 503 2777 511 —
3050 495 3067 526 ι
3105 477 3307 533 Rachel
3364 489 3577 554 accepit

340 560 399 612 τὰ
424 559 683 628 σάγματα
716 558 815 627 τῆς
858 558 1127 629 καμήλου,
1173 560 1267 612 καὶ
1321 559 1647 614 ἐπεκάθισεν
1699 561 1901 622 αὐτοῖς,

334 656 427 703 καὶ
464 649 583 703 εἷπε
628 650 706 720 τῷ
754 652 919 722 πατρὶ
952 652 1155 720 αὐτῆς·
1198 653 1273 705 Οὐ
1316 654 1556 722 δύναμαι
1600 652 1903 722 ἀναστῆναι

332 743 565 797 ἒνώπιόν
615 761 730 808 σου,
756 744 837 797 ὅτι
876 746 904 796 6
948 744 1275 814 κατεθισμὺς
1306 743 1412 797 τῶν
1442 745 1767 813 γυναικείων
1800 745 1903 818 μού

334 852 503 889 εστιν.
539 854 557 887 ι

406 947 427 980 ι
482 928 792 999 Ἀπηγγέλη
834 932 899 1001 τῇ
931 929 1126 1001 Θάμαρ
1167 928 1447 998 λέγοντες’
1486 929 1615 983 Ἰδοὺ
1652 932 1679 982 6
1714 928 1905 981 πενθε-

332 1022 428 1092 ρός
461 1038 555 1074 σου
601 1021 880 1075 ἀναϐαίνει
928 1024 1110 1093 κεῖραι
1151 1021 1220 1075 τά
1267 1021 1517 1092 πρόϐατα
1559 1019 1745 1074 αὐτοῦ.
1795 1021 1906 1073 Καὶ

330 1113 638 1184 ἀφελομένη
674 1112 742 1166 τά
790 1113 977 1181 ἱμάτια
1013 1114 1111 1183 τῆς
1156 1112 1468 1184 χηρεύσεως
1521 1111 1711 1179 αὐτῆς,
1747 1127 1904 1180 περι·

331 1204 495 1258 έϐαλε
531 1204 593 1257 τὸ
624 1203 925 1276 θέριστρον,
956 1205 1052 1258 καὶ
1084 1204 1512 1263 ὲκαλλωπίσατο,
1533 1206 1625 1255 καὶ
1654 1202 1904 1255 ἐκάθισεν

330 1298 389 1348 ἐν
440 1296 659 1368 παρόδῳ
694 1295 905 1366 Θαμνᾷ.
943 1291 1063 1348 Εἷδε
1096 1295 1203 1365 γὰρ
1245 1296 1325 1348 ὅτι
1371 1295 1543 1365 μέγας
1571 1293 1760 1363 γέγονε
1800 1293 1905 1363 Ση-

328 1389 487 1460 λώμ’
518 1388 679 1452 αὐτὸς
723 1389 780 1442 δὲ
828 1390 889 1441 ού
931 1388 1160 1442 δέδωκεν
1194 1388 1355 1441 αὑτὸν
1393 1389 1471 1450 εἰς
1508 1391 1759 1456 γυναῖκα.
1793 1386 1905 1438 Kal

329 1482 460 1534 ἰδὼν
499 1480 699 1543 Ἰούδας
723 1479 912 1550 αὐτὴν,
939 1478 1175 1544 ἐξέκλινε
1214 1479 1349 1549 πρὸς
1393 1478 1583 1548 αὐτὴν,
1631 1478 1726 1532 καὶ
1750 1473 1904 1532 εἶπεν

328 1575 469 1645 αὐτῇ
493 1590 506 1603 '
542 1573 740 1626 Ἔασόν
789 1588 858 1643 με
898 1572 1159 1624 εἰσελθεῖν
1209 1571 1347 1643 πρὸς
1372 1571 1455 1624 σέ.
1483 1571 1557 1622 Ού
1590 1570 1699 1641 γὰρ
1739 1569 1901 1637 ἔγνω,

327 1666 415 1718 ὅτι
445 1664 629 1735 νύμφη
656 1662 821 1718 αύτοῦ
858 1665 1024 1718 ἐστιν.
1069 1664 1135 1717 Ἦ
1164 1662 1222 1717 δὲ
1258 1658 1379 1717 εἷπε
1406 1680 1420 1693 ο
1452 1664 1518 1716 Τί
1555 1680 1645 1733 μοι
1690 1661 1901 1725 δώσεις,

327 1758 427 1809 ἐὰν
478 1756 723 1827 εἰσέλθῃς
772 1755 909 1826 πρός
966 1772 1073 1826 με;
1152 1754 1211 1807 '0
1261 1754 1318 1808 δὲ
1369 1750 1555 1807 εἶπεν·
1624 1752 1767 1821 Ἐγώ
1820 1769 1901 1804 σοι

2008 557 2171 621 idola,
2204 568 2257 613 et
2287 561 2474 627 injecit
2507 578 2569 616 ea
2611 565 2665 617 in
2717 575 3018 621 stramenta
3057 573 3273 636 cameli,
3333 585 3386 628 et
3433 579 3577 631 sedit

2008 661 2171 714 super
2194 648 2271 701 eis
2292 664 2306 712 ;
2331 658 2385 701 et
2412 649 2551 703 dixit
2583 653 2726 719 patri
2763 669 2863 707 suo
2896 674 2908 709 :
2943 655 3063 711 Non
3094 675 3318 728 possum
3352 681 3578 736 surgere

2007 752 2189 792 coram
2222 741 2441 810 te,quia
2475 759 2596 813 quae
2617 758 2875 802 consueta
2906 759 3035 804 sunt
3060 755 3388 813 mulieribus
3442 762 3575 816 mihi

2007 830 2345 885 acciderunt.
2376 852 2395 886 ι

2078 920 2205 977 Gen.
2234 941 2466 989 xxxviii,
2503 929 2694 986 15-18.
2722 962 2791 972 —
2822 952 2839 983 ι
2882 934 2949 988 Et
2986 940 3297 1033 nuntiatuin
3327 955 3411 998 est
3436 947 3581 1000 Tha-

2008 1028 2142 1078 mar,
2174 1014 2419 1072 dicentes
2454 1036 2467 1072 :
2514 1020 2656 1077 Ecce
2700 1039 2859 1079 socer
2904 1038 3032 1084 tuus
3071 1014 3321 1088 ascen-dit
3349 1040 3578 1094 tondere

2007 1117 2137 1158 oves
2172 1120 2320 1163 suas.
2355 1106 2419 1160 Et
2451 1109 2708 1167 auferens
2748 1118 3073 1173 vestimenta
3100 1123 3383 1181 viduitatis
3410 1145 3521 1183 sua:
3548 1148 3579 1184 ιι

2008 1210 2084 1259 se,
2111 1199 2391 1265 cooperuit
2420 1215 2479 1255 se
2523 1201 2809 1269 theristro,
2845 1216 2898 1262 et
2924 1210 3212 1266 adornavit
3244 1232 3323 1279 se,
3354 1225 3406 1272 et
3437 1221 3579 1274 sedit

2006 1287 2059 1340 in
2090 1290 2323 1344 transitu
2352 1290 2617 1348 Thamna.
2636 1294 2786 1351 Vidit
2814 1302 2982 1364 enim,
3001 1304 3127 1371 quia
3146 1308 3370 1374 grandis
3402 1310 3577 1367 factus

2005 1389 2087 1434 est
2116 1381 2293 1436 Selom
2328 1401 2340 1437 :
2376 1385 2492 1453 ipse
2514 1394 2693 1442 autem
2727 1405 2835 1444 non
2872 1392 3021 1448 dedit
3054 1411 3172 1451 eam
3219 1399 3294 1453 illi
3328 1416 3575 1458 uxorem.
3639 1384 3644 1390 ’

2005 1469 2071 1523 Et
2104 1472 2295 1528 videns
2323 1473 2514 1544 Judas,
2555 1477 2848 1537 declinavit
2906 1486 2973 1539 ad
3011 1502 3153 1554 eam,
3198 1500 3251 1545 et
3299 1492 3437 1547 dixit
3477 1498 3523 1549 ei
3560 1514 3573 1550 :

2007 1562 2185 1619 Sinito
2229 1582 2315 1621 me
2354 1569 2561 1625 intrare
2611 1574 2677 1627 ad
2708 1580 2789 1638 te;
2843 1593 2953 1631 non
2999 1581 3144 1635 enim
3195 1587 3414 1653 agnovit
3450 1593 3575 1657 quia

2004 1670 2179 1711 nurus
2213 1672 2310 1712 sua
2342 1667 2445 1716 est.
2499 1663 2569 1716 At
2602 1664 2691 1719 illa
2728 1666 2865 1721 dixit
2904 1686 2917 1721 :
2967 1670 3109 1736 Quid
3167 1675 3298 1729 mihi
3338 1678 3492 1733 dabis
3531 1684 3575 1734 si

2008 1740 2296 1798 intraveris
2330 1747 2397 1800 ad
2433 1751 2558 1803 me?
2584 1753 2672 1806 cui
2699 1755 2775 1807 ait
2808 1772 2820 1809 :
2858 1757 2973 1825 Ego
3025 1758 3120 1815 tibi
3161 1766 3319 1819 mitto
3361 1767 3573 1823 inodum

326 1847 645 1902 ἀποστέλλω
666 1821 863 1919 ’έριφον
891 1821 1064 1915 αἰγῶν
1090 1848 1155 1900 ὲκ
1194 1845 1303 1898 τῶν
1339 1845 1625 1917 προϐάτων
1665 1861 1787 1914 μου.
1836 1844 1899 1895 Ἠ

2007 1848 2294 1903 caprarum
2317 1838 2385 1892 de
2416 1842 2610 1899 ovibus
2644 1847 2798 1902 meis.
2839 1849 2931 1903 llla
2968 1867 3094 1906 vero
3118 1854 3255 1909 dixit
3286 1876 3298 1911 :
3332 1856 3405 1911 Da
3440 1863 3573 1916 mihi

327 1939 387 1991 δὲ
430 1934 551 1992 εἷπε
573 1955 587 1969 ο
619 1938 720 2002 Δὸς
757 1938 1072 2011 ἀρραϐῶνα,
1116 1938 1220 2000 ἕως
1249 1955 1310 1992 ου
1352 1937 1668 1990 ἀποστεῖλαί
1722 1953 1805 1989 σε.
1840 1937 1900 1989 Ὀ

325 2031 388 2085 δὲ
417 2026 567 2084 εἷπε·
614 2031 747 2083 Τίνα
789 2029 943 2083 δώσω
972 2047 1055 2083 σοι
1085 2030 1401 2100 ἀρραϐῶνα.
1456 2029 1519 2082 Ἢ
1551 2029 1607 2083 δὲ
1636 2026 1755 2082 εἷπε
1780 2044 1793 2057 ·
1825 2028 1899 2081 Τὸ

326 2124 612 2178 δακτύλιόν
641 2141 759 2188 σου,
793 2125 886 2177 καὶ
918 2124 1007 2176 τὸν
1032 2124 1315 2195 ὁρμίσκον,
1341 2123 1436 2177 καὶ
1461 2123 1559 2193 τὴν
1588 2123 1779 2191 ῥάϐδον
1802 2123 1900 2193 τὴν

326 2219 388 2269 ὲν
418 2220 484 2287 τῇ
508 2216 648 2287 χειρί
679 2234 792 2269 σου.
839 2215 947 2269 Kal
972 2215 1173 2268 ἔδωκεν
1210 2216 1371 2286 αὐτῇ,
1404 2215 1498 2269 καὶ
1518 2213 1737 2281 εἰσῆλθε
1764 2213 1900 2286 πρὸς

322 2309 520 2379 αὑτὴν,
542 2310 636 2361 καὶ
666 2310 724 2361 ὲν
752 2310 949 2379 γαστρὶ
978 2307 1170 2361 ἐλαϐεν
1189 2307 1317 2378 παρ’
1350 2305 1536 2361 αὐτοῦ.
1572 2325 1592 2358 ι
1832 2379 1841 2386 _

401 2402 678 2467 Σχόλιον.
713 2400 888 2472 ιΤρεῖς
939 2399 1087 2462 υἱοὺς
1132 2398 1287 2469 ἔσχεν
1343 2400 1370 2451 6
1417 2397 1515 2467 τῆς
1547 2397 1745 2467 Θάμαρ
1777 2413 1902 2449 πενο

326 2491 490 2561 θερὸς
533 2490 752 2557 Ἰούδας,
789 2492 884 2544 καὶ
929 2491 1055 2554 τοὺς
1088 2490 1181 2543 δύο
1233 2489 1356 2543 καθ’
1397 2489 1493 2542 ’ένοι
1538 2485 1606 2559 ἦν
1660 2488 1902 2557 συνάψας

324 2586 491 2655 αὐτῇ.
541 2584 649 2637 Kal
694 2584 770 2649 ὡς
818 2582 1045 2646 ἄπαιδες
1096 2581 1493 2654 ἐτελεύτσηαν,
1545 2583 1902 2652 παρῃτήσατο

324 2675 423 2727 τὸν
446 2676 625 2745 τρίτον
662 2674 826 2728 αὐτοῦ
858 2674 1090 2743 συνάψαι
1122 2673 1256 2744 αὐτῇ
1284 2673 1417 2737 υἱὸν,
1441 2671 1763 2743 εὐλαϐηθεὶς
1797 2673 1901 2741 μή·

329 2783 467 2819 ποτε
514 2766 607 2819 καὶ
650 2766 810 2829 αὐτὸς
839 2769 1159 2837 τελευτήσῃ.
1208 2765 1405 2835 Θάμαρ
1442 2760 1534 2817 οὖν
1571 2766 1650 2826 εἰς
1698 2763 1757 2815 τὸ
1803 2762 1902 2831 τῆς

325 2859 587 2922 ἀτεκνίας
621 2859 817 2922 ὄνειδος
847 2858 1239 2929 περιπεσοῦσα,
1261 2858 1355 2910 καὶ
1387 2858 1478 2909 τὸν
1507 2855 1614 2909 ἀπὸ
1634 2854 1733 2923 τῆς
1765 2871 1900 2923 πορ-

327 2950 481 3013 νείας
530 2951 771 3004 κίνδυνον
834 2952 1184 3023 ὑφορωμένη,
1238 2951 1520 3020 οἰκονομίᾳ
1579 2947 1899 3018 χρησαμένη

331 3044 477 3097 κατὰ
510 3043 601 3098 τοῦ
633 3045 799 3114 αὐτῆς
843 3042 1128 3113 πενθεροῦ,
1164 3041 1364 3113 ἐμίχθη
1404 3040 1575 3111 αὐτῷ,
1610 3040 1704 3091 xal
1732 3039 1901 3091 τίκτει

326 3135 391 3198 ἐξ
420 3133 583 3186 αὐτοῦ
610 3134 803 3196 παῖδας
824 3134 937 3198 δύο,
970 3134 1060 3187 τὸν
1080 3133 1255 3203 Φαρὲς
1283 3132 1377 3184 καὶ
1404 3130 1494 3183 τὸν
1525 3132 1690 3198 Ζαρᾶ.

2006 1929 2389 1994 arrhabonem,
2430 1934 2603 1990 donec
2658 1948 2713 1991 tu
2766 1940 2972 1996 mittas.
3024 1942 3119 1998 Ille
3165 1956 3344 2001 autem
3394 1950 3569 2005 dixit:

2006 2015 2174 2081 Quem
2210 2019 2305 2073 tibi
2337 2023 2475 2077 dabo
2501 2025 2904 2082 arrhabonem?
2931 2030 3001 2083 At
3032 2032 3118 2085 illa
3152 2035 3287 2089 dixit
3327 2056 3340 2090 :
3385 2041 3573 2091 Annu-

2008 2107 2115 2160 lum
2154 2116 2329 2173 tuum,
2362 2122 2415 2166 et
2466 2129 2688 2183 parvum
2734 2119 2952 2184 monile,
2983 2135 3046 2174 ac
3093 2123 3299 2193 virgam
3337 2144 3457 2196 quae
3489 2139 3574 2183 est

2005 2197 2060 2252 in
2095 2215 2257 2254 manu
2290 2212 2397 2257 tua.
2430 2203 2496 2257 Et
2523 2205 2673 2262 dedit
2705 2209 2775 2275 ei,
2819 2217 2873 2263 ct
2910 2211 3134 2268 intravit
3165 2216 3230 2269 ad
3270 2233 3408 2272 eam.
3443 2220 3574 2286 Quae

2004 2291 2061 2344 in
2090 2300 2246 2347 utero
2270 2299 2519 2365 concepit
2546 2314 2610 2354 ex
2644 2316 2728 2355 eo.
2761 2321 2779 2352 ι

2078 2383 2255 2440 Schol.
2283 2419 2350 2427 ——
2372 2387 2507 2446 Tres
2536 2392 2675 2448 ﬁlios
2705 2395 2893 2452 habuit
2921 2398 3090 2454 Judas
3122 2416 3279 2457 socer
3310 2403 3572 2466 Thamar,

2007 2477 2095 2532 cui
2140 2478 2280 2534 duos
2339 2482 2658 2552 singulatim
2706 2487 2757 2540 in
2795 2492 3206 2549 matrimonium
3265 2497 3572 2553 collocavit.

2006 2567 2253 2638 Cumque
2286 2571 2378 2626 ille
2428 2564 2553 2628 'sine
2593 2575 2783 2631 liberis
2827 2578 3212 2648 decessissent,
3261 2588 3480 2640 tertium
3520 2591 3573 2642 ei

2007 2663 2267 2729 copulare
2289 2667 2596 2732 recusavit;
2624 2669 2832 2725 veritus
2855 2672 3085 2735 scilicet,
3113 2691 3182 2729 ne
3206 2683 3259 2731 et
3284 2679 3328 2732 is
3357 2695 3574 2748 queque.

2010 2764 2334 2810 moreretur.
2362 2755 2599 2812 Thamar
2633 2761 2817 2831 itaque
2847 2764 2900 2817 in
2943 2767 3208 2834 probrum
3266 2772 3576 2826 sterilitatis

2008 2844 2182 2912 lapSa,
2231 2855 2284 2900 et
2341 2848 2722 2907 fornicationis
2782 2856 3084 2923 periculum
3136 2868 3408 2925 metuens,
3454 2872 3575 2918 arte

2008 2937 2242 3005 quadam
2278 2948 2332 2994 et
2366 2944 2603 2997 consilio
2622 2945 2888 3002 adversus
2917 2964 3168 3004 socerum
3203 2968 3363 3007 suum
3390 2963 3571 3021 utens,

2008 3028 2057 3081 ei
2090 3044 2148 3083 se
2174 3031 2542 3096 commiscuit,
2590 3036 2841 3107 duosque
2874 3054 2939 3093 ex
2982 3041 3102 3110 ipso
3152 3043 3294 3099 filios
3324 3047 3571 3112 sustulit,

2009 3118 2212 3176 Phares
2248 3124 2503 3179 nimirum
2527 3135 2582 3181 et
2616 3128 2776 3184 Zara.

411 3182 728 3294 (est,
743 3182 1253 3296 ";s;i;.+,"ii;.15;.;,~;
1284 3182 1354 3294 ἐξῇ
1394 3182 1624 3295 θυγατρὲ
1650 3182 1897 3295 ίφαραιδο

2083 3211 2256 3269 Exod.
2295 3229 2357 3280 ιι,
2399 3215 2542 3272 7-10.
2566 3230 2633 3260 -’—
2664 3182 2858 3275 «δίιιῆ
2890 3237 3050 3277 soror
3076 3224 3275 3297 Moysis
3314 3228 3381 3281 ad
3407 3229 3573 3286 filiam

326 3310 521 3372 Θέλεις
569 3308 783 3363 καλέσω
837 3326 917 3362 σοι
972 3312 1203 3378 γυναῖκα
1252 3309 1626 3379 τροφεύουσαν
1680 3310 1743 3361 ἐκ
1791 3307 1897 3359 τῶν

340 3401 631 3473 Ἐϐραίων,
662 3403 757 3455 καὶ
784 3401 1023 3471 ηθηλάσει
1077 3419 1157 3454 σοι
1202 3401 1262 3455 τὸ
1314 3400 1523 3454 παιδίον
1554 3417 1568 3465 ;
1602 3400 1715 3453 Kal
1755 3398 1906 3452 εἶπεν

327 3495 471 3563 αὐτῇ
521 3495 555 3563 ἡ
603 3493 847 3564 θυγάτηρ
896 3493 1114 3564 Φαραῶ,
1168 3492 1430 3563 Πορεύου.
1474 3491 1737 3545 Ἐλθοῦσα
1778 3493 1835 3544 δὲ
1870 3494 1903 3562 ἡ

327 3585 783 3648 νεάνις,ὲκάλεσε
826 3583 926 3654 τὴν
974 3584 1185 3654 μητέρα
1237 3582 1328 3635 τοῦ
1376 3583 1612 3636 παιδίου.
1654 3578 1787 3635 Εἷπε
1839 3582 1897 3634 δὲ

328 3677 471 3747 πρὸς
502 3678 671 3747 αὐτὴν
718 3678 752 3748 ή
792 3676 1037 3747 θυγάτηρ
1080 3677 1308 3749 Φαραῶ-
1335 3674 1676 3746 Διατήρησόν
1721 3691 1810 3743 μοι
1838 3675 1899 3726 τὸ

328 3768 547 3821 παιδίον
571 3768 749 3832 τοῦτο,
799 3770 893 3821 καὶ
943 3768 1176 3839 θηλασόν
1214 3785 1303 3838 μοι
1339 3766 1502 3821 αύτ6’
1535 3765 1645 3835 ἐγὼ
1672 3766 1728 3819 δὲ
1751 3765 1906 3819 δώσω

330 3874 417 3909 σοι
457 3858 547 3909 τὸν
582 3857 793 3927 μισθόν.
840 3857 950 3911 Kal
997 3856 1186 3910 ἐλαϐεν
1212 3859 1244 3927 ή
1275 3857 1414 3926 γυνὴ
1446 3856 1506 3909 τὸ
1535 3855 1772 3922 παιδίον,
1812 3856 1907 3908 καὶ

328 3949 595 4014 ὂθήλασεν
624 3950 775 4003 αὐτό.
813 3967 831 4000 ι

406 4062 427 4096 ι
480 4044 819 4098 Ἀπέστειλεν
864 4044 1068 4115 Ἰησους
1089 4044 1180 4097 δύο
1211 4044 1410 4115 ἄνδρας
1445 4045 1509 4097 ἐκ
1555 4044 1731 4113 Σατιμ
1779 4058 1906 4095 σκο-

331 4136 535 4190 πεῦσαι
571 4136 668 4209 τὴν
724 4140 827 4207 γῆν
872 4138 967 4189 καὶ
1012 4136 1109 4205 τὴν
1151 4133 1377 4207 Ίεριχῶ.
1406 4136 1514 4189 Kal
1543 4134 1794 4203 εἰσῆλθον
1826 4136 1906 4197 είς

336 4230 512 4284 λὶκίαν
540 4232 792 4298 γυναικὸς
839 4231 1064 4300 πόρνης,
1106 4225 1344 4305 ᾖὸνομα
1388 4228 1576 4293 Ῥαὰϐ,
1624 4242 1719 4283 και
1774 4246 1907 4281 κατ-

310 4324 531 4382 ηέλυσαν
581 4324 714 4383 ἐκεῖ,
750 4323 857 4376 Kal
884 4324 1172 4393 ἀπηγγέλη
1210 4322 1289 4392 τῷ
1318 4322 1526 4392 βασιλεῖ
1561 4321 1788 4392 Ἱεριχῶ,
1822 4320 1908 4373 λε-

328 4416 540 4484 γόντων
561 4431 575 4447 ο
622 4415 1087 4484 Εἰσπεπόρευνται
1119 4408 1221 4467 ὧδε
1250 4414 1441 4485 ἄνδρες
1489 4414 1596 4466 τῶν
1642 4414 1775 4466 υἱῶν
1806 4413 1921 4466 Ἰσοο

330 4506 475 4579 ραὴλ
500 4508 941 4562 κατασκοπεῦσαι
979 4508 1076 4579 τὴν
1114 4507 1234 4576 γῆν.
1268 4509 1377 4559 Kal
1409 4507 1725 4559 ἀπέστειλεν
1752 4507 1781 4558 6
1806 4504 1902 4590 pa:

332 4599 522 4661 σιλεὺς
558 4596 790 4668 ’ῐεριχῶ,
820 4598 914 4651 καὶ
945 4591 1097 4649 εἶπεν
1130 4612 1267 4665 προς
1308 4594 1498 4657 Ῥαὰϐ,
1534 4600 1708 4661 λέγων
1730 4610 1744 4624 ο
1782 4592 1901 4656 Ἐξ-

328 4690 649 4759 άγαγετοὺς
673 4684 1153 4761 εἰσπορευομένους
1173 4688 1252 4749 είς
1273 4686 1370 4756 τὴν
1390 4685 1565 4738 οἰκίαν
1589 4701 1682 4736 σου
1712 4682 1900 4735 νύκτα.

331 4780 789 4834 Κατασκοπεῦσαι
820 4781 929 4853 γὰρ
957 4780 1056 4849 τὴν
1086 4780 1189 4849 γῆν
1221 4779 1447 4848 ἣκειισιν⁸
1473 4776 1566 4827 καὶ
1597 4773 1835 4828 λαϐοῦσα
1869 4774 1903 4842 ἡ

329 4875 471 4943 γυνὴ
512 4873 640 4937 τοὺς
683 4874 902 4943 ἄνδρας,
940 4871 1194 4942 ἔκρυψεν.
1236 4869 1345 4923 Kal
1376 4865 1539 4921 ιεῖπεν
1563 4885 1576 4897 ·
1614 4863 1903 4935 Εἱσεληλύ-

329 4965 459 5016 θασι
494 4964 629 5034 πρός
663 4980 731 5033 με
759 4965 810 5015 οἱ
852 4962 1144 5033 ἄνθρωποι,
1178 4960 1252 5023 ὡς
1279 4960 1334 5012 δὲ
1365 4960 1399 5030 ή
1429 4956 1572 5027 πύλη
1596 4957 1905 5009 ὲκέκλειστο

329 5058 390 5107 ὲν
422 5053 501 5124 τῷ
528 5053 729 5115 σκότει,
752 5053 848 5107 καὶ
870 5053 920 5105 οἱ
938 5051 1129 5121 ἄνδρες
1156 5049 1399 5119 ἐξῆλθον,
1425 5050 1518 5104 καὶ
1549 5049 1649 5101 οὐκ
1676 5047 1903 5100 ἐπίστα-

333 5164 435 5217 μαι
464 5145 567 5197 ποῦ
597 5144 977 5215 πεπόρευνται.
1001 5143 1111 5196 Kal
1139 5140 1505 5203 καταδιώξατε
1526 5139 1703 5192 ὀπίσω
1724 5138 1904 5190 αὐτῶν

332 5242 433 5290 xal
468 5234 853 5306 καταλήψεσθε
905 5234 1124 5296 αὐτούς.
1165 5232 1316 5302 Α’ύτη
1349 5232 1406 5284 δὲ
1444 5229 1766 5283 ἀνεϐίϐασεν
1806 5228 1903 5279 αὺ-

327 5328 459 5389 τοὺς
510 5328 602 5378 ἐπὶ
646 5326 708 5379 τὸ
754 5326 927 5396 δῶμα,
960 5327 1053 5378 καὶ
1083 5324 1316 5396 ἔκρυψεν
1349 5325 1407 5375 ὲν
1448 5325 1559 5381 τοῖς
1597 5320 1774 5387 ξύλοις
1802 5322 1903 5390 τῆς

314 5418 717 5491 νληνοκαλάμης
756 5419 852 5486 τῆς
899 5417 1325 5486 ἐστοιϐασμένης
1354 5416 1495 5486 αὐτῇ
1528 5415 1623 5466 ἐπὶ
1654 5413 1747 5465 τοῦ
1800 5411 1903 5464 δώ-

312 5528 527 5580 ματος.
550 5512 661 5563 Kal
686 5511 735 5562 οἱ
762 5508 952 5578 ἄνδρες
976 5507 1299 5571 κατεδίωξαν
1338 5506 1513 5559 ὀπίσω
1557 5504 1737 5557 αὐτῶν
1784 5503 1904 5555 ὁδ-ὶν

311 5601 428 5671 -τὴν
458 5600 551 5653 ἐπὶ
579 5598 672 5652 τοῦ
712 5598 975 5667 Ἰορδάνου
1019 5600 1110 5650 ἐπὶ
1161 5598 1259 5660 τὰς
1312 5595 1610 5656 διαϐάσεις.
1645 5593 1757 5645 Kal
1782 5593 1903 5659 ἐγέ-

318 5708 455 5745 ’νετο
501 5692 576 5755 ὡς
609 5690 828 5759 ἐξῆλθον
870 5692 917 5741 οἱ
946 5687 1253 5752 διώκοντες,
1283 5688 1424 5760 αὓτη
1454 5686 1621 5757 ἀνέϐη
1652 5687 1787 5756 πρὸς
1819 5686 1905 5737 αὑ-

330 5787 459 5848 τοὺς
507 5784 599 5837 ἐπὶ
647 5781 743 5834 τοῦ
792 5781 1059 5852 δώματος.
1108 5782 1205 5833 καὶ
1238 5777 1391 5837 εἷπεν
1434 5782 1651 5843 αὐτοῖς’
1686 5782 1780 5844 Εἰς
1807 5782 1906 5837 τὴν

615 5880 882 5939 Pyram.
920 5878 1035 5940 GR.
1070 5877 1237 5938 XCV.

1933 4555 1980 4613 Ι)

2010 3305 2311 3364 Pharaonis
2340 3328 2354 3364 :
2384 3309 2481 3366 Vis
2512 3316 2574 3366 ut
2605 3326 2789 3369 vocem
2828 3313 2927 3369 tibi
2980 3316 3261 3374 mulierem
3304 3324 3574 3378 nutricem

2008 3414 2073 3453 ex
2104 3399 2364 3465 Hebraeis,
2397 3413 2450 3456 et
2480 3404 2706 3459 lactabit
2750 3406 2850 3461 tibi
2892 3407 3183 3465 infantem.
3238 3410 3303 3466 Et
3340 3414 3477 3469 dixit
3525 3417 3572 3469 ei

2009 3490 2116 3545 lilia
2145 3492 2443 3549 Pharaonis
2471 3513 2483 3549 :
2516 3494 2686 3550 Vade.
2708 3496 2959 3553 Profecta
2982 3508 3163 3555 autem
3190 3504 3575 3571 puella,voca-

2008 3583 2089 3635 vit
2118 3595 2345 3639 matrem
2380 3588 2552 3656 pueri.
2589 3589 2734 3643 Dixit
2761 3599 2941 3645 autem
2965 3593 3030 3646 ad
3058 3608 3176 3647 eam
3203 3594 3311 3649 [ilia
3330 3596 3575 3651 Pharao-

2011 3674 2097 3729 nis
2132 3693 2146 3728 :
2181 3675 2345 3730 Serva
2388 3678 2515 3732 mihi
2556 3679 2815 3736 infantem
2872 3683 3075 3749 istum,
3132 3694 3185 3740 et
3245 3687 3388 3741 laeta
3441 3692 3575 3744 mihi

2007 3766 2196 3832 illum;
2232 3784 2331 3838 ego
2358 3786 2489 3824 vero
2533 3771 2675 3827 dabo
2706 3774 2804 3828 tibi
2855 3777 3183 3832 mercedem.
3234 3778 3300 3832 Et
3363 3784 3575 3852 accepit

2009 3858 2205 3913 mulier
2232 3859 2493 3916 infantem
2554 3872 2607 3917 et
2647 3864 2862 3919 lactavit
2896 3882 3041 3920 eum.
3080 3886 3098 3917 ι

2076 4034 2241 4090 Iosue
2272 4054 2331 4100 ιι,
2363 4042 2415 4092 1.
2440 4070 2509 4079 ——
2535 4060 2553 4090 ι
2585 4052 2733 4097 ιιιιειι
2755 4058 2913 4099 .esus
2939 4047 3080 4100 duos
3115 4047 3263 4101 viros
3298 4049 3367 4101 de
3402 4048 3574 4104 Satim

2009 4127 2075 4182 ad
2100 4131 2488 4199 explorandam
2522 4141 2745 4196 terram,
2784 4146 2836 4189 et
2860 4134 3101 4192 Iericho.
3139 4138 3201 4190 Et
3231 4139 3577 4195 intraverunt

2007 4223 2230 4276 domum
2284 4225 2531 4279 mulieris
2563 4218 2894 4294 meretricis,
2953 4230 3041 4283 cui
3076 4247 3273 4285 nomen
3307 4231 3481 4299 Raab,
3521 4244 3578 4289 et

2007 4314 2346 4370 diverterunt
2403 4316 2497 4370 ibi.
2530 4318 2593 4384 Et
2623 4321 2934 4373 nuntiatum
2967 4329 3051 4376 est
3078 4323 3189 4390 regi
3218 4320 3459 4390 Jerieho,
3488 4325 3578 4378 di-

2007 4398 2195 4460 centes
2228 4426 2242 4459 :
2281 4408 2515 4477 lngressi
2552 4421 2683 4463 sunt
2737 4410 2840 4463 huc
2870 4411 2971 4463 viri
3025 4410 3092 4464 de
3144 4413 3270 4467 filiis
3307 4413 3469 4466 Israel
3508 4415 3576 4467 ad

2010 4494 2401 4567 explorandam
2440 4509 2666 4555 terram.
2702 4501 2767 4554 Et
2795 4503 2945 4557 misit
2975 4518 3063 4557 rex
3108 4502 3350 4568 Jericho,
3399 4513 3455 4559 et
3501 4507 3581 4558 ait
3656 4494 3663 4501 ’

2010 4587 2078 4640 ad
2114 4584 2263 4639 Raab
2313 4586 2501 4641 dicens
2536 4607 2549 4640 :
2596 4587 2747 4641 Educ
2778 4604 2874 4643 eos
2906 4590 2997 4657 qui
3042 4590 3279 4659 ingressi
3308 4601 3439 4646 sunt
3478 4593 3580 4645 do-

2009 4692 2156 4731 mum
2186 4689 2333 4732 tuam
2371 4687 2530 4732 nocte
2565 4697 2577 4732 :
2618 4695 2746 4732 nam
2806 4680 2871 4732 ad
2928 4682 3322 4749 explorandam
3376 4693 3576 4738 terram

2008 4778 2277 4822 venerunt
2301 4768 2470 4837 (atqui
2506 4769 2701 4822 mulier
2735 4770 3011 4838 accipiens
3045 4772 3213 4834 viros,
3271 4774 3580 4829 absconde-

2008 4859 2137 4929 rat).
2168 4859 2234 4912 Et
2256 4859 2396 4913 dixit
2425 4878 2438 4915 :
2476 4860 2711 4930 lngressi
2747 4868 2877 4914 sunt
2915 4862 2983 4915 ad
3024 4878 3109 4916 me
3145 4864 3395 4919 homines
3430 4884 3441 4917 :
3481 4866 3576 4919 sed

2010 4965 2135 5004 cum
2171 4963 2323 5019 porta
2355 4952 2705 5006 clauderetur
2756 4952 2813 5005 in
2847 4953 3112 5018 tenebris,
3148 4964 3202 5009 et
3234 4956 3337 5008 viri
3371 4957 3580 5026 egressi

2008 5051 2158 5107 sunt,
2191 5053 2245 5097 et
2272 5045 2460 5099 nescio
2491 5061 2600 5113 quo
2635 5044 2851 5100 iverint.
2885 5044 3285 5115 Persequimini
3312 5056 3434 5115 post
3459 5062 3576 5112 eos,

2006 5144 2061 5190 et
2094 5136 2570 5206 comprehendetis
2599 5151 2715 5191 eos.
2744 5136 2861 5207 Ipsa
2896 5145 3077 5191 autem
3121 5138 3419 5191 ascendere
3451 5138 3582 5193 fecit

2007 5242 2101 5283 eos
2135 5228 2189 5282 in
2220 5228 2480 5282 solarium
2517 5238 2609 5282 :et
2640 5230 3014 5284 occultavitin
3040 5230 3203 5298 lignis
3237 5229 3329 5282 lini
3360 5229 3580 5298 stipulae

2006 5320 2331 5388 constipata:
2362 5320 2465 5389 sibi
2516 5337 2683 5390 super
2722 5322 3006 5375 solarium.
3044 5320 3109 5374 Et
3142 5320 3242 5373 viri
3303 5323 3578 5389 persecuti

2008 5420 2138 5466 sunt
2172 5418 2295 5480 post
2340 5428 2436 5466 eos
2469 5412 2633 5474 viam,
2676 5428 2795 5482 quae
2840 5422 2922 5466 est
2968 5426 3133 5480 super
3176 5409 3472 5465 Iordanem
3507 5410 3579 5465 ad

2007 5503 2167 5558 vada.
2206 5504 2270 5556 Et
2320 5503 2522 5557 factum
2584 5513 2699 5570 est,
2746 5513 3035 5575 postquam
3098 5505 3351 5560 exierunt
3395 5518 3581 5573 perse-

2008 5605 2261 5664 quentes,
2298 5595 2416 5664 ipsa
2448 5597 2699 5650 ascendit
2738 5597 2802 5649 ad
2832 5598 2956 5650 illos
2991 5597 3044 5649 in
3079 5595 3363 5660 solarium,
3415 5593 3578 5646 dixit-

2010 5702 2115 5757 que
2145 5688 2226 5743 eis
2269 5704 2283 5740 :
2329 5686 2386 5740 In
2442 5698 2758 5741 montanam
2792 5688 2957 5749 abite,
2998 5702 3065 5742 ne
3106 5686 3245 5741 forte
3283 5690 3580 5740 occurrent

2014 5781 2171 5837 vobis
2208 5790 2605 5851 perscouentes
2635 5796 2753 5836 vos.
2787 5790 2839 5835 et
2873 5779 3158 5835 latitabitis
3198 5778 3270 5831 ibi
3303 5786 3416 5831 tres
3438 5775 3578 5839 dies,

3149 5872 3297 5933 39.
