3910 6436
585 309 718 385 1:227

1755 300 1816 358 S.
1844 291 2161 358 JOANNIS
2203 291 2636 356 DAMASCENI

3694 283 3826 374 θ’

581 425 937 496 quoadusque
1021 417 1226 472 reversi
1295 424 1498 479 erunt,
1570 414 1661 484 qui
1747 416 2148 481 persequuntur

2264 405 2467 475 Βρεινὴν
2503 409 2793 475 ἀπέλθατε,
2827 411 2902 483 μὴ
2946 416 3349 483 συναντῆσωοιν
3377 420 3428 472 οἱ
3464 422 3824 478 καταδιώκον-

581 532 704 573 νος.
746 536 765 569 ι

654 697 681 752 1
718 696 846 768 Reg.
876 710 986 757 xvi,
1032 694 1077 746 Ι.
1106 722 1173 732 ——
1211 712 1227 743 ι
1266 691 1409 744 Dixit
1453 687 1711 742 Dominus
1760 686 1826 740 ad
1875 684 2098 740 Samuel
2135 702 2149 740 :

585 791 755 860 imple
813 804 986 844 cornu
1035 797 1191 839 tuum
1247 784 1397 845 oleo,
1456 791 1509 835 et
1563 779 1709 841 veni.
1754 776 1968 831 mittam
2005 784 2057 829 te
2097 774 2150 827 in

585 883 860 938 Bethleem
907 880 972 934 ad
1015 878 1200 938 Jessze,
1246 874 1405 946 367
1450 874 1579 943 quia
1624 869 1735 924 vidi
1790 868 1845 923 in
1881 868 2007 921 filiis
2032 867 2153 937 ejus

585 975 720 1027 mihi
780 974 985 1043 regem.
1020 969 1083 1022 Et
1111 968 1249 1022 dixit
1290 964 1513 1019 Samuel
1557 982 1570 1017 :
1615 960 1901 1028 Quomodo
1939 959 2068 1013 ibo?
2098 971 2152 1012 et

584 1065 769 1120 audiet
802 1062 953 1129 Saul,
984 1070 1039 1116 et
1073 1059 1360 1114 interficiet
1399 1072 1505 1111 me.
1537 1054 1603 1109 Et
1653 1054 1792 1108 dixit
1834 1052 2099 1105 Dominus
2135 1067 2149 1104 :

592 1157 829 1212 Vitulam
849 1155 1015 1209 boum
1052 1167 1182 1221 cape
1212 1152 1265 1205 in
1290 1165 1451 1204 manu
1484 1156 1598 1210 tua,
1631 1156 1682 1200 et
1706 1144 1857 1199 dices
1891 1164 1904 1199 :
1950 1144 2030 1196 Ad
2066 1158 2153 1197 sa-

584 1248 943 1306 crificandum
997 1246 1230 1301 Domino
1272 1244 1455 1297 venio.
1516 1242 1583 1296 Et
1633 1240 1853 1294 vocabis
1901 1236 2069 1292 Jessae
2097 1244 2153 1291 et

583 1341 728 1394 filios
752 1338 873 1408 ejus
936 1335 1002 1391 ad
1044 1333 1402 1395 sacriticium,
1453 1340 1508 1385 et
1556 1344 1729 1400 unges
1772 1342 2151 1398 quemcunque

578 1432 771 1485 dixero
798 1429 921 1483 tibi.
944 1426 1011 1481 Et
1043 1426 1169 1481 fecit
1197 1423 1419 1478 Samuel
1445 1422 1630 1478 omnia
1677 1435 1798 1490 qua
1826 1420 2044 1475 loculus
2068 1427 2152 1474 est

578 1522 845 1577 Dominus
869 1521 939 1573 ei.
974 1538 993 1570 ι

694 1614 831 1669 εΙιοι.
856 1611 992 1666 Hinc
1027 1610 1295 1666 discimus
1327 1607 1599 1662 interdum
1628 1612 1780 1660 certo
1799 1604 2034 1659 consilio
2065 1603 2154 1658 ad-

578 1707 944 1764 ministranda
974 1720 1096 1761 esse
1140 1702 1387 1773 negotia,
1414 1702 1527 1767 {nec
1574 1713 1788 1767 semper
1817 1696 2148 1750 auctoritate

576 1816 628 1857 ct
658 1801 947 1874 potestatis
977 1796 1340 1867 amplitudine
1373 1792 1660 1849 utendum.
1692 1789 2145 1859 Quandoquidem

582 1896 747 1959 Deus,
798 1892 889 1962 qui
937 1891 1025 1944 vel
1076 1904 1328 1943 sermone
1373 1888 1491 1943 solo
1552 1901 1640 1939 res
1688 1898 1881 1937 omnes
1924 1889 2069 1935 tenet
2097 1892 2152 1935 et

577 1986 741 2057 regit,
772 1995 826 2038 et
869 1981 1118 2037 funditus
1166 1980 1387 2035 Saulem
1438 1977 1795 2045 exstinguere
1837 1983 1892 2028 et
1920 1975 1974 2027 in
2007 1973 2150 2027 nihi-

579 2080 691 2131 lum
728 2074 982 2143 redigere
1036 2078 1272 2135 poterat,
1325 2067 1618 2138 imperavit
1665 2066 1909 2133 Samuel,
1940 2074 1997 2119 ut
2032 2077 2149 2120 arte

578 2169 820 2239 quadam
862 2164 1333 2236 percontationem
1364 2162 1485 2231 ejus
1524 2159 1797 2214 eluderet.

650 2259 677 2315 I
708 2259 831 2330 Reg.
866 2274 979 2322 xu,
1029 2256 1212 2311 12-14.
1253 2282 1323 2295 --
1359 2273 1377 2306 ι
1434 2252 1777 2307 Descendere
1828 2250 1961 2305 facit
2017 2250 2149 2306 Mel-

575 2353 700 2409 cltol
732 2351 899 2406 David
954 2366 1053 2420 per
1082 2348 1415 2403 fenestram:
1472 2354 1526 2400 et
1571 2344 1735 2414 fugit,
1773 2353 1829 2398 et
1876 2344 2146 2409 salvatur,

578 2444 645 2499 Et
676 2444 889 2513 accepit
943 2441 1181 2496 Melchol
1238 2437 1586 2507 cenotaphia,
1632 2443 1688 2490 et
1739 2435 1926 2505 posuit
1983 2449 2184 2512 super.

580 2540 780 2592 lectum
805 2578 822 2601 ,
853 2544 907 2590 et
934 2535 1095 2604 jecur
1136 2547 1456 2602 caprarum,
1490 2539 1542 2584 et
1576 2528 1876 2598 stragulum
1919 2527 2149 2598 capillo-

574 2645 698 2684 rum
717 2629 899 2701 posuit
929 2628 996 2683 ad
1025 2635 1192 2697 caput
1216 2624 1357 2694 ejus,
1383 2631 1438 2678 et
1461 2621 1679 2693 operuit
1709 2636 1772 2675 ea
1797 2620 2146 2675 vestimento.

577 2718 643 2772 Et
679 2719 833 2774 misit
868 2717 1000 2771 Saul
1063 2716 1289 2770 nuntios
1324 2713 1391 2767 ad
1452 2710 1777 2783 capiendum
1833 2709 2041 2765 David:
2094 2720 2150 2766 et

576 2811 715 2865 dixit
744 2809 996 2874 Melcltol,
1028 2808 1185 2862 illum
1222 2814 1515 2877 aegrotare.
1558 2826 1576 2859 ι

650 2900 1097 2957 Basilii—Non
1159 2902 1213 2954 in
1272 2901 1430 2955 bellis
1467 2900 1650 2967 modo,
1717 2901 1813 2956 sed
1871 2901 2034 2956 etiam
2090 2901 2145 2954 in

576 3011 733 3066 pace,
787 2995 1065 3065 ingentem
1114 3002 1267 3047 astus
1315 2993 1611 3047 utilitatem
1650 3002 1704 3047 et
1757 2994 2143 3049 necessitatem

2251 515 2344 561 τες
2364 499 2527 570 ὑμᾶς,
2554 502 2648 555 καὶ
2678 502 3016 574 κρυϐήσεσθε
3045 508 3163 562 ἐκεῖ
3189 512 3336 580 τρεῖς
3366 512 3596 577 ἡυεέοας
3641 516 3745 579 ᾗ
3770 520 3825 572 ἂν

2252 592 2664 665 ἀναστρέψωσιν
2692 598 2743 649 οἱ
2777 598 3228 666 καταδιώκοντες.
3265 622 3285 655 ι

2329 705 2348 737 ι
2384 685 2520 740 Εἷπε
2553 688 2756 760 Κύριος
2808 692 2944 761 πρὸς
2977 694 3265 766 Σαμουήλ·
3301 698 3525 769 Πλῆσον
3558 701 3624 753 τὺ
3674 702 3821 772 κέρας

2253 795 2345 831 σου
2377 777 2579 842 ἐλαίου,
2647 783 2741 834 καὶ
2785 783 2945 853 δεῦρο
2991 788 3295 842 ἀποστείλω
3350 808 3413 844 σε
3464 796 3552 855 εἰς
3594 794 3819 866 8:381:22;

2252 868 2388 939 πρὸς
2435 870 2653 937 Ἰεσσαὶ,
2699 871 2779 924 ὅτι
2835 873 3057 944 ἑώρακα
3086 879 3142 930 ἐν
3175 881 3289 942 τοῖς
3324 883 3463 944 υἱοῖς
3515 883 3695 936 αὑτοῦ
3721 890 3817 954 tae

2251 961 2331 1025 είς
2362 960 2605 1031 βασιλέα.
2637 965 2747 1017 Kal.
2787 962 2909 1021 εἷπε
2943 958 3214 1043 Σαμουὴλ,
3251 974 3379 1038 Πῶς
3411 978 3720 1047 πορευθῶς
3747 999 3822 1033 κει

2251 1056 2543 1109 ἀκούσεται
2577 1058 2767 1121 Σαοὺλ,
2803 1061 2897 1113 καὶ
2935 1062 3225 1118 ἀποκτενεῖ
3260 1084 3352 1136 με.
3399 1070 3517 1122 Καὶ
3566 1069 3695 1124 εἷπε
3731 1076 3818 1126 Κί-

2253 1164 2397 1218 ριος·
2432 1148 2675 1219 Δάμαλιν
2702 1150 2841 1219 βοῶν
2874 1152 3006 1206 λάϐε
3038 1158 3093 1209 ἐν
3116 1159 3179 1227 τῇ
3218 1159 3362 1229 χειρί
3391 1178 3514 1224 σου,
3543 1165 3645 1217 καὶ

2250 1238 2419 1291 Θῦσαι
2453 1240 2534 1311 τῷ
2557 1241 2744 1312 Κυρίῳ
2769 1244 2908 1314 ἥκω.
2944 1246 3051 1298 Καὶ
3082 1248 3333 1314 καλέσεις
3373 1253 3475 1303 τὸν
3520 1254 3723 1309 Ἰεσσαὶ
3747 1260 3814 1309 n‘:

2250 1331 2375 1396 τοὺς
2400 1334 2545 1398 υἱοὺς
2573 1334 2734 1389 αὑτοῦ
2780 1337 2861 1397 είς
2903 1338 3001 1409 τὴν
3033 1339 3241 1406 θυσίαν,
3290 1345 3387 1396 καὶ
3430 1347 3655 1416 κρίσεις
3682 1350 3737 1401 ὃν
3770 1352 3814 1401 ΞἹ

2250 1427 2389 1478 εἴπω
2424 1443 2527 1480 σοι.
2580 1428 2692 1481 Καὶ
2740 1429 2991 1502 ἐποίησεν
3038 1434 3066 1485 6
3112 1435 3389 1508 Σαμουὴλ,
3430 1439 3539 1491 ὅσα
3582 1440 3810 1512 ἐλάληπ.

2252 1516 2397 1587 αὐτῷ
2422 1517 2643 1590 Κύριος.
2693 1538 2711 1571 ι

2322 1609 2596 1679 Σχόλιον.
2642 1612 2920 1667 Ἐντεῦθεν
2954 1615 3318 1689 διδασκόμεθα
3343 1622 3404 1673 ἐν
3434 1623 3614 1687 ἐνίοις
3642 1628 3812 1679 οἰκον..-

2257 1704 2379 1770 μεῖν
2406 1703 2595 1773 χρείαν
2634 1701 2772 1759 εἶναι
2805 1708 2873 1759 τὰ
2904 1710 3224 1779 πράγματα,
3250 1714 3349 1766 καὶ
3391 1716 3481 1784 τῷ
3528 1716 3701 1787 ὄγκῳ,
3744 1725 3814 1771 ni

2251 1790 2328 1862 τῷ
2375 1794 2597 1862 μεγέθει
2624 1796 2723 1866 τῆς
2758 1796 3004 1863 ἐξουσίας
3041 1801 3367 1871 κεχρῆσθαι.
3429 1805 3495 1857 Ὀ
3540 1807 3653 1877 γὰρ
3688 1809 3813 1870 Θεὲς.

2250 1886 2279 1936 ὁ
2307 1883 2451 1955 λόγῳ
2492 1886 2710 1939 πάντων
2742 1888 2982 1958 κρατῶν,
3041 1893 3135 1945 καὶ
3183 1893 3496 1965 δυνάμενος
3531 1899 3625 1951 τὸν
3673 1901 3817 1953 Σαοιλ

2251 1978 2420 2047 ἄρδην
2449 1981 2732 2049 ἀφανίσαι,
2762 1983 2856 2035 καὶ
2884 1985 2965 2046 είς
2995 1983 3056 2037 τὸ
3087 1985 3449 2057 ἀνύπαρκτον
3480 1994 3811 2060 καταστῆσαι,

2251 2070 2505 2142 ἐνέτρεψε
2556 2073 2633 2143 τῷ
2679 2074 2934 2147 Σαμουὴλ
2972 2077 3179 2147 μεθόδῳ
3236 2080 3351 2133 τινὶ
3382 2082 3813 2153 ἀποκροὺσιςῇκ

2250 2164 2345 2236 τὴν
2376 2167 2467 2218 ὑπ’
2497 2167 2662 2219 αὐτοῦ
2696 2168 2995 2240 γενομένην
3029 2170 3239 2224 πεῦσιν.

2325 2274 2344 2306 ι
2384 2258 2631 2325 Κατάγει
2660 2257 2890 2329 Μελχὼλ
2928 2259 3019 2312 τὸν
3049 2260 3211 2315 Δαϐὶδ
3228 2262 3321 2314 διὰ
3344 2265 3453 2335 τῆς
3487 2265 3715 2337 θυρῐδος,
3738 2272 3807 2320 ιιὶ

2250 2346 2471 2416 ἔφυγεν,
2504 2351 2596 2403 καὶ
2623 2349 2873 2414 σώζεται.
2917 2351 3027 2405 Καὶ
3055 2352 3214 2406 ἔλαϐε
3260 2356 3522 2427 Μελχὼλ
3573 2359 3640 2412 τά
3685 2378 3808 2413 κενε-

2249 2440 2440 2508 τάφια,
2468 2442 2562 2495 καὶ
2591 2442 2787 2513 ἔθηκεν
2812 2445 2903 2498 ἐπὶ
2922 2446 3021 2516 τὴν
3050 2446 3260 2517 κλίνην,
3298 2451 3402 2502 καὶ
3446 2445 3608 2523 ἧπαρ
3646 2454 3808 2519 αἰτέο.

2250 2534 2344 2586 καὶ
2378 2536 2778 2607 στρογγύλωμα
2816 2537 3039 2607 τριχῶν,
3084 2540 3175 2592 καὶ
3202 2540 3381 2611 ἔθηκε
3424 2545 3573 2615 πρὸς
3606 2546 3804 2615 κεφαλῆς

2249 2626 2435 2690 αὑτοῦ,
2493 2629 2587 2681 καὶ⁸
2637 2629 2908 2699 ἐκάλυψεν
2944 2630 3084 2684 αὐτὰ
3120 2632 3364 2704 ἱματίῳ·
3416 2638 3525 2688 καὶ
3563 2637 3793 2690 ἀτέπειὶε

2250 2716 2422 2770 Σαοὺλ
2452 2718 2717 2786 ἀγγέλους
2746 2718 2930 2774 λαϐεῖν
2962 2720 3051 2775 τὸν
3081 2721 3245 2775 Δαὸίδ
3264 2739 3277 2751 ·
3316 2724 3426 2777 καὶ
3467 2723 3579 2778 εἴτε
3602 2724 3790 2793 Μελχὼλ

2248 2809 2579 2879 ἐνοχλεῖσθαι
2598 2812 2781 2867 αὐτόν.
2824 2831 2843 2863 ι

2326 2905 2438 2957 Οὐκ
2468 2905 2527 2957 ἐν
2554 2909 2665 2968 τοῖς
2699 2907 2955 2977 πολέμοις
2983 2909 3164 2978 μόνον,
3192 2910 3340 2963 ἀλλὰ
3394 2915 3502 2966 καὶ
3552 2914 3607 2965 ἐν
3647 2914 3808 2984 τίεται-ε

2248 2996 2448 3067 πολλὴν
2502 2999 2596 3051 καὶ
2631 3001 2935 3068 ἀναγκαίαν
2989 2999 3139 3071 εὖροι
3185 3018 3272 3065 τις
3325 3004 3441 3073 τῆς
3494 3006 3699 3076 ἀπάτης
3729 3007 3811 3073 τὴν

574 3103 701 3143 esse
734 3087 1012 3158 quispiam
1058 3088 1297 3153 reperiat
1329 3102 1341 3137 :
1399 3099 1500 3138 nec
1532 3086 1712 3139 solum
1761 3089 1818 3139 in
1851 3100 2034 3139 rerum
2070 3086 2148 3140 ci-

2264 3090 2458 3161 χρείαν,
2490 3084 2581 3142 καὶ
2612 3091 2673 3143 οὐ
2709 3092 2843 3162 πρὸς
2891 3092 2958 3144 τὰ
3005 3092 3099 3162 τῆς
3134 3094 3353 3158 πόλεως
3407 3098 3709 3167 πράγματα
3737 3100 3815 3165 μό·

576 3183 768 3236 vilium
800 3180 1302 3241 administratione,
1340 3193 1533 3232 verum
1560 3180 1724 3232 etiam
1756 3178 1902 3233 domi
1927 3195 1989 3233 ac
2027 3180 2147 3247 pri-

576 3274 767 3337 vatim,
817 3271 938 3325 viro
987 3285 1113 3339 erga
1161 3285 1410 3332 uxorem,
1446 3278 1500 3324 et
1548 3270 1703 3325 uxori
1755 3285 1887 3338 erga
1939 3271 2143 3335 virum,

577 3380 793 3420 necnon
829 3364 972 3434 patri
1004 3378 1133 3430 erga
1172 3362 1364 3425 filium,
1411 3370 1465 3416 et
1492 3361 1671 3415 amico
1713 3379 1839 3431 erga
1881 3364 2143 3428 amicum,

577 3458 713 3527 quin
744 3466 799 3511 et
832 3456 925 3509 filii
958 3471 1089 3525 erga
1122 3464 1427 3526 parentem.
1460 3453 1743 3524 Siquidem
1792 3454 1900 3508 filia
1960 3453 2146 3510 Saulis

578 3564 688 3604 non
730 3548 835 3602 alia
893 3560 1105 3601 ratione
1144 3549 1322 3599 virum
1353 3561 1420 3599 ex
1454 3544 1603 3598 illius
1654 3545 1909 3599 manibus
1952 3559 2148 3600 eruere

576 3641 778 3711 potuit,
808 3640 913 3694 nisi
951 3650 1160 3710 patrem
1204 3637 1462 3692 fallendo.
1522 3637 1666 3702 Quin
1719 3638 1892 3707 ipsius
1923 3652 2147 3708 quoque

576 3736 750 3789 frater
810 3733 985 3789 eidem
1034 3748 1197 3804 quem
1261 3733 1354 3785 illa
1416 3742 1757 3795 servaverat,
1812 3733 2144 3803 periclitanti

575 3829 809 3883 salutem
863 3827 1057 3882 afferre
1116 3840 1337 3879 rursum
1392 3824 1642 3893 cupiens;
1696 3823 1888 3878 iisdem
1944 3824 2145 3894 quibus

576 3938 736 3977 soror
769 3922 938 3976 armis
978 3936 1111 3975 usus
1156 3926 1261 3973 cst.
1324 3916 1516 3987 Magna
1555 3918 1701 3971 enim
1732 3917 1817 3971 vis
1849 3916 1984 3971 artis
2013 3927 2098 3971 cst
2129 3937 2141 3972 :

574 4013 706 4067 illud
735 4011 899 4065 modo
924 4020 1205 4074 caveatur,
1236 4022 1304 4063 ne
1330 4008 1665 4062 veteratorie
1696 4013 1751 4063 et
1789 4005 2146 4061 fraudulento

575 4106 760 4158 animo
792 4103 1145 4157 adhibeatur.

651 4197 932 4265 Theologi.
956 4225 1027 4235 —
1062 4192 1378 4250 Fraudibus
1409 4198 1445 4249 ii
1488 4207 1680 4247 omnes
1702 4200 1915 4262 patent,
1949 4193 2042 4260 qui
2076 4191 2147 4245 ad

574 4291 910 4359 voluptatem
945 4285 1208 4358 propensi
1246 4294 1397 4339 sunt.

651 4380 908 4434 Philonis.
948 4407 1018 4421 —-
1064 4377 1183 4432 Non
1242 4377 1422 4432 omnis
1472 4376 1636 4431 dolus
1691 4377 1905 4447 culpari
1956 4376 2142 4436 debet.

572 4474 708 4529 Nam
756 4481 810 4527 et
856 4471 952 4543 qui
998 4479 1165 4525 noctu
1201 4468 1466 4525 excubias
1512 4478 1705 4539 agunt,
1744 4469 1874 4524 dum
1902 4471 2146 4528 latrones

576 4566 824 4636 capiunt,
857 4574 913 4620 et
943 4564 1175 4618 militum
1224 4561 1489 4632 praefecti,
1529 4563 1717 4618 hostes
1739 4564 2145 4634 aggrediendo,

574 4667 725 4711 recte
750 4671 913 4727 agere
950 4663 1291 4711 censentur:
1343 4653 1706 4723 eamdemque
1734 4656 2003 4710 rationem
2048 4657 2146 4710 ba-

575 4748 725 4809 bent,
774 4734 896 4815 quin
928 4754 1322 4814 stratagemata
1374 4752 1667 4810 vocantur,
1721 4753 1776 4800 et
1810 4747 2145 4802 athletarum

576 4837 1034 4893 concertationes.
1067 4838 1283 4892 Etenim
1311 4837 1365 4891 in
1396 4838 1482 4893 his
1506 4838 1789 4909 proprium
1823 4840 1927 4894 sibi
1962 4840 2144 4895 locum

576 4924 825 4994 deceptio
853 4925 1112 4979 vindicat.

575 5036 711 5093 ΤΙΤ.
754 5035 991 5110 XXVIll.
1024 5069 1090 5077 ——
1114 5036 1509 5110 De‘legatuuzt
1557 5056 1789 5108 responsi
1838 5052 2105 5110 sequestro
2131 5082 2143 5094 .

645 5109 887 5182 quodque
904 5108 957 5182 is
986 5109 1078 5177 qui
1134 5108 1284 5161 nihili
1318 5109 1495 5176 pendit
1541 5114 1794 5181 legatum,
1845 5108 1963 5165 eum
1993 5130 2025 5164 a
2048 5128 2151 5182 quo

649 5181 841 5234 missus
873 5178 961 5233 ille
997 5187 1098 5240 est,
1139 5183 1447 5235 contemnit.

650 5290 805 5346 Prov.
837 5306 966 5354 xxv,
1002 5290 1087 5344 15.
1114 5322 1183 5331 —-
1210 5308 1228 5341 ι
1268 5291 1427 5345 Sicut
1470 5292 1652 5346 exitus
1685 5293 1827 5347 nivis
1882 5309 1938 5347 in
1972 5308 2154 5349 messe

581 5384 846 5439 adversus
875 5392 1069 5439 aestum
1125 5384 1393 5453 prodest:
1444 5387 1524 5437 sic
1568 5386 1797 5441 nuntius
1851 5386 2032 5441 fidelis
2086 5386 2154 5441 iis

577 5475 673 5543 qui
711 5491 769 5529 se
814 5478 1108 5531 miserunt.
1160 5478 1371 5530 Animis
1423 5477 1569 5531 enim
1620 5493 1809 5532 eorum
1868 5481 1964 5549 qui
2028 5480 2147 5549 ipso

579 5575 833 5629 utuntur,
870 5568 1112 5636 prodest.
1157 5588 1174 5615 ι

654 5658 806 5711 I’rov.
842 5675 991 5723 xxvr,
1014 5660 1068 5713 6.
1097 5690 1165 5699 —
1193 5680 1211 5711 ‹
1242 5660 1314 5714 Ex
1348 5663 1463 5717 suis
1482 5662 1584 5716 viis
1619 5663 1725 5718 sibi
1752 5663 1854 5732 ipsi
1879 5663 2144 5734 probrum

574 5751 804 5827 acquirit
821 5795 831 5814 ,
848 5750 940 5820 qui
963 5755 1293 5819 perstultum
1315 5755 1564 5810 nuntium
1587 5770 1806 5812 sermon
1860 5772 1893 5810 υ
1910 5756 2149 5838 mittit.)

2248 3201 2359 3243 νον,
2386 3184 2522 3236 ἀλλά
2561 3186 2654 3238 καὶ⁴
2686 3186 2744 3238 ἐν
2775 3184 2941 3257 οἰκίᾳ,
2971 3186 3107 3256 πρὸς
3150 3190 3397 3254 γυναῖκα
3430 3189 3518 3259 τῷ
3549 3192 3715 3261 ἀνδρὶ,
3737 3192 3816 3241 ni

2249 3275 2385 3345 πρὸς
2410 3275 2576 3345 ἄνδρα
2606 3276 2846 3344 γυναικὶ,
2878 3276 2972 3329 καὶ
3020 3279 3186 3347 πατρὶ
3214 3279 3358 3347 πρὸς
3404 3281 3552 3343 υἱὸν,
3585 3282 3675 3333 καὶ
3705 3284 3817 3349 πρὸς

2249 3367 2402 3435 φίλον
2426 3368 2587 3438 φίλῳ,
2617 3367 2716 3439 ἤδη
2748 3368 2805 3420 δὲ
2832 3368 2925 3421 καὶ
2960 3369 3095 3438 πρός
3118 3370 3332 3438 πατέρα
3361 3372 3558 3428 παισί.
3592 3372 3699 3425 Καὶ
3727 3373 3817 3439 γὰρ

2247 3459 2355 3513 τῶν
2391 3459 2486 3513 τοῦ
2535 3461 2707 3514 Σαοὺλ
2736 3460 3016 3532 χειρῶν,ή
3067 3461 3160 3514 τοῦ
3218 3462 3406 3516 Σαοὺλ
3456 3463 3707 3534 θυγάτηρ
3735 3465 3813 3515 ei:

2251 3551 2469 3619 ἴσχυσεν
2513 3552 2718 3623 ἑτέρως
2748 3551 3136 3616 ἐξελέσθαιτὸν
3161 3554 3358 3623 ἀνδρα,
3392 3555 3519 3609 ἀλλ’
3556 3559 3589 3626 ῆ
3624 3558 3817 3625 μετὲῇ

2249 3642 2720 3713 παραλογίσασθαι
2760 3645 2850 3697 τὸν
2892 3643 3124 3714 πατέρα.
3155 3646 3266 3698 Καὶ
3287 3648 3315 3698 6
3353 3648 3581 3718 ταύτης
3603 3647 3659 3699 δὲ
3686 3646 3815 3699 ἀδελ-

2248 3732 2363 3799 φὸς,
2407 3734 2497 3785 τὸν
2522 3734 2614 3787 ὑπ’
2644 3733 2859 3805 ἐκείνης
2900 3734 3234 3789 διασωθέντα
3270 3737 3455 3792 σῶσαι
3490 3739 3810 3809 βουλόμενος.

2248 3824 2624 3879 κινδυνεύοντα
2676 3826 2834 3879 πάλιν
2881 3830 2995 3890 τοῖς
3049 3828 3232 3891 αὐτοῖς
3281 3830 3479 3893 ὅπλοις
3546 3833 3813 3901 ἐχρήσθη

2246 3910 2438 3985 οἷσπερ
2477 3916 2571 3969 καὶ
2604 3918 2820 3987 ήγυνή.
2854 3918 2994 3972 Πολὺ
3034 3918 3144 3988 γὰρ
3190 3920 3222 3988 ὴ
3257 3920 3360 3988 τῆς
3395 3922 3636 3989 ἀπάτης
3666 3922 3815 3989 ἰσχὺς,

2248 4009 2410 4076 μόνον
2457 4008 2533 4080 μὴ
2584 4009 2721 4080 μετὰ
2780 4010 3003 4082 δολερᾶς
3052 4011 3417 4083 προσαγέσθω
3487 4014 3599 4085 τῆς
3650 4029 3817 4085 πρωί.

2248 4100 2469 4171 ρέσεως.
3158 4106 3161 4107 ν

2320 4189 2556 4244 Εὗκολον
2598 4191 2733 4262 πρὸς
2764 4191 2982 4263 ἀπάτην
3006 4192 3066 4245 τὸ
3091 4191 3226 4263 πρὸς
3250 4193 3454 4265 ἡδονὴν
3485 4194 3662 4251 ἅπαν.

2321 4371 2395 4423 Οὐ
2438 4371 2545 4433 πᾶς
2576 4368 2725 4433 δόλος
2778 4371 3023 4435 ὑπαίτιός
3077 4372 3257 4423 ἐστιν’
3293 4372 3422 4423 ἐπεὶ
3475 4373 3586 4425 καὶ
3640 4372 3821 4441 λῃστάς

2252 4461 2675 4530 νυκτοφύλακες,
2710 4463 2803 4516 καὶ
2835 4463 3122 4533 πολεμίους
3147 4462 3469 4533 στρατηγοὶ,
3508 4462 3615 4527 οὓς
3646 4462 3823 4520 dias;

2252 4551 2534 4605 συλλαϐεῖν
2580 4554 2680 4607 οὐκ
2728 4552 2896 4619 ἐστιν,
2951 4552 3323 4623 ἐνεδρεύοντες
3385 4554 3706 4623 κατορθοῦν
3754 4553 3821 4604 δο-

2250 4646 2430 4711 κοῦσι,
2463 4646 2556 4700 καὶ
2581 4646 2650 4698 τὰ
2687 4646 2953 4717 λεγόμενα
2973 4648 3399 4718 στρατηγήματα
3438 4647 3700 4700 τοιοῦτον
3730 4648 3819 4714 ἔχει

2249 4738 2426 4808 λόγον,
2463 4740 2557 4793 καὶ⁵
2600 4740 2669 4794 τὰ
2698 4739 2809 4793 τῶν
2857 4739 3104 4810 ἀθλητῶν
3138 4740 3529 4810 ἀγωνίσματα.
3578 4743 3694 4796 Καὶ
3734 4739 3819 4807 γὰρ

2252 4833 2344 4885 ἐπὶ
2368 4832 2573 4886 τούτων
2601 4834 2633 4904 ἡ
2655 4832 2839 4903 ἀπάτη
2865 4832 3177 4904 νενόμισται
3207 4833 3357 4889 ἴδιον.

2252 4996 2432 5092 'f‘ITA.
2466 5040 2602 5092 KH’.
2634 5069 2702 5080 —
2732 5038 2866 5106 Περὶ
2887 5040 3310 5107 ἀγγέλλω-τος.
3334 5036 3437 5091 καὶ
3463 5038 3819 5106 μεσάζοιτες

2324 5110 2648 5179 ἀπόκριονο
2679 5108 2802 5177 (sic)
2825 5109 2923 5163 καὶ
2957 5109 3046 5163 ὅτι
3072 5111 3104 5162 ό
3130 5108 3237 5161 τὸν
3270 5109 3595 5179 σταλέντα
3636 5111 3817 5174 ἐξουθ-

2323 5177 2497 5245 error,
2533 5180 2635 5235 τοῦ
2664 5181 3014 5249 πέμψαντος
3049 5177 3392 5248 περιφρονεῖ

2330 5310 2348 5343 ι
2378 5292 2548 5345 Ὥσπε
2556 5309 2589 5362 ρ
2614 5289 2788 5355 ἔξοδος
2815 5290 2990 5361 χιόνος
3010 5291 3068 5342 ἐν
3088 5288 3283 5359 ἀμητῷ
3309 5289 3454 5344 κατά
3474 5291 3681 5361 καῦμα
3704 5293 3820 5359 obeso

2254 5384 2357 5447 λεί,
2387 5382 2560 5445 οὕτως
2589 5382 2820 5451 ἄγγελος
2849 5381 3040 5444 πιστὸς
3069 5379 3466 5435 ἀποστείλαντα
3494 5383 3695 5437 αὐτόν.
3724 5383 3819 5435 τυ-

2255 5476 2355 5546 χὰς
2381 5476 2487 5547 γὰρ
2519 5475 2627 5529 τῶν
2652 5474 2799 5528 αὑτῶ
2826 5475 3122 5546 χρωμένων
3145 5472 3364 5541 ὠφελεῖ.
3408 5492 3426 5524 ι

2331 5681 2351 5712 ι
2395 5661 2490 5714 Ἐκ
2511 5662 2615 5714 τῶν
2634 5658 2827 5714 ἑαυτοῦ
2861 5658 2997 5713 ὁδῶν
3023 5658 3224 5721 ὄνειδος
3246 5658 3619 5727 περιποιεῖται
3648 5658 3677 5710 6
3702 5656 3819 5708 ἀπο-

2259 5754 2491 5809 στέλλων
2520 5754 2587 5807 δι’
2617 5753 2844 5823 ἀγγέλου
2862 5751 3093 5823 ἄφρονος
3120 5749 3292 5817 λόγον.
3342 5767 3361 5799 ι
