4024 6408
239 360 375 429 1ὒ9

1514 358 1748 423 SACHA
1770 359 2237 420 .PARALLELA.

3335 356 3471 422 1230

373 478 434 530 '0
460 476 744 547 δεχόμενος
782 476 945 546 ὑμᾶς,
977 475 1077 544 ἐμε
1104 473 1315 543 δέχεται
1334 491 1350 507 θ
1378 474 1473 527 καὶ
1514 475 1543 527 ὁ
1578 474 1679 543 ἐμὲ
1704 473 1791 525 δε-

1968 490 2167 545 Matth.
2202 508 2256 557 χ,
2297 490 2385 544 40.
2412 518 2482 529 -
2519 508 2537 541 ι
2568 488 2673 555 Qui
2708 503 2805 544 vos
2839 486 3059 559 recipit,
3111 501 3198 541 me
3232 489 3469 559 recipit:

235 569 480 642 χὸμενος,
500 568 713 637 δέχεται
741 567 832 621 τὸν
852 566 1245 622 ἀποστείλαντά
1270 584 1357 637 με.
1396 586 1414 619 ι

308 664 376 717 ’Δ
398 660 653 732 πρέσϐεις
676 659 1026 729 ὑπομένουσι,
1053 658 1143 711 ἐπὶ
1162 660 1291 723 τοὺς
1313 657 1635 730 πέμψαντας
1658 657 1795 727 lay.-

236 756 385 811 σάνει
422 756 521 827 τὴν
552 755 849 827 ἀναφοράν.
1598 754 1601 755 ⁷

294 868 474 923 ΤΙΤΛ.
498 865 627 925 ΚΘ¹.
668 870 805 939 Περὶ
847 869 1350 957 ἁγιςωμονούντων
1404 866 1503 919 καὶ
1536 866 1741 935 ἀχαρι-

824 956 1150 993 στουντων.

309 1054 328 1086 ι
374 1032 465 1104 Τῷ
491 1031 620 1103 μηνὶ
641 1032 721 1103 τῷ
756 1032 968 1103 ἑϐδόμῳ
1008 1027 1171 1102 ἦλθεν
1214 1029 1439 1102 Ἰσμαὴλ
1468 1031 1583 1094 υἱὸς
1608 1029 1797 1085 Ναθα-

234 1126 349 1179 νίου
378 1128 442 1180 ἐκ
464 1124 555 1179 τοῦ
579 1124 893 1196 σπέρματος
930 1124 1037 1178 τῶν
1063 1123 1351 1195 βασιλέων,
1396 1124 1489 1176 καὶ
1530 1123 1662 1176 δέκα
1700 1122 1798 1176 ἄν-

242 1220 358 1291 δρες
412 1214 529 1289 μετ’
559 1215 745 1281 αὐτοῦ,
780 1216 877 1270 καὶ
924 1216 1199 1282 ἐπάταξαν
1249 1216 1341 1269 τὸν
1388 1216 1657 1279 Γοδολίαν,
1704 1215 1797 1268 καὶ

239 1310 503 1363 ἀπέθανεν
521 1324 535 1339 ο
562 1307 655 1361 καὶ
682 1309 809 1372 τοὺς
849 1308 1157 1372 Ἰουδαίους,
1186 1309 1282 1362 καὶ
1320 1309 1447 1370 τοὺς
1470 1306 1796 1380 Χαλδαίους,

239 1400 286 1453 οἵ
321 1396 461 1470 ἦσαν
496 1401 611 1471 μετ’
636 1397 802 1453 αὐτοῦ
833 1400 913 1463 είς
939 1398 1186 1468 Μασιφά.
1230 1418 1248 1449 ι

306 1491 485 1560 Σχόλ.
515 1483 682 1554 οὗτος
704 1489 864 1558 λόγον
892 1489 1071 1543 λαϐὼν
1093 1490 1381 1553 ἀπαθείας,
1403 1489 1493 1543 τὸν
1526 1489 1799 1545 δεδωκότα

233 1583 431 1637 ἀνεῖλε.

312 1697 331 1731 ι
383 1676 609 1747 Πνεῦμα
651 1676 857 1750 Κυρίου
899 1677 1114 1731 ἐνέδυσε
1152 1677 1245 1730 τὸν
1293 1677 1551 1748 Ἀζαρίαν
1587 1677 1679 1731 τὸν
1706 1678 1798 1731 τοῦ

248 1771 425 1825 Ἰωδαέ
458 1770 546 1823 τὸν
606 1769 781 1840 ἱερέα,
816 1770 911 1823 καὶ
942 1769 1139 1840 ἀνέστη
1172 1770 1356 1823 ἐπάνω
1382 1769 1477 1822 τοῦ
1515 1770 1671 1838 λαοῦ,
1703 1771 1800 1824 καὶ

236 1856 390 1915 εἶπεν
416 1878 429 1891 ·
459 1860 596 1914 Τάδε
649 1835 797 1929 λέγει
828 1858 1067 1930 Κύριος’
1100 1835 1166 1913 Τί
1209 1835 1665 1931 παραπορεύεσθεν
1699 1859 1799 1922 τὰς
1830 1835 1873 1889 Β

233 1952 449 2014 ἐντολὰς
470 1950 568 2021 toti
600 1952 805 2024 Κυρίου
833 1969 848 2016 ;
874 1954 970 2007 καὶ
998 1953 1097 2006 οὐκ
1128 1952 1552 2021 εὖοδωθήσετθε,
1595 1953 1677 2006 ὅτι
1705 1954 1801 2021 ἐγ-

233 2042 553 2100 κατελίπετε
582 2043 673 2097 τὸν
702 2044 926 2115 Κύριον.
950 2044 1058 2097 Kal.
1084 2044 1463 2115 ἐλιθοὸόλησαν
1492 2044 1559 2097 δι’
1582 2044 1803 2113 ἐντολῆς

254 2137 400 2200 ἰωάς
438 2134 533 2190 τοῦ
559 2135 819 2207 βασιλέως
853 2140 910 2191 ἐν
949 2138 1085 2209 αὐλῇ
1123 2137 1273 2192 οἴκου
1309 2137 1536 2209 Κυρίου.
1569 2138 1679 2191 Καὶ
1704 2138 1803 2191 οὐκ

238 2228 481 2299 ἐμνήσθη
524 2229 677 2293 Ἰωάς
725 2228 820 2283 τοῦ
873 2229 1078 2294 ἐλέους,
1118 2224 1179 2284 οὗ
1221 2229 1443 2299 ἐποίησε
1489 2228 1605 2300 μετ’
1634 2229 1801 2285 αὐτοῦ

254 2322 429 2375 Ἰωδαέ
471 2322 501 2375 ὁ
547 2322 732 2394 πατὴρ
803 2322 990 2383 αὑτοῦ.
1048 2322 1142 2378 καὶ
1191 2322 1499 2377 ἐθανάτωσε
1553 2322 1647 2377 τὸν
1691 2323 1804 2377 υίδν

246 2410 423 2467 ιύτοῦ.
450 2412 559 2466 Kal.
588 2412 665 2475 ῶς
692 2412 1059 2483 ἀπέθνησκεν,
1082 2408 1235 2467 εἶπεν
1256 2430 1268 2443 ·
1302 2412 1429 2465 ἰδοι
1459 2411 1682 2483 Κύριος,
1715 2413 1806 2466 καὶ

237 2503 501 2577 κρινάτω.
558 2504 669 2558 Καὶ
725 2503 947 2573 ἐγένετο
994 2506 1135 2575 μετά
1184 2504 1453 2569 ἐνιαυτὸν,
1487 2504 1653 2575 ἀνέϐη
1716 2505 1804 2556 ἐπ’

235 2596 403 2649 αὐτὸν
428 2594 657 2666 δύναμις
710 2596 932 2667 Συρίας,
980 2596 1074 2650 καὶ
1122 2595 1215 2649 ἐπὶ
1279 2596 1655 2667 Ἰερουσαλὴμ,
1712 2597 1807 2649 καὶ

238 2687 566 2760 κατέφθειρε
585 2688 815 2753 πάντας.
858 2708 877 2740 ι

319 2888 339 2920 ι
391 2867 838 2923 Ἀνταπεδίδοσάν
887 2884 976 2940 μοι
1019 2866 1231 2938 πονηρά
1266 2867 1387 2921 ἀντὶ
1440 2866 1682 2936 ἀγαθῶν,
1713 2868 1808 2921 καὶ

238 2961 519 3015 ἀτεκνίαν.
564 2980 583 3013 ι

320 3070 342 3103 ι
383 3051 529 3104 Ἀντί
551 3049 667 3115 τοῦ,
714 3051 954 3122 ’Δγαπᾷν
986 3068 1052 3121 με
1086 3050 1385 3105 ἐνδιέὁαλόν
1416 3069 1504 3123 με.
1545 3072 1565 3104 ι

323 3256 343 3288 ι
385 3238 482 3300 Ὃς
498 3235 787 3289 ἀποδίδωσι
823 3234 972 3288 κακά
1012 3234 1135 3287 ἀντὶ
1162 3234 1405 3303 ἀγαθῶν,
1445 3236 1546 3290 οὐκ
1588 3236 1813 3309 ἐνεχθή-

245 3348 407 3385 σεται
435 3329 583 3383 κακά
612 3314 677 3382 ἐκ
702 3328 799 3383 τοῦ
828 3327 979 3381 οῐκου
1010 3328 1196 3382 αὐτοῦ.
1234 3346 1252 3379 ι

324 3442 347 3477 ι
388 3422 831 3493 ’Δκουε,οὐρανέ,
854 3422 948 3475 καὶ
968 3422 1240 3487 ἐνωτίζου,
1259 3422 1352 3493 γῆ,
1369 3423 1450 3476 ὅτι
1474 3424 1675 3493 Κύριος
1696 3425 1820 3479 ἐλά-

243 3514 435 3586 λησεν·
471 3514 634 3578 Υἰοὺς
654 3512 939 3584 ἐγέννησα,
968 3511 1062 3565 καὶ
1088 3510 1299 3582 ὖψωσα,
1330 3512 1482 3566 αὐτοὶ
1503 3512 1559 3565 δέ
1602 3531 1668 3583 με
1686 3514 1817 3585 ὴθέ-

243 3625 445 3681 τησαν.
478 3625 497 3661 ο

325 3720 347 3754 ι
391 3699 711 3772 ’Δχαρίστου
749 3698 905 3762 ἐλπὶς
946 3698 1025 3762 ὡς
1056 3697 1335 3770 χειμέριος
1366 3700 1545 3771 πάχνη
1588 3700 1821 3772 τακήσε-

245 3809 362 3860 ται,
394 3792 489 3845 καὶ
516 3792 777 3863 ῥυήσεται
811 3788 886 3854 ὡς
915 3788 1061 3862 ὕδωρ
1080 3790 1369 3862 ἄχρηστον.
1409 3810 1428 3844 ι

330 3988 352 4021 ε
405 3965 606 4037 ’Δγαθὰ
634 3968 831 4037 ἐγγὺου
874 3966 1169 4038 ἀνατρέψει
1200 3967 1543 4039 ἁμαρτωλὸς,
1571 3970 1667 4023 καὶ
1690 3970 1821 4039 ἀχά-

249 4076 437 4131 ριστος
476 4060 533 4112 ἐν
570 4058 775 4130 διανοίᾳ
818 4058 1201 4129 ἐγκαταλείψει
1241 4059 1567 4130 ῥυσάμενον.
1613 4060 1819 4125 Ξενιεῖς

1899 592 1953 637 et
1981 584 2077 653 qui
2112 598 2198 637 me
2230 582 2447 651 recipit,
2488 582 2821 650 recipiteum
2848 580 2941 649 qui
2975 595 3059 635 me
3092 580 3266 634 misit.
3304 599 3322 632 ι

1968 676 2256 745 Anonymi.
2280 674 2503 739 —Quaa
2545 674 2710 744 legati
2748 674 3061 744 patiuntur,
3100 674 3216 728 haec
3254 674 3309 727 in
3342 673 3471 729 illos

1899 779 1930 819 a
1963 766 2165 836 quibus
2192 764 2344 819 missi
2379 774 2529 831 sunt,
2566 765 2896 819 redundant.

1898 878 2064 950 368
2107 875 2243 932 TIT.
2272 876 2464 950 XXIX.
2497 911 2563 919 —
2630 878 2703 934 De
2751 880 3003 949 ingratis,
3047 890 3097 935 et
3149 883 3473 936 immemori-

2416 949 2510 1002 bus
2549 950 2945 1018 beneﬁciorum.

1970 1036 2001 1091 Ι
2032 1035 2153 1107 Reg.
2194 1053 2320 1099 xxv,
2349 1036 2440 1090 25.
2473 1067 2542 1076 —-
2574 1057 2592 1089 ι
2626 1036 2811 1092 Mense
2836 1039 3072 1108 septimo
3108 1038 3256 1091 venit
3278 1038 3473 1091 lsmael

1900 1123 2046 1178 ﬁlius
2076 1123 2365 1201 Nathanize
2398 1122 2467 1178 dc
2528 1125 2741 1179 semine
2794 1141 3008 1196 regum,
3057 1134 3110 1181 et
3140 1128 3330 1181 decem
3365 1127 3469 1180 viri

1900 1226 2025 1266 cum
2072 1227 2159 1277 eo,
2216 1211 2271 1266 el
2327 1225 2714 1281 percusserunt
2770 1212 3079 1279 Godoliam,
3127 1224 3181 1271 et
3225 1225 3473 1271 mortuus

1900 1314 1984 1359 est
2017 1323 2031 1361 :
2065 1306 2290 1375 insuper
2318 1316 2371 1359 et
2399 1304 2617 1362 Iudaeos
2646 1314 2701 1362 et
2721 1306 3003 1364 Chaldaeos
3034 1310 3128 1380 qui
3168 1319 3326 1364 erant
3348 1325 3473 1364 cum

1899 1410 1967 1450 eo
1999 1396 2052 1450 in
2084 1395 2354 1467 Masipba.
2399 1417 2417 1449 ι

1977 1489 2156 1547 Schol.
2207 1491 2257 1547 ls
2287 1502 2411 1547 etim
2466 1490 2629 1546 ﬁdem
2683 1494 3009 1558 accepisset,
3059 1494 3197 1548 nihi.
3238 1508 3298 1548 se
3349 1508 3474 1563 per-

1901 1597 2197 1651 pessurum
2229 1585 2379 1648 mali,
2421 1600 2746 1655 sponsorem
2786 1585 3087 1640 interemit.

1974 1673 2040 1728 II
2067 1673 2255 1729 Paral.
2304 1693 2452 1739 xxiv,
2481 1676 2675 1732 20-23.
2702 1707 2771 1717 —
2800 1694 2820 1728 ι
2859 1676 3098 1747 Spiritus
3136 1674 3351 1735 Domini
3387 1680 3476 1734 in-

1900 1764 2019 1819 duit
2044 1766 2361 1821 Zachariam
2399 1767 2572 1822 (ilium
2605 1766 2809 1822 Joiadae
2841 1768 3204 1834 sacerdotem,
3239 1779 3295 1823 et
3322 1770 3475 1825 stetit

1904 1856 1960 1911 in
1987 1865 2287 1928 conspectu
2338 1860 2550 1929 populi,
2600 1867 2653 1915 et
2689 1861 2767 1913 ait
2802 1879 2817 1915 :
2856 1858 2986 1913 llaec
3038 1859 3172 1914 dicit
3203 1859 3469 1915 Dominus

1903 1950 2050 2005 Deus
2081 1964 2096 2001 :
2133 1948 2315 2015 Quare
2348 1952 2795 2022 transgredimini
2830 1959 3167 2021 praceptum
3215 1949 3474 2005 Domini?

1902 2050 1959 2095 et
1987 2041 2472 2111 nonlproticietis,
2534 2042 2662 2112 quia
2720 2041 3101 2112 dereliquistis
3156 2039 3473 2096 Dominum.

1903 2132 1971 2187 Et
2003 2134 2215 2205 lapides
2238 2135 2291 2188 in
2324 2150 2450 2191 eum
2484 2136 2760 2191 miserunt
2796 2134 2955 2203 juxta
3005 2135 3297 2203 imperium
3328 2134 3476 2203 regis

1902 2223 2033 2281 Joas
2066 2226 2123 2280 in
2173 2226 2318 2281 atrio
2367 2226 2569 2283 domus
2621 2227 2863 2282 Domini.
2896 2228 2958 2281 Et
2997 2242 3108 2281 non
3149 2225 3477 2281 recordatus

1904 2325 1990 2372 est
2041 2317 2174 2374 Joas
2232 2320 2630 2375 misericordia:
2680 2335 2845 2390 quam
2914 2319 3123 2375 facerat
3170 2335 3296 2373 cum
3354 2319 3477 2388 ipso

1904 2408 2093 2464 Joiada
2143 2420 2298 2479 pater
2334 2410 2500 2475 illius,
2554 2417 2609 2465 et
2668 2410 2946 2464 interfecit
2992 2412 3164 2465 tilium
3200 2412 3342 2479 ejus.
3371 2409 3478 2476 Qui

1905 2514 2033 2555 cum
2074 2506 2402 2563 moreretur,
2455 2499 2646 2555 dixit:
2690 2498 2887 2554 Videat
2924 2500 3210 2565 Dominus,
3248 2510 3302 2555 et
3327 2500 3481 2569 judi-

1906 2600 2015 2647 cet.
2064 2590 2131 2645 Et
2185 2590 2386 2646 factum
2416 2598 2501 2645 est
2534 2597 2662 2660 post
2709 2605 2939 2657 annum,
2976 2573 3225 2646 ascendit
3268 2590 3321 2643 in
3351 2605 3478 2643 eum

1907 2686 2186 2741 exercitus
2218 2684 2413 2757 Syriae,
2446 2693 2502 2739 et
2542 2686 2599 2738 in
2641 2682 2968 2747 Jerusalem,
3020 2691 3075 2738 et
3109 2694 3339 2739 cunctos
3392 2698 3482 2737 oc-

1908 2777 2184 2833 ciderunt.
2224 2796 2246 2831 »
2642 2782 2673 2815 κ

1980 2870 2130 2925 Psal.
2174 2886 2365 2936 xxxiv,
2413 2868 2499 2923 1‘2.
2529 2900 2599 2909 -—
2630 2888 2649 2920 ι
2705 2869 3103 2923 Retriouerunt
3164 2867 3298 2921 mihi
3335 2866 3481 2920 mala

1909 2976 2009 3031 pro
2047 2962 2229 3025 bonis,
2258 2969 2313 3016 et
2335 2961 2708 3026 sterilitatem,
2744 2979 2762 3011 ι
2798 2968 2903 3015 etc.

1978 3055 2129 3109 Psal.
2154 3069 2309 3118 cvm,
2339 3055 2394 3109 4.
2420 3082 2494 3095 —-
2523 3070 2543 3103 ι
2580 3052 2685 3107 Pro
2710 3066 2777 3107 eo
2824 3063 2883 3107 ut
2912 3068 2998 3109 me
3032 3052 3345 3122 diligerent,
3386 3049 3485 3103 de-
3564 3092 3577 3101 ,

1839 3171 1882 3230 α
1914 3147 2204 3202 trahebant
2236 3144 2390 3199 mihi.
2435 3162 2454 3195 ι

1983 3239 2143 3292 Prov.
2178 3251 2314 3300 xvn,
2369 3234 2455 3290 15.
2488 3262 2557 3276 --
2583 3250 2602 3285 ‹
2640 3230 2744 3298 Qui
2774 3232 3034 3287 retribuit
3080 3233 3220 3286 mala
3250 3249 3349 3303 pro
3389 3237 3486 3290 bo-

1918 3331 2031 3397 nis,
2062 3345 2171 3385 non
2209 3326 2716 3382 auferentur'mala
2742 3325 2810 3379 de
2836 3324 3004 3380 domo
3039 3324 3182 3395 ejus.
3215 3345 3233 3377 ι

1981 3422 2092 3477 Ira.
2129 3438 2169 3484 ι,
2196 3420 2247 3474 1.
2279 3447 2349 3458 -
2372 3436 2392 3469 ι
2433 3414 2598 3483 Audi,
2639 3415 2861 3478 cmlum,
2894 3424 2949 3469 et
2982 3417 3254 3477 ausculta,
3316 3424 3486 3496 terra.

1918 3514 2047 3585 quia
2082 3511 2343 3566 Dominus
2377 3510 2597 3563 locutus
2631 3515 2737 3561 est.
2763 3504 2938 3559 Filios
2966 3506 3202 3560 enutrivi
3235 3513 3289 3560 et
3329 3508 3485 3588 exal-

1918 3605 2028 3659 tavi
2057 3624 2073 3660 :
2105 3604 2210 3674 ipsi
2239 3609 2422 3657 autem
2456 3606 2784 3670 spreverunt
2818 3612 2923 3652 me.
2958 3617 2977 3650 ι

1990 3696 2119 3765 Sap.
2156 3711 2268 3760 xw,
2298 3693 2392 3748 29.
2423 3724 2490 3734 -
2523 3709 2542 3743 ι
2572 3691 2779 3762 Ingrati
2839 3693 2978 3760 spes:
3017 3698 3274 3759 tanquam
3315 3689 3492 3745 hiber-

1921 3790 2064 3845 nalis
2098 3788 2292 3858 pruina
2325 3785 2593 3849 tabescet,
2633 3791 2691 3839 et
2730 3781 2862 3838 ﬂuet
2909 3791 3171 3852 tanquam
3210 3797 3351 3853 aqua
3404 3782 3491 3837 in-

1921 3882 2094 3937 utilis.
2141 3900 2159 3933 ι

1984 3974 2155 4028 Eccli.
2189 3988 2343 4036 xxix,
2368 3970 2465 4037 l6,
2488 3969 2579 4023 '52.
2611 3998 2680 4011 -
2715 3985 2733 4018 ι
2770 3968 2923 4021 Bona
2958 3968 3304 4038 ﬁdejussoris
3332 3982 3489 4023 ever-

1920 4075 1998 4124 tet
2025 4076 2329 4138 peccator:
2375 4071 2429 4119 et
2483 4064 2739 4132 ingratus
2786 4062 2843 4116 in
2899 4070 3083 4117 mente
3134 4062 3488 4130 derelinquet

245 4153 350 4205 καὶ
391 4154 595 4215 ποτιεῖς
620 4151 933 4223 ἀχάριστον,
964 4153 1059 4205 καὶ
1103 4152 1240 4223 πρὸς
1284 4153 1376 4207 ἐπὶ
1422 4153 1598 4225 τούτῳ
1646 4156 1812 4224 πικρά

1918 4178 2046 4220 eum
2073 4177 2105 4217 a
2146 4176 2257 4233 quo
2285 4160 2550 4216 liberatus
2580 4168 2685 4215 est.
2737 4156 3140 4228 Hospitaberis,
3177 4166 3232 4211 et
3268 4170 3486 4226 pasces,

246 4243 531 4308 ἀκούσεις.
572 4264 591 4296 ι

329 4369 355 4399 ι
380 4359 579 4425 Δεινδν,
609 4359 702 4413 τὸν
731 4359 1095 4430 εὐεργηθὲντα
1114 4360 1211 4413 καὶ
1237 4362 1357 4424 ταῖς
1382 4361 1666 4431 μεγίσταις
1687 4363 1820 4415 ὑπό-

247 4467 433 4523 χρεων
462 4451 670 4522 χάρισι,
699 4452 835 4523 πρὸς
873 4450 952 4523 τῷ
992 4452 1292 4522 ἀχαρίστῳ,
1322 4451 1403 4505 ἔτι
1438 4454 1533 4505 καὶ
1585 4452 1816 4524 ὕϐρεως,

248 4540 350 4594 καὶ
399 4540 621 4609 ἀτιμίας
669 4542 958 4611 κατᾶρξαι.
1007 4541 1189 4595 Δεινὺν
1229 4543 1327 4612 μέν
1354 4558 1367 4571 ·
1414 4542 1549 4596 ἀλλά
1593 4545 1670 4615 τῷ
1704 4563 1822 4598 ποι-

1918 4264 1975 4313 et
2004 4254 2225 4327 potabis
2249 4253 2534 4325 ingratos;
2559 4262 2613 4307 et
2643 4260 2833 4322 postea
2862 4264 3048 4305 amara
3076 4248 3288 4303 audies.
3322 4264 3341 4298 ι

1987 4366 2201 4423 Βαείιίἱ.
2233 4364 2499 4420 -—Grave
2550 4372 2635 4419 est
2659 4379 2785 4419 eum
2832 4360 2929 4433 qui
2966 4360 3248 4417 beneﬁciis
3284 4359 3492 4415 obstri-

1923 4468 2046 4516 ctus
2075 4467 2182 4527 est,
2203 4468 2255 4514 et
2290 4459 2591 4530 gratiarum
2616 4456 2979 4510 maximarum
3010 4469 3157 4518 reus,
3185 4468 3295 4508 non
3326 4453 3494 4507 modo

1923 4553 2200 4622 ingratum
2240 4566 2384 4614 esse,
2420 4564 2611 4603 verum
2653 4548 2819 4601 etiam
2869 4546 3237 4601 contumelias
3271 4552 3324 4599 et
3362 4559 3491 4615 pro-

247 4630 406 4684 οὖντι
437 4632 619 4701 μεῖζόν
647 4634 763 4686 ἐστι
793 4634 981 4699 κακὸν,
1016 4635 1050 4707 ἢ
1082 4634 1158 4703 τῷ
1191 4634 1470 4704 πάσχοντι.
1515 4635 1812 4708 ’Υπερὸολὴ

1925 4642 2045 4706 bra,
2080 4642 2401 4713 rependere.
2434 4639 2637 4704 Grave,
2686 4640 2935 4708 inquam,
2989 4636 3137 4691 istud
3170 4645 3285 4691 est:
3329 4644 3385 4689 at
3414 4634 3494 4688 fa-

249 4723 498 4792 τοῦτόγε
526 4724 938 4795 ἀγνωμοσύνης,
969 4726 1069 4796 τὴν
1099 4726 1511 4798 φιλανθρωπίαν
1540 4726 1633 4780 τοῦ
1664 4729 1824 4799 εὐερ-

250 4813 421 4882 γέτου
445 4815 697 4886 ἀφορμὴν
726 4816 1048 4887 ἀχαριστίας
1080 4816 1371 4870 ποιεῖσθαι.

332 5016 359 5046 ⁸
393 5009 641 5082 Ὀρῶμεν
668 5010 895 5075 πολλοὺς
922 5012 1031 5067 τῶν
1056 5011 1357 5084 ἀνθρώπων
1388 5012 1525 5083 μετὰ
1551 5014 1649 5077 τὰς
1673 5014 1827 5085 εὐερ-

252 5100 471 5171 γεσίας,
496 5103 748 5173 καθάπερ
767 5104 1135 5176 ἀνδραπόδων,
1154 5105 1296 5157 οὓτω
1318 5106 1413 5159 καὶ
1452 5107 1825 5177 περιορῶντας

252 5195 373 5249 τῶν
412 5196 907 5268 εὐεργετησάντων,
938 5197 1031 5251 καὶ
1077 5196 1177 5261 τὰς
1220 5196 1427 5269 ὀφρύας
1472 5198 1827 5264 ἀνασπῶντας

256 5288 386 5342 κατ’
423 5288 621 5343 αὐτῶν.

331 5402 516 5455 Δεινόν
556 5420 645 5472 μοι
684 5405 718 5475 ἡ
757 5404 1047 5476 ἀχαριστία
1073 5406 1495 5478 καταφαίνεται·
1522 5406 1694 5463 δεινόν
1738 5426 1826 5462 ao;

258 5493 363 5546 καὶ
401 5492 684 5549 πάνδεινον

1925 4730 2095 4784 cienti
2130 4729 2353 4799 gravius
2396 4729 2597 4780 malum
2646 4736 2750 4788 est,
2794 4740 2957 4794 quam
3001 4725 3255 4794 patienti.
3288 4724 3494 4794 Ingrati

1928 4822 2072 4875 ultra
2102 4820 2325 4875 modum
2361 4818 2528 4901 animi
2562 4826 2665 4881 est,
2698 4832 2761 4871 ex
2802 4816 3210 4871 benemerentis
3251 4817 3499 4870 humani-

1926 4920 2040 4966 tate
2066 4911 2267 4983 ingrati
2301 4910 2473 4965 animi
2496 4923 2694 4964 noxam
2724 4907 2968 4963 trahere.

1999 5020 2272 5093 Chrysost.
2293 5052 2363 5062 —
2385 5020 2583 5075 Multos
2612 5019 2863 5075 homines
2909 5018 3185 5083 videmus,
3215 5020 3307 5088 qui
3343 5025 3498 5083 post-

1927 5128 2091 5185 quam
2132 5112 2311 5168 aﬂecti
2357 5112 2637 5167 beneﬁciis
2681 5110 2907 5178 fuerint,
2954 5112 3083 5166 illos
3118 5127 3147 5165 a
3183 5112 3386 5180 quibus
3433 5124 3499 5164 ea

1930 5203 2569 5275 acceperint.lperitide
2631 5219 2695 5258 ac
2759 5205 3057 5275 mancipia,
3118 5209 3499 5269 contemnant,

1931 5296 2316 5366 adducantque
2343 5295 2611 5351 adversus
2644 5295 2768 5351 illos
2796 5294 3157 5366 supercilium

2007 5408 2165 5479 Greg.
2192 5408 2413 5463 Thaum.
2446 5408 2621 5465 Laud.
2669 5409 2817 5480 Orig.
2841 5426 3105 5466 —urave
3134 5411 3263 5465 mihi
3300 5408 3498 5478 ingrati

1934 5502 2101 5556 animi
2133 5503 2324 5556 vitium
2376 5503 2632 5557 videtur:
2686 5520 2871 5573 grave,
2934 5505 3182 5569 inquam,
3234 5520 3297 5557 ue
3340 5505 3499 5572 plane

1937 5593 2348 5661 gravissimum.

340 5787 368 5817 τ
396 5779 665 5839 Antonius
697 5782 913 5841 Melissa
941 5784 1043 5842 hoc
1073 5784 1499 5844 tribuitBasilio.
1577 5799 1596 5827 ι
1630 5787 1746 5844 Hoc
1774 5786 1957 5845 itidem
1994 5805 2024 5844 a
2049 5788 2265 5845 Melissa
2296 5790 2379 5845 bis
2414 5789 2804 5860 Chrysostomo
2840 5789 3095 5845 tribuitur
