4024 6404
919 467 1051 522 ΤΙΤ.
1076 467 1241 523 XXX.
1273 497 1335 523 —.-
1371 467 1447 521 De
1480 469 1630 522 rebus
1664 469 2097 535 impossibilibus.

792 561 891 616 Job
922 577 1014 615 vni
1047 602 1062 628 ,
1114 562 1202 613 ii.
1234 590 1302 599 —
1342 576 1360 609 t
1397 559 1656 630 Nunquid
1689 560 1867 612 virere
1913 566 2095 629 potest
2146 559 2283 614 scir-

719 640 822 723 pus
868 653 989 707 sine
1041 650 1220 721 aqua?
1265 656 1361 701 aut
1397 658 1615 704 crescet
1659 649 1916 704 butomus
1961 650 2083 706 sine
2128 661 2281 720 potu,

719 746 899 799 adhuc
927 746 1203 800 exsistcus
1234 746 1288 798 in
1323 743 1544 797 radice?
1580 763 1598 793 ι

785 831 888 885 Job
914 846 969 886 ιχ
994 871 1010 898 ,
1043 832 1135 885 26.
1162 863 1231 873 —
1258 850 1276 882 ι
1319 829 1376 886 Si
1408 838 1494 887 est
1539 829 1771 885 navibus
1800 830 2091 903 vestigium
2126 832 2285 887 itine-

717 926 819 988 ris,
850 934 944 978 aut
979 924 1176 995 aquila:
1204 923 1467 985 volantis.
1501 923 1800 992 (tumentis
1840 923 2068 976 eseam?
2103 941 2120 973 ι

787 1019 943 1073 Prov.
973 1033 1102 1083 xxx,
1123 1018 1176 1080 4,
1209 1014 1296 1081 18,
1316 1016 1513 1070 ’19.-‹
1541 1014 1677 1080 Quis
1702 1015 2059 1084 congregabit
2089 1024 2285 1070 ventos

717 1112 771 1164 iu
804 1109 976 1165 sinu?
1009 1109 1137 1179 quis
1160 1108 1491 1179 compressit
1540 1122 1759 1162 omnem
1790 1122 1993 1178 aquam
2032 1109 2086 1162 in
2121 1110 2288 1164 vesti-

642 1244 645 1253 ,
716 1205 937 1257 mento?
983 1202 1109 1271 quis
1158 1202 1334 1255 tenuit
1380 1200 1566 1255 omnia
1610 1209 1855 1255 extrema
1909 1202 2105 1256 terrae?
2157 1202 2285 1256 Tria

714 1306 844 1351 sunt
864 1294 1108 1350 dillicilia
1134 1295 1269 1350 mibi
1297 1295 1578 1351 intellectu
1600 1334 1615 1358 ,
1645 1294 1810 1365 369
1836 1304 1890 1350 et
1912 1305 2166 1366 quartum
2194 1312 2285 1365 pe-

712 1388 858 1442 nitus
891 1389 1126 1457 ignoro:
1172 1386 1409 1455 Vcstigia
1449 1387 1648 1456 aquilze
1693 1387 1748 1439 iu
1775 1387 1950 1450 cmlo,
1982 1388 2124 1441 viam
2166 1403 2285 1443 ser-

711 1474 890 1542 pentis
918 1489 1083 1543 super
1117 1483 1345 1543 petram,
1378 1477 1604 1530 semitas
1633 1475 1789 1531 navis
1819 1477 2086 1533 sulcantis
2115 1493 2284 1542 mare,

710 1577 767 1622 et
791 1569 934 1621 viam
964 1568 1068 1621 viri
1096 1568 1150 1621 in
1177 1567 1568 1622 adolescentia.
1606 1588 1624 1619 ι

781 1660 942 1714 Amos
980 1672 1075 1721 ιιι,
1108 1659 1231 1713 5-6.
1256 1690 1325 1699 -
1346 1677 1364 1709 t
1396 1659 1450 1713 Si
1480 1659 1835 1714 ambulabunt
1860 1660 1969 1715 duo
1991 1661 2152 1716 simul
2178 1678 2288 1715 om-

709 1753 858 1813 nino,
884 1751 989 1805 nisi
1011 1752 1368 1823 cognoverint
1394 1752 1492 1807 se?
1517 1751 1571 1806 Si
1597 1750 1909 1822 egredietur
1936 1754 2021 1809 leo
2047 1754 2115 1808 de
2142 1754 2285 1808 saltu

1903 364 1960 419 S.
2003 362 2316 421 JOANNIS
2356 361 2784 423 DAMASCENI

3762 371 3849 437 1233

2499 469 2680 523 ΤΙΤΛ,
2723 470 2802 525 Λ’.
2836 499 2903 509 -—
2936 471 3075 538 Περὶ
3103 469 3409 525 ἀδυνάτων
3439 488 3754 543 πραγματωιο.

2465 579 2484 613 ‹
2519 563 2608 633 Μὴ
2635 563 2820 616 θάλλει
2840 563 3108 634 πάπειρος
3137 564 3265 617 ἀνευ
3294 563 3478 628 ὓδατος
3502 582 3514 629 ;
3541 567 3570 635 ἢ
3596 568 3848 641 ὑψωθήσεται

2390 652 2648 722 βούτομος
2670 655 2797 708 ἄνευ
2824 656 3011 723 ποτοῦ,
3043 657 3123 710 ἔτι
3160 658 3236 710 ὣν
3262 658 3353 709 ἐπὶ
3388 658 3567 726 ρίζηςς
3600 681 3616 711 ι

2462 842 2481 874 t
2517 823 2578 876 Εί
2622 823 2736 877 ἔστι
2768 824 2957 879 ναυσὶν
3011 825 3153 896 ἱχνος
3195 824 3315 879 ὁδοῦ
3339 865 3355 889 ,
3382 827 3416 897 ἦ
3442 828 3586 881 ἀετοῦ
3617 837 3844 905 πετομένω,

2389 915 2679 986 ζητοῦντος
2711 916 2914 989 βορρᾶν
2942 935 2957 984 ;
2996 936 3015 969 ι

2466 1028 2484 1059 t
2526 1009 2622 1072 Τίς
2666 1014 2972 1081 συνήγαγεν
3016 1010 3251 1081 ἀνέμους
3294 1013 3351 1066 ἐν
3420 1013 3626 1085 κόλπῳς
3671 1035 3736 1081 τις
3768 1038 3845 1075 cav-

2390 1098 2579 1170 ἑτριψε
2632 1101 2692 1153 τὸ
2744 1102 2851 1154 πᾶν
2900 1101 3043 1172 ὕδωρ
3074 1102 3306 1173 ίματίῳς
3336 1104 3422 1168 τίς
3448 1106 3685 1176 ἐκράτησε
3706 1111 3846 1166 πάντων

2387 1190 2573 1260 ἄκρων
2604 1191 2702 1260 τῆς
2731 1190 2868 1260 γῆς;
2898 1191 3037 1261 Τρία
3064 1192 3214 1244 ἐστὶν
3235 1192 3469 1247 ἀδύνατά
3499 1212 3581 1265 μοι
3608 1198 3772 1267 νοῆσαι,
3793 1205 3846 1254 καὶ

2388 1282 2450 1334 τὸ
2473 1282 2731 1353 τέταρτον
2764 1283 2863 1335 οῦκ
2894 1282 3262 1352 ὲπιγινώσκω,
3296 1284 3415 1358 ἴχνη
3449 1286 3598 1341 ἀετοῦ
3620 1292 3843 1360 πετομένου,

2389 1376 2483 1426 κοιλ⁸
2513 1374 2629 1426 ὁδὸν
2654 1374 2830 1443 ὄφεως
2860 1376 2954 1428 ἐπὶ
2982 1376 3211 1444 πέτρας,
3253 1380 3349 1430 καὶ
3376 1378 3586 1449 τρίϐους
3607 1382 3709 1452 vnit;
3731 1400 3845 1438 πιντο

2393 1466 2687 1537 τωρούσης,
2726 1470 2821 1522 καὶ
2845 1468 2960 1522 ὁδὸν
2989 1469 3181 1539 ἀνδρὸς
3218 1471 3275 1522 ὲν
3316 1470 3542 1540 νεότητι.
3573 1489 3591 1523 t

2465 1666 2483 1698 ι
2514 1647 2575 1700 Ei
2606 1647 2975 1717 πορεύσονται
3023 1648 3116 1703 δύο
3160 1650 3253 1703 ἐπὶ
3280 1650 3344 1702 τὸ
3370 1649 3502 1704 αὐτὸ
3552 1650 3758 1716 καθόλου,
3790 1656 3844 1709 in

2392 1740 2466 1808 μὴ
2507 1740 2848 1810 γνωρίσωσιν
2901 1739 3129 1803 ἑαυτούς
3161 1741 3263 1807 ;Εί
3302 1739 3632 1805 ἐξελεύσεται
3679 1744 3778 1797 λέων
3809 1748 3846 1798 ἐι

710 1859 812 1900 suo
852 1844 1089 1913 prmdam
1129 1834 1234 1899 non
1279 1844 1528 1899 habens?
1572 1844 1629 1897 Si
1665 1844 1816 1899 dabit
1852 1846 2070 1901 catulus
2109 1846 2281 1901 leonis

2257 1861 2281 1901 ε
2315 1847 2357 1901 Β
2386 1833 2480 1886 τοῦ
2512 1833 2720 1904 δρυμοῦ
2750 1833 2938 1896 αὐτοῦ,
2974 1833 3147 1902 Θήραν
3183 1834 3285 1887 οὐκ
3309 1833 3448 1904 ἔχων
3474 1849 3489 1899 ;
3529 1836 3573 1886 εί
3599 1834 3731 1889 δώσει
3770 1838 3846 1888 σκύ-

713 1954 899 1994 vocem
934 1953 1088 1993 suam
1121 1938 1189 1993 de
1223 1939 1390 1993 cubili
1424 1953 1525 1993 suo
1548 1940 1807 2002 omnino,
1838 1940 1945 1994 nisi
1971 1940 2171 2008 aliquid
2206 1955 2286 1993 ra-

711 2029 931 2099 puerit?
952 2029 1008 2084 Si
1037 2030 1196 2084 eadet
1227 2028 1541 2099 avis"super
1569 2039 1768 2083 terram
1794 2030 1913 2085 sine
1936 2032 2182 2101 aucupo?
2223 2031 2279 2087 Si

710 2123 1015 2191 deponatur
1047 2122 1275 2191 laqueus
1314 2138 1479 2191 super
1520 2131 1719 2175 terram
1747 2161 1762 2185 ,
1800 2123 1904 2177 nisi
1942 2123 2148 2193 aliquid
2187 2139 2281 2194 ap-

711 2214 1118 2284 prehendatur?
1145 2213 1201 2267 Si
1230 2214 1446 2282 elanget
1474 2214 1603 2268 tuba
1628 2215 1682 2267 in
1713 2213 1971 2279 civitate,
2009 2225 2064 2270 et
2110 2231 2286 2287 popu-

713 2309 796 2362 lus
848 2322 957 2361 non
1008 2306 1262 2361 timebit?
1302 2303 1371 2361 Et
1398 2307 1503 2361 erit
1531 2306 1741 2361 malitia
1772 2307 1827 2361 in
1862 2307 2084 2364 civitate
2118 2323 2284 2378 quam

712 2395 979 2451 Dominus
1010 2410 1116 2449 non
1146 2395 1318 2451 fecit?
1348 2416 1367 2448 ι

784 2508 801 2539 ι
833 2488 1093 2559 Nunquid
1118 2488 1514 2559 gloriﬁcabitur
1536 2491 1751 2546 securis
1775 2492 1895 2547 sine
1916 2501 2140 2547 secante
2159 2532 2174 2557 ,
2208 2493 2283 2546 ita

708 2589 770 2633 ut
806 2592 1022 2635 secetur
1051 2581 1107 2634 in
1140 2581 1244 2635 ea?
1278 2591 1375 2635 aut
1405 2581 1742 2637 exaltabitur
1771 2596 1923 2638 serra
1955 2585 2075 2639 sine
2102 2598 2168 2639 eo
2192 2585 2285 2654 qui

710 2675 936 2728 trahat?
962 2694 981 2725 ι

777 2764 976 2821 Jerem.
1021 2782 1092 2830 κ,
1144 2767 1327 2821 15.-
1358 2785 1376 2817 ι
1408 2767 1463 2821 Si
1517 2767 1747 2820 mutabit
1794 2767 2047 2837 Ethiops
2090 2769 2284 2839 pellem

707 2873 862 2913 suam
885 2898 899 2921 ,
922 2864 978 2913 et
1007 2860 1211 2928 pardus
1242 2860 1537 2914 varietates
1566 2874 1694 2915 suas
1714 2899 1728 2922 ,
1758 2876 1856 2916 vos
1882 2877 2097 2932 quoque
2130 2871 2283 2932 pote-

704 2951 830 3006 ritis
858 2950 1177 3006 benefacere
1199 2992 1213 3016 ,
1245 2966 1371 3006 cum
1402 2948 1711 3006 didiceritis
1745 2954 1908 3005 mala.
1942 2972 1960 3004 ι

781 3040 949 3095 Ecclt’.
992 3058 1045 3105 ι,
1084 3041 1139 3094 2.
1170 3070 1241 3079 —
1272 3059 1291 3092 ι
1324 3040 1557 3096 Arenam
1609 3043 1809 3106 maris,
1852 3053 1905 3097 et
1951 3052 2132 3114 guttas
2164 3045 2285 3115 plu-

707 3134 838 3199 vite,
866 3142 921 3188 et
953 3134 1071 3187 dies
1097 3133 1283 3188 saeculi
1333 3134 1456 3204 quis
1512 3135 1868 3189 numerabit?
1920 3137 2279 3192 Altitudincm

708 3225 833 3279 εαξη
855 3265 870 3290 ,
899 3230 954 3278 et
988 3224 1330 3278 latitudinem
1349 3200 1553 3290 teme,
1585 3235 1639 3280 et
1663 3224 1921 3295 abyssum
1944 3267 1958 3292 ,
1984 3234 2039 3281 et
2064 3231 2282 3297 sapicu-
2311 3200 2355 3261 Ο

710 3316 841 3369 tiam
868 3316 993 3386 quis
1021 3315 1411 3386 investigabit?
1437 3335 1455 3365 ι

778 3406 975 3461 Matth.
1017 3423 1071 3473 v,
1108 3408 1193 3462 14.
1222 3438 1290 3449 --
1319 3428 1337 3461 ι
1373 3407 1492 3464 Νοη
1548 3416 1727 3480 p0test
1770 3409 1965 3467 civitas
2018 3411 2283 3467 abscondi

707 3512 879 3567 supra
911 3507 1149 3554 montem
1180 3500 1380 3569 posita.
1419 3519 1440 3551 ›

779 3586 977 3642 Matth.
999 3605 1085 3655 vt,
1116 3589 1187 3643 24
1206 3632 1221 3657 ,
1250 3590 1348 3657 25,
1383 3590 1475 3647 27.
1510 3623 1581 3633 —
1606 3612 1624 3647 ι
1663 3593 1831 3650 Nemo
1856 3605 2035 3667 potest
2065 3597 2282 3655 duobus

706 3676 944 3735 dominis
970 3682 1198 3737 servire.
1226 3683 1337 3737 Aut
1365 3684 1509 3739 enim
1540 3702 1709 3740 unum
1746 3687 1871 3742 odio
1917 3689 2180 3751 habebit,
2229 3697 2282 3744 et

708 3770 941 3826 alterum
968 3773 1154 3845 diliget
1180 3793 1193 3829 :
1222 3785 1318 3829 aut
1349 3792 1518 3832 unum
1566 3780 1900 3846 sustinebit,
1950 3791 2003 3834 et
2049 3783 2281 3835 alterum

715 3872 1053 3921 contemnet.
1084 3864 1202 3921 Non
1236 3872 1462 3938 potestis
1493 3870 1598 3925 Deo
1625 3873 1831 3927 servire
1859 3882 1913 3927 et
1940 3872 2287 3937 Mammon:e,

723 3957 860 4023 Quis
890 3966 1134 4015 vestrum
1166 3961 1417 4031 cogitans
1444 3970 1621 4033 potest
1651 3963 1890 4033 adjicere
1919 3965 1985 4019 ad
2016 3972 2288 4020 staturam

721 4066 877 4106 suam
907 4051 1155 4106 cubitum
1182 4055 1397 4108 unum?
1426 4074 1446 4106 ι

789 4142 988 4197 Matth.
1032 4130 1139 4209 vn,
1179 4145 1265 4200 16.
1295 4176 1365 4188 -—
1392 4166 1411 4198 ι
1446 4145 1699 4217 Nunquid
1724 4150 1990 4220 colligunt
2018 4149 2083 4205 de
2114 4150 2289 4219 spinis

714 4249 883 4298 uvas,
916 4242 1011 4287 aut
1042 4235 1111 4290 de
1138 4235 1359 4291 tribulis
1390 4238 1525 4293 ﬁcus
1546 4239 1569 4291 ?
1590 4238 1709 4293 Non
1744 4249 1924 4310 potest
1954 4242 2118 4296 arbor
2148 4246 2286 4296 bona

720 4336 909 4382 ructus
936 4327 1110 4382 malos
1156 4327 1371 4393 facere,
1426 4344 1603 4400 neque
1648 4334 1816 4387 arbor
1869 4334 2014 4388 mala
2070 4333 2284 4390 fructus

714 4416 889 4471 bonos
921 4416 1120 4477 lacere.
1153 4439 1170 4471 ι

773 4506 967 4581 Matth.
1006 4528 1039 4566 κ
1057 4552 1072 4578 ,
1102 4511 1192 4566 24.
1211 4542 1282 4552 -
1302 4530 1321 4563 ι
1348 4512 1466 4568 Non
1491 4522 1575 4570 est
1596 4514 1900 4585 discipulus
1922 4531 2089 4587 supra
2120 4518 2281 4589 tnagi-
2312 4540 2356 4595 ι)

702 4610 877 4658 suum
908 4620 1064 4659 suum
1086 4646 1101 4672 ,
1128 4621 1306 4676 neque
1336 4623 1527 4663 servus
1549 4624 1715 4679 supra
1744 4610 2025 4665 dominum
2053 4628 2268 4666 suum.»

770 4693 903 4747 Luc.
936 4711 1033 4749 vnt
1055 4736 1069 4761 ,
1106 4698 1192 4751 l7.
1215 4728 1285 4739 —
1310 4720 1327 4752 ι
1356 4698 1503 4754 Nihil
1540 4709 1624 4757 est
1666 4709 1951 4771 opertum,
1989 4704 2135 4774 quod
2169 4720 2272 4758 uou

702 4786 989 4849 reveletur,
1031 4804 1205 4857 neque
1257 4790 1683 4859 absconditum,
1727 4793 1871 4863 quod
1918 4809 2025 4848 non
2070 4809 2274 4865 cogno-

702 4888 911 4943 scatur,
939 4888 992 4933 et
1027 4880 1078 4933 iu
1105 4883 1280 4950 palam
1311 4885 1513 4939 veniat.
1548 4906 1566 4936 ι

773 4970 968 5025 Matth.
1012 4987 1086 5025 xu
1107 5013 1122 5038 ,
1164 4972 1252 5027 54.
1283 5004 1351 5014 -—
1384 4995 1401 5025 ι
1431 4976 1723 5046 Progenies
1754 4979 2099 5047 viperarum,
2130 4995 2273 5050 quo-

700 5062 861 5118 modo
895 5062 1121 5132 potestis
1147 5062 1292 5116 bona
1324 5064 1510 5135 loqui,
1545 5082 1666 5121 cum
1703 5069 1826 5122 sitis
1858 5068 2072 5122 mali?»

775 5154 969 5209 Matth.
1014 5170 1139 5217 xm,
1180 5153 1268 5209 57.
1298 5183 1367 5194 —
1396 5175 1414 5207 ι
1451 5157 1565 5210 Non
1600 5169 1682 5213 est
1721 5159 1987 5229 propheta
2018 5161 2137 5215 sine
2169 5161 2271 5215 bo-

700 5260 868 5307 nore,
902 5246 1008 5300 nisi
1043 5246 1094 5300 in
1128 5246 1303 5317 patria
1337 5262 1434 5302 sua
1461 5256 1515 5301 et
1549 5249 1600 5302 in
1632 5249 1793 5304 domo
1820 5266 1939 5305 sua.
1966 5269 1985 5302 ι

773 5333 970 5390 Matth.
1012 5353 1182 5402 xxix,
1215 5337 1406 5393 25-26.
1468 5369 1537 5378 —
1584 5360 1600 5391 ι
1629 5340 1798 5407 Quam
1848 5342 2067 5398 diﬂicile
2118 5342 2270 5399 dives

703 5426 926 5480 intrabit
958 5428 1015 5483 in
1046 5444 1272 5500 regnum
1304 5430 1563 5486 caelorum
1597 5433 1608 5485 !
1664 5431 1866 5487 lterum
1897 5435 2022 5489 dico
2070 5436 2226 5491 vobis
2255 5454 2269 5490 :

704 5514 941 5572 Facilius
993 5528 1077 5573 est
1128 5521 1394 5577 camelum
1443 5521 1649 5578 intrare
1689 5540 1785 5593 per
1824 5524 2073 5582 foramen
2107 5542 2267 5591 acus,

702 5623 867 5676 quam
892 5608 1114 5666 divitem
1138 5614 1343 5668 intrare
1366 5614 1419 5668 iu
1444 5631 1667 5685 regnum
1700 5616 1810 5671 Dei.
1838 5618 1995 5687 Apud
2023 5618 2271 5675 homines

703 5698 808 5752 hoc
842 5698 1176 5769 impossibile
1209 5713 1328 5761 est:
1358 5708 1497 5775 apud
1523 5707 1691 5762 Deum
1723 5720 1899 5766 autem
1928 5712 2108 5767 omnia
2142 5721 2269 5767 sunt

702 5791 1002 5862 possibilia.
1034 5812 1079 5844 »ο
1956 5820 1959 5825 ι

2389 1943 2521 1995 μνος
2546 1927 2731 1996 φωνὴν
2771 1926 2937 1980 αὑτοῦ
2970 1928 3036 1979 ὲκ
3058 1928 3155 1996 τῆς
3201 1926 3443 1996 μάνδρας
3485 1924 3635 1979 αὑτοῦ
3678 1927 3845 1991 molitm,

2389 2019 2483 2071 ἐὰν
2515 2017 2589 2089 μὴ
2622 2019 2847 2090 ἁρπάσῃ
2868 2036 2954 2085 τις
2981 2019 3031 2072 εί
3064 2020 3312 2072 πεσεῖται
3349 2018 3533 2089 ὄρνεον
3578 2019 3660 2070 ἐπὶ
3696 2020 3767 2088 τήν
3785 2024 3845 2088 γῆν

2389 2109 2518 2163 ἀνευ
2578 2111 2810 2178 ίξευτοῦ;
2837 2112 2886 2163 εί
2918 2110 3289 2182 σχασθήσεται
3345 2111 3507 2180 παγὶς
3557 2110 3639 2163 ἐπὶ
3678 2110 3752 2180 τῆς
3786 2112 3846 2177 γῆς

2385 2200 2515 2254 ἄνευ
2545 2200 2641 2253 τοῦ
2673 2200 2961 2254 συλλαϐεῖν
2990 2219 3045 2255 τι
3075 2220 3089 2267 ;
3125 2202 3173 2255 εί
3205 2204 3451 2273 φωνήσει
3513 2201 3771 2269 σάλπιγξεν
3790 2204 3844 2252 τό·

2386 2294 2492 2357 λει,
2554 2296 2649 2349 καὶ
2703 2296 2831 2361 λαὸς
2875 2297 2939 2350 οὐ
2990 2297 3398 2369 πτοηθήσεταις
3441 2298 3532 2350 καὶ
3580 2297 3705 2351 ἔσται
3743 2298 3847 2351 uti:

2393 2388 2452 2439 ὲν
2488 2387 2661 2452 πόλει,
2683 2388 2749 2460 ἢν
2780 2388 2983 2459 Κύριος
3012 2391 3113 2442 οὐκ
3141 2390 3437 2459 ἐποίησεν;
3479 2408 3497 2440 ι

2465 2499 2483 2532 ι
2520 2482 2613 2551 Μὴ
2648 2480 3039 2551 δοξασθήσεται
3104 2480 3261 2551 ἀξίνη
3314 2484 3445 2536 ἄνευ
3496 2481 3585 2535 τοῦ
3629 2482 3846 2542 κόπτοντθς.

2386 2571 2526 2624 ὥστε
2557 2572 2778 2626 κόπτειν
2806 2576 2864 2626 ὲν
2899 2577 3037 2646 αὐτῇ
3066 2593 3081 2642 ;
3123 2576 3156 2646 ἢ
3188 2576 3537 2648 ὑψωθήσεται
3588 2579 3728 2650 πρίων
3769 2580 3847 2631 ἄνευ

2384 2664 2480 2718 τοῦ
2520 2664 2769 2729 ἕλκοντος
2792 2667 2990 2733 αὑτόνς
3024 2687 3043 2719 ι

2466 2776 2483 2809 ι
2515 2758 2577 2810 Ei
2615 2756 3054 2828 ἀλλάξειΑίθίοψ
3076 2759 3137 2813 τὸ
3161 2760 3342 2832 δέρμα
3387 2761 3567 2825 αὐτοῦ,
3600 2764 3679 2816 καὶ
3714 2764 3847 2831 πάρδα-

2386 2848 2467 2912 λις
2489 2850 2560 2902 τὰ
2591 2850 2926 2921 ποικίλματα
2973 2853 3167 2922 αὐτῆς,
3219 2856 3317 2907 καὶ
3359 2856 3520 2925 ὑμεῖς
3562 2855 3790 2925 δυνήσεσθε
3814 2850 3847 2906 :3

2390 2942 2634 3013 ποιῆσαι,
2663 2943 3045 3014 μεμαθηκότες
3076 2944 3243 3002 κακά.
3268 2965 3288 2998 ν

2460 3054 2479 3085 ι
2529 3036 2748 3107 Ἀμμον
2798 3036 3085 3092 θαλασσῶν
3109 3080 3124 3105 ,
3171 3040 3269 3092 καὶ
3318 3039 3582 3108 σταγόνας
3619 3038 3758 3101 ὑετοῦ,
3792 3037 3849 3088 καὶ

2388 3127 2602 3198 ἡμέρας
2629 3128 2847 3195 γαίῶνος
2898 3130 2984 3192 τίς
3027 3129 3427 3203 ὲξαριθμήσει;
3478 3134 3636 3202 ’Υψος
3677 3129 3847 3201 οὑρανοῦ.

2389 3220 2483 3274 καὶ
2514 3220 2716 3285 πλάτος
2760 3222 2885 3291 γῆς,
2920 3222 3015 3275 καὶ
3044 3222 3313 3289 ἄϐυσσον,
3352 3226 3450 3279 καὶ
3492 3225 3666 3293 σοφίαν
3698 3225 3761 3285 τίς
3795 3222 3848 3287 ἐξ·

2393 3313 2623 3384 ιχνιάσει
2645 3328 2660 3378 ;
2684 3332 2703 3364 ι

2465 3424 2485 3456 ι
2510 3406 2585 3459 Οὐ
2608 3404 2828 3459 δύναται
2871 3406 3023 3471 πόλις
3083 3408 3357 3462 κουϐῑτναι
3396 3410 3577 3463 ἐπάνω
3624 3409 3749 3480 ὅρους
3782 3425 3851 3459 κει·

2392 3499 2549 3571 μένη.
2575 3519 2594 3551 ι

2465 3607 2482 3640 ι
2512 3589 2697 3654 Οὐδεὶς
2755 3590 2981 3645 δύναται
3008 3591 3129 3645 δυσι
3175 3592 3395 3663 κυρίοις
3437 3592 3699 3647 δουλεύειν.
3721 3591 3771 3643 Ἦ
3786 3590 3851 3656 γὰρ

2389 3679 2480 3733 τὸν
2510 3680 2606 3734 ἕνα
2636 3682 2878 3752 μισήσει,
2933 3684 3028 3736 καὶ
3071 3685 3161 3737 τὸν
3190 3684 3383 3755 ἕτερον
3431 3687 3708 3756 ἀγαπήσει·
3734 3682 3849 3754 ήένίέις

2390 3771 2690 3836 ἀνθέξεται,
2720 3772 2814 3826 καὶ
2844 3772 2937 3826 τοῦ
2964 3773 3150 3845 ἑτέρου
3171 3778 3593 3848 καταφρονήσει.
3620 3777 3682 3828 05
3699 3770 3849 3827 δύνασθε

2388 3861 2507 3932 Θεῷ
2528 3861 2803 3916 δουλεύειν
2831 3863 2926 3915 καὶ
2947 3864 3265 3936 Μαμμωνᾷ.
3290 3868 3388 3930 Τίς
3408 3865 3470 3932 ἐξ
3496 3867 3635 3938 ὑμῶν
3656 3864 3850 3936 μεριμνῶν

2388 3953 2615 4008 δύναται
2656 3952 2975 4023 προσθεῖναι
3020 3957 3116 4009 ἐπὶ
3156 3957 3255 4028 τὴν
3305 3958 3523 4029 ἠλικίαν
3554 3957 3695 4011 αὐτοῦ
3738 3956 3849 4024 πῆχυν

2388 4044 2518 4113 ἕνας
2543 4063 2561 4096 ι

2465 4155 2484 4188 ‹
2515 4138 2606 4209 Μή
2632 4153 2685 4191 τι
2712 4138 3060 4206 συλλέγουσιν
3113 4139 3223 4194 ἀπὸ
3275 4141 3533 4197 ἀκανθῶν
3584 4140 3845 4209 aceruatim

2388 4230 2497 4284 ἀπὸ
2514 4232 2775 4303 τριϐόλων
2808 4232 2981 4297 σῦκα;
3030 4232 3215 4297 Οὕτως
3244 4235 3305 4286 οὺ
3336 4235 3554 4289 δύναται
3574 4234 3747 4305 δένδρον
3762 4234 3841 4297 ἀγα-

2389 4322 2479 4375 θὸν
2509 4326 2756 4395 καρποὺς
2788 4327 3059 4398 πονηροὺς
3089 4329 3281 4393 ποιεῖν,
3309 4328 3432 4381 οὐδε
3463 4328 3657 4398 δένδρον
3715 4324 3849 4393 σαπρὸν

2388 4417 2634 4485 καρποὺς
2656 4419 2853 4482 καλοὺς
2869 4422 3062 4474 ποιεῖν.
3088 4439 3107 4471 ι

2463 4526 2481 4558 ι
2517 4509 2631 4561 Οὐκ
2661 4509 2777 4562 ἐστι
2803 4509 3054 4581 μαθητὴς
3085 4512 3223 4584 ὑπὲρ
3242 4513 3345 4575 ,τὸν
3401 4513 3691 4569 διδάσκαλον
3726 4505 3841 4563 αὐτώ.

2384 4599 2504 4653 οὐδὲ
2540 4599 2723 4661 δοῦλος
2753 4602 2896 4672 ὑπὲρ
2926 4603 3017 4655 τὸν
3042 4604 3248 4675 Κύριον
3270 4605 3499 4676 αὑτοῦ.)

2458 4712 2475 4745 ι
2517 4694 2681 4747 Οὐδέν
2744 4695 2861 4747 ὲστι
2924 4696 3478 4765 συγκεκαλυμμένον,
3524 4698 3551 4750 ὃ
3587 4697 3672 4749 οὐκ
3710 4695 3836 4746 ἀποκιε

2375 4785 2733 4857 λυφθήσεται,
2775 4787 2872 4840 καὶ
2898 4789 3167 4859 κρυπτὸν,
3195 4790 3222 4842 ὃ
3242 4792 3301 4843 οὐ
3325 4790 3697 4860 γνωσθήσεται,
3719 4784 3839 4841 ulti;

2376 4882 2609 4951 φανερὸν
2636 4882 2786 4955 ἔλθῃ.
2814 4903 2831 4935 ι

2452 4992 2471 5025 t
2512 4975 2833 5045 Γεννήματα
2857 4975 3100 5047 ὲχιδνῶν,
3131 4975 3251 5040 πῶς
3276 4975 3512 5031 δύνασθε
3532 4970 3690 5043 ἀγαθά
3709 4966 3837 5023 λαλεῖν,

2377 5069 2604 5138 πονηροὶ
2635 5058 2817 5133 ὄντες’;
2845 5089 2864 5120 ι

2450 5162 2619 5230 «ηούκ
2649 5159 2765 5214 ἔστι
2799 5162 3089 5233 προφήτης
3120 5163 3338 5233 ἄτιμος,
3367 5164 3416 5215 εί
3441 5164 3517 5234 μὴ
3547 5164 3600 5214 ἐν
3614 5161 3671 5229 τῇ
3692 5150 3837 5223 πατρὶὁε

2373 5251 2561 5313 αὐτοῦ,
2594 5253 2688 5304 καί
2716 5253 2773 5305 ὲν
2804 5255 2873 5323 τῇ
2905 5254 3054 5324 οἰκίᾳ
3082 5254 3269 5310 αὑτοῦ.
3295 5275 3316 5307 ι

2449 5362 2468 5395 ι
2502 5344 2625 5408 Πῶς
2684 5344 2961 5409 δυσκόλως
3003 5346 3257 5411 πλούσιος
3306 5350 3655 5402 εἰσελεύσεται
3678 5349 3739 5407 εἰς
3775 5340 3837 5405 15‘."

2378 5436 2657 5507 βασιλείαν
2696 5436 2807 5491 τῶν
2855 5439 3123 5509 ούρανῶνῐ
3178 5441 3346 5494 Πάλιν
3393 5442 3535 5510 λέγω
3567 5435 3833 5511 ὑμῖνἚὺιθ

2377 5527 2620 5599 πὼτερόν
2676 5530 2796 5582 ἐστι
2860 5531 3107 5602 κάμηλον
3156 5534 3245 5586 διὰ
3297 5536 3636 5604 τρυπήματος
3683 5522 3835 5599 ῥανίδσὶ

2373 5620 2620 5684 διελθεῖν,
2652 5621 2685 5691 ἢ
2713 5620 2965 5674 πλούσιον
2987 5625 3066 5687 είς
3098 5623 3195 5694 τὴν
3232 5624 3505 5695 βασιλείαν
3532 5624 3614 5676 τοῦ
3634 5615 3738 5671 Θεοῦ
3762 5615 3835 5663 ti:-

2375 5712 2568 5765 ελθεῖν.
2600 5713 2761 5783 Παρά
2794 5713 3100 5785 ἀνθρώποις
3128 5715 3284 5769 τοῦτο
3316 5717 3566 5770 ἀδύνατόν
3600 5716 3695 5766 ἐστι
3736 5702 3835 5756 moi

2372 5806 2425 5859 δὲ
2450 5805 2566 5876 Θεῷ
2606 5806 2780 5860 πάντα
2808 5806 3024 5860 δυνατά.
3049 5826 3069 5859 ι
