4024 6432
184 437 324 503 1233

254 570 275 602 s
307 548 441 602 Θεὸν
469 548 643 611 οὐδεὶς
669 546 881 621 ἑώρακε
921 546 1159 601 πώποτε.
1183 564 1201 597 ι

256 660 275 693 ι
314 636 485 693 Εἶπεν
515 640 546 692 ὁ
574 639 781 709 Ἰησοῦς
802 639 881 710 τῷ
907 638 1202 708 Νικοδήμῳ
1222 653 1236 667 ο
1268 635 1437 707 ’Δμὴν
1466 634 1608 702 λέγω
1644 650 1747 699 σοι,

178 733 275 788 ἐὰν
307 734 381 804 μή
415 749 502 796 τις
532 731 769 802 γεννηθῇ
820 730 1064 797 ἄνωθεν,
1098 730 1161 783 οὐ
1195 726 1418 782 δύναται
1471 728 1600 781 ίδεῖν
1650 726 1749 797 τὴν

180 825 461 897 βασιλείαν
490 823 585 876 τοῦ
618 822 778 877 Θεοῦ.
809 822 974 891 Λέγει
1002 821 1138 893 πρὸς
1188 820 1393 874 αὐτὸνὸ
1412 817 1745 887 Νικόδημοςο

178 918 305 982 Πῶς
346 918 572 972 δύναται
624 915 910 988 ἄνθρωπος
942 913 1273 984 γεννηθῆναι
1302 913 1483 984 γέρων
1517 911 1591 963 ὧν
1622 926 1636 975 ;
1672 909 1748 979 μὴ

176 1011 402 1066 δύναται
429 1010 694 1067 εἰσελθεῖν
719 1011 801 1073 είς
838 1008 937 1080 τὴν
964 1007 1172 1067 κοιλίαν
1205 1006 1305 1077 τῆς
1337 1004 1545 1077 μητρὸς
1583 1002 1748 1058 αὑτοῦ

176 1101 473 1174 δεύτερον,
525 1104 621 1157 καὶ
696 1100 1022 1171 γεννηθῆναι
1067 1116 1084 1167 ;
1138 1097 1437 1168 Ἀπεκρίθη
1497 1095 1701 1165 Ἰησοῦς
1731 1109 1746 1125 ’

191 1195 385 1267 Ἀμὴν,
410 1196 561 1266 ἀμὴν
585 1194 728 1264 λέγω
753 1212 859 1259 σοι,
885 1193 981 1247 ἐὰν
1018 1194 1091 1264 μή
1107 1210 1191 1256 τις
1218 1190 1453 1262 γεννηθῇ
1473 1189 1531 1257 ἐξ
1561 1190 1750 1252 ὓδατος

176 1288 273 1339 καὶ
304 1287 649 1357 Πνεύματος,
671 1287 733 1341 οὑ
756 1286 979 1341 δύναται
1032 1284 1296 1339 εἰσελθεῖν
1348 1284 1429 1338 εει·
1461 1284 1561 1354 τὴν
1599 1282 1751 1352 βασι-

176 1375 333 1428 λείαν
359 1376 452 1429 τοῦ
487 1376 646 1429 Θεοῦ.
672 1394 689 1427 ι

291 1489 345 1540 εἰ
373 1488 472 1558 τὴν
500 1488 679 1558 ψυχὴν
703 1488 893 1560 ἄρχειν
927 1488 1027 1560 μὲν
1064 1487 1176 1540 τῶν
1221 1485 1435 1549 παθῶν,
1476 1484 1750 1539 δουλεύειν

173 1577 234 1631 δὲ
268 1578 348 1649 τῷ
379 1578 518 1650 Θεῷ.
559 1580 868 1650 Ἀμήχανον
919 1581 1031 1651 γὰρ
1091 1581 1279 1651 αὐτὴν,
1343 1581 1437 1633 καὶ
1492 1578 1597 1632 ὑπὸ
1651 1580 1751 1648 τῆς

176 1671 458 1741 ἁμαρτίας
517 1671 922 1742 βασιλεύεσθαι,
973 1674 1069 1729 καὶ
1120 1675 1225 1727 ὑπὸ
1280 1673 1457 1728 Θεοῦο
1494 1673 1631 1727 ἀλλὰ
1672 1673 1753 1726 δεῖ

176 1764 384 1827 κακίας
442 1764 542 1835 μὲν
591 1766 908 1837 ἐπικρατεῖν
927 1807 943 1834 ,
977 1766 1056 1837 τῷ
1080 1766 1327 1838 Δεσπότῃ
1354 1766 1410 1821 δὲ
1441 1765 1551 1820 τῶν
1615 1766 1751 1819 ὅλων

178 1855 571 1926 ὑποτετάχθαι.

265 2055 572 2128 Ἀμήχανόν
598 2057 715 2110 ὲστι
758 2060 1100 2131 χωρητικοῦς
1158 2059 1308 2131 ἡμᾶς
1347 2059 1602 2127 γενέσθαι
1658 2058 1760 2128 τῆς

181 2148 340 2213 θείας
394 2149 635 2221 χάριτος,
675 2151 751 2223 μὴ
777 2153 847 2208 τὰ
874 2152 983 2206 ἀπὸ
1041 2153 1243 2216 κακίας
1290 2153 1439 2223 πάθη
1481 2170 1759 2224 προκατα-

182 2242 387 2311 σχόντα
444 2242 544 2308 τὰς
584 2245 767 2316 ψυχὰς
814 2244 974 2317 ἡμῶν
1029 2245 1392 2311 ἐξελάσαντας
1427 2263 1440 2277 ·
1494 2246 1630 2300 ἀλλὰ
1663 2247 1761 2301 καὶ

180 2335 410 2402 ἀγγεῖον
471 2338 1020 2409 προκατειλημμένον
1089 2339 1195 2393 ὑπό
1256 2356 1404 2402 τινος
1462 2338 1757 2404 δυσωδίας,

181 2426 237 2477 εί
266 2426 344 2496 μὴ
370 2426 667 2501 ὲκπλυσθῇ,
688 2430 749 2483 οὐ
777 2431 853 2502 μὴ
875 2430 1100 2503 δέξηται
1130 2431 1222 2484 τοῦ
1264 2431 1437 2504 μύρου
1467 2430 1564 2503 τὴν
1601 2432 1759 2503 ἐπιρ-

184 2520 345 2590 ροήνο
1290 2544 1291 2547 η
1732 2506 1737 2515 ’

284 2631 581 2702 Δμήχανον
620 2633 862 2705 ἅψασθαι
909 2633 1006 2689 τοῦ
1056 2635 1300 2705 ἀγαθοῦ,
1343 2636 1418 2708 μὴ
1447 2636 1763 2695 ἀποστάντα

184 2720 483 2792 πρότερον,
513 2723 609 2787 καὶ
636 2724 971 2785 ἐκνεύσαντα
1001 2724 1097 2779 τοῦ
1121 2724 1313 2780 κακοῦ.

293 2917 478 2988 Ωσπερ
500 2920 762 2975 ἀδύνατον
796 2923 1102 2995 ὑπερϐῆναι
1120 2925 1217 2995 τὴν
1235 2926 1430 2979 ἑαυτοῦ
1451 2925 1631 2990 σκιὰν,
1670 2926 1767 2981 καὶ

183 3010 272 3081 τῷ
305 3010 429 3067 λίαν
460 3015 801 3086 ἐπειγομένῳ
834 3016 1051 3085 (φθάνει
1082 3018 1191 3089 γὰρ
1218 3019 1307 3072 ἀεὶ
1334 3017 1610 3083 τοσοῦτον,
1639 3019 1764 3071 ὅσον

187 3101 732 3176 καταλαμϐάνεται)ο
790 3106 823 3176 ἢ
874 3109 988 3174 τοῖς
1030 3110 1250 3179 ὁρατοῖς
1311 3109 1612 3178 πλησιάσαι
1666 3108 1766 3179 τὴν

187 3192 341 3262 ὄψιν,
368 3194 492 3265 δίχα
506 3195 601 3249 τοῦ
624 3198 681 3250 ὲν
722 3199 871 3269 μέσῳ
895 3199 1091 3268 φωτὸς,
1116 3202 1210 3255 καὶ
1236 3200 1424 3269 ἀέρος·
1452 3201 1485 3271 ἢ
1509 3202 1616 3254 τῶν
1645 3202 1768 3255 ὑδά-

1449 430 1685 490 SACRA
1716 429 1805 487 ΡΛ
1815 428 1863 487 Β
1876 426 2151 487 ALLELA
2164 471 2177 487 .

1776 543 1825 602 Α
1917 535 2081 597 Joan.
2121 553 2169 602 ι,
2208 535 2294 591 18.
2319 566 2388 575 —
2420 555 2438 589 ι
2470 535 2640 591 Deum
2676 550 2834 593 nemo
2867 538 2977 593 vidi
3035 551 3292 607 unquam.

3286 421 3427 487 19.34

1924 628 2088 686 Jaan.
2120 645 2215 693 ιιι,
2243 630 2357 686 5-5.
2384 661 2453 671 --
2482 650 2500 682 ι
2533 630 2679 686 Dixit
2717 630 2877 687 Jesus
2923 630 3219 686 Nicouemo
3252 647 3267 684 ς
3301 627 3419 683 Nisi

1856 721 1980 792 quis
2018 730 2179 778 natus
2218 721 2385 777 fuerit
2429 723 2687 794 desuper,
2749 739 2861 778 non
2906 731 3084 793 potest
3109 720 3298 776 videre
3328 736 3418 776 re-

1857 826 2022 882 gnum
2052 812 2169 868 Dei.
2197 811 2340 867 Dixit
2368 812 2437 879 ad
2464 828 2587 869 eum
2615 812 2946 868 Nicodamus
2974 831 2989 867 :
3015 810 3296 878 Quomodo
3326 826 3424 881 po-

1856 911 1966 960 test
1995 903 2157 959 homo
2190 903 2340 965 nasci
2364 942 2380 968 ,
2411 919 2536 961 cum
2564 904 2639 960 sit
2670 920 2833 961 senex
2859 905 2882 959 ?
2910 906 2991 958 An
3019 910 3197 973 potest
3220 902 3422 957 iterato

1857 996 2086 1053 introire
2111 997 2163 1051 in
2189 1002 2430 1053 ventrem
2457 998 2647 1053 matris
2676 1013 2808 1063 suae,
2831 1004 2886 1052 et
2910 996 3097 1052 nasci?
3120 994 3426 1067 Respondit

1856 1088 2052 1144 Jesus:
2080 1088 2252 1144 Amen
2274 1128 2289 1153 ,
2322 1104 2478 1146 amen
2502 1091 2624 1146 dico
2653 1090 2748 1146 tibi
2776 1110 2789 1145 :
2822 1088 2940 1145 Nisi
2965 1089 3089 1160 quis
3116 1096 3334 1143 renatus
3357 1102 3423 1141 ex

1859 1195 1995 1253 aqua
2017 1189 2072 1237 et
2096 1180 2301 1253 Spiritu
2322 1225 2337 1249 ,
2359 1196 2465 1237 non
2486 1190 2666 1253 potest
2685 1185 2893 1240 intrare
2928 1183 2984 1238 in
3017 1198 3242 1255 regnum
3267 1180 3417 1236 Dei.»

1930 1465 2105 1519 Basil.
2142 1465 2197 1519 in
2242 1465 2381 1534 psal.
2413 1482 2449 1521 ι.
2479 1495 2547 1504 -—
2577 1463 2803 1535 Oportet
2850 1465 3087 1518 animam
3139 1460 3425 1517 aﬂ‘ectibus

1857 1557 2079 1627 quidem
2118 1558 2425 1628 imperare,
2456 1557 2567 1613 Deo
2593 1565 2773 1619 autem
2807 1556 3034 1611 servire.
3067 1554 3254 1626 Neque
3281 1553 3425 1608 enim

1861 1649 1976 1704 ﬁeri
2008 1657 2223 1720 potest,
2269 1659 2330 1704 ut
2376 1649 2495 1719 ipsa
2539 1650 2702 1705 simul
2735 1657 2788 1703 et
2828 1658 3115 1718 peccatum
3158 1655 3211 1702 et
3260 1646 3427 1699 Deum

1859 1756 2015 1810 reges
2042 1741 2258 1796 habeat.
2290 1741 2455 1811 37o
2482 1741 2683 1796 Verum
2726 1754 2948 1795 necesse
2988 1748 3106 1801 est,
3138 1748 3197 1793 ut
3234 1738 3427 1790 vitium

1859 1835 2077 1905 quidem
2106 1834 2173 1888 ad
2208 1834 2457 1890 ordinem
2485 1834 2693 1905 redigat
2711 1872 2725 1898 ,
2754 1847 2875 1889 sese
2896 1846 3026 1887 vero
3053 1829 3294 1887 omnium
3323 1828 3398 1883 Do
3425 1836 3447 1871 ί

1789 1910 1833 1967 Β
1862 1925 2010 1980 ιιιίηο
2040 1924 2319 1994 subjiciat.

1927 2038 2205 2111 Ejusdem.
2230 2070 2301 2079 —
2324 2036 2471 2094 Fieri
2509 2050 2852 2108 nequaquam
2889 2043 3090 2106 potest,
3131 2041 3192 2088 ut
3225 2047 3327 2088 nos
3348 2031 3433 2086 di-

1858 2132 2002 2186 vinae
2035 2131 2226 2202 gratia:
2253 2144 2487 2202 capaces
2523 2129 2843 2194 elliciamur,
2879 2126 2985 2182 nisi
3018 2125 3172 2197 prius
3204 2131 3430 2178 contra-

1857 2233 1977 2279 ctas
2022 2238 2055 2278 a
2102 2222 2235 2279 vitio
2266 2221 2742 2295 perturbationes,
2795 2220 2995 2289 quibus
3042 2217 3210 2272 animi
3256 2215 3432 2271 nostri

1859 2318 2115 2387 occupati
2147 2324 2276 2372 sunt
2296 2355 2311 2379 ,
2341 2315 2685 2385 ejecerimus.
2722 2312 2855 2368 Nam
2902 2325 3083 2382 neque
3112 2307 3393 2364 vasculum
3415 2348 3430 2372 ,

1862 2411 2010 2480 quod
2055 2409 2194 2465 fetor
2239 2410 2460 2480 quidam
2512 2414 2639 2462 ante
2687 2405 2928 2471 invasit,
2964 2401 3298 2457 infusionem
3329 2414 3433 2455 uu-

1864 2504 2048 2575 guenti
2077 2517 2272 2574 capere
2299 2506 2510 2572 potest,
2545 2500 2651 2555 nisi
2681 2499 2834 2570 prius
2863 2499 3072 2554 elutum
3100 2492 3290 2549 fuerit.

1935 2619 2128 2690 Ejusd.
2161 2620 2214 2674 in
2249 2618 2387 2687 psal.
2428 2631 2624 2672 xxxm.
2650 2646 2719 2656 —
2745 2610 3087 2684 lmpossibile
3110 2618 3195 2664 est
3226 2607 3433 2663 bonum

1862 2729 2188 2786 capessere,
2235 2711 2338 2766 nisi
2394 2710 2546 2783 prius
2600 2723 2629 2762 a
2682 2706 2827 2761 malo
2886 2700 3222 2761 abscesseris
3270 2706 3438 2769 atque

1863 2805 2151 2863 emerseris

1939 2917 1992 2972 Ν
1998 2936 2083 2973 az.
2112 2917 2189 2975 De
2214 2917 2436 2987 theolog.
2464 2945 2531 2957 ——
2561 2909 3031 2980 Quemadmodum
3053 2920 3236 2967 nemo,
3260 2920 3441 2976 quan-

1867 3011 2070 3066 tumvis
2100 3018 2393 3082 properet,
2418 3007 2669 3067 umbram
2696 3019 2850 3062 suam
2878 2999 3231 3072 praeteriti-edi
3261 3005 3442 3067 potest

1870 3099 2103 3168 (quippe
2131 3113 2251 3167 qua!
2276 3095 2614 3155 tantumdem
2644 3107 2859 3162 semper
2891 3096 3230 3153 antevertat,
3264 3101 3443 3157 quan-

1870 3200 1983 3245 tum
2008 3188 2544 3258 comprehenditur),
2572 3201 2675 3242 nec
2696 3185 2849 3242 visus
2872 3182 2938 3237 ad
2967 3197 3030 3237 ea
3058 3196 3180 3252 quae
3202 3181 3255 3233 in
3282 3193 3444 3249 aspeo

183 3303 303 3338 των
354 3287 461 3353 ἔξω
504 3289 605 3357 τὴν
655 3292 856 3363 νυκτὴν
913 3293 1073 3361 φύσιν
1132 3293 1508 3348 διολισθαίνειν
1546 3310 1559 3324 ο
1595 3294 1756 3357 οὕτως

1870 3294 2017 3339 ctum
2073 3285 2309 3346 eadunt,
2352 3278 2498 3337 'citra
2552 3277 2897 3348 splendorem
2949 3272 3331 3330 intermedium
3386 3280 3445 3326 et

183 3379 483 3449 ἀμήχανον
503 3384 618 3445 τοῖς
634 3383 690 3435 ὲν
718 3382 932 3454 σώματι
959 3386 1083 3456 δίχα
1106 3386 1214 3439 τῶν
1235 3387 1562 3441 σωματικῶν
1587 3387 1768 3458 πάντη

184 3470 455 3538 γενέσθαι
498 3474 637 3544 μετά
664 3475 773 3530 τῶν
806 3478 1133 3547 νοουμένων.

298 3752 597 3824 Δμήχανον
642 3759 1014 3828 συνυπάρχειν
1070 3759 1170 3827 τὴν
1202 3762 1335 3831 πρὸς
1375 3761 1579 3832 κόσμον
1635 3766 1771 3830 άγά-

184 3863 309 3915 πην
334 3848 402 3917 τῇ
438 3847 573 3917 πρὸς
623 3848 714 3901 τὸν
768 3850 900 3903 Θεὸν
953 3853 1163 3926 ἀγάπῃ,
1204 3854 1279 3916 ὡς
1310 3855 1593 3924 ἀμήχανον
1643 3871 1771 3908 συν-

184 3936 474 4006 υπάρχειν
495 3936 748 4005 ἀλλήλοις
777 3940 893 4008 φῶς
922 3944 1017 3995 καὶ
1049 3942 1262 4007 σκότος.

183 4075 391 4129 ΤΙΤΛ.
415 4074 539 4128 AA'.
558 4079 783 4157 --.I1£pl
801 4079 1026 4157 ργίων.
1045 4080 1147 4157 καὶ
1168 4081 1653 4157 μακρριζῦμένων
1680 4082 1772 4152 ἐφ’

169 4194 173 4197 _
599 4143 687 4214 οἷς
716 4143 919 4218 δρῶάι,
963 4151 1060 4205 καὶ
1098 4143 1251 4221 ὑπὲρ
1272 4143 1375 4205 ὦᾶο.

276 4299 296 4332 ι
348 4280 481 4332 Ἀπὸ
500 4279 608 4334 τῶν
634 4280 804 4349 ἁγίων
830 4281 1230 4355 φοϐηθήσεσθε.
1258 4302 1278 4337 ι

276 4392 296 4424 ι
336 4373 627 4444 Μακάριος
657 4375 721 4427 σὺ
749 4374 987 4445 Ἰσραήλ.
1018 4376 1114 4439 Τίς
1147 4377 1335 4448 ὅμοιός
1365 4396 1477 4431 σοι’
1517 4377 1647 4444 λαός
1673 4394 1776 4435 σω-

182 4467 434 4537 ζόμενος
465 4467 570 4520 ὑπὸ
591 4467 823 4537 Κυρίου.
841 4488 860 4520 ι
1294 4496 1303 4517 ι

332 4560 621 4629 Μακάριος
652 4558 958 4633 ἄνθρωπος,
990 4561 1048 4613 ὃν
1072 4560 1263 4630 ἤλεγξε
1287 4562 1508 4635 Κύριος.
1543 4582 1561 4614 ι

276 4731 618 4802 «Μακάριος
676 4731 849 4803 ἀνὴρ,
903 4732 959 4796 ὃς
1016 4732 1116 4784 οὐκ
1167 4732 1439 4804 ἐπορεύθη
1498 4734 1553 4785 ἐν
1613 4734 1776 4807 βουλῇ

175 4825 437 4890 ἀσεϐῶν,
472 4826 566 4878 καὶ
585 4827 642 4878 ὲν
669 4825 770 4895 ὁδῷ
800 4826 1140 4897 ἁμαρτωλῶν
1168 4827 1268 4879 οὐκ
1299 4825 1447 4898 ἔστη.
1481 4846 1500 4878 ι

280 4936 303 4969 ι
334 4916 660 4987 Θαυμαστὸς
681 4918 708 4969 ὁ
735 4916 868 4979 Θεὸς
904 4918 964 4969 ἐν
987 4920 1101 4980 τοῖς
1127 4917 1302 4985 ἁγίοις
1329 4916 1516 4973 αὐτοῦ.
1542 4938 1559 4970 ι

280 5026 303 5060 ¢
336 5010 614 5078 Μακάριοι
660 5007 856 5071 πάντες
904 5011 953 5062 οἱ
998 5007 1377 5071 κατοικοῦντες
1428 5011 1489 5063 ἐν
1537 5009 1616 5081 τῷ
1650 5012 1791 5083 οίκῳ

175 5120 326 5166 σου,
358 5104 438 5165 είς
468 5102 594 5163 τοὺς
613 5102 814 5165 αἰῶνας
846 5101 1119 5156 αίνέσουσί
1141 5118 1220 5156 σε.
1253 5122 1272 5155 ι

281 5212 304 5244 ς
336 5195 622 5263 Μακάριος
656 5194 1010 5264 ὀάνθρωπος,
1044 5194 1103 5247 ὃν
1134 5194 1201 5249 ἂν
1234 5195 1554 5267 παιδεύσῃς,
1585 5196 1783 5269 Κύριε,

172 5289 307 5345 καὶ
338 5288 509 5341 ἐκτοῠ
541 5287 706 5357 νόμου
730 5305 824 5340 σου
853 5287 1084 5353 διδάξεις
1113 5288 1295 5341 αὐτόν.
1332 5306 1351 5340 ι

281 5401 303 5435 s
339 5382 689 5453 Μακάριοιοί
712 5380 1078 5450 φυλάσσοντες
1130 5380 1332 5451 κρίσιν,
1383 5381 1477 5435 καὶ
1506 5382 1786 5446 ποιοῦντες

171 5474 565 5545 δικαιοσύνην
599 5478 657 5528 ἐν
678 5476 839 5528 παντὶ
872 5473 1067 5545 καιρῷ.
1094 5491 1113 5525 ι
1386 5512 1389 5519 .

286 5589 305 5621 ι
344 5569 637 5640 Μακάριος
681 5568 820 5639 ἀνὴρ
870 5570 898 5621 ὁ
941 5568 1274 5638 φοϐούμενος
1318 5570 1408 5625 τὸν
1449 5570 1689 5642 Κύριον,
1727 5569 1785 5625 ὲν

168 5666 332 5726 ταῖς
367 5662 610 5727 ἐντολαῖς
638 5663 802 5717 αὐτοῦ
837 5662 1054 5733 θελήσει
1084 5664 1309 5736 σφόδρα.
1338 5682 1358 5716 ι
1707 5714 1737 5738 '

1869 3391 2048 3431 aerem
2080 3374 2374 3440 accedere,
2404 3390 2504 3430 nec
2534 3372 2770 3442 denique
2798 3370 2974 3440 pisces
3007 3366 3241 3435 sublatis
3284 3366 3444 3435 aquis

1871 3477 2101 3524 natare:
2136 3469 2216 3523 sic
2247 3468 2411 3523 etiam
2454 3466 2569 3521 ﬁeri
2602 3480 2710 3519 non
2750 3472 2966 3532 potest,
3016 3471 3078 3514 ut
3103 3460 3196 3530 qui
3231 3460 3287 3513 in
3314 3473 3441 3513 cor-

1871 3577 2003 3632 pore
2032 3569 2345 3624 versantur,
2391 3560 2511 3616 sine
2548 3571 2730 3613 rerum
2776 3568 3164 3610 coroorearun
3204 3548 3440 3606 admini-

1871 3655 1999 3709 culo
2031 3653 2392 3723 intelligibilia
2422 3651 2838 3721 complectatur.

1945 3765 2185 3821 Philonis
2206 3767 2252 3818 ί.
2274 3793 2343 3804 —-
2363 3761 2505 3817 Fieri
2539 3776 2648 3816 non
2676 3766 2892 3830 potest,
2914 3764 2975 3812 ut
2996 3754 3183 3811 mundi
3210 3768 3364 3808 amor
3392 3762 3448 3807 et

1871 3859 2113 3913 charitas
2142 3874 2268 3927 erga
2298 3856 2468 3911 Deum
2496 3870 2603 3909 una
2632 3853 2941 3914 exsistant;
2986 3846 3449 3920 quemadmodum

1877 3951 1992 4007 lieri
2027 3950 2248 4021 nequit,
2283 3955 2341 4004 ut
2370 3948 2462 4003 lux
2495 3954 2551 4003 et
2585 3945 2822 4002 tenebrae
2852 3958 2962 3999 una
2992 3942 3125 3997 sint.

1875 4082 2012 4140 TlT.
2048 4081 2241 4138 XXX].
2280 4111 2348 4122 ——
2378 4080 2457 4134 De
2485 4078 2708 4140 sanctis,
2744 4077 2907 4145 deque
2931 4075 2997 4145 iis
3025 4072 3115 4142 qui
3140 4074 3196 4125 in
3222 4071 3333 4126 illis
3352 4112 3366 4137 ,
3396 4080 3449 4123 et

2088 4152 2151 4207 ob
2196 4169 2259 4207 ea
2294 4167 2412 4222 qua:
2440 4158 2637 4221 agunt,
2678 4144 2827 4201 beati
2853 4144 3234 4215 prwdicantur.

1943 4290 2112 4345 Levit.
2146 4304 2307 4353 xxvi,
2340 4285 2397 4342 2.
2419 4314 2490 4328 --
2516 4301 2535 4335 ι
2566 4284 2611 4337 Α
2643 4282 2850 4337 sanctis
2879 4279 3016 4334 meis
3047 4274 3332 4348 pavebitis.
3368 4292 3386 4325 ι

1946 4380 2107 4435 Deut.
2142 4394 2313 4433 xum
2336 4416 2354 4443 ,
2377 4376 2467 4432 29.
2492 4404 2562 4416 --
2590 4392 2609 4425 ι
2638 4372 2837 4427 Beatus
2874 4384 2932 4425 es
2961 4378 3024 4423 tu
3045 4409 3061 4433 ,
3100 4366 3283 4423 Israel.
3313 4363 3454 4430 Quis

1879 4473 2075 4531 similis
2103 4470 2239 4526 tibi?
2266 4469 2497 4540 populus
2524 4466 2619 4537 qui
2648 4462 2879 4521 salvaris
2904 4477 2933 4516 a
2968 4459 3221 4515 Domino.
3246 4476 3265 4511 ι

1948 4564 2047 4620 Job
2074 4579 2131 4628 γ,
2164 4561 2253 4615 17.
2278 4591 2347 4600 -
2374 4577 2393 4611 ε
2422 4559 2629 4613 Beatus
2660 4556 2827 4610 homo
2856 4566 3016 4622 quem
3053 4548 3451 4621 corripuit'Do—

1805 4659 1850 4713 D
1879 4657 2079 4712 minus.
2118 4673 2136 4705 ι

1956 4747 2110 4802 Psal.
2142 4762 2195 4810 1,
2237 4745 2285 4798 ι.
2308 4772 2378 4783 -—
2404 4760 2423 4794 ι
2451 4741 2651 4795 Beatus
2680 4740 2763 4793 vir
2789 4736 2885 4808 qui
2917 4749 3026 4790 non
3057 4734 3192 4790 abiit
3220 4733 3277 4788 in
3319 4749 3452 4788 con-

1883 4841 2009 4898 silio
2037 4837 2364 4906 impiorum,
2392 4841 2447 4889 et
2474 4833 2533 4887 in
2582 4830 2667 4884 via
2707 4837 3054 4899 peccatorum
3084 4840 3191 4879 non
3222 4825 3390 4880 stetit.
3425 4843 3447 4875 ι

1956 4929 2110 4986 Psal.
2135 4942 2304 4992 vatt,
2321 4921 2787 4981 55.——tMirabilis
2810 4920 2955 4974 Deus
2974 4920 3029 4973 in
3050 4918 3256 4973 sanctis
3273 4918 3409 4971 suis.
3429 4936 3445 4965 I

1954 5020 2109 5075 Psal.
2149 5032 2355 5073 unm
2376 5058 2390 5084 ,
2424 5016 2478 5069 4.
2508 5044 2577 5053 -
2602 5033 2619 5066 ι
2647 5012 2797 5066 Beati
2828 5025 3020 5066 omnes
3050 5010 3141 5079 qui
3172 5008 3454 5063 ambulant

1884 5115 1938 5170 in
1968 5114 2130 5169 domo
2161 5121 2250 5165 tua
2272 5152 2286 5177 ,
2312 5109 2366 5163 in
2395 5106 2593 5165 saecula
2622 5105 2923 5160 laudabunt
2955 5110 3027 5159 te.
3058 5121 3077 5154 ι

1957 5204 2113 5259 Psal.
2143 5220 2273 5258 xcm
2294 5242 2309 5267 ,
2341 5202 2429 5257 12.
2452 5231 2521 5241 -
2547 5218 2565 5251 ι
2600 5199 2796 5254 Beatus
2819 5196 2984 5251 homo
3023 5209 3185 5264 quem
3226 5200 3285 5247 tu
3326 5208 3455 5247 eru-

1887 5298 2087 5360 dieris,
2123 5296 2351 5350 Domine
2374 5332 2390 5357 ,
2416 5301 2470 5348 et
2499 5292 2567 5347 de
2598 5293 2714 5360 lege
2743 5298 2835 5344 tua
2864 5287 3122 5343 docueris
3151 5300 3297 5339 eum.

1962 5387 2117 5442 Psal.
2144 5402 2231 5449 cv,
2257 5386 2310 5440 5.
2335 5414 2403 5423 ——
2430 5402 2449 5436 ι
2478 5382 2629 5438 Beati
2669 5381 2761 5451 qui
2804 5376 3127 5433 custodiunt
3158 5373 3437 5446 judicium

1888 5489 1944 5537 et
1976 5478 2185 5533 faciunt
2210 5475 2479 5546 justitiam
2509 5475 2563 5530 in
2596 5473 2743 5529 omni
2774 5481 3044 5542 tempore.
3078 5488 3097 5520 ι
3444 5518 3455 5531 ,

1962 5572 2116 5627 Psal.
2141 5587 2229 5626 cxr
2248 5612 2263 5635 ,
2292 5572 2342 5624 l.
2362 5596 2434 5613 -—
2459 5587 2479 5620 ‹
2503 5569 2703 5623 Beatus
2730 5566 2810 5621 vir
2833 5564 2928 5635 qui
2953 5563 3105 5619 timet
3125 5559 3417 5617 Dominum
3434 5599 3452 5627 ,

1894 5666 1947 5721 in
1981 5663 2251 5720 mandatis
2279 5661 2397 5733 ejus
2428 5660 2572 5715 volet
2600 5659 2782 5714 nimis.

312 5846 332 5883 ι
370 5843 429 5897 In
468 5843 607 5916 Rup.
645 5846 1062 5919 lueetnscriptio
1093 5855 1176 5904 cst
1210 5845 1359 5921 ;scd‘
1376 5836 1681 5903 Christiani
1704 5833 1947 5923 ltominis
1970 5842 2240 5903 sententia
2267 5847 2372 5909 est,
2410 5855 2519 5894 non
2548 5835 2736 5917 Judaei.
