4024 6408
700 413 831 486 [235

1845 427 1907 486 S.
1942 426 2261 487 JOANNIS
2300 426 2728 485 DAMASCENI
3744 418 3836 480 Ε’ὶὸ

765 528 919 585 Ρεαι.
948 544 1114 585 cxvul
1134 568 1149 591 .
1185 529 1237 585 1.
1262 560 1331 570 -
1352 548 1370 582 ι
1400 529 1553 586 Beati
1582 532 1918 587 immaculati
1943 534 2000 587 in
2024 534 2109 587 via
2130 574 2145 598 ,
2171 533 2263 604 qui

2441 552 2461 587 ι
2502 534 2782 605 Μακάριοι
2829 532 3053 602 ἄμωμοι
3091 528 3150 580 ἐν
3192 525 3329 596 ὀδῷ,
3375 526 3422 578 οἱ
3454 525 3761 596 πορευόμενοι
3797 531 3837 581 tv

700 622 980 677 ambulant
1004 623 1060 677 in
1085 623 1200 694 lege
1223 622 1456 679 Domini.
1486 625 1635 680 Beati
1655 626 1748 696 qui
1770 636 2258 693 scrutantur,»ete.

771 713 918 767 Psat.
966 728 1143 780 cxrv,
1192 715 1246 770 5.
1283 743 1354 755 —
1386 732 1406 765 ι
1436 714 1639 771 Beatus
1692 716 1852 787 cujus
1906 716 2050 772 Deus
2093 717 2264 775 Jacob

692 803 910 872 adjutor
936 803 1056 871 ejus
1088 821 1104 859 :
1137 820 1263 874 spes
1292 806 1416 874 ejus
1450 806 1504 859 in
1540 805 1769 861 Domino
1801 806 1913 863 Deo
1946 808 2138 878 ipsius.
2165 826 2184 859 ι

762 896 924 951 Prov.
944 913 1021 961 ix,
1044 896 1537 952 lO.——«Cousi|ium
1558 908 1893 963 sanctorum,
1913 901 2223 970 prudentia.
2238 920 2257 953 ι

760 1008 779 1039 ι
806 987 1002 1044 Beatus
1026 990 1107 1042 vir
1127 991 1218 1059 qui
1244 990 1452 1045 invenit
1474 991 1822 1060 sapientiam.
1858 992 2158 1048 Pretiosior
2179 1000 2264 1049 est

692 1084 838 1137 enim
870 1084 1141 1152 lapidibus
1171 1084 1446 1154 pretiosis.
1478 1105 1499 1138 ι

764 1171 926 1226 Prov.
954 1188 1035 1238 ιιι,
1064 1175 1152 1229 l3.
1173 1205 1242 1217 —-
1261 1194 1279 1226 ι
1307 1170 1501 1233 Manus
1522 1179 1818 1234 electorum
1841 1179 2024 1234 vincet
2046 1178 2222 1235 facile.
2238 1198 2257 1232 ι

768 1260 924 1316 Prov.
954 1278 1029 1316 xu
1052 1303 1067 1328 ,
1094 1263 1182 1316 24.
1204 1294 1275 1305 --
1295 1284 1312 1316 ι
1328 1266 1594 1323 Perfectio
1618 1270 1833 1339 piorum
1855 1270 2088 1325 deducet
2110 1286 2256 1325 eos.»

755 1350 912 1407 Prov.
970 1370 1083 1422 xxv,
1131 1356 1221 1410 2i.
1264 1386 1334 1396 —-
1378 1374 1397 1409 ι
1425 1357 1529 1425 Qui
1579 1364 1876 1417 miseretur
1922 1377 2261 1433 pauperum,

688 1439 878 1497 beatus
907 1445 1032 1500 erit.
1062 1464 1083 1499 ι

761 1531 925 1587 Zach.
955 1552 1024 1602 ιι,
1062 1537 1117 1591 8.
1140 1569 1209 1579 -
1234 1558 1253 1591 ι
1285 1540 1389 1606 Qui
1417 1542 1594 1612 tangit
1618 1556 1751 1613 vos,
1788 1544 1933 1599 sicut
1955 1545 2048 1616 qui
2088 1545 2264 1615 tangit

690 1628 949 1695 pupillam
987 1632 1132 1684 oculi
1166 1633 1295 1687 mei.
1330 1654 1349 1686 ι

761 1719 876 1775 Isa.
900 1738 1006 1777 xxx
1029 1766 1043 1789 ,
1067 1724 1253 1779 18.-‹
1265 1726 1416 1781 Beati
1433 1743 1624 1784 omnes
1646 1730 1737 1798 qui
1759 1740 1980 1785 manent
2002 1729 2059 1784 in
2083 1728 2256 1799 ipso.»

760 1813 876 1869 Isa.
910 1832 1031 1882 LVI,
1066 1818 1121 1870 2.
1148 1847 1218 1858 -
1246 1838 1264 1870 ι
1296 1819 1497 1877 Beatus
1532 1823 1626 1891 qui
1662 1830 1845 1877 servat
1873 1837 2068 1878 manus
2098 1836 2260 1885 suas,

692 1922 762 1960 ne
801 1906 967 1962 faciat
998 1909 1367 1980 iniquitatem.
1402 1930 1422 1964 ι

758 1997 915 2067 371
948 2000 1151 2055 Jerem.
1184 2018 1333 2068 xm,
1378 2003 1465 2057 12.
1494 2034 1566 2044 --
1599 2024 1617 2057 ι
1649 2004 1764 2061 Erit
1810 2004 1993 2060 anima
2040 2012 2264 2061 sancto-

689 2104 811 2143 rum
846 2090 991 2144 velut
1048 2093 1213 2147 arbor
1240 2092 1547 2151 fructuosa.
1582 2114 1601 2148 ι

763 2179 972 2235 Baruch
1002 2198 1076 2250 IV,
1128 2184 1181 2238 4.
1215 2205 1329 2237 -ι
1368 2186 1518 2240 Beati
1581 2202 1814 2251 sumus,
1884 2186 2082 2252 Israel,
2138 2188 2265 2258 quia
2313 2214 2318 2218 -

688 2289 811 2344 qua:
836 2272 946 2328 Deo
982 2276 1222 2345 placent,
1255 2278 1552 2334 manifesta
1589 2286 1724 2334 sunt
1749 2279 1932 2335 nobis.
1968 2299 1987 2330 ι

761 2363 929 2419 Eccli.
964 2381 1091 2434 xw,
1128 2369 1184 2431 1,
1218 2369 1272 2423 2.
1311 2400 1380 2409 —
1409 2388 1427 2421 ι
1466 2370 1668 2427 Beatus
1702 2372 1793 2426 vir
1857 2373 1953 2443 qui
2014 2388 2124 2427 non
2179 2379 2267 2427 est

691 2457 886 2525 lapsus
912 2460 969 2513 in
998 2474 1096 2515 ore
1131 2476 1256 2516 suo.
1283 2460 1486 2518 Beatus
1515 2478 1678 2533 quem
1719 2478 1831 2519 non
1880 2463 2266 2520 condemnavit

689 2547 869 2601 anima
900 2549 1044 2619 ejus.
1096 2568 1115 2602 ›

760 2636 927 2692 Eccli.
992 2655 1130 2708 xxv,
1172 2641 1327 2697 9-15.
1361 2672 1432 2682 -—-
1467 2660 1486 2693 ι
1514 2640 1718 2697 Novem
1755 2644 2265 2714 suspicabiliagcor-

688 2725 776 2783 dis
836 2730 1146 2784 beatiﬁcavi
1206 2740 1313 2785 :et
1372 2730 1647 2786 decimum
1704 2733 1886 2787 dicam
1945 2734 1998 2788 in
2054 2735 2261 2802 lingua.

690 2818 867 2875 Homo
908 2823 1001 2892 qui
1045 2824 1387 2892 jucundatur
1419 2826 1474 2879 in
1518 2827 1645 2881 ﬁliis
1686 2828 1953 2891 :vivens,
1986 2836 2040 2883 et
2067 2828 2264 2884 videns

690 2910 1117 2967 subversionem
1176 2914 1530 2970 inimicorum
1601 2932 1850 2971 suorum.
1901 2915 2104 2971 Beatus
2166 2920 2264 2988 qui

692 3005 901 3059 habitat
943 3021 1067 3059 cum
1136 3007 1375 3063 muliere
1428 3016 1757 3076 sensata,et
1786 3010 1879 3080 qui
1927 3011 2115 3081 lingua
2162 3025 2263 3066 sua

690 3111 799 3148 non
843 3104 929 3151 est
985 3098 1197 3168 lapsus,
1231 3108 1287 3155 et
1314 3100 1409 3171 qui
1458 3116 1568 3155 non
1625 3102 1851 3157 servivit
1916 3102 2143 3174 indigno
2181 3118 2261 3159 se.

2365 627 2514 698 νόμῳ
2544 626 2771 698 Κυρίου.
2809 624 3089 693 Μακάριοι
3111 621 3161 673 οἱ
3190 616 3586 689 ἐξερευνῶντες.
3608 638 3625 669 ι

2439 737 2459 771 ι
2504 718 2816 789 Μακάριος,
2853 707 2917 769 οὗ
2944 718 2975 769 ὁ
3011 713 3145 776 Θεὸς
3189 709 3382 765 Ἰακὼὸ
3425 709 3604 779 βοηθὸς
3635 711 3837 782 αὖτοῦοή

2365 811 2522 875 ἐλπὶς
2540 810 2706 866 αὐτοῦ
2737 810 2833 864 ἐπὶ
2860 808 3063 881 Κύριον
3098 806 3189 859 τὸν
3211 803 3343 858 Θεὸν
3362 801 3545 857 αὑτοῦ.
3569 822 3587 855 ι

2438 924 2458 958 ι
2494 904 2669 977 Βουλὴ
2701 904 2895 974 άγίων,
2930 906 3167 967 σύνεσις.
3192 922 3213 955 ι

2441 1016 2461 1051 ι
2491 997 2776 1070 Μακάριος
2840 997 3017 1069 ἀνὴρ,
3060 996 3119 1060 ὃς
3155 987 3282 1064 εὗρε
3348 990 3552 1063 σοφίαν.
3609 990 3844 1063 Τιμιωιιρι

2365 1091 2476 1163 γάρ
2512 1092 2631 1145 ἐστι
2651 1091 2817 1144 λίθων
2849 1088 3179 1143 πολυτελῶν.
3210 1106 3229 1139 ι

2445 1202 2464 1235 ι
2501 1184 2641 1255 Χεὶρ
2675 1183 2949 1237 ἐκλεκτῶν
2973 1181 3243 1253 κρατήσει
3272 1174 3534 1248 εὐχερῶς.

2440 1296 2459 1328 ι
2497 1276 2847 1343 Τελειότητος
2872 1271 3035 1327 ὁσίων
3062 1271 3319 1342 ὁδηγήσει
3346 1269 3540 1332 αὐτούς

2441 1387 2459 1419 ι
2498 1368 2558 1421 '0
2578 1365 2742 1419 ἐλεῶν
2770 1363 3036 1433 πτωχοὺς,
3060 1359 3417 1433 μακαριστός.
3455 1378 3473 1411 ι

2439 1564 2457 1595 ι
2512 1544 2572 1598 '0
2605 1542 2910 1613 ἁπτόμενος
2938 1538 3114 1612 ὑμῶν,
3149 1537 3225 1603 ὡς
3255 1536 3557 1608 ἁπτόμενος
3606 1536 3689 1607 τῆς
3731 1537 3839 1608 urbm;

2362 1636 2457 1690 τοῦ
2480 1634 2763 1706 ὀφθαλμοῦ
2795 1650 2917 1705 μου.
2939 1652 2957 1685 ι

2440 1749 2458 1781 ι
2499 1727 2775 1799 Μακάριοι
2802 1728 3005 1789 πάντες
3037 1726 3089 1779 οἱ
3121 1723 3455 1796 ἐμμένοντες
3478 1721 3534 1773 ὲν
3564 1719 3737 1789 αὐτῷ.»

2442 1842 2461 1875 ι
2496 1822 2785 1892 Μακάριος
2805 1822 2833 1875 ὁ
2862 1818 3133 1890 διατηρῶν
3162 1817 3263 1881 τὰς
3307 1818 3501 1887 χεῖρας
3540 1814 3683 1866 αὑτοῦ
3706 1812 3774 1866 τοῦ
3794 1817 3841 1883 μὴ

2364 1914 2539 1967 ποιεῖν
2566 1912 2742 1967 ἄδικα.
2768 1930 2788 1963 ι

2443 2024 2463 2059 ι
2499 2007 2613 2059 Καὶ
2636 2005 2789 2058 ἔσται
2820 2005 2853 2074 ή
2885 2002 3034 2073 ψυχὴ
3071 2000 3179 2055 τῶν
3228 1997 3404 2068 ἁγίων
3454 1997 3634 2067 ὥσπερ
3662 1996 3840 2062 ξύλονῆ-

2363 2118 2598 2171 καρπον.
2624 2119 2643 2153 ι

2442 2212 2461 2244 ι
2499 2190 2784 2262 Μακάριοι
2814 2190 3004 2260 ἐσμεν,
3021 2182 3260 2258 Ἰσραὴλ,
3280 2184 3362 2238 ὅτι
3381 2183 3451 2236 τὰ
3475 2182 3666 2254 άρεστά
3689 2182 3747 2251 τῷ
3766 2180 3839 2234 Θεῦ

2364 2284 2491 2356 ὑμῖν
2520 2298 2740 2352 γνωστα
2772 2283 2938 2335 ἐστιν.
2969 2297 2989 2331 r

2440 2395 2459 2427 ι
2490 2376 2779 2441 Μακάριος
2842 2375 2981 2447 ἀνὴρ
3001 2415 3016 2440 ,
3046 2375 3104 2435 ὃς
3154 2374 3254 2427 οὐκ
3283 2370 3581 2425 ὠλίσθησεν
3609 2371 3658 2422 ὲν
3684 2366 3838 2436 «ipsa

2364 2470 2551 2525 αὐτοῦ.
2576 2470 2862 2541 Μακάριος
2890 2465 2934 2540 ᾧ
2951 2473 3011 2526 οὐ
3042 2472 3291 2542 κατέγνω
3307 2474 3342 2543 ἡ
3370 2468 3519 2541 ψυχὴ
3536 2464 3733 2520 αὑτοῦ.»

2441 2675 2461 2709 ι
2499 2654 2687 2710 Ἐννέα
2715 2655 3071 2726 ὐπονοήματα
3127 2652 3446 2726 ὲμακάρισα
3470 2651 3528 2703 ὲν
3554 2646 3721 2718 καρδίᾳ
3759 2659 3836 2713 μου.

2363 2749 2460 2802 καὶ
2480 2748 2541 2801 τὸ
2565 2748 2790 2802 δέκατον
2815 2748 2924 2819 ὲρῶ
2950 2747 3042 2800 ἐπὶ
3059 2744 3335 2817 γλώσσης.
3364 2741 3667 2812 ’Ἄνθρωπος
3685 2737 3840 2804 εὓςρυ-

2363 2842 2587 2912 νόμενος
2617 2842 2711 2896 ἐπὶ
2755 2842 2986 2908 τέκνοις,
3032 2838 3140 2906 ζῶν
3173 2839 3269 2893 καὶ
3322 2835 3535 2908 βλέπων
3581 2832 3662 2885 ἐπὶ
3702 2827 3839 2881 enim

2364 2933 2597 3005 ἐχθρῶν.
2631 2933 2962 3005 Μακάριοςὸ
2996 2930 3171 2987 συνὼν
3222 2928 3450 3000 γυναικὶ
3508 2925 3697 2994 συνετῇ,
3718 2917 3839 2979 xxii»;

2363 3029 2422 3080 ὲν
2447 3025 2665 3097 γλώσσῃ
2719 3028 2819 3080 οὐκ
2873 3025 3198 3096 ὠλίσθησεν,
3247 3023 3347 3077 καὶ
3374 3021 3437 3085 ὂς
3464 3020 3561 3074 οὐκ
3617 3013 3841 3070 ἐδούλευσεν

2364 3117 2570 3189 ἀναξίῳ
2619 3117 2840 3171 ἑαυτοῦ.
2898 3116 3186 3188 Μακάριος
3231 3113 3292 3177 ὃς
3328 3107 3457 3185 εὗρε
3501 3108 3749 3181 φρόνησιν,
3781 3099 3839 3153 καὶ

689 3185 891 3243 Beatus
924 3189 1019 3257 qui
1073 3189 1283 3245 invenit
1328 3192 1705 3262 prudentiam,
1733 3202 1789 3248 et
1821 3193 1919 3262 qui
1968 3193 2263 3249 deducitur

2365 3185 2732 3280 ὁδηγοιὸμενος
2784 3210 2865 3272 εἰς
2918 3202 3033 3262 ὧτα
3072 3185 3409 3261 άκουὸντων.
3452 3202 3536 3265 Ὠς
3574 3192 3839 3290 girded“-

691 3278 747 3331 in
777 3280 1007 3336 auribus
1040 3283 1406 3338 audientium.
1434 3284 1607 3352 Quam
1650 3301 1885 3355 magnus
1914 3287 2008 3355 qui
2053 3287 2262 3342 invenit

2368 3299 2476 3371 ρὼν
2510 3278 2699 3367 σοιρίαν
2736 3301 2748 3352 ι
2808 3298 2925 3353 ἀλλ’
2947 3298 3047 3352 οὐκ
3084 3296 3229 3350 ἔστιν
3278 3294 3425 3365 ὑπὲρ
3472 3291 3561 3345 τὸν
3595 3284 3841 3359 φοϐούμενοι

691 3371 1053 3440 sapientiam!
1093 3375 1187 3430 sed
1220 3392 1330 3431 non
1391 3386 1476 3433 est
1529 3393 1694 3448 super
1742 3379 2023 3433 timentem
2077 3377 2263 3434 Domi-

691 3479 847 3517 num.
875 3483 894 3515 ι

762 3553 957 3608 Matth.
980 3572 1035 3621 v,
1065 3577 1119 3611 ο.
1154 3585 1228 3597 -
1262 3577 1282 3610 ι
1318 3557 1469 3613 Beati
1514 3574 1783 3629 pauperes
1840 3576 2063 3633 spiritu,
2125 3578 2265 3634 quo-

689 3646 838 3699 niam
864 3648 1113 3718 ipsorum
1140 3657 1225 3705 est
1251 3665 1479 3722 regnum
1502 3651 1798 3706 caelorum.
1825 3671 1844 3704 ι

762 3737 904 3792 Ibid.
934 3740 988 3794 4.
1018 3769 1089 3781 -
1119 3758 1140 3792 ι
1175 3740 1327 3796 Beati
1356 3742 1542 3805 mites,
1583 3742 1843 3813 quoniam
1876 3742 1980 3813 ipsi
2023 3743 2262 3814 posside-

568 3904 573 3911 t
687 3829 829 3884 bunt
856 3839 1085 3888 terram.
1114 3853 1134 3887 ›

764 3922 905 3977 Ibid.
933 3925 988 3980 5.
1010 3955 1080 3965 —
1106 3944 1126 3977 ι
1150 3926 1303 3982 Beati
1323 3930 1413 3996 qui
1445 3928 1656 3999 lugent,
1691 3929 1951 3998 quoniam
1991 3928 2095 4000 ipsi
2128 3944 2261 3985 con-

690 4017 1044 4073 solabuntur.
1082 4037 1100 4069 ι

761 4111 903 4166 Ibid.
928 4113 982 4167 6.
1016 4145 1088 4155 —
1131 4134 1150 4167 ι
1188 4114 1337 4169 Beati
1368 4131 1460 4184 qm
1490 4115 1746 4169 esuriunt
1773 4122 1829 4169 et
1857 4116 2056 4196 sitiunt
2090 4118 2261 4188 justi-

690 4205 822 4259 tiam
857 4246 874 4272 ,
920 4206 1180 4274 quoniam
1214 4208 1319 4275 ipsi
1340 4206 1763 4260 saturabuntur.
1804 4224 1823 4257 ι

764 4293 906 4349 Ibid.
942 4296 1086 4349 7.—
1114 4296 1309 4350 (Beati
1361 4296 1777 4360 misericordes,
1829 4296 2092 4366 quoniam
2156 4298 2261 4370 ipsi

691 4385 1129 4440 misericordiam
1151 4397 1582 4458 consequentur.
1610 4410 1628 4443 ι

763 4475 907 4531 Ibid.
946 4478 999 4531 8.
1027 4507 1096 4517 —
1131 4497 1149 4529 ι
1176 4478 1328 4535 Beati
1369 4482 1573 4537 mundo
1606 4485 1811 4553 corde,
1857 4484 2119 4556 quoniam
2156 4482 2259 4553 ipsi

690 4566 860 4622 Deum
893 4568 1176 4625 videbunt.
1208 4590 1227 4621 ι

762 4658 905 4714 Ibid.
929 4661 1065 4716 9.—
1103 4681 1122 4714 ι
1145 4662 1527 4740 Beatipacilici
1551 4709 1565 4732 ,
1597 4669 1859 4738 quoniam
1896 4668 2001 4740 ipsi
2039 4668 2131 4722 ﬁlii
2170 4667 2262 4723 Dei

692 4754 1055 4808 vocabuntur.
1093 4774 1113 4808 ι
1298 4738 1303 4743 ’

763 4844 909 4900 Ibid.
949 4846 1040 4902 10.
1076 4878 1145 4888 -
1189 4866 1209 4899 ι
1248 4848 1401 4904 Beati
1436 4851 1531 4921 qui
1562 4852 2005 4918 persecutionem
2042 4853 2263 4924 patiun-

690 4946 785 4993 tur
816 4948 1042 5010 propter
1095 4940 1369 5003 justitiam
1401 4983 1416 5008 ,
1448 4946 1706 5015 quoniam
1757 4946 2004 5016 ipsorum
2058 4955 2144 5003 est
2170 4963 2264 5004 re-

687 5047 854 5101 gnum
887 5032 1176 5087 caelorum.
1209 5051 1227 5083 ι

761 5124 905 5178 Ibid.
942 5124 1031 5188 Η,
1068 5125 1153 5179 12.
1182 5156 1251 5166 -
1278 5144 1296 5177 ι
1332 5126 1487 5182 Beati
1546 5130 1682 5186 estis
1729 5145 1857 5184 cum
1920 5130 2137 5201 probris
2164 5147 2265 5187 vos

688 5216 977 5272 affecerint
1002 5256 1017 5279 .
1056 5225 1111 5272 et
1147 5220 1427 5289 persecuti
1476 5236 1575 5276 vos
1637 5222 1842 5277 fuerint
1873 5264 1886 5287 ,
1923 5235 1977 5278 et
2022 5222 2265 5278 dixerint

687 5324 853 5364 omne
906 5310 1115 5365 malum
1176 5312 1406 5367 verbum
1457 5313 1753 5369 adversum
1779 5331 1882 5372 vos
1909 5316 2261 5382 mentientes,

685 5408 913 5476 propter
939 5416 1046 5456 me.
1081 5401 1323 5458 Gaudete
1354 5412 1407 5458 et
1435 5406 1730 5472 exsultate,
1752 5406 1881 5476 quia
1915 5420 2131 5460 merces
2168 5421 2262 5460 ve-

684 5498 803 5545 stra
840 5492 1013 5547 multa
1038 5502 1126 5548 est
1154 5493 1208 5547 in
1241 5495 1419 5552 cmlis.
1441 5514 1457 5547 ι

757 5578 920 5634 .Innn.
962 5598 1052 5641 xx.
1113 5584 1205 5639 29.
1241 5615 1313 5625 -—
1344 5605 1362 5636 ‹
1394 5586 1541 5641 Beati
1580 5603 1672 5657 qut
1732 5603 1841 5642 non
1902 5589 2161 5643 viderunt
2208 5596 2262 5643 et

686 5669 1062 5725 crediderunt.
1106 5693 1123 5725 ι

763 5760 896 5817 Luc.
926 5779 1001 5819 xu.
1036 5763 1128 5827 27,
1164 5765 1253 5820 9.8.
1292 5796 1361 5806 —
1404 5786 1421 5817 ‹
1448 5766 1675 5823 Factum
1700 5777 1783 5823 est
1806 5783 1931 5823 cum
1964 5770 2079 5825 haec
2111 5783 2261 5824 mce-

658 5862 795 5923 σοι.
837 5856 1104 5914 extollens
1145 5859 1393 5927 quaedam
1431 5861 1627 5917 mulier
1649 5859 1896 5918 deturba
1927 5903 1941 5930 ,
1996 5862 2137 5917 dixit
2169 5862 2253 5917 ci:

2363 3394 2456 3447 τὸν
2488 3392 2711 3465 Κύριον.
2739 3411 2758 3444 ι

2441 3592 2461 3626 ι
2490 3571 2842 3644 Μακάριοιοὶ
2892 3572 3100 3642 πτωχοὶ¹
3143 3569 3222 3639 τῷ
3276 3565 3569 3636 πνεῦματι,
3609 3563 3678 3615 ὅτι
3724 3552 3840 3609 αὑτῶν

2363 3670 2512 3721 ἐστιν
2535 3668 2568 3738 ἡ
2595 3664 2840 3736 βασιλεία
2860 3665 2969 3718 τῶν
2991 3661 3255 3734 οὐρανῶν.
3278 3680 3300 3713 ι

2440 3778 2459 3811 ι
2499 3758 2776 3830 Μακάριοι
2810 3758 2858 3810 οἱ
2883 3758 3100 3827 πραεῖς,
3147 3756 3230 3809 ὅτι
3262 3752 3425 3808 αὐτοὶ
3470 3743 3838 3819 κληρονομήςιτλναειι

2362 3853 2461 3924 τὴν
2493 3853 2616 3921 γῆν.
2643 3870 2663 3905 ι
3214 3868 3215 3875 ‘

2442 3962 2461 3995 ι
2499 3942 2777 4015 Μακάριοι
2809 3944 2858 3996 οἱ
2906 3941 3258 4006 πενθοῦντες,
3285 3941 3371 3995 ὅτι
3402 3937 3552 3993 αὐτοὶ
3577 3922 3837 4003 παρακὶτθιί-

2365 4054 2571 4091 σονται.

2440 4150 2461 4182 ι
2501 4128 2782 4199 Μακάριοι
2806 4130 2854 4182 οἱ
2877 4128 3193 4193 πεινῶντες,
3218 4126 3314 4180 καὶ
3333 4125 3589 4195 διψῶντες
3605 4136 3688 4188 την
3711 4116 3837 4168 δικαιῶ

2365 4225 2552 4295 σύνην,
2592 4224 2674 4276 ὅτι
2703 4223 2857 4276 αὐτοὶ
2882 4219 3369 4293 χορτασθήσονται.
3398 4237 3418 4271 ι

2439 4336 2456 4369 ι
2491 4315 2770 4388 Μακάριοι
2794 4316 2845 4369 οἱ
2862 4314 3273 4387 ἐλεήμονες.ὃτι
3291 4312 3449 4366 αὐτοὶ
3475 4307 3833 4379 ὲλεηοησονταιιι

2440 4516 2458 4546 ι
2495 4495 2844 4567 Μακάριοιοὶ
2866 4496 3099 4570 καθαροὶ
3129 4498 3196 4567 τῇ
3228 4494 3449 4566 καρδίᾳ,
3507 4492 3585 4544 δτι
3634 4475 3836 4541 mre”

2293 4576 2335 4630 D
2362 4585 2493 4639 Θεὸν
2519 4586 2759 4656 ὄψονται.
2786 4606 2805 4640 ι

2372 4679 2388 4683 ’
2444 4699 2462 4731 ι
2502 4681 2782 4754 Μακάριοι
2813 4683 2864 4736 οἱ
2905 4684 3236 4753 εἰοηνοποιοὶ
3313 4681 3395 4733 ὅτι
3435 4677 3581 4732 αὐτοὶ
3626 4672 3710 4726 υἱοὶ
3750 4666 3831 4718 Θεσᾶ

2361 4770 2747 4840 κληθήσονται.
2775 4792 2793 4825 ι

2440 4881 2457 4913 ι
2492 4863 2768 4934 Μακάριοι
2797 4864 2846 4916 οἱ
2870 4863 3216 4933 δεδιωγμένοι
3237 4862 3423 4914 ἕνεκεν
3450 4857 3765 4923 δικαιοσύνης.
3783 4847 3830 4898 δτι

2363 4954 2540 5007 αὐτῶν
2572 4955 2719 5007 ὲστιν
2742 4955 2775 5023 ἡ
2797 4952 3041 5023 βασιλεία
3069 4951 3176 5005 τῶν
3191 4950 3460 5022 οὐρανῶν.
3485 4968 3503 5000 ι

2442 5152 2460 5183 ι
2496 5130 2772 5201 Μακάριοι
2823 5130 2970 5192 ἐστε,
3024 5128 3152 5182 ὅταν
3214 5126 3547 5181 ὀνειδίσωσιν
3584 5121 3746 5211 ὑμᾶς.Δ
3774 5110 3828 5211 ιξῖ

2366 5222 2619 5287 διώξωσι,
2662 5223 2755 5275 καὶ
2785 5219 2981 5273 εἴπωσι
3008 5220 3116 5273 πᾶν
3147 5217 3382 5289 πονηρὸν
3418 5216 3563 5287 ῥῆμα
3587 5211 3693 5266 καθ’
3729 5204 3830 5272 ὑμῶν

2362 5314 2701 5383 ψευδόμενοι,
2730 5313 2914 5366 ἕνεκεν
2938 5310 3094 5380 ἐμοῦ.
3138 5310 3370 5380 Χαίρετε
3405 5308 3519 5368 καὶρ
3538 5292 3831 5372 maxime.

2363 5406 2445 5459 ὅτι
2471 5408 2498 5460 ὁ
2530 5404 2719 5476 μισθὸς
2748 5404 2903 5474 ὑμῶν
2931 5402 3100 5466 πολὺς
3123 5403 3181 5455 ὲν
3202 5404 3315 5465 τοῖς
3346 5399 3605 5472 οὐρανοῖς.
3631 5413 3647 5447 ι

2442 5606 2460 5639 ι
2485 5584 2757 5657 Μακάριοι
2783 5583 2833 5637 οἱ
2861 5585 2935 5655 μὴ
2963 5582 3184 5649 εἰδότες,
3208 5582 3301 5636 καὶ
3323 5580 3696 5637 πιστεύσαντες.
3718 5588 3731 5621 ι

2440 5784 2457 5816 ι
2506 5764 2751 5831 Ἐγένετο
2772 5767 2829 5818 ὲν
2854 5764 2933 5835 τῷ
2989 5764 3172 5832 λέγειν
3230 5764 3388 5817 αὑτὸν
3446 5759 3605 5813 ταῦτα
3648 5740 3829 5815 ὲπάριπά

2362 5876 2444 5921 τις
2518 5857 2653 5928 γυνὴ
2703 5858 2885 5912 movi“:
2913 5860 2974 5911 ἐκ
2998 5859 3091 5913 τοῦ
3152 5858 3332 5929 ὄχλον,
3374 5851 3521 5910 εἶπεν
3564 5840 3827 5917 αὐτῷ·Μα’
