4024 6418
189 456 321 521 1237

1455 458 1692 518 SACRA
1726 458 2187 519 PARALLELA.

3292 437 3441 525 1233'

184 568 353 639 καρία
386 570 420 641 η
457 567 633 622 κοιλία
674 571 706 640 ή
744 570 1066 640 βαστάσασά
1108 586 1203 635 σε,
1260 571 1355 625 καὶ
1411 568 1608 640 μαστοὶ
1662 565 1756 629 οὒς

1862 566 2058 623 Beatus
2085 578 2275 623 venter
2294 568 2387 639 qui
2414 577 2466 623 tc
2482 569 2743 638 portavit,
2768 576 2821 623 et
2848 568 3016 623 ubera
3041 582 3162 639 quae
3197 570 3422 624 suxisti.

181 661 477 733 ἐθήλασας.
509 663 683 727 Αὑτὺς
719 663 776 718 δὲ
818 659 970 719 εἶπεν
1004 681 1020 696 ο
1053 663 1335 732 Μενοῦνγε
1391 661 1654 734 μακάριοι
1702 661 1753 713 οί

184 754 478 820 ἀκούοντες
540 755 633 811 τὸν
686 756 847 825 λόγον
901 755 997 811 τοῦ
1045 755 1202 823 Θεοῦ,
1241 756 1337 810 καὶ
1388 754 1754 824 φυλάσσοντες

181 847 367 902 αὐτόν.
392 867 411 900 ι
722 852 752 871 "

257 960 276 993 ι
310 939 590 1014 Μακάριοι
633 943 769 996 εἰσιν
801 944 850 996 οί
878 943 1057 997 δοῦλοι
1108 946 1327 1005 ἐκεῖνοι,
1380 940 1473 1005 οὓς
1538 938 1754 992 ἐλθὼνὸ

180 1029 386 1101 Κύριος
438 1032 659 1104 εὑρήσει
711 1031 1142 1105 γρηγοροῦντας.
1191 1030 1366 1105 Ἀμὴν
1398 1030 1543 1100 λέγω
1600 1032 1749 1102 ὑμῖν,

180 1125 265 1178 ὅτι
297 1124 691 1195 περιζώσεται,
715 1128 813 1181 καὶ
851 1128 1131 1183 ἀνακλινεῖ
1181 1127 1400 1191 αὐτοὺς,
1462 1127 1556 1182 καὶ
1614 1145 1754 1198 παρ-

180 1215 351 1272 ελθὼν
384 1218 693 1291 διακονήσει
725 1220 929 1285 αὐτοῖς.
986 1221 1098 1275 Καὶ
1150 1220 1247 1274 ἐὰν
1305 1220 1437 1295 ἔλθῃ
1463 1223 1521 1274 ἐν
1546 1223 1611 1293 τῇ
1634 1221 1753 1274 δευ-

180 1309 319 1381 τέρᾳ
348 1309 586 1383 φυλακῇ,
623 1312 718 1365 καὶ
742 1314 800 1365 ἐν
824 1315 889 1384 τῇ
920 1313 1080 1386 τρίτῃ
1139 1311 1380 1384 φυλακῇ,
1439 1313 1591 1387 ἔλθῃ,
1658 1316 1752 1368 καὶ

178 1400 319 1473 εὖρῃ
348 1403 543 1468 οὕτως,
584 1405 845 1476 μακάριοί
873 1407 1010 1459 εἰσιν
1029 1408 1079 1460 οί
1105 1406 1280 1460 δοῦλοι
1309 1409 1526 1464 ἐκεῖνοι.
1554 1428 1571 1459 ι

258 1506 277 1541 ι
306 1491 592 1566 Μακάριος
645 1495 673 1548 6
725 1495 802 1566 μὴ
845 1497 1048 1569 κρίνων
1102 1498 1294 1553 ἑαυτὸν
1341 1500 1399 1553 ἐν
1527 1500 1754 1571 δοκιμά-

180 1580 287 1645 ζει.
309 1600 330 1633 ι

258 1691 278 1727 ι
313 1675 471 1729 Κατά
491 1676 673 1732 πίστιν
696 1679 967 1735 ἀπέθανον
988 1678 1134 1738 οὗτοι
1157 1684 1380 1751 πάντες,
1396 1684 1472 1756 μὴ
1496 1686 1755 1751 λαϐόντες

176 1764 280 1825 τάς
316 1767 674 1838 ἐπαγγελίας,
698 1772 833 1826 ἀλλά
859 1774 1142 1848 πόρρωθεν
1178 1778 1350 1843 αὑτάς
1402 1779 1601 1844 ἰδόντες
1659 1784 1754 1837 καὶ

177 1858 563 1931 ἀσπασάμενοι
589 1904 604 1928 ,
655 1866 752 1919 xui.
801 1867 1270 1939 ὁμολογήσαντες,
1318 1874 1400 1926 ὅτι
1455 1874 1593 1939 ξένοι
1658 1878 1756 1932 καὶ

179 1950 557 2022 παρεπίδημοί
591 1954 728 2009 εἰσιν
760 1956 852 2010 ἐπὶ
874 1958 973 2029 τῆς
995 1962 1118 2031 γῆς.
1152 1963 1217 2015 Οἱ
1246 1963 1355 2034 γὰρ
1396 1966 1618 2022 τοιαῦτα
1671 1969 1756 2024 λέ-

176 2057 393 2111 γοντες,
428 2046 820 2116 ἐμφανίζουσιν
846 2050 928 2104 ὄτι
962 2054 1201 2125 πατρίδα
1246 2056 1587 2129 ἐπιζητοῦσι.
1644 2065 1756 2118 Καὶ

178 2136 231 2188 εί
266 2137 373 2208 μὲν
392 2138 610 2210 ἐκείνης
633 2140 1031 2212 ἐμνημόνευον,
1063 2146 1158 2213 ἀφ’
1182 2140 1249 2217 ἧς
1282 2148 1582 2221 ἐξέϐησαν,
1607 2148 1755 2224 εἶχον

179 2229 252 2283 ἂν
282 2229 476 2299 καιρὸν
508 2232 847 2302 ἀνακάμψαι.
875 2235 988 2289 Νῦν
1008 2236 1065 2290 δὲ
1105 2240 1415 2308 κρείττονος
1450 2245 1754 2315 ὀρέγονται,

178 2320 842 2398 τουτέστινιέπουρανίου.
877 2327 969 2383 Διὸ
998 2330 1098 2383 οὑκ
1152 2333 1537 2404 ἐπαισχύνεται
1559 2340 1757 2404 αὐτοὺς

176 2411 399 2505 ὁῗϐεδς,
437 2414 569 2505 Θεὸς
619 2417 801 2471 αὐτῶν
863 2421 1264 2480 ἐπικαλεῖσθαι.
1302 2426 1599 2499 Ἠτοίμασε
1649 2434 1758 2505 γάρ

178 2504 368 2569 αὐτοῖς
402 2504 579 2561 πόλιν.
611 2527 630 2561 ι
668 2511 775 2563 Καὶ
791 2514 919 2580 μετ’
958 2515 1163 2586 ὀλίγον
1192 2536 1211 2569 ι
1247 2519 1426 2573 Καὶτί
1461 2520 1541 2575 ἔτι
1590 2504 1755 2593 λέγωζ

178 2593 453 2664 ἐπιλείψει
490 2599 598 2669 γάρ
629 2617 695 2670 με
725 2600 1081 2674 διηγούμενον
1100 2607 1128 2659 6
1149 2608 1341 2677 χρόνος
1367 2612 1494 2682 περὶ
1523 2598 1753 2680 Γεδεὼν,

180 2686 378 2757 Βαράκ
409 2707 491 2755 τε,
524 2694 617 2746 καὶ
652 2693 909 2764 Σαμψὼν,
973 2701 1069 2752 καὶ
1103 2701 1331 2770 Ἰεφθάε,
1368 2706 1531 2760 Δαϐίδ
1553 2725 1633 2776 τε,
1662 2712 1758 2764 καὶ

180 2778 460 2853 Σαμουὴλ,
494 2784 589 2838 καὶ
619 2785 727 2838 τῶν
783 2790 1096 2861 προφητῶν,
1122 2794 1171 2846 οἱ
1200 2793 1290 2848 διά
1321 2796 1558 2864 πίστεως
1624 2819 1761 2858 κατ-

180 2871 533 2940 ηγωνίσαντο
556 2874 854 2947 βασιλείας.
878 2899 899 2932 ι
1280 2876 1285 2879 “

256 2962 546 3037 Μακάριος
588 2970 616 3022 6
660 2969 731 3024 τά
804 2973 1076 3029 πλείστων
1131 2977 1258 3043 ἄξια
1323 2985 1681 3055 κεκτημένος,
1731 2989 1762 3042 6

177 3053 295 3109 τῶν
344 3056 724 3131 ἀναφαιρέτων
763 3064 986 3134 ἀγαθῶν
1042 3069 1292 3141 μέτοχος.
1324 3053 1526 3128 Τοῦτον
1560 3076 1616 3131 δὲ
1642 3078 1760 3143 πῶς

177 3146 608 3289 ΞΞιγνωσόμεθα
635 3168 651 3218 ;
693 3154 790 3218 Ὃς
817 3155 918 3209 οὐκ
953 3158 1228 3232 ἐπορεύθη
1251 3162 1309 3215 ἐν
1326 3165 1392 3235 τῇ
1436 3164 1600 3239 βουλῇ
1628 3170 1761 3223 ἀσεο

270 3255 320 3289 ν.

270 3255 320 3290 ν.

256 3332 568 3403 Μακάριος,
601 3334 659 3401 ὃς
707 3338 807 3393 οὑκ
863 3338 1022 3394 ἔλαϐε
1080 3344 1208 3415 περὶ
1251 3344 1386 3400 Θεοῦ
1432 3348 1754 3423 δισταγμὸν,

174 3426 313 3499 ὁμὴ
378 3429 795 3501 μικροψυχήσας
852 3435 983 3505 περὶ
1012 3435 1082 3488 τά
1121 3438 1384 3505 παρόντα,
1436 3442 1574 3496 ἀλλά
1625 3446 1760 3499 ἀνα-

176 3521 370 3590 μένων
387 3521 455 3575 τά
484 3523 941 3595 προσδοκώμενα·
975 3526 1033 3592 ὃς
1054 3526 1180 3601 ἔσχε
1248 3533 1377 3604 περὶ
1408 3535 1501 3588 τοῦ
1530 3538 1762 3594 Κτίσαν-

170 3631 276 3677 τος
306 3616 455 3685 ἡμᾶς
478 3615 748 3688 ὑπόληψιν
769 3617 1018 3674 ἄπιστον.

255 3707 566 3779 Μαρτύρων
593 3712 811 3781 μνήμης
840 3712 923 3775 τίς
959 3712 1024 3766 ἂν
1059 3712 1272 3793 γένοιτο
1303 3717 1465 3788 κόρος
1502 3720 1582 3792 τῷ
1605 3722 1760 3791 φιλο-

175 3800 462 3873 μάρτυρις
496 3801 630 3856 διότι
655 3804 688 3873 ἡ
724 3804 859 3875 πρὸς
880 3806 1007 3869 τοὺς
1033 3808 1272 3876 ἀγαθοὺς
1302 3811 1412 3865 τῶν
1453 3815 1763 3885 ὁμοδούλων

170 3893 319 3965 τιμὴ
358 3894 629 3960 ἀπόδειξιν
658 3895 769 3968 ἔχει
818 3898 917 3970 τῆς
952 3899 1090 3971 πρὸς
1138 3902 1229 3956 τὸν
1265 3906 1464 3960 οἰκεῖον
1495 3909 1760 3987 δεσπότην

171 3988 401 4052 εὐνοίας

272 4079 341 4135 Ἦ
395 4081 534 4154 πρὸς
588 4083 714 4147 τοὺς
756 4084 948 4161 εὑνους
1009 4088 1116 4142 τῶν
1172 4092 1476 4162 ὁμοδούλων
1524 4098 1762 4164 διάθεσις

168 4170 284 4241 τὴν
304 4172 583 4246 ἀναφορὰν
610 4174 702 4228 ἐπὶ
726 4175 818 4229 τὸν
842 4177 1108 4252 δεσπότην
1129 4177 1309 4253 ἐχει,ᾦ
1328 4186 1759 4257 δεδουλεύκασιν,

170 4265 283 4318 καὶ
309 4266 340 4318 6
368 4265 494 4329 τοὺς
522 4265 611 4319 διὰ
647 4267 828 4323 πίστιν
852 4269 1160 4342 ἡθληκότας
1186 4278 1382 4349 τιμῶν,
1406 4280 1563 4352 δῆλός
1596 4285 1749 4339 ἐστιν

166 4353 278 4407 τὸν
297 4353 461 4427 ζῆλον
490 4356 631 4429 ἔχων
666 4359 768 4431 τῆς
795 4363 1051 4428 πίστεως.

256 4536 481 4607 Ταύτην
540 4533 679 4593 εῖναι
728 4544 1115 4613 πραγματείαν
1167 4548 1398 4621 ἀρίστην
1450 4555 1621 4622 φημὶ,
1679 4558 1764 4609 αἴ-

1855 657 1924 713 Αι
1954 658 2047 714 ille
2088 659 2270 715 dixit:
2305 660 2564 727 Quinimo
2599 660 2746 716 beati
2794 660 2888 732 qui
2929 661 3164 716 audiunt
3197 661 3424 716 verbum

1856 749 1971 816 Dei,
2003 760 2058 808 et
2078 752 2401 809 custodiunt
2429 751 2585 808 illud.
2609 772 2627 805 ι

1925 932 2059 991 Luc.
2083 951 2182 998 xu,
2216 935 2311 1004 '57,
2339 936 2428 992 38.
2452 966 2519 979 --
2553 955 2571 988 ι
2601 935 2749 992 Beati
2800 935 2946 991 servi
2972 933 3072 1001 illi,
3104 948 3246 1005 quos
3300 949 3429 990 cum

1856 1026 2073 1081 venerit
2096 1025 2381 1095 Dominus,
2421 1028 2693 1084 invenerit
2723 1029 3035 1100 vigilantes.
3078 1029 3250 1081 Amen
3301 1024 3428 1080 dico

1854 1118 2035 1184 vobis,
2067 1120 2214 1189 quod
2246 1122 2547 1193 pnecinget
2571 1138 2653 1187 se,
2684 1129 2737 1177 et
2763 1121 2929 1176 faciet
2991 1122 3114 1176 illos
3185 1119 3429 1174 discum-

1854 1212 2020 1279 bere,
2056 1224 2111 1269 et
2145 1215 2429 1271 transiens
2486 1216 2829 1270 ministrabit
2871 1215 3002 1270 illis.
3040 1214 3100 1268 Et
3130 1213 3177 1269 si
3212 1213 3428 1268 venerit

1855 1304 1910 1359 in
1938 1306 2183 1361 secunda
2224 1307 2436 1378 vigilia,
2461 1314 2516 1360 et
2535 1307 2584 1361 si
2611 1307 2666 1361 in
2698 1307 2862 1360 tertia
2898 1306 3090 1378 vigilia
3116 1305 3349 1369 venerit,
3374 1312 3426 1356 et

1856 1399 1930 1453 ita
1959 1398 2252 1464 invenerit,
2287 1399 2430 1454 beati
2463 1409 2593 1454 sunt
2613 1398 2758 1454 servi
2792 1399 2889 1453 illi.
2921 1418 2939 1451 ι

1924 1489 2053 1545 Luc.
2092 1508 2203 1557 xiv,
2235 1492 2327 1547 29..
2360 1522 2428 1532 —-
2465 1513 2483 1545 ι
2509 1493 2708 1548 Beatus
2735 1492 2828 1563 qui
2860 1508 2965 1546 non
3000 1491 3428 1562 judicatsemet-

1856 1586 2031 1655 ipsum
2059 1585 2112 1638 in
2140 1601 2204 1640 eo
2221 1586 2369 1656 quod
2404 1587 2617 1655 probat.
2647 1604 2663 1636 ι

1930 1676 2093 1731 Hebr.
2126 1694 2181 1733 ιι
2206 1718 2221 1743 ,
2254 1679 2359 1733 1'5-
2383 1678 2484 1743 16,
2518 1679 2619 1745 52,
2654 1678 2742 1733 55.
2776 1709 2844 1717 -
2878 1696 2897 1729 ε
2937 1676 3098 1731 Juxta
3127 1676 3284 1732 ﬁdem
3332 1676 3427 1730 de—

1858 1770 2036 1827 functi
2074 1780 2201 1826 sunt
2238 1788 2432 1829 omnes
2469 1772 2583 1836 isti,
2618 1788 2729 1826 non
2754 1771 2998 1842 acceptis
3035 1772 3429 1841 repromissio—

1858 1861 2042 1924 nibus,
2074 1863 2171 1917 sed
2206 1877 2236 1916 a
2277 1862 2437 1933 longe
2478 1877 2572 1917 eas
2604 1863 2940 1933 aspicientes
2962 1902 2977 1925 ,
3010 1870 3064 1917 et
3091 1861 3395 1917 salutantes
3416 1900 3431 1920 ,

1857 1964 1911 2009 et
1940 1954 2291 2019 conﬁtentes,
2327 1954 2462 2025 quia
2497 1954 2772 2025 peregrini
2802 1962 2855 2008 et
2881 1954 3131 2023 hospites
3195 1961 3319 2008 sunt
3341 1969 3435 2005 su-

1859 2062 1957 2118 per
1995 2055 2220 2101 terram.
2248 2045 2355 2112 Qui
2406 2045 2553 2100 enim
2598 2045 2715 2099 haec
2748 2044 2965 2109 dicunt,
3026 2044 3342 2115 signiﬁcant
3376 2060 3436 2097 se

1858 2141 2092 2213 patriam
2125 2142 2426 2211 inquirere.
2456 2140 2523 2194 Et
2554 2139 2598 2194 si
2636 2138 2858 2209 quidem
2920 2137 3101 2208 ipsius
3155 2137 3438 2191 meminis-

1818 2227 2004 2300 sent,
2048 2235 2117 2290 de
2165 2249 2272 2305 qua
2321 2234 2598 2300 exierunt,
2653 2232 2932 2287 habebant
2973 2232 3165 2302 utique
3220 2241 3435 2299 tempus

1858 2328 2191 2383 revertendi.
2241 2325 2403 2381 Nunc
2467 2335 2649 2380 autem
2700 2325 2985 2379 meliorem
3047 2330 3334 2394 appetunt,
3383 2324 3436 2377 id

1861 2423 2280 2477 estetelestem.
2313 2419 2438 2475 Ideo
2497 2435 2608 2474 non
2648 2418 3012 2473 confunditur
3074 2417 3240 2483 Deus,
3293 2416 3438 2471 Deus

1860 2516 2046 2572 vocari
2101 2530 2316 2571 eorum.
2373 2513 2595 2568 Paravit
2650 2513 2794 2566 enim
2833 2511 2946 2566 illis
2988 2512 3331 2565 civitatem.»
3366 2508 3439 2563 Et

1857 2612 2042 2681 paucis
2094 2608 2425 2679 interiectis:
2466 2625 2484 2658 ι
2518 2606 2585 2660 Et
2608 2605 2741 2677 quid
2793 2606 2975 2660 adhuc
3025 2603 3193 2659 dico?
3216 2602 3439 2658 Deﬁciet

1861 2719 1949 2759 me
1990 2713 2210 2774 tempus
2282 2710 2633 2756 enarrantem
2664 2700 2731 2753 de
2782 2697 3027 2760 Gedeon,
3069 2706 3125 2751 et
3160 2694 3355 2756 Barac,
3383 2702 3438 2745 et

1860 2796 2099 2852 Samson
2130 2834 2145 2858 ,
2178 2804 2235 2849 et
2259 2792 2481 2864 Jephte,
2516 2802 2570 2847 ct
2613 2791 2810 2854 David,
2842 2800 2897 2846 et
2928 2788 3171 2854 Samuel,
3205 2795 3261 2843 et
3310 2802 3439 2859 pro-

1861 2889 2065 2960 phetis,
2086 2888 2179 2959 qui
2199 2902 2298 2957 per
2330 2884 2490 2939 ﬁdem
2543 2885 2797 2939 vicerunt
2824 2897 3015 2954 regna.
3043 2901 3061 2933 ι

1930 2981 2096 3052 372
2148 2977 2301 3034 Basil
2331 2980 2385 3031 in
2420 2978 2559 3046 psal.
2594 2992 2631 3031 ι.
2669 3004 2733 3017 -ο
2788 2975 2989 3030 Beatus
3037 2982 3145 3038 est,
3203 2974 3297 3045 qui
3350 2990 3438 3028 res

1862 3088 2079 3129 summe
2104 3070 2379 3142 pretiosas
2406 3066 2675 3138 possidet,
2710 3082 2883 3137 eaque
2927 3066 3070 3120 bona
3120 3065 3443 3136 participat,

1863 3181 1985 3236 quae
2012 3162 2178 3219 adimi
2204 3176 2315 3216 non
2350 3167 2601 3232 possunt.
2635 3158 2741 3224 Qui
2794 3173 2924 3212 vero
2969 3157 3116 3211 hunc
3172 3172 3436 3227 agnosce-

1866 3254 2033 3311 mus?
2060 3256 2114 3308 ls
2146 3259 2234 3308 est
2270 3251 2367 3322 qui
2423 3264 2530 3304 non
2576 3248 2709 3301 abiit
2734 3248 2787 3301 in
2822 3247 3061 3301 consilio
3118 3244 3435 3315 impiorum.

1937 3348 2084 3401 Ibid.
2113 3375 2184 3384 —
2221 3343 2425 3398 Beatus
2464 3342 2559 3410 qui
2611 3339 3017 3394 dubitationem
3054 3338 3121 3393 de
3156 3336 3266 3391 Deo
3329 3354 3445 3392 non

1867 3437 2133 3493 admisit:
2164 3434 2260 3505 qui
2291 3433 2493 3503 pusillo
2513 3431 2702 3484 animo
2718 3445 2827 3485 non
2852 3437 2937 3484 est
2961 3445 3087 3499 erga
3125 3429 3437 3500 praesentia;

1867 3533 1964 3588 sed
1999 3546 2063 3586 ea
2090 3544 2215 3600 qua:
2244 3528 2299 3581 in
2326 3542 2425 3595 spe
2463 3523 2639 3594 posita
2670 3531 2821 3585 sunt,
2854 3531 3164 3593 exspectat,
3197 3537 3298 3577 nec
3335 3523 3439 3574 im-

1758 3658 1767 3667 .
1867 3625 2011 3696 piam
2037 3621 2105 3677 de
2129 3621 2390 3676 Creatore
2430 3627 2620 3671 nostro
2660 3616 2976 3684 opinionem
3013 3614 3224 3668 habuit.

1942 3712 2137 3781 Ejusd.
2164 3711 2322 3766 Hom.
2353 3711 2407 3763 in
2422 3709 2492 3763 40
2544 3717 2707 3760 mart.
2731 3736 2804 3747 -—
2830 3705 3130 3766 Martvrum
3182 3707 3442 3760 recorda-

1868 3808 2019 3864 tione
2040 3806 2167 3876 quis
2198 3812 2501 3874 martyrum
2531 3817 2726 3857 amans
2753 3801 2946 3857 satiari
2976 3800 3444 3869 queat?quando«

1865 3901 2087 3971 quidem
2144 3898 2320 3952 honos
2396 3896 2490 3966 qui
2550 3896 2711 3951 bonis
2766 3893 3056 3949 conservis
3113 3892 3443 3955 exhibetur,

1865 3988 2263 4047 benevolentiae
2296 4002 2425 4057 erga
2446 3985 2733 4041 dominum
2776 3995 3159 4057 argumentum
3192 3993 3275 4038 est

1946 4080 2087 4135 Ibid.
2129 4110 2195 4120 —
2230 4080 2414 4133 Animi
2440 4093 2567 4148 erga
2616 4077 2909 4132 benevolos
2960 4090 3259 4131 conservos
3306 4076 3440 4129 alre-

1867 4178 1998 4236 ctio.
2036 4174 2102 4228 ad
2129 4173 2435 4234 dominum,
2467 4175 2552 4226 cui
2588 4171 2663 4224 illi
2684 4171 3012 4232 servierunt,
3041 4169 3316 4223 redundat
3342 4179 3437 4236 :ct

1868 4269 2125 4340 quisquis
2152 4282 2246 4323 eos
2271 4266 2363 4337 qui
2397 4264 2519 4320 ﬁdei
2552 4278 2726 4319 causa
2746 4263 3106 4326 dimicarunt,
3136 4262 3305 4317 allicit
3343 4263 3441 4317 hu-

1869 4374 2027 4423 nore,
2053 4356 2345 4427 perspicue
2371 4354 2619 4411 ostendit
2657 4353 2849 4409 eodem
2875 4368 2935 4407 se
2966 4351 3089 4408 ΓυΙεὶ
3147 4354 3264 4407 zelo
3306 4370 3443 4423 prii)-

1868 4450 2041 4505 ditum
2064 4464 2211 4503 esse.

1944 4538 2090 4592 Naz.
2125 4542 2256 4591 Orat
2288 4538 2340 4590 in
2370 4535 2531 4606 Cypr.
2554 4565 2623 4577 --—
2662 4535 2821 4591 Hunc
2860 4552 2984 4591 esse
3011 4545 3280 4606 quaestum
3323 4552 3443 4590 om-

172 4646 364 4700 ματος
412 4630 593 4698 ὀλίγου
649 4630 926 4703 βασιλείαν
984 4636 1229 4707 οὐρανῶν
1280 4640 1615 4712 ὠνήσασθαι,
1670 4648 1758 4700 καὶ

1872 4632 2024 4686 nium
2064 4629 2595 4700 praestantissimum
2621 4629 2731 4692 aio,
2760 4629 2965 4698 exiguo
3022 4629 3296 4698 sanguine
3338 4645 3444 4683 ete-

162 4722 347 4788 δόξης
398 4720 674 4792 άῖδιότητα
713 4722 822 4776 τῶν
870 4727 1224 4798 προσκαίρων
1274 4732 1582 4787 ἀντιλαϐεῖν
1627 4737 1765 4790 ἀνα-

165 4814 302 4870 θῶν

253 4906 447 4977 Νόμος
483 4909 811 4979 μαρτυρίας,
844 4912 983 4980 μήτε
1007 4910 1292 4977 ἐθέλοντας
1328 4916 1466 4987 πρὸς
1494 4918 1586 4970 τὸν
1616 4919 1765 4988 ἀγῶ-

163 5016 253 5054 να
280 5001 499 5069 χωρεῖν,
531 4999 705 5069 φειδοῖ
732 5000 841 5053 τῶν
889 5002 1193 5056 διωκόντων
1238 5006 1330 5057 καὶ
1383 5005 1492 5060 τῶν
1546 5008 1768 5062 ἀσθενε-

162 5088 404 5159 στέρων
434 5129 452 5155 ,
506 5091 646 5160 μήτε
692 5092 967 5161 παρόντας
1009 5093 1337 5148 ἀναδύεσθαι
1370 5113 1386 5129 ·
1419 5096 1479 5149 τὸ
1506 5097 1607 5163 μὲν
1658 5099 1765 5169 γὰρ

160 5182 451 5255 Θράσους,
469 5182 531 5236 τὸ
562 5182 618 5237 δὲ
646 5183 936 5255 ἀνανδρίας
965 5186 1131 5241 ἐστίν.

272 5456 342 5510 Ἠ
391 5455 499 5510 τῶν
549 5457 919 5527 μακαρισμῶν
982 5461 1234 5515 κοινωνία
1259 5501 1275 5526 ,
1335 5461 1591 5534 θεότητός
1653 5468 1767 5519 ἐστι

160 5547 452 5606 κοινωνία
474 5563 488 5579 ’
518 5547 655 5603 Θεοῦ
700 5549 810 5621 γάρ
834 5549 911 5614 ὡς
934 5551 1149 5622 ἀληθῶς
1206 5553 1335 5609 ἴδιον
1357 5556 1392 5627 ή
1426 5556 1769 5629 μακαριότης

157 5640 365 5698 εστίν.

258 5730 330 5785 Εἰ
350 5729 412 5782 τὸ
434 5730 560 5783 ἰδεῖν
605 5730 696 5785 τὸν
739 5731 873 5786 Θεὸν
923 5733 1225 5807 ὑπερϐολὴν
1254 5738 1313 5789 ἐν
1338 5737 1415 5809 τῷ
1448 5738 1639 5810 ἀγαθῷ
1670 5740 1770 5793 οὐκ

91 5871 97 5874 .
158 5821 421 5895 ἔχει,τδ
453 5822 580 5876 Υίδν
617 5823 866 5892 γενέσθαι
919 5826 1011 5881 τοῦ
1077 5827 1233 5892 Θεοῦ,
1283 5830 1423 5899 ὑπὲρ
1472 5831 1769 5901 εὑκληρίαν

154 5914 319 5974 ἐστὶ
375 5913 612 5975 πάντων.
653 5916 707 5972 Ὀ
730 5917 833 5988 γὰρ
864 5919 989 5984 Υἱὸς
1039 5920 1287 5985 ἀξιωθεὶς
1335 5923 1608 5989 γενέσθαι,
1659 5923 1768 5991 ἕξει

1868 4726 2005 4780 leste
2038 4738 2265 4793 regnum
2300 4737 2509 4785 emere,
2540 4729 2593 4775 et
2621 4736 2721 4790 pro
2752 4720 2982 4774 caducis
3004 4728 3058 4775 et
3091 4724 3449 4791 temporariis

1867 4817 2029 4871 bonis
2061 4814 2424 4869 aeternitatem
2463 4813 2653 4884 gleriae
2681 4813 2910 4868 referre.

1944 4909 2197 4979 Ejusdem
2214 4908 2268 4961 in
2296 4906 2467 4975 Basil.
2503 4935 2574 4947 —
2599 4906 2708 4961 Lex
2738 4905 2987 4975 martyrii
3020 4906 3219 4975 poscit,
3253 4916 3309 4959 ut
3341 4922 3452 4960 nec

1872 5002 2018 5056 ultro
2045 5002 2099 5055 in
2128 5008 2408 5055 certamen
2436 5012 2707 5064 ruamus;
2757 4998 2922 5052 saluti
2965 4997 3225 5051 nimirum
3260 5012 3442 5067 perse-

1869 5103 2126 5148 entorum
2156 5090 2657 5157 etimbecilliorum
2682 5090 3041 5144 consulentes
3063 5106 3077 5141 :
3096 5102 3196 5142 nec
3224 5101 3442 5149 rursus,

1873 5185 1964 5239 ubi
1994 5185 2107 5255 jam
2138 5183 2196 5237 in
2239 5181 2486 5252 periculo
2544 5180 2833 5235 constituti
2888 5194 3102 5240 sumus,
3166 5184 3450 5232 certamen

1870 5276 2263 5332 detrectemus.
2295 5271 2434 5327 Illud
2461 5271 2610 5327 enim
2637 5271 2969 5327 temeritatis
2997 5278 3079 5326 est
3104 5311 3118 5336 ,
3146 5270 3252 5324 hoc
3286 5269 3442 5335 igna-

1870 5369 1990 5422 viae.
2912 5430 2915 5433 _
3015 5344 3028 5361 ’

1947 5457 2111 5530 Nysa.
2149 5460 2203 5512 in
2259 5456 2458 5511 Beatit.
2488 5483 2558 5496 —-
2606 5454 3018 5510 Beatitudinum
3075 5452 3443 5523 partiripatic,

1872 5554 2098 5610 deitatis
2135 5560 2221 5607 est
2246 5550 2623 5622 participatio.
2651 5553 2741 5603 Dei
2773 5548 3046 5619 siquidem
3074 5548 3296 5618 propria
3324 5546 3441 5602 bea-

1873 5647 2053 5702 titudo
2085 5654 2193 5701 est.

1947 5737 2140 5807 Ejusd.
2162 5736 2316 5792 Orat.
2346 5736 2377 5787 7
2413 5735 2486 5790 De
2508 5735 2662 5789 Beat.
2688 5763 2751 5777 —-
2780 5733 2835 5787 Si
2865 5732 3034 5787 Deum
3088 5731 3297 5795 videre,
3327 5740 3443 5782 tan-

1877 5838 1995 5884 tum
2033 5839 2119 5884 est
2152 5829 2381 5889 bonum,
2410 5836 2473 5881 ut
2503 5826 2569 5881 ad
2610 5824 2729 5893 ejus
2791 5824 3227 5892 magnitudinem
3291 5836 3447 5873 accc—

1885 5924 2013 5978 dcrc
2044 5920 2183 5975 nihil
2213 5919 2386 5992 p0ssit
2414 5934 2428 5971 :
2460 5917 2553 5973 Dei
2600 5917 2766 5971 [ilium
2838 5913 2997 5978 clliri,
3049 5910 3446 5969 beatitudinem
