3910 6412
566 400 721 487 ’1239

1762 426 1821 484 S.
1862 424 2179 485 JOANNIS
2216 425 2639 490 DAMASCENI

3712 434 3820 499 lii!)

582 540 746 607 plane
772 551 988 591 omnem
1023 534 1259 591 excedit.
1291 534 1424 588 Nam
1467 535 1555 590 cui
1598 535 1702 590 hoc
1730 536 1999 590 donatum
2049 546 2151 599 est,

2287 540 2482 603 τάντως
2533 542 2591 594 ἐν
2654 543 2832 611 ἑαυτῳ
2895 542 2993 596 τοῦ
3042 545 3255 613 Πατρος
3291 545 3354 597 τὸ
3396 543 3628 613 αξῐωμα
3660 562 3676 574 ο
3707 548 3821 616 ὑπὲρ

584 638 645 683 ut
672 629 817 683 (ilius
867 628 961 682 Dei
1021 628 1137 693 liat,
1174 629 1222 683 is
1256 626 1450 696 procul
1491 627 1659 682 dubio
1708 625 1893 683 Patris
1938 636 2159 697 quoilue

491 740 500 751 ·
588 720 913 791 dignitatem
948 720 1195 775 habebit.
1238 718 1497 774 Felicitas
1550 720 1667 774 hac
1724 734 1892 789 supra
1936 720 2157 776 deside-

589 816 733 867 rium
758 822 875 868 est:
904 828 1070 881 supra
1096 827 1245 882 spem
1271 827 1486 866 omnem
1528 820 1611 867 est
1642 811 1749 865 hoc
1778 828 1980 867 munus
2010 832 2023 866 :
2058 828 2156 867 su-

592 922 688 977 pra
715 915 970 960 naturam
991 906 1109 959 inec
1140 905 1341 974 gratia.

658 995 933 1065 Ejusdem.
961 1026 1030 1035 —
1053 994 1273 1050 Natura:
1301 996 1388 1052 lex
1415 1004 1526 1063 est,
1577 1004 1636 1050 ut
1666 995 1943 1066 cupiditas
1983 995 2048 1049 ad
2104 995 2159 1050 id

584 1090 730 1160 quod
763 1090 982 1143 beatum
1005 1096 1090 1143 est
1124 1099 1177 1143 et
1200 1089 1501 1154 laudabile,
1536 1088 1859 1145 contendat.

659 1183 854 1237 Omnis
890 1184 1017 1237 honi
1071 1193 1238 1253 caput
1284 1183 1389 1238 hoc
1440 1193 1551 1248 est,
1594 1198 1760 1253 supra
1824 1190 2155 1253 potestatem

583 1276 855 1329 viviticam
879 1275 1168 1329 collocari.

663 1365 848 1434 Ejusd.
882 1368 936 1419 in
951 1365 1103 1421 Orat.
1131 1366 1344 1421 Domin.
1376 1398 1446 1407 —
1468 1365 1753 1436 Ejusmodi
1773 1376 1905 1421 sunt
1933 1373 2157 1419 sancto-

583 1472 703 1509 rum
736 1455 953 1520 animae,
981 1468 1038 1511 ut
1063 1466 1190 1512 ante
1217 1459 1521 1528 erigantur,
1550 1474 1716 1529 quam
1750 1457 1971 1521 cadant,
2005 1471 2156 1512 sese-

583 1563 691 1615 que
720 1558 981 1617 tanquam
1018 1547 1176 1603 freno
1206 1553 1448 1619 quodam
1502 1552 1802 1621 reprimant
1833 1550 2153 1621 priusquam

585 1638 639 1689 in
677 1646 964 1706 peccatum
1019 1647 1204 1694 ruant.
1251 1638 1522 1703 Quoniam
1585 1649 1851 1711 perpetuo
1899 1640 2151 1710 vigilant,

582 1736 747 1797 atque
778 1745 877 1798 pro
919 1730 1095 1786 salute
1125 1746 1228 1785 sua
1261 1739 1433 1801 agunt
1461 1732 1747 1786 excubias.

654 1841 843 1911 Chrys.
868 1844 921 1896 in
946 1841 1003 1897 S.
1026 1842 1176 1898 Rom.
1200 1855 1361 1899 mart.
1392 1875 1462 1884 -—
1488 1843 1609 1899 Non
1639 1845 1675 1899 ii
1705 1853 1833 1901 sunt
1856 1848 2155 1916 prmstigia-

585 1944 732 1987 lorus
755 1934 981 1997 Christi,
1006 1944 1065 1987 nt
1091 1944 1419 2005 pertenuem
1446 1937 1594 1992 ﬁlum
1613 1945 1840 1992 currant
1865 1939 1958 2004 ;'ut
1988 1953 2153 2006 super

582 2028 761 2082 nudus
795 2044 959 2085 cnses
995 2031 1317 2095 saltitando,
1345 2041 1462 2087 arte
1487 2032 1724 2102 quadam
1748 2032 1977 2086 vulnera
2015 2030 2154 2087 eﬂu-

583 2123 740 2189 giant
776 2136 1008 2175 :verum
1045 2122 1275 2177 funiculi
1311 2123 1435 2177 loco
1495 2130 1785 2193 angustam
1814 2130 1868 2177 et
1892 2122 2155 2192 utrinque

583 2221 915 2283 praaruptam
951 2215 1172 2287 pietatis
1200 2217 1345 2270 viam
1373 2218 1532 2271 lirmo
1567 2233 1760 2287 gressu
1816 2223 2150 2288 peragrant;

580 2304 997 2374 tyrannicarum
1033 2321 1164 2359 vero
1221 2307 1529 2377 gladiorum
1587 2309 1759 2361 aciem
1792 2321 1891 2362 sua
1924 2307 1978 2361 in
2003 2306 2154 2363 exci-

581 2395 796 2463 piendis
825 2397 1156 2452 vulneribus
1205 2398 1499 2452 alacritate
1534 2400 1857 2453 retundunt.
1886 2396 2074 2467 Neque
2097 2396 2152 2450 id

580 2499 843 2555 agnntne
893 2490 1025 2558 quid
1079 2489 1383 2559 patiantur,
1435 2490 1530 2546 sed
1580 2493 1753 2561 magis
1819 2492 2062 2554 student,
2093 2497 2151 2542 ut

578 2580 845 2648 patiendo
871 2583 1118 2636 vincant.

650 2694 843 2758 Clem.,
877 2697 969 2750 lib.
1001 2714 1039 2751 ιι
1073 2697 1273 2753 Strom.
1308 2728 1378 2738 -—-
1408 2698 1641 2754 Videtur
1684 2700 2008 2768 martyrium
2037 2699 2153 2770 glo-

577 2790 723 2843 riosa
752 2790 1001 2859 quaedam
1042 2807 1170 2847 esse
1194 2801 1543 2862 peccatorum
1566 2794 1913 2863 expurgatio.

662 2902 876 2958 Philan.
910 2936 978 2943 —
1010 2905 1175 2959 Beata
1238 2915 1433 2960 natura
1494 2914 1598 2972 est,
1638 2923 1760 2976 quae
1791 2908 1843 2961 in
1898 2907 2153 2964 omnibus

580 2995 803 3062 gaudet,
859 3002 1027 3063 atque
1061 2996 1133 3048 ita
1197 2996 1390 3051 aﬂ'ecta
1420 3006 1524 3064 est,
1553 3009 1611 3052 ut
1645 2999 1782 3053 nihil
1844 3014 2074 3068 prorsus
2097 3000 2152 3054 in

582 3086 788 3139 mundo
853 3103 994 3157 :egre
1042 3088 1182 3143 ferat
1220 3129 1233 3151 ,
1307 3106 1496 3145 verum
1553 3091 1620 3147 iis
1671 3107 1794 3161 quae
1855 3092 2150 3157 accidunt,

580 3178 918 3247 acquiescat.
945 3194 1047 3233 ceu
1072 3195 1194 3250 quae
1234 3188 1385 3236 recte
1408 3190 1573 3251 atque
1606 3184 1817 3238 utiliter
1852 3183 2005 3237 ﬁant.

581 3311 742 3381 373
779 3311 913 3365 TIT.
946 3312 1159 3368 XXXII.
1189 3345 1259 3355 —-
1308 3316 1382 3369 De
1409 3319 1663 3384 primitiis
1685 3330 1733 3372 et
1768 3321 2002 3374 decimas
2019 3320 2154 3376 dan-

665 3383 805 3436 tibus
836 3399 854 3435 :
882 3387 1090 3454 etquod
1124 3385 1316 3454 offerre
1356 3383 1467 3443 Deo
1493 3391 1760 3458 primitias
1797 3403 2057 3460 oporteat.

652 3537 828 3594 Exod.
860 3555 996 3602 xxn,
1026 3539 1195 3595 29.——
1229 3559 1248 3593 ι
1283 3541 1569 3599 Primitias
1603 3558 1745 3600 areae
1781 3554 1888 3600 tua:
1908 3560 2017 3599 non
2044 3554 2156 3598 tar-

584 3630 740 3684 (labis
766 3629 1015 3686 reddere.
1046 3652 1066 3683 ›

658 3720 832 3775 Exod.
884 3739 1077 3789 xxxiv,
1132 3724 1224 3790 20,
1272 3723 1364 3779 26.
1420 3757 1491 3766 —
1534 3743 1551 3774 ι
1586 3725 1704 3780 Νοη
1773 3726 2064 3794 apparebis
2099 3726 2155 3780 in

584 3799 882 3879 conspectu
938 3830 1060 3868 meo
1090 3830 1319 3870 vacuus.
1366 3815 1651 3871 Primitias
1700 3818 2003 3887 primorum
2041 3817 2157 3873 fru-

581 3915 769 3960 ctuum
796 3919 959 3964 terrae
986 3917 1097 3965 tuae
1133 3911 1336 3966 inferes
1362 3911 1415 3965 in
1448 3913 1665 3966 domum
1705 3912 1941 3967 Domini.
1991 3931 2009 3964 ι

652 3996 817 4053 Leuit.
844 4015 941 4065 vn,
967 3999 1059 4055 32.
1086 4030 1152 4042 υ-
1180 4020 1197 4053 ι
1234 4001 1524 4057 Brachium
1556 4002 1810 4057 dextrum
1845 4005 1951 4058 erit
1975 4018 2157 4059 sacer-

581 4088 717 4142 tJ()li.
746 4108 764 4139 ι

655 4179 819 4235 Levit.
853 4198 1024 4244 xxvn,
1059 4182 1148 4237 ⁸50.
1191 4210 1260 4221 —-
1297 4200 1314 4233 ι
1352 4180 1545 4239 Omnis
1588 4183 1803 4238 decima
1847 4192 2009 4239 terra:
2046 4193 2156 4241 tua)

578 4272 687 4323 erit
722 4282 970 4327 sanctum
1004 4274 1257 4326 Domino.
1301 4292 1319 4323 ι

655 4383 813 4437 Deut.
850 4401 948 4449 xu,
976 4385 1063 4439 l9.
1093 4412 1159 4423 —-
1194 4404 1211 4435 ι
1249 4385 1484 4439 Attende
1523 4384 1622 4438 tibi
1650 4383 1777 4447 ipsi,
1810 4400 1878 4439 ne
1915 4385 2150 4441 derelin-

580 4492 720 4542 quas
757 4476 1003 4530 Levitam
1057 4477 1210 4531 omni
1266 4483 1513 4545 tempore
1567 4491 1677 4545 quo
1724 4476 1929 4531 vixeris
1984 4492 2151 4548 super

580 4579 801 4622 terram.
833 4586 854 4620 ι

654 4682 810 4737 Deut.
851 4698 961 4745 xw,
996 4683 1083 4737 15.
1113 4714 1180 4724 —-
1225 4702 1243 4735 ι
1275 4681 1393 4738 Νοη
1426 4684 1714 4753 apparebis
1756 4685 1808 4739 in
1849 4695 2150 4755 conspectu

580 4771 790 4824 Domini
823 4771 916 4825 Dei
951 4774 1028 4826 tui
1054 4788 1291 4828 vacuus:
1319 4775 1700 4844 unusquisque
1739 4776 2039 4830 secundum
2068 4778 2149 4829 vi-

575 4879 667 4917 ;rcs
708 4877 962 4916 manuum
998 4873 1323 4929 vestrarum,
1368 4866 1669 4920 secundum
1713 4866 2145 4923 benedictionem

577 4950 794 5012 Domini
821 4955 917 5009 Dei
954 4956 1241 5025 tui,quam
1273 4956 1487 5012 dederit
1527 4959 1648 5013 tibi.
1684 4978 1702 5009 ι

644 5068 803 5123 Prov.
840 5084 922 5133 ιιι,
949 5070 1003 5135 9,
1030 5068 1118 5122 ’lO.
1150 5100 1218 5109 ——
1248 5089 1265 5121 ι
1305 5068 1526 5124 Honora
1559 5070 1849 5126 Dominum
1882 5073 1950 5126 de
1975 5072 2143 5140 iustis

574 5163 855 5218 laboribus
910 5164 1038 5229 tuis,
1080 5172 1136 5218 et
1191 5164 1465 5233 primitias
1490 5164 1624 5219 oll‘cr
1654 5166 1703 5220 ei
1730 5165 1798 5221 de
1835 5167 1946 5221 tuis
1974 5167 2143 5237 justis

570 5257 867 5322 fructibus,
906 5265 965 5311 ut
1018 5257 1346 5325 impleantur
1383 5258 1583 5313 horrea
1630 5266 1722 5313 tua
1761 5259 2066 5327 frumento,
2091 5270 2147 5317 et

576 5350 697 5404 riuo
721 5350 1022 5405 toreularia
1059 5360 1149 5404 tua
1174 5351 1499 5406 redundent.
1530 5369 1549 5402 ι

643 5458 811 5514 Eccli.
841 5476 1004 5524 xxxv,
1029 5461 1083 5525 4,
1109 5461 1159 5514 5.
1187 5492 1256 5501 -—
1289 5481 1308 5511 ‹
1343 5460 1423 5515 Ne
1456 5476 1719 5531 appareas
1751 5464 1805 5517 in
1839 5476 2143 5535 conspectu

570 5548 785 5603 Domini
825 5565 1057 5604 vacuus.
1100 5551 1155 5603 In
1197 5551 1345 5604 omni
1374 5552 1502 5604 dato
1548 5551 1774 5607 hilarem
1812 5554 1896 5609 fac
1926 5557 2139 5612 vultum

568 5649 745 5703 tuum,
801 5647 856 5693 et
898 5643 956 5695 in
994 5642 1361 5697 exsultatione
1397 5643 1679 5697 sanctilica
1727 5644 2014 5703 decimam.
2060 5648 2134 5701 Da

2260 632 2425 703 εὐχὴν
2459 634 2513 687 δὲ
2548 635 2581 705 ή
2609 635 2864 705 ἐπιτυχξα
2886 652 2899 665 ο
2925 635 3274 715 ύπὲρὲλπίδα
3289 637 3347 691 δὲ
3380 638 3445 690 τὸ
3466 638 3649 709 δῶρον
3669 656 3682 667 ·
3706 640 3822 710 {nisi

2215 714 2222 725 ’
2260 728 2422 793 φύσιν
2439 743 2472 797 η
2496 727 2676 797 χάρις.

2329 993 2497 1054 Φύσις
2532 994 2652 1046 ἐστι
2710 994 2846 1064 πρὸς
2865 993 2926 1047 τὸ
2972 994 3242 1067 μακάριον
3300 994 3397 1047 καὶ
3450 993 3821 1063 ἐπαινοῦμεν

2259 1086 2356 1156 τὴν
2388 1086 2684 1156 ἐπιθυμίαν
2713 1087 3102 1141 συντείνεσθαι.

2343 1175 2575 1246 ’Δγαθοῢ
2604 1178 2806 1241 παντὸς
2838 1178 2899 1231 τὸ
2921 1177 3248 1247 κεφάλαιον,
3279 1177 3342 1231 τὸ
3369 1175 3519 1247 ὑπὲρ
3563 1174 3671 1245 τὴν
3716 1175 3818 1240 ζωο-

2259 1273 2411 1325 ποιδν
2445 1271 2692 1338 ἐξουσίαν
2722 1271 3001 1342 τετάχθαι.

2328 1363 2565 1417 Τοιαῦτα
2594 1364 2705 1422 τῶν
2737 1364 2909 1432 ἁγίων
2963 1363 3227 1433 αίψυχαί.
3258 1361 3457 1433 Πρὶνῆ
3491 1362 3819 1419 mutassis.

2259 1458 2575 1511 ἀνίστανται
2596 1475 2611 1489 ·
2639 1457 2767 1526 πρὶν
2796 1458 2829 1527 ἢ
2862 1457 2998 1528 πρὸς
3048 1455 3329 1527 ἁμαρτίαν
3368 1453 3583 1519 ἐλθεῖν,
3629 1455 3819 1521 ἀναχαι-

2257 1549 2497 1613 τίζονται
2517 1566 2531 1581 ι
2560 1549 2746 1620 ἐπειδὴ
2780 1550 3028 1620 νήφουσι,
3053 1549 3144 1602 καὶ
3163 1546 3253 1602 διὰ
3284 1544 3501 1610 παντός
3521 1546 3667 1599 εἰσιν
3691 1546 3819 1614 ixm-

2256 1645 2493 1713 γορυῖαι.

2332 1856 2359 1884 ιι
2382 1846 2457 1899 Οὐ
2491 1845 2758 1917 μήρινθον
2798 1861 2997 1915 ιεπτην
3029 1842 3342 1896 όιαθεουσιν
3374 1842 3424 1893 oi
3455 1838 3819 1909 θαυματοποιοὶ

2257 1939 2349 1993 τοῦ
2376 1936 2636 2010 Χριστοῦ,
2659 1936 2778 1990 οὐδὲ
2804 1936 3012 2006 ξίφεσιν
3071 1932 3561 1994 ὲπικυδιστῶντες
3608 1933 3815 2000 γυμνάς.

2255 2034 2416 2101 τέχνῃ
2452 2029 2551 2093 τὰς
2579 2028 2793 2099 πληγὰς
2825 2026 3234 2097 διαφεύγουσιν,
3268 2023 3416 2079 ἀλλὰ
3433 2023 3567 2075 ἀντὶ
3590 2023 3685 2091 μὲν
3704 2038 3820 2091 ποι-

2255 2124 2367 2176 νίου
2394 2122 2493 2193 τὴν
2525 2121 2715 2191 στενὴν
2746 2121 2837 2174 καὶ
2853 2118 3248 2190 ἀμφίκρημνον
3269 2116 3380 2185 τῆς
3410 2116 3699 2178 εὐσεϐείας
3727 2114 3815 2167 οὗθῆ

2254 2215 2539 2283 ἁσαλεύτῳ
2589 2215 2799 2285 βήματι
2860 2212 3207 2284 διατρέχουσι
3248 2227 3261 2240 ⁸
3296 2211 3421 2276 τῶν
3459 2210 3525 2264 δὲ
3570 2224 3815 2281 τυραννευ-

2259 2309 2438 2378 μένων
2494 2307 2664 2375 ξιφῶν
2697 2307 2823 2370 ίτὰς
2880 2304 3063 2376 ἀκμὰς
3090 2308 3232 2368 λταῖς
3292 2304 3416 2358 τῶν
3469 2304 3685 2357 οἰκείων
3713 2300 3815 2367 πλη-
3908 2320 3910 2327 ·

2255 2400 2367 2468 γῶν
2393 2398 2759 2469 ίφιλοτιμίαις
2810 2396 3175 2468 ἀμϐλύνουσιν
3200 2413 3216 2427 ⁸
3253 2397 3318 2450 οὐ
3375 2396 3443 2449 τὸ
3508 2396 3587 2465 μὴ
3629 2395 3815 2460 πάσχειν

2255 2495 2449 2563 τέχνην
2510 2493 2893 2562 ποιησάμενοι.
2941 2487 3079 2544 ἀλλὰ
3107 2488 3168 2541 τὸ
3198 2490 3371 2560 νικᾷν
3401 2489 3466 2541 ὲν
3498 2489 3580 2559 τῷ
3599 2488 3815 2559 ζοεάςχετν

2255 2584 2607 2654 ἀσκούμενοι.

2330 2698 2513 2749 ’Ὶέοικε
2532 2696 2593 2749 τὸ
2621 2694 2923 2765 μαρτύριον
2954 2691 3341 2761 ἀποκάθαρσις
3407 2686 3554 2743 εἶναι
3573 2687 3795 2759 ἁμαρτιῶν

2260 2811 2397 2882 μετὰ
2421 2810 2599 2878 δόξης.

2325 2900 2579 2971 Μακαρία
2610 2897 2794 2967 φύσις,
2824 2899 2858 2965 ἠ
2888 2896 2980 2949 ἐπὶ
3037 2896 3202 2949 παντὶ
3246 2911 3569 2964 χαίρουσα,
3595 2892 3675 2945 xa‘.
3722 2906 3806 2960 μη·

2255 2996 2367 3048 δνενι
2411 2990 2818 3062 δυσαρεστοῦσα
2843 2992 2901 3042 ὲν
2942 2987 3021 3059 τῷ
3057 2987 3249 3057 κόσμῳ
3277 2985 3347 3039 τὺ
3383 2988 3671 3059 παράπαν,
3908 3044 3910 3047 ,

2256 3082 2624 3155 εύαρεστοῦσα
2652 3084 2763 3144 τοῖς
2800 3081 3126 3151 γινομένοις,
3156 3077 3234 3141 ὡς
3259 3078 3466 3143 καλῶς
3497 3080 3593 3132 καὶ
3642 3091 3815 3147 τεμεῖ-
3908 3090 3910 3151 ι

2240 3177 2457 3248 ιρόντως
2483 3172 2811 3243 γινομένοις.

2261 3315 2442 3367 ΤΙΤΛ.
2484 3309 2698 3365 AB'.—-
2727 3308 2867 3377 Περὶ
2914 3304 3202 3375 ἀπαρχῶν
3251 3304 3358 3377 καὶ
3405 3304 3817 3377 ἀεξοδεχαῖοίγο

2322 3402 2440 3466 τῶν·
2464 3382 2563 3435 καὶ
2589 3381 2670 3447 ὡς
2698 3372 2820 3450 χ,ρῆ
2852 3372 3215 3449 προσφέρειν
3253 3372 3339 3439 τῷ
3374 3374 3509 3439 Θεῷ
3538 3379 3643 3439 τὰς
3662 3375 3817 3437 ἀπαρ-

2329 3472 2461 3524 χαςο

2332 3588 2350 3621 ι
2397 3565 2678 3638 Ἀπαρχὰς
2700 3563 2904 3628 ἆλωνός
2931 3580 3048 3629 σου,
3074 3561 3173 3631 ούχ
3202 3560 3572 3630 ὑστερήσεις.
3598 3575 3620 3607 ι

2335 3760 2353 3792 ι
2394 3740 2507 3793 Ούκ
2540 3738 2756 3809 ὀφθήοῃ
2781 3733 3009 3789 ἐνώπιόν
3050 3749 3153 3804 μου
3184 3730 3365 3793 κενός.
3416 3730 3707 3797 Ἀπαρχὰς
3736 3724 3819 3776 ira

2258 3831 2801 3903 πρωτογεννημὰτων
2849 3828 2947 3898 τῆς
2982 3827 3083 3897 γῆς
3140 3842 3271 3889 σου,
3325 3824 3603 3886 εἰσοίσεις
3649 3823 3721 3883 εἰς
3749 3817 3823 3869 τὶν

2257 3922 2404 3980 οἷκον
2432 3924 2639 3995 Κυρίου
2670 3923 2764 3977 τοῦ
2795 3921 2929 3976 Θεοῦ
2956 3938 3070 3974 σου.
3106 3938 3126 3972 ι

2333 4040 2351 4070 ι
2389 4019 2447 4073 Ὀ
2482 4017 2724 4089 βραχίων
2752 4016 2781 4067 ὁ
2812 4014 2985 4079 δεξιὸς
3021 4010 3098 4082 τῷ
3125 4011 3264 4081 ἱερεῖ
3295 4008 3479 4062 ἔσται.

2333 4213 2351 4245 ι
2379 4194 2540 4247 Πᾶσα
2567 4190 2771 4259 δεκάτη
2815 4187 2916 4257 τῆς
2952 4186 3055 4256 γῆς
3086 4201 3205 4248 σου,
3247 4182 3406 4235 ἔσται
3433 4181 3606 4249 ἄγων
3644 4178 3719 4249 τῷ
3734 4176 3821 4227 Ιίν-

2260 4283 2381 4354 ρίῳ.
2418 4301 2437 4333 ι

2333 4416 2351 4449 ι
2382 4395 2621 4467 Πρόσεχε
2663 4390 2896 4461 σεαυτῷ,
2933 4390 3008 4461 μὴ
3037 4387 3416 4459 ὲγκαταλίπῃς
3466 4387 3573 4441 τὸν
3624 4386 3819 4440 Anim

2258 4491 2441 4545 πάντα
2462 4488 2551 4541 τὸν
2583 4486 2796 4557 χρόνον,
2830 4483 2953 4537 ὅσον
2979 4480 3074 4533 ἐὰν
3112 4481 3210 4551 ζῇς
3231 4478 3322 4530 ἐπὶ
3361 4477 3465 4548 τῆς
3504 4477 3646 4548 γῆς,
3676 4496 3693 4527 ι

2333 4707 2350 4739 ι
2382 4687 2495 4740 Οὐδὲ
2529 4683 2743 4755 ὀφθήσῃ
2782 4678 3014 4734 ἐνώπιον
3048 4676 3253 4747 Κυρίου
3296 4672 3393 4726 τοῦ
3433 4672 3589 4726 Θεοῦ
3626 4690 3717 4726 σου
3748 4686 3816 4720 κε·

2254 4782 2376 4843 νόςο
2405 4779 2637 4839 ἕκαστος
2664 4774 2807 4828 κατὰ
2850 4772 2949 4844 τὴν
2993 4770 3221 4839 δύναμιν
3274 4766 3381 4819 τῶν
3420 4767 3643 4836 χειρῶν
3695 4762 3814 4830 ξειὲῖ

2254 4874 2397 4926 κατὰ
2428 4870 2527 4938 τὴν
2560 4866 2814 4935 εὐλογίαν
2865 4864 3073 4935 Κυρίου
3098 4860 3194 4915 τοῦ
3221 4857 3357 4912 Θεοῦ
3398 4875 3527 4921 σου,
3574 4861 3650 4928 ἦν
3683 4852 3817 4909 ἔδεικέ

2257 4983 2363 5021 σοι.
2395 4984 2414 5017 ι

2329 5102 2345 5133 ι
2380 5079 2525 5150 Τίμα
2555 5078 2645 5131 τὸν
2691 5075 2895 5146 Κύριον
2930 5071 3039 5127 ἀπὸ
3086 5070 3193 5123 σῶν
3232 5067 3461 5121 δικαίων
3494 5069 3711 5128 πόνων,
3746 5064 3815 5115 :11

2254 5168 2502 5238 ἀπάρχου
2555 5165 2704 5235 αὐτῷ
2736 5163 2843 5217 ἀπὸ
2893 5164 3001 5216 σῶν
3034 5160 3264 5232 καρπῶν
3316 5158 3710 5227 δικαιοσύνης,
3749 5156 3812 5205 ir:

2253 5258 2567 5329 πίμπληται
2593 5256 2660 5309 τὰ
2677 5255 2877 5324 ταμεῖά
2909 5271 3003 5307 σου
3032 5250 3350 5322 πλησμονῆς
3380 5249 3568 5314 σίτου,
3600 5252 3738 5302 οἴνου
3772 5244 3812 5294 Ξ

2253 5351 2307 5402 αἱ
2340 5349 2490 5422 ληνοί
2526 5364 2619 5400 σου
2652 5345 2981 5410 ἑκϐλύζωσι.
3016 5363 3033 5396 ι

2328 5486 2345 5517 ι
2377 5466 2468 5534 Μὴ
2493 5463 2669 5534 ὀφθῇς
2701 5462 2933 5514 ἐνώπιον
2962 5459 3166 5532 Κυρίου
3200 5457 3374 5537 κενός.
3421 5456 3513 5509 Ἐν
3553 5456 3703 5526 πάσῃ
3746 5449 3815 5503 ὁὸ-
3846 5512 3849 5519 ⁴

2254 5575 2337 5611 σει
2370 5556 2620 5627 ίλάρυνον
2655 5554 2715 5607 τὸ
2738 5553 3030 5626 πρόσωπόν
3057 5570 3173 5617 σου,
3199 5551 3297 5606 καὶ
3323 5551 3649 5623 εὐφροσύνῃ
3674 5547 3815 5614 ἁγίας

2251 5666 2341 5701 σον
2385 5648 2642 5718 δεκάτην.
2684 5646 2783 5710 Δὸς
2837 5645 3080 5716 ’Υψίστῳ
3124 5644 3267 5697 κατὰ
3304 5642 3405 5696 τὴν
3442 5640 3599 5697 δόσιν
3642 5636 3813 5693 αὖαῦ.

643 5827 672 5895 ξι
700 5816 825 5875 Πωο
851 5832 957 5874 non
986 5826 1283 5875 occurrunt
1312 5819 1364 5875 in
1394 5818 1623 5876 llomilia
1648 5819 1716 5877 de
1740 5820 1798 5879 S.
1839 5823 2088 5880 Romano
2116 5834 2379 5894 martyre.
