3910 6408
120 400 206 466 Hi
218 398 235 461 l

1364 404 1599 464 SACRA
1629 402 2087 462 PARALLELA.

3204 399 3344 465 1242

119 510 191 564 δτι
222 508 419 579 Κύριος
456 510 844 571 ἀνταποδιδους
867 526 1013 564 εστιν
1048 512 1203 582 ἡμῖν,
1252 512 1345 565 καὶ
1389 511 1647 567 ἑπταπλὰ

1774 510 2064 565 Altissitno
2106 522 2409 565 secundum
2457 518 2644 564 uatum
2696 522 2873 577 ipsms
2902 524 2916 562 :
2948 505 3206 577 quoniam
3240 507 3345 559 Do-

118 618 221 655 σιον
252 601 523 657 ἀποδώσει
559 620 661 657 σοι.
696 622 717 655 ι
770 658 771 661 η

180 799 198 834 ι
238 781 332 837 Ἐκ
370 783 587 838 πάντων
620 785 730 840 τῶν
766 788 1032 859 ἀπαρχῶν
1087 788 1241 859 ὑμῶν
1282 789 1393 852 τοῖς
1430 787 1669 858 ιερεῦσιν

115 874 273 928 ἔσται.
310 891 331 924 ι

204 1070 399 1143 Δῷρον
422 1073 583 1143 ίΘεοῦ
608 1073 947 1129 κάλλιστόν
976 1075 1148 1129 ἐστιν
1177 1077 1210 1128 ὁ
1245 1076 1487 1143 τρόπος.

204 1141 325 1196 Κᾶν
350 1142 546 1196 πάντα
573 1144 850 1213 ἐνέγκῃς,
872 1144 1051 1200 οὐδὲν
1078 1141 1486 1210 οἵσειςήᾶξιον.

207 1215 275 1264 Ὂ
305 1215 403 1267 mi
435 1212 627 1279 πένης
656 1212 884 1280 δίδωσι,
916 1214 1093 1270 τοῦτο
1124 1219 1445 1283 πρόσφερε.

201 1282 491 1352 Μίσθωμα
522 1286 752 1353 πόρνης
781 1285 968 1355 ἁγνὸς
1003 1288 1075 1339 οὺ
1092 1282 1405 1354 μερίζεται.

282 1414 466 1470 ΤΙΤΛ.
495 1415 617 1472 ΛΓ.
640 1447 710 1458 -
739 1418 880 1488 Περὶ
903 1418 1188 1490 ἀγγελίας
1224 1417 1471 1487 ἀγαθῆς.

172 1549 188 1580 ι
216 1528 431 1600 Ὥσπερ
474 1529 616 1600 ὕδωρ
664 1529 872 1602 ψυχρὸν
924 1530 1071 1603 ψυχῇ
1122 1530 1332 1604 διψώσῃ
1372 1532 1665 1602 προσηνὲς,

102 1620 229 1673 οὕτω
263 1620 490 1691 ἀγγελία
514 1622 693 1693 ἀγαθὴ
721 1623 787 1677 ἐκ
818 1622 920 1693 γῆς
952 1622 1247 1694 μακρόθεν.
1278 1642 1296 1675 ι

171 1822 187 1852 ι
218 1804 252 1856 ἰ
267 1805 421 1873 αχεῖς
456 1802 568 1857 ἰδοὺ
598 1803 693 1856 ἐπὶ
721 1800 790 1856 τὰ
820 1802 919 1875 ὅρη
952 1803 1002 1856 οἱ
1048 1801 1205 1865 πόδες
1243 1800 1664 1872 εὐαγγελιζομέ-

102 1912 202 1959 νου,
232 1897 332 1948 καὶ
369 1895 809 1965 ἀπαγγέλλοντος
840 1897 1088 1967 εἰρήνην.
1125 1915 1142 1947 ι

166 2006 182 2037 ι
224 1987 317 2051 Ὠς
337 1987 530 2059 ὡραῖοι
554 1989 715 2053 πόδες
745 1988 842 2043 ἐπὶ
862 1989 970 2044 τῶν
986 1988 1158 2061 ὀρέων
1177 1985 1667 2057 εὐαγγελιζομένου

99 2078 257 2148 ἀκοὴν
286 2081 532 2151 είρήνης,
556 2079 1044 2150 εὐαγγελιζομένου
1078 2079 1293 2150 anesi
1340 2098 1360 2132 ι

299 2304 483 2359 ἸἸΤΛ.
521 2305 643 2359 ΔΔ⁰.
662 2335 731 2346 -
756 2305 894 2374 Περὶ
926 2305 1211 2375 ἀγγελίας
1236 2299 1451 2372 κακῆς.

162 2433 179 2463 α
212 2414 491 2481 Λαϐόντες
523 2416 729 2487 χιτῶνα
781 2414 875 2470 τοῦ
921 2416 1142 2487 Ἰωσὴφ,
1196 2414 1437 2483 ἔσφαξαν
1474 2410 1664 2481 ἔριφον

92 2504 276 2569 σίγῶν,
306 2505 401 2557 καὶ
429 2505 697 2575 ἐμόλυναν
727 2505 818 2559 τὸν
848 2504 1052 2576 χιτῶνα
1098 2502 1194 2557 τοῦ
1238 2500 1439 2571 Ἰωσὴφ
1471 2499 1548 2570 τῷ
1577 2500 1661 2553 αῖ-

95 2611 236 2661 ματι,
286 2596 386 2650 καὶ
425 2598 749 2668 εἰσήνεγκαν
800 2597 877 2667 τῷ
928 2597 1097 2666 πατρὶ
1141 2594 1341 2657 αὐτῶν,
1372 2592 1656 2661 λέγοντεςο

92 2686 290 2742 Τοῦτον
360 2689 631 2762 εὕρομεν,
676 2691 938 2762 ὲπίγνωθι
989 2692 1038 2743 εί
1093 2690 1122 2743 6
1164 2686 1329 2759 χιτὼν
1389 2684 1483 2739 τοῦ
1542 2683 1657 2736 υἱοῦ

92 2779 175 2833 σού
216 2783 408 2845 ἐστιν,
459 2782 606 2853 ἢοῦ.
656 2783 768 2837 Kal.
816 2783 1032 2851 ἐπέγνω
1065 2781 1228 2836 αὐτὸν
1287 2775 1510 2838 Ἰακὼϐ,
1563 2774 1659 2829 καὶ

89 2869 275 2928 εἶπενο
328 2874 509 2931 Χιτὼν
553 2875 645 2929 τοῦ
706 2876 824 2929 υἱοῦ
874 2874 976 2945 μού
1025 2876 1191 2928 ἐστιν.
1237 2871 1439 2943 Θηρίον
1491 2886 1659 2937 πονη-

92 2965 177 3032 ρδν
236 2964 558 3034 κατέφαγεν
598 2966 797 3021 αὐτόν·
851 2966 1041 3036 θηρίον
1080 2962 1319 3035 πονηρὸν
1358 2962 1659 3032 διήρπασεν

87 3056 266 3112 αὐτόν.
311 3058 574 3130 Διέῥρηξε
628 3058 684 3113 δὲ
741 3058 937 3112 Ἰακὼϐ
977 3058 1035 3111 τὸ
1068 3056 1281 3128 ἱμάτιον
1333 3050 1533 3119 αὑτοῦ,
1562 3049 1656 3103 καὶ

85 3148 312 3204 ἐπέθετο
346 3148 549 3205 σάκκον
582 3150 674 3204 ἐπὶ
722 3151 823 3221 τὴν
860 3150 1031 3219 ὀσφὺν
1062 3146 1255 3212 αὐτοῦ,
1292 3148 1388 3201 καὶ
1440 3142 1656 3198 ἐπένθει

82 3243 169 3296 τὸν
200 3244 323 3298 υἱὸν
350 3243 515 3298 αὐτοῦ
544 3244 756 3317 ἡμέρας
795 3244 1018 3308 πολλάς.
1047 3263 1065 3295 ι

152 3357 170 3389 ι
208 3337 515 3410 ’Δπεκρίθη
553 3342 582 3392 6
612 3338 751 3410 ἀνὴρ
772 3340 800 3392 6
830 3337 1108 3409 ἐληλυθὼς
1133 3339 1197 3390 ἐκ
1223 3336 1323 3406 τῆς
1363 3330 1650 3404 παρεμϐο-

80 3426 196 3497 λῆς,
236 3432 338 3485 καὶ
386 3426 509 3485 εἷπε
545 3431 625 3502 τῷ
673 3431 855 3484 Ἦλεί’
910 3432 1190 3500 Πέφευγεν
1232 3426 1373 3499 ἀνὴρ
1434 3422 1650 3496 Ἰσραὴλ

77 3523 182 3576 ἀπὸ
213 3523 517 3595 προσώπου
555 3524 664 3578 τῶν
697 3523 1035 3592 ἀλλοφύλων,
1064 3522 1160 3575 καὶ
1204 3519 1389 3591 πληγὴ
1439 3518 1647 3588 μεγάλη

77 3615 305 3683 γέγονεν
344 3617 402 3669 ἐν
425 3615 505 3686 τῷ
532 3616 667 3688 λαῷ,
700 3617 795 3672 καὶ
834 3615 1136 3687 ἀμφότεροι
1176 3615 1227 3667 οἱ
1284 3611 1391 3665 υίοί
1424 3626 1518 3665 σου
1558 3625 1647 3662 τε·

74 3704 334 3777 θνήκασι,
370 3709 468 3762 καὶ
514 3710 548 3779 ή
578 3709 811 3773 κιϐωτὸς
838 3709 933 3762 τοῦ
956 3707 1092 3762 Θεοῦ
1124 3705 1357 3777 ἐλήφθη.
1388 3704 1499 3759 Kal
1527 3702 1651 3770 ἐγέ-

72 3814 217 3866 νετο,
245 3799 325 3863 ὡς
353 3800 599 3871 ἐμνήσθη
622 3800 724 3871 τῆς
754 3799 991 3853 κιϐωτοῦ
1015 3797 1112 3852 τοῦ
1130 3796 1290 3861 Θεοῦ,
1319 3796 1517 3849 ἔπεσεν
1540 3793 1649 3849 ἀπὸ

68 3889 165 3943 τοῦ
195 3890 397 3962 δίφρου
440 3893 522 3956 είς
559 3892 630 3947 τὰ
681 3892 858 3945 ὀπίσω
908 3892 1142 3963 ἐχόμενα
1186 3890 1289 3961 τῆς
1322 3888 1520 3958 πύλης,
1555 3886 1649 3941 καὶ

72 3982 375 4054 συνετρίϐη
407 3985 436 4037 6
466 3983 634 4047 νῶτος
655 3984 843 4050 αὑτοῦ,
872 3985 971 4039 καὶ¹
991 3984 1283 4038 ἀπέθανεν.
1315 4000 1336 4034 ι

144 4095 164 4128 ι
207 4075 346 4132 Ἰδοὺ
395 4077 535 4149 ἀνὴρ
562 4072 727 4149 ἦλθεν
760 4080 826 4132 ἐκ
863 4078 962 4149 τῆς
1002 4076 1361 4149 παρεμϐολῆς
1386 4072 1482 4128 τοῦ
1518 4072 1649 4127 λαοῦ

66 4166 161 4218 τοῦ
196 4166 346 4239 μετὰ
383 4168 577 4233 Σαοὺλ,
612 4168 708 4223 καὶ
746 4168 814 4224 τὰ
844 4169 1036 4240 ἱμάτια
1067 4167 1236 4223 αὑτοῦ
1277 4167 1645 4239 διερρωγότα,

64 4257 160 4308 καὶ
184 4258 261 4328 γῆ
302 4256 397 4310 ἐπὶ
444 4258 543 4329 τῆς
579 4259 825 4330 κεφαλῆς
871 4258 1061 4316 αὑτοῦ.
1105 4259 1353 4328 Ἐγένετο
1398 4257 1536 4312 δὲέν
1568 4256 1649 4328 τῷ

64 4347 341 4402 εἰσελθεῖν
381 4349 543 4403 αὐτὸν
583 4350 721 4422 πρὸς
770 4351 963 4417 Δαϐὶδ,
997 4350 1197 4406 ἔπεσεν
1228 4351 1321 4405 ἐπὶ
1347 4349 1647 4422 πρόσωπον

62 4438 237 4492 αὑτοῦ
272 4438 367 4491 ἐπὶ
404 4439 503 4510 τὴν
533 4441 659 4512 γῆν,
708 4444 802 4496 καὶ
843 4443 1250 4513 προσεκύνησεν
1303 4440 1487 4496 αὐτόν.
1534 4441 1648 4495 Kal.

1767 601 1952 657 minus
2008 600 2323 657 retribuens
2362 609 2449 657 est
2481 600 2668 663 nobis,
2714 607 2769 654 et
2802 598 3115 668 septuplum
3156 598 3347 652 reddet

1769 690 1885 746 libi.
1932 710 1950 741 ι

1838 784 2033 839 Each.
2073 801 2196 851 ην,
2228 786 2281 839 4.
2302 815 2371 824 -
2406 803 2425 836 ι
2464 782 2544 837 Ex
2578 784 2834 838 omnibus
2867 780 3128 838 primitiis
3150 784 3346 838 vestris

1768 877 1988 934 dabitur
2015 878 2428 934 sacerdotibus.
2467 896 2485 928 ι

2222 989 2494 1044 Nazianz.
2531 988 2766 1044 Tetrast.
2800 989 2831 1043 7

1987 1083 2195 1159 Yirtute
2230 1087 2435 1159 nullum
2465 1090 2668 1159 gratius
2708 1089 2901 1142 donum
2935 1099 3012 1143 est
3056 1088 3162 1141 Deo

1977 1156 2203 1229 Quidvis
2233 1157 2352 1211 licet
2380 1156 2491 1220 des,
2515 1161 2592 1212 nil
2612 1169 2790 1214 tamen
2822 1162 3040 1229 dignum
3073 1160 3233 1227 feres,

1987 1226 2101 1299 [ioc
2125 1228 2258 1295 offer
2277 1244 2398 1298 ergo
2416 1230 2555 1297 quod
2576 1243 2729 1295 queat
2753 1226 2950 1299 pauper
2980 1226 3127 1283 dare.

1978 1294 2275 1352 Meretricis
2308 1294 2481 1354 h'orr'et
2523 1294 2687 1369 purus
2721 1294 2810 1354 ille
2833 1294 3135 1369 prafmium.

2025 1434 2160 1491 ΤΙΤ.
2191 1437 2434 1495 XXXIII.
2466 1471 2537 1481 —
2568 1440 2645 1495 De
2679 1440 2811 1494 bona
2840 1440 3047 1497 nuntio.

1837 1551 1996 1607 Prov.
2025 1553 2265 1617 “v.25.
2299 1582 2368 1593 --
2400 1572 2420 1619 ι
2455 1553 2608 1610 Sicut
2632 1569 2777 1624 aqua
2812 1554 3011 1624 frigida
3046 1556 3242 1608 anima:
3268 1553 3340 1608 si-

1763 1644 1919 1699 tienti
1940 1645 2187 1714 jucunda
2224 1652 2335 1709 est,
2372 1645 2449 1701 ita
2478 1647 2706 1701 nuntius
2733 1646 2914 1701 bonus
2940 1645 3009 1700 de
3054 1655 3201 1699 terra
3230 1647 3346 1700 lou-

1764 1752 1988 1807 gtuqna.
2025 1755 2044 1787 ι

1692 1861 1735 1916 Β
1838 1826 2056 1881 Nahum
2099 1845 2140 1893 ι,
2178 1828 2267 1884 15.
2308 1860 2378 1869 -
2425 1849 2443 1881 ι
2482 1828 2710 1885 Veloces
2755 1844 2882 1885 ecce
2921 1844 3088 1899 super
3127 1836 3342 1883 montes

1764 1917 1933 1987 pedes
1954 1918 2406 1989 cvangelizantis,
2439 1927 2495 1973 et
2527 1918 2913 1973 annuntiantis
2937 1932 3149 1985 pacem.
3188 1934 3205 1966 ι

1836 2005 1953 2062 Ιεα.
1990 2023 2087 2073 ιιι,
2114 2008 2165 2063 7.
2191 2020 2275 2049 -ί
2301 2026 2320 2061 ι
2360 2008 2533 2075 Quam
2563 2008 2777 2078 pulchri
2815 2006 2985 2076 pedes
3009 2021 3173 2074 super
3194 2020 3343 2060 mon-

1765 2106 1868 2159 tes.
1913 2097 2347 2169 evangelizantis
2400 2097 2652 2152 auditum
2698 2097 2873 2166 pacis,
2907 2096 3339 2165 evangelizantis

1762 2189 1909 2245 bona
1940 2192 1987 2245 lt

2030 2321 2160 2377 TIT.
2188 2322 2431 2377 XXXIV.
2456 2354 2527 2363 —
2557 2321 2634 2376 De
2663 2321 2805 2375 malo
2857 2320 3061 2374 nuntio.

1833 2431 1963 2488 Gen.
2016 2450 2229 2499 xxxvu,
2261 2426 2486 2488 31-34.
2534 2462 2605 2472 ——
2654 2429 3049 2501 «Accipieutes
3100 2428 3338 2483 tunicam

1758 2516 2403 2596 Joseplt,jugulaverunt
2440 2522 2657 2577 bardum
2705 2536 3023 2593 caprarum,
3050 2527 3103 2574 et
3121 2534 3340 2585 resper-

1760 2627 1950 2673 serunt
1973 2617 2219 2671 tunicam
2250 2614 2456 2685 Ioseph
2493 2613 2784 2683 sanguine,
2824 2622 2880 2667 et
2917 2610 3223 2666 attulerunt
3251 2624 3339 2678 pa-

1761 2711 1831 2763 tri
1873 2724 1994 2769 suo.
2024 2708 2274 2763 dicentes
2306 2724 2319 2760 :
2357 2704 2511 2760 lianc
2546 2705 2879 2759 invenimus.
2933 2700 3112 2757 Nosce
3162 2700 3207 2754 si
3256 2708 3338 2751 tu-

1760 2802 1880 2855 nica
1908 2801 1999 2855 lilii
2040 2801 2122 2855 tui
2158 2806 2263 2862 est,
2294 2813 2363 2852 an
2394 2812 2526 2854 non.
2581 2794 2648 2849 Et
2674 2794 2933 2866 cognovit
2965 2807 3107 2856 eam,
3134 2799 3189 2845 et
3216 2790 3333 2845 ait:

1760 2893 1975 2948 Tunica
2018 2891 2111 2946 lilii
2161 2890 2268 2945 mei
2315 2898 2420 2945 est.
2456 2887 2639 2943 Bestia
2682 2886 2824 2939 mala
2872 2882 3155 2937 devoravit
3187 2894 3333 2943 eum,

1761 2984 1936 3039 bestia
1987 2983 2130 3037 mala
2177 2981 2409 3051 diripuit
2456 2977 2679 3049 Josepb.
2732 2975 2911 3032 Scidit
2949 2981 3135 3028 autem
3167 2970 3336 3026 Jacoh

1759 3075 2084 3131 vestimenta
2131 3088 2253 3139 sua,
2291 3082 2346 3127 et
2385 3071 2653 3140 imposuit
2693 3068 2937 3122 cilicium
2981 3079 3148 3134 super
3196 3064 3332 3117 Ium-

1759 3166 1887 3221 bum
1941 3182 2099 3221 suum
2145 3176 2196 3221 ct
2230 3166 2444 3236 lugebat
2481 3162 2650 3217 lilium
2684 3175 2845 3216 suum
2888 3160 3005 3213 dies
3053 3157 3274 3210 multos.
3309 3172 3326 3206 ι

1826 3352 1851 3404 1
1894 3350 2021 3421 Reg.
2054 3366 2127 3416 tv,
2164 3350 2251 3412 l7,
2291 3347 2375 3402 l8.
2410 3378 2477 3390 —-
2526 3364 2545 3397 ι
2580 3343 2887 3414 Respondit
2910 3343 3016 3405 vir,
3051 3341 3142 3409 qui
3170 3352 3327 3393 venev

1752 3458 1838 3501 rat
1853 3446 1922 3501 de
1958 3445 2181 3512 castris,
2215 3452 2271 3499 et
2301 3443 2441 3498 dixit
2473 3440 2592 3496 lleli
2626 3458 2642 3496 :
2679 3440 2843 3511 Fugit
2874 3439 2958 3492 vir
3000 3435 3171 3491 Israel
3202 3449 3233 3487 a
3262 3432 3334 3486 la-

1751 3542 1836 3595 cie
1876 3540 2301 3611 Allopltylornm
2331 3580 2346 3604 ,
2396 3543 2451 3593 et
2491 3536 2648 3607 plaga
2696 3548 2892 3603 magna
2942 3529 3091 3585 facta
3136 3535 3222 3583 est
3270 3526 3326 3609 in

1752 3636 1974 3707 populo,
2006 3645 2060 3691 et
2089 3636 2251 3691 ambo
2286 3635 2381 3689 lilii
2414 3635 2495 3688 tui
2530 3632 2733 3688 mortui
2777 3637 2935 3695 sunt,
2965 3637 3021 3683 et
3057 3639 3187 3680 arca
3237 3612 3325 3678 De'

1751 3740 1912 3799 capta
1950 3738 2056 3784 est.
2104 3728 2172 3784 Et
2213 3729 2422 3783 factum
2462 3734 2547 3781 est
2579 3740 2707 3780 cum
2741 3726 3102 3777 memorasset
3148 3730 3327 3772 arcam

1752 3822 1867 3889 Dei,
1899 3818 2102 3878 cecidit
2146 3823 2212 3877 de
2268 3822 2402 3877 sella
2449 3828 2755 3874 retrorsum
2806 3817 2959 3886 juxta
2994 3813 3244 3882 januam,
3274 3817 3323 3863 et

1750 3910 1940 3967 cervix
1976 3909 2103 3981 ejus
2133 3909 2414 3966 confracta
2438 3919 2542 3977 est,
2577 3918 2631 3964 et
2656 3916 2907 3962 mortuus
2942 3909 3048 3959 est.
3094 3920 3113 3953 ι

1821 4094 1881 4150 II
1910 4093 2034 4166 Reg.
2080 4112 2121 4159 ι,
2166 4093 2316 4149 242.
2360 4125 2429 4136 —
2470 4110 2487 4144 ι
2519 4093 2655 4148 Ecce
2697 4092 2782 4145 vir
2824 4088 2976 4144 venit
3020 4086 3089 4143 de
3123 4084 3318 4140 castri.

1748 4188 1938 4261 populi
1984 4187 2077 4257 qui
2131 4196 2249 4242 erat
2293 4201 2415 4240 cum
2454 4183 2606 4249 Saul,
2653 4181 2818 4254 374
2866 4179 3101 4249 ejusque
3145 4182 3325 4230 vestes

1749 4280 1962 4342 scissm,
2005 4286 2059 4332 et
2109 4285 2254 4332 terra
2291 4291 2460 4347 super
2491 4283 2656 4345 caput
2697 4274 2840 4342 ejus.
2894 4270 2960 4323 Et
3007 4270 3210 4323 factum
3242 4273 3325 4323 esi.

1749 4384 1873 4425 cum
1907 4368 2294 4440 ingrederetur
2325 4368 2391 4421 ad
2420 4364 2613 4430 David,
2644 4363 2844 4419 cecidit
2864 4362 2917 4416 in
2946 4359 3141 4414 faciem
3167 4370 3318 4412 suam

1750 4476 1915 4530 super
1953 4470 2183 4524 terram,
2219 4466 2275 4512 et
2318 4457 2573 4512 adoravit
2600 4472 2750 4510 eum.
2800 4453 2867 4508 Et
2911 4452 3051 4507 dixit
3090 4448 3155 4503 ad
3197 4461 3317 4502 eum

61 4527 190 4584 εἷπε
225 4531 369 4602 πρὸς
394 4532 559 4586 αὐτὸν
589 4533 754 4587 Δαϐίδ
774 4551 787 4564 ·
841 4534 1012 4589 Πόθεν
1039 4535 1384 4604 παρεγένου;
1427 4534 1540 4587 Kal
1568 4528 1645 4587 εῖ-

1765 4527 1962 4607 Da—vid:
1993 4550 2153 4607 Unde
2175 4550 2417 4615 venisti?
2465 4548 2533 4602 Et
2558 4548 2637 4603 ait
2681 4565 2694 4600 :
2750 4546 2829 4601 Ex
2888 4546 3086 4602 castris
3152 4540 3318 4597 Israel

61 4641 203 4676 πεν*
242 4624 344 4679 Ἐκ
393 4625 494 4695 τῆς
528 4626 883 4697 παρεμϐολῆς
934 4626 1151 4699 Ἰσραὴλ
1196 4627 1497 4696 σέσωσμαι.
1530 4624 1644 4679 Kal.

61 4712 185 4769 εἷπε
210 4715 381 4769 Δαϐὶδ
408 4718 545 4788 πρὸς
570 4716 763 4771 αὐτόν’
791 4718 889 4782 Τίς
914 4719 943 4771 6
972 4718 1128 4786 λόγος
1156 4712 1344 4782 οῦτος;
1373 4717 1645 4785 ἀπάγγει-

60 4808 154 4860 λόν
196 4825 316 4879 μοι.
351 4808 462 4861 Kal.
510 4805 661 4863 εἷπε*
701 4808 898 4878 Φεύγει
923 4811 951 4863 6
1005 4809 1134 4873 λαὸς
1161 4811 1226 4863 ἐκ
1272 4808 1367 4863 τοῦ
1402 4808 1639 4879 πολέμου

58 4903 163 4971 τῆς
197 4901 578 4973 παρεμϐολῆς,
635 4904 729 4955 καὶ
758 4903 960 4955 ἔπεσαν
1013 4902 1202 4955 πολλοὶ
1245 4903 1311 4956 ἐκ
1338 4902 1433 4955 τοῦ
1485 4901 1639 4967 λαοῦ,

59 4996 158 5047 καὶ
194 4994 377 5048 Σαοὺλ
394 4996 487 5048 καὶ
523 4995 775 5050 Ἰωνάθαν
803 4998 832 5049 6
852 4998 966 5060 υίὸς
994 4995 1161 5049 αὑτοῦ
1190 4995 1506 5066 τεθνήκασι.
1531 4996 1641 5048 Kal.

58 5088 378 5158 ἐκράτησεν
401 5089 430 5141 6
452 5088 615 5143 Aa6l6
643 5089 751 5142 τῶν
772 5090 1003 5159 ἱματίων
1024 5086 1212 5155 αὐτοῦ,
1245 5087 1340 5141 καὶ
1359 5086 1641 5158 διέρρηξεν

59 5179 238 5245 αὐτὰ,
275 5180 370 5233 καὶ
402 5181 604 5246 πάντες
628 5181 678 5236 οἱ
707 5182 897 5253 ἄνδρες
918 5184 965 5236 οἱ
1002 5180 1121 5251 μετ’
1152 5179 1341 5235 αὐτοῦ.
1379 5179 1493 5233 Kal.
1520 5178 1642 5233 ἐκό-

58 5276 267 5343 ζιαντο,
299 5274 394 5328 καὶ
415 5273 707 5342 ἔκλαυσαν,
728 5275 824 5329 καὶ
852 5277 1183 5348 ἐνήστευσαν
1215 5275 1317 5338 ἕως
1348 5273 1528 5344 δείλης
1547 5272 1639 5326 ἐπὶ

59 5367 251 5420 Σαοὺλ
298 5367 396 5421 καὶ
428 5368 684 5422 Ἰωνάθαν
721 5367 814 5422 τὸν
858 5369 971 5423 υἱὸν
1012 5368 1201 5435 αὐτοῦ,
1255 5369 1350 5422 καὶ
1384 5368 1476 5422 τὸν
1513 5367 1639 5420 λαὸν

64 5459 280 5523 Ἰούδα,
323 5460 418 5514 καὶ
470 5459 563 5514 τὸν
595 5456 744 5515 οἷκον
791 5461 1028 5532 Ἰσραὴλ,
1082 5462 1164 5516 ὅτι
1221 5462 1539 5533 ἐπλήγησαν
1580 5463 1639 5515 ἐν

55 5550 345 5622 ῥομφαίᾳ.
386 5570 404 5603 ι

136 5661 161 5696 ‹
204 5637 348 5696 Eine
386 5645 560 5699 Χουσὶ
581 5645 659 5716 τῷ
692 5646 935 5717 βασιλεῖ’
984 5648 1311 5718 Εὐαγγέλια,
1344 5650 1500 5721 κύριέ
1534 5668 1639 5720 μου

50 5732 447 5803 βασιλεῦ.Καὶ
468 5732 620 5791 εἶπεν
644 5738 673 5790 6
695 5736 947 5807 βασιλεὺς
976 5739 1306 5811 πρδςρίουσί
1322 5757 1336 5773 ο
1362 5742 1421 5793 Ei
1448 5741 1636 5811 εἰρήνη

49 5826 139 5895 τῷ
184 5826 470 5899 παιδαρίῳ
501 5829 577 5901 τῷ
625 5829 978 5901 Ἀϐεσαλώμς
1022 5832 1131 5885 Kal.
1177 5830 1331 5887 εἶπεν
1372 5836 1398 5887 ὁ
1431 5834 1629 5887 Χουσί’

1747 4648 1994 4701 salvatus
2020 4660 2165 4700 sum.
2189 4640 2426 4697 Et‘dixit
2452 4642 2621 4695 David
2642 4641 2708 4695 ad
2744 4655 2870 4693 eum
2900 4658 2913 4693 :
2946 4637 3079 4704 Quis
3116 4644 3199 4691 est
3233 4635 3313 4689 hic

1745 4738 1967 4794 sermo?
1994 4735 2187 4791 nuntia
2217 4733 2468 4803 milii.jEt
2496 4733 2573 4786 ait
2598 4751 2610 4785 :
2636 4730 2797 4801 Fugit
2826 4728 3062 4800 pupulus
3090 4741 3154 4782 ex
3179 4739 3309 4795 pra:-

1745 4830 1818 4883 lio
1866 4836 2198 4888 castrorum,
2254 4833 2308 4879 et
2355 4824 2671 4879 ceciderunt
2720 4821 2877 4875 multi
2906 4820 2978 4875 de
3014 4817 3235 4889 populo,
3264 4826 3310 4870 et

1747 4918 1898 4981 Saul,
1938 4926 1993 4973 et
2028 4916 2307 4972 Jonatlian
2360 4915 2506 4969 ﬁlius
2533 4914 2656 4985 ejus
2700 4913 2901 4969 mortui
2943 4922 3093 4967 sunt.
3134 4907 3199 4961 Et
3224 4923 3307 4976 ap-

1741 5010 2031 5082 prehendit
2064 5010 2232 5064 David
2267 5011 2601 5067 vestimenta
2647 5023 2770 5075 sua,
2804 5016 2859 5063 et
2892 5005 3076 5068 scidit,
3109 5013 3163 5057 et
3196 5016 3303 5055 om-

1742 5119 1843 5159 nes
1874 5103 1981 5159 viri
2007 5102 2105 5173 qui
2142 5117 2269 5158 cum
2315 5116 2384 5158 eo
2410 5107 2591 5156 erant.
2635 5097 2702 5153 Et
2742 5098 3108 5168 planxerunt,
3157 5091 3306 5146 ﬂeve-

1741 5205 2001 5266 runtque,
2048 5203 2102 5251 et
2146 5195 2539 5265 jejunaverunt
2573 5206 2751 5260 usque
2796 5188 2866 5243 ad
2899 5200 3185 5257 vesperam
3220 5200 3311 5239 su.

1741 5305 1838 5361 per
1886 5289 2017 5345 Saul
2067 5296 2123 5344 et
2164 5287 2441 5344 Jonathan
2501 5289 2672 5343 lilium
2726 5287 2867 5357 ejus,
2935 5295 2990 5341 et
3045 5285 3309 5357 populum

1739 5380 1899 5447 Juda,
1950 5390 2004 5437 et
2048 5381 2273 5437 domum
2327 5380 2519 5448 Israel,
2562 5396 2628 5437 eo
2673 5378 2822 5451 quod
2872 5381 3216 5437 corruissent
3253 5397 3310 5436 tn

1741 5472 1944 5543 gladio.
1974 5492 1994 5527 ι

1817 5648 1880 5705 ll
1910 5648 2037 5718 Reg.
2067 5666 2223 5715 xvm,
2248 5651 2441 5707 51—35.
2476 5682 2546 5693 —-
2592 5670 2613 5704 ι
2646 5650 2711 5707 Et
2742 5652 2881 5707 dixit
2914 5651 3086 5707 Clausi
3115 5650 3181 5705 ad
3215 5666 3301 5704 re-

1740 5755 1859 5811 gem
1894 5756 1908 5792 :
1940 5739 2089 5794 Bona
2119 5742 2337 5805 nuntia,
2370 5741 2591 5796 domine
2620 5742 2695 5796 mi
2719 5757 2839 5796 rex.
2861 5739 2928 5795 Et
2954 5740 3093 5796 dixit
3116 5755 3209 5794 rex
3235 5740 3301 5792 ad

1742 5832 1912 5889 Chusi
1946 5829 2251 5902 :Nunquid
2278 5840 2361 5889 cst
2391 5848 2495 5904 pax
2534 5848 2703 5904 puero
2740 5833 3074 5891 Abcsalom?
3123 5832 3190 5887 Et
3224 5832 3299 5884 ait
