3910 6416
111 457 233 521 1245

107 638 360 728 βαδίζετε,
383 652 465 705 ὃτι
496 647 742 721 ῥομφαία
765 645 874 700 τῶν
904 643 1114 715 ἐχθρῶν
1145 639 1402 710 παροικεῖ
1431 633 1646 689 κύκλω-

105 750 208 802 Θεν.
241 764 261 796 ι

173 855 192 889 ι
231 833 460 904 ’Δγαθδν
489 830 664 901 ἀνδρὶ,
699 831 828 882 ὅταν
865 828 974 900 ἄρῃ
1006 824 1097 878 τὸν
1131 819 1296 888 ζυγὸν
1323 819 1382 870 ὲν
1415 814 1647 882 νεότητι..

103 899 418 995 Καθήμενος
459 899 793 991 καταμόνας,
845 899 1344 983 καὶνσιωπὴσεται,
1391 905 1474 958 ὅτι
1517 899 1654 975 ἦρεν

104 1019 181 1086 ἐφ’
207 1015 406 1085 ἑαυτῷ.
434 1032 455 1066 ι

173 1124 192 1158 ι
217 1082 572 1175 Ἀναστρξψει
598 1097 821 1164 Ἰακὼϐ,
843 1096 939 1151 καὶ
967 1092 1253 1166 ἡσυχάσει,
1288 1089 1381 1142 καὶ
1416 1082 1654 1139 ὑπνώσει

102 1199 176 1259 είς
200 1196 261 1249 τὸ
291 1196 554 1266 σωτήριον
582 1190 812 1263 Κυρίου,
835 1189 932 1243 καὶ
954 1188 1056 1241 οὐκ
1077 1185 1229 1238 ἔσται
1249 1183 1278 1234 ὁ
1305 1175 1656 1250 παρενοχλῶν

103 1287 279 1340 αὐτόν.
318 1305 339 1339 ι

174 1394 191 1426 ι
229 1375 451 1447 Μάρθα,
484 1373 706 1445 Μάρθα,
738 1370 1030 1443 μεριμνᾷς,
1066 1367 1162 1422 καὶ
1199 1361 1498 1434 τυρϐάζεις
1525 1357 1658 1429 περὶ

101 1467 286 1524 πολλά,
332 1485 352 1518 ι

171 1576 188 1608 ι
222 1555 661 1627 Παρακαλοῦμεν
697 1556 861 1626 ὑμᾶς,
919 1550 1136 1620 ἀδελφοί
1177 1568 1301 1620 μου,
1335 1544 1655 1618 ἡσυχάζειν,

102 1649 187 1698 καὶ
220 1647 489 1717 πράσσειν
532 1644 601 1700 τά
638 1644 768 1707 ῐδια,
821 1643 916 1697 καί⁵
947 1639 1275 1711 ἐργάζεσθαι
1309 1638 1428 1699 ταῖς
1464 1632 1654 1704 χερσὶν

103 1754 273 1804 υμων.
311 1757 330 1789 ι

167 1826 240 1879 Τὸ
279 1824 682 1896 ἀπεσχισμένον
736 1823 828 1875 καὶ
869 1820 1091 1884 ἰδιάζον,
1139 1816 1236 1870 τοῦ
1302 1811 1653 1875 κοινωνικοῦ,

101 1917 187 1969 καὶ
223 1917 506 1988 ἡνωμένου
533 1917 645 1979 τοῖς
675 1913 888 1975 πολλοῖς
915 1908 1346 1982 πρατιμώτερον.

181 2114 387 2184 Δφάτῳ
425 2112 604 2166 τοίνυν
645 2111 872 2177 δυνάμει
920 2106 1377 2179 φαντασιούμενοι
1409 2104 1498 2157 τὸν
1535 2103 1662 2155 νοῦν

101 2207 145 2256 οἱ
173 2205 582 2274 ἀπερίσπαστον
621 2203 784 2256 αὐτὸν
816 2201 912 2255 καὶ
933 2199 1173 2268 καθαρὸν
1217 2199 1450 2268 ἔχοντες,
1498 2193 1663 2246 οἱονεὶ

104 2294 416 2366 ἡνιοχοῦντα
447 2295 643 2356 αὐτοὺς
685 2293 869 2363 ἔχουσι
917 2291 1008 2345 τὸν
1052 2290 1209 2359 λόγον
1260 2288 1356 2342 τοῦ
1406 2285 1562 2340 Θεοῦ.
1594 2315 1661 2326 —-

107 2391 365 2460 Ἡσυχία,
406 2388 730 2458 καθάρσεως
756 2388 898 2458 ἀρχὴ
944 2388 1011 2456 τῇ
1040 2383 1207 2455 ψυχῇ,
1251 2384 1344 2437 καὶ
1377 2382 1563 2448 ὥσπερ
1593 2379 1661 2432 τὰ

101 2482 261 2554 θηρία
305 2480 749 2549 εὐκαταγώνιστά
809 2480 924 2530 ἐστι
980 2474 1433 2546 καταψηχθέντα,
1489 2470 1662 2533 οὕτως

100 2573 406 2645 ἱπιθυμίαι,
433 2575 526 2626 καὶ
554 2572 740 2644 ὀργαὶ,
767 2571 861 2624 καὶ
881 2569 1071 2634 λύπαι,
1091 2569 1186 2622 καὶ
1209 2565 1361 2636 φόϐοι
1383 2564 1452 2616 τὰ
1481 2561 1662 2616 ίοϐόλα

101 2667 192 2736 τῆς
225 2667 413 2737 ψυχῆς
446 2666 613 2731 κακὰ,
663 2662 1102 2718 κατευνασθέντα
1137 2660 1226 2713 διὰ
1277 2659 1377 2728 τῆς
1407 2656 1658 2726 ἡσυχίας,

99 2762 189 2813 καὶ
214 2766 295 2832 μὴ
317 2759 711 2831 ὰγριαινόμενα
742 2756 821 2827 τῷ
845 2757 1062 2826 συνεχεῖ
1099 2750 1395 2825 ἐρεθισμῷ,
1426 2749 1657 2802 εὐκαταο

103 2853 471 2923 γωνιστότερα
504 2855 570 2922 τῇ
604 2851 831 2920 δυνάμει
858 2848 953 2902 τοῦ
992 2848 1151 2916 λόγου
1183 2845 1413 2914 γίνεται.
1435 2871 1507 2881 -
1534 2839 1662 2892 Ἐπὶ

95 2945 183 2996 τὸν
215 2945 427 3013 κόσμον
454 2941 530 3013 μὴ
572 2941 941 3011 διαχεόμενος,
975 2939 1221 2992 ἐπάνεισι
1252 2935 1348 3004 μὲν
1378 2933 1512 3003 πρὸς
1537 2931 1664 2983 ἐαυ-

96 3035 206 3097 τὸν,
240 3035 317 3088 δι’
346 3031 538 3087 ἑαυτοῦ
568 3032 625 3086 δὲ
663 3031 800 3102 πρὸς
829 3030 928 3097 τὴν
951 3029 1080 3100 περὶ
1119 3025 1254 3079 Θεοῦ
1290 3025 1497 3078 ἔννοιαν
1533 3022 1664 3074 ἀνα-

95 3127 302 3190 ϐαίνει,
342 3127 476 3196 μήτε
499 3123 634 3195 πρὸς
654 3123 862 3194 τροφῆς
893 3119 1170 3191 φροντίδα,
1193 3118 1329 3188 μήτε
1346 3115 1483 3186 πρὸς
1511 3129 1666 3183 περι-

96 3219 335 3271 ϐολαίων
381 3218 651 3287 μέριμναν
698 3215 798 3284 τὴν
839 3213 1018 3282 ψυχὴν
1066 3209 1497 3278 καθελκόμενοςο
1530 3203 1664 3258 ἀλλὰ

96 3309 302 3380 σχολὴν
331 3307 437 3362 ἀπὸ
459 3307 567 3360 τῶν
594 3306 799 3376 γηΐνων
832 3303 1126 3374 φροντίδων
1160 3304 1331 3370 ἄγων,
1361 3300 1458 3370 τὴν
1485 3300 1665 3351 πᾶσαν

94 3400 300 3454 ἑαυτοῦ
333 3398 568 3471 σπουδὴν
590 3397 684 3452 ἐπὶ
702 3397 801 3468 τὴν
831 3395 1025 3465 κτῆσιν
1052 3394 1161 3448 τῶν
1191 3393 1424 3448 αἰωνίων
1447 3388 1667 3459 ἀγαθῶν

95 3493 458 3562 μετατίθησι.

162 3609 296 3679 Χρὴ
316 3623 370 3660 τι
393 3606 488 3660 καὶ
504 3602 824 3676 ἡσυχάζειν,
850 3601 989 3655 ὥστε
1013 3599 1295 3660 άθολώτως
1323 3595 1669 3666 προσομιλεῖν

92 3699 170 3768 τῷ
212 3698 364 3768 Θεῷ,
395 3697 490 3751 καὶ
528 3696 722 3768 μικρὸν
757 3693 1059 3758 ἀπανάγειν
1100 3689 1190 3742 τὸν
1239 3688 1363 3741 νοῦν
1413 3685 1522 3738 ἀπὸ
1562 3683 1671 3736 τῶν

92 3791 499 3860 πλανωμένων.

174 3993 248 4046 Ἦ
279 3989 600 4060 ἀπράγμων
635 3987 857 4056 ἡσυχία,
906 3987 1003 4056 τῆς
1049 3985 1106 4037 ὲν
1156 3983 1475 4052 πράγμασιν
1520 3994 1675 4048 περιρ

90 4083 344 4152 φανείας
381 4078 702 4150 τιμιωτέρα.

161 4176 317 4229 Τότε
365 4173 598 4244 μάλιστα
651 4169 950 4223 ἐπιτίθεται
1001 4170 1030 4221 ὁ
1078 4165 1355 4228 διάϐολος,
1418 4164 1546 4216 ὅταν
1593 4161 1678 4233 [an

92 4265 539 4335 μεμονωμένους
594 4264 776 4333 ἡμᾶς,
822 4261 917 4314 καὶ
958 4259 1082 4313 καθ’
1127 4258 1353 4319 ἑαυτοὺς
1399 4256 1577 4318 ὄντας.
1608 4283 1678 4296 --

100 4356 382 4427 Ἀρμὸζει
413 4354 492 4424 τῷ
518 4356 790 4424 ἐγκρατεῖ,
826 4353 919 4405 καὶ
945 4352 1070 4414 τοὺς
1097 4350 1286 4420 ὀχλους
1319 4348 1563 4416 φεύγειν,
1592 4347 1678 4400 ἵνα.

89 4450 190 4502 τὸν
229 4447 366 4501 νοῦν
399 4447 806 4516 ἀπερίσπαστον
836 4445 953 4515 ἔχῃ,
997 4444 1091 4495 καὶ
1139 4443 1234 4512 τὴν
1284 4441 1510 4512 καρδίαν
1544 4439 1677 4493 ἀτά-

90 4556 304 4609 ραχον.
333 4535 509 4606 Πολλὴ
535 4535 642 4605 γὰρ
678 4535 737 4586 ἐν
770 4535 882 4596 τοῖς
914 4532 1145 4601 ὄχλοιςὴ
1174 4531 1412 4600 ταραχή.

166 4716 382 4782 Μέγας
409 4710 671 4781 συνεργὸς
710 4708 848 4779 πρὸς
876 4706 1188 4775 τελειότητα
1238 4703 1346 4757 τῶν
1377 4702 1679 4774 ἀνθρώπων

87 4807 258 4859 ἐστὶν
289 4806 327 4873 ἡ
358 4802 722 4872 ἀναχώρησις.

165 4896 450 4966 Μεγάλην
481 4895 561 4958 εἰς
587 4893 788 4962 γνῶσιν
812 4891 985 4964 ῥοπὴν
1018 4891 1426 4960 ἀπερισπαστος
1455 4892 1684 4958 παρέχει

87 4990 467 5064 προαίρεσις.

170 5185 304 5239 ιιῃν
333 5180 552 5235 αμεινον
582 5165 676 5215 ἐπὶ
710 5161 956 5223 στιϐάδος
992 5161 1411 5232 κατακείμενον,
1440 5161 1530 5214 καὶ
1555 5159 1688 5232 θαῤ-

87 5264 255 5333 ῥεῖν,
289 5257 326 5327 ἢ
350 5254 714 5327 ταράττεσθαι
746 5254 957 5326 χρυσῆν
985 5252 1178 5323 ἔχοντα
1209 5252 1418 5323 κλίνην.

173 5434 326 5494 Bia;
375 5431 595 5502 ἡσύχιος
661 5428 961 5502 χρημάτων
1020 5429 1233 5483 πολλῶν
1293 5427 1685 5498 περιφανέστε-

88 5546 226 5602 ecc-

184 5619 264 5672 ὐ
309 5616 468 5686 σοφὸς
495 5613 754 5684 ἠρεμίαν,
781 5613 876 5667 καὶ
902 5615 1352 5684 ἀπραγμοσύνην,
1379 5613 1471 5667 καὶ
1495 5614 1686 5686 σχολὴν

83 5862 348 5921 tribuit,
381 5861 661 5926 Γοηγορίω
690 5859 928 5929 Νύσσης.

1359 436 1600 496 SACRA
1636 425 2094 491 PARALLELA.

176 587 192 616 ι
227 563 314 633 Μὴ
346 556 710 630 ὲκπορεύεσθε
734 557 812 618 εἰς
841 555 1032 625 ἀγρὸν,
1059 551 1154 603 καὶ
1181 551 1238 601 ὲν
1263 548 1380 608 ταῖς
1405 545 1546 606 ὁδοῖς
1581 541 1655 612 μὴ

1825 532 2022 586 Jerem.
2057 544 2133 592 vi,
2161 525 2251 579 25.

3186 398 3322 460 1246

2280 553 2348 562 —
2390 560 2404 571 .
2430 519 2617 574 ‘n‘olite
2650 527 2800 569 exire
2838 526 2892 563 in
2937 521 3154 577 agrum,
3183 515 3238 559 et
3269 507 3323 557 in

1749 623 1858 679 viis
1889 637 1957 676 ne
1985 616 2303 680 ambuletis,
2337 612 2467 684 quia
2514 607 2732 679 gladius
2760 600 3000 656 hostium
3031 597 3241 652 habitat
3269 596 3326 646 in

1748 712 2007 768 circuitu.
2052 727 2072 760 ι

1827 805 2022 859 Thren.
2057 815 2145 864 ιιι,
2191 796 2283 859 27,
2317 794 2411 849 28.
2444 819 2515 830 —
2562 807 2580 841 ι
2619 786 2830 840 Bonum
2891 787 2976 835 est
3022 779 3142 833 vim
3198 789 3324 830 cum

1752 892 2054 968 portaverit
2104 889 2296 958 iugum
2353 896 2514 936 suum
2563 879 2618 932 in
2673 870 3075 930 adolescentia.
3120 866 3328 920 Sedens

1755 960 2041 1042 solitarius
2076 990 2130 1037 et
2156 977 2382 1040 tacebit,
2410 975 2540 1044 quia
2577 967 2780 1024 levavit
2815 977 2983 1033 super
3011 960 3277 1023 seipsum.
3304 974 3322 1007 ι

1825 1075 2024 1130 Jerem.
2068 1087 2200 1136 xxx,
2227 1070 2280 1125 7.
2314 1099 2383 1108 —
2416 1084 2434 1117 ι
2473 1063 2798 1117 Revertetur
2832 1054 3037 1114 Jacob,
3085 1060 3138 1103 et
3175 1047 3329 1116 quies

1757 1179 1901 1231 seet,
1932 1176 1988 1222 et
2009 1164 2247 1220 dormiet
2271 1160 2327 1214 in
2357 1153 2588 1211 salutari
2617 1148 2859 1211 Domini,
2887 1154 2941 1225 et
2968 1159 3079 1198 non
3110 1140 3215 1195 erit
3235 1138 3328 1208 qui

1754 1262 2020 1316 molestus
2054 1258 2126 1312 sit
2161 1255 2234 1309 ei.
2275 1272 2292 1304 ι

1827 1353 1961 1407 Luc.
2001 1367 2057 1415 χ,
2095 1349 2182 1402 Μ.
2214 1377 2285 1388 ——
2307 1364 2324 1396 ι
2367 1340 2601 1401 Martha,
2634 1332 2868 1393 Martha,
2901 1327 3137 1384 sollicita
3165 1340 3245 1386 es,
3276 1327 3330 1375 et

1757 1446 2001 1500 turbaris
2039 1457 2165 1511 erga
2198 1438 2456 1509 plurima.
2489 1452 2507 1483 ι

1827 1538 1851 1590 1
1884 1537 2066 1590 Thess.
2101 1550 2175 1596 ιν,
2207 1531 2292 1584 Μ.
2326 1558 2396 1569 -
2430 1544 2448 1578 ι
2479 1525 2762 1591 Rogamus
2821 1531 2942 1577 vos,
3003 1513 3226 1569 fratres.
3271 1513 3333 1559 ut

1755 1629 1928 1700 quieti
1959 1628 2101 1688 sitis,
2129 1633 2183 1679 et
2220 1629 2280 1677 ut
2314 1619 2594 1689 negotium
2631 1620 2872 1666 vestrum
2903 1605 3099 1677 agatis,
3130 1611 3182 1657 et
3204 1614 3320 1668 ope-

1755 1719 1948 1775 remini
1979 1716 2236 1772 manibus
2267 1710 2484 1766 vestris.
2528 1725 2545 1756 ι

1828 1809 2041 1863 Basilii.
2070 1836 2139 1846 ——
2173 1803 2291 1857 Vita
2330 1796 2579 1855 solitaria
2607 1804 2659 1848 et
2691 1791 2925 1862 privata,
2955 1785 3004 1840 ei
3036 1797 3157 1852 quae
3187 1793 3335 1833 com-

1691 1884 1733 1938 Β
1761 1899 1944 1954 munis
1967 1907 2072 1961 est,
2101 1903 2154 1950 et
2177 1892 2440 1948 societate
2475 1885 2698 1958 gaudet,
2728 1896 2757 1933 a
2792 1878 3070 1949 plerisque
3107 1879 3334 1937 antepo-

1760 1992 1933 2044 nitur.

1833 2101 2109 2173 Ejusdem.
2145 2130 2214 2140 —
2236 2096 2318 2151 Illi
2349 2094 2518 2164 igitur
2539 2089 2632 2160 qui
2666 2087 2720 2142 vi
2745 2085 2978 2156 quadam
3023 2076 3334 2146 inexplica-

1760 2193 1856 2248 bili
1889 2200 2126 2246 mentem
2152 2203 2307 2244 suam
2341 2186 2723 2242 informantes,
2753 2176 2920 2231 nullis
2945 2187 3063 2226 eam
3101 2167 3336 2237 negotiis

1760 2282 2077 2337 distractam
2116 2286 2169 2333 et
2189 2290 2384 2346 puram
2412 2272 2635 2333 habent,
2661 2270 2733 2322 ita
2759 2260 3062 2334 comparati
3101 2264 3249 2316 sunt,
3277 2265 3336 2306 ut

1761 2375 1850 2429 Dei
1910 2388 2091 2427 sermo
2131 2372 2304 2423 instar
2361 2365 2643 2436 quadriga:
2723 2361 2875 2429 ipsos
2953 2351 3331 2407 morderetur.

1757 2462 2083 2519 —Solitudo
2103 2469 2155 2517 et
2173 2461 2328 2530 quies
2347 2456 2639 2526 puritatem
2661 2451 2853 2504 anima:
2870 2445 3112 2501 inchoat.
3132 2441 3340 2506 Quem—

1763 2556 2057 2612 admodum
2093 2554 2242 2608 enim
2295 2550 2425 2604 ferte
2458 2545 2657 2601 blanda
2693 2536 3134 2596 contrectatione
3183 2533 3336 2585 cicu-

1760 2659 1987 2714 rantur;
2018 2648 2098 2704 sic
2127 2646 2290 2700 etiam
2320 2639 2677 2710 cupiditates,
2707 2635 2821 2694 ira),
2849 2642 3137 2690 maerores,
3172 2625 3337 2677 timo-

1760 2758 1881 2808 res,
1933 2739 2192 2811 pestifera
2255 2732 2422 2789 animi
2479 2730 2643 2791 mala,
2686 2723 2986 2781 solitudine
3025 2714 3335 2785 consopita,

1760 2849 1864 2890 nec
1897 2830 2142 2887 assiduis
2192 2822 2554 2882 irritamentis
2603 2818 2850 2878 efferata,
2898 2811 3120 2866 facilius
3149 2817 3338 2876 postea

1762 2928 1815 2983 vi
1844 2925 2077 2980 rationis
2117 2929 2467 2990 superantur.
2500 2945 2570 2953 -—
2595 2911 2696 2979 Qui
2721 2910 2776 2964 in
2818 2904 3082 2960 mundum
3111 2899 3341 2954 minime

1763 3017 1970 3074 effusus
2000 3025 2106 3074 est.
2146 3013 2202 3067 in
2237 3026 2297 3066 se
2332 3008 2550 3078 quidem
2583 3003 2745 3066 redit,
2771 3015 2864 3070 per
2899 3012 2957 3051 se
2989 3008 3120 3048 vero
3151 3005 3341 3045 assur—

1765 3109 1863 3181 git,
1895 3117 1954 3162 ut
1985 3107 2153 3161 Deum
2186 3101 2414 3170 cogitet.
2445 3097 2700 3165 Tumque
2738 3106 2837 3145 nec
2871 3087 2938 3142 ad
2971 3086 3079 3142 cibi
3122 3096 3338 3142 curam,

1769 3215 1871 3254 nec
1906 3205 1964 3252 ut
1987 3196 2054 3250 de
2089 3190 2430 3252 vestimentis
2459 3185 2732 3242 sollicitus
2763 3183 2856 3244 sit,
2894 3177 3139 3232 animum
3170 3181 3344 3227 retor-

1769 3298 1929 3361 quet;
1958 3288 2050 3343 sed
2082 3287 2150 3340 ab
2177 3284 2436 3340 omnibus
2468 3277 2703 3334 terrenis
2739 3274 2891 3329 curis
2921 3271 3171 3329 feriatus,
3217 3276 3342 3320 stu-

1768 3381 1917 3435 dium
1940 3394 2102 3433 omne
2132 3391 2290 3431 suum
2316 3374 2384 3428 ad
2418 3381 2752 3426 aeternorum
2785 3365 3055 3418 bonorum
3092 3356 3345 3426 adeptio-

1770 3490 1892 3530 nem
1929 3469 2214 3526 transfert.

1843 3585 1902 3640 S.
1931 3583 2088 3653 Greg.
2111 3579 2381 3632 Nazianz.
2418 3573 2574 3629 Orat.
2606 3570 2669 3624 de
2689 3569 2877 3636 seipso.
2897 3592 2964 3602 —-
2984 3559 3343 3617 Solitudinem

1771 3647 2315 3734 nonnihilvamplecti
2359 3665 2614 3728 oportet,
2663 3663 2721 3706 ut
2756 3652 2940 3704 animo
2973 3647 3196 3700 minime
3231 3651 3344 3695 tur-

1772 3763 1901 3819 bido
1933 3759 2102 3814 Deum
2152 3755 2500 3822 alloquamur
2575 3754 2630 3801 et
2667 3749 2904 3798 mentem
2937 3753 2967 3792 a
2991 3737 3154 3792 rebus
3193 3734 3346 3803 vagis

1774 3853 2120 3907 reducamus.

1849 3978 2043 4034 ujusa.
2071 3960 2222 4029 epist.
2277 3955 2343 4010 76
2370 3963 2492 4006 '.—
2525 3945 2771 4004 Solitudo
2810 3959 2842 3997 a
2879 3939 3115 4010 negotiis
3151 3935 3346 3998 libera,

1778 4056 2070 4129 splendore
2101 4067 2226 4108 cum
2262 4046 2499 4119 negotiis
2532 4041 2830 4110 coniuncto
2856 4031 3210 4107 praestantior
3239 4037 3346 4084 est.

1848 4150 2125 4218 Chrysost.
2161 4141 2322 4196 Hom.
2368 4139 2434 4193 M
2486 4139 2541 4190 in
2595 4131 2788 4187 Matth.
2823 4160 2891 4170 -—-
2922 4125 3063 4180 Tum
3115 4121 3347 4176 maxime

1777 4240 2032 4296 diabolus
2069 4233 2298 4304 ingruit,
2321 4244 2444 4284 cum
2478 4241 2581 4281 nos
2612 4224 2762 4278 solos
2785 4262 2800 4287 ,
2833 4227 2886 4273 et
2915 4215 3090 4272 nostri
3125 4227 3336 4281 compa.

1778 4341 1862 4386 tes
1891 4329 2060 4384 videt.
2087 4357 2158 4368 -——
2183 4324 2244 4377 Ei
2276 4322 2369 4392 qui
2410 4316 2769 4374 continentia:
2822 4310 3027 4373 studet,
3070 4305 3349 4366 convenit,

1778 4433 1839 4478 ut
1864 4431 1918 4477 et
1955 4420 2149 4473 turbas
2186 4427 2406 4485 quoque
2451 4410 2643 4479 fugiat,
2684 4414 2746 4459 ut
2791 4411 3028 4457 mentem
3089 4412 3118 4450 a
3149 4397 3324 4451 distra

1780 4514 1963 4567 ctione
1994 4482 2248 4566 liberam,
2277 4482 2334 4557 et
2357 4516 2453 4555 cur
2489 4493 2944 4567 imperturbatum
2988 4487 3210 4541 habeat.
3242 4482 3346 4536 Ma-

1708 4603 1751 4658 Β
1780 4620 1888 4676 gna
1918 4603 2123 4673 quippe
2163 4595 2457 4653 commotio
2479 4600 2557 4647 est
2585 4591 2729 4642 inter
2755 4585 2948 4638 turbas
2978 4580 3282 4635 hominum.

1852 4668 2037 4760 Serapi
2062 4668 2230 4743 L—Ad
2260 4683 2655 4757 perfectionem
2700 4673 3115 4745 adipiscendam
3148 4668 3349 4738 ingenti

1782 4785 2028 4846 subsidio
2055 4794 2308 4837 secessus
2343 4781 2448 4830 est.

1854 4878 2024 4935 Clem.
2051 4875 2143 4929 lib.
2179 4888 2217 4925 ιι
2243 4870 2442 4926 Strom.
2470 4892 2540 4905 —-
2570 4860 2651 4917 Ad
2680 4855 3126 4927 consequendam
3155 4855 3330 4909 doctri

1789 4987 1912 5026 nam
1942 4967 2240 5039 plurimum
2283 4957 2498 5016 confert
2539 4955 2758 5010 animus
2803 4965 2833 5003 a
2873 4948 3228 5004 distractione
3257 4946 3347 4997 im-

1788 5079 1992 5118 munis.

1862 5152 2100 5223 Evagrii.
2125 5179 2193 5191 —
2220 5144 2452 5200 Praastat
2498 5141 2552 5194 in
2587 5147 2770 5193 storea
2793 5129 3134 5202 ,‘recubando
3193 5126 3355 5180 vitam

1789 5262 1972 5319 agere,
2004 5258 2067 5297 ac
2099 5238 2290 5296 fidenti
2322 5250 2444 5290 esse
2467 5230 2673 5294 animo,
2715 5238 2878 5297 quam
2917 5222 2972 5276 in
3004 5221 3145 5274 lecto
3189 5232 3360 5271 aureo

1788 5336 2114 5410 perturbari.

1863 5429 2028 5500 376
2059 5424 2198 5479 Nili.
2230 5451 2299 5462 —
2323 5417 2448 5472 Vita
2485 5409 2730 5469 solitaria
2756 5417 2810 5463 et
2845 5405 3028 5475 quieta
3059 5401 3250 5457 multis
3277 5410 3356 5456 est

1793 5523 1993 5593 apibus
2016 5514 2354 5588 splendidior

1867 5612 2223 5667 Philonis.-—
2246 5605 2478 5676 Sapiens
2516 5594 2994 5666 tranquillitatem,
3029 5589 3263 5661 quietem
3306 5592 3355 5639 et

177 5792 210 5827 ί
249 5794 324 5843 ιιι
354 5788 491 5858 Rup.
522 5789 686 5858 hujus
709 5787 993 5860 sententia:
1023 5791 1305 5859 inscriptio
1339 5792 1454 5860 cst,f
1481 5790 1572 5843 τοῦ
1610 5788 1665 5843 αἰ

1790 5789 1885 5848 ,ἐκ
1916 5787 2013 5856 τῆς
2065 5784 2129 5853 ιβ’
2179 5782 2485 5851 ἐπιστολῆς.
2553 5773 2768 5830 Melissa
2815 5769 3068 5834 Creqorio
3118 5764 3359 5836 Nysam.
