  <div class='ocr_page' id='page_1' title='image "/cluster/home/n/w/nwhite01/storage/ocr_20150623/95/hvd.32044019208057/629.png"; bbox 0 0 3910 6412; ppageno 0'>
   <div class='ocr_carea' id='block_1_1' title="bbox 582 392 716 455">
    <p class='ocr_par' dir='ltr' id='par_1_1' title="bbox 582 392 716 455">
     <span class='ocr_line' id='line_1_1' title="bbox 582 392 716 455; baseline -0.03 0"><span class='ocrx_word' id='word_1_1' title='bbox 582 392 716 455; x_wconf 71' lang='grc'><strong>1247</strong></span> 
     </span>
    </p>
   </div>
   <div class='ocr_carea' id='block_1_2' title="bbox 1779 400 2651 504">
    <p class='ocr_par' dir='ltr' id='par_1_2' title="bbox 1779 400 2651 504">
     <span class='ocr_line' id='line_1_2' title="bbox 1779 400 2651 504; baseline 0.011 -46"><span class='ocrx_word' id='word_1_2' title='bbox 1779 401 1836 459; x_wconf 90' lang='lat' dir='ltr'><strong>S.</strong></span> <span class='ocrx_word' id='word_1_3' title='bbox 1869 400 2184 463; x_wconf 82' lang='lat' dir='ltr'><strong>JOANNIS</strong></span> <span class='ocrx_word' id='word_1_4' title='bbox 2226 405 2651 504; x_wconf 39' lang='lat' dir='ltr'><strong>DgMASCENI</strong></span> 
     </span>
    </p>
   </div>
   <div class='ocr_carea' id='block_1_3' title="bbox 3684 405 3788 469">
    <p class='ocr_par' dir='ltr' id='par_1_3' title="bbox 3684 405 3788 469">
     <span class='ocr_line' id='line_1_3' title="bbox 3684 405 3788 469; baseline 0.038 -4"><span class='ocrx_word' id='word_1_5' title='bbox 3684 405 3788 469; x_wconf 69' lang='lat'><strong>1223</strong></span> 
     </span>
    </p>
   </div>
   <div class='ocr_carea' id='block_1_4' title="bbox 575 502 2135 593">
    <p class='ocr_par' dir='ltr' id='par_1_4' title="bbox 575 502 2135 573">
     <span class='ocr_line' id='line_1_4' title="bbox 575 502 2135 573; baseline 0.006 -17"><span class='ocrx_word' id='word_1_6' title='bbox 575 502 751 556; x_wconf 88' lang='lat' dir='ltr'><strong>otium</strong></span> <span class='ocrx_word' id='word_1_7' title='bbox 806 502 1196 573; x_wconf 72' lang='lat' dir='ltr'><strong>persequitur;</strong></span> <span class='ocrx_word' id='word_1_8' title='bbox 1238 514 1299 559; x_wconf 93' lang='lat' dir='ltr'><strong>ut</strong></span> <span class='ocrx_word' id='word_1_9' title='bbox 1338 506 1540 563; x_wconf 79' lang='lat' dir='ltr'><strong>divinis</strong></span> <span class='ocrx_word' id='word_1_10' title='bbox 1591 510 2135 569; x_wconf 82' lang='lat' dir='ltr'><strong>commentationibu:</strong></span> 
     </span>
    </p>
   </div>
   <div class='ocr_carea' id='block_1_5' title="bbox 2244 502 3790 593">
    <p class='ocr_par' dir='ltr' id='par_1_5' title="bbox 2263 502 3790 593">
     <span class='ocr_line' id='line_1_5' title="bbox 2263 502 3790 593; baseline 0.005 -26"><span class='ocrx_word' id='word_1_11' title='bbox 2263 502 2610 587; x_wconf 61' lang='grc' dir='ltr'>εἶεταδιώκει,</span> <span class='ocrx_word' id='word_1_12' title='bbox 2666 521 2753 573; x_wconf 86' lang='grc' dir='ltr'><strong>ἵνα</strong></span> <span class='ocrx_word' id='word_1_13' title='bbox 2786 524 2897 589; x_wconf 87' lang='grc' dir='ltr'>τοῖς</span> <span class='ocrx_word' id='word_1_14' title='bbox 2935 524 3102 586; x_wconf 68' lang='lat' dir='ltr'><strong>liuet;</strong></span> <span class='ocrx_word' id='word_1_15' title='bbox 3129 536 3484 593; x_wconf 63' lang='grc' dir='ltr'>(θεωρήμασιν</span> <span class='ocrx_word' id='word_1_16' title='bbox 3538 526 3596 573; x_wconf 69' lang='grc' dir='ltr'><strong>ἐν</strong></span> <span class='ocrx_word' id='word_1_17' title='bbox 3634 522 3790 591; x_wconf 51' lang='lat' dir='ltr'><strong>ﬁcum</strong></span> 
     </span>
    </p>
   </div>
   <div class='ocr_carea' id='block_1_6' title="bbox 576 596 1457 667">
    <p class='ocr_par' dir='ltr' id='par_1_6' title="bbox 576 596 1457 667">
     <span class='ocr_line' id='line_1_6' title="bbox 576 596 1457 667; baseline 0.009 -20"><span class='ocrx_word' id='word_1_18' title='bbox 576 604 774 664; x_wconf 88' lang='lat' dir='ltr'><strong>pacato</strong></span> <span class='ocrx_word' id='word_1_19' title='bbox 807 596 993 650; x_wconf 88' lang='lat' dir='ltr'><strong>animo</strong></span> <span class='ocrx_word' id='word_1_20' title='bbox 1026 612 1225 652; x_wconf 84' lang='lat' dir='ltr'><strong>vacare</strong></span> <span class='ocrx_word' id='word_1_21' title='bbox 1259 601 1457 667; x_wconf 91' lang='lat' dir='ltr'><strong>possit.</strong></span> 
     </span>
    </p>
   </div>
   <div class='ocr_carea' id='block_1_7' title="bbox 574 726 2153 803">
    <p class='ocr_par' dir='ltr' id='par_1_7' title="bbox 574 726 2153 803">
     <span class='ocr_line' id='line_1_7' title="bbox 574 726 2153 803; baseline 0.008 -22"><span class='ocrx_word' id='word_1_22' title='bbox 574 726 710 782; x_wconf 88' lang='grc' dir='ltr'><strong>ΤΙΤ.</strong></span> <span class='ocrx_word' id='word_1_23' title='bbox 745 726 1134 803; x_wconf 53' lang='grc' dir='ltr'><strong>ΧΧΧὙΙΙΙςέ</strong></span> <span class='ocrx_word' id='word_1_24' title='bbox 1182 731 1256 785; x_wconf 89' lang='lat' dir='ltr'><strong>De</strong></span> <span class='ocrx_word' id='word_1_25' title='bbox 1286 735 1569 796; x_wconf 83' lang='lat' dir='ltr'><strong>sententia,</strong></span> <span class='ocrx_word' id='word_1_26' title='bbox 1608 744 1658 789; x_wconf 80' lang='lat' dir='ltr'><strong>et</strong></span> <span class='ocrx_word' id='word_1_27' title='bbox 1697 737 2153 803; x_wconf 80' lang='lat' dir='ltr'><strong>condemuatione,</strong></span> 
     </span>
    </p>
   </div>
   <div class='ocr_carea' id='block_1_8' title="bbox 648 800 2156 877">
    <p class='ocr_par' dir='ltr' id='par_1_8' title="bbox 648 800 2156 877">
     <span class='ocr_line' id='line_1_8' title="bbox 648 800 2156 877; baseline 0.009 -25"><span class='ocrx_word' id='word_1_28' title='bbox 648 808 700 852; x_wconf 84' lang='lat' dir='ltr'><strong>et</strong></span> <span class='ocrx_word' id='word_1_29' title='bbox 730 804 1007 853; x_wconf 78' lang='lat' dir='ltr'><strong>severitate</strong></span> <span class='ocrx_word' id='word_1_30' title='bbox 1038 800 1182 877; x_wconf 78' lang='lat' dir='ltr'><strong>Dei:</strong></span> <span class='ocrx_word' id='word_1_31' title='bbox 1227 811 1275 857; x_wconf 87' lang='lat' dir='ltr'><strong>et</strong></span> <span class='ocrx_word' id='word_1_32' title='bbox 1299 808 1436 871; x_wconf 86' lang='lat' dir='ltr'><strong>quod</strong></span> <span class='ocrx_word' id='word_1_33' title='bbox 1463 821 1553 858; x_wconf 79' lang='lat' dir='ltr'><strong>nec</strong></span> <span class='ocrx_word' id='word_1_34' title='bbox 1585 805 1731 859; x_wconf 85' lang='lat' dir='ltr'><strong>ultra</strong></span> <span class='ocrx_word' id='word_1_35' title='bbox 1759 824 1919 877; x_wconf 78' lang='lat' dir='ltr'><strong>quam</strong></span> <span class='ocrx_word' id='word_1_36' title='bbox 1951 811 2035 863; x_wconf 90' lang='lat' dir='ltr'><strong>ira</strong></span> <span class='ocrx_word' id='word_1_37' title='bbox 2060 800 2156 865; x_wconf 87' lang='lat' dir='ltr'><strong>Dei</strong></span> 
     </span>
    </p>
   </div>
   <div class='ocr_carea' id='block_1_9' title="bbox 651 868 2155 951">
    <p class='ocr_par' dir='ltr' id='par_1_9' title="bbox 651 868 2155 951">
     <span class='ocr_line' id='line_1_9' title="bbox 651 868 2155 951; baseline 0.01 -30"><span class='ocrx_word' id='word_1_38' title='bbox 651 868 812 938; x_wconf 74' lang='lat' dir='ltr'><strong>ferat,</strong></span> <span class='ocrx_word' id='word_1_39' title='bbox 861 872 1182 951; x_wconf 66' lang='lat' dir='ltr'><strong>vindicanda</strong></span> <span class='ocrx_word' id='word_1_40' title='bbox 1238 868 1456 951; x_wconf 58' lang='lat' dir='ltr'><strong>peccata</strong></span> <span class='ocrx_word' id='word_1_41' title='bbox 1491 876 1636 951; x_wconf 82' lang='lat' dir='ltr'><strong>_sint,</strong></span> <span class='ocrx_word' id='word_1_42' title='bbox 1678 868 1781 932; x_wconf 42' lang='lat' dir='ltr'><strong>nec.</strong></span> <span class='ocrx_word' id='word_1_43' title='bbox 1821 880 1968 934; x_wconf 82' lang='lat' dir='ltr'><strong>ultra</strong></span> <span class='ocrx_word' id='word_1_44' title='bbox 1995 898 2155 951; x_wconf 84' lang='lat' dir='ltr'><strong>quam</strong></span> 
     </span>
    </p>
   </div>
   <div class='ocr_carea' id='block_1_10' title="bbox 646 943 1868 1025">
    <p class='ocr_par' dir='ltr' id='par_1_10' title="bbox 646 943 1868 1025">
     <span class='ocr_line' id='line_1_10' title="bbox 646 943 1868 1025; baseline 0.011 -33"><span class='ocrx_word' id='word_1_45' title='bbox 646 943 976 1009; x_wconf 74' lang='lat' dir='ltr'><strong>prwceperit,</strong></span> <span class='ocrx_word' id='word_1_46' title='bbox 1010 943 1260 996; x_wconf 83' lang='lat' dir='ltr'><strong>utendum</strong></span> <span class='ocrx_word' id='word_1_47' title='bbox 1295 943 1633 1013; x_wconf 69' lang='lat' dir='ltr'><strong>benignitate.</strong></span> <span class='ocrx_word' id='word_1_48' title='bbox 1853 999 1868 1025; x_wconf 70' lang='grc'><strong><em>,</em></strong></span> 
     </span>
    </p>
   </div>
   <div class='ocr_carea' id='block_1_11' title="bbox 648 1049 2152 1123">
    <p class='ocr_par' dir='ltr' id='par_1_11' title="bbox 648 1049 2152 1123">
     <span class='ocr_line' id='line_1_11' title="bbox 648 1049 2152 1123; baseline 0.011 -18"><span class='ocrx_word' id='word_1_49' title='bbox 648 1050 681 1105; x_wconf 86' lang='grc' dir='ltr'><strong><em>Ι</em></strong></span> <span class='ocrx_word' id='word_1_50' title='bbox 717 1051 843 1123; x_wconf 82' lang='lat' dir='ltr'><strong>Reg.</strong></span> <span class='ocrx_word' id='word_1_51' title='bbox 865 1070 955 1119; x_wconf 90' lang='lat' dir='ltr'><strong>xv,</strong></span> <span class='ocrx_word' id='word_1_52' title='bbox 986 1049 1173 1123; x_wconf 55' lang='lat' dir='ltr'><strong>l&#39;7-l9,</strong></span> <span class='ocrx_word' id='word_1_53' title='bbox 1203 1058 1294 1112; x_wconf 75' lang='lat'><strong>2&#39;5.</strong></span> <span class='ocrx_word' id='word_1_54' title='bbox 1329 1088 1398 1098; x_wconf 89' lang='lat'><strong>-—-</strong></span> <span class='ocrx_word' id='word_1_55' title='bbox 1418 1078 1437 1111; x_wconf 76' lang='grc' dir='ltr'><strong>ι</strong></span> <span class='ocrx_word' id='word_1_56' title='bbox 1470 1060 1613 1114; x_wconf 87' lang='lat' dir='ltr'><strong>Dixit</strong></span> <span class='ocrx_word' id='word_1_57' title='bbox 1637 1054 1856 1119; x_wconf 84' lang='lat' dir='ltr'><strong>Samue.</strong></span> <span class='ocrx_word' id='word_1_58' title='bbox 1883 1056 1948 1119; x_wconf 87' lang='lat' dir='ltr'><strong>ad</strong></span> <span class='ocrx_word' id='word_1_59' title='bbox 1974 1064 2102 1121; x_wconf 87' lang='lat' dir='ltr'><strong>Saul</strong></span> <span class='ocrx_word' id='word_1_60' title='bbox 2137 1084 2152 1122; x_wconf 90' lang='lat'><strong>:</strong></span> 
     </span>
    </p>
   </div>
   <div class='ocr_carea' id='block_1_12' title="bbox 571 1140 2150 1226">
    <p class='ocr_par' dir='ltr' id='par_1_12' title="bbox 571 1140 2150 1226">
     <span class='ocr_line' id='line_1_12' title="bbox 571 1140 2150 1226; baseline 0.011 -29"><span class='ocrx_word' id='word_1_61' title='bbox 571 1140 765 1200; x_wconf 81' lang='lat' dir='ltr'><strong>Nonne</strong></span> <span class='ocrx_word' id='word_1_62' title='bbox 795 1161 1003 1215; x_wconf 86' lang='lat' dir='ltr'><strong>parvus</strong></span> <span class='ocrx_word' id='word_1_63' title='bbox 1038 1164 1227 1203; x_wconf 89' lang='lat' dir='ltr'><strong>coram</strong></span> <span class='ocrx_word' id='word_1_64' title='bbox 1281 1149 1513 1207; x_wconf 90' lang='lat' dir='ltr'><strong>Domino</strong></span> <span class='ocrx_word' id='word_1_65' title='bbox 1565 1152 1678 1207; x_wconf 86' lang='lat' dir='ltr'><strong>dux</strong></span> <span class='ocrx_word' id='word_1_66' title='bbox 1709 1159 1914 1225; x_wconf 77' lang='lat' dir='ltr'><strong>sceptri</strong></span> <span class='ocrx_word' id='word_1_67' title='bbox 1948 1158 2150 1226; x_wconf 90' lang='lat' dir='ltr'><strong>Israel;</strong></span> 
     </span>
    </p>
   </div>
   <div class='ocr_carea' id='block_1_13' title="bbox 572 1236 2153 1315">
    <p class='ocr_par' dir='ltr' id='par_1_13' title="bbox 572 1236 2153 1315">
     <span class='ocr_line' id='line_1_13' title="bbox 572 1236 2153 1315; baseline 0.011 -27"><span class='ocrx_word' id='word_1_68' title='bbox 572 1245 626 1289; x_wconf 90' lang='lat' dir='ltr'><strong>et</strong></span> <span class='ocrx_word' id='word_1_69' title='bbox 660 1236 818 1290; x_wconf 86' lang='lat' dir='ltr'><strong>unxit</strong></span> <span class='ocrx_word' id='word_1_70' title='bbox 872 1246 923 1292; x_wconf 91' lang='lat' dir='ltr'><strong>te</strong></span> <span class='ocrx_word' id='word_1_71' title='bbox 972 1238 1236 1295; x_wconf 84' lang='lat' dir='ltr'><strong>Dominus</strong></span> <span class='ocrx_word' id='word_1_72' title='bbox 1284 1242 1341 1295; x_wconf 93' lang='lat' dir='ltr'><strong>in</strong></span> <span class='ocrx_word' id='word_1_73' title='bbox 1392 1258 1575 1311; x_wconf 80' lang='lat' dir='ltr'><strong>regem</strong></span> <span class='ocrx_word' id='word_1_74' title='bbox 1632 1262 1801 1315; x_wconf 89' lang='lat' dir='ltr'><strong>super</strong></span> <span class='ocrx_word' id='word_1_75' title='bbox 1852 1248 2058 1304; x_wconf 81' lang='lat' dir='ltr'><strong>Israel?</strong></span> <span class='ocrx_word' id='word_1_76' title='bbox 2090 1251 2153 1307; x_wconf 86' lang='lat' dir='ltr'><strong>Et</strong></span> 
     </span>
    </p>
   </div>
   <div class='ocr_carea' id='block_1_14' title="bbox 572 1325 2153 1408">
    <p class='ocr_par' dir='ltr' id='par_1_14' title="bbox 572 1325 2153 1408">
     <span class='ocr_line' id='line_1_14' title="bbox 572 1325 2153 1408; baseline 0.013 -31"><span class='ocrx_word' id='word_1_77' title='bbox 572 1325 714 1379; x_wconf 91' lang='lat' dir='ltr'><strong>dixit</strong></span> <span class='ocrx_word' id='word_1_78' title='bbox 743 1326 842 1380; x_wconf 83' lang='lat' dir='ltr'><strong>tibi</strong></span> <span class='ocrx_word' id='word_1_79' title='bbox 879 1345 892 1381; x_wconf 88' lang='lat'><strong>:</strong></span> <span class='ocrx_word' id='word_1_80' title='bbox 950 1327 1114 1395; x_wconf 86' lang='lat' dir='ltr'><strong>Vade,</strong></span> <span class='ocrx_word' id='word_1_81' title='bbox 1153 1340 1207 1385; x_wconf 92' lang='lat' dir='ltr'><strong>et</strong></span> <span class='ocrx_word' id='word_1_82' title='bbox 1251 1336 1558 1389; x_wconf 82' lang='lat' dir='ltr'><strong>extermina</strong></span> <span class='ocrx_word' id='word_1_83' title='bbox 1589 1336 1818 1392; x_wconf 81' lang='lat' dir='ltr'><strong>Amalec</strong></span> <span class='ocrx_word' id='word_1_84' title='bbox 1858 1352 2153 1408; x_wconf 83' lang='lat' dir='ltr'><strong>peccantes</strong></span> 
     </span>
    </p>
   </div>
   <div class='ocr_carea' id='block_1_15' title="bbox 571 1421 2152 1492">
    <p class='ocr_par' dir='ltr' id='par_1_15' title="bbox 571 1421 2152 1492">
     <span class='ocr_line' id='line_1_15' title="bbox 571 1421 2152 1492; baseline 0.013 -21"><span class='ocrx_word' id='word_1_85' title='bbox 571 1421 624 1472; x_wconf 88' lang='lat' dir='ltr'><strong>in</strong></span> <span class='ocrx_word' id='word_1_86' title='bbox 655 1436 741 1474; x_wconf 89' lang='lat' dir='ltr'><strong>me</strong></span> <span class='ocrx_word' id='word_1_87' title='bbox 776 1438 790 1476; x_wconf 89' lang='lat'><strong>:</strong></span> <span class='ocrx_word' id='word_1_88' title='bbox 824 1431 878 1475; x_wconf 89' lang='lat' dir='ltr'><strong>et</strong></span> <span class='ocrx_word' id='word_1_89' title='bbox 907 1425 1253 1492; x_wconf 81' lang='lat' dir='ltr'><strong>oppugnabis</strong></span> <span class='ocrx_word' id='word_1_90' title='bbox 1279 1442 1398 1489; x_wconf 89' lang='lat' dir='ltr'><strong>eos.</strong></span> <span class='ocrx_word' id='word_1_91' title='bbox 1451 1429 1631 1484; x_wconf 90' lang='lat' dir='ltr'><strong>donec</strong></span> <span class='ocrx_word' id='word_1_92' title='bbox 1676 1436 2152 1491; x_wconf 82' lang='lat' dir='ltr'><strong>consummaveris</strong></span> 
     </span>
    </p>
   </div>
   <div class='ocr_carea' id='block_1_16' title="bbox 566 1512 2150 1588">
    <p class='ocr_par' dir='ltr' id='par_1_16' title="bbox 566 1512 2150 1588">
     <span class='ocr_line' id='line_1_16' title="bbox 566 1512 2150 1588; baseline 0.013 -24"><span class='ocrx_word' id='word_1_93' title='bbox 566 1526 682 1566; x_wconf 88' lang='lat' dir='ltr'><strong>eos.</strong></span> <span class='ocrx_word' id='word_1_94' title='bbox 724 1512 789 1567; x_wconf 88' lang='lat' dir='ltr'><strong>Et</strong></span> <span class='ocrx_word' id='word_1_95' title='bbox 817 1529 989 1583; x_wconf 90' lang='lat' dir='ltr'><strong>quare</strong></span> <span class='ocrx_word' id='word_1_96' title='bbox 1027 1532 1135 1570; x_wconf 89' lang='lat' dir='ltr'><strong>nou</strong></span> <span class='ocrx_word' id='word_1_97' title='bbox 1164 1519 1365 1573; x_wconf 82' lang='lat' dir='ltr'><strong>audisti</strong></span> <span class='ocrx_word' id='word_1_98' title='bbox 1403 1536 1588 1575; x_wconf 89' lang='lat' dir='ltr'><strong>vocem</strong></span> <span class='ocrx_word' id='word_1_99' title='bbox 1622 1522 1861 1588; x_wconf 87' lang='lat' dir='ltr'><strong>Domini.</strong></span> <span class='ocrx_word' id='word_1_100' title='bbox 1895 1538 1949 1582; x_wconf 90' lang='lat' dir='ltr'><strong>et</strong></span> <span class='ocrx_word' id='word_1_101' title='bbox 1984 1529 2150 1583; x_wconf 89' lang='lat' dir='ltr'><strong>irrui-</strong></span> 
     </span>
    </p>
   </div>
   <div class='ocr_carea' id='block_1_17' title="bbox 567 1604 2154 1684">
    <p class='ocr_par' dir='ltr' id='par_1_17' title="bbox 567 1604 2154 1684">
     <span class='ocr_line' id='line_1_17' title="bbox 567 1604 2154 1684; baseline 0.011 -27"><span class='ocrx_word' id='word_1_102' title='bbox 567 1604 639 1657; x_wconf 81' lang='lat' dir='ltr'><strong>sti</strong></span> <span class='ocrx_word' id='word_1_103' title='bbox 680 1619 849 1673; x_wconf 80' lang='lat' dir='ltr'><strong>super</strong></span> <span class='ocrx_word' id='word_1_104' title='bbox 873 1607 1095 1676; x_wconf 75' lang='lat' dir='ltr'><strong>,spolia,</strong></span> <span class='ocrx_word' id='word_1_105' title='bbox 1127 1620 1183 1662; x_wconf 88' lang='lat' dir='ltr'><strong>et</strong></span> <span class='ocrx_word' id='word_1_106' title='bbox 1228 1609 1515 1667; x_wconf 81' lang='lat' dir='ltr'><strong>adducens</strong></span> <span class='ocrx_word' id='word_1_107' title='bbox 1564 1629 1747 1684; x_wconf 77' lang='lat' dir='ltr'><strong>regem</strong></span> <span class='ocrx_word' id='word_1_108' title='bbox 1780 1616 2054 1672; x_wconf 81' lang='lat' dir='ltr'><strong>servasti?</strong></span> <span class='ocrx_word' id='word_1_109' title='bbox 2088 1618 2154 1674; x_wconf 88' lang='lat' dir='ltr'><strong>Et</strong></span> 
     </span>
    </p>
   </div>
   <div class='ocr_carea' id='block_1_18' title="bbox 566 1696 2127 1775">
    <p class='ocr_par' dir='ltr' id='par_1_18' title="bbox 566 1696 2127 1775">
     <span class='ocr_line' id='line_1_18' title="bbox 566 1696 2127 1775; baseline 0.012 -26"><span class='ocrx_word' id='word_1_110' title='bbox 566 1696 834 1764; x_wconf 76' lang='lat' dir='ltr'><strong>sprevisti</strong></span> <span class='ocrx_word' id='word_1_111' title='bbox 867 1698 1095 1753; x_wconf 84' lang='lat' dir='ltr'><strong>verbum</strong></span> <span class='ocrx_word' id='word_1_112' title='bbox 1129 1699 1368 1769; x_wconf 90' lang='lat' dir='ltr'><strong>Domini,</strong></span> <span class='ocrx_word' id='word_1_113' title='bbox 1415 1715 1470 1758; x_wconf 88' lang='lat' dir='ltr'><strong>et</strong></span> <span class='ocrx_word' id='word_1_114' title='bbox 1506 1715 1730 1775; x_wconf 80' lang='lat' dir='ltr'><strong>spernet</strong></span> <span class='ocrx_word' id='word_1_115' title='bbox 1759 1715 1814 1762; x_wconf 89' lang='lat' dir='ltr'><strong>te</strong></span> <span class='ocrx_word' id='word_1_116' title='bbox 1857 1708 2127 1767; x_wconf 84' lang='lat' dir='ltr'><strong>Dominus</strong></span> 
     </span>
    </p>
   </div>
   <div class='ocr_carea' id='block_1_19' title="bbox 566 1787 1356 1861">
    <p class='ocr_par' dir='ltr' id='par_1_19' title="bbox 566 1787 1356 1861">
     <span class='ocr_line' id='line_1_19' title="bbox 566 1787 1356 1861; baseline 0.009 -21"><span class='ocrx_word' id='word_1_117' title='bbox 566 1802 636 1842; x_wconf 86' lang='lat' dir='ltr'><strong>ne</strong></span> <span class='ocrx_word' id='word_1_118' title='bbox 666 1787 744 1843; x_wconf 89' lang='lat' dir='ltr'><strong>sis</strong></span> <span class='ocrx_word' id='word_1_119' title='bbox 775 1802 871 1844; x_wconf 88' lang='lat' dir='ltr'><strong>rex</strong></span> <span class='ocrx_word' id='word_1_120' title='bbox 897 1804 1064 1861; x_wconf 90' lang='lat' dir='ltr'><strong>super</strong></span> <span class='ocrx_word' id='word_1_121' title='bbox 1101 1791 1295 1850; x_wconf 80' lang='lat' dir='ltr'><strong>Israel.</strong></span> <span class='ocrx_word' id='word_1_122' title='bbox 1335 1813 1356 1847; x_wconf 72' lang='grc' dir='ltr'><strong>ι</strong></span> 
     </span>
    </p>
   </div>
   <div class='ocr_carea' id='block_1_20' title="bbox 670 1962 2145 2053">
    <p class='ocr_par' dir='ltr' id='par_1_20' title="bbox 670 1962 2145 2053">
     <span class='ocr_line' id='line_1_20' title="bbox 670 1962 2145 2053; baseline 0.017 -36"><span class='ocrx_word' id='word_1_123' title='bbox 670 1962 735 2018; x_wconf 86' lang='lat' dir='ltr'><strong>II</strong></span> <span class='ocrx_word' id='word_1_124' title='bbox 780 1965 902 2037; x_wconf 80' lang='lat' dir='ltr'><strong>Reg.</strong></span> <span class='ocrx_word' id='word_1_125' title='bbox 934 1984 1027 2033; x_wconf 84' lang='lat' dir='ltr'><strong>xx,</strong></span> <span class='ocrx_word' id='word_1_126' title='bbox 1058 1970 1249 2035; x_wconf 67' lang='lat'><strong>28-54,</strong></span> <span class='ocrx_word' id='word_1_127' title='bbox 1278 1974 1368 2028; x_wconf 66' lang='grc'><strong>42.</strong></span> <span class='ocrx_word' id='word_1_128' title='bbox 1410 2006 1481 2016; x_wconf 93' lang='grc'><strong>-</strong></span> <span class='ocrx_word' id='word_1_129' title='bbox 1519 1996 1537 2027; x_wconf 76' lang='grc' dir='ltr'><strong>ι</strong></span> <span class='ocrx_word' id='word_1_130' title='bbox 1579 1977 1639 2032; x_wconf 88' lang='lat' dir='ltr'><strong>Et</strong></span> <span class='ocrx_word' id='word_1_131' title='bbox 1667 1984 1909 2038; x_wconf 87' lang='lat' dir='ltr'><strong>accessit</strong></span> <span class='ocrx_word' id='word_1_132' title='bbox 1936 1983 2145 2053; x_wconf 85' lang='lat' dir='ltr'><strong>Helias,</strong></span> 
     </span>
    </p>
   </div>
   <div class='ocr_carea' id='block_1_21' title="bbox 560 2054 2141 2135">
    <p class='ocr_par' dir='ltr' id='par_1_21' title="bbox 560 2054 2141 2135">
     <span class='ocr_line' id='line_1_21' title="bbox 560 2054 2141 2135; baseline 0.015 -26"><span class='ocrx_word' id='word_1_133' title='bbox 560 2065 615 2109; x_wconf 90' lang='lat' dir='ltr'><strong>et</strong></span> <span class='ocrx_word' id='word_1_134' title='bbox 635 2054 772 2110; x_wconf 88' lang='lat' dir='ltr'><strong>dixit</strong></span> <span class='ocrx_word' id='word_1_135' title='bbox 802 2059 868 2112; x_wconf 89' lang='lat' dir='ltr'><strong>ad</strong></span> <span class='ocrx_word' id='word_1_136' title='bbox 901 2061 1123 2116; x_wconf 79' lang='lat' dir='ltr'><strong>Achaab</strong></span> <span class='ocrx_word' id='word_1_137' title='bbox 1150 2065 1260 2134; x_wconf 76' lang='lat' dir='ltr'><strong>regi</strong></span> <span class='ocrx_word' id='word_1_138' title='bbox 1289 2067 1455 2122; x_wconf 89' lang='lat' dir='ltr'><strong>Israel</strong></span> <span class='ocrx_word' id='word_1_139' title='bbox 1481 2084 1494 2122; x_wconf 92' lang='lat'>:</span> <span class='ocrx_word' id='word_1_140' title='bbox 1521 2068 1647 2126; x_wconf 73' lang='lat' dir='ltr'><strong>llaec</strong></span> <span class='ocrx_word' id='word_1_141' title='bbox 1675 2073 1809 2129; x_wconf 89' lang='lat' dir='ltr'><strong>dicit</strong></span> <span class='ocrx_word' id='word_1_142' title='bbox 1842 2074 2141 2135; x_wconf 86' lang='lat' dir='ltr'><strong>Dominus:</strong></span> 
     </span>
    </p>
   </div>
   <div class='ocr_carea' id='block_1_22' title="bbox 560 2147 2141 2238">
    <p class='ocr_par' dir='ltr' id='par_1_22' title="bbox 560 2147 2141 2238">
     <span class='ocr_line' id='line_1_22' title="bbox 560 2147 2141 2238; baseline 0.016 -36"><span class='ocrx_word' id='word_1_143' title='bbox 560 2147 673 2204; x_wconf 88' lang='lat' dir='ltr'><strong>Pro</strong></span> <span class='ocrx_word' id='word_1_144' title='bbox 713 2167 781 2207; x_wconf 83' lang='lat' dir='ltr'><strong>eo</strong></span> <span class='ocrx_word' id='word_1_145' title='bbox 820 2155 965 2223; x_wconf 88' lang='lat' dir='ltr'><strong>quod</strong></span> <span class='ocrx_word' id='word_1_146' title='bbox 999 2156 1141 2211; x_wconf 86' lang='lat' dir='ltr'><strong>dixit</strong></span> <span class='ocrx_word' id='word_1_147' title='bbox 1164 2158 1343 2230; x_wconf 82' lang='lat' dir='ltr'><strong>Syria,</strong></span> <span class='ocrx_word' id='word_1_148' title='bbox 1375 2161 1518 2219; x_wconf 91' lang='lat' dir='ltr'><strong>Deus</strong></span> <span class='ocrx_word' id='word_1_149' title='bbox 1556 2168 1828 2223; x_wconf 88' lang='lat' dir='ltr'><strong>montium</strong></span> <span class='ocrx_word' id='word_1_150' title='bbox 1856 2169 2141 2238; x_wconf 88' lang='lat' dir='ltr'><strong>Dominus,</strong></span> 
     </span>
    </p>
   </div>
   <div class='ocr_carea' id='block_1_23' title="bbox 562 2240 2143 2327">
    <p class='ocr_par' dir='ltr' id='par_1_23' title="bbox 562 2240 2143 2327">
     <span class='ocr_line' id='line_1_23' title="bbox 562 2240 2143 2327; baseline 0.016 -34"><span class='ocrx_word' id='word_1_151' title='bbox 562 2240 707 2296; x_wconf 91' lang='lat' dir='ltr'><strong>Deus</strong></span> <span class='ocrx_word' id='word_1_152' title='bbox 742 2243 928 2307; x_wconf 87' lang='lat' dir='ltr'><strong>Israel,</strong></span> <span class='ocrx_word' id='word_1_153' title='bbox 988 2254 1044 2301; x_wconf 89' lang='lat' dir='ltr'><strong>et</strong></span> <span class='ocrx_word' id='word_1_154' title='bbox 1091 2264 1202 2303; x_wconf 85' lang='lat' dir='ltr'><strong>non</strong></span> <span class='ocrx_word' id='word_1_155' title='bbox 1254 2250 1396 2307; x_wconf 91' lang='lat' dir='ltr'><strong>Deus</strong></span> <span class='ocrx_word' id='word_1_156' title='bbox 1445 2254 1669 2310; x_wconf 84' lang='lat' dir='ltr'><strong>vallium</strong></span> <span class='ocrx_word' id='word_1_157' title='bbox 1705 2257 1864 2327; x_wconf 86' lang='lat' dir='ltr'><strong>ipse:</strong></span> <span class='ocrx_word' id='word_1_158' title='bbox 1919 2269 1973 2315; x_wconf 88' lang='lat' dir='ltr'><strong>et</strong></span> <span class='ocrx_word' id='word_1_159' title='bbox 2000 2261 2143 2318; x_wconf 91' lang='lat' dir='ltr'><strong>dabo</strong></span> 
     </span>
    </p>
   </div>
   <div class='ocr_carea' id='block_1_24' title="bbox 559 2335 2144 2425">
    <p class='ocr_par' dir='ltr' id='par_1_24' title="bbox 559 2335 2144 2425">
     <span class='ocr_line' id='line_1_24' title="bbox 559 2335 2144 2425; baseline 0.016 -39"><span class='ocrx_word' id='word_1_160' title='bbox 559 2335 817 2391; x_wconf 86' lang='lat' dir='ltr'><strong>virtutem</strong></span> <span class='ocrx_word' id='word_1_161' title='bbox 856 2354 1105 2409; x_wconf 80' lang='lat' dir='ltr'><strong>magnam</strong></span> <span class='ocrx_word' id='word_1_162' title='bbox 1134 2342 1276 2398; x_wconf 85' lang='lat' dir='ltr'><strong>banc</strong></span> <span class='ocrx_word' id='word_1_163' title='bbox 1304 2344 1356 2398; x_wconf 91' lang='lat' dir='ltr'><strong>in</strong></span> <span class='ocrx_word' id='word_1_164' title='bbox 1391 2361 1613 2401; x_wconf 88' lang='lat' dir='ltr'><strong>manum</strong></span> <span class='ocrx_word' id='word_1_165' title='bbox 1651 2358 1820 2416; x_wconf 91' lang='lat' dir='ltr'><strong>tuam,</strong></span> <span class='ocrx_word' id='word_1_166' title='bbox 1852 2361 1906 2408; x_wconf 90' lang='lat' dir='ltr'><strong>et</strong></span> <span class='ocrx_word' id='word_1_167' title='bbox 1940 2369 2144 2425; x_wconf 76' lang='lat' dir='ltr'><strong>cogno-</strong></span> 
     </span>
    </p>
   </div>
   <div class='ocr_carea' id='block_1_25' title="bbox 558 2427 2139 2518">
    <p class='ocr_par' dir='ltr' id='par_1_25' title="bbox 558 2427 2139 2518">
     <span class='ocr_line' id='line_1_25' title="bbox 558 2427 2139 2518; baseline 0.015 -39"><span class='ocrx_word' id='word_1_168' title='bbox 558 2440 687 2481; x_wconf 80' lang='lat' dir='ltr'><strong>sces</strong></span> <span class='ocrx_word' id='word_1_169' title='bbox 713 2427 838 2496; x_wconf 84' lang='lat' dir='ltr'><strong>quia</strong></span> <span class='ocrx_word' id='word_1_170' title='bbox 870 2445 973 2499; x_wconf 75' lang='lat' dir='ltr'><strong>ego</strong></span> <span class='ocrx_word' id='word_1_171' title='bbox 998 2429 1285 2489; x_wconf 89' lang='lat' dir='ltr'><strong>Dominus.</strong></span> <span class='ocrx_word' id='word_1_172' title='bbox 1315 2434 1377 2491; x_wconf 90' lang='lat' dir='ltr'><strong>Et</strong></span> <span class='ocrx_word' id='word_1_173' title='bbox 1405 2441 1681 2506; x_wconf 84' lang='lat' dir='ltr'><strong>percussit</strong></span> <span class='ocrx_word' id='word_1_174' title='bbox 1704 2442 1870 2500; x_wconf 80' lang='lat' dir='ltr'><strong>Israel</strong></span> <span class='ocrx_word' id='word_1_175' title='bbox 1902 2446 2139 2518; x_wconf 85' lang='lat' dir='ltr'><strong>Syriam,</strong></span> 
     </span>
    </p>
   </div>
   <div class='ocr_carea' id='block_1_26' title="bbox 558 2518 2143 2595">
    <p class='ocr_par' dir='ltr' id='par_1_26' title="bbox 558 2518 2143 2595">
     <span class='ocr_line' id='line_1_26' title="bbox 558 2518 2143 2595; baseline 0.017 -28"><span class='ocrx_word' id='word_1_176' title='bbox 558 2523 779 2570; x_wconf 89' lang='lat' dir='ltr'><strong>centum</strong></span> <span class='ocrx_word' id='word_1_177' title='bbox 810 2518 982 2574; x_wconf 88' lang='lat' dir='ltr'><strong>millia</strong></span> <span class='ocrx_word' id='word_1_178' title='bbox 1035 2522 1283 2591; x_wconf 90' lang='lat' dir='ltr'><strong>peditum</strong></span> <span class='ocrx_word' id='word_1_179' title='bbox 1319 2542 1429 2580; x_wconf 89' lang='lat' dir='ltr'><strong>una</strong></span> <span class='ocrx_word' id='word_1_180' title='bbox 1463 2527 1571 2584; x_wconf 91' lang='lat' dir='ltr'><strong>die.</strong></span> <span class='ocrx_word' id='word_1_181' title='bbox 1619 2530 1686 2584; x_wconf 89' lang='lat' dir='ltr'><strong>Et</strong></span> <span class='ocrx_word' id='word_1_182' title='bbox 1721 2533 1919 2589; x_wconf 84' lang='lat' dir='ltr'><strong>cecidit</strong></span> <span class='ocrx_word' id='word_1_183' title='bbox 1948 2551 2143 2595; x_wconf 87' lang='lat' dir='ltr'><strong>murus</strong></span> 
     </span>
    </p>
   </div>
   <div class='ocr_carea' id='block_1_27' title="bbox 558 2609 2142 2685">
    <p class='ocr_par' dir='ltr' id='par_1_27' title="bbox 558 2609 2142 2685">
     <span class='ocr_line' id='line_1_27' title="bbox 558 2609 2142 2685; baseline 0.016 -26"><span class='ocrx_word' id='word_1_184' title='bbox 558 2622 724 2676; x_wconf 89' lang='lat' dir='ltr'><strong>super</strong></span> <span class='ocrx_word' id='word_1_185' title='bbox 756 2609 951 2680; x_wconf 80' lang='lat' dir='ltr'><strong>viginti</strong></span> <span class='ocrx_word' id='word_1_186' title='bbox 978 2622 1187 2683; x_wconf 89' lang='lat' dir='ltr'><strong>septem</strong></span> <span class='ocrx_word' id='word_1_187' title='bbox 1226 2617 1394 2671; x_wconf 91' lang='lat' dir='ltr'><strong>millia</strong></span> <span class='ocrx_word' id='word_1_188' title='bbox 1423 2620 1689 2677; x_wconf 88' lang='lat' dir='ltr'><strong>virorum.</strong></span> <span class='ocrx_word' id='word_1_189' title='bbox 1726 2624 1791 2678; x_wconf 86' lang='lat' dir='ltr'><strong>Et</strong></span> <span class='ocrx_word' id='word_1_190' title='bbox 1822 2627 1967 2683; x_wconf 81' lang='lat' dir='ltr'><strong>filius</strong></span> <span class='ocrx_word' id='word_1_191' title='bbox 1997 2629 2142 2685; x_wconf 87' lang='lat' dir='ltr'><strong>Ader</strong></span> 
     </span>
    </p>
   </div>
   <div class='ocr_carea' id='block_1_28' title="bbox 559 2696 2140 2791">
    <p class='ocr_par' dir='ltr' id='par_1_28' title="bbox 559 2696 2140 2791">
     <span class='ocr_line' id='line_1_28' title="bbox 559 2696 2140 2791; baseline 0.017 -43"><span class='ocrx_word' id='word_1_192' title='bbox 559 2696 716 2766; x_wconf 79' lang='lat' dir='ltr'><strong>fugit,</strong></span> <span class='ocrx_word' id='word_1_193' title='bbox 752 2708 807 2755; x_wconf 83' lang='lat' dir='ltr'><strong>et</strong></span> <span class='ocrx_word' id='word_1_194' title='bbox 846 2701 1107 2760; x_wconf 89' lang='lat' dir='ltr'><strong>dixerunt</strong></span> <span class='ocrx_word' id='word_1_195' title='bbox 1138 2706 1207 2762; x_wconf 85' lang='lat' dir='ltr'><strong>ad</strong></span> <span class='ocrx_word' id='word_1_196' title='bbox 1242 2723 1365 2763; x_wconf 87' lang='lat' dir='ltr'><strong>eum</strong></span> <span class='ocrx_word' id='word_1_197' title='bbox 1399 2713 1552 2779; x_wconf 87' lang='lat' dir='ltr'><strong>pueri</strong></span> <span class='ocrx_word' id='word_1_198' title='bbox 1581 2713 1755 2783; x_wconf 89' lang='lat' dir='ltr'><strong>ipsius</strong></span> <span class='ocrx_word' id='word_1_199' title='bbox 1786 2735 1801 2770; x_wconf 77' lang='grc' dir='ltr'><strong>ι</strong></span> <span class='ocrx_word' id='word_1_200' title='bbox 1839 2718 1981 2774; x_wconf 81' lang='lat' dir='ltr'><strong>Ecce</strong></span> <span class='ocrx_word' id='word_1_201' title='bbox 2012 2723 2140 2791; x_wconf 83' lang='lat' dir='ltr'><strong>qui-</strong></span> 
     </span>
    </p>
   </div>
   <div class='ocr_carea' id='block_1_29' title="bbox 555 2790 2140 2873">
    <p class='ocr_par' dir='ltr' id='par_1_29' title="bbox 555 2790 2140 2873">
     <span class='ocr_line' id='line_1_29' title="bbox 555 2790 2140 2873; baseline 0.018 -31"><span class='ocrx_word' id='word_1_202' title='bbox 555 2790 678 2843; x_wconf 85' lang='lat' dir='ltr'><strong>dem</strong></span> <span class='ocrx_word' id='word_1_203' title='bbox 716 2793 972 2850; x_wconf 86' lang='lat' dir='ltr'><strong>novimus</strong></span> <span class='ocrx_word' id='word_1_204' title='bbox 1004 2796 1133 2865; x_wconf 86' lang='lat' dir='ltr'><strong>quia</strong></span> <span class='ocrx_word' id='word_1_205' title='bbox 1158 2812 1315 2870; x_wconf 79' lang='lat' dir='ltr'><strong>reges</strong></span> <span class='ocrx_word' id='word_1_206' title='bbox 1350 2801 1534 2869; x_wconf 89' lang='lat' dir='ltr'><strong>Israel,</strong></span> <span class='ocrx_word' id='word_1_207' title='bbox 1567 2821 1721 2873; x_wconf 75' lang='lat' dir='ltr'><strong>reges</strong></span> <span class='ocrx_word' id='word_1_208' title='bbox 1750 2811 2140 2871; x_wconf 67' lang='lat' dir='ltr'><strong>misericordia:</strong></span> 
     </span>
    </p>
   </div>
   <div class='ocr_carea' id='block_1_30' title="bbox 555 2880 2138 2966">
    <p class='ocr_par' dir='ltr' id='par_1_30' title="bbox 555 2880 2138 2966">
     <span class='ocr_line' id='line_1_30' title="bbox 555 2880 2138 2966; baseline 0.017 -35"><span class='ocrx_word' id='word_1_209' title='bbox 555 2889 710 2935; x_wconf 87' lang='lat' dir='ltr'><strong>sunt.</strong></span> <span class='ocrx_word' id='word_1_210' title='bbox 754 2880 1108 2951; x_wconf 89' lang='lat' dir='ltr'><strong>Imponamus</strong></span> <span class='ocrx_word' id='word_1_211' title='bbox 1160 2904 1309 2943; x_wconf 91' lang='lat' dir='ltr'><strong>nunc</strong></span> <span class='ocrx_word' id='word_1_212' title='bbox 1344 2905 1543 2948; x_wconf 89' lang='lat' dir='ltr'><strong>saccos</strong></span> <span class='ocrx_word' id='word_1_213' title='bbox 1593 2910 1759 2966; x_wconf 90' lang='lat' dir='ltr'><strong>super</strong></span> <span class='ocrx_word' id='word_1_214' title='bbox 1788 2899 2005 2956; x_wconf 87' lang='lat' dir='ltr'><strong>lumbos</strong></span> <span class='ocrx_word' id='word_1_215' title='bbox 2036 2919 2138 2959; x_wconf 86' lang='lat' dir='ltr'><strong>uo-</strong></span> 
     </span>
    </p>
   </div>
   <div class='ocr_carea' id='block_1_31' title="bbox 557 2972 2137 3053">
    <p class='ocr_par' dir='ltr' id='par_1_31' title="bbox 557 2972 2137 3053">
     <span class='ocr_line' id='line_1_31' title="bbox 557 2972 2137 3053; baseline 0.015 -29"><span class='ocrx_word' id='word_1_216' title='bbox 557 2976 728 3038; x_wconf 89' lang='lat' dir='ltr'><strong>stros,</strong></span> <span class='ocrx_word' id='word_1_217' title='bbox 759 2982 812 3027; x_wconf 89' lang='lat' dir='ltr'><strong>et</strong></span> <span class='ocrx_word' id='word_1_218' title='bbox 835 2972 1112 3031; x_wconf 90' lang='lat' dir='ltr'><strong>funiculos</strong></span> <span class='ocrx_word' id='word_1_219' title='bbox 1142 2991 1308 3047; x_wconf 91' lang='lat' dir='ltr'><strong>super</strong></span> <span class='ocrx_word' id='word_1_220' title='bbox 1333 2982 1513 3051; x_wconf 88' lang='lat' dir='ltr'><strong>capita</strong></span> <span class='ocrx_word' id='word_1_221' title='bbox 1544 2994 1759 3053; x_wconf 88' lang='lat' dir='ltr'><strong>nostra,</strong></span> <span class='ocrx_word' id='word_1_222' title='bbox 1783 2996 1839 3041; x_wconf 89' lang='lat' dir='ltr'><strong>et</strong></span> <span class='ocrx_word' id='word_1_223' title='bbox 1878 3004 2137 3048; x_wconf 86' lang='lat' dir='ltr'><strong>exeamus</strong></span> 
     </span>
    </p>
   </div>
   <div class='ocr_carea' id='block_1_32' title="bbox 557 3061 2138 3139">
    <p class='ocr_par' dir='ltr' id='par_1_32' title="bbox 557 3061 2138 3139">
     <span class='ocr_line' id='line_1_32' title="bbox 557 3061 2138 3139; baseline 0.017 -26"><span class='ocrx_word' id='word_1_224' title='bbox 557 3061 625 3115; x_wconf 92' lang='lat' dir='ltr'><strong>ad</strong></span> <span class='ocrx_word' id='word_1_225' title='bbox 660 3077 843 3133; x_wconf 77' lang='lat' dir='ltr'><strong>regem</strong></span> <span class='ocrx_word' id='word_1_226' title='bbox 896 3064 1087 3131; x_wconf 89' lang='lat' dir='ltr'><strong>Israel,</strong></span> <span class='ocrx_word' id='word_1_227' title='bbox 1123 3077 1184 3121; x_wconf 83' lang='grc' dir='ltr'><strong>ιιι</strong></span> <span class='ocrx_word' id='word_1_228' title='bbox 1229 3070 1469 3127; x_wconf 86' lang='lat' dir='ltr'><strong>viviﬁcet</strong></span> <span class='ocrx_word' id='word_1_229' title='bbox 1523 3076 1738 3130; x_wconf 87' lang='lat' dir='ltr'><strong>animas</strong></span> <span class='ocrx_word' id='word_1_230' title='bbox 1796 3090 2037 3138; x_wconf 88' lang='lat' dir='ltr'><strong>nostras.</strong></span> <span class='ocrx_word' id='word_1_231' title='bbox 2071 3084 2138 3139; x_wconf 82' lang='lat' dir='ltr'><strong>Et</strong></span> 
     </span>
    </p>
   </div>
   <div class='ocr_carea' id='block_1_33' title="bbox 554 3152 2134 3232">
    <p class='ocr_par' dir='ltr' id='par_1_33' title="bbox 554 3152 2134 3232">
     <span class='ocr_line' id='line_1_33' title="bbox 554 3152 2134 3232; baseline 0.017 -28"><span class='ocrx_word' id='word_1_232' title='bbox 554 3152 802 3210; x_wconf 89' lang='lat' dir='ltr'><strong>fecerunt</strong></span> <span class='ocrx_word' id='word_1_233' title='bbox 832 3155 933 3216; x_wconf 87' lang='lat' dir='ltr'><strong>sic.</strong></span> <span class='ocrx_word' id='word_1_234' title='bbox 974 3165 1027 3213; x_wconf 93' lang='lat' dir='ltr'><strong>et</strong></span> <span class='ocrx_word' id='word_1_235' title='bbox 1052 3158 1310 3217; x_wconf 90' lang='lat' dir='ltr'><strong>dixerunt</strong></span> <span class='ocrx_word' id='word_1_236' title='bbox 1339 3164 1451 3232; x_wconf 87' lang='lat' dir='ltr'><strong>regi</strong></span> <span class='ocrx_word' id='word_1_237' title='bbox 1488 3163 1656 3221; x_wconf 88' lang='lat' dir='ltr'><strong>Israel</strong></span> <span class='ocrx_word' id='word_1_238' title='bbox 1704 3186 1717 3223; x_wconf 89' lang='lat'><strong>:</strong></span> <span class='ocrx_word' id='word_1_239' title='bbox 1765 3168 1971 3228; x_wconf 87' lang='lat' dir='ltr'><strong>Servus</strong></span> <span class='ocrx_word' id='word_1_240' title='bbox 2005 3183 2134 3231; x_wconf 90' lang='lat' dir='ltr'><strong>tuus</strong></span> 
     </span>
    </p>
   </div>
   <div class='ocr_carea' id='block_1_34' title="bbox 554 3234 2206 3325">
    <p class='ocr_par' dir='ltr' id='par_1_34' title="bbox 554 3234 2206 3325">
     <span class='ocr_line' id='line_1_34' title="bbox 554 3234 2206 3325; baseline 0.019 -29"><span class='ocrx_word' id='word_1_241' title='bbox 554 3244 702 3297; x_wconf 86' lang='lat' dir='ltr'><strong>filius</strong></span> <span class='ocrx_word' id='word_1_242' title='bbox 738 3247 887 3303; x_wconf 85' lang='lat' dir='ltr'><strong>Ader</strong></span> <span class='ocrx_word' id='word_1_243' title='bbox 915 3250 1092 3306; x_wconf 90' lang='lat' dir='ltr'><strong>dicit:</strong></span> <span class='ocrx_word' id='word_1_244' title='bbox 1124 3251 1281 3308; x_wconf 85' lang='lat' dir='ltr'><strong>Vivet</strong></span> <span class='ocrx_word' id='word_1_245' title='bbox 1325 3258 1511 3312; x_wconf 90' lang='lat' dir='ltr'><strong>anima</strong></span> <span class='ocrx_word' id='word_1_246' title='bbox 1551 3274 1691 3317; x_wconf 87' lang='lat' dir='ltr'><strong>mea.</strong></span> <span class='ocrx_word' id='word_1_247' title='bbox 1726 3261 1791 3315; x_wconf 88' lang='lat' dir='ltr'><strong>Et</strong></span> <span class='ocrx_word' id='word_1_248' title='bbox 1820 3264 1959 3319; x_wconf 88' lang='lat' dir='ltr'><strong>dixit</strong></span> <span class='ocrx_word' id='word_1_249' title='bbox 1987 3283 2079 3325; x_wconf 83' lang='lat' dir='ltr'><strong>rex</strong></span> <span class='ocrx_word' id='word_1_250' title='bbox 2116 3287 2130 3324; x_wconf 91' lang='lat'><strong>:</strong></span> <span class='ocrx_word' id='word_1_251' title='bbox 2163 3234 2206 3292; x_wconf 72' lang='lat' dir='ltr'><strong>C</strong></span> 
     </span>
    </p>
   </div>
   <div class='ocr_carea' id='block_1_35' title="bbox 554 3335 2133 3425">
    <p class='ocr_par' dir='ltr' id='par_1_35' title="bbox 554 3335 2133 3425">
     <span class='ocr_line' id='line_1_35' title="bbox 554 3335 2133 3425; baseline 0.018 -37"><span class='ocrx_word' id='word_1_252' title='bbox 554 3335 611 3389; x_wconf 88' lang='lat' dir='ltr'><strong>Si</strong></span> <span class='ocrx_word' id='word_1_253' title='bbox 646 3337 827 3394; x_wconf 86' lang='lat' dir='ltr'><strong>adhuc</strong></span> <span class='ocrx_word' id='word_1_254' title='bbox 858 3340 1033 3395; x_wconf 85' lang='lat' dir='ltr'><strong>vivit?</strong></span> <span class='ocrx_word' id='word_1_255' title='bbox 1056 3342 1229 3398; x_wconf 77' lang='lat' dir='ltr'><strong>frater</strong></span> <span class='ocrx_word' id='word_1_256' title='bbox 1255 3362 1410 3402; x_wconf 89' lang='lat' dir='ltr'><strong>meus</strong></span> <span class='ocrx_word' id='word_1_257' title='bbox 1437 3359 1539 3405; x_wconf 90' lang='lat' dir='ltr'><strong>est.</strong></span> <span class='ocrx_word' id='word_1_258' title='bbox 1578 3350 1640 3405; x_wconf 84' lang='lat' dir='ltr'><strong>Et</strong></span> <span class='ocrx_word' id='word_1_259' title='bbox 1665 3368 1923 3425; x_wconf 76' lang='lat' dir='ltr'><strong>egressus</strong></span> <span class='ocrx_word' id='word_1_260' title='bbox 1951 3365 2036 3413; x_wconf 92' lang='lat' dir='ltr'><strong>est</strong></span> <span class='ocrx_word' id='word_1_261' title='bbox 2066 3361 2133 3416; x_wconf 92' lang='lat' dir='ltr'><strong>ad</strong></span> 
     </span>
    </p>
   </div>
   <div class='ocr_carea' id='block_1_36' title="bbox 550 3427 2131 3506">
    <p class='ocr_par' dir='ltr' id='par_1_36' title="bbox 550 3427 2131 3506">
     <span class='ocr_line' id='line_1_36' title="bbox 550 3427 2131 3506; baseline 0.016 -26"><span class='ocrx_word' id='word_1_262' title='bbox 550 3442 677 3482; x_wconf 91' lang='lat' dir='ltr'><strong>eum</strong></span> <span class='ocrx_word' id='word_1_263' title='bbox 712 3427 857 3483; x_wconf 84' lang='lat' dir='ltr'><strong>filius</strong></span> <span class='ocrx_word' id='word_1_264' title='bbox 884 3432 1051 3500; x_wconf 78' lang='lat' dir='ltr'><strong>Ader,</strong></span> <span class='ocrx_word' id='word_1_265' title='bbox 1078 3443 1132 3489; x_wconf 89' lang='lat' dir='ltr'><strong>et</strong></span> <span class='ocrx_word' id='word_1_266' title='bbox 1154 3435 1366 3492; x_wconf 89' lang='lat' dir='ltr'><strong>faciunt</strong></span> <span class='ocrx_word' id='word_1_267' title='bbox 1390 3442 1694 3499; x_wconf 84' lang='lat' dir='ltr'><strong>ascendere</strong></span> <span class='ocrx_word' id='word_1_268' title='bbox 1727 3462 1853 3502; x_wconf 88' lang='lat' dir='ltr'><strong>eum</strong></span> <span class='ocrx_word' id='word_1_269' title='bbox 1888 3450 1953 3503; x_wconf 90' lang='lat' dir='ltr'><strong>ad</strong></span> <span class='ocrx_word' id='word_1_270' title='bbox 1980 3450 2131 3506; x_wconf 91' lang='lat' dir='ltr'><strong>illum</strong></span> 
     </span>
    </p>
   </div>
   <div class='ocr_carea' id='block_1_37' title="bbox 552 3526 2133 3613">
    <p class='ocr_par' dir='ltr' id='par_1_37' title="bbox 552 3526 2133 3613">
     <span class='ocr_line' id='line_1_37' title="bbox 552 3526 2133 3613; baseline 0.015 -38"><span class='ocrx_word' id='word_1_271' title='bbox 552 3534 722 3589; x_wconf 86' lang='lat' dir='ltr'><strong>super</strong></span> <span class='ocrx_word' id='word_1_272' title='bbox 762 3537 1010 3579; x_wconf 89' lang='lat' dir='ltr'><strong>currum.</strong></span> <span class='ocrx_word' id='word_1_273' title='bbox 1071 3526 1135 3581; x_wconf 87' lang='lat' dir='ltr'><strong>Et</strong></span> <span class='ocrx_word' id='word_1_274' title='bbox 1176 3529 1315 3583; x_wconf 85' lang='lat' dir='ltr'><strong>dixit</strong></span> <span class='ocrx_word' id='word_1_275' title='bbox 1351 3532 1418 3587; x_wconf 90' lang='lat' dir='ltr'><strong>ad</strong></span> <span class='ocrx_word' id='word_1_276' title='bbox 1456 3550 1582 3588; x_wconf 91' lang='lat' dir='ltr'><strong>eum</strong></span> <span class='ocrx_word' id='word_1_277' title='bbox 1622 3553 1636 3590; x_wconf 88' lang='lat'><strong>:</strong></span> <span class='ocrx_word' id='word_1_278' title='bbox 1688 3537 1951 3596; x_wconf 87' lang='lat' dir='ltr'><strong>Civitates</strong></span> <span class='ocrx_word' id='word_1_279' title='bbox 1994 3559 2133 3613; x_wconf 89' lang='lat' dir='ltr'><strong>quas</strong></span> 
     </span>
    </p>
   </div>
   <div class='ocr_carea' id='block_1_38' title="bbox 548 3613 2133 3690">
    <p class='ocr_par' dir='ltr' id='par_1_38' title="bbox 548 3613 2133 3690">
     <span class='ocr_line' id='line_1_38' title="bbox 548 3613 2133 3690; baseline 0.016 -26"><span class='ocrx_word' id='word_1_280' title='bbox 548 3613 695 3682; x_wconf 89' lang='lat' dir='ltr'><strong>cepit</strong></span> <span class='ocrx_word' id='word_1_281' title='bbox 728 3624 881 3683; x_wconf 88' lang='lat' dir='ltr'><strong>pater</strong></span> <span class='ocrx_word' id='word_1_282' title='bbox 932 3633 1086 3672; x_wconf 88' lang='lat' dir='ltr'><strong>meus</strong></span> <span class='ocrx_word' id='word_1_283' title='bbox 1114 3634 1140 3673; x_wconf 91' lang='lat' dir='ltr'><strong>a</strong></span> <span class='ocrx_word' id='word_1_284' title='bbox 1170 3628 1322 3689; x_wconf 90' lang='lat' dir='ltr'><strong>patre</strong></span> <span class='ocrx_word' id='word_1_285' title='bbox 1355 3631 1470 3688; x_wconf 88' lang='lat' dir='ltr'><strong>tuo,</strong></span> <span class='ocrx_word' id='word_1_286' title='bbox 1510 3627 1734 3682; x_wconf 88' lang='lat' dir='ltr'><strong>reddam</strong></span> <span class='ocrx_word' id='word_1_287' title='bbox 1771 3631 1868 3687; x_wconf 89' lang='lat' dir='ltr'><strong>tibi</strong></span> <span class='ocrx_word' id='word_1_288' title='bbox 1904 3650 1916 3685; x_wconf 90' lang='lat'><strong>:</strong></span> <span class='ocrx_word' id='word_1_289' title='bbox 1955 3642 2008 3689; x_wconf 90' lang='lat' dir='ltr'><strong>et</strong></span> <span class='ocrx_word' id='word_1_290' title='bbox 2036 3650 2133 3690; x_wconf 90' lang='lat' dir='ltr'><strong>ex-</strong></span> 
     </span>
    </p>
   </div>
   <div class='ocr_carea' id='block_1_39' title="bbox 548 3701 2131 3793">
    <p class='ocr_par' dir='ltr' id='par_1_39' title="bbox 548 3701 2131 3793">
     <span class='ocr_line' id='line_1_39' title="bbox 548 3701 2131 3793; baseline 0.017 -38"><span class='ocrx_word' id='word_1_291' title='bbox 548 3701 661 3758; x_wconf 77' lang='lat' dir='ltr'><strong>Itus</strong></span> <span class='ocrx_word' id='word_1_292' title='bbox 689 3719 860 3774; x_wconf 88' lang='lat' dir='ltr'><strong>pones</strong></span> <span class='ocrx_word' id='word_1_293' title='bbox 897 3709 994 3763; x_wconf 89' lang='lat' dir='ltr'><strong>tibi</strong></span> <span class='ocrx_word' id='word_1_294' title='bbox 1028 3710 1081 3764; x_wconf 91' lang='lat' dir='ltr'><strong>in</strong></span> <span class='ocrx_word' id='word_1_295' title='bbox 1102 3709 1554 3777; x_wconf 89' lang='lat' dir='ltr'><strong>Damasco,sicut</strong></span> <span class='ocrx_word' id='word_1_296' title='bbox 1585 3722 1769 3790; x_wconf 86' lang='lat' dir='ltr'><strong>posuit</strong></span> <span class='ocrx_word' id='word_1_297' title='bbox 1795 3732 1948 3793; x_wconf 88' lang='lat' dir='ltr'><strong>pater</strong></span> <span class='ocrx_word' id='word_1_298' title='bbox 1978 3742 2131 3783; x_wconf 90' lang='lat' dir='ltr'><strong>meus</strong></span> 
     </span>
    </p>
   </div>
   <div class='ocr_carea' id='block_1_40' title="bbox 554 3793 2132 3875">
    <p class='ocr_par' dir='ltr' id='par_1_40' title="bbox 554 3793 2132 3875">
     <span class='ocr_line' id='line_1_40' title="bbox 554 3793 2132 3875; baseline 0.016 -30"><span class='ocrx_word' id='word_1_299' title='bbox 554 3793 606 3845; x_wconf 93' lang='lat' dir='ltr'><strong>in</strong></span> <span class='ocrx_word' id='word_1_300' title='bbox 636 3793 905 3850; x_wconf 89' lang='lat' dir='ltr'><strong>Samaria.</strong></span> <span class='ocrx_word' id='word_1_301' title='bbox 932 3797 997 3850; x_wconf 90' lang='lat' dir='ltr'><strong>Et</strong></span> <span class='ocrx_word' id='word_1_302' title='bbox 1022 3799 1296 3869; x_wconf 91' lang='lat' dir='ltr'><strong>disposuit</strong></span> <span class='ocrx_word' id='word_1_303' title='bbox 1319 3804 1369 3858; x_wconf 91' lang='lat' dir='ltr'><strong>ei</strong></span> <span class='ocrx_word' id='word_1_304' title='bbox 1397 3813 1811 3875; x_wconf 89' lang='lat' dir='ltr'><strong>testamentum,</strong></span> <span class='ocrx_word' id='word_1_305' title='bbox 1838 3820 1893 3867; x_wconf 87' lang='lat' dir='ltr'><strong>et</strong></span> <span class='ocrx_word' id='word_1_306' title='bbox 1921 3813 2132 3871; x_wconf 88' lang='lat' dir='ltr'><strong>dimisit</strong></span> 
     </span>
    </p>
   </div>
   <div class='ocr_carea' id='block_1_41' title="bbox 547 3886 2132 3961">
    <p class='ocr_par' dir='ltr' id='par_1_41' title="bbox 547 3886 2132 3961">
     <span class='ocr_line' id='line_1_41' title="bbox 547 3886 2132 3961; baseline 0.015 -23"><span class='ocrx_word' id='word_1_307' title='bbox 547 3899 696 3941; x_wconf 89' lang='lat' dir='ltr'><strong>eum.</strong></span> <span class='ocrx_word' id='word_1_308' title='bbox 738 3904 757 3940; x_wconf 73' lang='grc' dir='ltr'><strong>ι</strong></span> <span class='ocrx_word' id='word_1_309' title='bbox 791 3886 860 3942; x_wconf 85' lang='grc' dir='ltr'>Ει</span> <span class='ocrx_word' id='word_1_310' title='bbox 903 3892 1085 3957; x_wconf 78' lang='lat' dir='ltr'><strong>paucis</strong></span> <span class='ocrx_word' id='word_1_311' title='bbox 1130 3894 1439 3960; x_wconf 79' lang='lat' dir='ltr'><strong>interiectis.</strong></span> <span class='ocrx_word' id='word_1_312' title='bbox 1478 3916 1497 3949; x_wconf 75' lang='grc' dir='ltr'><strong>ι</strong></span> <span class='ocrx_word' id='word_1_313' title='bbox 1530 3898 1674 3959; x_wconf 83' lang='lat' dir='ltr'><strong>Dixit</strong></span> <span class='ocrx_word' id='word_1_314' title='bbox 1704 3902 1770 3956; x_wconf 90' lang='lat' dir='ltr'><strong>ad</strong></span> <span class='ocrx_word' id='word_1_315' title='bbox 1798 3919 1923 3959; x_wconf 89' lang='lat' dir='ltr'><strong>eum</strong></span> <span class='ocrx_word' id='word_1_316' title='bbox 1967 3906 2132 3961; x_wconf 85' lang='lat' dir='ltr'><strong>homo</strong></span> 
     </span>
    </p>
   </div>
   <div class='ocr_carea' id='block_1_42' title="bbox 549 3974 2131 4064">
    <p class='ocr_par' dir='ltr' id='par_1_42' title="bbox 549 3974 2131 4064">
     <span class='ocr_line' id='line_1_42' title="bbox 549 3974 2131 4064; baseline 0.014 -36"><span class='ocrx_word' id='word_1_317' title='bbox 549 3974 645 4031; x_wconf 92' lang='lat' dir='ltr'><strong>Dei</strong></span> <span class='ocrx_word' id='word_1_318' title='bbox 682 3993 696 4030; x_wconf 89' lang='lat'><strong>:</strong></span> <span class='ocrx_word' id='word_1_319' title='bbox 730 3977 860 4034; x_wconf 59' lang='lat' dir='ltr'><strong>Haec</strong></span> <span class='ocrx_word' id='word_1_320' title='bbox 887 3981 1019 4037; x_wconf 88' lang='lat' dir='ltr'><strong>dicit</strong></span> <span class='ocrx_word' id='word_1_321' title='bbox 1054 3982 1322 4040; x_wconf 89' lang='lat' dir='ltr'><strong>Dominus</strong></span> <span class='ocrx_word' id='word_1_322' title='bbox 1355 4004 1368 4039; x_wconf 89' lang='lat'><strong>:</strong></span> <span class='ocrx_word' id='word_1_323' title='bbox 1416 3987 1717 4061; x_wconf 82' lang='lat' dir='ltr'><strong>PrOpterea</strong></span> <span class='ocrx_word' id='word_1_324' title='bbox 1757 3996 1905 4064; x_wconf 86' lang='lat' dir='ltr'><strong>quod</strong></span> <span class='ocrx_word' id='word_1_325' title='bbox 1939 3998 2131 4053; x_wconf 86' lang='lat' dir='ltr'><strong>emisi-</strong></span> 
     </span>
    </p>
   </div>
   <div class='ocr_carea' id='block_1_43' title="bbox 549 4067 2131 4153">
    <p class='ocr_par' dir='ltr' id='par_1_43' title="bbox 549 4067 2131 4153">
     <span class='ocr_line' id='line_1_43' title="bbox 549 4067 2131 4153; baseline 0.016 -33"><span class='ocrx_word' id='word_1_326' title='bbox 549 4067 624 4121; x_wconf 91' lang='lat' dir='ltr'><strong>sti</strong></span> <span class='ocrx_word' id='word_1_327' title='bbox 661 4075 719 4122; x_wconf 91' lang='lat' dir='ltr'><strong>tu</strong></span> <span class='ocrx_word' id='word_1_328' title='bbox 758 4070 938 4124; x_wconf 88' lang='lat' dir='ltr'><strong>virum</strong></span> <span class='ocrx_word' id='word_1_329' title='bbox 990 4076 1367 4142; x_wconf 84' lang='lat' dir='ltr'><strong>perniciosum</strong></span> <span class='ocrx_word' id='word_1_330' title='bbox 1410 4078 1477 4134; x_wconf 92' lang='lat' dir='ltr'><strong>de</strong></span> <span class='ocrx_word' id='word_1_331' title='bbox 1514 4097 1679 4136; x_wconf 88' lang='lat' dir='ltr'><strong>manu</strong></span> <span class='ocrx_word' id='word_1_332' title='bbox 1734 4092 1863 4153; x_wconf 91' lang='lat' dir='ltr'><strong>tua;</strong></span> <span class='ocrx_word' id='word_1_333' title='bbox 1917 4096 1973 4143; x_wconf 90' lang='lat' dir='ltr'><strong>et</strong></span> <span class='ocrx_word' id='word_1_334' title='bbox 2024 4091 2131 4145; x_wconf 87' lang='lat' dir='ltr'><strong>erit</strong></span> 
     </span>
    </p>
   </div>
   <div class='ocr_carea' id='block_1_44' title="bbox 547 4159 2131 4253">
    <p class='ocr_par' dir='ltr' id='par_1_44' title="bbox 547 4159 2131 4253">
     <span class='ocr_line' id='line_1_44' title="bbox 547 4159 2131 4253; baseline 0.018 -43"><span class='ocrx_word' id='word_1_335' title='bbox 547 4159 731 4213; x_wconf 90' lang='lat' dir='ltr'><strong>anima</strong></span> <span class='ocrx_word' id='word_1_336' title='bbox 764 4168 857 4216; x_wconf 92' lang='lat' dir='ltr'><strong>tua</strong></span> <span class='ocrx_word' id='word_1_337' title='bbox 887 4179 984 4233; x_wconf 90' lang='lat' dir='ltr'><strong>pro</strong></span> <span class='ocrx_word' id='word_1_338' title='bbox 1011 4166 1196 4222; x_wconf 90' lang='lat' dir='ltr'><strong>anima</strong></span> <span class='ocrx_word' id='word_1_339' title='bbox 1228 4169 1373 4240; x_wconf 89' lang='lat' dir='ltr'><strong>ejus,</strong></span> <span class='ocrx_word' id='word_1_340' title='bbox 1398 4182 1452 4226; x_wconf 91' lang='lat' dir='ltr'><strong>et</strong></span> <span class='ocrx_word' id='word_1_341' title='bbox 1477 4176 1716 4244; x_wconf 88' lang='lat' dir='ltr'><strong>populus</strong></span> <span class='ocrx_word' id='word_1_342' title='bbox 1742 4185 1871 4235; x_wconf 89' lang='lat' dir='ltr'><strong>tuus</strong></span> <span class='ocrx_word' id='word_1_343' title='bbox 1899 4194 2000 4251; x_wconf 90' lang='lat' dir='ltr'><strong>pro</strong></span> <span class='ocrx_word' id='word_1_344' title='bbox 2031 4198 2131 4253; x_wconf 88' lang='lat' dir='ltr'><strong>po-</strong></span> 
     </span>
    </p>
   </div>
   <div class='ocr_carea' id='block_1_45' title="bbox 546 4250 918 4323">
    <p class='ocr_par' dir='ltr' id='par_1_45' title="bbox 546 4250 918 4323">
     <span class='ocr_line' id='line_1_45' title="bbox 546 4250 918 4323; baseline 0.005 -19"><span class='ocrx_word' id='word_1_345' title='bbox 546 4250 677 4319; x_wconf 87' lang='lat' dir='ltr'><strong>pulo</strong></span> <span class='ocrx_word' id='word_1_346' title='bbox 714 4250 859 4323; x_wconf 85' lang='lat' dir='ltr'><strong>ejus.</strong></span> <span class='ocrx_word' id='word_1_347' title='bbox 898 4273 918 4306; x_wconf 73' lang='grc' dir='ltr'><strong>ι</strong></span> 
     </span>
    </p>
   </div>
   <div class='ocr_carea' id='block_1_46' title="bbox 616 4423 2129 4503">
    <p class='ocr_par' dir='ltr' id='par_1_46' title="bbox 616 4423 2129 4503">
     <span class='ocr_line' id='line_1_46' title="bbox 616 4423 2129 4503; baseline 0.015 -23"><span class='ocrx_word' id='word_1_348' title='bbox 616 4423 855 4494; x_wconf 82' lang='lat' dir='ltr'><strong>Sophon.</strong></span> <span class='ocrx_word' id='word_1_349' title='bbox 896 4443 936 4493; x_wconf 83' lang='grc' dir='ltr'><strong>ι,</strong></span> <span class='ocrx_word' id='word_1_350' title='bbox 971 4431 1060 4485; x_wconf 81' lang='lat' dir='ltr'><strong>I...</strong></span> <span class='ocrx_word' id='word_1_351' title='bbox 1090 4462 1161 4473; x_wconf 90' lang='lat'><strong>—-</strong></span> <span class='ocrx_word' id='word_1_352' title='bbox 1183 4451 1203 4485; x_wconf 76' lang='grc' dir='ltr'><strong>ι</strong></span> <span class='ocrx_word' id='word_1_353' title='bbox 1235 4434 1537 4495; x_wconf 88' lang='lat' dir='ltr'><strong>Scrutabor</strong></span> <span class='ocrx_word' id='word_1_354' title='bbox 1555 4439 1864 4499; x_wconf 86' lang='lat' dir='ltr'><strong>Jerusalem</strong></span> <span class='ocrx_word' id='word_1_355' title='bbox 1889 4462 2011 4502; x_wconf 91' lang='lat' dir='ltr'><strong>cum</strong></span> <span class='ocrx_word' id='word_1_356' title='bbox 2042 4448 2129 4503; x_wconf 89' lang='lat' dir='ltr'><strong>lu-</strong></span> 
     </span>
    </p>
   </div>
   <div class='ocr_carea' id='block_1_47' title="bbox 2288 609 2478 681">
    <p class='ocr_par' dir='ltr' id='par_1_47' title="bbox 2288 609 2478 681">
     <span class='ocr_line' id='line_1_47' title="bbox 2288 609 2478 681; baseline 0.026 -21"><span class='ocrx_word' id='word_1_357' title='bbox 2288 609 2478 681; x_wconf 79' lang='grc' dir='ltr'>ντύχῃ.</span> 
     </span>
    </p>
   </div>
   <div class='ocr_carea' id='block_1_48' title="bbox 2262 740 3791 824">
    <p class='ocr_par' dir='ltr' id='par_1_48' title="bbox 2262 740 3791 824">
     <span class='ocr_line' id='line_1_48' title="bbox 2262 740 3791 824; baseline 0.013 -33"><span class='ocrx_word' id='word_1_358' title='bbox 2262 740 2442 794; x_wconf 82' lang='grc' dir='ltr'><strong>ΤΙΤΛ.</strong></span> <span class='ocrx_word' id='word_1_359' title='bbox 2475 742 2606 796; x_wconf 82' lang='lat' dir='ltr'><strong>AH&#39;.</strong></span> <span class='ocrx_word' id='word_1_360' title='bbox 2624 744 2872 824; x_wconf 42' lang='lat' dir='ltr'><strong>:11th</strong></span> <span class='ocrx_word' id='word_1_361' title='bbox 2897 744 3286 824; x_wconf 50' lang='lat' dir='ltr'><strong>ametiqu</strong></span> <span class='ocrx_word' id='word_1_362' title='bbox 3304 784 3321 800; x_wconf 86' lang='lat'><strong>.</strong></span> <span class='ocrx_word' id='word_1_363' title='bbox 3338 743 3456 824; x_wconf 54' lang='lat' dir='ltr'><strong>ag!</strong></span> <span class='ocrx_word' id='word_1_364' title='bbox 3502 744 3791 824; x_wconf 55' lang='grc' dir='ltr'>ἀττειξοθξ-</span> 
     </span>
    </p>
   </div>
   <div class='ocr_carea' id='block_1_49' title="bbox 2331 814 3789 896">
    <p class='ocr_par' dir='ltr' id='par_1_49' title="bbox 2331 814 3789 896">
     <span class='ocr_line' id='line_1_49' title="bbox 2331 814 3789 896; baseline 0.01 -33"><span class='ocrx_word' id='word_1_365' title='bbox 2331 826 2510 876; x_wconf 81' lang='grc' dir='ltr'>σεως,</span> <span class='ocrx_word' id='word_1_366' title='bbox 2541 814 2640 893; x_wconf 55' lang='grc' dir='ltr'>καὶ</span> <span class='ocrx_word' id='word_1_367' title='bbox 2681 814 2981 896; x_wconf 62' lang='grc' dir='ltr'>ἀκριβείας</span> <span class='ocrx_word' id='word_1_368' title='bbox 3030 815 3213 896; x_wconf 44' lang='lat' dir='ltr'><strong>Geor&quot;):</strong></span> <span class='ocrx_word' id='word_1_369' title='bbox 3257 815 3361 896; x_wconf 53' lang='lat' dir='ltr'><strong>aeui</strong></span> <span class='ocrx_word' id='word_1_370' title='bbox 3380 816 3587 896; x_wconf 56' lang='grc' dir='ltr'>ὃτι-οὑ</span> <span class='ocrx_word' id='word_1_371' title='bbox 3609 814 3691 896; x_wconf 72' lang='grc' dir='ltr'>δεξ</span> 
     </span>
    </p>
   </div>
   <div class='ocr_carea' id='block_1_50' title="bbox 2330 881 3791 953">
    <p class='ocr_par' dir='ltr' id='par_1_50' title="bbox 2330 881 3791 953">
     <span class='ocr_line' id='line_1_50' title="bbox 2330 881 3791 953; baseline 0.008 -20"><span class='ocrx_word' id='word_1_372' title='bbox 2330 881 2519 953; x_wconf 68' lang='grc' dir='ltr'>ὀργῆς</span> <span class='ocrx_word' id='word_1_373' title='bbox 2535 882 2642 937; x_wconf 86' lang='grc' dir='ltr'>τοῦ</span> <span class='ocrx_word' id='word_1_374' title='bbox 2675 884 2829 938; x_wconf 85' lang='grc' dir='ltr'><strong>Θεοῦ</strong></span> <span class='ocrx_word' id='word_1_375' title='bbox 2861 886 3051 939; x_wconf 78' lang='grc' dir='ltr'>πλέον</span> <span class='ocrx_word' id='word_1_376' title='bbox 3082 886 3447 953; x_wconf 81' lang='grc' dir='ltr'>ἀμύνασθαι,</span> <span class='ocrx_word' id='word_1_377' title='bbox 3483 885 3523 953; x_wconf 83' lang='grc' dir='ltr'><strong>ῆ</strong></span> <span class='ocrx_word' id='word_1_378' title='bbox 3551 885 3702 953; x_wconf 70' lang='grc' dir='ltr'>παρὰ</span> <span class='ocrx_word' id='word_1_379' title='bbox 3721 891 3791 949; x_wconf 57' lang='grc' dir='ltr'><strong>τὰς</strong></span> 
     </span>
    </p>
   </div>
   <div class='ocr_carea' id='block_1_51' title="bbox 2326 952 3439 1024">
    <p class='ocr_par' dir='ltr' id='par_1_51' title="bbox 2326 952 3439 1024">
     <span class='ocr_line' id='line_1_51' title="bbox 2326 952 3439 1024; baseline 0.004 -20"><span class='ocrx_word' id='word_1_380' title='bbox 2326 952 2583 1018; x_wconf 76' lang='grc' dir='ltr'>ἐντολὰς</span> <span class='ocrx_word' id='word_1_381' title='bbox 2609 954 2797 1008; x_wconf 86' lang='grc' dir='ltr'>αὐτοῦ</span> <span class='ocrx_word' id='word_1_382' title='bbox 2825 952 3439 1024; x_wconf 72' lang='grc' dir='ltr'>φιλανθρωπεύεσθαι.</span> 
     </span>
    </p>
   </div>
   <div class='ocr_carea' id='block_1_52' title="bbox 2332 1061 3793 1142">
    <p class='ocr_par' dir='ltr' id='par_1_52' title="bbox 2332 1061 3793 1142">
     <span class='ocr_line' id='line_1_52' title="bbox 2332 1061 3793 1142; baseline 0.004 -26"><span class='ocrx_word' id='word_1_383' title='bbox 2332 1082 2351 1116; x_wconf 81' lang='grc' dir='ltr'><strong>ι</strong></span> <span class='ocrx_word' id='word_1_384' title='bbox 2386 1061 2520 1123; x_wconf 80' lang='grc' dir='ltr'>Εῐπε</span> <span class='ocrx_word' id='word_1_385' title='bbox 2564 1067 2818 1140; x_wconf 81' lang='grc' dir='ltr'><strong>Σαμουὴλ</strong></span> <span class='ocrx_word' id='word_1_386' title='bbox 2876 1073 3013 1139; x_wconf 78' lang='grc' dir='ltr'>πρὸς</span> <span class='ocrx_word' id='word_1_387' title='bbox 3058 1069 3263 1123; x_wconf 76' lang='grc' dir='ltr'><strong>Σαούλ⁹</strong></span> <span class='ocrx_word' id='word_1_388' title='bbox 3295 1071 3437 1140; x_wconf 60' lang='grc' dir='ltr'><strong>Οὐχὶ</strong></span> <span class='ocrx_word' id='word_1_389' title='bbox 3473 1070 3669 1142; x_wconf 79' lang='grc' dir='ltr'>μικρὸς</span> <span class='ocrx_word' id='word_1_390' title='bbox 3702 1072 3793 1123; x_wconf 64' lang='grc' dir='ltr'><strong>ἐγὼ·</strong></span> 
     </span>
    </p>
   </div>
   <div class='ocr_carea' id='block_1_53' title="bbox 2255 1158 3789 1233">
    <p class='ocr_par' dir='ltr' id='par_1_53' title="bbox 2255 1158 3789 1233">
     <span class='ocr_line' id='line_1_53' title="bbox 2255 1158 3789 1233; baseline 0.007 -25"><span class='ocrx_word' id='word_1_391' title='bbox 2255 1173 2378 1209; x_wconf 87' lang='grc' dir='ltr'>πιον</span> <span class='ocrx_word' id='word_1_392' title='bbox 2430 1158 2664 1228; x_wconf 83' lang='grc' dir='ltr'><strong>Κυρίου,</strong></span> <span class='ocrx_word' id='word_1_393' title='bbox 2703 1160 3007 1231; x_wconf 77' lang='grc' dir='ltr'>ἡγούμενος</span> <span class='ocrx_word' id='word_1_394' title='bbox 3064 1163 3340 1233; x_wconf 80' lang='grc' dir='ltr'><strong>σκήπτρου</strong></span> <span class='ocrx_word' id='word_1_395' title='bbox 3382 1162 3571 1233; x_wconf 78' lang='grc' dir='ltr'>φυλῆς</span> <span class='ocrx_word' id='word_1_396' title='bbox 3598 1164 3789 1233; x_wconf 62' lang='grc' dir='ltr'>Ἰσραήλ.</span> 
     </span>
    </p>
   </div>
   <div class='ocr_carea' id='block_1_54' title="bbox 2264 1245 3790 1321">
    <p class='ocr_par' dir='ltr' id='par_1_54' title="bbox 2264 1245 3790 1321">
     <span class='ocr_line' id='line_1_54' title="bbox 2264 1245 3790 1321; baseline 0.003 -25"><span class='ocrx_word' id='word_1_397' title='bbox 2264 1247 2360 1298; x_wconf 80' lang='grc' dir='ltr'><strong>καὶ</strong></span> <span class='ocrx_word' id='word_1_398' title='bbox 2390 1245 2577 1316; x_wconf 83' lang='grc' dir='ltr'>ἕχρισέ</span> <span class='ocrx_word' id='word_1_399' title='bbox 2612 1264 2672 1299; x_wconf 90' lang='grc' dir='ltr'><strong>σε</strong></span> <span class='ocrx_word' id='word_1_400' title='bbox 2711 1248 2915 1317; x_wconf 85' lang='grc' dir='ltr'>Κύριος</span> <span class='ocrx_word' id='word_1_401' title='bbox 2942 1251 3021 1311; x_wconf 81' lang='grc' dir='ltr'><strong>είς</strong></span> <span class='ocrx_word' id='word_1_402' title='bbox 3052 1248 3278 1319; x_wconf 80' lang='grc' dir='ltr'><strong>βασιλέα</strong></span> <span class='ocrx_word' id='word_1_403' title='bbox 3316 1250 3412 1303; x_wconf 80' lang='grc' dir='ltr'><strong>ἐπὶ</strong></span> <span class='ocrx_word' id='word_1_404' title='bbox 3442 1251 3690 1321; x_wconf 77' lang='grc' dir='ltr'>Ἰσραήλ;</span> <span class='ocrx_word' id='word_1_405' title='bbox 3716 1254 3790 1303; x_wconf 67' lang='grc' dir='ltr'><strong>Κεζ</strong></span> 
     </span>
    </p>
   </div>
   <div class='ocr_carea' id='block_1_55' title="bbox 2254 1333 3789 1413">
    <p class='ocr_par' dir='ltr' id='par_1_55' title="bbox 2254 1333 3789 1413">
     <span class='ocr_line' id='line_1_55' title="bbox 2254 1333 3789 1413; baseline 0.002 -23"><span class='ocrx_word' id='word_1_406' title='bbox 2254 1333 2407 1391; x_wconf 83' lang='grc' dir='ltr'>εἶπέν</span> <span class='ocrx_word' id='word_1_407' title='bbox 2432 1357 2514 1392; x_wconf 89' lang='grc' dir='ltr'><strong>σοι</strong></span> <span class='ocrx_word' id='word_1_408' title='bbox 2534 1357 2550 1373; x_wconf 78' lang='grc' dir='ltr'><strong>ο</strong></span> <span class='ocrx_word' id='word_1_409' title='bbox 2581 1340 2911 1410; x_wconf 77' lang='grc' dir='ltr'><strong>Πορεύθητι,</strong></span> <span class='ocrx_word' id='word_1_410' title='bbox 2933 1343 3030 1397; x_wconf 78' lang='grc' dir='ltr'>καὶ</span> <span class='ocrx_word' id='word_1_411' title='bbox 3049 1341 3431 1412; x_wconf 77' lang='grc' dir='ltr'>ἐξολόθρευσον</span> <span class='ocrx_word' id='word_1_412' title='bbox 3454 1343 3555 1394; x_wconf 84' lang='grc' dir='ltr'><strong>τὸν</strong></span> <span class='ocrx_word' id='word_1_413' title='bbox 3571 1345 3789 1413; x_wconf 57' lang='lat' dir='ltr'><strong>&#39;Ayaitijz,</strong></span> 
     </span>
    </p>
   </div>
   <div class='ocr_carea' id='block_1_56' title="bbox 2254 1429 3787 1502">
    <p class='ocr_par' dir='ltr' id='par_1_56' title="bbox 2254 1429 3787 1502">
     <span class='ocr_line' id='line_1_56' title="bbox 2254 1429 3787 1502; baseline 0.004 -22"><span class='ocrx_word' id='word_1_414' title='bbox 2254 1429 2381 1491; x_wconf 80' lang='grc' dir='ltr'>τοὺς</span> <span class='ocrx_word' id='word_1_415' title='bbox 2410 1429 2828 1499; x_wconf 84' lang='grc' dir='ltr'>ἁμαρτάνοντας</span> <span class='ocrx_word' id='word_1_416' title='bbox 2858 1433 2940 1494; x_wconf 83' lang='grc' dir='ltr'>εἰς</span> <span class='ocrx_word' id='word_1_417' title='bbox 2964 1432 3087 1501; x_wconf 85' lang='grc' dir='ltr'>ἐμὲ,</span> <span class='ocrx_word' id='word_1_418' title='bbox 3117 1431 3213 1485; x_wconf 72' lang='grc' dir='ltr'><strong>καὶ</strong></span> <span class='ocrx_word' id='word_1_419' title='bbox 3252 1432 3601 1502; x_wconf 79' lang='grc' dir='ltr'>πολεμήσεις</span> <span class='ocrx_word' id='word_1_420' title='bbox 3622 1436 3787 1494; x_wconf 57' lang='grc' dir='ltr'>αὐτοὺς.</span> 
     </span>
    </p>
   </div>
   <div class='ocr_carea' id='block_1_57' title="bbox 2253 1516 3787 1595">
    <p class='ocr_par' dir='ltr' id='par_1_57' title="bbox 2253 1516 3787 1595">
     <span class='ocr_line' id='line_1_57' title="bbox 2253 1516 3787 1595; baseline 0 -22"><span class='ocrx_word' id='word_1_421' title='bbox 2253 1521 2356 1584; x_wconf 79' lang='grc' dir='ltr'>ἕως</span> <span class='ocrx_word' id='word_1_422' title='bbox 2383 1516 2445 1574; x_wconf 75' lang='grc' dir='ltr'><strong>οὗ</strong></span> <span class='ocrx_word' id='word_1_423' title='bbox 2489 1523 2812 1595; x_wconf 79' lang='grc' dir='ltr'>συντελέσῃς</span> <span class='ocrx_word' id='word_1_424' title='bbox 2852 1524 3067 1587; x_wconf 79' lang='grc' dir='ltr'>αὐτούς.</span> <span class='ocrx_word' id='word_1_425' title='bbox 3099 1524 3210 1578; x_wconf 74' lang='grc' dir='ltr'><strong>Καὶ</strong></span> <span class='ocrx_word' id='word_1_426' title='bbox 3241 1525 3328 1578; x_wconf 79' lang='grc' dir='ltr'>ἵνα</span> <span class='ocrx_word' id='word_1_427' title='bbox 3364 1526 3423 1577; x_wconf 82' lang='grc' dir='ltr'><strong>τί</strong></span> <span class='ocrx_word' id='word_1_428' title='bbox 3460 1526 3571 1579; x_wconf 73' lang='grc' dir='ltr'>οὐκ</span> <span class='ocrx_word' id='word_1_429' title='bbox 3604 1526 3787 1595; x_wconf 53' lang='grc' dir='ltr'>ἣκοντας</span> 
     </span>
    </p>
   </div>
   <div class='ocr_carea' id='block_1_58' title="bbox 2254 1610 3786 1685">
    <p class='ocr_par' dir='ltr' id='par_1_58' title="bbox 2254 1610 3786 1685">
     <span class='ocr_line' id='line_1_58' title="bbox 2254 1610 3786 1685; baseline 0.004 -23"><span class='ocrx_word' id='word_1_430' title='bbox 2254 1610 2355 1679; x_wconf 85' lang='grc' dir='ltr'>τῆς</span> <span class='ocrx_word' id='word_1_431' title='bbox 2396 1614 2581 1682; x_wconf 81' lang='grc' dir='ltr'>φωνῆς</span> <span class='ocrx_word' id='word_1_432' title='bbox 2633 1613 2861 1685; x_wconf 82' lang='grc' dir='ltr'>Κυρίου,</span> <span class='ocrx_word' id='word_1_433' title='bbox 2918 1614 3033 1669; x_wconf 85' lang='grc' dir='ltr'>ἀλλ’</span> <span class='ocrx_word' id='word_1_434' title='bbox 3062 1612 3329 1685; x_wconf 82' lang='grc' dir='ltr'><strong>ὥρμησας</strong></span> <span class='ocrx_word' id='word_1_435' title='bbox 3374 1616 3477 1670; x_wconf 75' lang='grc' dir='ltr'>ἐπὶ</span> <span class='ocrx_word' id='word_1_436' title='bbox 3525 1616 3597 1668; x_wconf 73' lang='grc' dir='ltr'><strong>τὰ</strong></span> <span class='ocrx_word' id='word_1_437' title='bbox 3644 1616 3786 1675; x_wconf 53' lang='lat' dir='ltr'><strong>exiit,</strong></span> 
     </span>
    </p>
   </div>
   <div class='ocr_carea' id='block_1_59' title="bbox 2252 1702 3787 1777">
    <p class='ocr_par' dir='ltr' id='par_1_59' title="bbox 2252 1702 3787 1777">
     <span class='ocr_line' id='line_1_59' title="bbox 2252 1702 3787 1777; baseline 0.005 -24"><span class='ocrx_word' id='word_1_438' title='bbox 2252 1702 2346 1753; x_wconf 74' lang='grc' dir='ltr'>καὶ</span> <span class='ocrx_word' id='word_1_439' title='bbox 2373 1702 2466 1755; x_wconf 85' lang='grc' dir='ltr'><strong>τὸν</strong></span> <span class='ocrx_word' id='word_1_440' title='bbox 2497 1702 2721 1772; x_wconf 80' lang='grc' dir='ltr'><strong>βασιλέα</strong></span> <span class='ocrx_word' id='word_1_441' title='bbox 2757 1705 2982 1775; x_wconf 86' lang='grc' dir='ltr'>ἀγαγὼν</span> <span class='ocrx_word' id='word_1_442' title='bbox 3022 1710 3399 1777; x_wconf 75' lang='grc' dir='ltr'>περιεποιήσω</span> <span class='ocrx_word' id='word_1_443' title='bbox 3426 1724 3446 1773; x_wconf 86' lang='grc'><strong>;</strong></span> <span class='ocrx_word' id='word_1_444' title='bbox 3491 1709 3606 1761; x_wconf 74' lang='grc' dir='ltr'><strong>Καὶ</strong></span> <span class='ocrx_word' id='word_1_445' title='bbox 3634 1710 3787 1777; x_wconf 65' lang='grc' dir='ltr'>ἐξουδέ-</span> 
     </span>
    </p>
   </div>
   <div class='ocr_carea' id='block_1_60' title="bbox 2252 1797 3785 1872">
    <p class='ocr_par' dir='ltr' id='par_1_60' title="bbox 2252 1797 3785 1872">
     <span class='ocr_line' id='line_1_60' title="bbox 2252 1797 3785 1872; baseline 0.005 -25"><span class='ocrx_word' id='word_1_446' title='bbox 2252 1812 2431 1859; x_wconf 89' lang='grc' dir='ltr'>νωσας</span> <span class='ocrx_word' id='word_1_447' title='bbox 2454 1797 2514 1850; x_wconf 86' lang='grc' dir='ltr'><strong>τὸ</strong></span> <span class='ocrx_word' id='word_1_448' title='bbox 2543 1797 2697 1869; x_wconf 75' lang='grc' dir='ltr'><strong>ῥῆμα</strong></span> <span class='ocrx_word' id='word_1_449' title='bbox 2736 1800 2969 1870; x_wconf 82' lang='grc' dir='ltr'>Κυρίου,</span> <span class='ocrx_word' id='word_1_450' title='bbox 2999 1802 3095 1855; x_wconf 62' lang='grc' dir='ltr'><strong>καί⁵</strong></span> <span class='ocrx_word' id='word_1_451' title='bbox 3138 1800 3501 1868; x_wconf 79' lang='grc' dir='ltr'>ἐξουδενώσει</span> <span class='ocrx_word' id='word_1_452' title='bbox 3549 1820 3607 1855; x_wconf 86' lang='grc' dir='ltr'><strong>σε</strong></span> <span class='ocrx_word' id='word_1_453' title='bbox 3634 1803 3785 1872; x_wconf 53' lang='lat' dir='ltr'><strong>Rapta;</strong></span> 
     </span>
    </p>
   </div>
   <div class='ocr_carea' id='block_1_61' title="bbox 2177 1868 3335 1963">
    <p class='ocr_par' dir='ltr' id='par_1_61' title="bbox 2177 1868 3335 1963">
     <span class='ocr_line' id='line_1_61' title="bbox 2177 1868 3335 1963; baseline 0.006 -25"><span class='ocrx_word' id='word_1_454' title='bbox 2177 1868 2221 1925; x_wconf 75' lang='grc' dir='ltr'><strong>Β</strong></span> <span class='ocrx_word' id='word_1_455' title='bbox 2249 1884 2342 1939; x_wconf 83' lang='grc' dir='ltr'><strong>τοῦ</strong></span> <span class='ocrx_word' id='word_1_456' title='bbox 2379 1887 2454 1958; x_wconf 83' lang='grc' dir='ltr'><strong>μὴ</strong></span> <span class='ocrx_word' id='word_1_457' title='bbox 2487 1868 2631 1941; x_wconf 75' lang='grc' dir='ltr'>εἶναι</span> <span class='ocrx_word' id='word_1_458' title='bbox 2667 1868 2891 1959; x_wconf 78' lang='grc' dir='ltr'>βασιλέα</span> <span class='ocrx_word' id='word_1_459' title='bbox 2927 1892 3018 1945; x_wconf 78' lang='grc' dir='ltr'><strong>ἐπὶ</strong></span> <span class='ocrx_word' id='word_1_460' title='bbox 3043 1891 3281 1963; x_wconf 83' lang='grc' dir='ltr'>Ἰσραήλ.</span> <span class='ocrx_word' id='word_1_461' title='bbox 3315 1912 3335 1945; x_wconf 78' lang='grc' dir='ltr'><strong>ι</strong></span> 
     </span>
    </p>
   </div>
   <div class='ocr_carea' id='block_1_62' title="bbox 2324 1980 3784 2056">
    <p class='ocr_par' dir='ltr' id='par_1_62' title="bbox 2324 1980 3784 2056">
     <span class='ocr_line' id='line_1_62' title="bbox 2324 1980 3784 2056; baseline 0.004 -26"><span class='ocrx_word' id='word_1_462' title='bbox 2324 1998 2343 2029; x_wconf 74' lang='grc' dir='ltr'><strong>ι</strong></span> <span class='ocrx_word' id='word_1_463' title='bbox 2377 1980 2691 2051; x_wconf 86' lang='grc' dir='ltr'>Προσῆλθεν</span> <span class='ocrx_word' id='word_1_464' title='bbox 2749 1982 2967 2050; x_wconf 69' lang='grc' dir='ltr'>Ἠλιοῦ,</span> <span class='ocrx_word' id='word_1_465' title='bbox 3014 1984 3105 2036; x_wconf 78' lang='grc' dir='ltr'><strong>καὶ</strong></span> <span class='ocrx_word' id='word_1_466' title='bbox 3163 1981 3320 2038; x_wconf 79' lang='grc' dir='ltr'>εἶπεν</span> <span class='ocrx_word' id='word_1_467' title='bbox 3357 1986 3587 2056; x_wconf 78' lang='grc' dir='ltr'>Ἀχαὰδ</span> <span class='ocrx_word' id='word_1_468' title='bbox 3630 1986 3784 2056; x_wconf 69' lang='grc' dir='ltr'>βασιλεῖ</span> 
     </span>
    </p>
   </div>
   <div class='ocr_carea' id='block_1_63' title="bbox 2260 2071 3780 2148">
    <p class='ocr_par' dir='ltr' id='par_1_63' title="bbox 2260 2071 3780 2148">
     <span class='ocr_line' id='line_1_63' title="bbox 2260 2071 3780 2148; baseline 0.004 -23"><span class='ocrx_word' id='word_1_469' title='bbox 2260 2071 2517 2143; x_wconf 84' lang='grc' dir='ltr'>Ἰσραήλ·</span> <span class='ocrx_word' id='word_1_470' title='bbox 2552 2074 2693 2130; x_wconf 84' lang='grc' dir='ltr'><strong>Τάδε</strong></span> <span class='ocrx_word' id='word_1_471' title='bbox 2717 2073 2869 2143; x_wconf 85' lang='grc' dir='ltr'>λέγει</span> <span class='ocrx_word' id='word_1_472' title='bbox 2909 2072 3141 2148; x_wconf 74' lang='grc' dir='ltr'>Κύριος·</span> <span class='ocrx_word' id='word_1_473' title='bbox 3179 2077 3325 2132; x_wconf 81' lang='grc' dir='ltr'>’Δνθ’</span> <span class='ocrx_word' id='word_1_474' title='bbox 3358 2072 3438 2132; x_wconf 83' lang='grc' dir='ltr'>ὧν</span> <span class='ocrx_word' id='word_1_475' title='bbox 3474 2076 3606 2134; x_wconf 75' lang='grc' dir='ltr'>εἷπε</span> <span class='ocrx_word' id='word_1_476' title='bbox 3641 2081 3780 2148; x_wconf 68' lang='grc' dir='ltr'>Συρία,</span> 
     </span>
    </p>
   </div>
   <div class='ocr_carea' id='block_1_64' title="bbox 2248 2162 3779 2244">
    <p class='ocr_par' dir='ltr' id='par_1_64' title="bbox 2248 2162 3779 2244">
     <span class='ocr_line' id='line_1_64' title="bbox 2248 2162 3779 2244; baseline 0.007 -29"><span class='ocrx_word' id='word_1_477' title='bbox 2248 2162 2381 2227; x_wconf 83' lang='grc' dir='ltr'>Θεὸς</span> <span class='ocrx_word' id='word_1_478' title='bbox 2412 2164 2587 2237; x_wconf 80' lang='grc' dir='ltr'>ὀρέων</span> <span class='ocrx_word' id='word_1_479' title='bbox 2644 2167 2870 2239; x_wconf 80' lang='grc' dir='ltr'>Κύριος,</span> <span class='ocrx_word' id='word_1_480' title='bbox 2904 2171 2933 2222; x_wconf 98' lang='lat'><strong>6</strong></span> <span class='ocrx_word' id='word_1_481' title='bbox 2972 2170 3103 2233; x_wconf 79' lang='grc' dir='ltr'>Θεὸς</span> <span class='ocrx_word' id='word_1_482' title='bbox 3156 2171 3377 2244; x_wconf 79' lang='grc' dir='ltr'>Ἰσραὴλ</span> <span class='ocrx_word' id='word_1_483' title='bbox 3398 2214 3415 2239; x_wconf 95' lang='grc'><strong>,</strong></span> <span class='ocrx_word' id='word_1_484' title='bbox 3474 2175 3577 2226; x_wconf 80' lang='grc' dir='ltr'>καὶ</span> <span class='ocrx_word' id='word_1_485' title='bbox 3611 2173 3661 2227; x_wconf 66' lang='grc' dir='ltr'>οὗ</span> <span class='ocrx_word' id='word_1_486' title='bbox 3693 2172 3779 2233; x_wconf 71' lang='grc' dir='ltr'>Θεὲς</span> 
     </span>
    </p>
   </div>
   <div class='ocr_carea' id='block_1_65' title="bbox 2245 2256 3779 2337">
    <p class='ocr_par' dir='ltr' id='par_1_65' title="bbox 2245 2256 3779 2337">
     <span class='ocr_line' id='line_1_65' title="bbox 2245 2256 3779 2337; baseline 0.004 -30"><span class='ocrx_word' id='word_1_487' title='bbox 2245 2256 2507 2312; x_wconf 85' lang='grc' dir='ltr'>κοιλάδων</span> <span class='ocrx_word' id='word_1_488' title='bbox 2539 2259 2704 2322; x_wconf 77' lang='grc' dir='ltr'>αὐτός</span> <span class='ocrx_word' id='word_1_489' title='bbox 2727 2275 2741 2289; x_wconf 80' lang='grc'><strong><em>⁸</em></strong></span> <span class='ocrx_word' id='word_1_490' title='bbox 2774 2260 2872 2314; x_wconf 82' lang='grc' dir='ltr'><strong>καὶ</strong></span> <span class='ocrx_word' id='word_1_491' title='bbox 2898 2261 3055 2315; x_wconf 85' lang='grc' dir='ltr'><strong>δώσω</strong></span> <span class='ocrx_word' id='word_1_492' title='bbox 3076 2263 3173 2333; x_wconf 85' lang='grc' dir='ltr'>τὴν</span> <span class='ocrx_word' id='word_1_493' title='bbox 3201 2262 3438 2334; x_wconf 83' lang='grc' dir='ltr'>δύναμιν</span> <span class='ocrx_word' id='word_1_494' title='bbox 3467 2264 3576 2337; x_wconf 76' lang='grc' dir='ltr'>τὴν</span> <span class='ocrx_word' id='word_1_495' title='bbox 3598 2265 3779 2334; x_wconf 54' lang='grc' dir='ltr'>μεγάλῃ</span> 
     </span>
    </p>
   </div>
   <div class='ocr_carea' id='block_1_66' title="bbox 2243 2346 3779 2426">
    <p class='ocr_par' dir='ltr' id='par_1_66' title="bbox 2243 2346 3779 2426">
     <span class='ocr_line' id='line_1_66' title="bbox 2243 2346 3779 2426; baseline 0.004 -26"><span class='ocrx_word' id='word_1_496' title='bbox 2243 2346 2448 2418; x_wconf 86' lang='grc' dir='ltr'>ταύτην</span> <span class='ocrx_word' id='word_1_497' title='bbox 2477 2350 2560 2413; x_wconf 83' lang='grc' dir='ltr'>εἰς</span> <span class='ocrx_word' id='word_1_498' title='bbox 2592 2352 2754 2423; x_wconf 84' lang='grc' dir='ltr'>χεῖρά</span> <span class='ocrx_word' id='word_1_499' title='bbox 2787 2369 2903 2415; x_wconf 89' lang='grc' dir='ltr'>σου,</span> <span class='ocrx_word' id='word_1_500' title='bbox 2950 2353 3043 2406; x_wconf 81' lang='grc' dir='ltr'><strong>καὶ</strong></span> <span class='ocrx_word' id='word_1_501' title='bbox 3070 2353 3253 2426; x_wconf 81' lang='grc' dir='ltr'>γνώσῃ</span> <span class='ocrx_word' id='word_1_502' title='bbox 3290 2356 3379 2409; x_wconf 82' lang='grc' dir='ltr'><strong>ὅτι</strong></span> <span class='ocrx_word' id='word_1_503' title='bbox 3408 2356 3541 2424; x_wconf 82' lang='grc' dir='ltr'>ἐγώ</span> <span class='ocrx_word' id='word_1_504' title='bbox 3572 2358 3672 2426; x_wconf 79' lang='grc' dir='ltr'>εἰμι</span> <span class='ocrx_word' id='word_1_505' title='bbox 3702 2354 3779 2409; x_wconf 53' lang='lat' dir='ltr'><strong>Et}.</strong></span> 
     </span>
    </p>
   </div>
   <div class='ocr_carea' id='block_1_67' title="bbox 2246 2440 3776 2521">
    <p class='ocr_par' dir='ltr' id='par_1_67' title="bbox 2246 2440 3776 2521">
     <span class='ocr_line' id='line_1_67' title="bbox 2246 2440 3776 2521; baseline 0.005 -30"><span class='ocrx_word' id='word_1_506' title='bbox 2246 2455 2382 2509; x_wconf 87' lang='grc' dir='ltr'>ριος.</span> <span class='ocrx_word' id='word_1_507' title='bbox 2413 2440 2523 2493; x_wconf 73' lang='grc' dir='ltr'>Καὶ</span> <span class='ocrx_word' id='word_1_508' title='bbox 2556 2442 2830 2508; x_wconf 77' lang='grc' dir='ltr'>ἐπάταξεν</span> <span class='ocrx_word' id='word_1_509' title='bbox 2858 2443 3073 2515; x_wconf 82' lang='grc' dir='ltr'>Ἰσραὴλ</span> <span class='ocrx_word' id='word_1_510' title='bbox 3101 2446 3197 2521; x_wconf 79' lang='grc' dir='ltr'><strong>τὴν</strong></span> <span class='ocrx_word' id='word_1_511' title='bbox 3242 2446 3483 2518; x_wconf 80' lang='grc' dir='ltr'>Συρίαν,</span> <span class='ocrx_word' id='word_1_512' title='bbox 3525 2449 3695 2502; x_wconf 72' lang='grc' dir='ltr'>ἑκατὸν</span> <span class='ocrx_word' id='word_1_513' title='bbox 3719 2466 3776 2515; x_wconf 75' lang='grc' dir='ltr'><strong>χι-</strong></span> 
     </span>
    </p>
   </div>
   <div class='ocr_carea' id='block_1_68' title="bbox 2242 2525 3771 2608">
    <p class='ocr_par' dir='ltr' id='par_1_68' title="bbox 2242 2525 3771 2608">
     <span class='ocr_line' id='line_1_68' title="bbox 2242 2525 3771 2608; baseline 0.007 -29"><span class='ocrx_word' id='word_1_514' title='bbox 2242 2525 2428 2592; x_wconf 85' lang='grc' dir='ltr'>λιάδας</span> <span class='ocrx_word' id='word_1_515' title='bbox 2480 2530 2663 2595; x_wconf 79' lang='grc' dir='ltr'>πεζῶν</span> <span class='ocrx_word' id='word_1_516' title='bbox 2691 2532 2877 2607; x_wconf 77' lang='grc' dir='ltr'>ἡμέρᾳ</span> <span class='ocrx_word' id='word_1_517' title='bbox 2914 2535 3032 2605; x_wconf 75' lang='grc' dir='ltr'>μιᾷ,</span> <span class='ocrx_word' id='word_1_518' title='bbox 3065 2535 3159 2589; x_wconf 80' lang='grc' dir='ltr'>καὶ</span> <span class='ocrx_word' id='word_1_519' title='bbox 3199 2534 3371 2588; x_wconf 80' lang='grc' dir='ltr'>ἔπεσε</span> <span class='ocrx_word' id='word_1_520' title='bbox 3412 2537 3489 2592; x_wconf 81' lang='grc' dir='ltr'><strong>τὸ</strong></span> <span class='ocrx_word' id='word_1_521' title='bbox 3542 2542 3690 2608; x_wconf 74' lang='grc' dir='ltr'>τεῖχος</span> <span class='ocrx_word' id='word_1_522' title='bbox 3711 2538 3771 2589; x_wconf 55' lang='grc' dir='ltr'><strong>ἐπὶ</strong></span> 
     </span>
    </p>
   </div>
   <div class='ocr_carea' id='block_1_69' title="bbox 2243 2619 3762 2698">
    <p class='ocr_par' dir='ltr' id='par_1_69' title="bbox 2243 2619 3762 2698">
     <span class='ocr_line' id='line_1_69' title="bbox 2243 2619 3762 2698; baseline 0.007 -27"><span class='ocrx_word' id='word_1_523' title='bbox 2243 2619 2416 2673; x_wconf 79' lang='grc' dir='ltr'>εἴκοσι</span> <span class='ocrx_word' id='word_1_524' title='bbox 2460 2623 2552 2675; x_wconf 77' lang='grc' dir='ltr'><strong>καὶ</strong></span> <span class='ocrx_word' id='word_1_525' title='bbox 2599 2624 2742 2678; x_wconf 84' lang='grc' dir='ltr'>έπτὰ</span> <span class='ocrx_word' id='word_1_526' title='bbox 2790 2626 3038 2695; x_wconf 83' lang='grc' dir='ltr'><strong>χιλιάδας</strong></span> <span class='ocrx_word' id='word_1_527' title='bbox 3085 2627 3316 2698; x_wconf 83' lang='grc' dir='ltr'>ἀνδρῶν,</span> <span class='ocrx_word' id='word_1_528' title='bbox 3375 2631 3489 2682; x_wconf 74' lang='grc' dir='ltr'><strong>καὶ</strong></span> <span class='ocrx_word' id='word_1_529' title='bbox 3526 2631 3626 2693; x_wconf 73' lang='grc' dir='ltr'>υίὸς</span> <span class='ocrx_word' id='word_1_530' title='bbox 3659 2630 3762 2695; x_wconf 64' lang='lat'><strong>245%;</strong></span> 
     </span>
    </p>
   </div>
   <div class='ocr_carea' id='block_1_70' title="bbox 2243 2708 3755 2787">
    <p class='ocr_par' dir='ltr' id='par_1_70' title="bbox 2243 2708 3755 2787">
     <span class='ocr_line' id='line_1_70' title="bbox 2243 2708 3755 2787; baseline -0.017 -18"><span class='ocrx_word' id='word_1_531' title='bbox 2243 2710 2463 2779; x_wconf 77' lang='grc' dir='ltr'>ἔφυγεν,</span> <span class='ocrx_word' id='word_1_532' title='bbox 2496 2712 2591 2765; x_wconf 74' lang='grc' dir='ltr'><strong>καὶ</strong></span> <span class='ocrx_word' id='word_1_533' title='bbox 2620 2708 2773 2767; x_wconf 75' lang='grc' dir='ltr'>εἷπον</span> <span class='ocrx_word' id='word_1_534' title='bbox 2807 2714 2946 2787; x_wconf 83' lang='grc' dir='ltr'>πρὸς</span> <span class='ocrx_word' id='word_1_535' title='bbox 2973 2716 3131 2771; x_wconf 80' lang='grc' dir='ltr'>αὐτὸν</span> <span class='ocrx_word' id='word_1_536' title='bbox 3158 2719 3205 2770; x_wconf 78' lang='grc' dir='ltr'>οξ</span> <span class='ocrx_word' id='word_1_537' title='bbox 3230 2718 3428 2784; x_wconf 82' lang='grc' dir='ltr'>παῖδες</span> <span class='ocrx_word' id='word_1_538' title='bbox 3462 2719 3639 2773; x_wconf 49' lang='grc' dir='ltr'><strong>αὐτώ.</strong></span> <span class='ocrx_word' id='word_1_539' title='bbox 3666 2718 3755 2770; x_wconf 42' lang='lat' dir='ltr'><strong>vlt-ﬁ;</strong></span> 
     </span>
    </p>
   </div>
   <div class='ocr_carea' id='block_1_71' title="bbox 2240 2805 3761 2883">
    <p class='ocr_par' dir='ltr' id='par_1_71' title="bbox 2240 2805 3761 2883">
     <span class='ocr_line' id='line_1_71' title="bbox 2240 2805 3761 2883; baseline 0.003 -24"><span class='ocrx_word' id='word_1_540' title='bbox 2240 2805 2305 2876; x_wconf 86' lang='grc' dir='ltr'>δὴ</span> <span class='ocrx_word' id='word_1_541' title='bbox 2336 2806 2583 2875; x_wconf 79' lang='grc' dir='ltr'>οἴδαμεν,</span> <span class='ocrx_word' id='word_1_542' title='bbox 2615 2808 2696 2862; x_wconf 86' lang='grc' dir='ltr'><strong>ὅτι</strong></span> <span class='ocrx_word' id='word_1_543' title='bbox 2750 2808 2992 2880; x_wconf 82' lang='grc' dir='ltr'>βασιλεῖς</span> <span class='ocrx_word' id='word_1_544' title='bbox 3044 2811 3292 2882; x_wconf 80' lang='grc' dir='ltr'>Ἰσραὴλ.</span> <span class='ocrx_word' id='word_1_545' title='bbox 3347 2812 3605 2883; x_wconf 79' lang='grc' dir='ltr'>βασιλεῖς</span> <span class='ocrx_word' id='word_1_546' title='bbox 3633 2815 3761 2873; x_wconf 64' lang='lat' dir='ltr'><strong>Etim;</strong></span> 
     </span>
    </p>
   </div>
   <div class='ocr_carea' id='block_1_72' title="bbox 2241 2898 3770 2977">
    <p class='ocr_par' dir='ltr' id='par_1_72' title="bbox 2241 2898 3770 2977">
     <span class='ocr_line' id='line_1_72' title="bbox 2241 2898 3770 2977; baseline 0.012 -27"><span class='ocrx_word' id='word_1_547' title='bbox 2241 2898 2399 2952; x_wconf 81' lang='grc' dir='ltr'>εἰσίν.</span> <span class='ocrx_word' id='word_1_548' title='bbox 2428 2899 2783 2971; x_wconf 82' lang='grc' dir='ltr'>Ἐπιοώμεθα</span> <span class='ocrx_word' id='word_1_549' title='bbox 2813 2901 2879 2973; x_wconf 83' lang='grc' dir='ltr'>δὴ</span> <span class='ocrx_word' id='word_1_550' title='bbox 2909 2904 3144 2969; x_wconf 85' lang='grc' dir='ltr'>σάκκους</span> <span class='ocrx_word' id='word_1_551' title='bbox 3170 2906 3259 2958; x_wconf 79' lang='grc' dir='ltr'>ἐπὶ</span> <span class='ocrx_word' id='word_1_552' title='bbox 3279 2904 3384 2969; x_wconf 79' lang='grc' dir='ltr'>τὰς</span> <span class='ocrx_word' id='word_1_553' title='bbox 3405 2906 3623 2977; x_wconf 69' lang='grc' dir='ltr'><strong>ὀσφύας</strong></span> <span class='ocrx_word' id='word_1_554' title='bbox 3642 2904 3770 2976; x_wconf 42' lang='lat' dir='ltr'><strong>his“.</strong></span> 
     </span>
    </p>
   </div>
   <div class='ocr_carea' id='block_1_73' title="bbox 2240 2989 3774 3067">
    <p class='ocr_par' dir='ltr' id='par_1_73' title="bbox 2240 2989 3774 3067">
     <span class='ocr_line' id='line_1_73' title="bbox 2240 2989 3774 3067; baseline 0.003 -26"><span class='ocrx_word' id='word_1_555' title='bbox 2240 2989 2333 3042; x_wconf 76' lang='grc' dir='ltr'><strong>καὶ</strong></span> <span class='ocrx_word' id='word_1_556' title='bbox 2366 2991 2577 3059; x_wconf 87' lang='grc' dir='ltr'>σχοινία</span> <span class='ocrx_word' id='word_1_557' title='bbox 2622 2992 2716 3045; x_wconf 79' lang='grc' dir='ltr'>ἐπὶ</span> <span class='ocrx_word' id='word_1_558' title='bbox 2745 2992 2843 3056; x_wconf 79' lang='grc' dir='ltr'><strong>τὰς</strong></span> <span class='ocrx_word' id='word_1_559' title='bbox 2876 2995 3119 3062; x_wconf 79' lang='grc' dir='ltr'>κεφαλὰς</span> <span class='ocrx_word' id='word_1_560' title='bbox 3150 2996 3332 3067; x_wconf 83' lang='grc' dir='ltr'>ήμῶν,</span> <span class='ocrx_word' id='word_1_561' title='bbox 3381 3000 3491 3053; x_wconf 70' lang='grc' dir='ltr'><strong>καὶ</strong></span> <span class='ocrx_word' id='word_1_562' title='bbox 3527 2999 3774 3067; x_wconf 66' lang='grc' dir='ltr'>ἐξέλθωμεν</span> 
     </span>
    </p>
   </div>
   <div class='ocr_carea' id='block_1_74' title="bbox 2239 3078 3775 3160">
    <p class='ocr_par' dir='ltr' id='par_1_74' title="bbox 2239 3078 3775 3160">
     <span class='ocr_line' id='line_1_74' title="bbox 2239 3078 3775 3160; baseline 0.01 -29"><span class='ocrx_word' id='word_1_563' title='bbox 2239 3078 2376 3150; x_wconf 84' lang='grc' dir='ltr'>πρὸς</span> <span class='ocrx_word' id='word_1_564' title='bbox 2408 3078 2637 3148; x_wconf 80' lang='grc' dir='ltr'>βασιλέα</span> <span class='ocrx_word' id='word_1_565' title='bbox 2666 3083 2904 3155; x_wconf 81' lang='grc' dir='ltr'>Ἰσραὴλ,</span> <span class='ocrx_word' id='word_1_566' title='bbox 2956 3085 3104 3149; x_wconf 81' lang='grc' dir='ltr'>ὅπως</span> <span class='ocrx_word' id='word_1_567' title='bbox 3142 3085 3475 3160; x_wconf 59' lang='grc' dir='ltr'>ζωογονήσει]</span> <span class='ocrx_word' id='word_1_568' title='bbox 3528 3090 3622 3151; x_wconf 72' lang='grc' dir='ltr'>τὰς</span> <span class='ocrx_word' id='word_1_569' title='bbox 3644 3088 3775 3157; x_wconf 52' lang='grc' dir='ltr'><strong>ψυχᾶς</strong></span> 
     </span>
    </p>
   </div>
   <div class='ocr_carea' id='block_1_75' title="bbox 2239 3170 3779 3251">
    <p class='ocr_par' dir='ltr' id='par_1_75' title="bbox 2239 3170 3779 3251">
     <span class='ocr_line' id='line_1_75' title="bbox 2239 3170 3779 3251; baseline 0.005 -28"><span class='ocrx_word' id='word_1_570' title='bbox 2239 3170 2419 3240; x_wconf 79' lang='grc' dir='ltr'><strong>ἡμῶν.</strong></span> <span class='ocrx_word' id='word_1_571' title='bbox 2447 3172 2558 3227; x_wconf 74' lang='grc' dir='ltr'>Καὶ</span> <span class='ocrx_word' id='word_1_572' title='bbox 2598 3174 2863 3245; x_wconf 85' lang='grc' dir='ltr'>ἐποίησαν</span> <span class='ocrx_word' id='word_1_573' title='bbox 2906 3175 3097 3239; x_wconf 80' lang='grc' dir='ltr'>οὕτως,</span> <span class='ocrx_word' id='word_1_574' title='bbox 3130 3178 3221 3231; x_wconf 77' lang='grc' dir='ltr'>καὶ</span> <span class='ocrx_word' id='word_1_575' title='bbox 3277 3174 3451 3233; x_wconf 68' lang='grc' dir='ltr'>εἶπαν</span> <span class='ocrx_word' id='word_1_576' title='bbox 3511 3181 3591 3251; x_wconf 74' lang='grc' dir='ltr'>τῷ</span> <span class='ocrx_word' id='word_1_577' title='bbox 3621 3180 3779 3250; x_wconf 68' lang='grc' dir='ltr'>βασιλεῖ</span> 
     </span>
    </p>
   </div>
   <div class='ocr_carea' id='block_1_76' title="bbox 2250 3262 3779 3338">
    <p class='ocr_par' dir='ltr' id='par_1_76' title="bbox 2250 3262 3779 3338">
     <span class='ocr_line' id='line_1_76' title="bbox 2250 3262 3779 3338; baseline 0.004 -23"><span class='ocrx_word' id='word_1_578' title='bbox 2250 3262 2470 3334; x_wconf 84' lang='grc' dir='ltr'>Ἰσραήλ</span> <span class='ocrx_word' id='word_1_579' title='bbox 2490 3280 2505 3295; x_wconf 85' lang='grc'><strong>·</strong></span> <span class='ocrx_word' id='word_1_580' title='bbox 2551 3264 2746 3329; x_wconf 80' lang='grc' dir='ltr'>Δοῦλός</span> <span class='ocrx_word' id='word_1_581' title='bbox 2778 3283 2870 3319; x_wconf 88' lang='grc' dir='ltr'><strong>σου</strong></span> <span class='ocrx_word' id='word_1_582' title='bbox 2901 3267 3014 3331; x_wconf 62' lang='grc' dir='ltr'>υίὸς</span> <span class='ocrx_word' id='word_1_583' title='bbox 3058 3266 3214 3338; x_wconf 79' lang='grc' dir='ltr'>Ἀδὲρ</span> <span class='ocrx_word' id='word_1_584' title='bbox 3246 3267 3408 3336; x_wconf 80' lang='grc' dir='ltr'>λέγει</span> <span class='ocrx_word' id='word_1_585' title='bbox 3429 3311 3443 3334; x_wconf 90' lang='grc'><strong>,</strong></span> <span class='ocrx_word' id='word_1_586' title='bbox 3499 3272 3713 3338; x_wconf 59' lang='grc' dir='ltr'>Ζήσααι</span> <span class='ocrx_word' id='word_1_587' title='bbox 3754 3270 3779 3335; x_wconf 64' lang='grc' dir='ltr'><strong>ἡ</strong></span> 
     </span>
    </p>
   </div>
   <div class='ocr_carea' id='block_1_77' title="bbox 2234 3352 3779 3433">
    <p class='ocr_par' dir='ltr' id='par_1_77' title="bbox 2234 3352 3779 3433">
     <span class='ocr_line' id='line_1_77' title="bbox 2234 3352 3779 3433; baseline 0.003 -26"><span class='ocrx_word' id='word_1_588' title='bbox 2234 3352 2379 3425; x_wconf 77' lang='grc' dir='ltr'>ψυχή</span> <span class='ocrx_word' id='word_1_589' title='bbox 2414 3373 2539 3425; x_wconf 88' lang='grc' dir='ltr'>μου.</span> <span class='ocrx_word' id='word_1_590' title='bbox 2569 3356 2678 3409; x_wconf 75' lang='grc' dir='ltr'><strong>Καὶ</strong></span> <span class='ocrx_word' id='word_1_591' title='bbox 2718 3353 2872 3410; x_wconf 76' lang='grc' dir='ltr'>εἶπεν</span> <span class='ocrx_word' id='word_1_592' title='bbox 2906 3359 2933 3411; x_wconf 92' lang='lat'><strong>6</strong></span> <span class='ocrx_word' id='word_1_593' title='bbox 2974 3357 3228 3429; x_wconf 85' lang='grc' dir='ltr'>βασιλεύς</span> <span class='ocrx_word' id='word_1_594' title='bbox 3249 3376 3263 3390; x_wconf 91' lang='grc'><strong>·</strong></span> <span class='ocrx_word' id='word_1_595' title='bbox 3297 3361 3365 3413; x_wconf 75' lang='lat' dir='ltr'><strong>Et</strong></span> <span class='ocrx_word' id='word_1_596' title='bbox 3412 3361 3503 3415; x_wconf 78' lang='grc' dir='ltr'>ἔτι</span> <span class='ocrx_word' id='word_1_597' title='bbox 3533 3364 3633 3433; x_wconf 60' lang='lat' dir='ltr'><strong>(ﬁ;</strong></span> <span class='ocrx_word' id='word_1_598' title='bbox 3663 3361 3779 3414; x_wconf 57' lang='lat' dir='ltr'><strong>saa-</strong></span> 
     </span>
    </p>
   </div>
   <div class='ocr_carea' id='block_1_78' title="bbox 2236 3445 3781 3523">
    <p class='ocr_par' dir='ltr' id='par_1_78' title="bbox 2236 3445 3781 3523">
     <span class='ocr_line' id='line_1_78' title="bbox 2236 3445 3781 3523; baseline 0.003 -27"><span class='ocrx_word' id='word_1_599' title='bbox 2236 3445 2336 3513; x_wconf 78' lang='grc' dir='ltr'><strong>φός</strong></span> <span class='ocrx_word' id='word_1_600' title='bbox 2370 3462 2494 3514; x_wconf 82' lang='grc' dir='ltr'>μου.</span> <span class='ocrx_word' id='word_1_601' title='bbox 2528 3447 2639 3499; x_wconf 80' lang='grc' dir='ltr'><strong>Καὶ</strong></span> <span class='ocrx_word' id='word_1_602' title='bbox 2669 3447 2860 3517; x_wconf 79' lang='grc' dir='ltr'>ἐξῆλθε</span> <span class='ocrx_word' id='word_1_603' title='bbox 2904 3449 3043 3519; x_wconf 88' lang='grc' dir='ltr'>πρὸς</span> <span class='ocrx_word' id='word_1_604' title='bbox 3084 3450 3245 3502; x_wconf 82' lang='grc' dir='ltr'>αὑτὸν</span> <span class='ocrx_word' id='word_1_605' title='bbox 3275 3452 3302 3503; x_wconf 88' lang='lat'><strong>6</strong></span> <span class='ocrx_word' id='word_1_606' title='bbox 3357 3453 3480 3516; x_wconf 81' lang='grc' dir='ltr'>υίὸς</span> <span class='ocrx_word' id='word_1_607' title='bbox 3507 3454 3675 3523; x_wconf 72' lang='grc' dir='ltr'>Ἀδὲρ,</span> <span class='ocrx_word' id='word_1_608' title='bbox 3712 3451 3781 3503; x_wconf 67' lang='lat'><strong>1:1</strong></span> 
     </span>
    </p>
   </div>
   <div class='ocr_carea' id='block_1_79' title="bbox 2235 3535 3777 3613">
    <p class='ocr_par' dir='ltr' id='par_1_79' title="bbox 2235 3535 3777 3613">
     <span class='ocr_line' id='line_1_79' title="bbox 2235 3535 3777 3613; baseline 0.003 -26"><span class='ocrx_word' id='word_1_609' title='bbox 2235 3535 2629 3600; x_wconf 76' lang='grc' dir='ltr'>άναῦιδάζουσι</span> <span class='ocrx_word' id='word_1_610' title='bbox 2660 3539 2798 3609; x_wconf 74' lang='grc' dir='ltr'>πρὸς</span> <span class='ocrx_word' id='word_1_611' title='bbox 2851 3539 3014 3591; x_wconf 81' lang='grc' dir='ltr'>αὐτὸν</span> <span class='ocrx_word' id='word_1_612' title='bbox 3044 3540 3135 3593; x_wconf 80' lang='grc' dir='ltr'>ἐπὶ</span> <span class='ocrx_word' id='word_1_613' title='bbox 3186 3540 3247 3592; x_wconf 88' lang='grc' dir='ltr'><strong>τὸ</strong></span> <span class='ocrx_word' id='word_1_614' title='bbox 3295 3540 3485 3613; x_wconf 77' lang='grc' dir='ltr'>ἅρμα.</span> <span class='ocrx_word' id='word_1_615' title='bbox 3542 3546 3644 3597; x_wconf 77' lang='grc' dir='ltr'><strong>Καὶ</strong></span> <span class='ocrx_word' id='word_1_616' title='bbox 3689 3540 3777 3594; x_wconf 53' lang='grc' dir='ltr'><strong>εἷς</strong></span> 
     </span>
    </p>
   </div>
   <div class='ocr_carea' id='block_1_80' title="bbox 2235 3628 3776 3705">
    <p class='ocr_par' dir='ltr' id='par_1_80' title="bbox 2235 3628 3776 3705">
     <span class='ocr_line' id='line_1_80' title="bbox 2235 3628 3776 3705; baseline 0.005 -26"><span class='ocrx_word' id='word_1_617' title='bbox 2235 3628 2370 3697; x_wconf 83' lang='grc' dir='ltr'>πρὸς</span> <span class='ocrx_word' id='word_1_618' title='bbox 2407 3628 2605 3682; x_wconf 80' lang='grc' dir='ltr'>αὐτόν·</span> <span class='ocrx_word' id='word_1_619' title='bbox 2659 3630 2773 3694; x_wconf 85' lang='grc' dir='ltr'>Τὰς</span> <span class='ocrx_word' id='word_1_620' title='bbox 2819 3631 3005 3694; x_wconf 84' lang='grc' dir='ltr'>πόλεις</span> <span class='ocrx_word' id='word_1_621' title='bbox 3046 3631 3112 3695; x_wconf 80' lang='grc' dir='ltr'>ἃς</span> <span class='ocrx_word' id='word_1_622' title='bbox 3157 3631 3351 3684; x_wconf 77' lang='grc' dir='ltr'>ἔλασεν</span> <span class='ocrx_word' id='word_1_623' title='bbox 3401 3637 3432 3687; x_wconf 88' lang='lat'><strong>6</strong></span> <span class='ocrx_word' id='word_1_624' title='bbox 3489 3638 3668 3705; x_wconf 68' lang='grc' dir='ltr'>πατήρ</span> <span class='ocrx_word' id='word_1_625' title='bbox 3706 3653 3776 3704; x_wconf 60' lang='grc' dir='ltr'><strong>μοι</strong></span> 
     </span>
    </p>
   </div>
   <div class='ocr_carea' id='block_1_81' title="bbox 2233 3717 3778 3792">
    <p class='ocr_par' dir='ltr' id='par_1_81' title="bbox 2233 3717 3778 3792">
     <span class='ocr_line' id='line_1_81' title="bbox 2233 3717 3778 3792; baseline 0.01 -25"><span class='ocrx_word' id='word_1_626' title='bbox 2233 3717 2389 3786; x_wconf 87' lang='grc' dir='ltr'>παρὰ</span> <span class='ocrx_word' id='word_1_627' title='bbox 2438 3719 2532 3770; x_wconf 82' lang='grc' dir='ltr'>τοῦ</span> <span class='ocrx_word' id='word_1_628' title='bbox 2580 3719 2786 3788; x_wconf 80' lang='grc' dir='ltr'>πατρὸς</span> <span class='ocrx_word' id='word_1_629' title='bbox 2826 3737 2942 3785; x_wconf 84' lang='grc' dir='ltr'>σου,</span> <span class='ocrx_word' id='word_1_630' title='bbox 2998 3721 3263 3776; x_wconf 83' lang='grc' dir='ltr'><strong>ἀποδώσω</strong></span> <span class='ocrx_word' id='word_1_631' title='bbox 3302 3739 3416 3789; x_wconf 82' lang='grc' dir='ltr'>σοι,</span> <span class='ocrx_word' id='word_1_632' title='bbox 3459 3728 3563 3779; x_wconf 79' lang='grc' dir='ltr'><strong>καὶ</strong></span> <span class='ocrx_word' id='word_1_633' title='bbox 3610 3728 3778 3792; x_wconf 63' lang='grc' dir='ltr'>ἐξόδους</span> 
     </span>
    </p>
   </div>
   <div class='ocr_carea' id='block_1_82' title="bbox 2234 3808 3777 3885">
    <p class='ocr_par' dir='ltr' id='par_1_82' title="bbox 2234 3808 3777 3885">
     <span class='ocr_line' id='line_1_82' title="bbox 2234 3808 3777 3885; baseline 0.004 -23"><span class='ocrx_word' id='word_1_634' title='bbox 2234 3808 2419 3879; x_wconf 84' lang='grc' dir='ltr'>θήσεις</span> <span class='ocrx_word' id='word_1_635' title='bbox 2461 3810 2671 3881; x_wconf 80' lang='grc' dir='ltr'>σεαυτῷ</span> <span class='ocrx_word' id='word_1_636' title='bbox 2706 3813 2763 3864; x_wconf 83' lang='grc' dir='ltr'><strong>ἐν</strong></span> <span class='ocrx_word' id='word_1_637' title='bbox 2798 3813 3099 3883; x_wconf 81' lang='grc' dir='ltr'>Δαμασκῷ,</span> <span class='ocrx_word' id='word_1_638' title='bbox 3132 3814 3318 3877; x_wconf 83' lang='grc' dir='ltr'>καθὼς</span> <span class='ocrx_word' id='word_1_639' title='bbox 3376 3816 3602 3873; x_wconf 76' lang='grc' dir='ltr'>ἔθετοό</span> 
     </span>
    </p>
   </div>
   <div class='ocr_carea' id='block_1_83' title="bbox 2236 3903 3781 3982">
    <p class='ocr_par' dir='ltr' id='par_1_83' title="bbox 2236 3903 3781 3982">
     <span class='ocr_line' id='line_1_83' title="bbox 2236 3903 3781 3982; baseline 0.005 -29"><span class='ocrx_word' id='word_1_640' title='bbox 2236 3918 2336 3971; x_wconf 84' lang='grc' dir='ltr'><strong>μου</strong></span> <span class='ocrx_word' id='word_1_641' title='bbox 2375 3904 2432 3955; x_wconf 85' lang='grc' dir='ltr'><strong>ἐν</strong></span> <span class='ocrx_word' id='word_1_642' title='bbox 2468 3903 2769 3975; x_wconf 84' lang='grc' dir='ltr'>Σαμαρείᾳ.</span> <span class='ocrx_word' id='word_1_643' title='bbox 2806 3906 2915 3957; x_wconf 74' lang='grc' dir='ltr'><strong>Καὶ</strong></span> <span class='ocrx_word' id='word_1_644' title='bbox 2948 3905 3155 3958; x_wconf 80' lang='grc' dir='ltr'>διέθετο</span> <span class='ocrx_word' id='word_1_645' title='bbox 3197 3908 3350 3977; x_wconf 77' lang='grc' dir='ltr'>αὐτῷ</span> <span class='ocrx_word' id='word_1_646' title='bbox 3390 3909 3684 3982; x_wconf 76' lang='grc' dir='ltr'>διαθήκην,</span> <span class='ocrx_word' id='word_1_647' title='bbox 3712 3914 3781 3963; x_wconf 65' lang='lat' dir='ltr'><strong>xxi</strong></span> 
     </span>
    </p>
   </div>
   <div class='ocr_carea' id='block_1_84' title="bbox 2231 3995 3780 4073">
    <p class='ocr_par' dir='ltr' id='par_1_84' title="bbox 2231 3995 3780 4073">
     <span class='ocr_line' id='line_1_84' title="bbox 2231 3995 3780 4073; baseline 0.006 -27"><span class='ocrx_word' id='word_1_648' title='bbox 2231 3995 2612 4060; x_wconf 77' lang='grc' dir='ltr'>ἐξαπέστειλεν</span> <span class='ocrx_word' id='word_1_649' title='bbox 2648 3997 2833 4052; x_wconf 72' lang='grc' dir='ltr'>αὐτόν.</span> <span class='ocrx_word' id='word_1_650' title='bbox 2872 4016 2891 4049; x_wconf 71' lang='grc' dir='ltr'><strong><em>ι</em></strong></span> <span class='ocrx_word' id='word_1_651' title='bbox 2922 3998 3031 4053; x_wconf 80' lang='grc' dir='ltr'><strong>Καὶ</strong></span> <span class='ocrx_word' id='word_1_652' title='bbox 3063 4000 3191 4067; x_wconf 80' lang='grc' dir='ltr'>μετ’</span> <span class='ocrx_word' id='word_1_653' title='bbox 3220 4001 3435 4072; x_wconf 63' lang='grc' dir='ltr'>ὀλιγαδ</span> <span class='ocrx_word' id='word_1_654' title='bbox 3472 4026 3497 4057; x_wconf 84' lang='grc'><em>‹</em></span> <span class='ocrx_word' id='word_1_655' title='bbox 3527 4002 3659 4058; x_wconf 60' lang='lat' dir='ltr'><strong>Eine</strong></span> <span class='ocrx_word' id='word_1_656' title='bbox 3682 4008 3780 4073; x_wconf 60' lang='lat' dir='ltr'><strong>spe;</strong></span> 
     </span>
    </p>
   </div>
   <div class='ocr_carea' id='block_1_85' title="bbox 2231 4084 3779 4166">
    <p class='ocr_par' dir='ltr' id='par_1_85' title="bbox 2231 4084 3779 4166">
     <span class='ocr_line' id='line_1_85' title="bbox 2231 4084 3779 4166; baseline 0.006 -28"><span class='ocrx_word' id='word_1_657' title='bbox 2231 4084 2394 4138; x_wconf 87' lang='grc' dir='ltr'>αὑτὸν</span> <span class='ocrx_word' id='word_1_658' title='bbox 2426 4088 2455 4139; x_wconf 88' lang='lat'><strong>6</strong></span> <span class='ocrx_word' id='word_1_659' title='bbox 2504 4085 2791 4157; x_wconf 79' lang='grc' dir='ltr'>ἄνθρωπος</span> <span class='ocrx_word' id='word_1_660' title='bbox 2838 4087 2931 4140; x_wconf 79' lang='grc' dir='ltr'>τοῦ</span> <span class='ocrx_word' id='word_1_661' title='bbox 2983 4087 3154 4141; x_wconf 81' lang='grc' dir='ltr'>Θεοῦ·</span> <span class='ocrx_word' id='word_1_662' title='bbox 3189 4089 3329 4144; x_wconf 85' lang='grc' dir='ltr'>Τάδε</span> <span class='ocrx_word' id='word_1_663' title='bbox 3388 4093 3549 4162; x_wconf 80' lang='grc' dir='ltr'>λέγει</span> <span class='ocrx_word' id='word_1_664' title='bbox 3585 4096 3779 4166; x_wconf 59' lang='grc' dir='ltr'>Κύρεκ·</span> 
     </span>
    </p>
   </div>
   <div class='ocr_carea' id='block_1_86' title="bbox 2228 4176 3777 4257">
    <p class='ocr_par' dir='ltr' id='par_1_86' title="bbox 2228 4176 3777 4257">
     <span class='ocr_line' id='line_1_86' title="bbox 2228 4176 3777 4257; baseline 0.006 -29"><span class='ocrx_word' id='word_1_665' title='bbox 2228 4176 2374 4229; x_wconf 82' lang='grc' dir='ltr'>Διότι</span> <span class='ocrx_word' id='word_1_666' title='bbox 2404 4177 2706 4249; x_wconf 79' lang='grc' dir='ltr'>ἐξήνεγκας</span> <span class='ocrx_word' id='word_1_667' title='bbox 2760 4180 2824 4231; x_wconf 82' lang='grc' dir='ltr'><strong>σὺ</strong></span> <span class='ocrx_word' id='word_1_668' title='bbox 2872 4179 3042 4251; x_wconf 80' lang='grc' dir='ltr'>ἄνδρα</span> <span class='ocrx_word' id='word_1_669' title='bbox 3071 4181 3316 4251; x_wconf 85' lang='grc' dir='ltr'>ὀλέθριον</span> <span class='ocrx_word' id='word_1_670' title='bbox 3345 4185 3419 4238; x_wconf 82' lang='grc' dir='ltr'><strong>ἐκ</strong></span> <span class='ocrx_word' id='word_1_671' title='bbox 3466 4190 3653 4257; x_wconf 77' lang='grc' dir='ltr'>χειρός</span> <span class='ocrx_word' id='word_1_672' title='bbox 3682 4206 3777 4255; x_wconf 64' lang='grc' dir='ltr'><strong>μω.</strong></span> 
     </span>
    </p>
   </div>
   <div class='ocr_carea' id='block_1_87' title="bbox 2229 4268 3779 4343">
    <p class='ocr_par' dir='ltr' id='par_1_87' title="bbox 2229 4268 3779 4343">
     <span class='ocr_line' id='line_1_87' title="bbox 2229 4268 3779 4343; baseline -0.004 -3"><span class='ocrx_word' id='word_1_673' title='bbox 2229 4268 2385 4343; x_wconf 50' lang='lat' dir='ltr'><strong>Eam?</strong></span> <span class='ocrx_word' id='word_1_674' title='bbox 2473 4270 2619 4339; x_wconf 74' lang='grc' dir='ltr'>ψυχή</span> <span class='ocrx_word' id='word_1_675' title='bbox 2665 4288 2758 4323; x_wconf 78' lang='grc' dir='ltr'><strong>σου</strong></span> <span class='ocrx_word' id='word_1_676' title='bbox 2787 4271 2912 4325; x_wconf 70' lang='grc' dir='ltr'><strong>ἀντῖ</strong></span> <span class='ocrx_word' id='word_1_677' title='bbox 2932 4276 3032 4343; x_wconf 82' lang='grc' dir='ltr'><strong>τῆς</strong></span> <span class='ocrx_word' id='word_1_678' title='bbox 3051 4272 3231 4343; x_wconf 76' lang='grc' dir='ltr'>ψυχῆς</span> <span class='ocrx_word' id='word_1_679' title='bbox 3276 4275 3476 4343; x_wconf 80' lang='grc' dir='ltr'>αὑτοῦ,</span> <span class='ocrx_word' id='word_1_680' title='bbox 3512 4282 3609 4334; x_wconf 74' lang='grc' dir='ltr'><strong>καὶ</strong></span> <span class='ocrx_word' id='word_1_681' title='bbox 3634 4285 3660 4334; x_wconf 89' lang='lat'><strong>6</strong></span> 
     </span>
    </p>
   </div>
   <div class='ocr_carea' id='block_1_88' title="bbox 2230 4338 3008 4417">
    <p class='ocr_par' dir='ltr' id='par_1_88' title="bbox 2230 4360 3008 4417">
     <span class='ocr_line' id='line_1_88' title="bbox 2230 4360 3008 4417; baseline 0.003 -4"><span class='ocrx_word' id='word_1_682' title='bbox 2230 4376 2323 4413; x_wconf 91' lang='grc' dir='ltr'><strong>σου</strong></span> <span class='ocrx_word' id='word_1_683' title='bbox 2351 4362 2472 4414; x_wconf 78' lang='grc' dir='ltr'>ἀντὶ</span> <span class='ocrx_word' id='word_1_684' title='bbox 2497 4361 2591 4414; x_wconf 83' lang='grc' dir='ltr'>τοῦ</span> <span class='ocrx_word' id='word_1_685' title='bbox 2614 4360 2744 4415; x_wconf 79' lang='grc' dir='ltr'>λαοῦ</span> <span class='ocrx_word' id='word_1_686' title='bbox 2775 4363 2961 4417; x_wconf 83' lang='grc' dir='ltr'>αὐτοῦ.</span> <span class='ocrx_word' id='word_1_687' title='bbox 2988 4382 3008 4415; x_wconf 72' lang='grc' dir='ltr'><strong>ι</strong></span> 
     </span>
    </p>
   </div>
   <div class='ocr_carea' id='block_1_89' title="bbox 2305 4453 3777 4532">
    <p class='ocr_par' dir='ltr' id='par_1_89' title="bbox 2305 4453 3777 4532">
     <span class='ocr_line' id='line_1_89' title="bbox 2305 4453 3777 4532; baseline 0.005 -28"><span class='ocrx_word' id='word_1_688' title='bbox 2305 4472 2324 4503; x_wconf 85' lang='grc'><em>‹</em></span> <span class='ocrx_word' id='word_1_689' title='bbox 2366 4453 2737 4524; x_wconf 80' lang='grc' dir='ltr'>Ἐξερευνήσω</span> <span class='ocrx_word' id='word_1_690' title='bbox 2764 4453 2862 4526; x_wconf 82' lang='grc' dir='ltr'>τὴν</span> <span class='ocrx_word' id='word_1_691' title='bbox 2892 4456 3249 4528; x_wconf 79' lang='grc' dir='ltr'>Ἰερουσαλὴμ</span> <span class='ocrx_word' id='word_1_692' title='bbox 3288 4462 3435 4528; x_wconf 75' lang='grc' dir='ltr'>μετὰ</span> <span class='ocrx_word' id='word_1_693' title='bbox 3471 4462 3686 4532; x_wconf 73' lang='grc' dir='ltr'>λύχνου,</span> <span class='ocrx_word' id='word_1_694' title='bbox 3710 4463 3777 4515; x_wconf 73' lang='lat' dir='ltr'><strong>n‘:</strong></span> 
     </span>
    </p>
   </div>
   <div class='ocr_carea' id='block_1_90' title="bbox 546 4521 2135 4634">
    <p class='ocr_par' dir='ltr' id='par_1_90' title="bbox 546 4521 2123 4634">
     <span class='ocr_line' id='line_1_90' title="bbox 546 4521 2123 4603; baseline 0.017 -34"><span class='ocrx_word' id='word_1_695' title='bbox 546 4530 733 4583; x_wconf 90' lang='lat' dir='ltr'><strong>cerna,</strong></span> <span class='ocrx_word' id='word_1_696' title='bbox 769 4530 821 4574; x_wconf 91' lang='lat' dir='ltr'><strong>et</strong></span> <span class='ocrx_word' id='word_1_697' title='bbox 853 4521 1093 4578; x_wconf 88' lang='lat' dir='ltr'><strong>ulciscar</strong></span> <span class='ocrx_word' id='word_1_698' title='bbox 1120 4542 1288 4597; x_wconf 89' lang='lat' dir='ltr'><strong>super</strong></span> <span class='ocrx_word' id='word_1_699' title='bbox 1331 4530 1477 4587; x_wconf 88' lang='lat' dir='ltr'><strong>viros</strong></span> <span class='ocrx_word' id='word_1_700' title='bbox 1513 4535 1609 4603; x_wconf 89' lang='lat' dir='ltr'><strong>qui</strong></span> <span class='ocrx_word' id='word_1_701' title='bbox 1633 4544 1998 4594; x_wconf 88' lang='lat' dir='ltr'><strong>contemnunt</strong></span> <span class='ocrx_word' id='word_1_702' title='bbox 2024 4556 2123 4596; x_wconf 91' lang='lat' dir='ltr'><strong>cu-</strong></span> 
     </span>
     <span class='ocr_line' id='line_1_91' title="bbox 548 4609 920 4634; baseline 0.011 0"><span class='ocrx_word' id='word_1_703' title='bbox 548 4609 758 4634; x_wconf 59' lang='grc' dir='ltr'><strong>ρΙΑᾹΞΑ..</strong></span> <span class='ocrx_word' id='word_1_704' title='bbox 791 4627 920 4634; x_wconf 70' lang='grc' dir='ltr'><strong>--.η-</strong></span> 
     </span>
    </p>
   </div>
   <div class='ocr_carea' id='block_1_91' title="bbox 2244 4521 3777 4634">
    <p class='ocr_par' dir='ltr' id='par_1_91' title="bbox 2244 4545 3777 4622">
     <span class='ocr_line' id='line_1_92' title="bbox 2244 4545 3777 4622; baseline 0.005 -25"><span class='ocrx_word' id='word_1_705' title='bbox 2244 4545 2501 4616; x_wconf 79' lang='grc' dir='ltr'>;κδικήσω</span> <span class='ocrx_word' id='word_1_706' title='bbox 2546 4547 2639 4600; x_wconf 76' lang='grc' dir='ltr'><strong>ἐπὶ</strong></span> <span class='ocrx_word' id='word_1_707' title='bbox 2665 4549 2791 4611; x_wconf 81' lang='grc' dir='ltr'>τοὺς</span> <span class='ocrx_word' id='word_1_708' title='bbox 2833 4547 3035 4620; x_wconf 80' lang='grc' dir='ltr'>ἄνδρας</span> <span class='ocrx_word' id='word_1_709' title='bbox 3061 4550 3190 4613; x_wconf 81' lang='grc' dir='ltr'>τοὺς</span> <span class='ocrx_word' id='word_1_710' title='bbox 3223 4556 3707 4622; x_wconf 64' lang='grc' dir='ltr'>καταφρονοῦντας</span> <span class='ocrx_word' id='word_1_711' title='bbox 3730 4564 3777 4605; x_wconf 77' lang='lat'><strong>:2</strong></span> 
     </span>
    </p>
   </div>
   <div class='ocr_carea' id='block_1_92' title="bbox 547 4609 1005 4668">
    <p class='ocr_par' dir='ltr' id='par_1_92' title="bbox 547 4609 1005 4668">
     <span class='ocr_line' id='line_1_93' title="bbox 547 4609 1005 4668; baseline 0.013 -6"><span class='ocrx_word' id='word_1_712' title='bbox 547 4609 760 4666; x_wconf 92' lang='lat' dir='ltr'><strong>stodias</strong></span> <span class='ocrx_word' id='word_1_713' title='bbox 790 4627 943 4668; x_wconf 89' lang='lat' dir='ltr'><strong>suas.</strong></span> <span class='ocrx_word' id='word_1_714' title='bbox 985 4633 1005 4668; x_wconf 73' lang='grc' dir='ltr'><strong>ι</strong></span> 
     </span>
    </p>
   </div>
   <div class='ocr_carea' id='block_1_93' title="bbox 612 4698 2124 4796">
    <p class='ocr_par' dir='ltr' id='par_1_93' title="bbox 612 4698 2124 4796">
     <span class='ocr_line' id='line_1_94' title="bbox 612 4698 2124 4796; baseline 0.02 -44"><span class='ocrx_word' id='word_1_715' title='bbox 612 4698 807 4755; x_wconf 84' lang='lat' dir='ltr'><strong>Jerem.</strong></span> <span class='ocrx_word' id='word_1_716' title='bbox 844 4719 897 4769; x_wconf 79' lang='grc' dir='ltr'>ι,</span> <span class='ocrx_word' id='word_1_717' title='bbox 919 4704 1010 4771; x_wconf 76' lang='lat'><strong>26,</strong></span> <span class='ocrx_word' id='word_1_718' title='bbox 1038 4707 1132 4770; x_wconf 71' lang='lat'><strong>27,</strong></span> <span class='ocrx_word' id='word_1_719' title='bbox 1163 4726 1265 4765; x_wconf 76' lang='lat' dir='ltr'><strong>sec.</strong></span> <span class='ocrx_word' id='word_1_720' title='bbox 1297 4711 1460 4767; x_wconf 78' lang='lat' dir='ltr'><strong>LXX.</strong></span> <span class='ocrx_word' id='word_1_721' title='bbox 1492 4746 1564 4755; x_wconf 94' lang='lat'><strong><em>—</em></strong></span> <span class='ocrx_word' id='word_1_722' title='bbox 1596 4735 1615 4768; x_wconf 74' lang='grc' dir='ltr'><strong>ι</strong></span> <span class='ocrx_word' id='word_1_723' title='bbox 1653 4719 1874 4790; x_wconf 85' lang='lat' dir='ltr'><strong>Aperite</strong></span> <span class='ocrx_word' id='word_1_724' title='bbox 1899 4726 2124 4796; x_wconf 82' lang='lat' dir='ltr'><strong>apothe-</strong></span> 
     </span>
    </p>
   </div>
   <div class='ocr_carea' id='block_1_94' title="bbox 545 4791 2123 4882">
    <p class='ocr_par' dir='ltr' id='par_1_94' title="bbox 545 4791 2123 4882">
     <span class='ocr_line' id='line_1_95' title="bbox 545 4791 2123 4882; baseline 0.02 -39"><span class='ocrx_word' id='word_1_725' title='bbox 545 4805 641 4845; x_wconf 90' lang='lat' dir='ltr'><strong>cas</strong></span> <span class='ocrx_word' id='word_1_726' title='bbox 663 4791 805 4860; x_wconf 89' lang='lat' dir='ltr'><strong>ejus.</strong></span> <span class='ocrx_word' id='word_1_727' title='bbox 850 4794 1190 4854; x_wconf 89' lang='lat' dir='ltr'><strong>Scrutamini</strong></span> <span class='ocrx_word' id='word_1_728' title='bbox 1225 4817 1344 4857; x_wconf 92' lang='lat' dir='ltr'><strong>eam</strong></span> <span class='ocrx_word' id='word_1_729' title='bbox 1371 4807 1519 4860; x_wconf 86' lang='lat' dir='ltr'><strong>velut</strong></span> <span class='ocrx_word' id='word_1_730' title='bbox 1545 4810 1866 4877; x_wconf 88' lang='lat' dir='ltr'><strong>speluncam</strong></span> <span class='ocrx_word' id='word_1_731' title='bbox 1889 4856 1906 4882; x_wconf 94' lang='lat'><strong>,</strong></span> <span class='ocrx_word' id='word_1_732' title='bbox 1942 4826 1996 4872; x_wconf 87' lang='lat' dir='ltr'><strong>et</strong></span> <span class='ocrx_word' id='word_1_733' title='bbox 2026 4833 2123 4873; x_wconf 90' lang='lat' dir='ltr'><strong>ex-</strong></span> 
     </span>
    </p>
   </div>
   <div class='ocr_carea' id='block_1_95' title="bbox 547 4883 1979 4964">
    <p class='ocr_par' dir='ltr' id='par_1_95' title="bbox 547 4883 1979 4964">
     <span class='ocr_line' id='line_1_96' title="bbox 547 4883 1979 4964; baseline 0.019 -30"><span class='ocrx_word' id='word_1_734' title='bbox 547 4883 841 4940; x_wconf 89' lang='lat' dir='ltr'><strong>terminate</strong></span> <span class='ocrx_word' id='word_1_735' title='bbox 876 4902 1019 4955; x_wconf 87' lang='lat' dir='ltr'><strong>eam,</strong></span> <span class='ocrx_word' id='word_1_736' title='bbox 1053 4903 1115 4944; x_wconf 87' lang='lat' dir='ltr'><strong>ut</strong></span> <span class='ocrx_word' id='word_1_737' title='bbox 1148 4908 1248 4948; x_wconf 89' lang='lat' dir='ltr'><strong>nec</strong></span> <span class='ocrx_word' id='word_1_738' title='bbox 1281 4896 1386 4963; x_wconf 90' lang='lat' dir='ltr'><strong>ipsi</strong></span> <span class='ocrx_word' id='word_1_739' title='bbox 1423 4900 1496 4953; x_wconf 91' lang='lat' dir='ltr'><strong>sit</strong></span> <span class='ocrx_word' id='word_1_740' title='bbox 1531 4900 1925 4964; x_wconf 90' lang='lat' dir='ltr'><strong>diversorium.</strong></span> <span class='ocrx_word' id='word_1_741' title='bbox 1961 4928 1979 4961; x_wconf 83' lang='grc'>›</span> 
     </span>
    </p>
   </div>
   <div class='ocr_carea' id='block_1_96' title="bbox 612 4969 2122 5059">
    <p class='ocr_par' dir='ltr' id='par_1_96' title="bbox 612 4969 2122 5059">
     <span class='ocr_line' id='line_1_97' title="bbox 612 4969 2122 5059; baseline 0.021 -35"><span class='ocrx_word' id='word_1_742' title='bbox 612 4969 813 5029; x_wconf 83' lang='lat' dir='ltr'><strong>Jerem.</strong></span> <span class='ocrx_word' id='word_1_743' title='bbox 845 4990 984 5041; x_wconf 73' lang='grc' dir='ltr'>χχιι,</span> <span class='ocrx_word' id='word_1_744' title='bbox 1019 4978 1109 5032; x_wconf 82' lang='lat'><strong>&#39;50.</strong></span> <span class='ocrx_word' id='word_1_745' title='bbox 1142 5011 1212 5023; x_wconf 91' lang='lat'>—</span> <span class='ocrx_word' id='word_1_746' title='bbox 1249 5001 1266 5034; x_wconf 80' lang='grc' dir='ltr'><strong>ι</strong></span> <span class='ocrx_word' id='word_1_747' title='bbox 1297 4983 1487 5052; x_wconf 85' lang='lat' dir='ltr'><strong>Terra,</strong></span> <span class='ocrx_word' id='word_1_748' title='bbox 1524 4998 1673 5046; x_wconf 89' lang='lat' dir='ltr'><strong>terra</strong></span> <span class='ocrx_word' id='word_1_749' title='bbox 1698 5035 1715 5059; x_wconf 93' lang='lat'><strong>,</strong></span> <span class='ocrx_word' id='word_1_750' title='bbox 1757 4998 1882 5051; x_wconf 91' lang='lat' dir='ltr'><strong>audi</strong></span> <span class='ocrx_word' id='word_1_751' title='bbox 1912 5013 2122 5055; x_wconf 90' lang='lat' dir='ltr'><strong>sermo-</strong></span> 
     </span>
    </p>
   </div>
   <div class='ocr_carea' id='block_1_97' title="bbox 543 5064 2121 5150">
    <p class='ocr_par' dir='ltr' id='par_1_97' title="bbox 543 5064 2121 5150">
     <span class='ocr_line' id='line_1_98' title="bbox 543 5064 2121 5150; baseline 0.02 -33"><span class='ocrx_word' id='word_1_752' title='bbox 543 5078 669 5119; x_wconf 87' lang='lat' dir='ltr'><strong>nem</strong></span> <span class='ocrx_word' id='word_1_753' title='bbox 709 5064 944 5125; x_wconf 91' lang='lat' dir='ltr'><strong>Domini.</strong></span> <span class='ocrx_word' id='word_1_754' title='bbox 989 5069 1182 5128; x_wconf 89' lang='lat' dir='ltr'><strong>Scribe</strong></span> <span class='ocrx_word' id='word_1_755' title='bbox 1215 5075 1394 5132; x_wconf 90' lang='lat' dir='ltr'><strong>virum</strong></span> <span class='ocrx_word' id='word_1_756' title='bbox 1429 5081 1618 5150; x_wconf 89' lang='lat' dir='ltr'><strong>istum,</strong></span> <span class='ocrx_word' id='word_1_757' title='bbox 1668 5087 1977 5144; x_wconf 80' lang='lat' dir='ltr'><strong>abdicatum</strong></span> <span class='ocrx_word' id='word_1_758' title='bbox 2020 5093 2121 5147; x_wconf 86' lang='lat' dir='ltr'><strong>bo-</strong></span> 
     </span>
    </p>
   </div>
   <div class='ocr_carea' id='block_1_98' title="bbox 544 5157 2121 5250">
    <p class='ocr_par' dir='ltr' id='par_1_98' title="bbox 544 5157 2121 5250">
     <span class='ocr_line' id='line_1_99' title="bbox 544 5157 2121 5250; baseline 0.02 -41"><span class='ocrx_word' id='word_1_759' title='bbox 544 5157 786 5215; x_wconf 90' lang='lat' dir='ltr'><strong>minibus</strong></span> <span class='ocrx_word' id='word_1_760' title='bbox 817 5175 831 5212; x_wconf 91' lang='lat'><strong>:</strong></span> <span class='ocrx_word' id='word_1_761' title='bbox 869 5162 999 5233; x_wconf 90' lang='lat' dir='ltr'><strong>quia</strong></span> <span class='ocrx_word' id='word_1_762' title='bbox 1027 5180 1138 5219; x_wconf 87' lang='lat' dir='ltr'><strong>non</strong></span> <span class='ocrx_word' id='word_1_763' title='bbox 1173 5180 1386 5225; x_wconf 88' lang='lat' dir='ltr'><strong>crescet</strong></span> <span class='ocrx_word' id='word_1_764' title='bbox 1414 5173 1482 5228; x_wconf 91' lang='lat' dir='ltr'><strong>de</strong></span> <span class='ocrx_word' id='word_1_765' title='bbox 1523 5178 1731 5235; x_wconf 88' lang='lat' dir='ltr'><strong>semine</strong></span> <span class='ocrx_word' id='word_1_766' title='bbox 1764 5180 1885 5250; x_wconf 89' lang='lat' dir='ltr'><strong>ejus</strong></span> <span class='ocrx_word' id='word_1_767' title='bbox 1918 5185 2004 5238; x_wconf 92' lang='lat' dir='ltr'><strong>vir</strong></span> <span class='ocrx_word' id='word_1_768' title='bbox 2035 5200 2121 5241; x_wconf 88' lang='lat' dir='ltr'><strong>se-</strong></span> 
     </span>
    </p>
   </div>
   <div class='ocr_carea' id='block_1_99' title="bbox 545 5246 1990 5338">
    <p class='ocr_par' dir='ltr' id='par_1_99' title="bbox 545 5246 1990 5338">
     <span class='ocr_line' id='line_1_100' title="bbox 545 5246 1990 5338; baseline 0.021 -39"><span class='ocrx_word' id='word_1_769' title='bbox 545 5246 680 5303; x_wconf 88' lang='lat' dir='ltr'><strong>dens</strong></span> <span class='ocrx_word' id='word_1_770' title='bbox 712 5266 879 5323; x_wconf 89' lang='lat' dir='ltr'><strong>super</strong></span> <span class='ocrx_word' id='word_1_771' title='bbox 907 5255 1172 5312; x_wconf 91' lang='lat' dir='ltr'><strong>thronum</strong></span> <span class='ocrx_word' id='word_1_772' title='bbox 1202 5258 1375 5316; x_wconf 89' lang='lat' dir='ltr'><strong>David</strong></span> <span class='ocrx_word' id='word_1_773' title='bbox 1405 5266 1659 5338; x_wconf 87' lang='lat' dir='ltr'><strong>princeps</strong></span> <span class='ocrx_word' id='word_1_774' title='bbox 1695 5271 1749 5323; x_wconf 91' lang='lat' dir='ltr'><strong>in</strong></span> <span class='ocrx_word' id='word_1_775' title='bbox 1774 5246 1939 5327; x_wconf 36' lang='lat' dir='ltr'><strong>J&#39;uda.</strong></span> <span class='ocrx_word' id='word_1_776' title='bbox 1971 5296 1990 5327; x_wconf 73' lang='grc' dir='ltr'><strong>ι</strong></span> 
     </span>
    </p>
   </div>
   <div class='ocr_carea' id='block_1_100' title="bbox 615 5337 2117 5422">
    <p class='ocr_par' dir='ltr' id='par_1_100' title="bbox 615 5337 2117 5422">
     <span class='ocr_line' id='line_1_101' title="bbox 615 5337 2117 5422; baseline 0.021 -31"><span class='ocrx_word' id='word_1_777' title='bbox 615 5337 787 5397; x_wconf 76' lang='lat' dir='ltr'><strong>Basit.</strong></span> <span class='ocrx_word' id='word_1_778' title='bbox 817 5341 999 5400; x_wconf 78' lang='lat' dir='ltr'><strong>Const.</strong></span> <span class='ocrx_word' id='word_1_779' title='bbox 1053 5364 1173 5403; x_wconf 86' lang='lat' dir='ltr'><strong>can.</strong></span> <span class='ocrx_word' id='word_1_780' title='bbox 1205 5362 1396 5420; x_wconf 73' lang='lat' dir='ltr'><strong>quam.</strong></span> <span class='ocrx_word' id='word_1_781' title='bbox 1428 5354 1517 5408; x_wconf 72' lang='lat'><strong>98.</strong></span> <span class='ocrx_word' id='word_1_782' title='bbox 1546 5337 1616 5396; x_wconf 46' lang='lat'><em>4</em></span> <span class='ocrx_word' id='word_1_783' title='bbox 1646 5358 1786 5414; x_wconf 91' lang='lat' dir='ltr'><strong>Dum</strong></span> <span class='ocrx_word' id='word_1_784' title='bbox 1833 5378 1925 5418; x_wconf 88' lang='lat' dir='ltr'><strong>res</strong></span> <span class='ocrx_word' id='word_1_785' title='bbox 1958 5367 2117 5422; x_wconf 86' lang='lat' dir='ltr'><strong>nobis</strong></span> 
     </span>
    </p>
   </div>
   <div class='ocr_carea' id='block_1_101' title="bbox 543 5434 2118 5513">
    <p class='ocr_par' dir='ltr' id='par_1_101' title="bbox 543 5434 2118 5513">
     <span class='ocr_line' id='line_1_102' title="bbox 543 5434 2118 5513; baseline 0.02 -31"><span class='ocrx_word' id='word_1_786' title='bbox 543 5437 631 5484; x_wconf 86' lang='lat' dir='ltr'><strong>est</strong></span> <span class='ocrx_word' id='word_1_787' title='bbox 659 5445 781 5487; x_wconf 89' lang='lat' dir='ltr'><strong>cum</strong></span> <span class='ocrx_word' id='word_1_788' title='bbox 816 5434 886 5489; x_wconf 85' lang='lat' dir='ltr'><strong>iis</strong></span> <span class='ocrx_word' id='word_1_789' title='bbox 913 5438 1007 5506; x_wconf 92' lang='lat' dir='ltr'><strong>qui</strong></span> <span class='ocrx_word' id='word_1_790' title='bbox 1039 5438 1302 5497; x_wconf 91' lang='lat' dir='ltr'><strong>infestum</strong></span> <span class='ocrx_word' id='word_1_791' title='bbox 1326 5443 1593 5503; x_wconf 89' lang='lat' dir='ltr'><strong>adversus</strong></span> <span class='ocrx_word' id='word_1_792' title='bbox 1620 5451 1906 5509; x_wconf 87' lang='lat' dir='ltr'><strong>veritatem</strong></span> <span class='ocrx_word' id='word_1_793' title='bbox 1932 5456 2118 5513; x_wconf 89' lang='lat' dir='ltr'><strong>odium</strong></span> 
     </span>
    </p>
   </div>
   <div class='ocr_carea' id='block_1_102' title="bbox 548 5526 2118 5620">
    <p class='ocr_par' dir='ltr' id='par_1_102' title="bbox 548 5526 2118 5620">
     <span class='ocr_line' id='line_1_103' title="bbox 548 5526 2118 5620; baseline 0.021 -46"><span class='ocrx_word' id='word_1_794' title='bbox 548 5531 767 5591; x_wconf 77' lang='lat' dir='ltr'><strong>gerunt,</strong></span> <span class='ocrx_word' id='word_1_795' title='bbox 801 5532 856 5580; x_wconf 90' lang='lat' dir='ltr'><strong>et</strong></span> <span class='ocrx_word' id='word_1_796' title='bbox 892 5526 984 5583; x_wconf 92' lang='lat' dir='ltr'><strong>Dei</strong></span> <span class='ocrx_word' id='word_1_797' title='bbox 1021 5532 1292 5589; x_wconf 85' lang='lat' dir='ltr'><strong>mandatis</strong></span> <span class='ocrx_word' id='word_1_798' title='bbox 1319 5535 1704 5605; x_wconf 90' lang='lat' dir='ltr'><strong>adversantur,</strong></span> <span class='ocrx_word' id='word_1_799' title='bbox 1732 5551 1849 5600; x_wconf 89' lang='lat' dir='ltr'><strong>tum</strong></span> <span class='ocrx_word' id='word_1_800' title='bbox 1883 5549 2118 5620; x_wconf 88' lang='lat' dir='ltr'><strong>obsequi</strong></span> 
     </span>
    </p>
   </div>
   <div class='ocr_carea' id='block_1_103' title="bbox 554 5616 2116 5699">
    <p class='ocr_par' dir='ltr' id='par_1_103' title="bbox 554 5616 2116 5699">
     <span class='ocr_line' id='line_1_104' title="bbox 554 5616 2116 5699; baseline 0.022 -36"><span class='ocrx_word' id='word_1_801' title='bbox 554 5626 834 5669; x_wconf 88' lang='lat' dir='ltr'><strong>necessum</strong></span> <span class='ocrx_word' id='word_1_802' title='bbox 869 5625 953 5673; x_wconf 91' lang='lat' dir='ltr'><strong>est</strong></span> <span class='ocrx_word' id='word_1_803' title='bbox 986 5620 1114 5676; x_wconf 84' lang='lat' dir='ltr'><strong>huic</strong></span> <span class='ocrx_word' id='word_1_804' title='bbox 1137 5625 1230 5680; x_wconf 88' lang='lat' dir='ltr'><strong>Dei</strong></span> <span class='ocrx_word' id='word_1_805' title='bbox 1266 5616 1581 5699; x_wconf 78' lang='lat' dir='ltr'><strong>praecepto:</strong></span> <span class='ocrx_word' id='word_1_806' title='bbox 1618 5651 1639 5684; x_wconf 73' lang='grc' dir='ltr'>ί</span> <span class='ocrx_word' id='word_1_807' title='bbox 1679 5634 1952 5696; x_wconf 88' lang='lat' dir='ltr'><strong>Sioculus</strong></span> <span class='ocrx_word' id='word_1_808' title='bbox 1990 5649 2116 5698; x_wconf 87' lang='lat' dir='ltr'><strong>tuus</strong></span> 
     </span>
    </p>
   </div>
   <div class='ocr_carea' id='block_1_104' title="bbox 551 5701 2113 5798">
    <p class='ocr_par' dir='ltr' id='par_1_104' title="bbox 551 5701 2113 5798">
     <span class='ocr_line' id='line_1_105' title="bbox 551 5701 2113 5798; baseline 0.022 -44"><span class='ocrx_word' id='word_1_809' title='bbox 551 5701 742 5759; x_wconf 68' lang='lat' dir='ltr'><strong>dexter</strong></span> <span class='ocrx_word' id='word_1_810' title='bbox 789 5708 1126 5766; x_wconf 82' lang='lat' dir='ltr'><strong>scandalizat</strong></span> <span class='ocrx_word' id='word_1_811' title='bbox 1180 5723 1255 5777; x_wconf 86' lang='lat' dir='ltr'><strong>te.</strong></span> <span class='ocrx_word' id='word_1_812' title='bbox 1292 5734 1423 5774; x_wconf 90' lang='lat' dir='ltr'><strong>erue</strong></span> <span class='ocrx_word' id='word_1_813' title='bbox 1468 5735 1591 5777; x_wconf 90' lang='lat' dir='ltr'><strong>eum</strong></span> <span class='ocrx_word' id='word_1_814' title='bbox 1665 5735 1717 5781; x_wconf 88' lang='lat' dir='ltr'><strong>et</strong></span> <span class='ocrx_word' id='word_1_815' title='bbox 1768 5730 1975 5798; x_wconf 83' lang='lat' dir='ltr'><strong>projice</strong></span> <span class='ocrx_word' id='word_1_816' title='bbox 2014 5733 2113 5789; x_wconf 91' lang='lat' dir='ltr'><strong>abs</strong></span> 
     </span>
    </p>
   </div>
   <div class='ocr_carea' id='block_1_105' title="bbox 554 5796 2115 5892">
    <p class='ocr_par' dir='ltr' id='par_1_105' title="bbox 554 5796 2115 5892">
     <span class='ocr_line' id='line_1_106' title="bbox 554 5796 2115 5892; baseline 0.019 -43"><span class='ocrx_word' id='word_1_817' title='bbox 554 5803 605 5851; x_wconf 89' lang='lat' dir='ltr'><strong>te</strong></span> <span class='ocrx_word' id='word_1_818' title='bbox 634 5796 849 5857; x_wconf 66' lang='lat' dir='ltr'><strong>(Matt/1.</strong></span> <span class='ocrx_word' id='word_1_819' title='bbox 887 5815 1041 5870; x_wconf 85' lang='lat' dir='ltr'><strong>xvm,</strong></span> <span class='ocrx_word' id='word_1_820' title='bbox 1063 5803 1137 5876; x_wconf 91' lang='lat'><strong>9).</strong></span> <span class='ocrx_word' id='word_1_821' title='bbox 1175 5825 1193 5860; x_wconf 74' lang='grc' dir='ltr'><strong>ι</strong></span> <span class='ocrx_word' id='word_1_822' title='bbox 1221 5806 1355 5866; x_wconf 68' lang='lat' dir='ltr'><strong>bam</strong></span> <span class='ocrx_word' id='word_1_823' title='bbox 1384 5812 1586 5885; x_wconf 73' lang='lat' dir='ltr'><strong>alioqui</strong></span> <span class='ocrx_word' id='word_1_824' title='bbox 1613 5796 2115 5892; x_wconf 39' lang='lat' dir='ltr'><strong>377lbenignitas</strong></span> 
     </span>
    </p>
   </div>
   <div class='ocr_carea' id='block_1_106' title="bbox 2227 4637 2846 4707">
    <p class='ocr_par' dir='ltr' id='par_1_106' title="bbox 2227 4637 2846 4707">
     <span class='ocr_line' id='line_1_107' title="bbox 2227 4637 2846 4707; baseline 0.002 -18"><span class='ocrx_word' id='word_1_825' title='bbox 2227 4637 2556 4707; x_wconf 84' lang='grc' dir='ltr'>φυλάγματα</span> <span class='ocrx_word' id='word_1_826' title='bbox 2588 4638 2793 4693; x_wconf 78' lang='grc' dir='ltr'>αὐτῶν.</span> <span class='ocrx_word' id='word_1_827' title='bbox 2826 4658 2846 4690; x_wconf 75' lang='grc' dir='ltr'><strong>ι</strong></span> 
     </span>
    </p>
   </div>
   <div class='ocr_carea' id='block_1_107' title="bbox 2301 4729 3776 4809">
    <p class='ocr_par' dir='ltr' id='par_1_107' title="bbox 2301 4729 3776 4809">
     <span class='ocr_line' id='line_1_108' title="bbox 2301 4729 3776 4809; baseline 0.003 -27"><span class='ocrx_word' id='word_1_828' title='bbox 2301 4749 2320 4782; x_wconf 88' lang='grc'><em>‹</em></span> <span class='ocrx_word' id='word_1_829' title='bbox 2354 4729 2631 4795; x_wconf 80' lang='grc' dir='ltr'>Ἀνοίξατε</span> <span class='ocrx_word' id='word_1_830' title='bbox 2661 4731 2762 4795; x_wconf 82' lang='grc' dir='ltr'><strong>τὰς</strong></span> <span class='ocrx_word' id='word_1_831' title='bbox 2798 4730 3086 4809; x_wconf 83' lang='grc' dir='ltr'>ἀποθήκας</span> <span class='ocrx_word' id='word_1_832' title='bbox 3107 4731 3308 4804; x_wconf 85' lang='grc' dir='ltr'>αὐτῆς·</span> <span class='ocrx_word' id='word_1_833' title='bbox 3341 4742 3677 4808; x_wconf 72' lang='grc' dir='ltr'>ερευνήσατε</span> <span class='ocrx_word' id='word_1_834' title='bbox 3704 4739 3776 4789; x_wconf 66' lang='grc' dir='ltr'>αὖε</span> 
     </span>
    </p>
   </div>
   <div class='ocr_carea' id='block_1_108' title="bbox 2221 4821 3774 4900">
    <p class='ocr_par' dir='ltr' id='par_1_108' title="bbox 2221 4821 3774 4900">
     <span class='ocr_line' id='line_1_109' title="bbox 2221 4821 3774 4900; baseline 0.003 -27"><span class='ocrx_word' id='word_1_835' title='bbox 2221 4821 2321 4892; x_wconf 77' lang='grc' dir='ltr'><strong>τὴν</strong></span> <span class='ocrx_word' id='word_1_836' title='bbox 2355 4821 2429 4885; x_wconf 88' lang='grc' dir='ltr'>ὡς</span> <span class='ocrx_word' id='word_1_837' title='bbox 2461 4823 2745 4893; x_wconf 79' lang='grc' dir='ltr'>σπήλαιον,</span> <span class='ocrx_word' id='word_1_838' title='bbox 2780 4824 2875 4877; x_wconf 74' lang='grc' dir='ltr'><strong>καὶ</strong></span> <span class='ocrx_word' id='word_1_839' title='bbox 2904 4823 3330 4894; x_wconf 82' lang='grc' dir='ltr'>ἐξολοθρεύσατε</span> <span class='ocrx_word' id='word_1_840' title='bbox 3370 4828 3572 4899; x_wconf 76' lang='grc' dir='ltr'>αὐτὴν,</span> <span class='ocrx_word' id='word_1_841' title='bbox 3610 4832 3681 4900; x_wconf 68' lang='grc' dir='ltr'><strong>μὴ</strong></span> <span class='ocrx_word' id='word_1_842' title='bbox 3706 4845 3774 4896; x_wconf 66' lang='grc' dir='ltr'>γε-</span> 
     </span>
    </p>
   </div>
   <div class='ocr_carea' id='block_1_109' title="bbox 2221 4910 3017 4984">
    <p class='ocr_par' dir='ltr' id='par_1_109' title="bbox 2221 4910 3017 4984">
     <span class='ocr_line' id='line_1_110' title="bbox 2221 4910 3017 4984; baseline 0.004 -22"><span class='ocrx_word' id='word_1_843' title='bbox 2221 4910 2408 4963; x_wconf 79' lang='grc' dir='ltr'>νέσθαι</span> <span class='ocrx_word' id='word_1_844' title='bbox 2432 4912 2567 4982; x_wconf 77' lang='grc' dir='ltr'>αὐτῇ</span> <span class='ocrx_word' id='word_1_845' title='bbox 2600 4913 2912 4984; x_wconf 82' lang='grc' dir='ltr'>κατάλυμα.</span> <span class='ocrx_word' id='word_1_846' title='bbox 2949 4932 2967 4965; x_wconf 77' lang='grc' dir='ltr'><strong>ι</strong></span> <span class='ocrx_word' id='word_1_847' title='bbox 3006 4916 3017 4979; x_wconf 75' lang='grc' dir='ltr'><strong>Ι</strong></span> 
     </span>
    </p>
   </div>
   <div class='ocr_carea' id='block_1_110' title="bbox 2297 5003 3772 5081">
    <p class='ocr_par' dir='ltr' id='par_1_110' title="bbox 2297 5003 3772 5081">
     <span class='ocr_line' id='line_1_111' title="bbox 2297 5003 3772 5081; baseline 0.003 -27"><span class='ocrx_word' id='word_1_848' title='bbox 2297 5020 2315 5053; x_wconf 78' lang='grc' dir='ltr'><strong>ι</strong></span> <span class='ocrx_word' id='word_1_849' title='bbox 2351 5003 2447 5071; x_wconf 81' lang='grc' dir='ltr'>Γῆ,</span> <span class='ocrx_word' id='word_1_850' title='bbox 2499 5004 2606 5073; x_wconf 84' lang='grc' dir='ltr'>γῆ,</span> <span class='ocrx_word' id='word_1_851' title='bbox 2652 5004 2887 5058; x_wconf 80' lang='grc' dir='ltr'>ἄκουσον</span> <span class='ocrx_word' id='word_1_852' title='bbox 2939 5005 3098 5072; x_wconf 87' lang='grc' dir='ltr'>λόγον</span> <span class='ocrx_word' id='word_1_853' title='bbox 3135 5006 3375 5077; x_wconf 75' lang='grc' dir='ltr'>Κυρίου’</span> <span class='ocrx_word' id='word_1_854' title='bbox 3442 5011 3662 5081; x_wconf 58' lang='grc' dir='ltr'>Γράψον</span> <span class='ocrx_word' id='word_1_855' title='bbox 3708 5012 3772 5061; x_wconf 52' lang='grc' dir='ltr'><strong>τὸν</strong></span> 
     </span>
    </p>
   </div>
   <div class='ocr_carea' id='block_1_111' title="bbox 2220 5093 3772 5175">
    <p class='ocr_par' dir='ltr' id='par_1_111' title="bbox 2220 5093 3772 5175">
     <span class='ocr_line' id='line_1_112' title="bbox 2220 5093 3772 5175; baseline 0.005 -29"><span class='ocrx_word' id='word_1_856' title='bbox 2220 5093 2389 5164; x_wconf 81' lang='grc' dir='ltr'>ἄνδρα</span> <span class='ocrx_word' id='word_1_857' title='bbox 2416 5094 2607 5147; x_wconf 81' lang='grc' dir='ltr'>τοῦτον</span> <span class='ocrx_word' id='word_1_858' title='bbox 2638 5096 2979 5167; x_wconf 79' lang='grc' dir='ltr'>ὲκκήρυκτον</span> <span class='ocrx_word' id='word_1_859' title='bbox 3010 5096 3353 5168; x_wconf 68' lang='grc' dir='ltr'>ἀνθρώποις*</span> <span class='ocrx_word' id='word_1_860' title='bbox 3384 5102 3475 5155; x_wconf 82' lang='grc' dir='ltr'><strong>ὅτι</strong></span> <span class='ocrx_word' id='word_1_861' title='bbox 3507 5106 3567 5155; x_wconf 79' lang='grc' dir='ltr'>οὐ</span> <span class='ocrx_word' id='word_1_862' title='bbox 3602 5106 3673 5175; x_wconf 71' lang='grc' dir='ltr'>μή</span> <span class='ocrx_word' id='word_1_863' title='bbox 3700 5106 3772 5156; x_wconf 65' lang='lat' dir='ltr'><strong>ai-</strong></span> 
     </span>
    </p>
   </div>
   <div class='ocr_carea' id='block_1_112' title="bbox 2220 5181 3771 5264">
    <p class='ocr_par' dir='ltr' id='par_1_112' title="bbox 2220 5181 3771 5264">
     <span class='ocr_line' id='line_1_113' title="bbox 2220 5181 3771 5264; baseline 0.005 -29"><span class='ocrx_word' id='word_1_864' title='bbox 2220 5181 2358 5254; x_wconf 80' lang='grc' dir='ltr'><strong>ξηθῇ</strong></span> <span class='ocrx_word' id='word_1_865' title='bbox 2391 5184 2453 5237; x_wconf 82' lang='grc' dir='ltr'><strong>ὲκ</strong></span> <span class='ocrx_word' id='word_1_866' title='bbox 2483 5184 2578 5236; x_wconf 80' lang='grc' dir='ltr'>τοῦ</span> <span class='ocrx_word' id='word_1_867' title='bbox 2610 5186 2927 5256; x_wconf 84' lang='grc' dir='ltr'>σπέρματος</span> <span class='ocrx_word' id='word_1_868' title='bbox 2968 5187 3135 5240; x_wconf 83' lang='grc' dir='ltr'>αὐτοῦ</span> <span class='ocrx_word' id='word_1_869' title='bbox 3171 5188 3313 5260; x_wconf 79' lang='grc' dir='ltr'>ἀνὴρ</span> <span class='ocrx_word' id='word_1_870' title='bbox 3365 5192 3679 5264; x_wconf 68' lang='grc' dir='ltr'>καθήμενος</span> <span class='ocrx_word' id='word_1_871' title='bbox 3706 5196 3771 5245; x_wconf 60' lang='grc' dir='ltr'><strong>ἐπὶ</strong></span> 
     </span>
    </p>
   </div>
   <div class='ocr_carea' id='block_1_113' title="bbox 2222 5274 3313 5350">
    <p class='ocr_par' dir='ltr' id='par_1_113' title="bbox 2222 5274 3313 5350">
     <span class='ocr_line' id='line_1_114' title="bbox 2222 5274 3313 5350; baseline 0.005 -23"><span class='ocrx_word' id='word_1_872' title='bbox 2222 5274 2411 5345; x_wconf 81' lang='grc' dir='ltr'>θρόνου</span> <span class='ocrx_word' id='word_1_873' title='bbox 2441 5276 2629 5341; x_wconf 72' lang='grc' dir='ltr'>Δαϐὶδ,</span> <span class='ocrx_word' id='word_1_874' title='bbox 2664 5278 2849 5350; x_wconf 79' lang='grc' dir='ltr'>ἄρχων</span> <span class='ocrx_word' id='word_1_875' title='bbox 2872 5281 2929 5332; x_wconf 87' lang='grc' dir='ltr'><strong>ἐν</strong></span> <span class='ocrx_word' id='word_1_876' title='bbox 2961 5280 3037 5349; x_wconf 83' lang='grc' dir='ltr'>τῷ</span> <span class='ocrx_word' id='word_1_877' title='bbox 3059 5279 3253 5336; x_wconf 78' lang='grc' dir='ltr'>Ἰούδα.</span> <span class='ocrx_word' id='word_1_878' title='bbox 3293 5300 3313 5332; x_wconf 71' lang='grc' dir='ltr'><strong>ι</strong></span> 
     </span>
    </p>
   </div>
   <div class='ocr_carea' id='block_1_114' title="bbox 2288 5366 3765 5450">
    <p class='ocr_par' dir='ltr' id='par_1_114' title="bbox 2288 5366 3765 5450">
     <span class='ocr_line' id='line_1_115' title="bbox 2288 5366 3765 5450; baseline 0.007 -31"><span class='ocrx_word' id='word_1_879' title='bbox 2288 5366 2413 5419; x_wconf 75' lang='grc' dir='ltr'>Ἐπὶ</span> <span class='ocrx_word' id='word_1_880' title='bbox 2447 5369 2545 5438; x_wconf 83' lang='grc' dir='ltr'>μὲν</span> <span class='ocrx_word' id='word_1_881' title='bbox 2573 5370 2679 5421; x_wconf 81' lang='grc' dir='ltr'>τῶν</span> <span class='ocrx_word' id='word_1_882' title='bbox 2718 5371 3113 5442; x_wconf 85' lang='grc' dir='ltr'>ἐχθραινόντων</span> <span class='ocrx_word' id='word_1_883' title='bbox 3160 5375 3226 5443; x_wconf 81' lang='grc' dir='ltr'><strong>τῇ</strong></span> <span class='ocrx_word' id='word_1_884' title='bbox 3263 5374 3527 5450; x_wconf 74' lang='grc' dir='ltr'>ἀληθεία,</span> <span class='ocrx_word' id='word_1_885' title='bbox 3559 5386 3654 5432; x_wconf 71' lang='grc' dir='ltr'>καὶ</span> <span class='ocrx_word' id='word_1_886' title='bbox 3692 5381 3765 5443; x_wconf 64' lang='grc' dir='ltr'><strong>ἐμ-</strong></span> 
     </span>
    </p>
   </div>
   <div class='ocr_carea' id='block_1_115' title="bbox 2218 5457 3765 5540">
    <p class='ocr_par' dir='ltr' id='par_1_115' title="bbox 2218 5457 3765 5540">
     <span class='ocr_line' id='line_1_116' title="bbox 2218 5457 3765 5540; baseline -0.001 -31"><span class='ocrx_word' id='word_1_887' title='bbox 2218 5457 2544 5523; x_wconf 75' lang='grc' dir='ltr'>ποδιζόντων</span> <span class='ocrx_word' id='word_1_888' title='bbox 2574 5464 2695 5524; x_wconf 85' lang='grc' dir='ltr'>ταῖς</span> <span class='ocrx_word' id='word_1_889' title='bbox 2728 5463 2972 5529; x_wconf 77' lang='grc' dir='ltr'>ἐντολαῖς</span> <span class='ocrx_word' id='word_1_890' title='bbox 3006 5464 3097 5517; x_wconf 82' lang='grc' dir='ltr'>τοῦ</span> <span class='ocrx_word' id='word_1_891' title='bbox 3129 5464 3287 5531; x_wconf 70' lang='grc' dir='ltr'>Θεοῦ,</span> <span class='ocrx_word' id='word_1_892' title='bbox 3322 5468 3383 5531; x_wconf 76' lang='grc' dir='ltr'>ἐξ</span> <span class='ocrx_word' id='word_1_893' title='bbox 3406 5471 3657 5540; x_wconf 68' lang='grc' dir='ltr'>ἀνάγκης</span> <span class='ocrx_word' id='word_1_894' title='bbox 3674 5471 3765 5521; x_wconf 60' lang='grc' dir='ltr'>ἐστὶ</span> 
     </span>
    </p>
   </div>
   <div class='ocr_carea' id='block_1_116' title="bbox 2218 5551 3763 5627">
    <p class='ocr_par' dir='ltr' id='par_1_116' title="bbox 2218 5551 3763 5627">
     <span class='ocr_line' id='line_1_117' title="bbox 2218 5551 3763 5627; baseline 0.008 -27"><span class='ocrx_word' id='word_1_895' title='bbox 2218 5552 2391 5602; x_wconf 86' lang='grc' dir='ltr'>ποιεῖν</span> <span class='ocrx_word' id='word_1_896' title='bbox 2428 5551 2672 5607; x_wconf 75' lang='grc' dir='ltr'>κατὰτὸ</span> <span class='ocrx_word' id='word_1_897' title='bbox 2720 5555 3047 5626; x_wconf 84' lang='grc' dir='ltr'>πρόσταγμα</span> <span class='ocrx_word' id='word_1_898' title='bbox 3087 5558 3178 5609; x_wconf 77' lang='grc' dir='ltr'>τοῦ</span> <span class='ocrx_word' id='word_1_899' title='bbox 3237 5559 3451 5627; x_wconf 72' lang='grc' dir='ltr'>Κυρίου</span> <span class='ocrx_word' id='word_1_900' title='bbox 3514 5565 3763 5619; x_wconf 67' lang='grc' dir='ltr'>εἰπόντες·</span> 
     </span>
    </p>
   </div>
   <div class='ocr_carea' id='block_1_117' title="bbox 2229 5640 3764 5723">
    <p class='ocr_par' dir='ltr' id='par_1_117' title="bbox 2229 5640 3764 5723">
     <span class='ocr_line' id='line_1_118' title="bbox 2229 5640 3764 5723; baseline 0.007 -30"><span class='ocrx_word' id='word_1_901' title='bbox 2229 5640 2354 5693; x_wconf 78' lang='grc' dir='ltr'>Ἐὰν</span> <span class='ocrx_word' id='word_1_902' title='bbox 2379 5644 2406 5695; x_wconf 88' lang='grc' dir='ltr'>ὁ</span> <span class='ocrx_word' id='word_1_903' title='bbox 2434 5643 2713 5714; x_wconf 80' lang='grc' dir='ltr'>ὀφθαλμός</span> <span class='ocrx_word' id='word_1_904' title='bbox 2748 5662 2839 5697; x_wconf 88' lang='grc' dir='ltr'><strong>σου</strong></span> <span class='ocrx_word' id='word_1_905' title='bbox 2876 5648 2904 5699; x_wconf 87' lang='lat'><strong>6</strong></span> <span class='ocrx_word' id='word_1_906' title='bbox 2947 5648 3117 5713; x_wconf 78' lang='grc' dir='ltr'>δεξιὸς</span> <span class='ocrx_word' id='word_1_907' title='bbox 3144 5650 3478 5723; x_wconf 77' lang='grc' dir='ltr'>σκανδαλίσῃ</span> <span class='ocrx_word' id='word_1_908' title='bbox 3517 5671 3597 5713; x_wconf 77' lang='grc' dir='ltr'>σε.</span> <span class='ocrx_word' id='word_1_909' title='bbox 3642 5653 3764 5714; x_wconf 54' lang='lat' dir='ltr'><strong>iis):</strong></span> 
     </span>
    </p>
   </div>
   <div class='ocr_carea' id='block_1_118' title="bbox 2217 5733 3764 5809">
    <p class='ocr_par' dir='ltr' id='par_1_118' title="bbox 2217 5733 3764 5809">
     <span class='ocr_line' id='line_1_119' title="bbox 2217 5733 3764 5809; baseline 0.005 -25"><span class='ocrx_word' id='word_1_910' title='bbox 2217 5733 2393 5797; x_wconf 81' lang='grc' dir='ltr'>αὑτὸν,</span> <span class='ocrx_word' id='word_1_911' title='bbox 2426 5735 2520 5786; x_wconf 78' lang='grc' dir='ltr'><strong>καὶ</strong></span> <span class='ocrx_word' id='word_1_912' title='bbox 2548 5735 2675 5804; x_wconf 87' lang='grc' dir='ltr'>βάλε</span> <span class='ocrx_word' id='word_1_913' title='bbox 2701 5736 2808 5789; x_wconf 80' lang='grc' dir='ltr'><strong>ἀπὸ</strong></span> <span class='ocrx_word' id='word_1_914' title='bbox 2846 5737 2969 5790; x_wconf 76' lang='grc' dir='ltr'>σοῦ.</span> <span class='ocrx_word' id='word_1_915' title='bbox 3007 5739 3069 5790; x_wconf 82' lang='grc' dir='ltr'><strong>Ἦ</strong></span> <span class='ocrx_word' id='word_1_916' title='bbox 3098 5740 3204 5809; x_wconf 72' lang='grc' dir='ltr'><strong>γὰρ</strong></span> <span class='ocrx_word' id='word_1_917' title='bbox 3234 5742 3327 5793; x_wconf 73' lang='grc' dir='ltr'><strong>ἐπὶ</strong></span> <span class='ocrx_word' id='word_1_918' title='bbox 3378 5745 3493 5794; x_wconf 79' lang='grc' dir='ltr'>τῶν</span> <span class='ocrx_word' id='word_1_919' title='bbox 3532 5744 3764 5796; x_wconf 63' lang='grc' dir='ltr'>τοιούτων</span> 
     </span>
    </p>
   </div>
   <div class='ocr_carea' id='block_1_119' title="bbox 2218 5823 3762 5905">
    <p class='ocr_par' dir='ltr' id='par_1_119' title="bbox 2218 5823 3762 5905">
     <span class='ocr_line' id='line_1_120' title="bbox 2218 5823 3762 5905; baseline 0.006 -29"><span class='ocrx_word' id='word_1_920' title='bbox 2218 5823 2591 5895; x_wconf 75' lang='grc' dir='ltr'>φιλανθρωπία</span> <span class='ocrx_word' id='word_1_921' title='bbox 2609 5829 2964 5900; x_wconf 79' lang='grc' dir='ltr'>παραπλησία</span> <span class='ocrx_word' id='word_1_922' title='bbox 2993 5829 3109 5883; x_wconf 75' lang='grc' dir='ltr'>ἐστὶ</span> <span class='ocrx_word' id='word_1_923' title='bbox 3132 5835 3195 5901; x_wconf 85' lang='grc' dir='ltr'>τῇ</span> <span class='ocrx_word' id='word_1_924' title='bbox 3224 5832 3534 5904; x_wconf 72' lang='grc' dir='ltr'>ἀπαιδεύτῳ</span> <span class='ocrx_word' id='word_1_925' title='bbox 3551 5838 3762 5905; x_wconf 54' lang='grc' dir='ltr'>χρηστα.</span> 
     </span>
    </p>
   </div>
  </div>
