  <div class='ocr_page' id='page_1' title='image "/cluster/home/n/w/nwhite01/storage/ocr_20150623/95/hvd.32044019208057/630.png"; bbox 0 0 3910 6410; ppageno 0'>
   <div class='ocr_carea' id='block_1_1' title="bbox 102 376 227 443">
    <p class='ocr_par' dir='ltr' id='par_1_1' title="bbox 102 376 227 443">
     <span class='ocr_line' id='line_1_1' title="bbox 102 376 227 443; baseline 0.008 -1"><span class='ocrx_word' id='word_1_1' title='bbox 102 376 227 443; x_wconf 76' lang='lat'><strong>1249</strong></span> 
     </span>
    </p>
   </div>
   <div class='ocr_carea' id='block_1_2' title="bbox 1321 366 2047 431">
    <p class='ocr_par' dir='ltr' id='par_1_2' title="bbox 1321 366 2047 431">
     <span class='ocr_line' id='line_1_2' title="bbox 1321 366 2047 431; baseline -0.004 0"><span class='ocrx_word' id='word_1_2' title='bbox 1321 372 1553 431; x_wconf 82' lang='lat' dir='ltr'><strong>SACRA</strong></span> <span class='ocrx_word' id='word_1_3' title='bbox 1590 366 2047 430; x_wconf 80' lang='lat' dir='ltr'><strong>PARALLELA.</strong></span> 
     </span>
    </p>
   </div>
   <div class='ocr_carea' id='block_1_3' title="bbox 3186 364 3321 429">
    <p class='ocr_par' dir='ltr' id='par_1_3' title="bbox 3186 364 3321 429">
     <span class='ocr_line' id='line_1_3' title="bbox 3186 364 3321 429; baseline 0.015 -2"><span class='ocrx_word' id='word_1_4' title='bbox 3186 364 3321 429; x_wconf 73' lang='lat'><strong>1250</strong></span> 
     </span>
    </p>
   </div>
   <div class='ocr_carea' id='block_1_4' title="bbox 98 472 1651 560">
    <p class='ocr_par' dir='ltr' id='par_1_4' title="bbox 98 480 1645 560">
     <span class='ocr_line' id='line_1_4' title="bbox 98 480 1645 560; baseline -0.008 -17"><span class='ocrx_word' id='word_1_5' title='bbox 98 509 213 560; x_wconf 86' lang='grc' dir='ltr'><strong>τητι</strong></span> <span class='ocrx_word' id='word_1_6' title='bbox 242 488 334 542; x_wconf 84' lang='grc' dir='ltr'><strong>τοῦ</strong></span> <span class='ocrx_word' id='word_1_7' title='bbox 364 486 531 540; x_wconf 66' lang='grc' dir='ltr'><strong>Σαοὺλ</strong></span> <span class='ocrx_word' id='word_1_8' title='bbox 553 485 640 538; x_wconf 62' lang='grc' dir='ltr'><strong>ἐπὶ</strong></span> <span class='ocrx_word' id='word_1_9' title='bbox 666 484 757 537; x_wconf 82' lang='grc' dir='ltr'><strong>τοῦ</strong></span> <span class='ocrx_word' id='word_1_10' title='bbox 782 483 1017 550; x_wconf 70' lang='grc' dir='ltr'><strong>Ἀγαγου</strong></span> <span class='ocrx_word' id='word_1_11' title='bbox 1044 481 1109 552; x_wconf 78' lang='grc' dir='ltr'><strong>ἣν</strong></span> <span class='ocrx_word' id='word_1_12' title='bbox 1134 481 1281 549; x_wconf 73' lang='grc' dir='ltr'><strong>παρὰ</strong></span> <span class='ocrx_word' id='word_1_13' title='bbox 1314 480 1376 533; x_wconf 74' lang='grc' dir='ltr'><strong>τὸ</strong></span> <span class='ocrx_word' id='word_1_14' title='bbox 1408 480 1498 532; x_wconf 79' lang='grc' dir='ltr'><strong>τοῦ</strong></span> <span class='ocrx_word' id='word_1_15' title='bbox 1531 481 1645 532; x_wconf 82' lang='grc' dir='ltr'><strong>Κυ-</strong></span> 
     </span>
    </p>
   </div>
   <div class='ocr_carea' id='block_1_5' title="bbox 1775 472 3321 560">
    <p class='ocr_par' dir='ltr' id='par_1_5' title="bbox 1775 472 3321 548">
     <span class='ocr_line' id='line_1_5' title="bbox 1775 472 3321 548; baseline -0.003 -17"><span class='ocrx_word' id='word_1_16' title='bbox 1775 494 1915 548; x_wconf 79' lang='lat' dir='ltr'><strong>|uam</strong></span> <span class='ocrx_word' id='word_1_17' title='bbox 1946 476 2216 547; x_wconf 82' lang='lat' dir='ltr'><strong>ejusmodi</strong></span> <span class='ocrx_word' id='word_1_18' title='bbox 2244 476 2563 530; x_wconf 88' lang='lat' dir='ltr'><strong>hominibus</strong></span> <span class='ocrx_word' id='word_1_19' title='bbox 2587 473 2869 537; x_wconf 83' lang='lat' dir='ltr'><strong>habueris,</strong></span> <span class='ocrx_word' id='word_1_20' title='bbox 2894 472 3076 527; x_wconf 61' lang='lat' dir='ltr'><strong>stultae</strong></span> <span class='ocrx_word' id='word_1_21' title='bbox 3099 474 3178 528; x_wconf 83' lang='lat' dir='ltr'><strong>illi</strong></span> <span class='ocrx_word' id='word_1_22' title='bbox 3208 476 3321 527; x_wconf 86' lang='lat' dir='ltr'><strong>cle-</strong></span> 
     </span>
    </p>
   </div>
   <div class='ocr_carea' id='block_1_6' title="bbox 97 574 1236 653">
    <p class='ocr_par' dir='ltr' id='par_1_6' title="bbox 97 574 1236 653">
     <span class='ocr_line' id='line_1_6' title="bbox 97 574 1236 653; baseline -0.007 -18"><span class='ocrx_word' id='word_1_23' title='bbox 97 583 209 653; x_wconf 86' lang='grc' dir='ltr'><strong>ρίου</strong></span> <span class='ocrx_word' id='word_1_24' title='bbox 240 579 659 648; x_wconf 71' lang='grc' dir='ltr'><strong>διατεταγμένον</strong></span> <span class='ocrx_word' id='word_1_25' title='bbox 688 576 835 647; x_wconf 80' lang='grc' dir='ltr'><strong>αὐτῷ</strong></span> <span class='ocrx_word' id='word_1_26' title='bbox 868 574 1236 629; x_wconf 74' lang='grc' dir='ltr'><strong>ἐπεδείκνυτο.</strong></span> 
     </span>
    </p>
   </div>
   <div class='ocr_carea' id='block_1_7' title="bbox 397 770 1329 841">
    <p class='ocr_par' dir='ltr' id='par_1_7' title="bbox 397 770 1329 841">
     <span class='ocr_line' id='line_1_7' title="bbox 397 770 1329 841; baseline -0.005 -11"><span class='ocrx_word' id='word_1_27' title='bbox 397 775 580 830; x_wconf 83' lang='grc' dir='ltr'><strong>ΤῘΤΛ.</strong></span> <span class='ocrx_word' id='word_1_28' title='bbox 609 770 734 829; x_wconf 77' lang='lat' dir='ltr'><strong>AB’.</strong></span> <span class='ocrx_word' id='word_1_29' title='bbox 772 802 836 813; x_wconf 90' lang='lat'><strong>—</strong></span> <span class='ocrx_word' id='word_1_30' title='bbox 864 772 999 841; x_wconf 82' lang='grc' dir='ltr'><strong>Περί</strong></span> <span class='ocrx_word' id='word_1_31' title='bbox 1025 771 1329 841; x_wconf 74' lang='grc' dir='ltr'><strong>ἀγγαρίας.</strong></span> 
     </span>
    </p>
   </div>
   <div class='ocr_carea' id='block_1_8' title="bbox 166 881 1654 958">
    <p class='ocr_par' dir='ltr' id='par_1_8' title="bbox 166 881 1654 958">
     <span class='ocr_line' id='line_1_8' title="bbox 166 881 1654 958; baseline -0.005 -15"><span class='ocrx_word' id='word_1_32' title='bbox 166 911 183 943; x_wconf 78' lang='grc' dir='ltr'><strong>ι</strong></span> <span class='ocrx_word' id='word_1_33' title='bbox 231 889 503 944; x_wconf 82' lang='grc' dir='ltr'><strong>’Ᾱδύνατοι</strong></span> <span class='ocrx_word' id='word_1_34' title='bbox 528 887 851 958; x_wconf 79' lang='grc' dir='ltr'><strong>ἀμπελῶνας</strong></span> <span class='ocrx_word' id='word_1_35' title='bbox 897 885 1111 940; x_wconf 88' lang='grc' dir='ltr'><strong>ἀσεϐῶν</strong></span> <span class='ocrx_word' id='word_1_36' title='bbox 1144 885 1321 937; x_wconf 86' lang='grc' dir='ltr'><strong>ἀσιτεῖ</strong></span> <span class='ocrx_word' id='word_1_37' title='bbox 1346 883 1439 937; x_wconf 76' lang='grc' dir='ltr'><strong>καὶ</strong></span> <span class='ocrx_word' id='word_1_38' title='bbox 1464 881 1654 953; x_wconf 72' lang='grc' dir='ltr'><strong>ἀμισθὶ</strong></span> 
     </span>
    </p>
   </div>
   <div class='ocr_carea' id='block_1_9' title="bbox 95 984 495 1056">
    <p class='ocr_par' dir='ltr' id='par_1_9' title="bbox 95 984 495 1056">
     <span class='ocr_line' id='line_1_9' title="bbox 95 984 495 1056; baseline -0.02 -17"><span class='ocrx_word' id='word_1_39' title='bbox 95 984 432 1056; x_wconf 75' lang='grc' dir='ltr'><strong>εἰργάσαντο.</strong></span> <span class='ocrx_word' id='word_1_40' title='bbox 476 998 495 1031; x_wconf 76' lang='grc' dir='ltr'><strong>ι</strong></span> 
     </span>
    </p>
   </div>
   <div class='ocr_carea' id='block_1_10' title="bbox 164 1061 1657 1139">
    <p class='ocr_par' dir='ltr' id='par_1_10' title="bbox 164 1061 1657 1139">
     <span class='ocr_line' id='line_1_10' title="bbox 164 1061 1657 1139; baseline -0.009 -13"><span class='ocrx_word' id='word_1_41' title='bbox 164 1094 181 1125; x_wconf 77' lang='grc' dir='ltr'><strong>ι</strong></span> <span class='ocrx_word' id='word_1_42' title='bbox 222 1074 408 1135; x_wconf 82' lang='grc' dir='ltr'><strong>Ὅστις</strong></span> <span class='ocrx_word' id='word_1_43' title='bbox 431 1088 491 1124; x_wconf 87' lang='grc' dir='ltr'><strong>σε</strong></span> <span class='ocrx_word' id='word_1_44' title='bbox 522 1067 853 1139; x_wconf 71' lang='grc' dir='ltr'><strong>ἀγγαρεύσει</strong></span> <span class='ocrx_word' id='word_1_45' title='bbox 881 1065 1054 1135; x_wconf 88' lang='grc' dir='ltr'><strong>μίλιον</strong></span> <span class='ocrx_word' id='word_1_46' title='bbox 1089 1064 1169 1129; x_wconf 82' lang='grc' dir='ltr'><strong>ἓν,</strong></span> <span class='ocrx_word' id='word_1_47' title='bbox 1196 1064 1371 1132; x_wconf 83' lang='grc' dir='ltr'><strong>ῦπαγε</strong></span> <span class='ocrx_word' id='word_1_48' title='bbox 1401 1064 1520 1132; x_wconf 81' lang='grc' dir='ltr'><strong>μετ’</strong></span> <span class='ocrx_word' id='word_1_49' title='bbox 1559 1061 1657 1115; x_wconf 85' lang='grc' dir='ltr'><strong>αύ-</strong></span> 
     </span>
    </p>
   </div>
   <div class='ocr_carea' id='block_1_11' title="bbox 92 1162 385 1217">
    <p class='ocr_par' dir='ltr' id='par_1_11' title="bbox 92 1162 385 1217">
     <span class='ocr_line' id='line_1_11' title="bbox 92 1162 385 1217; baseline -0.014 0"><span class='ocrx_word' id='word_1_50' title='bbox 92 1162 178 1217; x_wconf 79' lang='grc' dir='ltr'><strong>τοῦ</strong></span> <span class='ocrx_word' id='word_1_51' title='bbox 213 1163 324 1217; x_wconf 88' lang='grc' dir='ltr'><strong>δύο.</strong></span> <span class='ocrx_word' id='word_1_52' title='bbox 367 1180 385 1213; x_wconf 77' lang='grc' dir='ltr'><strong>ι</strong></span> 
     </span>
    </p>
   </div>
   <div class='ocr_carea' id='block_1_12' title="bbox 163 1243 1655 1323">
    <p class='ocr_par' dir='ltr' id='par_1_12' title="bbox 163 1243 1655 1323">
     <span class='ocr_line' id='line_1_12' title="bbox 163 1243 1655 1323; baseline -0.009 -13"><span class='ocrx_word' id='word_1_53' title='bbox 163 1276 180 1309; x_wconf 75' lang='grc' dir='ltr'><strong>ι</strong></span> <span class='ocrx_word' id='word_1_54' title='bbox 227 1256 287 1309; x_wconf 85' lang='grc' dir='ltr'>Ὀ</span> <span class='ocrx_word' id='word_1_55' title='bbox 314 1250 610 1323; x_wconf 79' lang='grc' dir='ltr'><strong>οἰκοδομῶν</strong></span> <span class='ocrx_word' id='word_1_56' title='bbox 631 1250 721 1303; x_wconf 80' lang='grc' dir='ltr'><strong>τὸν</strong></span> <span class='ocrx_word' id='word_1_57' title='bbox 745 1245 891 1304; x_wconf 81' lang='grc' dir='ltr'><strong>οἶκον</strong></span> <span class='ocrx_word' id='word_1_58' title='bbox 918 1246 1079 1302; x_wconf 79' lang='grc' dir='ltr'><strong>αὑτοῦ</strong></span> <span class='ocrx_word' id='word_1_59' title='bbox 1107 1246 1168 1300; x_wconf 84' lang='grc' dir='ltr'><strong>οὐ</strong></span> <span class='ocrx_word' id='word_1_60' title='bbox 1200 1246 1338 1316; x_wconf 86' lang='grc' dir='ltr'><strong>μετά</strong></span> <span class='ocrx_word' id='word_1_61' title='bbox 1382 1243 1655 1299; x_wconf 83' lang='grc' dir='ltr'><strong>οικαιοσύ-</strong></span> 
     </span>
    </p>
   </div>
   <div class='ocr_carea' id='block_1_13' title="bbox 1755 566 3323 636">
    <p class='ocr_par' dir='ltr' id='par_1_13' title="bbox 1755 566 3323 636">
     <span class='ocr_line' id='line_1_13' title="bbox 1755 566 3323 636; baseline -0.003 -12"><span class='ocrx_word' id='word_1_62' title='bbox 1755 570 1975 625; x_wconf 66' lang='lat' dir='ltr'><strong>ruentia:</strong></span> <span class='ocrx_word' id='word_1_63' title='bbox 2005 570 2201 624; x_wconf 86' lang='lat' dir='ltr'><strong>similis</strong></span> <span class='ocrx_word' id='word_1_64' title='bbox 2231 577 2337 628; x_wconf 85' lang='lat' dir='ltr'><strong>est.</strong></span> <span class='ocrx_word' id='word_1_65' title='bbox 2368 582 2474 635; x_wconf 85' lang='lat' dir='ltr'><strong>qua</strong></span> <span class='ocrx_word' id='word_1_66' title='bbox 2507 567 2640 621; x_wconf 88' lang='lat' dir='ltr'><strong>Saul</strong></span> <span class='ocrx_word' id='word_1_67' title='bbox 2685 574 2877 622; x_wconf 88' lang='lat' dir='ltr'><strong>contra</strong></span> <span class='ocrx_word' id='word_1_68' title='bbox 2915 582 3077 635; x_wconf 83' lang='lat' dir='ltr'><strong>quam</strong></span> <span class='ocrx_word' id='word_1_69' title='bbox 3108 566 3155 619; x_wconf 91' lang='lat' dir='ltr'><strong>ei</strong></span> <span class='ocrx_word' id='word_1_70' title='bbox 3188 582 3323 636; x_wconf 65' lang='lat' dir='ltr'><strong>prte-</strong></span> 
     </span>
    </p>
   </div>
   <div class='ocr_carea' id='block_1_14' title="bbox 1753 657 3185 731">
    <p class='ocr_par' dir='ltr' id='par_1_14' title="bbox 1753 657 3185 731">
     <span class='ocr_line' id='line_1_14' title="bbox 1753 657 3185 731; baseline -0.002 -17"><span class='ocrx_word' id='word_1_71' title='bbox 1753 669 1971 731; x_wconf 83' lang='lat' dir='ltr'><strong>ceptnm</strong></span> <span class='ocrx_word' id='word_1_72' title='bbox 2010 676 2039 713; x_wconf 87' lang='lat' dir='ltr'><strong>a</strong></span> <span class='ocrx_word' id='word_1_73' title='bbox 2079 658 2308 713; x_wconf 80' lang='lat' dir='ltr'><strong>Omnino</strong></span> <span class='ocrx_word' id='word_1_74' title='bbox 2340 657 2538 724; x_wconf 88' lang='lat' dir='ltr'><strong>fuerat,</strong></span> <span class='ocrx_word' id='word_1_75' title='bbox 2566 673 2694 728; x_wconf 84' lang='lat' dir='ltr'><strong>erga</strong></span> <span class='ocrx_word' id='word_1_76' title='bbox 2727 661 2877 729; x_wconf 78' lang='lat' dir='ltr'><strong>Agag</strong></span> <span class='ocrx_word' id='word_1_77' title='bbox 2917 673 3053 713; x_wconf 91' lang='lat' dir='ltr'><strong>usus</strong></span> <span class='ocrx_word' id='word_1_78' title='bbox 3083 667 3185 712; x_wconf 85' lang='lat' dir='ltr'><strong>est.</strong></span> 
     </span>
    </p>
   </div>
   <div class='ocr_carea' id='block_1_15' title="bbox 1894 768 3172 841">
    <p class='ocr_par' dir='ltr' id='par_1_15' title="bbox 1894 768 3172 841">
     <span class='ocr_line' id='line_1_15' title="bbox 1894 768 3172 841; baseline 0.001 -17"><span class='ocrx_word' id='word_1_79' title='bbox 1894 768 2027 825; x_wconf 84' lang='grc' dir='ltr'><strong>ΤΙΤ.</strong></span> <span class='ocrx_word' id='word_1_80' title='bbox 2060 769 2299 824; x_wconf 73' lang='lat' dir='ltr'><strong>XXXIX.</strong></span> <span class='ocrx_word' id='word_1_81' title='bbox 2331 801 2398 811; x_wconf 89' lang='lat'><em>—</em></span> <span class='ocrx_word' id='word_1_82' title='bbox 2420 769 2493 824; x_wconf 89' lang='lat' dir='ltr'><strong>De</strong></span> <span class='ocrx_word' id='word_1_83' title='bbox 2520 770 2743 841; x_wconf 81' lang='lat' dir='ltr'><strong>angaria</strong></span> <span class='ocrx_word' id='word_1_84' title='bbox 2759 787 2848 825; x_wconf 74' lang='lat' dir='ltr'><strong>seu</strong></span> <span class='ocrx_word' id='word_1_85' title='bbox 2870 770 3172 825; x_wconf 81' lang='lat' dir='ltr'><strong>adactione.</strong></span> 
     </span>
    </p>
   </div>
   <div class='ocr_carea' id='block_1_16' title="bbox 1822 880 3322 953">
    <p class='ocr_par' dir='ltr' id='par_1_16' title="bbox 1822 880 3322 953">
     <span class='ocr_line' id='line_1_16' title="bbox 1822 880 3322 953; baseline 0.001 -18"><span class='ocrx_word' id='word_1_86' title='bbox 1822 880 1926 937; x_wconf 83' lang='lat' dir='ltr'><strong>Job</strong></span> <span class='ocrx_word' id='word_1_87' title='bbox 1955 898 2101 950; x_wconf 80' lang='lat' dir='ltr'><strong>ntv,</strong></span> <span class='ocrx_word' id='word_1_88' title='bbox 2138 882 2193 937; x_wconf 91' lang='lat'><strong>6.</strong></span> <span class='ocrx_word' id='word_1_89' title='bbox 2239 913 2308 924; x_wconf 94' lang='lat'><strong>—</strong></span> <span class='ocrx_word' id='word_1_90' title='bbox 2362 902 2380 935; x_wconf 76' lang='grc' dir='ltr'><strong>ι</strong></span> <span class='ocrx_word' id='word_1_91' title='bbox 2418 883 2727 939; x_wconf 89' lang='lat' dir='ltr'><strong>lmbecilles</strong></span> <span class='ocrx_word' id='word_1_92' title='bbox 2772 883 3067 953; x_wconf 90' lang='lat' dir='ltr'><strong>impiorum</strong></span> <span class='ocrx_word' id='word_1_93' title='bbox 3126 884 3322 937; x_wconf 87' lang='lat' dir='ltr'><strong>vineas</strong></span> 
     </span>
    </p>
   </div>
   <div class='ocr_carea' id='block_1_17' title="bbox 1754 978 2804 1034">
    <p class='ocr_par' dir='ltr' id='par_1_17' title="bbox 1754 978 2804 1034">
     <span class='ocr_line' id='line_1_17' title="bbox 1754 978 2804 1034; baseline -0.004 -1"><span class='ocrx_word' id='word_1_94' title='bbox 1754 980 1873 1034; x_wconf 85' lang='lat' dir='ltr'><strong>sine</strong></span> <span class='ocrx_word' id='word_1_95' title='bbox 1922 979 2051 1034; x_wconf 91' lang='lat' dir='ltr'><strong>cibo</strong></span> <span class='ocrx_word' id='word_1_96' title='bbox 2080 987 2133 1034; x_wconf 83' lang='lat' dir='ltr'><strong>et</strong></span> <span class='ocrx_word' id='word_1_97' title='bbox 2162 978 2413 1034; x_wconf 82' lang='lat' dir='ltr'><strong>mercede</strong></span> <span class='ocrx_word' id='word_1_98' title='bbox 2440 978 2750 1032; x_wconf 90' lang='lat' dir='ltr'><strong>coluerunt.</strong></span> <span class='ocrx_word' id='word_1_99' title='bbox 2785 997 2804 1029; x_wconf 79' lang='grc' dir='ltr'><strong>ι</strong></span> 
     </span>
    </p>
   </div>
   <div class='ocr_carea' id='block_1_18' title="bbox 1824 1067 3323 1139">
    <p class='ocr_par' dir='ltr' id='par_1_18' title="bbox 1824 1067 3323 1139">
     <span class='ocr_line' id='line_1_18' title="bbox 1824 1067 3323 1139; baseline -0.002 -16"><span class='ocrx_word' id='word_1_100' title='bbox 1824 1068 2023 1123; x_wconf 75' lang='lat' dir='ltr'><strong>Matth.</strong></span> <span class='ocrx_word' id='word_1_101' title='bbox 2056 1086 2109 1132; x_wconf 78' lang='grc' dir='ltr'><strong>ν,</strong></span> <span class='ocrx_word' id='word_1_102' title='bbox 2136 1069 2225 1123; x_wconf 68' lang='grc' dir='ltr'><strong>δί.</strong></span> <span class='ocrx_word' id='word_1_103' title='bbox 2255 1099 2327 1111; x_wconf 92' lang='grc'><strong><em>-</em></strong></span> <span class='ocrx_word' id='word_1_104' title='bbox 2360 1087 2380 1119; x_wconf 86' lang='grc'><strong>‹</strong></span> <span class='ocrx_word' id='word_1_105' title='bbox 2421 1069 2478 1122; x_wconf 86' lang='lat' dir='ltr'><strong>Si</strong></span> <span class='ocrx_word' id='word_1_106' title='bbox 2516 1070 2646 1137; x_wconf 85' lang='lat' dir='ltr'><strong>quis</strong></span> <span class='ocrx_word' id='word_1_107' title='bbox 2693 1068 3064 1139; x_wconf 84' lang='lat' dir='ltr'><strong>angariaverit</strong></span> <span class='ocrx_word' id='word_1_108' title='bbox 3095 1078 3148 1123; x_wconf 87' lang='lat' dir='ltr'><strong>te</strong></span> <span class='ocrx_word' id='word_1_109' title='bbox 3176 1067 3323 1121; x_wconf 84' lang='lat' dir='ltr'><strong>mille</strong></span> 
     </span>
    </p>
   </div>
   <div class='ocr_carea' id='block_1_19' title="bbox 1754 1161 2756 1233">
    <p class='ocr_par' dir='ltr' id='par_1_19' title="bbox 1754 1161 2756 1233">
     <span class='ocr_line' id='line_1_19' title="bbox 1754 1161 2756 1233; baseline -0.002 -19"><span class='ocrx_word' id='word_1_110' title='bbox 1754 1176 1977 1233; x_wconf 87' lang='lat' dir='ltr'><strong>passus,</strong></span> <span class='ocrx_word' id='word_1_111' title='bbox 2008 1161 2144 1215; x_wconf 87' lang='lat' dir='ltr'><strong>vade</strong></span> <span class='ocrx_word' id='word_1_112' title='bbox 2179 1176 2303 1215; x_wconf 91' lang='lat' dir='ltr'><strong>cum</strong></span> <span class='ocrx_word' id='word_1_113' title='bbox 2339 1176 2405 1214; x_wconf 93' lang='lat' dir='ltr'><strong>eo</strong></span> <span class='ocrx_word' id='word_1_114' title='bbox 2440 1162 2546 1213; x_wconf 86' lang='lat' dir='ltr'><strong>alia</strong></span> <span class='ocrx_word' id='word_1_115' title='bbox 2572 1163 2699 1215; x_wconf 87' lang='lat' dir='ltr'><strong>duo.</strong></span> <span class='ocrx_word' id='word_1_116' title='bbox 2738 1179 2756 1212; x_wconf 76' lang='grc' dir='ltr'><strong>ι</strong></span> 
     </span>
    </p>
   </div>
   <div class='ocr_carea' id='block_1_20' title="bbox 1824 1248 3319 1315">
    <p class='ocr_par' dir='ltr' id='par_1_20' title="bbox 1824 1248 3319 1315">
     <span class='ocr_line' id='line_1_20' title="bbox 1824 1248 3319 1315; baseline -0.003 -10"><span class='ocrx_word' id='word_1_117' title='bbox 1824 1251 2012 1306; x_wconf 85' lang='lat' dir='ltr'><strong>Jerem.</strong></span> <span class='ocrx_word' id='word_1_118' title='bbox 2036 1267 2173 1315; x_wconf 80' lang='lat' dir='ltr'><strong>xm,</strong></span> <span class='ocrx_word' id='word_1_119' title='bbox 2210 1250 2297 1305; x_wconf 78' lang='grc'><strong>15.</strong></span> <span class='ocrx_word' id='word_1_120' title='bbox 2326 1280 2396 1291; x_wconf 92' lang='grc'><strong><em>-</em></strong></span> <span class='ocrx_word' id='word_1_121' title='bbox 2433 1268 2451 1300; x_wconf 86' lang='grc'><strong>‹</strong></span> <span class='ocrx_word' id='word_1_122' title='bbox 2486 1248 2588 1315; x_wconf 89' lang='lat' dir='ltr'><strong>Qui</strong></span> <span class='ocrx_word' id='word_1_123' title='bbox 2631 1250 2864 1304; x_wconf 57' lang='lat' dir='ltr'><strong>aedificat</strong></span> <span class='ocrx_word' id='word_1_124' title='bbox 2894 1248 3119 1303; x_wconf 91' lang='lat' dir='ltr'><strong>domum</strong></span> <span class='ocrx_word' id='word_1_125' title='bbox 3164 1264 3319 1303; x_wconf 86' lang='lat' dir='ltr'><strong>suam</strong></span> 
     </span>
    </p>
   </div>
   <div class='ocr_carea' id='block_1_21' title="bbox 93 1334 1651 1415">
    <p class='ocr_par' dir='ltr' id='par_1_21' title="bbox 93 1334 1650 1415">
     <span class='ocr_line' id='line_1_21' title="bbox 93 1334 1650 1415; baseline -0.008 -15"><span class='ocrx_word' id='word_1_126' title='bbox 93 1363 203 1415; x_wconf 57' lang='grc' dir='ltr'><strong>της,</strong></span> <span class='ocrx_word' id='word_1_127' title='bbox 232 1345 329 1399; x_wconf 78' lang='grc' dir='ltr'><strong>καὶ</strong></span> <span class='ocrx_word' id='word_1_128' title='bbox 361 1344 427 1398; x_wconf 82' lang='grc' dir='ltr'><strong>τά</strong></span> <span class='ocrx_word' id='word_1_129' title='bbox 450 1341 671 1412; x_wconf 84' lang='grc' dir='ltr'>ὑπερῷα</span> <span class='ocrx_word' id='word_1_130' title='bbox 700 1340 861 1395; x_wconf 80' lang='grc' dir='ltr'><strong>αὑτοῦ</strong></span> <span class='ocrx_word' id='word_1_131' title='bbox 885 1339 983 1393; x_wconf 83' lang='grc' dir='ltr'><strong>οὐκ</strong></span> <span class='ocrx_word' id='word_1_132' title='bbox 1011 1341 1068 1392; x_wconf 80' lang='grc' dir='ltr'><strong>ὲν</strong></span> <span class='ocrx_word' id='word_1_133' title='bbox 1100 1339 1359 1407; x_wconf 89' lang='grc' dir='ltr'><strong>κρίματι,</strong></span> <span class='ocrx_word' id='word_1_134' title='bbox 1405 1336 1553 1406; x_wconf 83' lang='grc' dir='ltr'><strong>παρά</strong></span> <span class='ocrx_word' id='word_1_135' title='bbox 1574 1334 1650 1405; x_wconf 80' lang='grc' dir='ltr'><strong>τῷ</strong></span> 
     </span>
    </p>
   </div>
   <div class='ocr_carea' id='block_1_22' title="bbox 1775 1334 3320 1415">
    <p class='ocr_par' dir='ltr' id='par_1_22' title="bbox 1781 1339 3320 1412">
     <span class='ocr_line' id='line_1_22' title="bbox 1781 1339 3320 1412; baseline -0.003 -15"><span class='ocrx_word' id='word_1_136' title='bbox 1781 1360 1812 1397; x_wconf 83' lang='grc' dir='ltr'><strong>ιι</strong></span> <span class='ocrx_word' id='word_1_137' title='bbox 1846 1343 2139 1412; x_wconf 89' lang='lat' dir='ltr'><strong>injustitia,</strong></span> <span class='ocrx_word' id='word_1_138' title='bbox 2176 1350 2230 1396; x_wconf 91' lang='lat' dir='ltr'><strong>et</strong></span> <span class='ocrx_word' id='word_1_139' title='bbox 2282 1342 2568 1396; x_wconf 77' lang='lat' dir='ltr'><strong>cmnacula</strong></span> <span class='ocrx_word' id='word_1_140' title='bbox 2612 1356 2715 1396; x_wconf 90' lang='lat' dir='ltr'><strong>sua</strong></span> <span class='ocrx_word' id='word_1_141' title='bbox 2759 1355 2865 1395; x_wconf 94' lang='lat' dir='ltr'><strong>non</strong></span> <span class='ocrx_word' id='word_1_142' title='bbox 2900 1342 2953 1394; x_wconf 90' lang='lat' dir='ltr'><strong>in</strong></span> <span class='ocrx_word' id='word_1_143' title='bbox 2987 1339 3199 1409; x_wconf 90' lang='lat' dir='ltr'><strong>judicio</strong></span> <span class='ocrx_word' id='word_1_144' title='bbox 3238 1357 3249 1392; x_wconf 87' lang='lat'><strong>:</strong></span> <span class='ocrx_word' id='word_1_145' title='bbox 3289 1355 3320 1392; x_wconf 88' lang='lat' dir='ltr'><strong>a</strong></span> 
     </span>
    </p>
   </div>
   <div class='ocr_carea' id='block_1_23' title="bbox 92 1428 1649 1508">
    <p class='ocr_par' dir='ltr' id='par_1_23' title="bbox 92 1428 1649 1508">
     <span class='ocr_line' id='line_1_23' title="bbox 92 1428 1649 1508; baseline -0.008 -16"><span class='ocrx_word' id='word_1_146' title='bbox 92 1439 312 1508; x_wconf 81' lang='grc' dir='ltr'><strong>πλησίον</strong></span> <span class='ocrx_word' id='word_1_147' title='bbox 348 1437 511 1490; x_wconf 81' lang='grc' dir='ltr'><strong>αὐτοῦ</strong></span> <span class='ocrx_word' id='word_1_148' title='bbox 552 1436 778 1507; x_wconf 83' lang='grc' dir='ltr'><strong>ὲργᾶται</strong></span> <span class='ocrx_word' id='word_1_149' title='bbox 820 1432 1050 1503; x_wconf 84' lang='grc' dir='ltr'><strong>δωρεὰν,</strong></span> <span class='ocrx_word' id='word_1_150' title='bbox 1087 1432 1181 1485; x_wconf 82' lang='grc' dir='ltr'><strong>καὶ</strong></span> <span class='ocrx_word' id='word_1_151' title='bbox 1216 1431 1306 1484; x_wconf 83' lang='grc' dir='ltr'><strong>τὸν</strong></span> <span class='ocrx_word' id='word_1_152' title='bbox 1324 1428 1520 1501; x_wconf 63' lang='grc' dir='ltr'><strong>ιμισθὸν</strong></span> <span class='ocrx_word' id='word_1_153' title='bbox 1550 1430 1649 1482; x_wconf 64' lang='lat' dir='ltr'><strong>ab-</strong></span> 
     </span>
    </p>
   </div>
   <div class='ocr_carea' id='block_1_24' title="bbox 90 1526 813 1601">
    <p class='ocr_par' dir='ltr' id='par_1_24' title="bbox 90 1526 813 1601">
     <span class='ocr_line' id='line_1_24' title="bbox 90 1526 813 1601; baseline -0.011 -16"><span class='ocrx_word' id='word_1_154' title='bbox 90 1531 176 1585; x_wconf 84' lang='grc' dir='ltr'><strong>τοῦ</strong></span> <span class='ocrx_word' id='word_1_155' title='bbox 202 1532 265 1584; x_wconf 83' lang='grc' dir='ltr'><strong>ού</strong></span> <span class='ocrx_word' id='word_1_156' title='bbox 292 1530 368 1601; x_wconf 83' lang='grc' dir='ltr'><strong>μὴ</strong></span> <span class='ocrx_word' id='word_1_157' title='bbox 388 1527 572 1599; x_wconf 86' lang='grc' dir='ltr'><strong>ἀποδῷ</strong></span> <span class='ocrx_word' id='word_1_158' title='bbox 596 1526 762 1597; x_wconf 82' lang='grc' dir='ltr'><strong>αύτῷ.</strong></span> <span class='ocrx_word' id='word_1_159' title='bbox 795 1545 813 1577; x_wconf 83' lang='grc' dir='ltr'><strong>ι</strong></span> 
     </span>
    </p>
   </div>
   <div class='ocr_carea' id='block_1_25' title="bbox 162 1611 1652 1691">
    <p class='ocr_par' dir='ltr' id='par_1_25' title="bbox 162 1611 1652 1691">
     <span class='ocr_line' id='line_1_25' title="bbox 162 1611 1652 1691; baseline -0.005 -18"><span class='ocrx_word' id='word_1_160' title='bbox 162 1642 178 1673; x_wconf 81' lang='grc' dir='ltr'><strong>ι</strong></span> <span class='ocrx_word' id='word_1_161' title='bbox 218 1622 352 1675; x_wconf 80' lang='grc' dir='ltr'><strong>Ἰδοὺ</strong></span> <span class='ocrx_word' id='word_1_162' title='bbox 381 1622 408 1674; x_wconf 88' lang='grc' dir='ltr'>ὁ</span> <span class='ocrx_word' id='word_1_163' title='bbox 437 1619 625 1691; x_wconf 82' lang='grc' dir='ltr'><strong>μισθὸς</strong></span> <span class='ocrx_word' id='word_1_164' title='bbox 656 1619 765 1672; x_wconf 86' lang='grc' dir='ltr'><strong>τῶν</strong></span> <span class='ocrx_word' id='word_1_165' title='bbox 787 1616 1032 1689; x_wconf 76' lang='grc' dir='ltr'><strong>ἐργατῶν</strong></span> <span class='ocrx_word' id='word_1_166' title='bbox 1064 1634 1171 1669; x_wconf 87' lang='grc' dir='ltr'><strong>των</strong></span> <span class='ocrx_word' id='word_1_167' title='bbox 1196 1614 1523 1686; x_wconf 85' lang='grc' dir='ltr'><strong>ἀμησάντων</strong></span> <span class='ocrx_word' id='word_1_168' title='bbox 1555 1611 1652 1677; x_wconf 78' lang='grc' dir='ltr'><strong>τὰς</strong></span> 
     </span>
    </p>
   </div>
   <div class='ocr_carea' id='block_1_26' title="bbox 1758 1432 3320 1504">
    <p class='ocr_par' dir='ltr' id='par_1_26' title="bbox 1758 1432 3320 1504">
     <span class='ocr_line' id='line_1_26' title="bbox 1758 1432 3320 1504; baseline -0.001 -15"><span class='ocrx_word' id='word_1_169' title='bbox 1758 1434 2007 1504; x_wconf 77' lang='lat' dir='ltr'><strong>proximo</strong></span> <span class='ocrx_word' id='word_1_170' title='bbox 2038 1450 2140 1490; x_wconf 90' lang='lat' dir='ltr'><strong>suo</strong></span> <span class='ocrx_word' id='word_1_171' title='bbox 2173 1449 2312 1504; x_wconf 89' lang='lat' dir='ltr'><strong>opus</strong></span> <span class='ocrx_word' id='word_1_172' title='bbox 2336 1434 2508 1504; x_wconf 88' lang='lat' dir='ltr'><strong>gratis</strong></span> <span class='ocrx_word' id='word_1_173' title='bbox 2529 1432 2724 1504; x_wconf 81' lang='lat' dir='ltr'><strong>exigit,</strong></span> <span class='ocrx_word' id='word_1_174' title='bbox 2757 1445 2809 1488; x_wconf 84' lang='lat' dir='ltr'><strong>et</strong></span> <span class='ocrx_word' id='word_1_175' title='bbox 2852 1433 3164 1488; x_wconf 85' lang='lat' dir='ltr'><strong>mercedem</strong></span> <span class='ocrx_word' id='word_1_176' title='bbox 3198 1433 3320 1503; x_wconf 90' lang='lat' dir='ltr'><strong>ejus</strong></span> 
     </span>
    </p>
   </div>
   <div class='ocr_carea' id='block_1_27' title="bbox 1757 1524 2236 1579">
    <p class='ocr_par' dir='ltr' id='par_1_27' title="bbox 1757 1524 2236 1579">
     <span class='ocr_line' id='line_1_27' title="bbox 1757 1524 2236 1579; baseline -0.008 0"><span class='ocrx_word' id='word_1_177' title='bbox 1757 1540 1869 1579; x_wconf 90' lang='lat' dir='ltr'><strong>non</strong></span> <span class='ocrx_word' id='word_1_178' title='bbox 1902 1524 2081 1578; x_wconf 85' lang='lat' dir='ltr'><strong>reddit</strong></span> <span class='ocrx_word' id='word_1_179' title='bbox 2114 1524 2188 1579; x_wconf 90' lang='lat' dir='ltr'><strong>ei.</strong></span> <span class='ocrx_word' id='word_1_180' title='bbox 2216 1543 2236 1575; x_wconf 73' lang='grc' dir='ltr'><strong>ι</strong></span> 
     </span>
    </p>
   </div>
   <div class='ocr_carea' id='block_1_28' title="bbox 1825 1612 3322 1683">
    <p class='ocr_par' dir='ltr' id='par_1_28' title="bbox 1825 1612 3322 1683">
     <span class='ocr_line' id='line_1_28' title="bbox 1825 1612 3322 1683; baseline -0.003 -15"><span class='ocrx_word' id='word_1_181' title='bbox 1825 1614 1947 1670; x_wconf 82' lang='lat' dir='ltr'><strong>Jac.</strong></span> <span class='ocrx_word' id='word_1_182' title='bbox 1977 1631 2033 1679; x_wconf 90' lang='lat' dir='ltr'><strong>v,</strong></span> <span class='ocrx_word' id='word_1_183' title='bbox 2076 1616 2127 1669; x_wconf 70' lang='grc'><strong>4.</strong></span> <span class='ocrx_word' id='word_1_184' title='bbox 2150 1632 2246 1665; x_wconf 82' lang='grc'><strong>--‹</strong></span> <span class='ocrx_word' id='word_1_185' title='bbox 2279 1613 2417 1670; x_wconf 83' lang='lat' dir='ltr'><strong>Ecce</strong></span> <span class='ocrx_word' id='word_1_186' title='bbox 2449 1629 2659 1669; x_wconf 89' lang='lat' dir='ltr'><strong>merces</strong></span> <span class='ocrx_word' id='word_1_187' title='bbox 2691 1612 3073 1683; x_wconf 78' lang='lat' dir='ltr'><strong>operariorum</strong></span> <span class='ocrx_word' id='word_1_188' title='bbox 3108 1618 3322 1667; x_wconf 86' lang='lat' dir='ltr'><strong>vestro-</strong></span> 
     </span>
    </p>
   </div>
   <div class='ocr_carea' id='block_1_29' title="bbox 91 1702 1651 1785">
    <p class='ocr_par' dir='ltr' id='par_1_29' title="bbox 91 1703 1651 1785">
     <span class='ocr_line' id='line_1_29' title="bbox 91 1703 1651 1785; baseline -0.006 -20"><span class='ocrx_word' id='word_1_189' title='bbox 91 1713 266 1785; x_wconf 79' lang='grc' dir='ltr'><strong>χώρας</strong></span> <span class='ocrx_word' id='word_1_190' title='bbox 297 1713 322 1765; x_wconf 85' lang='grc' dir='ltr'>ὑ</span> <span class='ocrx_word' id='word_1_191' title='bbox 331 1711 469 1782; x_wconf 89' lang='grc' dir='ltr'><strong>μῶν,</strong></span> <span class='ocrx_word' id='word_1_192' title='bbox 491 1712 519 1764; x_wconf 82' lang='grc' dir='ltr'><strong>ὁ</strong></span> <span class='ocrx_word' id='word_1_193' title='bbox 536 1710 974 1781; x_wconf 79' lang='grc' dir='ltr'><strong>ἀπεστερημένος</strong></span> <span class='ocrx_word' id='word_1_194' title='bbox 1001 1708 1091 1774; x_wconf 79' lang='grc' dir='ltr'><strong>ἀφ’</strong></span> <span class='ocrx_word' id='word_1_195' title='bbox 1116 1707 1288 1778; x_wconf 80' lang='grc' dir='ltr'><strong>ὑμῶν,</strong></span> <span class='ocrx_word' id='word_1_196' title='bbox 1324 1703 1536 1776; x_wconf 77' lang='grc' dir='ltr'><strong>κράζει,</strong></span> <span class='ocrx_word' id='word_1_197' title='bbox 1561 1705 1651 1757; x_wconf 75' lang='grc' dir='ltr'><strong>καὶ</strong></span> 
     </span>
    </p>
   </div>
   <div class='ocr_carea' id='block_1_30' title="bbox 1775 1702 3323 1785">
    <p class='ocr_par' dir='ltr' id='par_1_30' title="bbox 1775 1702 3323 1776">
     <span class='ocr_line' id='line_1_30' title="bbox 1775 1702 3323 1776; baseline -0.003 -17"><span class='ocrx_word' id='word_1_198' title='bbox 1775 1722 1904 1769; x_wconf 72' lang='lat' dir='ltr'><strong>-um,</strong></span> <span class='ocrx_word' id='word_1_199' title='bbox 1937 1707 2033 1776; x_wconf 87' lang='lat' dir='ltr'><strong>qui</strong></span> <span class='ocrx_word' id='word_1_200' title='bbox 2060 1712 2412 1761; x_wconf 89' lang='lat' dir='ltr'><strong>messuerunt</strong></span> <span class='ocrx_word' id='word_1_201' title='bbox 2457 1706 2709 1775; x_wconf 83' lang='lat' dir='ltr'><strong>regiones</strong></span> <span class='ocrx_word' id='word_1_202' title='bbox 2738 1713 2952 1759; x_wconf 81' lang='lat' dir='ltr'><strong>vestras</strong></span> <span class='ocrx_word' id='word_1_203' title='bbox 2974 1743 2989 1768; x_wconf 90' lang='lat'><strong>,</strong></span> <span class='ocrx_word' id='word_1_204' title='bbox 3022 1719 3143 1773; x_wconf 71' lang='lat' dir='ltr'><strong>(pne</strong></span> <span class='ocrx_word' id='word_1_205' title='bbox 3170 1702 3323 1756; x_wconf 88' lang='lat' dir='ltr'><strong>frau-</strong></span> 
     </span>
    </p>
   </div>
   <div class='ocr_carea' id='block_1_31' title="bbox 92 1792 1651 1873">
    <p class='ocr_par' dir='ltr' id='par_1_31' title="bbox 92 1792 1651 1873">
     <span class='ocr_line' id='line_1_31' title="bbox 92 1792 1651 1873; baseline -0.005 -19"><span class='ocrx_word' id='word_1_206' title='bbox 92 1806 140 1856; x_wconf 81' lang='lat' dir='ltr'><strong>al</strong></span> <span class='ocrx_word' id='word_1_207' title='bbox 166 1803 286 1872; x_wconf 78' lang='grc' dir='ltr'><strong>βοαὶ</strong></span> <span class='ocrx_word' id='word_1_208' title='bbox 317 1792 426 1854; x_wconf 79' lang='grc' dir='ltr'><strong>τῶν</strong></span> <span class='ocrx_word' id='word_1_209' title='bbox 476 1800 803 1873; x_wconf 84' lang='grc' dir='ltr'><strong>θερισάντων</strong></span> <span class='ocrx_word' id='word_1_210' title='bbox 836 1798 997 1861; x_wconf 85' lang='grc' dir='ltr'><strong>είςτά</strong></span> <span class='ocrx_word' id='word_1_211' title='bbox 1029 1793 1143 1855; x_wconf 81' lang='grc' dir='ltr'><strong>ὦτα</strong></span> <span class='ocrx_word' id='word_1_212' title='bbox 1186 1796 1391 1864; x_wconf 80' lang='grc' dir='ltr'><strong>Κυρίου</strong></span> <span class='ocrx_word' id='word_1_213' title='bbox 1430 1792 1651 1850; x_wconf 86' lang='grc' dir='ltr'><strong>Σαϐαὼθ</strong></span> 
     </span>
    </p>
   </div>
   <div class='ocr_carea' id='block_1_32' title="bbox 1775 1792 3326 1873">
    <p class='ocr_par' dir='ltr' id='par_1_32' title="bbox 1775 1794 3326 1863">
     <span class='ocr_line' id='line_1_32' title="bbox 1775 1794 3326 1863; baseline -0.003 -11"><span class='ocrx_word' id='word_1_214' title='bbox 1775 1798 2013 1853; x_wconf 71' lang='lat' dir='ltr'><strong>lataest</strong></span> <span class='ocrx_word' id='word_1_215' title='bbox 2067 1812 2096 1850; x_wconf 93' lang='lat' dir='ltr'><strong>a</strong></span> <span class='ocrx_word' id='word_1_216' title='bbox 2134 1798 2333 1863; x_wconf 81' lang='lat' dir='ltr'><strong>vobis,</strong></span> <span class='ocrx_word' id='word_1_217' title='bbox 2383 1798 2614 1860; x_wconf 85' lang='lat' dir='ltr'><strong>clamat,</strong></span> <span class='ocrx_word' id='word_1_218' title='bbox 2663 1806 2718 1851; x_wconf 90' lang='lat' dir='ltr'><strong>et</strong></span> <span class='ocrx_word' id='word_1_219' title='bbox 2747 1796 2959 1850; x_wconf 75' lang='lat' dir='ltr'><strong>clamOr</strong></span> <span class='ocrx_word' id='word_1_220' title='bbox 2996 1810 3187 1850; x_wconf 89' lang='lat' dir='ltr'><strong>corum</strong></span> <span class='ocrx_word' id='word_1_221' title='bbox 3242 1794 3326 1848; x_wconf 88' lang='lat' dir='ltr'><strong>in-</strong></span> 
     </span>
    </p>
   </div>
   <div class='ocr_carea' id='block_1_33' title="bbox 92 1891 506 1964">
    <p class='ocr_par' dir='ltr' id='par_1_33' title="bbox 92 1891 506 1964">
     <span class='ocr_line' id='line_1_33' title="bbox 92 1891 506 1964; baseline -0.007 -19"><span class='ocrx_word' id='word_1_222' title='bbox 92 1891 448 1964; x_wconf 81' lang='grc' dir='ltr'><strong>εἰσεληλύθει.</strong></span> <span class='ocrx_word' id='word_1_223' title='bbox 486 1911 506 1942; x_wconf 75' lang='grc' dir='ltr'><strong>ι</strong></span> 
     </span>
    </p>
   </div>
   <div class='ocr_carea' id='block_1_34' title="bbox 283 1994 1445 2066">
    <p class='ocr_par' dir='ltr' id='par_1_34' title="bbox 283 1994 1445 2066">
     <span class='ocr_line' id='line_1_34' title="bbox 283 1994 1445 2066; baseline -0.002 -15"><span class='ocrx_word' id='word_1_224' title='bbox 283 1999 466 2053; x_wconf 82' lang='grc' dir='ltr'><strong>ΤΙΤΛ.</strong></span> <span class='ocrx_word' id='word_1_225' title='bbox 497 2000 587 2053; x_wconf 86' lang='grc' dir='ltr'><strong>Μ’.</strong></span> <span class='ocrx_word' id='word_1_226' title='bbox 614 2026 685 2039; x_wconf 91' lang='grc'><strong><em>-</em></strong></span> <span class='ocrx_word' id='word_1_227' title='bbox 706 1996 844 2065; x_wconf 85' lang='grc' dir='ltr'><strong>Περί</strong></span> <span class='ocrx_word' id='word_1_228' title='bbox 865 1998 1167 2066; x_wconf 72' lang='grc' dir='ltr'><strong>αἰσχύνης</strong></span> <span class='ocrx_word' id='word_1_229' title='bbox 1196 1994 1445 2065; x_wconf 77' lang='grc' dir='ltr'><strong>ἀγαθῆς.</strong></span> 
     </span>
    </p>
   </div>
   <div class='ocr_carea' id='block_1_35' title="bbox 161 2107 1655 2181">
    <p class='ocr_par' dir='ltr' id='par_1_35' title="bbox 161 2107 1655 2181">
     <span class='ocr_line' id='line_1_35' title="bbox 161 2107 1655 2181; baseline -0.001 -19"><span class='ocrx_word' id='word_1_230' title='bbox 161 2130 178 2161; x_wconf 74' lang='grc' dir='ltr'><strong>ι</strong></span> <span class='ocrx_word' id='word_1_231' title='bbox 214 2110 490 2172; x_wconf 83' lang='grc' dir='ltr'><strong>Λαϐόντες</strong></span> <span class='ocrx_word' id='word_1_232' title='bbox 532 2110 653 2181; x_wconf 71' lang='grc' dir='ltr'><strong>Σημ-</strong></span> <span class='ocrx_word' id='word_1_233' title='bbox 684 2109 777 2163; x_wconf 81' lang='grc' dir='ltr'><strong>καὶ</strong></span> <span class='ocrx_word' id='word_1_234' title='bbox 820 2108 995 2178; x_wconf 78' lang='grc' dir='ltr'><strong>Ἰαφὲθ</strong></span> <span class='ocrx_word' id='word_1_235' title='bbox 1028 2108 1089 2161; x_wconf 76' lang='grc' dir='ltr'><strong>τὺ</strong></span> <span class='ocrx_word' id='word_1_236' title='bbox 1141 2108 1373 2177; x_wconf 85' lang='grc' dir='ltr'><strong>ἱμάτιον,</strong></span> <span class='ocrx_word' id='word_1_237' title='bbox 1404 2107 1655 2161; x_wconf 74' lang='grc' dir='ltr'><strong>ἐπέθεντο</strong></span> 
     </span>
    </p>
   </div>
   <div class='ocr_carea' id='block_1_36' title="bbox 90 2197 1653 2269">
    <p class='ocr_par' dir='ltr' id='par_1_36' title="bbox 90 2197 1653 2269">
     <span class='ocr_line' id='line_1_36' title="bbox 90 2197 1653 2269; baseline -0.002 -16"><span class='ocrx_word' id='word_1_238' title='bbox 90 2202 175 2254; x_wconf 75' lang='grc' dir='ltr'><strong>ἐπὶ</strong></span> <span class='ocrx_word' id='word_1_239' title='bbox 199 2200 272 2254; x_wconf 85' lang='grc' dir='ltr'><strong>τά</strong></span> <span class='ocrx_word' id='word_1_240' title='bbox 303 2200 397 2254; x_wconf 85' lang='grc' dir='ltr'><strong>δύο</strong></span> <span class='ocrx_word' id='word_1_241' title='bbox 428 2199 574 2254; x_wconf 83' lang='grc' dir='ltr'><strong>νῶτα</strong></span> <span class='ocrx_word' id='word_1_242' title='bbox 603 2199 805 2262; x_wconf 78' lang='grc' dir='ltr'><strong>αὐτῶν,</strong></span> <span class='ocrx_word' id='word_1_243' title='bbox 831 2199 924 2253; x_wconf 76' lang='grc' dir='ltr'><strong>καὶ</strong></span> <span class='ocrx_word' id='word_1_244' title='bbox 956 2199 1327 2269; x_wconf 73' lang='grc' dir='ltr'><strong>ἐπορεύθησαν</strong></span> <span class='ocrx_word' id='word_1_245' title='bbox 1355 2197 1653 2267; x_wconf 83' lang='grc' dir='ltr'><strong>ὀπισθοφα-</strong></span> 
     </span>
    </p>
   </div>
   <div class='ocr_carea' id='block_1_37' title="bbox 90 2289 1656 2360">
    <p class='ocr_par' dir='ltr' id='par_1_37' title="bbox 90 2289 1656 2360">
     <span class='ocr_line' id='line_1_37' title="bbox 90 2289 1656 2360; baseline -0.002 -15"><span class='ocrx_word' id='word_1_246' title='bbox 90 2292 207 2355; x_wconf 79' lang='grc' dir='ltr'><strong>νῶς,</strong></span> <span class='ocrx_word' id='word_1_247' title='bbox 233 2292 333 2346; x_wconf 78' lang='grc' dir='ltr'><strong>καί</strong></span> <span class='ocrx_word' id='word_1_248' title='bbox 363 2291 737 2360; x_wconf 76' lang='grc' dir='ltr'><strong>συνεκάλυῲαν</strong></span> <span class='ocrx_word' id='word_1_249' title='bbox 766 2290 861 2360; x_wconf 84' lang='grc' dir='ltr'><strong>τὴν</strong></span> <span class='ocrx_word' id='word_1_250' title='bbox 886 2290 1163 2360; x_wconf 85' lang='grc' dir='ltr'><strong>γύμνωσιν</strong></span> <span class='ocrx_word' id='word_1_251' title='bbox 1190 2289 1284 2343; x_wconf 88' lang='grc' dir='ltr'><strong>τοῦ</strong></span> <span class='ocrx_word' id='word_1_252' title='bbox 1320 2289 1524 2360; x_wconf 81' lang='grc' dir='ltr'><strong>πατρὸς</strong></span> <span class='ocrx_word' id='word_1_253' title='bbox 1557 2290 1656 2342; x_wconf 85' lang='grc' dir='ltr'><strong>αύ-</strong></span> 
     </span>
    </p>
   </div>
   <div class='ocr_carea' id='block_1_38' title="bbox 88 2375 1647 2453">
    <p class='ocr_par' dir='ltr' id='par_1_38' title="bbox 88 2375 1647 2453">
     <span class='ocr_line' id='line_1_38' title="bbox 88 2375 1647 2453; baseline -0.004 -18"><span class='ocrx_word' id='word_1_254' title='bbox 88 2384 209 2447; x_wconf 87' lang='grc' dir='ltr'><strong>τῶν,</strong></span> <span class='ocrx_word' id='word_1_255' title='bbox 232 2384 330 2437; x_wconf 57' lang='grc' dir='ltr'><strong>καὶ⁹</strong></span> <span class='ocrx_word' id='word_1_256' title='bbox 355 2383 455 2453; x_wconf 80' lang='grc' dir='ltr'><strong>τὴν</strong></span> <span class='ocrx_word' id='word_1_257' title='bbox 479 2382 757 2453; x_wconf 81' lang='grc' dir='ltr'><strong>γύμνωσιν</strong></span> <span class='ocrx_word' id='word_1_258' title='bbox 782 2380 875 2434; x_wconf 88' lang='grc' dir='ltr'><strong>τοῦ</strong></span> <span class='ocrx_word' id='word_1_259' title='bbox 902 2380 1101 2451; x_wconf 80' lang='grc' dir='ltr'><strong>πατρὸς</strong></span> <span class='ocrx_word' id='word_1_260' title='bbox 1123 2379 1297 2434; x_wconf 81' lang='grc' dir='ltr'><strong>αὐτῶν</strong></span> <span class='ocrx_word' id='word_1_261' title='bbox 1322 2380 1421 2433; x_wconf 75' lang='grc' dir='ltr'><strong>οὐκ</strong></span> <span class='ocrx_word' id='word_1_262' title='bbox 1445 2375 1603 2432; x_wconf 75' lang='grc' dir='ltr'><strong>εἶδον.</strong></span> <span class='ocrx_word' id='word_1_263' title='bbox 1630 2396 1647 2428; x_wconf 74' lang='grc' dir='ltr'><strong>ι</strong></span> 
     </span>
    </p>
   </div>
   <div class='ocr_carea' id='block_1_39' title="bbox 158 2469 1655 2543">
    <p class='ocr_par' dir='ltr' id='par_1_39' title="bbox 158 2469 1655 2543">
     <span class='ocr_line' id='line_1_39' title="bbox 158 2469 1655 2543; baseline -0.003 -16"><span class='ocrx_word' id='word_1_264' title='bbox 158 2493 175 2526; x_wconf 79' lang='grc' dir='ltr'><strong>ι</strong></span> <span class='ocrx_word' id='word_1_265' title='bbox 218 2474 411 2527; x_wconf 82' lang='grc' dir='ltr'><strong>Ἔστιν</strong></span> <span class='ocrx_word' id='word_1_266' title='bbox 453 2472 683 2543; x_wconf 80' lang='grc' dir='ltr'><strong>αἰσχύνη</strong></span> <span class='ocrx_word' id='word_1_267' title='bbox 734 2472 1015 2540; x_wconf 73' lang='grc' dir='ltr'><strong>ἐπάγουσα</strong></span> <span class='ocrx_word' id='word_1_268' title='bbox 1065 2469 1357 2540; x_wconf 77' lang='grc' dir='ltr'><strong>ἁμαρτίαν,</strong></span> <span class='ocrx_word' id='word_1_269' title='bbox 1390 2471 1486 2524; x_wconf 80' lang='grc' dir='ltr'><strong>καὶ</strong></span> <span class='ocrx_word' id='word_1_270' title='bbox 1511 2469 1655 2523; x_wconf 77' lang='grc' dir='ltr'><strong>ἔστιν</strong></span> 
     </span>
    </p>
   </div>
   <div class='ocr_carea' id='block_1_40' title="bbox 91 2564 867 2636">
    <p class='ocr_par' dir='ltr' id='par_1_40' title="bbox 91 2564 867 2636">
     <span class='ocr_line' id='line_1_40' title="bbox 91 2564 867 2636; baseline -0.005 -17"><span class='ocrx_word' id='word_1_271' title='bbox 91 2580 319 2636; x_wconf 88' lang='grc' dir='ltr'><strong>αισχυνη</strong></span> <span class='ocrx_word' id='word_1_272' title='bbox 354 2565 482 2632; x_wconf 79' lang='grc' dir='ltr'><strong>δόξα</strong></span> <span class='ocrx_word' id='word_1_273' title='bbox 504 2565 597 2619; x_wconf 81' lang='grc' dir='ltr'><strong>καὶ</strong></span> <span class='ocrx_word' id='word_1_274' title='bbox 623 2564 802 2635; x_wconf 85' lang='grc' dir='ltr'><strong>χάρις.</strong></span> <span class='ocrx_word' id='word_1_275' title='bbox 848 2582 867 2615; x_wconf 76' lang='grc' dir='ltr'><strong>ι</strong></span> 
     </span>
    </p>
   </div>
   <div class='ocr_carea' id='block_1_41' title="bbox 160 2652 1656 2728">
    <p class='ocr_par' dir='ltr' id='par_1_41' title="bbox 160 2652 1656 2728">
     <span class='ocr_line' id='line_1_41' title="bbox 160 2652 1656 2728; baseline -0.002 -20"><span class='ocrx_word' id='word_1_276' title='bbox 160 2678 177 2708; x_wconf 75' lang='grc' dir='ltr'><strong>ε</strong></span> <span class='ocrx_word' id='word_1_277' title='bbox 212 2658 332 2727; x_wconf 75' lang='grc' dir='ltr'><strong>Πρὸ</strong></span> <span class='ocrx_word' id='word_1_278' title='bbox 369 2656 599 2728; x_wconf 83' lang='grc' dir='ltr'><strong>βροντῆς</strong></span> <span class='ocrx_word' id='word_1_279' title='bbox 655 2654 1016 2709; x_wconf 89' lang='grc' dir='ltr'><strong>κατασπεύδει</strong></span> <span class='ocrx_word' id='word_1_280' title='bbox 1074 2653 1349 2726; x_wconf 79' lang='grc' dir='ltr'><strong>ἀστραπὴ,</strong></span> <span class='ocrx_word' id='word_1_281' title='bbox 1405 2654 1497 2707; x_wconf 72' lang='grc' dir='ltr'><strong>καὶ</strong></span> <span class='ocrx_word' id='word_1_282' title='bbox 1550 2652 1656 2723; x_wconf 82' lang='grc' dir='ltr'><strong>πρὸ</strong></span> 
     </span>
    </p>
   </div>
   <div class='ocr_carea' id='block_1_42' title="bbox 89 2746 1126 2819">
    <p class='ocr_par' dir='ltr' id='par_1_42' title="bbox 89 2746 1126 2819">
     <span class='ocr_line' id='line_1_42' title="bbox 89 2746 1126 2819; baseline -0.002 -20"><span class='ocrx_word' id='word_1_283' title='bbox 89 2747 449 2819; x_wconf 83' lang='grc' dir='ltr'><strong>αἰσχυντηροῦ</strong></span> <span class='ocrx_word' id='word_1_284' title='bbox 477 2746 861 2818; x_wconf 76' lang='grc' dir='ltr'><strong>προελεύσεται</strong></span> <span class='ocrx_word' id='word_1_285' title='bbox 892 2747 1071 2816; x_wconf 84' lang='grc' dir='ltr'><strong>χάρις.</strong></span> <span class='ocrx_word' id='word_1_286' title='bbox 1106 2764 1126 2797; x_wconf 72' lang='grc' dir='ltr'><strong>ο</strong></span> 
     </span>
    </p>
   </div>
   <div class='ocr_carea' id='block_1_43' title="bbox 159 2834 1652 2907">
    <p class='ocr_par' dir='ltr' id='par_1_43' title="bbox 159 2834 1652 2907">
     <span class='ocr_line' id='line_1_43' title="bbox 159 2834 1652 2907; baseline -0.002 -17"><span class='ocrx_word' id='word_1_287' title='bbox 159 2858 178 2890; x_wconf 72' lang='grc' dir='ltr'><strong>ι</strong></span> <span class='ocrx_word' id='word_1_288' title='bbox 210 2836 546 2907; x_wconf 77' lang='grc' dir='ltr'><strong>Αίσχύνεσθε</strong></span> <span class='ocrx_word' id='word_1_289' title='bbox 604 2836 711 2891; x_wconf 82' lang='grc' dir='ltr'><strong>ἀπὸ</strong></span> <span class='ocrx_word' id='word_1_290' title='bbox 762 2837 962 2907; x_wconf 72' lang='grc' dir='ltr'><strong>πατρὸς</strong></span> <span class='ocrx_word' id='word_1_291' title='bbox 983 2834 1075 2889; x_wconf 74' lang='grc' dir='ltr'><strong>καὶ</strong></span> <span class='ocrx_word' id='word_1_292' title='bbox 1106 2851 1310 2905; x_wconf 88' lang='grc' dir='ltr'><strong>μητρος</strong></span> <span class='ocrx_word' id='word_1_293' title='bbox 1351 2836 1475 2905; x_wconf 71' lang='grc' dir='ltr'><strong>περὶ</strong></span> <span class='ocrx_word' id='word_1_294' title='bbox 1517 2850 1652 2905; x_wconf 86' lang='grc' dir='ltr'><strong>πορ-</strong></span> 
     </span>
    </p>
   </div>
   <div class='ocr_carea' id='block_1_44' title="bbox 90 2923 1655 2997">
    <p class='ocr_par' dir='ltr' id='par_1_44' title="bbox 90 2923 1655 2997">
     <span class='ocr_line' id='line_1_44' title="bbox 90 2923 1655 2997; baseline -0.001 -18"><span class='ocrx_word' id='word_1_295' title='bbox 90 2930 254 2993; x_wconf 84' lang='grc' dir='ltr'><strong>νείας,</strong></span> <span class='ocrx_word' id='word_1_296' title='bbox 281 2929 377 2981; x_wconf 78' lang='grc' dir='ltr'><strong>καὶ</strong></span> <span class='ocrx_word' id='word_1_297' title='bbox 403 2927 511 2979; x_wconf 87' lang='grc' dir='ltr'><strong>ἀπὸ</strong></span> <span class='ocrx_word' id='word_1_298' title='bbox 539 2926 839 2997; x_wconf 74' lang='grc' dir='ltr'><strong>ἡγουμένου</strong></span> <span class='ocrx_word' id='word_1_299' title='bbox 872 2925 966 2979; x_wconf 64' lang='grc' dir='ltr'><strong>καί⁵</strong></span> <span class='ocrx_word' id='word_1_300' title='bbox 997 2925 1258 2996; x_wconf 86' lang='grc' dir='ltr'><strong>τυράννου</strong></span> <span class='ocrx_word' id='word_1_301' title='bbox 1299 2924 1483 2977; x_wconf 80' lang='grc' dir='ltr'><strong>ἕνεκεν</strong></span> <span class='ocrx_word' id='word_1_302' title='bbox 1523 2923 1655 2991; x_wconf 76' lang='grc' dir='ltr'><strong>ψεύ-</strong></span> 
     </span>
    </p>
   </div>
   <div class='ocr_carea' id='block_1_45' title="bbox 88 3016 1651 3088">
    <p class='ocr_par' dir='ltr' id='par_1_45' title="bbox 88 3016 1651 3088">
     <span class='ocr_line' id='line_1_45' title="bbox 88 3016 1651 3088; baseline -0.004 -15"><span class='ocrx_word' id='word_1_303' title='bbox 88 3021 233 3082; x_wconf 84' lang='grc' dir='ltr'><strong>δους·</strong></span> <span class='ocrx_word' id='word_1_304' title='bbox 265 3019 379 3073; x_wconf 74' lang='grc' dir='ltr'><strong>ἀπὸ</strong></span> <span class='ocrx_word' id='word_1_305' title='bbox 424 3018 613 3088; x_wconf 78' lang='grc' dir='ltr'><strong>κριτοῦ</strong></span> <span class='ocrx_word' id='word_1_306' title='bbox 654 3019 744 3072; x_wconf 73' lang='grc' dir='ltr'><strong>κα)⁸</strong></span> <span class='ocrx_word' id='word_1_307' title='bbox 784 3018 1042 3088; x_wconf 73' lang='grc' dir='ltr'><strong>ἄρχοντος</strong></span> <span class='ocrx_word' id='word_1_308' title='bbox 1072 3017 1200 3087; x_wconf 81' lang='grc' dir='ltr'><strong>περὶ</strong></span> <span class='ocrx_word' id='word_1_309' title='bbox 1249 3016 1651 3087; x_wconf 78' lang='grc' dir='ltr'><strong>πλημμελείας,</strong></span> 
     </span>
    </p>
   </div>
   <div class='ocr_carea' id='block_1_46' title="bbox 1758 1888 2913 1945">
    <p class='ocr_par' dir='ltr' id='par_1_46' title="bbox 1758 1888 2913 1945">
     <span class='ocr_line' id='line_1_46' title="bbox 1758 1888 2913 1945; baseline -0.005 -1"><span class='ocrx_word' id='word_1_310' title='bbox 1758 1890 1922 1945; x_wconf 92' lang='lat' dir='ltr'><strong>travit</strong></span> <span class='ocrx_word' id='word_1_311' title='bbox 1947 1890 2001 1943; x_wconf 92' lang='lat' dir='ltr'><strong>in</strong></span> <span class='ocrx_word' id='word_1_312' title='bbox 2039 1904 2203 1943; x_wconf 85' lang='lat' dir='ltr'><strong>aures</strong></span> <span class='ocrx_word' id='word_1_313' title='bbox 2238 1888 2449 1943; x_wconf 69' lang='lat' dir='ltr'><strong>Domini</strong></span> <span class='ocrx_word' id='word_1_314' title='bbox 2489 1889 2855 1944; x_wconf 81' lang='lat' dir='ltr'><strong>exercituum.</strong></span> <span class='ocrx_word' id='word_1_315' title='bbox 2894 1905 2913 1937; x_wconf 78' lang='grc' dir='ltr'><strong>ι</strong></span> 
     </span>
    </p>
   </div>
   <div class='ocr_carea' id='block_1_47' title="bbox 2086 1997 2985 2069">
    <p class='ocr_par' dir='ltr' id='par_1_47' title="bbox 2086 1997 2985 2069">
     <span class='ocr_line' id='line_1_47' title="bbox 2086 1997 2985 2069; baseline -0.006 -14"><span class='ocrx_word' id='word_1_316' title='bbox 2086 2000 2225 2055; x_wconf 79' lang='lat' dir='ltr'><strong>&#39;l&#39;l&#39;l‘.</strong></span> <span class='ocrx_word' id='word_1_317' title='bbox 2259 1998 2373 2055; x_wconf 81' lang='lat' dir='ltr'><strong>XL.</strong></span> <span class='ocrx_word' id='word_1_318' title='bbox 2404 2030 2474 2042; x_wconf 85' lang='lat'><strong>—-</strong></span> <span class='ocrx_word' id='word_1_319' title='bbox 2500 2000 2576 2053; x_wconf 87' lang='lat' dir='ltr'><strong>De</strong></span> <span class='ocrx_word' id='word_1_320' title='bbox 2601 1999 2800 2069; x_wconf 82' lang='lat' dir='ltr'><strong>pudore</strong></span> <span class='ocrx_word' id='word_1_321' title='bbox 2830 1997 2985 2051; x_wconf 84' lang='lat' dir='ltr'><strong>bono.</strong></span> 
     </span>
    </p>
   </div>
   <div class='ocr_carea' id='block_1_48' title="bbox 1826 2107 3320 2182">
    <p class='ocr_par' dir='ltr' id='par_1_48' title="bbox 1826 2107 3320 2182">
     <span class='ocr_line' id='line_1_48' title="bbox 1826 2107 3320 2182; baseline -0.005 -14"><span class='ocrx_word' id='word_1_322' title='bbox 1826 2114 1957 2169; x_wconf 80' lang='lat' dir='ltr'><strong>Gen.</strong></span> <span class='ocrx_word' id='word_1_323' title='bbox 1986 2130 2063 2178; x_wconf 78' lang='lat' dir='ltr'><strong>rx,</strong></span> <span class='ocrx_word' id='word_1_324' title='bbox 2106 2113 2199 2167; x_wconf 75' lang='lat'><strong>25.</strong></span> <span class='ocrx_word' id='word_1_325' title='bbox 2233 2140 2305 2152; x_wconf 91' lang='lat'><strong>——</strong></span> <span class='ocrx_word' id='word_1_326' title='bbox 2358 2131 2376 2164; x_wconf 74' lang='grc' dir='ltr'><strong>ι</strong></span> <span class='ocrx_word' id='word_1_327' title='bbox 2411 2111 2763 2182; x_wconf 83' lang='lat' dir='ltr'><strong>Accipientes</strong></span> <span class='ocrx_word' id='word_1_328' title='bbox 2812 2109 2938 2164; x_wconf 81' lang='lat' dir='ltr'><strong>Seni</strong></span> <span class='ocrx_word' id='word_1_329' title='bbox 2982 2118 3037 2165; x_wconf 89' lang='lat' dir='ltr'><strong>et</strong></span> <span class='ocrx_word' id='word_1_330' title='bbox 3085 2107 3320 2179; x_wconf 78' lang='lat' dir='ltr'><strong>Japltetb</strong></span> 
     </span>
    </p>
   </div>
   <div class='ocr_carea' id='block_1_49' title="bbox 1758 2201 3322 2275">
    <p class='ocr_par' dir='ltr' id='par_1_49' title="bbox 1758 2201 3322 2275">
     <span class='ocr_line' id='line_1_49' title="bbox 1758 2201 3322 2275; baseline -0.003 -17"><span class='ocrx_word' id='word_1_331' title='bbox 1758 2206 2011 2275; x_wconf 86' lang='lat' dir='ltr'><strong>pallium,</strong></span> <span class='ocrx_word' id='word_1_332' title='bbox 2049 2206 2433 2274; x_wconf 88' lang='lat' dir='ltr'><strong>imposuerunt</strong></span> <span class='ocrx_word' id='word_1_333' title='bbox 2462 2202 2705 2259; x_wconf 84' lang='lat' dir='ltr'><strong>humeris</strong></span> <span class='ocrx_word' id='word_1_334' title='bbox 2730 2202 2885 2257; x_wconf 86' lang='lat' dir='ltr'><strong>suis:</strong></span> <span class='ocrx_word' id='word_1_335' title='bbox 2919 2210 2975 2256; x_wconf 91' lang='lat' dir='ltr'><strong>et</strong></span> <span class='ocrx_word' id='word_1_336' title='bbox 3002 2201 3322 2256; x_wconf 87' lang='lat' dir='ltr'><strong>incedentes</strong></span> 
     </span>
    </p>
   </div>
   <div class='ocr_carea' id='block_1_50' title="bbox 1754 2288 3323 2366">
    <p class='ocr_par' dir='ltr' id='par_1_50' title="bbox 1754 2288 3323 2366">
     <span class='ocr_line' id='line_1_50' title="bbox 1754 2288 3323 2366; baseline -0.003 -16"><span class='ocrx_word' id='word_1_337' title='bbox 1754 2306 2095 2361; x_wconf 85' lang='lat' dir='ltr'><strong>retrorsum,</strong></span> <span class='ocrx_word' id='word_1_338' title='bbox 2126 2288 2467 2366; x_wconf 86' lang='lat' dir='ltr'><strong>operuerunt</strong></span> <span class='ocrx_word' id='word_1_339' title='bbox 2513 2294 2823 2349; x_wconf 83' lang='lat' dir='ltr'><strong>nuditatem</strong></span> <span class='ocrx_word' id='word_1_340' title='bbox 2873 2295 3048 2364; x_wconf 81' lang='lat' dir='ltr'><strong>patris</strong></span> <span class='ocrx_word' id='word_1_341' title='bbox 3101 2294 3208 2359; x_wconf 86' lang='lat' dir='ltr'><strong>sui,</strong></span> <span class='ocrx_word' id='word_1_342' title='bbox 3268 2301 3323 2347; x_wconf 90' lang='lat' dir='ltr'><strong>ct</strong></span> 
     </span>
    </p>
   </div>
   <div class='ocr_carea' id='block_1_51' title="bbox 1757 2386 2903 2457">
    <p class='ocr_par' dir='ltr' id='par_1_51' title="bbox 1757 2386 2903 2457">
     <span class='ocr_line' id='line_1_51' title="bbox 1757 2386 2903 2457; baseline -0.005 -14"><span class='ocrx_word' id='word_1_343' title='bbox 1757 2389 2065 2443; x_wconf 86' lang='lat' dir='ltr'><strong>nuditatem</strong></span> <span class='ocrx_word' id='word_1_344' title='bbox 2098 2387 2272 2457; x_wconf 84' lang='lat' dir='ltr'><strong>patris</strong></span> <span class='ocrx_word' id='word_1_345' title='bbox 2302 2387 2387 2443; x_wconf 85' lang='lat' dir='ltr'><strong>sui</strong></span> <span class='ocrx_word' id='word_1_346' title='bbox 2422 2402 2531 2441; x_wconf 92' lang='lat' dir='ltr'><strong>non</strong></span> <span class='ocrx_word' id='word_1_347' title='bbox 2564 2386 2851 2441; x_wconf 86' lang='lat' dir='ltr'><strong>viderunt.</strong></span> <span class='ocrx_word' id='word_1_348' title='bbox 2883 2404 2903 2437; x_wconf 77' lang='grc' dir='ltr'><strong>ι</strong></span> 
     </span>
    </p>
   </div>
   <div class='ocr_carea' id='block_1_52' title="bbox 1829 2474 3324 2547">
    <p class='ocr_par' dir='ltr' id='par_1_52' title="bbox 1829 2474 3324 2547">
     <span class='ocr_line' id='line_1_52' title="bbox 1829 2474 3324 2547; baseline -0.001 -17"><span class='ocrx_word' id='word_1_349' title='bbox 1829 2476 2000 2533; x_wconf 79' lang='grc' dir='ltr'><strong>Εεείὶ.</strong></span> <span class='ocrx_word' id='word_1_350' title='bbox 2033 2492 2105 2544; x_wconf 83' lang='lat' dir='ltr'><strong>tv,</strong></span> <span class='ocrx_word' id='word_1_351' title='bbox 2132 2476 2223 2532; x_wconf 87' lang='lat'><strong>2|.</strong></span> <span class='ocrx_word' id='word_1_352' title='bbox 2249 2508 2316 2517; x_wconf 89' lang='lat'><strong>—-</strong></span> <span class='ocrx_word' id='word_1_353' title='bbox 2344 2494 2363 2526; x_wconf 74' lang='grc' dir='ltr'><strong>ι</strong></span> <span class='ocrx_word' id='word_1_354' title='bbox 2391 2476 2488 2531; x_wconf 86' lang='lat' dir='ltr'><strong>Est</strong></span> <span class='ocrx_word' id='word_1_355' title='bbox 2525 2474 2783 2531; x_wconf 82' lang='lat' dir='ltr'><strong>confusio</strong></span> <span class='ocrx_word' id='word_1_356' title='bbox 2814 2474 3099 2533; x_wconf 86' lang='lat' dir='ltr'><strong>adducens</strong></span> <span class='ocrx_word' id='word_1_357' title='bbox 3128 2490 3324 2547; x_wconf 87' lang='lat' dir='ltr'><strong>pecca-</strong></span> 
     </span>
    </p>
   </div>
   <div class='ocr_carea' id='block_1_53' title="bbox 1759 2567 2967 2636">
    <p class='ocr_par' dir='ltr' id='par_1_53' title="bbox 1759 2567 2967 2636">
     <span class='ocr_line' id='line_1_53' title="bbox 1759 2567 2967 2636; baseline -0.003 -15"><span class='ocrx_word' id='word_1_358' title='bbox 1759 2578 1872 2621; x_wconf 72' lang='lat' dir='ltr'><strong>tum</strong></span> <span class='ocrx_word' id='word_1_359' title='bbox 1905 2585 1918 2633; x_wconf 91' lang='lat'><strong>;</strong></span> <span class='ocrx_word' id='word_1_360' title='bbox 1947 2576 2001 2623; x_wconf 91' lang='lat' dir='ltr'><strong>et</strong></span> <span class='ocrx_word' id='word_1_361' title='bbox 2026 2577 2109 2623; x_wconf 88' lang='lat' dir='ltr'><strong>est</strong></span> <span class='ocrx_word' id='word_1_362' title='bbox 2141 2567 2394 2623; x_wconf 81' lang='lat' dir='ltr'><strong>confusio</strong></span> <span class='ocrx_word' id='word_1_363' title='bbox 2421 2567 2599 2636; x_wconf 89' lang='lat' dir='ltr'><strong>gloria</strong></span> <span class='ocrx_word' id='word_1_364' title='bbox 2627 2574 2683 2623; x_wconf 89' lang='lat' dir='ltr'><strong>et</strong></span> <span class='ocrx_word' id='word_1_365' title='bbox 2712 2568 2910 2636; x_wconf 86' lang='lat' dir='ltr'><strong>gratia.</strong></span> <span class='ocrx_word' id='word_1_366' title='bbox 2947 2584 2967 2617; x_wconf 75' lang='grc' dir='ltr'><strong>ι</strong></span> 
     </span>
    </p>
   </div>
   <div class='ocr_carea' id='block_1_54' title="bbox 1828 2654 3323 2725">
    <p class='ocr_par' dir='ltr' id='par_1_54' title="bbox 1828 2654 3323 2725">
     <span class='ocr_line' id='line_1_54' title="bbox 1828 2654 3323 2725; baseline 0 -16"><span class='ocrx_word' id='word_1_367' title='bbox 1828 2656 1997 2710; x_wconf 81' lang='lat' dir='ltr'><strong>Eccli.</strong></span> <span class='ocrx_word' id='word_1_368' title='bbox 2026 2672 2198 2720; x_wconf 65' lang='grc' dir='ltr'><strong>χχιιι,</strong></span> <span class='ocrx_word' id='word_1_369' title='bbox 2232 2656 2318 2712; x_wconf 85' lang='lat' dir='ltr'><strong>l0.</strong></span> <span class='ocrx_word' id='word_1_370' title='bbox 2349 2687 2419 2697; x_wconf 91' lang='lat'><strong>-—</strong></span> <span class='ocrx_word' id='word_1_371' title='bbox 2452 2675 2470 2706; x_wconf 73' lang='grc' dir='ltr'><strong>ι</strong></span> <span class='ocrx_word' id='word_1_372' title='bbox 2500 2656 2644 2711; x_wconf 81' lang='lat' dir='ltr'><strong>Ante</strong></span> <span class='ocrx_word' id='word_1_373' title='bbox 2677 2657 2886 2710; x_wconf 88' lang='lat' dir='ltr'><strong>tonitru</strong></span> <span class='ocrx_word' id='word_1_374' title='bbox 2912 2664 3172 2725; x_wconf 84' lang='lat' dir='ltr'><strong>properat</strong></span> <span class='ocrx_word' id='word_1_375' title='bbox 3202 2654 3323 2711; x_wconf 91' lang='lat' dir='ltr'><strong>ful-</strong></span> 
     </span>
    </p>
   </div>
   <div class='ocr_carea' id='block_1_55' title="bbox 1757 2750 3040 2821">
    <p class='ocr_par' dir='ltr' id='par_1_55' title="bbox 1757 2750 3040 2821">
     <span class='ocr_line' id='line_1_55' title="bbox 1757 2750 3040 2821; baseline -0.002 -16"><span class='ocrx_word' id='word_1_376' title='bbox 1757 2766 1881 2821; x_wconf 89' lang='lat' dir='ltr'><strong>gur,</strong></span> <span class='ocrx_word' id='word_1_377' title='bbox 1914 2758 1967 2805; x_wconf 91' lang='lat' dir='ltr'><strong>et</strong></span> <span class='ocrx_word' id='word_1_378' title='bbox 1999 2762 2128 2805; x_wconf 89' lang='lat' dir='ltr'><strong>ante</strong></span> <span class='ocrx_word' id='word_1_379' title='bbox 2159 2750 2543 2821; x_wconf 86' lang='lat' dir='ltr'><strong>pudibundum</strong></span> <span class='ocrx_word' id='word_1_380' title='bbox 2571 2750 2745 2805; x_wconf 82' lang='lat' dir='ltr'><strong>exibit</strong></span> <span class='ocrx_word' id='word_1_381' title='bbox 2781 2752 2979 2820; x_wconf 89' lang='lat' dir='ltr'><strong>gratia.</strong></span> <span class='ocrx_word' id='word_1_382' title='bbox 3020 2768 3040 2802; x_wconf 76' lang='grc' dir='ltr'><strong>ι</strong></span> 
     </span>
    </p>
   </div>
   <div class='ocr_carea' id='block_1_56' title="bbox 1826 2839 3323 2909">
    <p class='ocr_par' dir='ltr' id='par_1_56' title="bbox 1826 2839 3323 2909">
     <span class='ocr_line' id='line_1_56' title="bbox 1826 2839 3323 2909; baseline -0.001 -16"><span class='ocrx_word' id='word_1_383' title='bbox 1826 2839 1993 2894; x_wconf 82' lang='lat' dir='ltr'><strong>Eccfi.</strong></span> <span class='ocrx_word' id='word_1_384' title='bbox 2023 2857 2137 2904; x_wconf 79' lang='lat' dir='ltr'><strong>xu,</strong></span> <span class='ocrx_word' id='word_1_385' title='bbox 2167 2841 2256 2904; x_wconf 82' lang='lat' dir='ltr'><strong>2i,</strong></span> <span class='ocrx_word' id='word_1_386' title='bbox 2282 2841 2472 2895; x_wconf 85' lang='lat'><strong>22-27.</strong></span> <span class='ocrx_word' id='word_1_387' title='bbox 2494 2870 2562 2879; x_wconf 92' lang='lat'><strong>-—</strong></span> <span class='ocrx_word' id='word_1_388' title='bbox 2602 2858 2620 2891; x_wconf 74' lang='grc' dir='ltr'><strong>ι</strong></span> <span class='ocrx_word' id='word_1_389' title='bbox 2652 2840 2976 2895; x_wconf 86' lang='lat' dir='ltr'><strong>Erubescite</strong></span> <span class='ocrx_word' id='word_1_390' title='bbox 3006 2855 3035 2893; x_wconf 89' lang='lat' dir='ltr'><strong>a</strong></span> <span class='ocrx_word' id='word_1_391' title='bbox 3070 2847 3235 2909; x_wconf 88' lang='lat' dir='ltr'><strong>patre</strong></span> <span class='ocrx_word' id='word_1_392' title='bbox 3267 2849 3323 2893; x_wconf 86' lang='lat' dir='ltr'><strong>et</strong></span> 
     </span>
    </p>
   </div>
   <div class='ocr_carea' id='block_1_57' title="bbox 1756 2931 3321 3000">
    <p class='ocr_par' dir='ltr' id='par_1_57' title="bbox 1756 2931 3321 3000">
     <span class='ocr_line' id='line_1_57' title="bbox 1756 2931 3321 3000; baseline -0.001 -14"><span class='ocrx_word' id='word_1_393' title='bbox 1756 2941 1933 2987; x_wconf 87' lang='lat' dir='ltr'><strong>matre</strong></span> <span class='ocrx_word' id='word_1_394' title='bbox 1960 2933 2027 2986; x_wconf 89' lang='lat' dir='ltr'><strong>de</strong></span> <span class='ocrx_word' id='word_1_395' title='bbox 2057 2931 2441 2993; x_wconf 88' lang='lat' dir='ltr'><strong>fornicatione,</strong></span> <span class='ocrx_word' id='word_1_396' title='bbox 2460 2940 2516 2986; x_wconf 92' lang='lat' dir='ltr'><strong>et</strong></span> <span class='ocrx_word' id='word_1_397' title='bbox 2543 2946 2573 2984; x_wconf 89' lang='lat' dir='ltr'><strong>a</strong></span> <span class='ocrx_word' id='word_1_398' title='bbox 2605 2931 2932 3000; x_wconf 66' lang='lat' dir='ltr'><strong>praesidente</strong></span> <span class='ocrx_word' id='word_1_399' title='bbox 2955 2940 3009 2986; x_wconf 90' lang='lat' dir='ltr'><strong>et</strong></span> <span class='ocrx_word' id='word_1_400' title='bbox 3037 2945 3067 2985; x_wconf 89' lang='lat' dir='ltr'><strong>a</strong></span> <span class='ocrx_word' id='word_1_401' title='bbox 3101 2938 3321 3000; x_wconf 80' lang='lat' dir='ltr'><strong>potente</strong></span> 
     </span>
    </p>
   </div>
   <div class='ocr_carea' id='block_1_58' title="bbox 1755 3018 3318 3091">
    <p class='ocr_par' dir='ltr' id='par_1_58' title="bbox 1755 3018 3318 3091">
     <span class='ocr_line' id='line_1_58' title="bbox 1755 3018 3318 3091; baseline 0.001 -18"><span class='ocrx_word' id='word_1_402' title='bbox 1755 3018 1826 3075; x_wconf 90' lang='lat' dir='ltr'><strong>de</strong></span> <span class='ocrx_word' id='word_1_403' title='bbox 1855 3019 2146 3075; x_wconf 88' lang='lat' dir='ltr'><strong>mendacio</strong></span> <span class='ocrx_word' id='word_1_404' title='bbox 2178 3039 2191 3074; x_wconf 90' lang='lat'><strong>:</strong></span> <span class='ocrx_word' id='word_1_405' title='bbox 2227 3036 2254 3073; x_wconf 90' lang='lat' dir='ltr'><strong>a</strong></span> <span class='ocrx_word' id='word_1_406' title='bbox 2287 3022 2536 3091; x_wconf 86' lang='lat' dir='ltr'><strong>principe</strong></span> <span class='ocrx_word' id='word_1_407' title='bbox 2566 3030 2621 3076; x_wconf 91' lang='lat' dir='ltr'><strong>et</strong></span> <span class='ocrx_word' id='word_1_408' title='bbox 2645 3021 2832 3091; x_wconf 81' lang='lat' dir='ltr'><strong>judice</strong></span> <span class='ocrx_word' id='word_1_409' title='bbox 2853 3021 2921 3077; x_wconf 90' lang='lat' dir='ltr'><strong>de</strong></span> <span class='ocrx_word' id='word_1_410' title='bbox 2950 3021 3173 3087; x_wconf 81' lang='lat' dir='ltr'><strong>delicw,</strong></span> <span class='ocrx_word' id='word_1_411' title='bbox 3209 3035 3262 3077; x_wconf 84' lang='lat' dir='ltr'><strong>et</strong></span> <span class='ocrx_word' id='word_1_412' title='bbox 3290 3041 3318 3075; x_wconf 79' lang='grc' dir='ltr'><strong>ιι</strong></span> 
     </span>
    </p>
   </div>
   <div class='ocr_carea' id='block_1_59' title="bbox 90 3104 1651 3180">
    <p class='ocr_par' dir='ltr' id='par_1_59' title="bbox 90 3104 1651 3180">
     <span class='ocr_line' id='line_1_59' title="bbox 90 3104 1651 3180; baseline -0.002 -16"><span class='ocrx_word' id='word_1_413' title='bbox 90 3112 177 3165; x_wconf 73' lang='grc' dir='ltr'><strong>καὶ</strong></span> <span class='ocrx_word' id='word_1_414' title='bbox 200 3110 319 3166; x_wconf 81' lang='grc' dir='ltr'><strong>ἀπὸ</strong></span> <span class='ocrx_word' id='word_1_415' title='bbox 341 3110 505 3164; x_wconf 83' lang='grc' dir='ltr'><strong>τόπου</strong></span> <span class='ocrx_word' id='word_1_416' title='bbox 533 3104 594 3165; x_wconf 80' lang='grc' dir='ltr'><strong>οὗ</strong></span> <span class='ocrx_word' id='word_1_417' title='bbox 642 3112 920 3180; x_wconf 82' lang='grc' dir='ltr'><strong>παροικεῖς</strong></span> <span class='ocrx_word' id='word_1_418' title='bbox 948 3118 955 3127; x_wconf 81' lang='lat'>&quot;</span> <span class='ocrx_word' id='word_1_419' title='bbox 973 3109 1099 3179; x_wconf 79' lang='grc' dir='ltr'><strong>περὶ</strong></span> <span class='ocrx_word' id='word_1_420' title='bbox 1144 3108 1378 3179; x_wconf 84' lang='grc' dir='ltr'><strong>κλοπῆς,</strong></span> <span class='ocrx_word' id='word_1_421' title='bbox 1410 3108 1504 3161; x_wconf 80' lang='grc' dir='ltr'><strong>καὶ</strong></span> <span class='ocrx_word' id='word_1_422' title='bbox 1548 3108 1651 3162; x_wconf 78' lang='grc' dir='ltr'><strong>ἀπὸ</strong></span> 
     </span>
    </p>
   </div>
   <div class='ocr_carea' id='block_1_60' title="bbox 1775 3104 3319 3180">
    <p class='ocr_par' dir='ltr' id='par_1_60' title="bbox 1776 3108 3319 3177">
     <span class='ocr_line' id='line_1_60' title="bbox 1776 3108 3319 3177; baseline -0.001 -13"><span class='ocrx_word' id='word_1_423' title='bbox 1776 3125 1877 3165; x_wconf 90' lang='lat' dir='ltr'><strong>oco</strong></span> <span class='ocrx_word' id='word_1_424' title='bbox 1915 3110 2009 3165; x_wconf 88' lang='lat' dir='ltr'><strong>ubi</strong></span> <span class='ocrx_word' id='word_1_425' title='bbox 2049 3110 2296 3170; x_wconf 83' lang='lat' dir='ltr'><strong>habitas,</strong></span> <span class='ocrx_word' id='word_1_426' title='bbox 2328 3111 2395 3165; x_wconf 85' lang='lat' dir='ltr'><strong>(le</strong></span> <span class='ocrx_word' id='word_1_427' title='bbox 2424 3110 2570 3166; x_wconf 87' lang='lat' dir='ltr'><strong>furto</strong></span> <span class='ocrx_word' id='word_1_428' title='bbox 2600 3129 2614 3165; x_wconf 90' lang='lat'><strong>:</strong></span> <span class='ocrx_word' id='word_1_429' title='bbox 2649 3120 2703 3166; x_wconf 92' lang='lat' dir='ltr'><strong>et</strong></span> <span class='ocrx_word' id='word_1_430' title='bbox 2731 3126 2760 3164; x_wconf 89' lang='lat' dir='ltr'><strong>a</strong></span> <span class='ocrx_word' id='word_1_431' title='bbox 2792 3110 3023 3167; x_wconf 76' lang='lat' dir='ltr'><strong>veritate</strong></span> <span class='ocrx_word' id='word_1_432' title='bbox 3061 3108 3175 3177; x_wconf 84' lang='lat' dir='ltr'><strong>Dei,</strong></span> <span class='ocrx_word' id='word_1_433' title='bbox 3207 3120 3260 3167; x_wconf 84' lang='lat' dir='ltr'><strong>et</strong></span> <span class='ocrx_word' id='word_1_434' title='bbox 3289 3126 3319 3163; x_wconf 89' lang='lat' dir='ltr'><strong>a</strong></span> 
     </span>
    </p>
   </div>
   <div class='ocr_carea' id='block_1_61' title="bbox 90 3198 1655 3275">
    <p class='ocr_par' dir='ltr' id='par_1_61' title="bbox 90 3198 1655 3275">
     <span class='ocr_line' id='line_1_61' title="bbox 90 3198 1655 3275; baseline -0.003 -19"><span class='ocrx_word' id='word_1_435' title='bbox 90 3202 349 3275; x_wconf 82' lang='grc' dir='ltr'><strong>ἀληθείας</strong></span> <span class='ocrx_word' id='word_1_436' title='bbox 376 3200 530 3265; x_wconf 87' lang='grc' dir='ltr'><strong>Θεοῦ,</strong></span> <span class='ocrx_word' id='word_1_437' title='bbox 561 3202 655 3255; x_wconf 74' lang='grc' dir='ltr'><strong>καὶ</strong></span> <span class='ocrx_word' id='word_1_438' title='bbox 681 3201 789 3254; x_wconf 82' lang='grc' dir='ltr'><strong>ἀπὸ</strong></span> <span class='ocrx_word' id='word_1_439' title='bbox 822 3200 1087 3271; x_wconf 84' lang='grc' dir='ltr'><strong>διαθήκης</strong></span> <span class='ocrx_word' id='word_1_440' title='bbox 1106 3215 1121 3230; x_wconf 83' lang='lat'>&#39;</span> <span class='ocrx_word' id='word_1_441' title='bbox 1161 3199 1255 3253; x_wconf 87' lang='grc' dir='ltr'><strong>καὶ</strong></span> <span class='ocrx_word' id='word_1_442' title='bbox 1286 3198 1397 3252; x_wconf 84' lang='grc' dir='ltr'><strong>ἀπὸ</strong></span> <span class='ocrx_word' id='word_1_443' title='bbox 1440 3199 1655 3270; x_wconf 80' lang='grc' dir='ltr'><strong>πήξεως</strong></span> 
     </span>
    </p>
   </div>
   <div class='ocr_carea' id='block_1_62' title="bbox 88 3290 1656 3364">
    <p class='ocr_par' dir='ltr' id='par_1_62' title="bbox 88 3290 1656 3364">
     <span class='ocr_line' id='line_1_62' title="bbox 88 3290 1656 3364; baseline -0.003 -17"><span class='ocrx_word' id='word_1_444' title='bbox 88 3295 337 3363; x_wconf 89' lang='grc' dir='ltr'><strong>ἀγκῶνος</strong></span> <span class='ocrx_word' id='word_1_445' title='bbox 363 3296 421 3347; x_wconf 79' lang='grc' dir='ltr'><strong>ὲν</strong></span> <span class='ocrx_word' id='word_1_446' title='bbox 440 3294 645 3364; x_wconf 81' lang='grc' dir='ltr'><strong>ἄρτοις,</strong></span> <span class='ocrx_word' id='word_1_447' title='bbox 677 3294 770 3346; x_wconf 73' lang='grc' dir='ltr'><strong>καὶ</strong></span> <span class='ocrx_word' id='word_1_448' title='bbox 794 3292 900 3345; x_wconf 86' lang='grc' dir='ltr'><strong>ἀπὸ</strong></span> <span class='ocrx_word' id='word_1_449' title='bbox 934 3292 1303 3363; x_wconf 87' lang='grc' dir='ltr'><strong>σκορακισμοῦ</strong></span> <span class='ocrx_word' id='word_1_450' title='bbox 1326 3290 1540 3361; x_wconf 80' lang='grc' dir='ltr'><strong>λήψεως</strong></span> <span class='ocrx_word' id='word_1_451' title='bbox 1564 3290 1656 3343; x_wconf 70' lang='grc' dir='ltr'><strong>καὶ⁵</strong></span> 
     </span>
    </p>
   </div>
   <div class='ocr_carea' id='block_1_63' title="bbox 87 3382 1656 3454">
    <p class='ocr_par' dir='ltr' id='par_1_63' title="bbox 87 3382 1656 3454">
     <span class='ocr_line' id='line_1_63' title="bbox 87 3382 1656 3454; baseline -0.002 -16"><span class='ocrx_word' id='word_1_452' title='bbox 87 3386 309 3451; x_wconf 80' lang='grc' dir='ltr'><strong>δόσεως,</strong></span> <span class='ocrx_word' id='word_1_453' title='bbox 366 3385 459 3440; x_wconf 76' lang='grc' dir='ltr'><strong>καὶ</strong></span> <span class='ocrx_word' id='word_1_454' title='bbox 510 3383 621 3438; x_wconf 86' lang='grc' dir='ltr'><strong>ἀπὸ</strong></span> <span class='ocrx_word' id='word_1_455' title='bbox 663 3383 1058 3454; x_wconf 77' lang='grc' dir='ltr'><strong>ἀσπαζομένων</strong></span> <span class='ocrx_word' id='word_1_456' title='bbox 1114 3383 1245 3454; x_wconf 76' lang='grc' dir='ltr'><strong>περὶ</strong></span> <span class='ocrx_word' id='word_1_457' title='bbox 1274 3382 1516 3453; x_wconf 82' lang='grc' dir='ltr'><strong>σιωπῆς·</strong></span> <span class='ocrx_word' id='word_1_458' title='bbox 1547 3382 1656 3435; x_wconf 79' lang='grc' dir='ltr'><strong>ἀπὺ</strong></span> 
     </span>
    </p>
   </div>
   <div class='ocr_carea' id='block_1_64' title="bbox 88 3474 1657 3548">
    <p class='ocr_par' dir='ltr' id='par_1_64' title="bbox 88 3474 1657 3548">
     <span class='ocr_line' id='line_1_64' title="bbox 88 3474 1657 3548; baseline 0 -21"><span class='ocrx_word' id='word_1_459' title='bbox 88 3478 334 3548; x_wconf 78' lang='grc' dir='ltr'><strong>ὁράσεως</strong></span> <span class='ocrx_word' id='word_1_460' title='bbox 360 3476 612 3545; x_wconf 82' lang='grc' dir='ltr'><strong>γυναικὸς</strong></span> <span class='ocrx_word' id='word_1_461' title='bbox 640 3475 881 3547; x_wconf 78' lang='grc' dir='ltr'><strong>ἑταίρας,</strong></span> <span class='ocrx_word' id='word_1_462' title='bbox 906 3476 1001 3529; x_wconf 69' lang='grc' dir='ltr'><strong>καί¹</strong></span> <span class='ocrx_word' id='word_1_463' title='bbox 1027 3475 1135 3528; x_wconf 85' lang='grc' dir='ltr'><strong>ἀπὸ</strong></span> <span class='ocrx_word' id='word_1_464' title='bbox 1169 3474 1477 3546; x_wconf 73' lang='grc' dir='ltr'><strong>συστροφῆς</strong></span> <span class='ocrx_word' id='word_1_465' title='bbox 1497 3491 1657 3545; x_wconf 88' lang='grc' dir='ltr'><strong>προσ-</strong></span> 
     </span>
    </p>
   </div>
   <div class='ocr_carea' id='block_1_65' title="bbox 88 3566 1657 3639">
    <p class='ocr_par' dir='ltr' id='par_1_65' title="bbox 88 3566 1657 3639">
     <span class='ocr_line' id='line_1_65' title="bbox 88 3566 1657 3639; baseline -0.001 -17"><span class='ocrx_word' id='word_1_466' title='bbox 88 3570 235 3624; x_wconf 82' lang='grc' dir='ltr'><strong>ώπου</strong></span> <span class='ocrx_word' id='word_1_467' title='bbox 309 3567 621 3638; x_wconf 89' lang='grc' dir='ltr'><strong>συγγενοῦς,</strong></span> <span class='ocrx_word' id='word_1_468' title='bbox 674 3568 771 3623; x_wconf 73' lang='grc' dir='ltr'><strong>καὶ</strong></span> <span class='ocrx_word' id='word_1_469' title='bbox 815 3567 923 3621; x_wconf 87' lang='grc' dir='ltr'><strong>ἀπὸ</strong></span> <span class='ocrx_word' id='word_1_470' title='bbox 969 3567 1347 3639; x_wconf 83' lang='grc' dir='ltr'><strong>κατανοήσεως</strong></span> <span class='ocrx_word' id='word_1_471' title='bbox 1401 3566 1657 3633; x_wconf 82' lang='grc' dir='ltr'><strong>γυναικὸς</strong></span> 
     </span>
    </p>
   </div>
   <div class='ocr_carea' id='block_1_66' title="bbox 89 3659 1656 3731">
    <p class='ocr_par' dir='ltr' id='par_1_66' title="bbox 89 3659 1656 3731">
     <span class='ocr_line' id='line_1_66' title="bbox 89 3659 1656 3731; baseline -0.001 -19"><span class='ocrx_word' id='word_1_472' title='bbox 89 3661 384 3731; x_wconf 82' lang='grc' dir='ltr'><strong>ύπάνδρου,</strong></span> <span class='ocrx_word' id='word_1_473' title='bbox 410 3661 502 3713; x_wconf 73' lang='grc' dir='ltr'><strong>καὶ</strong></span> <span class='ocrx_word' id='word_1_474' title='bbox 525 3660 632 3714; x_wconf 79' lang='grc' dir='ltr'><strong>ἀπὸ</strong></span> <span class='ocrx_word' id='word_1_475' title='bbox 660 3659 975 3731; x_wconf 78' lang='grc' dir='ltr'><strong>περιεργίας</strong></span> <span class='ocrx_word' id='word_1_476' title='bbox 1001 3659 1292 3730; x_wconf 84' lang='grc' dir='ltr'><strong>παιδίσκης</strong></span> <span class='ocrx_word' id='word_1_477' title='bbox 1320 3659 1486 3728; x_wconf 82' lang='grc' dir='ltr'><strong>αὐτῆς</strong></span> <span class='ocrx_word' id='word_1_478' title='bbox 1508 3674 1523 3687; x_wconf 74' lang='grc' dir='ltr'><strong>ο</strong></span> <span class='ocrx_word' id='word_1_479' title='bbox 1548 3659 1656 3713; x_wconf 86' lang='grc' dir='ltr'><strong>ἀπὸ</strong></span> 
     </span>
    </p>
   </div>
   <div class='ocr_carea' id='block_1_67' title="bbox 87 3749 1655 3823">
    <p class='ocr_par' dir='ltr' id='par_1_67' title="bbox 87 3749 1655 3823">
     <span class='ocr_line' id='line_1_67' title="bbox 87 3749 1655 3823; baseline -0.002 -18"><span class='ocrx_word' id='word_1_480' title='bbox 87 3754 258 3822; x_wconf 74' lang='grc' dir='ltr'><strong>φίλων</strong></span> <span class='ocrx_word' id='word_1_481' title='bbox 294 3753 421 3823; x_wconf 73' lang='grc' dir='ltr'><strong>περὶ</strong></span> <span class='ocrx_word' id='word_1_482' title='bbox 454 3752 609 3820; x_wconf 82' lang='grc' dir='ltr'><strong>λόγου</strong></span> <span class='ocrx_word' id='word_1_483' title='bbox 634 3751 956 3822; x_wconf 86' lang='grc' dir='ltr'><strong>ὀνειδισμοῦ,</strong></span> <span class='ocrx_word' id='word_1_484' title='bbox 1008 3750 1101 3805; x_wconf 70' lang='grc' dir='ltr'><strong>καὶ</strong></span> <span class='ocrx_word' id='word_1_485' title='bbox 1143 3749 1535 3819; x_wconf 75' lang='grc' dir='ltr'><strong>ἀποκαλύψεως</strong></span> <span class='ocrx_word' id='word_1_486' title='bbox 1566 3749 1655 3803; x_wconf 75' lang='grc' dir='ltr'><strong>λό-</strong></span> 
     </span>
    </p>
   </div>
   <div class='ocr_carea' id='block_1_68' title="bbox 88 3840 1656 3917">
    <p class='ocr_par' dir='ltr' id='par_1_68' title="bbox 88 3840 1656 3917">
     <span class='ocr_line' id='line_1_68' title="bbox 88 3840 1656 3917; baseline -0.003 -18"><span class='ocrx_word' id='word_1_487' title='bbox 88 3863 197 3911; x_wconf 88' lang='grc' dir='ltr'><strong>γων</strong></span> <span class='ocrx_word' id='word_1_488' title='bbox 227 3845 482 3917; x_wconf 81' lang='grc' dir='ltr'><strong>κρυφίων</strong></span> <span class='ocrx_word' id='word_1_489' title='bbox 500 3860 514 3873; x_wconf 82' lang='lat'><strong><em>°</em></strong></span> <span class='ocrx_word' id='word_1_490' title='bbox 545 3844 637 3897; x_wconf 78' lang='grc' dir='ltr'><strong>καὶ</strong></span> <span class='ocrx_word' id='word_1_491' title='bbox 665 3842 762 3914; x_wconf 75' lang='grc' dir='ltr'><strong>ἔσῃ</strong></span> <span class='ocrx_word' id='word_1_492' title='bbox 787 3841 1146 3913; x_wconf 80' lang='grc' dir='ltr'><strong>αἰσχυντηρὺς</strong></span> <span class='ocrx_word' id='word_1_493' title='bbox 1167 3841 1244 3904; x_wconf 85' lang='grc' dir='ltr'><strong>ὡς</strong></span> <span class='ocrx_word' id='word_1_494' title='bbox 1264 3840 1535 3908; x_wconf 81' lang='grc' dir='ltr'><strong>ἀληθινὸς,</strong></span> <span class='ocrx_word' id='word_1_495' title='bbox 1561 3840 1656 3895; x_wconf 77' lang='grc' dir='ltr'><strong>καὶ</strong></span> 
     </span>
    </p>
   </div>
   <div class='ocr_carea' id='block_1_69' title="bbox 86 3931 1370 4009">
    <p class='ocr_par' dir='ltr' id='par_1_69' title="bbox 86 3931 1370 4009">
     <span class='ocr_line' id='line_1_69' title="bbox 86 3931 1370 4009; baseline -0.004 -19"><span class='ocrx_word' id='word_1_496' title='bbox 86 3938 362 4009; x_wconf 80' lang='grc' dir='ltr'><strong>εὑρίσκων</strong></span> <span class='ocrx_word' id='word_1_497' title='bbox 390 3935 553 4007; x_wconf 66' lang='grc' dir='ltr'><strong>,χάριν</strong></span> <span class='ocrx_word' id='word_1_498' title='bbox 572 3935 750 3989; x_wconf 72' lang='grc' dir='ltr'><strong>ἔναντι</strong></span> <span class='ocrx_word' id='word_1_499' title='bbox 781 3935 978 3997; x_wconf 86' lang='grc' dir='ltr'><strong>παντὸς</strong></span> <span class='ocrx_word' id='word_1_500' title='bbox 1009 3931 1318 4003; x_wconf 80' lang='grc' dir='ltr'><strong>ἀνθρώπου.</strong></span> <span class='ocrx_word' id='word_1_501' title='bbox 1351 3951 1370 3985; x_wconf 72' lang='grc' dir='ltr'><strong>ι</strong></span> 
     </span>
    </p>
   </div>
   <div class='ocr_carea' id='block_1_70' title="bbox 222 4032 1514 4112">
    <p class='ocr_par' dir='ltr' id='par_1_70' title="bbox 222 4032 1514 4112">
     <span class='ocr_line' id='line_1_70' title="bbox 222 4032 1514 4112; baseline -0.004 -11"><span class='ocrx_word' id='word_1_502' title='bbox 222 4044 413 4101; x_wconf 84' lang='grc' dir='ltr'><strong>ΤΙΤΔ.</strong></span> <span class='ocrx_word' id='word_1_503' title='bbox 438 4032 575 4100; x_wconf 67' lang='grc' dir='ltr'><strong>ΜΝ.</strong></span> <span class='ocrx_word' id='word_1_504' title='bbox 607 4074 675 4085; x_wconf 95' lang='grc'><strong><em>-</em></strong></span> <span class='ocrx_word' id='word_1_505' title='bbox 708 4042 845 4112; x_wconf 64' lang='grc' dir='ltr'><strong>Περὶ</strong></span> <span class='ocrx_word' id='word_1_506' title='bbox 894 4042 1193 4111; x_wconf 72' lang='grc' dir='ltr'><strong>αἰσχύνης</strong></span> <span class='ocrx_word' id='word_1_507' title='bbox 1228 4039 1514 4109; x_wconf 73' lang='grc' dir='ltr'><strong>πονηρᾶς.</strong></span> 
     </span>
    </p>
   </div>
   <div class='ocr_carea' id='block_1_71' title="bbox 159 4133 1651 4209">
    <p class='ocr_par' dir='ltr' id='par_1_71' title="bbox 159 4133 1651 4209">
     <span class='ocr_line' id='line_1_71' title="bbox 159 4133 1651 4209; baseline -0.004 -16"><span class='ocrx_word' id='word_1_508' title='bbox 159 4161 178 4192; x_wconf 71' lang='grc' dir='ltr'><strong>ι</strong></span> <span class='ocrx_word' id='word_1_509' title='bbox 222 4139 365 4209; x_wconf 78' lang='grc' dir='ltr'><strong>Περὶ</strong></span> <span class='ocrx_word' id='word_1_510' title='bbox 394 4138 491 4208; x_wconf 82' lang='grc' dir='ltr'><strong>τῆς</strong></span> <span class='ocrx_word' id='word_1_511' title='bbox 530 4137 708 4207; x_wconf 82' lang='grc' dir='ltr'><strong>ψυχῆς</strong></span> <span class='ocrx_word' id='word_1_512' title='bbox 752 4153 845 4189; x_wconf 90' lang='grc' dir='ltr'><strong>σου</strong></span> <span class='ocrx_word' id='word_1_513' title='bbox 882 4136 957 4207; x_wconf 83' lang='grc' dir='ltr'><strong>μὴ</strong></span> <span class='ocrx_word' id='word_1_514' title='bbox 987 4134 1300 4206; x_wconf 81' lang='grc' dir='ltr'><strong>αἰσχυνθῇς.</strong></span> <span class='ocrx_word' id='word_1_515' title='bbox 1361 4136 1515 4187; x_wconf 82' lang='grc' dir='ltr'><strong>Ἔστι</strong></span> <span class='ocrx_word' id='word_1_516' title='bbox 1545 4133 1651 4205; x_wconf 82' lang='grc' dir='ltr'><strong>γάρ</strong></span> 
     </span>
    </p>
   </div>
   <div class='ocr_carea' id='block_1_72' title="bbox 86 4226 1651 4301">
    <p class='ocr_par' dir='ltr' id='par_1_72' title="bbox 86 4226 1651 4301">
     <span class='ocr_line' id='line_1_72' title="bbox 86 4226 1651 4301; baseline -0.003 -19"><span class='ocrx_word' id='word_1_517' title='bbox 86 4230 324 4301; x_wconf 84' lang='grc' dir='ltr'><strong>αἰσχύνη</strong></span> <span class='ocrx_word' id='word_1_518' title='bbox 350 4229 624 4297; x_wconf 78' lang='grc' dir='ltr'><strong>ἐπάγουσα</strong></span> <span class='ocrx_word' id='word_1_519' title='bbox 652 4229 947 4300; x_wconf 84' lang='grc' dir='ltr'><strong>ἁμαρτίαν,</strong></span> <span class='ocrx_word' id='word_1_520' title='bbox 969 4227 1065 4281; x_wconf 77' lang='grc' dir='ltr'><strong>καὶ</strong></span> <span class='ocrx_word' id='word_1_521' title='bbox 1094 4227 1239 4280; x_wconf 79' lang='grc' dir='ltr'><strong>ἔστιν</strong></span> <span class='ocrx_word' id='word_1_522' title='bbox 1264 4228 1493 4297; x_wconf 82' lang='grc' dir='ltr'><strong>αἰσχύνη</strong></span> <span class='ocrx_word' id='word_1_523' title='bbox 1526 4226 1651 4291; x_wconf 78' lang='grc' dir='ltr'><strong>δόξα</strong></span> 
     </span>
    </p>
   </div>
   <div class='ocr_carea' id='block_1_73' title="bbox 84 4319 1653 4393">
    <p class='ocr_par' dir='ltr' id='par_1_73' title="bbox 84 4319 1653 4393">
     <span class='ocr_line' id='line_1_73' title="bbox 84 4319 1653 4393; baseline 0.003 -26"><span class='ocrx_word' id='word_1_524' title='bbox 84 4324 176 4376; x_wconf 67' lang='grc' dir='ltr'><strong>καὶ</strong></span> <span class='ocrx_word' id='word_1_525' title='bbox 219 4321 385 4393; x_wconf 81' lang='grc' dir='ltr'><strong>χάρις</strong></span> <span class='ocrx_word' id='word_1_526' title='bbox 406 4336 421 4352; x_wconf 79' lang='grc' dir='ltr'><strong>ο</strong></span> <span class='ocrx_word' id='word_1_527' title='bbox 457 4322 550 4373; x_wconf 80' lang='grc' dir='ltr'><strong>καὶ</strong></span> <span class='ocrx_word' id='word_1_528' title='bbox 582 4320 657 4391; x_wconf 77' lang='grc' dir='ltr'><strong>μὴ</strong></span> <span class='ocrx_word' id='word_1_529' title='bbox 685 4320 851 4391; x_wconf 75' lang='grc' dir='ltr'><strong>λάϐῃς</strong></span> <span class='ocrx_word' id='word_1_530' title='bbox 890 4320 1176 4390; x_wconf 85' lang='grc' dir='ltr'><strong>πρόσωπον</strong></span> <span class='ocrx_word' id='word_1_531' title='bbox 1198 4320 1338 4373; x_wconf 82' lang='grc' dir='ltr'><strong>κατὰ</strong></span> <span class='ocrx_word' id='word_1_532' title='bbox 1358 4320 1455 4390; x_wconf 87' lang='grc' dir='ltr'><strong>τῆς</strong></span> <span class='ocrx_word' id='word_1_533' title='bbox 1476 4319 1653 4389; x_wconf 76' lang='grc' dir='ltr'><strong>ψυχῆς</strong></span> 
     </span>
    </p>
   </div>
   <div class='ocr_carea' id='block_1_74' title="bbox 86 4410 1259 4482">
    <p class='ocr_par' dir='ltr' id='par_1_74' title="bbox 86 4410 1259 4482">
     <span class='ocr_line' id='line_1_74' title="bbox 86 4410 1259 4482; baseline 0.001 -20"><span class='ocrx_word' id='word_1_534' title='bbox 86 4428 198 4476; x_wconf 83' lang='grc' dir='ltr'><strong>σου,</strong></span> <span class='ocrx_word' id='word_1_535' title='bbox 224 4410 328 4465; x_wconf 81' lang='grc' dir='ltr'><strong>καὶ</strong></span> <span class='ocrx_word' id='word_1_536' title='bbox 362 4410 437 4482; x_wconf 81' lang='grc' dir='ltr'><strong>μὴ</strong></span> <span class='ocrx_word' id='word_1_537' title='bbox 464 4413 736 4481; x_wconf 80' lang='grc' dir='ltr'><strong>ὲντρατιῇς</strong></span> <span class='ocrx_word' id='word_1_538' title='bbox 764 4413 843 4474; x_wconf 85' lang='grc' dir='ltr'><strong>εἰς</strong></span> <span class='ocrx_word' id='word_1_539' title='bbox 863 4412 1067 4464; x_wconf 90' lang='grc' dir='ltr'><strong>πτῶσίν</strong></span> <span class='ocrx_word' id='word_1_540' title='bbox 1090 4428 1203 4464; x_wconf 91' lang='grc' dir='ltr'><strong>σου.</strong></span> <span class='ocrx_word' id='word_1_541' title='bbox 1241 4430 1259 4462; x_wconf 76' lang='grc' dir='ltr'><strong>ι</strong></span> 
     </span>
    </p>
   </div>
   <div class='ocr_carea' id='block_1_75' title="bbox 157 4599 1651 4675">
    <p class='ocr_par' dir='ltr' id='par_1_75' title="bbox 157 4599 1651 4675">
     <span class='ocr_line' id='line_1_75' title="bbox 157 4599 1651 4675; baseline 0.005 -23"><span class='ocrx_word' id='word_1_542' title='bbox 157 4620 174 4652; x_wconf 81' lang='grc' dir='ltr'><strong>ι</strong></span> <span class='ocrx_word' id='word_1_543' title='bbox 214 4601 377 4653; x_wconf 80' lang='grc' dir='ltr'><strong>Ἔστι</strong></span> <span class='ocrx_word' id='word_1_544' title='bbox 403 4599 561 4670; x_wconf 83' lang='grc' dir='ltr'><strong>χάριν</strong></span> <span class='ocrx_word' id='word_1_545' title='bbox 587 4601 848 4672; x_wconf 88' lang='grc' dir='ltr'><strong>αἰσχύνης</strong></span> <span class='ocrx_word' id='word_1_546' title='bbox 874 4602 1335 4672; x_wconf 76' lang='grc' dir='ltr'><strong>ἐπαγγελλόμενος</strong></span> <span class='ocrx_word' id='word_1_547' title='bbox 1362 4603 1521 4675; x_wconf 81' lang='grc' dir='ltr'><strong>φίλῳ,</strong></span> <span class='ocrx_word' id='word_1_548' title='bbox 1558 4608 1651 4659; x_wconf 80' lang='grc' dir='ltr'><strong>καὶ</strong></span> 
     </span>
    </p>
   </div>
   <div class='ocr_carea' id='block_1_76' title="bbox 80 4692 844 4764">
    <p class='ocr_par' dir='ltr' id='par_1_76' title="bbox 80 4692 844 4764">
     <span class='ocr_line' id='line_1_76' title="bbox 80 4692 844 4764; baseline 0 -20"><span class='ocrx_word' id='word_1_549' title='bbox 80 4693 361 4764; x_wconf 80' lang='grc' dir='ltr'><strong>ἐκτήσατο</strong></span> <span class='ocrx_word' id='word_1_550' title='bbox 389 4692 548 4744; x_wconf 79' lang='grc' dir='ltr'><strong>αὑτὸν</strong></span> <span class='ocrx_word' id='word_1_551' title='bbox 575 4692 788 4762; x_wconf 69' lang='grc' dir='ltr'><strong>ἐχθρόν.</strong></span> <span class='ocrx_word' id='word_1_552' title='bbox 824 4710 844 4744; x_wconf 72' lang='grc' dir='ltr'><strong>ι</strong></span> 
     </span>
    </p>
   </div>
   <div class='ocr_carea' id='block_1_77' title="bbox 156 4778 1651 4853">
    <p class='ocr_par' dir='ltr' id='par_1_77' title="bbox 156 4778 1651 4853">
     <span class='ocr_line' id='line_1_77' title="bbox 156 4778 1651 4853; baseline 0.003 -20"><span class='ocrx_word' id='word_1_553' title='bbox 156 4800 176 4833; x_wconf 73' lang='lat' dir='ltr'><strong>c</strong></span> <span class='ocrx_word' id='word_1_554' title='bbox 230 4778 429 4850; x_wconf 85' lang='grc' dir='ltr'><strong>Ὀργὴ,</strong></span> <span class='ocrx_word' id='word_1_555' title='bbox 451 4781 544 4834; x_wconf 75' lang='grc' dir='ltr'><strong>καὶ</strong></span> <span class='ocrx_word' id='word_1_556' title='bbox 580 4781 821 4835; x_wconf 87' lang='grc' dir='ltr'><strong>ἀναίδεια</strong></span> <span class='ocrx_word' id='word_1_557' title='bbox 844 4821 860 4846; x_wconf 95' lang='grc'><strong>,</strong></span> <span class='ocrx_word' id='word_1_558' title='bbox 888 4780 981 4834; x_wconf 78' lang='grc' dir='ltr'><strong>καὶ</strong></span> <span class='ocrx_word' id='word_1_559' title='bbox 1017 4780 1247 4851; x_wconf 86' lang='grc' dir='ltr'><strong>αἰσχύνη</strong></span> <span class='ocrx_word' id='word_1_560' title='bbox 1274 4781 1506 4853; x_wconf 87' lang='grc' dir='ltr'><strong>μεγάλη,</strong></span> <span class='ocrx_word' id='word_1_561' title='bbox 1557 4784 1651 4838; x_wconf 83' lang='grc' dir='ltr'><strong>ὲάν</strong></span> 
     </span>
    </p>
   </div>
   <div class='ocr_carea' id='block_1_78' title="bbox 78 4872 1110 4945">
    <p class='ocr_par' dir='ltr' id='par_1_78' title="bbox 78 4872 1110 4945">
     <span class='ocr_line' id='line_1_78' title="bbox 78 4872 1110 4945; baseline -0.001 -19"><span class='ocrx_word' id='word_1_562' title='bbox 78 4874 219 4945; x_wconf 79' lang='grc' dir='ltr'><strong>γυνὴ</strong></span> <span class='ocrx_word' id='word_1_563' title='bbox 251 4873 559 4945; x_wconf 78' lang='grc' dir='ltr'><strong>ἐπιχορηγῇ</strong></span> <span class='ocrx_word' id='word_1_564' title='bbox 584 4872 662 4944; x_wconf 84' lang='grc' dir='ltr'><strong>τῷ</strong></span> <span class='ocrx_word' id='word_1_565' title='bbox 683 4874 837 4944; x_wconf 76' lang='grc' dir='ltr'><strong>ἀνδρὶ</strong></span> <span class='ocrx_word' id='word_1_566' title='bbox 864 4874 1050 4944; x_wconf 80' lang='grc' dir='ltr'><strong>αὐτῆς.</strong></span> <span class='ocrx_word' id='word_1_567' title='bbox 1092 4894 1110 4925; x_wconf 74' lang='grc' dir='ltr'><strong>ι</strong></span> 
     </span>
    </p>
   </div>
   <div class='ocr_carea' id='block_1_79' title="bbox 153 5048 1650 5124">
    <p class='ocr_par' dir='ltr' id='par_1_79' title="bbox 153 5048 1650 5124">
     <span class='ocr_line' id='line_1_79' title="bbox 153 5048 1650 5124; baseline 0.005 -24"><span class='ocrx_word' id='word_1_568' title='bbox 153 5068 175 5100; x_wconf 76' lang='grc' dir='ltr'><strong>σ</strong></span> <span class='ocrx_word' id='word_1_569' title='bbox 214 5048 359 5117; x_wconf 79' lang='grc' dir='ltr'><strong>Περί</strong></span> <span class='ocrx_word' id='word_1_570' title='bbox 386 5048 586 5102; x_wconf 87' lang='grc' dir='ltr'><strong>τούτων</strong></span> <span class='ocrx_word' id='word_1_571' title='bbox 611 5048 685 5119; x_wconf 78' lang='grc' dir='ltr'><strong>μὴ</strong></span> <span class='ocrx_word' id='word_1_572' title='bbox 718 5049 1029 5120; x_wconf 79' lang='grc' dir='ltr'><strong>αἰσχυνθῇς,</strong></span> <span class='ocrx_word' id='word_1_573' title='bbox 1055 5050 1148 5104; x_wconf 76' lang='grc' dir='ltr'><strong>καὶ</strong></span> <span class='ocrx_word' id='word_1_574' title='bbox 1184 5050 1256 5120; x_wconf 79' lang='grc' dir='ltr'><strong>μὴ</strong></span> <span class='ocrx_word' id='word_1_575' title='bbox 1287 5050 1456 5124; x_wconf 77' lang='grc' dir='ltr'><strong>λάϐῃς</strong></span> <span class='ocrx_word' id='word_1_576' title='bbox 1485 5054 1650 5124; x_wconf 85' lang='grc' dir='ltr'><strong>πρόσ-</strong></span> 
     </span>
    </p>
   </div>
   <div class='ocr_carea' id='block_1_80' title="bbox 76 5138 1648 5210">
    <p class='ocr_par' dir='ltr' id='par_1_80' title="bbox 76 5138 1648 5210">
     <span class='ocr_line' id='line_1_80' title="bbox 76 5138 1648 5210; baseline 0.003 -19"><span class='ocrx_word' id='word_1_577' title='bbox 76 5157 233 5192; x_wconf 86' lang='grc' dir='ltr'><strong>ωπον</strong></span> <span class='ocrx_word' id='word_1_578' title='bbox 262 5138 360 5191; x_wconf 84' lang='grc' dir='ltr'><strong>τοῦ</strong></span> <span class='ocrx_word' id='word_1_579' title='bbox 389 5140 748 5210; x_wconf 83' lang='grc' dir='ltr'><strong>ἁμαρτάνειν·</strong></span> <span class='ocrx_word' id='word_1_580' title='bbox 778 5138 912 5209; x_wconf 84' lang='grc' dir='ltr'><strong>Περί</strong></span> <span class='ocrx_word' id='word_1_581' title='bbox 937 5139 1103 5209; x_wconf 90' lang='grc' dir='ltr'><strong>νόμου</strong></span> <span class='ocrx_word' id='word_1_582' title='bbox 1144 5138 1397 5207; x_wconf 80' lang='grc' dir='ltr'><strong>Ὑψίστου</strong></span> <span class='ocrx_word' id='word_1_583' title='bbox 1433 5142 1521 5194; x_wconf 78' lang='grc' dir='ltr'><strong>καὶ</strong></span> <span class='ocrx_word' id='word_1_584' title='bbox 1540 5142 1648 5195; x_wconf 88' lang='grc' dir='ltr'><strong>δια-</strong></span> 
     </span>
    </p>
   </div>
   <div class='ocr_carea' id='block_1_81' title="bbox 77 5229 1645 5303">
    <p class='ocr_par' dir='ltr' id='par_1_81' title="bbox 77 5229 1645 5303">
     <span class='ocr_line' id='line_1_81' title="bbox 77 5229 1645 5303; baseline 0.002 -20"><span class='ocrx_word' id='word_1_585' title='bbox 77 5231 286 5303; x_wconf 80' lang='grc' dir='ltr'><strong>θήκης,</strong></span> <span class='ocrx_word' id='word_1_586' title='bbox 320 5231 412 5283; x_wconf 61' lang='grc' dir='ltr'><strong>καί¹</strong></span> <span class='ocrx_word' id='word_1_587' title='bbox 436 5230 563 5301; x_wconf 74' lang='grc' dir='ltr'><strong>περὶ</strong></span> <span class='ocrx_word' id='word_1_588' title='bbox 596 5229 860 5300; x_wconf 79' lang='grc' dir='ltr'><strong>κρίματος</strong></span> <span class='ocrx_word' id='word_1_589' title='bbox 904 5230 996 5283; x_wconf 89' lang='grc' dir='ltr'><strong>τοῦ</strong></span> <span class='ocrx_word' id='word_1_590' title='bbox 1024 5229 1307 5284; x_wconf 85' lang='grc' dir='ltr'><strong>δικαιῶσαι</strong></span> <span class='ocrx_word' id='word_1_591' title='bbox 1338 5231 1424 5285; x_wconf 82' lang='grc' dir='ltr'><strong>τὸν</strong></span> <span class='ocrx_word' id='word_1_592' title='bbox 1451 5234 1645 5303; x_wconf 85' lang='grc' dir='ltr'><strong>ἀσεϐῆ,</strong></span> 
     </span>
    </p>
   </div>
   <div class='ocr_carea' id='block_1_82' title="bbox 73 5320 1645 5392">
    <p class='ocr_par' dir='ltr' id='par_1_82' title="bbox 73 5320 1645 5392">
     <span class='ocr_line' id='line_1_82' title="bbox 73 5320 1645 5392; baseline 0.001 -17"><span class='ocrx_word' id='word_1_593' title='bbox 73 5324 213 5392; x_wconf 72' lang='grc' dir='ltr'><strong>περὶ</strong></span> <span class='ocrx_word' id='word_1_594' title='bbox 240 5320 403 5388; x_wconf 85' lang='grc' dir='ltr'><strong>λόγου</strong></span> <span class='ocrx_word' id='word_1_595' title='bbox 430 5321 683 5374; x_wconf 69' lang='grc' dir='ltr'><strong>κοινωνοῦ</strong></span> <span class='ocrx_word' id='word_1_596' title='bbox 709 5321 802 5374; x_wconf 76' lang='grc' dir='ltr'><strong>καὶ</strong></span> <span class='ocrx_word' id='word_1_597' title='bbox 837 5320 1149 5390; x_wconf 72' lang='grc' dir='ltr'><strong>ὁδοιπόρων,</strong></span> <span class='ocrx_word' id='word_1_598' title='bbox 1179 5321 1421 5391; x_wconf 75' lang='grc' dir='ltr'><strong>καὶπερὶ</strong></span> <span class='ocrx_word' id='word_1_599' title='bbox 1451 5323 1645 5388; x_wconf 86' lang='grc' dir='ltr'><strong>δόσεως</strong></span> 
     </span>
    </p>
   </div>
   <div class='ocr_carea' id='block_1_83' title="bbox 74 5409 1646 5482">
    <p class='ocr_par' dir='ltr' id='par_1_83' title="bbox 74 5409 1646 5482">
     <span class='ocr_line' id='line_1_83' title="bbox 74 5409 1646 5482; baseline 0.003 -18"><span class='ocrx_word' id='word_1_600' title='bbox 74 5409 450 5482; x_wconf 83' lang='grc' dir='ltr'><strong>κληρονομίας</strong></span> <span class='ocrx_word' id='word_1_601' title='bbox 479 5410 681 5481; x_wconf 78' lang='grc' dir='ltr'><strong>ἐτέρων</strong></span> <span class='ocrx_word' id='word_1_602' title='bbox 700 5427 713 5439; x_wconf 88' lang='grc'>·</span> <span class='ocrx_word' id='word_1_603' title='bbox 738 5411 864 5481; x_wconf 76' lang='grc' dir='ltr'><strong>περὶ</strong></span> <span class='ocrx_word' id='word_1_604' title='bbox 886 5411 1168 5481; x_wconf 87' lang='grc' dir='ltr'><strong>ἀκριϐείας</strong></span> <span class='ocrx_word' id='word_1_605' title='bbox 1189 5412 1351 5481; x_wconf 81' lang='grc' dir='ltr'><strong>ζυγοῦ</strong></span> <span class='ocrx_word' id='word_1_606' title='bbox 1404 5415 1495 5467; x_wconf 77' lang='grc' dir='ltr'><strong>καὶ</strong></span> <span class='ocrx_word' id='word_1_607' title='bbox 1525 5432 1646 5468; x_wconf 89' lang='grc' dir='ltr'><strong>στα-</strong></span> 
     </span>
    </p>
   </div>
   <div class='ocr_carea' id='block_1_84' title="bbox 71 5501 1645 5576">
    <p class='ocr_par' dir='ltr' id='par_1_84' title="bbox 71 5501 1645 5576">
     <span class='ocr_line' id='line_1_84' title="bbox 71 5501 1645 5576; baseline 0.001 -20"><span class='ocrx_word' id='word_1_608' title='bbox 71 5502 361 5576; x_wconf 81' lang='grc' dir='ltr'><strong>θμῶν,καὶ</strong></span> <span class='ocrx_word' id='word_1_609' title='bbox 379 5501 503 5571; x_wconf 76' lang='grc' dir='ltr'><strong>περὶ</strong></span> <span class='ocrx_word' id='word_1_610' title='bbox 530 5502 769 5571; x_wconf 85' lang='grc' dir='ltr'><strong>κτήσεως</strong></span> <span class='ocrx_word' id='word_1_611' title='bbox 794 5501 1001 5554; x_wconf 86' lang='grc' dir='ltr'><strong>πολλῶν</strong></span> <span class='ocrx_word' id='word_1_612' title='bbox 1021 5502 1112 5555; x_wconf 74' lang='grc' dir='ltr'><strong>καὶ</strong></span> <span class='ocrx_word' id='word_1_613' title='bbox 1133 5502 1324 5572; x_wconf 85' lang='grc' dir='ltr'><strong>ὀλίγων</strong></span> <span class='ocrx_word' id='word_1_614' title='bbox 1342 5520 1356 5533; x_wconf 82' lang='grc'><strong>’</strong></span> <span class='ocrx_word' id='word_1_615' title='bbox 1381 5506 1506 5576; x_wconf 73' lang='grc' dir='ltr'><strong>περὶ</strong></span> <span class='ocrx_word' id='word_1_616' title='bbox 1532 5504 1645 5559; x_wconf 85' lang='grc' dir='ltr'><strong>δια-</strong></span> 
     </span>
    </p>
   </div>
   <div class='ocr_carea' id='block_1_85' title="bbox 72 5574 1646 5665">
    <p class='ocr_par' dir='ltr' id='par_1_85' title="bbox 72 5574 1646 5665">
     <span class='ocr_line' id='line_1_85' title="bbox 72 5574 1646 5665; baseline 0.003 -20"><span class='ocrx_word' id='word_1_617' title='bbox 72 5574 255 5665; x_wconf 65' lang='grc' dir='ltr'><strong>ᾧόρου</strong></span> <span class='ocrx_word' id='word_1_618' title='bbox 291 5592 540 5661; x_wconf 85' lang='grc' dir='ltr'><strong>πράσεως</strong></span> <span class='ocrx_word' id='word_1_619' title='bbox 570 5591 844 5662; x_wconf 80' lang='grc' dir='ltr'><strong>ἐμπόρων,</strong></span> <span class='ocrx_word' id='word_1_620' title='bbox 872 5593 965 5645; x_wconf 73' lang='grc' dir='ltr'><strong>καὶ</strong></span> <span class='ocrx_word' id='word_1_621' title='bbox 1000 5592 1127 5662; x_wconf 73' lang='grc' dir='ltr'><strong>περὶ</strong></span> <span class='ocrx_word' id='word_1_622' title='bbox 1170 5594 1413 5657; x_wconf 86' lang='grc' dir='ltr'><strong>παιδείας</strong></span> <span class='ocrx_word' id='word_1_623' title='bbox 1443 5574 1646 5651; x_wconf 75' lang='grc' dir='ltr'><strong>τέκνων</strong></span> 
     </span>
    </p>
   </div>
   <div class='ocr_carea' id='block_1_86' title="bbox 70 5677 1647 5757">
    <p class='ocr_par' dir='ltr' id='par_1_86' title="bbox 70 5677 1647 5757">
     <span class='ocr_line' id='line_1_86' title="bbox 70 5677 1647 5757; baseline 0.003 -18"><span class='ocrx_word' id='word_1_624' title='bbox 70 5683 324 5749; x_wconf 76' lang='grc' dir='ltr'><strong>πολλῶν,</strong></span> <span class='ocrx_word' id='word_1_625' title='bbox 355 5684 448 5737; x_wconf 78' lang='grc' dir='ltr'><strong>καὶ</strong></span> <span class='ocrx_word' id='word_1_626' title='bbox 490 5683 675 5757; x_wconf 83' lang='grc' dir='ltr'><strong>οἰκέτῃ</strong></span> <span class='ocrx_word' id='word_1_627' title='bbox 703 5683 921 5755; x_wconf 82' lang='grc' dir='ltr'><strong>πονηρῷ</strong></span> <span class='ocrx_word' id='word_1_628' title='bbox 948 5677 1187 5755; x_wconf 81' lang='grc' dir='ltr'><strong>πλευρὰν</strong></span> <span class='ocrx_word' id='word_1_629' title='bbox 1234 5686 1480 5754; x_wconf 81' lang='grc' dir='ltr'><strong>αίμάξαι.</strong></span> <span class='ocrx_word' id='word_1_630' title='bbox 1527 5690 1647 5743; x_wconf 81' lang='grc' dir='ltr'><strong>Ἐπὶ</strong></span> 
     </span>
    </p>
   </div>
   <div class='ocr_carea' id='block_1_87' title="bbox 68 5780 1644 5857">
    <p class='ocr_par' dir='ltr' id='par_1_87' title="bbox 68 5780 1644 5857">
     <span class='ocr_line' id='line_1_87' title="bbox 68 5780 1644 5857; baseline 0.003 -22"><span class='ocrx_word' id='word_1_631' title='bbox 68 5780 313 5847; x_wconf 76' lang='grc' dir='ltr'><strong>γυναικὶ</strong></span> <span class='ocrx_word' id='word_1_632' title='bbox 372 5782 579 5851; x_wconf 76' lang='grc' dir='ltr'><strong>πονηρᾷ</strong></span> <span class='ocrx_word' id='word_1_633' title='bbox 630 5781 790 5835; x_wconf 59' lang='grc' dir='ltr'><strong>καλὴν</strong></span> <span class='ocrx_word' id='word_1_634' title='bbox 846 5782 1118 5852; x_wconf 73' lang='grc' dir='ltr'><strong>σφραγίςο</strong></span> <span class='ocrx_word' id='word_1_635' title='bbox 1166 5784 1258 5837; x_wconf 79' lang='grc' dir='ltr'><strong>καὶ</strong></span> <span class='ocrx_word' id='word_1_636' title='bbox 1309 5785 1440 5838; x_wconf 83' lang='grc' dir='ltr'><strong>ὅπου</strong></span> <span class='ocrx_word' id='word_1_637' title='bbox 1466 5788 1644 5857; x_wconf 86' lang='grc' dir='ltr'><strong>χεῖρες</strong></span> 
     </span>
    </p>
   </div>
   <div class='ocr_carea' id='block_1_88' title="bbox 1755 3202 3321 3272">
    <p class='ocr_par' dir='ltr' id='par_1_88' title="bbox 1755 3202 3321 3272">
     <span class='ocr_line' id='line_1_88' title="bbox 1755 3202 3321 3272; baseline -0.002 -14"><span class='ocrx_word' id='word_1_638' title='bbox 1755 3210 2106 3266; x_wconf 83' lang='lat' dir='ltr'><strong>testamento,</strong></span> <span class='ocrx_word' id='word_1_639' title='bbox 2137 3212 2187 3257; x_wconf 90' lang='lat' dir='ltr'><strong>et</strong></span> <span class='ocrx_word' id='word_1_640' title='bbox 2217 3220 2244 3255; x_wconf 87' lang='lat' dir='ltr'><strong>a</strong></span> <span class='ocrx_word' id='word_1_641' title='bbox 2277 3204 2478 3258; x_wconf 80' lang='lat' dir='ltr'><strong>lixione</strong></span> <span class='ocrx_word' id='word_1_642' title='bbox 2495 3203 2668 3258; x_wconf 89' lang='lat' dir='ltr'><strong>cubiti</strong></span> <span class='ocrx_word' id='word_1_643' title='bbox 2697 3204 2750 3257; x_wconf 92' lang='lat' dir='ltr'><strong>in</strong></span> <span class='ocrx_word' id='word_1_644' title='bbox 2773 3202 3027 3272; x_wconf 87' lang='lat' dir='ltr'><strong>panibus,</strong></span> <span class='ocrx_word' id='word_1_645' title='bbox 3050 3212 3103 3259; x_wconf 89' lang='lat' dir='ltr'><strong>et</strong></span> <span class='ocrx_word' id='word_1_646' title='bbox 3127 3204 3199 3258; x_wconf 88' lang='lat' dir='ltr'><strong>ab</strong></span> <span class='ocrx_word' id='word_1_647' title='bbox 3222 3203 3321 3257; x_wconf 78' lang='lat' dir='ltr'><strong>oh-</strong></span> 
     </span>
    </p>
   </div>
   <div class='ocr_carea' id='block_1_89' title="bbox 1754 3295 3320 3366">
    <p class='ocr_par' dir='ltr' id='par_1_89' title="bbox 1754 3295 3320 3366">
     <span class='ocr_line' id='line_1_89' title="bbox 1754 3295 3320 3366; baseline -0.001 -16"><span class='ocrx_word' id='word_1_648' title='bbox 1754 3296 2066 3351; x_wconf 84' lang='lat' dir='ltr'><strong>fuscatione</strong></span> <span class='ocrx_word' id='word_1_649' title='bbox 2093 3296 2205 3350; x_wconf 87' lang='lat' dir='ltr'><strong>dati</strong></span> <span class='ocrx_word' id='word_1_650' title='bbox 2259 3305 2313 3350; x_wconf 87' lang='lat' dir='ltr'><strong>et</strong></span> <span class='ocrx_word' id='word_1_651' title='bbox 2350 3296 2603 3366; x_wconf 90' lang='lat' dir='ltr'><strong>accepti:</strong></span> <span class='ocrx_word' id='word_1_652' title='bbox 2640 3310 2669 3349; x_wconf 89' lang='lat' dir='ltr'><strong>a</strong></span> <span class='ocrx_word' id='word_1_653' title='bbox 2712 3295 3084 3351; x_wconf 86' lang='lat' dir='ltr'><strong>salutantibus</strong></span> <span class='ocrx_word' id='word_1_654' title='bbox 3126 3296 3195 3352; x_wconf 89' lang='lat' dir='ltr'><strong>de</strong></span> <span class='ocrx_word' id='word_1_655' title='bbox 3238 3299 3320 3351; x_wconf 80' lang='lat' dir='ltr'><strong>si-</strong></span> 
     </span>
    </p>
   </div>
   <div class='ocr_carea' id='block_1_90' title="bbox 1755 3387 3317 3457">
    <p class='ocr_par' dir='ltr' id='par_1_90' title="bbox 1755 3387 3317 3457">
     <span class='ocr_line' id='line_1_90' title="bbox 1755 3387 3317 3457; baseline 0.001 -16"><span class='ocrx_word' id='word_1_656' title='bbox 1755 3387 1965 3442; x_wconf 90' lang='lat' dir='ltr'><strong>lentio:</strong></span> <span class='ocrx_word' id='word_1_657' title='bbox 1999 3404 2029 3441; x_wconf 91' lang='lat' dir='ltr'><strong>a</strong></span> <span class='ocrx_word' id='word_1_658' title='bbox 2067 3398 2322 3457; x_wconf 84' lang='lat' dir='ltr'><strong>respectu</strong></span> <span class='ocrx_word' id='word_1_659' title='bbox 2370 3388 2623 3443; x_wconf 88' lang='lat' dir='ltr'><strong>mulieris</strong></span> <span class='ocrx_word' id='word_1_660' title='bbox 2658 3387 2994 3453; x_wconf 69' lang='lat' dir='ltr'><strong>fornicariae,</strong></span> <span class='ocrx_word' id='word_1_661' title='bbox 3035 3400 3090 3445; x_wconf 86' lang='lat' dir='ltr'><strong>et</strong></span> <span class='ocrx_word' id='word_1_662' title='bbox 3119 3405 3148 3443; x_wconf 90' lang='lat' dir='ltr'><strong>a</strong></span> <span class='ocrx_word' id='word_1_663' title='bbox 3184 3390 3317 3444; x_wconf 61' lang='lat' dir='ltr'><strong>sub-</strong></span> 
     </span>
    </p>
   </div>
   <div class='ocr_carea' id='block_1_91' title="bbox 1754 3478 3319 3548">
    <p class='ocr_par' dir='ltr' id='par_1_91' title="bbox 1754 3478 3319 3548">
     <span class='ocr_line' id='line_1_91' title="bbox 1754 3478 3319 3548; baseline 0.003 -17"><span class='ocrx_word' id='word_1_664' title='bbox 1754 3478 2013 3532; x_wconf 84' lang='lat' dir='ltr'><strong>versione</strong></span> <span class='ocrx_word' id='word_1_665' title='bbox 2056 3478 2241 3532; x_wconf 86' lang='lat' dir='ltr'><strong>vultus</strong></span> <span class='ocrx_word' id='word_1_666' title='bbox 2291 3478 2533 3548; x_wconf 87' lang='lat' dir='ltr'><strong>cognati,</strong></span> <span class='ocrx_word' id='word_1_667' title='bbox 2585 3485 2641 3532; x_wconf 89' lang='lat' dir='ltr'><strong>et</strong></span> <span class='ocrx_word' id='word_1_668' title='bbox 2685 3493 2715 3531; x_wconf 90' lang='lat' dir='ltr'><strong>a</strong></span> <span class='ocrx_word' id='word_1_669' title='bbox 2769 3480 3020 3534; x_wconf 86' lang='lat' dir='ltr'><strong>contuitu</strong></span> <span class='ocrx_word' id='word_1_670' title='bbox 3070 3480 3319 3535; x_wconf 89' lang='lat' dir='ltr'><strong>mulieris</strong></span> 
     </span>
    </p>
   </div>
   <div class='ocr_carea' id='block_1_92' title="bbox 1754 3568 3314 3640">
    <p class='ocr_par' dir='ltr' id='par_1_92' title="bbox 1754 3568 3314 3640">
     <span class='ocr_line' id='line_1_92' title="bbox 1754 3568 3314 3640; baseline 0.002 -18"><span class='ocrx_word' id='word_1_671' title='bbox 1754 3568 2065 3636; x_wconf 73' lang='lat' dir='ltr'><strong>conjuncta:</strong></span> <span class='ocrx_word' id='word_1_672' title='bbox 2097 3570 2241 3632; x_wconf 91' lang='lat' dir='ltr'><strong>viro,</strong></span> <span class='ocrx_word' id='word_1_673' title='bbox 2274 3576 2328 3623; x_wconf 89' lang='lat' dir='ltr'><strong>et</strong></span> <span class='ocrx_word' id='word_1_674' title='bbox 2361 3584 2390 3622; x_wconf 88' lang='lat' dir='ltr'><strong>a</strong></span> <span class='ocrx_word' id='word_1_675' title='bbox 2413 3568 2635 3624; x_wconf 89' lang='lat' dir='ltr'><strong>curioso</strong></span> <span class='ocrx_word' id='word_1_676' title='bbox 2665 3578 2889 3639; x_wconf 85' lang='lat' dir='ltr'><strong>aspectu</strong></span> <span class='ocrx_word' id='word_1_677' title='bbox 2920 3570 3117 3640; x_wconf 69' lang='lat' dir='ltr'><strong>puella:</strong></span> <span class='ocrx_word' id='word_1_678' title='bbox 3151 3571 3314 3637; x_wconf 87' lang='lat' dir='ltr'><strong>ejus;</strong></span> 
     </span>
    </p>
   </div>
   <div class='ocr_carea' id='block_1_93' title="bbox 1750 3660 3319 3731">
    <p class='ocr_par' dir='ltr' id='par_1_93' title="bbox 1750 3660 3319 3731">
     <span class='ocr_line' id='line_1_93' title="bbox 1750 3660 3319 3731; baseline -0.001 -16"><span class='ocrx_word' id='word_1_679' title='bbox 1750 3660 1826 3715; x_wconf 88' lang='lat' dir='ltr'><strong>ab</strong></span> <span class='ocrx_word' id='word_1_680' title='bbox 1877 3660 2074 3716; x_wconf 84' lang='lat' dir='ltr'><strong>amicis</strong></span> <span class='ocrx_word' id='word_1_681' title='bbox 2122 3660 2191 3715; x_wconf 90' lang='lat' dir='ltr'><strong>de</strong></span> <span class='ocrx_word' id='word_1_682' title='bbox 2236 3676 2491 3717; x_wconf 87' lang='lat' dir='ltr'><strong>sermone</strong></span> <span class='ocrx_word' id='word_1_683' title='bbox 2524 3660 2866 3731; x_wconf 84' lang='lat' dir='ltr'><strong>imprOperii,</strong></span> <span class='ocrx_word' id='word_1_684' title='bbox 2897 3671 2951 3714; x_wconf 91' lang='lat' dir='ltr'><strong>et</strong></span> <span class='ocrx_word' id='word_1_685' title='bbox 2982 3661 3319 3714; x_wconf 52' lang='lat' dir='ltr'><strong>revelatimte</strong></span> 
     </span>
    </p>
   </div>
   <div class='ocr_carea' id='block_1_94' title="bbox 1753 3750 3316 3821">
    <p class='ocr_par' dir='ltr' id='par_1_94' title="bbox 1753 3750 3316 3821">
     <span class='ocr_line' id='line_1_94' title="bbox 1753 3750 3316 3821; baseline 0 -16"><span class='ocrx_word' id='word_1_686' title='bbox 1753 3751 1903 3805; x_wconf 86' lang='lat' dir='ltr'><strong>verbi</strong></span> <span class='ocrx_word' id='word_1_687' title='bbox 1934 3751 2263 3807; x_wconf 86' lang='lat' dir='ltr'><strong>absconditi.</strong></span> <span class='ocrx_word' id='word_1_688' title='bbox 2298 3750 2363 3805; x_wconf 88' lang='lat' dir='ltr'><strong>Et</strong></span> <span class='ocrx_word' id='word_1_689' title='bbox 2398 3753 2513 3807; x_wconf 87' lang='lat' dir='ltr'><strong>eris</strong></span> <span class='ocrx_word' id='word_1_690' title='bbox 2554 3751 2910 3821; x_wconf 89' lang='lat' dir='ltr'><strong>pudibundus</strong></span> <span class='ocrx_word' id='word_1_691' title='bbox 2940 3759 2993 3807; x_wconf 91' lang='lat' dir='ltr'><strong>et</strong></span> <span class='ocrx_word' id='word_1_692' title='bbox 3038 3766 3227 3815; x_wconf 79' lang='lat' dir='ltr'><strong>verax,</strong></span> <span class='ocrx_word' id='word_1_693' title='bbox 3262 3760 3316 3805; x_wconf 68' lang='lat' dir='ltr'><strong>rt</strong></span> 
     </span>
    </p>
   </div>
   <div class='ocr_carea' id='block_1_95' title="bbox 1754 3842 2978 3914">
    <p class='ocr_par' dir='ltr' id='par_1_95' title="bbox 1754 3842 2978 3914">
     <span class='ocr_line' id='line_1_95' title="bbox 1754 3842 2978 3914; baseline -0.002 -17"><span class='ocrx_word' id='word_1_694' title='bbox 1754 3842 2001 3899; x_wconf 85' lang='lat' dir='ltr'><strong>invenies</strong></span> <span class='ocrx_word' id='word_1_695' title='bbox 2032 3842 2264 3914; x_wconf 77' lang='lat' dir='ltr'><strong>gratiam</strong></span> <span class='ocrx_word' id='word_1_696' title='bbox 2298 3856 2481 3897; x_wconf 85' lang='lat' dir='ltr'><strong>coram</strong></span> <span class='ocrx_word' id='word_1_697' title='bbox 2502 3842 2655 3897; x_wconf 87' lang='lat' dir='ltr'><strong>omni</strong></span> <span class='ocrx_word' id='word_1_698' title='bbox 2682 3842 2924 3900; x_wconf 85' lang='lat' dir='ltr'><strong>homine.</strong></span> <span class='ocrx_word' id='word_1_699' title='bbox 2958 3859 2978 3894; x_wconf 76' lang='grc' dir='ltr'><strong>ι</strong></span> 
     </span>
    </p>
   </div>
   <div class='ocr_carea' id='block_1_96' title="bbox 2067 4037 2992 4107">
    <p class='ocr_par' dir='ltr' id='par_1_96' title="bbox 2067 4037 2992 4107">
     <span class='ocr_line' id='line_1_96' title="bbox 2067 4037 2992 4107; baseline -0.003 -13"><span class='ocrx_word' id='word_1_700' title='bbox 2067 4038 2200 4094; x_wconf 85' lang='grc' dir='ltr'><strong>ΤΙΤ.</strong></span> <span class='ocrx_word' id='word_1_701' title='bbox 2234 4037 2370 4093; x_wconf 77' lang='lat' dir='ltr'><strong>XLI.</strong></span> <span class='ocrx_word' id='word_1_702' title='bbox 2401 4066 2470 4078; x_wconf 92' lang='lat'><strong>——</strong></span> <span class='ocrx_word' id='word_1_703' title='bbox 2497 4037 2574 4092; x_wconf 80' lang='lat' dir='ltr'><strong>De</strong></span> <span class='ocrx_word' id='word_1_704' title='bbox 2605 4037 2807 4107; x_wconf 82' lang='lat' dir='ltr'><strong>pudore</strong></span> <span class='ocrx_word' id='word_1_705' title='bbox 2831 4038 2992 4093; x_wconf 79' lang='lat' dir='ltr'><strong>male.</strong></span> 
     </span>
    </p>
   </div>
   <div class='ocr_carea' id='block_1_97' title="bbox 1826 4128 3312 4198">
    <p class='ocr_par' dir='ltr' id='par_1_97' title="bbox 1826 4128 3312 4198">
     <span class='ocr_line' id='line_1_97' title="bbox 1826 4128 3312 4198; baseline -0.002 -9"><span class='ocrx_word' id='word_1_706' title='bbox 1826 4132 1997 4189; x_wconf 80' lang='lat' dir='ltr'><strong>Eccli.</strong></span> <span class='ocrx_word' id='word_1_707' title='bbox 2022 4147 2095 4198; x_wconf 81' lang='lat' dir='ltr'><strong>tv,</strong></span> <span class='ocrx_word' id='word_1_708' title='bbox 2124 4132 2214 4185; x_wconf 84' lang='lat'><strong>20.</strong></span> <span class='ocrx_word' id='word_1_709' title='bbox 2243 4162 2310 4171; x_wconf 92' lang='lat'><strong><em>—</em></strong></span> <span class='ocrx_word' id='word_1_710' title='bbox 2349 4148 2367 4181; x_wconf 76' lang='grc' dir='ltr'><strong>ι</strong></span> <span class='ocrx_word' id='word_1_711' title='bbox 2400 4129 2474 4184; x_wconf 92' lang='lat' dir='ltr'><strong>De</strong></span> <span class='ocrx_word' id='word_1_712' title='bbox 2505 4130 2687 4183; x_wconf 88' lang='lat' dir='ltr'><strong>anima</strong></span> <span class='ocrx_word' id='word_1_713' title='bbox 2719 4138 2811 4183; x_wconf 90' lang='lat' dir='ltr'><strong>tua</strong></span> <span class='ocrx_word' id='word_1_714' title='bbox 2846 4145 2914 4184; x_wconf 92' lang='lat' dir='ltr'><strong>ne</strong></span> <span class='ocrx_word' id='word_1_715' title='bbox 2932 4128 3312 4186; x_wconf 88' lang='lat' dir='ltr'><strong>confundaris.</strong></span> 
     </span>
    </p>
   </div>
   <div class='ocr_carea' id='block_1_98' title="bbox 1756 4221 3310 4292">
    <p class='ocr_par' dir='ltr' id='par_1_98' title="bbox 1756 4221 3310 4292">
     <span class='ocr_line' id='line_1_98' title="bbox 1756 4221 3310 4292; baseline -0.001 -13"><span class='ocrx_word' id='word_1_716' title='bbox 1756 4225 1853 4279; x_wconf 87' lang='lat' dir='ltr'><strong>Est</strong></span> <span class='ocrx_word' id='word_1_717' title='bbox 1882 4224 2028 4279; x_wconf 90' lang='lat' dir='ltr'><strong>enim</strong></span> <span class='ocrx_word' id='word_1_718' title='bbox 2059 4221 2315 4277; x_wconf 82' lang='lat' dir='ltr'><strong>confusio</strong></span> <span class='ocrx_word' id='word_1_719' title='bbox 2346 4221 2639 4276; x_wconf 81' lang='lat' dir='ltr'><strong>adducens</strong></span> <span class='ocrx_word' id='word_1_720' title='bbox 2662 4231 2968 4292; x_wconf 85' lang='lat' dir='ltr'><strong>peccatum,</strong></span> <span class='ocrx_word' id='word_1_721' title='bbox 2998 4230 3053 4275; x_wconf 88' lang='lat' dir='ltr'><strong>et</strong></span> <span class='ocrx_word' id='word_1_722' title='bbox 3076 4233 3163 4278; x_wconf 90' lang='lat' dir='ltr'><strong>est</strong></span> <span class='ocrx_word' id='word_1_723' title='bbox 3186 4238 3310 4277; x_wconf 86' lang='lat' dir='ltr'><strong>con-</strong></span> 
     </span>
    </p>
   </div>
   <div class='ocr_carea' id='block_1_99' title="bbox 1757 4311 3315 4384">
    <p class='ocr_par' dir='ltr' id='par_1_99' title="bbox 1757 4311 3315 4384">
     <span class='ocr_line' id='line_1_99' title="bbox 1757 4311 3315 4384; baseline -0.001 -15"><span class='ocrx_word' id='word_1_724' title='bbox 1757 4315 1926 4376; x_wconf 83' lang='lat' dir='ltr'><strong>fusio,</strong></span> <span class='ocrx_word' id='word_1_725' title='bbox 1958 4315 2133 4384; x_wconf 85' lang='lat' dir='ltr'><strong>gloria</strong></span> <span class='ocrx_word' id='word_1_726' title='bbox 2165 4322 2219 4367; x_wconf 90' lang='lat' dir='ltr'><strong>et</strong></span> <span class='ocrx_word' id='word_1_727' title='bbox 2259 4313 2455 4383; x_wconf 89' lang='lat' dir='ltr'><strong>gratia.</strong></span> <span class='ocrx_word' id='word_1_728' title='bbox 2500 4311 2567 4366; x_wconf 87' lang='lat' dir='ltr'><strong>Et</strong></span> <span class='ocrx_word' id='word_1_729' title='bbox 2615 4328 2686 4367; x_wconf 90' lang='lat' dir='ltr'><strong>ne</strong></span> <span class='ocrx_word' id='word_1_730' title='bbox 2716 4312 2951 4382; x_wconf 89' lang='lat' dir='ltr'><strong>accipias</strong></span> <span class='ocrx_word' id='word_1_731' title='bbox 2978 4311 3172 4368; x_wconf 80' lang='lat' dir='ltr'><strong>faciem</strong></span> <span class='ocrx_word' id='word_1_732' title='bbox 3215 4315 3315 4367; x_wconf 80' lang='lat' dir='ltr'><strong>ad-</strong></span> 
     </span>
    </p>
   </div>
   <div class='ocr_carea' id='block_1_100' title="bbox 1681 4405 3313 4498">
    <p class='ocr_par' dir='ltr' id='par_1_100' title="bbox 1681 4405 3313 4498">
     <span class='ocr_line' id='line_1_100' title="bbox 1681 4405 3313 4498; baseline -0.003 -33"><span class='ocrx_word' id='word_1_733' title='bbox 1681 4439 1729 4498; x_wconf 74' lang='grc' dir='ltr'>υ</span> <span class='ocrx_word' id='word_1_734' title='bbox 1756 4424 1949 4465; x_wconf 89' lang='lat' dir='ltr'><strong>versus</strong></span> <span class='ocrx_word' id='word_1_735' title='bbox 1994 4409 2233 4463; x_wconf 88' lang='lat' dir='ltr'><strong>animam</strong></span> <span class='ocrx_word' id='word_1_736' title='bbox 2277 4416 2423 4461; x_wconf 89' lang='lat' dir='ltr'><strong>tuam</strong></span> <span class='ocrx_word' id='word_1_737' title='bbox 2450 4445 2466 4473; x_wconf 89' lang='lat'><strong>,</strong></span> <span class='ocrx_word' id='word_1_738' title='bbox 2511 4418 2611 4459; x_wconf 91' lang='lat' dir='ltr'><strong>nec</strong></span> <span class='ocrx_word' id='word_1_739' title='bbox 2658 4407 2959 4461; x_wconf 87' lang='lat' dir='ltr'><strong>reverearis</strong></span> <span class='ocrx_word' id='word_1_740' title='bbox 2984 4406 3034 4460; x_wconf 90' lang='lat' dir='ltr'><strong>in</strong></span> <span class='ocrx_word' id='word_1_741' title='bbox 3077 4405 3313 4461; x_wconf 86' lang='lat' dir='ltr'><strong>animam</strong></span> 
     </span>
    </p>
   </div>
   <div class='ocr_carea' id='block_1_101' title="bbox 1755 4508 1976 4556">
    <p class='ocr_par' dir='ltr' id='par_1_101' title="bbox 1755 4508 1976 4556">
     <span class='ocr_line' id='line_1_101' title="bbox 1755 4508 1976 4556; baseline -0.009 -1"><span class='ocrx_word' id='word_1_742' title='bbox 1755 4508 1927 4556; x_wconf 86' lang='lat' dir='ltr'><strong>tuam.</strong></span> <span class='ocrx_word' id='word_1_743' title='bbox 1957 4519 1976 4553; x_wconf 74' lang='grc' dir='ltr'><strong>ι</strong></span> 
     </span>
    </p>
   </div>
   <div class='ocr_carea' id='block_1_102' title="bbox 1822 4574 3310 4661">
    <p class='ocr_par' dir='ltr' id='par_1_102' title="bbox 1822 4574 3310 4661">
     <span class='ocr_line' id='line_1_102' title="bbox 1822 4574 3310 4661; baseline 0.001 -16"><span class='ocrx_word' id='word_1_744' title='bbox 1822 4592 1997 4645; x_wconf 79' lang='lat' dir='ltr'><strong>Ecclt.</strong></span> <span class='ocrx_word' id='word_1_745' title='bbox 2034 4606 2130 4655; x_wconf 81' lang='lat' dir='ltr'><strong>xx,</strong></span> <span class='ocrx_word' id='word_1_746' title='bbox 2154 4590 2331 4644; x_wconf 79' lang='lat'><strong>25.—</strong></span> <span class='ocrx_word' id='word_1_747' title='bbox 2364 4606 2384 4640; x_wconf 79' lang='grc' dir='ltr'><strong>ι</strong></span> <span class='ocrx_word' id='word_1_748' title='bbox 2416 4589 2514 4643; x_wconf 88' lang='lat' dir='ltr'><strong>Est</strong></span> <span class='ocrx_word' id='word_1_749' title='bbox 2556 4588 2649 4658; x_wconf 93' lang='lat' dir='ltr'><strong>qui</strong></span> <span class='ocrx_word' id='word_1_750' title='bbox 2682 4603 2795 4658; x_wconf 64' lang='lat' dir='ltr'><strong>prae</strong></span> <span class='ocrx_word' id='word_1_751' title='bbox 2832 4574 3156 4646; x_wconf 83' lang='lat' dir='ltr'><strong>confusione</strong></span> <span class='ocrx_word' id='word_1_752' title='bbox 3186 4605 3310 4661; x_wconf 79' lang='lat' dir='ltr'><strong>pro-</strong></span> 
     </span>
    </p>
   </div>
   <div class='ocr_carea' id='block_1_103' title="bbox 1751 4682 3138 4747">
    <p class='ocr_par' dir='ltr' id='par_1_103' title="bbox 1751 4682 3138 4747">
     <span class='ocr_line' id='line_1_103' title="bbox 1751 4682 3138 4747; baseline -0.003 -8"><span class='ocrx_word' id='word_1_753' title='bbox 1751 4686 1923 4740; x_wconf 88' lang='lat' dir='ltr'><strong>mittit</strong></span> <span class='ocrx_word' id='word_1_754' title='bbox 1953 4685 2150 4747; x_wconf 85' lang='lat' dir='ltr'><strong>amico,</strong></span> <span class='ocrx_word' id='word_1_755' title='bbox 2183 4682 2497 4737; x_wconf 89' lang='lat' dir='ltr'><strong>etlucratns</strong></span> <span class='ocrx_word' id='word_1_756' title='bbox 2529 4688 2613 4735; x_wconf 89' lang='lat' dir='ltr'><strong>est</strong></span> <span class='ocrx_word' id='word_1_757' title='bbox 2631 4696 2755 4734; x_wconf 91' lang='lat' dir='ltr'><strong>eum</strong></span> <span class='ocrx_word' id='word_1_758' title='bbox 2787 4682 3086 4737; x_wconf 89' lang='lat' dir='ltr'><strong>inimicum.</strong></span> <span class='ocrx_word' id='word_1_759' title='bbox 3117 4702 3138 4735; x_wconf 75' lang='grc' dir='ltr'><strong>ι</strong></span> 
     </span>
    </p>
   </div>
   <div class='ocr_carea' id='block_1_104' title="bbox 1823 4764 3308 4840">
    <p class='ocr_par' dir='ltr' id='par_1_104' title="bbox 1823 4764 3308 4840">
     <span class='ocr_line' id='line_1_104' title="bbox 1823 4764 3308 4840; baseline 0.003 -13"><span class='ocrx_word' id='word_1_760' title='bbox 1823 4764 2007 4827; x_wconf 77' lang='grc' dir='ltr'><strong>Εεείί.</strong></span> <span class='ocrx_word' id='word_1_761' title='bbox 2030 4789 2157 4839; x_wconf 79' lang='lat' dir='ltr'><strong>xxv,</strong></span> <span class='ocrx_word' id='word_1_762' title='bbox 2189 4774 2280 4827; x_wconf 80' lang='lat'><strong>22.</strong></span> <span class='ocrx_word' id='word_1_763' title='bbox 2309 4800 2376 4810; x_wconf 87' lang='lat'><strong>—-</strong></span> <span class='ocrx_word' id='word_1_764' title='bbox 2412 4790 2429 4823; x_wconf 75' lang='grc' dir='ltr'><strong>ι</strong></span> <span class='ocrx_word' id='word_1_765' title='bbox 2462 4771 2569 4834; x_wconf 89' lang='lat' dir='ltr'><strong>Ira,</strong></span> <span class='ocrx_word' id='word_1_766' title='bbox 2606 4781 2661 4826; x_wconf 90' lang='lat' dir='ltr'><strong>et</strong></span> <span class='ocrx_word' id='word_1_767' title='bbox 2691 4773 3063 4840; x_wconf 78' lang='lat' dir='ltr'><strong>irreverentia,</strong></span> <span class='ocrx_word' id='word_1_768' title='bbox 3099 4785 3154 4831; x_wconf 90' lang='lat' dir='ltr'><strong>et</strong></span> <span class='ocrx_word' id='word_1_769' title='bbox 3176 4791 3308 4832; x_wconf 85' lang='lat' dir='ltr'><strong>con-</strong></span> 
     </span>
    </p>
   </div>
   <div class='ocr_carea' id='block_1_105' title="bbox 1751 4864 3308 4938">
    <p class='ocr_par' dir='ltr' id='par_1_105' title="bbox 1751 4864 3308 4938">
     <span class='ocr_line' id='line_1_105' title="bbox 1751 4864 3308 4938; baseline 0.001 -18"><span class='ocrx_word' id='word_1_770' title='bbox 1751 4866 1895 4921; x_wconf 89' lang='lat' dir='ltr'><strong>fusio</strong></span> <span class='ocrx_word' id='word_1_771' title='bbox 1928 4880 2145 4936; x_wconf 87' lang='lat' dir='ltr'><strong>magna,</strong></span> <span class='ocrx_word' id='word_1_772' title='bbox 2180 4867 2224 4922; x_wconf 90' lang='lat' dir='ltr'><strong>si</strong></span> <span class='ocrx_word' id='word_1_773' title='bbox 2259 4864 2451 4921; x_wconf 89' lang='lat' dir='ltr'><strong>mulier</strong></span> <span class='ocrx_word' id='word_1_774' title='bbox 2480 4865 2774 4935; x_wconf 89' lang='lat' dir='ltr'><strong>primatum</strong></span> <span class='ocrx_word' id='word_1_775' title='bbox 2806 4876 2987 4923; x_wconf 89' lang='lat' dir='ltr'><strong>teneat</strong></span> <span class='ocrx_word' id='word_1_776' title='bbox 3028 4883 3196 4938; x_wconf 85' lang='lat' dir='ltr'><strong>supra</strong></span> <span class='ocrx_word' id='word_1_777' title='bbox 3222 4870 3308 4924; x_wconf 84' lang='lat' dir='ltr'><strong>vi-</strong></span> 
     </span>
    </p>
   </div>
   <div class='ocr_carea' id='block_1_106' title="bbox 1748 4972 2149 5014">
    <p class='ocr_par' dir='ltr' id='par_1_106' title="bbox 1748 4972 2149 5014">
     <span class='ocr_line' id='line_1_106' title="bbox 1748 4972 2149 5014; baseline -0.007 -1"><span class='ocrx_word' id='word_1_778' title='bbox 1748 4974 1871 5014; x_wconf 86' lang='lat' dir='ltr'><strong>rum</strong></span> <span class='ocrx_word' id='word_1_779' title='bbox 1912 4972 2095 5014; x_wconf 88' lang='lat' dir='ltr'><strong>suum.</strong></span> <span class='ocrx_word' id='word_1_780' title='bbox 2129 4976 2149 5010; x_wconf 73' lang='grc' dir='ltr'><strong>ι</strong></span> 
     </span>
    </p>
   </div>
   <div class='ocr_carea' id='block_1_107' title="bbox 1814 5049 3304 5117">
    <p class='ocr_par' dir='ltr' id='par_1_107' title="bbox 1814 5049 3304 5117">
     <span class='ocr_line' id='line_1_107' title="bbox 1814 5049 3304 5117; baseline -0.001 -10"><span class='ocrx_word' id='word_1_781' title='bbox 1814 5051 1983 5107; x_wconf 82' lang='grc' dir='ltr'><strong>Εεείί.</strong></span> <span class='ocrx_word' id='word_1_782' title='bbox 2018 5067 2147 5117; x_wconf 70' lang='lat' dir='ltr'><strong>vui,</strong></span> <span class='ocrx_word' id='word_1_783' title='bbox 2186 5050 2297 5104; x_wconf 61' lang='lat'><strong>1.7.</strong></span> <span class='ocrx_word' id='word_1_784' title='bbox 2332 5081 2397 5092; x_wconf 91' lang='lat'><strong><em>—</em></strong></span> <span class='ocrx_word' id='word_1_785' title='bbox 2432 5069 2451 5102; x_wconf 78' lang='grc' dir='ltr'><strong>ι</strong></span> <span class='ocrx_word' id='word_1_786' title='bbox 2482 5049 2560 5105; x_wconf 83' lang='lat' dir='ltr'><strong>Ne</strong></span> <span class='ocrx_word' id='word_1_787' title='bbox 2589 5050 2656 5105; x_wconf 92' lang='lat' dir='ltr'><strong>de</strong></span> <span class='ocrx_word' id='word_1_788' title='bbox 2689 5050 2775 5106; x_wconf 86' lang='lat' dir='ltr'><strong>his</strong></span> <span class='ocrx_word' id='word_1_789' title='bbox 2817 5050 3199 5114; x_wconf 89' lang='lat' dir='ltr'><strong>confundaris,</strong></span> <span class='ocrx_word' id='word_1_790' title='bbox 3249 5061 3304 5106; x_wconf 87' lang='lat' dir='ltr'><strong>et</strong></span> 
     </span>
    </p>
   </div>
   <div class='ocr_carea' id='block_1_108' title="bbox 1747 5142 3301 5213">
    <p class='ocr_par' dir='ltr' id='par_1_108' title="bbox 1747 5142 3301 5213">
     <span class='ocr_line' id='line_1_108' title="bbox 1747 5142 3301 5213; baseline -0.002 -15"><span class='ocrx_word' id='word_1_791' title='bbox 1747 5159 1816 5200; x_wconf 91' lang='lat' dir='ltr'><strong>ne</strong></span> <span class='ocrx_word' id='word_1_792' title='bbox 1840 5143 2087 5213; x_wconf 74' lang='lat' dir='ltr'><strong>accipias</strong></span> <span class='ocrx_word' id='word_1_793' title='bbox 2116 5158 2406 5213; x_wconf 87' lang='lat' dir='ltr'><strong>personam</strong></span> <span class='ocrx_word' id='word_1_794' title='bbox 2436 5153 2496 5198; x_wconf 91' lang='lat' dir='ltr'><strong>ut</strong></span> <span class='ocrx_word' id='word_1_795' title='bbox 2526 5142 2817 5213; x_wconf 87' lang='lat' dir='ltr'><strong>delinquas</strong></span> <span class='ocrx_word' id='word_1_796' title='bbox 2842 5158 2855 5194; x_wconf 90' lang='lat'>:</span> <span class='ocrx_word' id='word_1_797' title='bbox 2889 5144 2964 5197; x_wconf 91' lang='lat' dir='ltr'><strong>De</strong></span> <span class='ocrx_word' id='word_1_798' title='bbox 2988 5143 3102 5212; x_wconf 87' lang='lat' dir='ltr'><strong>lege</strong></span> <span class='ocrx_word' id='word_1_799' title='bbox 3130 5143 3301 5197; x_wconf 86' lang='lat' dir='ltr'><strong>Altis-</strong></span> 
     </span>
    </p>
   </div>
   <div class='ocr_carea' id='block_1_109' title="bbox 1746 5232 3300 5303">
    <p class='ocr_par' dir='ltr' id='par_1_109' title="bbox 1746 5232 3300 5303">
     <span class='ocr_line' id='line_1_109' title="bbox 1746 5232 3300 5303; baseline -0.002 -14"><span class='ocrx_word' id='word_1_800' title='bbox 1746 5234 1899 5299; x_wconf 90' lang='lat' dir='ltr'><strong>simi,</strong></span> <span class='ocrx_word' id='word_1_801' title='bbox 1931 5243 1988 5289; x_wconf 88' lang='lat' dir='ltr'><strong>et</strong></span> <span class='ocrx_word' id='word_1_802' title='bbox 2022 5235 2089 5290; x_wconf 88' lang='lat' dir='ltr'><strong>de</strong></span> <span class='ocrx_word' id='word_1_803' title='bbox 2122 5243 2472 5299; x_wconf 88' lang='lat' dir='ltr'><strong>testamento,</strong></span> <span class='ocrx_word' id='word_1_804' title='bbox 2504 5242 2557 5291; x_wconf 87' lang='lat' dir='ltr'><strong>et</strong></span> <span class='ocrx_word' id='word_1_805' title='bbox 2585 5235 2649 5289; x_wconf 90' lang='lat' dir='ltr'><strong>de</strong></span> <span class='ocrx_word' id='word_1_806' title='bbox 2674 5233 2884 5303; x_wconf 86' lang='lat' dir='ltr'><strong>judicio</strong></span> <span class='ocrx_word' id='word_1_807' title='bbox 2905 5232 2971 5286; x_wconf 87' lang='lat' dir='ltr'><strong>ad</strong></span> <span class='ocrx_word' id='word_1_808' title='bbox 2998 5232 3300 5302; x_wconf 83' lang='lat' dir='ltr'><strong>justiﬁcan-</strong></span> 
     </span>
    </p>
   </div>
   <div class='ocr_carea' id='block_1_110' title="bbox 1746 5325 3298 5401">
    <p class='ocr_par' dir='ltr' id='par_1_110' title="bbox 1746 5325 3298 5401">
     <span class='ocr_line' id='line_1_110' title="bbox 1746 5325 3298 5401; baseline -0.002 -20"><span class='ocrx_word' id='word_1_809' title='bbox 1746 5326 1873 5381; x_wconf 87' lang='lat' dir='ltr'><strong>dum</strong></span> <span class='ocrx_word' id='word_1_810' title='bbox 1910 5327 2172 5397; x_wconf 87' lang='lat' dir='ltr'><strong>impium;</strong></span> <span class='ocrx_word' id='word_1_811' title='bbox 2211 5328 2277 5381; x_wconf 92' lang='lat' dir='ltr'><strong>de</strong></span> <span class='ocrx_word' id='word_1_812' title='bbox 2313 5326 2478 5382; x_wconf 83' lang='lat' dir='ltr'><strong>verbo</strong></span> <span class='ocrx_word' id='word_1_813' title='bbox 2525 5326 2798 5382; x_wconf 87' lang='lat' dir='ltr'><strong>sociorum</strong></span> <span class='ocrx_word' id='word_1_814' title='bbox 2829 5334 2883 5380; x_wconf 89' lang='lat' dir='ltr'><strong>et</strong></span> <span class='ocrx_word' id='word_1_815' title='bbox 2912 5325 3298 5401; x_wconf 64' lang='lat' dir='ltr'><strong>viatorurn,.et</strong></span> 
     </span>
    </p>
   </div>
   <div class='ocr_carea' id='block_1_111' title="bbox 1747 5417 3297 5488">
    <p class='ocr_par' dir='ltr' id='par_1_111' title="bbox 1747 5417 3297 5488">
     <span class='ocr_line' id='line_1_111' title="bbox 1747 5417 3297 5488; baseline 0 -15"><span class='ocrx_word' id='word_1_816' title='bbox 1747 5419 1815 5474; x_wconf 92' lang='lat' dir='ltr'><strong>de</strong></span> <span class='ocrx_word' id='word_1_817' title='bbox 1843 5418 2065 5474; x_wconf 91' lang='lat' dir='ltr'><strong>datione</strong></span> <span class='ocrx_word' id='word_1_818' title='bbox 2115 5419 2451 5474; x_wconf 57' lang='lat' dir='ltr'><strong>hereditatis</strong></span> <span class='ocrx_word' id='word_1_819' title='bbox 2500 5424 2835 5484; x_wconf 88' lang='lat' dir='ltr'><strong>amicorum;</strong></span> <span class='ocrx_word' id='word_1_820' title='bbox 2877 5417 2945 5471; x_wconf 89' lang='lat' dir='ltr'><strong>de</strong></span> <span class='ocrx_word' id='word_1_821' title='bbox 2985 5418 3297 5488; x_wconf 69' lang='lat' dir='ltr'><strong>aequalitate</strong></span> 
     </span>
    </p>
   </div>
   <div class='ocr_carea' id='block_1_112' title="bbox 1747 5508 3293 5581">
    <p class='ocr_par' dir='ltr' id='par_1_112' title="bbox 1747 5508 3293 5581">
     <span class='ocr_line' id='line_1_112' title="bbox 1747 5508 3293 5581; baseline -0.002 -15"><span class='ocrx_word' id='word_1_822' title='bbox 1747 5517 1967 5566; x_wconf 79' lang='lat' dir='ltr'><strong>staterae</strong></span> <span class='ocrx_word' id='word_1_823' title='bbox 1999 5518 2053 5566; x_wconf 91' lang='lat' dir='ltr'><strong>et</strong></span> <span class='ocrx_word' id='word_1_824' title='bbox 2099 5510 2443 5581; x_wconf 90' lang='lat' dir='ltr'><strong>ponderum;</strong></span> <span class='ocrx_word' id='word_1_825' title='bbox 2474 5510 2542 5565; x_wconf 90' lang='lat' dir='ltr'><strong>de</strong></span> <span class='ocrx_word' id='word_1_826' title='bbox 2589 5508 2956 5579; x_wconf 88' lang='lat' dir='ltr'><strong>acquisitione</strong></span> <span class='ocrx_word' id='word_1_827' title='bbox 2999 5510 3293 5566; x_wconf 81' lang='lat' dir='ltr'><strong>multorum</strong></span> 
     </span>
    </p>
   </div>
   <div class='ocr_carea' id='block_1_113' title="bbox 1744 5600 3292 5671">
    <p class='ocr_par' dir='ltr' id='par_1_113' title="bbox 1744 5600 3292 5671">
     <span class='ocr_line' id='line_1_113' title="bbox 1744 5600 3292 5671; baseline -0.002 -15"><span class='ocrx_word' id='word_1_828' title='bbox 1744 5610 1799 5656; x_wconf 91' lang='lat' dir='ltr'><strong>et</strong></span> <span class='ocrx_word' id='word_1_829' title='bbox 1828 5616 2125 5671; x_wconf 88' lang='lat' dir='ltr'><strong>paucorum</strong></span> <span class='ocrx_word' id='word_1_830' title='bbox 2154 5621 2168 5669; x_wconf 93' lang='lat'><strong>;</strong></span> <span class='ocrx_word' id='word_1_831' title='bbox 2202 5604 2268 5657; x_wconf 85' lang='lat' dir='ltr'><strong>de</strong></span> <span class='ocrx_word' id='word_1_832' title='bbox 2309 5602 2528 5657; x_wconf 87' lang='lat' dir='ltr'><strong>diversa</strong></span> <span class='ocrx_word' id='word_1_833' title='bbox 2563 5600 2839 5670; x_wconf 84' lang='lat' dir='ltr'><strong>emptione</strong></span> <span class='ocrx_word' id='word_1_834' title='bbox 2869 5601 3292 5671; x_wconf 82' lang='lat' dir='ltr'><strong>negotiatorum,</strong></span> 
     </span>
    </p>
   </div>
   <div class='ocr_carea' id='block_1_114' title="bbox 1743 5690 3294 5762">
    <p class='ocr_par' dir='ltr' id='par_1_114' title="bbox 1743 5690 3294 5762">
     <span class='ocr_line' id='line_1_114' title="bbox 1743 5690 3294 5762; baseline -0.003 -16"><span class='ocrx_word' id='word_1_835' title='bbox 1743 5699 1799 5746; x_wconf 80' lang='lat' dir='ltr'><strong>et</strong></span> <span class='ocrx_word' id='word_1_836' title='bbox 1831 5694 1895 5747; x_wconf 90' lang='lat' dir='ltr'><strong>de</strong></span> <span class='ocrx_word' id='word_1_837' title='bbox 1928 5694 2099 5747; x_wconf 90' lang='lat' dir='ltr'><strong>multa</strong></span> <span class='ocrx_word' id='word_1_838' title='bbox 2144 5692 2436 5762; x_wconf 88' lang='lat' dir='ltr'><strong>disciplina</strong></span> <span class='ocrx_word' id='word_1_839' title='bbox 2470 5692 2728 5755; x_wconf 86' lang='lat' dir='ltr'><strong>filiorum,</strong></span> <span class='ocrx_word' id='word_1_840' title='bbox 2762 5699 2816 5746; x_wconf 89' lang='lat' dir='ltr'><strong>et</strong></span> <span class='ocrx_word' id='word_1_841' title='bbox 2849 5704 3010 5745; x_wconf 90' lang='lat' dir='ltr'><strong>servo</strong></span> <span class='ocrx_word' id='word_1_842' title='bbox 3054 5690 3294 5761; x_wconf 87' lang='lat' dir='ltr'><strong>pessimo</strong></span> 
     </span>
    </p>
   </div>
   <div class='ocr_carea' id='block_1_115' title="bbox 1745 5781 3291 5864">
    <p class='ocr_par' dir='ltr' id='par_1_115' title="bbox 1745 5781 3291 5864">
     <span class='ocr_line' id='line_1_115' title="bbox 1745 5781 3291 5864; baseline -0.003 -25"><span class='ocrx_word' id='word_1_843' title='bbox 1745 5785 1889 5840; x_wconf 86' lang='lat' dir='ltr'><strong>latus</strong></span> <span class='ocrx_word' id='word_1_844' title='bbox 1920 5784 2271 5855; x_wconf 76' lang='lat' dir='ltr'><strong>sanguinare.</strong></span> <span class='ocrx_word' id='word_1_845' title='bbox 2306 5781 2485 5863; x_wconf 87' lang='lat' dir='ltr'><strong>Super</strong></span> <span class='ocrx_word' id='word_1_846' title='bbox 2516 5782 2795 5840; x_wconf 87' lang='lat' dir='ltr'><strong>mulierem</strong></span> <span class='ocrx_word' id='word_1_847' title='bbox 2822 5798 3054 5864; x_wconf 61' lang='lat' dir='ltr'><strong>nequam</strong></span> <span class='ocrx_word' id='word_1_848' title='bbox 3087 5782 3291 5837; x_wconf 82' lang='lat' dir='ltr'><strong>bonum</strong></span> 
     </span>
    </p>
   </div>
  </div>
