  <div class='ocr_page' id='page_1' title='image "/cluster/home/n/w/nwhite01/storage/ocr_20150623/95/hvd.32044019208057/631.png"; bbox 0 0 4024 6410; ppageno 0'>
   <div class='ocr_carea' id='block_1_1' title="bbox 684 322 817 389">
    <p class='ocr_par' dir='ltr' id='par_1_1' title="bbox 684 322 817 389">
     <span class='ocr_line' id='line_1_1' title="bbox 684 322 817 389; baseline -0.008 0"><span class='ocrx_word' id='word_1_1' title='bbox 684 322 817 389; x_wconf 77' lang='grc'><strong>1251</strong></span> 
     </span>
    </p>
   </div>
   <div class='ocr_carea' id='block_1_2' title="bbox 1856 328 2731 394">
    <p class='ocr_par' dir='ltr' id='par_1_2' title="bbox 1856 328 2731 394">
     <span class='ocr_line' id='line_1_2' title="bbox 1856 328 2731 394; baseline 0.008 -6"><span class='ocrx_word' id='word_1_2' title='bbox 1856 330 1919 390; x_wconf 87' lang='lat' dir='ltr'><strong>S.</strong></span> <span class='ocrx_word' id='word_1_3' title='bbox 1959 328 2277 390; x_wconf 82' lang='lat' dir='ltr'><strong>IOANNIS</strong></span> <span class='ocrx_word' id='word_1_4' title='bbox 2302 329 2731 394; x_wconf 83' lang='lat' dir='ltr'><strong>DAMASCENI</strong></span> 
     </span>
    </p>
   </div>
   <div class='ocr_carea' id='block_1_3' title="bbox 3719 349 3812 417">
    <p class='ocr_par' dir='ltr' id='par_1_3' title="bbox 3719 349 3812 417">
     <span class='ocr_line' id='line_1_3' title="bbox 3719 349 3812 417; baseline 0.065 -6"><span class='ocrx_word' id='word_1_5' title='bbox 3719 349 3812 417; x_wconf 67' lang='grc' dir='ltr'>ιιδι</span> 
     </span>
    </p>
   </div>
   <div class='ocr_carea' id='block_1_4' title="bbox 678 439 2267 532">
    <p class='ocr_par' dir='ltr' id='par_1_4' title="bbox 678 439 2240 515">
     <span class='ocr_line' id='line_1_4' title="bbox 678 439 2240 515; baseline 0.002 -19"><span class='ocrx_word' id='word_1_6' title='bbox 678 452 764 497; x_wconf 83' lang='lat' dir='ltr'><strong>est</strong></span> <span class='ocrx_word' id='word_1_7' title='bbox 788 441 1027 513; x_wconf 86' lang='lat' dir='ltr'><strong>signum.</strong></span> <span class='ocrx_word' id='word_1_8' title='bbox 1057 439 1161 498; x_wconf 85' lang='lat' dir='ltr'><strong>Ubi</strong></span> <span class='ocrx_word' id='word_1_9' title='bbox 1194 456 1392 497; x_wconf 89' lang='lat' dir='ltr'><strong>manus</strong></span> <span class='ocrx_word' id='word_1_10' title='bbox 1419 443 1587 515; x_wconf 76' lang='lat'><strong>378</strong></span> <span class='ocrx_word' id='word_1_11' title='bbox 1616 444 1795 499; x_wconf 63' lang='lat' dir='ltr'><strong>multa:</strong></span> <span class='ocrx_word' id='word_1_12' title='bbox 1825 459 1976 513; x_wconf 89' lang='lat' dir='ltr'><strong>sunt,</strong></span> <span class='ocrx_word' id='word_1_13' title='bbox 2008 446 2240 502; x_wconf 83' lang='lat' dir='ltr'><strong>claude:</strong></span> 
     </span>
    </p>
   </div>
   <div class='ocr_carea' id='block_1_5' title="bbox 2223 439 3812 532">
    <p class='ocr_par' dir='ltr' id='par_1_5' title="bbox 2226 448 3812 532">
     <span class='ocr_line' id='line_1_5' title="bbox 2226 448 3812 532; baseline 0.011 -33"><span class='ocrx_word' id='word_1_14' title='bbox 2226 463 2240 499; x_wconf 99' lang='lat'><strong>:</strong></span> <span class='ocrx_word' id='word_1_15' title='bbox 2273 448 2321 504; x_wconf 75' lang='grc' dir='ltr'><strong>Α</strong></span> <span class='ocrx_word' id='word_1_16' title='bbox 2346 448 2559 513; x_wconf 80' lang='grc' dir='ltr'>πολλαὶ,</span> <span class='ocrx_word' id='word_1_17' title='bbox 2608 451 2841 505; x_wconf 79' lang='grc' dir='ltr'><strong>κλεῖσον.</strong></span> <span class='ocrx_word' id='word_1_18' title='bbox 2894 454 2958 507; x_wconf 82' lang='grc'><strong>⁸⁸0</strong></span> <span class='ocrx_word' id='word_1_19' title='bbox 3006 453 3102 507; x_wconf 74' lang='grc' dir='ltr'><strong>ὲάν</strong></span> <span class='ocrx_word' id='word_1_20' title='bbox 3134 454 3406 527; x_wconf 82' lang='grc' dir='ltr'>παραδῷς,</span> <span class='ocrx_word' id='word_1_21' title='bbox 3434 456 3488 511; x_wconf 71' lang='grc' dir='ltr'><strong>ιν</strong></span> <span class='ocrx_word' id='word_1_22' title='bbox 3510 458 3711 532; x_wconf 74' lang='grc' dir='ltr'>ἀριθμῷ,</span> <span class='ocrx_word' id='word_1_23' title='bbox 3752 472 3812 522; x_wconf 61' lang='grc' dir='ltr'>καὶ</span> 
     </span>
    </p>
   </div>
   <div class='ocr_carea' id='block_1_6' title="bbox 676 531 2265 625">
    <p class='ocr_par' dir='ltr' id='par_1_6' title="bbox 676 531 2251 606">
     <span class='ocr_line' id='line_1_6' title="bbox 676 531 2251 606; baseline 0.006 -22"><span class='ocrx_word' id='word_1_24' title='bbox 676 540 733 584; x_wconf 85' lang='lat' dir='ltr'><strong>ct</strong></span> <span class='ocrx_word' id='word_1_25' title='bbox 763 531 1129 603; x_wconf 78' lang='lat' dir='ltr'><strong>quodcunque</strong></span> <span class='ocrx_word' id='word_1_26' title='bbox 1170 532 1373 599; x_wconf 87' lang='lat' dir='ltr'><strong>trades,</strong></span> <span class='ocrx_word' id='word_1_27' title='bbox 1401 535 1455 587; x_wconf 94' lang='lat' dir='ltr'><strong>in</strong></span> <span class='ocrx_word' id='word_1_28' title='bbox 1492 550 1722 589; x_wconf 88' lang='lat' dir='ltr'><strong>numero</strong></span> <span class='ocrx_word' id='word_1_29' title='bbox 1765 543 1820 589; x_wconf 89' lang='lat' dir='ltr'><strong>et</strong></span> <span class='ocrx_word' id='word_1_30' title='bbox 1865 538 2143 606; x_wconf 88' lang='lat' dir='ltr'><strong>pondere;</strong></span> <span class='ocrx_word' id='word_1_31' title='bbox 2195 548 2251 593; x_wconf 94' lang='lat' dir='ltr'><strong>et</strong></span> 
     </span>
    </p>
   </div>
   <div class='ocr_carea' id='block_1_7' title="bbox 2175 531 3764 625">
    <p class='ocr_par' dir='ltr' id='par_1_7' title="bbox 2195 540 3764 625">
     <span class='ocr_line' id='line_1_7' title="bbox 2195 540 3764 625; baseline 0.01 -32"><span class='ocrx_word' id='word_1_32' title='bbox 2195 548 2251 593; x_wconf 90' lang='lat' dir='ltr'><strong>et</strong></span> <span class='ocrx_word' id='word_1_33' title='bbox 2358 540 2613 612; x_wconf 75' lang='grc' dir='ltr'>σταθμῷο</span> <span class='ocrx_word' id='word_1_34' title='bbox 2649 542 2744 596; x_wconf 75' lang='grc' dir='ltr'>καὶ</span> <span class='ocrx_word' id='word_1_35' title='bbox 2769 542 2915 607; x_wconf 85' lang='grc' dir='ltr'><strong>δόσις</strong></span> <span class='ocrx_word' id='word_1_36' title='bbox 2946 546 3041 600; x_wconf 79' lang='grc' dir='ltr'><strong>καὶ</strong></span> <span class='ocrx_word' id='word_1_37' title='bbox 3060 544 3219 616; x_wconf 74' lang='grc' dir='ltr'>λῆψις</span> <span class='ocrx_word' id='word_1_38' title='bbox 3253 547 3460 602; x_wconf 83' lang='grc' dir='ltr'>πάντων</span> <span class='ocrx_word' id='word_1_39' title='bbox 3483 550 3535 602; x_wconf 83' lang='grc' dir='ltr'>ὲν</span> <span class='ocrx_word' id='word_1_40' title='bbox 3558 556 3726 625; x_wconf 75' lang='grc' dir='ltr'>γραφῇ.</span> <span class='ocrx_word' id='word_1_41' title='bbox 3751 575 3764 608; x_wconf 82' lang='grc' dir='ltr'><strong>ι</strong></span> 
     </span>
    </p>
   </div>
   <div class='ocr_carea' id='block_1_8' title="bbox 675 624 1929 695">
    <p class='ocr_par' dir='ltr' id='par_1_8' title="bbox 675 624 1929 695">
     <span class='ocr_line' id='line_1_8' title="bbox 675 624 1929 695; baseline 0.005 -19"><span class='ocrx_word' id='word_1_42' title='bbox 675 624 962 694; x_wconf 58' lang='lat' dir='ltr'><strong>datum.et</strong></span> <span class='ocrx_word' id='word_1_43' title='bbox 992 632 1279 695; x_wconf 87' lang='lat' dir='ltr'><strong>acceptum</strong></span> <span class='ocrx_word' id='word_1_44' title='bbox 1311 625 1565 681; x_wconf 88' lang='lat' dir='ltr'><strong>omnium</strong></span> <span class='ocrx_word' id='word_1_45' title='bbox 1601 626 1873 683; x_wconf 82' lang='lat' dir='ltr'><strong>describe.</strong></span> <span class='ocrx_word' id='word_1_46' title='bbox 1909 647 1929 681; x_wconf 72' lang='grc' dir='ltr'><strong>ι</strong></span> 
     </span>
    </p>
   </div>
   <div class='ocr_carea' id='block_1_9' title="bbox 746 714 2247 788">
    <p class='ocr_par' dir='ltr' id='par_1_9' title="bbox 746 714 2247 788">
     <span class='ocr_line' id='line_1_9' title="bbox 746 714 2247 788; baseline 0.005 -21"><span class='ocrx_word' id='word_1_47' title='bbox 746 714 1104 771; x_wconf 79' lang='lat' dir='ltr'><strong>Philonis.—</strong></span> <span class='ocrx_word' id='word_1_48' title='bbox 1147 714 1418 770; x_wconf 88' lang='lat' dir='ltr'><strong>Pudorem</strong></span> <span class='ocrx_word' id='word_1_49' title='bbox 1460 716 1618 769; x_wconf 89' lang='lat' dir='ltr'><strong>aiunt</strong></span> <span class='ocrx_word' id='word_1_50' title='bbox 1660 716 1951 788; x_wconf 85' lang='lat' dir='ltr'><strong>plerisque</strong></span> <span class='ocrx_word' id='word_1_51' title='bbox 2016 718 2247 774; x_wconf 82' lang='lat' dir='ltr'><strong>minime</strong></span> 
     </span>
    </p>
   </div>
   <div class='ocr_carea' id='block_1_10' title="bbox 676 807 1032 874">
    <p class='ocr_par' dir='ltr' id='par_1_10' title="bbox 676 807 1032 874">
     <span class='ocr_line' id='line_1_10' title="bbox 676 807 1032 874; baseline -0.003 -14"><span class='ocrx_word' id='word_1_52' title='bbox 676 807 972 874; x_wconf 83' lang='lat' dir='ltr'><strong>profuisse.</strong></span> <span class='ocrx_word' id='word_1_53' title='bbox 1012 826 1032 859; x_wconf 75' lang='grc' dir='ltr'><strong>ι</strong></span> 
     </span>
    </p>
   </div>
   <div class='ocr_carea' id='block_1_11' title="bbox 675 937 2241 1016">
    <p class='ocr_par' dir='ltr' id='par_1_11' title="bbox 675 937 2241 1016">
     <span class='ocr_line' id='line_1_11' title="bbox 675 937 2241 1016; baseline 0.006 -24"><span class='ocrx_word' id='word_1_54' title='bbox 675 937 816 1016; x_wconf 67' lang='grc' dir='ltr'><strong>ΤΙΤ.</strong></span> <span class='ocrx_word' id='word_1_55' title='bbox 844 939 1005 1016; x_wconf 69' lang='lat' dir='ltr'><strong>XLII.</strong></span> <span class='ocrx_word' id='word_1_56' title='bbox 1029 968 1099 979; x_wconf 89' lang='lat'><strong><em>—</em></strong></span> <span class='ocrx_word' id='word_1_57' title='bbox 1125 938 1203 993; x_wconf 83' lang='lat' dir='ltr'><strong>De</strong></span> <span class='ocrx_word' id='word_1_58' title='bbox 1230 940 1568 1007; x_wconf 86' lang='lat' dir='ltr'><strong>petitionibus</strong></span> <span class='ocrx_word' id='word_1_59' title='bbox 1603 941 1801 1011; x_wconf 84' lang='lat' dir='ltr'><strong>iniquis</strong></span> <span class='ocrx_word' id='word_1_60' title='bbox 1824 957 1843 995; x_wconf 93' lang='lat'><strong>:</strong></span> <span class='ocrx_word' id='word_1_61' title='bbox 1875 953 1922 997; x_wconf 85' lang='lat' dir='ltr'><strong>et</strong></span> <span class='ocrx_word' id='word_1_62' title='bbox 1961 945 2101 1016; x_wconf 86' lang='lat' dir='ltr'><strong>quod</strong></span> <span class='ocrx_word' id='word_1_63' title='bbox 2148 964 2241 1002; x_wconf 88' lang='lat' dir='ltr'><strong>eas</strong></span> 
     </span>
    </p>
   </div>
   <div class='ocr_carea' id='block_1_12' title="bbox 748 1013 2242 1083">
    <p class='ocr_par' dir='ltr' id='par_1_12' title="bbox 748 1013 2242 1083">
     <span class='ocr_line' id='line_1_12' title="bbox 748 1013 2242 1083; baseline 0.006 -19"><span class='ocrx_word' id='word_1_64' title='bbox 748 1013 1246 1083; x_wconf 78' lang='lat' dir='ltr'><strong>minimeperagere</strong></span> <span class='ocrx_word' id='word_1_65' title='bbox 1304 1020 1353 1083; x_wconf 79' lang='lat' dir='ltr'><strong>et</strong></span> <span class='ocrx_word' id='word_1_66' title='bbox 1388 1020 1652 1083; x_wconf 66' lang='lat' dir='ltr'><strong>praestare</strong></span> <span class='ocrx_word' id='word_1_67' title='bbox 1714 1013 1987 1083; x_wconf 80' lang='lat' dir='ltr'><strong>oporteat,</strong></span> <span class='ocrx_word' id='word_1_68' title='bbox 2028 1018 2242 1073; x_wconf 87' lang='lat' dir='ltr'><strong>etiamsi</strong></span> 
     </span>
    </p>
   </div>
   <div class='ocr_carea' id='block_1_13' title="bbox 749 1080 1479 1151">
    <p class='ocr_par' dir='ltr' id='par_1_13' title="bbox 749 1080 1479 1151">
     <span class='ocr_line' id='line_1_13' title="bbox 749 1080 1479 1151; baseline 0.001 -18"><span class='ocrx_word' id='word_1_69' title='bbox 749 1091 913 1133; x_wconf 83' lang='lat' dir='ltr'><strong>mater</strong></span> <span class='ocrx_word' id='word_1_70' title='bbox 940 1082 1011 1134; x_wconf 86' lang='lat' dir='ltr'><strong>sit</strong></span> <span class='ocrx_word' id='word_1_71' title='bbox 1033 1096 1149 1151; x_wconf 85' lang='lat' dir='ltr'><strong>qua:</strong></span> <span class='ocrx_word' id='word_1_72' title='bbox 1173 1097 1261 1133; x_wconf 88' lang='lat' dir='ltr'><strong>eas</strong></span> <span class='ocrx_word' id='word_1_73' title='bbox 1290 1080 1479 1149; x_wconf 78' lang='lat' dir='ltr'><strong>faciat.</strong></span> 
     </span>
    </p>
   </div>
   <div class='ocr_carea' id='block_1_14' title="bbox 746 1188 2242 1262">
    <p class='ocr_par' dir='ltr' id='par_1_14' title="bbox 746 1188 2242 1262">
     <span class='ocr_line' id='line_1_14' title="bbox 746 1188 2242 1262; baseline 0.006 -18"><span class='ocrx_word' id='word_1_74' title='bbox 746 1188 831 1244; x_wconf 82' lang='lat' dir='ltr'><strong>IV</strong></span> <span class='ocrx_word' id='word_1_75' title='bbox 865 1188 990 1258; x_wconf 84' lang='lat' dir='ltr'><strong>Reg.</strong></span> <span class='ocrx_word' id='word_1_76' title='bbox 1043 1204 1114 1253; x_wconf 84' lang='grc' dir='ltr'><strong>ιι,</strong></span> <span class='ocrx_word' id='word_1_77' title='bbox 1150 1190 1216 1244; x_wconf 82' lang='lat' dir='ltr'><strong>I9</strong></span> <span class='ocrx_word' id='word_1_78' title='bbox 1261 1206 1419 1262; x_wconf 85' lang='lat' dir='ltr'><strong>seqq.</strong></span> <span class='ocrx_word' id='word_1_79' title='bbox 1451 1222 1522 1233; x_wconf 88' lang='lat'><strong>——</strong></span> <span class='ocrx_word' id='word_1_80' title='bbox 1570 1210 1587 1243; x_wconf 86' lang='grc'><strong><em>‹</em></strong></span> <span class='ocrx_word' id='word_1_81' title='bbox 1622 1191 1842 1249; x_wconf 89' lang='lat' dir='ltr'><strong>Positus</strong></span> <span class='ocrx_word' id='word_1_82' title='bbox 1878 1202 1959 1249; x_wconf 89' lang='lat' dir='ltr'><strong>est</strong></span> <span class='ocrx_word' id='word_1_83' title='bbox 2011 1198 2242 1253; x_wconf 85' lang='lat' dir='ltr'><strong>thronus</strong></span> 
     </span>
    </p>
   </div>
   <div class='ocr_carea' id='block_1_15' title="bbox 674 1280 2238 1359">
    <p class='ocr_par' dir='ltr' id='par_1_15' title="bbox 674 1280 2238 1359">
     <span class='ocr_line' id='line_1_15' title="bbox 674 1280 2238 1359; baseline 0.004 -23"><span class='ocrx_word' id='word_1_84' title='bbox 674 1281 841 1336; x_wconf 89' lang='lat' dir='ltr'><strong>matri</strong></span> <span class='ocrx_word' id='word_1_85' title='bbox 872 1281 1039 1353; x_wconf 81' lang='lat' dir='ltr'><strong>regis,</strong></span> <span class='ocrx_word' id='word_1_86' title='bbox 1066 1292 1119 1336; x_wconf 93' lang='lat' dir='ltr'><strong>et</strong></span> <span class='ocrx_word' id='word_1_87' title='bbox 1150 1280 1297 1337; x_wconf 85' lang='lat' dir='ltr'><strong>sedit</strong></span> <span class='ocrx_word' id='word_1_88' title='bbox 1336 1298 1366 1337; x_wconf 89' lang='lat' dir='ltr'><strong>a</strong></span> <span class='ocrx_word' id='word_1_89' title='bbox 1398 1284 1608 1339; x_wconf 77' lang='lat' dir='ltr'><strong>dextris</strong></span> <span class='ocrx_word' id='word_1_90' title='bbox 1646 1284 1788 1355; x_wconf 86' lang='lat' dir='ltr'><strong>ejus,</strong></span> <span class='ocrx_word' id='word_1_91' title='bbox 1829 1286 2076 1359; x_wconf 79' lang='lat' dir='ltr'><strong>dixitque</strong></span> <span class='ocrx_word' id='word_1_92' title='bbox 2114 1289 2193 1343; x_wconf 92' lang='lat' dir='ltr'><strong>illi</strong></span> <span class='ocrx_word' id='word_1_93' title='bbox 2223 1307 2238 1343; x_wconf 89' lang='lat'><strong>:</strong></span> 
     </span>
    </p>
   </div>
   <div class='ocr_carea' id='block_1_16' title="bbox 672 1374 2241 1449">
    <p class='ocr_par' dir='ltr' id='par_1_16' title="bbox 672 1374 2241 1449">
     <span class='ocr_line' id='line_1_16' title="bbox 672 1374 2241 1449; baseline 0.005 -20"><span class='ocrx_word' id='word_1_94' title='bbox 672 1374 1005 1431; x_wconf 78' lang='lat' dir='ltr'><strong>I’etitionem</strong></span> <span class='ocrx_word' id='word_1_95' title='bbox 1047 1391 1211 1429; x_wconf 86' lang='lat' dir='ltr'><strong>unam</strong></span> <span class='ocrx_word' id='word_1_96' title='bbox 1253 1378 1535 1446; x_wconf 85' lang='lat' dir='ltr'><strong>parvulam</strong></span> <span class='ocrx_word' id='word_1_97' title='bbox 1568 1393 1668 1449; x_wconf 80' lang='lat' dir='ltr'><strong>ego</strong></span> <span class='ocrx_word' id='word_1_98' title='bbox 1702 1379 1967 1449; x_wconf 87' lang='lat' dir='ltr'><strong>deprecor</strong></span> <span class='ocrx_word' id='word_1_99' title='bbox 1993 1396 2023 1434; x_wconf 89' lang='lat' dir='ltr'><strong>a</strong></span> <span class='ocrx_word' id='word_1_100' title='bbox 2067 1390 2141 1446; x_wconf 89' lang='lat' dir='ltr'><strong>te,</strong></span> <span class='ocrx_word' id='word_1_101' title='bbox 2176 1397 2241 1437; x_wconf 91' lang='lat' dir='ltr'><strong>ne</strong></span> 
     </span>
    </p>
   </div>
   <div class='ocr_carea' id='block_1_17' title="bbox 670 1464 2241 1539">
    <p class='ocr_par' dir='ltr' id='par_1_17' title="bbox 670 1464 2241 1539">
     <span class='ocr_line' id='line_1_17' title="bbox 670 1464 2241 1539; baseline 0.005 -18"><span class='ocrx_word' id='word_1_102' title='bbox 670 1474 888 1521; x_wconf 75' lang='lat' dir='ltr'><strong>avertas</strong></span> <span class='ocrx_word' id='word_1_103' title='bbox 919 1464 1119 1520; x_wconf 82' lang='lat' dir='ltr'><strong>faciem</strong></span> <span class='ocrx_word' id='word_1_104' title='bbox 1154 1482 1353 1521; x_wconf 89' lang='lat' dir='ltr'><strong>meam.</strong></span> <span class='ocrx_word' id='word_1_105' title='bbox 1387 1467 1452 1521; x_wconf 87' lang='lat' dir='ltr'><strong>Et</strong></span> <span class='ocrx_word' id='word_1_106' title='bbox 1483 1468 1620 1522; x_wconf 79' lang='lat' dir='ltr'><strong>dixit</strong></span> <span class='ocrx_word' id='word_1_107' title='bbox 1646 1470 1694 1525; x_wconf 90' lang='lat' dir='ltr'><strong>ei</strong></span> <span class='ocrx_word' id='word_1_108' title='bbox 1726 1486 1821 1525; x_wconf 79' lang='lat' dir='ltr'><strong>rex</strong></span> <span class='ocrx_word' id='word_1_109' title='bbox 1846 1489 1861 1526; x_wconf 90' lang='lat'><strong>:</strong></span> <span class='ocrx_word' id='word_1_110' title='bbox 1887 1469 2036 1539; x_wconf 86' lang='lat' dir='ltr'><strong>Pete,</strong></span> <span class='ocrx_word' id='word_1_111' title='bbox 2067 1484 2241 1529; x_wconf 89' lang='lat' dir='ltr'><strong>mater</strong></span> 
     </span>
    </p>
   </div>
   <div class='ocr_carea' id='block_1_18' title="bbox 671 1557 2239 1626">
    <p class='ocr_par' dir='ltr' id='par_1_18' title="bbox 671 1557 2239 1626">
     <span class='ocr_line' id='line_1_18' title="bbox 671 1557 2239 1626; baseline 0.004 -14"><span class='ocrx_word' id='word_1_112' title='bbox 671 1572 790 1613; x_wconf 78' lang='lat' dir='ltr'><strong>mea</strong></span> <span class='ocrx_word' id='word_1_113' title='bbox 824 1575 838 1611; x_wconf 93' lang='lat'><strong>:</strong></span> <span class='ocrx_word' id='word_1_114' title='bbox 874 1572 984 1611; x_wconf 92' lang='lat' dir='ltr'><strong>non</strong></span> <span class='ocrx_word' id='word_1_115' title='bbox 1018 1557 1164 1611; x_wconf 88' lang='lat' dir='ltr'><strong>enim</strong></span> <span class='ocrx_word' id='word_1_116' title='bbox 1198 1568 1450 1613; x_wconf 68' lang='lat' dir='ltr'><strong>axertero</strong></span> <span class='ocrx_word' id='word_1_117' title='bbox 1484 1569 1554 1613; x_wconf 93' lang='lat' dir='ltr'><strong>te.</strong></span> <span class='ocrx_word' id='word_1_118' title='bbox 1583 1558 1717 1626; x_wconf 71' lang='lat' dir='ltr'><strong>Qua:</strong></span> <span class='ocrx_word' id='word_1_119' title='bbox 1748 1562 1825 1615; x_wconf 90' lang='lat' dir='ltr'><strong>ait</strong></span> <span class='ocrx_word' id='word_1_120' title='bbox 1853 1577 1867 1613; x_wconf 89' lang='lat'><strong>:</strong></span> <span class='ocrx_word' id='word_1_121' title='bbox 1901 1561 2075 1618; x_wconf 89' lang='lat' dir='ltr'><strong>Detur</strong></span> <span class='ocrx_word' id='word_1_122' title='bbox 2103 1563 2239 1619; x_wconf 84' lang='lat' dir='ltr'><strong>Abi-</strong></span> 
     </span>
    </p>
   </div>
   <div class='ocr_carea' id='block_1_19' title="bbox 668 1646 2239 1721">
    <p class='ocr_par' dir='ltr' id='par_1_19' title="bbox 668 1646 2239 1721">
     <span class='ocr_line' id='line_1_19' title="bbox 668 1646 2239 1721; baseline 0.005 -19"><span class='ocrx_word' id='word_1_123' title='bbox 668 1663 761 1702; x_wconf 89' lang='lat' dir='ltr'><strong>sac</strong></span> <span class='ocrx_word' id='word_1_124' title='bbox 791 1647 1094 1703; x_wconf 86' lang='lat' dir='ltr'><strong>Snnamitis</strong></span> <span class='ocrx_word' id='word_1_125' title='bbox 1118 1646 1302 1704; x_wconf 80' lang='lat' dir='ltr'><strong>Ornia:</strong></span> <span class='ocrx_word' id='word_1_126' title='bbox 1329 1647 1600 1721; x_wconf 69' lang='lat' dir='ltr'><strong>[Adonim]</strong></span> <span class='ocrx_word' id='word_1_127' title='bbox 1630 1649 1785 1707; x_wconf 80' lang='lat' dir='ltr'><strong>fratri</strong></span> <span class='ocrx_word' id='word_1_128' title='bbox 1823 1662 1918 1707; x_wconf 89' lang='lat' dir='ltr'><strong>tuo</strong></span> <span class='ocrx_word' id='word_1_129' title='bbox 1958 1655 2014 1709; x_wconf 91' lang='lat' dir='ltr'><strong>in</strong></span> <span class='ocrx_word' id='word_1_130' title='bbox 2046 1656 2239 1711; x_wconf 88' lang='lat' dir='ltr'><strong>mulie—</strong></span> 
     </span>
    </p>
   </div>
   <div class='ocr_carea' id='block_1_20' title="bbox 668 1738 2233 1811">
    <p class='ocr_par' dir='ltr' id='par_1_20' title="bbox 668 1738 2233 1811">
     <span class='ocr_line' id='line_1_20' title="bbox 668 1738 2233 1811; baseline 0.004 -17"><span class='ocrx_word' id='word_1_131' title='bbox 668 1755 804 1794; x_wconf 88' lang='lat' dir='ltr'><strong>rem.</strong></span> <span class='ocrx_word' id='word_1_132' title='bbox 837 1738 903 1793; x_wconf 84' lang='lat' dir='ltr'><strong>Et</strong></span> <span class='ocrx_word' id='word_1_133' title='bbox 935 1740 1222 1811; x_wconf 85' lang='lat' dir='ltr'><strong>respondit</strong></span> <span class='ocrx_word' id='word_1_134' title='bbox 1259 1755 1355 1795; x_wconf 89' lang='lat' dir='ltr'><strong>rex</strong></span> <span class='ocrx_word' id='word_1_135' title='bbox 1391 1741 1673 1810; x_wconf 86' lang='lat' dir='ltr'><strong>Salomon,</strong></span> <span class='ocrx_word' id='word_1_136' title='bbox 1706 1753 1758 1799; x_wconf 93' lang='lat' dir='ltr'><strong>et</strong></span> <span class='ocrx_word' id='word_1_137' title='bbox 1792 1746 1868 1801; x_wconf 90' lang='lat' dir='ltr'><strong>ait</strong></span> <span class='ocrx_word' id='word_1_138' title='bbox 1895 1747 2056 1801; x_wconf 87' lang='lat' dir='ltr'><strong>matri</strong></span> <span class='ocrx_word' id='word_1_139' title='bbox 2084 1764 2233 1803; x_wconf 68' lang='lat' dir='ltr'><strong>suae:</strong></span> 
     </span>
    </p>
   </div>
   <div class='ocr_carea' id='block_1_21' title="bbox 2423 718 3613 795">
    <p class='ocr_par' dir='ltr' id='par_1_21' title="bbox 2423 718 3613 795">
     <span class='ocr_line' id='line_1_21' title="bbox 2423 718 3613 795; baseline 0.008 -24"><span class='ocrx_word' id='word_1_140' title='bbox 2423 718 2535 790; x_wconf 75' lang='grc' dir='ltr'><strong>Τὴν</strong></span> <span class='ocrx_word' id='word_1_141' title='bbox 2562 720 2696 776; x_wconf 82' lang='grc' dir='ltr'>αίδὼ</span> <span class='ocrx_word' id='word_1_142' title='bbox 2726 720 2860 793; x_wconf 76' lang='grc' dir='ltr'>φασὶ</span> <span class='ocrx_word' id='word_1_143' title='bbox 2900 720 2976 794; x_wconf 73' lang='grc' dir='ltr'>μὴ</span> <span class='ocrx_word' id='word_1_144' title='bbox 3006 722 3371 795; x_wconf 74' lang='grc' dir='ltr'>λυσιτελῆσαιί</span> <span class='ocrx_word' id='word_1_145' title='bbox 3398 724 3613 791; x_wconf 75' lang='grc' dir='ltr'>πολλοῖς.</span> 
     </span>
    </p>
   </div>
   <div class='ocr_carea' id='block_1_22' title="bbox 2350 931 3813 1007">
    <p class='ocr_par' dir='ltr' id='par_1_22' title="bbox 2350 931 3813 1007">
     <span class='ocr_line' id='line_1_22' title="bbox 2350 931 3813 1007; baseline 0.014 -23"><span class='ocrx_word' id='word_1_146' title='bbox 2350 931 2532 1007; x_wconf 73' lang='grc' dir='ltr'><strong>ΤΙΤΛ.</strong></span> <span class='ocrx_word' id='word_1_147' title='bbox 2565 935 2701 1007; x_wconf 71' lang='lat' dir='ltr'><strong>MB’.</strong></span> <span class='ocrx_word' id='word_1_148' title='bbox 2734 967 2806 978; x_wconf 96' lang='lat'><strong><em>—</em></strong></span> <span class='ocrx_word' id='word_1_149' title='bbox 2847 937 2987 1007; x_wconf 74' lang='grc' dir='ltr'>Περὶ</span> <span class='ocrx_word' id='word_1_150' title='bbox 3022 937 3247 993; x_wconf 79' lang='grc' dir='ltr'>ἀδίκων</span> <span class='ocrx_word' id='word_1_151' title='bbox 3300 940 3615 1007; x_wconf 71' lang='grc' dir='ltr'>αἰτήσεων·</span> <span class='ocrx_word' id='word_1_152' title='bbox 3653 948 3728 1002; x_wconf 83' lang='grc' dir='ltr'><strong>και</strong></span> <span class='ocrx_word' id='word_1_153' title='bbox 3759 952 3813 1006; x_wconf 76' lang='grc' dir='ltr'>ὅτι</span> 
     </span>
    </p>
   </div>
   <div class='ocr_carea' id='block_1_23' title="bbox 2419 955 3814 1091">
    <p class='ocr_par' dir='ltr' id='par_1_23' title="bbox 2419 955 3814 1091">
     <span class='ocr_line' id='line_1_23' title="bbox 2432 955 3813 1007; baseline 0.014 -22"><span class='ocrx_word' id='word_1_154' title='bbox 2432 955 2532 990; x_wconf 74' lang='grc' dir='ltr'>ιιι.</span> <span class='ocrx_word' id='word_1_155' title='bbox 2568 955 2701 991; x_wconf 74' lang='lat' dir='ltr'><strong>mn&#39;.</strong></span> <span class='ocrx_word' id='word_1_156' title='bbox 2734 967 2806 978; x_wconf 94' lang='lat'><strong><em>—</em></strong></span> <span class='ocrx_word' id='word_1_157' title='bbox 2847 955 2929 991; x_wconf 87' lang='grc' dir='ltr'><strong>ιιε</strong></span> <span class='ocrx_word' id='word_1_158' title='bbox 2967 955 2987 990; x_wconf 86' lang='grc' dir='ltr'><strong>ι</strong></span> <span class='ocrx_word' id='word_1_159' title='bbox 3022 955 3247 993; x_wconf 72' lang='lat' dir='ltr'><strong>damur</strong></span> <span class='ocrx_word' id='word_1_160' title='bbox 3300 955 3615 1007; x_wconf 79' lang='grc' dir='ltr'>αιτησεων·</span> <span class='ocrx_word' id='word_1_161' title='bbox 3653 955 3728 1002; x_wconf 83' lang='grc' dir='ltr'><strong>και</strong></span> <span class='ocrx_word' id='word_1_162' title='bbox 3759 955 3813 1006; x_wconf 76' lang='grc' dir='ltr'>ὅτι</span> 
     </span>
     <span class='ocr_line' id='line_1_24' title="bbox 2419 955 3814 1091; baseline 0.014 -36"><span class='ocrx_word' id='word_1_163' title='bbox 2419 1006 2525 1091; x_wconf 47' lang='lat' dir='ltr'><strong>ulc</strong></span> <span class='ocrx_word' id='word_1_164' title='bbox 2545 1004 2793 1091; x_wconf 70' lang='grc' dir='ltr'>ἁδζκους</span> <span class='ocrx_word' id='word_1_165' title='bbox 2807 955 3106 1091; x_wconf 47' lang='grc' dir='ltr'>αρττξσεις..</span> <span class='ocrx_word' id='word_1_166' title='bbox 3122 1010 3193 1063; x_wconf 87' lang='grc' dir='ltr'>οὐ</span> <span class='ocrx_word' id='word_1_167' title='bbox 3214 1008 3329 1091; x_wconf 49' lang='lat' dir='ltr'><strong>vi)</strong></span> <span class='ocrx_word' id='word_1_168' title='bbox 3350 1012 3495 1078; x_wconf 80' lang='grc' dir='ltr'>πρὸς</span> <span class='ocrx_word' id='word_1_169' title='bbox 3518 1013 3675 1091; x_wconf 76' lang='grc' dir='ltr'>πέρας</span> <span class='ocrx_word' id='word_1_170' title='bbox 3690 1020 3814 1091; x_wconf 74' lang='grc' dir='ltr'>ἄγειν,</span> 
     </span>
    </p>
   </div>
   <div class='ocr_carea' id='block_1_24' title="bbox 2420 1074 3750 1156">
    <p class='ocr_par' dir='ltr' id='par_1_24' title="bbox 2420 1074 3750 1156">
     <span class='ocr_line' id='line_1_25' title="bbox 2420 1074 3750 1156; baseline 0.011 -29"><span class='ocrx_word' id='word_1_171' title='bbox 2420 1074 2537 1128; x_wconf 84' lang='grc' dir='ltr'><strong>κᾶν</strong></span> <span class='ocrx_word' id='word_1_172' title='bbox 2559 1076 2760 1146; x_wconf 81' lang='grc' dir='ltr'><strong>μήτηρ</strong></span> <span class='ocrx_word' id='word_1_173' title='bbox 2787 1078 2942 1147; x_wconf 81' lang='grc' dir='ltr'><strong>τύχῃ</strong></span> <span class='ocrx_word' id='word_1_174' title='bbox 2961 1079 3015 1145; x_wconf 84' lang='grc' dir='ltr'><strong>,ἠ</strong></span> <span class='ocrx_word' id='word_1_175' title='bbox 3049 1074 3163 1147; x_wconf 79' lang='grc' dir='ltr'><strong>τὴν</strong></span> <span class='ocrx_word' id='word_1_176' title='bbox 3187 1074 3429 1148; x_wconf 59' lang='grc' dir='ltr'>ἀῖτήσιὶ·</span> <span class='ocrx_word' id='word_1_177' title='bbox 3458 1074 3750 1156; x_wconf 63' lang='grc' dir='ltr'>ποωῦμὲνη.</span> 
     </span>
    </p>
   </div>
   <div class='ocr_carea' id='block_1_25' title="bbox 2426 1189 3815 1263">
    <p class='ocr_par' dir='ltr' id='par_1_25' title="bbox 2426 1189 3815 1263">
     <span class='ocr_line' id='line_1_26' title="bbox 2426 1189 3815 1263; baseline 0.008 -21"><span class='ocrx_word' id='word_1_178' title='bbox 2426 1210 2444 1242; x_wconf 84' lang='grc'><strong><em>‹</em></strong></span> <span class='ocrx_word' id='word_1_179' title='bbox 2501 1189 2691 1261; x_wconf 82' lang='grc' dir='ltr'>Ἐτέθη</span> <span class='ocrx_word' id='word_1_180' title='bbox 2736 1189 2925 1261; x_wconf 84' lang='grc' dir='ltr'><strong>θρόνος</strong></span> <span class='ocrx_word' id='word_1_181' title='bbox 2956 1192 3022 1262; x_wconf 75' lang='grc' dir='ltr'><strong>τῇ</strong></span> <span class='ocrx_word' id='word_1_182' title='bbox 3053 1192 3220 1263; x_wconf 81' lang='grc' dir='ltr'>μητρὶ</span> <span class='ocrx_word' id='word_1_183' title='bbox 3268 1190 3364 1246; x_wconf 80' lang='grc' dir='ltr'><strong>τοῦ</strong></span> <span class='ocrx_word' id='word_1_184' title='bbox 3396 1191 3651 1262; x_wconf 82' lang='grc' dir='ltr'>βασιλέως,</span> <span class='ocrx_word' id='word_1_185' title='bbox 3691 1200 3815 1254; x_wconf 61' lang='lat' dir='ltr'><strong>xuii:</strong></span> 
     </span>
    </p>
   </div>
   <div class='ocr_carea' id='block_1_26' title="bbox 2344 1279 3814 1359">
    <p class='ocr_par' dir='ltr' id='par_1_26' title="bbox 2344 1279 3814 1359">
     <span class='ocr_line' id='line_1_27' title="bbox 2344 1279 3814 1359; baseline -0.024 -20"><span class='ocrx_word' id='word_1_186' title='bbox 2344 1282 2533 1351; x_wconf 82' lang='grc' dir='ltr'>δεξιῶν</span> <span class='ocrx_word' id='word_1_187' title='bbox 2562 1280 2728 1336; x_wconf 80' lang='grc' dir='ltr'>αὑτοῦ</span> <span class='ocrx_word' id='word_1_188' title='bbox 2761 1281 3005 1347; x_wconf 76' lang='grc' dir='ltr'>ἐκάθισε,</span> <span class='ocrx_word' id='word_1_189' title='bbox 3040 1284 3133 1337; x_wconf 75' lang='grc' dir='ltr'>καὶ</span> <span class='ocrx_word' id='word_1_190' title='bbox 3153 1279 3307 1337; x_wconf 77' lang='grc' dir='ltr'>εἶπεν</span> <span class='ocrx_word' id='word_1_191' title='bbox 3331 1284 3507 1355; x_wconf 76' lang='grc' dir='ltr'>αὐτῷ.</span> <span class='ocrx_word' id='word_1_192' title='bbox 3539 1288 3722 1358; x_wconf 49' lang='lat' dir='ltr'><strong>Amm</strong></span> <span class='ocrx_word' id='word_1_193' title='bbox 3735 1292 3814 1359; x_wconf 45' lang='grc' dir='ltr'><strong>μὴν</strong></span> 
     </span>
    </p>
   </div>
   <div class='ocr_carea' id='block_1_27' title="bbox 2349 1372 3813 1455">
    <p class='ocr_par' dir='ltr' id='par_1_27' title="bbox 2349 1372 3813 1455">
     <span class='ocr_line' id='line_1_28' title="bbox 2349 1372 3813 1455; baseline 0.007 -28"><span class='ocrx_word' id='word_1_194' title='bbox 2349 1374 2551 1447; x_wconf 72' lang='grc' dir='ltr'>μικρὰν</span> <span class='ocrx_word' id='word_1_195' title='bbox 2581 1373 2693 1444; x_wconf 77' lang='grc' dir='ltr'><strong>ἐγὼ</strong></span> <span class='ocrx_word' id='word_1_196' title='bbox 2720 1372 2973 1446; x_wconf 76' lang='grc' dir='ltr'>αἰτοῦμαι</span> <span class='ocrx_word' id='word_1_197' title='bbox 3006 1374 3154 1448; x_wconf 78' lang='grc' dir='ltr'>παρὰ</span> <span class='ocrx_word' id='word_1_198' title='bbox 3188 1376 3311 1430; x_wconf 78' lang='grc' dir='ltr'>σοῦ·</span> <span class='ocrx_word' id='word_1_199' title='bbox 3365 1376 3441 1448; x_wconf 85' lang='grc' dir='ltr'>μὴ</span> <span class='ocrx_word' id='word_1_200' title='bbox 3480 1379 3813 1455; x_wconf 60' lang='grc' dir='ltr'>ἀποστρέψῃςτδ</span> 
     </span>
    </p>
   </div>
   <div class='ocr_carea' id='block_1_28' title="bbox 2346 1464 3812 1539">
    <p class='ocr_par' dir='ltr' id='par_1_28' title="bbox 2346 1464 3812 1539">
     <span class='ocr_line' id='line_1_29' title="bbox 2346 1464 3812 1539; baseline 0.003 -19"><span class='ocrx_word' id='word_1_201' title='bbox 2346 1466 2636 1537; x_wconf 81' lang='grc' dir='ltr'>πρόσωπόν</span> <span class='ocrx_word' id='word_1_202' title='bbox 2667 1483 2789 1537; x_wconf 89' lang='grc' dir='ltr'>μου.</span> <span class='ocrx_word' id='word_1_203' title='bbox 2821 1466 2930 1521; x_wconf 85' lang='lat' dir='ltr'><strong>Kal</strong></span> <span class='ocrx_word' id='word_1_204' title='bbox 2957 1464 3109 1521; x_wconf 76' lang='grc' dir='ltr'>εἶπεν</span> <span class='ocrx_word' id='word_1_205' title='bbox 3132 1467 3269 1538; x_wconf 82' lang='grc' dir='ltr'>αὐτῇ</span> <span class='ocrx_word' id='word_1_206' title='bbox 3291 1470 3319 1522; x_wconf 90' lang='lat'><strong>6</strong></span> <span class='ocrx_word' id='word_1_207' title='bbox 3350 1466 3616 1539; x_wconf 73' lang='grc' dir='ltr'>βασιλεύςο</span> <span class='ocrx_word' id='word_1_208' title='bbox 3640 1471 3812 1539; x_wconf 47' lang='lat' dir='ltr'><strong>Mirm,</strong></span> 
     </span>
    </p>
   </div>
   <div class='ocr_carea' id='block_1_29' title="bbox 2346 1559 3815 1636">
    <p class='ocr_par' dir='ltr' id='par_1_29' title="bbox 2346 1559 3815 1636">
     <span class='ocr_line' id='line_1_30' title="bbox 2346 1559 3815 1636; baseline 0.004 -23"><span class='ocrx_word' id='word_1_209' title='bbox 2346 1560 2532 1632; x_wconf 84' lang='grc' dir='ltr'><strong>μήτηρ</strong></span> <span class='ocrx_word' id='word_1_210' title='bbox 2562 1559 2692 1632; x_wconf 79' lang='grc' dir='ltr'>ἐμὴ,</span> <span class='ocrx_word' id='word_1_211' title='bbox 2724 1561 2807 1614; x_wconf 83' lang='grc' dir='ltr'>ὅτι</span> <span class='ocrx_word' id='word_1_212' title='bbox 2832 1559 2934 1614; x_wconf 85' lang='grc' dir='ltr'>οὐκ</span> <span class='ocrx_word' id='word_1_213' title='bbox 2961 1561 3290 1632; x_wconf 75' lang='grc' dir='ltr'>ἀποστρέψω</span> <span class='ocrx_word' id='word_1_214' title='bbox 3318 1578 3400 1615; x_wconf 88' lang='grc' dir='ltr'><strong>σε.</strong></span> <span class='ocrx_word' id='word_1_215' title='bbox 3423 1562 3623 1634; x_wconf 76' lang='grc' dir='ltr'>Δοθήτω</span> <span class='ocrx_word' id='word_1_216' title='bbox 3647 1564 3697 1636; x_wconf 79' lang='grc' dir='ltr'>δὴ</span> <span class='ocrx_word' id='word_1_217' title='bbox 3722 1566 3815 1619; x_wconf 70' lang='grc' dir='ltr'>’Δίι-</span> 
     </span>
    </p>
   </div>
   <div class='ocr_carea' id='block_1_30' title="bbox 2345 1649 3813 1726">
    <p class='ocr_par' dir='ltr' id='par_1_30' title="bbox 2345 1649 3813 1726">
     <span class='ocr_line' id='line_1_31' title="bbox 2345 1649 3813 1726; baseline 0.004 -23"><span class='ocrx_word' id='word_1_218' title='bbox 2345 1650 2451 1703; x_wconf 78' lang='grc' dir='ltr'>σὰκ</span> <span class='ocrx_word' id='word_1_219' title='bbox 2501 1652 2535 1721; x_wconf 80' lang='grc' dir='ltr'>ὴ</span> <span class='ocrx_word' id='word_1_220' title='bbox 2584 1651 2906 1720; x_wconf 84' lang='grc' dir='ltr'>Σουναμῐτις</span> <span class='ocrx_word' id='word_1_221' title='bbox 2970 1650 3156 1723; x_wconf 71' lang='grc' dir='ltr'>Ὀρνία</span> <span class='ocrx_word' id='word_1_222' title='bbox 3194 1649 3301 1723; x_wconf 83' lang='lat' dir='ltr'><strong>[AL</strong></span> <span class='ocrx_word' id='word_1_223' title='bbox 3365 1651 3565 1723; x_wconf 75' lang='grc' dir='ltr'>Ἀδονίᾳ</span> <span class='ocrx_word' id='word_1_224' title='bbox 3602 1662 3737 1713; x_wconf 75' lang='lat' dir='ltr'><strong>mm</strong></span> <span class='ocrx_word' id='word_1_225' title='bbox 3755 1673 3813 1726; x_wconf 81' lang='lat' dir='ltr'><strong>pro</strong></span> 
     </span>
    </p>
   </div>
   <div class='ocr_carea' id='block_1_31' title="bbox 2342 1740 3815 1819">
    <p class='ocr_par' dir='ltr' id='par_1_31' title="bbox 2342 1740 3815 1819">
     <span class='ocr_line' id='line_1_32' title="bbox 2342 1740 3815 1819; baseline 0 -18"><span class='ocrx_word' id='word_1_226' title='bbox 2342 1740 2528 1814; x_wconf 66' lang='lat' dir='ltr'><strong>.‘I’J‘ml</strong></span> <span class='ocrx_word' id='word_1_227' title='bbox 2561 1742 2639 1813; x_wconf 83' lang='grc' dir='ltr'><strong>τῷ</strong></span> <span class='ocrx_word' id='word_1_228' title='bbox 2690 1742 2905 1815; x_wconf 80' lang='grc' dir='ltr'>ἀδελφῷ</span> <span class='ocrx_word' id='word_1_229' title='bbox 2952 1759 3049 1796; x_wconf 89' lang='grc' dir='ltr'><strong>σου</strong></span> <span class='ocrx_word' id='word_1_230' title='bbox 3078 1744 3158 1807; x_wconf 83' lang='grc' dir='ltr'><strong>εἰς</strong></span> <span class='ocrx_word' id='word_1_231' title='bbox 3196 1746 3455 1812; x_wconf 80' lang='grc' dir='ltr'>γυναῖκα.</span> <span class='ocrx_word' id='word_1_232' title='bbox 3487 1743 3590 1797; x_wconf 87' lang='lat' dir='ltr'><strong>Kal</strong></span> <span class='ocrx_word' id='word_1_233' title='bbox 3622 1747 3815 1819; x_wconf 73' lang='grc' dir='ltr'>ἀπεκρίθη</span> 
     </span>
    </p>
   </div>
   <div class='ocr_carea' id='block_1_32' title="bbox 667 1811 2256 1907">
    <p class='ocr_par' dir='ltr' id='par_1_32' title="bbox 667 1830 2239 1902">
     <span class='ocr_line' id='line_1_33' title="bbox 667 1830 2239 1902; baseline 0.008 -19"><span class='ocrx_word' id='word_1_234' title='bbox 667 1830 843 1885; x_wconf 84' lang='lat' dir='ltr'><strong>Eccur</strong></span> <span class='ocrx_word' id='word_1_235' title='bbox 873 1834 1119 1902; x_wconf 86' lang='lat' dir='ltr'><strong>postulas</strong></span> <span class='ocrx_word' id='word_1_236' title='bbox 1143 1832 1345 1889; x_wconf 83' lang='lat' dir='ltr'><strong>Abisac</strong></span> <span class='ocrx_word' id='word_1_237' title='bbox 1371 1830 1557 1889; x_wconf 67' lang='lat' dir='ltr'><strong>Orniaa</strong></span> <span class='ocrx_word' id='word_1_238' title='bbox 1584 1835 1636 1890; x_wconf 90' lang='lat' dir='ltr'><strong>in</strong></span> <span class='ocrx_word' id='word_1_239' title='bbox 1665 1837 1991 1893; x_wconf 79' lang='lat' dir='ltr'><strong>mulierem?</strong></span> <span class='ocrx_word' id='word_1_240' title='bbox 2015 1837 2239 1895; x_wconf 90' lang='lat' dir='ltr'><strong>Postnla</strong></span> 
     </span>
    </p>
   </div>
   <div class='ocr_carea' id='block_1_33' title="bbox 2224 1811 3813 1907">
    <p class='ocr_par' dir='ltr' id='par_1_33' title="bbox 2224 1811 3813 1907">
     <span class='ocr_line' id='line_1_34' title="bbox 2224 1811 3813 1907; baseline 0.002 -19"><span class='ocrx_word' id='word_1_241' title='bbox 2224 1857 2239 1895; x_wconf 82' lang='grc' dir='ltr'><strong>ι</strong></span> <span class='ocrx_word' id='word_1_242' title='bbox 2270 1811 2313 1867; x_wconf 78' lang='grc' dir='ltr'>Β</span> <span class='ocrx_word' id='word_1_243' title='bbox 2342 1811 2593 1907; x_wconf 76' lang='grc' dir='ltr'>Σολομῶν</span> <span class='ocrx_word' id='word_1_244' title='bbox 2612 1811 2651 1890; x_wconf 32' lang='grc' dir='ltr'><strong>-ὁ</strong></span> <span class='ocrx_word' id='word_1_245' title='bbox 2684 1811 2962 1906; x_wconf 66' lang='grc' dir='ltr'>βασιλεδς,</span> <span class='ocrx_word' id='word_1_246' title='bbox 2994 1834 3089 1889; x_wconf 83' lang='grc' dir='ltr'>καὶ</span> <span class='ocrx_word' id='word_1_247' title='bbox 3120 1811 3241 1888; x_wconf 81' lang='grc' dir='ltr'>εἷπε</span> <span class='ocrx_word' id='word_1_248' title='bbox 3265 1837 3334 1906; x_wconf 81' lang='grc' dir='ltr'>τῇ</span> <span class='ocrx_word' id='word_1_249' title='bbox 3364 1837 3529 1907; x_wconf 80' lang='grc' dir='ltr'>μητρὶ</span> <span class='ocrx_word' id='word_1_250' title='bbox 3557 1838 3719 1890; x_wconf 72' lang='grc' dir='ltr'>αὐτοῦ·</span> <span class='ocrx_word' id='word_1_251' title='bbox 3739 1811 3813 1891; x_wconf 55' lang='lat' dir='ltr'><strong>liti</strong></span> 
     </span>
    </p>
   </div>
   <div class='ocr_carea' id='block_1_34' title="bbox 665 1925 2236 2002">
    <p class='ocr_par' dir='ltr' id='par_1_34' title="bbox 665 1925 2236 2002">
     <span class='ocr_line' id='line_1_35' title="bbox 665 1925 2236 2002; baseline 0.005 -22"><span class='ocrx_word' id='word_1_252' title='bbox 665 1926 714 1980; x_wconf 84' lang='lat' dir='ltr'><strong>ei</strong></span> <span class='ocrx_word' id='word_1_253' title='bbox 743 1934 796 1980; x_wconf 83' lang='lat' dir='ltr'><strong>et</strong></span> <span class='ocrx_word' id='word_1_254' title='bbox 819 1942 1068 1995; x_wconf 84' lang='lat' dir='ltr'><strong>regnum.</strong></span> <span class='ocrx_word' id='word_1_255' title='bbox 1096 1925 1216 1996; x_wconf 87' lang='lat' dir='ltr'><strong>Ipse</strong></span> <span class='ocrx_word' id='word_1_256' title='bbox 1253 1927 1399 1981; x_wconf 89' lang='lat' dir='ltr'><strong>enim</strong></span> <span class='ocrx_word' id='word_1_257' title='bbox 1428 1938 1514 1983; x_wconf 90' lang='lat' dir='ltr'><strong>est</strong></span> <span class='ocrx_word' id='word_1_258' title='bbox 1540 1928 1709 1984; x_wconf 81' lang='lat' dir='ltr'><strong>frater</strong></span> <span class='ocrx_word' id='word_1_259' title='bbox 1743 1945 1893 1985; x_wconf 90' lang='lat' dir='ltr'><strong>mens</strong></span> <span class='ocrx_word' id='word_1_260' title='bbox 1927 1932 2102 2002; x_wconf 85' lang='lat' dir='ltr'><strong>major</strong></span> <span class='ocrx_word' id='word_1_261' title='bbox 2129 1950 2236 2000; x_wconf 91' lang='lat' dir='ltr'><strong>me,</strong></span> 
     </span>
    </p>
   </div>
   <div class='ocr_carea' id='block_1_35' title="bbox 663 2017 2240 2090">
    <p class='ocr_par' dir='ltr' id='par_1_35' title="bbox 663 2017 2240 2090">
     <span class='ocr_line' id='line_1_36' title="bbox 663 2017 2240 2090; baseline 0.006 -18"><span class='ocrx_word' id='word_1_262' title='bbox 663 2020 795 2073; x_wconf 89' lang='lat' dir='ltr'><strong>etei</strong></span> <span class='ocrx_word' id='word_1_263' title='bbox 821 2017 1088 2073; x_wconf 81' lang='lat' dir='ltr'><strong>Abiathar</strong></span> <span class='ocrx_word' id='word_1_264' title='bbox 1122 2019 1407 2081; x_wconf 86' lang='lat' dir='ltr'><strong>sacerdos,</strong></span> <span class='ocrx_word' id='word_1_265' title='bbox 1434 2028 1491 2074; x_wconf 91' lang='lat' dir='ltr'><strong>et</strong></span> <span class='ocrx_word' id='word_1_266' title='bbox 1523 2020 1626 2090; x_wconf 86' lang='lat' dir='ltr'><strong>ipsi</strong></span> <span class='ocrx_word' id='word_1_267' title='bbox 1668 2018 1807 2076; x_wconf 83' lang='lat' dir='ltr'><strong>Joab</strong></span> <span class='ocrx_word' id='word_1_268' title='bbox 1844 2024 1991 2078; x_wconf 86' lang='lat' dir='ltr'><strong>filius</strong></span> <span class='ocrx_word' id='word_1_269' title='bbox 2026 2024 2240 2081; x_wconf 69' lang='lat' dir='ltr'><strong>Sarvize</strong></span> 
     </span>
    </p>
   </div>
   <div class='ocr_carea' id='block_1_36' title="bbox 666 2110 2237 2180">
    <p class='ocr_par' dir='ltr' id='par_1_36' title="bbox 666 2110 2237 2180">
     <span class='ocr_line' id='line_1_37' title="bbox 666 2110 2237 2180; baseline 0.004 -16"><span class='ocrx_word' id='word_1_270' title='bbox 666 2112 772 2164; x_wconf 88' lang='lat' dir='ltr'><strong>dux</strong></span> <span class='ocrx_word' id='word_1_271' title='bbox 800 2110 1082 2165; x_wconf 87' lang='lat' dir='ltr'><strong>exercitus</strong></span> <span class='ocrx_word' id='word_1_272' title='bbox 1116 2111 1280 2165; x_wconf 88' lang='lat' dir='ltr'><strong>amici</strong></span> <span class='ocrx_word' id='word_1_273' title='bbox 1313 2118 1463 2165; x_wconf 89' lang='lat' dir='ltr'><strong>sunt.</strong></span> <span class='ocrx_word' id='word_1_274' title='bbox 1500 2110 1566 2164; x_wconf 81' lang='lat' dir='ltr'><strong>Et</strong></span> <span class='ocrx_word' id='word_1_275' title='bbox 1596 2111 1808 2180; x_wconf 87' lang='lat' dir='ltr'><strong>juravit</strong></span> <span class='ocrx_word' id='word_1_276' title='bbox 1851 2129 1946 2169; x_wconf 92' lang='lat' dir='ltr'><strong>rex</strong></span> <span class='ocrx_word' id='word_1_277' title='bbox 1979 2113 2237 2172; x_wconf 89' lang='lat' dir='ltr'><strong>Salomon</strong></span> 
     </span>
    </p>
   </div>
   <div class='ocr_carea' id='block_1_37' title="bbox 664 2200 2241 2275">
    <p class='ocr_par' dir='ltr' id='par_1_37' title="bbox 664 2200 2241 2275">
     <span class='ocr_line' id='line_1_38' title="bbox 664 2200 2241 2275; baseline 0.005 -20"><span class='ocrx_word' id='word_1_278' title='bbox 664 2216 763 2272; x_wconf 91' lang='lat' dir='ltr'><strong>per</strong></span> <span class='ocrx_word' id='word_1_279' title='bbox 810 2201 1101 2257; x_wconf 90' lang='lat' dir='ltr'><strong>Dominum</strong></span> <span class='ocrx_word' id='word_1_280' title='bbox 1137 2203 1369 2262; x_wconf 85' lang='lat' dir='ltr'><strong>dicens:</strong></span> <span class='ocrx_word' id='word_1_281' title='bbox 1422 2200 1551 2257; x_wconf 65' lang='lat' dir='ltr'><strong>Ilaec</strong></span> <span class='ocrx_word' id='word_1_282' title='bbox 1599 2204 1771 2260; x_wconf 78' lang='lat' dir='ltr'><strong>faciat</strong></span> <span class='ocrx_word' id='word_1_283' title='bbox 1814 2204 1952 2260; x_wconf 90' lang='lat' dir='ltr'><strong>mibi</strong></span> <span class='ocrx_word' id='word_1_284' title='bbox 1987 2205 2153 2275; x_wconf 88' lang='lat' dir='ltr'><strong>Deus,</strong></span> <span class='ocrx_word' id='word_1_285' title='bbox 2185 2218 2241 2265; x_wconf 92' lang='lat' dir='ltr'><strong>et</strong></span> 
     </span>
    </p>
   </div>
   <div class='ocr_carea' id='block_1_38' title="bbox 663 2294 2241 2366">
    <p class='ocr_par' dir='ltr' id='par_1_38' title="bbox 663 2294 2241 2366">
     <span class='ocr_line' id='line_1_39' title="bbox 663 2294 2241 2366; baseline 0.007 -19"><span class='ocrx_word' id='word_1_286' title='bbox 663 2294 782 2349; x_wconf 61' lang='lat' dir='ltr'><strong>haec</strong></span> <span class='ocrx_word' id='word_1_287' title='bbox 812 2295 1001 2359; x_wconf 87' lang='lat' dir='ltr'><strong>addat,</strong></span> <span class='ocrx_word' id='word_1_288' title='bbox 1033 2296 1162 2366; x_wconf 88' lang='lat' dir='ltr'><strong>quia</strong></span> <span class='ocrx_word' id='word_1_289' title='bbox 1192 2302 1389 2350; x_wconf 89' lang='lat' dir='ltr'><strong>contra</strong></span> <span class='ocrx_word' id='word_1_290' title='bbox 1439 2296 1680 2351; x_wconf 85' lang='lat' dir='ltr'><strong>animam</strong></span> <span class='ocrx_word' id='word_1_291' title='bbox 1717 2313 1870 2353; x_wconf 89' lang='lat' dir='ltr'><strong>suam</strong></span> <span class='ocrx_word' id='word_1_292' title='bbox 1904 2299 2123 2355; x_wconf 86' lang='lat' dir='ltr'><strong>locutus</strong></span> <span class='ocrx_word' id='word_1_293' title='bbox 2154 2313 2241 2358; x_wconf 90' lang='lat' dir='ltr'><strong>est</strong></span> 
     </span>
    </p>
   </div>
   <div class='ocr_carea' id='block_1_39' title="bbox 664 2384 2237 2465">
    <p class='ocr_par' dir='ltr' id='par_1_39' title="bbox 664 2384 2237 2465">
     <span class='ocr_line' id='line_1_40' title="bbox 664 2384 2237 2465; baseline 0.004 -23"><span class='ocrx_word' id='word_1_294' title='bbox 664 2384 862 2443; x_wconf 91' lang='lat' dir='ltr'><strong>Ornias</strong></span> <span class='ocrx_word' id='word_1_295' title='bbox 892 2388 1119 2443; x_wconf 88' lang='lat' dir='ltr'><strong>verbum</strong></span> <span class='ocrx_word' id='word_1_296' title='bbox 1164 2387 1291 2444; x_wconf 90' lang='lat' dir='ltr'><strong>boc.</strong></span> <span class='ocrx_word' id='word_1_297' title='bbox 1324 2388 1393 2443; x_wconf 88' lang='lat' dir='ltr'><strong>Et</strong></span> <span class='ocrx_word' id='word_1_298' title='bbox 1441 2405 1591 2444; x_wconf 91' lang='lat' dir='ltr'><strong>nunc</strong></span> <span class='ocrx_word' id='word_1_299' title='bbox 1634 2390 1771 2444; x_wconf 81' lang='lat' dir='ltr'><strong>vivit</strong></span> <span class='ocrx_word' id='word_1_300' title='bbox 1815 2390 2104 2459; x_wconf 85' lang='lat' dir='ltr'><strong>Dominus,</strong></span> <span class='ocrx_word' id='word_1_301' title='bbox 2142 2394 2237 2465; x_wconf 92' lang='lat' dir='ltr'><strong>qui</strong></span> 
     </span>
    </p>
   </div>
   <div class='ocr_carea' id='block_1_40' title="bbox 662 2480 2240 2558">
    <p class='ocr_par' dir='ltr' id='par_1_40' title="bbox 662 2480 2240 2558">
     <span class='ocr_line' id='line_1_41' title="bbox 662 2480 2240 2558; baseline 0.005 -25"><span class='ocrx_word' id='word_1_302' title='bbox 662 2480 1013 2551; x_wconf 67' lang='lat' dir='ltr'><strong>praeparavit,</strong></span> <span class='ocrx_word' id='word_1_303' title='bbox 1045 2488 1101 2535; x_wconf 92' lang='lat' dir='ltr'><strong>et</strong></span> <span class='ocrx_word' id='word_1_304' title='bbox 1129 2482 1315 2550; x_wconf 86' lang='lat' dir='ltr'><strong>posuit</strong></span> <span class='ocrx_word' id='word_1_305' title='bbox 1362 2497 1448 2537; x_wconf 90' lang='lat' dir='ltr'><strong>me</strong></span> <span class='ocrx_word' id='word_1_306' title='bbox 1488 2498 1655 2553; x_wconf 85' lang='lat' dir='ltr'><strong>super</strong></span> <span class='ocrx_word' id='word_1_307' title='bbox 1682 2483 1882 2539; x_wconf 89' lang='lat' dir='ltr'><strong>solium</strong></span> <span class='ocrx_word' id='word_1_308' title='bbox 1929 2484 2101 2541; x_wconf 86' lang='lat' dir='ltr'><strong>David</strong></span> <span class='ocrx_word' id='word_1_309' title='bbox 2142 2504 2240 2558; x_wconf 79' lang='lat' dir='ltr'><strong>pa-</strong></span> 
     </span>
    </p>
   </div>
   <div class='ocr_carea' id='block_1_41' title="bbox 661 2571 2238 2645">
    <p class='ocr_par' dir='ltr' id='par_1_41' title="bbox 661 2571 2238 2645">
     <span class='ocr_line' id='line_1_42' title="bbox 661 2571 2238 2645; baseline 0.004 -19"><span class='ocrx_word' id='word_1_310' title='bbox 661 2572 768 2627; x_wconf 84' lang='lat' dir='ltr'><strong>tris</strong></span> <span class='ocrx_word' id='word_1_311' title='bbox 800 2571 929 2637; x_wconf 89' lang='lat' dir='ltr'><strong>mei,</strong></span> <span class='ocrx_word' id='word_1_312' title='bbox 961 2572 1089 2642; x_wconf 85' lang='lat' dir='ltr'><strong>quia</strong></span> <span class='ocrx_word' id='word_1_313' title='bbox 1120 2572 1285 2629; x_wconf 86' lang='lat' dir='ltr'><strong>hodie</strong></span> <span class='ocrx_word' id='word_1_314' title='bbox 1319 2573 1607 2629; x_wconf 88' lang='lat' dir='ltr'><strong>occidetur</strong></span> <span class='ocrx_word' id='word_1_315' title='bbox 1636 2573 1855 2631; x_wconf 87' lang='lat' dir='ltr'><strong>Ornias.</strong></span> <span class='ocrx_word' id='word_1_316' title='bbox 1889 2576 1955 2631; x_wconf 87' lang='lat' dir='ltr'><strong>Et</strong></span> <span class='ocrx_word' id='word_1_317' title='bbox 1978 2578 2150 2645; x_wconf 90' lang='lat' dir='ltr'><strong>misit,</strong></span> <span class='ocrx_word' id='word_1_318' title='bbox 2184 2587 2238 2635; x_wconf 91' lang='lat' dir='ltr'><strong>et</strong></span> 
     </span>
    </p>
   </div>
   <div class='ocr_carea' id='block_1_42' title="bbox 660 2662 2240 2729">
    <p class='ocr_par' dir='ltr' id='par_1_42' title="bbox 660 2662 2240 2729">
     <span class='ocr_line' id='line_1_43' title="bbox 660 2662 2240 2729; baseline 0.007 -11"><span class='ocrx_word' id='word_1_319' title='bbox 660 2679 788 2718; x_wconf 79' lang='lat' dir='ltr'><strong>eam</strong></span> <span class='ocrx_word' id='word_1_320' title='bbox 848 2662 1147 2721; x_wconf 82' lang='lat' dir='ltr'><strong>interfecit.</strong></span> <span class='ocrx_word' id='word_1_321' title='bbox 1198 2663 1263 2719; x_wconf 83' lang='lat' dir='ltr'><strong>Et</strong></span> <span class='ocrx_word' id='word_1_322' title='bbox 1322 2674 1576 2724; x_wconf 89' lang='lat' dir='ltr'><strong>mortuus</strong></span> <span class='ocrx_word' id='word_1_323' title='bbox 1632 2678 1721 2724; x_wconf 90' lang='lat' dir='ltr'><strong>est</strong></span> <span class='ocrx_word' id='word_1_324' title='bbox 1782 2669 1984 2726; x_wconf 83' lang='lat' dir='ltr'><strong>Ornias</strong></span> <span class='ocrx_word' id='word_1_325' title='bbox 2029 2672 2089 2727; x_wconf 91' lang='lat' dir='ltr'><strong>in</strong></span> <span class='ocrx_word' id='word_1_326' title='bbox 2149 2672 2240 2729; x_wconf 88' lang='lat' dir='ltr'><strong>die</strong></span> 
     </span>
    </p>
   </div>
   <div class='ocr_carea' id='block_1_43' title="bbox 729 3018 2238 3085">
    <p class='ocr_par' dir='ltr' id='par_1_43' title="bbox 729 3018 2238 3085">
     <span class='ocr_line' id='line_1_44' title="bbox 729 3018 2238 3085; baseline 0.006 -12"><span class='ocrx_word' id='word_1_327' title='bbox 729 3018 929 3075; x_wconf 75' lang='lat' dir='ltr'><strong>Matth.</strong></span> <span class='ocrx_word' id='word_1_328' title='bbox 976 3036 1065 3085; x_wconf 84' lang='lat' dir='ltr'><strong>xx,</strong></span> <span class='ocrx_word' id='word_1_329' title='bbox 1098 3020 1290 3076; x_wconf 69' lang='lat'><strong>20-25.</strong></span> <span class='ocrx_word' id='word_1_330' title='bbox 1332 3050 1401 3061; x_wconf 90' lang='lat'><strong>—-</strong></span> <span class='ocrx_word' id='word_1_331' title='bbox 1454 3041 1475 3075; x_wconf 76' lang='grc' dir='ltr'><strong>ι</strong></span> <span class='ocrx_word' id='word_1_332' title='bbox 1507 3023 1664 3078; x_wconf 88' lang='lat' dir='ltr'><strong>Tunc</strong></span> <span class='ocrx_word' id='word_1_333' title='bbox 1716 3025 1954 3080; x_wconf 88' lang='lat' dir='ltr'><strong>accessit</strong></span> <span class='ocrx_word' id='word_1_334' title='bbox 1992 3025 2059 3081; x_wconf 89' lang='lat' dir='ltr'><strong>ad</strong></span> <span class='ocrx_word' id='word_1_335' title='bbox 2116 3041 2238 3082; x_wconf 90' lang='lat' dir='ltr'><strong>eum</strong></span> 
     </span>
    </p>
   </div>
   <div class='ocr_carea' id='block_1_44' title="bbox 658 3110 2301 3211">
    <p class='ocr_par' dir='ltr' id='par_1_44' title="bbox 658 3110 2301 3211">
     <span class='ocr_line' id='line_1_45' title="bbox 658 3110 2301 3211; baseline 0.004 -45"><span class='ocrx_word' id='word_1_336' title='bbox 658 3120 836 3166; x_wconf 84' lang='lat' dir='ltr'><strong>mater</strong></span> <span class='ocrx_word' id='word_1_337' title='bbox 874 3110 1109 3166; x_wconf 84' lang='lat' dir='ltr'><strong>filiorum</strong></span> <span class='ocrx_word' id='word_1_338' title='bbox 1136 3110 1383 3167; x_wconf 72' lang='lat' dir='ltr'><strong>Zebedzei</strong></span> <span class='ocrx_word' id='word_1_339' title='bbox 1415 3128 1539 3171; x_wconf 89' lang='lat' dir='ltr'><strong>cmn</strong></span> <span class='ocrx_word' id='word_1_340' title='bbox 1581 3114 1710 3169; x_wconf 84' lang='lat' dir='ltr'><strong>filiis</strong></span> <span class='ocrx_word' id='word_1_341' title='bbox 1742 3115 1883 3179; x_wconf 88' lang='lat' dir='ltr'><strong>suis,</strong></span> <span class='ocrx_word' id='word_1_342' title='bbox 1912 3117 2153 3174; x_wconf 89' lang='lat' dir='ltr'><strong>adorans</strong></span> <span class='ocrx_word' id='word_1_343' title='bbox 2178 3127 2234 3175; x_wconf 92' lang='lat' dir='ltr'><strong>et</strong></span> <span class='ocrx_word' id='word_1_344' title='bbox 2259 3151 2301 3211; x_wconf 64' lang='grc' dir='ltr'>ο</span> 
     </span>
    </p>
   </div>
   <div class='ocr_carea' id='block_1_45' title="bbox 661 3202 2232 3274">
    <p class='ocr_par' dir='ltr' id='par_1_45' title="bbox 661 3202 2232 3274">
     <span class='ocr_line' id='line_1_46' title="bbox 661 3202 2232 3274; baseline 0.006 -18"><span class='ocrx_word' id='word_1_345' title='bbox 661 3213 855 3274; x_wconf 89' lang='lat' dir='ltr'><strong>petens</strong></span> <span class='ocrx_word' id='word_1_346' title='bbox 890 3202 1103 3273; x_wconf 90' lang='lat' dir='ltr'><strong>aliquid</strong></span> <span class='ocrx_word' id='word_1_347' title='bbox 1131 3204 1200 3258; x_wconf 90' lang='lat' dir='ltr'><strong>ab</strong></span> <span class='ocrx_word' id='word_1_348' title='bbox 1248 3220 1333 3273; x_wconf 85' lang='lat' dir='ltr'><strong>eo,</strong></span> <span class='ocrx_word' id='word_1_349' title='bbox 1373 3204 1478 3271; x_wconf 84' lang='lat' dir='ltr'><strong>Qui</strong></span> <span class='ocrx_word' id='word_1_350' title='bbox 1510 3205 1650 3261; x_wconf 88' lang='lat' dir='ltr'><strong>dixit</strong></span> <span class='ocrx_word' id='word_1_351' title='bbox 1673 3207 1758 3262; x_wconf 92' lang='lat' dir='ltr'><strong>ei:</strong></span> <span class='ocrx_word' id='word_1_352' title='bbox 1791 3207 1937 3273; x_wconf 86' lang='lat' dir='ltr'><strong>Quid</strong></span> <span class='ocrx_word' id='word_1_353' title='bbox 1980 3210 2107 3265; x_wconf 78' lang='lat' dir='ltr'><strong>vis?</strong></span> <span class='ocrx_word' id='word_1_354' title='bbox 2142 3212 2232 3266; x_wconf 84' lang='lat' dir='ltr'><strong>Ait</strong></span> 
     </span>
    </p>
   </div>
   <div class='ocr_carea' id='block_1_46' title="bbox 659 3293 2230 3365">
    <p class='ocr_par' dir='ltr' id='par_1_46' title="bbox 659 3293 2230 3365">
     <span class='ocr_line' id='line_1_47' title="bbox 659 3293 2230 3365; baseline 0.006 -16"><span class='ocrx_word' id='word_1_355' title='bbox 659 3295 741 3350; x_wconf 89' lang='lat' dir='ltr'><strong>illi</strong></span> <span class='ocrx_word' id='word_1_356' title='bbox 773 3313 788 3350; x_wconf 91' lang='lat'><strong>:</strong></span> <span class='ocrx_word' id='word_1_357' title='bbox 823 3293 896 3350; x_wconf 89' lang='lat' dir='ltr'><strong>Ut</strong></span> <span class='ocrx_word' id='word_1_358' title='bbox 921 3294 1149 3351; x_wconf 89' lang='lat' dir='ltr'><strong>sedeant</strong></span> <span class='ocrx_word' id='word_1_359' title='bbox 1180 3296 1234 3351; x_wconf 88' lang='lat' dir='ltr'><strong>bi</strong></span> <span class='ocrx_word' id='word_1_360' title='bbox 1268 3298 1377 3352; x_wconf 91' lang='lat' dir='ltr'><strong>duo</strong></span> <span class='ocrx_word' id='word_1_361' title='bbox 1415 3299 1512 3353; x_wconf 87' lang='lat' dir='ltr'><strong>filii</strong></span> <span class='ocrx_word' id='word_1_362' title='bbox 1540 3298 1668 3365; x_wconf 87' lang='lat' dir='ltr'><strong>mei,</strong></span> <span class='ocrx_word' id='word_1_363' title='bbox 1704 3317 1849 3356; x_wconf 91' lang='lat' dir='ltr'><strong>unus</strong></span> <span class='ocrx_word' id='word_1_364' title='bbox 1881 3300 1948 3355; x_wconf 88' lang='lat' dir='ltr'><strong>ad</strong></span> <span class='ocrx_word' id='word_1_365' title='bbox 1978 3302 2230 3359; x_wconf 82' lang='lat' dir='ltr'><strong>dextram</strong></span> 
     </span>
    </p>
   </div>
   <div class='ocr_carea' id='block_1_47' title="bbox 662 3389 2233 3467">
    <p class='ocr_par' dir='ltr' id='par_1_47' title="bbox 662 3389 2233 3467">
     <span class='ocr_line' id='line_1_48' title="bbox 662 3389 2233 3467; baseline 0.008 -27"><span class='ocrx_word' id='word_1_366' title='bbox 662 3396 836 3455; x_wconf 88' lang='lat' dir='ltr'><strong>tuam,</strong></span> <span class='ocrx_word' id='word_1_367' title='bbox 868 3395 924 3443; x_wconf 91' lang='lat' dir='ltr'><strong>et</strong></span> <span class='ocrx_word' id='word_1_368' title='bbox 948 3404 1091 3443; x_wconf 87' lang='lat' dir='ltr'><strong>unus</strong></span> <span class='ocrx_word' id='word_1_369' title='bbox 1115 3389 1183 3443; x_wconf 89' lang='lat' dir='ltr'><strong>ad</strong></span> <span class='ocrx_word' id='word_1_370' title='bbox 1213 3390 1501 3446; x_wconf 89' lang='lat' dir='ltr'><strong>sinistram</strong></span> <span class='ocrx_word' id='word_1_371' title='bbox 1535 3392 1588 3446; x_wconf 89' lang='lat' dir='ltr'><strong>in</strong></span> <span class='ocrx_word' id='word_1_372' title='bbox 1617 3407 1788 3464; x_wconf 84' lang='lat' dir='ltr'><strong>regno</strong></span> <span class='ocrx_word' id='word_1_373' title='bbox 1827 3405 1944 3450; x_wconf 94' lang='lat' dir='ltr'><strong>tuo.</strong></span> <span class='ocrx_word' id='word_1_374' title='bbox 1980 3394 2233 3467; x_wconf 81' lang='lat' dir='ltr'><strong>Respon-</strong></span> 
     </span>
    </p>
   </div>
   <div class='ocr_carea' id='block_1_48' title="bbox 658 3477 2233 3555">
    <p class='ocr_par' dir='ltr' id='par_1_48' title="bbox 658 3477 2233 3555">
     <span class='ocr_line' id='line_1_49' title="bbox 658 3477 2233 3555; baseline 0.007 -23"><span class='ocrx_word' id='word_1_375' title='bbox 658 3479 801 3534; x_wconf 86' lang='lat' dir='ltr'><strong>dens</strong></span> <span class='ocrx_word' id='word_1_376' title='bbox 832 3487 1015 3533; x_wconf 90' lang='lat' dir='ltr'><strong>autem</strong></span> <span class='ocrx_word' id='word_1_377' title='bbox 1056 3477 1242 3544; x_wconf 75' lang='lat' dir='ltr'><strong>Iesus,</strong></span> <span class='ocrx_word' id='word_1_378' title='bbox 1268 3480 1345 3535; x_wconf 91' lang='lat' dir='ltr'><strong>ait</strong></span> <span class='ocrx_word' id='word_1_379' title='bbox 1371 3500 1383 3535; x_wconf 91' lang='lat'><strong>:</strong></span> <span class='ocrx_word' id='word_1_380' title='bbox 1414 3479 1656 3538; x_wconf 85' lang='lat' dir='ltr'><strong>Nescitis</strong></span> <span class='ocrx_word' id='word_1_381' title='bbox 1686 3483 1821 3553; x_wconf 89' lang='lat' dir='ltr'><strong>quid</strong></span> <span class='ocrx_word' id='word_1_382' title='bbox 1870 3487 2094 3555; x_wconf 87' lang='lat' dir='ltr'><strong>petatis.</strong></span> <span class='ocrx_word' id='word_1_383' title='bbox 2128 3486 2233 3543; x_wconf 87' lang='lat' dir='ltr'><strong>Po-</strong></span> 
     </span>
    </p>
   </div>
   <div class='ocr_carea' id='block_1_49' title="bbox 658 3571 2233 3645">
    <p class='ocr_par' dir='ltr' id='par_1_49' title="bbox 658 3571 2233 3645">
     <span class='ocr_line' id='line_1_50' title="bbox 658 3571 2233 3645; baseline 0.006 -22"><span class='ocrx_word' id='word_1_384' title='bbox 658 3571 823 3625; x_wconf 85' lang='lat' dir='ltr'><strong>testis</strong></span> <span class='ocrx_word' id='word_1_385' title='bbox 849 3571 1037 3626; x_wconf 84' lang='lat' dir='ltr'><strong>bibere</strong></span> <span class='ocrx_word' id='word_1_386' title='bbox 1071 3574 1322 3637; x_wconf 85' lang='lat' dir='ltr'><strong>calicem,</strong></span> <span class='ocrx_word' id='word_1_387' title='bbox 1356 3589 1517 3642; x_wconf 87' lang='lat' dir='ltr'><strong>quem</strong></span> <span class='ocrx_word' id='word_1_388' title='bbox 1555 3590 1657 3645; x_wconf 88' lang='lat' dir='ltr'><strong>ego</strong></span> <span class='ocrx_word' id='word_1_389' title='bbox 1692 3575 1971 3632; x_wconf 90' lang='lat' dir='ltr'><strong>bibiturus</strong></span> <span class='ocrx_word' id='word_1_390' title='bbox 2000 3593 2145 3645; x_wconf 87' lang='lat' dir='ltr'><strong>sum,</strong></span> <span class='ocrx_word' id='word_1_391' title='bbox 2178 3585 2233 3634; x_wconf 87' lang='lat' dir='ltr'><strong>et</strong></span> 
     </span>
    </p>
   </div>
   <div class='ocr_carea' id='block_1_50' title="bbox 660 3660 2228 3737">
    <p class='ocr_par' dir='ltr' id='par_1_50' title="bbox 660 3660 2228 3737">
     <span class='ocr_line' id='line_1_51' title="bbox 660 3660 2228 3737; baseline 0.008 -24"><span class='ocrx_word' id='word_1_392' title='bbox 660 3660 993 3732; x_wconf 86' lang='lat' dir='ltr'><strong>baptismate</strong></span> <span class='ocrx_word' id='word_1_393' title='bbox 1030 3664 1299 3735; x_wconf 84' lang='lat' dir='ltr'><strong>baptizari</strong></span> <span class='ocrx_word' id='word_1_394' title='bbox 1334 3680 1444 3733; x_wconf 89' lang='lat' dir='ltr'><strong>quo</strong></span> <span class='ocrx_word' id='word_1_395' title='bbox 1474 3680 1576 3737; x_wconf 77' lang='lat' dir='ltr'><strong>ego</strong></span> <span class='ocrx_word' id='word_1_396' title='bbox 1601 3666 1874 3737; x_wconf 84' lang='lat' dir='ltr'><strong>baptizor.</strong></span> <span class='ocrx_word' id='word_1_397' title='bbox 1907 3666 2107 3724; x_wconf 91' lang='lat' dir='ltr'><strong>Dicunt</strong></span> <span class='ocrx_word' id='word_1_398' title='bbox 2137 3669 2185 3726; x_wconf 92' lang='lat' dir='ltr'><strong>ei</strong></span> <span class='ocrx_word' id='word_1_399' title='bbox 2213 3689 2228 3726; x_wconf 91' lang='lat'><strong>:</strong></span> 
     </span>
    </p>
   </div>
   <div class='ocr_carea' id='block_1_51' title="bbox 659 3749 2235 3825">
    <p class='ocr_par' dir='ltr' id='par_1_51' title="bbox 659 3749 2235 3825">
     <span class='ocr_line' id='line_1_52' title="bbox 659 3749 2235 3825; baseline 0.007 -21"><span class='ocrx_word' id='word_1_400' title='bbox 659 3749 988 3808; x_wconf 88' lang='lat' dir='ltr'><strong>Possumus.</strong></span> <span class='ocrx_word' id='word_1_401' title='bbox 1011 3753 1157 3809; x_wconf 85' lang='lat' dir='ltr'><strong>Dicit</strong></span> <span class='ocrx_word' id='word_1_402' title='bbox 1189 3754 1305 3810; x_wconf 86' lang='lat' dir='ltr'><strong>eis:</strong></span> <span class='ocrx_word' id='word_1_403' title='bbox 1338 3754 1580 3810; x_wconf 87' lang='lat' dir='ltr'><strong>Calicem</strong></span> <span class='ocrx_word' id='word_1_404' title='bbox 1616 3755 1841 3825; x_wconf 80' lang='lat' dir='ltr'><strong>quidem</strong></span> <span class='ocrx_word' id='word_1_405' title='bbox 1873 3772 2051 3813; x_wconf 87' lang='lat' dir='ltr'><strong>meum</strong></span> <span class='ocrx_word' id='word_1_406' title='bbox 2080 3759 2235 3815; x_wconf 88' lang='lat' dir='ltr'><strong>bibe-</strong></span> 
     </span>
    </p>
   </div>
   <div class='ocr_carea' id='block_1_52' title="bbox 660 3841 2233 3913">
    <p class='ocr_par' dir='ltr' id='par_1_52' title="bbox 660 3841 2233 3913">
     <span class='ocr_line' id='line_1_53' title="bbox 660 3841 2233 3913; baseline 0.004 -18"><span class='ocrx_word' id='word_1_407' title='bbox 660 3841 755 3908; x_wconf 89' lang='lat' dir='ltr'><strong>tis,</strong></span> <span class='ocrx_word' id='word_1_408' title='bbox 786 3851 843 3897; x_wconf 90' lang='lat' dir='ltr'><strong>et</strong></span> <span class='ocrx_word' id='word_1_409' title='bbox 867 3842 1201 3913; x_wconf 87' lang='lat' dir='ltr'><strong>baptismate</strong></span> <span class='ocrx_word' id='word_1_410' title='bbox 1232 3844 1652 3913; x_wconf 85' lang='lat' dir='ltr'><strong>baptizabimini</strong></span> <span class='ocrx_word' id='word_1_411' title='bbox 1684 3863 1699 3899; x_wconf 92' lang='lat'><strong>:</strong></span> <span class='ocrx_word' id='word_1_412' title='bbox 1732 3846 1927 3901; x_wconf 85' lang='lat' dir='ltr'><strong>sedere</strong></span> <span class='ocrx_word' id='word_1_413' title='bbox 1957 3855 2138 3902; x_wconf 87' lang='lat' dir='ltr'><strong>autem</strong></span> <span class='ocrx_word' id='word_1_414' title='bbox 2164 3847 2233 3902; x_wconf 89' lang='lat' dir='ltr'><strong>ad</strong></span> 
     </span>
    </p>
   </div>
   <div class='ocr_carea' id='block_1_53' title="bbox 659 3935 2232 4004">
    <p class='ocr_par' dir='ltr' id='par_1_53' title="bbox 659 3935 2232 4004">
     <span class='ocr_line' id='line_1_54' title="bbox 659 3935 2232 4004; baseline 0.004 -16"><span class='ocrx_word' id='word_1_415' title='bbox 659 3935 940 3989; x_wconf 81' lang='lat' dir='ltr'><strong>dexteram</strong></span> <span class='ocrx_word' id='word_1_416' title='bbox 997 3950 1178 3992; x_wconf 89' lang='lat' dir='ltr'><strong>meam</strong></span> <span class='ocrx_word' id='word_1_417' title='bbox 1212 3943 1267 3991; x_wconf 91' lang='lat' dir='ltr'><strong>et</strong></span> <span class='ocrx_word' id='word_1_418' title='bbox 1312 3936 1380 3991; x_wconf 89' lang='lat' dir='ltr'><strong>ad</strong></span> <span class='ocrx_word' id='word_1_419' title='bbox 1434 3936 1740 4004; x_wconf 85' lang='lat' dir='ltr'><strong>sinistram,</strong></span> <span class='ocrx_word' id='word_1_420' title='bbox 1779 3954 1887 3992; x_wconf 91' lang='lat' dir='ltr'><strong>non</strong></span> <span class='ocrx_word' id='word_1_421' title='bbox 1922 3949 2009 3995; x_wconf 87' lang='lat' dir='ltr'><strong>est</strong></span> <span class='ocrx_word' id='word_1_422' title='bbox 2051 3956 2232 3995; x_wconf 88' lang='lat' dir='ltr'><strong>meum</strong></span> 
     </span>
    </p>
   </div>
   <div class='ocr_carea' id='block_1_54' title="bbox 658 4027 2081 4101">
    <p class='ocr_par' dir='ltr' id='par_1_54' title="bbox 658 4027 2081 4101">
     <span class='ocr_line' id='line_1_55' title="bbox 658 4027 2081 4101; baseline 0.002 -18"><span class='ocrx_word' id='word_1_423' title='bbox 658 4028 825 4097; x_wconf 89' lang='lat' dir='ltr'><strong>dare;</strong></span> <span class='ocrx_word' id='word_1_424' title='bbox 861 4029 958 4085; x_wconf 85' lang='lat' dir='ltr'><strong>sed</strong></span> <span class='ocrx_word' id='word_1_425' title='bbox 986 4030 1192 4099; x_wconf 85' lang='lat' dir='ltr'><strong>quibus</strong></span> <span class='ocrx_word' id='word_1_426' title='bbox 1226 4036 1476 4101; x_wconf 86' lang='lat' dir='ltr'><strong>paratum</strong></span> <span class='ocrx_word' id='word_1_427' title='bbox 1503 4039 1591 4085; x_wconf 90' lang='lat' dir='ltr'><strong>est</strong></span> <span class='ocrx_word' id='word_1_428' title='bbox 1618 4044 1651 4083; x_wconf 91' lang='lat' dir='ltr'><strong>a</strong></span> <span class='ocrx_word' id='word_1_429' title='bbox 1676 4027 1843 4086; x_wconf 87' lang='lat' dir='ltr'><strong>Patre</strong></span> <span class='ocrx_word' id='word_1_430' title='bbox 1872 4047 2023 4089; x_wconf 90' lang='lat' dir='ltr'><strong>meo.</strong></span> <span class='ocrx_word' id='word_1_431' title='bbox 2061 4052 2081 4086; x_wconf 74' lang='grc' dir='ltr'><strong>ι</strong></span> 
     </span>
    </p>
   </div>
   <div class='ocr_carea' id='block_1_55' title="bbox 659 4245 2233 4325">
    <p class='ocr_par' dir='ltr' id='par_1_55' title="bbox 659 4245 2233 4325">
     <span class='ocr_line' id='line_1_56' title="bbox 659 4245 2233 4325; baseline 0.004 -24"><span class='ocrx_word' id='word_1_432' title='bbox 659 4245 797 4302; x_wconf 82' lang='grc' dir='ltr'><strong>ἸΊΤ.</strong></span> <span class='ocrx_word' id='word_1_433' title='bbox 834 4246 1018 4325; x_wconf 78' lang='lat' dir='ltr'><strong>_XLIII_._</strong></span> <span class='ocrx_word' id='word_1_434' title='bbox 1043 4278 1112 4289; x_wconf 94' lang='lat'><strong>—-</strong></span> <span class='ocrx_word' id='word_1_435' title='bbox 1136 4247 1210 4325; x_wconf 80' lang='lat' dir='ltr'><strong>De</strong></span> <span class='ocrx_word' id='word_1_436' title='bbox 1248 4246 1552 4325; x_wconf 67' lang='lat' dir='ltr'><strong>inexplebili</strong></span> <span class='ocrx_word' id='word_1_437' title='bbox 1604 4247 1896 4310; x_wconf 79' lang='lat' dir='ltr'><strong>cupiditate</strong></span> <span class='ocrx_word' id='word_1_438' title='bbox 1932 4264 1952 4325; x_wconf 70' lang='grc' dir='ltr'><strong>ς</strong></span> <span class='ocrx_word' id='word_1_439' title='bbox 1992 4259 2045 4304; x_wconf 89' lang='lat' dir='ltr'><strong>et</strong></span> <span class='ocrx_word' id='word_1_440' title='bbox 2092 4256 2233 4325; x_wconf 82' lang='lat' dir='ltr'><strong>quod</strong></span> 
     </span>
    </p>
   </div>
   <div class='ocr_carea' id='block_1_56' title="bbox 800 4316 2090 4388">
    <p class='ocr_par' dir='ltr' id='par_1_56' title="bbox 800 4316 2090 4388">
     <span class='ocr_line' id='line_1_57' title="bbox 800 4316 2090 4388; baseline 0.005 -16"><span class='ocrx_word' id='word_1_441' title='bbox 800 4320 913 4372; x_wconf 84' lang='lat' dir='ltr'><strong>sine</strong></span> <span class='ocrx_word' id='word_1_442' title='bbox 941 4319 1054 4371; x_wconf 78' lang='lat' dir='ltr'><strong>ulla</strong></span> <span class='ocrx_word' id='word_1_443' title='bbox 1079 4319 1331 4371; x_wconf 75' lang='lat' dir='ltr'><strong>satietate</strong></span> <span class='ocrx_word' id='word_1_444' title='bbox 1351 4316 1510 4384; x_wconf 84' lang='lat' dir='ltr'><strong>plura</strong></span> <span class='ocrx_word' id='word_1_445' title='bbox 1535 4332 1737 4386; x_wconf 83' lang='lat' dir='ltr'><strong>semper</strong></span> <span class='ocrx_word' id='word_1_446' title='bbox 1770 4322 2090 4388; x_wconf 81' lang='lat' dir='ltr'><strong>appetimus.</strong></span> 
     </span>
    </p>
   </div>
   <div class='ocr_carea' id='block_1_57' title="bbox 729 4426 2231 4501">
    <p class='ocr_par' dir='ltr' id='par_1_57' title="bbox 729 4426 2231 4501">
     <span class='ocr_line' id='line_1_58' title="bbox 729 4426 2231 4501; baseline 0.005 -18"><span class='ocrx_word' id='word_1_447' title='bbox 729 4429 891 4486; x_wconf 75' lang='lat' dir='ltr'><strong>Prov.</strong></span> <span class='ocrx_word' id='word_1_448' title='bbox 918 4445 1092 4494; x_wconf 81' lang='lat' dir='ltr'><strong>xxvn,</strong></span> <span class='ocrx_word' id='word_1_449' title='bbox 1122 4430 1217 4485; x_wconf 74' lang='lat'><strong>‘20.</strong></span> <span class='ocrx_word' id='word_1_450' title='bbox 1258 4461 1327 4471; x_wconf 90' lang='lat'><strong>—</strong></span> <span class='ocrx_word' id='word_1_451' title='bbox 1365 4447 1383 4480; x_wconf 74' lang='grc' dir='ltr'><strong>ι</strong></span> <span class='ocrx_word' id='word_1_452' title='bbox 1415 4426 1666 4485; x_wconf 89' lang='lat' dir='ltr'><strong>lnfernus</strong></span> <span class='ocrx_word' id='word_1_453' title='bbox 1715 4438 1771 4486; x_wconf 89' lang='lat' dir='ltr'><strong>et</strong></span> <span class='ocrx_word' id='word_1_454' title='bbox 1806 4431 2050 4501; x_wconf 89' lang='lat' dir='ltr'><strong>perditio</strong></span> <span class='ocrx_word' id='word_1_455' title='bbox 2087 4452 2231 4491; x_wconf 89' lang='lat' dir='ltr'><strong>nun-</strong></span> 
     </span>
    </p>
   </div>
   <div class='ocr_carea' id='block_1_58' title="bbox 661 4520 2227 4592">
    <p class='ocr_par' dir='ltr' id='par_1_58' title="bbox 661 4520 2227 4592">
     <span class='ocr_line' id='line_1_59' title="bbox 661 4520 2227 4592; baseline 0.008 -18"><span class='ocrx_word' id='word_1_456' title='bbox 661 4537 827 4591; x_wconf 76' lang='lat' dir='ltr'><strong>quam</strong></span> <span class='ocrx_word' id='word_1_457' title='bbox 846 4520 1176 4592; x_wconf 88' lang='lat' dir='ltr'><strong>explentur:</strong></span> <span class='ocrx_word' id='word_1_458' title='bbox 1208 4521 1291 4577; x_wconf 87' lang='lat' dir='ltr'><strong>sic</strong></span> <span class='ocrx_word' id='word_1_459' title='bbox 1317 4528 1375 4576; x_wconf 92' lang='lat' dir='ltr'><strong>et</strong></span> <span class='ocrx_word' id='word_1_460' title='bbox 1397 4520 1542 4575; x_wconf 90' lang='lat' dir='ltr'><strong>oculi</strong></span> <span class='ocrx_word' id='word_1_461' title='bbox 1569 4520 1852 4577; x_wconf 80' lang='lat' dir='ltr'><strong>hominum</strong></span> <span class='ocrx_word' id='word_1_462' title='bbox 1882 4524 2227 4586; x_wconf 88' lang='lat' dir='ltr'><strong>insatiabiles</strong></span> 
     </span>
    </p>
   </div>
   <div class='ocr_carea' id='block_1_59' title="bbox 660 4620 856 4670">
    <p class='ocr_par' dir='ltr' id='par_1_59' title="bbox 660 4620 856 4670">
     <span class='ocr_line' id='line_1_60' title="bbox 660 4620 856 4670; baseline -0.02 0"><span class='ocrx_word' id='word_1_463' title='bbox 660 4620 813 4670; x_wconf 70' lang='lat' dir='ltr'><strong>sunt.</strong></span> <span class='ocrx_word' id='word_1_464' title='bbox 837 4631 856 4666; x_wconf 75' lang='grc' dir='ltr'><strong>ι</strong></span> 
     </span>
    </p>
   </div>
   <div class='ocr_carea' id='block_1_60' title="bbox 731 4704 2226 4778">
    <p class='ocr_par' dir='ltr' id='par_1_60' title="bbox 731 4704 2226 4778">
     <span class='ocr_line' id='line_1_61' title="bbox 731 4704 2226 4778; baseline 0.005 -17"><span class='ocrx_word' id='word_1_465' title='bbox 731 4706 906 4762; x_wconf 84' lang='lat' dir='ltr'><strong>Eecle.</strong></span> <span class='ocrx_word' id='word_1_466' title='bbox 930 4723 969 4771; x_wconf 89' lang='grc' dir='ltr'><strong>ι,</strong></span> <span class='ocrx_word' id='word_1_467' title='bbox 1001 4707 1056 4763; x_wconf 91' lang='lat'><strong>8.</strong></span> <span class='ocrx_word' id='word_1_468' title='bbox 1081 4737 1152 4748; x_wconf 91' lang='lat'><strong><em>—</em></strong></span> <span class='ocrx_word' id='word_1_469' title='bbox 1184 4726 1203 4759; x_wconf 77' lang='grc' dir='ltr'><strong>ι</strong></span> <span class='ocrx_word' id='word_1_470' title='bbox 1236 4706 1356 4763; x_wconf 85' lang='lat' dir='ltr'><strong>Non</strong></span> <span class='ocrx_word' id='word_1_471' title='bbox 1388 4704 1683 4763; x_wconf 89' lang='lat' dir='ltr'><strong>satiabitur</strong></span> <span class='ocrx_word' id='word_1_472' title='bbox 1715 4709 1910 4767; x_wconf 89' lang='lat' dir='ltr'><strong>oculus</strong></span> <span class='ocrx_word' id='word_1_473' title='bbox 1942 4710 2094 4778; x_wconf 81' lang='lat' dir='ltr'><strong>visu,</strong></span> <span class='ocrx_word' id='word_1_474' title='bbox 2124 4727 2226 4770; x_wconf 90' lang='lat' dir='ltr'><strong>nec</strong></span> 
     </span>
    </p>
   </div>
   <div class='ocr_carea' id='block_1_61' title="bbox 658 4800 1481 4872">
    <p class='ocr_par' dir='ltr' id='par_1_61' title="bbox 658 4800 1481 4872">
     <span class='ocr_line' id='line_1_62' title="bbox 658 4800 1481 4872; baseline -0.001 -16"><span class='ocrx_word' id='word_1_475' title='bbox 658 4802 813 4858; x_wconf 89' lang='lat' dir='ltr'><strong>auris</strong></span> <span class='ocrx_word' id='word_1_476' title='bbox 848 4800 1166 4872; x_wconf 82' lang='lat' dir='ltr'><strong>implebitur</strong></span> <span class='ocrx_word' id='word_1_477' title='bbox 1202 4803 1419 4859; x_wconf 88' lang='lat' dir='ltr'><strong>auditu.</strong></span> <span class='ocrx_word' id='word_1_478' title='bbox 1461 4821 1481 4855; x_wconf 76' lang='grc' dir='ltr'><strong>ι</strong></span> 
     </span>
    </p>
   </div>
   <div class='ocr_carea' id='block_1_62' title="bbox 732 4892 2223 4970">
    <p class='ocr_par' dir='ltr' id='par_1_62' title="bbox 732 4892 2223 4970">
     <span class='ocr_line' id='line_1_63' title="bbox 732 4892 2223 4970; baseline 0.003 -22"><span class='ocrx_word' id='word_1_479' title='bbox 732 4892 903 4948; x_wconf 84' lang='lat' dir='ltr'><strong>Eccfi.</strong></span> <span class='ocrx_word' id='word_1_480' title='bbox 936 4909 1144 4962; x_wconf 83' lang='lat' dir='ltr'><strong>xxxvn,</strong></span> <span class='ocrx_word' id='word_1_481' title='bbox 1171 4895 1262 4951; x_wconf 84' lang='grc'><strong>51.</strong></span> <span class='ocrx_word' id='word_1_482' title='bbox 1288 4926 1357 4937; x_wconf 90' lang='grc'><strong><em>--</em></strong></span> <span class='ocrx_word' id='word_1_483' title='bbox 1411 4913 1431 4949; x_wconf 78' lang='grc' dir='ltr'><strong>ι</strong></span> <span class='ocrx_word' id='word_1_484' title='bbox 1467 4895 1703 4970; x_wconf 90' lang='lat' dir='ltr'><strong>Propter</strong></span> <span class='ocrx_word' id='word_1_485' title='bbox 1744 4895 2223 4952; x_wconf 88' lang='lat' dir='ltr'><strong>insatiabilitatem</strong></span> 
     </span>
    </p>
   </div>
   <div class='ocr_carea' id='block_1_63' title="bbox 657 4986 1211 5057">
    <p class='ocr_par' dir='ltr' id='par_1_63' title="bbox 657 4986 1211 5057">
     <span class='ocr_line' id='line_1_64' title="bbox 657 4986 1211 5057; baseline -0.013 -15"><span class='ocrx_word' id='word_1_486' title='bbox 657 4986 819 5042; x_wconf 89' lang='lat' dir='ltr'><strong>multi</strong></span> <span class='ocrx_word' id='word_1_487' title='bbox 850 4987 1156 5057; x_wconf 86' lang='lat' dir='ltr'><strong>perierunt.</strong></span> <span class='ocrx_word' id='word_1_488' title='bbox 1192 5002 1211 5035; x_wconf 72' lang='grc' dir='ltr'><strong>ι</strong></span> 
     </span>
    </p>
   </div>
   <div class='ocr_carea' id='block_1_64' title="bbox 732 5077 2225 5152">
    <p class='ocr_par' dir='ltr' id='par_1_64' title="bbox 732 5077 2225 5152">
     <span class='ocr_line' id='line_1_65' title="bbox 732 5077 2225 5152; baseline 0.001 -19"><span class='ocrx_word' id='word_1_489' title='bbox 732 5078 1001 5150; x_wconf 84' lang='lat' dir='ltr'><strong>Theologi.</strong></span> <span class='ocrx_word' id='word_1_490' title='bbox 1025 5106 1096 5119; x_wconf 79' lang='lat'><strong>-—</strong></span> <span class='ocrx_word' id='word_1_491' title='bbox 1130 5077 1475 5148; x_wconf 86' lang='lat' dir='ltr'><strong>Inexplebilis</strong></span> <span class='ocrx_word' id='word_1_492' title='bbox 1522 5080 1769 5150; x_wconf 89' lang='lat' dir='ltr'><strong>corporis</strong></span> <span class='ocrx_word' id='word_1_493' title='bbox 1812 5080 2088 5152; x_wconf 89' lang='lat' dir='ltr'><strong>cupiditas</strong></span> <span class='ocrx_word' id='word_1_494' title='bbox 2125 5080 2225 5135; x_wconf 82' lang='lat' dir='ltr'><strong>bo-</strong></span> 
     </span>
    </p>
   </div>
   <div class='ocr_carea' id='block_1_65' title="bbox 657 5170 2226 5242">
    <p class='ocr_par' dir='ltr' id='par_1_65' title="bbox 657 5170 2226 5242">
     <span class='ocr_line' id='line_1_66' title="bbox 657 5170 2226 5242; baseline 0.002 -18"><span class='ocrx_word' id='word_1_495' title='bbox 657 5172 851 5227; x_wconf 83' lang='lat' dir='ltr'><strong>mines‘</strong></span> <span class='ocrx_word' id='word_1_496' title='bbox 872 5170 1081 5241; x_wconf 87' lang='lat' dir='ltr'><strong>alioqui</strong></span> <span class='ocrx_word' id='word_1_497' title='bbox 1114 5170 1390 5239; x_wconf 88' lang='lat' dir='ltr'><strong>sapientes</strong></span> <span class='ocrx_word' id='word_1_498' title='bbox 1419 5184 1610 5225; x_wconf 88' lang='lat' dir='ltr'><strong>errore</strong></span> <span class='ocrx_word' id='word_1_499' title='bbox 1640 5171 1841 5227; x_wconf 88' lang='lat' dir='ltr'><strong>mentis</strong></span> <span class='ocrx_word' id='word_1_500' title='bbox 1872 5172 2096 5228; x_wconf 88' lang='lat' dir='ltr'><strong>inficere</strong></span> <span class='ocrx_word' id='word_1_501' title='bbox 2125 5187 2226 5242; x_wconf 86' lang='lat' dir='ltr'><strong>po-</strong></span> 
     </span>
    </p>
   </div>
   <div class='ocr_carea' id='block_1_66' title="bbox 658 5260 2221 5329">
    <p class='ocr_par' dir='ltr' id='par_1_66' title="bbox 658 5260 2221 5329">
     <span class='ocr_line' id='line_1_67' title="bbox 658 5260 2221 5329; baseline 0.001 -14"><span class='ocrx_word' id='word_1_502' title='bbox 658 5272 789 5323; x_wconf 84' lang='lat' dir='ltr'><strong>test.</strong></span> <span class='ocrx_word' id='word_1_503' title='bbox 821 5268 878 5317; x_wconf 90' lang='lat' dir='ltr'><strong>et</strong></span> <span class='ocrx_word' id='word_1_504' title='bbox 905 5260 1152 5316; x_wconf 87' lang='lat' dir='ltr'><strong>deterius</strong></span> <span class='ocrx_word' id='word_1_505' title='bbox 1185 5261 1389 5314; x_wconf 88' lang='lat' dir='ltr'><strong>sentire</strong></span> <span class='ocrx_word' id='word_1_506' title='bbox 1410 5260 1589 5329; x_wconf 85' lang='lat' dir='ltr'><strong>cogit:</strong></span> <span class='ocrx_word' id='word_1_507' title='bbox 1630 5260 1901 5316; x_wconf 90' lang='lat' dir='ltr'><strong>rationem</strong></span> <span class='ocrx_word' id='word_1_508' title='bbox 1940 5262 2221 5328; x_wconf 86' lang='lat' dir='ltr'><strong>nimirum,</strong></span> 
     </span>
    </p>
   </div>
   <div class='ocr_carea' id='block_1_67' title="bbox 658 5351 2216 5424">
    <p class='ocr_par' dir='ltr' id='par_1_67' title="bbox 658 5351 2216 5424">
     <span class='ocr_line' id='line_1_68' title="bbox 658 5351 2216 5424; baseline 0.001 -16"><span class='ocrx_word' id='word_1_509' title='bbox 658 5365 767 5408; x_wconf 80' lang='lat' dir='ltr'><strong>non</strong></span> <span class='ocrx_word' id='word_1_510' title='bbox 798 5368 961 5409; x_wconf 87' lang='lat' dir='ltr'><strong>secus</strong></span> <span class='ocrx_word' id='word_1_511' title='bbox 986 5366 1051 5406; x_wconf 90' lang='lat' dir='ltr'><strong>ac</strong></span> <span class='ocrx_word' id='word_1_512' title='bbox 1077 5351 1337 5424; x_wconf 86' lang='lat' dir='ltr'><strong>petulans</strong></span> <span class='ocrx_word' id='word_1_513' title='bbox 1365 5351 1589 5424; x_wconf 88' lang='lat' dir='ltr'><strong>quidam</strong></span> <span class='ocrx_word' id='word_1_514' title='bbox 1619 5367 1819 5423; x_wconf 89' lang='lat' dir='ltr'><strong>equus,</strong></span> <span class='ocrx_word' id='word_1_515' title='bbox 1844 5368 2034 5409; x_wconf 89' lang='lat' dir='ltr'><strong>secum</strong></span> <span class='ocrx_word' id='word_1_516' title='bbox 2062 5354 2216 5410; x_wconf 85' lang='lat' dir='ltr'><strong>abri-</strong></span> 
     </span>
    </p>
   </div>
   <div class='ocr_carea' id='block_1_68' title="bbox 658 5460 837 5515">
    <p class='ocr_par' dir='ltr' id='par_1_68' title="bbox 658 5460 837 5515">
     <span class='ocr_line' id='line_1_69' title="bbox 658 5460 837 5515; baseline -0.011 -17"><span class='ocrx_word' id='word_1_517' title='bbox 658 5460 837 5515; x_wconf 80' lang='lat' dir='ltr'><strong>piens.</strong></span> 
     </span>
    </p>
   </div>
   <div class='ocr_carea' id='block_1_69' title="bbox 734 5556 2213 5632">
    <p class='ocr_par' dir='ltr' id='par_1_69' title="bbox 734 5556 2213 5632">
     <span class='ocr_line' id='line_1_70' title="bbox 734 5556 2213 5632; baseline 0.006 -23"><span class='ocrx_word' id='word_1_518' title='bbox 734 5556 1003 5625; x_wconf 74' lang='lat' dir='ltr'><strong>Ejusdem.</strong></span> <span class='ocrx_word' id='word_1_519' title='bbox 1039 5585 1107 5600; x_wconf 89' lang='lat'><strong>—-</strong></span> <span class='ocrx_word' id='word_1_520' title='bbox 1142 5557 1388 5614; x_wconf 81' lang='lat' dir='ltr'><strong>Humana</strong></span> <span class='ocrx_word' id='word_1_521' title='bbox 1415 5565 1609 5613; x_wconf 88' lang='lat' dir='ltr'><strong>natura</strong></span> <span class='ocrx_word' id='word_1_522' title='bbox 1643 5556 1713 5613; x_wconf 87' lang='lat' dir='ltr'><strong>ad</strong></span> <span class='ocrx_word' id='word_1_523' title='bbox 1758 5558 1919 5629; x_wconf 88' lang='lat' dir='ltr'><strong>plura</strong></span> <span class='ocrx_word' id='word_1_524' title='bbox 1943 5559 2213 5632; x_wconf 88' lang='lat' dir='ltr'><strong>cupienda</strong></span> 
     </span>
    </p>
   </div>
   <div class='ocr_carea' id='block_1_70' title="bbox 658 5649 1282 5714">
    <p class='ocr_par' dir='ltr' id='par_1_70' title="bbox 658 5649 1282 5714">
     <span class='ocr_line' id='line_1_71' title="bbox 658 5649 1282 5714; baseline 0 -11"><span class='ocrx_word' id='word_1_525' title='bbox 658 5650 790 5714; x_wconf 81' lang='lat' dir='ltr'><strong>vigil</strong></span> <span class='ocrx_word' id='word_1_526' title='bbox 817 5655 872 5703; x_wconf 89' lang='lat' dir='ltr'><strong>et</strong></span> <span class='ocrx_word' id='word_1_527' title='bbox 902 5649 1172 5705; x_wconf 91' lang='lat' dir='ltr'><strong>insomnis</strong></span> <span class='ocrx_word' id='word_1_528' title='bbox 1198 5659 1282 5706; x_wconf 84' lang='lat' dir='ltr'><strong>est</strong></span> 
     </span>
    </p>
   </div>
   <div class='ocr_carea' id='block_1_71' title="bbox 730 5742 2219 5816">
    <p class='ocr_par' dir='ltr' id='par_1_71' title="bbox 730 5742 2219 5816">
     <span class='ocr_line' id='line_1_72' title="bbox 730 5742 2219 5816; baseline 0.004 -20"><span class='ocrx_word' id='word_1_529' title='bbox 730 5742 994 5799; x_wconf 80' lang='lat' dir='ltr'><strong>Philonis.</strong></span> <span class='ocrx_word' id='word_1_530' title='bbox 1020 5774 1091 5784; x_wconf 97' lang='lat'><strong>—</strong></span> <span class='ocrx_word' id='word_1_531' title='bbox 1116 5742 1290 5801; x_wconf 80' lang='lat' dir='ltr'><strong>Malus</strong></span> <span class='ocrx_word' id='word_1_532' title='bbox 1319 5744 1485 5802; x_wconf 90' lang='lat' dir='ltr'><strong>rebus</strong></span> <span class='ocrx_word' id='word_1_533' title='bbox 1519 5743 1769 5816; x_wconf 91' lang='lat' dir='ltr'><strong>plurimis</strong></span> <span class='ocrx_word' id='word_1_534' title='bbox 1808 5759 2022 5816; x_wconf 84' lang='lat' dir='ltr'><strong>semper</strong></span> <span class='ocrx_word' id='word_1_535' title='bbox 2073 5746 2219 5802; x_wconf 87' lang='lat' dir='ltr'><strong>indi-</strong></span> 
     </span>
    </p>
   </div>
   <div class='ocr_carea' id='block_1_72' title="bbox 2258 4485 2306 4546">
    <p class='ocr_par' dir='ltr' id='par_1_72' title="bbox 2258 4485 2306 4546">
     <span class='ocr_line' id='line_1_73' title="bbox 2258 4485 2306 4546; baseline 0 0"><span class='ocrx_word' id='word_1_536' title='bbox 2258 4485 2306 4546; x_wconf 94' lang='lat' dir='ltr'><strong>D</strong></span> 
     </span>
    </p>
   </div>
   <div class='ocr_carea' id='block_1_73' title="bbox 2343 1926 3816 2000">
    <p class='ocr_par' dir='ltr' id='par_1_73' title="bbox 2343 1926 3816 2000">
     <span class='ocr_line' id='line_1_74' title="bbox 2343 1926 3816 2000; baseline 0 -17"><span class='ocrx_word' id='word_1_537' title='bbox 2343 1930 2431 1985; x_wconf 84' lang='lat' dir='ltr'><strong>i&#39;va</strong></span> <span class='ocrx_word' id='word_1_538' title='bbox 2456 1930 2509 1983; x_wconf 87' lang='grc' dir='ltr'><strong>τί</strong></span> <span class='ocrx_word' id='word_1_539' title='bbox 2531 1930 2654 2000; x_wconf 78' lang='grc' dir='ltr'>αἰτῇ</span> <span class='ocrx_word' id='word_1_540' title='bbox 2681 1929 2780 2000; x_wconf 79' lang='grc' dir='ltr'>τὴν</span> <span class='ocrx_word' id='word_1_541' title='bbox 2811 1927 3037 1982; x_wconf 79' lang='grc' dir='ltr'>Ἀσισάκ</span> <span class='ocrx_word' id='word_1_542' title='bbox 3060 1926 3139 1998; x_wconf 79' lang='grc' dir='ltr'>τῷ</span> <span class='ocrx_word' id='word_1_543' title='bbox 3172 1927 3362 1999; x_wconf 71' lang='grc' dir='ltr'>Ὀρνία</span> <span class='ocrx_word' id='word_1_544' title='bbox 3391 1928 3471 1990; x_wconf 78' lang='grc' dir='ltr'><strong>εἰς</strong></span> <span class='ocrx_word' id='word_1_545' title='bbox 3499 1930 3727 1996; x_wconf 77' lang='grc' dir='ltr'>γυναῖκας</span> <span class='ocrx_word' id='word_1_546' title='bbox 3747 1931 3816 1984; x_wconf 74' lang='lat' dir='ltr'><strong>Kal</strong></span> 
     </span>
    </p>
   </div>
   <div class='ocr_carea' id='block_1_74' title="bbox 2340 2013 3815 2093">
    <p class='ocr_par' dir='ltr' id='par_1_74' title="bbox 2340 2013 3815 2093">
     <span class='ocr_line' id='line_1_75' title="bbox 2340 2013 3815 2093; baseline -0.001 -18"><span class='ocrx_word' id='word_1_547' title='bbox 2340 2021 2561 2093; x_wconf 78' lang='grc' dir='ltr'>αἷτησαι</span> <span class='ocrx_word' id='word_1_548' title='bbox 2609 2019 2759 2092; x_wconf 82' lang='grc' dir='ltr'>αὐτῷ</span> <span class='ocrx_word' id='word_1_549' title='bbox 2810 2019 2907 2091; x_wconf 79' lang='grc' dir='ltr'>τὴν</span> <span class='ocrx_word' id='word_1_550' title='bbox 2943 2018 3256 2090; x_wconf 84' lang='grc' dir='ltr'>βασιλείαν·</span> <span class='ocrx_word' id='word_1_551' title='bbox 3318 2020 3403 2073; x_wconf 84' lang='grc' dir='ltr'>ὄτι</span> <span class='ocrx_word' id='word_1_552' title='bbox 3428 2013 3573 2085; x_wconf 71' lang='grc' dir='ltr'>οὗτος</span> <span class='ocrx_word' id='word_1_553' title='bbox 3604 2024 3629 2075; x_wconf 93' lang='lat'><strong>6</strong></span> <span class='ocrx_word' id='word_1_554' title='bbox 3666 2022 3815 2089; x_wconf 57' lang='grc' dir='ltr'>ἀδελεὸς</span> 
     </span>
    </p>
   </div>
   <div class='ocr_carea' id='block_1_75' title="bbox 2342 2109 3813 2183">
    <p class='ocr_par' dir='ltr' id='par_1_75' title="bbox 2342 2109 3813 2183">
     <span class='ocr_line' id='line_1_76' title="bbox 2342 2109 3813 2183; baseline 0.001 -19"><span class='ocrx_word' id='word_1_555' title='bbox 2342 2129 2443 2182; x_wconf 87' lang='grc' dir='ltr'><strong>μου</strong></span> <span class='ocrx_word' id='word_1_556' title='bbox 2479 2110 2679 2181; x_wconf 73' lang='grc' dir='ltr'>μείζων</span> <span class='ocrx_word' id='word_1_557' title='bbox 2726 2110 2865 2183; x_wconf 81' lang='grc' dir='ltr'>ὑπὲρ</span> <span class='ocrx_word' id='word_1_558' title='bbox 2900 2110 3020 2181; x_wconf 76' lang='grc' dir='ltr'>ἐμὲ,</span> <span class='ocrx_word' id='word_1_559' title='bbox 3045 2110 3140 2165; x_wconf 73' lang='grc' dir='ltr'>καὶ</span> <span class='ocrx_word' id='word_1_560' title='bbox 3166 2109 3313 2181; x_wconf 81' lang='grc' dir='ltr'><strong>αὑτῷ</strong></span> <span class='ocrx_word' id='word_1_561' title='bbox 3360 2110 3610 2180; x_wconf 80' lang='grc' dir='ltr'>Ἀὁιαθάρ</span> <span class='ocrx_word' id='word_1_562' title='bbox 3632 2112 3656 2164; x_wconf 98' lang='lat'><strong>6</strong></span> <span class='ocrx_word' id='word_1_563' title='bbox 3680 2112 3813 2183; x_wconf 64' lang='grc' dir='ltr'>ἱερεὺς,</span> 
     </span>
    </p>
   </div>
   <div class='ocr_carea' id='block_1_76' title="bbox 2338 2202 3815 2275">
    <p class='ocr_par' dir='ltr' id='par_1_76' title="bbox 2338 2202 3815 2275">
     <span class='ocr_line' id='line_1_77' title="bbox 2338 2202 3815 2275; baseline -0.001 -19"><span class='ocrx_word' id='word_1_564' title='bbox 2338 2204 2430 2256; x_wconf 79' lang='grc' dir='ltr'><strong>καὶ</strong></span> <span class='ocrx_word' id='word_1_565' title='bbox 2464 2203 2613 2271; x_wconf 75' lang='grc' dir='ltr'>αὐτῷ</span> <span class='ocrx_word' id='word_1_566' title='bbox 2650 2202 2807 2257; x_wconf 80' lang='grc' dir='ltr'><strong>Ίωάὄ</strong></span> <span class='ocrx_word' id='word_1_567' title='bbox 2842 2202 2955 2267; x_wconf 82' lang='grc' dir='ltr'>υἱὸς</span> <span class='ocrx_word' id='word_1_568' title='bbox 2976 2203 3211 2274; x_wconf 85' lang='grc' dir='ltr'>Σαρουῖα</span> <span class='ocrx_word' id='word_1_569' title='bbox 3237 2204 3267 2256; x_wconf 88' lang='lat'><strong>6</strong></span> <span class='ocrx_word' id='word_1_570' title='bbox 3306 2203 3706 2275; x_wconf 80' lang='grc' dir='ltr'>ἀρχιστράτηγος</span> <span class='ocrx_word' id='word_1_571' title='bbox 3723 2206 3815 2257; x_wconf 70' lang='grc' dir='ltr'>ἑταῖ-</span> 
     </span>
    </p>
   </div>
   <div class='ocr_carea' id='block_1_77' title="bbox 2343 2291 3814 2364">
    <p class='ocr_par' dir='ltr' id='par_1_77' title="bbox 2343 2291 3814 2364">
     <span class='ocr_line' id='line_1_78' title="bbox 2343 2291 3814 2364; baseline 0.002 -20"><span class='ocrx_word' id='word_1_572' title='bbox 2343 2309 2433 2363; x_wconf 85' lang='grc' dir='ltr'><strong>ρος</strong></span> <span class='ocrx_word' id='word_1_573' title='bbox 2456 2292 2640 2346; x_wconf 83' lang='grc' dir='ltr'>αὐτοῦ.</span> <span class='ocrx_word' id='word_1_574' title='bbox 2663 2292 2775 2346; x_wconf 89' lang='lat' dir='ltr'><strong>Kal</strong></span> <span class='ocrx_word' id='word_1_575' title='bbox 2802 2291 3015 2363; x_wconf 78' lang='grc' dir='ltr'>ὤμοσεν</span> <span class='ocrx_word' id='word_1_576' title='bbox 3040 2295 3069 2347; x_wconf 89' lang='lat'><strong>6</strong></span> <span class='ocrx_word' id='word_1_577' title='bbox 3092 2291 3345 2362; x_wconf 79' lang='grc' dir='ltr'>βασιλεὺς</span> <span class='ocrx_word' id='word_1_578' title='bbox 3378 2293 3616 2364; x_wconf 87' lang='grc' dir='ltr'>Σολομὼν</span> <span class='ocrx_word' id='word_1_579' title='bbox 3638 2295 3742 2347; x_wconf 70' lang='grc' dir='ltr'>κατὰ</span> <span class='ocrx_word' id='word_1_580' title='bbox 3757 2295 3814 2347; x_wconf 74' lang='grc' dir='ltr'>τι]</span> 
     </span>
    </p>
   </div>
   <div class='ocr_carea' id='block_1_78' title="bbox 2338 2381 3814 2453">
    <p class='ocr_par' dir='ltr' id='par_1_78' title="bbox 2338 2381 3814 2453">
     <span class='ocr_line' id='line_1_79' title="bbox 2338 2381 3814 2453; baseline 0.003 -18"><span class='ocrx_word' id='word_1_581' title='bbox 2338 2382 2566 2453; x_wconf 80' lang='grc' dir='ltr'>Κυρίου,</span> <span class='ocrx_word' id='word_1_582' title='bbox 2596 2381 2798 2449; x_wconf 79' lang='grc' dir='ltr'><strong>λέγων⁸</strong></span> <span class='ocrx_word' id='word_1_583' title='bbox 2833 2383 2972 2437; x_wconf 82' lang='grc' dir='ltr'>Τάδε</span> <span class='ocrx_word' id='word_1_584' title='bbox 3008 2383 3233 2453; x_wconf 78' lang='grc' dir='ltr'>ποιήσαι</span> <span class='ocrx_word' id='word_1_585' title='bbox 3264 2401 3359 2453; x_wconf 90' lang='grc' dir='ltr'><strong>μοι</strong></span> <span class='ocrx_word' id='word_1_586' title='bbox 3404 2386 3434 2437; x_wconf 90' lang='lat'><strong>6</strong></span> <span class='ocrx_word' id='word_1_587' title='bbox 3465 2385 3605 2449; x_wconf 84' lang='grc' dir='ltr'>Θεὸς,</span> <span class='ocrx_word' id='word_1_588' title='bbox 3643 2388 3814 2440; x_wconf 69' lang='lat' dir='ltr'><strong>uitii:</strong></span> 
     </span>
    </p>
   </div>
   <div class='ocr_carea' id='block_1_79' title="bbox 2338 2472 3815 2548">
    <p class='ocr_par' dir='ltr' id='par_1_79' title="bbox 2338 2472 3815 2548">
     <span class='ocr_line' id='line_1_80' title="bbox 2338 2472 3815 2548; baseline 0.003 -24"><span class='ocrx_word' id='word_1_589' title='bbox 2338 2472 2621 2543; x_wconf 85' lang='grc' dir='ltr'>προσθείη.</span> <span class='ocrx_word' id='word_1_590' title='bbox 2646 2472 2726 2545; x_wconf 77' lang='grc' dir='ltr'>ὅτι</span> <span class='ocrx_word' id='word_1_591' title='bbox 2760 2472 2901 2527; x_wconf 89' lang='grc' dir='ltr'><strong>κατά</strong></span> <span class='ocrx_word' id='word_1_592' title='bbox 2937 2475 3036 2545; x_wconf 82' lang='grc' dir='ltr'>τῆς</span> <span class='ocrx_word' id='word_1_593' title='bbox 3070 2474 3251 2545; x_wconf 76' lang='grc' dir='ltr'>ψυχῆς</span> <span class='ocrx_word' id='word_1_594' title='bbox 3291 2474 3459 2529; x_wconf 79' lang='grc' dir='ltr'>αὐτοῦ</span> <span class='ocrx_word' id='word_1_595' title='bbox 3488 2476 3711 2548; x_wconf 78' lang='grc' dir='ltr'>ἐλάλησεν</span> <span class='ocrx_word' id='word_1_596' title='bbox 3737 2477 3815 2546; x_wconf 67' lang='grc' dir='ltr'>Ὁρ-</span> 
     </span>
    </p>
   </div>
   <div class='ocr_carea' id='block_1_80' title="bbox 2338 2563 3817 2638">
    <p class='ocr_par' dir='ltr' id='par_1_80' title="bbox 2338 2563 3817 2638">
     <span class='ocr_line' id='line_1_81' title="bbox 2338 2563 3817 2638; baseline 0 -20"><span class='ocrx_word' id='word_1_597' title='bbox 2338 2565 2456 2628; x_wconf 84' lang='grc' dir='ltr'>νίας</span> <span class='ocrx_word' id='word_1_598' title='bbox 2479 2564 2570 2618; x_wconf 78' lang='grc' dir='ltr'>τὸν</span> <span class='ocrx_word' id='word_1_599' title='bbox 2612 2563 2769 2633; x_wconf 81' lang='grc' dir='ltr'>λόγον</span> <span class='ocrx_word' id='word_1_600' title='bbox 2794 2564 3004 2620; x_wconf 75' lang='grc' dir='ltr'>τοῦτον.</span> <span class='ocrx_word' id='word_1_601' title='bbox 3040 2565 3149 2619; x_wconf 87' lang='lat' dir='ltr'><strong>Kal</strong></span> <span class='ocrx_word' id='word_1_602' title='bbox 3192 2564 3289 2618; x_wconf 83' lang='grc' dir='ltr'>νῦν</span> <span class='ocrx_word' id='word_1_603' title='bbox 3315 2564 3388 2638; x_wconf 75' lang='grc' dir='ltr'><strong>ζῇ</strong></span> <span class='ocrx_word' id='word_1_604' title='bbox 3424 2565 3633 2636; x_wconf 81' lang='grc' dir='ltr'>Κύριος,</span> <span class='ocrx_word' id='word_1_605' title='bbox 3655 2566 3703 2630; x_wconf 77' lang='lat'><strong>6;</strong></span> <span class='ocrx_word' id='word_1_606' title='bbox 3723 2568 3817 2637; x_wconf 73' lang='grc' dir='ltr'><strong>ἠτυξ-</strong></span> 
     </span>
    </p>
   </div>
   <div class='ocr_carea' id='block_1_81' title="bbox 2341 2655 3816 2728">
    <p class='ocr_par' dir='ltr' id='par_1_81' title="bbox 2341 2655 3816 2728">
     <span class='ocr_line' id='line_1_82' title="bbox 2341 2655 3816 2728; baseline 0 -17"><span class='ocrx_word' id='word_1_607' title='bbox 2341 2673 2502 2727; x_wconf 85' lang='grc' dir='ltr'>μασε,</span> <span class='ocrx_word' id='word_1_608' title='bbox 2527 2656 2621 2710; x_wconf 74' lang='grc' dir='ltr'>καὶ</span> <span class='ocrx_word' id='word_1_609' title='bbox 2644 2655 2794 2711; x_wconf 77' lang='grc' dir='ltr'>ἐθετὸ</span> <span class='ocrx_word' id='word_1_610' title='bbox 2826 2674 2893 2728; x_wconf 88' lang='grc' dir='ltr'><strong>με</strong></span> <span class='ocrx_word' id='word_1_611' title='bbox 2918 2658 3010 2711; x_wconf 76' lang='grc' dir='ltr'><strong>ἐπὶ</strong></span> <span class='ocrx_word' id='word_1_612' title='bbox 3039 2656 3131 2711; x_wconf 82' lang='grc' dir='ltr'>τὸν</span> <span class='ocrx_word' id='word_1_613' title='bbox 3165 2656 3358 2728; x_wconf 82' lang='grc' dir='ltr'>θρόνον</span> <span class='ocrx_word' id='word_1_614' title='bbox 3396 2658 3554 2711; x_wconf 76' lang='grc' dir='ltr'>Δασὶδ</span> <span class='ocrx_word' id='word_1_615' title='bbox 3580 2658 3816 2726; x_wconf 65' lang='grc' dir='ltr'>τοῦπατρὸς</span> 
     </span>
    </p>
   </div>
   <div class='ocr_carea' id='block_1_82' title="bbox 2340 2746 3817 2819">
    <p class='ocr_par' dir='ltr' id='par_1_82' title="bbox 2340 2746 3817 2819">
     <span class='ocr_line' id='line_1_83' title="bbox 2340 2746 3817 2819; baseline 0.001 -20"><span class='ocrx_word' id='word_1_616' title='bbox 2340 2762 2465 2815; x_wconf 90' lang='grc' dir='ltr'>μου,</span> <span class='ocrx_word' id='word_1_617' title='bbox 2495 2746 2577 2800; x_wconf 85' lang='grc' dir='ltr'>ὃτι</span> <span class='ocrx_word' id='word_1_618' title='bbox 2636 2748 2872 2818; x_wconf 79' lang='grc' dir='ltr'>σήμερον</span> <span class='ocrx_word' id='word_1_619' title='bbox 2918 2747 3366 2818; x_wconf 84' lang='grc' dir='ltr'>θανατωθήσεται</span> <span class='ocrx_word' id='word_1_620' title='bbox 3422 2750 3638 2819; x_wconf 82' lang='grc' dir='ltr'>Ὀρνίας.</span> <span class='ocrx_word' id='word_1_621' title='bbox 3671 2749 3817 2811; x_wconf 68' lang='grc' dir='ltr'>Καὶὲξ-</span> 
     </span>
    </p>
   </div>
   <div class='ocr_carea' id='block_1_83' title="bbox 2338 2838 3817 2911">
    <p class='ocr_par' dir='ltr' id='par_1_83' title="bbox 2338 2838 3817 2911">
     <span class='ocr_line' id='line_1_84' title="bbox 2338 2838 3817 2911; baseline 0 -20"><span class='ocrx_word' id='word_1_622' title='bbox 2338 2838 2678 2905; x_wconf 84' lang='grc' dir='ltr'>απέστειλεν,</span> <span class='ocrx_word' id='word_1_623' title='bbox 2710 2841 2804 2893; x_wconf 80' lang='grc' dir='ltr'>καὶ</span> <span class='ocrx_word' id='word_1_624' title='bbox 2836 2840 3043 2893; x_wconf 83' lang='grc' dir='ltr'>ἀνεῖλεν</span> <span class='ocrx_word' id='word_1_625' title='bbox 3061 2839 3245 2905; x_wconf 79' lang='grc' dir='ltr'>αὑτὸν,</span> <span class='ocrx_word' id='word_1_626' title='bbox 3277 2840 3377 2894; x_wconf 77' lang='grc' dir='ltr'>καὶ</span> <span class='ocrx_word' id='word_1_627' title='bbox 3400 2840 3650 2894; x_wconf 80' lang='grc' dir='ltr'>ἀπέθανεν</span> <span class='ocrx_word' id='word_1_628' title='bbox 3672 2840 3817 2911; x_wconf 74' lang='grc' dir='ltr'>Ὀρνίις</span> 
     </span>
    </p>
   </div>
   <div class='ocr_carea' id='block_1_84' title="bbox 2339 2929 2992 3005">
    <p class='ocr_par' dir='ltr' id='par_1_84' title="bbox 2339 2929 2992 3005">
     <span class='ocr_line' id='line_1_85' title="bbox 2339 2929 2992 3005; baseline 0.005 -24"><span class='ocrx_word' id='word_1_629' title='bbox 2339 2929 2398 2981; x_wconf 76' lang='grc' dir='ltr'>ἐν</span> <span class='ocrx_word' id='word_1_630' title='bbox 2426 2932 2492 3002; x_wconf 77' lang='grc' dir='ltr'><strong>τῇ</strong></span> <span class='ocrx_word' id='word_1_631' title='bbox 2522 2930 2707 3003; x_wconf 79' lang='grc' dir='ltr'>ἡμέρᾳ</span> <span class='ocrx_word' id='word_1_632' title='bbox 2738 2932 2942 3005; x_wconf 77' lang='grc' dir='ltr'>ἐκείνῃ.</span> <span class='ocrx_word' id='word_1_633' title='bbox 2974 2951 2992 2984; x_wconf 74' lang='grc' dir='ltr'><strong>ι</strong></span> 
     </span>
    </p>
   </div>
   <div class='ocr_carea' id='block_1_85' title="bbox 2416 3018 3818 3093">
    <p class='ocr_par' dir='ltr' id='par_1_85' title="bbox 2416 3018 3818 3093">
     <span class='ocr_line' id='line_1_86' title="bbox 2416 3018 3818 3093; baseline -0.001 -22"><span class='ocrx_word' id='word_1_634' title='bbox 2416 3038 2435 3071; x_wconf 76' lang='grc' dir='ltr'><strong>ι</strong></span> <span class='ocrx_word' id='word_1_635' title='bbox 2474 3019 2608 3073; x_wconf 83' lang='grc' dir='ltr'>Τότε</span> <span class='ocrx_word' id='word_1_636' title='bbox 2635 3020 2939 3091; x_wconf 82' lang='grc' dir='ltr'>προσῆλθεν</span> <span class='ocrx_word' id='word_1_637' title='bbox 2964 3019 3116 3092; x_wconf 81' lang='grc' dir='ltr'><strong>αὐτῷ</strong></span> <span class='ocrx_word' id='word_1_638' title='bbox 3141 3022 3176 3092; x_wconf 80' lang='grc' dir='ltr'>ὴ</span> <span class='ocrx_word' id='word_1_639' title='bbox 3220 3022 3411 3093; x_wconf 81' lang='grc' dir='ltr'>μήτηρ</span> <span class='ocrx_word' id='word_1_640' title='bbox 3448 3020 3553 3076; x_wconf 89' lang='grc' dir='ltr'><strong>τῶν</strong></span> <span class='ocrx_word' id='word_1_641' title='bbox 3580 3020 3691 3074; x_wconf 78' lang='grc' dir='ltr'>υἱῶν</span> <span class='ocrx_word' id='word_1_642' title='bbox 3709 3018 3818 3073; x_wconf 71' lang='grc' dir='ltr'>Ζεϐε-</span> 
     </span>
    </p>
   </div>
   <div class='ocr_carea' id='block_1_86' title="bbox 2337 3110 3819 3184">
    <p class='ocr_par' dir='ltr' id='par_1_86' title="bbox 2337 3110 3819 3184">
     <span class='ocr_line' id='line_1_87' title="bbox 2337 3110 3819 3184; baseline -0.001 -20"><span class='ocrx_word' id='word_1_643' title='bbox 2337 3110 2487 3165; x_wconf 87' lang='grc' dir='ltr'>δαίου</span> <span class='ocrx_word' id='word_1_644' title='bbox 2523 3111 2662 3182; x_wconf 85' lang='grc' dir='ltr'><strong>μετά</strong></span> <span class='ocrx_word' id='word_1_645' title='bbox 2686 3111 2798 3165; x_wconf 90' lang='grc' dir='ltr'><strong>τῶν</strong></span> <span class='ocrx_word' id='word_1_646' title='bbox 2824 3112 2955 3166; x_wconf 80' lang='grc' dir='ltr'>υἱῶν</span> <span class='ocrx_word' id='word_1_647' title='bbox 2978 3113 3169 3183; x_wconf 78' lang='grc' dir='ltr'>αὐτῆς,</span> <span class='ocrx_word' id='word_1_648' title='bbox 3199 3114 3578 3184; x_wconf 76' lang='grc' dir='ltr'>προσκυνοῦσα</span> <span class='ocrx_word' id='word_1_649' title='bbox 3603 3114 3678 3166; x_wconf 67' lang='grc' dir='ltr'><strong>καὶ</strong></span> <span class='ocrx_word' id='word_1_650' title='bbox 3699 3111 3819 3165; x_wconf 53' lang='lat' dir='ltr'><strong>alia}.</strong></span> 
     </span>
    </p>
   </div>
   <div class='ocr_carea' id='block_1_87' title="bbox 2336 3200 3818 3277">
    <p class='ocr_par' dir='ltr' id='par_1_87' title="bbox 2336 3200 3818 3277">
     <span class='ocr_line' id='line_1_88' title="bbox 2336 3200 3818 3277; baseline 0 -22"><span class='ocrx_word' id='word_1_651' title='bbox 2336 3201 2406 3255; x_wconf 89' lang='grc' dir='ltr'><strong>σά</strong></span> <span class='ocrx_word' id='word_1_652' title='bbox 2429 3220 2483 3256; x_wconf 85' lang='grc' dir='ltr'><strong>τι</strong></span> <span class='ocrx_word' id='word_1_653' title='bbox 2513 3206 2643 3275; x_wconf 83' lang='grc' dir='ltr'>παρ’</span> <span class='ocrx_word' id='word_1_654' title='bbox 2676 3203 2860 3258; x_wconf 80' lang='grc' dir='ltr'>αὐτοῦ.</span> <span class='ocrx_word' id='word_1_655' title='bbox 2900 3204 2959 3257; x_wconf 89' lang='lat'><strong>&#39;0</strong></span> <span class='ocrx_word' id='word_1_656' title='bbox 3004 3204 3061 3258; x_wconf 79' lang='grc' dir='ltr'>δὲ</span> <span class='ocrx_word' id='word_1_657' title='bbox 3087 3200 3242 3261; x_wconf 74' lang='grc' dir='ltr'>εἶπεν</span> <span class='ocrx_word' id='word_1_658' title='bbox 3280 3207 3423 3277; x_wconf 83' lang='grc' dir='ltr'>αὐτῇ</span> <span class='ocrx_word' id='word_1_659' title='bbox 3446 3222 3460 3235; x_wconf 73' lang='grc' dir='ltr'><strong>ο</strong></span> <span class='ocrx_word' id='word_1_660' title='bbox 3488 3206 3552 3259; x_wconf 81' lang='grc' dir='ltr'>Τί</span> <span class='ocrx_word' id='word_1_661' title='bbox 3584 3204 3748 3267; x_wconf 84' lang='grc' dir='ltr'>θέλεις;</span> <span class='ocrx_word' id='word_1_662' title='bbox 3776 3204 3818 3255; x_wconf 84' lang='lat' dir='ltr'><strong>&#39;ll</strong></span> 
     </span>
    </p>
   </div>
   <div class='ocr_carea' id='block_1_88' title="bbox 2331 3287 3820 3366">
    <p class='ocr_par' dir='ltr' id='par_1_88' title="bbox 2331 3287 3820 3366">
     <span class='ocr_line' id='line_1_89' title="bbox 2331 3287 3820 3366; baseline 0.006 -20"><span class='ocrx_word' id='word_1_663' title='bbox 2331 3292 2388 3346; x_wconf 81' lang='grc' dir='ltr'>δὲ</span> <span class='ocrx_word' id='word_1_664' title='bbox 2407 3289 2560 3347; x_wconf 78' lang='grc' dir='ltr'>εἶπεν</span> <span class='ocrx_word' id='word_1_665' title='bbox 2579 3311 2593 3324; x_wconf 80' lang='grc'><em>’</em></span> <span class='ocrx_word' id='word_1_666' title='bbox 2631 3295 2747 3349; x_wconf 85' lang='grc' dir='ltr'>Ἵνα</span> <span class='ocrx_word' id='word_1_667' title='bbox 2780 3294 3080 3349; x_wconf 78' lang='grc' dir='ltr'>καθίσωσιν</span> <span class='ocrx_word' id='word_1_668' title='bbox 3106 3288 3252 3350; x_wconf 71' lang='grc' dir='ltr'>οὗτοι</span> <span class='ocrx_word' id='word_1_669' title='bbox 3280 3297 3333 3349; x_wconf 77' lang='grc' dir='ltr'>οἱ</span> <span class='ocrx_word' id='word_1_670' title='bbox 3380 3294 3477 3350; x_wconf 83' lang='grc' dir='ltr'>δύο</span> <span class='ocrx_word' id='word_1_671' title='bbox 3517 3295 3614 3349; x_wconf 79' lang='grc' dir='ltr'>υἱοί</span> <span class='ocrx_word' id='word_1_672' title='bbox 3639 3312 3736 3366; x_wconf 82' lang='grc' dir='ltr'>μου.</span> <span class='ocrx_word' id='word_1_673' title='bbox 3768 3287 3820 3355; x_wconf 78' lang='grc' dir='ltr'><strong>εἷς</strong></span> 
     </span>
    </p>
   </div>
   <div class='ocr_carea' id='block_1_89' title="bbox 2332 3383 3821 3458">
    <p class='ocr_par' dir='ltr' id='par_1_89' title="bbox 2332 3383 3821 3458">
     <span class='ocr_line' id='line_1_90' title="bbox 2332 3383 3821 3458; baseline -0.001 -20"><span class='ocrx_word' id='word_1_674' title='bbox 2332 3387 2396 3439; x_wconf 82' lang='grc' dir='ltr'>ὲκ</span> <span class='ocrx_word' id='word_1_675' title='bbox 2415 3386 2602 3453; x_wconf 78' lang='grc' dir='ltr'>δεξιῶν</span> <span class='ocrx_word' id='word_1_676' title='bbox 2635 3404 2752 3454; x_wconf 91' lang='grc' dir='ltr'>σου,</span> <span class='ocrx_word' id='word_1_677' title='bbox 2792 3389 2889 3441; x_wconf 72' lang='grc' dir='ltr'><strong>καὶ</strong></span> <span class='ocrx_word' id='word_1_678' title='bbox 2922 3383 3003 3451; x_wconf 78' lang='grc' dir='ltr'>εἷς</span> <span class='ocrx_word' id='word_1_679' title='bbox 3032 3388 3090 3453; x_wconf 76' lang='grc' dir='ltr'>ἐξ</span> <span class='ocrx_word' id='word_1_680' title='bbox 3115 3387 3418 3458; x_wconf 81' lang='grc' dir='ltr'><strong>εὐωνύμων</strong></span> <span class='ocrx_word' id='word_1_681' title='bbox 3452 3405 3542 3442; x_wconf 87' lang='grc' dir='ltr'><strong>σου</strong></span> <span class='ocrx_word' id='word_1_682' title='bbox 3568 3389 3620 3441; x_wconf 86' lang='grc' dir='ltr'>ὲν</span> <span class='ocrx_word' id='word_1_683' title='bbox 3649 3390 3701 3458; x_wconf 80' lang='grc' dir='ltr'>τῇ</span> <span class='ocrx_word' id='word_1_684' title='bbox 3723 3386 3821 3454; x_wconf 75' lang='grc' dir='ltr'>βασι·</span> 
     </span>
    </p>
   </div>
   <div class='ocr_carea' id='block_1_90' title="bbox 2332 3475 3819 3551">
    <p class='ocr_par' dir='ltr' id='par_1_90' title="bbox 2332 3475 3819 3551">
     <span class='ocr_line' id='line_1_91' title="bbox 2332 3475 3819 3551; baseline 0 -21"><span class='ocrx_word' id='word_1_685' title='bbox 2332 3477 2452 3549; x_wconf 81' lang='grc' dir='ltr'>λείᾳ</span> <span class='ocrx_word' id='word_1_686' title='bbox 2472 3496 2586 3534; x_wconf 90' lang='grc' dir='ltr'>σου.</span> <span class='ocrx_word' id='word_1_687' title='bbox 2612 3480 2722 3533; x_wconf 84' lang='lat' dir='ltr'><strong>Kal</strong></span> <span class='ocrx_word' id='word_1_688' title='bbox 2749 3479 3068 3550; x_wconf 79' lang='grc' dir='ltr'>ἀποκριθεὶς</span> <span class='ocrx_word' id='word_1_689' title='bbox 3085 3482 3113 3534; x_wconf 89' lang='lat'><strong>6</strong></span> <span class='ocrx_word' id='word_1_690' title='bbox 3146 3480 3356 3551; x_wconf 79' lang='grc' dir='ltr'>Ἰησοῦς</span> <span class='ocrx_word' id='word_1_691' title='bbox 3380 3475 3560 3534; x_wconf 75' lang='grc' dir='ltr'>εἶπεν·</span> <span class='ocrx_word' id='word_1_692' title='bbox 3589 3480 3683 3534; x_wconf 79' lang='grc' dir='ltr'>Οὐκ</span> <span class='ocrx_word' id='word_1_693' title='bbox 3699 3477 3819 3531; x_wconf 73' lang='grc' dir='ltr'>οἴδατε</span> 
     </span>
    </p>
   </div>
   <div class='ocr_carea' id='block_1_91' title="bbox 2331 3569 3816 3644">
    <p class='ocr_par' dir='ltr' id='par_1_91' title="bbox 2331 3569 3816 3644">
     <span class='ocr_line' id='line_1_92' title="bbox 2331 3569 3816 3644; baseline -0.001 -20"><span class='ocrx_word' id='word_1_694' title='bbox 2331 3571 2384 3624; x_wconf 82' lang='grc' dir='ltr'><strong>τί</strong></span> <span class='ocrx_word' id='word_1_695' title='bbox 2409 3570 2665 3625; x_wconf 77' lang='grc' dir='ltr'>αἰτεῖσθε.</span> <span class='ocrx_word' id='word_1_696' title='bbox 2702 3571 2942 3625; x_wconf 85' lang='grc' dir='ltr'>Δύνασθε</span> <span class='ocrx_word' id='word_1_697' title='bbox 2970 3570 3143 3624; x_wconf 83' lang='grc' dir='ltr'>πίνειν</span> <span class='ocrx_word' id='word_1_698' title='bbox 3170 3571 3232 3625; x_wconf 85' lang='grc' dir='ltr'>τὸ</span> <span class='ocrx_word' id='word_1_699' title='bbox 3258 3574 3521 3644; x_wconf 85' lang='grc' dir='ltr'>ποτήριον</span> <span class='ocrx_word' id='word_1_700' title='bbox 3544 3571 3572 3624; x_wconf 84' lang='grc' dir='ltr'><strong>δ</strong></span> <span class='ocrx_word' id='word_1_701' title='bbox 3595 3570 3688 3639; x_wconf 73' lang='grc' dir='ltr'><strong>ἐγὼ</strong></span> <span class='ocrx_word' id='word_1_702' title='bbox 3709 3569 3816 3623; x_wconf 81' lang='grc' dir='ltr'>πίνω.</span> 
     </span>
    </p>
   </div>
   <div class='ocr_carea' id='block_1_92' title="bbox 2334 3660 3818 3735">
    <p class='ocr_par' dir='ltr' id='par_1_92' title="bbox 2334 3660 3818 3735">
     <span class='ocr_line' id='line_1_93' title="bbox 2334 3660 3818 3735; baseline -0.003 -21"><span class='ocrx_word' id='word_1_703' title='bbox 2334 3662 2428 3714; x_wconf 74' lang='grc' dir='ltr'><strong>καὶ</strong></span> <span class='ocrx_word' id='word_1_704' title='bbox 2449 3660 2752 3732; x_wconf 80' lang='grc' dir='ltr'>βάπτισμα.</span> <span class='ocrx_word' id='word_1_705' title='bbox 2789 3662 2818 3714; x_wconf 78' lang='grc' dir='ltr'><strong>ὃ</strong></span> <span class='ocrx_word' id='word_1_706' title='bbox 2847 3661 3200 3734; x_wconf 78' lang='grc' dir='ltr'>βαπτίζομαι,</span> <span class='ocrx_word' id='word_1_707' title='bbox 3224 3663 3611 3735; x_wconf 73' lang='grc' dir='ltr'>βαπτισθῆναις</span> <span class='ocrx_word' id='word_1_708' title='bbox 3632 3661 3818 3729; x_wconf 61' lang='lat' dir='ltr'><strong>Mysum</strong></span> 
     </span>
    </p>
   </div>
   <div class='ocr_carea' id='block_1_93' title="bbox 2326 3751 3819 3825">
    <p class='ocr_par' dir='ltr' id='par_1_93' title="bbox 2326 3751 3819 3825">
     <span class='ocr_line' id='line_1_94' title="bbox 2326 3751 3819 3825; baseline -0.003 -19"><span class='ocrx_word' id='word_1_709' title='bbox 2326 3752 2515 3825; x_wconf 84' lang='grc' dir='ltr'>αὐτῷ·</span> <span class='ocrx_word' id='word_1_710' title='bbox 2552 3753 2859 3825; x_wconf 81' lang='grc' dir='ltr'>Δυνάμεθα.</span> <span class='ocrx_word' id='word_1_711' title='bbox 2913 3753 3075 3823; x_wconf 83' lang='grc' dir='ltr'>Λέγει</span> <span class='ocrx_word' id='word_1_712' title='bbox 3118 3754 3341 3818; x_wconf 78' lang='grc' dir='ltr'>αὐτοῖς’</span> <span class='ocrx_word' id='word_1_713' title='bbox 3386 3756 3461 3809; x_wconf 82' lang='grc' dir='ltr'><strong>Τὸ</strong></span> <span class='ocrx_word' id='word_1_714' title='bbox 3520 3755 3611 3825; x_wconf 80' lang='grc' dir='ltr'>μὲν</span> <span class='ocrx_word' id='word_1_715' title='bbox 3636 3751 3819 3821; x_wconf 71' lang='grc' dir='ltr'>ποτήριόν</span> 
     </span>
    </p>
   </div>
   <div class='ocr_carea' id='block_1_94' title="bbox 2336 3838 3819 3917">
    <p class='ocr_par' dir='ltr' id='par_1_94' title="bbox 2336 3838 3819 3917">
     <span class='ocr_line' id='line_1_95' title="bbox 2336 3838 3819 3917; baseline -0.001 -20"><span class='ocrx_word' id='word_1_716' title='bbox 2336 3861 2437 3916; x_wconf 90' lang='grc' dir='ltr'><strong>μου</strong></span> <span class='ocrx_word' id='word_1_717' title='bbox 2476 3844 2689 3908; x_wconf 83' lang='grc' dir='ltr'>πίεσθε,</span> <span class='ocrx_word' id='word_1_718' title='bbox 2714 3845 2809 3899; x_wconf 77' lang='grc' dir='ltr'>καὶ</span> <span class='ocrx_word' id='word_1_719' title='bbox 2843 3844 2903 3898; x_wconf 85' lang='grc' dir='ltr'><strong>τὸ</strong></span> <span class='ocrx_word' id='word_1_720' title='bbox 2942 3844 3227 3917; x_wconf 81' lang='grc' dir='ltr'>βάπτισμα</span> <span class='ocrx_word' id='word_1_721' title='bbox 3258 3844 3704 3917; x_wconf 76' lang='grc' dir='ltr'>βαπτισθήσεσθιο</span> <span class='ocrx_word' id='word_1_722' title='bbox 3727 3838 3819 3896; x_wconf 63' lang='grc' dir='ltr'>τὸδὲ</span> 
     </span>
    </p>
   </div>
   <div class='ocr_carea' id='block_1_95' title="bbox 2333 3936 3820 4012">
    <p class='ocr_par' dir='ltr' id='par_1_95' title="bbox 2333 3936 3820 4012">
     <span class='ocr_line' id='line_1_96' title="bbox 2333 3936 3820 4012; baseline -0.002 -21"><span class='ocrx_word' id='word_1_723' title='bbox 2333 3937 2553 3992; x_wconf 83' lang='grc' dir='ltr'>καθίσαι</span> <span class='ocrx_word' id='word_1_724' title='bbox 2582 3939 2645 3992; x_wconf 87' lang='grc' dir='ltr'>ὲκ</span> <span class='ocrx_word' id='word_1_725' title='bbox 2680 3937 2869 4003; x_wconf 81' lang='grc' dir='ltr'>δεξιῶν</span> <span class='ocrx_word' id='word_1_726' title='bbox 2892 3956 3019 4008; x_wconf 83' lang='grc' dir='ltr'>μου,</span> <span class='ocrx_word' id='word_1_727' title='bbox 3058 3938 3155 3993; x_wconf 76' lang='grc' dir='ltr'>καὶ</span> <span class='ocrx_word' id='word_1_728' title='bbox 3184 3938 3244 4007; x_wconf 72' lang='grc' dir='ltr'>ἐξ</span> <span class='ocrx_word' id='word_1_729' title='bbox 3296 3939 3591 4012; x_wconf 80' lang='grc' dir='ltr'>εὐωνύμων</span> <span class='ocrx_word' id='word_1_730' title='bbox 3633 3954 3730 4009; x_wconf 81' lang='grc' dir='ltr'>μου,</span> <span class='ocrx_word' id='word_1_731' title='bbox 3756 3936 3820 3986; x_wconf 69' lang='grc' dir='ltr'><strong>οὐκ</strong></span> 
     </span>
    </p>
   </div>
   <div class='ocr_carea' id='block_1_96' title="bbox 2332 4025 3818 4102">
    <p class='ocr_par' dir='ltr' id='par_1_96' title="bbox 2332 4025 3818 4102">
     <span class='ocr_line' id='line_1_97' title="bbox 2332 4025 3818 4102; baseline -0.003 -20"><span class='ocrx_word' id='word_1_732' title='bbox 2332 4028 2477 4082; x_wconf 78' lang='grc' dir='ltr'>ἐστιν</span> <span class='ocrx_word' id='word_1_733' title='bbox 2504 4027 2635 4098; x_wconf 83' lang='grc' dir='ltr'>ὲμδν</span> <span class='ocrx_word' id='word_1_734' title='bbox 2653 4028 2853 4096; x_wconf 79' lang='grc' dir='ltr'>δοῦναι,</span> <span class='ocrx_word' id='word_1_735' title='bbox 2896 4028 3013 4084; x_wconf 83' lang='grc' dir='ltr'>ἀλλ’</span> <span class='ocrx_word' id='word_1_736' title='bbox 3050 4025 3133 4094; x_wconf 78' lang='grc' dir='ltr'>οἷς</span> <span class='ocrx_word' id='word_1_737' title='bbox 3170 4032 3481 4102; x_wconf 72' lang='grc' dir='ltr'>ἡτοιμάσθη</span> <span class='ocrx_word' id='word_1_738' title='bbox 3515 4030 3611 4085; x_wconf 76' lang='grc' dir='ltr'><strong>ὑπὸ</strong></span> <span class='ocrx_word' id='word_1_739' title='bbox 3634 4028 3711 4083; x_wconf 80' lang='grc' dir='ltr'>τοῦ</span> <span class='ocrx_word' id='word_1_740' title='bbox 3743 4026 3818 4079; x_wconf 74' lang='lat' dir='ltr'><strong>II:-</strong></span> 
     </span>
    </p>
   </div>
   <div class='ocr_carea' id='block_1_97' title="bbox 2331 4121 2674 4192">
    <p class='ocr_par' dir='ltr' id='par_1_97' title="bbox 2331 4121 2674 4192">
     <span class='ocr_line' id='line_1_98' title="bbox 2331 4121 2674 4192; baseline 0.009 -20"><span class='ocrx_word' id='word_1_741' title='bbox 2331 4121 2460 4191; x_wconf 80' lang='grc' dir='ltr'>τρός</span> <span class='ocrx_word' id='word_1_742' title='bbox 2490 4137 2611 4192; x_wconf 83' lang='grc' dir='ltr'>μου.</span> <span class='ocrx_word' id='word_1_743' title='bbox 2652 4140 2674 4175; x_wconf 73' lang='grc' dir='ltr'><strong>ι</strong></span> 
     </span>
    </p>
   </div>
   <div class='ocr_carea' id='block_1_98' title="bbox 2333 4251 3819 4324">
    <p class='ocr_par' dir='ltr' id='par_1_98' title="bbox 2333 4251 3819 4324">
     <span class='ocr_line' id='line_1_99' title="bbox 2333 4251 3819 4324; baseline 0.009 -20"><span class='ocrx_word' id='word_1_744' title='bbox 2333 4252 2515 4307; x_wconf 81' lang='grc' dir='ltr'>ΤΙΤΛ.</span> <span class='ocrx_word' id='word_1_745' title='bbox 2563 4252 2696 4310; x_wconf 76' lang='grc' dir='ltr'><strong>ΜΓ.</strong></span> <span class='ocrx_word' id='word_1_746' title='bbox 2724 4285 2796 4295; x_wconf 93' lang='grc'><strong>-</strong></span> <span class='ocrx_word' id='word_1_747' title='bbox 2820 4255 2960 4324; x_wconf 76' lang='grc' dir='ltr'>Περὶ</span> <span class='ocrx_word' id='word_1_748' title='bbox 2999 4256 3344 4324; x_wconf 75' lang='grc' dir='ltr'>ἀπληστίας</span> <span class='ocrx_word' id='word_1_749' title='bbox 3369 4276 3384 4289; x_wconf 89' lang='grc'><strong>·</strong></span> <span class='ocrx_word' id='word_1_750' title='bbox 3428 4259 3525 4313; x_wconf 73' lang='grc' dir='ltr'><strong>καί</strong></span> <span class='ocrx_word' id='word_1_751' title='bbox 3566 4259 3645 4313; x_wconf 81' lang='grc' dir='ltr'>ὅτι</span> <span class='ocrx_word' id='word_1_752' title='bbox 3686 4251 3819 4317; x_wconf 48' lang='lat' dir='ltr'><strong>«uti</strong></span> 
     </span>
    </p>
   </div>
   <div class='ocr_carea' id='block_1_99' title="bbox 2403 4324 3772 4397">
    <p class='ocr_par' dir='ltr' id='par_1_99' title="bbox 2403 4324 3772 4397">
     <span class='ocr_line' id='line_1_100' title="bbox 2403 4324 3772 4397; baseline 0.009 -22"><span class='ocrx_word' id='word_1_753' title='bbox 2403 4338 2561 4388; x_wconf 84' lang='grc' dir='ltr'>στως</span> <span class='ocrx_word' id='word_1_754' title='bbox 2588 4324 2809 4392; x_wconf 73' lang='grc' dir='ltr'>ἔχομεν</span> <span class='ocrx_word' id='word_1_755' title='bbox 2826 4327 2975 4393; x_wconf 78' lang='grc' dir='ltr'>πρὸς</span> <span class='ocrx_word' id='word_1_756' title='bbox 3007 4326 3120 4395; x_wconf 78' lang='grc' dir='ltr'><strong>τὴν</strong></span> <span class='ocrx_word' id='word_1_757' title='bbox 3150 4329 3256 4382; x_wconf 84' lang='grc' dir='ltr'>τοῦ</span> <span class='ocrx_word' id='word_1_758' title='bbox 3286 4330 3571 4395; x_wconf 71' lang='grc' dir='ltr'>πλείονος</span> <span class='ocrx_word' id='word_1_759' title='bbox 3601 4326 3772 4397; x_wconf 78' lang='grc' dir='ltr'>ὄρεξιν-</span> 
     </span>
    </p>
   </div>
   <div class='ocr_carea' id='block_1_100' title="bbox 2410 4434 3819 4523">
    <p class='ocr_par' dir='ltr' id='par_1_100' title="bbox 2410 4434 3819 4523">
     <span class='ocr_line' id='line_1_101' title="bbox 2410 4434 3819 4523; baseline 0.006 -34"><span class='ocrx_word' id='word_1_760' title='bbox 2410 4452 2428 4485; x_wconf 75' lang='grc'><strong>(</strong></span> <span class='ocrx_word' id='word_1_761' title='bbox 2463 4434 2631 4506; x_wconf 78' lang='grc' dir='ltr'>’ᾼδης</span> <span class='ocrx_word' id='word_1_762' title='bbox 2651 4437 2746 4523; x_wconf 73' lang='grc' dir='ltr'>καὶ</span> <span class='ocrx_word' id='word_1_763' title='bbox 2801 4438 3045 4493; x_wconf 86' lang='grc' dir='ltr'>ἀπώλεια</span> <span class='ocrx_word' id='word_1_764' title='bbox 3077 4440 3181 4493; x_wconf 85' lang='grc' dir='ltr'>οὐκ</span> <span class='ocrx_word' id='word_1_765' title='bbox 3209 4442 3549 4512; x_wconf 74' lang='grc' dir='ltr'>ἐμπίπλαται</span> <span class='ocrx_word' id='word_1_766' title='bbox 3571 4458 3586 4473; x_wconf 87' lang='grc'><strong>·</strong></span> <span class='ocrx_word' id='word_1_767' title='bbox 3630 4437 3819 4497; x_wconf 74' lang='grc' dir='ltr'>ὡσαύτως</span> 
     </span>
    </p>
   </div>
   <div class='ocr_carea' id='block_1_101' title="bbox 2335 4524 3618 4604">
    <p class='ocr_par' dir='ltr' id='par_1_101' title="bbox 2335 4524 3618 4604">
     <span class='ocr_line' id='line_1_102' title="bbox 2335 4524 3618 4604; baseline 0.002 -25"><span class='ocrx_word' id='word_1_768' title='bbox 2335 4524 2429 4579; x_wconf 77' lang='grc' dir='ltr'>καὶ</span> <span class='ocrx_word' id='word_1_769' title='bbox 2459 4526 2507 4579; x_wconf 79' lang='lat' dir='ltr'><strong>oi</strong></span> <span class='ocrx_word' id='word_1_770' title='bbox 2535 4526 2801 4600; x_wconf 59' lang='grc' dir='ltr'><strong>ὀφθαλμοὶ¹</strong></span> <span class='ocrx_word' id='word_1_771' title='bbox 2827 4528 2934 4583; x_wconf 89' lang='grc' dir='ltr'><strong>τῶν</strong></span> <span class='ocrx_word' id='word_1_772' title='bbox 2956 4528 3261 4602; x_wconf 85' lang='grc' dir='ltr'>ἀνθρώπων</span> <span class='ocrx_word' id='word_1_773' title='bbox 3279 4531 3569 4604; x_wconf 73' lang='grc' dir='ltr'>ἄπληστοι.</span> <span class='ocrx_word' id='word_1_774' title='bbox 3600 4548 3618 4582; x_wconf 77' lang='grc' dir='ltr'><strong>ι</strong></span> 
     </span>
    </p>
   </div>
   <div class='ocr_carea' id='block_1_102' title="bbox 2408 4697 3817 4775">
    <p class='ocr_par' dir='ltr' id='par_1_102' title="bbox 2408 4697 3817 4775">
     <span class='ocr_line' id='line_1_103' title="bbox 2408 4697 3817 4775; baseline 0.002 -25"><span class='ocrx_word' id='word_1_775' title='bbox 2408 4716 2429 4750; x_wconf 79' lang='grc' dir='ltr'><strong>ι</strong></span> <span class='ocrx_word' id='word_1_776' title='bbox 2465 4698 2579 4751; x_wconf 80' lang='grc' dir='ltr'>Οὐκ</span> <span class='ocrx_word' id='word_1_777' title='bbox 2607 4697 3048 4770; x_wconf 76' lang='grc' dir='ltr'>ἐμπλησθήσεται</span> <span class='ocrx_word' id='word_1_778' title='bbox 3072 4701 3348 4774; x_wconf 78' lang='grc' dir='ltr'>ὀφθαλμὸς</span> <span class='ocrx_word' id='word_1_779' title='bbox 3373 4703 3471 4759; x_wconf 76' lang='grc' dir='ltr'><strong>τοῦ</strong></span> <span class='ocrx_word' id='word_1_780' title='bbox 3508 4703 3658 4775; x_wconf 77' lang='grc' dir='ltr'>ὁρᾷν,</span> <span class='ocrx_word' id='word_1_781' title='bbox 3690 4714 3759 4753; x_wconf 76' lang='grc' dir='ltr'><strong>και</strong></span> <span class='ocrx_word' id='word_1_782' title='bbox 3779 4713 3817 4747; x_wconf 79' lang='grc' dir='ltr'><strong>ω</strong></span> 
     </span>
    </p>
   </div>
   <div class='ocr_carea' id='block_1_103' title="bbox 2330 4785 3439 4863">
    <p class='ocr_par' dir='ltr' id='par_1_103' title="bbox 2330 4785 3439 4863">
     <span class='ocr_line' id='line_1_104' title="bbox 2330 4785 3439 4863; baseline 0.005 -23"><span class='ocrx_word' id='word_1_783' title='bbox 2330 4786 2750 4858; x_wconf 83' lang='grc' dir='ltr'>πληρωθήσεται</span> <span class='ocrx_word' id='word_1_784' title='bbox 2779 4785 2871 4853; x_wconf 83' lang='grc' dir='ltr'>οὖς</span> <span class='ocrx_word' id='word_1_785' title='bbox 2902 4790 3012 4843; x_wconf 83' lang='grc' dir='ltr'>ἀπὸ</span> <span class='ocrx_word' id='word_1_786' title='bbox 3040 4793 3382 4863; x_wconf 83' lang='grc' dir='ltr'>ἀκροάσεως.</span> <span class='ocrx_word' id='word_1_787' title='bbox 3420 4813 3439 4846; x_wconf 77' lang='grc' dir='ltr'><strong>ι</strong></span> 
     </span>
    </p>
   </div>
   <div class='ocr_carea' id='block_1_104' title="bbox 2408 4880 3571 4958">
    <p class='ocr_par' dir='ltr' id='par_1_104' title="bbox 2408 4880 3571 4958">
     <span class='ocr_line' id='line_1_105' title="bbox 2408 4880 3571 4958; baseline 0.005 -25"><span class='ocrx_word' id='word_1_788' title='bbox 2408 4899 2427 4933; x_wconf 79' lang='grc' dir='ltr'><strong>ι</strong></span> <span class='ocrx_word' id='word_1_789' title='bbox 2463 4880 2540 4935; x_wconf 80' lang='grc' dir='ltr'><strong>Δι’</strong></span> <span class='ocrx_word' id='word_1_790' title='bbox 2564 4881 2872 4953; x_wconf 81' lang='grc' dir='ltr'>ἀπληστίαν</span> <span class='ocrx_word' id='word_1_791' title='bbox 2904 4883 3090 4938; x_wconf 79' lang='grc' dir='ltr'>πολλοὶ</span> <span class='ocrx_word' id='word_1_792' title='bbox 3127 4886 3509 4958; x_wconf 73' lang='grc' dir='ltr'>ἐτελεύτησαν.</span> <span class='ocrx_word' id='word_1_793' title='bbox 3552 4907 3571 4939; x_wconf 72' lang='grc' dir='ltr'><strong>ι</strong></span> 
     </span>
    </p>
   </div>
   <div class='ocr_carea' id='block_1_105' title="bbox 2414 5084 3816 5157">
    <p class='ocr_par' dir='ltr' id='par_1_105' title="bbox 2414 5084 3816 5157">
     <span class='ocr_line' id='line_1_106' title="bbox 2414 5084 3816 5157; baseline 0.005 -19"><span class='ocrx_word' id='word_1_794' title='bbox 2414 5084 2714 5155; x_wconf 79' lang='grc' dir='ltr'>’Δπληστία</span> <span class='ocrx_word' id='word_1_795' title='bbox 2746 5085 3021 5157; x_wconf 84' lang='grc' dir='ltr'>σώματος,</span> <span class='ocrx_word' id='word_1_796' title='bbox 3048 5087 3289 5152; x_wconf 76' lang='grc' dir='ltr'>καὶτοὺς</span> <span class='ocrx_word' id='word_1_797' title='bbox 3318 5088 3387 5142; x_wconf 78' lang='grc' dir='ltr'><strong>τὰ</strong></span> <span class='ocrx_word' id='word_1_798' title='bbox 3408 5089 3536 5144; x_wconf 82' lang='grc' dir='ltr'>ἀλλα</span> <span class='ocrx_word' id='word_1_799' title='bbox 3572 5085 3735 5157; x_wconf 68' lang='grc' dir='ltr'>σοφοὺς</span> <span class='ocrx_word' id='word_1_800' title='bbox 3756 5084 3816 5133; x_wconf 70' lang='grc' dir='ltr'><strong>ἒιο</strong></span> 
     </span>
    </p>
   </div>
   <div class='ocr_carea' id='block_1_106' title="bbox 2335 5150 3816 5250">
    <p class='ocr_par' dir='ltr' id='par_1_106' title="bbox 2335 5150 3816 5250">
     <span class='ocr_line' id='line_1_107' title="bbox 2335 5150 3816 5250; baseline 0.001 -24"><span class='ocrx_word' id='word_1_801' title='bbox 2335 5174 2545 5245; x_wconf 84' lang='grc' dir='ltr'>μαίνειν</span> <span class='ocrx_word' id='word_1_802' title='bbox 2566 5174 2809 5242; x_wconf 81' lang='grc' dir='ltr'>δύναται,</span> <span class='ocrx_word' id='word_1_803' title='bbox 2842 5176 2936 5229; x_wconf 78' lang='grc' dir='ltr'>καὶ</span> <span class='ocrx_word' id='word_1_804' title='bbox 2961 5179 3139 5250; x_wconf 86' lang='grc' dir='ltr'>χεῖρον</span> <span class='ocrx_word' id='word_1_805' title='bbox 3174 5181 3393 5249; x_wconf 79' lang='grc' dir='ltr'>φρονεῖν</span> <span class='ocrx_word' id='word_1_806' title='bbox 3427 5150 3675 5249; x_wconf 52' lang='grc' dir='ltr'>βιάζεται,</span> <span class='ocrx_word' id='word_1_807' title='bbox 3701 5170 3816 5226; x_wconf 67' lang='grc' dir='ltr'>καθά·</span> 
     </span>
    </p>
   </div>
   <div class='ocr_carea' id='block_1_107' title="bbox 2332 5266 3767 5341">
    <p class='ocr_par' dir='ltr' id='par_1_107' title="bbox 2332 5266 3767 5341">
     <span class='ocr_line' id='line_1_108' title="bbox 2332 5266 3767 5341; baseline -0.017 1"><span class='ocrx_word' id='word_1_808' title='bbox 2332 5284 2436 5340; x_wconf 79' lang='grc' dir='ltr'><strong>περ</strong></span> <span class='ocrx_word' id='word_1_809' title='bbox 2465 5266 2721 5341; x_wconf 69' lang='grc' dir='ltr'><strong>ὑδριστῆς</strong></span> <span class='ocrx_word' id='word_1_810' title='bbox 2750 5268 2950 5335; x_wconf 74' lang='grc' dir='ltr'>πῶλος,</span> <span class='ocrx_word' id='word_1_811' title='bbox 2982 5269 3074 5323; x_wconf 81' lang='grc' dir='ltr'>τὸν</span> <span class='ocrx_word' id='word_1_812' title='bbox 3100 5270 3355 5341; x_wconf 82' lang='grc' dir='ltr'>λογισμὸν</span> <span class='ocrx_word' id='word_1_813' title='bbox 3381 5269 3767 5340; x_wconf 70' lang='grc' dir='ltr'>συναρπάζοντα.</span> 
     </span>
    </p>
   </div>
   <div class='ocr_carea' id='block_1_108' title="bbox 2402 5550 3814 5635">
    <p class='ocr_par' dir='ltr' id='par_1_108' title="bbox 2402 5550 3814 5635">
     <span class='ocr_line' id='line_1_109' title="bbox 2402 5550 3814 5635; baseline -0.007 -18"><span class='ocrx_word' id='word_1_814' title='bbox 2402 5561 2638 5626; x_wconf 78' lang='grc' dir='ltr'>Ἀὓπνός</span> <span class='ocrx_word' id='word_1_815' title='bbox 2673 5561 2789 5615; x_wconf 78' lang='grc' dir='ltr'>ἐστι</span> <span class='ocrx_word' id='word_1_816' title='bbox 2848 5560 2945 5614; x_wconf 80' lang='grc' dir='ltr'>καὶ</span> <span class='ocrx_word' id='word_1_817' title='bbox 2972 5562 3269 5635; x_wconf 82' lang='grc' dir='ltr'>ἀκοίμητος</span> <span class='ocrx_word' id='word_1_818' title='bbox 3303 5562 3438 5635; x_wconf 81' lang='grc' dir='ltr'>πρὸς</span> <span class='ocrx_word' id='word_1_819' title='bbox 3462 5562 3558 5632; x_wconf 77' lang='grc' dir='ltr'>τὴν</span> <span class='ocrx_word' id='word_1_820' title='bbox 3580 5556 3663 5612; x_wconf 81' lang='grc' dir='ltr'>τοῦ</span> <span class='ocrx_word' id='word_1_821' title='bbox 3686 5550 3814 5607; x_wconf 65' lang='grc' dir='ltr'>πλείο-</span> 
     </span>
    </p>
   </div>
   <div class='ocr_carea' id='block_1_109' title="bbox 2329 5652 3335 5726">
    <p class='ocr_par' dir='ltr' id='par_1_109' title="bbox 2329 5652 3335 5726">
     <span class='ocr_line' id='line_1_110' title="bbox 2329 5652 3335 5726; baseline 0.001 -15"><span class='ocrx_word' id='word_1_822' title='bbox 2329 5675 2416 5721; x_wconf 87' lang='grc' dir='ltr'><strong>νος</strong></span> <span class='ocrx_word' id='word_1_823' title='bbox 2450 5654 2737 5725; x_wconf 77' lang='grc' dir='ltr'>ἐπιθυμίαν</span> <span class='ocrx_word' id='word_1_824' title='bbox 2758 5654 2791 5722; x_wconf 81' lang='grc' dir='ltr'>ἡ</span> <span class='ocrx_word' id='word_1_825' title='bbox 2822 5652 3134 5726; x_wconf 77' lang='grc' dir='ltr'>ἀνθρωπίνη</span> <span class='ocrx_word' id='word_1_826' title='bbox 3157 5657 3335 5725; x_wconf 81' lang='grc' dir='ltr'>φύσις.</span> 
     </span>
    </p>
   </div>
   <div class='ocr_carea' id='block_1_110' title="bbox 2408 5733 3814 5817">
    <p class='ocr_par' dir='ltr' id='par_1_110' title="bbox 2408 5733 3814 5817">
     <span class='ocr_line' id='line_1_111' title="bbox 2408 5733 3814 5817; baseline -0.007 -17"><span class='ocrx_word' id='word_1_827' title='bbox 2408 5747 2466 5799; x_wconf 89' lang='lat'><strong>&#39;0</strong></span> <span class='ocrx_word' id='word_1_828' title='bbox 2506 5743 2707 5815; x_wconf 79' lang='grc' dir='ltr'>φαῦλος</span> <span class='ocrx_word' id='word_1_829' title='bbox 2736 5742 2823 5797; x_wconf 81' lang='grc' dir='ltr'>ἀεὶ</span> <span class='ocrx_word' id='word_1_830' title='bbox 2854 5743 3133 5817; x_wconf 80' lang='grc' dir='ltr'>πολυδεὴς,</span> <span class='ocrx_word' id='word_1_831' title='bbox 3170 5746 3257 5800; x_wconf 73' lang='grc' dir='ltr'>ἀεὶ</span> <span class='ocrx_word' id='word_1_832' title='bbox 3286 5746 3453 5801; x_wconf 67' lang='grc' dir='ltr'>διψῶν</span> <span class='ocrx_word' id='word_1_833' title='bbox 3496 5742 3594 5797; x_wconf 83' lang='grc' dir='ltr'><strong>τῶν</strong></span> <span class='ocrx_word' id='word_1_834' title='bbox 3620 5733 3814 5794; x_wconf 72' lang='grc' dir='ltr'>ἁπάντων</span> 
     </span>
    </p>
   </div>
  </div>
