3910 6412
80 346 214 411 1253

1328 351 1566 411 saeua
1606 329 2092 414 PARAILELA."

3172 351 3311 417 1254

65 466 340 535 ἀπλήστου
369 462 463 518 καὶ
499 463 795 535 ἀκορέστου
826 463 987 534 χάριν
1030 462 1326 535 ἐπιθυμίας
1348 507 1362 532 ,
1390 465 1425 536 ἢ
1463 462 1632 535 πυρὸς

1768 470 1869 524 get:
1908 477 2129 533 semper
2167 462 2289 519 sitit
2321 472 2555 534 propter
2608 467 2997 536 inexplebilem
3041 469 3317 539 cupidita-

67 556 223 628 δίκην
247 555 420 610 πάντα
452 556 627 628 μικρά
652 572 731 620 τε,
759 556 853 610 καὶ
884 554 1095 626 μεγάλα
1128 554 1295 609 πίνει.

369 778 552 833 ΤΙΤΛ.
586 778 717 832 MA'.
746 809 817 818 —
844 777 983 846 Hspl
998 775 1297 847 ’ἀδελφῶν

136 908 156 941 ι
194 889 268 942 Οὐ
325 888 583 961 μισήσεις
629 889 720 942 τὸν
769 887 1001 958 ἀδελφόν
1045 905 1140 942 σου
1194 889 1254 942 ὲν
1307 889 1375 959 τῇ
1423 887 1635 961 διανοίᾳ

63 998 186 1033 σου.
214 998 233 1031 ι

134 1091 155 1123 ι
207 1072 337 1126 Ἰδοὺ
366 1070 429 1142 δὴ
447 1070 499 1125 τί
526 1071 710 1137 καλὸν,
741 1071 774 1143 ἦ
805 1072 857 1125 τί
877 1070 1133 1144 τερπνὸν,
1161 1070 1277 1125 ἀλλ’
1304 1071 1339 1142 ἢ
1361 1071 1422 1126 τὸ
1449 1089 1636 1126 κατοιο

59 1166 180 1217 κεῖν
209 1164 470 1234 ἀδελφοὺς
500 1165 594 1217 ἐπὶ
618 1164 681 1217 τὸ
718 1164 874 1219 αὐτό.
916 1183 936 1217 3

135 1275 155 1309 ι
206 1256 449 1325 Ἀδελφοὶ
481 1257 540 1310 ὲν
564 1257 776 1329 ἀνάγκη
797 1257 1058 1328 χρήσιμοι
1077 1255 1340 1311 ἔστωσαν.
1373 1274 1391 1308 3

134 1452 155 1485 ‹
205 1432 456 1502 ’ἁδελφὸς
502 1430 605 1486 ὑπὸ
658 1430 888 1501 ἀδελφοῦ
946 1430 1328 1502 βοηθούμενος,
1371 1429 1449 1493 ὡς
1480 1429 1635 1495 πόλις

59 1527 395 1598 ίσχυρὰ,καὶ
419 1525 617 1598 ὑψηλή.
659 1525 854 1596 Ἰσχύει
894 1525 953 1579 δὲ
994 1523 1185 1597 ὥσπερ
1230 1524 1635 1595 τεθεμελιωμέ-

55 1636 144 1673 νον
179 1618 470 1688 βασίλειον.
509 1635 529 1669 3

128 1728 149 1760 ι
189 1709 299 1771 Πᾶς
338 1710 367 1761 ὁ
407 1708 637 1777 ἀδελφὸν
682 1706 894 1778 πτωχὸν
943 1706 1140 1779 μισῶν,
1184 1706 1368 1777 φιλίας
1407 1705 1629 1778 μακράν

54 1804 226 1856 ἐστιν.
270 1818 290 1852 3

126 1915 145 1947 ι
188 1893 469 1965 Κρείστων
521 1892 675 1964 φίλος
723 1894 914 1964 ἐγγὺς,
960 1894 1011 1965 ῆι
1038 1892 1267 1964 ἀδελφὸς
1300 1895 1520 1966 μακρὰν
1550 1893 1632 1948 ol—

54 2002 190 2041 κων.
222 2004 242 2037 ι

127 2098 149 2131 ι
201 2076 444 2146 Ἀδελφοὶ
474 2076 568 2129 καλ⁵
601 2074 821 2147 βοήθεια
846 2075 905 2129 ἐν
936 2074 1111 2147 καιρῷ
1143 2074 1397 2147 θλίψεως.
1434 2094 1454 2129 3

123 2276 143 2308 ε
193 2256 287 2326 Μὴ
335 2253 570 2326 ἀλλάξῃς
611 2252 841 2324 ἀδελφὸν
871 2254 1093 2325 γνήσιον
1150 2255 1207 2306 ὲν
1260 2251 1468 2324 χρυσίῳ
1498 2253 1631 2306 Σου-

51 2344 173 2412 (pip.
215 2360 236 2393 3

49 2454 236 2507 ΤΙΤΛ.
266 2450 399 2508 ΜΕ’.
432 2481 502 2493 -
539 2455 678 2521 Περι
723 2452 1052 2538 αἰτούντων
1074 2491 1091 2517 ,
1142 2451 1337 2521 ἤγουν
1376 2467 1631 2521 προσαι-

705 2539 809 2576 του
814 2538 991 2575 ντων.

121 2656 142 2689 ι
186 2635 411 2700 Τέκνον,
440 2633 584 2706 ζωην
615 2635 953 2705 ὲπαιτήσεως
983 2634 1060 2704 μὴ
1102 2633 1323 2706 βιώσῃς.
1359 2634 1629 2707 Κρεϊσσον

48 2730 153 2802 γὰρ
189 2728 501 2792 ἀποθανεῖν,
543 2728 577 2798 ἢ
635 2728 900 2781 ἐπαιτεῖν.
961 2727 1048 2780 Ἐν
1097 2726 1327 2798 στόματι
1372 2727 1630 2793 ἀναιδοῦς

50 2820 492 2890 γλυκανθήσεται
530 2820 870 2890 ὲπαιτήσεως
914 2818 1081 2881 δόσις,
1119 2818 1214 2871 καὶ
1241 2819 1299 2871 ὲν
1326 2818 1506 2891 κοιλίᾳ
1534 2819 1629 2872 αὐο

48 2914 140 2968 τοῦ
174 2913 289 2984 πῦρ
317 2913 611 2985 καήσεται.
652 2931 671 2964 3

289 3029 469 3081 TITA.
499 3026 648 3097 MCT.
671 3059 741 3069 —
771 3028 907 3095 Περὶ
939 3027 1395 3099 αἰσχρολογίας.

120 3162 141 3196 ι
179 3140 497 3214 Φθείρουσιν
516 3141 621 3214 ἢθη
646 3142 856 3214 χρηστὰ
886 3142 1093 3213 ὁμιλίαι
1128 3143 1318 3198 κακαί.
1359 3162 1377 3195 3
1652 3184 1695 3242 ο

120 3342 139 3375 ι
178 3322 301 3384 Πᾶς
327 3319 483 3388 λόγος
512 3318 720 3389 σαπρὸς
752 3318 826 3390 μὴ
858 3318 1241 3389 ἐκπορευέσθω
1276 3319 1339 3373 ἐκ
1371 3318 1467 3372 τοῦ
1510 3317 1631 3373 στό-

49 3431 227 3485 ματος
257 3411 433 3484 ὐμῶν,
468 3410 581 3464 ἀλλ’
611 3410 663 3463 ετ
686 3427 770 3472 τις
791 3409 993 3479 ἀγαθὸς
1036 3410 1172 3482 πρὸς
1213 3410 1501 3482 οἰκοδομὴν
1529 3410 1628 3481 τῆς

45 3507 265 3579 χρείας,
296 3504 385 3558 ἶνα
403 3503 480 3573 δῷ
507 3504 669 3574 χάριν
698 3505 807 3565 τοῖς
833 3502 1143 3557 ἁκούουσιν.
1179 3520 1197 3553 3
1650 3536 1653 3539 λ

119 3621 137 3653 ε
180 3597 486 3668 Ᾱισχρότης
522 3596 616 3650 καὶ
648 3594 977 3666 μωρολογία,
1011 3594 1041 3665 ἢ
1073 3594 1431 3665 εὐτραπελία,
1458 3596 1529 3651 τὰ
1552 3596 1628 3669 μὴ

44 3695 347 3764 ἀνήκοντα,
384 3688 517 3761 μηδὲ
540 3688 994 3759 ὀνομαζέσθωσαν
1022 3688 1080 3741 ὲν
1110 3688 1260 3759 ὑμῖν,
1285 3688 1469 3753 καθὼς
1496 3688 1628 3760 πρέ-

40 3801 135 3837 ⁴πει
170 3782 383 3852 ἁγίοις.
424 3799 443 3833 3

114 3985 137 4019 ι
178 3960 547 4033 Αίσχρολογία
601 3959 678 4033 μὴ
744 3959 1048 4031 ἐξερχεσθω
1100 3960 1164 4013 ἐκ
1214 3958 1307 4013 τοῦ
1354 3959 1626 4032 πόματος

39 4054 70 4107 ὑ
78 4055 231 4125 μῶν.
274 4072 295 4103 3

123 4147 201 4200 Ἠ
256 4143 366 4198 τῶν
397 4143 567 4214 λόγων
602 4142 854 4215 συνήθεια
875 4142 990 4207 ὁδός
1015 4143 1163 4197 ἐστιν
1197 4142 1291 4195 ἐπὶ
1346 4142 1413 4197 τὰ
1444 4143 1625 4215 πράγ-

41 4256 223 4308 ματα.
265 4236 359 4289 Διὺ
385 4237 533 4309 πάσῃ
562 4235 773 4307 φυλακῇ
798 4235 894 4307 τὴν
911 4235 1088 4308 ψυχὴν
1118 4237 1404 4308 τηρητέον,
1440 4239 1515 4309 μὴ
1536 4237 1628 4292 διὰ

32 4331 144 4401 τῆς
180 4329 297 4382 τῶν
332 4327 507 4396 λόγων
544 4328 739 4399 ἡδονῆς
795 4326 1230 4397 παραδεξάμενοί
1255 4344 1328 4393 τι,
1374 4324 1626 4398 λάθωμεν

34 4422 153 4474 τῶν
180 4417 446 4489 χειρόνων
472 4456 487 4481 ,
524 4419 712 4489 ὥσπερ
755 4416 1199 4489 καταδηλιιτήρια
1234 4417 1374 4490 μετὰ
1400 4418 1496 4473 τοῦ
1526 4418 1627 4490 μέ-

35 4511 197 4576 λιτος
222 4509 595 4583 προσιέμενοι.

111 4708 319 4767 Κεικοῦ
346 4711 542 4782 μελέτη
572 4709 748 4784 χρόνῳ
792 4708 1154 4781 βεϐαιωθεῖσα
1182 4708 1431 4773 δυσίατος
1455 4709 1624 4777 ἐστιν,

30 4807 67 4877 ἦ
100 4806 212 4860 καὶ
261 4802 542 4868 παντελῶς
587 4806 666 4868 εἰς
698 4802 859 4873 φύσιν
898 4802 975 4866 ὡς
1019 4801 1087 4856 τὰ
1133 4800 1306 4856 πολλὰ
1344 4801 1440 4855 τοῦ
1473 4801 1628 4867 ἔθους

34 4894 487 4969 μεθισταμένου.

114 5169 310 5237 Κηρῷ
344 5168 414 5222 τὰ
434 5163 556 5224 ὦτα
586 5168 824 5238 φράσονε
848 5168 997 5238 πρὸς
1010 5175 1292 5238 Δςραυλους
1314 5168 1557 5238 λόγους,
1586 5172 1597 5185 ³

126 5239 333 5313 ’ῼδῶν
362 5256 425 5293 τε
453 5237 722 5308 τερπνῶν
744 5237 967 5308 ἐκμελῆ
1004 5237 1371 5308 λυγίσματα.

113 5332 362 5401 Αἰσχροὶ
416 5332 511 5385 καὶ
569 5332 855 5395 είκαῐοι,οί
884 5330 942 5383 ὲν
985 5332 1099 5393 τοῖς
1131 5329 1381 5400 ματαίοις
1408 5332 1631 5401 εὐφυΐαν

30 5426 555 5490 ἀνεπιδεικνύντες,
583 5423 798 5495 βραδεῖς
826 5422 925 5494 μὲν
949 5422 1103 5486 ὄντες
1129 5422 1198 5477 τὰ
1219 5422 1358 5477 καλὰ
1384 5425 1632 5480 παιδεύε-

30 5522 208 5583 σθαι,
244 5517 318 5571 τὰ
345 5518 403 5572 δὲ
432 5517 649 5572 ἐναντία
687 5515 975 5571 μανθάνειν
1002 5513 1251 5582 ὀξύτατοι
1288 5516 1383 5570 καὶ
1410 5532 1632 5589 προχει-

34 5608 149 5679 pix:
158 5621 312 5660 ατοι.

125 5782 535 5855 Αἰσχρολογίας
565 5785 745 5850 αὐτοῖς
774 5802 834 5840 τε
869 5786 999 5858 ἡμῖν
1025 5784 1304 5851 παντελῶς
1345 5766 1646 5859 ἀφεκτέονξ

1741 559 1874 616 tem,
1911 569 2017 623 qua
2054 554 2202 609 velut
2253 555 2394 625 ignis
2441 558 2497 609 in
2522 557 2731 621 omnia,
2771 566 2878 613 tam
2931 575 3098 631 parva
3154 574 3318 627 quam

1740 659 1959 715 magna,
1990 655 2297 716 grassatur.

1982 779 2147 850 379
2191 778 2326 833 TIT.
2356 779 2544 835 XLIV.
2576 814 2645 824 —
2676 783 2754 838 De
2783 783 3067 853 fratribus.

1809 886 1981 945 Levit.
2010 906 2124 952 xix,
2163 888 2249 942 17.
2276 917 2344 929 -—
2380 909 2397 942 ι
2436 891 2555 945 Non
2592 894 2779 950 oderis
2819 895 3045 949 fratrem
3078 902 3233 950 tuum
3262 895 3315 949 ir

1738 993 1920 1039 mente
1943 993 2055 1038 tua.
2092 1002 2113 1035 ι

1807 1076 1958 1130 Psal.
1984 1091 2191 1142 cum,
2232 1081 2374 1135 1.-
2411 1099 2428 1131 ι
2463 1079 2601 1135 Ecce
2637 1095 2800 1151 quam
2828 1080 3131 1144 bonutu,et
3154 1095 3318 1151 quam

1731 1167 2059 1240 jucundum,
2088 1169 2338 1225 habitare
2367 1170 2567 1227 fratres
2607 1174 2658 1227 in
2698 1187 2891 1226 unum.
2934 1190 2953 1222 3

1812 1258 1970 1314 Prov.
2012 1276 2156 1327 xvn,
2203 1261 2289 1315 17.
2332 1293 2403 1302 —
2448 1281 2468 1314 ι
2525 1262 2748 1319 Fratres
2788 1263 2844 1316 in
2889 1262 3319 1318 necessitatibus

1735 1351 1900 1407 utiles
1937 1352 2068 1407 sint.
2104 1372 2122 1405 3

1808 1444 1964 1499 Prov.
1998 1462 2155 1510 xvm,
2176 1446 2262 1500 19.
2284 1475 2354 1485 -
2373 1463 2392 1496 ι
2417 1443 2611 1500 Frater
2637 1447 2731 1517 qui
2754 1447 3048 1516 adjuvatur
3070 1462 3100 1501 a
3124 1446 3315 1511 fratre,

1733 1536 1896 1605 quasi
1922 1537 2121 1593 civitas
2155 1539 2308 1592 firma
2340 1546 2394 1593 et
2416 1539 2635 1593 excelsa
2667 1557 2683 1593 ;
2716 1538 2875 1596 fortis
2909 1549 3091 1596 autem
3123 1548 3208 1595 est
3236 1542 3315 1594 uti

1733 1627 1882 1696 regia
1922 1627 2169 1684 fundata.
2202 1648 2221 1682 3
3169 1699 3172 1703 ν

1808 1721 1966 1776 Prov.
1994 1740 2106 1787 xIx,
2146 1726 2198 1779 7.
2226 1756 2298 1766 —
2332 1748 2350 1779 ι
2387 1726 2579 1781 Omnis
2609 1727 2699 1796 qui
2742 1741 3040 1797 pauperem
3090 1727 3314 1782 fratrem

1661 1837 1705 1892 Β
1733 1816 1862 1872 odio
1889 1817 2075 1882 habet,
2108 1821 2175 1874 ab
2208 1821 2452 1875 amicitia
2484 1822 2645 1891 longe
2682 1829 2929 1875 remotus
2957 1827 3062 1876 est.

1805 1907 1962 1962 Prov.
2007 1925 2177 1973 xxvn,
2214 1911 2301 1964 10.
2328 1940 2400 1950 -
2431 1930 2450 1962 ι
2483 1910 2674 1965 Melior
2712 1919 2799 1966 est
2827 1910 3050 1967 vicinus
3079 1911 3311 1979 amicus,

1733 2015 1897 2071 quam
1933 2000 2106 2055 frater
2134 2002 2291 2073 longe
2321 2003 2598 2057 habitans.
2640 2022 2659 2056 3

1803 2089 1972 2146 Eccli.
2009 2107 2099 2157 ιι,
2131 2090 2221 2145 24.
2252 2123 2320 2133 —
2357 2111 2376 2145 ι
2410 2090 2634 2149 Fratres
2688 2092 3029 2163 adiutorium
3074 2103 3208 2150 sunt
3258 2095 3309 2150 in

1731 2182 1819 2238 die
1854 2184 2248 2239 tribulationis.
2288 2203 2307 2237 3

1804 2270 1973 2327 Eccli.
2015 2288 2113 2335 vn,
2173 2274 2354 2328 l8.-—
2408 2293 2426 2325 ι
2473 2273 2550 2330 Ne
2598 2275 3031 2331 commutaveris
3087 2274 3305 2330 fratreu'

1731 2363 2008 2419 sincerum
2051 2380 2185 2419 auro
2220 2365 2444 2434 Sopliir.
2488 2384 2507 2418 3

2011 2479 2144 2535 TIT.
2181 2480 2345 2536 XLV.
2369 2512 2441 2522 —
2472 2481 2547 2536 De
2585 2482 3007 2538 mendicantibus

1800 2650 1969 2707 Eccli.
2004 2670 2092 2717 ιι..
2124 2654 2214 2720 28,
2251 2655 2341 2711 30.
2366 2686 2433 2697 —-
2464 2676 2482 2710 ι
2514 2656 2642 2721 Fili,
2681 2674 2751 2715 ne
2777 2660 2945 2714 vitam
2979 2674 3111 2731 agas
3157 2677 3310 2717 men-

1728 2740 1863 2796 dici.
1892 2743 2089 2799 Melius
2120 2754 2207 2800 est
2252 2747 2397 2801 enim
2449 2748 2610 2813 mori,
2651 2765 2818 2819 quam
2878 2750 3214 2806 mendicare.
3248 2749 3312 2805 In

1728 2848 1825 2889 ore
1878 2836 2215 2906 impudentis
2269 2839 2695 2895 condulcabitur
2735 2842 3160 2900 mendicationis
3208 2845 3294 2900 do-

1728 2938 1880 2992 num,
1910 2933 1962 2979 et
1996 2925 2047 2979 iu
2082 2936 2271 2981 ventre
2300 2930 2421 2997 ejus
2460 2930 2601 2998 ignis
2632 2931 2868 2987 ardebit.
2911 2950 2930 2984 3

2044 3035 2180 3091 TIT.
2213 3037 2399 3094 XLVI.
2431 3070 2501 3080 —
2537 3042 2609 3097 De
2642 3044 2986 3115 turpiloquio.

1800 3146 1830 3202 I
1858 3146 1980 3203 Cor.
2026 3168 2117 3213 xv,
2167 3154 2256 3207 33.
2298 3184 2369 3193 —
2407 3174 2425 3207 ι
2473 3155 2846 3230 Corrumpunt
2898 3160 3075 3216 bonos
3127 3178 3313 3218 mores

1730 3241 2007 3311 colloquia
2041 3258 2228 3312 prava.
2262 3265 2280 3296 3

1801 3331 1991 3400 Ephes.
2018 3350 2091 3397 IV,
2129 3335 2214 3391 l9.
2243 3368 2313 3377 —
2356 3358 2374 3389 ‹
2406 3313 2599 3395 ὸιιιηῖε
2644 3357 2830 3397 sermo
2872 3344 3049 3399 malus
3095 3344 3163 3400 de
3214 3361 3313 3403 ore

1728 3433 1913 3479 vestro
1946 3442 2050 3480 non
2086 3429 2347 3497 procedat
2379 3448 2391 3483 :
2427 3432 2518 3486 sed
2553 3436 2598 3488 si
2643 3434 2769 3503 quis
2814 3434 2991 3489 bonus
3019 3435 3087 3490 ad
3136 3436 3311 3492 aedili-

1729 3516 2000 3570 cationem
2046 3520 2432 3586 necessitatis,
2483 3531 2543 3577 ut
2597 3523 2689 3579 det
2738 3527 2970 3596 gratiam
3029 3527 3314 3583 audienti-

1728 3604 1854 3660 bus.
1893 3624 1912 3657 3

1801 3696 1990 3763 Ephes.
2015 3714 2071 3764 v,
2105 3701 2158 3755 4.
2183 3729 2255 3741 --
2290 3719 2309 3753 ι
2336 3700 2668 3773 Turpitudo,
2702 3714 2756 3759 et
2796 3705 3219 3778 stultiloquium,
3252 3719 3308 3765 et

1728 3790 2058 3857 scurrilitas,
2087 3807 2208 3862 qua:
2226 3793 2291 3847 ad
2321 3809 2433 3848 rem
2464 3810 2571 3849 non
2601 3797 2899 3866 pertinent,
2928 3815 2995 3855 ne
3015 3802 3291 3859 nominen-

1726 3889 1817 3936 tur
1846 3884 1898 3937 in
1934 3885 2113 3951 vobis,
2152 3886 2295 3941 sicut
2318 3887 2477 3942 decet
2505 3898 2751 3947 sanctos.
2786 3910 2805 3943 3

1799 3970 2007 4029 Coloss.
2050 3991 2131 4040 ιιι,
2162 3975 2216 4031 8.
2243 4006 2314 4019 —
2367 3996 2386 4029 ι
2419 3975 2621 4049 Turpis
2655 3996 2837 4036 sermo
2874 3998 2983 4038 non
3030 3995 3187 4040 exeat
3235 3983 3304 4040 de

1726 4079 1822 4118 ore
1856 4077 2059 4121 VGSU‘O.
2096 4084 2115 4117 Ι

1796 4152 1962 4209 Basil.
2008 4154 2179 4210 Serm.
2217 4155 2285 4209 ad
2321 4156 2445 4226 jun.
2476 4189 2548 4199 -—
2576 4158 2905 4217 Sermonum
2960 4168 3304 4224 consuetudo

1727 4246 1796 4303 ad
1823 4262 1911 4301 res
1944 4248 2095 4316 ipsas
2122 4249 2267 4303 viam
2317 4251 2528 4319 pandit.
2561 4252 2832 4319 Quocirca
2874 4255 3303 4329 diligentissime

1725 4338 2137 4396 conservandus
2167 4351 2252 4397 est
2284 4342 2500 4399 animus
2526 4383 2541 4408 ,
2588 4361 2657 4401 ne
2704 4362 2801 4415 per
2848 4364 3165 4405 sermonum
3201 4368 3301 4407 vo-

1726 4428 2008 4498 luptatem,
2045 4429 2174 4484 mali
2202 4431 2483 4501 quidpiam
2519 4433 2898 4503 imprudentes
2917 4439 3298 4509 excipiamus;

1654 4523 1699 4579 D
1728 4536 1838 4574 non
1882 4535 2045 4576 secus
2074 4536 2139 4577 ac
2172 4522 2222 4578 si
2265 4525 2444 4579 toxica
2477 4525 2639 4582 melle
2678 4526 2924 4583 delibuta
2982 4530 3301 4591 admittere-

1728 4626 1876 4666 mus.

1798 4701 2070 4771 Ejusdem.
2096 4702 2310 4758 —Mali
2345 4706 2586 4760 studium
2635 4706 2999 4767 diuturnitate
3034 4714 3298 4785 temporis

1727 4795 2137 4859 confirmatum,
2165 4797 2252 4849 vix
2278 4811 2542 4867 unquam,
2566 4813 2630 4854 ac
2657 4816 2725 4855 ne
2752 4802 2841 4857 vix
2872 4804 3091 4874 quidem
3113 4808 3297 4863 curari

1728 4895 1929 4959 potest,
1972 4888 2373 4945 consuetudine
2408 4890 2735 4963 plerumque
2790 4894 2844 4950 in
2897 4906 3151 4955 naturam
3196 4902 3293 4955 mi-

1727 4987 1939 5049 grante.

2114 5067 2173 5124 S.
2200 5069 2355 5141 (ἔτερ.
2389 5070 2531 5130 Naz.
2563 5073 2795 5135 Tetrast.
2825 5078 2913 5133 17.

1908 5156 2137 5212 Occlude
2160 5174 2281 5213 cera
2312 5161 2553 5231 turpibus
2580 5167 2746 5219 verbis
2780 5176 2900 5221 tuas

1905 5231 2097 5295 Aures,
2122 5231 2367 5300 sonisque
2399 5244 2648 5288 cantuum
2684 5236 3036 5291 mollissimis.

1804 5320 2059 5375 Philonis.
2091 5350 2162 5360 —
2188 5319 2402 5393 Turpes
2436 5334 2491 5381 et
2520 5327 2646 5381 vani
2682 5338 2810 5382 sunt
2850 5328 2952 5393 illi,
2988 5329 3079 5399 qui
3115 5330 3172 5385 in
3211 5346 3297 5386 re-

1729 5411 1834 5467 bus
1874 5412 2031 5467 vanis
2066 5412 2270 5483 ingenii
2310 5417 2591 5486 specimen
2627 5417 2816 5485 edunt,
2855 5428 2910 5475 et
2954 5436 3077 5476 cum
3108 5422 3175 5478 ad
3206 5438 3295 5480 res

1730 5505 2024 5577 praeclaras
2058 5504 2419 5563 addiscendas
2451 5510 2593 5566 tardi
2625 5513 2758 5577 sint,
2786 5521 2979 5569 contra
3012 5516 3078 5571 ad
3106 5523 3295 5589 turpes

1730 5595 2123 5670 perpetrandas
2168 5598 2489 5658 celerrimos
2543 5617 2605 5658 se
2651 5611 2706 5659 et
2757 5604 3109 5665 acutissimas
3152 5624 3295 5680 prae.

1732 5691 1881 5746 bent.

1800 5783 1967 5842 Clem.
1990 5786 2204 5864 Pwdag.
2234 5806 2296 5860 ιι,
2337 5805 2461 5864 cap.
2497 5792 2549 5849 6.
2576 5823 2644 5836 -
2671 5794 2756 5854 Ab
2795 5796 3141 5857 obscenitate
3179 5812 3301 5858 ser»
