4024 6416
656 336 791 398 1255
1846 332 1907 389 S.
1942 330 2214 389 JOANNI

2323 330 2728 392 )AMASCENI
3773 328 3881 396 1256

652 442 831 500 monis
854 456 963 496 non
988 440 1093 512 ipsi
1116 448 1331 497 tantum
1357 441 1621 498 debemus
1659 442 1960 506 abstinuere,
1983 443 2079 497 sed
2106 442 2214 494 illos

2332 443 2427 494 καὶ
2478 445 2605 507 τοὺς
2653 446 2969 517 χρωμένους
3003 446 3141 516 αὐτῇ
3180 446 3623 517 ὲπιστομιστὲον,
3671 447 3763 499 καὶ
3782 449 3880 517 ἕψει

649 551 889 608 quoque,
934 536 1029 605 qui
1075 550 1139 589 ea
1176 546 1430 601 utuntur,
1489 537 1877 606 comprimere,
1920 546 2033 589 tum
2069 551 2214 604 aspe~

2330 536 2654 607 δριμυτέρα,
2697 539 2793 591 καὶ
2824 538 3118 609 προσώπου
3169 541 3512 610 ἀποστροφῇ,
3544 540 3643 593 καὶ
3669 539 3744 609 τῷ
3768 542 3881 596 ἁπο-

651 631 798 683 riore
850 629 1068 687 obtutu,
1116 634 1235 681 tum
1268 630 1466 695 ,vultus
1514 628 1843 690 aversione,
1896 636 2013 681 tum
2060 631 2214 682 etiam

2332 630 2699 701 μυκτηρισμῷ
2720 629 3059 701 καλουμένῳ,
3094 632 3352 696 πολλάκις
3392 632 3449 685 δὲ
3480 632 3575 685 καὶ
3609 632 3881 709 λόγῳιθρα-

651 724 900 791 sanniis,
955 731 1071 776 tum
1122 721 1345 777 demum
1392 724 1594 794 saepius
1651 724 2049 780 vehementiori
2109 739 2228 781 ser-
2330 720 2565 790 συτέρῳ.

649 833 831 872 mone.

728 909 863 964 'bid.
896 939 969 950 --
1018 908 1380 966 Petulantiam
1424 907 1478 960 in
1537 908 1889 964 sermonibus
1936 908 2222 973 adhibere,

648 999 752 1054 hoc
785 998 933 1065 facit,
965 1008 1023 1053 ut
1055 1000 1315 1067 deinceps
1348 998 1403 1051 in
1442 997 1607 1052 rebus
1639 997 1774 1067 ipsis
1808 1014 1906 1053 nos
1940 999 2227 1055 inhoneste

646 1105 924 1161 geramus.

716 1180 857 1234 Ibid.
888 1182 1213 1235 —-Prorsus
1253 1179 1641 1234 abstinendum
1680 1188 1767 1235 est
1794 1196 1824 1234 a
1859 1181 2102 1252 turpium
2140 1197 2225 1236 re-

645 1290 765 1326 rum
814 1258 1128 1335 auditione,
1179 1273 1551 1343 obscenisque
1612 1274 1987 1343 spectaculis;
2050 1275 2225 1328 multo

643 1365 820 1435 magis
881 1380 1009 1419 vero
1053 1365 1123 1419 ab
1174 1364 1487 1419 inhonestis
1543 1365 1707 1419 rebus
1758 1380 1929 1434 puros
1971 1380 2073 1419 nos
2102 1378 2224 1420 esse

2400 898 2474 951 Τὸ
2497 899 2554 951 ἐν
2578 902 2691 962 τοῖς
2716 901 2977 971 ὀνόμασιν
3003 903 3280 967 ἀτακτεῖν,
3312 903 3543 958 μελέτην
3564 906 3785 974 ἐμποιεῖ
3806 909 3878 961 τεῦ

2328 993 2424 1045 καὶ
2452 993 2531 1056 είς
2561 992 2627 1045 τὰ
2646 992 2786 1064 ἔργα
2820 995 3108 1065 ἀκοσμεῖν.

2397 1172 2581 1243 Πάντη
2612 1174 2877 1242 ἀφεκτέον
2906 1174 3151 1245 αἰσχρῶν
3172 1176 3537 1247 ἀκουσμάτων
3574 1179 3673 1232 καὶ
3696 1179 3877 1249 θεαμά-

2324 1280 2434 1316 των
2452 1279 2467 1295 ·
2501 1264 2635 1318 πολὺ
2665 1264 2724 1317 δὲ
2753 1265 2915 1319 πλέον
2940 1266 3121 1336 ἔργων
3144 1269 3388 1339 αἰσχρῶν
3421 1270 3876 1340 καθαρευτέον.-

2338 1355 2484 1418 ⁹Οδὸς
2518 1358 2603 1409 ἐπ’
2662 1357 3043 1428 ἀναισχυντίαν
3092 1360 3125 1430 ἠ
3176 1361 3550 1432 αἰσχρολογία,
3604 1364 3702 1417 καὶ
3750 1366 3875 1428 riis;

643 1464 876 1525 Oportet.
916 1457 1022 1511 Iter
1061 1456 1129 1511 ad
1176 1456 1576 1526 impudentiam
1610 1466 1695 1511 est
1726 1458 1997 1514 sermonis
2028 1459 2214 1513 obsce-

2325 1448 2526 1517 ἀμφοῖν
2551 1448 2585 1517 ἡ
2610 1449 2989 1518 αἰσχρουργία.

641 1548 809 1610 nitas,
841 1555 896 1602 et
930 1547 1055 1603 ﬁnis
1086 1548 1377 1617 utriusque
1417 1555 1503 1601 est
1535 1547 1835 1601 obscenum
1873 1546 2114 1602 facinus.
3070 1558 3073 1561 λ

718 1638 1387 1711 Didymi.——Periculum
1436 1653 1581 1708 serpe
1635 1638 1793 1693 aﬂ‘ert
1838 1639 2021 1708 turpia
2055 1640 2214 1694 verba

718 1732 853 1772 dira.

2394 1626 2652 1682 Κίνδυνον
2708 1629 2864 1701 φέρει
2923 1630 3183 1696 πολλάκις
3232 1636 3295 1686 τὸ
3335 1636 3661 1706 δυσφήμους

2323 1719 2559 1772 ἀκούειν.

642 1732 857 1786 audire.

2323 1732 2559 1775 ἀκούειν.

642 1842 777 1898 ΤΙΤ.
811 1842 1017 1899 XLVII.
1043 1874 1115 1883 —-—-
1145 1845 1310 1915 380
1344 1844 1422 1900 De
1468 1840 1891 1915 maledictiqne,’
1916 1860 2009 1898 seu
2046 1843 2210 1912 jusle,

2323 1838 2502 1891 TITA.
2536 1839 2666 1915 MZ'.
2707 1870 2777 1879 —
2805 1840 2945 1915 Περὶ
2984 1839 3135 1915 ἀρᾶς
3157 1843 3420 1915 εὐλόγως
3449 1843 3489 1911 ἢ
3530 1844 3753 1908 ἀδίκως
3794 1846 3875 1896 ἐπα

710 1930 802 1968 seu
838 1916 1034 1988 injuste
1062 1908 1309 1982 ρνοῖαῖοξ
1346 1925 1396 1970 et
1438 1915 1577 1986 quod
1620 1914 1917 1970 benedicere
1954 1908 2214 1983 oporteat,

2388 1908 2688 1988 αγομέγης
2711 1925 2724 1938 ’
2752 1912 2851 1964 καὶ
2882 1912 2971 1965 ὅτι
3012 1913 3128 1981 χρὴ
3161 1908 3607 1983 εὐλογεῖν-(καὶ
3635 1917 3722 1984 μὴ
3762 1933 3874 1967 κατι

712 2000 817 2037 uon
853 1981 1187 2045 maledieere.
1449 1981 1460 1986 ’
1988 1981 1994 1983 ⁷

2392 1981 2663 2048 ἀρᾶσθαι.

2399 2107 2417 2139 ι
2457 2089 2666 2160 Ὠσπερ
2702 2090 2866 2161 ὄρνεα
2894 2091 2932 2146 ἃ
2962 2093 3245 2159 πέτανται,
3280 2097 3373 2149 καὶ
3404 2098 3679 2170 στρουθοὶ,
3728 2100 3874 2162 οὕτως

2320 2181 2429 2252 ἀρὰ
2464 2183 2669 2253 ματαία
2702 2184 2800 2237 οὐκ
2833 2186 3185 2241 ἐπελεύσεται
3216 2188 3411 2244 οὐδενί.
3449 2207 3469 2241 ι

712 2096 872 2150 Prov.
919 2098 1153 2162 xxvn,2.
1184 2127 1256 2136 —
1305 2115 1324 2146 ι
1365 2096 1520 2150 Sicut
1562 2096 1822 2152 volucres
1859 2096 2110 2162 avolant,
2166 2108 2221 2152 ct

638 2204 916 2259 passeres,
973 2189 1055 2244 sic
1100 2188 1456 2242 maledictum
1515 2188 1717 2243 frustra
1768 2189 2042 2260 prolatum
2106 2205 2217 2243 non

638 2280 1006 2350 superveniet.
1048 2297 1066 2331 ι

760 2372 879 2424 ccli.
907 2387 981 2436 IV,
1010 2371 1065 2425 5.
1105 2400 1177 2411 --
1210 2388 1228 2420 ι
1262 2367 1341 2425 Ne
1373 2371 1473 2426 des
1526 2372 1705 2425 locum
1756 2358 1989 2433 homini,
2034 2383 2090 2427 ut

636 2465 947 2519 maledicat.
986 2462 1364 2519 Maledicentis
1420 2464 1567 2519 enim
1613 2464 1711 2518 tibi
1756 2464 1813 2518 in
1854 2464 2219 2518 amaritudine

635 2558 854 2618 animae,
918 2556 1362 2627 deprecationem
1430 2556 1580 2610 illius
1636 2556 1900 2611 exaudiet
1942 2556 2037 2626 qui
2087 2556 2220 2610 fecit

632 2665 783 2704 eum.
820 2668 839 2700 ι

709 2741 873 2795 Eccli.
932 2756 1031 2806 ιιι,
1090 2739 1176 2794 11.
1220 2770 1293 2781 -
1342 2758 1359 2792 ι
1396 2740 1702 2796 Maledictio
1738 2740 1934 2795 matris
1965 2739 2212 2795 eradieat

633 2832 1009 2887 fundamenta.
1050 2851 1068 2884 ι

704 2925 864 2979 Rom.
910 2943 1007 2988 xu,
1062 2926 1149 2980 M.
1184 2954 1259 2969 -—
1320 2943 1338 2975 ι
1372 2922 1687 2979 Bcnedicite
1749 2923 2213 2993 persequentibus

2389 2937 2408 2970 ι
2446 2919 2732 2988 Εὑλογείτε
2767 2923 2892 2985 τοὺς
2913 2921 3212 2987 διώκοντας
3250 2925 3428 2995 ὑμᾶς’
3464 2926 3766 2995 εὐλογεῖτε,
3797 2936 3869 2985 καὶ

631 3036 770 3075 vos:
802 3020 1131 3084 benedicite,
1162 3029 1216 3074 et
1251 3018 1423 3072 nolite
1454 3016 1803 3083 maledicere.
1836 3036 1856 3067 ›
1937 3004 1945 3013 ’
2085 3074 2089 3078 ι

2323 3012 2392 3083 μὴ
2423 3012 2755 3084 καταρᾶσθε.
2788 3032 2805 3064 ι

699 3109 820 3165 Jac.
857 3126 941 3176 ιιι,
983 3110 1133 3164 842.
1177 3139 1249 3149 -—
1304 3129 1321 3161 ι
1356 3109 1569 3179 Lingua
1617 3109 1921 3178 inquietum
1980 3107 2211 3172 malum,

2390 3121 2410 3153 ι
2462 3103 2525 3155 Ἠ
2549 3102 2771 3171 γλῶσσα
2791 3104 3165 3185 ἀκατάσχετον
3192 3107 3382 3172 κακὸν,
3410 3108 3588 3179 μεστὴ
3622 3108 3701 3163 ίοῦ
3736 3110 3870 3163 θανα-

632 3203 791 3273 plena
818 3215 1031 3256 veneno
1062 3198 1366 3255 mortifero.
1400 3198 1457 3253 ln
1488 3200 1607 3268 ipsa
1634 3200 2018 3254 benedicimus
2041 3200 2210 3254 Deum

2323 3196 2575 3266 τηφόρου.
2620 3196 2708 3249 Ἐν
2733 3197 2870 3268 αὐτῇ
2890 3180 3220 3269 εὐλογοῦμεν
3250 3199 3340 3252 τὸν
3368 3199 3505 3254 Θεὸν
3534 3201 3631 3255 καὶ
3660 3204 3865 3272 πατέρα,

632 3304 689 3347 et
722 3301 971 3362 patrem,
1012 3298 1069 3345 et
1119 3291 1175 3344 in
1224 3290 1338 3359 ipsa
1379 3288 1765 3344 maledicimus
1802 3289 2077 3351 homines,
2117 3289 2211 3359 qui

2323 3288 2414 3343 καὶ
2446 3291 2506 3341 ὲν
2541 3289 2677 3359 αὐτῇ
2710 3288 3091 3361 καταρώμεθα
3115 3292 3241 3354 τοὺς
3265 3291 3591 3363 ἀνθρώπους
3618 3295 3745 3357 τοὺς
3771 3295 3868 3347 καθ’

632 3384 700 3437 ad
735 3381 1154 3439 similitudinem
1203 3379 1298 3436 Dei
1356 3380 1489 3434 facti
1545 3388 1697 3435 sunt.
1734 3379 1808 3435 De
1858 3379 2052 3435 eodem
2086 3396 2214 3450 pro-

2323 3379 2575 3450 ὁμοίωσιν
2605 3381 2740 3434 Θεοῦ
2770 3383 3188 3453 γεγενημένους.
3228 3384 3322 3437 Ἐκ
3356 3384 3451 3439 τοῦ
3486 3386 3659 3441 αὑτοῦ
3688 3390 3867 3457 atdan-

630 3480 777 3536 cedit
810 3480 1122 3534 benedictio
1145 3488 1197 3535 et
1228 3479 1561 3534 maledictio.
1595 3477 1715 3533 Non
1735 3488 1976 3548 oportet,
2007 3478 2211 3535 fratres

2323 3489 2405 3536 τος
2435 3472 2718 3544 ἐξέρχεται
2766 3474 2986 3545 εὐλογία
3014 3462 3117 3529 καὶΔ
3136 3477 3372 3548 κατάρα.
3406 3482 3481 3532 Οὐ
3513 3487 3646 3553 χρὴ,
3676 3485 3867 3551 ἀδελφοί

629 3575 760 3635 mei,
790 3572 904 3626 haec
928 3573 1002 3625 ita
1018 3572 1165 3626 ﬁeri.
1204 3571 1391 3641 Neque
1426 3570 1548 3625 l‘ons
1597 3570 1663 3624 de
1708 3571 1903 3625 eodem
1940 3570 2209 3625 foramine

2323 3583 2423 3635 μου
2448 3607 2464 3631 ,
2497 3565 2669 3621 ταῦτα
2719 3565 2894 3631 οὕτως
2944 3568 3208 3637 γίνεσθαι,
3243 3586 3251 3629 ﬁ
3263 3572 3399 3641 μήτε
3430 3572 3463 3641 ὴ
3493 3574 3650 3644 πηγὴ
3699 3575 3763 3627 ἐκ
3789 3577 3867 3643 τῆς

628 3672 853 3720 emanat
876 3665 1093 3719 dulcem
1127 3672 1182 3718 et
1218 3677 1467 3717 amaram
1513 3677 1734 3733 aquam.
1786 3660 2067 3731 Nunquid,
2100 3662 2210 3715 fra-

2323 3656 2486 3728 αὐτῆς
2513 3659 2654 3730 ὀπῆς
2673 3658 2736 3713 τὸ
2761 3659 2959 3729 γλυκὺ,
2992 3662 3088 3715 καὶ
3114 3661 3174 3716 τὸ
3214 3663 3411 3733 πικρὸν
3440 3663 3619 3735 βρύει.
3658 3666 3751 3739 Μὴ
3792 3667 3864 3718 δύ-

629 3766 742 3811 tres
771 3757 899 3824 mei,
934 3766 1111 3827 potest
1135 3755 1271 3810 ﬁcus
1303 3770 1438 3811 uvas
1470 3755 1673 3819 facere,
1708 3764 1801 3809 aut
1823 3756 1951 3810 vitis
1985 3754 2159 3810 ﬁcus?
2186 3774 2205 3805 ι

2323 3772 2495 3819 ναται,
2519 3754 2737 3824 ἀδελφοί
2770 3773 2893 3827 μου,
2920 3758 3057 3827 συκῆ
3093 3758 3280 3822 ἐλαίας
3309 3759 3555 3830 ποιῆσαι,
3585 3761 3619 3832 ἢ
3649 3762 3865 3832 ἄμπελος

2317 3862 2497 3911 eum;
2531 3865 2592 3897 ι.

2395 2385 2413 2418 ι
2456 2366 2547 2439 Μὴ
2579 2368 2683 2439 δῷς
2718 2370 2888 2424 τύπον
2914 2370 3186 2444 ἀνθρώπῳ
3206 2376 3553 2443 καταρᾶσθαι
3582 2393 3663 2431 σε.
3712 2377 3869 2433 Rat:-

2320 2458 2568 2528 ρωμὲνου
2605 2462 2713 2533 γάρ
2746 2478 2804 2514 σε
2842 2462 3040 2534 πικρίᾳ
3070 2463 3251 2535 ψυχῆς
3296 2465 3486 2533 αὐτοῦ,
3531 2468 3635 2539 τῆς
3664 2470 3871 2534 δεήσεως

2318 2550 2484 2603 αὑτοῦ
2511 2552 2891 2607 είσακούσεται
2918 2556 2946 2608 ὁ
2972 2556 3207 2625 ποιήσας
3234 2557 3415 2612 αὐτόν.
3459 2578 3480 2611 ι

2391 2762 2410 2795 ι
2444 2744 2673 2815 Κατάρα
2712 2746 2918 2816 μητρὸς
2948 2746 3160 2817 ὲκριςοῖ
3187 2747 3437 2818 θεμέλια.
3471 2768 3493 2801 ο

628 3967 765 4025 ΤΙΤ.
806 3966 1039 4052 Χιτινιιι.
1091 3998 1163 4050 -ς
1213 3968 1291 4023 De
1344 3970 1657 4052 remissione
1715 3981 2093 4052 peccatorum;
2158 3980 2209 4025 et

2323 3979 2496 4033 ῙΊΤᾹ.
2546 3979 2685 4033 MH'.
2742 4011 2813 4021 —
2856 3982 2992 4051 Περὶ
3043 3982 3316 4051 ἀφέσεως
3368 3985 3707 4052 ἀμαρτιῶνο
3740 3987 3863 4039 κατὰ

801 4039 989 4108 quibus
1018 4040 1282 4109 possimus
1314 4044 1483 4094 modis
1530 4044 1731 4095 veniam
1763 4043 2031 4112 consequi.

696 4214 797 4269 Job
832 4232 906 4281 xi,
936 4214 1023 4269 15.
1071 4244 1142 4254 -
1178 4232 1197 4265 ι
1235 4212 1387 4270 Exue
1432 4214 1648 4278 sordes,
1700 4224 1755 4271 et
1804 4232 1873 4271 ne
1921 4218 2205 4283 timueris;

626 4309 871 4364 laborem
918 4317 1071 4371 tuum
1112 4308 1263 4362 solve
1312 4315 1572 4377 tanquam
1608 4306 1835 4362 ﬂuctum
1869 4320 2208 4379 praetereun-

627 4410 759 4468 tem,
789 4408 843 4455 et
868 4416 980 4455 non
1018 4398 1262 4465 timebis;
1289 4399 1419 4469 quia
1463 4398 1644 4453 oratio
1676 4410 1768 4453 tua
1795 4402 1902 4455 erit
1933 4401 2083 4458 sicut
2114 4402 2205 4456 lu-

625 4495 782 4549 cifer.
819 4512 838 4546 ι

747 4602 858 4639 νου.
881 4601 998 4650 xui,
1030 4584 1084 4639 8.
1106 4614 1177 4623 —
1211 4601 1230 4635 ι
1258 4581 1585 4655 Redemptio
1609 4583 1807 4638 anima:
1835 4586 1960 4651 viri,
1998 4586 2202 4643 divitiae

625 4677 823 4749 ipsius.
871 4695 908 4731 »-

696 4791 858 4847 Pruv.
891 4807 980 4857 xv,
1006 4791 1099 4846 27.
1121 4819 1192 4830 —
1221 4809 1240 4843 ι
1274 4789 1653 4846 Misericordia
1682 4802 1738 4847 et
1765 4790 1872 4846 [ide
1893 4804 2205 4864 purgantur

625 4890 875 4955 peccata.
912 4900 931 4933 ι

690 4998 890 5054 Jerem.
927 5015 980 5064 v,
1022 5000 1072 5054 1.
1104 5030 1175 5039 —
1207 5018 1225 5051 ι
1268 4999 1327 5055 Si
1361 5008 1447 5055 est
1484 5001 1579 5072 qui
1608 5000 1777 5055 iaciat
1822 5000 2122 5070 judicium,
2150 5007 2205 5053 et

2381 4052 2597 4117 ποίους
2658 4053 2919 4120 τρόπους
2962 4052 3265 4123 δυνάμεθα
3321 4055 3529 4123 τυχεῖν
3576 4057 3855 4126 συγχωρή-

2381 4137 2555 4188 σεως.

2384 4252 2404 4285 ι
2445 4233 2704 4289 Ἔκδυσαι
2734 4234 2926 4306 ῥύπον,
2950 4236 3046 4290 καὶ
3064 4236 3125 4289 οὐ
3159 4238 3235 4309 μὴ
3262 4238 3530 4310 φοϐηθῇς,
3551 4242 3649 4294 καὶ
3672 4244 3759 4294 τὸν
3784 4241 3857 4292 xti—

2311 4342 2411 4378 πον
2458 4342 2554 4379 σου
2610 4326 2890 4394 ὲπίλυσαι,
2944 4328 3133 4400 ὥσπερ
3167 4330 3318 4400 κῦμα
3368 4332 3663 4401 παρελθὸν,
3695 4331 3857 4385 καὶού

2311 4416 2629 4489 πτοηθήσῃ’
2664 4419 2749 4473 ὅτι
2782 4420 2914 4490 εὐχή
2956 4436 3051 4473 σου
3077 4420 3268 4493 ὥσπερ
3298 4422 3599 4493 ἑωσφόρος.
3642 4442 3661 4474 ι

2380 4619 2398 4651 ι
2433 4598 2643 4670 Λύτρον
2671 4598 2851 4669 ψυχῆς
2885 4598 3098 4671 ἀνδρὸς,
3127 4599 3156 4651 ὁ
3182 4598 3312 4662 ἴδιος
3338 4599 3589 4663 πλοῦτος.
3628 4619 3647 4652 ι

2379 4802 2400 4849 ε
2448 4783 2874 4854 Ἑλεημοσύναις
2930 4786 3023 4838 καὶ
3098 4784 3348 4838 πίστεσιν
3412 4784 3844 4854 ἀποκαθαίροντιι

2306 4876 2592 4947 ἁμαρτίαι.
2628 4896 2647 4927 ι

2382 5010 2401 5043 r
2428 4993 2491 5044 Εί
2521 4990 2635 5045 ἔστι
2676 4992 2845 5044 ποιῶν
2892 5008 3085 5061 κριμα.
3133 4990 3228 5044 καὶ
3264 4989 3443 5061 ζητῶν
3493 4989 3695 5055 πίστιν,
3725 4991 3843 5049 ἔλεος

624 5102 834 5167 quaerat
866 5094 1051 5159 iidem,
1084 5093 1357 5164 propitius
1402 5095 1506 5165 ipsi
1534 5110 1651 5157 ero,
1684 5094 1821 5148 dicit
1860 5092 2147 5148 Dominus.
2178 5110 2197 5142 ι

2323 5080 2611 5149 τενήσομαι
2633 5078 2805 5150 αὐτῷ,
2834 5080 2986 5147 λέγει
3021 5079 3245 5151 Κύριος.
3283 5099 3302 5131 ι

695 5190 824 5261 Sap.
854 5204 955 5251 xu,
996 5189 1083 5245 19.
1129 5218 1182 5229 -—
1214 5208 1233 5242 ι
1269 5189 1434 5244 Bonae
1468 5190 1587 5260 spei
1627 5186 1808 5242 fecisti
1840 5186 1984 5239 tilios
2027 5193 2152 5240 tuos
2187 5203 2199 5239 :

624 5284 752 5355 quia
777 5281 875 5339 das
905 5283 959 5338 in
993 5281 1237 5353 peccatis
1278 5282 1680 5353 pmnitentiam.
1716 5299 1735 5331 ι

694 5394 867 5471 Eecli.
912 5412 997 5461 ιιι,
1043 5395 1231 5451 23.-
1260 5414 1277 5447 ι
1315 5393 1499 5465 ignem
1551 5394 1835 5448 ardentem
1891 5387 2198 5459 exstinguit

623 5503 764 5557 aqua
800 5496 898 5542 :et
934 5489 1282 5561 eleemosyna
1312 5487 1498 5557 expiat
1527 5494 1770 5556 peccata.
1810 5504 1828 5537 ι

695 5598 868 5654 Eccti.
911 5617 1104 5667 xxvur,
1129 5602 1183 5656 2.
1217 5632 1289 5642 -—
1313 5620 1332 5653 ι
1372 5600 1609 5656 Remitte
1641 5601 1902 5671 injuriam
1943 5605 2196 5675 proximo

623 5702 743 5757 tuo,
796 5701 852 5745 et
908 5703 1039 5749 tunc
1103 5694 1423 5767 deprecanti
1476 5693 1577 5751 tibi
1638 5703 1862 5751 oeccata
1927 5707 2021 5753 tua
2081 5697 2191 5755 sol-

622 5795 842 5843 ventur.
879 5804 899 5837 ι

2380 5208 2398 5242 ι
2439 5189 2739 5252 Εὐέλπιδας
2776 5190 3037 5260 ἐποίησας
3066 5193 3195 5253 τοὺς
3229 5190 3383 5253 υίους
3437 5206 3553 5252 σου,
3588 5192 3667 5243 ὅτι
3711 5190 3838 5249 δίδως

2302 5284 2394 5336 ἐπὶ
2419 5284 2779 5356 ἁμαρτήμασι
2808 5285 3115 5353 μετάνοιαν.
3156 5303 3176 5334 ι

2377 5420 2397 5453 ‹
2437 5399 2557 5472 Πῦρ
2594 5400 2983 5471 φλογιζόμενον
3013 5399 3306 5453 ἀποσϐέσει
3331 5400 3496 5471 ὕδωρ,
3525 5398 3618 5452 καὶ
3642 5394 3835 5462 ἐλεημο-

2301 5493 2435 5564 σύνη
2472 5494 2815 5561 ἐξιλάσκεται
2842 5494 3136 5564 ἁμαρτίας.
3170 5512 3189 5544 ι

2376 5630 2394 5663 ι
2440 5612 2607 5680 Ἄφες
2636 5611 2880 5682 ἀδίκημα
2930 5611 3008 5681 τῷ
3036 5612 3261 5683 πλησίον
3297 5629 3411 5675 σου,
3458 5613 3550 5663 καὶ
3590 5610 3693 5662 τότε
3716 5602 3829 5657 Ger-

2298 5700 2480 5766 θέντος
2506 5719 2598 5755 σου
2628 5702 2684 5754 αί
2713 5701 2977 5773 ἁμαρτίαι
3010 5719 3103 5755 σου
3130 5702 3473 5771 λυθήσονται.
3506 5723 3526 5752 ι
