4024 6430
236 367 365 434 1261

1446 376 1684 437 SACRA
1703 376 2163 445 PARALLELA.

3332 408 3469 467 1262

230 482 585 555 παραϐολαῖς,
614 482 787 552 λέγων
820 502 833 517 ’
872 485 1144 557 Ὡμοιώθη
1171 489 1202 556 ἡ
1233 486 1477 557 βασιλεία
1499 488 1608 543 τῶν
1632 488 1787 559 ούρα-

1904 508 1997 550 sus
2042 496 2258 551 locutus
2319 508 2403 552 est
2453 500 2531 555 eis
2565 501 2615 556 in
2644 504 2938 573 parabolis,
2996 508 3184 568 dicens
3226 532 3238 568 :
3280 518 3469 575 Simile

232 576 336 629 νῶν
367 573 635 647 ἀνθρώπῳ
655 575 883 645 βασιλεῖ,
920 578 1066 641 ὅστις
1096 579 1313 648 ἐποίησε
1341 580 1547 649 γάμους
1577 578 1655 650 τῷ
1694 576 1795 648 υἱῷ

234 665 421 723 αὑτοῦ.
466 667 574 721 Καὶ
613 668 899 722 ἀπέστειλε
956 670 1080 732 τοὺς
1123 669 1341 734 δούλους
1372 669 1538 725 αὑτοῦ
1568 670 1793 724 καλέσαι

231 761 357 822 τοὺς
380 759 744 830 κεκλημένους
793 763 872 824 είς
922 763 1048 825 τοὺς
1100 762 1331 832 γάμους,
1361 765 1455 817 καὶ
1478 765 1575 818 ούκ
1602 763 1792 835 ἤθελον

227 850 401 904 ἐλθεῖν
431 867 445 881 ο
504 851 663 905 πάλιν
721 852 1037 906 ἀπέστειλεν
1079 855 1270 919 ἄλλους
1305 854 1542 920 δούλους,
1576 856 1750 924 λέγων
1772 872 1786 886 ·

228 944 433 997 Εἴπατε
462 946 574 1007 τοῖς
595 945 976 1016 κεκλημένοις,
1015 946 1145 999 Ἰδοὺ
1164 948 1224 999 τὸ
1258 947 1478 1018 ἄριστόν
1505 966 1606 1018 μου
1646 948 1791 1019 ἡτοί-

229 1052 399 1105 μασα,
422 1037 469 1088 οί
496 1036 685 1106 ταῦροι
726 1039 816 1089 καὶ
838 1037 904 1089 τὰ
928 1037 1134 1090 σιτιστὰ
1164 1038 1457 1107 τεθυμένα,
1485 1038 1580 1091 καὶ
1613 1037 1791 1091 πάντα

223 1128 442 1198 ἐτοιμα”
475 1129 627 1182 δεῦτε
686 1130 765 1192 είς
793 1131 917 1193 τοὺς
958 1130 1188 1200 γάμους.
1223 1133 1287 1184 Ol
1331 1130 1387 1183 δὲ
1418 1132 1790 1201 ἀμελήσαντες

223 1222 484 1291 ἀπῆλθον,
512 1224 539 1275 6
574 1223 670 1293 μὲν
695 1224 774 1285 είς
802 1223 861 1274 τὸ
895 1223 1023 1275 ἴδιον
1070 1222 1249 1293 ἔργον,
1293 1226 1321 1276 6
1358 1222 1413 1276 δὲ
1446 1226 1525 1287 είς
1553 1224 1651 1294 τὴν
1685 1225 1788 1295 ἐμ-

224 1314 420 1385 πορίαν
464 1313 629 1367 αὑτοῦ
654 1330 667 1344 ·
712 1315 759 1367 oi
805 1314 861 1367 δὲ
902 1314 1077 1367 λοιποὶ
1104 1314 1477 1386 κρατήσαντες
1514 1314 1641 1377 τοὺς
1668 1313 1790 1366 δού-

222 1407 347 1470 λους
375 1404 560 1471 αὐτοῦ,
588 1405 818 1477 ’ύϐρισαν
870 1407 964 1459 καὶ
1006 1394 1353 1463 ἀπέκτειναν.
1410 1408 1520 1461 Καὶ
1549 1407 1789 1472 ἀκούσας

220 1500 247 1552 6
278 1497 532 1568 βασιλεὺς
558 1498 783 1563 ἐκεῖνος,
834 1497 1103 1569 ὠργίσθη,
1138 1500 1232 1552 καὶ
1268 1497 1492 1568 πέμψας
1524 1498 1591 1551 τὰ
1622 1515 1788 1570 στρα-

216 1590 467 1661 τεύματα
514 1589 701 1654 αὑτοῦ,
733 1590 983 1644 ἀπώλεσε
1040 1591 1164 1653 τοὺς
1196 1593 1375 1659 φονεῖς
1406 1590 1662 1654 ἐκείνους,
1696 1591 1788 1643 καὶ
1818 1612 1834 1636 ο

216 1681 321 1753 τὴν
348 1680 499 1735 πόλιν
542 1680 720 1733 αὐτῶν
753 1682 1071 1752 ἐνέπρησεν.
1104 1680 1236 1733 Τότε
1272 1680 1418 1748 λέγει
1452 1683 1559 1743 τοῖς
1582 1680 1788 1744 δούλοις

214 1774 406 1828 αὐτοῦ’
449 1774 506 1827 '0
534 1776 629 1845 μὲν
664 1772 838 1846 γάμος
873 1775 1109 1844 ἕτοιμος,
1166 1775 1215 1826 οί
1242 1774 1297 1827 δὲ
1338 1774 1664 1845 κεκλημένοι
1688 1776 1787 1828 οὐκ

1900 595 1982 641 est
2010 603 2236 657 regnum
2257 589 2518 645 caelorum
2551 593 2758 650 homini
2791 597 2924 667 regi,
2948 602 3038 669 qui
3099 603 3467 675 lecitnuptias

1901 677 2014 731 lilio
2049 693 2167 732 suo.
2206 678 2273 732 Et
2307 681 2459 738 misit
2494 698 2681 739 servos
2726 702 2858 742 suos
2888 706 3085 747 vocare
3112 695 3374 753 invitatos
3398 699 3465 754 ad

1900 768 2149 836 nuptias;
2176 777 2229 823 et
2251 770 2507 825 nolebant
2551 776 2756 845 venire.
2790 777 2986 835 lterum
3021 784 3163 839 misit
3185 786 3325 842 alios
3350 802 3469 844 ser-

1899 876 1995 915 vos
2049 863 2237 917 dicens
2287 883 2299 918 :
2353 865 2523 921 Dicite
2580 870 2829 925 invitatis
2884 892 2897 927 :
2965 875 3106 931 Ecce
3172 882 3464 948 prandium

1898 966 2077 1004 meum
2112 955 2317 1022 paravi,
2346 960 2488 1012 tauri
2555 965 2658 1016 mei
2689 971 2743 1017 et
2779 965 2960 1021 altilia
3016 972 3193 1025 occisa
3224 984 3375 1035 sunt,
3412 985 3468 1033 et

1896 1044 2079 1099 omnia
2112 1056 2299 1114 parata
2334 1068 2349 1103 :
2389 1053 2568 1108 venite
2612 1058 2677 1108 ad
2700 1059 2941 1127 nuptias.
2971 1063 3050 1116 Illi
3079 1072 3262 1119 autem
3290 1070 3468 1137 negle-

1899 1150 2115 1203 xerunt,
2147 1149 2202 1195 et
2229 1142 2507 1213 abierunt,
2541 1148 2680 1203 alius
2704 1149 2758 1204 in
2797 1152 2981 1208 villam
3029 1171 3204 1224 suam,
3242 1167 3295 1213 et
3325 1162 3466 1217 alius

1897 1231 1964 1285 ad
1990 1234 2412 1303 negotiationem
2468 1254 2644 1296 suam.
2718 1244 2931 1315 Reliqui
2984 1266 3109 1304 vero
3167 1259 3467 1311 tenuerunt

1897 1336 2173 1388 servos,et
2201 1332 2545 1389 contumeliis
2594 1335 2818 1393 allectos
2850 1343 3195 1401 occiderunt.
3229 1348 3342 1402 Rex
3367 1365 3466 1404 au-

1894 1424 2003 1471 tem
2036 1434 2158 1475 cum
2178 1422 2439 1488 audisset,
2470 1425 2643 1484 iratus
2681 1441 2784 1493 est,
2827 1442 2881 1487 et
2928 1435 3109 1492 missis
3131 1440 3465 1497 exercitibus

1896 1511 2031 1574 suis,
2068 1514 2299 1579 perdidit
2332 1516 2639 1576 homicidas
2670 1523 2812 1586 illos,
2843 1533 2897 1579 et
2930 1528 3209 1584 civitatem
3243 1533 3463 1591 illorum

1896 1606 2198 1660 succendit.
2235 1607 2389 1664 Tunc
2435 1612 2512 1666 ait
2557 1615 2737 1669 servis
2784 1619 3176 1691 suiszNuptiae
3241 1626 3466 1694 quidem

1896 1705 2101 1766 paratae
2124 1709 2277 1765 sunt,
2306 1702 2404 1758 sed
2433 1706 2527 1774 qui
2562 1708 2777 1764 invitati
2830 1720 3009 1777 erant,
3065 1730 3174 1770 non
3244 1712 3466 1775 fuerunt

1895 1786 2068 1881 digni.
2103 1787 2178 1844 Ite
2209 1806 2339 1861 ergo
2369 1794 2440 1849 ad
2479 1797 2663 1853 exitus
2722 1800 2961 1868 viarum,
2993 1813 3050 1860 el.
3100 1823 3464 1881 quoscunque

213 1862 360 1936 ἦσαν
383 1866 542 1932 ἄξιοι.
617 1868 918 1939 Πορεύεσθε
965 1863 1057 1921 οὖν
1103 1868 1195 1921 ἐπὶ
1245 1867 1345 1930 τὰς
1378 1867 1645 1934 διεξόδους
1682 1868 1787 1922 τῶν

1894 1875 2233 1948 inveneritis,
2271 1892 2462 1942 vocate
2482 1888 2548 1942 ad
2597 1892 2839 1960 nuptias.
2882 1894 2948 1949 Et
2982 1902 3225 1967 egressis
3279 1862 3465 1959 serjvis

213 1959 380 2025 ὁδῶν,
407 1961 500 2014 καὶ
527 1960 686 2025 ὅσους
716 1960 780 2013 ἂν
842 1959 1065 2031 εὕρητε,
1120 1959 1382 2013 καλέσατε
1425 1961 1503 2023 είς
1537 1962 1663 2024 τοὺς
1689 1960 1791 2030 γά-

216 2068 380 2122 μους.
404 2053 515 2107 Καὶ
532 2051 836 2118 ἐξελθόντες
861 2056 908 2106 οἱ
937 2053 1114 2107 δοῦλοι
1152 2054 1350 2106 ἐκεῖνοι
1383 2055 1463 2116 είς
1486 2052 1585 2117 τὰς
1613 2052 1787 2120 ὁδοὺς,

214 2150 525 2225 συηηγαγον
555 2147 762 2210 πάντας
790 2146 947 2209 ὅσους
960 2138 1140 2216 εὗρον,
1171 2143 1440 2216 πονηρούς
1454 2162 1513 2198 τε
1531 2145 1625 2199 καὶ
1657 2147 1792 2213 ἀγαο

188 2238 346 2302 ,θούς
367 2256 381 2270 ·
413 2241 506 2293 καὶ
532 2240 835 2313 ἐνεπλήσθη
883 2241 910 2292 6
957 2240 1135 2311 γάμος
1169 2239 1577 2311 ἀνακειμένων·
1621 2259 1639 2292 ι
1694 2240 1790 2295 καὶ

210 2331 283 2386 τὰ
310 2332 474 2386 λοιπὰ
502 2331 594 2386 τοῦ
614 2333 833 2403 χωρίου.

290 2426 471 2479 (Τότε
512 2425 768 2496 ὡμοιώθη
820 2428 853 2497 ὴ
917 2424 1169 2495 βασιλεία.
1220 2424 1329 2479 τῶν
1379 2426 1625 2498 οὐρανῶν
1658 2428 1791 2485 δέκα

211 2517 527 2589 παρθένοις,
579 2517 786 2582 αἵτινες
838 2517 1101 2573 λαϐοῦσαι
1145 2517 1245 2582 τὰς
1269 2517 1554 2588 λαμπάδας
1588 2521 1785 2587 αὐτῶν,

208 2609 441 2681 ἐξῆλθον
486 2610 565 2672 είς
585 2610 885 2680 ἀπάντησιν
915 2609 1007 2663 τοῦ
1048 2609 1304 2679 νυμφίου,
1345 2630 1363 2662 ι
1390 2612 1481 2663 καὶ
1502 2612 1569 2664 τὰ
1594 2611 1777 2667 λοιπά.

287 2721 312 2754 ε
364 2704 588 2773 Ἔλεγεν
619 2706 646 2758 6
669 2703 870 2775 Κύριος
894 2721 908 2735 ·
955 2702 1141 2765 Οὕτως
1180 2705 1327 2757 ἐστὶν
1358 2706 1391 2775 ἡ
1425 2704 1668 2774 βασιλεία
1692 2705 1785 2759 τοῦ

205 2797 377 2863 Θεοῦ,
400 2799 473 2861 ὡς
502 2798 596 2851 ἐὰν
648 2797 932 2869 ἄνθρωπος
963 2797 1103 2869 βάλῃ
1156 2797 1247 2850 τὸν
1310 2797 1507 2868 σπόρον
1551 2798 1643 2851 ἐπὶ
1688 2800 1786 2867 τῆς

204 2890 342 2960 γῆς,
381 2891 474 2944 καὶ
520 2890 775 2962 καθεύδῃ,
830 2891 926 2944 καὶ
976 2890 1254 2961 ἐγείρηται
1307 2889 1477 2944 νύκτα
1528 2892 1621 2945 καὶ
1653 2892 1787 2962 ἡμέ-

208 2999 340 3054 ραν,
362 2982 457 3035 καὶ
483 2983 510 3035 6
540 2982 738 3053 σπόρος
769 2981 1042 3055 βλαστάνῃ
1068 3024 1081 3047 ,
1121 2983 1215 3035 καλ⁹
1249 2983 1559 3053 μηκύνηται
1582 2982 1656 3045 ὡς
1686 2983 1786 3035 οὐκ

202 3069 356 3126 οἶδεν
382 3073 559 3135 αὑτός.
585 3074 873 3143 Αύτομάτη
926 3075 1033 3143 γὰρ
1067 3074 1098 3143 ἡ
1131 3074 1199 3143 γῆ
1234 3075 1595 3142 καρποφορεῖ,
1628 3073 1781 3143 πρῶ-

201 3180 299 3217 τον
330 3163 542 3233 χόρτον,
572 3160 688 3217 εἶτα
747 3164 1004 3234 ἄσταχυν,
1056 3163 1173 3217 εἶτα
1230 3165 1410 3235 πλήρη
1453 3167 1599 3217 σῖτον
1622 3166 1679 3217 ἐν
1704 3164 1781 3235 τῷ

203 3256 429 3325 στάχυϊ.
459 3256 626 3308 Ὅταν
648 3256 704 3309 δὲ
738 3273 813 3307 πα
824 3257 964 3325 ραδῴ
984 3260 1009 3309 6
1032 3256 1261 3327 καρπὸς,
1297 3256 1497 3319 εὐθέως
1521 3256 1779 3312 ἀποστέλ-

200 3347 666 3417 λειτὸδρέπανον,
690 3349 1131 3420 ὅτιπαρέστηκεν
1172 3351 1199 3402 6
1233 3349 1510 3419 θερισμός.
1551 3348 1743 3417 Ἔλεγε
1764 3367 1777 3379 ·

201 3440 330 3493 Τίνι
373 3439 624 3510 ὁμοιώσω
680 3441 776 3508 τὴν
822 3439 1098 3509 βασιλείαν
1158 3439 1251 3492 τοῦ
1279 3440 1447 3506 Θεοῦ;
1487 3439 1517 3510 ἢ
1562 3442 1619 3492 ἐν
1650 3440 1779 3511 ποίᾳ

199 3538 499 3608 παραϐολῇ
570 3538 990 3609 παραϐάλλομεν
1055 3537 1260 3607 αὑτήν;
1318 3536 1404 3598 Ὠς
1468 3535 1650 3606 κόκκῳ
1701 3553 1782 3588 σι-

198 3629 522 3693 νάπεως,ὂς
555 3631 685 3685 ὅταν
716 3634 897 3701 σπαρῇ
930 3630 1023 3682 ἐπὶ
1036 3630 1135 3699 τῆς
1155 3630 1275 3699 γῆς,
1296 3628 1615 3699 μικρότερον
1650 3630 1782 3682 πάν-

195 3739 316 3775 των
352 3721 459 3775 τῶν
483 3722 810 3795 σπερμάτων
827 3724 933 3777 τῶν
968 3723 1059 3775 ἐπὶ
1084 3724 1184 3793 τῆς
1214 3722 1316 3791 γῆς
1361 3723 1498 3786 ἐστι,
1538 3722 1632 3774 καὶ
1654 3723 1781 3775 ὅταν

196 3816 426 3885 σπαρῇ.
452 3814 730 3868 ἀναϐαίνει
783 3816 998 3871 πάντων
1018 3813 1126 3866 τῶν
1161 3812 1409 3881 λαχάνων
1442 3812 1662 3882 μείζων,
1688 3814 1781 3865 καὶ

193 3911 360 3962 ποιεῖ
409 3907 634 3970 κλάδους
685 3909 975 3979 μεγάλους,
1026 3906 1167 3959 ὥστε
1222 3904 1483 3959 δύνασθαι
1530 3906 1634 3958 ὑπὸ
1681 3905 1780 3977 τὴν

194 4002 378 4054 σκιὰν
401 3998 565 4055 αὐτοῦ
590 4000 659 4052 τά
690 4000 911 4053 πετεινὰ
936 3999 1029 4051 τοῦ
1058 3995 1288 4066 ούρανοῦ
1313 3994 1709 4066 κατασκηνοῦν.
1755 4014 1772 4046 ι

276 4108 299 4141 ι
336 4089 437 4142 Διὰ
465 4089 671 4141 πολλῶν
703 4087 932 4158 θλίψεων
960 4089 1039 4141 δεῖ
1088 4089 1236 4159 ἡμᾶς
1260 4085 1523 4139 εἰσελθεῖν
1570 4086 1649 4149 είς
1674 4084 1774 4156 τὴν

191 4180 495 4253 βασιλείαν
523 4178 616 4233 τοῦ
649 4180 805 4233 Θεοῦ.
856 4199 874 4233 ι

276 4292 298 4325 ι
344 4274 461 4325 οὐκ
502 4271 648 4324 ἐστιν
696 4271 730 4341 ή
789 4270 1034 4340 βασιλεία
1098 4269 1191 4322 τοῦ
1235 4268 1371 4322 Θεοῦ
1422 4266 1629 4339 βρῶσις
1681 4266 1778 4321 καὶ

184 4366 370 4427 πόσις
402 4404 417 4430 ,
469 4362 603 4417 ἀλλὰ
646 4361 956 4430 δικαιοσύνη
1010 4360 1103 4413 καὶ
1167 4359 1313 4430 χαρὰ
1377 4359 1436 4410 ὲν
1498 4354 1778 4426 Πνεύματι

182 4456 374 4527 ἁγίῳ.
411 4474 430 4507 ι

271 4568 296 4600 σ
338 4547 456 4600 Ούκ
477 4546 533 4599 ὲν
553 4545 694 4616 λόγῳ
718 4545 752 4616 ἡ
780 4542 1025 4615 βασιλεία
1052 4544 1145 4596 τοῦ
1180 4539 1337 4605 Θεοῦ,
1367 4538 1481 4595 ἀλλ’
1509 4540 1570 4594 ἐν
1616 4537 1776 4594 δυνά·
1813 4568 1859 4626 D

275 4658 383 4695 ι.»

275 4659 320 4695 ι.
362 4659 383 4692 ι

186 4659 296 4788 με(
327 4734 407 4786 ’Ἡ
430 4734 532 4787 οὒκ
555 4732 752 4797 οίδατε,
771 4732 853 4785 ὅτι
881 4729 1054 4785 ἄδικοι
1084 4727 1360 4799 βασιλείαν
1388 4723 1523 4780 Θεοῦ
1557 4724 1621 4778 ού
1648 4725 1781 4795 κλη-

183 4828 611 4902 ρονομήσουσι;
637 4824 729 4896 Μὴ
753 4821 1024 4877 πλανᾶσθε
1046 4837 1060 4853 ο
1088 4821 1213 4875 οὕτε
1236 4820 1445 4891 πόρνοι,
1476 4817 1599 4872 οὗτε
1626 4817 1781 4871 εἰδω-

176 4922 492 4990 λολάτραι,
519 4916 641 4971 οὔτε
702 4917 902 4988 μοιχοὶ,
958 4912 1080 4968 οὗτε
1123 4912 1377 4984 μαλακοὶ,
1410 4909 1531 4963 οὔτε
1558 4910 1782 4981 ἀρσενο-

178 5018 410 5075 κοῖται,
444 5011 566 5065 οὗτε
587 5010 833 5081 λοίδοροι,
862 5010 923 5062 οὐ
951 5008 1194 5079 μέθυσοι,
1225 5006 1324 5074 οὐχ
1368 5004 1638 5074 ἅρπαγες,
1682 5003 1780 5073 βα-

179 5106 424 5161 σιλείαν
453 5103 587 5157 Θεοῦ
605 5103 1092 5175 κληρονομήσουσι.
1129 5120 1146 5153 ι

285 5284 693 5354 Τελειούμενος
742 5282 1043 5355 ανθρωπος,
1087 5283 1167 5345 είς
1229 5283 1327 5351 τὴν
1374 5281 1483 5334 τῶν
1528 5278 1778 5347 ἀγγέλων

169 5382 374 5449 ἀξίαν
413 5377 690 5446 ἀνάγεται.

256 5474 390 5527 Τὸν
420 5470 627 5524 ἐκεῖθεν
652 5468 759 5521 τῶν
795 5467 1159 5538 ἑορταζόντων
1196 5462 1351 5537 ἦχον,
1387 5466 1514 5520 ἔνθα
1544 5466 1776 5535 εὐφραι-

166 5565 459 5636 νομένων
490 5561 706 5614 πάντων
748 5563 780 5631 ἡ
833 5561 1103 5623 κατοικία,
1152 5562 1251 5612 οὐκ
1282 5558 1412 5611 ἄλλο
1446 5576 1520 5620 τι,
1560 5558 1591 5627 ἢ
1624 5557 1779 5609 τοῦτο

166 5657 349 5713 εἶναι
386 5654 607 5725 νομίζω,
637 5653 767 5705 Θεὸν
798 5650 1135 5724 ὑμνούμενόν
1168 5667 1228 5702 τε
1277 5650 1372 5702 καὶ
1427 5647 1779 5714 δοξαζόμενον

162 5752 312 5813 τοῖς
363 5745 466 5815 τῆς
496 5748 673 5800 ἐκεῖσε
705 5743 973 5806 πολιτείας
1006 5742 1349 5813 ἠξιωμένοις.

1892 1968 2011 2038 ejus
2044 1970 2096 2024 in
2130 1972 2265 2036 vias,
2287 1990 2759 2048 congregaverunt
2796 1999 2990 2042 omnes
3047 2003 3185 2058 quos
3246 1990 3466 2048 invene-

1891 2072 2020 2117 runt
2046 2065 2219 2120 malos
2242 2075 2295 2123 et
2324 2069 2520 2136 bonos,
2559 2074 2875 2145 etimpleta:
2926 2091 3055 2135 sunt
3106 2083 3312 2153 nuptiae
3359 2084 3467 2143 dis-

1890 2157 2274 2214 cumbentium
2306 2180 2320 2217 :
2357 2181 2374 2213 ι
2405 2171 2461 2218 et
2486 2165 2699 2235 reliqua
2721 2167 2888 2238 hujus
2926 2171 3053 2227 loci.

1961 2424 2156 2480 Matt/1.
2182 2443 2306 2493 xxv,
2337 2429 2387 2482 Ι.
2417 2459 2487 2472 -
2511 2448 2529 2481 ι
2575 2429 2733 2486 Tunc
2781 2432 2963 2488 simile
2997 2436 3203 2489 factum
3248 2446 3331 2492 est
3369 2453 3464 2494 re-

1890 2535 2054 2587 gnum
2085 2522 2352 2577 cmlorum
2377 2524 2568 2578 decem
2601 2526 2926 2596 virginibus,
2954 2543 3075 2598 qua:
3125 2530 3464 2601 accipientes

1895 2612 2170 2679 lampades
2191 2628 2337 2674 suas,
2363 2614 2615 2668 exierunt
2644 2615 2857 2669 obviam
2891 2632 3123 2685 sponso,
3166 2636 3184 2668 ι
3210 2632 3316 2674 etc.

1966 2701 2136 2759 Marc.
2184 2720 2256 2761 tv.
2291 2703 2399 2758 26-
2445 2705 2532 2758 5‘2.
2561 2736 2630 2744 —
2671 2725 2691 2756 ι
2728 2706 2953 2762 Dicebat
3014 2710 3278 2765 Dominus
3328 2709 3464 2765 :Sic

1891 2802 1975 2849 est
1993 2811 2217 2866 regnum
2248 2798 2535 2860 caelorum,
2566 2800 3021 2867 quemadmodum
3044 2803 3089 2856 si
3116 2802 3279 2856 homo
3296 2803 3464 2870 jaciat

1890 2895 2194 2941 sementem
2230 2888 2282 2942 in
2339 2897 2564 2953 terram,
2594 2898 2649 2945 et
2703 2890 2957 2956 dormiat,
2993 2900 3046 2946 et
3076 2900 3333 2963 exsurgat
3365 2909 3463 2947 no-

1887 2992 1975 3035 cte
2005 2989 2057 3034 et
2089 2982 2206 3046 die,
2240 2991 2297 3035 et
2347 2998 2535 3038 semen
2584 2984 2878 3054 germinet,
2921 2995 2974 3038 et
3018 2986 3289 3042 increscat
3335 2988 3460 3041 dum

1890 3075 2068 3128 nescit
2107 3074 2213 3129 ille.
2245 3074 2405 3129 Ultro
2435 3077 2578 3130 enim
2645 3085 2793 3131 terra
2860 3078 3178 3139 fruetilicat,
3221 3079 3461 3148 primum

1887 3167 2135 3231 herbam,
2168 3166 2366 3221 deinde
2390 3168 2621 3236 spicam,
2650 3168 2847 3223 deinde
2876 3168 3038 3238 383
3089 3170 3310 3238 plenmn
3340 3168 3462 3223 fru-

1888 3268 2131 3314 mentum
2158 3261 2211 3313 in
2232 3263 2404 3328 spica.
2430 3260 2494 3314 Et
2537 3278 2657 3315 cum
2676 3277 2741 3315 ex
2761 3277 2821 3315 se
2857 3262 3174 3332 produxerit
3197 3262 3456 3323 fructum,

1889 3353 2071 3408 statim
2114 3354 2277 3407 mittit
2310 3353 2523 3416 falcem,
2552 3354 2805 3422 quoniam
2873 3355 3026 3409 adest
3083 3355 3295 3410 messis.
3352 3356 3451 3410 Cui

1889 3444 2204 3501 assimilabo
2237 3460 2464 3513 regnum
2496 3443 2629 3498 Dei?
2662 3455 2716 3499 et
2740 3445 2794 3498 in
2822 3461 2928 3513 qua
2988 3444 3246 3513 parabola
3310 3460 3456 3500 com-

1887 3553 2144 3608 paramus
2174 3537 2350 3592 illud?
2400 3537 2552 3591 Sicut
2612 3552 2785 3604 grano
2846 3538 3075 3605 sinapis,
3129 3538 3278 3605 quod
3335 3555 3457 3592 cum

1888 3629 2214 3683 seminatum
2251 3627 2415 3681 fuerit
2455 3626 2508 3679 in
2539 3636 2703 3689 terra,
2741 3628 2919 3681 minus
2954 3637 3037 3681 est
3088 3627 3343 3681 omnibus
3374 3644 3459 3682 se-

1887 3720 2146 3779 minibus.
2218 3736 2341 3790 quze
2393 3729 2522 3775 sunt
2556 3720 2607 3772 in
2643 3727 2784 3800 terra
2815 3735 2829 3782 ;
2857 3726 3057 3772 etcum
3130 3718 3456 3773 seminatum

1886 3810 2071 3876 fuerit,
2108 3812 2357 3868 ascendit
2387 3812 2644 3865 omnibus
2696 3811 2938 3865 oleribus
3009 3810 3208 3880 majus,
3237 3820 3291 3864 et
3321 3810 3453 3862 facit

1884 3918 2068 3961 ramos
2101 3920 2356 3973 magnos,
2389 3912 2447 3957 ut
2477 3902 2690 3971 possint
2719 3902 2822 3955 sub
2880 3900 3071 3955 umbra
3112 3901 3233 3970 ejus
3291 3902 3451 3954 volu-

1885 4011 2008 4051 cres
2047 3996 2168 4051 caali
2198 3995 2470 4050 habitare.
2496 4014 2513 4044 ι

1957 4088 2076 4142 Act.
2110 4103 2221 4151 xw,
2250 4087 2341 4139 21.
2366 4118 2437 4127 --
2467 4108 2485 4138 ι
2519 4084 2623 4141 Per
2646 4086 2850 4139 multas
2881 4084 3268 4139 tribulationes
3292 4100 3458 4155 oporo

1886 4190 1963 4237 tet
1992 4196 2093 4236 nos
2123 4181 2332 4235 intrare
2364 4180 2419 4233 in
2455 4195 2683 4250 regnum
2716 4178 2832 4233 Dei.
2868 4198 2885 4230 ι

1959 4271 2116 4327 Rom.
2151 4287 2263 4334 xlv,
2296 4270 2386 4325 17.
2420 4300 2488 4311 -
2521 4290 2539 4323 ι
2575 4267 2695 4325 Non
2725 4280 2810 4326 est
2841 4286 3068 4341 regnum
3113 4270 3207 4327 Dei
3247 4285 3373 4325 esca
3400 4279 3456 4326 et

1884 4370 2070 4433 potus,
2106 4362 2204 4416 sed
2236 4358 2457 4430 justitia
2482 4368 2536 4415 et
2576 4359 2834 4429 gaudium
2869 4360 2921 4414 in
2947 4359 3153 4430 Spiritu
3184 4370 3395 4416 saneto.
3432 4382 3451 4413 ι

1957 4531 1987 4584 Ι
2015 4532 2139 4587 Cor.
2169 4545 2242 4597 tv,
2269 4528 2357 4584 20.
2389 4558 2459 4566 -
2483 4548 2502 4579 ι
2544 4525 2663 4582 Νοη
2709 4541 2763 4579 In
2806 4539 3061 4580 sermone
3106 4532 3193 4580 est
3229 4539 3456 4596 regnum

1885 4624 2007 4691 Dei,
2039 4623 2133 4681 sed
2169 4622 2225 4677 in
2256 4622 2481 4676 virtute.
2518 4638 2537 4670 ι

1956 4715 1985 4771 I
2014 4715 2140 4772 Cor.
2176 4731 2251 4778 vr,
2283 4714 2338 4777 9,
2366 4711 2543 4767 10.—
2573 4730 2591 4762 ι
2616 4710 2701 4766 An
2732 4708 2987 4775 nescitis,
3012 4709 3137 4777 quia
3173 4709 3345 4780 iniqui
3368 4726 3455 4762 re.

1880 4826 2046 4882 gnum
2081 4806 2175 4864 Dei
2202 4823 2310 4863 non
2345 4802 2747 4877 possidebunt?
2781 4800 2960 4855 Nolite
2989 4816 3176 4857 errare
3213 4819 3226 4855 :
3277 4819 3452 4871 neque

1882 4900 2189 4966 fornicarii,
2225 4912 2402 4968 neque
2429 4894 2592 4949 idolis
2624 4892 2955 4953 servientes,
2983 4908 3161 4962 neque
3189 4892 3447 4953 adulteri.

1882 5009 2061 5063 neque
2115 4992 2331 5056 molles,
2368 5004 2547 5058 neque
2596 4987 2968 5041 masculorum
3033 4986 3448 5045 concubitores,

1880 5102 2057 5157 neque
2089 5084 2366 5148 maledici,
2403 5096 2578 5150 neque
2605 5080 2832 5142 ebriosi,
2881 5094 3058 5148 neque
3096 5092 3323 5146 rapaces
3365 5091 3451 5129 re-

1878 5195 2046 5253 gnum
2084 5177 2179 5232 Dei
2213 5174 2587 5247 possidebunt.
2631 5193 2648 5223 ι

1954 5270 2171 5341 Basilii.
2199 5299 2270 5310 —
2303 5266 2476 5321 Homo
2504 5281 2630 5320 cum
2662 5272 3102 5325 consummatur,
3135 5260 3202 5314 ad
3226 5259 3452 5329 angelo.

1881 5379 2004 5418 rum
2043 5362 2374 5433 dignitatem
2419 5358 2693 5413 evehitur.

1951 5455 2011 5511 S.
2043 5455 2199 5526 Greg.
2236 5452 2373 5507 Nuz.
2418 5461 2556 5506 orat.
2608 5453 2663 5505 in
2710 5450 2809 5505 SS.
2867 5448 3074 5503 Lumin.
3121 5477 3189 5485 —
3243 5446 3448 5501 Senum

1882 5550 2033 5602 illum
2062 5547 2424 5616 epulantium,
2452 5546 2542 5598 ubi
2566 5545 2865 5598 laetantium
2895 5540 3162 5595 habitatio
3186 5548 3288 5600 est,
3315 5538 3450 5592 nihil

1883 5641 2034 5696 aliud
2065 5657 2187 5695 esse
2224 5641 2530 5703 existimo,
2592 5638 2697 5691 nisi
2734 5636 2826 5690 Dei
2857 5632 3221 5688 laudationem
3260 5631 3452 5702 pracdi-

1882 5735 2284 5803 cationetnquc,
2309 5747 2428 5801 quae
2452 5731 2518 5784 ab
2536 5732 2604 5784 iis
2625 5729 2957 5791 celebratur,
2980 5725 3075 5782 aui
3105 5725 3273 5779 vitam
3307 5723 3453 5776 illam

1881 5841 2042 5898 agerc
2078 5827 2229 5898 digni
2253 5825 2425 5883 habiti
2464 5830 2615 5878 sunt.
