4024 6404
714 397 863 464 1263
1900 394 1963 455 S.
1993 390 2314 452 JOANNIS
2342 388 2774 450 DAMASCENI
3759 396 3849 463 ινα

793 519 856 575 S.
885 517 1104 587 Gregor.
1147 515 1439 578 Μικίωνα,
1468 511 1541 566 De
1565 525 1743 564 amore
1762 521 1977 576 pauper.
2007 534 2075 544 —-
2097 502 2301 568 Quetn-
2331 515 2376 569 Α

2261 521 2301 555 ι-
2331 515 2376 569 Α
2473 504 2686 575 ’Ὠσπερ
2716 500 2964 572 διάφοροι
2995 499 3125 570 βίων
3150 500 3408 571 αἱρέσεις,
3450 500 3607 566 οὕτως
3644 508 3721 560 καὶ
3749 514 3850 574 μινιὶ

723 608 1015 663 admodum
1036 607 1184 661 varia
1208 605 1472 662 suutvita:
1492 598 1854 658 instituta,sic
1877 595 2062 648 multa:
2080 607 2298 662 quoque

2268 608 2298 645 θ
2403 595 2559 649 ἄλλαι
2593 593 2749 665 παρὰ
2776 592 2853 663 τῷ
2880 591 3001 662 Θεῷ
3031 591 3171 645 κατὰ
3200 590 3297 662 τὴν
3325 591 3474 655 ἀξίαν
3501 594 3685 665 ἑκάστῳ
3707 603 3851 669 μεριζό-

723 700 868 769 apud
896 699 1063 753 Deum
1084 699 1397 752 mansiones
1420 703 1582 750 sunt:
1612 704 1728 759 quae
1756 687 1973 757 quidem
2004 683 2300 751 unicuique

2262 698 2300 738 Le
2407 705 2582 759 μεναι.
2614 688 2725 741 Καὶ
2758 688 2787 739 ὁ
2824 685 2925 757 μὲν
2952 686 3108 757 τήνδε
3139 684 3476 755 κατορθούτω
3497 687 3685 758 ἀρετὴν,
3709 692 3851 759 Mhi;

721 791 1032 860 promerito
1058 786 1580 842 distribuuntur.Ac
1596 780 1814 851 quidem
1844 778 1984 831 alius
2016 776 2157 830 hanc
2189 777 2299 829 vir-

2263 793 2299 819 '-
2404 782 2643 847 ἁπὰσας,
2675 781 2724 833 εἰ
2758 774 2870 833 οἷόν
2898 796 2955 832 τε
2974 794 2990 810 ·
3020 778 3181 851 μόνον
3202 778 3451 843 ὁδευέτω,
3488 780 3573 832 καὶ
3604 782 3784 849 ἐφιέσθω
3797 788 3850 839 τοῦ

724 892 916 947 tutem,
948 883 1089 936 alius
1136 882 1304 945 illam,
1333 880 1515 948 plures
1540 874 1705 938 alius,
1741 871 1885 925 alius
1918 870 2151 940 denique
2174 883 2296 923 om-

2261 894 2296 920 l‘
2405 873 2614 943 πρόσω,
2644 870 2901 925 καὶκατὰ
2928 871 3093 934 πόδας
3127 870 3343 924 ἑπέσθω
3370 872 3444 940 τῷ
3473 870 3634 934 καλῶς
3661 875 3850 943 bargain:

723 991 842 1040 nes,
904 973 951 1028 si
989 974 1103 1028 ﬁeri
1157 972 1382 1041 possit:
1427 976 1637 1020 tantum
1688 962 1974 1034 procedat,
2028 970 2083 1016 et
2132 974 2299 1031 porro

2266 974 2299 1013 0
2405 967 2498 1020 καὶ
2555 966 2976 1032 κατευθύνοντι,
3040 965 3136 1019 καὶ
3186 964 3277 1018 διὰ
3341 966 3438 1036 τῆς
3480 970 3650 1038 στενῆς
3686 970 3775 1023 6δοῦ
3798 976 3852 1026 iul

721 1063 973 1134 progredi
1009 1060 1249 1125 studeat,
1283 1068 1338 1113 et
1370 1059 1574 1126 Optime
1606 1059 1963 1123 praaeuntem,
1994 1061 2051 1103 ut
2079 1062 2174 1118 per
2203 1062 2300 1099 an-

2263 1063 2300 1098 ι·
2405 1058 2580 1130 πύλης
2611 1060 2705 1113 ἐπὶ
2754 1059 2816 1112 τὸ
2866 1059 3067 1123 πλάτος
3108 1058 3294 1126 ἄγοντι
3330 1057 3428 1126 τῆς
3460 1058 3647 1113 ἐκεῖθεν
3680 1068 3852 1132 μακαριό-

723 1165 936 1225 gustam
970 1154 1109 1206 viam
1145 1160 1200 1205 et
1241 1157 1475 1220 portam,
1517 1145 1586 1199 ad
1639 1143 1997 1200 beatitudinis
2027 1140 2180 1194 illius
2212 1136 2298 1191 fu-
2404 1168 2587 1222 τητος,

724 1254 859 1299 tui-te
890 1242 1227 1297 latitudinem
1261 1252 1408 1293 recta
1442 1238 1737 1291 ducentem
1796 1240 2085 1304 sequatur.

794 1335 983 1404 Ejusd.
1041 1344 1178 1388 orat.
1208 1335 1263 1386 in
1314 1332 1448 1385 (iam.
1495 1331 1651 1398 fratr.
1687 1359 1757 1367 —
1788 1325 1907 1379 Una
1956 1338 2039 1377 me
2086 1329 2302 1391 oportet

2260 1329 2302 1374 ει
2476 1334 2697 1407 Χριστῷ
2736 1332 3073 1403 συνταφῆναί
3104 1349 3173 1403 με
3227 1332 3329 1396 δεῖ,
3365 1332 3578 1403 Χριστῷ
3607 1337 3849 1407 cunctim,

723 1427 947 1499 sepeliri
987 1442 1111 1482 cum
1142 1423 1383 1487 Christo,
1421 1438 1527 1477 una
1555 1436 1680 1476 cum
1722 1420 1942 1473 Christo
1985 1427 2298 1483 resurgere,

2256 1427 2298 1476 ἓν
2409 1427 2918 1498 συγκληρονομῆσαι
2951 1422 3197 1495 Χριστῷ,
3234 1424 3351 1478 υἱὸν
3381 1424 3621 1493 γενέσθαι
3642 1425 3845 1491 Θεοῦ,θεὸτ

721 1536 830 1575 una
865 1534 987 1573 cum
1019 1518 1241 1572 Christo
1270 1514 1544 1568 lneredem
1577 1528 1702 1567 esse
1728 1552 1741 1575 ,
1788 1510 1956 1563 lilium
2004 1507 2100 1562 Dei
2136 1504 2297 1570 edici,
2407 1519 2568 1574 αὐτόν

726 1615 841 1667 imo
868 1612 1031 1666 deum
1054 1612 1260 1680 ipsum.

792 1702 1043 1773 Nysseni.
1077 1732 1145 1743 —-
1184 1699 1415 1754 Virtutis
1469 1696 1754 1767 praemium
1811 1694 1915 1748 hoc
1955 1701 2041 1749 est
2068 1733 2082 1756 ,
2137 1691 2299 1746 deum

2265 1705 2299 1744 11
2478 1697 2679 1756 Ἀθλον
2708 1702 2930 1772 ἀρετῆς,
2982 1701 3105 1754 θεὸν
3160 1700 3438 1770 γενέσθαι,
3487 1700 3577 1753 καὶ
3604 1700 3670 1768 τῷ
3696 1702 3854 1773 mihi»

724 1794 865 1859 ﬁeri,
904 1803 963 1849 et
1003 1792 1307 1864 purissimo
1337 1791 1543 1845 lumine
1577 1786 1919 1842 collustrari.
1956 1814 2026 1825 —
2059 1784 2218 1840 Certa
2249 1792 2303 1837 et

2267 1792 2303 1837 ξι
2408 1797 2559 1869 τάτῳ
2614 1797 2755 1868 φωτὶ
2822 1796 3360 1867 καταστράπτεσθαι.
3413 1823 3481 1836 -—
3536 1794 3605 1847 Τὸ
3627 1796 3772 1848 πιστὸν
3805 1803 3856 1849 ml

710 1887 1033 1943 indubitata
1061 1885 1259 1940 futurae
1292 1882 1484 1953 gratiae
1533 1896 1661 1950 spes
1695 1878 1958 1948 majorem
1993 1876 2049 1929 in
2076 1876 2293 1929 modum

2267 1890 2293 1926 η
2330 1884 2370 1943 Β
2398 1888 2769 1960 ἀναμφίϐολον
2802 1887 2902 1956 τῆς
2953 1887 3315 1957 ἐλπιζομένης
3369 1885 3585 1956 χάριτος
3610 1926 3623 1950 ,
3655 1886 3856 1949 deditam

722 1995 820 2035 eos
851 1978 1111 2043 oblectat,
1142 1975 1237 2046 qui
1273 1988 1393 2030 eam
1429 1988 1526 2042 per
1552 1971 1876 2042 patientiam
1917 1974 2263 2037 exspectant.

2063 1974 2263 2021 εοῑδηῑυ
2402 1987 2516 2048 τοῖς
2538 1984 2606 2037 δι’
2628 1983 2907 2055 ὑπομονῆς
2937 1981 3402 2053 ἀπεκδεχομένοις
3437 1981 3652 2049 γίνεται.

797 2090 985 2161 Ejusd.
1020 2090 1160 2144 hom.
1186 2099 1299 2143 octo
1325 2089 1378 2141 in
1407 2085 1918 2155 Βησιμὼ-[ἰοειιὶ
1951 2083 2185 2151 dignitas
2211 2099 2302 2137 su-

2267 2100 2302 2137 ι-
2485 2096 2551 2150 Ἥ
2612 2096 2715 2167 τῆς
2770 2094 3048 2167 βασιλείας
3114 2094 3261 2159 ἀξία,
3320 2094 3697 2167 ὑπερκειμένην
3738 2095 3856 2165 ἑαυτῆς

726 2187 997 2254 periorem
1025 2199 1084 2239 se
1114 2182 1457 2254 tyrannidem
1510 2196 1618 2234 non
1656 2179 1837 2231 habet.
1880 2209 1949 2217 —
1996 2175 2303 2230 Tribulatio

2271 2192 2303 2228 ο
2402 2189 2693 2260 τυραννίδα
2713 2189 2814 2242 οὐκ
2842 2188 2976 2258 ἔχει.
3008 2218 3079 2229 -
3112 2188 3235 2240 Τῶν
3257 2186 3701 2259 προσδοκωμένων
3722 2187 3855 2255 ἀγαθὼ

727 2274 830 2329 ﬂos
858 2284 941 2330 est
976 2274 1242 2328 bonorum
1274 2288 1395 2342 qua:
1424 2271 1833 2341 praestolamur.
1878 2267 2091 2321 Florem
2137 2267 2303 2337 igitur

2266 2280 2303 2318 η’
2404 2284 2438 2353 ὴ
2467 2281 2645 2351 θλίψις
2671 2281 2829 2345 ἄνθος
2861 2282 3030 2337 ἐστίν.
3066 2281 3167 2335 Διὰ
3198 2280 3291 2335 τὸν
3332 2281 3544 2353 καρπὸν
3569 2282 3624 2335 τὸ
3647 2282 3768 2347 ἄνθος
3788 2283 3855 2353 δρε-

722 2376 951 2437 propter
983 2365 1223 2420 fructum
1245 2366 1608 2435 decerpamus

1066 2375 1223 2420 letum
1245 2366 1477 2435 decerpa
1488 2378 1608 2417 mus
2403 2370 2655 2443 ψὼμεθα.

798 2503 968 2558 Clem.
1020 2502 1173 2555 Alex.
1227 2500 1357 2567 Quis
1396 2499 1535 2553 dives
1573 2496 1706 2551 salu.
1734 2495 1761 2567 §
1791 2495 1885 2549 2|.
1917 2524 1985 2535 -—-
2030 2490 2148 2546 Non
2180 2490 2299 2545 dorv

2268 2505 2299 2542 Γ¹
2476 2505 2551 2559 Οὐ
2576 2504 2685 2558 τῶν
2710 2504 3082 2562 καθευδόντων
3117 2509 3214 2562 καὶ
3255 2508 3671 2579 βλακευόντωνὴ
3705 2508 3857 2578 βασιλέα

727 2597 1020 2652 mientium
1054 2611 1155 2650 nec
1186 2594 1506 2664 ignavorum
1534 2597 1619 2647 est
1652 2604 1885 2659 regnum
1917 2585 2033 2650 Dei,
2068 2586 2163 2641 sed
2198 2584 2304 2637 vio-

2269 2598 2304 2636 "
2404 2596 2498 2650 τοῦ
2533 2596 2691 2660 Θεοῦ,
2717 2597 2832 2651 ἀλλ’
2861 2598 2912 2651 ei
2938 2597 3165 2668 βιασταὶ
3217 2599 3561 2670 ἁρπάζουσιν
3590 2600 3745 2670 αὑτήν.
3776 2601 3858 2666 Ilia,

722 2688 859 2742 lenti
885 2688 1108 2757 rapiunt
1138 2684 1290 2738 illud.
1319 2681 1429 2738 Hoc
1455 2680 1600 2736 enim
1625 2681 1805 2737 solum
1834 2674 2106 2732 violentiae
2129 2690 2304 2746 genus

2277 2691 2304 2728 3
2405 2690 2513 2760 γὰρ
2538 2690 2672 2761 μόνη
2701 2689 2792 2759 βία
2823 2691 2985 2762 καλὴ,
3012 2690 3147 2743 Θεὸν
3192 2690 3511 2761 βιάσασθαι.
3546 2694 3629 2746 καὶ
3658 2692 3770 2763 παρὰ
3784 2691 3858 2743 Θεςί

731 2778 1027 2833 honestum
1060 2784 1115 2831 et
1148 2775 1472 2846 pra-clarum
1497 2780 1604 2834 est,
1640 2770 1751 2825 Deo
1778 2771 1888 2823 vim
1926 2768 2159 2829 inferre,
2192 2777 2244 2819 et
2275 2781 2302 2819 a

2275 2781 2302 2819 ³
2406 2780 2551 2851 ζωὴν
2580 2781 2843 2851 ἁρπάσαι.
2884 2782 2943 2835 '0
2969 2782 3025 2834 δὲ
3057 2784 3221 2849 γνοὺς
3248 2786 3378 2847 τοὺς
3414 2783 3652 2855 βεϐαίως,
3682 2783 3860 2854 μᾶλλφᾶ

726 2868 841 2924 Deo
870 2870 1036 2922 vitam
1083 2876 1431 2935 extorquere.
1484 2863 1581 2917 Ille
1606 2871 1813 2922 autem,
1867 2876 1994 2914 cum
2048 2859 2304 2928 cngnitos

2271 2872 2304 2912 ‘5
2407 2872 2596 2942 βιαίως
2637 2873 3055 2943 ἀντεχομένους,
3100 2874 3453 2946 συνεχώρησε
3498 2876 3585 2929 καὶ
3615 2872 3860 2942 εἷξε.Χαίρι;

718 2960 852 3015 εἱιιοε
894 2961 1113 3022 habeat,
1141 2959 1234 3028 qui
1266 2957 1517 3018 ﬁrmiter,
1552 2955 1660 3008 imo
1694 2954 1966 3025 violeuter
2001 2950 2301 3020 stringunt,

1842 2961 1966 3025 υιθν
2001 2950 2301 3020 sumsum:
2406 2965 2515 3035 γὰρ
2536 2966 2564 3017 ὁ
2587 2964 2718 3027 Θεὸς
2740 2965 2807 3017 τὰ
2834 2964 3057 3017 τοιαῦτα
3088 2965 3429 3037 ἡττώμενος.

704 3053 994 3111 ,οοιιοοιιοι
1048 3061 1101 3105 et
1151 3049 1305 3103 dabit
1347 3065 1565 3103 manus.
1601 3047 1743 3102 Deus
1783 3046 1931 3100 enim
1964 3044 2167 3115 gaudet
2201 3043 2304 3096 hoc

735 3145 897 3198 modo
920 3141 1196 3213 superari.

808 3234 998 3303 Ejusd.
1027 3249 1095 3288 ea:
1114 3233 1269 3303 epist.
1299 3232 1391 3285 21.
1418 3262 1486 3272 -
1519 3230 1763 3301 Regnum
1798 3227 1934 3283 illud
1971 3226 2305 3296 incorrupti-
2331 3230 2372 3288 c

2275 3230 2305 3279 ὶ-
2331 3230 2372 3288 C
2476 3232 2592 3284 Οὐκ
2627 3230 2739 3301 ἔχει
2785 3231 3085 3303 ἐπιθυμίαν
3119 3241 3146 3280 1
3175 3233 3207 3304 ἡ
3237 3232 3518 3305 ἄφθαρτος
3553 3230 3864 3302 βασιλείωλᾶ

730 3329 843 3383 bile
877 3325 1236 3395 cupiditatem
1274 3337 1385 3378 non
1411 3320 1593 3387 habet,
1623 3319 1718 3375 sed
1745 3319 2013 3375 bonorum
2055 3317 2302 3371 omnium

2275 3333 2302 3369 Il
2413 3325 2715 3394 παρουσίαν
2744 3327 2960 3379 πάντων
2992 3352 2993 3355 η
3027 3324 3138 3378 τῶν
3196 3326 3439 3394 ἀγαθῶν.
3477 3326 3630 3378 Ὅθεν
3669 3327 3745 3377 οὐκ
3780 3325 3864 3374 tam

733 3419 1101 3489 praesentiam.
1144 3415 1302 3472 Unde
1352 3414 1425 3469 ibi
1479 3428 1590 3467 non
1626 3422 1709 3468 est
1736 3410 2058 3480 cupiditatis
2088 3408 2249 3464 locus
2286 3424 2299 3461 :

2286 3424 2299 3461 ε
2411 3416 2787 3488 ἐπιθυμῆσαιο
2825 3420 2888 3471 ὲκ
2947 3418 3055 3488 γὰρ
3102 3418 3197 3474 τοῦ
3239 3420 3510 3491 ὑστερεῖν,
3579 3420 3635 3473 τὸ
3676 3418 3863 3486 ἐπιθυμεῖν

729 3530 797 3567 ex
836 3511 1062 3581 penuria
1112 3510 1314 3579 quippe
1367 3504 1533 3577 384
1586 3503 1860 3573 cupiditas
1907 3503 2123 3566 oritur;
2157 3501 2303 3571 quod

2273 3501 2303 3555 d
2412 3510 2591 3564 ἐστιν’
2629 3513 2692 3564 ὲκ
2730 3511 2786 3563 δὲ
2820 3510 2912 3563 τοῦ
2954 3512 3130 3565 πάντα
3151 3512 3316 3582 ἔχειν,
3350 3513 3413 3565 τὸ
3437 3512 3653 3582 μηδενὸς
3678 3510 3862 3577 ἐπιθυμεῖν

730 3621 865 3657 vero
887 3603 1010 3672 quis
1038 3601 1300 3655 omnibus
1340 3599 1603 3669 potiatur,
1636 3597 1761 3651 hinc
1809 3595 2015 3660 oritur,
2063 3604 2123 3648 ut.
2168 3594 2306 3649 nihil

2272 3594 2306 3647 il
2413 3604 2549 3657 ἐστι.
2586 3633 2655 3643 —
2682 3603 2972 3658 Βασιλείαν
3020 3603 3155 3658 Θεοῦ
3214 3604 3460 3670 λεκτέον,
3504 3606 3596 3676 τὴν
3640 3606 3861 3659 διατάττειν

731 3696 1112 3764 concupiscat.
1142 3723 1211 3731 —
1236 3693 1482 3760 Regnum
1525 3687 1621 3743 Dei
1671 3695 1849 3741 status
1874 3701 2069 3741 eorum
2111 3684 2305 3740 dicen-

2001 3701 2069 3739 Im
2111 3684 2305 3740 dicen-
2412 3694 2522 3749 τῶν
2547 3695 2688 3749 κατὰ
2718 3697 2844 3759 τοὺς
2877 3695 3056 3760 θείους
3079 3696 3276 3767 νόμους
3310 3697 3590 3768 βιούντων.

732 3789 838 3842 dus
866 3797 971 3851 est,
1000 3787 1095 3856 qui
1125 3787 1295 3841 vitam
1325 3789 1488 3855 agant
1520 3781 1726 3836 divinis
1764 3780 1977 3851 legibus
2011 3787 2307 3835 consenta-

732 3897 916 3937 neam.

732 3993 870 4047 Tl'l‘.
899 3992 961 4049 li.
1002 4023 1065 4035 --
1098 3991 1171 4045 De
1202 3989 1426 4067 consilio
1461 3987 1616 4067 D_ei‘:
1672 3995 1720 4067 et
1748 3984 1907 4067 “quod
1954 4001 2045 4038 nec
2081 3984 2298 4049 mutari,

2270 3984 2298 4049 ἱ,
2416 3986 2599 4042 ἸἸΤΛ.
2642 3987 3859 4067 Β’.-ςῌερίβουλῇς-Θεοῦοκαίόςιἄτρεπτα.

946 4080 1037 4117 nec
1064 4061 1426 4129 comprehendi
1449 4058 1514 4112 ab
1558 4057 1856 4109 hominibus
1890 4066 2079 4123 potest.

2615 4061 2715 4115 καὶ
2761 4057 3083 4130 ἀνέφικτος
3130 4059 3467 4128 ἀνθρώποις
3501 4060 3739 4129 ὑπάρχει.

810 4175 957 4228 Ρετιι.
994 4191 1166 4233 xxxn,
1198 4174 1286 4225 10.
1320 4202 1391 4211 -
1424 4190 1443 4223 ‹
1480 4172 1742 4225 Dominus
1783 4170 2022 4238 dissipat
2067 4169 2301 4225 consilia

2271 4184 2301 4223 a
2490 4193 2509 4225 ι
2540 4173 2745 4246 Κύριος
2775 4171 3113 4236 διασκεδάζει
3149 4171 3346 4243 βουλὰς
3374 4173 3545 4227 ἐθνῶν
3573 4214 3587 4237 ,
3618 4166 3860 4225 domum

735 4267 1016 4337 gentium,
1073 4265 1325 4333 reprobat
1398 4273 1580 4316 autem
1628 4261 1997 4331 cogitationes
2064 4261 2295 4330 populo-

1305 4272 1325 4316 t
1398 4273 1580 4316 autem
1628 4261 1997 4331 cogitationes
2064 4261 2295 4330 populo-
2414 4265 2647 4336 γισμοὺς
2678 4263 2841 4318 λαῶν.
2873 4280 2892 4313 ι

734 4374 880 4423 nun,
913 4375 931 4406 ι
963 4364 1076 4410 etc.

808 4450 951 4503 Psat.
980 4463 1165 4510 mni,
1190 4447 1245 4501 5.
1274 4475 1344 4487 -—
1381 4464 1400 4497 ι
1429 4443 1715 4500 Terribilis
1742 4446 1800 4499 in
1832 4442 2086 4501 consiliis
2130 4458 2297 4515 super

2271 4458 2297 4498 ι’
2486 4458 2506 4492 ‹
2555 4440 2643 4505 Ὠς
2681 4440 2908 4511 φοϐερὸς
2966 4441 3022 4493 ὲν
3084 4441 3300 4512 βουλαῖς
3366 4441 3509 4513 ὑπὲρ
3542 4442 3657 4504 τοὺς
3691 4436 3858 4498 nimb-

740 4542 881 4593 tilios
917 4540 1221 4593 hominum.
1258 4554 1277 4587 ι

1125 4553 1221 4591 ιιη.
1258 4554 1277 4587 ι
2337 4597 2373 4603 _
2414 4530 2669 4603 θρώπων.
2696 4551 2714 4583 ι

816 4632 971 4686 Prov.
1000 4648 1116 4693 xu,
1142 4630 1233 4683 2L
1275 4658 1346 4668 —
1372 4648 1395 4680 ε
1437 4627 1618 4682 Multae
1637 4625 1998 4696 cogitationes
2047 4625 2103 4680 in
2143 4625 2307 4681 corde
2337 4597 2387 4658 Β

2268 4629 2307 4681 le
2337 4597 2387 4658 Β
2450 4597 2463 4603 '
2484 4642 2504 4675 ‹
2524 4623 2714 4677 Πολλοὶ
2728 4623 2976 4693 λογισμοὶ
2997 4626 3056 4678 ὲν
3087 4626 3286 4697 καρδίᾳ
3309 4627 3593 4700 ἀνθρώπου
3615 4645 3629 4660 ο
3661 4617 3857 4697 {gregali

741 4723 978 4778 hominis
1010 4734 1024 4774 :
1058 4720 1347 4775 consilium
1387 4729 1568 4774 autem
1599 4715 1695 4773 Dei
1721 4724 1905 4772 manet
1929 4716 1985 4770 in
2016 4716 2308 4787 sempiter-

1763 4724 1905 4772 ianet
1929 4716 1985 4770 in
2016 4716 2308 4787 sempiter-
2407 4713 2501 4769 τοῦ
2538 4713 2673 4768 Θεοῦ
2705 4715 2951 4786 μένειείς
2982 4715 3075 4770 τὸν
3097 4716 3290 4772 αἰῶνα.
3333 4736 3352 4769 ν

740 4832 892 4871 1111111.
918 4834 944 4865 ν)

808 4905 923 4961 Ιδα.
956 4880 1075 4970 ἰιν,
1098 4904 1188 4961 28.
1219 4936 1289 4946 —
1318 4924 1336 4955 ‹
1365 4903 1496 4969 Quae
1544 4902 1689 4958 Deus
1746 4910 1976 4957 sanctus
2033 4901 2307 4967 decrevit,

2264 4909 2307 4967 ι,
2482 4913 2502 4946 ι
2543 4896 2609 4947 "A
2653 4895 2682 4947 ὁ
2712 4894 2843 4958 Θεὸς
2892 4894 3044 4962 ἆγιος
3083 4894 3449 4965 βεϐούλευται,
3479 4898 3561 4959 τίς
3599 4890 3853 4949 Summi

737 4998 863 5067 quis
889 4995 1200 5065 dissipabit,
1222 5001 1276 5048 et
1298 5007 1519 5047 manum
1544 4992 1666 5062 ejus
1687 4991 1979 5048 sublimem
1999 4992 2127 5061 quis
2151 5006 2307 5047 aver-

2151 5006 2307 5047 aver-
2408 4988 2504 5043 καὶ
2523 4988 2621 5059 τὴν
2658 4988 2817 5059 χεῖρα
2852 4985 2951 5057 τὴν
2980 4985 3192 5057 ὑψηλὴν
3222 4987 3305 5052 τίς
3341 4988 3720 5060 ἀποστρέψειν

737 5090 861 5145 tat?
900 5108 918 5140 ι

807 5180 923 5234 Isa.
960 5196 1075 5241 xix,
1107 5178 1196 5243 15,
1243 5177 1332 5230 24.
1364 5204 1437 5216 -
1477 5195 1495 5227 ‹
1530 5174 1656 5230 Haec
1704 5174 1842 5230 dicit
1878 5175 2145 5231 Dominus
2202 5173 2304 5229 Sa-

2263 5192 2304 5229 ι-
2493 5185 2511 5216 ‹
2545 5161 2685 5216 Τάδε
2706 5160 2855 5228 λέγει
2912 5158 3115 5231 Κύριος
3140 5158 3387 5225 Σαϐαὼθ,
3417 5160 3583 5227 λέγων
3604 5164 3616 5177 ⁸
3654 5159 3729 5207 Ὃν
3741 5153 3852 5219 τρίτη

738 5273 900 5326 baoth
935 5289 948 5325 :
982 5268 1448 5338 Quemadmodum
1471 5266 1605 5329 dixi,
1648 5266 1730 5321 sic.
1762 5268 1865 5322 erit
1893 5285 1909 5332 ;
1942 5274 1998 5321 et
2038 5266 2311 5335 quemad-

2415 5257 2633 5328 εἴρηκα,
2658 5252 2831 5316 οὕτως
2888 5250 3064 5313 ἔσται,
3121 5254 3216 5305 καί
3268 5252 3327 5304 ὃν
3356 5252 3553 5323 τρόπον
3589 5247 3855 5319 βεϐοὑὶευμι.
3926 5249 3928 5269 ⁴

740 5365 958 5417 modum
1010 5371 1189 5415 mente
1219 5360 1470 5421 tractavi,
1522 5358 1604 5412 sic
1668 5358 1932 5413 manebit.
1974 5376 1993 5409 ι
2025 5389 2094 5400 -
2145 5377 2161 5409 ι
2206 5355 2312 5411 Ubi

2265 5357 2312 5411 bi
2416 5349 2587 5412 οὕτως
2644 5347 2813 5417 μενεῖ.
2841 5363 2860 5397 ι
2902 5371 2972 5382 ο·-
3000 5362 3019 5393 ι
3057 5342 3164 5395 Ιιοῦ
3241 5346 3378 5397 εἰσιν
3430 5346 3480 5397 oi
3520 5345 3657 5411 σοᾳοί
3687 5353 3780 5397 seu;
3809 5334 3854 5379 11‘

741 5451 869 5505 sunt
899 5453 1172 5521 sapientes
1212 5450 1406 5505 tui‘iet
1440 5451 1770 5503 annuntient
1807 5449 1927 5513 tibi,
1978 5451 2109 5518 quid
2162 5451 2311 5520 cogi—

2268 5451 2311 5503 i—
2416 5438 2893 5509 ἀναγγειλὰτωσάν
2959 5450 3041 5487 σοι
3070 5433 3098 5486 ὃ
3130 5451 3183 5487 τι
3218 5434 3557 5505 βεϐούλευται
3620 5435 3775 5501 Κύριος
3798 5423 3857 5475 Σι·

739 5545 941 5596 laverit
965 5542 1231 5597 Dominus
1254 5542 1518 5597 Sabaoth.
1557 5559 1575 5591 ι

2420 5533 2589 5588 ϐαώθ.
2618 5551 2637 5584 ι
3841 5597 3854 5609 .

813 5632 927 5687 Isa.
966 5650 1055 5701 xc,
1093 5635 1178 5699 15,
1212 5638 1303 5690 28.
1331 5666 1399 5675 —
1420 5654 1438 5686 ι
1480 5633 1616 5699 Quis
1647 5635 1904 5699 cognovit
1936 5641 2175 5687 mentem
2204 5632 2311 5688 Do-

2266 5648 2311 5688 δ·
2496 5648 2515 5681 ι
2554 5628 2647 5691 Τίς
2672 5627 2812 5698 ἔγνω
2846 5627 2968 5682 νοῦν
3002 5629 3229 5699 Κυρίου,
3271 5629 3302 5699 ἢ
3345 5626 3426 5690 τίς
3458 5619 3726 5693 σύμϐουλος
3760 5608 3855 5666 65‘3"

813 5835 843 5879 7
871 5826 1041 5898 liuj’us
1066 5828 1350 5882 sententiae
1381 5826 1620 5882 auctoris
1652 5840 1849 5881 nomen
1876 5841 1931 5880 in
1962 5826 2073 5881 ullo
2103 5825 2294 5882 codice
2332 5825 2533 5897 reperi.
2568 5824 2663 5882 Est
2697 5826 2881 5883 forsan
2910 5827 3021 5882 Nili
3054 5827 3134 5883 vel
3167 5824 3495 5898 Serapionis.
