3910 6410
28 402 185 465 Ῑῖδὸ

1268 398 1507 460 SACRA
1536 392 2016 457 PABALLELA..

3163 376 3299 441 1266

26 514 287 579 ἐγένετο,
332 513 394 576 ὃς
461 514 789 584 συμϐιϐάσει
852 514 1050 581 αὐτ6ν;
1092 515 1124 587 ἦ
1167 512 1304 586 π’ρδς
1350 510 1471 564 τίνα
1505 523 1627 561 συν-

1747 501 1871 558 mini
1900 543 1917 569 ,
1948 509 2045 557 aut
2075 501 2203 573 quis
2259 501 2615 558 consiliarius
2644 500 2762 570 ejus
2813 496 2935 559 iuit,
2968 502 3025 548 ut
3047 491 3299 547 nocuerit

22 603 431 667 εϐουλεύσκτο,
457 607 553 658 καὶ
604 607 959 663 συνεϐίϐασεν
982 608 1182 675 αὑτόν;
1230 605 1363 669 Θεὸς
1416 602 1634 667 αἰώνιος

22 697 63 746 6
96 698 521 760 κατασκευάσας
559 700 627 752 τὰ
657 701 805 770 ἄκρα
832 700 932 769 τῆς
956 701 1078 769 γῆς.
1102 700 1176 753 Οὐ
1206 699 1480 761 πεινάσει,
1511 694 1634 750 οὐδὲ

24 789 304 841 κοπιάσει
327 830 342 852 ,
380 790 500 843 οὐδὲ
530 791 676 845 ἐστιν
720 791 993 863 ἐξεύρεσις
1035 792 1135 862 τῆς
1191 789 1504 861 φρονήσεως
1534 787 1633 842 αὖ·

22 896 158 932 τοι).
207 899 225 931 ι

108 997 127 1027 ε
185 978 328 1045 Ἐγώ
385 980 504 1051 εἰμι
554 982 583 1033 6
633 982 787 1050 Θεὸς,
838 985 935 1037 καὶ
982 984 1080 1037 οὐκ
1135 983 1285 1037 ἔστιν
1313 982 1468 1045 ἄλλος
1492 979 1633 1051 πλὴν

26 1068 210 1137 ἐμοῦ.
238 1071 398 1124 Πᾶσα
450 1074 484 1140 ἡ
555 1072 718 1144 βουλή
763 1092 865 1144 μου
898 1076 1180 1145 στήσεται,
1210 1074 1307 1127 καὶ
1337 1072 1514 1127 πάντα
1532 1072 1633 1124 ὅσα

30 1158 430 1231 βεϐούλευμαι,
454 1165 665 1234 ποιήσω
685 1181 699 1195 ο
737 1165 993 1236 ἐλάλησα,
1040 1165 1136 1220 καὶ
1168 1165 1375 1235 ἦγαγον
1396 1179 1408 1192 ·
1440 1161 1630 1216 εκτισα

28 1251 143 1302 καὶ
177 1252 415 1323 ἐποίησα
436 1254 589 1311 αὑτό,
630 1273 650 1307 ι

122 1360 145 1392 ο
194 1342 270 1395 Τὸ
304 1343 456 1415 ρἦά
497 1362 600 1416 μου
630 1346 659 1400 ὃ
703 1347 799 1402 ἐὰν
848 1347 1040 1421 ἐξέλθῃ
1081 1349 1145 1402 ix
1200 1348 1298 1402 τοῦ
1366 1347 1630 1419 στόματός

35 1449 183 1502 μου,
205 1435 266 1488 οὐ
300 1436 376 1507 μὴ
398 1438 725 1511 άποστραφῇ
777 1440 916 1511 πρός
951 1457 1019 1510 με
1053 1441 1230 1507 κενὸν,
1262 1441 1366 1506 ἕως
1399 1440 1466 1494 ἂν
1502 1457 1628 1495 συν-

29 1524 251 1596 τελέσῃ
284 1528 464 1581 πάντα
482 1528 585 1581 ὅσα
607 1528 868 1599 ἠθέλησα.
904 1549 923 1583 ›

121 1632 141 1665 ι
182 1615 279 1679 Τίς
303 1617 513 1688 ἀνδρῶν
545 1621 816 1687 γνώσεται
848 1621 1044 1691 βουλὴν
1071 1621 1246 1689 Θεοῦ;
1292 1621 1326 1693 ἢ
1355 1622 1438 1686 τίς
1478 1621 1630 1676 ἔνθυ-

35 1703 366 1773 μηθήσεται
400 1707 453 1760 τί
486 1708 630 1763 θέλει
658 1713 687 1764 6
712 1711 956 1783 Κύριος;
996 1713 1251 1784 λογισμοὶ¹
1272 1713 1380 1785 γὰρ
1420 1714 1629 1785 θνητῶν

1735 596 1915 651 eum?
1962 602 2058 652 aut
2110 596 2275 666 cujus
2324 595 2535 664 accepit
2590 589 2906 651 consilium,
2956 597 3010 641 et
3039 582 3301 638 instruxit

1739 687 1940 740 illum?
1966 685 2110 742 Deus
2145 698 2403 749 aeternus,
2427 686 2519 751 qui
2563 682 2774 737 creavit
2814 677 3081 732 terminos
3118 683 3296 727 terra).

1733 777 1852 834 Non
1879 778 2107 844 esuriet,
2163 792 2265 833 nec
2303 775 2592 838 laborabit,
2643 788 2743 828 nec
2777 779 2861 826 est
2895 765 3137 823 inventio
3168 780 3301 835 pru-

1732 870 1931 927 dentia:
1962 869 2103 940 ejus.
2132 888 2151 920 ι

1811 961 1925 1018 Ιεα.
1958 979 2102 1025 xuv,
2132 964 2186 1026 9,
2218 962 2307 1016 10.
2336 988 2409 1002 --
2442 980 2460 1012 ι
2508 958 2618 1030 Ego
2650 971 2770 1012 sum
2801 956 2967 1019 Deus,
2994 962 3043 1009 et
3070 968 3179 1007 non
3212 958 3295 1005 est

1736 1055 1875 1111 ultra
1912 1064 2106 1126 praeter
2150 1071 2255 1110 me.
2307 1051 2498 1108 Omnis
2549 1053 2802 1108 voluntas
2845 1063 2963 1103 mea
3019 1046 3208 1110 stabit,
3241 1052 3296 1097 et

1732 1158 1938 1207 cuncta
1966 1164 2089 1220 quae
2119 1148 2379 1219 cogitavi,
2419 1147 2635 1201 iaciam.
2664 1145 2908 1200 Locutus
2933 1156 3073 1206 sum,
3118 1147 3173 1194 et
3204 1137 3297 1191 ad-

1731 1244 1894 1311 duxi;
1921 1242 2131 1307 creavi,
2167 1250 2223 1299 et
2250 1242 2375 1298 l‘eci.
2422 1260 2442 1295 ι

1802 1335 1920 1390 lsa.
1951 1350 2041 1401 LV,
2082 1336 2171 1390 ll.
2203 1365 2273 1376 -——
2301 1355 2319 1387 ι
2361 1333 2598 1391 Verbum
2631 1348 2809 1389 meum
2833 1328 2981 1401 quod
3010 1326 3204 1384 exierit
3235 1325 3302 1379 de

1731 1440 1828 1481 ore
1852 1441 1994 1491 meo,
2017 1439 2128 1481 non
2157 1433 2463 1481 revertetur
2481 1425 2550 1479 ad
2575 1440 2658 1479 me
2683 1438 2935 1481 vacuum.
2954 1420 3130 1475 donec
3154 1432 3303 1473 com-

1732 1519 1948 1589 placeat
1969 1533 2235 1588 quaecum]
2248 1534 2316 1572 ue
2358 1516 2531 1571 volui.
2568 1535 2585 1567 ι

1801 1607 1930 1678 Sap.
1965 1625 2041 1675 ιχ,
2078 1609 2164 1674 13,
2195 1610 2281 1664 17.
2313 1640 2375 1649 -—
2415 1629 2434 1661 ι
2478 1609 2614 1676 Quis
2651 1607 2934 1662 hominum
2978 1602 3177 1675 poterit
3210 1616 3301 1654 cn-

1729 1712 1995 1768 gnoscere
2034 1700 2331 1755 consilium
2366 1699 2499 1756 Dei?
2533 1707 2627 1753 aut
2671 1701 2795 1770 quis
2822 1697 3021 1768 poterit
3059 1696 3300 1765 cogitare

31 1794 240 1859 δειλοὶ,
276 1800 370 1851 καὶ
393 1800 717 1869 ἐπισφαλεῖς
754 1805 812 1859 αἱ
836 1804 1072 1859 ἐπίνοιαι
1094 1806 1294 1860 αὐτῶν.
1326 1806 1498 1869 Μόλις
1520 1806 1627 1875 γὰρ

1747 1806 1855 1860 inae
1879 1790 2012 1846 velit
2038 1790 2227 1847 Deus?
2257 1792 2630 1863 Cogitationes
2656 1792 2944 1846 hominum
2991 1787 3216 1849 timidae,
3244 1793 3299 1839 et

1756 1891 1950 1905 --μμ
1986 1884 2340 1905 “Annuus
2376 1894 2573 1905 ___.--A
2636 1883 2856 1905 mm..-
2893 1882 3032 1905 ,κτῶ
3062 1881 3268 1905 mum“

32 1887 349 1959 εἰκάζομεν
375 1890 443 1945 τά
491 1893 586 1947 ἐπὶ
616 1896 715 1965 τῆς
763 1895 889 1966 γῆς,
913 1898 1006 1950 καὶ
1040 1898 1108 1951 τά
1141 1898 1199 1951 ὲν
1241 1899 1430 1969 χερσὶν
1476 1898 1629 1968 εὑρί-

35 1994 264 2049 σκομεν
295 1982 433 2051 μετὰ
467 1985 635 2038 πόνου
656 2000 669 2015 ’
704 1987 772 2040 τὰ
817 1988 876 2041 δὲ
907 1990 966 2041 ἐν
995 1989 1247 2061 οὐρανοῖς
1276 1989 1360 2053 τίς
1392 1989 1625 2061 ὲξιχνία-

47 2087 158 2125 σεν
185 2088 203 2138 ;
235 2072 428 2145 βουλὴν
452 2077 510 2130 δέ
539 2094 633 2132 σου
658 2079 743 2144 τίς
772 2079 948 2149 ἔγνως
997 2101 1014 2133 ι

116 2336 303 2391 Ὅπου
352 2340 484 2406 Θεὸς
549 2343 819 2414 βούλεται,
850 2349 1066 2403 νικᾶται
1106 2352 1319 2421 φύσεως
1358 2352 1532 2417 τάξις.
1564 2355 1627 2407 Ei

32 2425 333 2499 ἠϐουλήθη
355 2431 485 2500 γὰρ,
515 2432 772 2507 ἠδυνήθη.

30 2559 450 2639 TITA._I"._—
473 2569 611 2639 Περὶ
650 2570 940 2639 βοηθείας
986 2576 1169 2630 Θεοῦ·
1226 2580 1323 2631 καὶ
1373 2581 1461 2634 ὅτι
1517 2584 1625 2637 τοῦ

115 2632 275 2720 Θξρτξ
286 2632 685 2720 ξπέδοκοῦὴζος
704 2632 994 2720 ἐεὶισουὶζὴ
1020 2647 1345 2716 ἀνθρώπων
1358 2632 1624 2720 ἀάθεὶεὲῗ,

106 2701 218 2754 καί
240 2703 433 2774 ὀλίγοι
458 2701 708 2762 πολλῶν
744 2701 1059 2781 κρατοῦσι.

119 2830 141 2862 ι
184 2812 387 2869 Καθότι
439 2818 634 2883 αὐτοὺς
688 2824 1026 2894 ἐταπείνουν,
1069 2830 1287 2897 πλείους
1323 2835 1621 2905 ἐγίγνοντο,

38 2904 142 2955 καὶ
175 2903 367 2975 ἴσχυον
396 2909 620 2980 σφόδρα.
650 2931 669 2963 ι

119 3103 141 3135 ‹
181 3083 318 3140 Εἷπε
342 3088 545 3159 Κύριος
592 3094 729 3163 πρὸς
758 3096 1000 3168 Μωῦσῆν
1020 3118 1032 3130 ·
1078 3098 1240 3156 Εἶδον
1260 3106 1359 3175 τὴν
1385 3108 1624 3165 κάκωσιν

1730 1884 1954 1939 incerta:
1986 1884 2345 1955 providentiae
2375 1894 2601 1941 nostrae.
2632 1883 2860 1938 Diﬂicile
2888 1882 3035 1937 enim
3061 1881 3300 1938 aestima-

1733 1992 1859 2032 mus
1886 1993 2009 2047 qua:
2039 1978 2092 2032 in
2127 1986 2273 2033 tersa
2315 1987 2467 2043 sunt,
2497 1988 2550 2033 et
2580 1993 2703 2047 qua:
2738 1978 2791 2031 in
2826 1981 3119 2046 prospectu
3152 1985 3301 2036 sum,

1730 2068 2041 2125 invenimus
2109 2084 2233 2125 cum
2302 2070 2488 2126 labore
2526 2088 2539 2124 :
2576 2085 2697 2140 quae
2762 2078 2943 2123 autem
3018 2068 3074 2122 in
3147 2065 3301 2119 caelis

1728 2172 1879 2227 sunt,
1922 2162 2048 2232 quis
2097 2162 2484 2234 investigabit?
2517 2177 2737 2218 sensum
2763 2168 2944 2217 autem
2976 2171 3127 2215 tuum
3174 2157 3300 2228 quis

1728 2254 1904 2309 sciet?
1942 2274 1960 2305 ι

1800 2345 2072 2415 ΟΙινυεοει.
2113 2345 2270 2401 Hom.
2300 2348 2351 2399 in
2388 2346 2520 2400 Nat.
2540 2346 2731 2403 Christ.
2760 2375 2831 2385 —
2873 2343 2974 2398 Ubi
2999 2342 3141 2398 Deus
3166 2345 3300 2407 vult,

1729 2446 2024 2507 superatur
2056 2438 2193 2492 ordo
2221 2446 2456 2493 natura.
2478 2436 2612 2491 Nam
2641 2438 2689 2493 si
2719 2436 2914 2502 voluit,
2946 2435 3079 2490 illud
3103 2436 3299 2505 potuit.

1729 2570 1867 2626 Tl'l‘.
1903 2570 1989 2624 ΙΙΙ.
2018 2600 2087 2613 —-
2122 2570 2196 2624 De
2249 2571 2453 2623 auxilio
2487 2569 2618 2623 Dei:
2644 2578 2692 2622 et
2742 2568 2900 2639 quod,
2935 2567 3040 2620 Deo
3075 2568 3300 2639 favente.

1802 2642 2090 2696 imbecilles
2130 2642 2399 2695 [coruinum
2422 2642 2633 2695 insidia:
2666 2638 2810 2703 sunt,
2843 2648 2891 2692 et
2920 2641 3075 2706 pauci
3106 2638 3301 2691 multos

1801 2723 2073 2779 superant.

1800 2825 1976 2881 Exod.
2014 2845 2050 2893 I,
2093 2828 2263 2882 12-
2290 2847 2307 2878 ι
2339 2826 2554 2893 Quanto
2584 2828 2757 2898 magis
2778 2843 2872 2881 eos
2895 2825 3299 2895 opprimebant,

1728 2927 1882 2972 tanto
1908 2921 2079 2988 magis
2107 2918 2636 2988 multiplicabuntur,
2679 2928 2731 2972 et
2768 2917 3119 2971 vehementer
3150 2917 3302 2968 inva-

1727 3011 2023 3065 lescebant.
2072 3031 2089 3062 ι

1798 3101 1972 3156 Exod.
2003 3119 2080 3164 Ill,
2109 3102 2160 3166 7,
2181 3103 2231 3157 8.
2268 3134 2338 3144 -υ-
2382 3122 2399 3154 (
2442 3102 2587 3156 Dixit
2636 3101 2902 3157 Dominus
2933 3103 2999 3154 ad
3031 3100 3251 3172 Moysen
3282 3117 3295 3153 :

39 3178 140 3231 τοῦ
168 3178 306 3232 λαοῦ
337 3200 438 3251 μου
468 3184 561 3237 τοῦ
594 3187 649 3239 ἐν
680 3188 962 3261 Αἰγύπτῳ.
988 3195 1079 3247 καλ⁸
1110 3196 1212 3264 τῆς
1252 3203 1497 3271 κραυγῆς
1536 3206 1625 3257 αὑ⁸

1747 3192 1845 3247 l’idi
1883 3193 2227 3248 aﬂlictionem
2272 3192 2454 3262 populi
2484 3192 2593 3247 mei
2631 3193 2723 3260 qui
2755 3192 2914 3246 estin
2958 3189 3220 3261 Egypto,
3244 3197 3301 3244 et

42 3269 155 3367 :th
181 3270 422 3367 inﬁma,
584 3277 693 3330 τῶν
719 3281 1091 3351 ὲργοδιωκτῶν
1124 3269 1320 3343 αὐτῶν,
1358 3269 1488 3346 Οἶδα
1519 3296 1625 3367 γὰρ

42 3360 141 3431 τὴν
170 3360 369 3432 ὀδύνην
424 3366 620 3429 αὐτῶν,
679 3372 771 3422 καὶ
802 3372 1036 3443 κατέϐην
1074 3376 1166 3428 τοῦ
1199 3378 1481 3443 ἐξελέσθαι
1526 3360 1625 3437 ἀό-

39 3454 175 3516 toi»;
204 3455 271 3505 ἐκ
295 3457 476 3527 χειρὸς
502 3460 838 3528 Αἰγυπτίων,
874 3466 968 3517 καὶ
1000 3465 1291 3537 ἐξαγαγεῖν
1332 3473 1528 3537 αὐτοὺς
1562 3479 1625 3530 ἐκ

35 3545 147 3613 τῆς
172 3546 280 3613 γῆς
300 3547 531 3619 ἐκείνης,
550 3552 644 3605 καὶ
671 3554 985 3622 εἰσαγαγεῖν
1019 3558 1219 3622 αὐτοὺς
1249 3563 1327 3624 εἰς
1356 3563 1459 3631 γῆν
1481 3566 1626 3636 ῥέον-

34 3652 147 3688 σαν
187 3636 314 3701 μέλι
346 3640 436 3691 καὶ
464 3641 626 3707 γάλα.
663 3661 679 3693 ι

113 3745 136 3777 σ
189 3723 328 3779 Eine
356 3730 583 3801 Βαλαάμ
612 3751 623 3763 ·
662 3735 757 3788 Ἐκ
786 3737 1217 3812 Μεσοποταμίας
1234 3748 1625 3817 κατεπέμψατό

30 3835 108 3888 με
160 3818 351 3911 Βαλὰκ
379 3821 631 3890 βασιλεὺς
686 3827 879 3891 Μωὰϐ,
922 3830 1131 3901 λέγων’
1179 3838 1502 3908 Κατάρασαί
1532 3859 1623 3911 μοι

31 3912 132 3964 τὸν
190 3909 428 3983 Ἰσραήλ.
487 3916 552 3968 Τί
598 3917 878 3990 άράσομαι
938 3922 998 3975 ὃν
1024 3925 1100 3996 μὴ
1136 3926 1339 3998 ἀρᾶται
1380 3909 1621 4002 Κύριος;

30 4005 66 4075 ἢ
115 4005 518 4076 καταράσομαι
551 4008 610 4061 ὃν
636 4010 710 4081 μὴ
743 4017 1096 4085 καταρᾶταιὸ
1132 4018 1303 4086 Θεὸς;

114 4196 137 4268 r
360 4178 559 4251 Κύριος
587 4181 722 4252 πρὸς
750 4183 987 4240 Γεδεών⁹
1021 4190 1196 4255 Πολὺς
1225 4195 1254 4247 6
1274 4194 1402 4257 λαὸς
1420 4200 1449 4251 6
1484 4199 1624 4268 μετά

30 4267 136 4320 σοῦ
161 4307 188 4361 ,ῃ
226 4267 372 4361 ὥστε
430 4271 769 4340 παραδοῦναί
817 4293 886 4343 με
941 4276 1045 4350 τὴν
1100 4282 1331 4354 Μαδιάμ
1375 4289 1434 4339 ὲν
1480 4267 1624 4361 χειρὶ

28 4359 257 4451 αὐτῶν,
287 4359 496 4429 μήποτε
527 4365 871 4434 καυχήσηται
902 4368 1139 4441 Ἰσραὴλ,
1170 4375 1253 4428 ὅτι
1286 4376 1349 4429 Ἠ
1371 4379 1493 4451 χείρ
1522 4359 1623 4451 μου

29 4449 227 4504 ἔσωσέ
257 4467 347 4517 με.
380 4452 485 4504 Καὶ
506 4453 602 4507 νῦν
636 4455 867 4525 λάλησον
900 4460 978 4522 είς
1001 4462 1069 4515 τὰ
1096 4458 1210 4518 ὦτα
1230 4467 1324 4519 τοῦ
1354 4449 1624 4537 λαοῦ,ἠλέ-

1733 3286 1915 3340 audivi
1945 3288 2242 3340 clamorem
2277 3300 2490 3351 eorum,
2544 3292 2768 3355 propter
2799 3284 3061 3338 duritiam
3109 3298 3299 3339 eorum

1732 3378 1824 3446 qui
1857 3387 2098 3447 praesunt
2156 3379 2416 3448 operibus
2473 3392 2684 3431 eormn.
2725 3374 2842 3430 Vidi
2877 3378 3020 3431 enim
3054 3374 3301 3430 dolorem

1732 3467 1872 3535 ejus,
1891 3476 1945 3519 et
1974 3466 2235 3521 descendi
2261 3474 2319 3522 ut
2346 3468 2566 3522 liberem
2592 3482 2686 3521 eos
2710 3467 2778 3522 de
2814 3482 2983 3520 manu
3014 3465 3301 3537 Egyptia-

1734 3573 1876 3620 rum,
1916 3565 1971 3611 ct
2007 3556 2239 3611 educam
2284 3573 2382 3614 eos
2414 3557 2482 3613 de
2522 3569 2667 3613 terra
2704 3558 2818 3625 illa,
2854 3567 2909 3612 et
2948 3558 3202 3612 inducam
3245 3558 3299 3611 in

1732 3658 1934 3703 terram
1977 3650 2116 3704 lacte
2145 3659 2198 3705 et
2222 3651 2383 3706 melle
2410 3661 2742 3706 manantem.
2785 3672 2803 3702 ι

1805 3740 1973 3797 Num.
2010 3759 2164 3805 χχιιι,
2197 3744 2251 3798 7.
2278 3772 2344 3783 —
2385 3763 2405 3796 ι
2452 3742 2601 3798 Dixit
2638 3743 2896 3797 Balaam:
2931 3742 3005 3798 De
3048 3742 3301 3813 Mesopo-

1732 3837 1897 3891 tamia
1928 3836 2220 3891 accersivit
2245 3852 2329 3892 me
2357 3837 2522 3892 Baiae
2550 3852 2647 3891 rex
2679 3837 2835 3891 Moab
2861 3837 3052 3892 dicens
3082 3853 3095 3890 :
3143 3836 3304 3891 Male-

1728 3928 1817 3983 dic
1862 3928 2053 3994 Jacoh,
2087 3937 2143 3985 et
2197 3930 2322 3984 veni
2357 3930 2483 3995 huc,
2520 3929 2752 3986 maledic
2778 3930 2912 3984 mihi
2964 3928 3155 3985 Israel.
3191 3929 3301 3983 Cur

1733 4021 2055 4076 maledicam
2082 4022 2155 4086 ei,
2200 4023 2291 4077 cui
2346 4037 2453 4077 non
2509 4022 2788 4077 maledixit
2819 4021 3003 4078 Deus?
3032 4030 3126 4075 aut
3147 4020 3299 4076 dete-

1732 4123 1864 4177 ster,
1893 4128 2054 4183 quem
2090 4113 2356 4170 Dominus
2385 4130 2494 4169 non
2529 4115 2873 4171 detestatur?
2913 4134 2930 4165 ι

1800 4202 1963 4273 385
1983 4201 2348 4269 Judic.vu,2.
2373 4205 2425 4260 7.
2444 4236 2513 4245 -
2534 4223 2552 4255 ι
2580 4204 2646 4258 Et
2668 4204 2802 4260 dixit
2829 4204 3089 4259 Dominus
3105 4204 3169 4257 ad
3195 4203 3302 4259 Ge-

1730 4296 1868 4349 deon
1887 4312 1900 4347 :
1917 4295 2154 4366 Populus
2168 4296 2259 4367 qui
2278 4306 2457 4352 tecum
2476 4305 2580 4360 est,
2596 4297 2797 4352 multus
2808 4306 2913 4363 est,
2928 4313 3091 4366 quam
3116 4305 3173 4349 ut
3189 4304 3304 4350 tra-

1732 4387 1855 4441 dam
1890 4387 2119 4443 Madiam
2146 4390 2199 4443 in
2223 4405 2393 4444 manu
2405 4391 2545 4457 ejus.
2565 4387 2643 4445 Ne
2668 4388 2806 4444 forte
2827 4389 3089 4460 glorietur
3113 4388 3300 4453 Israel,

1731 4477 2013 4547 dicatque:
2030 4479 2220 4535 Manus
2238 4495 2356 4534 mea
2374 4483 2580 4535 salvum
2606 4495 2692 4534 me
2710 4480 2855 4534 fecit.
2877 4478 2941 4532 Et
2960 4493 3107 4531 nunc
3124 4478 3305 4547 loque-

28 4558 188 4611 γωνο
222 4540 323 4599 Τίς
353 4542 380 4595 6
408 4543 743 4613 φοϐούμενος
784 4549 877 4600 καὶ
915 4550 1116 4618 δειλός;
1181 4555 1619 4631 Ἐπιστραφήτω.

1747 4582 1787 4621 'e
1810 4568 1863 4621 in
1880 4583 2042 4623 aures
2060 4570 2268 4639 populi,
2294 4569 2484 4625 dicens
2509 4585 2525 4622 :
2556 4568 2689 4636 Quis
2704 4570 2856 4623 timet
2871 4577 2925 4624 et
2940 4568 3296 4623 meticulosus

29 4635 149 4686 Καὶ
189 4633 628 4705 ἀπεστράφησαν
648 4638 757 4691 ἀπὸ
776 4639 871 4693 τοῦ
896 4642 1026 4697 λαοῦ
1056 4644 1230 4699 εἴκοσι
1252 4647 1346 4700 δύο
1367 4650 1626 4719 χιλιάδες,

26 4729 134 4779 καὶ
168 4725 321 4778 δέκα
352 4727 588 4796 χιλιάδες
640 4732 1074 4805 ἀπελείφθησαν.
1118 4739 1225 4791 Καὶ
1274 4736 1395 4795 εἷπε
1424 4745 1629 4814 Κύριος

25 4819 186 4888 πρὸς
218 4816 425 4871 Γεδεών
444 4838 458 4849 ·
499 4821 620 4875 Ἔτι
645 4822 674 4874 6
700 4822 827 4887 λαὸς
853 4826 1041 4892 πολὺς,
1071 4832 1402 4900 κατένεγκον
1429 4836 1629 4899 αὐτοὺς

23 4914 115 4973 εἰς
144 4910 220 4963 τὸ
248 4909 415 4981 ὕδωρ.
448 4914 557 4965 Καὶ
586 4911 705 4968 εἷπε
728 4918 865 4988 πρὸς
899 4920 1135 4973 Γεδεώνο
1167 4924 1278 4983 Πᾶς
1304 4924 1364 4988 ὃς
1385 4924 1452 4979 ἂν
1478 4927 1629 5000 λείξῃ

24 5007 95 5073 τῇ
133 5000 375 5072 γλώσσῃ
403 5003 568 5057 αὑτοῦ
594 5006 704 5059 άπὸ
724 5008 816 5062 τοῦ
843 5008 1054 5073 ὓδατος,
1085 5012 1161 5075 ὡς
1192 5013 1258 5067 ἂν
1285 5014 1434 5087 λείξη
1455 5017 1624 5086 κύων,

24 5099 280 5164 στήσεις
313 5094 508 5158 αὐτοὺς
541 5098 682 5150 κατὰ
725 5100 923 5168 μόνας·
961 5102 1056 5157 καὶ
1083 5103 1299 5171 ἐγένετο
1334 5108 1362 5160 6
1393 5109 1629 5181 ἀριθμὸς

22 5186 236 5240 αὐτῶν
261 5187 564 5253 τριακόσιοι
595 5187 805 5259 ἄνδρες.
831 5190 937 5243 Καὶ
972 5187 1093 5245 εἷπε
1124 5194 1350 5265 Κύριος*
1385 5196 1479 5250 Ἐν
1514 5201 1628 5264 τοίς

21 5276 391 5349 τριακοσίοις
444 5278 655 5343 τούτοις
713 5281 1021 5354 παραδώσω
1086 5284 1187 5356 τὴν
1256 5288 1482 5359 Μαδιάμ
1548 5293 1630 5356 εἰς

22 5369 241 5443 χεῖράς
276 5384 392 5422 σου.
434 5388 451 5418 ι

108 5502 132 5533 ι
183 5480 392 5534 Ἔλαϐε
419 5481 583 5536 Δαϐὶδ
610 5486 712 5555 τὴν
770 5487 964 5555 ῥάϐδον
1014 5490 1074 5542 ὲν
1118 5492 1266 5560 χειρὶ
1312 5492 1501 5557 αὑτοῦ,
1535 5495 1629 5547 καὶ

24 5572 343 5639 εξελέξατο
372 5575 555 5646 ἐαυτῷ
580 5577 742 5631 πέντε
777 5578 981 5646 λίθους,
1023 5583 1118 5636 καὶ¹
1148 5582 1304 5637 ἔθετο
1338 5585 1536 5650 αὐτοὺς
1570 5589 1629 5641 ἐν

21 5664 114 5733 -ιῷ
146 5660 339 5731 καδίῳ
386 5664 468 5735 τῷ
496 5667 820 5737 πιμενικῷ,
844 5670 937 5724 καὶ
967 5670 1224 5743 σφενδόνη
1270 5673 1436 5727 αὐτοῦ
1468 5676 1527 5729 ὲν
1560 5678 1626 5747 τῇ

25 5754 198 5824 χειρὶ
229 5752 426 5807 αὐτοῦ.
456 5756 564 5809 Καὶ
605 5758 914 5829 προσῆλθεν
963 5762 1100 5832 πρὸς
1143 5762 1235 5815 τὸν
1304 5763 1623 5833 ἀλλόφυλον.

28 5846 163 5903 Καὶ
202 5839 319 5898 εἶδε
347 5845 439 5901 τὸν
477 5848 656 5915 Δαϐὶδ,
691 5849 783 5903 καὶ
816 5850 1172 5918 ἐξουδένωσεν
1215 5852 1397 5923 αὑτὸν,
1427 5857 1505 5908 ὅτι
1558 5852 1626 5926 ἦν

1734 4658 1865 4714 est?
1898 4657 2244 4714 Revertatur.
2274 4658 2340 4713 Et
2381 4661 2589 4714 reversi
2615 4668 2741 4715 sunt
2770 4659 2837 4714 de
2866 4661 3069 4729 populo
3105 4659 3296 4727 viginti

1738 4750 1849 4805 duo
1882 4749 2078 4814 millia,
2110 4760 2164 4805 et
2206 4751 2391 4805 decem
2463 4752 2631 4805 millia
2679 4760 3082 4806 remanserunt.
3121 4751 3185 4804 Et
3211 4750 3296 4805 di-

1732 4841 1810 4895 xit
1860 4840 2121 4897 Dominus
2171 4841 2237 4894 ad
2263 4841 2483 4896 Gedeon
2520 4860 2531 4893 :
2565 4842 2758 4896 Adhuc
2792 4844 3027 4913 populus
3057 4844 3295 4904 multus;

1732 4932 1913 4988 deduc
1943 4949 2039 4989 eos
2070 4933 2135 4988 ad
2172 4948 2364 5002 aquas.
2421 4932 2487 4988 Et
2516 4934 2655 4988 dixit
2686 4936 2751 4989 ad
2813 4934 3031 4991 Gedeon
3060 4956 3071 4990 :
3108 4935 3298 4989 Omnis

1731 5024 1828 5094 qui
1886 5025 2075 5096 lingua
2134 5041 2232 5080 sua
2271 5026 2515 5087 linxerit,
2558 5036 2618 5080 ut
2675 5027 2920 5083 lambere
2946 5029 3084 5081 solet
3117 5027 3294 5089 canis,

1735 5115 1838 5169 hos
1879 5115 2048 5170 sistes
2096 5130 2371 5169 seorsum.
2407 5115 2472 5168 Et
2500 5116 2605 5171 fuit
2634 5134 2899 5174 numerus
2929 5120 3158 5172 istorum
3187 5124 3297 5171 tre-

1731 5207 1874 5260 centi
1907 5206 2035 5261 viri.
2075 5206 2141 5261 Et
2176 5206 2317 5260 dixit
2345 5205 2651 5265 Dominus:
2680 5211 2738 5264 In
2759 5212 2844 5265 his
2872 5208 3133 5264 trecentis
3164 5208 3296 5261 viris

1732 5298 1939 5352 tradam
1965 5297 2197 5353 Madiam
2228 5299 2279 5351 in
2308 5313 2505 5355 manus
2527 5313 2668 5356 tuas.
2706 5320 2724 5352 ι

1804 5493 1830 5548 Ι
1860 5492 1985 5564 Reg.
2020 5511 2154 5558 xvn,
2186 5490 2375 5549 £0-51.
2406 5526 2475 5537 -ρ
2502 5515 2520 5547 ι
2555 5494 2619 5549 Ει
2654 5496 2862 5564 accepit
2894 5495 3058 5550 David
3088 5496 3295 5564 virgam

1730 5586 1785 5641 in
1819 5602 1982 5641 manu
2027 5602 2152 5651 sua,
2187 5596 2243 5641 et
2274 5589 2438 5657 elegit
2496 5588 2596 5643 sibi
2659 5590 2898 5658 quinque
2954 5587 3183 5658 lapides,
3242 5596 3297 5642 et

1731 5678 1882 5734 misit
1921 5694 2014 5734 eos
2045 5680 2098 5733 in
2136 5694 2323 5749 peram
2349 5680 2671 5749 pastoralem
2706 5698 2719 5734 ε
2752 5689 2805 5735 et
2827 5681 2990 5735 funda
3021 5682 3073 5735 in
3105 5695 3298 5734 manus

1732 5768 1869 5838 ejus.
1932 5770 1998 5823 Et
2028 5770 2258 5824 accessit
2294 5770 2359 5823 ad
2392 5771 2742 5840 allophylum.
2770 5770 2833 5824 Et
2867 5772 3000 5827 vidit
3031 5770 3216 5830 David.
3244 5782 3298 5824 et

1731 5860 2146 5928 despexitenm,
2177 5861 2304 5930 quia
2357 5861 2791 5917 adolescentulus
2851 5873 2987 5917 erat.
3040 5860 3103 5914 Et
3154 5860 3296 5916 dixit
