4024 6428
655 414 790 482 ῘΞΕἹ

1814 415 1873 476 S.
1915 411 2236 477 JOANNIS
2289 411 2718 474 DAMASCENI

3709 415 3809 482 1268

649 530 955 600 allophylus
989 547 1002 583 :
1037 527 1290 600 Nunquid
1329 530 1482 585 canis
1535 545 1636 600 ego
1669 545 1812 594 sum,
1847 530 1994 600 quod
2025 544 2214 600 egres-

2241 532 2286 588 Α
2316 529 2618 599 παιδάριον.
2667 516 2774 580 ιιάι
2831 522 2986 580 εἷτίεν
3031 529 3060 580 ὀ
3089 526 3416 595 ὰλλόφυλος’
3450 527 3537 596 Μὴ
3587 532 3811 600 κυωδὲτὼ

651 636 746 674 sus
773 635 833 674 cs
874 636 998 673 cum
1053 621 1205 690 virga
1242 629 1297 675 et
1349 621 1662 689 lapidibus?
1693 618 1759 671 Et
1782 619 1919 672 dixit
1951 618 2118 673 David
2146 618 2213 672 ad

651 712 980 783 allophylum
1015 731 1028 767 :
1063 711 1142 766 Tu
1191 713 1344 767 venis
1369 713 1434 766 ad
1461 727 1544 766 me
1569 714 1620 765 in
1649 711 1849 780 gladio.
1873 719 1928 765 et
1951 712 2003 764 in
2036 710 2212 775 hasta,

651 811 700 856 et
739 801 792 854 in
846 801 1057 872 clypeo.
1124 800 1237 870 Ego
1266 811 1448 855 autem
1497 799 1703 854 accedo
1738 800 1805 853 ad
1835 811 1884 853 te
1904 799 1956 853 in
1991 800 2216 854 nomine

651 891 862 945 Domini
915 889 1154 944 Sabaoth
1213 889 1641 958 omnipotentis;
1673 898 1728 942 et
1784 890 2089 959 percutiam
2140 899 2213 952 te,

651 999 700 1040 et
744 997 1078 1056 cognoscent
1124 985 1378 1037 universa
1430 985 1664 1038 ecclesia
1697 984 1831 1046 lucc,
1860 985 1986 1053 quia
2021 999 2128 1036 non
2163 984 2216 1036 iu

651 1080 826 1148 gladio
854 1094 952 1133 nec
977 1081 1027 1132 in
1062 1078 1218 1132 hasta
1243 1060 1416 1130 salvat
1447 1076 1728 1133 Dominus.
1761 1076 1826 1130 Et
1848 1077 2092 1132 extendit
2112 1077 2218 1129 Da-

651 1173 733 1226 vid
770 1185 986 1224 manum
1019 1185 1170 1223 suam
1205 1171 1256 1222 iu
1277 1183 1479 1237 peram,
1510 1177 1564 1222 et
1595 1168 1802 1236 accepit
1833 1167 1957 1222 inde
1986 1167 2220 1236 lapidem

649 1278 856 1325 unmn,
909 1269 963 1315 et
1016 1260 1236 1315 fundam
1283 1261 1438 1330 jecit,
1491 1269 1546 1316 et
1576 1261 1844 1331 percussit
1887 1259 2219 1329 allophylum

649 1357 701 1409 in
736 1355 971 1409 frontem
1035 1353 1178 1423 ejus.
1227 1353 1295 1406 Et
1324 1353 1676 1424 pertransivit
1702 1351 1842 1424 lapis
1892 1366 1986 1422 per
2015 1350 2220 1420 galeam

649 1449 700 1500 iu
743 1447 974 1501 frontem
1010 1446 1153 1515 ejus,
1201 1454 1255 1500 et
1310 1444 1508 1501 cecidit
1539 1445 1593 1498 in
1631 1452 1854 1508 terram,
1898 1449 1953 1496 et
1981 1441 2222 1496 cucurrit

648 1539 837 1603 David,
869 1549 922 1593 ct
959 1526 1186 1594 abstulit
1215 1545 1378 1609 caput
1407 1537 1576 1593 illius.
1621 1555 1640 1588 ι

718 1724 782 1780 II
820 1725 941 1796 Reg.
972 1741 1106 1788 xvn,
1139 1725 1229 1779 Μ.
1259 1754 1324 1766 -—
1355 1741 1375 1774 ι
1419 1719 1484 1777 Ει
1514 1722 1653 1778 dixit
1678 1719 1989 1785 Ahesalom,
2022 1726 2074 1774 et
2100 1732 2220 1774 om-

648 1820 739 1873 nis
796 1821 883 1873 vir
921 1820 1087 1874 Israel
1122 1836 1134 1867 τ
1172 1818 1379 1872 Bonum
1411 1823 1496 1871 est
1534 1817 1832 1872 consilium
1857 1815 2027 1872 Chusi
2053 1827 2223 1884 super

647 1911 944 1964 consilium
1012 1908 1394 1978 Architophel.
1430 1906 1497 1962 Ut
1537 1907 1775 1963 adducat
1802 1907 2066 1962 Dominus
2119 1921 2212 1960 su-

647 2018 740 2071 per
766 2001 1054 2055 Abesalom
1092 2001 1252 2055 mala.
1286 2020 1303 2048 ι
1733 2013 1755 2044 ι

719 2091 801 2145 IV
839 2091 962 2164 Reg.
1016 2108 1110 2158 νη,
1145 2093 1178 2144 5
1201 2108 1338 2162 seqq.
1371 2121 1440 2130 —
1479 2109 1496 2142 ι
1527 2089 1761 2160 lngressi
1809 2098 1938 2145 sunt
1971 2096 2212 2159 quatuor

647 2185 870 2254 teprosi,
905 2192 961 2238 et
1001 2182 1110 2237 Deo
1164 2183 1304 2238 bene
1341 2182 1588 2248 favente,
1647 2183 1964 2238 universum
1999 2180 2210 2235 exerci-

647 2289 758 2327 tum
797 2272 970 2343 Syria:
1002 2280 1340 2328 terruerunt.
1379 2291 1396 2322 ι

716 2364 780 2419 ΙΙ
816 2362 1002 2418 Ραναι.
1038 2381 1205 2430 xxxu,
1243 2364 1297 2432 5,
1321 2366 1374 2418 θ.
1409 2395 1476 2405 —
1515 2383 1533 2415 ι
1565 2365 1920 2420 Confortatus
1953 2373 2037 2420 est
2078 2365 2202 2420 Eze-

647 2459 816 2523 chias,
851 2465 906 2512 et
935 2456 1226 2511 aedificavit
1260 2472 1479 2510 murum
1514 2457 1607 2526 qui
1670 2465 1865 2525 ruptus
1929 2455 2126 2517 fuerat,
2160 2468 2211 2510 et

645 2558 864 2606 locutus
919 2549 1109 2605 estad
1157 2562 1253 2604 cor
1309 2549 1491 2618 populi
1543 2549 1778 2604 dicens:
1853 2547 2207 2604 Roboramini

646 2654 697 2698 et
727 2643 825 2698 viri
867 2651 1065 2706 estote,
1132 2657 1200 2697 ne
1227 2643 1470 2712 paveatis
1499 2655 1530 2693 τι
1570 2641 1708 2696 facie
1758 2642 1902 2712 regis
1934 2642 2127 2707 Assur,
2159 2651 2212 2697 et

645 2736 824 2805 gentis
885 2750 1126 2804 magnae;
1168 2735 1431 2804 quoniam
1492 2735 1780 2791 nobiscum
1832 2735 2014 2804 plures
2061 2745 2210 2799 sunt,

645 2849 807 2899 quam
839 2846 962 2883 cum
1022 2830 1151 2883 illis.
1187 2830 1324 2883 Cum
1368 2844 1432 2882 eo
1461 2840 1591 2882 sunt
1622 2828 1845 2882 brachia
1878 2829 2084 2888 carnis,
2115 2843 2210 2880 no-

647 2923 856 2975 biscum
904 2936 1035 2973 vero
1071 2919 1337 2974 Dominus
1393 2919 1536 2975 Deus
1588 2927 1795 2975 uoster.
1834 2919 1898 2972 Et
1953 2919 2208 2974 fiduciam

646 3013 835 3066 lialiuit
871 3012 1125 3082 populus.
1171 3030 1189 3062 ι

721 3105 869 3162 Psat.
913 3120 1104 3168 xxvm,
1147 3105 1196 3158 1.
1224 3135 1292 3143 -
1321 3122 1337 3154 ι
1369 3102 1630 3158 Dominus
1685 3101 2014 3157 illuminatio
2063 3117 2207 3162 mea,

645 3209 699 3252 et
729 3197 973 3250 salvator
996 3211 1153 3250 meus
1188 3214 1200 3249 :
1232 3209 1395 3265 quem
1422 3193 1670 3249 timebo?
1706 3213 1724 3246 ι
1757 3202 1866 3247 etc.

719 3287 874 3342 Psal.
924 3302 1097 3348 χχχιι,
1152 3287 1236 3342 16.
1269 3308 1383 3337 -‹
1422 3288 1541 3344 Non
1606 3289 1910 3344 salvabitur
1969 3304 2065 3344 rex
2125 3305 2222 3358 per

646 3379 875 3432 nmltam
909 3379 1190 3442 virtutem,
1224 3388 1276 3433 et
1310 3378 1486 3448 gigas,
1522 3399 1541 3432 ι
1573 3389 1680 3434 etc.

723 3470 876 3524 Psal.
942 3487 1129 3536 xxxrv,
1164 3471 1250 3524 10.
1278 3501 1348 3512 -
1379 3490 1397 3523 ι
1434 3473 1630 3527 Omnia
1679 3487 1802 3528 ossa
1837 3487 1956 3528 mea
1985 3472 2170 3528 dicent
2205 3491 2217 3526 :

648 3561 901 3628 Domine,
932 3562 1180 3624 Domine,
1217 3563 1342 3632 quis
1369 3564 1569 3618 similis
1587 3564 1731 3619 tibi?
1765 3583 1783 3616 ι
1828 3574 1935 3619 etc.

718 3653 867 3709 Psa..
919 3669 1050 3720 cvtr,
1087 3655 1262 3709 13,-—
1291 3675 1308 3707 ι
1349 3654 1423 3708 Da
1457 3656 1618 3712 nobis
1654 3657 1915 3712 auxilium
1939 3658 2007 3714 de
2038 3659 2216 3713 tribu-

647 3745 878 3813 latione,
903 3754 958 3800 et
983 3761 1122 3800 vana
1147 3748 1296 3801 salus
1329 3747 1587 3804 hominis.
1635 3767 1653 3800 ι

715 3839 871 3892 Psal.
905 3854 1129 3904 cxxxtv,
1174 3839 1228 3894 l.
1256 3869 1322 3878 —
1350 3858 1370 3890 ι
1413 3839 1528 3894 Nisi
1569 3839 1696 3907 quia
1728 3840 1994 3894 Dominus
2017 3848 2133 3894 erat
2162 3839 2218 3894 in

649 3931 833 3994 uultis,
862 3930 1011 3984 dicat
1041 3945 1186 3985 nunc
1213 3929 1402 3992 Israel,
1441 3931 1548 3986 nisi
1580 3932 1707 4000 quia
1738 3931 2024 3997 Dominus,
2065 3954 2085 3987 ι
2111 3944 2216 3988 etc.

720 4021 848 4080 Jan.
900 4038 959 4084 ιι,
1017 4021 1070 4078 2.
1111 4051 1180 4061 --
1217 4042 1237 4074 ι
1275 4022 1519 4078 Clamavi
1573 4024 1629 4078 in
1691 4024 2049 4080 tribulatione
2099 4041 2218 4081 mea

647 4116 712 4168 ad
742 4114 1028 4168 Dominum
1054 4113 1220 4169 Deum
1254 4130 1455 4177 meum,
1477 4125 1530 4170 et
1560 4116 1839 4171 exaudivit
1871 4132 1978 4172 me.
2018 4137 2037 4168 ι

721 4207 885 4261 ΖαεΙι.
927 4223 981 4268 v,
1013 4207 1070 4260 2.
1103 4239 1170 4248 ο-
1199 4224 1216 4256 ‹
1251 4205 1358 4259 Ero
1400 4208 1482 4262 eis
1534 4208 1706 4262 turris
1757 4207 1811 4261 in
1878 4209 2134 4274 circuitu,
2167 4219 2220 4265 ct

648 4303 705 4356 in
737 4299 958 4362 gloriam
1000 4299 1171 4350 eroin
1205 4297 1382 4351 medio
1414 4298 1556 4363 ejus.
1587 4316 1607 4349 ι

701 4389 886 4462 llic/1.
917 4407 970 4447 v.
1028 4389 1116 4442 l4.
1153 4418 1222 4426 —-
1261 4407 1278 4438 ι
1331 4389 1397 4442 Et
1431 4389 1628 4444 faciam
1665 4389 1929 4445 ultionem
1992 4390 2062 4445 iis
2121 4391 2215 4460 qui

652 4484 851 4553 probro
888 4481 1193 4535 aﬂ‘ecerunt
1215 4495 1331 4536 eos.
1376 4501 1393 4530 ι

2320 624 2455 690 είμι,
2484 623 2566 674 ὅτι
2609 622 2672 673 σὺ
2710 617 2931 689 ἐξῆλθες
2985 619 3042 671 ἐν
3073 617 3250 687 ῥάϐδῳ
3285 617 3377 669 καὶ
3433 619 3488 670 ἐν
3535 619 3811 685 λίθῖιςςῐὶαὶ

2319 709 2442 766 εἷπε
2475 712 2638 766 Δασὶδ
2691 712 2829 782 πρὸς
2886 709 3185 779 ἀλλόφυλον
3210 727 3224 740 ·
3259 710 3328 763 Σὺ
3362 710 3492 779 ἔρχῃ
3543 711 3663 780 πρός
3694 730 3744 779 με
3772 717 3814 767 ἒν

2322 806 2567 876 ῥομφαίᾳ
2600 803 2695 858 καί⁵
2729 805 2786 856 ἐν
2806 803 2990 873 δόρατι
3021 801 3116 855 καὶ
3142 803 3200 854 ἐν
3237 801 3440 854 ἀσπίδι.
3459 799 3591 868 Ἐγὼ
3622 801 3670 854 δὲ
3694 821 3813 872 προσ.

2322 898 2439 964 ἀγω
2487 897 2623 968 πρὸς
2659 896 2717 949 σὲ
2745 897 2801 948 ἐν
2829 895 3054 964 ὀνόματι
3089 893 3294 963 Κυρίου
3326 891 3547 946 Σαϐαὼθ
3577 897 3815 964 παντοκρά-

2319 1007 2502 1060 τορος,
2522 989 2617 1041 καὶ
2639 987 2865 1053 πατάξω
2895 1003 2975 1050 σε,
3007 986 3100 1039 καὶ
3118 984 3416 1054 γνώσονται
3453 985 3594 1037 πᾶσα
3619 985 3647 1054 ἡ
3672 987 3814 1058 ἑκκὶηο

2329 1081 2418 1134 σία
2449 1080 2611 1150 αὕτη,
2636 1080 2718 1133 ὅτι
2749 1079 2852 1132 οὐκ
2897 1080 2955 1131 ἐν
2989 1077 3254 1148 ῥομφαίᾳ,
3280 1077 3398 1129 οὐδὲ
3432 1075 3492 1128 ἐν
3512 1075 3675 1145 δόρατι
3699 1076 3814 1141 σώζει

2321 1169 2547 1238 Κύριος.
2601 1169 2710 1224 Καὶ
2745 1169 2977 1232 ἐξέτεινε
3011 1167 3174 1220 Δασιδ
3203 1167 3302 1237 τὴν
3332 1167 3495 1237 χεῖρα
3520 1165 3666 1219 αὑτοῦ
3691 1169 3815 1229 sim

2322 1262 2541 1330 κάδιον,
2573 1262 2668 1316 καὶ
2699 1261 2891 1315 ἔλαϐεν
2919 1260 3132 1314 ἐκεῖθεν
3163 1258 3310 1312 λίθον
3339 1259 3459 1324 ἕνα,
3504 1260 3592 1312 καὶ
3629 1260 3816 1327 ἐσφενῶ-

2329 1372 2486 1425 νησε,
2513 1355 2608 1408 καί
2639 1353 2882 1418 ἐπάταξε
2929 1351 3019 1406 τὸν
3067 1351 3364 1420 ἀλλόφυλον
3409 1351 3488 1415 είς
3529 1350 3586 1405 τὸ
3631 1353 3815 1422 ptatum

2321 1449 2510 1502 αὑτοῦ.
2549 1448 2661 1501 Kal.
2689 1447 2831 1500 διέδυ
2863 1449 2892 1500 ό
2924 1445 3067 1509 λίθος
3085 1444 3174 1498 διὰ
3205 1444 3306 1516 τῆς
3337 1443 3732 1516 περικεφαλαίας
3765 1447 3815 1506 εἰς

2322 1543 2384 1594 τὸ
2442 1542 2695 1612 μέτωπον
2731 1538 2920 1604 αὑτοῦ,
2969 1539 3066 1594 καὶ
3119 1539 3316 1592 ἔπεσεν
3343 1537 3439 1590 ἐπὶ
3464 1537 3561 1607 τὴν
3609 1536 3712 1606 γῆν,
3755 1537 3814 1589 καί

2323 1634 2525 1707 ἔδραμε
2557 1633 2740 1698 Δαϐὶδ,
2765 1632 2861 1686 καὶ
2893 1631 3083 1699 ἀφεῖλε
3113 1632 3212 1701 τὴν
3234 1630 3478 1700 κεφαλὴν
3506 1627 3671 1682 αὐτοῦ.
3703 1647 3717 1679 ι

2402 1741 2420 1775 ι
2477 1719 2645 1776 Εἶπεν
2711 1721 3056 1791 Ἀὅεσαλὼμ,
3123 1722 3219 1775 καὶ
3256 1713 3390 1783 ’πᾶς
3443 1719 3576 1791 ἀνὴρ
3626 1718 3812 1790 Ἰσραήλ·

2337 1814 2540 1886 Ἀγαθὴ
2569 1817 2602 1886 ἡ
2631 1815 2794 1886 βουλὴ
2823 1815 2993 1868 Χουσὶ
3015 1813 3157 1884 ὑπὲρ
3187 1812 3285 1884 τὴν
3323 1811 3516 1883 βουλὴν
3545 1813 3810 1883 Ἀρχιτόςνελκ

2319 1907 2506 1970 Ὅπως
2535 1906 2716 1976 ἐπάγῃ
2747 1903 2954 1976 Κύριος
2977 1903 3071 1956 ἐπὶ
3112 1901 3438 1971 ’Δϐεσαλὼμ
3459 1899 3526 1952 τὰ
3545 1900 3692 1954 κακά.
3723 1919 3738 1951 ι

2387 2105 2404 2138 ι
2443 2085 2708 2155 Εἰσῆλθον
2732 2087 2996 2157 τέσσαρες
3020 2083 3231 2155 λεπροὶ,
3257 2083 3355 2136 καὶ
3379 2081 3515 2135 Θεοῦ
3555 2081 3811 2151 εὐδοκήσαν-

2311 2198 2421 2246 τος,
2450 2181 2568 2234 ὅλον
2600 2181 2660 2234 τὸ
2685 2179 3043 2251 στρατόπεδον
3067 2177 3264 2249 Συρίας
3293 2175 3584 2246 ἐφόϐησαν.
3625 2194 3642 2226 ι

2387 2387 2406 2418 ι
2442 2366 2785 2436 Κατίσχυσεν
2823 2364 3091 2429 Ἐζεκίας,
3145 2363 3239 2418 καὶ
3267 2361 3588 2433 ᾠκοδόμησε
3623 2360 3674 2414 τὸ
3688 2360 3812 2430 τεῖχος

2315 2461 2376 2513 τὸ
2408 2457 2880 2528 κατεσπασμένον,
2913 2457 3007 2510 καὶ
3031 2456 3292 2526 ἐλάλησεν
3324 2454 3422 2508 ἐπὶ
3443 2454 3654 2526 καρδίαν
3674 2453 3808 2520 λέγων·

2325 2553 2598 2624 ’ἰσχύσατε
2657 2554 2750 2606 καὶ
2791 2550 3124 2621 ἀνδρίζεσθε,
3153 2551 3227 2620 μὴ
3249 2549 3546 2620 ποηθῆναι
3578 2547 3670 2600 ἀπὸ
3694 2563 3811 2615 προσ-

2310 2647 2458 2699 ώπου
2494 2645 2589 2698 τοῦ
2643 2645 2910 2715 βασιλέως
2975 2645 3228 2713 Ἀσσοὺρ,
3272 2642 3371 2695 καὶ
3423 2639 3516 2694 τοῦ
3562 2639 3718 2700 ἔθνους
3743 2636 3804 2689 τοῦ

2315 2739 2573 2808 μεγάλου,
2601 2740 2683 2792 ὅτι
2723 2737 2842 2808 μεθ’
2873 2736 3029 2806 ἡμῶν
3059 2734 3280 2797 πλείους
3305 2732 3338 2804 ἢ
3372 2732 3489 2804 μετ’
3515 2730 3692 2786 αὐτῶν.
3715 2728 3810 2798 Βρα-

2310 2834 2486 2903 χίονες
2521 2833 2770 2903 σάρκινοι
2827 2827 2944 2900 μετ’
2981 2825 3171 2891 αὑτοῦ,
3211 2825 3331 2898 μεθ’
3375 2826 3532 2895 ἡμῶν
3581 2824 3631 2877 δέ
3666 2821 3810 2892 Κύριος

2309 2927 2338 2976 ὁ
2374 2924 2505 2988 Θεὸς
2527 2927 2558 2996 ἡ
2567 2924 2681 2996 μῶν
2698 2939 2712 2954 ·
2733 2923 2825 2976 καὶ
2855 2920 3266 2991 κατεθάρρησεν
3289 2921 3319 2972 ὁ
3339 2918 3487 2982 λαός.
3526 2939 3545 2970 ι

2387 3125 2406 3159 ι
2461 3107 2667 3177 Κύριος
2707 3103 2990 3175 φωτισμός
3062 3119 3164 3172 μου
3221 3101 3319 3155 καὶ
3381 3099 3559 3170 σωτήρ
3601 3113 3701 3168 μου,
3729 3093 3810 3146 τίνα

2246 3215 2290 3273 C
2323 3201 2702 3272 φοϐηθήσομαι
2728 3216 2742 3263 ;
2778 3217 2795 3249 ι
2831 3196 3017 3250 καὶτὰ
3047 3194 3231 3249 λοιπά.

2399 3311 2417 3344 ι
2455 3293 2529 3346 Οὐ
2565 3291 2870 3360 σωθήσεται
2923 3288 3174 3358 βασιλεὺς
3223 3285 3311 3339 διὰ
3371 3282 3570 3354 πολλὴν
3597 3280 3805 3349 δύναμιν,

2322 3387 2416 3440 καὶ
2445 3387 2627 3454 γίγας,
2660 3403 2678 3435 ›
2710 3385 2804 3436 καὶ
2835 3381 2904 3434 τὰ
2940 3381 3122 3433 λοιπά.

2397 3497 2415 3530 ι
2460 3479 2642 3532 Πάντα
2678 3476 2744 3529 τὰ
2791 3475 2925 3528 ὀστᾶ
2961 3489 3063 3543 μου
3093 3468 3302 3542 ἐροῦσι,
3335 3468 3530 3541 Κύριε,
3576 3466 3732 3535 Κύριε,
3754 3460 3806 3522 τίς

2321 3570 2506 3641 ὅμοιός
2539 3585 2656 3631 σοι;
2698 3588 2716 3620 ι
2753 3567 2847 3621 καὶ
2875 3565 2945 3619 τὰ
2969 3563 3149 3618 λοιπά.

2398 3680 2415 3713 ι
2454 3661 2552 3723 Δὸς
2584 3662 2714 3730 ἡμῖν
2748 3658 2997 3729 βοήθειαν
3023 3657 3088 3710 ἐκ
3122 3653 3377 3725 θλίψεως,
3405 3654 3498 3706 καὶ
3534 3649 3706 3723 ματαία
3735 3661 3803 3700 σω·

2319 3769 2386 3821 τη
2396 3750 2484 3822 ρία
2513 3749 2610 3802 ἀνθ
2621 3748 2821 3819 ρώπου.
2859 3767 2877 3798 ι

2395 3859 2414 3892 ι
2448 3841 2510 3894 El.
2546 3839 2620 3910 μὴ
2643 3840 2723 3892 ὄτι
2741 3838 2943 3909 Κύριος
2958 3834 3026 3908 ἦν
3048 3839 3107 3891 ἐν
3129 3839 3261 3909 ἡμῖν
3281 3852 3297 3868 ’
3324 3834 3532 3890 εἰπάτω
3554 3831 3612 3904 δὴ
3635 3826 3804 3902 Ἰσραήλ·

2319 3933 2367 3988 εί
2403 3933 2477 4005 μὴ
2501 3935 2583 3986 ὅτι
2613 3932 2836 4003 Κύριος,
2885 3950 2902 3982 ι
2935 3933 3031 3984 καὶ
3059 3932 3129 3984 τὰ
3159 3931 3344 3985 λοιπά.

2395 4045 2413 4076 ι
2452 4025 2685 4095 Ἐὕόησα
2739 4027 2796 4077 ἐν
2839 4023 3015 4093 θλίψει
3052 4041 3152 4093 μου
3200 4022 3337 4094 πρὸς
3383 4020 3580 4094 Κύριον
3606 4015 3682 4070 τὸν
3715 4008 3807 4066 Θεὸν

2322 4136 2446 4189 μου,
2471 4118 2561 4171 καί
2586 4116 2871 4186 είσήκουσέ
2902 4132 3026 4186 μου.
3067 4134 3084 4166 ο

2394 4228 2414 4261 r
2455 4209 2691 4278 Ἐσομαι
2739 4207 2877 4278 αὐτῇ
2919 4207 3128 4278 πύργος
3168 4205 3470 4270 κὺκλωθεν,
3495 4204 3582 4258 καὶ
3608 4203 3674 4265 είς
3697 4195 3805 4260 δέξιν

2319 4299 2512 4369 ἔσομαι
2543 4299 2734 4368 αὐτῆς.
2774 4318 2792 4351 ι

2398 4412 2416 4444 ι
2450 4394 2558 4446 Καὶ
2598 4393 2811 4463 ποιήσω
2863 4390 3145 4460 ἐκδίκησιν
3177 4392 3310 4444 πᾶσι
3359 4393 3472 4454 τοῖς
3526 4384 3802 4455 ἀτιμάζουσιν

2321 4483 2534 4546 αὐτούς.
2571 4501 2586 4534 ι

719 4574 886 4645 386
920 4573 1031 4627 lsa.
1066 4589 1188 4634 VIII,
1211 4574 1339 4627 9.—
1379 4592 1397 4624 ι
1436 4571 1734 4629 Nobiscum
1765 4573 1910 4628 Deus
1940 4590 1952 4625 :
1985 4574 2214 4640 scitote,
2252 4575 2294 4629 D

2213 4622 2214 4631 η
2252 4575 2294 4629 D
2393 4595 2411 4625 ι
2447 4574 2582 4627 Μεθ’
2612 4573 2768 4642 ἡμῶν
2799 4577 2827 4627 ό
2872 4573 3037 4638 89.6;-
3071 4575 3265 4642 γνῶτε.
3296 4574 3448 4644 ἔθνη,
3479 4576 3570 4628 καὶ
3613 4564 3802 4642 ἡττᾶσθε.

650 4678 860 4738 gentes,
892 4666 1278 4731 etvincimini,
1302 4675 1355 4721 et
1388 4666 1578 4723 audite
1608 4683 1785 4738 usque
1813 4667 1880 4722 ad
1909 4676 2216 4723 extremum

652 4772 831 4814 terrae.
884 4780 902 4812 ι

729 4848 840 4904 Im.
873 4865 926 4913 ι..
954 4850 1006 4903 7.
1036 4878 1105 4888 -——
1142 4867 1160 4899 ι
1203 4849 1488 4906 Dominus‘
1516 4849 1813 4906 auxiliator
1854 4867 2010 4908 meus
2044 4852 2222 4908 factus

651 4948 777 5006 est;
814 4945 1100 5008 propterea
1145 4953 1253 4992 non
1301 4955 1422 4993 sum
1455 4939 1744 5005 confusus,
1788 4941 1882 4995 sed
1925 4941 2082 5010 posui
2133 4941 2218 4994 fa-

652 5035 793 5085 ciem
830 5046 1005 5085 meam
1033 5031 1175 5085 sicut
1203 5029 1560 5084 fortissimam
1587 5041 1795 5101 petram
1825 5049 1840 5086 :
1875 5041 1928 5087 et
1956 5035 2074 5088 scio
2093 5033 2219 5102 quia

650 5136 758 5178 non
793 5119 1118 5181 confundar.
1157 5138 1174 5171 ι

722 5211 920 5266 Jerem.
954 5228 1047 5275 xx,
1079 5213 1270 5266 11-15.
1306 5242 1373 5252 --
1413 5232 1430 5262 ι
1462 5211 1726 5269 Dominus
1743 5227 1958 5269 mecum
1977 5222 2059 5268 est
2093 5221 2217 5268 tan-

563 5351 568 5356 .
650 5320 819 5374 quant
868 5305 1100 5359 bellator
1143 5303 1320 5358 fortis.
1357 5323 1376 5356 ι
1411 5333 1479 5344 ——
1521 5323 1539 5355 ι
1575 5303 1844 5360 Dominus
1903 5304 1998 5358 dat
2052 5306 2219 5359 vitam

651 5395 919 5450 contritis
973 5394 1163 5450 corde.
1219 5414 1237 5442 ι
1273 5426 1342 5435 -
1378 5413 1396 5445 ι
1427 5395 1658 5450 Cantate
1703 5395 1958 5457 Domino,
2002 5396 2221 5451 laudate

652 5503 808 5548 eum,
853 5485 981 5554 quia
1037 5486 1292 5542 liberavit
1344 5487 1584 5542 animam
1644 5487 1907 5558 pauperis
1942 5487 2008 5542 de
2056 5503 2218 5542 manu

652 5580 902 5648 pessimi.
935 5597 954 5628 ι

729 5669 871 5730 Dan.
905 5688 1027 5735 xtu,
1058 5671 1150 5734 42.
1191 5671 1279 5736 46,
1325 5703 1389 5714 --
1422 5691 1440 5722 ι
1474 5670 1812 5726 Exclamavit
1853 5684 1988 5726 voce
2029 5684 2221 5740 magna

661 5761 945 5823 Susanua,
977 5775 1028 5818 ct
1059 5764 1196 5818 dixit
1242 5783 1255 5819 :
1292 5763 1435 5820 Deus
1456 5772 1685 5826 :eterne,
1727 5762 1818 5832 qui
1867 5761 2220 5816 abscondito-

658 5865 785 5911 rum
816 5871 874 5912 cs
908 5857 1179 5928 cognitor,
1212 5857 1306 5927 qui
1337 5857 1482 5912 nosti
1524 5856 1707 5910 omnia
1735 5861 2029 5922 antequam
2065 5854 2215 5918 fiant,

2323 4667 2420 4720 καὶ
2444 4667 2714 4720 ἀκούσατε
2740 4667 2841 4729 ἕως
2873 4666 3101 4736 ἐσχάτου
3125 4667 3239 4736 τῆς
3264 4667 3389 4736 γῆς.
3434 4683 3452 4716 ι

2398 4869 2417 4901 ‹
2457 4849 2661 4922 Κύριος
2683 4849 2900 4918 ἐγένετο
2944 4849 3138 4920 βοηθός
3180 4867 3282 4919 μου
3305 4891 3317 4912 ,
3349 4849 3437 4903 διὰ
3463 4847 3608 4901 τοῦτο
3631 4844 3711 4896 οὐκ
3743 4838 3790 4888 ἐν

2321 4943 2585 5013 ετράπην,
2613 4944 2728 4996 ἀλλ’
2762 4942 2936 5014 ἔθηκα
2967 4943 3028 4996 τὸ
3053 4943 3344 5012 πρόσωπόν
3381 4959 3498 5011 μου,
3531 4941 3600 5002 ὡς
3636 4930 3801 5002 στερεὰν

2321 5031 2544 5100 πέτραν,
2573 5031 2668 5084 καὶ
2689 5031 2859 5099 ἔγνων
2885 5032 2963 5085 ὅτι
2992 5033 3054 5085 οὐ
3087 5032 3160 5103 μὴ
3191 5032 3479 5102 αἰσχυνθῶ.
3521 5050 3537 5082 ι

2399 5236 2418 5268 ς
2456 5216 2660 5287 Κύριος
2726 5218 2840 5284 μετ’
2893 5215 3026 5286 ἐμοῦ
3083 5215 3266 5279 καθὼς
3310 5213 3548 5285 μαχητὴς
3583 5204 3792 5277 ἰσχύων.)

2319 5326 2423 5356 -ί
2444 5305 2645 5374 Κύριος
2677 5305 2860 5358 δίδωσι
2911 5305 3056 5375 ζωὴν
3099 5308 3213 5368 τοῖς
3268 5299 3704 5375 συντετριμμένοις
3730 5289 3796 5357 τὴν

2321 5396 2704 5465 καρδίαν.›-‹
2736 5396 2939 5467 ’ᾼσατε
2965 5397 3042 5467 τῷ
3078 5396 3286 5468 Κυρίῳ,
3305 5395 3543 5449 αίνέσατε
3572 5389 3718 5448 αὐτὸν,
3740 5380 3792 5432 ὅτι

2322 5487 2554 5553 ἐξείλετο
2579 5486 2755 5556 ψυχὴν
2791 5487 3020 5557 πένητος
3049 5488 3114 5540 ἐκ
3152 5485 3333 5556 χειρὸς
3359 5477 3751 5554 πονηρευομένθν.
3777 5485 3792 5516 ι

2397 5688 2415 5722 ι
2453 5669 2745 5739 Ἀνεὸόησε
2772 5671 2923 5740 φωνῇ
2963 5667 3174 5742 μεγάλῃ
3226 5668 3492 5724 Σωσάννα.
3521 5662 3606 5717 καὶ
3647 5652 3788 5746 siser;

2333 5761 2390 5813 Ὅ
2423 5761 2556 5823 Θεὸς
2579 5762 2816 5823 αἰώνιος,
2841 5763 2869 5814 ὁ
2893 5762 3000 5814 τῶν
3027 5761 3265 5830 καρδιῶν
3292 5761 3544 5829 γνώστης,
3565 5757 3590 5806 ὁ
3611 5747 3729 5807 εἰδὼς
3744 5752 3788 5792 τ²

2323 5855 2503 5908 πάντα
2527 5856 2654 5926 πρὶν
2676 5853 2942 5923 γενέσεως
2964 5855 3162 5921 αὐτῶν,
3189 5855 3253 5908 σὺ
3282 5855 3549 5908 ἐπίστασαι
3577 5847 3644 5899 ὃτι
3666 5832 3789 5910 id":
