4024 6422
170 430 300 495 1269

1417 418 2134 493 SACRAIPARALLELA.

3248 416 3380 486 1270

173 558 271 610 μου
305 536 815 606 κατεμαρτύρησαν.
842 534 950 590 Καὶ
976 535 1084 589 ἰδοῦ
1108 535 1433 607 ἀποθνήσκω
1464 537 1539 606 μὴ
1566 535 1724 604 ποιή-

1829 542 1886 586 ιιι
1921 532 2031 587 scis
2066 530 2324 600 quoniam
2349 528 2544 585 falsum
2578 528 2954 585 testimonium
2983 520 3230 582 tulerunt
3251 544 3384 581 cou-

171 648 306 683 σασα
343 629 507 697 μηδὲν
538 622 611 680 ὧν
644 622 790 681 οὗτοι
836 631 1396 700 κατεμαρτυρήσαντο
1417 630 1535 682 κατ’
1565 630 1721 699 ἐμοῦ.

168 722 275 772 Καὶ
302 718 619 788 είσήκουσεν
650 719 677 770 ὁ
707 716 836 779 Θεὸς
874 718 969 786 τῆς
1024 718 1208 785 φωνῆς
1252 718 1441 788 αὐτῆς,
1483 720 1576 771 καὶ
1621 720 1726 774 ἀπ-

170 810 439 879 αγομένης
485 810 655 878 αὐτῆς
710 809 1043 872 ἀπολέσθαι,
1078 810 1360 881 ἐξήγειρεν
1398 812 1427 864 ὁ
1477 811 1607 875 Θεὸς
1667 812 1728 865 τὸ

171 899 390 969 Ηνεῦμα
416 899 476 951 τὸ
505 899 658 965 ἆγιον
712 902 998 972 παιδάριον
1039 900 1324 971 νεώτερον,
1359 894 1403 970 ᾧ
1429 902 1601 972 ὄνομα
1623 904 1728 955 Δα-

171 991 309 1058 νιὴλ,
351 992 443 1043 καὶ
468 992 724 1062 ἀνεϐόησε
753 996 900 1063 φωνῇ
937 994 1144 1065 μεγάλῃ
1168 1010 1180 1022 ·
1205 995 1460 1065 Καθαρός
1481 997 1597 1066 ειμι
1620 996 1729 1049 ἀπὸ

169 1082 266 1142 τοῦ
294 1083 524 1153 αἵματος
558 1083 753 1153 αὐτῆς.
796 1105 815 1136 ι

1830 633 1912 676 tra
1949 636 2053 677 me.
2090 620 2154 675 Et
2201 636 2327 675 ecce
2376 621 2599 687 morior,
2649 636 2771 675 cum
2820 620 2954 673 nihil
2999 619 3191 672 horum
3240 618 3385 671 fece-

1827 713 1954 777 rim,
1990 728 2110 782 quae
2141 712 2234 766 isti
2280 712 2557 766 testiﬁcati
2594 721 2720 767 sunt
2746 718 2937 765 contra
2964 725 3066 763 me.
3098 709 3381 762 Exaudivit

1830 816 2009 859 autem
2054 804 2428 865 Deus_vocem
2476 805 2616 873 ejus.
2682 803 2930 872 Cumque
2978 801 3282 857 dhceretur
3318 800 3381 852 ad

1828 911 2103 961 mortem,
2174 896 2461 951 suscitavit
2530 894 2791 949 Dominus
2859 894 3100 963 Spiritus
3159 901 3383 946 sanctus

1828 1003 2055 1058 puerum
2092 987 2391 1053 juniorem,
2426 985 2587 1052 cujus
2617 999 2816 1037 nomen
2850 981 3037 1036 Daniel
3071 1000 3084 1035 :
3120 994 3174 1034 et
3206 982 3380 1034 excla-

1828 1080 1997 1133 mavit
2025 1094 2158 1133 voce
2198 1092 2391 1148 magna
2427 1097 2439 1131 :
2475 1075 2711 1130 Mundus
2757 1089 2856 1145 ego
2905 1088 3026 1128 sum
3059 1089 3088 1128 a
3122 1074 3383 1143 sanguine

1730 1158 1731 1161 η
1828 1170 2012 1240 hujus.
2062 1188 2079 1220 ι

246 1279 266 1312 ι
304 1262 364 1313 Οἱ
414 1261 747 1331 πατριάρχαι
824 1261 1163 1332 ζηλώσαντες
1213 1281 1306 1317 τον
1351 1262 1569 1335 Ἰωσὴφ,
1620 1266 1724 1319 ἀπσο

166 1353 346 1407 ἐδοντο
378 1355 458 1415 εἰς
504 1354 799 1419 Λῑγυπτον,
845 1356 938 1409 καὶ
956 1352 1025 1427 ἦν
1054 1360 1082 1410 ὁ
1112 1356 1245 1421 Θεὸς
1278 1362 1393 1428 μετ’
1413 1359 1597 1424 αὑτοῦ,
1633 1359 1728 1414 καὶ

166 1446 370 1499 εδωκεν
397 1445 545 1516 αὐτῷ
573 1446 732 1518 χάριν
756 1447 850 1501 καὶ
880 1448 1073 1519 σοφίαν
1096 1449 1339 1504 ἐναντίον
1375 1451 1594 1519 Φαραὼ,
1632 1451 1730 1504 καὶ

166 1538 501 1609 κατέστησεν
530 1538 693 1593 αὐτὸν
726 1540 1032 1612 ἡγούμενον
1061 1543 1147 1596 ἐπ’
1179 1543 1474 1612 Αἴγυπτον.
1514 1563 1533 1597 ι

245 1737 265 1768 σ
306 1717 367 1770 El
392 1718 421 1771 ὁ
445 1716 576 1780 Θεὸς
607 1717 725 1787 μεθ’
755 1718 932 1790 ἡμῶν,
968 1720 1051 1784 τίς
1080 1720 1201 1776 καθ’
1227 1721 1422 1793 ήμῶν;
1460 1741 1482 1775 ι

1902 1263 2017 1315 Act.
2051 1277 2146 1327 vn,
2180 1261 2233 1316 9.
2271 1291 2341 1302 —
2374 1278 2391 1311 ι
2419 1257 2752 1312 l’atriarcha:
2795 1256 3114 1311 aemulantes
3158 1254 3382 1326 Joseph.

1828 1351 2191 1407 vendiderunt
2223 1366 2346 1405 eum
2380 1350 2435 1403 in
2466 1347 2783 1419 [Egyptunn
2834 1354 2886 1400 et
2931 1356 3047 1399 erat
3078 1344 3220 1399 Deus
3262 1360 3383 1399 cum

1825 1457 1915 1499 eo.
1944 1443 2011 1497 Et
2035 1442 2188 1499 dedit
2212 1443 2264 1498 ei
2295 1441 2525 1513 gratiam
2559 1448 2614 1495 et
2651 1437 2974 1508 sapientiam
3000 1438 3052 1496 in
3084 1448 3384 1507 conspectu

1827 1534 2180 1591 Pharaonis:
2211 1543 2269 1590 et
2315 1530 2604 1588 constituit
2649 1545 2773 1586 eum
2823 1515 3175 1606 praepositum
3220 1543 3385 1599 super

1827 1626 2146 1699 Egyptum.
2192 1646 2212 1680 ι

1900 1716 2054 1772 Rom.
2090 1733 2208 1784 vui,
2231 1717 2320 1773 5|.
2350 1744 2417 1758 -—-
2455 1736 2474 1769 ι
2516 1715 2570 1772 Si
2600 1715 2741 1771 Deus
2771 1727 2872 1785 pro
2903 1712 3086 1778 nobis,
3109 1713 3232 1784 quis
3251 1728 3381 1767 con-

1828 1820 1910 1865 tra
1939 1808 2078 1864 nos?
2100 1827 2119 1860 ι

242 1895 304 1948 Ὀ
328 1894 420 1949 τδν
445 1896 577 1950 Θεὸν
606 1896 747 1967 ἔχων
770 1895 889 1967 μεθ’
919 1897 1134 1963 ἑαυτοῦ,
1161 1898 1381 1954 πάντων
1403 1902 1550 1954 ἐστὶν
1576 1902 1725 1958 ienu-

1896 1898 2168 1970 Chrysost.
2204 1898 2408 1973 —Qui
2474 1898 2641 1955 Deum
2698 1898 2860 1955 habet
2915 1914 3127 1962 secum,
3189 1895 3383 1950 l'urtior

163 1987 410 2057 ρότερος.

235 2080 301 2134 Et
329 2080 503 2133 πάντα
534 2078 632 2135 ὅσα
660 2082 1043 2149 διεσπούδαζον
1074 2085 1125 2137 οί
1160 2082 1388 2158 πόνηροι
1432 2086 1526 2139 καὶ
1577 2087 1728 2142 ἄθεοι

157 2172 379 2241 γόητες,
413 2174 680 2243 ὲξεγίνετο
712 2176 895 2239 αὐτοῖς
929 2194 988 2229 τε
1022 2177 1118 2230 καὶ
1158 2181 1270 2242 τοῖς
1301 2180 1522 2233 τούτων
1554 2182 1725 2252 ὑπερ-

157 2267 454 2328 ασπισταῖς
487 2265 580 2318 καὶ
616 2270 898 2337 συνεργοῖς
940 2268 1207 2338 δαίμοσιν,
1257 2270 1356 2324 οὐκ
1400 2271 1466 2325 ἂν
1503 2272 1725 2343 ἀφῆκαν

156 2355 251 2407 ἐπὶ
290 2357 389 2426 τῆς
419 2358 522 2427 γῆς
553 2360 649 2413 ἕνα
697 2376 800 2413 που
831 2360 1006 2425 ζῶντα
1039 2364 1362 2433 Χριστιανὸν
1416 2364 1725 2437 ἄνθρωπον,

155 2446 260 2498 οὐκ
299 2448 582 2518 εὐκτήριον
624 2446 790 2515 οἷκον,
820 2454 881 2506 οὐ
916 2454 1238 2523 παραίνεσιν
1272 2455 1509 2529 ἀγαθὴν,
1545 2458 1603 2511 οὐ
1637 2457 1726 2511 λό-

157 2555 259 2604 γον
286 2540 518 2610 οὐδαμοῦ
548 2545 913 2615 περιφανῆναι
945 2549 1231 2618 σωτήριον.

155 2652 345 2707 ΤΙΤΛ.
374 2654 671 2724 Δ’.-Περὶ
695 2658 1131 2731 βαπτίσματος,
1172 2664 1265 2716 καὶ
1303 2663 1410 2731 τῆς
1429 2666 1536 2721 τοῦ
1567 2668 1727 2723 θείου

603 2730 862 2795 λουτροῦ
899 2734 1282 2800 προφητείας.

237 2834 257 2864 ι
299 2814 627 2884 Προσέλθετε
656 2820 791 2889 πρὸς
825 2820 1006 2884 αὐτὸν,
1054 2824 1145 2876 καὶ
1173 2826 1495 2897 φωτίσθητε,
1531 2829 1624 2881 καὶ
1659 2830 1730 2885 τὰ

158 2906 435 2972 πρόσωπα
467 2907 619 2975 ὑμῶν
638 2910 699 2961 οὐ
731 2910 805 2981 μὴ
844 2915 1233 2983 καταισχυνθῇ.
1273 2935 1291 2967 ι

236 3017 253 3044 ε
296 2997 358 3048 Οἱ
380 2996 666 3065 διψῶντες,
698 3001 993 3070 πορεύεσθε
1037 3004 1121 3073 ἐφ’
1146 3004 1317 3075 ὕδωρ.
1372 3022 1468 3061 και
1498 3010 1614 3063 ὅσοι
1647 3011 1723 3081 μὴ

157 3088 319 3155 ἔχετε
355 3090 637 3161 ἀργύριον,
681 3091 994 3161 βαδίσαντες
1044 3098 1347 3169 ἀγοράσατε
1380 3140 1395 3165 ,
1433 3104 1527 3156 καὶ
1570 3102 1724 3158 πίετε

154 3173 307 3230 οἶνον
339 3180 468 3232 ἀνευ
494 3182 762 3253 ἀργυρίου
789 3186 882 3237 καὶ
914 3187 1100 3257 τιμῆς.
1133 3208 1151 3240 ι

234 3287 257 3319 ι
295 3269 617 3340 Ἀντλήσατε
642 3272 785 3345 ὕδωρ
811 3275 930 3344 μετ’
948 3276 1285 3350 εὐφροσύνης
1312 3280 1375 3334 ὲκ
1399 3283 1506 3335 τῶν
1533 3286 1725 3355 πηγῶν

152 3360 253 3412 τοῦ
291 3364 578 3433 σωτηρίου.
618 3384 636 3416 ι

234 3470 255 3502 ι
302 3452 599 3517 Λούσασθε,
627 3456 855 3528 καθαροὶ
882 3458 1121 3527 γένεσθε.
1162 3480 1182 3514 ι

232 3562 252 3594 ι
297 3543 461 3601 Δεῦτε
490 3546 627 3616 πρός
649 3566 715 3617 με
744 3552 946 3614 πάντες
967 3553 1016 3604 οί
1047 3554 1363 3623 κοπιῶντες,
1390 3560 1484 3611 καὶ
1524 3577 1728 3634 πεφορη-

150 3636 430 3706 τισμένοι,
464 3639 618 3707 κάγὼ
647 3641 943 3696 ἀναπαύσω
968 3645 1131 3714 ὑμᾶς.
1171 3666 1189 3698 ι

240 3748 261 3779 ι
308 3729 501 3801 Ἀμὴν,
544 3732 689 3802 ἀμὴν
716 3733 856 3802 λέγω
883 3737 1040 3806 ὑμῖν·
1073 3738 1167 3791 ἐὰν
1201 3742 1271 3810 μή
1305 3759 1388 3805 τις
1409 3745 1640 3817 γεννηθῇ
1667 3747 1727 3819 ἐξ

150 3820 363 3883 ὕδατος
419 3822 513 3874 καὶ
566 3822 902 3893 Πνεύματος,
933 3827 1011 3893 ⁸οὐ
1050 3829 1123 3900 μὴ
1173 3832 1388 3904 εἰσέλοῃ
1444 3836 1525 3898 είς
1574 3836 1727 3906 βασι-

149 3911 319 3981 λείαν
348 3912 441 3966 τοῦ
464 3913 618 3971 Θεοῦ.
664 3936 682 3968 ι

236 4022 258 4054 ι
301 4003 390 4057 Ἐν
412 4006 644 4077 ἡμέραις
665 4008 785 4061 Νῶε
821 4018 1336 4086 κατεσκευασμένης
1364 4020 1618 4089 κιϐωτοῦ,
1646 4025 1726 4088 είς

149 4096 226 4165 ἢν
268 4096 469 4165 ὀλίγαι,
522 4100 802 4155 τουτέστιν
852 4104 995 4157 ὀκτὼ
1053 4106 1221 4177 ψυχαὶ
1270 4110 1608 4184 διεσώθησαν
1659 4115 1726 4169 δι’

150 4187 383 4250 ὓδατος.
421 4191 483 4241 Ὃ
510 4190 603 4244 καὶ
629 4194 777 4261 ἡμᾶς
806 4193 901 4248 νῦν
929 4198 1219 4252 ἀντίτυπον
1247 4200 1503 4267 διασώζει
1533 4205 1727 4274 βάπτι-

150 4295 306 4348 σμα,
334 4280 394 4333 οὐ
422 4283 620 4352 σαρκὸς
650 4284 907 4349 ἀπόθεσις
954 4288 1149 4358 ῥύπου,
1198 4293 1335 4346 ἀλλὰ
1372 4296 1728 4368 συνειδήσεως

142 4369 404 4513 ἔγαθῆς.
419 4371 749 4445 ἐπερώτημα
788 4378 866 4440 εἰς
906 4379 1056 4446 Θεὸν,
1086 4382 1151 4434 δι’
1178 4384 1529 4443 ἀναστάσεως
1548 4389 1727 4461 Ἰησοῦ

209 4477 428 4513 οιστου.
463 4481 481 4513 ι

209 4477 428 4531 ριστου.
463 4481 481 4514 ι

238 4571 262 4603 ι
312 4551 595 4607 Ἀδύνατον
636 4557 760 4620 τοὺς
819 4560 964 4619 ἆπαξ
1009 4563 1401 4632 φωτισθέντας,
1450 4570 1726 4639 γευσαμέ-
1758 4566 1807 4625 D

140 4669 289 4714 νους
318 4668 376 4704 τε
424 4651 523 4722 τῆς
548 4652 755 4725 δωρεᾶς
795 4658 896 4725 τῆς
938 4658 1279 4727 ἐπουρανίου,
1321 4659 1415 4711 καὶ
1469 4661 1728 4731 μετόχους

138 4743 497 4814 γενηθέντας
540 4746 855 4816 Πνεύματος
916 4748 1095 4815 ἁγίου,
1123 4749 1215 4800 καὶ
1252 4749 1413 4802 καλὸν
1453 4753 1729 4821 γευσαμέ-

1825 1991 2080 2046 omnibus
2102 1998 2209 2045 est.

1898 2081 2033 2137 Nili.
2068 2083 2216 2137 —Si
2251 2081 2434 2136 omnia
2465 2099 2588 2153 qua:
2626 2083 2754 2141 mali
2801 2092 2855 2139 et
2896 2082 3049 2153 impii
3079 2081 3384 2151 prmstigia-

1825 2182 1975 2230 tores
2005 2175 2324 2240 moliuntur,
2372 2174 2505 2244 ipsis
2549 2190 2847 2245 eorumque
2876 2175 3385 2247 propugnatoribus

1825 2276 1879 2323 et
1907 2267 2256 2337 aujutoribus
2278 2267 2618 2322 dazrnonibus
2636 2275 2851 2336 patrare
2878 2268 3089 2333 liceret,
3114 2282 3184 2319 ne
3216 2280 3381 2319 unum

1826 2359 2047 2430 quidem
2080 2359 2485 2423 Christianum,
2536 2376 2605 2414 ne
2635 2360 2938 2413 oratorium
2972 2374 3161 2421 unum,
3199 2374 3264 2411 ne
3292 2356 3384 2409 ad-

1826 2449 2185 2503 monitionem
2242 2449 2442 2503 bonam
2486 2456 2579 2501 aut
2614 2448 2921 2503 doctrinam
2955 2450 3249 2502 salutarem
3290 2463 3382 2502 us-

1827 2557 1988 2610 quam
2022 2541 2078 2595 in
2105 2550 2255 2596 terra
2288 2556 2577 2610 superesse
2610 2539 3014 2610 permisissent.

1926 2654 2072 2725 ⁸ἸΊΤ.
2106 2653 2194 2710 IV.
2224 2687 2292 2697 --
2322 2654 2397 2709 Dc
2430 2655 2705 2723 baptismo.
2749 2665 2798 2709 et
2838 2656 2981 2709 sacri
3022 2655 3220 2708 lavacri

2412 2726 2802 2795 prwdicatione.

1894 2818 2047 2874 Psal.
2083 2835 2279 2881 χχχιιι,
2318 2819 2373 2875 5.
2404 2851 2475 2860 ——
2508 2836 2526 2869 ι
2567 2818 2822 2873 Accedite
2858 2818 2925 2871 ad
2972 2834 3117 2882 eum,
3156 2824 3210 2871 et
3253 2817 3381 2871 illu-

1826 2911 2134 2978 minamini,
2165 2918 2220 2967 et
2258 2910 2431 2967 facies
2460 2918 2659 2965 vestrae
2686 2926 2791 2965 non
2827 2908 3288 2965 confundentur.»

1894 3005 2009 3060 Ιδα.
2059 3021 2147 3070 ιν,
2208 3003 2261 3060 1.
2290 3032 2365 3042 —-
2408 3022 2426 3054 ι
2469 3002 2573 3068 Qui
2630 3002 2822 3066 sititis,
2867 3003 3047 3057 venite
3085 3001 3149 3056 ad
3188 3016 3379 3071 aquas,

1822 3106 1875 3152 et
1900 3098 2215 3167 quicunque
2244 3113 2352 3152 non
2379 3098 2592 3153 habetis
2622 3105 2932 3167 argentum,
2973 3106 3168 3151 euntes
3194 3094 3380 3162 emite,

1824 3200 1881 3243 et
1915 3188 2082 3244 bibite
2120 3190 2310 3243 vinum
2349 3190 2467 3245 sine
2496 3198 2724 3261 argento
2768 3197 2825 3243 et
2857 3189 3049 3259 pretio.
3094 3208 3110 3239 ι

1900 3279 2012 3336 lsa.
2045 3294 2147 3344 xu.
2182 3281 2235 3335 5.
2271 3310 2337 3321 -—
2369 3300 2387 3333 ι
2429 3282 2657 3337 Haurite
2701 3297 2873 3352 aquas
2924 3290 3067 3335 cum‘
3097 3279 3281 3334 latitia
3315 3278 3383 3335 de

1828 3372 2069 3428 fontibus
2097 3372 2388 3428 Salutaris.
2426 3391 2446 3425 ι

1899 3464 2011 3522 Isa.
2047 3482 2086 3531 1,
2121 3466 2208 3520 16.
2238 3496 2305 3506 —
2334 3485 2352 3517 ι
2397 3464 2721 3531 Lavamini;
2752 3468 2937 3522 mundi
2964 3474 3163 3523 estote.
3210 3488 3225 3519 ι

1897 3557 2090 3611 Matth.
2120 3574 2195 3623 χι,
2229 3557 2322 3612 28.
2360 3588 2430 3600 --
2467 3577 2485 3609 ι
2511 3560 2701 3614 Venite
2732 3559 2796 3611 ad
2819 3576 2925 3624 me,
2959 3574 3148 3613 omnes
3173 3560 3264 3628 qui
3300 3558 3379 3613 la-

1828 3650 2037 3722 boratis
2065 3660 2119 3704 et
2145 3651 2356 3705 onerati
2395 3651 2552 3715 estis,
2587 3659 2641 3704 et
2674 3666 2775 3721 ego
2811 3652 3053 3704 reficiam
3084 3666 3199 3703 vos.
3245 3670 3263 3701 ι

1896 3741 2170 3796 Ιοαιιμιιι.
2202 3742 2256 3795 5.
2286 3772 2356 3782 —
2394 3760 2412 3793 ι
2454 3742 2647 3802 Amen,
2692 3756 2847 3795 amen
2879 3742 3004 3796 dico
3045 3742 3200 3796 vobis
3226 3760 3239 3794 :
3263 3739 3381 3794 Nisi

1827 3834 1951 3904 quis
1988 3840 2214 3888 renatus
2238 3832 2400 3886 fuerit
2432 3848 2495 3886 ex
2530 3847 2671 3900 aqua
2703 3839 2756 3886 et
2792 3831 2998 3902 Spiritu
3027 3841 3241 3893 sancto,
3274 3846 3377 3883 non

1827 3926 2058 3981 intrabit
2086 3927 2139 3979 in
2165 3940 2386 3994 regnum
2417 3924 2534 3979 Dei.
2581 3942 2600 3976 ι

1911 4015 1935 4069 Ι
1968 4014 2115 4069 Petr.
2156 4030 2233 4080 ιιι,
2266 4013 2356 4077 2t),
2387 4015 2476 4068 2i.
2500 4045 2570 4056 —
2601 4034 2617 4065 ι
2658 4015 2715 4067 In
2740 4013 2934 4069 diebus
2968 4011 3104 4075 Noe,
3143 4028 3267 4065 cum
3302 4009 3380 4063 fa-

1828 4107 2138 4163 bricaretur
2170 4121 2320 4170 arca,
2358 4107 2412 4160 in
2456 4122 2562 4176 qua
2598 4108 2780 4176 pauci,
2816 4107 2869 4159 id
2901 4113 2985 4161 est
3020 4116 3143 4159 octo
3188 4104 3381 4157 animae

1830 4201 1994 4255 salvae
2025 4200 2180 4254 factae
2222 4206 2352 4253 sunt
2402 4215 2497 4268 per
2524 4213 2744 4269 aquam.
2779 4197 2935 4264 Quod
2975 4208 3027 4252 et
3051 4213 3151 4252 vos
3188 4196 3381 4252 similis

1829 4293 2021 4347 formae
2046 4292 2234 4347 salvos
2279 4290 2411 4345 facit
2432 4292 2725 4360 baptisma,
2763 4304 2871 4345 non
2904 4289 3088 4344 carnis
3116 4287 3381 4363 depositio

1829 4385 2099 4449 sordium,
2151 4382 2246 4439 sed
2298 4383 2659 4439 conscientiae
2717 4372 2877 4436 honre
2926 4380 3281 4448 interrogatio
3315 4378 3380 4433 ad

1831 4478 2022 4542 Deum,
2065 4492 2161 4545 per
2193 4475 2656 4530 resurrectionem
2692 4472 2821 4526 Jesu
2855 4471 3081 4526 Christi.
3117 4490 3134 4522 ι

1912 4566 2068 4621 Hebr.
2099 4568 2174 4631 vi,
2205 4565 2261 4630 4,
2291 4564 2342 4618 5.
2368 4595 2436 4605 ——
2469 4581 2489 4615 ι
2522 4562 2867 4633 [inpossibile
2910 4568 2995 4616 est
3033 4577 3130 4615 eos
3169 4561 3261 4630 qui
3297 4576 3379 4614 se-

1833 4660 1939 4715 mel
1987 4667 2117 4714 sunt
2172 4656 2491 4719 illuminati,
2539 4662 2593 4709 et
2637 4662 2995 4725 gustaverunt
3042 4652 3244 4706 donum
3294 4652 3382 4707 Dei

1833 4759 2077 4812 cmleste,
2109 4757 2166 4802 et
2189 4746 2496 4818 gparticipes
2544 4743 2672 4797 facti
2710 4750 2840 4798 sunt
2870 4741 3133 4812 Spiritus
3186 4743 3381 4807 sancti,

139 4854 292 4900 νους
314 4837 451 4889 Θεοῦ
485 4839 655 4908 ῥῆμα,
695 4838 952 4909 δυνάμεις
986 4856 1044 4891 τε
1077 4838 1360 4909 μέλλοντος
1386 4842 1604 4906 αἰῶνος,
1637 4845 1730 4901 καὶ

1834 4846 2300 4912 gustavernntque
2349 4840 2550 4892 bonum
2602 4834 2693 4889 Dei
2731 4835 2889 4905 387
2921 4834 3165 4897 verbum,
3224 4835 3379 4886 virtu

135 4929 611 4998 παραπεσόντας,
669 4929 831 4982 πάλιν
874 4930 1242 4993 ἀνακαινίζειν
1278 4932 1357 4995 εἰς
1414 4935 1727 5002 μετάνοιαν,

134 5022 645 5092 ἀνασταυροῦντας
691 5023 903 5085 ἑαυτοῖς
942 5024 1032 5075 τὸν
1098 5024 1223 5075 Υίὸν
1284 5024 1374 5077 τοῦ
1429 5024 1586 5090 Θεοῦ,
1637 5030 1731 5080 καὶ

134 5111 798 5182 παραδειγματίζοντας.
846 5130 863 5163 ι

228 5206 446 5276 Καιρὸς
476 5204 867 5275 βαπτίσματος,
888 5206 1030 5268 ἄπας
1063 5207 1090 5257 ὁ
1121 5205 1228 5258 τῶν
1253 5206 1554 5276 ἀνθρώπων
1592 5210 1720 5279 βίος.

1828 4944 2021 5001 tesque
2047 4931 2236 4985 saeculi
2269 4926 2509 4991 venturi,
2546 4932 2601 4980 et
2637 4926 2873 4995 prolapsi
2904 4932 3055 4989 sunt,
3080 4940 3275 4978 rursus
3299 4940 3357 4976 re

1827 5024 2019 5077 novari
2092 5022 2158 5075 ad
2230 5019 2607 5089 paenitentiam
2647 5046 2666 5069 ς
2713 5033 2931 5072 rursum
3004 5016 3381 5085 crucifigentes

1828 5117 2185 5184 sibimetipsis
2208 5114 2405 5167 Filium
2434 5111 2549 5174 Dei,
2576 5120 2629 5165 et
2654 5107 2993 5177 contemptui
3021 5109 3305 5165 habentes.
3355 5123 3373 5155 ι

1902 5207 2075 5260 Basil.
2108 5205 2335 5258 Exhort.
2373 5203 2441 5255 ad
2482 5203 2730 5271 baptism.
2762 5232 2826 5242 —-
2857 5198 3117 5268 Baptismi
3147 5204 3383 5273 tempus.

1835 5302 2089 5353 universa
2146 5295 2429 5351 hominum
2476 5295 2586 5348 vita
2632 5308 2738 5348 εει.
2785 5291 2920 5345 Nam
2978 5292 3120 5344 sicut
3169 5303 3383 5359 Cprpor'

1835 5390 1973 5445 citra
2032 5388 2447 5458 respirationem
2499 5386 2682 5441 vivere
2728 5381 3069 5452 impossibile
3100 5389 3185 5435 est
3233 5399 3245 5433 :
3310 5382 3382 5433 sit

1836 5481 2000 5535 etiam
2050 5478 2166 5532 fieri
2216 5491 2326 5531 non
2375 5484 2574 5545 potest,
2609 5482 2671 5529 ut
2720 5474 2899 5535 anima
2948 5470 3236 5537 consistat,
3272 5486 3382 5540 qua

1834 5570 2149 5627 Creatorem
2193 5570 2417 5623 minime
2467 5575 2745 5639 agnoscat.
2800 5563 2893 5616 Dei
2927 5563 3073 5617 enim
3121 5564 3379 5632 ignoratir

128 5298 309 5354 Οὔτε
344 5297 450 5368 γὰρ
484 5296 693 5368 σώματι
723 5296 820 5369 ζῇν
857 5298 931 5368 μὴ
968 5298 1286 5351 ἀναπνέοντι
1326 5299 1566 5367 δυνατὸν,
1603 5301 1728 5354 οὔτε

134 5396 315 5464 ψυχῇ
378 5391 717 5452 συνεστάναι,
774 5391 848 5461 μὴ
899 5391 1239 5464 γνωριζούσῃ
1281 5392 1370 5445 τὸν
1430 5394 1726 5448 Κτίοαντα.

125 5484 307 5539 Θεοῦ
360 5482 469 5552 γὰρ
516 5482 709 5551 ἄγνοια
755 5482 984 5546 θάνατός
1037 5484 1152 5536 ἐστι
1199 5484 1397 5555 ψυχῆς.
1436 5484 1494 5537 Ὀ
1538 5485 1593 5538 δὲ
1655 5486 1731 5557 μὴ

130 5575 512 5647 βαπτισθεὶς,
566 5574 627 5626 οὐ
691 5572 1048 5643 πεφώτισται.
1084 5577 1244 5628 Ἀνευ
1284 5577 1340 5629 δὲ
1383 5577 1575 5643 φωτὸς,
1609 5576 1733 5630 οὔτε

130 5665 448 5736 ὀφθαλμὸς
500 5665 565 5717 τά
619 5665 811 5718 ἑαυτοῦ
867 5662 1094 5733 καθορᾷ,
1142 5664 1263 5718 οὕτε
1304 5666 1449 5737 ψυχὴ
1510 5667 1730 5735 δύναται

1836 5678 1985 5717 mors
2026 5671 2109 5717 est
2142 5661 2372 5725 lanimm.
2430 5659 2600 5713 Porro
2644 5657 2737 5726 qui
2778 5655 3087 5725 baptizatus
3132 5670 3239 5708 non
3286 5664 3371 5707 est

126 5758 310 5814 Θεοῦ
333 5758 587 5825 δέξασθαι
611 5758 841 5829 θεωρίαν
868 5758 995 5812 ἄνευ
1024 5757 1413 5827 βαπτίσματος.
1474 5792 1483 5799 ι

1839 5757 1887 5811 is
1918 5771 2025 5810 non
2077 5762 2163 5809 est
2210 5753 2570 5807 illuminatus.
2609 5750 2677 5805 At
2708 5763 2837 5803 vero
2866 5748 3072 5816 absque
3104 5750 3253 5812 luce,
3291 5761 3381 5802 nec

123 5854 376 5919 act-lus
420 5869 541 5923 quae
592 5868 689 5907 sua
735 5860 887 5916 sunt.
936 5867 1182 5918 cernere,
1240 5868 1337 5909 nec
1390 5855 1569 5912 anima
1602 5851 2123 5921 contemplationem
2156 5847 2249 5903 Dei
2284 5852 2466 5917 potest
2495 5844 2779 5900 admittere
2811 5841 2929 5896 sine
2960 5842 3251 5910 baptismo.
