4024 6412
666 383 796 453 1271

659 585 807 624 mum
862 574 1196 641 pmnitentia:
1239 577 1591 644 praedicabat,
1640 584 1695 629 et
1746 576 1811 630 ad
1863 592 1987 632 eum
2035 576 2222 631 Judaa

657 662 842 717 omnis
913 665 1117 718 exibat.
1196 665 1456 719 Dominus
1534 666 1793 736 praedicat
1890 666 2220 736 baptismum

658 752 1008 823 adoptionis:
1036 764 1091 809 ct
1134 758 1258 826 quis
1300 773 1489 811 eorum
1525 758 1616 826 qui
1678 759 1732 811 in
1764 759 1943 827 ipsum
1975 767 2219 828 sperant,

658 859 767 898 non
795 847 1044 913 parebit?
1082 846 1394 917 Baptismus
1423 848 1513 903 ille
1541 850 1908 905 rudimentum
1939 864 2056 906 erat
2084 870 2098 907 :
2130 854 2221 908 hic

658 937 972 1004 perticiendi
1020 940 1125 991 vim
1160 940 1343 993 habet.
1382 940 1471 996 llle
1524 958 1774 999 recessus
1833 954 1951 999 erat
2008 960 2038 998 a
2094 962 2219 1015 pec-

659 1036 781 1081 cuto
810 1047 823 1081 :
855 1028 943 1083 hic
993 1030 1311 1097 coniunctio
1368 1047 1492 1085 cum
1537 1032 1661 1088 Deo.

727 1116 871 1172 Ibid.
907 1119 1194 1183 -—lsrael,
1256 1123 1362 1176 nisi
1419 1139 1569 1179 mare
1617 1126 1950 1194 trajecisset,
2001 1127 2217 1198 disjun-

652 1220 773 1267 ctus
802 1228 911 1267 non
963 1212 1161 1268 fuisset
1196 1231 1227 1267 a
1260 1215 1572 1271 Pharaone:
1613 1228 1670 1272 tu
1716 1235 1933 1287 quoque
1981 1222 2086 1274 nisi
2123 1236 2220 1289 per

651 1320 847 1373 aquam
903 1307 1212 1370 transieris,
1258 1308 1326 1361 ab
1380 1311 1724 1365 amarulenta
1774 1311 1980 1365 diaboli
2034 1324 2218 1384 tyran-

651 1397 776 1452 nide
826 1413 938 1453 non
987 1400 1272 1455 eximeris.
1329 1399 1422 1455 llle
1473 1401 1539 1455 de
1570 1403 1845 1472 spirituali
1901 1414 2053 1473 petra
2104 1420 2215 1461 non

649 1489 905 1553 bibisset,
967 1490 1078 1545 nisi
1126 1491 1309 1561 typice
1364 1492 1676 1560 baptizatus
1727 1492 1922 1550 fuisset
1968 1514 1983 1551 :
2033 1512 2213 1566 neque

648 1578 744 1632 tibi
776 1594 966 1633 verum
997 1588 1182 1648 potum
1212 1581 1502 1651 quisquam
1537 1583 1773 1640 daturus
1803 1596 1909 1646 est.
1943 1586 2053 1641 nisi
2085 1602 2214 1642 vero

644 1670 978 1740 baptismate
1006 1673 1084 1729 sis
1117 1675 1346 1731 tinctus.
1371 1674 1469 1732 ille
1500 1688 1624 1748 post
1652 1680 1985 1750 baptismum
2015 1697 2212 1753 panem

642 1762 796 1817 illum
819 1764 1139 1834 angelorum
1172 1768 1525 1823 manducavit
1553 1789 1566 1823 :
1604 1779 1662 1825 tu
1696 1788 1825 1825 vero
1860 1789 2208 1844 nequaquam

1834 402 1898 462 S.
1933 400 1969 463 εἷ
1972 400 2175 462 ΟΑΝΝ
2178 401 2251 461 IS
2279 402 2709 465 DAMASCENI

731 477 899 545 Basil,
931 476 1157 534 Exhort.
1193 481 1261 534 ad
1326 485 1573 549 naptism.
1604 464 1673 523 -ἕ
1710 484 1950 542 Joannes
2015 487 2220 556 baptis-
2249 495 2297 550 Α

2406 491 2656 561 Ἰωάννης
2690 490 2960 559 ἐκήρυσσε
2996 487 3278 557 βάπτισμα
3307 485 3624 556 μετανοίας·
3657 486 3752 538 καὶ
3797 488 3869 551 ἐξ·

2324 582 2616 651 επορεύετο
2663 580 2800 652 πρὸς
2853 579 3015 634 αὐτὸν
3044 580 3197 632 πᾶσα
3242 578 3489 631 Ἰουδαία.
3541 576 3745 643 Κύριος
3787 596 3865 645 κη.

2325 672 2512 744 ρύσσει
2559 672 2843 742 βάπτισμα
2888 668 3197 731 υἱοθεσίαςι
3238 667 3333 720 καὶ
3363 666 3447 729 τίς
3477 665 3585 717 τῶν
3619 667 3699 728 είς

2320 763 2630 835 ὴλπικότων
2676 762 2774 833 οὐχ
2817 760 3217 828 ὑπακούσεται;
3279 761 3482 813 Ἐκεῖνο
3525 761 3873 825 είσσγωγιιὸο

2318 859 2379 912 τὸ
2432 858 2737 928 βάπτισμα,
2774 855 2932 910 τοῦτο
2960 854 3301 908 τελειωτικόν
3330 870 3344 884 ⁸
3400 855 3581 906 έκεῖνο
3615 854 3874 923 ἁμαρτίας

2319 950 2691 1022 ἀναχώρησις,
2724 947 2882 1003 τοῦτο
2901 949 3175 1012 οἰκείωσις
3198 947 3333 1017 πρὸς
3360 946 3518 1001 Θεόν.

2395 1126 2456 1179 '0
2489 1124 2722 1195 Ἰσραὴλ,
2760 1124 2809 1176 εί
2850 1122 2925 1194 μὴ
2955 1124 3201 1194 παρῆλθε
3223 1123 3321 1193 τὴν
3351 1123 3661 1185 θάλασσαν,
3694 1123 3793 1175 οὐκ
3822 1123 3870 1175 ἂν

2318 1218 2591 1288 ἐχωρίσθη
2630 1217 2724 1271 τοῦ
2768 1216 3004 1288 Φαραώ’
3038 1218 3132 1270 καὶ
3166 1217 3229 1269 σὺ
3265 1217 3359 1269 ὲάν
3392 1217 3468 1287 μὴ
3502 1214 3786 1286 παρέλθῃς
3806 1216 3871 1267 διὰ

2316 1311 2411 1364 τοῦ
2438 1310 2650 1375 ὓδατος,
2679 1310 2741 1362 οὑ
2770 1308 3087 1381 χωρισθήσῃ
3116 1309 3214 1379 τῆς
3234 1309 3437 1378 πικρᾶς
3457 1306 3779 1379 tupawiéo;
3800 1308 3869 1359 το)

2314 1402 2586 1458 διαὸόλου.
2612 1401 2727 1455 Οὐκ
2754 1401 2819 1455 ἂν
2866 1402 3017 1454 ἔπιεν
3056 1402 3262 1463 ἐκεῖνος
3290 1401 3354 1453 ὲκ
3379 1401 3479 1467 τῆς
3506 1399 3869 1469 πνευματικῆς

2315 1495 2541 1565 πέτρας,
2560 1496 2609 1547 εί
2638 1493 2711 1564 μὴ
2730 1492 2975 1556 τυπικῶς
3003 1491 3333 1561 ἐϐαπτίσθη·
3364 1492 3486 1545 οὐδὲ
3514 1491 3601 1543 σοί
3627 1508 3714 1553 τις
3734 1490 3869 1543 δώσει

2311 1588 2409 1659 τήν
2462 1587 2721 1657 ἀληθινὴν
2773 1587 2952 1647 πόσιν,
3012 1585 3108 1637 ὲὰν
3158 1584 3235 1655 μὴ
3296 1584 3514 1654 ἀληθῶς
3561 1582 3867 1652 βαπτιτθῇς.

2316 1681 2556 1747 "Euax/sv
2589 1678 2750 1747 ἄρτον
2784 1675 3031 1743 ἀγγέλων
3062 1676 3270 1729 ἐκεῖνον
3302 1676 3510 1737 ἐκεῖνος
3546 1672 3692 1745 μετὰ
3716 1674 3775 1725 τὸ

2312 1785 2555 1840 πτισμα·
2592 1770 2657 1822 σὺ
2689 1769 2745 1821 δὲ
2780 1768 2842 1821 οὐ
2881 1766 3067 1840 βρώσῃ
3094 1768 3185 1821 τὸν
3230 1766 3406 1831 ζῶντα
3462 1767 3656 1836 ἄρτον,
3690 1764 3780 1817 ἐὰν
3811 1765 3871 1833 μὴ

641 1870 836 1923 panem
867 1858 1052 1911 vivum
1086 1858 1413 1927 comederis,
1449 1860 1557 1916 nisi
1600 1871 1859 1932 suscepto
1907 1862 2066 1933 prius
2112 1865 2207 1919 ba-

2313 1863 2577 1935 πρότερον
2599 1860 2835 1931 ἀποδέξῃ
2863 1860 2925 1913 τὸ
2952 1858 3251 1929 βάπτισμα,
3281 1858 3547 1927 Εξτῆλθεν
3580 1858 3788 1918 ἐκεῖνος
3807 1859 3872 1918 εἰς

643 1947 864 2016 ptismo.
901 1948 995 2003 Ille
1025 1949 1094 2003 ob
1125 1950 1458 2019 baptismum
1511 1952 1567 2005 in
1622 1960 1824 2007 terram
1882 1955 2209 2024 promissam

642 2040 925 2109 ingressus
966 2048 1091 2095 est:
1147 2048 1203 2094 tu
1250 2057 1470 2111 quoque
1512 2058 1621 2110 quo
1665 2044 1887 2098 tandem
1938 2054 2098 2113 pacto
2131 2046 2211 2100 in-

640 2142 786 2184 trare
818 2131 870 2184 in
906 2132 1220 2198 paradisum
1251 2149 1447 2203 queas,
1479 2136 1582 2189 nisi
1613 2135 1887 2205 baptismo
1918 2136 2211 2206 consigne-

644 2221 758 2275 ris?
793 2220 1005 2277 lllndne
1037 2231 1092 2277 te
1124 2222 1287 2291 fugit,
1335 2224 1652 2295 flagrantem
1684 2226 1924 2296 gladium
1956 2226 2023 2280 ad
2076 2227 2209 2297 ligni

639 2298 785 2368 viam
818 2316 1233 2371 custodiendam
1285 2317 1614 2372 collocatum
1654 2332 1797 2383 esse,
1830 2319 1921 2388 qui
1967 2319 2205 2374 inﬁdeli-

640 2407 743 2462 bus
772 2407 992 2475 quidem
1042 2408 1305 2464 terribilis
1355 2424 1699 2480 exurensquc
1732 2412 1824 2477 sit,
1859 2412 1927 2467 iis
1954 2427 2085 2467 vero
2116 2411 2207 2481 qui

637 2499 894 2559 credunt,
974 2515 1203 2557 accessu
1258 2502 1477 2571 pervius
1522 2511 1576 2557 et
1627 2502 1830 2558 blande
1885 2504 2209 2560 collucens?

634 2588 769 2651 quin
822 2589 1002 2659 ipsum
1054 2607 1275 2661 quoque
1346 2594 1664 2650 versatilem
1724 2593 1993 2650 Dominus
2051 2595 2203 2654 fecit.

634 2679 768 2734 Nam
803 2682 892 2736 ubi
946 2680 1159 2736 fidelem
1210 2683 1384 2747 videt,
1419 2692 1571 2756 terga
1620 2687 1822 2740 vertit:
1858 2701 1982 2741 cum
2012 2697 2197 2743 autem

633 2774 869 2841 aliquem
917 2788 1109 2827 eorum
1156 2775 1250 2844 qui
1291 2775 1564 2844 baptismo
1610 2776 1840 2831 minime
1889 2778 2205 2847 consignati

633 2873 786 2930 sunt,
822 2875 971 2921 recta
1012 2867 1067 2919 in
1124 2882 1247 2921 eum
1290 2868 1556 2938 impetum
1604 2867 1754 2923 facit.
1790 2866 1942 2924 Elias
1974 2885 2203 2924 currum

635 2960 877 3029 igneum,
925 2967 979 3013 et
1029 2958 1311 3014 ﬂammeos
1354 2976 1528 3030 equos
1576 2960 1642 3016 ad
1690 2977 1749 3018 se
1777 2962 2063 3018 venientes
2093 2979 2205 3018 non

632 3053 887 3107 extimuit
916 3069 929 3104 :
960 3068 1148 3107 verum
1172 3053 1411 3108 caelestis
1445 3055 1665 3109 itineris
1690 3056 1995 3127 cupiditate
2020 3057 2206 3111 incen-

631 3159 748 3207 sus,
779 3159 867 3199 res
905 3144 1136 3199 terroris
1196 3145 1388 3214 plenas
1432 3146 1613 3201 audax
1660 3162 1959 3217 aggressus
2009 3156 2117 3214 est,
2149 3156 2203 3203 et

636 3238 759 3292 lmto
800 3236 985 3292 animo
1016 3236 1269 3308 fragrans
1300 3238 1612 3293 vehiculum
1644 3241 1970 3295 conscendit
1996 3241 2067 3305 is,
2104 3242 2197 3311 qui

632 3331 815 3384 adhuc
861 3331 915 3383 in
949 3335 1142 3385 ‘carne
1172 3330 1406 3400 agebat:
1435 3341 1490 3385 tu
1543 3347 1675 3387 vero
1715 3349 1825 3387 non
1872 3333 2198 3405 quadrigam

632 3425 845 3492 igneam
879 3437 1308 3485 conscensurus.
1362 3425 1458 3480 sed
1499 3440 1596 3495 per
1629 3440 1826 3494 aquam
1852 3436 1906 3482 et
1933 3426 2199 3498 Spiritum

632 3531 991 3580 ascensurus,
1026 3518 1242 3570 vocanti
1284 3533 1393 3571 non
1429 3517 1715 3574 accurris?

702 3606 849 3660 Ibid.
897 3640 964 3647 —
1017 3607 1072 3660 Si
1108 3608 1391 3662 hominum
1441 3624 1636 3665 servus
1681 3625 1856 3673 esses,
1917 3611 2203 3682 servisque

630 3698 840 3770 scripto
888 3700 1109 3769 publico
1142 3701 1416 3770 proposita
1465 3700 1690 3757 libertas
1721 3710 1892 3762 esset,
1923 3716 2106 3756 annon
2134 3703 2201 3755 ad

631 3792 1005 3862 pnestitutum
1065 3794 1204 3849 diem
1256 3795 1499 3855 adfores,
1559 3802 1616 3848 et
1648 3794 1903 3848 mercede
1936 3804 2201 3864 patronos

632 3884 997 3949 mnduceres,
1047 3885 1487 3955 obsccraresque
1539 3886 1785 3954 judices,
1836 3895 1894 3940 ut
1925 3887 2073 3941 omni
2111 3902 2203 3939 ra-

632 3976 783 4029 tione
812 3975 864 4029 in
900 3976 1204 4030 libertatem
1230 3976 1598 4031 asserereris?
1646 3992 1771 4029 num
1827 3976 1991 4031 etiam
2050 3977 2203 4030 cola-

632 4066 819 4133 phum,
873 4064 979 4119 hoc
1019 4073 1104 4119 est
1147 4072 1445 4119 extremam
1495 4074 1793 4118 servorum
1830 4064 2066 4134 plagam,
2096 4064 2203 4117 hac

629 4153 970 4213 conditione,
1001 4160 1061 4205 ut
1098 4154 1326 4221 posthac
1367 4154 1694 4207 verberibus
1725 4154 2067 4215 eximereris,
2110 4169 2201 4207 rc-

630 4245 894 4301 cnsares?
946 4244 1081 4297 Cum
1134 4251 1317 4297 autem
1374 4250 1427 4296 te
1458 4260 1565 4296 nun
1599 4244 1908 4308 hominum,
1950 4244 2048 4299 sed
2078 4260 2203 4313 pec-

633 4339 743 4392 ιοςιιὶ
786 4352 1027 4396 servum,
1061 4335 1125 4386 ad
1168 4334 1476 4388 libertatem
1516 4343 1674 4389 vocet
1705 4351 1906 4404 praeco,
1948 4346 2007 4390 ut
2039 4344 2091 4390 te
2132 4338 2201 4390 li-

636 4432 787 4482 beret
817 4444 844 4477 a
878 4425 1157 4489 servitute,
1190 4435 1245 4480 et
1298 4426 1582 4481 concivcm
1631 4427 1948 4495 angelorum
1980 4428 2196 4495 efﬁciat,

2307 1956 2405 2025 τὴν
2445 1957 2547 2023 γῆν
2574 1954 2675 2023 τῆς
2705 1952 3040 2021 ἐπαγγελίας
3090 1951 3179 2005 διὰ
3228 1952 3289 2004 τὸ
3328 1951 3618 2021 βάπτισμα
3642 1968 3658 1980 ·
3712 1951 3772 2002 σὺ
3824 1950 3869 2002 δὲ

2309 2046 2428 2108 πῶς
2469 2043 2768 2114 ὲπανέλθῃς
2800 2045 2888 2106 είς
2912 2043 3003 2096 τὸν
3044 2042 3390 2113 παράδεισον,
3427 2042 3503 2112 μὴ
3532 2040 3870 2111 σφραγισθεξ

2308 2138 2385 2208 τῷ
2425 2137 2795 2208 βαπτίσμαης
2837 2137 2908 2189 ’Ἠ
2933 2135 3033 2190 οὐκ
3064 2129 3213 2199 οἶδας
3250 2135 3335 2189 ὃτι
3375 2134 3605 2203 φλογίνη
3647 2133 3867 2203 pungui:

2306 2231 2567 2283 τέτακται
2603 2228 2898 2297 φυλάσσειν
2953 2226 3051 2296 τὴν
3108 2226 3224 2279 ὁδὸν
3267 2224 3359 2279 τοῦ
3404 2224 3593 2291 ξύλου,
3624 2225 3738 2286 tot;
3785 2224 3867 2291 μὲν

2308 2320 2557 2384 ἀπίστοις
2585 2320 2793 2390 φοσερὰ
2824 2321 2918 2373 καὶ
2948 2317 3304 2391 φλογίζουσα,
3350 2318 3464 2380 τοῖς
3497 2315 3557 2368 δὲ
3596 2331 3869 2367 πεπιστευ-

2308 2414 2460 2467 κόσιν
2499 2413 2840 2484 εὐπρόσιτος,
2889 2413 2981 2466 καὶ
3028 2410 3242 2480 ἡμέραν
3282 2410 3713 2478 ἐπιλάμπουσας

2309 2506 2404 2558 καί¹
2432 2502 2757 2575 στρέφεσθαι
2802 2502 2969 2573 αὐτὴν
3017 2502 3273 2570 ἐποίησεν
3320 2502 3349 2552 ὁ
3381 2497 3688 2568 Δεσπότης.
3719 2497 3867 2548 Ὅταν

2312 2600 2409 2669 μὲν
2439 2597 2547 2666 γὰρ
2573 2597 2657 2669 ῐδῃ
2687 2596 2898 2654 πιστὸν,
2926 2594 2996 2646 τὰ
3030 2593 3176 2645 νῶτα
3222 2592 3435 2644 δίδωσιν
3456 2607 3469 2618 ·
3506 2591 3639 2641 ὅταν
3679 2588 3738 2640 δέ
3764 2606 3867 2639 τινα

2304 2690 2413 2743 τῶν
2449 2688 2859 2760 άσφραγίστων,
2891 2685 3032 2739 κατὰ
3060 2685 3233 2754 στόμα
3268 2682 3657 2753 προσαπαντᾷ.
3702 2680 3866 2739 Ἠλίας

2306 2780 2460 2851 ἆρμα
2512 2779 2686 2849 πυρὸς
2734 2779 2829 2831 καὶ
2869 2778 3068 2839 ἵππους
3097 2776 3352 2846 πυρίνους
3380 2774 3467 2825 ἐπ’
3503 2772 3671 2825 αὑτὸν
3705 2770 3868 2823 ὲλθὸνο

2304 2889 2403 2934 τας
2432 2872 2493 2924 οὐ
2540 2869 2881 2941 κατεπλάγη,
2922 2869 3038 2923 ἀλλ’
3066 2866 3338 2937 ἐπιθυμία
3379 2868 3476 2934 τῆς
3509 2866 3627 2919 ἄνω
3661 2864 3865 2933 πορείας

2302 2964 2413 3019 τῶν
2467 2962 2712 3035 φοῦερῶν
2759 2962 3182 3032 κατετόλμησεν,
3225 2959 3318 3011 καὶ
3355 2956 3496 3027 μετά
3523 2956 3865 3026 περιχαρείας

2305 3055 2477 3126 ἐπέϐη
2506 3055 2614 3110 τῶν
2638 3055 2905 3124 φλογίνων
2931 3053 3245 3124 ὀχημάτων,
3274 3053 3303 3104 ὁ
3330 3054 3388 3103 ὲν
3425 3051 3596 3120 σαρκὶ
3628 3050 3736 3115 ζῶν
3763 3050 3831 3100 ἔτι
3850 3065 3861 3077 ·

2306 3148 2372 3201 σὺ
2426 3147 2483 3201 δὲ
2517 3148 2578 3200 οὐ
2617 3146 2857 3216 πυρίνων
2902 3146 3166 3217 ἁρμάτων
3219 3142 3585 3209 ἐπιθήσεσθαι
3650 3140 3862 3211 μέλλων,

2308 3238 2444 3293 ἀλλὰ
2469 3238 2538 3293 δι’
2573 3237 2763 3301 ὓδατος
2791 3240 2883 3292 καί¹
2906 3237 3223 3306 Πνεύματος
3257 3234 3575 3290 ἀναϐαίνειν
3602 3236 3684 3297 εἰς
3713 3234 3861 3303 οὖρα-

2302 3331 2413 3397 νὸν,
2444 3332 2543 3385 οὐκ
2576 3330 2886 3401 ὲπιτρέχεις
2916 3331 2983 3399 τῇ
3016 3327 3240 3399 κλήσεις

2373 3596 2435 3649 Εί
2465 3594 2649 3657 δοῦλος
2673 3591 2972 3662 ἀνθρώπων
3016 3585 3181 3660 ἦσθα,
3219 3586 3549 3659 προεγράφη
3590 3586 3650 3639 δὲ
3678 3585 3861 3648 δούλοις

2304 3685 2607 3757 ἐλευθερία,
2630 3684 2731 3736 οὐκ
2761 3682 2826 3734 ἂν
2857 3681 2950 3734 ἐπὶ
2975 3680 3073 3751 τὴν
3119 3677 3314 3750 κυρίαν
3363 3678 3716 3746 ἁπήντησας,
3758 3692 3860 3726 συν·

2308 3780 2542 3850 ηγόρους
2611 3774 3012 3846 μισθούμενος,
3063 3774 3155 3825 καὶ
3197 3770 3457 3833 δικαστὰς
3519 3767 3858 3839 παρακαλῶν,

2301 3873 2441 3926 ὥστε
2474 3872 2623 3940 πάσῃ
2660 3870 2876 3939 μηχανῇ
2910 3866 3047 3937 πρὸς
3080 3863 3393 3935 ἐλευθερίαν
3426 3862 3806 3931 ὲξαιρεθῆναις
3834 3861 3859 3925 ἡ

2302 3983 2403 4017 που
2445 3964 2539 4015 καὶ
2564 3964 2813 4033 ῥάπισμα
2840 3958 2937 4029 τὴν
2962 3956 3275 4011 τελευταίαν
3298 3956 3406 4009 τῶν
3432 3954 3640 4008 δούλων
3670 3952 3859 4020 πληγὴν

2303 4056 2441 4124 ὑπὲρ
2496 4054 2592 4123 τῆς
2656 4050 2791 4121 μετὰ
2844 4048 3018 4101 ταῦτα
3065 4047 3173 4098 τῶν
3228 4044 3504 4115 αἰκισμῶν
3553 4043 3858 4107 ἀπαλλαγῆς

2300 4147 2611 4216 κατεδέχου.
2668 4143 2886 4213 Ἐπειδὴ
2923 4141 2981 4194 δὲ
3027 4138 3209 4193 δοῦλον
3243 4138 3372 4191 ὅντα
3406 4154 3465 4190 σε
3512 4136 3636 4206 οὐχὶ
3670 4133 3857 4204 ἀνθρώ-

2301 4257 2438 4301 πων,
2470 4237 2604 4291 ἁλλὰ
2642 4235 2739 4304 τῆς
2775 4233 3071 4305 ἁμαρτίας,
3114 4230 3270 4284 καλεῖ
3319 4229 3453 4300 πρὸς
3505 4226 3857 4295 ἐλευθερίανό

2304 4330 2510 4401 κήρυξ,
2548 4330 2634 4381 ἵνα
2663 4328 2802 4398 λύσῃ
2855 4327 2951 4395 μέν
3002 4342 3061 4378 σε
3109 4323 3211 4393 τῆς
3258 4320 3663 4391 αίχμαλωσίας,
3693 4322 3852 4370 ἰσοπο-

2299 4424 2449 4493 λίτην
2488 4422 2545 4474 δὲ
2573 4425 2681 4484 τοῖς
2725 4418 2975 4488 ἀγγέλοις
3024 4418 3255 4487 ποιήσῃ,
3298 4413 3393 4465 καὶ
3436 4412 3552 4464 υἱὸν
3596 4412 3697 4480 μὲν
3737 4414 3852 4462 απο-

637 4521 842 4589 Deique
897 4517 1094 4580 ﬁlium,
1159 4517 1475 4587 adoptatum
1556 4519 1747 4588 utique
1798 4534 1895 4589 per
1942 4521 2195 4591 gratiam,

2307 4516 2450 4589 δείξῃ
2496 4514 2653 4578 Θεοῦ,
2700 4510 3080 4580 εἰσποιηθέντα
3120 4508 3207 4561 διὰ
3250 4506 3347 4575 τῆς
3384 4504 3635 4591 χάριτος,
3677 4502 3851 4591 κληρο-

634 4610 956 4671 constituat,
993 4618 1041 4664 et
1078 4608 1283 4664 Christi
1324 4609 1597 4663 bonorum
1631 4609 1926 4676 haeredem,
1956 4612 2197 4666 nondum

636 4703 728 4755 tibi
788 4701 980 4753 adesse
1037 4705 1256 4771 tempus
1309 4701 1392 4755 ais
1452 4701 1758 4770 accipiendi
1824 4717 1889 4758 ea
1940 4718 2062 4772 qua:
2102 4703 2199 4757 tibi

635 4794 818 4847 oblata
845 4800 993 4844 sunt.

706 4882 849 4935 Ibid.
886 4878 1211 4944 -—-Quando
1260 4881 1615 4936 Christianus
1676 4880 1813 4936 lies?
1869 4883 2091 4950 quando
2151 4894 2201 4937 te

632 4975 784 5028 velut
814 4981 1065 5025 nostrum
1120 4972 1518 5039 agnoscemus?
1552 4989 1695 5027 anno
1742 4974 2026 5041 superiore
2066 4989 2202 5042 pra:-

632 5078 761 5119 sens
802 5071 1015 5131 tempus
1059 5061 1465 5129 exspectabas:
1511 5078 1659 5117 nunc
1700 5078 1892 5117 rursus
1953 5063 2199 5117 futurum

636 5156 989 5228 prmstolaris.
1032 5156 1249 5211 Videsis
1280 5172 1347 5210 ne
1393 5156 1667 5225 longiores
1699 5157 1807 5209 vita
1854 5153 2201 5225 pollicitatio-

637 5267 735 5305 nes
766 5249 951 5305 facere
990 5250 1370 5318 comperiaris.
1414 5247 1604 5301 Nescis
1646 5247 1776 5317 quid
1806 5248 2049 5301 crastina
2080 5246 2200 5300 dies

639 5346 883 5413 paritura
933 5344 1026 5398 sit.
1058 5342 1135 5397 Ne
1182 5343 1472 5412 promittas
1501 5356 1622 5408 quae
1652 5357 1761 5394 non
1806 5352 1892 5392 tua
1932 5346 2079 5392 sunt.
2120 5338 2200 5391 Ad

637 5436 805 5488 vitam
832 5434 998 5505 388
1026 5442 1101 5496 te,
1134 5448 1167 5486 ο
1198 5433 1383 5494 homo,
1420 5431 1711 5484 invitamus
1741 5448 1753 5482 ς
1787 5429 1915 5496 quid
1948 5436 2004 5481 tu
2036 5443 2201 5481 voca-

636 5529 843 5579 tionem
902 5525 1084 5595 fugis?
1133 5526 1199 5578 ad
1251 5523 1574 5577 fruitionem
1627 5522 1939 5575 bonorum:
1983 5521 2113 5588 quid
2146 5529 2199 5571 tn

639 5616 970 5671 beneﬁcium
1032 5615 1316 5685 praeteris?
1364 5614 1627 5668 caelorum
1684 5627 1908 5681 regnum
1951 5621 2200 5679 apertum

639 5716 725 5761 est
759 5722 771 5756 :
807 5706 894 5760 ille
926 5707 1018 5775 qui
1056 5715 1236 5767 vocat,
1270 5705 1490 5760 mentiri
1523 5702 1733 5767 nescit;
1773 5700 1947 5754 facilis
1968 5711 2052 5755 est
2090 5701 2197 5753 via.

642 5796 763 5852 Non
794 5806 1059 5867 tempore,
1096 5814 1201 5851 non
1237 5797 1522 5859 inmensis,
1548 5810 1654 5850 non
1701 5795 1891 5848 labere
1924 5800 2193 5875 opusest.

2300 4584 2461 4676 νόμον
2481 4606 2535 4657 δὲ
2561 4605 2670 4655 τῶν
2691 4602 2910 4669 ἀγαθῶν
2929 4597 3021 4651 τοῦ
3048 4594 3305 4667 Χριστοῦ,
3343 4590 3501 4645 οὔπω
3528 4591 3707 4659 λέγεις
3731 4584 3848 4641 εἶναι

2302 4698 2492 4767 καιρόν
2518 4713 2601 4749 σοι
2630 4692 2887 4761 δέξασθαι
2917 4688 2985 4742 τὰ
3010 4685 3266 4756 δεδομένα

2372 4875 2510 4927 Πότε
2542 4870 2749 4940 γενήσῃ
2779 4861 3103 4936 Χριστιανός
3130 4879 3145 4927 ;
3181 4859 3313 4912 πότε
3337 4875 3397 4935 σε
3422 4856 3761 4927 γνωρίσομεν
3784 4852 3842 4913 ὡς

2300 4967 2606 5039 ἡμέτερον;
2660 4962 2862 5031 Πέρυσι
2903 4956 2994 5009 τὸν
3045 4952 3289 5026 παρόντα
3350 4950 3543 5021 καιρὸν
3592 4948 3841 5039 ἐξεδέχον-

2302 5037 2398 5113 νῦν
2444 5057 2606 5111 πάλιν
2634 5052 2925 5121 ἀναμένεις
2956 5047 3048 5100 τὸν
3082 5044 3326 5098 ἐπιόντα.
3357 5043 3503 5112 Ὅρα
3535 5042 3612 5112 μὴ
3646 5037 3843 5109 εὑρεθῇς

2306 5147 2646 5219 μακροτέρας
2701 5140 2802 5207 τῆς
2850 5136 2997 5205 ζωῆς
3046 5134 3144 5198 τὰς
3179 5132 3498 5202 ὑποσχέσεις
3528 5130 3838 5199 ποιούμενος.

2304 5240 2417 5292 Οὐκ
2449 5234 2594 5297 οἶδας
2624 5233 2676 5285 τί
2711 5229 2915 5295 τέξεται
3015 5225 3261 5279 ἐπιοῦσα.
3297 5226 3388 5296 Μή
3432 5223 3757 5292 ὲπαγγέλλου
3787 5218 3839 5269 τὰ

2307 5332 2380 5400 μὴ
2416 5328 2503 5381 σά.
2557 5324 2678 5377 Ἐπὶ
2709 5322 2855 5389 ζωήν
2888 5338 2945 5373 σε
2980 5318 3271 5387 καλοῦμεν,
3302 5318 3554 5387 ἄνθρωπε
3582 5334 3597 5347 ·
3644 5316 3695 5367 τί
3725 5314 3839 5365 ἁπο-

2304 5420 2524 5489 φεύγεις
2580 5414 2678 5484 τὴν
2734 5412 2963 5483 κλῆσινς
3010 5413 3101 5464 ἐπὶ
3151 5409 3368 5477 ἀγαθῶν
3439 5408 3754 5477 μετουσίαν·
3800 5402 3840 5454 τί

2303 5509 2645 5578 ὐπερὸαίνεις
2692 5504 2790 5576 τὴν
2845 5504 3082 5572 δωρεάν;
3130 5500 3386 5555 Βασιλεία
3418 5498 3659 5567 οὐρανῶν
3714 5497 3841 5564 ἠνοι-

2302 5620 2458 5659 κται’
2492 5603 2519 5653 ὁ
2556 5598 2738 5653 καλῶν
2780 5596 3034 5667 ἀψευδὴς,
3082 5597 3115 5666 ή
3156 5596 3271 5657 ὁδὸς
3316 5591 3510 5664 ῥᾳδία·
3544 5591 3605 5643 οὗ
3649 5592 3838 5659 χρόνου,

2301 5700 2359 5751 οὺ
2405 5695 2667 5763 δαπάνης,
2707 5690 2768 5743 οὐ
2811 5690 3190 5759 πραγματείας
3228 5686 3385 5755 χρεία
3409 5698 3425 5715 ⁸
3461 5683 3514 5735 τί
3544 5681 3770 5749 άναδῷῃς
3795 5675 3838 5728 τί

2302 5788 2439 5859 φοϐῇ
2500 5786 2590 5839 τὸν
2646 5782 2828 5851 ζυγὸν,
2899 5781 3086 5850 ὥσπερ
3158 5778 3383 5839 δάμαλις
3455 5774 3835 5846 ἀπειρόξυγος;
