4024 6440
181 401 314 469 1273
1448 406 1679 468 SACRA
1715 408 1803 467 ΡΛ

1905 404 2169 464 LLELA.
3282 391 3413 458 1274

181 522 411 594 χρηστός
440 524 610 583 ἐστιν,
642 520 873 588 ἐλαφρός
912 522 1080 581 ἐστιν,
1114 523 1175 573 ού
1204 520 1379 589 τρίϐει
1409 523 1502 574 τὸν
1525 518 1748 588 αὐχένα,
1779 524 1803 580 Α

1905 515 1995 569 uid
2050 511 2299 582 refugis?
2359 524 2455 565 cur
2509 519 2765 579 tanquam
2831 510 3039 565 vitulus
3097 508 3416 577 inexpertus

183 615 320 669 ἀλλά
343 613 575 679 δοξάζει.
608 613 681 666 Ού
730 614 836 685 γὰρ
890 613 1167 682 δεσμείται
1206 614 1239 683 ὴ
1279 613 1478 684 ζεύγλη
1503 614 1629 682 περὶ
1651 613 1744 666 τὸν

1910 624 1999 680 go,
2033 610 2220 680 iugum
2258 606 2496 662 metuis?
2530 620 2700 660 suave
2721 613 2829 671 est,
2870 605 2987 658 leve
3014 610 3120 659 est.
3153 601 3268 656 Non
3297 617 3417 656 cer-

184 708 472 778 τράχηλον.
528 705 879 770 Αύτεξούσιον
945 706 1192 775 ἐπιζητεῖ
1272 706 1362 758 τὸν
1419 705 1743 775 ύφέλκοντα.

1908 716 2027 756 cem
2090 698 2314 770 premit,
2368 698 2462 752 sed
2520 698 2753 768 gloriam
2804 694 3088 751 conciliat.
3119 693 3239 748 Non
3272 693 3465 749 enim.

198 800 357 870 Ὁρᾷς
399 799 482 851 ὅτι
528 800 912 868 κατηγορεῖται
949 795 1210 867 Ἐφραῒμ.
1248 797 1435 866 ὥσπερ
1478 794 1750 864 οἱστρῶσα

1905 795 1991 848 illo
2032 795 2221 864 jugum
2274 792 2627 860 astringitur,
2685 789 2781 845 sed
2829 790 2974 844 ultro
3021 796 3076 843 et
3111 788 3279 843 libere
3310 796 3421 839 tra-

189 891 435 962 δάμαλις,
474 891 557 944 ὅτι
581 890 806 944 ’ἄτακτα
854 889 1275 961 περιπλανᾶται.
1308 888 1400 941 τὸν
1454 887 1546 942 τοῦ
1586 888 1748 957 νόμου

1905 896 2071 942 autem
2114 887 2310 955 poscit.
2362 883 2529 940 Vides
2582 883 2829 938 accusari
2878 882 3159 952 Ephraim,
3211 881 3289 935 uti
3330 879 3420 949 ju-

194 985 357 1053 ζυγὸν
374 984 676 1054 ἀτιμάζων.
706 982 932 1045 ’Υπόθες
960 1000 1052 1036 σου
1078 981 1169 1035 τὸν
1190 982 1497 1053 ἀδάμαστον
1517 981 1749 1052 αύχέναο

1905 979 2138 1033 :nculam
2184 986 2358 1033 (estro
2386 976 2648 1046 percitam
2703 975 2869 1041 (Osee
2903 991 2957 1036 x,
3004 972 3129 1044 ll),
3172 973 3301 1042 quia
3341 980 3419 1026 te-

194 1078 349 1147 γενοῦ
376 1077 666 1145 ὑποζύγιον
686 1075 780 1132 τοῦ
810 1077 1069 1148 Χριστοῦ,
1112 1077 1197 1131 ἴνα
1239 1077 1313 1148 μὴ
1361 1077 1631 1148 ἀφέμενος
1658 1078 1756 1147 τῆς
1784 1068 1793 1084 ¹

1912 1085 2004 1125 ere
2037 1070 2183 1124 lumc
2213 1076 2268 1123 et
2292 1069 2421 1122 illuc
2446 1078 2695 1138 vagatur,
2717 1068 2850 1138 legis
2881 1081 3186 1136 aspernans
3213 1066 3428 1135 jugum.

196 1168 447 1239 ζεύγλης,
493 1166 627 1237 μηδὲ
670 1166 1060 1235 ἐλευθεριάζων
1087 1167 1163 1237 τῷ
1192 1166 1311 1237 βίῳ,
1347 1166 1756 1237 εὐεπιχείρητος

1905 1164 2083 1232 ubjice
2120 1162 2446 1216 indomitum
2478 1160 2679 1213 collum
2732 1168 2928 1227 tuum;
2965 1168 3087 1214 esto
3114 1158 3426 1228 iumentum

196 1258 260 1333 ᾖς
291 1260 401 1321 τοῖς
432 1258 663 1327 θηρίοις.
692 1255 991 1322 Γεύσασθε,
1024 1260 1117 1311 καὶ
1154 1256 1292 1311 ἴδετε
1337 1257 1419 1311 ὅτι
1467 1257 1702 1327 χρηστὸς
1729 1258 1758 1310 ό

1905 1256 2063 1311 hristi
2097 1273 2111 1309 :
2146 1270 2215 1308 ne
2247 1253 2451 1323 alioqui
2482 1254 2529 1306 si
2558 1253 2745 1323 jugnm
2780 1254 3113 1315 excusseris,
3146 1254 3433 1317 soluteque

200 1353 419 1423 Κύριος.
478 1349 800 1420 Γλυκύτητα
873 1350 1086 1421 μέλιτος
1141 1350 1259 1413 πῶς
1316 1349 1600 1419 ἀναγγελῶ
1646 1352 1759 1413 τοῖς

1905 1348 2119 1402 tlibere
2173 1344 2399 1404 vixeris.
2448 1344 2646 1414 praedm
2686 1344 2886 1399 helluis
2953 1346 3051 1398 sis.
3100 1343 3347 1405 Gustate,
3381 1350 3432 1394 et

200 1444 484 1511 dyvoot'aat;
529 1441 801 1496 Γεύσασθε
833 1442 930 1495 καὶ
967 1440 1123 1497 ἴδετε.
1149 1440 1413 1510 Αἴσθησις
1441 1441 1642 1505 παντὸς
1670 1440 1760 1495 λό-

1905 1440 2067 1503 idete,
2100 1441 2361 1507 quoniam
2398 1438 2586 1492 suavis
2617 1437 2875 1491 Christus
2932 1435 3195 1489 Dominus
3242 1432 3432 1503 (Psal.

203 1553 297 1588 νου
317 1535 698 1608 ἐναργεστέρα.

1905 1548 2057 1593 χχιιι,
2089 1532 2178 1597 9).
2210 1526 2388 1582 Mellis
2422 1528 2769 1584 dulcedinem
2809 1527 3030 1597 quinam
3066 1526 3271 1597 ignaris
3302 1539 3435 1592 prmo

1866 1626 2160 1681 dicavero?
2209 1625 2436 1682 Gustata
2477 1634 2533 1678 et
2585 1622 2789 1679 videte.
2833 1620 3042 1675 Sensus
3092 1619 3287 1689 quovis
3321 1632 3436 1672 ser-

1867 1730 2032 1771 mone
2069 1716 2345 1772 valentior
2372 1716 2756 1784 eﬂicaciorque
2779 1720 2885 1769 est.

276 1813 386 1868 Νῦν
410 1812 597 1884 ῶσπερ
627 1812 721 1866 ἐπὶ
740 1812 1011 1884 τρυτάνης
1048 1813 1271 1866 ἐσταναι
1319 1810 1509 1881 νόμιζέ
1534 1827 1626 1863 σου
1664 1811 1765 1881 τὴν
1795 1876 1803 1884 _

1937 1807 2095 1863 Nunc
2134 1808 2372 1863 animam
2406 1815 2554 1861 tuam
2603 1807 2755 1861 velut
2804 1806 2860 1859 in
2896 1803 3101 1858 trutina
3144 1809 3293 1856 stare
3322 1799 3438 1854 exi—

208 1906 401 1977 Ψυχὴν,
434 1876 585 1960 ἐνθεν
619 1906 710 1960 ὑπ’
750 1876 1019 1975 ἀγγέλων,
1067 1903 1323 1959 κάκεῖθεν
1368 1876 1472 1957 ύπὸ
1498 1876 1766 1973 δαιμόνων
1795 1876 1803 1931 Ῑ

1905 1903 2051 1967 tima,
2084 1911 2246 1972 atque
2284 1902 2415 1957 hinc
2469 1901 2540 1956 ab
2582 1899 2817 1968 angelis,
2867 1897 2998 1950 hinc
3033 1909 3064 1949 a
3096 1893 3437 1947 dmmonibus

211 1999 522 2068 ἑλκομένην.
551 1998 805 2067 ’Δγγελοί
836 2015 895 2050 σε
921 1996 1355 2068 παραλήψονται,
1378 1997 1412 2067 ἢ
1448 1994 1767 2061 καθέξουσιν

1905 1997 2031 2051 rahi.
2086 1996 2277 2068 Angeli
2327 2005 2380 2051 te
2439 1994 2744 2064 excipient,
2794 2000 2887 2046 aut
2915 1991 3198 2045 daemones
3230 1987 3436 2041 retine—

210 2094 260 2145 οἱ
292 2093 625 2162 κατέχοντες.
679 2092 800 2147 Ἐπὶ
836 2092 1193 2163 παρατάξεως
1243 2094 1292 2144 οἱ
1346 2091 1640 2162 στρατηγοὶ
1707 2089 1770 2142 τὸ

1909 2096 2027 2143 unt.
2061 2087 2115 2143 In
2173 2088 2293 2143 acie
2338 2089 2508 2145 duces
2561 2094 2827 2140 tesseram
2872 2081 3139 2136 militibus
3187 2079 3305 2134 suis
3336 2077 3440 2131 tri-

213 2184 449 2254 σύνθεμα
491 2188 603 2248 τοῖς
662 2184 753 2238 ὑπ’
813 2184 997 2247 αὐτοῖς
1029 2183 1401 2253 διανέμουσιν,
1443 2183 1534 2236 ἵνα
1586 2181 1681 2236 καὶ
1720 2182 1770 2234 oi

1905 2190 2066 2245 luunt,
2095 2187 2154 2233 ut
2202 2186 2257 2232 et
2308 2194 2428 2234 sese
2468 2177 2703 2232 invicem
2754 2172 2917 2228 amici
2953 2170 3116 2225 facile
3163 2175 3442 2229 revocent,

214 2277 355 2344 φίλοι
388 2277 585 2347 ῥαδίως
618 2275 997 2353 ἀνακαλῶνται
1035 2274 1319 2345 ἀλλήλους,
1354 2274 1448 2328 καὶ
1484 2274 1621 2344 πρὸς
1646 2274 1772 2336 τοὺς

1908 2273 1990 2329 tsi
2024 2274 2076 2328 in
2108 2288 2288 2342 pugna
2319 2287 2445 2327 cum
2490 2270 2742 2325 hostibus
2776 2266 3026 2339 permisti
3061 2264 3287 2324 fuerint,
3323 2276 3449 2329 per-

213 2367 483 2431 ἐναντίους
504 2369 561 2419 ἐν
579 2369 699 2430 ταῖς
729 2367 1067 2437 συμπλοκαῖς
1091 2366 1492 2436 ἀναμιχθεῖσιν,
1518 2366 1775 2437 εύκρινὴς

1906 2367 2061 2433 picue
2087 2364 2271 2418 dirimi
2315 2372 2539 2433 queant.
2592 2360 2766 2416 Nemo
2803 2369 2855 2414 te
2878 2401 2892 2425 ,
2927 2363 3119 2412 noster
3156 2355 3253 2418 sis,
3286 2368 3353 2406 an
3382 2367 3450 2405 ex

211 2458 431 2512 δύναται
474 2459 738 2529 ὑπάρχειν
772 2461 800 2512 ὁ
841 2458 1137 2529 χωρισμός.
1180 2458 1369 2521 Οὐδεὶς
1412 2457 1776 2526 ἐπιγνώσεταί

1911 2456 2230 2519 dversariis,
2282 2464 2579 2525 agnoscet,
2638 2453 2745 2508 nisi
2804 2467 2903 2523 per
2950 2451 3177 2522 mystica
3208 2446 3450 2518 symbolo

194 2568 300 2611 .σε,
333 2552 380 2604 εί
412 2550 676 2622 ἡμέτερος
704 2547 772 2614 εἷ,
802 2550 834 2621 ἢ
871 2550 976 2604 τῶν
1019 2550 1376 2611 ὑπεναντίων,
1423 2550 1518 2602 ἐὰν
1549 2549 1622 2619 μὴ
1662 2552 1777 2611 τοῖς

220 2643 499 2710 μυστικοῖς
540 2641 829 2711 συμϐόλοις
863 2642 1118 2713 παράσχῃ
1146 2641 1245 2712 τὴν
1282 2640 1607 2711 οἰκειότητα.
1652 2639 1779 2693 Ἐὰν

221 2732 296 2802 μὴ
326 2732 600 2804 σημειωθῇ
632 2734 724 2786 ἐπὶ
753 2734 810 2786 σὲ
848 2733 906 2786 τὸ
944 2734 1058 2803 φῶς
1089 2734 1184 2788 τοῦ
1213 2733 1507 2804 προσώπου
1550 2734 1778 2805 Κυρίου,

218 2824 336 2887 πῶς
383 2823 862 2894 ἀντιποιηθήσεταί
909 2842 1000 2878 σου
1040 2827 1067 2877 ό
1109 2825 1380 2893 άγγελος;
1428 2825 1545 2888 πῶς
1590 2825 1647 2878 δέ
1680 2826 1784 2895 ἀφ-

221 2915 420 2968 ελεῖται
447 2915 554 2969 τῶν
590 2915 817 2986 ἐχθρῶν,
837 2915 931 2969 ἐὰν
978 2917 1053 2986 μὴ
1100 2916 1306 2987 ἐπιγνῷ
1339 2916 1437 2987 τὴν
1470 2918 1780 2989 σφραγῖδα;

221 3008 346 3071 Πῶς
371 3007 429 3061 δὲ
464 3009 527 3061 σὺ
553 3010 719 3080 ἐρεῖς,
748 3008 855 3062 Τοῦ
883 3009 1019 3063 Θεοῦ
1039 3010 1174 3080 είμι,
1194 3009 1270 3080 μὴ
1293 3009 1687 3079 ἐπιφερόμενος
1716 3007 1784 3062 τὰ

221 3100 610 3170 γνωρίσματα;
655 3103 725 3154 ’Ἡ
775 3103 1007 3171 ἀγνοεῖς,
1048 3102 1130 3155 ὅτι
1189 3100 1301 3165 τάςι
1342 3101 1787 3172 ἐσφραγισμένας

1880 2549 2038 2603 fidem
2074 2547 2245 2603 facias
2278 2556 2331 2603 te
2362 2563 2484 2602 esse
2510 2554 2785 2601 nostrum.
2825 2542 2941 2599 Nisi
2987 2542 3263 2613 signatum
3290 2550 3455 2607 super

1881 2647 1934 2693 te
1968 2637 2129 2692 fuerit
2164 2638 2347 2691 lumen
2375 2637 2561 2690 vultus
2594 2634 2809 2688 Domini
2838 2674 2852 2694 ,
2886 2647 3121 2701 quonam
3163 2628 3319 2681 modo
3352 2641 3452 2678 an-

1881 2729 2033 2801 gelus
2074 2737 2129 2785 te
2178 2727 2518 2782 vindicabit?
2580 2724 2856 2795 quomodo
2887 2733 2939 2777 te
2977 2721 3232 2775 hostibus
3275 2728 3454 2771 extera

1882 2821 2098 2893 quebit,
2133 2821 2239 2875 nisi
2270 2820 2507 2888 sigillum
2534 2817 2870 2885 agnoverit?
2906 2813 3008 2880 Qui
3040 2828 3169 2866 vero
3208 2811 3457 2864 dicturus

1885 2915 1985 2977 sis,
2014 2912 2109 2967 Dei
2147 2928 2291 2975 sum,
2326 2913 2371 2965 si
2410 2910 2615 2965 indicia
2648 2919 2828 2963 tecum
2860 2922 2971 2961 non
3001 2905 3183 2959 feras?
3210 2903 3292 2956 An
3327 2901 3456 2955 illud

1886 3006 2091 3069 nescis,
2117 3005 2262 3075 quod
2289 3004 2690 3058 exterminator
2723 3002 2968 3071 signatas
3001 2999 3197 3052 domos
3233 3003 3457 3066 praeter»

1890 3100 2023 3162 ibat,
2052 3109 2107 3155 et
2136 3100 2188 3153 in
2239 3098 2348 3153 illis
2393 3113 2516 3167 quae
2560 3098 2788 3168 signatae
2820 3109 2928 3147 non
2977 3100 3158 3154 erant,
3191 3091 3458 3159 primoge-

221 3190 399 3251 οίκίας
436 3193 465 3244 ό
501 3191 825 3264 όλοθρευτὴς
858 3192 1226 3265 ὑπερϐαίνων,
1256 3195 1313 3246 ἐν
1342 3192 1395 3245 δὲ
1424 3196 1545 3256 ταῖς
1570 3194 1785 3263 ἀσφρα-

1905 3192 2038 3247 nilos
2076 3189 2479 3245 interliciebat?
2522 3186 2843 3241 Thesaurus
2875 3199 2981 3237 non
3027 3182 3351 3250 obsignatus
3382 3178 3459 3231 in-

223 3280 431 3349 γίστοις
476 3282 805 3350 κατεφόνευε
853 3284 923 3336 τά
976 3284 1332 3355 πρωτότοκα;
1392 3285 1791 3356 Ἀσφράγιστος

225 3372 517 3443 θησαυρὸς,
558 3372 968 3444 εὐεπιχείρητος
1011 3374 1291 3437 κλέπταις.
1331 3374 1606 3446 Πρόὄατον
1657 3375 1793 3445 ἀση-

230 3464 484 3533 μείωτον,
514 3463 813 3529 ἀκινδύνως
848 3464 1280 3519 ἐπιϐουλεύεται.
1326 3466 1463 3528 Νέος
1495 3460 1582 3531 ei;
1615 3466 1794 3535 ἀσφά-

224 3553 374 3607 λισαι
416 3552 512 3624 τὴν
573 3554 799 3624 νεότητα
858 3554 938 3626 τῷ
988 3555 1084 3609 τοῦ
1137 3555 1510 3626 βαπτίσματος
1570 3555 1792 3626 χαλινῷ.

229 3648 590 3719 Παρέδραμεν
635 3650 669 3720 ἡ
708 3650 894 3721 ἀκμή;
931 3652 1005 3721 μὴ
1041 3652 1326 3723 ζημιωθῇς
1360 3652 1430 3707 τά
1458 3652 1643 3722 ἐφόδια
1670 3668 1684 3683 ο
1720 3653 1795 3723 μὴ

228 3739 502 3811 ἀπολέσῃς
543 3739 613 3792 τά
657 3740 1003 3812 φυλακτήρια
1027 3757 1042 3772 ⁶
1074 3742 1149 3814 μὴ
1182 3744 1439 3815 περὶτῆς
1484 3743 1794 3816 ἑνδεκάτης,

226 3829 305 3887 ὡς
337 3832 462 3899 περὶ
499 3831 722 3901 πρώτης
759 3831 989 3887 διανοοῦ.

306 3921 372 3975 Et
412 3940 492 3986 τις
533 3924 733 3993 ἰατρῶν
762 3924 1124 3995 ἐπηγγείλατό
1149 3942 1231 3979 σοι
1270 3929 1540 3997 μηχαναῖς
1563 3945 1674 3981 τισι
1706 3931 1801 3982 καὶ

231 4017 503 4079 ἐπινοίαις
535 4019 655 4070 νέον
691 4020 863 4070 ποιεῖν
889 4020 954 4071 ἐκ
979 4019 1253 4090 γέροντος,
1287 4020 1387 4073 οὐκ
1418 4020 1485 4074 ἂν
1533 4021 1802 4093 ἐπεθύμη-

235 4126 340 4171 σας
395 4108 569 4161 ἐλθεῖν
618 4110 705 4163 ἐπ’
753 4110 970 4181 ἐκείνην
999 4110 1096 4181 τὴν
1121 4113 1358 4183 ἡμέραν,
1404 4107 1529 4185 ἐνῇ
1578 4115 1801 4168 σεαυτὸν

232 4202 369 4272 όρᾷν
398 4201 623 4270 ἔμελλες
648 4202 787 4270 πρὸς
811 4203 994 4273 ἀκμὴν
1022 4204 1458 4276 ύποστρέφοντα;
1496 4206 1711 4275 Ἐπειδὴ
1748 4205 1804 4259 δὲ

234 4293 337 4361 τὴν
382 4294 557 4364 ψυχήν
601 4311 693 4347 σου
743 4294 1105 4367 ἀναθαλήσειν
1167 4296 1563 4366 ἐπαγγέλλεταί
1611 4315 1693 4351 σοι
1745 4299 1805 4351 τὸ

239 4384 547 4452 βάπτισμα,
578 4384 645 4454 ἦν
694 4384 759 4438 σὺ
792 4384 1159 4448 ἐπαλαίωσας,
1198 4388 1292 4439 καὶ
1332 4388 1593 4456 ρυπῶσαν
1634 4386 1805 4456 αὐτὴν

237 4478 304 4528 ἐκ
326 4474 436 4528 τῶν
461 4474 722 4545 ἀνομιῶν,
752 4475 846 4529 καὶ
875 4476 1251 4546 ἐσπιλωμένην
1295 4477 1601 4543 ἀπέδειξας,
1637 4495 1806 4531 κατα-

1892 3285 2049 3341 sidiis
2092 3283 2272 3338 furum
2308 3289 2476 3351 patet.
2519 3280 2692 3334 Pecus
2726 3277 2879 3331 nullo
2912 3276 3070 3344 signo
3105 3282 3293 3325 notata
3325 3270 3461 3323 citra

1893 3377 2197 3449 periculum
2247 3374 2543 3445 appetitur.
2596 3369 2824 3425 Juvenis
2871 3368 2968 3422 es?
3016 3366 3278 3435 baptismi
3311 3362 3463 3426 signa

1888 3470 2233 3540 juventutem
2270 3476 2415 3519 tuam
2471 3464 2725 3525 obfirtna,
2771 3461 2910 3517 etin
2942 3466 3063 3513 tuto
3093 3457 3325 3511 colloca.
3366 3452 3467 3505 Ven

1903 3568 2025 3631 geta
2079 3565 2210 3613 aetas
2262 3556 2505 3612 efﬂuxit?
2559 3553 2774 3609 cavcsis
2821 3567 2890 3605 ne
2921 3550 3123 3603 viatico
3154 3561 3369 3605 careas,
3403 3558 3468 3597 ac

1896 3652 2211 3723 prmsidium
2243 3664 2307 3703 ac
2349 3649 2498 3703 velut
2547 3648 2844 3701 amuletum
2876 3644 3099 3698 amittas
3140 3658 3153 3694 :
3192 3652 3368 3707 neque
3404 3634 3469 3690 de

1899 3747 2190 3803 undecima
2227 3743 2361 3797 liora
2401 3753 2658 3812 tanquam
2692 3740 2760 3795 de
2790 3739 2963 3809 prima
2995 3734 3225 3806 cogites.

1974 3932 2033 3988 Si
2065 3931 2191 4003 quis
2225 3930 2473 3985 medicus
2520 3928 2625 3982 hoc
2655 3926 2753 3980 tibi
2787 3922 3119 3995 quibusdam
3155 3918 3365 3973 artibus
3393 3915 3470 3970 faa

1901 4040 2122 4087 cturum
2147 4043 2208 4083 se
2240 4027 2613 4097 polliceretur,
2651 4030 2709 4077 ut
2767 4036 2797 4074 a
2847 4024 3133 4075 senectute
3168 4014 3233 4069 ad
3280 4012 3476 4082 juven-

1904 4128 2019 4176 tam
2058 4119 2292 4183 redires,
2329 4131 2510 4171 annon
2536 4113 2600 4168 ad
2638 4114 2782 4168 diem
2817 4111 2969 4165 ilhun
2999 4107 3187 4163 venire
3219 4118 3478 4174 cuperes,

1906 4214 1959 4267 in
1996 4227 2107 4283 quo
2157 4220 2209 4265 te
2249 4211 2446 4264 iterum
2497 4208 2948 4275 juvenescentem
3002 4196 3297 4254 cerneres?
3340 4194 3475 4249 Cum

1907 4311 2089 4359 autem
2146 4301 2455 4372 baptismus
2499 4300 2603 4353 hoc
2656 4297 2754 4351 tibi
2806 4310 2866 4350 se
2906 4293 3179 4347 facturum
3222 4284 3476 4358 spondet,

1909 4404 1969 4452 ut
2000 4397 2180 4451 anima
2208 4406 2322 4457 tua,
2354 4408 2517 4460 quam
2544 4396 2817 4445 vetustate
2846 4384 3160 4447 confecisti,
3191 4392 3244 4436 et
3276 4378 3479 4449 iniqui-

1908 4495 2084 4542 tatum
2152 4486 2306 4555 rugis
2363 4498 2611 4553 asperam
2664 4479 2975 4548 foedamque
3030 4471 3339 4536 reddidisti,
3409 4468 3479 4523 ad

238 4569 466 4637 φρονεῖς
509 4565 603 4620 τοῦ
646 4566 963 4636 εύεργέτου;
993 4568 1068 4619 UO
1114 4568 1471 4639 προστρέχεις
1507 4567 1585 4638 τῷ
1634 4570 1803 4638 ἐπαγ-

1910 4578 2210 4647 pristinum
2268 4574 2456 4628 ﬂorem
2506 4572 2715 4635 redeat,
2770 4570 2912 4625 bene
2957 4568 3023 4622 de
3067 4576 3118 4620 te
3175 4570 3481 4619 merentem

240 4660 511 4729 γέλματις
540 4659 653 4713 Οὐκ
682 4658 968 4728 ἐπιθυμεῖς
1002 4658 1127 4711 ίδεῖν
1154 4659 1209 4712 τί
1233 4659 1294 4712 τὸ
1332 4660 1473 4729 μέγα
1501 4660 1686 4731 θαῦμα
1707 4660 1808 4731 τῆς

242 4751 626 4821 ύποσχὲσεωςς
662 4750 780 4813 πῶς
817 4750 943 4804 ἀνευ
975 4750 1179 4819 μητρὸς
1217 4752 1575 4819 ἀναγεννᾶται
1599 4751 1807 4821 ἀνθρω-

244 4853 351 4899 πος
373 4853 388 4901 ;
425 4835 542 4900 πῶς
569 4837 598 4888 ὁ
628 4836 1025 4907 παλαιούμενος
1045 4839 1138 4890 καὶ
1161 4838 1517 4909 φθειρόμενος
1543 4840 1686 4893 κατά
1715 4841 1815 4905 τὰς

243 4930 547 5000 ἐπιθυμίας
576 4930 675 5000 τῆς
714 4931 949 5001 ἀπάτης,
998 4934 1203 5004 σφριγᾷ
1253 4933 1434 4999 πάλιν,
1474 4934 1570 4988 καὶ
1616 4935 1812 5007 ἀνηϐᾷ,

244 5023 347 5074 καὶ
372 5022 453 5084 είς
474 5021 539 5073 τὸ
565 5020 819 5093 ἀληθινὸν
842 5023 999 5087 ἄνθος
1018 5023 1117 5095 τῆς
1141 5024 1390 5094 νεότητος
1417 5025 1777 5097 ἐπανέρχεται
1799 5044 1819 5095 ς

244 5114 544 5183 Βάπτισμα
584 5113 946 5183 αἰχμαλώτοις
985 5114 1196 5185 λύτρον,
1236 5116 1564 5186 ὀφλημάτων
1604 5118 1816 5187 ἄφεσις,

246 5206 487 5270 θάνατος
507 5207 802 5277 ἁμαρτίας,
832 5207 1217 5275 παλιγγενεσία
1241 5207 1438 5278 ψυχῆς,
1471 5209 1672 5279 ἔνδυμα
1707 5226 1819 5277 φω-

245 5298 454 5362 τεινδν,
492 5299 728 5369 σφραγὶς
779 5300 1214 5370 ἀνεπιχείρητος,
1248 5300 1432 5371 ὄχημα
1482 5300 1619 5371 πρὸς
1659 5302 1822 5369 ούρα-

246 5389 370 5455 νὸν,
420 5388 696 5459 βασιλείας
757 5390 1032 5463 πρόξενον,
1076 5391 1349 5455 υἱοθεσίας
1405 5391 1669 5462 χάρισμα.
1724 5391 1823 5444 Το-

250 5479 472 5535 σούτων
518 5481 740 5549 ἀγαθῶν
769 5485 863 5537 καὶ
889 5484 1242 5553 τηλικούτων,
1276 5485 1448 5550 ἄθλιε,
1484 5485 1826 5557 προτιμωτέ-

252 5587 368 5644 ραν
399 5571 555 5640 ἄγεις
578 5573 674 5643 τὴν
699 5574 922 5645 ήδονήν;
957 5576 1080 5629 Νοῶ
1098 5577 1205 5647 γάρ
1241 5594 1337 5630 σου
1370 5576 1470 5647 τὴν
1500 5576 1821 5648 ὑπέρθεσινο

251 5665 369 5720 κᾶν
398 5667 756 5738 περιστέλλῃς
780 5671 891 5731 τοῖς
916 5669 1176 5739 ῥήμασιν.
1214 5670 1364 5724 Αύτά
1403 5671 1501 5741 βοᾷ
1541 5669 1608 5723 τὰ
1655 5670 1829 5739 πράγ-

262 5775 444 5826 ματα,
468 5758 573 5811 κᾶν
608 5761 843 5833 τῇθφωνῇ
868 5762 1305 5830 σιωπᾷς.Ἔασον
1330 5763 1729 5834 ἀποχρήσωμαι
1760 5766 1827 5833 τῇ

254 5852 441 5922 σαρκὶ
469 5851 603 5924 πρὸς
632 5853 728 5925 τὴν
774 5853 1070 5909 ἀπόλαυσιν
1107 5855 1215 5909 τῶν
1240 5854 1501 5926 αἰσχρῶν,
1529 5854 1831 5925 ἐγκυλισθῶ

1912 4668 2248 4729 contemnis,
2276 4681 2380 4721 nec
2411 4664 2477 4719 ad
2507 4661 2825 4732 huiusmodi
2881 4658 3332 4730 pollicitationem
3382 4670 3481 4709 ac-

1912 4759 2136 4816 curris?
2172 4757 2290 4812 Non
2323 4755 2675 4827 concupiscis
2697 4754 2884 4807 videre
2918 4752 3107 4822 ingens
3147 4749 3281 4805 illud
3312 4747 3482 4801 mira-

1915 4852 2122 4914 culum,
2166 4847 2316 4918 quod
2373 4847 2473 4901 tibi
2507 4825 2894 4916 promittitur?
2952 4856 3166 4911 nempe,
3205 4825 3491 4910 quomodo

1916 4942 2067 4997 nulla
2100 4940 2296 4994 matris
2332 4952 2496 5005 opera
2538 4936 2704 4991 homo
2733 4933 3046 4989 renascitur
3080 4949 3094 4986 :
3123 4930 3397 5001 quomodo
3436 4929 3485 4983 is

1917 5035 2011 5105 qui
2045 5040 2373 5088 vetustatem
2411 5027 2716 5092 contraxit,
2745 5027 2976 5098 jamque
3014 5023 3301 5080 desideriis
3331 5036 3488 5075 erro--

1918 5127 1995 5182 ris
2030 5134 2332 5193 corruptus
2355 5129 2462 5186 est,
2497 5135 2718 5175 rursum
2755 5119 2904 5187 viget
2934 5125 2988 5171 et
3011 5114 3288 5185 pubescit,
3323 5119 3489 5179 atque

1922 5219 1986 5273 ad
2028 5232 2214 5271 verum
2249 5215 2428 5270 aetatis
2452 5212 2641 5268 florem
2678 5210 2860 5267 redit?
2899 5208 3210 5277 Baptismus
3237 5202 3487 5272 captivo-

1924 5323 2046 5363 rum
2104 5306 2412 5375 redemptio
2462 5315 2570 5369 est,
2622 5302 2930 5357 debitorum
2994 5295 3273 5357 remissio,
3336 5307 3491 5347 mors

1925 5397 2159 5470 peccati.
2186 5397 2383 5450 anima:
2414 5390 2779 5463 regeneratio,
2820 5385 3167 5457 splendidum
3200 5382 3487 5437 indumen-

1924 5496 2067 5551 tum,
2102 5482 2343 5556 sigillum
2391 5484 2599 5538 nullius
2630 5486 2889 5535 conatum
2938 5486 3209 5537 metuens.
3258 5472 3487 5526 vehicu-

1928 5580 2038 5633 lum
2081 5579 2136 5632 in
2189 5578 2413 5641 coelum,
2464 5574 2618 5644 regni
2670 5570 3011 5635 conciliator,
3051 5567 3360 5639 adoptionis
3390 5565 3490 5621 be-

1930 5672 2207 5728 neficium.
2250 5668 2423 5724 Totne
2474 5668 2755 5737 tantisque
2802 5663 2963 5720 bonis
3015 5662 3390 5731 voluptatem.
3452 5672 3491 5711 ο

1931 5766 2120 5829 miser,
2181 5761 2574 5833 praeferendam
2624 5758 2827 5831 putas?
2884 5756 3132 5828 Intelligo
3184 5753 3329 5811 enim
3368 5766 3496 5821 quae

1934 5858 2035 5914 tibi
2064 5857 2345 5917 dilationis
2398 5871 2565 5914 causa
2598 5855 2693 5921 sit,
2727 5852 2833 5910 etsi
2874 5853 3057 5912 verbis
3103 5869 3219 5911 eam
3251 5849 3493 5921 ohtegis.
