4024 6454
719 358 855 429 1275

1897 382 1958 444 S.
1993 382 2312 450 JOANNIS
2340 390 2743 455 'DAMASCEN
2750 395 2778 455 Ι

2244 388 2312 450 IS
2340 390 2743 455 ’ΒΑΜΑΞΟΕΝ
2750 395 2778 455 Ι
3743 429 3826 492 1276

717 473 982 546 lies‘tpsm
1013 479 1180 552 389
1208 483 1467 551 clamant,
1524 490 1626 544 etsi
1668 506 1801 545 voce
1852 496 2003 551 siles.
2057 500 2188 556 Sine
2223 508 2282 555 ut

717 581 879 611 carne
908 568 972 611 ad
1002 575 1251 611 tul-nium
1287 592 1467 611 rnmnn
1514 578 1828 611 f...:i:n.mm
1871 585 2065 611 “tua..-
2129 599 2182 611 --ι
2225 593 2272 611 :__

2232 508 2282 555 ut
2312 503 2355 558 A
2383 502 2460 571 τῷ
2490 504 2737 577 βορϐόρῳ
2794 504 2906 560 τῶν
2938 508 3162 579 ἡδονῶν,
3195 513 3403 582 αἱμάξω
3444 520 3532 585 τὰς
3562 530 3724 598 χεῖρας,
3758 544 3821 611 αἶ,

713 581 879 620 carne
908 568 974 621 ad
1002 575 1251 641 turpium
1286 592 1467 630 rermn
1514 578 1828 636 fruitionem
1870 585 2085 651 abutar,
2129 599 2188 643 ut
2225 593 2278 645 in

714 660 1058 728 voluptatum
1097 679 1258 719 emno
1284 670 1521 733 voluter,
1570 682 1626 724 ut
1662 689 1855 729 manus
1886 688 2188 747 eruentem,
2223 694 2281 739 ut

713 754 892 808 aliena
957 760 1187 827 rapiam,
1240 772 1461 816 versute
1505 764 1773 831 incedam,
1817 770 2079 838 pejerem,
2121 789 2277 828 men-

713 846 821 898 tiar
861 864 874 899 :
905 862 969 901 ac
1003 857 1117 903 tum
1152 852 1506 921 baptismum,
1552 871 1670 909 cum
1706 863 1965 927 peccandi
2014 867 2170 920 linem
2204 869 2280 923 fe-

710 953 861 1000 eero,
899 941 1219 1011 suscipiam.
1273 944 1477 1012 Ecquis
1536 958 1714 1005 autem
1758 954 1851 1007 tibi
1902 955 2022 1010 vitae
2082 972 2275 1015 metam

712 1028 870 1081 lixit?
898 1032 1022 1098 quis
1058 1032 1155 1086 tibi
1214 1039 1514 1091 senectutis
1550 1041 1846 1096 terminum
1903 1051 2278 1119 praescripsit?

709 1119 835 1187 quis
892 1122 1033 1191 apud
1091 1134 1140 1177 te
1187 1140 1294 1179 tam
1357 1128 1597 1198 locuples
1656 1131 1967 1189 futurorum
2004 1143 2277 1207 sponsor?

709 1211 902 1265 Annon
936 1213 1088 1269 vides
1113 1214 1353 1274 infantes
1389 1230 1563 1277 morte
1588 1225 1786 1294 abripi,
1825 1237 1987 1283 aetate
2016 1230 2275 1289 ﬂorentes

705 1299 944 1356 abduci?
975 1304 1084 1359 vita
1113 1307 1323 1362 nullum
1350 1319 1556 1365 certum
1587 1315 1879 1368 terminum
1916 1316 2102 1373 habet.
2132 1319 2275 1386 Quid

705 1407 991 1463 exspectas
1031 1408 1091 1453 ut
1120 1400 1426 1471 baptismus
1450 1406 1544 1459 tibi
1590 1407 1855 1464 benelicio
1889 1410 2058 1469 febris
2091 1416 2276 1473 obtin-

704 1486 837 1553 gat?
866 1491 1085 1557 quando
1112 1492 1223 1562 jam
1262 1510 1330 1549 ne
1368 1498 1628 1554 salutaria
1679 1504 1774 1558 tibi
1824 1504 1987 1559 verba
2030 1521 2274 1574 pronun-

701 1577 865 1641 tiare,
911 1591 966 1635 et
1016 1582 1200 1639 forsan
1234 1602 1303 1641 ne
1350 1590 1510 1658 plane
1548 1593 1769 1661 quidem
1819 1596 2009 1653 audire
2040 1601 2269 1668 poteris,

703 1684 813 1724 non
846 1687 1039 1727 manus
1070 1676 1136 1728 ad
1189 1680 1389 1733 cmlum
1426 1681 1634 1743 tollere,
1684 1701 1790 1740 non
1840 1689 2069 1758 pedibus
2100 1699 2269 1758 stare,

702 1776 812 1815 non
852 1764 1192 1824 adorationis
1239 1786 1407 1828 causa
1456 1776 1861 1845 genuﬂectere,
1908 1798 2013 1837 non
2063 1785 2273 1840 utiliter

700 1853 943 1919 edoceri,
988 1875 1094 1914 non
1146 1875 1297 1917 certo
1332 1869 1603 1934 contiteri,
1636 1886 1744 1924 non
1790 1885 1841 1927 te
1888 1876 1953 1927 ad
1986 1874 2263 1932 Christum

700 1944 1021 2017 adjungere,
1072 1967 1176 2005 non
1224 1954 1363 2009 hosti
1403 1960 1812 2025 abrenuntiare,
1850 1967 1984 2034 quin
2028 1984 2127 2023 nec
2156 1969 2269 2023 for-

2381 594 2591 664 έλωμαι
2641 597 2711 650 τὰ
2750 598 3025 669 ἀλλότρια,
3049 602 3234 667 δολίως
3278 612 3528 679 πορευθῶ,
3585 594 3823 698 innuptis;

2378 686 2689 757 ψεύσωμαι,
2721 692 2815 744 καὶ
2868 694 2990 747 τότε
3040 695 3101 748 τὸ
3151 697 3445 773 βάπτισμα,
3470 707 3582 761 ὅταν
3619 713 3729 782 λήξω
3760 725 3823 775 τῶν

2378 781 2587 843 κακῶν,
2639 782 2989 855 ὑποδέξομαι.
3027 789 3123 851 Τίς
3173 791 3229 843 δέ
3293 810 3373 846 σοι
3422 800 3509 850 καὶ
3549 804 3625 855 τὸν
3657 809 3746 877 ὅρον
3766 821 3823 879 τῆς

2378 867 2525 940 ζωῆς
2565 872 2805 943 ἕπηξενς
2842 876 2925 938 τίς
2973 894 3053 930 σοι
3095 880 3197 950 τὴν
3249 885 3565 957 προθεσμίαν
3604 867 3824 971 196.7%;-

2377 960 2609 1030 ὧρισεν;
2646 965 2729 1027 τίς
2770 965 2942 1028 οὕτως
2988 969 3299 1035 ἀξιόπιστος
3354 979 3497 1047 παρά
3540 983 3611 1035 σοὶ
3636 988 3719 1040 τῶν
3750 998 3823 1060 με),

2376 1052 2578 1106 λόντων
2601 1056 2876 1129 ἐγγυητής
2896 1077 2909 1123 ;
2932 1060 3043 1130 Οὐχ
3072 1065 3201 1133 ὁρᾷς
3230 1068 3394 1134 νήπια
3417 1070 3730 1145 ἁρπαζόμενοι,
3750 1052 3821 1147 Ea,-

2375 1145 2432 1197 ὲν
2478 1146 2663 1217 ἡλικίᾳ
2692 1149 3113 1220 ἀπαγομένους;
3151 1157 3250 1210 οὐκ
3293 1158 3402 1229 ἔχει
3438 1164 3557 1230 μίαν
3588 1145 3821 1241 προθεσμίας,

2373 1236 2402 1287 ὁ
2433 1235 2565 1305 βίος.
2605 1239 2667 1291 Τί
2697 1240 2989 1311 ἀναμένεις
3024 1249 3260 1317 πυρετοῦ
3289 1267 3368 1303 σοι
3397 1252 3557 1325 δῶρον
3588 1235 3772 1325 γενέσθαι
3791 1272 3820 1318 τὸ

2376 1328 2696 1400 ﬂammea;
2722 1333 2809 1386 ὅτε
2831 1334 2955 1389 οὔτε
2989 1338 3537 1421 φθέγξασθαιδυνήσῃ
3573 1352 3630 1405 τὰ
3665 1362 3819 1429 σωτήρια

2376 1423 2617 1493 ῥήματα,
2647 1426 2787 1495 τάχα
2824 1428 2880 1481 δὲ
2907 1428 3071 1502 [οὐδὲ]
3088 1432 3315 1488 ἀκοῦσαι
3348 1439 3614 1510 καθαρῶς·
3640 1446 3685 1498 οὗ
3706 1423 3819 1517 χειρίς

2374 1508 2504 1584 ἆραι
2522 1518 2602 1578 εἰς
2626 1518 2978 1588 οὐρανὸν,οΰκ
3000 1523 3092 1577 ἐπὶ
3110 1526 3276 1589 πόδας
3293 1508 3637 1600 διαναστῆναι,
3654 1508 3819 1595 malini

2373 1606 2500 1673 γόνυ
2532 1608 2611 1671 είς
2634 1609 2733 1679 τὴν
2764 1612 3158 1683 προσκύνησιν,
3194 1618 3254 1670 οὐ
3294 1618 3588 1691 διδαχθῆναι
3611 1630 3818 1697 metm,

2371 1699 2469 1768 οὐχ
2513 1700 2844 1770 ὁμολογῆσαι
2890 1706 3167 1773 ἀσφαλῶς,
3207 1710 3329 1781 οὐχὶ
3376 1713 3639 1768 συνθέσθαι
3668 1719 3821 1790 Χριστῷ,

2371 1788 2471 1842 οὐκ
2509 1791 2883 1856 ἀποτάξασθαι
2920 1795 2997 1865 τῷ
3028 1797 3228 1867 ἐχθρῷ,
3271 1790 3413 1871 τάχα
3437 1802 3489 1854 δὲ
3521 1805 3625 1859 οὐδὲ
3672 1788 3822 1875 cavere;

2368 1880 2670 1935 ἐπακοῦσαι
2729 1887 3289 1957 μυσταγωγούμενος’,
3340 1892 3620 1962 ἀμφίϐολος
3661 1898 3716 1951 ὼν
3757 1907 3824 1965 τοῖς

2367 1972 2650 2043 παροῦσιν,
2686 1971 2830 2046 Ἆρα
2855 1976 3051 2047 ᾔσθετο
3095 1979 3191 2047 τῆς
3236 1980 3473 2051 χάριτος,
3513 1986 3543 2054 ἢ
3590 1989 3822 2060 ἀναισθήτως

702 2038 870 2094 tassis
926 2044 1291 2113 intclligenter
1342 2052 1569 2117 audire,
1616 2071 1738 2110 eum
1796 2058 2155 2117 initiaberis:
2207 2078 2271 2118 ac

706 2128 933 2153 Annium...
977 2134 1042 2153 ha
1134 2137 1170 2153 nr-
1238 2151 1244 2153 .
1418 2143 1427 2153 .
1702 2149 1712 2153 -
1816 2150 1826 2153 -

2234 2078 2271 2118 ,c
2366 2064 2479 2133 ἔχει
2525 2064 2632 2117 τῶν
2665 2067 3012 2136 γενομένων;
3051 2070 3179 2123 ὅταν
3228 2071 3285 2126 δὲ
3326 2075 3422 2127 καὶ
3445 2077 3823 2153 ὲπιστημόνιιιςτὴν

700 2128 937 2199 denique
976 2134 1047 2186 ita
1093 2137 1320 2193 alim-tus
1351 2143 1484 2206 eris,
1531 2155 1587 2198 ιιι
1621 2149 1713 2214 qui
1762 2150 1996 2205 aderunt
2049 2156 2267 2223 ancipiti

2233 2156 2267 2209 ti
2368 2128 2528 2225 x'd9tv
2558 2128 2706 2227 5:55,
2742 2128 2861 2211 τότε
2892 2160 2952 2213 τὸ
2978 2128 3074 2227 μὲν
3099 2162 3361 2218 τάλαντον
3382 2166 3536 2235 ἔχεις,
3567 2128 3651 2241 si;
3667 2128 3821 2244 Signi-

696 2219 886 2273 animo
921 2223 1051 2288 sint,
1096 2230 1323 2293 gratiam
1374 2247 1438 2286 ne
1490 2240 1748 2297 senseris.
1796 2256 1863 2293 an
1910 2257 2099 2296 eorum
2152 2261 2272 2313 qua“:

1375 2247 1438 2286 ne
1490 2240 1748 2297 senseris.
1796 2256 1863 2293 an
1910 2257 2099 2296 eorum
2152 2261 2272 2313 qua“:
2373 2249 2490 2299 σίαν
2523 2248 2623 2300 οὐκ
2659 2249 2964 2319 ὲπιφέρεις.

699 2328 1049 2382 peragentur,
1083 2323 1228 2373 omni
1278 2338 1442 2378 sensu
1493 2341 1704 2384 careas.
1746 2330 1949 2386 Demus
2005 2352 2132 2389 vero
2182 2346 2256 2403 te,
2299 2344 2529 2407 gratiam
2568 2342 2643 2395 ita
2678 2357 2896 2411 quoque
2930 2355 3335 2413 suaeepturum,
3384 2358 3440 2405 ut
3524 2369 3628 2410 eant
3692 2361 3821 2415 sentias

693 2416 1030 2475 etagnoseas
1061 2430 1073 2465 :
1104 2414 1367 2469 talentum
1387 2422 1603 2487 quidem
1638 2424 1883 2491 habebis,
1914 2441 1968 2482 at
1997 2441 2261 2499 qumstnm
2300 2452 2361 2489 ex
2404 2451 2469 2489 eo
2505 2437 2709 2491 nullum
2747 2446 2925 2493 tecum
2957 2440 3100 2497 feres

768 2543 825 2597 S.
862 2542 1011 2616 Grcg.
1051 2545 1192 2601 Naz.
1239 2548 1392 2604 Orat.
1423 2555 1476 2606 in
1525 2556 1665 2624 bapt.
1693 2589 1760 2599 --
1797 2560 2260 2626 Quemadmodum

695 2652 817 2701 nos,
849 2655 971 2692 cum
1005 2653 1129 2695 ante
1166 2659 1271 2696 non
1305 2663 1581 2713 essemus,
1629 2657 1870 2717 creavit,
1924 2656 1996 2709 ita
2048 2667 2268 2713 creatos

692 2728 872 2781 denuo
905 2729 1060 2783 finxit
1112 2732 1565 2806 instauravitque,
1617 2749 1669 2795 ct
1716 2743 1938 2811 quidem
2005 2747 2266 2817 figmento

682 2807 973 2887 diviniori,
1000 2838 1061 2876 ac
1081 2825 1223 2892 quod
1265 2828 1495 2894 primum
1533 2833 1689 2901 longe
1722 2807 2008 2906 superaret
2041 2807 2266 2909 (quippe

690 2910 863 2997 quod,
896 2912 970 2963 uti
1006 2913 1187 2967 viVere
1218 2916 1611 2986 incipientibus
1654 2926 1891 2995 sigillum
1931 2937 2035 2994 est,
2068 2931 2143 2984 ita
2195 2932 2262 2988 iis

2432 2572 2642 2644 Ὠσπερ
2673 2575 2771 2627 οὐκ
2803 2574 2961 2639 ὄντας
2995 2578 3327 2651 ὑπέστησεν,
3378 2584 3543 2649 οὕτως
3579 2588 3821 2651 ὑποστάντας

2362 2665 2688 2731 ἀνέπλασεν,
2721 2668 2916 2721 πλάσιν
2964 2670 3249 2743 θειοτέραν
3294 2693 3355 2728 τε
3410 2680 3501 2731 καὶ
3555 2682 3640 2750 τῆς
3679 2684 3821 2753 tam;

2363 2755 2737 2828 ὑψηλοτέρανο
2781 2760 2814 2831 ἢ
2851 2761 2962 2822 τοῖς
3000 2761 3100 2831 μὲν
3133 2765 3463 2835 ἀρχομένοις
3504 2772 3608 2824 ἐστὶ
3646 2777 3819 2842 (παριῇς,

2352 2852 2476 2913 ιτοίς
2500 2849 2556 2902 δὲ
2586 2850 2939 2923 τελειοτέροις
2985 2855 3084 2925 τὴν
3128 2856 3347 2927 ἡλικίαν
3393 2863 3635 2933 χάρισμα,
3669 2867 3736 2919 καὶ
3764 2870 3820 2935 τῆς

2359 2944 2638 3013 παθούσης
2672 2946 2878 3010 είκόνος
2906 2947 2996 3000 διά
3024 2948 3122 3021 τὴν
3171 2952 3375 3006 κακίαν
3419 2957 3747 3027 ἐπανόρθωσις,
3768 2960 3821 3010 iis

688 3001 782 3066 qui
829 3003 1090 3071 vegetiori
1142 3016 1268 3059 sunt
1329 3019 1508 3075 aetate,
1559 3016 1732 3083 gratia
1785 3033 2006 3087 quoque
2054 3029 2160 3085 est,
2211 3033 2264 3078 et

690 3092 898 3119 olﬂ'..n'm
926 3094 1179 3119 :.“...-:.-:..
1218 3102 1373 3119 ..η-μη
1422 3106 1433 3119 ε
1620 3107 1649 3119 ι-
1770 3109 1780 3118 .
1945 3112 1955 3119 .
2184 3114 2193 3119 .

2233 3033 2264 3077 τι
2291 3033 2337 3089 (Ξ
2371 3037 2445 3107 μὴ
2475 3039 2539 3107 τῇ
2563 3001 2874 3106 ἀπογνώσεί
2899 3001 3118 3112 χείροιίς
3147 3045 3456 3115 γενόμενοι,
3483 3048 3568 3100 καὶ
3582 3008 3664 3103 ⁸ἀεὶ
3682 3001 3822 3119 spica

688 3092 899 3146 affectae
926 3094 1181 3163 imaginis
1212 3102 1457 3165 erectio),
1484 3120 1551 3157 ne
1584 3107 1781 3176 alioqui
1807 3124 1901 3177 per
1927 3112 2260 3179 desperatio-

688 3198 810 3235 nem
847 3185 1228 3242 sceleratiores
1259 3190 1616 3262 ellicercmur,
1635 3207 1687 3250 et
1720 3199 1772 3252 in
1796 3202 2049 3270 graviora
2082 3208 2259 3274 quoti-

685 3271 774 3324 die
802 3270 1002 3342 ﬂagitia
1032 3283 1457 3349 prorumpendo,
1484 3301 1513 3338 a
1550 3286 1691 3343 bono
1725 3298 1779 3344 et
1809 3293 2011 3349 virtute
2036 3270 2257 3365 penitus

684 3362 1067 3419 exeideremus

758 3472 901 3527 Ibid.
924 3506 996 3518 —-
1020 3477 1109 3532 Sic
1141 3490 1189 3534 te
1214 3498 1489 3553 compara,
1520 3498 1575 3543 ιιι
1612 3491 1890 3550 lavacrum
1920 3515 2026 3554 non
2054 3517 2253 3574 corpus

683 3566 867 3633 modo,
903 3569 995 3623 sed
1020 3571 1313 3643 imaginem
1343 3595 1562 3649 quoque
1594 3583 1686 3639 Dei
1720 3588 1943 3658 abluat;
1987 3610 2094 3650 non
2128 3614 2253 3668 pec-

676 3666 801 3711 cata
837 3659 1013 3713 solum
1046 3661 1245 3729 deleat,
1270 3668 1361 3721 sed
1406 3686 1586 3728 mores
1622 3678 1787 3732 etiam
1818 3684 2111 3752 emendet;
2144 3705 2250 3743 non

678 3749 945 3817 pristinas
1001 3761 1212 3811 tantum
1275 3762 1401 3816 vitae
1450 3766 1643 3822 sordes
1696 3772 2004 3843 abstergat,
2062 3795 2249 3835 verum

677 3837 883 3893 fontem
912 3858 1129 3914 quoque
1161 3848 1338 3916 ipsum
1364 3864 1662 3925 expurget;
1697 3876 1804 3915 non
1832 3867 2014 3919 animo
2039 3877 2248 3926 tantum

678 3931 973 4004 insculpat,
1025 3947 1083 3991 ut
1145 3955 1278 4009 Opes
1336 3947 1584 4003 honestis
1648 3954 1952 4012 rationibus
1996 3976 2245 4031 quaeras,

675 4040 862 4080 verum
916 4038 973 4082 ut
1026 4030 1371 4090 laudabiliter
1400 4039 1667 4108 ell'undas,
1714 4056 1807 4098 aut
1852 4051 2000 4117 quod
2038 4053 2247 4110 levissi-

676 4132 821 4170 mum
856 4119 1043 4183 fuerit,
1080 4123 1221 4177 male
1252 4138 1435 4194 partas
1466 4131 1711 4199 abjieias.
1765 4138 1903 4201 Quid
1957 4142 2103 4196 enim
2147 4146 2244 4202 tibi

673 4210 963 4277 profuerit,
996 4212 1071 4264 ita
1110 4217 1318 4283 peccati
1349 4221 1560 4274 veniam
1596 4222 1944 4295 impetrasse,
1975 4242 2030 4285 ut
2063 4244 2241 4290 tamen

671 4300 719 4349 ei
767 4313 926 4365 quem
962 4300 1190 4366 laeseris,
1242 4305 1502 4361 damnum
1535 4327 1641 4365 non
1672 4316 1967 4384 sarciatur,
2016 4338 2140 4377 cum
2182 4335 2240 4383 tu

671 4388 879 4455 duplici
915 4392 1121 4456 scelere
1153 4399 1488 4454 constrictus
1542 4407 1779 4462 tenearis
1814 4428 1826 4463 :
1873 4412 2066 4482 altero,
2113 4420 2240 4488 quia
2274 4398 2318 4453 Ῑ)

670 4478 876 4545 injuste
944 4484 1193 4550 possides
1256 4487 1548 4545 facultates
1618 4506 1776 4565 tuas;

668 4577 857 4634 partas
912 4588 1043 4640 opes
1101 4577 1379 4632 mordicus
1425 4587 1621 4647 tenes;
1681 4582 1769 4637 illa
1831 4591 2048 4657 quidem
2102 4610 2242 4652 noxa

672 4659 765 4712 tibi
816 4662 1119 4717 condonata
1183 4677 1288 4732 est,
1336 4669 1438 4723 bac
1477 4688 1606 4728 vero
1640 4676 1817 4732 adhuc
1866 4681 2024 4737 hodie
2065 4685 2240 4756 impli-

664 4752 856 4806 caris?
886 4752 1055 4809 llodie
1095 4759 1238 4810 enim
1270 4763 1409 4830 apud
1444 4772 1494 4816 te
1527 4765 1701 4820 aliena
1736 4786 1824 4825 res
1856 4782 1937 4826 est
1965 4792 1978 4836 ;
2012 4775 2242 4849 ideoque

668 4858 1010 4913 nequaquam
1050 4848 1283 4902 deletum
1335 4862 1419 4906 est
1480 4868 1763 4924 peccatum
1794 4901 1807 4924 ,
1862 4865 1953 4917 sed
1996 4848 2238 4938 tempore

665 5038 972 5096 perpetrata
995 5035 1100 5092 est,
1120 5033 1290 5086 altera
1318 5046 1437 5103 post
1470 5038 1801 5110 baptismum
1827 5060 2028 5103 manet.
2051 5051 2234 5123 Neque

658 5123 804 5176 enim
838 5123 1200 5191 praesentibus
1226 5123 1464 5194 ﬂagitiis,
1490 5132 1580 5185 sed
1613 5134 1680 5189 iis
1712 5151 1832 5204 qua:
1853 5138 1964 5207 jam
1993 5143 2228 5200 admissa

2366 3130 2549 3199 χεῖρον
2579 3132 3039 3202 καταφερόμενοι,
3073 3135 3293 3201 τελείως
3333 3138 3439 3205 ἔξω
3481 3140 3568 3194 τοῦ
3618 3142 3740 3194 καλοῦ
3766 3146 3822 3193 καὶ

2364 3219 2463 3289 τῆς
2483 3221 2684 3293 ἀρετῆς
2711 3223 3018 3295 πίπτωμεν.

2429 3504 2673 3562 Γενέσθω
2699 3526 2778 3563 σοι
2833 3512 2891 3564 τὸ
2914 3512 3153 3585 λουτρὸν,
3205 3518 3279 3589 μὴ
3314 3520 3411 3574 τοῦ
3454 3521 3671 3591 σώματος
3703 3522 3819 3588 μόνω.

2358 3596 2491 3652 ἀλλά
2522 3601 2736 3671 καὶτῆς
2758 3604 2961 3668 εἰκόνος
2989 3622 3001 3635 ·
3018 3607 3092 3678 μὴ
3115 3608 3223 3662 τῶν
3240 3611 3462 3683 ἀμαρτη
3473 3613 3819 3684 μάτωνέκπλνπς

2361 3690 2519 3757 μόνον
2542 3732 2555 3754 .
2585 3693 2718 3747 ἀλλὰ
2759 3698 2962 3764 καὶτοῦ
2992 3701 3193 3770 τρόπου
3225 3702 3509 3774 διόρθωσις
3527 3722 3538 3734 ·
3567 3706 3631 3777 μὴ
3649 3706 3718 3757 τὸν
3739 3722 3821 3772 πρ)-

2356 3777 2585 3834 λαϐόντα
2640 3784 2896 3856 βόρϐορον
2940 3790 3292 3855 ἀποκλυζέτω
3329 3796 3508 3866 μόνον,
3540 3795 3818 3860 ἀλλὰκαὶτὴν

2354 3871 2536 3941 πηγὴν
2562 3874 2894 3947 καθαιρέτω’
2919 3882 2992 3951 μὴ
3024 3881 3087 3935 τὸ
3106 3885 3283 3948 καλῶς
3306 3889 3531 3943 κτᾶσθαι
3551 3891 3746 3944 τυποὺτω
3760 3890 3818 3955 μὸ-

2353 3966 2611 4027 νον,ἀλλά
2652 3972 2742 4022 καὶ
2781 3974 2840 4025 τὸ
2864 3974 3043 4040 καλῶς
3063 3978 3406 4035 ἀποκτᾶσθαι
3427 4024 3442 4049 ,
3459 3984 3488 4053 ἦ
3507 3984 3616 4053 τότε
3635 3983 3815 4050 musica

2352 4054 2534 4118 τον,τὸ
2554 4057 2735 4121 κακῶς
2760 4062 2955 4131 κτηθὲν
2978 4068 3347 4126 ἀποτίθεσθαι.
3370 4074 3434 4126 Τί
3455 4075 3555 4145 γὰρ
3579 4074 3817 4143 besieged

2354 4143 2455 4213 μὲν
2474 4152 2887 4223 συγχωρηθῆναι
2921 4158 3019 4229 τὴν
3045 4162 3336 4234 ἁμαρτίαν,
3351 4168 3426 4238 τῷ
3447 4168 3501 4222 δὲ
3516 4143 3758 4238 ἠδικημέκι)
3769 4164 3815 4232 μὴ

2350 4234 2575 4309 λυθῆναι
2604 4243 2703 4314 τὴν
2724 4248 2872 4319 παρά
2894 4251 2986 4304 σοῦ
3014 4253 3249 4325 Cupiunt;
3280 4258 3376 4313 δύο
3399 4234 3479 4313 σοι
3509 4234 3667 4314 iam
3688 4260 3813 4314 ὅντων.

2348 4329 2453 4397 τοῦ,
2474 4350 2532 4385 τε
2585 4338 2882 4407 κτήσασθαι
2916 4345 2991 4416 μὴ
3041 4347 3287 4414 δικαίως,
3324 4352 3539 4406 καὶτοῦ
3588 4354 3639 4405 τὸ
3680 4350 3813 4418 mihi

2346 4421 2691 4493 κατέχεσθαι,
2739 4431 2832 4484 τοῦ
2884 4435 2983 4503 μὲν
3028 4437 3220 4506 ἄφεσιν
3255 4441 3466 4508 έλαόες,
3497 4444 3553 4497 τὸ
3576 4444 3625 4496 δὲ
3649 4444 3811 4510 σήμερσδ

1846 4505 2050 4572 altero,
2113 4511 2243 4577 quia
2344 4508 2573 4575 ἀδικεῖς.
2608 4516 2858 4590 Σήμερον
2907 4526 3015 4591 γάρ
3049 4505 3168 4580 ἐστι
3200 4532 3353 4601 παρά
3394 4505 3435 4586 σι

2217 4525 2243 4564 a
2344 4508 2573 4575 ἀδικεῖς.
2608 4516 2858 4590 Σήμερον
2907 4526 3015 4591 γάρ
3049 4505 3168 4580 ἐστι
3200 4532 3353 4601 παρά
3503 4534 3560 4585 τὸ
3592 4505 3806 4595 ἀλλότριοι,

2344 4603 2436 4654 καὶ
2462 4605 2564 4659 οὐκ
2596 4608 2834 4683 ἀνῃρέθη
2887 4618 2947 4669 τὸ
2983 4619 3307 4692 ἁμάρτημα,
3355 4625 3434 4695 τῷ
3484 4626 3641 4696 χρόνῳ
3676 4622 3717 4675 δὲ
3761 4620 3808 4671 διο

2346 4693 2518 4765 εκόπη
2540 4699 2631 4750 ’τὸ
2665 4702 2763 4771 μὲν
2795 4707 2898 4775 πρὸ
2927 4710 3020 4763 τοῦ
3049 4693 3425 4785 βαπτίσματος
3454 4693 3703 4786 τολμηθὲν,
3716 4712 3807 4763 τδδὶ

2344 4784 2506 4853 μένον
2561 4794 2698 4860 μετά
2730 4796 2791 4848 τὸ
2842 4800 3145 4873 βάπτισμα.
3180 4807 3301 4859 Τῶν
3342 4811 3449 4879 γὰρ
3476 4784 3804 4881 ἡμαρτημένων,

2337 4876 2399 4927 οὐ
2426 4878 2533 4932 τῶν
2558 4883 3041 4959 ἁμαρτανομένων,
3068 4896 3127 4948 τὸ
3150 4876 3372 4969 λουτρὸν
3399 4876 3803 4971 ε’χεέ’συῄιὸρηπινη

662 4937 929 4990 duntaxat
961 4940 1304 4995 intercisum.
1344 4944 1474 5000 Pars
1510 4950 1680 5003 altera
1730 4966 1857 5008 ante
1899 4937 2233 5027 baptismum
2336 4970 2430 5023 Δεῖ
2452 4972 2507 5025 δὲ

2538 4975 2612 5046 μὴ
2648 4982 2971 5053 σοφισθῆναι
3016 4987 3109 5040 τὸν
3142 4991 3444 5063 καθαρμὸν,
3478 4993 3585 5047 ἀλλ’
3610 4995 3804 5059 ἐνσημαν-

2337 5059 2497 5131 Οῆναι
2522 5083 2536 5097 ’
2573 5068 2987 5146 λαμπρυνθῆναί
3010 5097 3069 5133 σε
3096 5059 3338 5149 τελείως,
3366 5087 3498 5141 ἀλλά
3523 5087 3590 5157 μὴ
3626 5080 3804 5155 χρωσθῆ·

2333 5169 2422 5207 ναι
2519 5161 2653 5230 μηδὲ
2680 5164 3012 5239 ἐπικάλυψιν
3036 5172 3144 5225 τῶν
3195 5176 3497 5248 ἁμαρτιῶν,
3537 5177 3653 5231 ἀλλὰ
3683 5171 3801 5228 dmi-

661 5221 811 5273 sunt,
838 5214 1054 5266 veniam
1096 5212 1254 5267 alIcrt
1288 5216 1613 5285 baptismus.
1660 5223 1833 5282 Porro
1868 5245 1972 5285 non
2016 5245 2229 5289 vetera-
2329 5212 2651 5321 λαγῆνιὲἑει

658 5305 798 5359 torie
821 5305 1136 5374 accipienda
1176 5310 1427 5375 purgatio
1459 5320 1564 5377 est,
1592 5316 1683 5368 sed
1730 5319 1873 5372 serio
1908 5322 2305 5398 imprimenda;
2339 5305 2544 5409 tibique
2569 5305 2902 5417 "agendt’imr,

2656 5271 2683 5305 ν
2712 5257 2772 5307 τὸ
2792 5259 3056 5330 χάρισμα.

2966 5365 3025 5408 ιιι
3098 5356 3257 5424 pleno
3319 5361 3642 5430 perfectoque
3672 5356 3798 5423 εΡῙεθ·

2458 5400 2471 5409 ,
2643 5400 2701 5416 νγ
2792 5400 2902 5417 ____-,
2967 5400 3025 5408 ν.-
3098 5400 3256 5424 run“,
3319 5400 3641 5430 γυιιυυι-νιιυν
3672 5400 3777 5423 νιν-⁷⁷

660 5400 793 5455 dore
815 5404 1013 5477 niteas,
1035 5422 1141 5460 non
1172 5423 1229 5462 ut
1250 5425 1304 5463 tn
1329 5419 1672 5480 superueiem
1692 5413 1943 5468 illinaris.
1966 5414 2223 5486 Baptismi
2260 5423 2464 5485 donum
2493 5450 2599 5491 non
2620 5446 2997 5505 tantummodo
3012 5451 3233 5508 obducit
3263 5465 3497 5524 peccata,
3516 5454 3603 5509 sed
3650 5454 3701 5503 alt
3740 5449 3797 5499 hi5

659 5497 881 5567 penitus
911 5503 1121 5557 eximit.

726 5610 997 5681 Clerysosl.
1045 5620 1202 5673 Hom.
1246 5620 1315 5672 ad
1367 5637 1541 5676 recens
1589 5622 1763 5676 illum.
1796 5653 1863 5664 —
1900 5624 2226 5685 Benedictus

656 5702 823 5768 Deus,
850 5708 940 5774 qui
978 5707 1105 5761 facit
1136 5711 1404 5766 mirabilia
1428 5718 1577 5769 solus
1603 5716 1776 5781 (Psal.
1812 5735 1955 5780 um,
1982 5721 2090 5791 l8).
2126 5725 2221 5792 qui

642 5805 854 5871 cuncta
885 5800 1149 5868 condidit,
1176 5819 1352 5874 eaque
1383 5815 1733 5865 transmutat.
1754 5811 1855 5878 Qui
1885 5812 1997 5868 lteri
2024 5815 2220 5883 captivi

2338 5666 2339 5669 η
2401 5622 2706 5695 Εὐλογητὸς
2749 5628 2777 5680 ὁ
2823 5629 2979 5695 Θεὸς,
3023 5636 3051 5688 ὁ
3104 5635 3272 5688 ποιῶν
3325 5636 3582 5704 θαυμάσια
3615 5622 3795 5699 μόνοςοῧ

2330 5716 2498 5767 ποιῶν
2542 5719 2755 5783 πάντα,
2798 5726 2892 5776 καὶ
2932 5729 3353 5791 κατασκευάζων
3416 5727 3563 5804 αὐτὰ.
3616 5722 3665 5771 Οί
3706 5712 3792 5791 is“

2328 5809 2682 5879 αἰχμάλωτοι,
2734 5815 2829 5870 νῦν
2867 5817 3161 5890 ἐλεύθεροι,
3210 5823 3301 5876 καὶ
3347 5819 3547 5873 πολῖται
3571 5814 3653 5881 τῆς
3714 5805 3791 5859 5"
