3910 6440
77 403 140 464 ’Π
1214 424 1219 429 ·
1298 399 1533 457 SACRA
1572 397 2008 457 PARALLELA

3149 397 3281 463 1278

78 512 262 583 τισίας.
317 511 390 564 Οἱ
429 511 625 583 πρώην
654 512 714 563 ἐν
745 510 976 583 αἰσχύνῃ
1022 509 1459 581 ἁμαρτημάτων,
1508 510 1579 562 νῦε

1706 520 1885 575 erant,
1948 504 2108 564 hodie
2147 509 2299 564 liheri
2336 519 2482 573 sunt,
2537 518 2590 565 et
2634 512 2794 568 cives‘
2816 512 3088 570 Ecclesiae.
3133 515 3284 581 Quos

88 607 198 677 παῤ
207 604 388 677 ῤἠσίᾳ
417 604 793 674 δικαιοσύνης.

78 784 134 835 El
167 782 230 835 τὸ
256 782 483 835 εἰδέναι
510 782 601 835 τὸν
626 778 1072 851 Θεὸνὺπερὸολὴν
1094 781 1150 832 ὲν
1176 779 1252 849 τῷ
1285 777 1477 848 ἀγαθῷ
1501 779 1599 833 οὐκ

77 888 140 935 ει,
174 871 238 922 τὸ
292 870 417 924 υἱὸν
475 871 729 940 γενέσθαι
778 871 912 924 Θεοῦ
969 872 1109 942 ὑπὲρ
1154 870 1448 937 εὐκληρίαν
1481 870 1599 922 ἐστὶ

77 982 205 1015 σαν.
251 963 315 1016 ὐ
345 964 467 1034 γὰρ
523 963 656 1016 Θεοῦ
691 963 804 1026 υἱὸς
859 962 1110 1029 ἀξιωθεὶς
1165 962 1439 1031 γενέσθαι.
1489 962 1598 1027 ἕξει

78 1071 226 1116 ιντως
258 1054 363 1107 τοῦ
404 1055 625 1124 Πατρός
666 1054 725 1106 τὸ
765 1054 1003 1123 ἀξίωμα.
1057 1054 1227 1124 ’Υπὲρ
1273 1053 1434 1124 εὐχὴν
1476 1053 1595 1124 δὲή

84 1145 261 1215 noxia.
285 1163 300 1177 ο
330 1146 488 1215 ὑπὲρ
517 1146 703 1198 ἐλπίδα
738 1144 793 1197 δὲ
826 1146 885 1197 τὸ
913 1143 1083 1214 δῶρον
1107 1161 1121 1175 ο
1174 1144 1313 1214 ὑπὲρ
1370 1142 1532 1212 φύσιν
1562 1146 1593 1216 ἡ

78 1256 184 1307 ρις.
219 1267 289 1276 --
322 1237 672 1301 Βαπτιζεται
706 1236 844 1305 ἁγίῳ
894 1236 1193 1306 Πνεύματι,
1227 1236 1254 1289 6
1286 1234 1375 1287 διὰ
1414 1234 1593 1303 πάσης

77 1330 266 1400 ήσεως,
301 1329 407 1381 καὶ
438 1328 643 1397 λόγων.
674 1330 768 1381 καὶ
796 1326 1048 1399 πράξεων
1086 1326 1468 1397 ἁγιαζόμενος,
1496 1325 1592 1379 καὶ

77 1441 84 1466 ι
135 1420 543 1491 πνευματικός.
582 1421 669 1486 Ὠς
693 1421 800 1491 γάρ
829 1421 857 1473 6
889 1421 968 1483 εἰς
995 1418 1140 1489 ὕδωρ
1164 1417 1588 1489 βαπτιζόμενος,

77 1528 139 1574 ως
168 1511 524 1583 ὑγραίνεται,
554 1509 728 1575 οὕτως
756 1512 784 1563 6
823 1512 881 1565 ὲν
911 1510 1050 1582 ἁγίῳ
1087 1508 1364 1580 Πνεύματι
1394 1508 1591 1579 βαπτι-

78 1619 249 1671 μενος.
279 1601 428 1666 ὅλως
453 1602 827 1673 πνευματικὸς
852 1604 946 1657 καὶ
965 1602 1118 1672 ἆγιος
1137 1600 1370 1672 γίνεται,
1396 1600 1593 1674 γνώμῃ

77 1693 105 1745 ιὶ
133 1694 328 1765 πράξει
368 1694 621 1759 τοιοῦτος
653 1694 1107 1767 ἀποτελούμενος.

1705 617 1883 671 nuper
1916 610 2267 671 peccatorum
2299 603 2558 672 pudebat,
2593 604 2837 676 hiununc
2874 606 2926 659 in
2955 606 3207 661 libertate
3226 616 3275 662 et

1702 692 1906 748 ﬁducia
1937 703 2085 750 sunt.

1777 786 1837 840 S.
1873 786 2027 855 Greg.
2078 786 2307 856 Nyssen.
2344 787 2397 840 in
2433 786 2589 841 Beat.
2628 797 2767 841 orat.
2818 788 2870 840 7.
2895 819 2961 828 -
2996 785 3051 841 Si
3109 787 3277 842 Deum

1703 876 1893 933 videre
1920 885 2131 930 tantum
2162 878 2362 931 bonum
2395 886 2499 939 est,
2549 886 2607 931 ut
2652 878 2816 941 hujus
2847 877 3275 946 magnitudinem

1703 970 1839 1024 nihil
1890 980 2054 1039 queat
2105 985 2387 1039 superare,
2447 969 2695 1040 proiecto
2752 970 2843 1024 Ilci
2895 970 3063 1023 filium
3115 969 3274 1035 efﬁci,

1702 1057 1966 1112 felicitate
1995 1058 2145 1111 omni
2176 1057 2352 1126 majus
2384 1068 2488 1113 est.
2519 1057 2653 1112 Nam
2689 1060 2775 1111 cui
2808 1059 2970 1128 390
2999 1059 3102 1111 hoc
3145 1073 3276 1112 con-

1700 1163 1917 1204 cessum
1935 1156 2039 1213 est,
2078 1155 2137 1203 ut
2169 1146 2261 1203 Dei
2295 1148 2438 1202 filius
2467 1148 2580 1210 fiat.
2609 1149 2655 1202 is
2688 1164 2878 1218 procu.
2904 1149 3071 1203 dubio
3092 1148 3275 1202 Patris

1697 1240 2017 1309 dignitatem
2072 1239 2364 1294 obtinebit.
2417 1237 2533 1294 lloc
2581 1256 2713 1295 vero
2765 1240 3054 1310 consequi,
3106 1254 3275 1310 supra

1695 1345 1858 1385 omne
1892 1336 2078 1386 votum
2118 1338 2224 1394 est,
2287 1345 2452 1401 supra
2494 1347 2645 1401 spem
2702 1338 2786 1386 est
2836 1330 3062 1395 donum,
3104 1344 3274 1400 supra

1699 1431 1950 1477 naturam
1977 1421 2175 1493 gratia.
2213 1454 2283 1464 --
2326 1422 2647 1490 Baptizatur
2682 1421 2891 1492 Spiritu
2928 1430 3145 1489 sancto,
3177 1421 3273 1491 qui

1696 1513 2025 1584 cogitatione
2080 1528 2182 1570 sua
2234 1516 2423 1580 omni,
2483 1527 2865 1584 sermoneque,
2923 1523 2979 1569 et
3029 1517 3269 1579 actione,

1697 1613 1923 1659 sanctus
1952 1603 2229 1670 redditur,
2281 1607 2484 1676 quique
2532 1605 2841 1676 spiritualis
2870 1604 3113 1661 exsistit.
3159 1602 3269 1658 Ve-

1695 1695 1793 1750 luti
1826 1696 1974 1751 enim
2002 1694 2097 1765 qui
2138 1698 2400 1766 mergitur
2432 1696 2487 1751 in
2519 1710 2739 1767 aquam,
2773 1703 2923 1750 totus
2948 1692 3224 1749 humescit
3251 1710 3267 1749 :

78 1803 95 1839 ε
132 1786 223 1854 qui
269 1786 325 1841 in
371 1785 590 1857 Spiritu
642 1794 836 1843 sancto
873 1788 1207 1860 baptizatur,
1242 1794 1395 1843 totus
1437 1784 1742 1857 spiritualis
1765 1794 1820 1843 et
1849 1794 2075 1843 sanctus
2104 1786 2359 1855 edicitur,
2404 1788 2641 1859 talisque
2701 1790 2886 1843 animo
2944 1795 2998 1844 et
3057 1788 3270 1846 ratione

78 1880 207 1933 adit.
252 1934 255 1937 ,

77 1973 189 2027 iTA.
235 1972 313 2027 E'.
344 2002 422 2013 -—
458 1973 605 2043 Περὶ
624 1974 1076 2055 βδελυτμᾴτων,
1112 1972 1212 2029 καὶ
1253 1973 1373 2028 τῶν
1409 1976 1579 2045 λεγο-

1696 1970 1819 2028 ῙΊΤ.
1852 1970 1919 2029 ν.
1950 2004 2019 2015 -
2051 1971 2130 2029 De
2154 1974 2767 2055 dominationibust
2797 1976 2977 2040 idolis,
2999 1986 3051 2029 οι
3091 1978 3156 2032 iis
3180 1977 3270 2048 qui

596 2044 795 2114 μένων
824 2045 993 2101 θεῶν.

96 2176 112 2210 ι
157 2159 264 2211 Οὐκ
321 2158 551 2212 ἔσονταί
602 2177 684 2212 σοι
739 2160 852 2214 Θεοὶ
904 2162 1082 2230 ἕτεροι
1128 2160 1266 2230 πλὴν
1321 2159 1474 2229 ἐμοῦ.
1512 2158 1585 2212 Οὐ

77 2252 254 2319 διήσεις
284 2250 512 2322 σεαυτῷ
546 2251 785 2316 εἴδωλον,
815 2251 935 2306 οὐδὲ
970 2253 1079 2306 πᾶν
1108 2270 1162 2305 τι
1189 2252 1462 2323 ὁμοίωμα,
1486 2252 1586 2304 ὅσα

78 2364 83 2390 ν
112 2343 178 2413 τῷ
210 2342 452 2415 οὐρανῷ,
505 2343 602 2397 καὶ
635 2344 735 2397 ὅσα
768 2345 826 2397 ὲν
859 2346 923 2415 τῇ
955 2346 1025 2414 γῇ
1066 2342 1238 2406 κάτω⁹
1272 2343 1367 2397 καὶ⁵
1395 2344 1493 2396 ὅσα
1529 2344 1587 2396 ὲν

77 2438 125 2497 ,ῖς
145 2436 325 2489 ὕδασιν
359 2438 631 2491 ὑποκάτω
660 2437 757 2503 τῆς
782 2437 994 2507 γῆς.οὑ
1024 2434 1584 2506 προσκυνήσεις,οὑδὲ

78 2527 420 2600 ὴλατρεύσῃς
444 2529 656 2591 αὐτοῖς.
701 2527 840 2597 Ἐγὼ
862 2530 970 2599 γάρ
1004 2529 1119 2599 εἰμι
1148 2527 1372 2597 Κύριος.
1418 2546 1437 2579 ι

104 2724 118 2755 ι
148 2708 252 2770 Πᾶς
272 2708 555 2773 θυσιάζων
572 2707 712 2772 θεοῖς
739 2707 963 2779 ἑτέροις,
993 2706 1526 2781 ὲξολοθρευθήσεται.
1558 2726 1576 2761 ι

104 2898 119 2929 ι
149 2881 255 2933 Οὐκ
290 2883 556 2947 εἰσοίσεις
590 2883 864 2955 βδέλυγμα
904 2883 983 2945 εἰς
1029 2882 1121 2936 τὸν
1154 2878 1302 2937 οἶκόν
1334 2900 1453 2948 σου,
1487 2882 1581 2937 καὶ

77 2987 121 3041 τῃ
138 2972 368 3045 ἀνάθεμα
393 2974 593 3044 ὥσπερ
618 2975 794 3028 τοῦτο.
835 2993 853 3026 ι

104 3083 118 3114 ι
155 3066 227 3118 Τά
253 3067 452 3121 εἴδωλα
505 3067 617 3121 τῶν
666 3066 836 3120 ὲθνῶν
892 3065 1157 3140 ἀργύριον
1193 3065 1288 3122 καὶ
1334 3066 1576 3138 χρυσίον,

77 3171 155 3223 ργα
181 3160 367 3228 χειρῶν
400 3158 733 3229 ἀνθρώπων,
772 3176 792 3209 ι

104 3265 120 3298 ι
154 3247 283 3315 Osci,
314 3251 363 3305 οἳ
390 3250 488 3304 τὸν
518 3250 751 3318 οὐρανὸν
781 3249 873 3304 καὶ
899 3249 997 3321 τὴν
1028 3252 1132 3321 γῆν
1161 3251 1259 3303 οὐκ
1291 3250 1574 3321 ἐποίησαν,

2226 2045 2303 2099 dii
2338 2055 2735 2115 nuncupantur.

1758 2154 1934 2210 Exod.
1989 2173 2098 2222 xx,
2146 2158 2267 2213 5-4.
2293 2189 2365 2200 —
2410 2178 2428 2211 ι
2468 2158 2585 2214 Non
2621 2167 2782 2215 erunt
2815 2160 2889 2214 dii
2938 2160 3030 2214 alii
3071 2167 3268 2230 praeter

1660 2304 1662 2307 .
1689 2262 1797 2304 me.
1825 2248 1943 2303 Non
1976 2249 2148 2305 facies
2181 2251 2276 2306 tibi
2305 2251 2535 2317 idolum,
2565 2240 2746 2323 neque
2770 2268 2982 2308 omnem
3011 2253 3269 2307 similitu-

1688 2340 1868 2394 dinem
1890 2356 2104 2404 eorum,
2138 2357 2481 2413 quazcunque
2510 2345 2566 2397 in
2604 2345 2746 2399 cmlo
2770 2353 2899 2398 sunt
2928 2345 3184 2414 desuper,
3213 2351 3267 2398 et

1687 2446 2029 2503 quaecunque
2063 2435 2117 2488 in
2155 2444 2300 2489 terra
2329 2435 2611 2499 deorsum,
2646 2453 2749 2492 nec
2773 2452 2966 2492 eorum
2990 2452 3108 2506 quae
3138 2444 3267 2491 sunt

1689 2518 1743 2572 in
1776 2520 1937 2588 aquis
1968 2522 2071 2575 sub
2102 2529 2271 2577 terra.
2311 2524 2429 2579 Non
2469 2524 2728 2581 adorabis
2757 2540 2844 2593 ea,
2876 2542 3055 2596 neque
3087 2526 3258 2580 coles.

1687 2608 1800 2678 Ego
1836 2626 1955 2665 sum
1992 2612 2280 2670 Dominus.
2323 2633 2341 2667 ›

1755 2702 1931 2758 Exod.
1972 2721 2108 2771 χχιι,
2143 2706 2234 2762 9.0.
2266 2736 2334 2747 —-
2386 2726 2404 2759 ι
2438 2706 2543 2774 Qui
2596 2706 2841 2761 immolat
2892 2706 2998 2762 diis
3042 2707 3261 2774 alienis,

1683 2796 2166 2853 exterminabitur.
2209 2817 2228 2850 ι
2888 2860 2895 2871 ρ

1752 2886 1913 2942 Deut.
1947 2906 2042 2953 vn,
2080 2890 2167 2945 26.
2202 2920 2275 2933 -
2331 2908 2351 2943 ι
2401 2889 2519 2945 Non
2562 2889 2768 2945 inferes
2800 2890 3259 2945 abominationcm

1681 2978 1735 3035 in
1767 2984 1988 3035 domum
2027 2992 2200 3048 tuam,
2230 2992 2290 3038 ut
2315 2984 2393 3039 sis
2430 2984 2721 3037 anathema
2754 2983 2897 3038 sicut
2928 2983 3082 3038 illud.
3118 3002 3140 3035 ι

1754 3072 1906 3129 Psal.
1935 3090 2087 3138 cxm,
2118 3075 2203 3128 12.
2238 3106 2306 3116 —
2353 3094 2373 3129 ι
2412 3074 2716 3129 Simulaera
2759 3075 3001 3146 gentium
3064 3090 3260 3147 argen-

1681 3170 1796 3219 tum
1838 3173 1893 3219 et
1931 3179 2149 3227 aurum,
2186 3179 2349 3234 opera
2390 3178 2652 3218 manuum
2682 3163 2987 3217 hominum.
3028 3181 3047 3215 ι

1748 3254 1947 3311 Jerem.
1985 3272 2038 3322 ι,
2072 3254 2161 3312 lO.
2196 3286 2265 3295 —
2302 3274 2321 3306 ι
2359 3254 2442 3309 Dii
2474 3255 2568 3324 qui
2625 3269 2731 3307 non
2778 3253 3028 3309 fecerunt
3057 3252 3257 3308 coelum

78 3338 391 3395 πολέσθωσαν
430 3341 548 3396 ἀπὸ
571 3342 670 3412 τῆς
697 3341 831 3405 νίς.
869 3342 962 3395 καὶ
988 3341 1248 3396 ὑποκάτω
1287 3340 1381 3394 τοῦ
1417 3341 1573 3413 οὑραο

1696 3351 1730 3401 ιι
1760 3355 1985 3411 terram,
2016 3354 2241 3418 pereant
2271 3347 2337 3402 de
2377 3355 2543 3410 terra,
2574 3355 2628 3401 et
2666 3345 2768 3401 sub
2797 3345 2935 3401 cmlo
2963 3345 3085 3400 hoc.
3124 3363 3143 3397 ›

78 3445 117 3480 Ν
142 3448 314 3485 τουτου
323 3473 336 3486 .
372 3453 391 3486 ι

104 3539 119 3569 ι
166 3522 384 3577 Maturo:
428 3526 639 3588 πάντες
690 3522 966 3595 ἄνθρωποι
995 3563 1010 3587 ,
1071 3517 1151 3587 οἷς
1199 3524 1379 3595 παρῆν
1439 3521 1574 3577 Θεοῦ

78 3614 265 3679 γνωσία,
294 3616 387 3669 καὶ
411 3617 478 3671 ὲκ
511 3615 622 3669 τῶν
643 3615 933 3685 ὁρωμένων
961 3614 1181 3683 ἀγαθῶν
1207 3615 1308 3667 οὐκ
1339 3616 1567 3685 ῐσχυσαν

77 3699 209 3755 ἱόἐναι
234 3704 318 3758 τὸν
360 3704 531 3761 ὄνταο
562 3702 688 3758 οὔτε
735 3706 849 3768 τοῖς
911 3707 1091 3772 ἔργοις
1149 3703 1575 3774 προστρέχοντες

78 3792 319 3859 πέγνωσαν
346 3798 436 3851 τὸν
472 3796 729 3868 τεχνίτην
755 3813 768 3826 ο
810 3796 928 3849 ἀλλ’
970 3796 1002 3866 ἢ
1039 3796 1230 3868 πῦρ,ἢ
1266 3796 1503 3866 πνεῦμα,
1538 3795 1570 3866 ἢ

78 3886 226 3951 αχινὺν
253 3888 406 3960 ἀέρα,
454 3888 489 3961 ἢ
544 3886 742 3942 κύκλον
771 3886 1096 3957 άστέρων,ἢ
1130 3887 1301 3957 βίαιον
1340 3885 1503 3957 ὕδωρ,
1538 3885 1570 3956 ἢ

82 3978 297 4048 ωστῆρας
322 3980 584 4053 οὐρανοῦ,
619 3980 917 4051 πρυτάνεις
960 3980 1166 4050 κόσμου
1202 3980 1360 4042 Θεοὺς
1389 3979 1575 4049 ἐνόμι-

80 4082 152 4116 αν·
177 4062 242 4121 ὧν
265 4073 311 4124 εὶ
334 4072 429 4143 μὲν
456 4073 561 4144 τὴν
587 4071 849 4142 καλλονὴν
870 4073 1219 4142 τερπόμενοι,
1244 4070 1416 4126 ταῦτα
1475 4057 1573 4125 ὐπ-

78 4155 326 4226 ὶάμϐανον,
350 4164 837 4236 γνώτωσαν,πόσῳ
857 4165 1057 4234 μᾶλλον
1086 4166 1114 4218 ὁ
1141 4163 1345 4218 τούτων
1370 4164 1575 4217 Δεσπό-

78 4262 129 4313 ης
167 4251 270 4303 ἐστὶ
312 4253 562 4322 βελτίων.
605 4254 666 4308 '0
689 4254 797 4324 γάρ
830 4255 923 4307 τοῦ
956 4254 1163 4324 κόσμου
1212 4252 1573 4323 γενεσιάρχης

78 4353 198 4392 κτισε
228 4345 409 4401 ταῦτα.
453 4349 519 4401 Εἰ
552 4346 855 4418 δὲδύναμιν
902 4347 996 4400 καὶ
1039 4347 1318 4419 ἐνέργειαν
1368 4344 1573 4398 ἐκπλα-

78 4428 222 4495 ’ἐντες,
264 4441 610 4506 νοησάτωσαν
676 4440 771 4493 ἀπ’
830 4440 1011 4492 αὐτῶν
1043 4479 1058 4504 ,
1118 4439 1268 4508 πόσῳ
1318 4440 1346 4491 ό
1406 4455 1569 4491 κατα-

78 4521 282 4587 ’κευάσας
307 4529 440 4582 αὐτὰ
469 4530 842 4600 δυνατώτερός
874 4532 1040 4582 ἐστιν.
1107 4528 1202 4582 Ἐκ
1245 4528 1353 4598 γὰρ
1404 4530 1571 4599 μεγέυ-

82 4624 153 4671 ουέ
177 4616 260 4667 καὶ
279 4619 537 4692 καλλονῆς
566 4624 879 4692 κτισμάτων
901 4620 1180 4689 ἀναλόγως
1213 4623 1240 4673 6
1264 4606 1573 4690 γενεσιουρλ

78 4698 129 4761 ’ὃς
152 4705 307 4760 αὐτῶν
331 4710 636 4785 θεωρεῖται.
664 4714 1011 4783 Ταλαίπωροι
1035 4712 1113 4775 δὲ,
1147 4712 1241 4767 καὶ
1270 4714 1327 4764 ὲν
1358 4713 1570 4783 νεκροῖς

78 4790 97 4837 .i
120 4792 305 4861 ἐλπίδες
336 4805 534 4868 αὐτῶν,
584 4806 785 4867 οἵτινες
808 4805 1070 4857 ἐκάλεσαν
1107 4802 1263 4865 θεοὺς
1289 4802 1427 4873 ἔργα
1458 4819 1570 4872 χει⁹

77 4878 144 4929 δῶν
171 4886 472 4960 ἀνθρώπων,
506 4896 707 4966 χρυσὸν
748 4898 838 4949 καὶ
879 4895 1140 4967 ἄργυρον,
1171 4894 1368 4963 τέχνης
1396 4897 1573 4963 ὲμμε··

78 4971 314 5042 ιετήματα,
358 4985 453 5038 καὶ
483 4986 873 5056 ἀπεικάσματα
923 4984 1096 5051 ζώων»
1143 4985 1365 5055 ἢλίθων
1398 4986 1573 5057 ἀχρήο

77 5069 189 5114 πων.
218 5081 235 5114 Ι

100 5330 123 5411 ,ί
148 5316 237 5411 ,Τδί
260 5332 627 5407 Χειροποίητον
692 5335 1113 5409 ὲπικατάρατον,
1150 5338 1244 5391 καὶ
1279 5340 1307 5391 6
1338 5339 1569 5410 ποιήσας

77 5403 202 5501 tat-6,
227 5410 301 5466 ὅτι
331 5418 358 5469 ὁ
413 5403 531 5491 μὲν-
566 5424 890 5495 εἰργάσατο,
931 5403 992 5481 τὸ
1037 5427 1094 5480 δὲ
1154 5428 1409 5499 φθαρτὸν,
1441 5403 1572 5483 Θεὸν

78 5494 321 5592 ἶν’έξλασεν.
350 5509 434 5564 Ἐν
468 5516 565 5589 ῐσῳ
592 5520 793 5591 μισητά
819 5518 958 5591 θεῷ’
996 5519 1089 5573 καὶ
1108 5522 1136 5574 ὁ
1164 5494 1505 5587 ἀπανθλώ
1534 5524 1565 5592 ἡ

77 5582 254 5691 ῗῖίδελια
274 5597 447 5691 “limi
476 5582 726 5682 Ka‘ﬁé
747 5611 804 5665 τὸ
824 5582 1062 5681 πραχθὲν
1087 5612 1181 5666 σὺν
1211 5611 1288 5682 τῷ
1318 5582 1573 5683 δράσαντι

77 5668 571 5762 ἐξθλθθρευθὴσοντιιι.

1751 3517 1881 3588 Sap.
1913 3532 2039 3583 xui,
2074 3518 2191 3574 1-9.
2226 3550 2294 3559 -
2350 3538 2369 3571 ι
2406 3517 2543 3573 Vani
2577 3528 2704 3574 sunt
2750 3534 2942 3574 omnes
2982 3519 3254 3583 homines,

1677 3605 1732 3663 in
1758 3609 1956 3679 quibus
1997 3624 2104 3664 non
2153 3609 2330 3664 adfuit
2373 3610 2606 3665 scicntia
2661 3609 2798 3673 Dei,
2831 3618 2886 3665 et
2921 3609 2988 3665 de
3020 3611 3087 3665 iis
3126 3626 3251 3679 qua:

1674 3699 1932 3755 videntur
1962 3699 2144 3764 bonis,
2178 3716 2286 3754 non
2326 3710 2627 3770 potuerunt
2662 3700 2963 3770 intelligere
2989 3716 3112 3755 cum
3154 3702 3253 3772 qui

1675 3800 1779 3857 est,
1824 3807 2004 3860 neque
2051 3792 2308 3862 Operibus
2342 3791 2711 3855 attendentes,
2762 3800 3101 3861 agnoverunt
3132 3792 3256 3861 quis

1675 3888 1822 3937 esset
1878 3880 2073 3935 artifex
2115 3900 2129 3936 :
2184 3882 2280 3936 sed
2332 3890 2428 3937 aut
2476 3881 2680 3949 ignem,
2726 3889 2820 3935 aut
2855 3881 3123 3951 spiritum,
3160 3888 3255 3935 aut

1675 3972 1904 4026 citatum
1946 3986 2151 4035 aerem,
2183 3978 2278 4024 aut
2311 3986 2503 4042 gyrum
2544 3972 2851 4039 stellarum,
2893 3980 2988 4026 aut
3026 3973 3250 4026 nimiam

1675 4080 1894 4136 aquam,
1933 4073 2026 4119 aut
2078 4065 2366 4120 luminaria
2398 4066 2546 4132 mali,
2598 4076 2836 4122 rectores
2890 4068 3039 4122 orbis
3079 4045 3254 4121 terra..-

1674 4171 1797 4210 rum
1825 4158 1955 4210 deos
1990 4154 2360 4226 putaverunt:
2391 4172 2622 4226 quorum
2660 4157 2705 4212 si
2756 4157 2939 4227 specie
2970 4157 3250 4223 delectati,

1675 4245 1807 4301 deos
1838 4260 1901 4300 ea
1926 4260 2052 4301 esse
2091 4254 2448 4316 putaverunt,
2488 4248 2668 4302 sciant
2693 4257 2901 4318 quanto
2936 4248 3023 4304 his
3064 4247 3252 4302 Domi-

1672 4345 1837 4391 nator
1860 4351 2051 4392 eorum
2082 4339 2379 4408 speciosior
2402 4349 2508 4395 est.
2545 4338 2759 4409 Speciei
2795 4341 2939 4394 enim
2967 4349 3021 4396 et
3062 4342 3250 4396 mundi

1674 4439 1967 4500 generator
2009 4432 2122 4485 haec
2166 4433 2348 4485 omnia
2390 4433 2699 4488 constituit.
2730 4434 2837 4487 Aut
2888 4434 2934 4489 si
2989 4434 3250 4490 virtutem

1674 4530 1729 4577 et
1778 4537 1942 4592 opera
1994 4538 2182 4577 eorum
2233 4524 2413 4577 mirati
2463 4532 2617 4588 sunt,
2659 4525 2965 4594 intelligant
3009 4527 3076 4580 ab
3120 4527 3249 4593 illis,

1675 4614 1932 4683 quoniam
1970 4614 2217 4681 quihtec
2246 4613 2395 4677 fecit,
2428 4614 2623 4669 fortior
2651 4623 2734 4669 est
2767 4617 2866 4669 eis.
2898 4618 2940 4667 Α
2980 4618 3251 4685 magnitu-

1605 4678 1801 4757 Ddine
1853 4703 2000 4758 enim
2051 4712 2105 4758 et
2158 4704 2339 4774 specie
2395 4712 2773 4758 creaturarum
2809 4709 3252 4773 cognoscibililer

1675 4790 1872 4861 poterit
1904 4798 2124 4844 creator
2156 4805 2341 4843 earum
2371 4790 2569 4844 videri.
2604 4790 2853 4846 infelices
2889 4804 3067 4848 autem
3101 4805 3247 4858 sunt,

1680 4888 1733 4935 et
1768 4881 1909 4934 inter
1944 4888 2190 4934 mortuos
2223 4896 2347 4949 spes
2381 4880 2595 4933 illorum
2646 4889 2749 4942 est,
2801 4881 2893 4952 qui
2948 4885 3250 4953 appellare.

1685 4977 1812 5024 runt
1873 4970 2001 5025 deos
2051 4984 2211 5039 opera
2270 4985 2527 5025 manuum
2583 4971 2900 5039 hominum,
2953 4990 3144 5028 aurum
3194 4984 3248 5029 et

1686 5065 1994 5130 argentum,
2026 5061 2162 5113 artis
2203 5059 2596 5126 inventionem,
2635 5071 2689 5117 et
2721 5063 3105 5118 similitudines
3132 5064 3248 5117 ani-

1677 5149 1928 5217 malium,
1965 5157 2060 5202 aut
2106 5148 2335 5219 lapidein
2376 5150 2644 5219 inutilem,
2678 5167 2817 5222 opus
2865 5168 3056 5207 manus
3105 5154 3249 5207 auti-

1668 5256 1806 5313 quae.
1847 5259 1865 5293 ι

1742 5332 1875 5401 Sap.
1901 5349 2013 5399 xrv,
2040 5332 2301 5388 8-10.-—-r
2326 5332 2428 5388 Per
2453 5349 2647 5403 manus
2677 5344 2854 5387 autem
2882 5334 3024 5403 quod
3044 5333 3099 5388 fit
3128 5333 3246 5389 ido-

1671 5423 1806 5490 lum,
1837 5425 2185 5480 maledictum
2223 5435 2326 5491 est,
2368 5436 2421 5480 et
2457 5425 2656 5495 ipsum,
2690 5434 2745 5479 et
2776 5426 2867 5494 qui
2908 5424 3038 5481 fecit
3065 5426 3197 5482 illud
3223 5432 3240 5467 ³

1679 5516 1808 5586 quia
1845 5516 1935 5572 ille
1972 5518 2188 5587 quidem
2224 5523 2484 5587 operatus
2518 5523 2643 5581 est;
2694 5516 2823 5571 illud
2875 5528 3078 5581 autem,
3119 5534 3241 5573 cum

1679 5616 1825 5663 esset
1889 5606 2114 5679 fragile,
2165 5608 2301 5664 deus
2356 5608 2774 5678 cognominatus
2827 5615 2930 5663 est.
2980 5607 3245 5665 Similiter

1674 5698 1800 5755 odio
1830 5707 1958 5755 sunt
2000 5701 2126 5767 Deo,
2165 5700 2363 5770 impius
2407 5708 2461 5754 et
2511 5699 2764 5768 impietas
2822 5698 2964 5769 ejus.
3024 5700 3239 5755 Etenim

1683 5790 1828 5861 quod
1865 5791 2068 5849 factum
2099 5800 2203 5853 est.
2240 5808 2360 5849 cum
2400 5808 2464 5849 eo
2503 5791 2596 5863 qui
2639 5790 2806 5859 fecit,
2850 5790 3241 5849 exterminabi-

1672 5894 1780 5939 tur.
1820 5902 1840 5937 ι
