4024 6450
703 407 839 473 1279

702 626 855 670 rans.
891 610 1054 665 deum
1104 611 1322 665 inanem
1363 627 1429 665 ex
1455 611 1644 666 eodem
1682 612 1834 680 tingit
1864 610 1999 665 luto.
2036 611 2151 675 llle,
2183 610 2275 681 qui

704 701 871 770 paulo
896 711 1020 755 ante
1059 699 1127 754 de
1153 709 1297 754 terra
1334 698 1513 754 factus
1544 700 1743 762 fuerat,
1776 709 1829 754 et
1862 710 1986 769 post
2015 700 2275 770 pusillum

704 792 920 847 reducit
950 807 1010 846 se
1049 791 1191 845 unde
1231 800 1486 859 acceptus
1531 798 1634 854 est,
1660 790 1930 859 repetitus
1962 790 2159 845 anima:
2181 790 2279 845 de-

709 882 904 937 bitum.
940 881 1044 937 Sed
1077 896 1209 935 cura
1243 888 1325 935 est
1357 880 1460 947 illi,
1488 896 1595 934 non
1627 881 1753 951 quia
1785 880 2138 935 laboraturus
2174 889 2278 944 est,

709 988 812 1029 nec
844 972 1101 1043 quoniam
1139 972 1318 1024 brevis
1368 970 1443 1024 illi
1490 972 1598 1023 vita
1640 980 1760 1033 est;
1803 974 1899 1026 sed
1935 981 2283 1026 ceuceu-tatur

709 1064 931 1136 quidem
985 1062 1307 1117 auriﬁeibns
1338 1071 1392 1117 et
1422 1064 1769 1131 argentariis,
1814 1072 1868 1118 et
1898 1064 2124 1119 aerarios
2156 1064 2281 1118 imi-

711 1164 880 1219 tatur,
911 1162 969 1209 et
1003 1155 1233 1225 gloriam
1278 1158 1537 1221 instituat,
1574 1157 1836 1225 quoniam
1887 1172 1975 1212 res
2023 1172 2283 1228 superva-

710 1263 844 1301 cuas
891 1245 1065 1316 ﬁngit.
1112 1246 1265 1299 Cinis
1326 1256 1411 1301 est
1459 1263 1555 1301 cor
1597 1247 1741 1318 ejus,
1788 1256 1842 1301 et
1877 1257 2020 1302 terra
2067 1247 2285 1302 inanior

712 1353 837 1406 spes
864 1337 1030 1400 illius,
1063 1345 1117 1391 et
1152 1336 1263 1391 luto
1304 1338 1464 1391 vilior
1500 1340 1606 1391 vita
1637 1338 1790 1407 ejus;
1823 1340 2083 1409 quoniam
2125 1339 2283 1409 igno-

714 1430 855 1483 ravit
887 1429 979 1498 qui
1011 1443 1068 1482 se
1108 1426 1282 1497 tinxit,
1316 1438 1370 1483 et
1414 1430 1504 1498 qui
1565 1430 1855 1499 inspiravit
1906 1431 2008 1500 ipsi
2048 1430 2285 1484 animam

712 1536 837 1591 qua:
862 1532 1146 1591 operatur,
1174 1530 1226 1575 et
1265 1522 1358 1590 qui
1412 1522 1709 1576 insnillavit
1736 1523 1892 1593 391
1918 1522 1996 1577 illi
2032 1523 2283 1594 spiritum

714 1612 957 1665 vitalem.
998 1612 1103 1666 Sed
1136 1620 1190 1665 et
1224 1609 1681 1667 existin'iavernnt
1732 1614 1909 1667 lusum
1964 1628 2090 1669 esse
2117 1616 2285 1669 vitam

720 1711 986 1767 nostram,
1024 1713 1079 1757 et
1120 1704 1598 1759 conversationem
1649 1705 1774 1759 vita:
1818 1709 2181 1776 compositam
2218 1706 2287 1761 ad

720 1795 955 1848 lucrum.
996 1813 1013 1845 ο

794 1885 962 1939 Eccli.
999 1901 1124 1951 xxx,
1163 1885 1248 1939 18.
1276 1915 1346 1926 -
1394 1906 1411 1937 ι
1452 1886 1838 1955 Spectaculum
1875 1892 2159 1958 epularum
2193 1906 2288 1961 ap-
2317 1871 2361 1927 Β

720 1977 1024 2049 positarum
1071 1977 1342 2045 sepulcro.
1404 1976 1544 2043 Quid
1590 1979 1812 2049 prodest
1865 1982 2055 2037 libalio
2107 1983 2290 2039 idolo?

721 2084 822 2121 nec
852 2069 996 2121 enim
1028 2070 1402 2133 manducabit,
1431 2087 1531 2126 nec
1567 2072 1912 2129 odorabitur.
1951 2094 1971 2126 ι
2192 2120 2199 2127 .

792 2156 847 2212 8.
888 2158 1041 2229 Greg.
1080 2158 1222 2215 Ναί.
1250 2161 1402 2217 Orat.
1430 2164 1487 2229 2,
1526 2163 1598 2219 De
1642 2166 1799 2221 tlteol.
1842 2196 1911 2207 ——
1946 2165 2055 2222 Alii
2096 2169 2290 2236 solem,

722 2250 811 2303 alii
840 2251 1082 2305 siderum
1110 2254 1540 2320 multitudinem,
1585 2257 1673 2310 alii
1721 2260 1920 2313 cmlum
1970 2260 2144 2330 ipsum
2182 2277 2291 2315 una

722 2358 849 2394 cum
882 2343 989 2396 illis
1013 2343 1321 2405 coluerunt,
1356 2347 1447 2400 alii
1480 2351 1769 2414 elementa,
1801 2352 1921 2407 sine
1960 2354 2160 2421 quibus
2193 2354 2295 2408 liu-

727 2449 882 2487 mana
910 2436 1014 2489 vita
1041 2448 1299 2492 constare
1330 2454 1436 2493 non
1470 2450 1670 2509 potest.
1701 2443 1841 2510 Quin
1870 2448 2117 2517 nonnulli
2152 2465 2293 2518 quo-

723 2541 849 2592 que,
889 2536 948 2580 ut
969 2528 1186 2597 opinor,
1214 2532 1509 2599 potentiam
1543 2533 1809 2600 colentes,
1839 2546 1889 2592 et
1919 2538 2090 2592 robur
2118 2539 2296 2594 laudi-

727 2618 830 2674 bus
888 2620 1212 2685 cilerentes,
1275 2624 1751 2696 suspicientesqne
1808 2629 2292 2697 pulchritudinem,

728 2727 1023 2781 progressu
1058 2716 1316 2785 temporis
1350 2717 1450 2770 hoc
1486 2718 1648 2779 deum
1695 2720 2017 2782 effecerunt,
2045 2725 2188 2791 quod
2241 2725 2293 2777 in

729 2804 937 2858 honore
971 2814 1021 2859 et
1053 2806 1224 2875 pretio
1267 2808 1560 2863 habebant.
1617 2811 1718 2877 Qui
1774 2824 1952 2868 autem
2008 2820 2153 2870 inter
2200 2831 2295 2871 eos

727 2898 946 2954 vitiosis
991 2900 1279 2955 affectibus
1339 2903 1510 2971 magis
1564 2904 1764 2957 addicti
1833 2914 2011 2967 erant,
2068 2905 2296 2962 aifectus

727 3006 947 3060 quoque
979 2991 1126 3059 ipsos
1160 3003 1547 3061 nuncuparunt
1581 2995 1732 3050 deos.

802 3079 1105 3135 E-'tsebii.-
1141 3081 1282 3135 Sunt
1315 3085 1561 3137 nonnulli
1592 3086 1683 3154 qui
1715 3086 1896 3139 sidera
1917 3096 2295 3154 exsecrentur,

1883 411 1944 470 S.
1976 407 2296 471 JOANNIS
2335 406 2765 470 DAMASCENI

774 519 902 588 Sap.
931 537 1021 585 xv,
1052 519 1205 576 7.12.
1234 552 1302 566 --
1338 539 1356 573 ι
1389 519 1560 576 Judex
1596 520 1816 592 ﬁgulus,
1854 532 1909 574 et
1939 521 2079 576 male
2128 519 2274 574 labo-
2300 523 2347 580 Α

2452 536 2472 570 ι
2509 517 2714 589 Κριτής
2752 515 2781 567 ὁ
2824 511 3154 585 πηλουργδς,
3209 511 3303 565 καὶ
3344 511 3374 562 ὁ
3417 510 3739 581 κακόμοχοος,
3763 516 3838 570 θεὸν

2384 610 2612 680 μάταιον
2635 610 2699 661 ὲκ
2724 606 2817 660 τοῦ
2844 603 3010 658 αὐτοῦ
3034 602 3260 657 πλάσσει
3290 599 3467 671 πηλοῦ
3486 616 3498 629 ·
3528 600 3581 663 ὃς
3598 602 3687 673 πρὸ
3706 610 3835 674 μοιῳῦ

2387 699 2455 752 ἐκ
2492 698 2598 769 γῆς
2622 695 2930 767 γεννηθεὶς,
2973 693 3089 765 μετ’
3117 693 3294 759 ὀλίγον
3319 691 3601 763 πορεύεται
3626 697 3689 756 είς
3721 697 3841 763 ﬁn;
3908 696 3909 709 ‘

2379 807 2450 865 ης
2482 790 2715 861 ἐλήφθη,
2763 789 2825 841 τὸ
2852 788 2952 858 τῆς
2978 785 3155 857 ψυχῆς
3204 782 3529 854 ἀπαιτηθεὶς
3570 786 3717 855 χρέος.
3756 790 3839 842 ‘A‘d‘

2384 885 2533 937 ἐστιν
2584 881 2733 953 αὐτῷ
2786 879 3027 950 φροντὶς,
3081 878 3179 947 ούχ
3211 877 3293 930 ὃτι
3331 876 3513 946 μέλλει
3557 879 3758 945 κάμνειν,
3778 884 3841 933 ςιίῖ

2384 978 2467 1031 ὅτι
2529 972 2835 1049 βραχυτελῆ
2897 970 3011 1040 βίον
3076 968 3221 1040 ἔχει·
3277 968 3398 1023 ἀλλ’
3451 968 3761 1037 ἀπερείδεται
3786 976 3843 1039 β»

2389 1070 2750 1141 χρυσουργοῖς
2781 1065 2874 1119 καλ⁸
2920 1060 3302 1137 ἀργυροχόοις,
3330 1059 3715 1131 χαλκοπλὰττας
3734 1078 3773 1113 τι
3794 1082 3841 1129 μι.

2393 1163 2597 1231 μεῖται,
2634 1159 2729 1213 καὶ
2782 1155 2942 1222 δόξαν
2990 1156 3239 1226 ήγείται,
3283 1154 3371 1207 ὅτι
3426 1151 3639 1223 κίϐδηλα
3677 1153 3837 1206 eam.

2386 1252 2588 1315 Σποδὸς
2616 1253 2649 1322 ή
2677 1249 2872 1321 καρδία
2900 1248 3091 1313 αὐτοῦ,
3115 1250 3211 1302 καὶ
3233 1246 3342 1317 γῆς
3370 1244 3735 1313 εύτελεστέραή
3755 1246 3839 1307 ἑλέ,

2386 1343 2574 1406 αὐτοῦ,
2638 1340 2811 1411 πηλοῦ
2855 1357 2917 1393 τε
2970 1338 3312 1410 ἀτιμὼτερος
3374 1338 3404 1389 ὁ
3461 1334 3572 1405 βίος
3608 1335 3764 1401 αὑτοῦ,
3800 1340 3838 1390 ἐτι

2384 1437 2618 1507 ἠγνόησε
2650 1434 2744 1488 τὸν
2789 1431 3073 1487 πλὰσαντα
3102 1429 3285 1495 αὐτὸν,
3321 1428 3419 1482 καὶ
3444 1427 3532 1480 τὸν
3573 1429 3838 1497 tuatim:

2387 1527 2537 1599 αύτῷ
2572 1526 2751 1598 ψυχὴν
2810 1522 3179 1596 ἐνεργοῦσαν,
3220 1522 3317 1575 καὶ
3362 1520 3721 1591 ἐμφυσήσαντα
3759 1523 3837 1589 ait;

2388 1618 2606 1689 πνεῦμα
2637 1616 2868 1683 ζωτικόν
2894 1632 2907 1646 ·
2942 1614 3057 1669 ἀλλ’
3078 1614 3394 1683 ἐλογίσαντο
3423 1611 3656 1679 παίγνιον
3680 1608 3840 1679 εἶναιτὴν

2387 1710 2533 1781 ζωὴν
2571 1710 2752 1781 ήμῶν,
2790 1708 3003 1762 καὶτὸν
3035 1707 3152 1779 βίον
3192 1704 3355 1778 ἡμῶν
3400 1704 3759 1774 πανηγυρισμὸν
3778 1707 3841 1756 i7:-

2388 1803 2576 1875 κερδῆ.
2611 1822 2630 1855 ι

2476 1918 2495 1950 ι
2533 1897 2726 1967 Θέαμα
2756 1911 3061 1969 ρρωματων
3092 1891 3524 1964 παρακειμένων
3559 1890 3641 1942 ἐπὶ
3670 1891 3778 1957 τάφῳ

2400 1990 2673 2061 συμφέρει
2703 1988 2996 2060 κάρπωσις
3020 1984 3224 2057 εἰδώλῳ
3251 2001 3267 2050 ;
3297 1982 3427 2037 οὔτε
3452 1982 3559 2053 γὰρ
3597 1981 3750 2042 ἔδεται,
3776 1980 3847 2031 οὒτε

2394 2083 2468 2153 μὴ
2489 2080 2790 2153 ὀσφρανθῇ.
2822 2099 2843 2133 ι

2465 2173 2532 2225 Οἱ
2564 2172 2664 2243 μὲν
2708 2171 2882 2243 ἥλιον,
2918 2171 2967 2224 οἱ
2997 2169 3055 2223 δέ
3098 2167 3351 2239 σελήνην,
3383 2166 3437 2219 oi.
3476 2165 3531 2219 δὲ
3562 2165 3755 2233 ἀστέρων
3772 2164 3844 2229 τλῆ·

2394 2265 2505 2329 θος,
2536 2267 2585 2318 οἱ
2616 2265 2671 2318 δέ
2697 2264 2925 2336 οὐρανὸν
2956 2262 3119 2318 αὐτὸν
3157 2262 3275 2331 ἅμα
3306 2259 3523 2320 τούτοις
3563 2256 3842 2324 inﬁdelium.

2394 2361 2442 2411 οἱ
2474 2359 2529 2411 δὲ
2553 2358 2622 2411 τὰ
2654 2360 2915 2426 στοιχεῖα,
2948 2350 3022 2410 ὧν
3046 2354 3175 2409 ἄνευ
3224 2354 3288 2406 ού
3316 2352 3543 2406 δυνατὸν
3582 2350 3782 2418 συστῆναι
3796 2350 3845 2399 si

2395 2451 2732 2521 ἀνθρώπινον
2795 2450 2927 2520 βίον.
2990 2445 3159 2518 Οἶμαι
3205 2445 3285 2509 δὲ,
3328 2444 3425 2498 καὶ
3464 2440 3736 2495 δυναστείαν
3767 2440 3846 2491 τινὲς

2396 2541 2809 2614 θεραπεύοντες,
2843 2542 2936 2595 καὶ
2964 2541 3157 2611 ῥώμην
3184 2539 3591 2601 ἐπαινέσαντες,
3629 2534 3707 2588 καί
3732 2532 3845 2592 κῶλα

2398 2634 2801 2704 Θαυμάσαντες,
2825 2633 2946 2686 θεὸν
2968 2632 3229 2701 ἐποίησαν
3253 2629 3333 2701 τῷ
3360 2628 3537 2700 χρόνῳ
3555 2625 3610 2679 τὸ
3626 2624 3847 2693 τιμώμενον.

2397 2726 2461 2778 Oi
2488 2724 2883 2795 ἐμπαθέστεροι
2910 2723 2967 2777 δὲ
3015 2722 3193 2777 αὐτῶν
3229 2721 3425 2775 καὶτὰ
3464 2720 3603 2791 πάθη
3642 2716 3849 2779 Beckeri

2400 2832 2601 2888 μασαν.

2472 3076 2594 3129 Εἰσί
2616 3091 2763 3131 τινες
2803 3074 3184 3145 καταρώμενοι
3220 3072 3349 3135 τοὺς
3408 3070 3646 3140 ἀστέρας,
3678 3068 3741 3120 ὅτε
3770 3082 3850 3117 κατι

729 3173 857 3225 dum
896 3170 1161 3227 adversus
1200 3174 1473 3230 hominem
1510 3177 1846 3243 irascuntur,
1879 3180 2128 3236 dicentes
2159 3200 2172 3236 :
2205 3179 2298 3237 Va:

2402 3166 2689 3237 ἀνθρώπου
2716 3165 3027 3235 ὀργίζονται
3051 3163 3328 3231 λέγοντες,
3360 3159 3499 3214 Ούαὶ
3530 3158 3602 3228 τῷ
3626 3160 3849 3264 ἀστρῳὶπι

730 3272 878 3316 astro
912 3275 1027 3319 tuo.
1055 3266 1155 3318 Alii
1189 3265 1378 3320 dicunt
1409 3287 1420 3321 :
1452 3267 1600 3321 Bono
1636 3282 1785 3324 astro
1809 3282 1973 3326 natus
2001 3283 2120 3336 est;
2152 3273 2300 3329 unde

732 3358 896 3409 ctiam
928 3358 1107 3409 omnia
1132 3357 1304 3427 ipsius
1340 3369 1486 3414 astro
1517 3361 1722 3417 favent.
1754 3362 1845 3417 νω
1876 3376 2053 3418 autem
2107 3366 2173 3421 iis
2204 3365 2299 3435 qui

733 3448 849 3502 haec
883 3448 1095 3503 dicunt.
1132 3450 1326 3505 Multos
1380 3453 1535 3508 video
1563 3454 1629 3508 ad
1665 3456 1832 3510 solem
1868 3466 1922 3510 et
1956 3456 2141 3511 lunam
2173 3474 2300 3528 pre-

731 3551 943 3599 cantes.
965 3551 1019 3595 et
1051 3542 1152 3595 soli
1181 3542 1234 3595 in
1260 3543 1375 3598 haec
1404 3545 1569 3599 verba
1601 3546 1975 3616 supplicantes
2003 3569 2015 3603 :
2042 3549 2303 3606 Miserere

733 3635 860 3689 mei.
882 3635 969 3690 Va:
994 3644 1172 3690 autem
1206 3637 1332 3692 illis.
1356 3638 1495 3702 Quid
1531 3646 1609 3703 tu,
1641 3641 1832 3697 relicto
1859 3643 1992 3698 solis
2022 3643 2299 3708 eﬂ‘cctore,

732 3729 900 3783 Solem
937 3730 1176 3785 adoras?
1210 3746 1312 3784 non
1343 3741 1560 3801 oportet
1593 3733 1801 3789 servire
1831 3743 2097 3791 creatura:
2119 3737 2303 3807 potius

731 3836 892 3889 quam
958 3819 1224 3878 Creatori.
1264 3822 1539 3894 Scriptum
1589 3832 1675 3881 est
1731 3826 1878 3880 enim
1926 3845 1939 3882 :
1985 3826 2303 3884 Maledictns

734 3913 914 3965 omnis
952 3913 1045 3982 qui
1089 3912 1283 3966 adorat
1323 3916 1516 3982 solem,
1564 3925 1619 3972 et
1662 3917 1875 3982 lunam,
1925 3926 1978 3974 et
2013 3919 2220 3983 stellas,
2251 3930 2305 3975 et

733 4002 1000 4071 quidquid
1026 4004 1174 4057 aliud
1205 4003 1474 4060 factitium
1496 4016 1600 4072 est,
1630 4009 1772 4062 ultra
1806 4007 2095 4064 factorem.
2126 4010 2302 4074 Multi,

736 4094 839 4148 hoc
877 4095 983 4148 sibi
1022 4096 1206 4151 animo
1238 4096 1522 4165 tingentes,
1568 4100 1723 4153 aiunt
1760 4100 1943 4154 lunam
1977 4117 2008 4156 e
2036 4103 2176 4156 cmlo
2214 4104 2307 4157 de-

738 4187 1021 4242 scendere.
1074 4188 1207 4242 Cum
1260 4206 1381 4244 sese
1436 4191 1802 4260 praestigiator
1858 4202 2131 4255 cruentat,
2185 4210 2304 4249 eain

737 4280 878 4333 cado
906 4280 1149 4341 deducit,
1184 4281 1462 4350 inquiunt.
1506 4282 1598 4336 ναξ
1632 4284 1740 4338 illis
1797 4287 1889 4353 qui
1941 4287 2056 4341 ham
2090 4288 2304 4342 dicunt.

737 4371 874 4436 Quis
906 4371 1031 4425 ullis
1062 4373 1351 4441 prtlfSligiiS
1412 4374 1465 4426 in
1502 4375 1703 4428 ccelum
1738 4376 1918 4444 potuit
1970 4379 2309 4435 ascendere?

738 4460 912 4513 voluit
952 4460 1003 4515 id
1037 4462 1255 4527 quidem
1299 4462 1486 4517 Simon
1530 4463 1719 4535 Magos
1755 4484 1767 4520 :
1801 4468 1897 4523 sed
1929 4466 2153 4535 cadens,
2183 4486 2309 4526 cor-

2407 3260 2593 3313 Ἀλλοι
2644 3258 2927 3327 λέγουσιντ
2973 3255 3154 3310 Καλοῦ
3193 3254 3398 3328 ἄστρου
3441 3249 3776 3321 ἐγεννήθη.διὸ
3801 3250 3852 3298 n':

2406 3354 2694 3423 συναστρεῖ
2722 3350 2869 3421 αύτῷ
2907 3350 2973 3402 τὰ
3004 3349 3207 3402 πάντα.
3251 3348 3364 3401 Καὶ
3403 3346 3527 3399 οὐαὶ
3550 3346 3647 3406 τοῖς
3675 3342 3773 3394 αὐτὶ

2402 3460 2581 3512 γουσι.
2633 3443 2867 3505 Πολλοὺς
2896 3437 3013 3496 οῖδα
3058 3440 3394 3511 εὐχομένους
3429 3439 3507 3501 εἰς
3531 3437 3615 3489 τὸν
3644 3434 3769 3504 ἥλιον,
3799 3430 3852 3481 υἱ

2401 3535 2500 3606 τὴν
2534 3536 2783 3606 σελήνην,
2825 3534 2918 3588 καὶ
2944 3533 3156 3586 ἱκεσίαν
3203 3531 3574 3601 προσφέρουσι
3598 3526 3663 3597 τῷ
3685 3524 3779 3595 ἡλίῳ
3803 3522 3851 3571 ii-

2402 3645 2613 3696 γοντες,
2650 3627 2903 3697 Ἐλέησόν
2928 3642 2995 3697 με
3019 3641 3032 3656 ο
3054 3624 3149 3678 καὶ
3178 3624 3300 3678 οὐαὶ¹
3325 3622 3552 3681 τούτοις.
3577 3618 3633 3672 Τί
3650 3615 3779 3684 ἀφιεὶς
3801 3614 3852 3663 τὶν

2404 3719 2634 3789 ποιητὴν
2688 3717 2785 3772 τοῦ
2819 3717 2995 3788 ήλίου,
3044 3716 3137 3768 τὸν
3179 3714 3332 3785 ἥλιον
3391 3711 3716 3784 προσκυνεῖςς
3745 3704 3786 3755 οὗ
3805 3703 3851 3753 δεῖ

2404 3809 2685 3883 λατρεύειν
2705 3812 2771 3879 τῇ
2806 3808 2984 3861 κτίσει
3014 3805 3165 3877 παρὰ
3204 3805 3297 3859 τὸν
3331 3803 3618 3858 κτίσαντα.
3644 3798 3850 3891 Γέγραπται

2404 3904 2543 3976 γάρ’
2593 3900 3027 3971 Ἐπικατάρατος
3060 3898 3169 3962 πᾶς
3195 3895 3523 3968 προσκυνῶν
3547 3892 3629 3945 τὸν
3648 3888 3775 3957 ἥλιον,
3795 3888 3849 3933 ιιὶ

2404 3997 2504 4052 τὴν
2558 3994 2807 4063 σελήνην,
2860 3993 2953 4047 καὶ
2996 3992 3125 4054 τοὺς
3167 3989 3447 4059 ἀστέρας,
3486 3986 3574 4039 καὶ
3607 3984 3651 4035 εί
3672 3997 3710 4033 τι
3738 3979 3851 4043 ἕτερα

2407 4086 2617 4156 ποίημα
2666 4084 2821 4157 παρά
2866 4084 2957 4138 τὸν
3021 4083 3273 4153 ποιητήν.
3326 4080 3517 4133 Πολλοὶ
3576 4071 3850 4147 «pandit:st-

2405 4178 2620 4246 λέγουσι
2641 4176 2741 4247 τὴν
2764 4176 2991 4246 σελήνην
3010 4171 3590 4243 κατέρχεσθαι.”οταν,
3606 4165 3748 4233 φασιν,
3765 4158 3851 4221 ἐπ’

2412 4268 2676 4338 ματοῦται
2718 4267 3000 4338 ἄνθρωπος
3054 4262 3501 4332 καταγοητεύσας
3524 4259 3672 4325 αὐτὴν
3700 4247 3851 4315 καταςέ·

2411 4377 2514 4432 ρει.
2559 4360 2669 4414 Καὶ
2706 4358 2829 4412 οὐαὶ
2880 4359 2993 4419 τοῖς
3040 4354 3215 4408 ταῦτα
3265 4355 3535 4422 λέγουσιν.
3584 4349 3665 4411 Τίς
3701 4340 3850 4432 ἠδυνήθη

2406 4430 2853 4519 καταγοητεύσας
2895 4446 3210 4502 ἀναϐαίνειν
3258 4446 3339 4509 είς
3384 4443 3633 4515 ούρανόν;
3671 4430 3846 4507 ἡῦουλήθη

740 4566 873 4620 pore
906 4559 1017 4604 toto
1047 4550 1254 4608 fractus
1281 4562 1386 4608 est.
1420 4553 1586 4609 Nemo
1602 4556 1770 4623 enim,
1798 4572 1897 4612 nec
1924 4573 2173 4628 parvum,
2205 4576 2299 4617 nec

2412 4545 2592 4614 Σίμων
2638 4546 2667 4597 ὁ
2723 4543 2913 4613 μάγος,
2946 4540 3080 4595 ἀλλὰ
3114 4538 3294 4593 πεσὼν
3330 4538 3604 4610 διερρἀη.
3628 4524 3847 4628 Mhi}?

743 4658 999 4712 magnum
1035 4645 1155 4700 caeli
1191 4646 1343 4703 sidus
1369 4648 1508 4703 valet
1538 4650 1849 4704 convellere
1896 4668 1909 4703 :
1953 4652 2154 4721 quippe
2182 4667 2306 4706 cum

740 4749 805 4789 ea
844 4733 986 4790 Deus
1016 4738 1218 4791 virtute
1251 4754 1349 4794 sua
1383 4739 1715 4795 fundaverit.
1764 4741 1931 4796 Aiunt
1960 4758 2178 4799 rursum
2211 4760 2310 4797 nu-

743 4826 839 4881 bes
872 4836 927 4881 et
975 4829 1188 4896 pluvias
1215 4845 1244 4883 a
1280 4833 1772 4903 prastigiatoribus
1800 4834 1993 4891 deduci
2029 4855 2042 4890 :
2079 4836 2129 4889 id
2162 4836 2307 4904 quod

740 4919 901 4971 etiam
927 4934 1066 4973 vane
1092 4920 1159 4974 ab
1186 4922 1318 4990 ipsis
1348 4923 1565 4980 dicitur.
1590 4924 1793 4995 Ecquis
1819 4926 1963 4979 enim
1996 4927 2307 4980 mortalium

743 5011 837 5071 sit,
872 5011 964 5080 qui
1001 5010 1089 5065 Dei
1122 5013 1429 5067 mandatum
1470 5018 1759 5088 praestigiis
1810 5018 1935 5073 ullis
1965 5028 2132 5088 queat
2157 5033 2309 5073 aver-

743 5102 903 5156 tere?
952 5101 1136 5158 Nubes
1189 5104 1333 5158 enim
1390 5104 1485 5161 Dei
1532 5108 1689 5177 jussu
1727 5110 1969 5180 pluviam
2012 5110 2067 5164 in
2103 5117 2307 5165 terram

748 5192 999 5247 fundunt.

744 5302 892 5379 TIT.
913 5305 1000 5359 \‘I.
1031 5338 1100 5347 —-
1134 5305 1210 5359 De
1238 5307 1365 5379 vita,
1400 5316 1449 5360 et
1476 5309 1665 5361 mundo
1695 5310 1826 5363 hoc:
1861 5320 1909 5364 et
1942 5312 2079 5379 quod
2109 5326 2223 5372 nos,
2248 5328 2309 5364 ac

844 5377 947 5431 vita
970 5389 1173 5437 nostra,
1203 5379 1258 5429 in
1294 5377 1633 5432 distractione
1651 5389 1699 5432 et
1729 5380 1908 5434 labore
1951 5377 2237 5435 uersamur.

821 5555 950 5609 Gen.
979 5571 1057 5617 ιιι,
1090 5556 1177 5610 i6.
1213 5587 1275 5599 -—
1312 5575 1330 5609 ι
1370 5554 1435 5610 Et
1465 5555 1604 5611 dixit
1638 5556 1850 5612 mulieri
1892 5576 1905 5613 :
1942 5557 2311 5628 Multiplicans

751 5645 1126 5714 multiplicabo
1158 5660 1428 5701 aerumnas
1448 5654 1503 5701 et.
1533 5656 1835 5719 conceptus
1866 5657 2009 5703 tnos.
2030 5648 2085 5703 In
2107 5649 2333 5711 dolori-,

753 5736 858 5789 bus
893 5737 1069 5804 paries
1121 5738 1281 5793 ﬁlios.
1311 5745 1364 5792 et
1392 5737 1459 5791 ad
1507 5739 1686 5794 virum
1736 5742 1840 5795 erit
1871 5742 2162 5798 conversio
2196 5750 2311 5808 tua,

754 5833 810 5879 et
833 5826 947 5895 ipse
973 5827 1339 5884 dominabitur
1364 5837 1460 5883 tut.
1496 5849 1513 5881 ι

2413 4638 2633 4691 δύναται
2667 4636 2726 4689 ού
2753 4634 2969 4706 μικρὸν,
2999 4634 3060 4686 οὐ
3104 4632 3246 4703 μέγα
3293 4630 3549 4685 σαλεῦσαι
3580 4628 3736 4693 ἄστρον
3752 4618 3845 4684 0'5?"

2415 4729 2529 4793 νοῦ,
2557 4730 2593 4787 ἃ
2636 4730 2664 4781 ὁ
2692 4728 2826 4791 Θεὸς
2864 4730 2931 4798 τῇ
2983 4727 3091 4796 ἰδίᾳ
3126 4726 3355 4795 δυνάμει
3405 4708 3846 4794 ἐθεμελίωσενλιάὶιν

2413 4820 2468 4873 δὲ
2515 4820 2792 4887 λέγουσιν,
2858 4820 2941 4872 ὅτι
2999 4816 3229 4886 νεφέλας
3286 4816 3382 4869 καὶ
3435 4812 3611 4873 ὑετοὺς
3646 4802 3845 4895 mpr

2416 4911 2611 4981 γόητες
2668 4908 2973 4979 ἄνθρωποι.
3035 4909 3131 4962 καὶ
3181 4906 3340 4960 τοῦτο
3391 4896 3765 4977 ματαιολογοίσι.
3795 4889 3846 4943 T‘;

2414 5001 2715 5073 ἀνθρώπων
2767 5000 2992 5054 δύναται
3060 5000 3391 5070 πρόσταγμα
3447 4993 3573 5050 Θεοῦ
3620 4980 3844 5077 amatr»???-

2416 5093 2698 5165 γοητεεᾳ;
2775 5093 2844 5146 τὰ
2894 5093 3003 5164 γὰρ
3071 5093 3208 5162 νέφη
3268 5091 3411 5147 κατά
3468 5084 3720 5161 πρόσταξιν
3771 5075 3843 5125 (δεῖ)

2414 5187 2667 5258 ἐκχέουσι
2692 5186 2784 5239 τὸν
2821 5186 2977 5239 ὑετὸν
3003 5186 3098 5238 ἐπὶ
3129 5185 3228 5256 τῆς
3248 5185 3369 5254 γῆς.

2416 5304 2603 5385 “TA.-
2643 5305 2734 5371 τῖ’-
2773 5302 3020 5385 -.ηερι
3060 5300 3184 5385 ,τοῦ
3226 5300 3405 5385 βίου’,
3438 5282 3845 5385 καλ-τίῗ.ῗικέῗὶ’,ῖ,ξ

2484 5358 2734 5427 τούτοὺ’
2782 5372 2881 5426 καὶ
2932 5358 3019 5426 ὅέι
3060 5372 3141 5429 ίὲν
3187 5358 3569 5437 πὲρισέεασμῷ
3615 5358 3693 5414 καὶ
3723 5358 3849 5422 1W"?

2488 5443 2586 5496 καί
2627 5442 2821 5511 ἡμεῖς,
2859 5442 2960 5498 καὶ
2986 5446 3018 5496 ὀ
3056 5442 3197 5507 ,ϐίος
3230 5438 3413 5510 ἡμῶν.

2494 5575 2513 5609 ι
2553 5557 2664 5611 Καὶ
2689 5558 2756 5627 τῇ
2796 5558 3019 5625 γυναικὶ
3064 5550 3217 5609 εἶπεν
3236 5571 3252 5586 ·
3281 5550 3557 5621 Πληθύνων
3582 5538 3773 5633 alto“?

2417 5648 2595 5712 λύπας
2614 5649 2709 5701 καί
2732 5646 2823 5701 τὸν
2849 5647 3153 5718 στεναγμόν
3180 5663 3296 5700 σου.
3332 5645 3415 5698 Ἐν
3431 5642 3606 5699 λύπαις

2418 5741 2513 5793 καὶ
2537 5739 2672 5808 πρὸς
2699 5738 2792 5792 τὸν
2823 5738 2993 5809 ἄνδρα
3022 5756 3116 5792 σου
3145 5740 3177 5809 ή
3208 5732 3511 5807 ἀποστροφή
3543 5744 3638 5789 σου,
3662 5718 3730 5775 καὶ
3748 5721 3845 5766 rm

2424 5849 2517 5886 σου
2548 5829 2846 5909 κυριεύσει.
2878 5850 2898 5881 ι
