4024 6412
44 496 51 505 _
131 402 248 471 1281

1373 405 1609 465 SACRA
1628 399 2087 471 :PARALLELA
2100 454 2113 469 .

3217 406 3237 472 1
3248 408 3352 474 282

195 540 215 573 ι
249 520 526 588 Ἔγκειται
558 520 591 590 ἡ
618 517 821 573 διάνοια
840 519 937 573 τοῦ
963 518 1253 591 ἀνθρώπου
1279 521 1560 592 ἐπιμελῶς
1584 522 1675 575 ἐπὶ

1852 522 1982 578 Gen.
2035 539 2153 587 viu,
2204 523 2292 578 12.
2334 554 2403 565 —
2436 543 2453 575 ι
2489 522 2697 580 Sensus
2738 534 2792 578 et
2822 523 3082 595 cogitatio
3118 526 3356 584 hominis

44 595 68 689 ς
128 614 188 669 τὰ
210 612 418 682 πονηρά
448 611 514 663 ἐκ
540 611 811 679 νεότητος.
853 629 872 663 ι

42 706 61 777 _'
191 725 209 757 ι
239 704 473 774 Πότερον
496 703 615 773 οὐχ).
636 703 992 776 πειρατιίς...όν
1017 703 1168 757 ἐστιν
1187 706 1216 759 6
1241 703 1356 776 βίος
1386 704 1680 777 ἀνθρώπου

54 806 67 879 _‘
126 798 206 852 ἐπὶ
233 796 329 865 τῆς
355 795 490 865 γῆς;
538 813 557 845 ι
654 848 661 859 .

56 894 63 899 ’
192 907 209 940 ι
246 885 632 957 Περισπασμὸν
674 882 909 957 πονηρὸν
944 886 1143 938 ἔδωκεν
1168 888 1195 938 6
1230 885 1363 949 Θεὸς
1386 887 1501 950 τοῖς
1545 888 1682 951 υἱοῖς

56 988 63 993 ’
96 983 220 1037 πῶν
248 979 567 1051 ἀνθρώπων,
597 980 691 1031 τοῦ
722 978 1089 1049 περισπᾶσθαι
1121 980 1179 1031 ὲν
1207 978 1375 1049 αὐτῷ.
1410 998 1429 1030 ›

40 1053 67 1089 "‘-
188 1092 207 1125 ι
242 1072 566 1143 Συνάντημα
623 1070 682 1123 ἒν
734 1071 810 1140 τῷ
854 1070 1047 1141 δικαίῳ
1086 1073 1179 1124 καὶ
1217 1071 1293 1143 τῷ
1341 1071 1548 1138 ἀσεϐεῖ,
1602 1070 1683 1143 τῷ

48 1150 61 1179 ”
122 1159 304 1235 ἀγαθῷ
330 1166 423 1217 καὶ
445 1164 523 1234 τῷ
550 1162 726 1233 κακῷ,
750 1163 828 1233 τῷ
858 1162 1084 1234 καθαρῷ
1114 1164 1208 1216 καὶ
1236 1163 1315 1234 τῷ
1357 1164 1678 1236 ἀκαθάρτῳ,

48 1243 61 1251 ⁸
120 1259 191 1331 τῷ
217 1256 522 1321 θυσιάζοντι
553 1258 648 1310 καὶ
683 1256 761 1327 τῷ
792 1257 868 1328 μὴ
891 1255 1202 1320 θυσιάζοντι
1228 1273 1243 1289 ⁸
1265 1256 1341 1319 ὡς
1376 1262 1405 1311 ὁ
1452 1257 1679 1326 ἀγαθὸς.

117 1355 143 1407 6
172 1350 527 1422 ἁμαρτάνωνσ
568 1348 644 1413 ὠς
681 1347 917 1419 ὀμνύων,
965 1346 1150 1411 καθὼς
1187 1349 1214 1401 ὁ
1248 1348 1339 1400 τὸν
1386 1348 1547 1418 ὅρκον
1582 1364 1680 1416 φο-

52 1434 67 1457 "
118 1445 391 1515 ϐούμενος.
424 1443 595 1497 Τοῦτο
622 1443 857 1513 πονηρὸν
886 1444 945 1495 tv
976 1442 1142 1496 παντὶ
1189 1441 1547 1512 πεποιημένῳ
1576 1441 1681 1495 ὑπὸ

38 1519 65 1531 Μ
114 1540 198 1593 τὸν
222 1536 396 1608 ἥλιον,
427 1538 509 1590 ὅτι
542 1536 859 1606 συνάντημα
879 1533 937 1587 ἓν
966 1537 1079 1597 τοῖς
1110 1535 1299 1587 πᾶσιν,
1342 1554 1360 1585 ι

186 1650 203 1681 ι
239 1631 357 1683 Οὐκ
390 1629 534 1682 ἐστιν
560 1628 808 1699 ἀλήθεια,
844 1628 967 1680 οὐδὲ
1007 1627 1178 1691 ἕλεος,
1222 1628 1344 1680 οὐδὲ
1388 1627 1680 1697 ἐπίγνωσις

36 1710 45 1713 “
112 1723 239 1778 Θεοῦ
282 1725 373 1777 ἐπὶ
393 1722 491 1792 τῆς
515 1721 638 1792 γῆς.
686 1721 843 1791 Ἀρὰ,
876 1722 970 1773 καὶ
991 1719 1211 1789 ψεῦδος.
1240 1722 1338 1773 καὶ
1369 1720 1551 1790 φόνος,
1584 1721 1681 1775 καὶ

112 1812 305 1883 κλοπὴ,
337 1812 429 1865 καὶ
460 1813 677 1880 μοιχεία
700 1809 993 1880 ἐκκέχυται
1019 1809 1115 1863 ἐπὶ
1137 1809 1235 1881 τῆς
1260 1810 1383 1878 γῆς.
1418 1828 1438 1863 ι

182 2009 200 2041 ι
252 1988 390 2043 Ἀπὸ
415 1987 707 2059 φοροῦντος
730 1985 985 2041 ὑάκινθον
1004 1987 1098 2040 καὶ
1129 2002 1414 2055 στεφανόν,
1447 1984 1555 2049 ἕως
1585 2002 1681 2055 φο-

108 2085 329 2157 ροῦντος
380 2082 661 2153 ὠμόλινον,
693 2081 886 2151 θυμὸς,
935 2082 1029 2135 καὶ
1060 2079 1253 2151 ζῆλος,
1306 2080 1401 2133 καὶ
1438 2080 1678 2153 ταραχὴ,

36 2179 53 2209 τ
108 2179 194 2230 καὶ
244 2176 429 2243 σάλος,
462 2176 557 2230 καὶ
607 2174 770 2245 φόϐος
817 2172 1071 2241 θανάτου,
1112 2176 1207 2229 καὶ
1248 2174 1498 2247 μήνισμα
1523 2216 1538 2243 ,
1585 2178 1681 2231 καὶ

42 2276 51 2280 ’
109 2270 240 2340 ἔρις.
286 2289 308 2320 ι

32 2463 47 2491 ι·
175 2464 193 2496 ι
234 2445 356 2498 Οὐκ
382 2443 581 2508 οἴδατε,
624 2444 707 2496 ὅτι
749 2443 784 2515 ἡ
819 2442 971 2514 φιλία
1009 2442 1103 2496 τοῦ
1128 2444 1357 2515 Δκόσμου
1389 2444 1559 2516 ἔχθρα
1584 2444 1679 2499 τοῦ

42 2560 47 2563 <
101 2535 232 2589 Θεοῦ
266 2536 447 2600 tactv;
475 2535 533 2595 ὃς
554 2533 648 2587 ἐὰν
676 2533 911 2606 βουληθῇ
943 2534 1099 2604 φίλος
1150 2531 1291 2589 εἶναι
1321 2535 1416 2590 τοῦ
1443 2537 1678 2609 κόσμου,

30 2652 31 2655 η
105 2628 301 2698 ἐχθρὸς
333 2626 425 2680 τοῦ
455 2626 588 2679 Θεοῦ
616 2626 964 2681 καθίσταται.
1016 2645 1035 2678 ι

171 2740 188 2771 ι
233 2719 335 2790 Μὴ
362 2720 609 2787 ἀγαπᾶτε
630 2719 721 2771 τὸν
748 2718 972 2787 κόσμον,
1010 2717 1146 2788 μηδὲ
1182 2718 1251 2771 τὰ
1274 2719 1331 2771 ὲν
1358 2718 1435 2789 τῷ
1462 2718 1679 2792 κόσμῳ.

111 2812 235 2865 Ἐάν
264 2829 352 2874 τις
381 2812 569 2881 ἀγαπᾷ
598 2810 691 2863 τὸν
734 2809 957 2880 κόσμον,
988 2810 1090 2863 οὐκ
1131 2811 1278 2863 ἔστιν
1304 2813 1335 2883 ἡ
1361 2812 1550 2884 ἀγάπη
1584 2813 1680 2866 τοῦ

102 2903 325 2975 Πατρὸς
353 2906 408 2955 ἐν
430 2902 577 2973 αὐτῷ
597 2918 611 2934 °
643 2903 724 2955 ὅτι
760 2902 868 2955 πᾶν
900 2902 960 2954 τὸ
990 2904 1048 2953 ὲν
1077 2902 1156 2971 τῷ
1185 2903 1393 2974 κόσμῳ,
1429 2906 1461 2974 ἡ
1494 2904 1683 2958 ἐπιθυ-

102 2997 195 3065 μία
226 2998 337 3068 τῆς
370 2996 592 3067 σαρκὸς,
624 2997 769 3066 καὶὴ
804 2994 1070 3064 ἐπιθυμία
1095 2994 1203 3047 τῶν
1225 2995 1539 3065 ὀφθαλμῶν,
1584 2997 1682 3049 καὶ

100 3093 127 3159 ἠ
160 3090 461 3156 ἀλαζονεία
499 3088 594 3142 τοῦ
624 3088 740 3159 βίου
764 3129 779 3152 ,
813 3088 848 3159 ἢ
879 3089 977 3141 οὐκ
1007 3087 1155 3141 ἔστιν
1202 3089 1264 3141 ὲκ
1314 3088 1407 3141 τοῦ
1444 3088 1678 3160 Πατρὸς,

26 3216 29 3219 λ
94 3182 209 3235 ἀλλ’
240 3182 319 3235 ὲκ
340 3182 431 3234 τοῦ
468 3182 677 3250 κόσμου
723 3178 889 3232 ἐστίν.
931 3180 1040 3231 Καὶ
1072 3179 1098 3230 ό
1156 3178 1360 3249 κόσμος
1399 3182 1667 3251 παράγει,

95 3276 188 3327 καί
221 3277 257 3346 ἡ
297 3235 587 3345 ἐπιθυμία⁸
609 3270 794 3327 αὑτοῦ.
832 3271 891 3325 '0
918 3270 975 3324 δὲ
1029 3271 1198 3325 ποιῶν
1248 3235 1313 3325 τὸ
1340 3235 1674 3343 θέ).ημα’τοῦ
1705 3235 1753 3298 c

90 3370 256 3432 Θεοῦ,
288 3369 444 3440 μένει
473 3370 553 3431 είς
575 3367 665 3421 τὸν
688 3365 879 3421 αἰῶνα.
924 3385 943 3417 ι

161 3461 612 3522 Πολυστένακτος
630 3460 658 3511 ὁ
677 3457 791 3529 βίος
807 3460 839 3527 ἡ
847 3456 984 3529 μῶν,
1000 3458 1094 3511 καὶ
1115 3458 1418 3529 κατηφείας
1442 3459 1676 3531 πλήρης.

169 3644 236 3698 '0
272 3643 484 3711 κόσμος
510 3632 665 3704 οὗτος
689 3639 1132 3712 ξπροηγουμένως
1174 3638 1273 3710 μὲν
1309 3638 1678 3691 διδασκαλεῖον

85 3737 184 3789 καὶ
231 3734 628 3805 παιδευτηριον
669 3731 779 3783 τῶν
826 3731 1182 3800 ἀνθρωπίνων
1235 3730 1426 3800 ψυχῶν
1485 3730 1672 3783 ἐστιν’

80 3828 297 3881 ἔπειτα
334 3826 516 3896 μέντοι
558 3824 651 3878 καὶ
680 3823 827 3887 ἅπαξ
865 3822 1049 3886 ἁπλῶς
1091 3822 1199 3875 τῶν
1232 3825 1291 3876 ὲν
1337 3822 1552 3892 γενέσει
1582 3822 1679 3875 καὶ⁵

81 3919 278 3990 φθορᾷ
349 3915 650 3986 ἐπιτήδειον
708 3913 1049 3983 ἐνδιαίτημα.
1110 3912 1373 3984 Συμφυὴς
1439 3912 1549 3984 ἄρα
1597 3911 1678 3983 τῷ

78 4014 320 4082 κόσμῳ,
365 4010 601 4073 καὶτοῖς
648 4011 705 4062 tv
750 4006 898 4077 αὐτῷ
927 4006 1088 4072 ζώοις
1137 4023 1197 4059 τε
1239 4009 1336 4061 καὶ
1388 4009 1595 4076 φυτοῖς,
1634 4008 1669 4077 ἡ

76 4109 295 4177 χρόνου
328 4102 557 4169 διέξοδος
588 4101 813 4173 ἐπέστη,
845 4098 1172 4171 ἐπειγομένη
1204 4099 1311 4162 ἀεὶ,
1343 4100 1440 4153 καὶ
1464 4102 1676 4172 παραρ-

75 4200 331 4268 ρἑυσα,
365 4198 459 4250 καὶ
494 4194 755 4266 μηδαμῶς
786 4193 1065 4265 παυομένη
1092 4195 1187 4246 τοῦ
1225 4192 1460 4267 δρόμου.

151 4380 247 4431 Τὰ
279 4376 392 4431 ἀπὸ
429 4375 621 4446 χρόνου
643 4375 946 4447 ἀρξάμενα,
985 4376 1197 4447 ἀνάγκη
1233 4376 1453 4441 πάντως
1484 4378 1581 4432 καὶ
1607 4378 1669 4431 ἐν

70 4471 277 4542 χρόνῳ
340 4467 726 4521 συντελεῖσθαι.
785 4469 847 4520 Εἰ
888 4468 1063 4539 ἀρχὴν
1092 4467 1206 4539 ἔχει
1257 4469 1539 4542 χρονικὴν,
1600 4470 1675 4543 μὴ

68 4560 425 4633 ἁμφιϐἀλῃς
458 4560 585 4631 περὶ
613 4559 706 4613 τοῦ
736 4558 944 4625 τέλους.

160 4738 231 4791 '0
261 4736 476 4806 κόσμος
506 4731 657 4798 οὗτος
690 4734 851 4797 αὐτός
877 4734 938 4787 τέ
972 4736 1089 4788 ἐστι
1116 4734 1329 4806 θνητὸς,
1358 4737 1453 4791 καὶ
1480 4737 1689 4810 χωρίον’

62 4832 582 4905 ἀποθνησκόντων.
628 4831 844 4903 Ἐπειδὴ
875 4829 982 4901 γὰρ
1027 4830 1279 4896 σύνθετός
1312 4834 1461 4885 ἐστιν
1495 4835 1529 4903 ή
1563 4832 1674 4885 τῶν

56 4926 401 4999 ὁρωμένων
430 4923 705 4987 σύστασις,
730 4923 790 4974 τὸ
813 4922 871 4975 δὲ
896 4920 1149 4975 σύνθετον
1176 4922 1321 4976 ἆπαν
1348 4922 1669 4976 διαλύεσθαι

57 5024 373 5090 πέφυκεν,
406 5018 455 5069 ot
508 5017 564 5069 tv
606 5015 683 5086 τῷ
719 5016 909 5085 κόσμῳ
936 5015 1159 5079 ζῶντες,
1205 5015 1345 5086 μέρη
1393 5015 1547 5079 ὄντες
1576 5015 1673 5069 τοῦ

52 5116 353 5183 κόσμου,
393 5109 711 5177 ἀναγκαίως
755 5108 853 5179 τῆς
883 5106 977 5161 τοῦ
1024 5105 1226 5170 παντὸς
1268 5106 1484 5175 φύσεως
1540 5108 1678 5161 ἀπο-

50 5208 131 5259 λα
140 5206 215 5257 ὑο
221 5218 365 5274 μεν.

132 5380 273 5432 Τὸν
318 5375 416 5445 μὲν
443 5373 595 5428 οῦπω
618 5376 730 5438 τοῖς
755 5373 974 5443 δεσμοῖς
995 5373 1092 5427 τοῦ
1115 5372 1296 5444 γάμου
1320 5372 1677 5441 συνεζευγμέ-

43 5493 183 5535 νον,
217 5467 536 5529 λυσσώδεις
569 5466 879 5537 ἐπιθυμίαι,
926 5467 1020 5520 καὶ
1062 5467 1234 5537 ὁρμαὶ
1284 5466 1670 5532 δυσκάθεκτοι,

42 5566 160 5619 καὶ
188 5562 425 5633 ἔρωτες
451 5557 751 5629 δυσέρωτες
774 5558 1188 5629 ἐκταράττουσι.
1213 5559 1316 5612 Τὸν
1337 5558 1393 5612 δὲ
1413 5560 1513 5631 ήδη
1541 5576 1675 5613 κατ-

38 5650 441 5725 ειλημμένον
492 5650 745 5721 ὁμοζύγῳ
793 5652 978 5722 ἕτερος
1008 5650 1235 5722 θόρυϐος
1276 5650 1384 5705 τῶν
1451 5651 1674 5723 φροντί-

34 5752 175 5803 δων
221 5742 529 5812 ἐκδέχεται
552 5759 568 5775 ·
600 5743 658 5796 tv
686 5742 911 5815 ἀπαιδίᾳ
936 5742 1144 5797 παίδων
1182 5742 1464 5812 ἐπιθυμία,
1514 5746 1572 5797 ὲν
1607 5746 1673 5815 τῇ

34 5838 299 5909 κτήσει
339 5832 444 5887 τῶν
470 5832 675 5888 παίδων
696 5833 1087 5905 παιδοτροφίας
1119 5835 1382 5906 μέριμνα,
1415 5835 1675 5905 γυναικὸς

1786 630 1952 686 pruna
1985 627 2113 671 sunt
2139 616 2203 669 ad
2242 618 2442 670 malum
2476 618 2543 670 ab
2566 618 2932 671 adolescentia
2961 632 3081 672 sua.
3120 636 3140 669 ι

1850 705 1973 759 .Iac.
2017 724 2114 772 vn,
2152 707 2204 761 1.
2234 737 2306 746 -
2351 725 2369 759 ι
2405 706 2665 777 Nunquid
2698 723 2804 761 non
2856 707 3087 762 teutatio
3131 716 3215 762 est
3246 708 3357 762 vita

1780 798 2018 852 hominis
2051 813 2217 867 super
2244 808 2446 853 terram
2479 798 2502 850 ?
2530 817 2549 849 ι

1856 889 2027 943 Eccli.
2060 905 2211 955 χχχι,
2244 889 2333 943 15.
2365 919 2435 930 -
2478 908 2495 940 ι
2529 888 2960 959 Occupationem
2984 888 3185 941 malam
3212 887 3361 942 dedit

1782 979 1925 1035 Deus
1964 980 2093 1035 (iliis
2123 980 2430 1045 hominum,
2456 990 2517 1033 ut
2539 988 2885 1049 occupentur
2916 983 2968 1032 in
3007 995 3092 1033 ea.
3125 998 3145 1031 ι

1852 1070 2029 1126 Eccle.
2063 1087 2139 1136 Ix,
2175 1073 2228 1135 ‘5,
2250 1071 2381 1125 4.-
2416 1090 2434 1123 ι
2466 1074 2705 1127 Eventus
2734 1088 2877 1127 unus
2901 1072 3053 1143 justo
3081 1080 3136 1125 et
3170 1072 3358 1143 impio,

1781 1163 1930 1219 bono
1956 1171 2009 1217 et
2060 1164 2227 1227 multi,
2276 1164 2480 1217 mundo
2528 1173 2581 1218 et
2632 1165 2861 1235 polluto,
2920 1164 3260 1218 sacriﬁcanti
3308 1172 3363 1219 et

1782 1271 1890 1309 non
1925 1254 2283 1309 sacrilicanti.
2342 1252 2430 1306 Sic
2470 1253 2672 1317 bonus,
2712 1261 2771 1307 ut
2813 1263 3113 1321 peccator:
3154 1253 3234 1307 sic
3271 1252 3361 1323 ju-

1782 1359 1932 1408 rans,
1972 1343 2115 1397 sicut
2148 1342 2514 1409 iuramentum
2558 1344 2777 1397 timens.
2806 1341 2921 1395 Hoc
2956 1352 3039 1397 est
3066 1343 3360 1412 pessimum

1782 1434 1838 1489 in
1866 1437 2012 1490 omni
2066 1433 2215 1505 quod
2262 1432 2464 1488 factum
2493 1443 2578 1491 cst
2625 1436 2730 1491 sub
2785 1434 2919 1499 sole,
2949 1433 3095 1506 quod
3128 1442 3359 1490 eventus

1781 1541 1927 1581 unus
1964 1527 2223 1581 omnibus
2263 1526 2357 1581 sit.
2394 1544 2413 1577 ι

1856 1615 1987 1671 Osee
2034 1634 2109 1683 iv,
2145 1619 2200 1675 2.
2248 1650 2319 1661 -—
2361 1638 2380 1671 ι
2412 1616 2531 1673 Non
2563 1626 2646 1675 est
2674 1617 2902 1683 veritas,
2934 1633 3111 1687 neque
3145 1615 3361 1673 miseri-

1781 1709 1991 1775 cordia,
2022 1725 2197 1779 neque
2227 1712 2459 1766 scientia
2481 1710 2575 1766 Dei
2603 1726 2767 1780 super
2788 1719 3010 1764 terram.
3032 1707 3357 1774 Maledictio,

1785 1811 1840 1856 et
1874 1802 2242 1869 mendacium,
2281 1813 2334 1857 et
2369 1803 2749 1867 homicidium,
2775 1810 2829 1857 et
2862 1801 3092 1866 furtum,
3119 1813 3173 1855 et
3206 1802 3363 1856 adul-

1715 1899 1758 1955 Β
1788 1894 1981 1948 terium
2008 1894 2240 1950 eﬂ‘usum
2272 1902 2355 1949 est
2395 1910 2559 1963 super
2588 1906 2809 1949 terram.
2846 1912 2865 1944 ι

1856 1982 2024 2038 Eccli.
2058 2000 2147 2049 η,
2179 1985 2236 2046 4,
2265 1984 2320 2038 5.
2347 2015 2417 2025 -
2444 1984 2605 2055 392
2640 2002 2659 2035 ι
2696 1985 2779 2038 Ab
2810 1998 2874 2037 eo
2904 1981 2996 2052 qui
3030 1981 3202 2035 utitur
3228 1980 3363 2051 hya-

1782 2074 1996 2142 cintho,
2029 2084 2083 2132 et
2118 2086 2299 2147 portat
2326 2091 2609 2139 coronam,
2641 2091 2816 2145 usque
2844 2075 2910 2129 ad
2941 2090 3063 2129 eum
3102 2072 3197 2143 qui
3232 2087 3363 2142 ope-

1781 2170 1924 2224 ritur
1971 2169 2084 2223 lino
2116 2170 2309 2234 crudo,
2363 2168 2517 2223 furor
2555 2177 2609 2221 et
2666 2170 2836 2233 zelus,
2880 2175 2937 2222 et
2978 2166 3269 2228 tumultus,
3306 2170 3363 2219 et

1781 2262 2093 2325 ﬂuctuatio,
2124 2272 2178 2317 et
2208 2262 2370 2316 timor
2413 2263 2628 2325 mortis,
2660 2260 2943 2315 iracundia
2980 2273 3360 2331 perseverans,

1781 2361 1837 2408 et
1869 2353 2171 2407 contentio.
2205 2372 2223 2404 ι

1850 2446 1971 2499 Jac.
2001 2462 2074 2508 ιν,
2097 2446 2151 2503 4.
2178 2476 2249 2485 -
2284 2464 2303 2497 ι
2343 2447 2424 2499 An
2476 2445 2699 2499 nescitis
2723 2447 2851 2515 quia
2878 2446 3118 2498 amicitia
3149 2444 3358 2511 mundi,

1782 2537 2072 2592 inimicitia
2101 2546 2185 2592 est
2221 2536 2467 2607 Dei?qui
2500 2538 2739 2592 voluerit
2764 2539 2975 2592 amicus
3001 2552 3123 2592 esse
3150 2537 3361 2603 mundi,

1783 2626 2043 2683 inimicus
2072 2626 2163 2681 Dei
2195 2630 2571 2681 constituitur.
2608 2647 2626 2679 ›

1854 2717 1884 2772 Ι
1915 2719 2079 2774 Joan.
2110 2736 2173 2786 ιι,
2204 2720 2390 2775 15-17.
2428 2751 2499 2761 —
2547 2739 2565 2772 ι
2601 2721 2777 2774 Nolite
2810 2720 3041 2789 diligere
3073 2720 3359 2787 mundum,

1782 2825 1961 2880 neque
1995 2826 2058 2865 ea
2090 2827 2212 2881 qua:
2244 2812 2297 2865 in
2327 2812 2532 2865 mundo
2570 2822 2718 2867 sunt.
2754 2811 2809 2865 Si
2842 2814 2969 2882 quis
2989 2813 3168 2883 diligit
3203 2830 3363 2867 mun-

1781 2899 1935 2962 dum,
1974 2915 2083 2953 non
2144 2911 2227 2955 est
2259 2900 2500 2954 Charitas
2533 2900 2710 2955 Patris
2764 2903 2820 2955 in
2862 2917 2928 2956 eo
2970 2922 2983 2956 :
3040 2902 3167 2972 quia
3201 2918 3363 2958 omne

1782 2993 1926 3063 quod
1956 3002 2043 3048 est
2078 2993 2131 3047 in
2183 2994 2413 3059 mundo,
2444 3007 2527 3049 est
2577 2996 3030 3064 concupiscentia
3068 2997 3274 3060 carnis,
3306 3006 3361 3051 ct

1782 3085 2234 3156 concupiscentia
2295 3090 2605 3153 oculorum,
2654 3096 2707 3140 et
2762 3071 3016 3157 supdrhia
3049 3089 3192 3152 vitaz,
3242 3105 3362 3158 qua:

1780 3194 1889 3232 non
1922 3186 2007 3233 est
2047 3194 2112 3233 ex
2158 3177 2340 3242 Patre,
2396 3178 2489 3234 sed
2539 3196 2602 3234 cx
2641 3180 2844 3233 mundo
2881 3192 2984 3235 est.
3022 3182 3085 3234 Et
3122 3182 3361 3236 mundus

1783 3272 1980 3325 transit
2009 3280 2066 3325 et
2093 3272 2540 3341 concupiscentia
2564 3272 2706 3339 ejus.
2741 3271 2844 3338 Qui
2878 3286 3060 3328 autem
3102 3272 3231 3327 facit
3261 3289 3360 3327 vo-

1779 3364 2050 3418 luntatem
2083 3362 2197 3427 Dei,
2229 3379 2410 3419 manet
2435 3366 2488 3418 in
2514 3375 2799 3420 mternum.
2832 3385 2850 3417 ι

1849 3454 1972 3508 Vita
2029 3464 2217 3511 nostra
2260 3457 2559 3526 gemitibus
2622 3459 2807 3514 multis
2856 3458 3093 3513 obnoxia
3146 3468 3257 3523 est,
3306 3470 3361 3516 ct

1780 3544 2034 3598 maeroris
2072 3545 2256 3613 plena.

1849 3635 2020 3690 Basil.
2050 3639 2208 3690 Hom.
2248 3637 2273 3690 1
2307 3637 2363 3689 in
2392 3636 2523 3692 Gen.
2575 3666 2645 3674 —
2673 3634 2911 3693 Mundus
2952 3639 3063 3705 hic,
3120 3640 3358 3709 primum

1781 3728 2001 3800 quidem
2026 3730 2390 3783 humanorum
2424 3729 2732 3784 animorum
2765 3731 2954 3786 schola
2989 3732 3362 3803 gymnasium-

1780 3835 1886 3893 que
1911 3827 1995 3875 est
2026 3839 2039 3875 :
2075 3829 2303 3889 tumque
2350 3829 2405 3873 et
2433 3835 2544 3873 uno
2583 3823 2778 3886 verbo.
2812 3832 2995 3892 aptum
3040 3838 3231 3877 eorum
3263 3823 3361 3877 do-

1780 3911 2050 3966 micilium
2091 3911 2185 3981 qui
2238 3912 2292 3965 in
2323 3910 2675 3982 generatione
2702 3922 2754 3967 et
2780 3914 3135 3985 corruptione
3166 3924 3355 3985 agunt.

1780 4004 2053 4071 Quocirca
2090 4005 2351 4071 temporis
2381 4005 2722 4059 curriculum
2768 4006 2996 4069 mundo,
3045 4015 3211 4077 atque
3237 4010 3358 4063 ani-

1780 4097 2088 4164 mantibus,
2116 4106 2170 4151 et
2194 4096 2462 4165 stirpibus
2484 4112 2606 4163 quae
2637 4097 2691 4151 in
2721 4098 2925 4153 mundo
2956 4109 3105 4165 sunt,
3128 4100 3356 4169 ingruit,

1780 4202 2083 4258 properans
2118 4200 2333 4256 semper
2380 4194 2436 4239 et
2484 4185 2734 4253 eillueus,
2788 4204 2891 4243 nec
2947 4205 3189 4259 unquam
3233 4206 3358 4245 cur-

1780 4278 1932 4334 rendi
1968 4280 2126 4333 ﬁnem
2159 4278 2384 4334 faciens.

1851 4369 1993 4426 Ibid.
2025 4400 2096 4411 —
2120 4369 2251 4437 Qua:
2281 4386 2310 4423 a
2336 4378 2580 4440 tempore
2618 4387 2743 4427 esse
2774 4382 3082 4442 creperum,
3117 4388 3179 4427 ea
3212 4389 3354 4442 quo-

1780 4478 1883 4533 que
1912 4464 1967 4517 in
1996 4473 2241 4533 tempore
2270 4462 2521 4518 desinere
2569 4480 2798 4519 necesse
2843 4473 2947 4519 est.
3007 4463 3063 4518 Si
3119 4468 3357 4521 mundus

1708 4572 1754 4629 υ
1782 4555 2083 4625 temporale
2111 4556 2397 4610 exordium
2432 4556 2644 4621 habuit,
2682 4558 2751 4612 de
2797 4556 2903 4611 fine
2928 4556 3064 4611 nihil
3098 4567 3181 4613 est
3209 4560 3354 4630 quod

1781 4645 2023 4700 dubites.

1853 4731 1995 4786 Ibid.
2032 4759 2100 4771 —
2129 4730 2365 4785 Mundus
2411 4731 2525 4796 hic,
2584 4740 2639 4786 et
2693 4734 2947 4788 mortalis
2998 4734 3115 4804 ipse
3164 4745 3268 4799 est,
3301 4745 3356 4791 et

1780 4823 2131 4878 morientium
2158 4824 2332 4892 regio.
2357 4822 2627 4889 Quoniam
2678 4826 2825 4881 enim
2865 4842 3054 4881 eorum
3096 4844 3217 4898 quae
3255 4830 3357 4883 sub

1780 4927 2004 4971 sensum
2054 4914 2280 4979 cadunt,
2313 4916 2617 4985 composita
2673 4917 2981 4971 substantia
3020 4928 3148 4973 est:
3189 4920 3354 4988 quid-

1778 5010 1911 5082 quid
1966 5024 2099 5065 vero
2145 5010 2512 5079 compositum
2548 5017 2653 5074 est,
2698 5011 2841 5066 hanc
2881 5020 3137 5067 naturam
3167 5015 3351 5079 habet,

1778 5114 1841 5159 ut
1868 5103 2241 5169 dissolvatur;
2268 5118 2367 5156 nos
2393 5116 2615 5172 quoque
2646 5104 2739 5171 qui
2772 5104 2827 5157 in
2858 5106 3059 5158 mundo
3092 5105 3349 5166 vivimus,

1777 5204 1831 5250 et
1864 5209 1991 5264 pars
2028 5192 2219 5247 mundi
2260 5206 2472 5257 sumus,
2510 5202 2718 5249 natura!
2747 5194 2915 5250 etiam
2945 5194 3131 5247 mundi
3159 5210 3350 5249 sumus

1776 5287 2098 5359 participes.

1849 5376 1909 5433 S.
1941 5378 2113 5433 Basil.
2157 5378 2313 5447 epist.
2341 5378 2394 5444 1,
2434 5377 2516 5431 Ad
2545 5375 2699 5447 Greg.
2753 5377 2911 5432 theol.
2934 5408 3005 5418 --
3028 5376 3163 5431 Eum
3196 5378 3354 5449 equi-

1776 5470 1935 5536 dem,
1983 5471 2078 5540 qui
2137 5470 2472 5525 matrimonii
2531 5470 2773 5525 nondum
2820 5469 3081 5524 astrictus
3116 5468 3350 5525 vinculis

1776 5570 1881 5625 est,
1913 5561 2115 5617 rabidae
2164 5561 2525 5633 cupiditates,
2572 5561 2931 5632 eﬂ‘renatique
2985 5561 3247 5632 impetus,
3295 5572 3351 5618 et

1774 5653 1965 5708 miseri
2002 5654 2221 5724 quidam
2262 5668 2478 5709 amores
2528 5653 2831 5723 exagitant.
2866 5653 3001 5708 Eum
3033 5662 3219 5710 autem
3254 5654 3349 5724 qui

1776 5743 1933 5798 uxori
1992 5743 2105 5815 jam
2148 5744 2393 5799 annexus
2431 5751 2535 5810 est,
2589 5743 2728 5798 alter
2763 5758 3022 5799 curarum
3077 5745 3349 5799 tumultus

1775 5833 1979 5907 excipit
2018 5851 2036 5891 :
2082 5835 2141 5891 in
2176 5836 2467 5893 sterilitate
2510 5835 2681 5907 prolis
2716 5836 3070 5903 desiderium,
3122 5836 3177 5892 in
3214 5848 3363 5918 pro:
