3910 6400
75 383 180 448 1285

1238 381 1473 439 SACRA
1523 381 1978 441 PARALLELA.

3103 382 3244 448 1286

73 495 236 565 ὶφεθὲν
262 492 591 562 ἀνατρεχειν.
623 492 696 545 Τὸ
732 492 788 545 δὲ
817 493 879 545 ἐκ
907 508 1278 563 προαιρεσεως
1301 532 1317 555 ,
1352 492 1578 564 ἐννομὼ·

1703 498 1831 565 ιυοά
1873 503 2120 549 coactum
2166 505 2271 561 est,
2316 512 2422 550 non
2460 511 2621 551 secus
2668 508 2731 549 ac
2780 495 2961 565 planta
2995 498 3248 550 manibus

73 602 195 642 εατον
220 582 328 652 ἅμα
364 582 457 634 καὶ
487 581 908 649 ἀσφαλέστατον,
938 582 1147 645 εὐνοίας
1166 582 1347 653 δεσμῷ
1387 583 1587 654 τηρού-

74 691 215 731 ιενον.
250 702 309 715 -ο
336 672 697 743 Βονλομένων,
727 675 789 727 οὐ
822 674 1262 744 τυραννουμένων
1288 675 1349 728 τὸ
1369 673 1469 743 τῆς
1496 675 1586 727 εὐ-

73 766 243 827 ςεὸείας
270 765 582 835 μυστήριον.

109 1050 173 1102 Τό
198 1066 253 1102 τε
284 1046 638 1118 βεϐιασμένον
656 1086 673 1111 ,
714 1049 808 1102 καὶ
835 1048 997 1115 ἀηδὲς
1022 1047 1157 1119 ταχύ
1182 1064 1196 1080 ⁸
1232 1048 1293 1101 τὸ
1330 1048 1387 1100 δὲ
1426 1048 1584 1102 ἀδία-

71 1156 176 1203 ιτον,
210 1142 304 1195 οὐκ
334 1141 446 1211 ἔχει
479 1140 661 1212 κόρον,
715 1140 828 1194 ἀλλ’
858 1141 945 1193 ἀεὶ
982 1138 1165 1211 χάριτί
1200 1157 1260 1194 τε
1294 1142 1389 1193 καὶ
1434 1140 1586 1211 πόθῳ

71 1233 229 1287 ιάλλει.

110 1322 338 1375 Μάλιστα
369 1309 584 1372 πάντων
612 1321 951 1390 Χριπιανοῖς
982 1320 1081 1373 οὐκ
1110 1320 1316 1389 ἐφίεται
1359 1320 1419 1373 τὸ
1450 1320 1585 1391 πρὸς

71 1416 153 1467 λίαν
182 1412 507 1483 ἐπανορθοῦν
548 1412 618 1465 τὰ
668 1412 777 1466 τῶν
803 1413 1215 1483 ἁμαρτημάτων
1243 1412 1581 1481 πταίσματα.

72 1510 112 1560 l6
138 1508 234 1575 γὰρ
285 1506 411 1569 τοὺς
439 1506 647 1575 ἀνάγκῃ
677 1506 774 1575 τῆς
806 1505 1002 1568 κακίας
1032 1505 1418 1575 ἀπεχομένους,
1449 1504 1585 1560 ἀλλὰ

72 1602 156 1661 ὀὺς
176 1598 506 1669 προαιρέσει,
531 1600 784 1665 στεφανοῖ
814 1599 841 1650 6
873 1597 1025 1661 Θεός.

108 1693 195 1747 Βία
222 1693 339 1763 Θεῷ
362 1692 420 1745 οὐ
452 1690 762 1762 πρόσεστιν.

70 1802 83 1854 Γ
87 1808 203 1862 1ΤΛ.
231 1806 308 1861 H'.
342 1836 412 1847 —
439 1803 577 1872 Περὶ
598 1803 972 1910 βλαῖξήμου
1002 1802 1100 1857 καὶ
1126 1800 1575 1874 μεγαλορῤἤιιο-
1607 1853 1651 1910 b

731 1891 855 1939 νος.

106 1988 122 2021 t
148 1963 271 2022 Εἷπε
301 1968 506 2040 Κύριος
554 1968 690 2039 πρὸς
728 1966 934 2039 Μωσῆν
955 1983 971 1999 ⁸
1004 1966 1250 2037 Λάλησον
1290 1968 1403 2029 τοῖς
1445 1965 1583 2026 υίοῖς

70 2062 262 2133 ισραὴλ,
314 2062 522 2130 λέγων·
583 2061 900 2131 Ἀνθρωπος
954 2059 1012 2123 ὃς
1058 2061 1150 2114 ἐὰν
1204 2057 1581 2127 καταράσηται

70 2153 173 2213 ιεὸν,
196 2152 463 2221 ἁμαρτίαν
500 2151 728 2222 λήψεται
753 2166 768 2182 ⁶
811 2152 841 2203 6
886 2149 1169 2219 ὀνομάζων
1195 2151 1250 2204 δὲ
1270 2150 1439 2220 ὄνομα
1472 2151 1583 2203 Κυ-

70 2247 161 2310 ιίου,
190 2247 353 2311 λίθοις
386 2245 726 2299 λιθοϐολείτω
758 2245 922 2300 αὑτὸν
944 2246 1093 2301 πᾶσα
1127 2244 1417 2315 συναγωγὴ
1448 2244 1581 2298 υίῶν

70 2338 257 2407 Ισραήλ.
305 2358 324 2390 ι
1416 2390 1419 2393 η

103 2446 119 2477 ι
150 2428 233 2499 Μὴ
261 2427 525 2495 ἐξελθέτω
548 2426 1067 2500 μεγαλορρημοσύνη
1097 2428 1162 2480 ἐκ
1189 2426 1283 2479 τοῦ
1316 2426 1582 2498 στόματος

75 2535 188 2588 μων.
228 2539 247 2572 ι

103 2628 118 2660 ι
159 2610 216 2662 Τί
244 2612 543 2681 ἐτόλμησεν
573 2612 605 2682 ἡ
652 2610 846 2681 καρδία
888 2627 1003 2677 σου,
1035 2611 1115 2666 ὅτι
1150 2610 1320 2683 θυμὸν
1346 2609 1581 2683 ἔρρηξας

68 2717 191 2755 ναντι
222 2703 431 2776 Κυρίου
450 2720 465 2768 ;
507 2721 525 2755 ι

102 2904 117 2935 ι
160 2885 558 2959 Ἐξολοθρεύσει
587 2884 791 2954 Κύριος
827 2884 1003 2938 πάντα
1040 2883 1110 2937 τὰ
1134 2882 1283 2953 χείλη
1314 2881 1381 2935 τὰ
1409 2880 1579 2945 δόλια,

69 2976 256 3031 λῶσσαν
285 2978 745 3049 μεγαλορῤήμονα
765 2992 777 3004 '
810 2978 934 3040 τοὺς
971 2977 1243 3039 εἰπόντας,
1267 2975 1377 3046 Τὴν
1408 2974 1582 3043 γλῶσι

69 3088 121 3121 αν
146 3071 290 3142 ἡμῶν
316 3071 734 3141 μεγαλυνοῦμεν
754 3110 768 3133 ,
813 3068 882 3122 τὰ
912 3068 1066 3139 χείλη
1100 3068 1255 3139 ἡμῶν
1285 3067 1414 3138 παρ’
1449 3069 1581 3138 ήμῖν

66 3180 132 3215 στι
154 3180 167 3193 ο
195 3165 275 3227 τίς
300 3163 465 3236 ἡμῶν
492 3163 679 3234 κύριός
712 3163 891 3228 ἐστιν;
928 3180 946 3213 ι

99 3272 114 3304 t
155 3255 608 3325 Ἀφανισθήσεται
636 3255 940 3324 Σαμάρεια,
967 3254 1049 3305 ὃτι
1074 3253 1293 3307 ἀντεῖπε
1327 3250 1461 3321 πρὸς
1484 3249 1575 3303 τὸν

66 3347 143 3398 ἐὸν
182 3348 351 3419 αὐτῆς
378 3363 395 3381 ο
447 3349 503 3399 ἐν
554 3345 798 3417 ῥομφαίᾳ
844 3343 1134 3397 πεσοῦνται
1182 3344 1355 3409 αὐτοὶ,
1384 3342 1577 3396 καὶτὰ

66 3440 283 3493 ποτίτθια
314 3438 499 3495 αὐτῶν
532 3437 1003 3507 ἐδαφισθήσονται.
1041 3454 1059 3486 ι

95 3551 110 3582 ι
140 3533 426 3587 Μεθύσατε
460 3532 642 3595 αὐτὸν,
668 3532 750 3584 ὅτι
776 3531 869 3583 ἐπὶ⁵
901 3530 1105 3599 Κύριον
1136 3526 1500 3597 ἐμεγαλύνθη.
1550 3546 1568 3578 ι

1601 3188 1645 3247 C

91 3726 107 3757 ι
138 3708 270 3762 Τάδε
316 3709 470 3776 λέγει
497 3707 735 3780 Κύριος·
780 3705 997 3776 Ἐπειδὴ
1024 3705 1261 3768 δέδωκας
1303 3705 1402 3775 τὴν
1438 3721 1574 3777 καρ-

66 3796 126 3849 ἀν
155 3815 242 3852 σου
266 3799 344 3864 ὡς
383 3797 611 3870 καρδίαν
631 3796 787 3859 Θεοῦ,
821 3797 929 3849 ίδοὺ
972 3796 1162 3864 ἐπάγω
1187 3794 1281 3847 ἐπὶ
1318 3795 1377 3847 σὲ
1417 3794 1573 3847 ἀλλο-

65 3891 202 3955 ιίους,
238 3892 467 3964 λοιμοὺς
500 3889 691 3954 ἐθνῶν,
726 3888 820 3944 καὶ
854 3886 1219 3941 ἐκκενώσουσι
1245 3886 1340 3949 τὰς
1379 3885 1575 3957 μαχαί-

65 3998 111 4044 ις
132 3982 305 4038 αὐτῶν
336 3983 434 4036 ἐπὶ
468 3982 547 4046 σὲ,
572 3982 667 4035 καὶ
695 3981 788 4034 ἐπὶ
817 3979 878 4033 τὸ
914 3978 1107 4041 κάλλος
1139 3978 1239 4046 τῆς
1264 3978 1573 4048 ἐπιστήμης

65 4087 123 4136 tu,
153 4077 242 4129 καὶ
268 4074 581 4147 στρώσουσι
610 4072 674 4126 τὸ
702 4072 898 4134 κάλλος
921 4088 1014 4124 σου
1036 4073 1115 4133 εὶς
1136 4068 1433 4124 ἀπώλειαν.
1477 4087 1495 4120 ι

85 4269 103 4304 t
131 4252 516 4324 Φιλάνθρωπον
543 4251 759 4322 πνεῦμα
777 4251 988 4319 σοφίας,
1020 4251 1115 4304 καὶ
1139 4249 1199 4303 οὐ
1234 4248 1572 4321 κατορθώσει

66 4344 317 4417 ιὰσφημον
352 4346 462 4400 ἀπὸ
486 4345 710 4416 χειλέων
746 4342 932 4398 αὑτοῦ.
974 4362 993 4394 ι

84 4454 102 4488 t
142 4438 198 4493 Ὀ
232 4439 447 4511 βάλλων
481 4437 626 4493 λίθον
654 4440 735 4502 είς
762 4438 913 4508 ὕψος,
949 4438 1043 4491 ἐπὶ
1068 4437 1168 4509 τὴν
1212 4437 1448 4509 κεφαλὴν
1471 4437 1571 4491 αὐ-

66 4527 97 4580 ›ῦ
132 4530 335 4599 βάλλει.
376 4551 394 4583 ι

83 4638 100 4671 ι
131 4622 285 4675 Πᾶσα
323 4622 567 4694 ἁμαρτία
622 4621 953 4691 ἀφεθήσεται
986 4623 1098 4684 τοῖς
1119 4620 1453 4693 ἀνθρώποις·
1490 4621 1567 4693 τῷ

88 4715 159 4775 είς
187 4715 250 4767 τὸ
277 4714 440 4784 ᾇγιον
474 4711 695 4784 Πνεῦμα
725 4712 1176 4783 βλασφημήσαντι
1207 4711 1307 4764 οὐκ
1358 4711 1565 4783 ἀφεθή-

66 4818 173 4869 ut,
204 4805 328 4859 οὐδὲ
363 4807 419 4857 ἐν
444 4804 520 4875 τῷ
540 4804 633 4857 νῦν
662 4804 841 4871 αίῶνι,
864 4803 984 4856 οὐδὲ
1016 4804 1073 4855 ἐν
1096 4802 1171 4874 τῷ
1202 4803 1467 4874 μέλλοντι.
1512 4822 1529 4854 ι

86 4979 140 5028 '0
173 4981 273 5049 μὲν
307 4980 658 5052 ἁμαρτάνων,
692 4980 1019 5050 παραϐαίνει
1046 4980 1208 5050 νόμον
1223 4981 1288 5035 ’.ὁ
1310 4981 1365 5034 δὲ
1402 4981 1567 5052 βλασ-

65 5074 214 5143 ὶμῶν,
243 5077 326 5140 είς
348 5075 517 5145 αὐτὴν
544 5074 729 5126 ἀσεϐεῖ
751 5074 849 5144 τὴν
878 5074 1137 5144 Θεότητα.

69 5255 201 5318 Τοὺς
230 5256 291 5307 ὲν
311 5257 383 5325 τῇ
406 5254 556 5307 πόλει
590 5253 1065 5325 βλασφημοῦντας,
1095 5256 1394 5326 σωφρόνιζε
1421 5271 1434 5285 ’
1468 5255 1573 5309 κᾶν

66 5342 232 5412 νούσης
278 5344 429 5406 τινος
477 5345 533 5396 ἐν
562 5343 810 5414 ἀμφόδῳ,
840 5345 873 5411 ἢ
910 5345 968 5397 ἐν
999 5346 1195 5415 ἀγορᾷ,
1222 5345 1572 5415 ἐπιτίμησον,

67 5454 93 5485 ν
122 5438 343 5507 πληγὰς
396 5437 657 5489 ἐπιθεῖναι
693 5433 806 5507 δέῃ,
842 5439 914 5508 μὴ
945 5439 1277 5511 παραιτήσῃ.
1319 5439 1572 5491 Ῥἀπισον

66 5527 150 5578 τοῦ
182 5531 283 5597 τὴν
320 5528 463 5595 ὄψιν,
497 5528 782 5599 σύντριψον
820 5529 984 5582 αὑτοῦ
1013 5530 1073 5583 τὸ
1111 5532 1303 5600 στόμα,
1340 5529 1563 5599 ἁγίασόν

66 5636 91 5669 υ
114 5618 213 5687 τὴν
247 5621 416 5688 χεῖρα
443 5618 531 5673 διὰ
558 5620 656 5690 τῆς
684 5623 919 5693 πληγῆς.
944 5622 1063 5674 Κᾶν
1086 5622 1361 5691 ἐγκαλῶσί
1392 5640 1556 5686 τινες,

66 5727 90 5759 ν
120 5713 198 5775 είς
222 5711 577 5785 δικαστήριον
603 5716 851 5777 ἕλκωσιν,
884 5713 1266 5784 ἀκολούθησον.

1689 603 1786 656 per
1834 587 1938 639 vim
1998 586 2221 651 inﬂexa,
2268 588 2429 642 simul
2480 600 2647 657 atque
2684 586 2970 641 dimissum
3020 594 3124 652 est,
3181 589 3249 642 ad

1687 678 1926 747 seipsum
1981 677 2179 733 redire.
2239 678 2462 743 Contra,
2517 679 2659 746 quod
2712 680 2878 734 animi
2933 681 3250 735 inductione

1690 770 1769 835 lit,
1830 770 2195 835 justissimum
2252 786 2315 825 ac
2357 770 2729 827 firmissimum
2766 781 2872 831 est,
2905 781 3089 842 utpote
3119 788 3249 843 pro.

1687 862 1971 930 pensionis
2002 863 2217 916 vinculo
2247 872 2649 917 conservatum.
2684 896 2753 905 —
2778 862 3109 929 Voleutium,
3139 880 3247 920 non
3290 908 3311 934 δ

1688 953 2007 1017 invitorum,
2044 956 2264 1023 pietatis
2296 964 2701 1009 sacramentum
2742 966 2843 1011 est.

1758 1044 1926 1099 Clem.
1980 1045 2135 1099 Alex.
2170 1046 2416 1111 ——Quod
2473 1047 2643 1101 invite
2698 1047 2776 1111 ﬁt,
2814 1048 2997 1102 statim
3052 1048 3250 1117 displi-

1687 1144 1774 1190 cet
1811 1154 1824 1190 :
1858 1137 2006 1206 quod
2035 1145 2213 1191 autem
2251 1145 2463 1206 sponte,
2497 1138 2802 1191 satietatem
2842 1154 2949 1191 non
2977 1138 3246 1205 admittit,

1686 1228 1782 1281 sed
1819 1243 2034 1297 semper
2057 1236 2110 1282 et
2143 1229 2317 1297 gratia
2354 1237 2406 1281 et
2437 1229 2706 1282 desiderio
2735 1229 2977 1283 virescit.

1759 1317 2033 1388 Ejusdem.
2061 1346 2131 1361 --
2160 1319 2489 1373 Christianis
2538 1321 2839 1388 prtesertim
2877 1336 2987 1389 pra:
3032 1323 3250 1376 cancris

1687 1410 1911 1464 minime
1934 1425 2260 1465 concessum
2292 1420 2375 1465 est
2401 1412 2749 1480 peccantium
2791 1413 2980 1482 lapsus
3011 1428 3106 1481 per
3138 1415 3245 1467 vim

1685 1501 1985 1569 corrigere.
2014 1500 2127 1556 Nec
2160 1502 2304 1555 enim
2342 1499 2488 1555 Deus
2520 1517 2613 1555 eos
2650 1513 2897 1566 coronat,
2923 1504 3017 1571 qui
3050 1518 3247 1558 neces-

1685 1592 1871 1655 sitate,
1906 1594 1999 1647 sed
2031 1596 2123 1664 qui
2155 1594 2438 1648 voluntate
2472 1609 2500 1647 a
2539 1595 2671 1648 vitio
2700 1594 2980 1650 abstinent

1754 1686 1989 1742 Eusebii.
2013 1720 2081 1729 —
2105 1687 2378 1743 Violentia
2410 1688 2520 1743 Deo
2563 1706 2667 1743 non
2699 1690 2874 1746 decet.

1754 1795 1892 1852 ΤΙΤ.
1917 1796 2074 1867 Wlll.
2107 1828 2175 1840 -—
2203 1798 2275 1853 De
2327 1799 2650 1868 blaspheme,
2688 1811 2737 1856 et
2780 1800 3173 1874 superbiloquo.
3260 1846 3263 1847 ν

1750 1949 1916 2005 Leuit.
1946 1967 2091 2014 xxrv,
2126 1950 2216 2006 15.
2251 1980 2306 1991 -
2346 1970 2363 2002 ι
2400 1952 2544 2006 Dixit
2592 1951 2857 2009 Dom.nus
2894 1953 2958 2007 ad
2984 1952 3239 2024 Moysen:

1681 2042 1930 2115 Loquere
1962 2044 2088 2099 liliis
2117 2043 2282 2098 Israel
2314 2043 2503 2098 dicens
2532 2060 2546 2097 :
2580 2046 2756 2099 Homo
2784 2046 2876 2115 qtti
2903 2047 3248 2101 maledixerit

1683 2134 1815 2199 Deo,
1848 2138 2088 2205 portabit
2137 2143 2423 2205 peccatum
2466 2152 2663 2191 suum:
2717 2139 2809 2207 qui
2852 2148 3033 2193 autem
3069 2142 3246 2195 nomi-

1682 2230 1895 2283 naverit
1942 2243 2139 2282 nomen
2192 2226 2431 2292 Domini,
2489 2226 2762 2295 lapidibus
2812 2229 3085 2300 opprimat
3120 2246 3246 2285 eum

1682 2320 1862 2377 omnis
1892 2319 2188 2374 multitudo
2214 2320 2449 2372 ﬁliorum
2481 2318 2665 2373 Israel.
2700 2340 2718 2371 ι

1755 2410 1785 2464 1
1813 2410 1938 2481 Reg.
1976 2427 2037 2474 tt,
2082 2411 2135 2465 5.
2162 2442 2227 2449 —
2259 2429 2276 2461 ι
2308 2409 2421 2464 Non
2463 2422 2616 2465 exeat
2656 2413 2890 2469 sublime
2940 2414 3142 2469 dictum
3178 2430 3244 2471 ex

1681 2519 1776 2560 ore
1800 2514 2000 2559 vestro.
2040 2523 2057 2556 ι

1750 2594 1851 2651 Job
1904 2612 1991 2661 xv,
2056 2595 2291 2650 l9..—t
2348 2596 2485 2664 Quid
2545 2602 2688 2655 enim
2752 2616 2945 2655 ausum
3008 2608 3089 2655 est
3149 2616 3245 2655 cor

1684 2695 1857 2751 tttum,
1895 2686 2042 2757 quod
2088 2687 2139 2739 in
2193 2686 2527 2742 iracundiam
2580 2690 2808 2757 erupisti
2848 2690 3110 2745 adversus
3132 2688 3242 2745 Do-

1682 2781 1933 2834 minum?
1966 2801 1984 2832 ι

1749 2871 1911 2946 394
1959 2876 2106 2932 Psal.
2141 2891 2216 2939 χι,
2259 2872 2309 2937 3,
2360 2873 2412 2927 4.
2457 2904 2526 2915 —-
2556 2892 2573 2925 ι
2633 2873 2918 2944 Disperdet
2978 2874 3240 2932 Dominus

1682 2967 1939 3021 universa
1978 2966 2118 3019 labia
2149 2967 2361 3031 dolosa,
2395 2967 2633 3036 linguam
2672 2967 3098 3036 magniloqnam.
3134 2966 3239 3033 Qui

1681 3058 1958 3122 dixerunt,
1990 3060 2231 3129 linguam
2285 3068 2528 3113 nostram
2579 3060 3073 3127 tnaguilicabitmts,
3099 3060 3238 3113 labia

1681 3160 1867 3204 nostra
1912 3166 1942 3204 a
1977 3152 2135 3205 nobis
2166 3159 2313 3205 sunt.
2359 3149 2493 3215 Quis
2542 3158 2728 3203 noster
2763 3148 3024 3204 Dominus
3066 3150 3185 3203 est?
3215 3169 3234 3200 ›

1751 3244 1881 3298 Ηεεε
1910 3259 2019 3306 xrv,
2060 3245 2111 3298 l.
2146 3276 2210 3285 —-
2245 3264 2262 3295 ι
2302 3243 2658 3313 Disperdetur
2688 3243 2954 3306 Samaria,
2978 3245 3236 3313 quoniam

1680 3336 1857 3390 locuta
1910 3347 1993 3391 est
2032 3337 2295 3390 adversus
2352 3335 2517 3389 Deum
2554 3352 2734 3391 suum.
2776 3334 2830 3389 ln
2879 3336 3058 3407 gladio
3110 3351 3235 3406 per-

1677 3428 1832 3482 ibunt
1854 3428 2050 3497 ipsi.‘et
2074 3429 2337 3481 lactantes
2365 3444 2551 3480 eorum
2578 3428 2849 3481 elidentur
2871 3430 2934 3482 ad
2966 3438 3229 3498 petram.»

1743 3517 1939 3573 Jerem.
1979 3534 2165 3581 XLVIII,
2195 3517 2286 3571 20.
2311 3548 2378 3557 —
2410 3536 2428 3567 ι
2466 3517 2740 3573 luebriate
2788 3534 2935 3583 eum,
2971 3522 3231 3587 quoniam

1675 3618 1865 3666 contra
1890 3610 2179 3664 Dominum
2214 3620 2429 3664 erectus
2461 3617 2567 3663 est.
2601 3628 2620 3659 ι

1748 3698 1941 3754 Ezeclt.
1983 3716 2175 3762 xxvm,
2222 3699 2276 3759 2,
2322 3701 2373 3752 5.
2406 3731 2471 3739 —
2502 3718 2519 3749 ι
2572 3702 2698 3754 Haec
2746 3700 2882 3754 dicit
2922 3700 3183 3757 Dominus
3217 3721 3232 3757 :

1674 3792 1779 3847 Pro
1812 3808 1877 3848 eo
1909 3793 2053 3861 quod
2081 3792 2282 3846 dedisti
2315 3808 2411 3845 cor
2449 3799 2601 3846 tuum
2627 3794 2782 3861 quasi
2816 3809 2910 3847 cor
2942 3793 3069 3855 Dei;
3107 3809 3238 3848 ecce

1674 3884 1886 3939 adduco
1927 3898 2094 3952 super
2142 3892 2195 3937 te
2240 3883 2469 3947 alienos,
2502 3884 2822 3951 pestilentes
2852 3885 2918 3939 de
2954 3885 3231 3954 gentibus,

1673 3985 1727 4033 et
1764 3977 2133 4047 evaginabuut
2178 3975 2387 4043 gladios
2435 3992 2566 4031 suos
2618 3978 2671 4030 in
2724 3987 2795 4040 te,
2829 3986 2883 4032 et
2914 3994 3079 4047 super
3111 3980 3233 4047 pul-

1674 4069 1986 4125 chritudine
2037 4070 2283 4123 scientiae
2316 4078 2440 4133 tute,
2478 4077 2532 4123 et
2566 4069 2936 4124 bumiliabunt
2983 4070 3233 4139 pulchri-

1673 4159 1917 4213 tudinem
1945 4168 2090 4211 tuam
2131 4158 2186 4211 in
2226 4156 2611 4227 perditionem.
2640 4176 2658 4208 ι

1742 4248 1874 4318 Sap.
1909 4264 1947 4310 ι,
1976 4250 2029 4303 6.
2063 4279 2133 4289 -
2156 4268 2176 4301 ι
2231 4249 2509 4320 Benignus
2555 4258 2637 4304 est
2674 4249 2904 4321 spiritus
2932 4250 3231 4320 sapientize,

1670 4351 1725 4399 et
1752 4358 1859 4398 uon
1895 4344 2141 4398 absolvet
2166 4342 2541 4413 blaspbetuum
2580 4357 2609 4396 a
2637 4342 2798 4399 labiis
2826 4344 2963 4399 suis.
3001 4363 3019 4394 ι

1743 4434 1911 4488 Eccli.
1936 4450 2108 4499 xxvu,
2139 4432 2229 4488 28.
2262 4464 2331 4474 —-
2368 4451 2387 4483 ι
2417 4430 2520 4499 Qui
2569 4434 2625 4487 in
2679 4434 2848 4487 altum
2894 4433 3062 4489 tnittit
3095 4434 3234 4505 lapi-

1599 4546 1643 4601 Ῑ)
1671 4526 1815 4585 dem,
1846 4527 1900 4579 in
1928 4534 2092 4595 caput
2130 4539 2289 4578 suum
2327 4525 2515 4578 mittit.
2555 4543 2574 4575 ι

1741 4616 1934 4671 Matth.
1971 4630 2069 4681 xu,
2100 4617 2188 4672 51.
2224 4644 2291 4657 -
2318 4636 2334 4667 ι
2383 4616 2556 4671 Omne
2604 4623 2886 4685 peccatum
2920 4619 3233 4674 remittetur

1668 4708 2017 4763 hominibus:
2072 4706 2120 4761 ei
2176 4714 2359 4761 autem
2409 4707 2502 4777 qui
2547 4706 2601 4759 in
2656 4705 2919 4776 Spiritum
2976 4717 3230 4764 sanctum

1669 4799 2155 4871 blasphemaverit,
2220 4815 2327 4852 non
2385 4799 2717 4864 remittetur,
2782 4816 2961 4869 neque
3016 4801 3071 4855 in
3126 4802 3231 4856 hoc

1668 4893 1891 4955 saeculo,
1924 4905 2103 4960 neque
2137 4890 2191 4944 in
2219 4890 2428 4944 futuro.
2468 4907 2485 4940 ι

1744 4981 1957 5037 Basilii.
1988 5011 2059 5021 ——-
2082 4982 2187 5047 Qui
2220 4988 2433 5051 peccat,
2488 4981 2659 5051 legem
2692 4983 2912 5052 quidem
2944 4984 3107 5037 violat
3132 5002 3145 5037 ;
3174 4994 3228 5037 at

1672 5075 1764 5144 qui
1798 5073 2164 5144 blaspltemat,
2208 5072 2473 5127 adversus
2525 5073 2699 5144 ipsum
2731 5074 2975 5127 divinum
3015 5074 3223 5129 Numen

1671 5168 1873 5235 itupius
1907 5175 2009 5222 est.

1742 5258 2018 5328 Cltryust.
2047 5259 2245 5312 -—Eos
2293 5259 2385 5327 qui
2438 5259 2492 5314 in
2546 5261 2765 5315 civitate
2813 5260 3225 5328 blasphemave-

1668 5348 1801 5413 rint,
1843 5350 2078 5418 castiga.
2112 5348 2267 5416 Quod
2300 5351 2345 5404 si
2379 5366 2537 5420 quem
2577 5353 2631 5405 in
2682 5350 2827 5404 bivio
2876 5362 2967 5405 aut
3010 5352 3061 5404 in
3105 5352 3235 5406 foro

1671 5440 1933 5505 audieris,
1982 5439 2234 5508 objurga.
2286 5439 2438 5505 Quod
2472 5442 2515 5494 si
2544 5441 2710 5494 etiam
2744 5441 2928 5509 plagas
2976 5440 3225 5497 incutere

1670 5532 1998 5601 oportuerit,
2034 5548 2099 5586 ne
2147 5533 2197 5586 id
2240 5531 2418 5587 facere
2450 5535 2687 5587 dubites.
2722 5531 3021 5603 Colapltum
3054 5534 3105 5587 in
3141 5535 3221 5589 fa-

1666 5627 1802 5679 ciem
1832 5626 1950 5695 ejus
1998 5626 2234 5695 itnpiugc
2275 5643 2288 5677 :
2325 5641 2387 5679 os
2443 5624 2561 5693 ejus
2602 5640 2839 5679 contere.
2871 5624 3073 5680 .Manui
3116 5634 3220 5681 tua:

1667 5732 1759 5785 per
1815 5716 2081 5785 ejusmodi
2141 5718 2353 5788 plagam
2405 5718 2748 5773 sanctitatem
2797 5721 3049 5777 concilia.
3104 5721 3217 5779 Etsi

66 5803 206 5860 idam
255 5806 646 5877 criminantur,
679 5811 781 5867 etsi
833 5819 884 5867 te
913 5810 967 5866 in
996 5810 1261 5881 judicium
1302 5812 1542 5877 trahunt,
1586 5824 1835 5881 sequere.
