4024 6404
696 396 822 453 128ἷ

1864 387 1926 445 S.
1958 379 2276 445 JOANNIS
2311 374 2708 437 DAMASCEN
2717 372 2744 431 Ι
3728 368 3818 433 1338

758 494 1025 563 Chrysou.
1055 488 1283 554 "0111.5,
1318 487 1391 542 De
1426 489 1769 557 incompr.-—-
1789 486 2257 553 Quemadmodum
2287 491 2334 546 Α

2227 500 2257 537 n
2287 491 2334 546 Α
2427 480 2693 549 Καθάπερ
2719 481 2747 531 δ
2768 477 2911 530 λίθον
2943 476 3239 540 ἀκοντίζων
3271 476 3345 537 είς
3372 476 3431 527 τὸ
3458 475 3596 544 ὕψος,
3618 478 3693 529 τοῦ
3710 484 3816 550 οδω.

690 585 779 654 qui
822 598 1014 637 saxum
1055 583 1108 635 in
1163 580 1334 633 altum
1392 578 1719 648 ejaculatur,
1771 591 1974 646 corpus
2029 574 2253 645 quidem

690 676 816 731 cmli
875 673 1148 737 scindere,
1194 680 1358 741 atque
1406 670 1474 724 ad
1518 684 1638 723 eam
1675 669 2017 723 altitudinem
2068 681 2260 738 perve-

691 768 813 819 nirc
866 782 975 820 non
1018 766 1197 831 valet;
1241 764 1374 833 quin
1422 763 1639 831 plagam
1685 761 1865 830 capite
1896 776 1997 816 suo
2028 760 2256 829 excipit,

690 873 824 914 saxo
856 859 1113 914 nimirum
1155 856 1222 909 ad
1259 855 1651 925 ejaculalorem
1705 855 2009 908 redeunte:
2050 853 2131 908 sic
2165 852 2258 923 qui

691 951 1088 1008 contumeliosa
1113 958 1167 1002 et
1197 946 1360 1016 impia
1403 946 1567 997 verba
1617 944 1883 999 adversus
1915 943 2131 997 beatam
2163 941 2256 995 Dei

692 1043 989 1099 essentiam
1046 1038 1273 1109 profert,
1343 1052 1464 1091 eam
1519 1035 1744 1106 quidem
1819 1035 1971 1088 nullo
2022 1048 2257 1103 unquam

692 1137 1022 1192 detrimento
1074 1130 1291 1194 alliciat,
1326 1136 1384 1181 ut
1415 1143 1537 1197 quae
1589 1128 1749 1195 longe
1786 1128 1961 1196 major
1992 1134 2049 1181 et
2088 1124 2261 1181 subli-

690 1230 835 1283 mior
878 1225 1153 1282 exsistat:
1204 1233 1260 1277 at
1292 1237 1421 1276 vero
1460 1222 1516 1275 in
1556 1222 1753 1274 anima:
1806 1236 1918 1275 suae
1959 1217 2257 1289 perniciem

692 1318 930 1389 gladium
969 1315 1138 1380 acuit,
1176 1314 1306 1367 dum
1342 1326 1403 1367 se
1442 1312 1493 1366 ei
1547 1311 1704 1379 cujus
1749 1309 2032 1365 beneﬁciis
2063 1314 2259 1361 auctus

690 1418 794 1473 est,
827 1409 1101 1479 ingratum
1132 1407 1355 1478 praabet.

692 1541 831 1599 TlT.
865 1540 956 1598 1X.
989 1573 1058 1611 -_—-
1085 1539 1158 1594 De
1185 1555 1297 1609 rege
1346 1538 1532 1609 probo,
1581 1545 1629 1591 et
1683 1537 1773 1606 qui
1811 1534 2010 1588 malum
2063 1531 2255 1587 oderit.

764 1716 929 1770 Num.
961 1731 1111 1779 xxiv,
1149 1712 1198 1766 7.
1223 1743 1291 1753 —-
1319 1730 1339 1762 ι
1372 1709 1672 1780 Augebilur
1715 1721 1943 1779 regnum
1985 1705 2141 1774 ejus;
2167 1717 2259 1758 co-

692 1808 877 1863 medet
928 1815 1116 1877 gentes
1158 1803 1509 1857 inimicormn
1549 1814 1797 1860 suorum,
1831 1806 1885 1852 et
1929 1794 2257 1851 crassitudi-

663 1914 821 1953 .nem
862 1912 1049 1953 eorum
1095 1896 1160 1949 ad
1200 1894 1495 1948 medullam
1530 1908 1703 1960 usque
1730 1897 2055 1955 consumet;
2084 1873 2143 1942 ἐι
2178 1886 2263 1956 ja-

695 1990 839 2045 culis
872 1988 989 2045 suis
1028 1995 1217 2058 gentes
1247 2002 1419 2040 cornu
1450 1992 1617 2055 petet.
1644 2002 1663 2034 ›

768 2081 928 2135 Deut.
959 2095 1151 2142 χχχιιι,
1187 2078 1273 2140 l7,
1308 2078 1396 2132 59.
1429 2106 1497 2116 --
1531 2094 1549 2125 ι
1582 2074 1801 2128 Cornua
1827 2071 2112 2127 unicornis
2147 2085 2264 2125 cor-

697 2188 807 2229 nua
841 2172 961 2243 ejus
992 2191 1005 2227 :
1044 2170 1099 2224 in
1147 2170 1281 2238 ipsis
1311 2175 1501 2238 gentes
1536 2181 1706 2220 cornu
1739 2175 1904 2234 petet.
1930 2163 2265 2218 Mentientur

701 2266 800 2320 tibi
850 2263 1057 2319 inimici
1115 2263 1236 2328 tui;
1294 2271 1349 2315 et
1401 2268 1458 2312 tu
1518 2273 1685 2327 super
1748 2257 2020 2311 cervicem
2069 2268 2263 2310 eorum

700 2358 985 2413 ascendes.
1025 2374 1044 2407 ι

780 2449 839 2504 ΙΙ
876 2448 1001 2519 Reg.
1032 2463 1147 2510 vm,
1170 2446 1261 2501 ‘25.
1297 2474 1367 2486 —
1395 2462 1413 2495 ι
1448 2441 1826 2503 Salvumfecit
1861 2440 2125 2496 Dominus
2158 2439 2266 2494 Da-

700 2545 791 2600 vid
829 2544 883 2598 in
916 2541 1193 2605 omnibus,
1238 2539 1291 2592 in
1329 2538 1532 2607 quibus
1580 2535 1903 2599 ambulavit,
1936 2532 2150 2588 faciens
2174 2532 2267 2601 ju-

702 2637 907 2693 dicium
940 2644 992 2690 et
1017 2632 1312 2704 justitiam.
1346 2650 1365 2681 ι

775 2724 838 2779 II
874 2724 1004 2793 Reg.
1034 2739 1146 2785 va,
1180 2722 1267 2783 l0,
1309 2720 1395 2784 ll,
1425 2718 1510 2772 12.
1538 2749 1606 2761 —-
1637 2736 1655 2768 ι
1693 2716 1844 2770 Dixit
1875 2714 2048 2769 David
2080 2732 2093 2768 :
2134 2713 2267 2768 Sine

702 2835 827 2875 eum
858 2816 1227 2872 maledicere:
1268 2812 1409 2866 Deus
1440 2811 1586 2865 enim
1620 2807 1881 2880 praecepit
1912 2809 1985 2862 ei.
2031 2805 2087 2860 Si
2124 2804 2267 2860 forte

703 2910 966 2980 respiciat
1004 2907 1147 2961 Deus
1179 2904 1531 2959 alllictionem
1574 2916 1775 2967 meam,
1808 2910 1861 2956 et
1894 2898 2088 2955 reddat
2131 2898 2265 2951 mihi

702 3003 845 3057 bona
874 3015 970 3069 pro
1002 2996 1387 3051 maledictione
1420 2995 1542 3047 hac.
1579 3012 1598 3044 ι

774 3089 838 3144 ΙΙ
876 3089 996 3159 Reg.
1036 3103 1146 3145 xix.
1189 3084 1376 3139 19-23.
1404 3112 1472 3124 ——
1503 3101 1520 3133 ι
1558 3082 1622 3134 Et
1655 3079 1833 3135 Semei
1871 3080 2071 3136 cecidit
2102 3096 2269 3151 super

2364 576 2455 630 νοῦ
2482 577 2578 646 μὲν
2600 574 2660 628 τὸ
2692 574 2851 643 σῶμα
2868 574 3142 644 διατεμεῖν
3171 571 3230 624 οὐ
3262 570 3492 633 δύναται,
3518 571 3623 624 οὐδὲ
3648 576 3751 642 πρὸς
3781 580 3819 629 τῇ

2365 668 2497 737 ὕψος
2524 668 2726 738 φθάσαι
2773 668 2967 730 ἐκεῖνο,
2998 666 3097 735 τὴν
3126 665 3182 718 δὲ
3208 663 3417 733 πληγὴν
3451 666 3514 732 τῇ
3561 663 3652 734 ίδίᾳ
3674 665 3818 734 ﬁxa-.1:

2365 763 2597 831 κορυφῇ,
2637 760 2771 829 πρὸς
2798 759 2886 811 τὸν
2916 756 3274 809 ἀκοντίσαντα
3302 754 3593 816 ἐπανιόντος
3613 755 3686 807 τοῦ
3709 758 3817 810 λίθοι’

2364 850 2536 913 οὕτως
2564 851 2658 903 καὶ
2688 852 2716 903 6
2764 847 3093 918 βλασφημῶν
3130 848 3209 907 εἰς
3234 846 3329 909 τὴν
3372 845 3625 913 μακαρίαν
3646 846 3718 897 τοῦ
3734 849 3819 899 Θεεῦ

2363 943 2570 1005 οὐσίαν,
2598 940 2809 1008 ἐκείνην
2844 941 2904 992 οὐ
2934 936 3278 1009 παραὸλάψει
3310 936 3457 997 ποτὲ,
3493 935 3647 1001 πολλῷ
3674 938 3821 1004 μείξας

2363 1031 2530 1088 οὖσαν
2570 1034 2663 1086 καὶ
2710 1030 3046 1101 ὑψηλοτέραν
3067 1044 3080 1056 ⁸
3115 1028 3257 1082 κατὰ
3285 1028 3341 1080 δὲ
3373 1027 3468 1096 τῆς
3512 1026 3680 1079 ἑαυτοῦ
3710 1029 3821 1097 ψυχῆς

2362 1126 2424 1179 τὸ
2460 1125 2611 1195 ξίφος
2636 1124 2825 1194 ἀκονᾷ,
2848 1122 3115 1192 ἀγνώμων
3147 1118 3276 1189 περὶ
3318 1117 3407 1171 τὸν
3439 1118 3697 1189 εὐεργέτην
3727 1123 3821 1172 τενό-

2368 1233 2543 1288 μενος.

2364 1519 2548 1575 ΤΙΤΛ.
2580 1517 2659 1572 Θ’.
2689 1546 2758 1560 --
2786 1514 2927 1585 Περὶ
2953 1512 3263 1585 ,ϐασιλέως
3306 1509 3567 1582 χρηστοῦ
3609 1508 3690 1562 καί
3716 1524 3822 1578 μισο-

2996 1584 3285 1653 πονήρου.

2441 1722 2459 1754 ι
2492 1700 2870 1773 Αὑξηθήσεται
2929 1699 2963 1770 ἠ
3026 1696 3269 1768 βασιλεία
3321 1692 3508 1758 αὐτοῦ,
3560 1693 3706 1745 ἔδεται
3746 1692 3821 1761 ίθιρη

2366 1794 2575 1865 ἐχθρῶν
2616 1791 2805 1856 αὑτοῦ,
2852 1790 2947 1844 καὶ
2989 1790 3058 1842 τὰ.
3085 1788 3233 1857 πάχη
3275 1785 3453 1840 αὐτῶν
3481 1785 3823 1853 expositi,le

2363 1887 2483 1940 ταῖ·
2518 1884 2718 1938 ϐολίσιν
2741 1882 2903 1936 αὑτοῦ
2934 1884 2991 1935 ἐν
3021 1881 3203 1942 αὐτοῖς
3229 1878 3356 1948 ἔθνη
3383 1877 3629 1947 κερατιεῖ.
3654 1892 3671 1924 ι

2441 2081 2459 2115 ι
2491 2061 2715 2135 Κέρατα
2749 2060 3121 2133 μονοκέρωτος
3148 2058 3218 2112 τὰ
3248 2057 3459 2128 κέρατα
3499 2052 3673 2107 αὐτοῦ·
3703 2055 3745 2105 ὲν
3769 2054 3825 2104 sic

2366 2156 2475 2215 τοῖς
2506 2152 2633 2222 ἔθνη
2668 2153 2929 2220 κερατιεί.
2953 2148 3257 2203 Ψεὺσονταί
3288 2163 3352 2200 σε
3388 2147 3438 2199 ol
3478 2142 3645 2213 ἐχθροί
3664 2158 3749 2201 σου.
3770 2144 3822 2193 ιιι

2369 2248 2432 2299 σὺ
2464 2247 2557 2300 ἐπὶ
2585 2245 2851 2316 τραχήλου
2884 2242 3062 2297 αὐτῶν
3088 2240 3350 2311 ὲπιὸήσῃ.
3391 2256 3410 2288 ι

2443 2444 2462 2480 ι
2496 2429 2739 2481 Ἕσωσεν
2775 2428 2803 2479 6
2829 2423 2965 2488 Θεὸς.
2985 2421 3269 2477 τδν“Δα6“ιδ
3297 2424 3361 2475 ὲν
3402 2422 3560 2473 πᾶσιν
3588 2414 3653 2480 οἷς
3678 2418 3823 2484 ἐπορευ-

2368 2521 2456 2593 θη,
2488 2522 2581 2575 καὶ
2603 2516 2671 2591 ἦν
2694 2519 2855 2574 Δαϐὶδ
2898 2518 3067 2571 ποιῶν
3093 2519 3267 2587 κρῖμα
3302 2515 3402 2568 καὶ
3428 2511 3745 2579 δικαιοσύνην.
3769 2527 3780 2559 ι

2445 2720 2464 2753 ι
2501 2694 2636 2753 Εἷπε
2668 2674 2832 2749 Δαδίδ
2856 2714 2871 2729 ο
2908 2696 3080 2764 ’Ἄφες
3108 2693 3269 2746 αὐτὸν
3287 2690 3635 2763 καταρᾶσθαι,
3654 2690 3716 2742 ὅτι
3734 2681 3825 2739 εἶπεν

2368 2792 2517 2863 αὑτῷ
2550 2791 2579 2842 ὁ
2603 2790 2734 2853 Θεός
2755 2805 2768 2819 ·
2800 2789 2867 2842 Et
2891 2806 3005 2851 πως
3031 2787 3160 2840 εἴδοι
3182 2785 3389 2855 Κύριος
3423 2784 3512 2836 ἐπὶ
3537 2784 3624 2851 τὴν
3649 2780 3825 2833 tamira-

2372 2886 2453 2936 σίν
2483 2899 2606 2954 μου,
2638 2882 2733 2935 καὶ
2756 2879 3077 2951 ἐπιστρέψει
3109 2896 3198 2950 μοι
3215 2876 3400 2945 ἁγαθά
3421 2876 3535 2929 ἀντὶ
3561 2875 3645 2945 τῆς
3665 2872 3826 2940 κατάρας

2366 2976 2587 3047 ταύτης.
2628 2993 2645 3026 ι

2445 3089 2465 3122 ι
2502 3069 2613 3123 Καὶ
2645 3068 2842 3138 Σεμεεὶ
2873 3066 3066 3119 ἔπεσεν
3114 3062 3207 3117 ἐπὶ
3254 3063 3543 3133 πρόσωπον
3585 3056 3715 3111 αὑτοῦ
3740 3058 3828 3107 tm

678 3183 901 3237 ‘faciem
939 3194 1091 3235 suam
1140 3193 1323 3232 coram
1358 3190 1483 3245 rege
1505 3216 1518 3237 ,
1568 3181 1623 3227 et
1663 3174 1801 3226 dixit
1836 3174 1902 3226 ad
1934 3188 2115 3240 regem
2145 3192 2159 3226 :
2190 3173 2267 3229 Ne

2238 3190 2267 3229 ε
2295 3185 2339 3243 c
2369 3161 2480 3214 τίον
2513 3159 2607 3211 τοῦ
2642 3158 2923 3228 βασιλέως,
2957 3157 3052 3209 καὶ
3102 3149 3222 3207 εἶπε
3260 3153 3402 3223 πρὸς
3431 3152 3517 3204 τὸν
3545 3148 3746 3219 βασιλέα·
3777 3146 3827 3209 Μὴ

706 3279 920 3341 reputet
971 3269 1225 3323 dominus
1273 3281 1425 3320 meus
1456 3263 1830 3332 iniquitatem,
1875 3262 2035 3332 395
2086 3278 2268 3332 neque

704 3362 1019 3417 memineris
1053 3358 1320 3419 omnium.
1357 3369 1697 3425 qua’cunque
1725 3368 1858 3422 puer
1904 3366 2029 3409 tuus
2079 3357 2269 3424 inique

705 3454 815 3524 egit
847 3453 902 3507 in
941 3452 1029 3507 die
1061 3466 1165 3522 qua
1193 3462 1448 3519 egressus
1482 3454 1564 3501 est
1604 3445 1867 3500 Dominus
1896 3462 2053 3500 meus
2078 3462 2173 3500 rex
2202 3445 2270 3500 de

704 3545 1047 3609 Jerusalem;
1077 3543 1205 3613 quia
1243 3537 1477 3609 cognovi
1529 3552 1723 3591 servus
1768 3545 1918 3603 tuus,
1954 3537 2100 3607 quod
2132 3552 2265 3608 pec-

707 3636 848 3691 cavi.
884 3634 951 3688 Et
975 3634 1183 3705 juravit
1216 3631 1265 3686 ei
1292 3646 1383 3684 rex
1414 3648 1427 3685 :
1460 3626 1579 3682 Non
1604 3629 1883 3683 morieris.
1928 3647 1947 3679 ι

774 3725 928 3782 Psal.
962 3740 1054 3789 xx,
1088 3723 1138 3776 l.
1166 3753 1237 3762 —
1269 3738 1287 3771 ι
1326 3718 1573 3781 nomine,
1621 3717 1676 3771 in
1705 3718 1908 3771 virtute
1947 3724 2038 3768 tua
2065 3713 2273 3770 lmtabi-

706 3827 795 3873 tur
822 3832 937 3880 rex,
978 3835 996 3868 ι
1028 3823 1076 3868 et
1113 3829 1227 3883 qua:
1251 3820 1563 3876 sequuntur.

779 3907 931 3963 Psal.
959 3924 1048 3971 1.x,
1098 3906 1151 3961 5.
1180 3934 1249 3945 -—-
1298 3921 1316 3954 ι
1377 3901 1524 3957 Diem
1580 3915 1744 3970 super
1790 3898 1907 3954 dies
1947 3898 2091 3970 regis
2134 3897 2273 3970 adji-

706 4003 840 4065 cies,
874 4021 891 4054 ι
919 4010 968 4054 et
996 4014 1111 4070 qua:
1139 4003 1443 4067 sequuntur.

781 4092 930 4147 Psal.
968 4105 1117 4151 Lxxt,
1146 4088 1197 4141 l.
1225 4116 1288 4127 ——
1314 4104 1333 4136 ι
1372 4084 1533 4149 Dens,
1562 4081 1826 4152 judicium
1849 4089 1998 4135 tuum
2034 4081 2148 4150 regi
2180 4078 2269 4147 da,

709 4195 764 4243 et
790 4182 1081 4253 justitiam,
1118 4198 1136 4231 ι
1168 4187 1217 4233 et
1248 4193 1363 4247 qua:
1397 4184 1710 4244 sequuntur.

780 4274 927 4330 Psal.
982 4286 1171 4334 xcvnt,
1222 4269 1275 4322 3.
1303 4298 1374 4308 —-
1418 4284 1435 4316 ι
1472 4266 1655 4319 llonor
1691 4264 1837 4333 regis
1882 4261 2153 4331 judicium
2186 4260 2271 4316 di-

711 4367 850 4437 ligit.
893 4384 911 4416 ι

780 4456 934 4510 Prov.
968 4470 1081 4519 XXI,
1111 4451 1165 4506 4.
1192 4481 1260 4491 -
1289 4467 1307 4500 ι
1344 4447 1499 4504 Sicut
1530 4446 1783 4516 .impetus
1845 4459 2022 4515 aquae,
2066 4446 2141 4499 ita
2170 4461 2269 4502 cer

712 4545 855 4614 regis
883 4545 936 4596 in
968 4556 1131 4596 manu
1164 4539 1279 4594 Dei.
1312 4556 1330 4589 ι

782 4658 937 4712 Prov.
969 4670 1078 4717 xvi,
1112 4654 1291 4708 10-13.
1316 4681 1385 4690 —
1416 4668 1434 4702 ι
1468 4648 1815 4704 Abominatio
1842 4647 1975 4716 regi,
2003 4648 2095 4719 qui
2128 4649 2272 4705 mala

712 4756 1004 4821 perpetrat.
1037 4746 1173 4800 Cum
1218 4743 1431 4813 juStitia
1480 4743 1624 4796 enim
1665 4747 1995 4809 praeparatur
2044 4741 2273 4795 thronus

714 4841 1065 4912 principatus.
1118 4837 1354 4903 Accepta
1405 4842 1535 4888 sunt
1580 4833 1697 4901 regi
1734 4833 1878 4884 labia
1906 4830 2098 4898 justa;
2140 4846 2272 4886 ser-

714 4949 902 4989 mones
944 4939 1123 4985 autem
1176 4938 1355 4982 rectos
1407 4927 1599 4997 diligit.
1641 4924 1975 4980 Vaticinium
2009 4925 2064 4977 in
2099 4925 2267 4980 labiis

716 5028 896 5098 regis:
933 5026 989 5078 in
1021 5021 1231 5092 judicio
1270 5028 1449 5073 autem
1491 5034 1599 5073 non
1645 5016 1918 5072 erraverit
1951 5031 2011 5071 os
2051 5017 2218 5072 illius.
2247 5038 2265 5070 ι

783 5140 944 5194 Prov.
997 5149 1106 5198 xw,
1155 5131 1247 5186 28.
1273 5163 1344 5174 —
1373 5150 1392 5183 ι
1438 5129 1495 5184 ln
1543 5131 1711 5183 multo
1754 5130 1956 5199 populo
1987 5138 2069 5184 est
2100 5129 2271 5200 gloria

713 5232 899 5302 regis:
933 5230 988 5284 in
1024 5226 1245 5283 delectu
1291 5231 1472 5278 autem
1506 5222 1693 5292 populi
1724 5232 1807 5276 est
1830 5221 2092 5276 contritio
2122 5223 2275 5291 prin-

714 5325 918 5393 cipum.
952 5340 971 5373 ι

697 5469 701 5472 .
783 5414 943 5469 Prov.
998 5430 1088 5480 xx,
1147 5411 1203 5465 8.
1242 5426 1357 5461 -ι
1417 5406 1553 5461 Cum
1613 5421 1711 5462 rex
1752 5406 1938 5476 justus
1984 5416 2272 5460 sederitm

672 5488 683 5508 ⁸
716 5507 934 5562 throno.
974 5520 1080 5559 non
1111 5504 1332 5558 resistet
1366 5501 1419 5554 in
1454 5499 1629 5554 oculis
1660 5498 1780 5567 ejus
1810 5497 2114 5567 quidquam
2145 5512 2269 5551 ma-

685 5601 850 5659 ,lum.
878 5595 1253 5651 Misericordia
1283 5602 1337 5648 et
1369 5592 1571 5647 veritas
1610 5588 1934 5644 custodiunt
1980 5604 2186 5660 regem,
2219 5599 2275 5645 et

718 5688 1134 5747 circmndabunt
1165 5687 1217 5740 in
1246 5684 1461 5755 justitia
1498 5682 1694 5738 solium
1734 5678 1876 5750 ejus.
1921 5697 1939 5731 ι

789 5781 942 5837 Prov.
997 5794 1124 5843 xxv,
1154 5779 1205 5833 5.
1239 5808 1308 5819 --
1346 5796 1363 5829 ι
1400 5774 1599 5832 Occide
1643 5771 1842 5842 impios
1874 5786 1904 5825 a
1935 5770 2073 5827 facie
2102 5771 2269 5841 regis,

2370 3249 2665 3319 λογιζέσθω
2711 3249 2739 3299 ὁ
2777 3248 2965 3317 κύριος
3013 3245 3263 3313 ἀνομίαν,
3323 3245 3421 3295 καὶ
3461 3241 3531 3311 μὴ
3570 3236 3829 3308 μνησθῇςξπι

2372 3340 2627 3411 ἠδίκησεν
2682 3340 2710 3391 6
2757 3340 2886 3399 παῖς
2917 3353 3009 3388 σου
3041 3338 3097 3387 ὲν
3129 3338 3193 3405 τῇ
3240 3333 3430 3403 ἡμέρᾳ
3475 3325 3828 3403 ᾖὲξεπορεύετιὸ

2371 3432 2560 3502 κύριός
2602 3448 2702 3501 μου
2742 3432 2768 3483 ὁ
2800 3428 3050 3500 βασιλεὺς
3074 3425 3133 3491 ἐξ
3173 3425 3548 3498 Ἰερουσαλὴμ,
3578 3424 3646 3474 ὅτι
3680 3416 3828 3485 Emit)

2370 3527 2553 3589 δοῦλός
2599 3543 2712 3589 σου,
2753 3525 2833 3577 ὅτι
2856 3526 3120 3593 ἥμαρτον.
3152 3523 3263 3575 Καὶ
3299 3520 3514 3591 ὤμοσεν
3542 3516 3666 3584 αὐτῷ
3687 3516 3708 3565 6
3733 3512 3827 3581 βατι-

2370 3618 2494 3681 λεύς
2514 3633 2527 3646 °
2561 3619 2635 3670 Οὐ
2663 3617 2738 3687 μὴ
2769 3616 3066 3685 ἀποθάνῃς.
3094 3634 3111 3665 ι

2448 3730 2467 3762 ι
2506 3710 2700 3781 Κύριε,
2720 3711 2779 3761 ὲν
2804 3711 2870 3779 τῇ
2894 3708 3119 3779 δυνάμει
3150 3723 3243 3759 σου
3264 3704 3673 3777 εὐφρανθήσεται
3693 3696 3827 3764 6516’.-

2371 3804 2518 3868 λεὺς,
2561 3820 2579 3853 ι
2623 3802 2714 3854 καὶ
2741 3801 2810 3854 τὰ
2832 3800 3014 3854 λοιπά.

2451 3915 2470 3949 ι
2514 3894 2758 3965 Ἦμέραν
2786 3894 2870 3963 ἐφ’
2893 3892 3105 3963 ἡμέρας
3130 3890 3225 3945 τοῦ
3260 3890 3523 3962 βασιλέως
3561 3883 3824 3955 πρωθήϐῃ.»

2373 3988 2553 4042 καὶτὰ
2579 3986 2759 4039 λοιπά.

2448 4101 2469 4133 ι
2518 4082 2575 4135 '0
2607 4082 2761 4147 Θεὸς,
2779 4080 2839 4134 τὸ
2868 4077 3045 4150 κρῖμόι
3072 4094 3164 4130 σου
3194 4076 3272 4147 τῷ
3297 4074 3507 4146 βασιλεῖ
3527 4066 3823 4139 δὸς,ιαὶτὴνι’

2374 4173 2561 4228 καὶτὰ
2589 4173 2775 4227 λοιπά.

2449 4284 2469 4317 ι
2503 4265 2647 4336 Τιμὴ
2679 4264 2942 4335 βασιλέως
2967 4263 3147 4334 κρίσιν
3171 4264 3383 4333 ἀγαπᾷ.
3422 4281 3443 4313 ι

2448 4454 2468 4487 ι
2499 4436 2711 4506 Ὠσπερ
2738 4434 2883 4505 ὁρμὴ
2906 4434 3117 4501 ὓδατος,
3139 4433 3309 4498 οὕτως
3340 4431 3530 4504 καρδία
3550 4427 3629 4483 τοῦ
3650 4419 3824 4496 βατικιις

2299 4518 2345 4573 D
2372 4526 2429 4579 ἐν
2461 4526 2601 4597 χειρὶ
2626 4526 2782 4579 θεοῦ.
2822 4546 2839 4577 ι

2450 4659 2469 4689 ι
2505 4638 2789 4708 Βδέλυγμα
2820 4637 3045 4707 βασιλεῖ,
3075 4638 3104 4690 6
3143 4635 3312 4689 ποιῶν
3338 4634 3501 4689 κακά.
3530 4628 3664 4686 Μετὰ
3686 4626 3760 4694 γὰρ
3777 4621 3821 4672 ἃ·

2374 4731 2667 4799 καιοσύνης
2699 4730 3045 4801 ὲτοιμάξεται
3068 4729 3255 4798 θρόνος
3285 4728 3478 4798 ἀρχῆς.
3519 4722 3669 4777 Δεκτὰ
3689 4712 3822 4788 βων-λέ

2374 4823 2525 4893 χείλη
2557 4823 2758 4883 δίκαια,
2789 4823 2977 4890 λόγους
3004 4821 3059 4874 δὲ
3097 4821 3291 4892 ὀρθοὺς
3318 4818 3520 4887 ἀγαπᾷ.
3555 4812 3762 4868 Μαντεῖον
3789 4804 3820 4853 ὲν

2375 4917 2575 4987 χείλεσι
2609 4915 2889 4985 βασιλέως,
2909 4916 2967 4967 ὲν
2992 4914 3048 4967 δὲ
3075 4914 3252 4984 κρίσει
3273 4913 3330 4965 οὐ
3350 4910 3428 4979 μὴ
3454 4906 3671 4975 πλανηθῇ
3694 4900 3736 4952 τὸ
3754 4894 3820 4946 στά-

2378 5027 2453 5079 μα
2484 5010 2668 5063 αὐτοῦ.
2712 5029 2731 5059 ι

2451 5146 2469 5177 ι
2516 5126 2605 5177 Ἐν
2634 5122 2811 5192 πολλῴ
2837 5120 2979 5176 ἔθνει
3008 5120 3135 5186 δόξα
3183 5117 3463 5189 βασιλέως,
3499 5116 3553 5167 ὲν
3597 5111 3645 5164 δὲ
3665 5100 3817 5166 irati?!

2374 5218 2502 5272 λαοῦ
2539 5219 2795 5290 συντριϐὴ
2814 5216 3103 5271 δυναστῶν.
3139 5234 3159 5267 ι

2450 5415 2469 5447 ι
2501 5378 2667 5448 Ὅταν
2699 5392 2951 5463 βασιλεὺς
2986 5388 3192 5455 δίκαιος
3232 5388 3428 5459 καθίσῃ
3469 5384 3553 5438 ἐπὶ
3576 5368 3820 5463 θρόνουζοῶῐ

2374 5484 2707 5540 ἐναντιοῦται
2743 5485 2799 5537 ὲν
2821 5483 3114 5553 ὀφθαλμοῖς
3136 5480 3298 5535 αὑτοῦ
3322 5478 3469 5531 οὐδὲν
3487 5461 3820 5553 nov-139631393?

2378 5579 2582 5649 μοσύνη
2608 5578 2699 5631 καὶ
2723 5546 2951 5647 ἀλήθεια
2974 5546 3187 5645 φυλακὴ
3218 5571 3443 5643 βασιλεῖ,
3472 5568 3557 5621 καὶ
3584 5546 3819 5631 περικεκλὼ·

2378 5689 2557 5725 σουσιν
2587 5673 2641 5723 ὲν
2660 5668 2976 5741 δικαιοσύνῃ
3007 5666 3099 5721 τὸν
3130 5666 3317 5737 θρόνον
3353 5659 3529 5716 αὑτοῦ.
3564 5675 3579 5705 ι

2451 5786 2468 5818 ι
2507 5767 2700 5820 Κτεῖνε
2756 5762 2973 5825 ἀσεϐεῖς
3001 5762 3108 5816 ἀπὸ
3165 5757 3452 5831 προσώπου
3498 5743 3727 5822 βασιλέωςι
3762 5727 3818 5782 ἀἱ
