4024 6408
259 349 395 412 1289

1413 350 1650 410 SACRA
1689 346 2149 408 PARALLELA.

3354 343 3492 410 1290

250 458 575 533 κατορθώσῃ
627 460 685 513 ἐν
715 459 1034 533 δικαιοσύνῃ
1079 459 1171 512 τδν
1214 458 1402 531 θρόνον
1455 460 1641 513 αὑτοῦ.
1693 478 1712 511 ι
1749 491 1815 499 —-

1936 466 1971 512 ιι
2007 457 2214 526 diriges
2281 455 2334 509 in
2378 454 2594 523 iustitia
2642 453 2900 509 thronum
2948 454 3088 524 ejus.
3133 476 3152 506 ο
3209 486 3279 497 -
3308 475 3326 507 ι
3359 457 3490 512 Glo.

257 573 275 603 ι
309 554 444 619 Δόξα
474 550 732 622 βασιλέως
761 553 928 624 τιμᾷν
956 552 1304 624 πρόσταγμα.
1335 571 1352 603 ι

325 663 343 694 ι
375 642 635 706 Βασιλεὺς
657 643 863 707 δίκαιος
890 644 1138 714 ἀνίστησι
1160 643 1361 714 χώραν.
1402 661 1421 694 ι

326 756 343 787 ι
384 737 665 808 Μάχαιρα,
701 737 922 805 γλῶσσα
965 736 1248 806 βασιλέως,
1291 737 1388 788 καὶ
1406 737 1468 790 οὐ
1499 735 1752 807 σαρκίνη.
1791 753 1808 784 ι

1922 550 2002 604 ria
2031 550 2178 621 regis
2211 549 2482 603 honorare
2512 556 2872 618 prmceptum.
2911 566 2930 599 ι

1994 643 2160 697 Prov.
2191 657 2346 705 xxxx,
2375 643 2515 696 4.-
2539 659 2558 692 ι
2598 641 2714 695 Rex
2744 640 2934 709 justus
2967 640 3128 711 erigit
3154 641 3490 711 regionem»

1995 736 2154 790 Prov.
2225 751 2372 798 xxrv,
2429 733 2520 799 17,
2566 764 2635 774 —-
2680 752 2699 785 ι
2763 731 2995 787 Gladius
3080 733 3265 804 lingua
3319 735 3492 803 regis,

250 858 318 868 -—
339 848 357 880 ι
382 828 563 900 Μηδὲν
591 828 786 898 ψεῦδος
819 830 925 882 ἀπὸ
952 829 1202 900 γλώσσης
1229 829 1490 898 βασιλέως
1520 828 1810 896 λεγέσθω.»

1936 837 1977 883 at
2026 844 2134 881 non
2191 841 2407 882 carnea.
2466 845 2485 877 ι
2518 857 2588 868 --
2640 843 2660 877 ι
2717 824 2866 880 Nihil
2923 825 3046 880 falsi
3077 824 3145 880 de
3195 839 3293 879 ore
3345 826 3491 895 regis

328 1033 346 1066 ι
383 1013 652 1075 Βασιλέως
681 1012 740 1065 ὲν
769 1013 997 1085 ἀληθείᾳ
1028 1013 1302 1080 κρίνοντος
1331 1011 1604 1081 πτωχοὺς,
1637 1012 1666 1063 6
1699 1010 1820 1082 θρό-

253 1125 339 1170 νος
366 1105 529 1159 αὑτοῦ
563 1107 642 1168 είς
667 1105 964 1176 μαρτύριον
992 1104 1484 1172 κατασταθήσεται.
1516 1119 1535 1152 ι

326 1312 344 1343 ι
380 1290 562 1362 Θυμδς
593 1289 856 1361 βασιλέως
885 1288 1114 1358 ἄγγελος
1144 1288 1377 1342 θανάτου
1397 1325 1412 1352 ,
1444 1285 1584 1357 ἀνὴρ
1626 1285 1684 1339 δὲ
1731 1303 1820 1338 σο-

251 1385 348 1454 φὸς
381 1384 613 1448 ἐξιλάσει
643 1383 824 1438 αὐτόν.
865 1401 883 1434 ι

329 1497 346 1528 ι
385 1476 652 1539 Βασιλέως
680 1475 878 1547 ἀπειλὴ
905 1476 1066 1547 ὁμοία
1093 1475 1323 1547 ὀρυγμῷ
1342 1475 1575 1541 λέοντος.
1606 1475 1694 1540 Ὠς
1714 1474 1822 1545 γὰρ

248 1571 439 1642 δρόσος
471 1569 564 1621 ἐπὶ
597 1569 809 1640 χόρτον,
848 1567 1022 1633 οὕτως
1055 1569 1116 1622 τὸ
1147 1569 1332 1640 ἱλαρὸν
1355 1568 1542 1622 αὑτοῦ.
1577 1587 1594 1619 ι

329 1774 346 1806 ι
383 1753 562 1824 Στόμα
588 1752 848 1822 βασιλέως
870 1752 1127 1824 φύλαξον.
1169 1773 1190 1807 s

1923 927 2104 976 exeat.
2144 937 2163 970 ι

2000 1010 2158 1066 Prov.
2206 1026 2360 1072 xxix,
2405 1009 2492 1065 M.
2529 1039 2598 1052 —
2625 1028 2644 1060 ι
2678 1006 2825 1080 Rege
2856 1009 3138 1079 judicante
3171 1024 3225 1062 ιη
3266 1008 3496 1063 veritate

1927 1119 2218 1174 pauperes,
2250 1105 2486 1159 thronus
2514 1103 2635 1173 ejus
2677 1105 2733 1157 in
2780 1103 3161 1158 testimonium
3187 1101 3495 1158 constitue-

1928 1206 2039 1253 tur.
2082 1216 2101 1250 ι

1999 1289 2157 1344 Prov.
2216 1304 2328 1354 xvi,
2389 1289 2478 1344 Μ.
2527 1319 2596 1330 -
2638 1307 2659 1340 ι
2713 1286 3026 1358 Indignatio
3077 1289 3224 1360 regis
3267 1287 3496 1342 nuntius

1929 1385 2126 1438 mortis
2159 1401 2173 1438 :
2207 1391 2263 1436 at
2295 1383 2377 1436 vir
2410 1381 2632 1452 sapiens
2672 1381 2912 1450 placabit
2943 1397 3086 1437 eam.
3119 1402 3137 1434 ι

2001 1474 2162 1529 Prov.
2211 1490 2324 1540 xix,
2359 1473 2448 1528 12.
2472 1505 2538 1514 —
2568 1473 2938 1529 Comminatio
2968 1476 3113 1544 regis
3153 1475 3297 1530 sicut
3345 1475 3500 1546 rugi-

1931 1573 2022 1620 tus
2073 1565 2268 1620 leonis.
2318 1563 2454 1618 Nam
2507 1564 2650 1618 sicut
2700 1579 2792 1618 ros
2846 1580 3014 1634 super
3054 1565 3307 1633 herbam,
3339 1567 3415 1620 ita
3445 1575 3500 1621 et

1931 1658 2186 1712 hilaritas
2214 1657 2357 1726 ejus.
2397 1675 2415 1707 ι

2002 1749 2182 1803 Eccle.
2219 1765 2335 1812 Vill,
2361 1749 2416 1802 2.
2445 1779 2513 1789 --
2545 1766 2565 1798 ι
2601 1747 2675 1802 Os
2710 1749 2855 1818 regis
2888 1747 3139 1803 observa.
3178 1768 3197 1801 ι

328 1866 347 1898 ι
395 1845 524 1898 ’ἰδοὺ
557 1846 810 1916 βασιλεὺς
838 1846 1047 1910 δίκαιος
1079 1845 1410 1916 βασιλεύσει,
1446 1849 1540 1902 καὶ
1568 1849 1825 1920 ἄρχοντες

2004 1838 2120 1893 Isa.
2158 1854 2332 1904 χχχιι,
2385 1840 2439 1893 1.
2463 1868 2534 1878 -
2562 1857 2581 1889 ‹
2635 1838 2781 1893 Ecce
2812 1853 2905 1893 rex
2931 1839 3120 1909 justus
3149 1840 3422 1909 regnabit,
3447 1848 3503 1895 et

257 1937 397 2009 μετὰ
425 1938 655 2009 κρίσεως
678 1936 954 2008 ἄρξουσιν.
996 1955 1014 1987 ι

330 2037 362 2081 r‘
389 2029 682 2100 Εύλογήσει
711 2046 769 2082 σε
803 2031 831 2082 ό
863 2029 989 2093 λαὸς
1032 2030 1062 2082 6
1095 2030 1307 2100 πτωχὸς
1330 2069 1345 2096 ,
1383 2031 1480 2084 καὶ
1505 2032 1689 2095 πόλεις
1731 2032 1827 2084 ἀν-

252 2120 488 2192 θρώπων
517 2120 886 2190 ἀδικουμένων
911 2121 1268 2194 εύλογήσουσί
1315 2138 1394 2175 σε.
1437 2122 1655 2190 Ἐγένου
1679 2123 1831 2196 πάσῃ

256 2215 407 2266 πόλει
439 2216 666 2285 ταπεινῇ
691 2213 902 2284 βοηθὸς,
926 2214 1020 2267 καὶ
1049 2215 1161 2277 τοίς
1193 2212 1507 2284 ἀθυμήσασι
1529 2214 1596 2268 δι’
1626 2214 1830 2280 ἐνδείας

259 2309 454 2378 σκέπη,
487 2307 593 2361 ἀπὸ
612 2305 914 2378 ἀνθρώπων
941 2306 1194 2378 πονηρῶν
1230 2307 1392 2377 ῥῦσαι
1428 2307 1623 2370 αύτούς
1643 2320 1657 2334 ⁸
1702 2308 1830 2361 σκέ-

256 2415 336 2468 πη
363 2399 660 2467 διψώντων,
710 2399 804 2453 καὶ
850 2396 1070 2469 πνεῦμα
1117 2396 1418 2468 ἀνθρώπων
1463 2397 1830 2468 ἀδικουμένων

253 2491 610 2563 εὐλογήσουσί
637 2507 719 2546 σε.
759 2509 780 2541 ι

335 2691 352 2723 ι
404 2671 532 2725 Ἰδοὺ
561 2672 745 2742 ἡμέρα
775 2671 1013 2741 ἔρχεται,
1040 2670 1189 2740 λέγει
1215 2670 1439 2742 Κύριος,
1475 2670 1569 2725 καὶ
1601 2672 1834 2745 ἀναστή-

259 2777 339 2813 σω
360 2761 436 2831 τῷ
462 2761 623 2814 Δαϐὶδ
649 2761 912 2830 ἀνατολὴν
933 2761 1146 2814 δικαίαν
1169 2778 1184 2791 ο
1213 2761 1308 2815 καὶ
1341 2760 1648 2832 βασιλεύσει
1678 2762 1834 2832 βασι-

258 2849 407 2914 λεὺς,
440 2850 532 2904 καὶ
564 2853 806 2922 συνήσει,
841 2853 935 2903 καὶ
963 2852 1177 2923 ποιήσει
1206 2855 1378 2923 κρῖμα
1423 2853 1521 2906 κα)⁵
1557 2854 1833 2908 δικαιοσύ-

258 2956 358 3012 νην
384 2943 476 2995 ἐπὶ
504 2941 605 3012 τῆς
632 2943 755 3012 γῆς.
794 2943 882 2996 Ἐν
911 2945 1033 3007 ταῖς
1060 2943 1294 3014 ἡμέραις
1318 2945 1503 3010 αὑτοῦ,
1536 2945 1630 3000 καὶ
1654 2946 1832 3014 σωθή-

261 3049 414 3085 σεται
439 3032 585 3097 λαὸς,
617 3034 710 3086 καὶ
739 3034 1155 3105 κατασκηνώσει
1187 3035 1482 3100 πεποιθώς.
1517 3056 1535 3088 ι

335 3145 355 3177 ι
390 3127 648 3190 Βασιλεὺς
675 3128 939 3198 φρόνιμος
973 3127 1264 3182 εὐστάθεια
1289 3128 1484 3200 δήμου.
1521 3149 1541 3182 ι

391 3311 634 3382 Λήψεται
658 3312 962 3366 πανοπλίαν
993 3313 1087 3366 τὸν
1118 3312 1279 3385 ζῆλον
1309 3313 1474 3368 αὐτοῦ
1495 3357 1510 3381 ,
1553 3314 1831 3368 ἐνδύσεται

259 3401 485 3475 θώρακα
514 3403 882 3474 δικαιοσύνης,
915 3405 1012 3459 καὶ
1054 3405 1411 3476 περιθήσεται
1455 3406 1664 3477 κόρυθα
1713 3405 1833 3477 κρί·

263 3514 350 3551 σιν
399 3496 796 3570 ἀνυπόκριτονο
855 3497 1085 3570 λήψεται
1148 3497 1351 3552 ἀσπίδα
1407 3499 1834 3571 ἀκαταμὰχητον

255 3591 533 3660 ὁσιότητα.
573 3611 592 3644 ι

341 3703 360 3734 ι
398 3685 556 3756 Παρά
587 3685 796 3756 βασιλεῖ
830 3685 906 3758 μὴ
945 3683 1188 3756 σοφίζου.
1233 3703 1252 3737 ι

340 3899 362 3931 ι
395 3877 601 3950 Κριτής
621 3877 782 3948 σοφὸς
807 3876 1088 3931 παιδεύσει
1115 3877 1205 3930 τὸν
1225 3877 1351 3930 λαὸν
1375 3876 1562 3941 αὑτοῦ,
1585 3877 1682 3929 καὶ
1707 3881 1836 3946 ἡγε-

264 3971 430 4042 μονία
460 3970 677 4024 συνετοῦ
703 3970 1009 4040 τεταγμένη
1041 3970 1214 4024 ἔσται.
1255 3989 1274 4021 ι

336 4149 399 4201 Οἱ
431 4147 692 4218 βασιλεῖς,
714 4145 948 4200 αἰδεῖσθε
978 4146 1076 4217 τὴν
1106 4145 1417 4217 ἁλουργίδα.
1466 4146 1839 4216 Νομοθετησει

259 4239 376 4309 γὰρ
431 4239 524 4291 καὶ
552 4237 869 4308 νομοθέταις
893 4239 921 4289 6
949 4237 1125 4305 λόγος.
1171 4235 1471 4289 Γινώσκετε
1523 4236 1584 4288 τὸ
1615 4253 1838 4288 πιστευ-

261 4331 360 4384 θὲν
389 4330 539 4400 ὑμῖν,
572 4329 669 4383 καὶ
693 4329 745 4381 τί
772 4329 833 4381 τὸ
872 4330 1012 4398 μέγα
1041 4329 1171 4399 περὶ
1207 4329 1351 4398 ὑμᾶς
1379 4329 1697 4398 μυστήριον.
1727 4327 1837 4379 Κό-

261 4439 403 4492 σμος
429 4421 548 4485 ὅλος
573 4419 676 4473 ὑπὸ
701 4423 858 4491 χεῖρα
886 4419 984 4490 τὴν
1016 4419 1309 4490 ὑμετέραν.
1337 4419 1628 4490 διαδήματι
1657 4415 1838 4488 μικρῷ

1751 3226 1758 3232 κ
1857 3176 1906 3236 C

1931 1931 2210 2002 principes
2243 1945 2368 1984 cum
2393 1930 2605 1999 judicio
2637 1940 2933 1997 praeerunt.
2971 1949 2990 1981 ι

2003 2021 2120 2076 lsa.
2174 2038 2302 2086 xxv,
2340 2022 2396 2086 5,
2423 2022 2480 2076 6.
2510 2038 2620 2072 -ι
2673 2020 2967 2076 Benedicet
3005 2029 3060 2075 te
3093 2023 3326 2092 p0pulus
3365 2039 3504 2094 pau-

1931 2129 2029 2185 per
2071 2125 2126 2169 et
2163 2113 2418 2169 civitates
2473 2113 2758 2167 hominum
2817 2112 3166 2183 iniquitatem
3221 2116 3503 2172 sustinen-

1931 2209 2069 2261 tium
2097 2206 2427 2267 henedicent
2459 2215 2531 2262 te.
2569 2206 2744 2261 Fuisti
2785 2206 2933 2261 enim
2965 2206 3119 2261 omni
3159 2207 3368 2262 civitati
3401 2208 3504 2262 hu-

1930 2301 2049 2355 mili
2093 2301 2414 2367 auxiliator,
2445 2309 2500 2356 et
2527 2300 2783 2356 tristibus
2829 2309 3053 2368 propter
3103 2300 3343 2371 inopiam
3374 2315 3504 2371 pro.

1930 2395 2098 2451 tectio
2125 2395 2194 2449 ab
2229 2394 2549 2450 hominibus
2589 2393 2773 2454 malis.
2807 2402 2865 2445 ut
2895 2393 3099 2448 liberes
3129 2408 3248 2456 eos,
3285 2394 3505 2448 umbra-

1932 2489 2120 2544 rulum
2176 2488 2505 2552 sitientium,
2537 2493 2592 2543 et
2635 2486 2866 2557 spiritus
2919 2485 3206 2541 hominum
3239 2488 3503 2558 iniquita-

1932 2589 2041 2637 tem
2065 2581 2482 2638 sustinentium.
2521 2598 2540 2630 ι

2002 2669 2202 2725 Jerem.
2246 2686 2406 2733 xxiii,
2441 2670 2498 2726 6.
2524 2701 2592 2710 —
2625 2687 2643 2720 ι
2696 2669 2836 2727 Ecce
2871 2673 2992 2729 dies
3024 2673 3198 2735 venit,
3239 2671 3374 2726 dicit
3395 2668 3503 2723 Do-

1935 2763 2143 2830 minus,
2183 2770 2238 2816 et
2271 2761 2553 2816 suscitabo
2597 2760 2767 2816 David
2803 2778 3026 2840 germen
3071 2765 3305 2834 justum,
3335 2770 3391 2817 et
3428 2776 3506 2816 re

1936 2857 2123 2925 gnabit
2176 2870 2294 2920 rex,
2330 2863 2386 2909 et
2418 2853 2640 2923 sapiens
2690 2856 2819 2920 erit,
2857 2865 2914 2911 et
2943 2855 3112 2912 faciet
3142 2856 3412 2926 judicium
3449 2860 3503 2908 et

1932 2949 2204 3018 justitiam
2256 2948 2312 3001 in
2360 2955 2528 3002 terra.
2577 2945 2637 3001 In
2685 2949 2881 3002 diebus
2931 2949 3070 3015 suis,
3116 2957 3172 3004 et
3203 2947 3505 3004 salvabitur

1937 3041 2196 3112 populus,
2232 3049 2287 3095 et
2311 3040 2588 3096 habitabit
2619 3041 2979 3096 conlidenter.
3011 3060 3031 3093 ι

2007 3130 2139 3200 Sap.
2170 3148 2244 3196 vx,
2296 3130 2389 3187 26.
2428 3162 2498 3173 -
2528 3149 2548 3182 ι
2611 3130 2728 3187 Rex
2768 3132 3014 3202 prudens
3071 3131 3503 3187 stabilimentum

1934 3223 2142 3293 populi.
2189 3241 2208 3272 ›

2003 3315 2132 3385 Sap.
2161 3315 2420 3383 v,l8.-—¢
2440 3315 2689 3386 Accipiet
2713 3323 3047 3370 armaturam
3079 3315 3230 3370 zelus
3257 3316 3397 3386 ejus.
3416 3316 3507 3371 ln-

1936 3409 2069 3466 duet
2097 3426 2200 3481 pro
2227 3412 2453 3466 thorace
2487 3411 2787 3480 justitiam,
2822 3419 2878 3466 et
2916 3426 3018 3480 pro
3049 3411 3203 3482 galea
3236 3411 3506 3482 judicium

1936 3518 2048 3558 non
2105 3502 2341 3557 ﬁctum:
2399 3509 2581 3557 sumet
2629 3509 2852 3558 scutum
2900 3503 3321 3574 inexpugnabile
3373 3516 3510 3558 sari-

1936 3596 2279 3651 ctimoniam.
2313 3614 2334 3647 ι

2008 3687 2179 3742 Eccli.
2225 3703 2321 3752 vn,
2370 3686 2424 3742 5.
2453 3718 2518 3728 —
2549 3704 2570 3739 ‹
2601 3686 2762 3758 Apud
2820 3701 3005 3757 regem
3041 3687 3156 3742 noli
3210 3686 3388 3743 videri
3421 3702 3508 3743 sa~

1936 3783 2114 3854 piens.
2150 3799 2171 3834 ι

2013 3870 2183 3926 Eccli.
2211 3887 2268 3938 x,
2315 3871 2367 3926 1.
2397 3901 2465 3910 ——
2494 3889 2514 3922 ‹
2552 3867 2728 3924 Judex
2782 3871 3004 3940 sapiens
3063 3871 3282 3927 erudiet
3332 3886 3509 3941 popu-

1940 3965 2051 4019 lum
2109 3980 2294 4028 suum,
2328 3973 2384 4019 et
2436 3963 2782 4034 principatus
2827 3963 3117 4033 prudentis
3169 3966 3509 4034 compositus

1938 4058 2062 4111 erit.
2103 4076 2121 4108 ι

2010 4146 2176 4219 396
2207 4145 2352 4201 Naz.
2382 4146 2534 4202 Orat.
2566 4147 2633 4201 de
2670 4147 2864 4216 seipso.
2899 4179 2967 4190 -—
2989 4149 3378 4219 Imperatores.
3411 4148 3508 4203 ho-

1940 4252 2134 4292 norem
2182 4238 2378 4293 habete
2429 4254 2708 4308 purpuraa.
2745 4239 2883 4292 Nam
2919 4240 3328 4311 legislatoribus
3366 4240 3512 4311 leges

1941 4343 2164 4400 quoque
2213 4331 2444 4385 verbum
2507 4330 2739 4386 sanciet.
2805 4333 3102 4401 Agnoscite
3151 4344 3417 4402 quantum
3457 4331 3510 4385 id

1943 4425 2015 4478 sit
2037 4421 2182 4493 quod
2216 4422 2340 4477 ﬁdei
2370 4433 2571 4478 vestrae
2600 4423 2965 4478 commissum
2997 4432 3101 4490 est,
3135 4431 3513 4493 quantumque

261 4513 363 4566 xui.
407 4511 601 4583 βραχεῖ
639 4510 813 4580 ρακίῳ
854 4507 1248 4580 κρατούμενος.
1279 4509 1360 4561 Τὰ
1392 4511 1488 4578 μὲν
1532 4511 1644 4563 ἄνω
1676 4510 1834 4579 μόνον

1943 4517 2098 4571 circa
2125 4531 2224 4570 vos
2273 4518 2620 4587 mysterium.
2671 4515 2833 4571 Orbis
2863 4517 3158 4572 universus
3197 4515 3386 4570 manui
3421 4531 3513 4569 ve-

257 4603 426 4665 Θεοῦ,
474 4603 544 4655 τὰ
563 4603 620 4655 δὲ
665 4601 836 4666 κάτω,
866 4602 961 4654 καὶ
999 4601 1173 4670 ὑμῶν.
1216 4601 1338 4652 Θεοὶ
1368 4600 1584 4668 γίνεσθε
1611 4606 1720 4664 τοῖς
1748 4600 1838 4669 ὑφ’

260 4697 434 4765 ὑμᾶς,
470 4695 560 4748 ἵνα
585 4693 723 4746 εἴπω
756 4710 810 4746 τι
837 4695 932 4745 καὶ
962 4691 1386 4761 τολμηρότερον.
1427 4691 1639 4762 Καρδὶα
1683 4690 1836 4760 βασι-

257 4789 404 4850 λέως
435 4787 490 4838 ὲν
519 4789 664 4858 χειρὶ
691 4785 849 4848 Θεοῦ,
893 4785 988 4837 καὶ
1025 4786 1264 4855 εἴρηται,
1312 4787 1409 4836 καὶ
1461 4784 1837 4836 πεπίστευται.

271 4877 543 4932 Ἐνταῦθα
565 4877 703 4929 ἔστω
728 4875 788 4928 τὸ
817 4877 1020 4946 κράτος
1059 4875 1231 4946 ὑμῶν,
1269 4875 1403 4928 ἀλλά
1439 4875 1514 4946 μὴ
1546 4875 1624 4944 τῷ
1653 4874 1840 4946 χρυσῴ

257 4973 362 5025 καὶ
389 4972 508 5033 ταῖς
535 4969 818 5039 φάλαγξιν.
848 4971 909 5022 Οί
935 4985 1002 5020 πε
1013 4969 1065 5038 pi.
1084 4971 1153 5021 τὰ
1177 4969 1421 5039 βασίλεια
1450 4969 1544 5021 καὶ
1573 4969 1697 5030 τοὺς
1724 4967 1841 5038 θρό-

255 5084 410 5130 νους,
439 5065 513 5135 μὴ
556 5065 760 5135 σφόδρα
805 5066 926 5126 ταῖς
963 5062 1261 5130 ιὲξουσίαις
1323 5059 1645 5132 ἐπαίρεσθε,
1700 5059 1834 5131 μηδὲ

253 5156 508 5211 ἀθάνατα
534 5153 828 5208 διανοεῖσθε
861 5153 988 5223 περὶ
1013 5152 1121 5204 τῶν
1140 5153 1238 5204 ούκ
1264 5151 1564 5204 ἀθανάτων.

1941 4615 2072 4664 strae
2103 4608 2315 4672 subest,
2349 4607 2660 4662 diademate
2692 4621 2861 4676 parvo
2901 4615 2955 4662 et
2982 4609 3179 4678 exiguo
3211 4623 3394 4678 panno
3427 4623 3512 4662 re-

1942 4709 2148 4754 tentus.
2184 4699 2430 4769 Superna
2461 4699 2554 4754 Dei
2599 4699 2771 4753 solius
2805 4707 2937 4754 sunt
2968 4719 2981 4754 :
3030 4701 3294 4755 inferiora
3323 4710 3378 4754 et
3416 4700 3509 4755 Dei

1941 4801 2090 4856 sunt,
2123 4801 2176 4844 et
2210 4799 2414 4847 vestra.
2451 4790 2700 4844 Subditis
2752 4791 2950 4847 vestris
2980 4793 3112 4847 deos
3144 4808 3240 4846 vos
3271 4793 3510 4864 praebete

1943 4883 2148 4952 (liceat
2176 4883 2322 4936 enim
2358 4892 2411 4937 et
2451 4883 2843 4938 audaciuscule
2875 4883 3079 4954 aliquid
3117 4885 3369 4954 dicere).
3400 4883 3511 4937 Cor

1948 4975 2091 5045 regis
2140 4975 2196 5028 in
2239 4990 2404 5028 manu
2456 4973 2549 5028 Dei
2593 4982 2698 5040 est,
2746 4984 2805 5027 ut
2847 4975 3133 5046 Scriptura
3166 4984 3423 5036 testatur,
3457 4983 3511 5026 et

1941 5066 2202 5122 creditur.
2243 5066 2342 5120 llic
2373 5066 2662 5136 imperium
2690 5077 2932 5122 vestrum
2961 5069 3053 5133 sit,
3083 5083 3193 5122 non
3223 5076 3405 5121 autem
3446 5066 3501 5117 in

1938 5172 2075 5212 auro
2095 5165 2149 5211 et
2180 5156 2537 5212 exercitibus.
2569 5156 2749 5212 Aulici
2792 5173 3071 5226 proceres,
3099 5168 3154 5212 et
3183 5157 3275 5226 qui
3306 5153 3499 5210 astatis

254 5246 430 5310 solio,
493 5260 562 5298 ne
609 5245 880 5297 honorum
932 5243 1296 5312 amplitudine
1338 5250 1393 5296 et
1436 5242 1682 5312 potentia
1745 5243 1974 5302 nimium
2016 5247 2389 5310 insolescatis,
2425 5259 2526 5302 nec
2597 5246 2664 5302 de
2733 5250 3057 5304 mortalibus
3126 5249 3289 5304 rebus
3355 5259 3491 5316 quas

251 5339 677 5398 immortalibus
703 5338 981 5408 cogitetis.

381 5564 452 5628 Τὸ
475 5563 793 5628 δραστικὸν
823 5561 1082 5624 δείκνυε,
1109 5563 1195 5628 μὴ
1222 5560 1288 5613 τὸ
1313 5557 1463 5628 δρᾶν·
1490 5557 1705 5624 κακῶς,

383 5627 458 5686 Τὸ
485 5627 552 5684 δὲ
572 5629 640 5686 εὖ
664 5650 717 5686 τι.
746 5632 960 5690 ποιεῖν.
992 5632 1044 5682 ει
1072 5627 1264 5696 θέλεις
1293 5627 1445 5684 εἶναι
1476 5630 1608 5695 θεός
1630 5644 1643 5657 ο

387 5705 458 5756 Τὸ
479 5703 544 5754 δέ
566 5704 735 5757 ἐστιν
773 5701 994 5769 ἀνδρὸς
1015 5701 1242 5765 ειδότος
1269 5703 1334 5753 τὸ
1360 5701 1673 5770 συγγενές.

387 5774 614 5830 κτείνει
634 5772 703 5824 δὲ
722 5771 942 5840 ῥᾷστα,
967 5771 1064 5823 καὶ
1091 5771 1342 5837 τρυγὼν,
1364 5772 1463 5824 καὶ
1490 5769 1798 5837 σκορπίος.

609 5867 874 5928 Ρηιιοι..
917 5867 1032 5928 Gn.
1072 5867 1240 5926 XCV.

2445 5444 2721 5514 Ejusdem,
2757 5454 2878 5502 tetr.
2910 5446 2998 5500 56.

2100 5556 2361 5632 Υἱιξιιιῑεης
2390 5568 2648 5632 monstra,
2684 5575 2786 5610 non
2813 5568 2870 5632 ut
2897 5559 3023 5632 quid
3063 5577 3190 5632 agas
3222 5560 3375 5630 mali,

2095 5628 2198 5683 Sed
2224 5630 2390 5697 magis
2425 5629 2593 5696 facias
2627 5629 2770 5685 bene.
2807 5630 2851 5681 si
2884 5630 3009 5684 velis
3037 5628 3148 5686 esse
3175 5633 3299 5686 deus
3323 5648 3341 5684 :

2099 5697 2412 5771 ﬂocrvirum
2442 5701 2585 5752 decet
2612 5701 2701 5766 qui
2726 5701 2826 5752 vim
2851 5711 3127 5771 cognatam
3160 5704 3314 5757 sciat.

2101 5766 2285 5822 Facile
2323 5772 2601 5839 pastinaca
2627 5771 2836 5822 marina
2863 5766 3175 5837 etvscorpius
3205 5781 3412 5827 necant.

3128 5865 3211 5924 41η
