3910 6408
565 356 693 424 1291

1667 355 1728 415 S.
1762 353 2083 415 JOANNIS
2118 342 2543 414 DAMASCENI

3667 347 3791 417 1292

628 468 819 543 Ejmd.
859 471 912 524 in
955 485 1075 525 nov.
1112 467 1265 524 Dom.
1299 496 1369 507 -—
1396 465 1499 533 Qui
1542 470 1797 535 potentes
1822 464 1978 532 estis,
2019 477 2096 534 pol

2287 466 2349 516 0i
2377 463 2653 527 δυνάσται,
2686 461 2935 532 φοϐεῖσθε
2968 460 3060 515 τδν
3089 459 3479 531 δυνατώτερον.

557 565 849 619 tentiorem
883 562 1092 616 timete.

623 653 683 707 S.
711 651 987 721 Chrysost.
1020 648 1098 704 De
1124 648 1405 704 Constant.
1430 647 1557 714 imp.
1583 673 1653 693 υ-
1670 641 1917 715 Regnum
1958 655 2117 710 aspe-

555 748 748 802 ritates
814 754 1158 799 terrenarum
1220 755 1405 796 rerum
1452 738 1651 809 planas
1700 747 1757 792 et
1814 733 2117 805 aquabiles

555 836 759 891 reddit.

625 928 684 984 S.
745 926 959 981 Irenwi.
1004 922 1286 990 —Quivis
1336 936 1431 977 rex
1478 920 1667 991 justus
1715 916 2111 975 sacerdotalem

550 1015 801 1070 ordinem
836 1014 1016 1069 habet.

660 1147 796 1204 ΤΙΤ.
824 1148 893 1203 Χ.
929 1178 996 1190 ——
1024 1147 1100 1202 De
1130 1163 1245 1218 rege
1282 1163 1387 1201 non
1419 1146 1642 1200 multum
1673 1146 2010 1201 admirando.

620 1327 782 1381 Prov.
801 1327 1071 1391 lll,9.—t
1103 1323 1217 1379 Rex
1246 1322 1570 1379 temerarius
1599 1323 1803 1378 incidet
1833 1323 1888 1377 in
1913 1323 2107 1377 mala.»

621 1420 781 1474 Prov.
810 1434 1005 1481 xxvm,
1037 1418 1123 1472 16.
1152 1418 1221 1459 -‘—
1247 1436 1264 1467 ‹
1302 1416 1417 1471 Rex
1452 1416 1701 1487 indigens
1731 1416 2108 1487 proventibus,

550 1526 778 1582 magnus
811 1511 1182 1566 calumniator
1216 1518 1321 1564 est.
1362 1528 1381 1559 ι

617 1603 777 1658 Prov.
814 1618 965 1669 χιιι,
1003 1602 1090 1655 12.
1115 1632 1185 1641 -
1213 1618 1232 1651 ε
1274 1599 1424 1669 Rege
1455 1599 1714 1654 audiente
1752 1599 1979 1653 verbum
2006 1598 2112 1653 ini-

548 1712 738 1765 quum,
774 1710 965 1749 omnes
1005 1694 1178 1764 ipsius
1217 1693 1427 1748 subditi
1454 1692 1630 1761 iniqui
1658 1699 1807 1747 sunt.
1840 1709 1860 1743 ι

2286 650 2547 705 Βασιλεία
2577 649 2685 702 τῶν
2710 648 2805 702 ὲπὶ
2829 647 2929 718 τῆς
2953 646 3058 718 γῆς
3088 644 3431 717 πραγμάτων
3450 642 3569 707 τὰς
3608 643 3788 715 τραχύ-

2214 760 2383 816 τητας
2401 740 2669 813 όμαλίζει.

2285 923 2401 985 Πᾶς
2436 916 2686 990 βασιλεὺς
2711 918 2915 981 δίκαιος
2946 914 3224 988 ἱερατικὴν
3246 914 3359 985 ἔχει
3396 910 3591 979 τάξιν.

2215 1142 2394 1196 ΤΙΤΛ.
2428 1140 2487 1194 ι’.
2514 1170 2583 1182 -
2614 1138 2752 1208 Περὶ
2774 1136 3083 1203 βασιλέως
3106 1133 3194 1206 μὴ
3235 1133 3383 1188 λίαν
3423 1129 3791 1200 θαυμαζομέο

2926 1224 3059 1260 νου.

2288 1344 2307 1379 ι
2347 1324 2609 1388 Βασιλεὺς
2634 1322 2840 1394 θρασὺς
2871 1321 3191 1391 ἐμπεσεῖται
3212 1319 3295 1381 εἰς
3328 1317 3511 1371 κακά.
3549 1334 3569 1365 ι

2288 1437 2307 1470 ι
2342 1417 2601 1480 Βασιλεὺς
2630 1414 2810 1486 ἐνδεὴς
2841 1412 3137 1485 προσόδιον,
3173 1409 3348 1481 μέγας
3371 1407 3783 1477 συκοσρὰντης.ι

2284 1623 2302 1654 ‹
2338 1599 2612 1663 Βασιλέως
2644 1596 3012 1661 ὑπακούοντες
3048 1594 3205 1664 λόγον
3242 1594 3471 1655 ἄδικον,
3513 1590 3724 1652 πάντες

2212 1696 2302 1750 ὑπ’
2328 1693 2490 1748 αὑτὸν
2518 1684 2846 1763 παράνομοι.
2891 1708 2911 1739 ›

619 1785 798 1840 Eccle.
825 1801 879 1850 ι,
915 1784 1003 1840 16.
1032 1816 1100 1825 -
1130 1803 1148 1835 ‹
1174 1782 1264 1838 Vae
1286 1782 1406 1849 tibi,
1436 1782 1632 1837 civitas
1664 1781 1827 1851 cujus
1855 1796 1949 1836 rex
1973 1796 2096 1853 puer

2289 1802 2306 1833 ι
2344 1780 2478 1835 Οὐαί
2504 1796 2608 1844 σοι,
2637 1778 2791 1841 πόλις
2821 1771 2888 1849 ἦς
2920 1778 2948 1831 ό
2979 1774 3227 1847 βασιλεύς
3254 1791 3352 1829 σου
3384 1772 3689 1842 νεώτερος,
3708 1772 3785 1825 καὶ

545 1886 651 1941 est,
688 1884 740 1930 et
769 1876 929 1945 cujus
958 1875 1234 1945 principes
1266 1888 1427 1928 mane
1453 1872 1768 1928 comedunt.
1800 1890 1819 1923 ι

620 1967 749 2035 Sap.
777 1983 828 2031 ν,
859 1966 966 2032 25;
994 1981 1067 2030 vi,
1107 1965 1229 2018 2-4.
1257 1993 1324 2003 -
1354 1982 1374 2016 ι
1398 1962 1712 2034 Malignitas
1728 1962 1925 2018 evertit
1952 1962 2107 2017 tbro-

549 2076 649 2117 nos
683 2058 1019 2130 principum.
1055 2057 1254 2111 Audite
1290 2071 1442 2126 ergo,
1482 2070 1662 2126 reges,
1689 2063 1745 2110 et
1770 2054 2105 2124 intelligite:

546 2166 708 2215 aures
738 2149 994 2220 prtebete,
1029 2148 1125 2217 qui
1154 2144 1450 2200 continetis
1482 2142 1882 2209 multitudines,
1910 2149 1965 2197 et
1990 2141 2108 2211 pla-

548 2243 685 2298 cetis
705 2241 859 2296 vobis
898 2239 956 2293 in
987 2237 1167 2293 turbis
1203 2237 1527 2292 nationum:
1573 2233 1834 2301 quoniam
1871 2231 2000 2287 data
2022 2239 2107 2287 est

546 2334 701 2391 vobis
732 2341 977 2403 potestas
1032 2346 1062 2385 a
1116 2330 1371 2385 Domino.
1421 2327 1714 2395 Quoniam,
1748 2341 1873 2381 cum
1905 2324 2104 2381 essetis

545 2430 783 2487 ministri
807 2428 965 2500 regni
994 2427 1167 2491 illius,
1202 2440 1311 2481 non
1350 2433 1502 2480 recte
1522 2421 1840 2493 iudicastis,
1872 2435 1976 2476 nec
2003 2433 2103 2474 cu-

543 2521 787 2576 stodistis
826 2520 998 2590 legem
1021 2558 1037 2585 ,
1093 2532 1193 2572 nec
1236 2516 1536 2573 secundum
1568 2515 1901 2570 voluntatem
1935 2511 2105 2566 Altis-

546 2613 668 2670 simi
716 2611 1066 2667 ambulastis.
1111 2608 1394 2664 Horrende
1437 2618 1491 2664 et
1533 2609 1646 2662 cito
1690 2608 1907 2678 ingruet
1945 2604 2103 2659 vobis

544 2703 822 2765 interitus,
858 2700 1122 2772 quoniam
1177 2699 1446 2769 judicium
1509 2695 1867 2753 durissimum
1918 2694 1973 2749 in
2031 2694 2104 2749 iis

541 2798 631 2865 qui
664 2802 927 2866 prtesunt,
968 2794 1080 2858 ﬁet,
1121 2800 1176 2847 et
1198 2791 1518 2862 potentibus
1567 2789 1726 2845 fortis
1774 2790 1945 2843 instat
1970 2800 2103 2842 exa-

542 2889 772 2942 minatio
805 2906 820 2942 :
850 2896 1098 2957 potentes
1142 2893 1396 2955 potenter
1437 2890 1711 2939 tormenta
1742 2881 2044 2952 patientur.
2077 2897 2095 2929 ι

608 2979 775 3034 Eccli.
823 2994 941 3044 vin,
994 2978 1048 3031 5.
1079 3008 1149 3019 --
1179 2995 1199 3028 ‹
1248 2975 1449 3031 Multos
1503 2972 1743 3045 perdidit
1789 2988 2007 3039 aurum,
2049 2979 2102 3026 et

532 3088 634 3128 acor
664 3072 808 3141 regis
842 3069 1121 3125 declinare
1148 3068 1295 3123 fecit.

2205 1877 2255 1930 οἱ
2284 1872 2542 1944 ἄρχοντές
2563 1888 2654 1924 σου
2683 1872 2742 1924 έν
2769 1867 2913 1941 πρωῒ
2950 1867 3238 1922 ἐσθίουσιν.
3276 1885 3295 1917 ι

2280 1986 2299 2018 ι
2340 1963 2708 2035 Κακοπραγία
2774 1960 3129 2031 περιστρέφει
3201 1957 3437 2030 θρόνους
3486 1955 3784 2009 δυναστῶν.

2216 2057 2512 2114 Ἀκούσατε
2540 2051 2634 2109 οὖν
2662 2092 2679 2118 ,
2704 2052 2963 2124 βασιλεῖς,
2994 2050 3091 2106 καὶ
3115 2049 3301 2104 σύνετε
3323 2066 3337 2079 ’
3361 2048 3731 2111 ἐνωτίσασθε,
3742 2049 3781 2099 οἱ

2204 2147 2535 2221 κρατοῦντες
2561 2143 2828 2216 πλήθους,
2872 2144 2967 2197 καὶ
2990 2141 3417 2213 γεγαυρωμένοι
3468 2139 3579 2192 ἐπὶ
3622 2138 3781 2209 ὕχλοις

2204 2241 2395 2308 ἐθνῶν,
2425 2241 2509 2294 ὅτι
2534 2238 2691 2309 ἐδόθη
2713 2238 2865 2309 παρά
2890 2235 3099 2306 Κυρίου
3121 2236 3155 2305 ὴ
3178 2234 3457 2303 κράτησις
3482 2234 3650 2302 ὑμῖν.
3677 2232 3777 2283 Ὀτι

2203 2334 2478 2404 ὑπηρέται
2507 2331 2659 2393 ὄντες
2704 2329 2805 2400 τῆς
2849 2326 3014 2382 αὑτοῦ
3046 2324 3344 2396 βασιλείας.
3389 2324 3500 2377 οὐκ
3539 2322 3777 2395 ἐκρίνατε

2201 2421 2399 2493 ὀρθῶς,
2426 2420 2548 2474 οὐδὲ
2570 2416 2875 2489 ἐφυλάξατε
2913 2418 3097 2487 νόμον,
3126 2414 3247 2468 οὐδὲ
3276 2411 3431 2466 κατά
3453 2412 3570 2483 τὴν
3602 2411 3776 2482 βουλὴν

2201 2514 2296 2569 τοῦ
2336 2512 2593 2584 Ὑψίστου
2633 2509 2986 2581 έπορεύθητε.
3013 2505 3259 2579 Φρικτῶς
3294 2505 3397 2559 καὶ
3419 2505 3645 2575 ταχέως
3667 2505 3767 2555 ἕπεο

2203 2607 2462 2677 στήσεται
2491 2604 2621 2674 ὑμῖν
2648 2601 2886 2673 ὄλεθρος,
2918 2601 2999 2654 ὃτι
3030 2599 3209 2671 κρίσις
3264 2598 3557 2667 ἀπότομος
3588 2599 3641 2649 ἐν
3666 2597 3758 2655 τοῖς

2203 2698 2525 2770 ὑπερέχουσι
2543 2696 2771 2766 γίνεται,
2789 2694 3009 2756 καὶτοῖς
3029 2693 3305 2763 κραταιοῖς
3334 2690 3549 2760 ἰσχυρά
3567 2688 3754 2756 ἐξίστα-

2200 2809 2292 2846 ται
2317 2787 2511 2863 έρευνα
2530 2806 2545 2821 ο
2576 2789 2792 2843 δυνατοὶ
2820 2786 3059 2850 δυνατῶς
3088 2785 3514 2855 ὲτασθήσονται.
3551 2802 3571 2834 ι

2280 2994 2299 3027 ι
2331 2974 2570 3038 Πολλοὺς
2596 2971 2843 3027 ἀπώλεσε
2871 2967 2935 3022 τὸ
2960 2965 3199 3039 χρυσίον,
3222 2963 3319 3017 καὶ
3348 2962 3603 3034 καρδίαν
3634 2962 3770 3031 βεα-

2200 3064 2334 3128 λέως
2361 3063 2654 3128 ἐξέκλινεν.
2694 3081 2712 3113 ι

610 3162 775 3219 Eccli.
809 3163 940 3226 ιβ.
971 3191 1041 3200 -
1072 3178 1089 3211 ι
1127 3158 1243 3214 Rex
1290 3156 1556 3228 insipiens
1598 3154 1787 3227 perdet
1833 3153 2093 3227 pepulum

2270 3174 2291 3209 ι
2325 3156 2591 3219 Βασιλεὺς
2619 3154 2944 3218 ἀπαίδευτος
2979 3149 3176 3206 ἀπολεῖ
3202 3148 3297 3203 τὸν
3322 3146 3457 3202 λαὸν
3485 3145 3691 3201 αὐτοῦ.
3719 3163 3738 3196 ι

542 3270 719 3310 suum.
759 3272 779 3304 ι

609 3344 870 3401 Philonis.
928 3345 1102 3414 (Apud
1156 3342 1293 3414 Rup.
1349 3342 1429 3397 De
1477 3341 1855 3414 questionibus
1883 3359 1999 3413 qua:
2038 3343 2095 3395 in

543 3436 720 3492 Genesi
769 3438 1195 3507 occurrunt.)—-
1228 3435 1272 3489 E
1329 3436 1514 3493 stultis
1572 3435 1754 3490 nullus
1810 3443 1891 3490 est
1957 3448 2093 3498 rex,

538 3530 785 3601 quamvis
824 3531 1029 3600 alioqui
1095 3530 1268 3585 totius
1323 3540 1485 3584 terra:
1526 3542 1593 3582 ac
1640 3525 1809 3582 maris
1866 3524 2094 3595 imperio

534 3625 777 3690 potiatur
802 3640 815 3676 :
845 3637 1034 3677 verum
1069 3622 1220 3677 solus
1248 3623 1329 3675 vir
1361 3622 1568 3691 probus
1598 3629 1654 3675 et
1688 3617 1782 3675 Dei
1808 3627 2043 3673 amator.
2068 3636 2087 3669 ›

533 3756 672 3812 ΤΙΤ.
708 3757 799 3812 XI.
830 3790 897 3800 —
927 3756 1005 3813 De
1031 3774 1147 3829 rege
1174 3774 1192 3813 :
1236 3756 1376 3881 qno‘d
1401 3773 1496 3827 pro
1534 3773 1594 3812 eo
1615 3772 1789 3828 preces
1812 3754 2092 3826 fundendo:

1249 3846 1331 3881 ειη
1362 3867 1376 3881 .

1249 3846 1376 3882 σιηι.

600 3938 773 3994 Exod.
806 3954 943 4004 χχιι,
968 3938 1059 3997 28.
1084 3970 1153 3982 ——
1180 3958 1199 3992 ι
1235 3938 1353 3995 Diis
1386 3953 1492 3993 non
1528 3938 1807 4006 detrahes,
1848 3947 1903 3993 et
1934 3936 2091 4008 prin-

536 4033 713 4102 cipem
740 4030 929 4101 populi
963 4031 1043 4084 tui
1074 4044 1183 4085 non
1210 4029 1524 4085 maledices.
1564 4049 1582 4081 ι

597 4122 698 4176 Job
730 4138 916 4189 xxnv,
964 4122 1053 4179 18.
1077 4154 1148 4164 —
1182 4142 1200 4174 ι
1234 4121 1437 4193 Impius
1488 4129 1593 4185 est,
1624 4121 1720 4192 qui
1768 4121 1881 4190 regi
1918 4118 2086 4175 dicit:

530 4218 716 4288 Inique
752 4221 890 4291 agis.
928 4237 950 4272 ι

600 4311 775 4367 Eccle.
814 4328 870 4376 x,
908 4310 998 4366 10.
1028 4338 1097 4352 —-
1124 4327 1143 4361 ι
1179 4307 1238 4362 In
1263 4307 1492 4362 scientia
1525 4312 1617 4359 tua
1646 4318 1711 4359 ne
1734 4302 2088 4359 maledixeris

527 4402 643 4472 regi
674 4422 686 4457 :
721 4403 849 4472 quia
888 4409 943 4457 et
975 4416 1106 4457 aves
1140 4399 1266 4454 coeli
1312 4397 1611 4468 portabunt
1642 4410 1830 4452 vocem
1858 4406 2030 4450 tuam.
2060 4414 2080 4446 ι

2266 3336 2387 3390 Τῶν
2417 3335 2517 3407 μὲν
2546 3333 2797 3403 ἀφρόνων
2832 3329 3083 3400 βασιλεὺς
3110 3327 3285 3388 οὐδεὶς
3305 3365 3321 3390 ,
3349 3326 3463 3380 κᾶν
3498 3325 3572 3378 τὸ
3604 3326 3771 3394 πάσης

2194 3429 2299 3499 γῆς
2342 3428 2436 3481 καὶ
2481 3425 2753 3496 θαλάττης
2803 3424 3003 3495 κράτος
3060 3418 3363 3489 ἀνάψηταιο
3430 3418 3608 3488 μόνος
3654 3415 3766 3468 5ὲὸ

2192 3522 2410 3584 ἀστεῖος
2435 3518 2530 3573 καὶ
2554 3516 2829 3587 θεοφιλής.

2192 3745 2510 3802 TITA..IA'.
2543 3768 2615 3782 --
2646 3737 2785 3810 Περὶ
2807 3734 3152 3810 ,ϐασιλέως
3205 3730 3292 3785 ὅτι
3321 3729 3444 3798 χρὴ
3482 3728 3766 3798 εὔχεσθαι

2780 3805 2932 3877 ὑπὲρ
2960 3802 3167 3859 αὐτοῦ.

2269 3951 2289 3984 ι
2320 3930 2487 3993 Θεοὺς
2516 3929 2576 3982 ού
2617 3924 3028 3995 κακολογήσεις,
3079 3917 3173 3972 καὶ
3217 3916 3462 3987 ἄρχοντα
3500 3913 3604 3968 τοῦ
3644 3908 3765 3966 λαοῦ

2192 4043 2283 4079 σου
2313 4026 2413 4078 οὐκ
2443 4024 2585 4094 ἐρεῖς
2617 4018 2823 4082 κακῶς.
2863 4036 2883 4068 ι

2259 4137 2278 4171 ι
2325 4116 2571 4186 Ἀσεὸὴς,
2600 4116 2628 4167 ὁ
2646 4112 2821 4181 λέγων
2850 4105 3091 4180 βασιλεῖ’
3116 4102 3488 4175 Παρανομεῖς.
3529 4118 3549 4151 ι

2263 4317 2281 4350 ι
2334 4296 2421 4350 Ἐν
2449 4294 2649 4365 είδήσει
2680 4307 2771 4343 σου
2802 4286 3025 4357 βασιλέα
3065 4284 3141 4353 μὴ
3184 4279 3501 4353 καταράσῃ,
3539 4279 3629 4334 ὅτι
3665 4294 3759 4329 περ

2185 4389 2359 4443 τεινὸν
2384 4384 2477 4439 τοῦ
2513 4381 2744 4453 ούρανοῦ
2765 4379 2980 4434 ἀποίσει
3009 4375 3105 4446 τὴν
3139 4374 3322 4444 φωνήν
3362 4389 3483 4426 σου.
3524 4390 3545 4422 ›

595 4461 757 4548 Prov:
788 4508 937 4559 xxiv,
977 4494 1071 4549 21.
1102 4524 1168 4536 -ρ
1203 4509 1221 4543 ι
1268 4461 1436 4547 Deum
1469 4490 1621 4555 time,
1668 4488 1767 4556 ﬁli,
1799 4495 1852 4543 et
1876 4502 2080 4558 regem,

2261 4500 2279 4533 ι
2311 4477 2482 4533 Φοὸοὖ
2516 4477 2605 4530 τὸν
2626 4474 2778 4537 Θεὸν,
2807 4471 2910 4534 υἱὲ,
2942 4469 3037 4523 καλ⁵
3070 4464 3314 4537 βασιλέα,
3339 4463 3438 4516 καὶ
3476 4461 3758 4533 μηδετέρῳ

525 4594 580 4639 et
599 4583 779 4639 neutri
809 4584 1003 4639 horum
1028 4583 1320 4639 reluctare.
1352 4601 1371 4634 ι

593 4675 753 4746 397
796 4674 992 4729 Matth.
1014 4689 1077 4738 ιι,
1109 4673 1196 4728 10.
1218 4704 1287 4713 —
1322 4692 1341 4725 ι
1373 4670 1635 4728 Videntes
1679 4668 1888 4725 stellam
1918 4667 2079 4739 Magi,

523 4771 698 4839 gavisi
748 4775 899 4835 sunt,
930 4777 985 4823 et
1011 4768 1331 4823 obtulerunt
1356 4780 1607 4831 munera,
1644 4781 1663 4815 ι
1696 4773 1801 4818 etc.

592 4860 621 4915 Ι
663 4860 802 4917 Tim.
828 4874 891 4926 ll,
921 4861 972 4925 1,
1008 4862 1062 4915 2.
1105 4889 1177 4899 --
1218 4878 1236 4911 ι
1265 4858 1506 4914 Obsecro
1555 4872 1655 4912 vos
1693 4856 1928 4925 primum
1959 4869 2081 4910 om-

524 4955 673 5009 nium
708 4953 827 5009 ﬁeri
855 4951 1291 5015 obsecrationes,
1331 4949 1635 5014 orationes,
1683 4945 2081 5017 postulationes

522 5064 618 5117 pro
647 5045 905 5102 omnibus
935 5043 1282 5108 hominibus;
1328 5058 1428 5113 pro
1456 5041 1696 5112 regibus,
1739 5046 1794 5093 et
1825 5052 1927 5109 pro
1961 5052 2081 5092 om-

520 5138 683 5193 nibus
717 5138 811 5208 qui
864 5137 923 5192 in
974 5135 1312 5192 sublimitate
1358 5144 1505 5191 sunt.
1548 5135 1665 5189 Hoc
1696 5133 1843 5189 enim
1874 5132 2080 5188 bonum

519 5238 603 5284 est
632 5244 821 5284 coram
854 5227 1131 5285 salvatdre
1158 5236 1352 5283 nostro
1388 5224 1517 5281 Deo.
1548 5243 1569 5276 ι

520 5379 655 5435 ΤΙΤ.
693 5380 809 5437 XII.
844 5416 913 5426 —
932 5384 1011 5440 De
1039 5378 1265 5439 consilio
1298 5397 1317 5436 :
1346 5392 1395 5436 et
1430 5379 1569 5451 quod
1601 5377 1781 5451 omnia
1809 5392 1928 5432 cum
1954 5392 2081 5431 con-

779 5454 901 5509 silio
927 5465 977 5510 et
1015 5449 1657 5522 consideratione‘agenda
1685 5450 1811 5503 sint.

589 5581 750 5638 Prov.
776 5601 906 5656 xxv,
928 5588 1021 5646 28.
1043 5619 1112 5631 —
1143 5609 1163 5643 ι
1209 5589 1363 5645 Sicut
1386 5586 1537 5655 urbs,
1559 5585 1721 5656 cujus
1752 5582 1957 5640 moenia
1982 5582 2078 5638 de-

518 5677 663 5743 jecta
690 5684 844 5745 sunt,
867 5690 952 5735 est
979 5682 1186 5754 absque
1217 5696 1395 5749 muro,
1422 5680 1495 5735 ita
1526 5679 1613 5734 vir
1635 5677 1733 5749 qui
1754 5692 1865 5734 non
1893 5674 2077 5756 omnia

518 5788 643 5829 cum
673 5773 907 5831 consilio
939 5776 1065 5845 agit.
1112 5794 1130 5827 ι

2188 4574 2366 4629 αὐτῶν
2394 4570 2732 4640 ἀπειθήσεις.
2766 4585 2787 4619 ι

2262 4686 2282 4719 ι
2334 4666 2550 4727 Ἰδόντες
2579 4661 2785 4730 ἀστέρα
2823 4657 2873 4712 οἱ
2911 4656 3095 4727 μάγοι,
3142 4652 3441 4724 ἐχάρησαν,
3484 4651 3586 4703 καὶ
3614 4648 3757 4713 δῶρα

2187 4757 2557 4829 προσήγαγον.
2595 4770 2615 4804 ι

2262 4865 2281 4899 ι
2310 4842 2616 4917 Παρακαλῶ
2641 4841 2811 4911 ὑμᾶς,
2843 4838 3057 4910 πρῶτον
3077 4835 3294 4889 πάντων
3327 4834 3605 4887 ποιεῖσθαι
3638 4833 3757 4902 δεή-

2189 4953 2325 5000 σεις,
2353 4931 2683 5005 προσευχὰς,
2715 4927 2982 4992 ἐντεύξεις
3010 4926 3148 4996 ὑπὲρ
3178 4925 3394 4978 πάντων
3422 4923 3754 4994 ἀνθρώπων

2187 5029 2328 5099 ὑπὲρ
2378 5025 2662 5097 βασιλέων,
2698 5023 2790 5076 καὶ
2838 5019 3057 5074 πάντων
3101 5017 3212 5070 τῶν
3251 5018 3309 5070 ὲν
3362 5014 3612 5086 ὑπεροχῇ
3669 5015 3753 5065 ὀν-

2185 5138 2313 5174 των.
2344 5117 2512 5172 Τοῦτο
2570 5116 2678 5187 γὰρ
2736 5114 2899 5168 καλὸν
2929 5111 3159 5168 ἐνώπιον
3182 5108 3277 5163 τοῦ
3313 5109 3569 5179 Σωτῆρος
3599 5108 3757 5179 ἡμῶν

2185 5210 2340 5265 Θεοῦ.
2379 5230 2401 5264 ι

2186 5373 2368 5426 ΤΙΤΛ.
2400 5365 3039 5436 lB'.—-Hepl,80v.l1jq-_
3068 5364 3155 5417 ὅτι
3173 5362 3313 5436 χρὴ]
3335 5361 3483 5431 μετὰ
3511 5358 3743 5426 βουλῆς

2487 5439 2585 5495 καί
2621 5432 2898 5507 σκέψεως
2926 5432 3204 5504 πράττειν
3219 5432 3440 5487 πάντα.

2260 5596 2278 5627 t
2310 5576 2519 5646 Ὠσπερ
2569 5574 2724 5635 πόλις
2754 5572 2823 5625 τὰ
2883 5571 3039 5641 τείχη
3092 5566 3570 5637 καταῦεϐλημένη,
3601 5563 3739 5618 ﬁssi-

2183 5686 2384 5743 χιστος,
2436 5667 2607 5730 οὕτως
2656 5666 2794 5737 ἀνὴρ
2834 5663 2893 5727 ὃς
2942 5664 3003 5717 οὐ
3040 5661 3180 5733 μετά
3216 5660 3415 5731 βουλῆς
3474 5660 3543 5711 τὰ
3572 5656 3741 5709 πάντα

2183 5764 2429 5835 πράττει.
2471 5750 2507 5813 ι’
