4024 6412
114 380 238 445 139‘}

1277 383 1510 443 SACRA
1552 380 2013 443 PARALLELA.

3206 378 3341 447 1294

180 516 197 548 ι
230 493 314 560 Οἷς
344 496 419 567 μὴ
466 493 700 567 ὑπάρχει
749 494 1097 566 κυϐέρνησις,
1137 494 1428 549 πίπτουσιν
1467 495 1627 565 ὦσπεκ

1826 490 1989 545 Prov.
2043 503 2122 555 χι,
2169 488 2258 543 u.
2290 516 2361 529 -
2396 508 2417 541 ‹
2463 486 2679 556 Quibus
2725 503 2835 543 non
2866 499 2954 546 est
2983 492 3337 563 gubernatio,

111 591 268 661 φύλλα
290 607 302 620 °
333 589 576 661 σωτηρία
605 589 664 642 δὲ
692 588 750 643 ὲν
778 589 947 661 πολλῇ
984 588 1166 660 βουλῇ.
1201 607 1220 640 ι

175 788 193 821 ι
230 768 370 823 Μετά
420 768 799 840 κυϐερνήσεως
836 768 1047 835 γίνεται
1102 765 1341 837 πόλεμος
1372 782 1386 795 ·
1432 765 1654 839 βοήθεια

102 862 175 927 δὲ,
211 860 335 931 μετά
350 861 577 932 καρδίας
604 859 1019 931 βουλευομένης.
1059 878 1078 912 ι

181 978 198 1009 ι
224 956 365 1011 Μετὰ
387 952 585 1024 βουλῆς
610 952 791 1007 πάντα
824 952 989 1006 ποίει.
1018 972 1038 1003 ι

171 1074 188 1105 ι
225 1050 364 1106 Μετά
390 1047 584 1118 βουλῆς
610 1047 897 1101 οίνοπὸτει.
941 1064 962 1098 ι

170 1126 400 1213 ‹“Βοῖ›λῆ“”
423 1136 563 1209 καλὴ
578 1130 849 1207 ’φυλάξει
881 1153 962 1203 σε,
989 1119 1192 1191 ἔννοια.
1223 1138 1281 1193 δὲ
1313 1139 1438 1194 ὁσία
1480 1140 1649 1211 τηρή-

97 1257 175 1293 σει
203 1255 276 1291 σε.
310 1254 329 1288 1

167 1352 184 1383 ι
222 1329 541 1399 Συνάχθητε,
571 1328 667 1383 καὶ
698 1324 1209 1382 κατασουλεύσασθε
1243 1325 1444 1396 ἅμα,οί
1476 1322 1647 1388 σωζό-

92 1441 371 1569 μεῖοἱλῦευ
397 1512 593 1585 βουλῆς
620 1513 787 1584 μηδὲν
807 1512 1061 1585 ποιήσῃς,
1094 1512 1188 1566 καὶ
1217 1514 1274 1565 ὲν
1311 1510 1391 1582 τῷ
1419 1510 1641 1581 ποιῆσαί

92 1624 147 1656 σε
168 1608 237 1675 μὴ
269 1604 589 1675 μεταμέλου.
622 1621 642 1655 ›
1410 1638 1415 1643 -

161 1717 182 1750 ι
222 1698 527 1767 Ἰμάντωσις
554 1694 737 1764 ξυλίνη
780 1693 1098 1765 ἐνδεδεμένη
1133 1695 1212 1758 είς
1238 1694 1552 1765 οἰκοδομὴν,
1584 1696 1643 1748 ἐν

84 1788 385 1859 συσσεισμῷ
441 1789 503 1840 οὐ
553 1786 979 1856 διαλυθήσεται·
1027 1785 1201 1849 οὕτως
1251 1786 1450 1857 καρδία
1476 1788 1642 1857 ὲστη-

1761 583 1972 639 cadunt
2022 583 2166 638 sicut
2225 581 2375 637 folia.
2431 582 2593 638 Salus
2649 589 2833 637 autem
2880 582 2935 637 in
2984 585 3164 640 multo
3204 601 3340 641 con-

1761 676 1907 731 silio.
1958 695 1976 726 ι

1832 767 1990 823 Prov.
2045 784 2139 831 xx,
2185 767 2274 823 18.
2301 798 2371 809 -
2406 786 2424 818 ι
2463 766 2603 821 Cum
2646 768 2917 839 regimine
2961 770 3161 825 bellum
3193 771 3340 840 geri-

1761 872 1889 916 tur:
1925 860 2192 915 auxilium
2216 868 2399 915 autem
2432 876 2556 916 cum
2595 862 2762 917 corde
2788 864 3157 919 consultante.
3207 882 3225 915 ι

1829 953 1990 1009 Prov.
2022 968 2175 1020 χχχι,
2196 953 2251 1009 5.
2276 984 2340 993 -
2369 972 2390 1004 ι
2424 953 2561 1007 Cum
2594 955 2830 1008 consilio
2860 955 3045 1010 omnia
3077 955 3269 1012 facito.
3311 974 3329 1007 ι

1826 1045 1988 1101 Prov.
2025 1059 2144 1109 χιιι,
2188 1045 2273 1100 16.
2299 1075 2369 1085 -—
2403 1065 2422 1097 ι
2457 1047 2593 1101 Cum
2627 1048 2862 1101 consilio
2888 1048 3076 1102 vinum
3118 1048 3265 1103 bibe.
3309 1068 3328 1101 ι

1824 1136 1983 1192 Prov.
2021 1153 2082 1201 ιι,
2116 1135 2205 1194 11.
2237 1166 2309 1177 -
2346 1154 2365 1188 ι
2396 1136 2697 1193 Consilium
2731 1140 2936 1195 bonum
2958 1140 3233 1197 custodiet
3257 1150 3332 1209 te,

1754 1238 1809 1285 et
1837 1230 2102 1301 cogitatio
2125 1231 2271 1285 bona
2304 1233 2655 1288 conservabit
2675 1242 2749 1289 te.
2793 1253 2812 1287 ι

1828 1318 1945 1373 Isa.
1976 1335 2102 1387 xu,
2137 1319 2228 1373 20.
2268 1350 2340 1359 —
2379 1338 2399 1370 ι
2435 1320 2881 1395 Congregamini,
2929 1332 2985 1380 et
3026 1325 3167 1381 inite
3200 1339 3332 1380 con—

1754 1414 1962 1481 silium,
1996 1429 2191 1470 omnes
2222 1416 2317 1486 qui
2355 1417 2669 1473 salvamini.
2709 1435 2727 1468 ι

1826 1505 1995 1562 Eccli.
2029 1523 2206 1575 xxxn,
2230 1508 2322 1563 '24.
2352 1540 2423 1551 -—
2456 1529 2475 1560 ι
2512 1510 2643 1565 Sine
2673 1510 2913 1567 consilio
2947 1510 3088 1566 nihil
3116 1510 3326 1577 facias;

1751 1608 1803 1656 et
1830 1600 2085 1657 faciendo
2114 1616 2228 1657 non
2263 1612 2314 1657 te
2344 1602 2632 1673 poeniteat.
2679 1623 2699 1656 ι

1820 1690 1991 1748 Eccli.
2040 1708 2179 1760 χχιι,
2222 1694 2403 1749 19.-
2441 1713 2463 1749 ι
2500 1694 2891 1750 Loramentum
2934 1694 3176 1766 ligneum
3212 1694 3327 1752 col-

1749 1784 1982 1855 ligatum
2017 1785 2071 1840 in
2108 1785 2555 1851 aedificationem,
2582 1786 2637 1840 in
2672 1786 3043 1843 concussione
3072 1802 3183 1842 non
3210 1786 3326 1842 dis~

84 1874 301 1947 ριγμένη
326 1876 419 1928 ἐπὶ
447 1874 773 1945 διανοήμασι
808 1873 1026 1945 βουλῆς,
1060 1876 1120 1928 ὲν
1154 1874 1332 1946 καιρῷ
1352 1876 1414 1929 οὐ
1436 1876 1627 1930 δειλιά-

1744 1879 1998 1934 solvetur
2030 1894 2044 1931 :
2078 1878 2161 1935 sic
2187 1894 2283 1936 cor
2308 1879 2699 1934 conﬁrmatum
2735 1880 2791 1934 in
2819 1878 3151 1950 cogitatione
3183 1894 3321 1935 con-

83 1986 186 2024 σει.
226 1986 245 2021 1

153 2078 171 2111 ι
211 2058 521 2130 Ἑτοίμασον
543 2058 722 2127 λόγον,
779 2058 875 2113 καὶ
912 2057 1087 2123 οὕτως
1136 2058 1482 2131 ἀκουσθήσῃο
1515 2060 1641 2114 σύν-

72 2150 235 2221 δησον
262 2150 527 2216 παιδείαν,
559 2150 653 2204 καὶ
680 2148 853 2214 οὕτως
880 2149 1255 2223 ἀποκριθήσῃ.
1297 2170 1316 2204 ι

150 2350 167 2381 ι
204 2330 434 2401 Χρυσίον
462 2330 557 2383 καὶ
605 2330 869 2401 ἀργύριον
917 2331 1278 2401 ἐπιστήσουσι
1313 2331 1500 2396 πόδας,
1546 2331 1642 2385 καὶ

68 2424 212 2495 ὑπὲρ
239 2423 521 2494 ἀμφότερα
553 2423 719 2494 βουλὴ
750 2423 1129 2496 εὐδοκιμήσει.
1168 2443 1187 2476 ι

143 2618 162 2651 ‹
202 2598 353 2651 Μετά
377 2597 544 2667 σοφοῦ
584 2596 978 2667 συμϐουλεῦον.
1021 2615 1040 2648 ι

142 2712 161 2743 ι
194 2691 361 2762 Βουλῆ
399 2689 564 2759 σοφοῦ
590 2689 744 2760 πηγὴ
771 2688 939 2760 ζωῆς.
978 2707 998 2741 ι

133 2896 417 2966 Κρείσσων
472 2892 832 2965 λελογισμένη
859 2893 1154 2965 βραδύτης,
1195 2894 1396 2965 τάχους
1442 2896 1637 2964 ἀπερι-

60 2986 324 3039 σκέπτου.

130 3077 486 3149 Μακαριὸτης
516 3076 655 3141 ἐστὶ,
699 3074 897 3147 βουλῆς
930 3074 1108 3147 κακῆς
1138 3075 1415 3128 ἐκπεσεῖν.

1747 1970 1880 2035 silii,
1916 1970 1972 2025 in
2012 1982 2257 2041 tempore
2279 1986 2389 2027 non
2422 1970 2764 2026 formidabit.
2799 1990 2818 2024 ι

1814 2062 1985 2117 Eccli.
2021 2078 2218 2129 χχχιιι,
2247 2063 2302 2119 4.
2336 2093 2407 2104 -
2441 2081 2461 2113 ‹
2498 2061 2758 2131 Ριιεριιιιι
2796 2078 3133 2131 sermonem,
3162 2071 3219 2119 et
3243 2063 3325 2119 sic

1743 2151 1993 2209 audieris
2035 2171 2051 2208 :
2089 2153 2288 2225 colliga
2343 2152 2734 2224 disciplinam,
2789 2162 2846 2210 et
2901 2154 2974 2210 ita
3025 2154 3323 2225 responde-

1742 2245 1851 2303 bis.
1900 2265 1921 2298 ι

1816 2337 1990 2392 Eccli.
2028 2353 2122 2401 χι,
2153 2338 2248 2393 25.
2284 2368 2357 2381 —-
2383 2356 2403 2389 ι
2441 2338 2657 2393 Aurum
2693 2346 2749 2394 et
2791 2348 3078 2411 argentum
3111 2340 3321 2395 consti-

1742 2438 1902 2485 tuent
1929 2429 2120 2499 pedes,
2142 2438 2198 2485 et
2217 2446 2385 2501 super
2409 2438 2709 2501 utrumque
2732 2431 3030 2487 consilium
3062 2431 3321 2502 benepla-

1741 2521 1915 2577 citum
1945 2521 2075 2577 erit.
2116 2540 2138 2573 ι

1813 2613 1985 2669 Eccli.
2016 2630 2078 2681 ιι,
2110 2614 2202 2671 24.
2225 2646 2295 2656 -
2324 2634 2344 2667 ι
2380 2614 2519 2671 Cum
2549 2615 2801 2686 sapiente
2828 2615 3100 2671 delibera.
3150 2635 3171 2669 ι

1813 2704 1983 2760 Eccli.
2015 2721 2156 2772 χχιι,
2199 2706 2291 2760 24.
2345 2738 2413 2748 —
2466 2725 2486 2759 ι
2521 2706 2825 2763 Consilium
2870 2708 3141 2780 sapientis
3193 2708 3319 2766 fons

1740 2797 1882 2855 vitaz.
1919 2817 1939 2850 ι
3068 2846 3069 2849 η

1814 2886 2085 2941 Nazianz.
2110 2920 2180 2929 —
2206 2886 2439 2944 Praestat
2470 2888 2720 2944 consulta
2748 2888 2986 2946 tarditas
3007 2889 3315 2946 inconside-

1741 2988 1877 3036 ratae
1916 2981 2212 3037 celeritati.
2828 3032 2831 3035 γ

1815 3073 2049 3145 Evagrii.
2081 3105 2151 3115 —
2172 3073 2229 3128 In
2261 3082 2415 3144 parte
2460 3074 2824 3131 beatitudinis
2858 3074 3169 3131 ducendum
3204 3083 3311 3142 est,

1741 3168 1888 3222 Italo
1920 3167 2159 3224 consilio
2181 3167 2462 3222 excidere.

128 3256 211 3309 Τά
233 3255 310 3328 μὴ
336 3256 433 3308 σὺν
458 3254 677 3328 ελόγῳ,ἷ
716 3252 893 3307 πάντα
944 3250 1167 3323 αἰσχρὰ,
1225 3249 1413 3320 ὥσπερ
1435 3248 1505 3303 τά
1534 3248 1627 3301 σὺν

1810 3257 2077 3313 Philonis.
2103 3288 2175 3299 -—
2203 3255 2400 3313 Omnia
2434 3258 2617 3326 turpia
2649 3269 2799 3322 sunt,
2822 3273 2944 3327 quae
2971 3260 3121 3313 nulla
3146 3260 3312 3313 ratio-

40 3350 198 3402 λόγω
215 3349 437 3422 κόσμια.

119 3528 311 3598 Χωρὶς
341 3526 576 3596 θεωρίας
600 3520 1053 3595 ὲπιστημονικῆς,
1088 3519 1243 3573 οὐδὲν
1268 3516 1377 3571 τῶν
1402 3531 1636 3588 πραττο-

37 3622 233 3692 μένων
264 3618 451 3673 καλόν.
495 3617 589 3686 Μὴ
641 3616 941 3689 ἀγνοήσῃς,
991 3614 1075 3667 ὅτι
1140 3611 1235 3665 καὶ
1274 3608 1416 3681 ὑπὲρ
1449 3607 1634 3661 δοῦναι

37 3714 278 3783 γνώμην
316 3711 424 3777 ,τοῦ
487 3711 564 3781 μὴ
629 3710 986 3780 καθήκοντος,
1017 3708 1111 3760 καὶ
1165 3704 1496 3774 συμϐουλίαν
1533 3702 1634 3755 οὐκ

37 3805 250 3873 εὐαγῆ,
306 3799 713 3872 ἀποκλειόμεθα
757 3799 857 3869 τῆς
910 3797 1061 3860 θείας
1095 3793 1397 3867 βασιλείας.
1429 3792 1632 3861 Διόπερ

37 3894 408 3965 εσκεμμένως
443 3893 562 3946 λίαν
608 3893 708 3956 τὰς
759 3890 984 3963 γνώμας
1026 3891 1140 3954 τοῖς
1192 3886 1434 3941 αἰτοῦσιν
1483 3885 1631 3956 ἡμᾶς

37 3986 203 4055 ιρέγε
214 4001 264 4037 ιν
286 3984 601 4052 ὀφείλομεν.

37 4102 225 4154 [ῚΤΛ.
266 4098 460 4151 ΙΓ⁹.-
504 4098 639 4166 Περὶ
690 4095 1039 4166 βρωμάτων,
1086 4094 1186 4149 καί
1229 4093 1349 4148 τῶν
1385 4094 1532 4164 πρὸς
1562 4095 1628 4147 τὸ

587 4167 696 4236 ζῇν
735 4167 1095 4235 ἀναγκαίων.

110 4285 132 4317 ε
184 4266 282 4328 Ὠς
343 4265 551 4335 λάχανα
608 4262 806 4333 χόρτου
851 4260 1061 4313 δέδωκα
1111 4259 1240 4330 ὑμῖν
1290 4258 1358 4312 τά
1412 4258 1624 4322 πάντα,

37 4358 364 4429 ελὴνοιρέα
409 4360 468 4411 ὲν
494 4357 689 4439 αἵματι
718 4354 895 4432 ψυχῆς
917 4354 977 4407 οὐ
1002 4353 1264 4421 φάγεσθε.
1299 4372 1317 4405 ι

1738 3364 1807 3405 ne
1842 3358 2111 3417 geruntur
2142 3365 2157 3403 :
2188 3348 2333 3403 sicut
2370 3362 2435 3402 ea
2477 3362 2606 3418 quae
2653 3362 2718 3403 ex
2755 3347 2972 3402 ratione
3014 3346 3180 3412 fiunt,
3210 3347 3312 3401 lio-

1737 3452 1892 3497 nesta
1926 3452 1980 3498 et
2004 3440 2302 3497 laudanda.

1805 3534 1942 3589 Nili.
1963 3566 2032 3575 —
2051 3534 2273 3604 Absque
2290 3534 2432 3589 scita
2457 3532 2927 3596 consideratione,
2955 3531 3099 3586 nihil
3119 3546 3310 3587 eorum

1734 3642 1857 3697 quae
1886 3635 2178 3697 geruntur,
2210 3626 2412 3681 bonum
2451 3632 2557 3681 est.
2594 3623 2673 3679 Ne
2712 3635 2765 3678 te
2797 3623 2933 3678 illud
2973 3623 3150 3694 fugiat
3182 3639 3307 3690 nos,

1734 3718 1807 3774 ob
1840 3719 2025 3773 datam
2061 3718 2393 3773 sententiam
2427 3716 2496 3771 ab
2535 3714 2715 3770 officio
2764 3715 3000 3769 alienam
3032 3724 3087 3769 et
3122 3717 3307 3771 consi-

1733 3807 1870 3862 lium
1892 3821 2086 3876 parum
2119 3805 2294 3876 pium,
2322 3821 2351 3859 a
2377 3805 2566 3860 divino
2584 3818 2757 3875 regno
2773 3804 3014 3859 excludi.
3035 3804 3307 3870 Quocirca

1732 3898 2045 3954 faciendum
2075 3906 2161 3953 est
2193 3906 2254 3953 ut
2298 3898 2394 3961 iis,
2434 3898 2529 3968 qui
2574 3897 2870 3953 consilium
2917 3912 2947 3950 a
2996 3898 3156 3953 nobis
3212 3913 3307 3967 po-

1732 3998 1916 4055 scunt,
1940 3990 2046 4045 hoc
2076 4005 2291 4045 summa
2322 3989 2495 4044 animi
2531 3990 2832 4045 attentione
2869 3989 3238 4060 praebeamus.

1731 4107 1865 4162 ΊῚΤ.
1897 4105 2115 4160 ΧΙΙΙ.-
2141 4105 2215 4159 De
2234 4105 2387 4172 cibis,
2425 4114 2475 4159 et
2506 4104 2659 4159 rebus
2688 4104 2756 4160 ad
2785 4106 2945 4159 vitam
2967 4105 3302 4161 necessariis.

1802 4261 1931 4316 Gen.
1971 4277 2050 4328 ιχ,
2080 4260 2133 4314 5.
2174 4291 2242 4301 --
2286 4279 2305 4311 ι
2338 4259 2510 4327 Quasi
2560 4258 2708 4315 olera
2753 4258 3055 4315 herbarum
3102 4259 3303 4315 tradidi

1728 4353 1887 4407 vobis
1917 4347 2143 4417 omnia;
2187 4358 2420 4421 excepto
2452 4350 2602 4421 quod
2649 4365 2873 4407 carnem
2928 4350 2987 4405 in
3037 4352 3303 4422 sanguine

1728 4444 1925 4497 anima:
1962 4459 2069 4499 non
2095 4443 2418 4499 comedetis.
2458 4463 2477 4494 ι

100 4558 121 4588 ι
173 4536 321 4590 Ἀπὸ
347 4533 565 4606 καρποῦ
612 4534 721 4588 τῶν
778 4533 957 4603 ἔργων
992 4548 1085 4584 σου
1129 4530 1621 4602 χορτασθήσεταιή

1799 4534 1948 4590 Psal.
1990 4550 2106 4600 cm,
2138 4535 2224 4589 l5.
2256 4564 2326 4575 -—-
2347 4552 2366 4586 ι
2392 4533 2467 4589 De
2494 4533 2672 4589 fructu
2706 4548 2937 4604 operum
2971 4542 3195 4591 tuorum
3214 4551 3303 4593 sa-

38 4649 178 4701 η.»

94 4746 116 4777 ι
144 4723 331 4795 Ἀρχὴ
350 4724 493 4794 ζωῆς
518 4722 612 4776 ἀνθ
623 4720 839 4793 ρώπων,
859 4717 1041 4788 ἄρτος,
1060 4716 1156 4768 καὶ
1176 4714 1337 4785 ὕδωρ,
1358 4715 1450 4767 καὶ
1468 4714 1621 4785 ἱμάτ-

46 4840 119 4881 ν,
149 4820 260 4871 καὶ
289 4817 428 4888 πῦρ,
460 4815 555 4869 καὶ
577 4815 814 4885 σίδηρος,
835 4813 927 4865 καὶ
950 4810 1101 4874 ἆλας,
1137 4808 1407 4880 σεμίδαλις
1426 4807 1623 4878 πυροῦ,

38 4956 59 4964 -
80 4930 242 4972 αιον,
266 4910 434 4978 γάλα,
460 4910 603 4978 μέλι,
634 4907 808 4960 ταῦτα
832 4908 943 4968 τοῖς
978 4902 1256 4957 εὐσεϐέσιν
1282 4904 1359 4965 είς
1385 4900 1619 4969 ἀγαθά.»

89 5026 111 5056 ι
163 5004 371 5068 Ἔδοξε
426 5002 504 5073 τῷ
565 5001 705 5071 ἁγίῳ
757 4998 1037 5067 ΙΙνεύματι
1094 4996 1190 5050 καὶ
1239 4997 1396 5065 ἡμῖν,
1458 4993 1624 5064 μηδὲν

37 5100 191 5152 ’-ἑον
225 5096 504 5151 ἐπιθεῖναι
534 5095 661 5162 ὑμῖν
690 5093 876 5164 βάρος,
903 5090 1042 5161 πλὴν
1088 5088 1195 5143 τῶν
1219 5090 1306 5141 ἐπ’
1340 5087 1585 5156 ἀνάγκης
1606 5103 1620 5117 ο

54 5192 243 5243 ύτων
306 5190 636 5259 ἀπέχεσθαι,
682 5182 1072 5245 εἰδωλοθύτων,
1114 5181 1211 5235 καὶ
1249 5179 1502 5250 αἵματος,
1530 5178 1625 5232 καὶ

37 5304 57 5330 ρ
82 5282 305 5344 ικτῶν,
332 5281 431 5333 καὶ
456 5277 712 5350 πορνείας
733 5293 746 5307 ’
778 5274 834 5341 ἐξ
862 5268 936 5328 ὧν
964 5270 1346 5343 διατηροῦντες
1374 5270 1621 5334 ἑαυτοὺς,

94 5374 388 5446 πράξετε.
422 5392 442 5425 ι
524 5444 531 5451 .

58 5578 99 5607 α
142 5551 319 5617 Οἶδα,
361 5554 456 5609 καὶ
484 5553 789 5623 πέπεισμαι
816 5552 874 5604 ὲν
915 5546 1107 5619 Κυρίῳ
1145 5544 1343 5617 Ἰησοῦ,
1364 5546 1447 5599 ὅτι
1470 5545 1624 5599 οὐδὲν

46 5650 203 5701 ινὸν
248 5648 390 5717 παρ’
425 5645 609 5711 αὐτοῦ,
643 5645 692 5699 εί
728 5645 804 5715 μὴ
855 5641 932 5713 τῷ
963 5639 1300 5711 λογιζομένῳ
1347 5656 1399 5692 τι
1446 5638 1623 5693 κοινὸν

38 5764 51 5787 ν
68 5760 173 5793 αι.
206 5741 276 5793 Ei
305 5740 369 5792 δὲ
390 5739 481 5791 διὰ
506 5737 743 5808 βρῶμαὸ
767 5731 993 5803 ἀδελφός
1025 5749 1118 5785 σου
1141 5732 1412 5799 λυπεῖται,
1441 5731 1622 5785 οὐκέτι

42 5832 157 5885 τὰ
192 5830 437 5901 ἀγάπην
468 5827 811 5897 περιπατεῖς.
842 5821 1036 5894 Μήτῷ
1067 5821 1313 5893 βρώματί
1344 5838 1438 5877 σου
1476 5823 1619 5875 ἐκεῖ·

1728 4626 1960 4680 tiabitur
1983 4633 2153 4680 terra.
2196 4645 2213 4676 ι

1799 4716 1969 4770 Eccli.
2019 4733 2208 4781 χχχιχ,
2264 4715 2353 4771 26.
2399 4746 2469 4755 -—
2527 4735 2547 4769 ι
2580 4716 2802 4772 initium
2862 4720 2990 4776 vita:
3040 4720 3298 4789 hominis,

1727 4820 1892 4874 aqua,
1934 4806 2100 4875 ignis,
2144 4806 2525 4860 indumentum
2556 4815 2611 4861 et
2641 4806 2875 4875 ferrum,
2909 4810 3015 4875 sal,
3045 4813 3302 4885 similago

1730 4898 1918 4961 tritici,
1952 4898 2156 4962 oleum,
2183 4898 2291 4963 lac,
2327 4898 2436 4951 mel
2471 4914 2484 4949 :
2519 4898 2632 4953 haec
2666 4898 2772 4968 piis
2798 4900 2855 4955 in
2894 4901 3059 4958 bona.
3098 4924 3118 4955 ι

1796 4988 1915 5041 Act.
1979 5004 2069 5055 xv,
2120 4988 2213 5042 28.
2263 5017 2333 5030 -
2392 5008 2410 5039 ι
2450 4988 2638 5043 Visum
2686 4998 2771 5045 est
2824 4990 3055 5060 Spiritui
3108 5002 3299 5049 sancto

1726 5086 1782 5135 et
1824 5080 2009 5144 nobis,
2058 5094 2168 5153 non
2219 5080 2343 5150 plus
2398 5082 2560 5138 vobis
2594 5081 2763 5153 398
2798 5084 3079 5154 imponere
3112 5086 3299 5140 oneris

1726 5186 1892 5241 quam
1926 5172 2043 5226 hazc
2077 5172 2393 5229 necessaria
2432 5191 2445 5226 :
2480 5180 2540 5227 ut
2582 5174 3037 5230 abstineatis'vos
3081 5177 3151 5229 ab
3193 5176 3296 5229 im-

1728 5266 1949 5323 molatis
1985 5268 2440 5331 simulacrorum,
2484 5275 2540 5321 et
2585 5267 2873 5337 sanguine,
2909 5275 2965 5322 et
3005 5266 3333 5347 suffocato,,

1725 5369 1780 5415 et
1805 5360 2183 5417 fornicatione
2233 5378 2248 5414 :
2286 5377 2317 5416 a
2351 5361 2559 5432 quibus
2598 5359 2974 5415 custodientes
3008 5374 3132 5425 vos,
3159 5359 3300 5415 bene
3329 5362 3334 5371 '

1726 5461 1919 5521 agetis.
1953 5472 1973 5504 ι
2028 5434 2055 5441 ’
2360 5460 2363 5463 ‘

1796 5543 1953 5600 Rom.
2009 5561 2124 5610 χιν,
2170 5546 2258 5611 14,
2312 5545 2398 5608 15,
2446 5544 2537 5599 25.
2571 5572 2639 5586 -—
2678 5560 2699 5595 ι
2733 5542 2861 5598 Scio
2887 5542 2957 5613 [et
2997 5543 3215 5601 conﬁdo
3246 5546 3299 5599 in

1729 5638 1964 5693 Domino
1985 5636 2140 5704 Jesu,
2174 5639 2303 5709 quia
2344 5637 2482 5692 nihil
2504 5638 2819 5708 {commune
2844 5643 2933 5692 est
2961 5646 3190 5709 propter
3215 5654 3295 5703 se,

1727 5728 1832 5784 nisi
1866 5728 1915 5783 ei
1947 5727 2038 5797 qui
2065 5728 2349 5785 existimat
2377 5727 2514 5798 quid
2562 5741 2853 5782 commune
2881 5742 3024 5783 esse.
3081 5725 3139 5782 Si
3195 5742 3298 5781 au-

1728 5830 1833 5875 tem
1882 5832 2105 5891 nropter
2148 5821 2333 5877 cibum
2360 5820 2528 5875 frater
2566 5827 2698 5876 tuus
2749 5819 3135 5884 contristatur,
3170 5818 3295 5895 'jam
