  <div class='ocr_page' id='page_1' title='image "/cluster/home/n/w/nwhite01/storage/ocr_20150623/95/hvd.32044019208057/655.png"; bbox 0 0 4024 6408; ppageno 0'>
   <div class='ocr_carea' id='block_1_1' title="bbox 768 430 903 495">
    <p class='ocr_par' dir='ltr' id='par_1_1' title="bbox 768 430 903 495">
     <span class='ocr_line' id='line_1_1' title="bbox 768 430 903 495; baseline 0.015 -2"><span class='ocrx_word' id='word_1_1' title='bbox 768 430 903 495; x_wconf 73' lang='grc'><strong>1299</strong></span> 
     </span>
    </p>
   </div>
   <div class='ocr_carea' id='block_1_2' title="bbox 1935 420 3878 491">
    <p class='ocr_par' dir='ltr' id='par_1_2' title="bbox 1935 420 3878 491">
     <span class='ocr_line' id='line_1_2' title="bbox 1935 420 3878 491; baseline -0.002 -2"><span class='ocrx_word' id='word_1_2' title='bbox 1935 430 1995 490; x_wconf 92' lang='lat' dir='ltr'><strong>S.</strong></span> <span class='ocrx_word' id='word_1_3' title='bbox 2033 426 2355 491; x_wconf 81' lang='lat' dir='ltr'><strong>JOANNIS</strong></span> <span class='ocrx_word' id='word_1_4' title='bbox 2392 422 2823 486; x_wconf 83' lang='lat' dir='ltr'><strong>DAMASCENI</strong></span> <span class='ocrx_word' id='word_1_5' title='bbox 3797 420 3878 487; x_wconf 74' lang='lat'><strong>130)</strong></span> 
     </span>
    </p>
   </div>
   <div class='ocr_carea' id='block_1_3' title="bbox 761 529 2304 618">
    <p class='ocr_par' dir='ltr' id='par_1_3' title="bbox 761 529 2304 618">
     <span class='ocr_line' id='line_1_3' title="bbox 761 529 2304 618; baseline -0.004 -14"><span class='ocrx_word' id='word_1_6' title='bbox 761 552 931 615; x_wconf 99' lang='lat' dir='ltr'><strong>dicat,</strong></span> <span class='ocrx_word' id='word_1_7' title='bbox 971 548 1213 604; x_wconf 84' lang='lat' dir='ltr'><strong>detrahit</strong></span> <span class='ocrx_word' id='word_1_8' title='bbox 1257 546 1402 618; x_wconf 90' lang='lat' dir='ltr'><strong>legi,</strong></span> <span class='ocrx_word' id='word_1_9' title='bbox 1451 553 1506 601; x_wconf 90' lang='lat' dir='ltr'><strong>et</strong></span> <span class='ocrx_word' id='word_1_10' title='bbox 1549 545 1760 615; x_wconf 89' lang='lat' dir='ltr'><strong>judicat</strong></span> <span class='ocrx_word' id='word_1_11' title='bbox 1800 529 1999 616; x_wconf 77' lang='lat' dir='ltr'><strong>legem.</strong></span> <span class='ocrx_word' id='word_1_12' title='bbox 2042 544 2100 600; x_wconf 88' lang='lat' dir='ltr'><strong>Si</strong></span> <span class='ocrx_word' id='word_1_13' title='bbox 2146 552 2304 599; x_wconf 91' lang='lat' dir='ltr'><strong>auten</strong></span> 
     </span>
    </p>
   </div>
   <div class='ocr_carea' id='block_1_4' title="bbox 2405 529 3877 618">
    <p class='ocr_par' dir='ltr' id='par_1_4' title="bbox 2432 533 3877 612">
     <span class='ocr_line' id='line_1_4' title="bbox 2432 533 3877 612; baseline -0.004 -16"><span class='ocrx_word' id='word_1_14' title='bbox 2432 543 2582 596; x_wconf 83' lang='grc' dir='ltr'>λαλεῖ</span> <span class='ocrx_word' id='word_1_15' title='bbox 2618 542 2801 612; x_wconf 87' lang='grc' dir='ltr'>νόμον,</span> <span class='ocrx_word' id='word_1_16' title='bbox 2835 540 2929 594; x_wconf 75' lang='grc' dir='ltr'><strong>καὶ</strong></span> <span class='ocrx_word' id='word_1_17' title='bbox 2959 538 3137 609; x_wconf 84' lang='grc' dir='ltr'>κρίνει</span> <span class='ocrx_word' id='word_1_18' title='bbox 3167 536 3351 607; x_wconf 84' lang='grc' dir='ltr'>νόμον.</span> <span class='ocrx_word' id='word_1_19' title='bbox 3385 535 3448 589; x_wconf 87' lang='grc' dir='ltr'><strong>Εἰ</strong></span> <span class='ocrx_word' id='word_1_20' title='bbox 3471 533 3525 587; x_wconf 71' lang='grc' dir='ltr'>δὲ</span> <span class='ocrx_word' id='word_1_21' title='bbox 3567 535 3708 607; x_wconf 78' lang='grc' dir='ltr'>νόμον</span> <span class='ocrx_word' id='word_1_22' title='bbox 3727 538 3877 607; x_wconf 74' lang='grc' dir='ltr'>κρίνεις,</span> 
     </span>
    </p>
   </div>
   <div class='ocr_carea' id='block_1_5' title="bbox 756 635 2329 710">
    <p class='ocr_par' dir='ltr' id='par_1_5' title="bbox 756 635 2329 710">
     <span class='ocr_line' id='line_1_5' title="bbox 756 635 2329 710; baseline -0.002 -16"><span class='ocrx_word' id='word_1_23' title='bbox 756 641 977 709; x_wconf 87' lang='lat' dir='ltr'><strong>judicas</strong></span> <span class='ocrx_word' id='word_1_24' title='bbox 1013 640 1188 710; x_wconf 88' lang='lat' dir='ltr'><strong>legem</strong></span> <span class='ocrx_word' id='word_1_25' title='bbox 1214 679 1230 706; x_wconf 94' lang='lat'><strong>,</strong></span> <span class='ocrx_word' id='word_1_26' title='bbox 1266 638 1378 709; x_wconf 89' lang='lat' dir='ltr'><strong>jam</strong></span> <span class='ocrx_word' id='word_1_27' title='bbox 1418 653 1526 692; x_wconf 86' lang='lat' dir='ltr'><strong>non</strong></span> <span class='ocrx_word' id='word_1_28' title='bbox 1566 652 1625 692; x_wconf 89' lang='lat' dir='ltr'><strong>es</strong></span> <span class='ocrx_word' id='word_1_29' title='bbox 1680 635 1853 691; x_wconf 84' lang='lat' dir='ltr'><strong>laetor</strong></span> <span class='ocrx_word' id='word_1_30' title='bbox 1895 637 2066 706; x_wconf 82' lang='lat' dir='ltr'><strong>legis,</strong></span> <span class='ocrx_word' id='word_1_31' title='bbox 2107 636 2203 693; x_wconf 88' lang='lat' dir='ltr'><strong>sed</strong></span> <span class='ocrx_word' id='word_1_32' title='bbox 2236 637 2329 707; x_wconf 88' lang='lat' dir='ltr'><strong>ju-</strong></span> 
     </span>
    </p>
   </div>
   <div class='ocr_carea' id='block_1_6' title="bbox 759 733 955 786">
    <p class='ocr_par' dir='ltr' id='par_1_6' title="bbox 759 733 955 786">
     <span class='ocr_line' id='line_1_6' title="bbox 759 733 955 786; baseline -0.01 -1"><span class='ocrx_word' id='word_1_33' title='bbox 759 733 885 786; x_wconf 86' lang='lat' dir='ltr'><strong>dex.</strong></span> <span class='ocrx_word' id='word_1_34' title='bbox 936 749 955 783; x_wconf 76' lang='grc' dir='ltr'><strong><em>ι</em></strong></span> 
     </span>
    </p>
   </div>
   <div class='ocr_carea' id='block_1_7' title="bbox 830 822 2323 893">
    <p class='ocr_par' dir='ltr' id='par_1_7' title="bbox 830 822 2323 893">
     <span class='ocr_line' id='line_1_7' title="bbox 830 822 2323 893; baseline 0.001 -16"><span class='ocrx_word' id='word_1_35' title='bbox 830 823 949 877; x_wconf 86' lang='lat' dir='ltr'><strong>Nili</strong></span> <span class='ocrx_word' id='word_1_36' title='bbox 1024 823 1289 880; x_wconf 77' lang='lat' dir='ltr'><strong>monachi.</strong></span> <span class='ocrx_word' id='word_1_37' title='bbox 1317 853 1382 864; x_wconf 89' lang='lat'><strong>—-</strong></span> <span class='ocrx_word' id='word_1_38' title='bbox 1418 822 1558 877; x_wconf 80' lang='lat' dir='ltr'><strong>Ante</strong></span> <span class='ocrx_word' id='word_1_39' title='bbox 1605 822 1792 877; x_wconf 89' lang='lat' dir='ltr'><strong>omnia</strong></span> <span class='ocrx_word' id='word_1_40' title='bbox 1846 836 2013 878; x_wconf 88' lang='lat' dir='ltr'><strong>nosce</strong></span> <span class='ocrx_word' id='word_1_41' title='bbox 2064 822 2323 893; x_wconf 88' lang='lat' dir='ltr'><strong>teipsum.</strong></span> 
     </span>
    </p>
   </div>
   <div class='ocr_carea' id='block_1_8' title="bbox 757 912 2323 986">
    <p class='ocr_par' dir='ltr' id='par_1_8' title="bbox 757 912 2323 986">
     <span class='ocr_line' id='line_1_8' title="bbox 757 912 2323 986; baseline 0.001 -19"><span class='ocrx_word' id='word_1_42' title='bbox 757 912 903 969; x_wconf 86' lang='lat' dir='ltr'><strong>Nihil</strong></span> <span class='ocrx_word' id='word_1_43' title='bbox 952 915 1152 986; x_wconf 84' lang='lat' dir='ltr'><strong>quippe</strong></span> <span class='ocrx_word' id='word_1_44' title='bbox 1206 914 1482 970; x_wconf 78' lang='lat' dir='ltr'><strong>dillicilius</strong></span> <span class='ocrx_word' id='word_1_45' title='bbox 1528 924 1635 968; x_wconf 93' lang='lat' dir='ltr'><strong>est.</strong></span> <span class='ocrx_word' id='word_1_46' title='bbox 1688 914 1825 968; x_wconf 87' lang='lat' dir='ltr'><strong>Cum</strong></span> <span class='ocrx_word' id='word_1_47' title='bbox 1872 914 2020 969; x_wconf 92' lang='lat' dir='ltr'><strong>enim</strong></span> <span class='ocrx_word' id='word_1_48' title='bbox 2086 914 2323 983; x_wconf 90' lang='lat' dir='ltr'><strong>teipsum</strong></span> 
     </span>
    </p>
   </div>
   <div class='ocr_carea' id='block_1_9' title="bbox 759 1003 2323 1075">
    <p class='ocr_par' dir='ltr' id='par_1_9' title="bbox 759 1003 2323 1075">
     <span class='ocr_line' id='line_1_9' title="bbox 759 1003 2323 1075; baseline 0.002 -16"><span class='ocrx_word' id='word_1_49' title='bbox 759 1022 976 1071; x_wconf 87' lang='lat' dir='ltr'><strong>nosces,</strong></span> <span class='ocrx_word' id='word_1_50' title='bbox 1006 1014 1140 1061; x_wconf 92' lang='lat' dir='ltr'><strong>tunc</strong></span> <span class='ocrx_word' id='word_1_51' title='bbox 1174 1014 1228 1061; x_wconf 90' lang='lat' dir='ltr'><strong>et</strong></span> <span class='ocrx_word' id='word_1_52' title='bbox 1251 1003 1421 1060; x_wconf 90' lang='lat' dir='ltr'><strong>Deum</strong></span> <span class='ocrx_word' id='word_1_53' title='bbox 1463 1020 1785 1075; x_wconf 81' lang='lat' dir='ltr'><strong>agnoscere,</strong></span> <span class='ocrx_word' id='word_1_54' title='bbox 1831 1014 1887 1060; x_wconf 90' lang='lat' dir='ltr'><strong>et</strong></span> <span class='ocrx_word' id='word_1_55' title='bbox 1916 1021 2028 1071; x_wconf 90' lang='lat' dir='ltr'><strong>res,</strong></span> <span class='ocrx_word' id='word_1_56' title='bbox 2059 1014 2121 1060; x_wconf 94' lang='lat' dir='ltr'><strong>ut</strong></span> <span class='ocrx_word' id='word_1_57' title='bbox 2143 1006 2323 1074; x_wconf 89' lang='lat' dir='ltr'><strong>decet,</strong></span> 
     </span>
    </p>
   </div>
   <div class='ocr_carea' id='block_1_10' title="bbox 758 1098 1550 1167">
    <p class='ocr_par' dir='ltr' id='par_1_10' title="bbox 758 1098 1550 1167">
     <span class='ocr_line' id='line_1_10' title="bbox 758 1098 1550 1167; baseline 0.001 -14"><span class='ocrx_word' id='word_1_58' title='bbox 758 1100 939 1155; x_wconf 89' lang='lat' dir='ltr'><strong>animo</strong></span> <span class='ocrx_word' id='word_1_59' title='bbox 969 1114 1299 1167; x_wconf 86' lang='lat' dir='ltr'><strong>percurrere</strong></span> <span class='ocrx_word' id='word_1_60' title='bbox 1320 1098 1550 1167; x_wconf 86' lang='lat' dir='ltr'><strong>poteris.</strong></span> 
     </span>
    </p>
   </div>
   <div class='ocr_carea' id='block_1_11' title="bbox 824 1189 2321 1263">
    <p class='ocr_par' dir='ltr' id='par_1_11' title="bbox 824 1189 2321 1263">
     <span class='ocr_line' id='line_1_11' title="bbox 824 1189 2321 1263; baseline 0.002 -18"><span class='ocrx_word' id='word_1_61' title='bbox 824 1191 1038 1246; x_wconf 78' lang='lat' dir='ltr'><strong>Basilii.</strong></span> <span class='ocrx_word' id='word_1_62' title='bbox 1070 1220 1137 1233; x_wconf 77' lang='grc' dir='ltr'><strong>-ι</strong></span> <span class='ocrx_word' id='word_1_63' title='bbox 1168 1189 1310 1246; x_wconf 90' lang='lat' dir='ltr'><strong>Tute</strong></span> <span class='ocrx_word' id='word_1_64' title='bbox 1359 1190 1477 1259; x_wconf 89' lang='lat' dir='ltr'><strong>ipse</strong></span> <span class='ocrx_word' id='word_1_65' title='bbox 1516 1192 1744 1260; x_wconf 88' lang='lat' dir='ltr'><strong>pateris,</strong></span> <span class='ocrx_word' id='word_1_66' title='bbox 1776 1206 1809 1247; x_wconf 89' lang='grc' dir='ltr'><strong>ο</strong></span> <span class='ocrx_word' id='word_1_67' title='bbox 1841 1191 2025 1257; x_wconf 83' lang='lat' dir='ltr'><strong>homo,</strong></span> <span class='ocrx_word' id='word_1_68' title='bbox 2048 1193 2193 1263; x_wconf 91' lang='lat' dir='ltr'><strong>quod</strong></span> <span class='ocrx_word' id='word_1_69' title='bbox 2230 1209 2321 1249; x_wconf 92' lang='lat' dir='ltr'><strong>re-</strong></span> 
     </span>
    </p>
   </div>
   <div class='ocr_carea' id='block_1_12' title="bbox 751 1282 2320 1353">
    <p class='ocr_par' dir='ltr' id='par_1_12' title="bbox 751 1282 2320 1353">
     <span class='ocr_line' id='line_1_12' title="bbox 751 1282 2320 1353; baseline 0.001 -16"><span class='ocrx_word' id='word_1_70' title='bbox 751 1283 1084 1353; x_wconf 89' lang='lat' dir='ltr'><strong>prehendis;</strong></span> <span class='ocrx_word' id='word_1_71' title='bbox 1150 1298 1214 1339; x_wconf 89' lang='lat' dir='ltr'><strong>ac</strong></span> <span class='ocrx_word' id='word_1_72' title='bbox 1275 1282 1517 1339; x_wconf 89' lang='lat' dir='ltr'><strong>alienum</strong></span> <span class='ocrx_word' id='word_1_73' title='bbox 1572 1283 1794 1353; x_wconf 80' lang='lat' dir='ltr'><strong>quidem</strong></span> <span class='ocrx_word' id='word_1_74' title='bbox 1858 1286 2061 1340; x_wconf 88' lang='lat' dir='ltr'><strong>malum</strong></span> <span class='ocrx_word' id='word_1_75' title='bbox 2126 1285 2320 1341; x_wconf 88' lang='lat' dir='ltr'><strong>sedulo</strong></span> 
     </span>
    </p>
   </div>
   <div class='ocr_carea' id='block_1_13' title="bbox 750 1374 2318 1441">
    <p class='ocr_par' dir='ltr' id='par_1_13' title="bbox 750 1374 2318 1441">
     <span class='ocr_line' id='line_1_13' title="bbox 750 1374 2318 1441; baseline 0.003 -12"><span class='ocrx_word' id='word_1_76' title='bbox 750 1375 1181 1441; x_wconf 86' lang='lat' dir='ltr'><strong>animadvertis,</strong></span> <span class='ocrx_word' id='word_1_77' title='bbox 1231 1374 1537 1431; x_wconf 69' lang='lat' dir='ltr'><strong>foeditatem</strong></span> <span class='ocrx_word' id='word_1_78' title='bbox 1585 1386 1766 1432; x_wconf 90' lang='lat' dir='ltr'><strong>autem</strong></span> <span class='ocrx_word' id='word_1_79' title='bbox 1815 1387 1967 1433; x_wconf 89' lang='lat' dir='ltr'><strong>tuam</strong></span> <span class='ocrx_word' id='word_1_80' title='bbox 2007 1379 2163 1433; x_wconf 90' lang='lat' dir='ltr'><strong>nullo</strong></span> <span class='ocrx_word' id='word_1_81' title='bbox 2197 1378 2318 1434; x_wconf 88' lang='lat' dir='ltr'><strong>loco</strong></span> 
     </span>
    </p>
   </div>
   <div class='ocr_carea' id='block_1_14' title="bbox 749 1468 958 1539">
    <p class='ocr_par' dir='ltr' id='par_1_14' title="bbox 749 1468 958 1539">
     <span class='ocr_line' id='line_1_14' title="bbox 749 1468 958 1539; baseline -0.014 -15"><span class='ocrx_word' id='word_1_82' title='bbox 749 1469 910 1539; x_wconf 88' lang='lat' dir='ltr'><strong>ponis</strong></span> <span class='ocrx_word' id='word_1_83' title='bbox 934 1468 958 1521; x_wconf 87' lang='lat'><strong>?</strong></span> 
     </span>
    </p>
   </div>
   <div class='ocr_carea' id='block_1_15' title="bbox 818 1561 2318 1632">
    <p class='ocr_par' dir='ltr' id='par_1_15' title="bbox 818 1561 2318 1632">
     <span class='ocr_line' id='line_1_15' title="bbox 818 1561 2318 1632; baseline 0.001 -17"><span class='ocrx_word' id='word_1_84' title='bbox 818 1561 1010 1632; x_wconf 80' lang='lat' dir='ltr'><strong>Ejusd.</strong></span> <span class='ocrx_word' id='word_1_85' title='bbox 1037 1562 1091 1616; x_wconf 81' lang='lat' dir='ltr'><strong>in</strong></span> <span class='ocrx_word' id='word_1_86' title='bbox 1113 1562 1280 1617; x_wconf 80' lang='lat' dir='ltr'><strong>illud:</strong></span> <span class='ocrx_word' id='word_1_87' title='bbox 1315 1580 1334 1613; x_wconf 76' lang='grc' dir='ltr'><strong>ι</strong></span> <span class='ocrx_word' id='word_1_88' title='bbox 1352 1561 1576 1616; x_wconf 80' lang='lat' dir='ltr'><strong>Attende</strong></span> <span class='ocrx_word' id='word_1_89' title='bbox 1602 1562 1695 1616; x_wconf 86' lang='lat' dir='ltr'><strong>tibi</strong></span> <span class='ocrx_word' id='word_1_90' title='bbox 1722 1564 1951 1632; x_wconf 70' lang='lat' dir='ltr'><strong>ipsi.i—-</strong></span> <span class='ocrx_word' id='word_1_91' title='bbox 1970 1562 2211 1620; x_wconf 89' lang='lat' dir='ltr'><strong>Facilius</strong></span> <span class='ocrx_word' id='word_1_92' title='bbox 2231 1572 2318 1619; x_wconf 88' lang='lat' dir='ltr'><strong>est</strong></span> 
     </span>
    </p>
   </div>
   <div class='ocr_carea' id='block_1_16' title="bbox 745 1655 2311 1728">
    <p class='ocr_par' dir='ltr' id='par_1_16' title="bbox 745 1655 2311 1728">
     <span class='ocr_line' id='line_1_16' title="bbox 745 1655 2311 1728; baseline 0.001 -18"><span class='ocrx_word' id='word_1_93' title='bbox 745 1655 1048 1727; x_wconf 86' lang='lat' dir='ltr'><strong>unicuique</strong></span> <span class='ocrx_word' id='word_1_94' title='bbox 1101 1665 1352 1712; x_wconf 90' lang='lat' dir='ltr'><strong>nostrum</strong></span> <span class='ocrx_word' id='word_1_95' title='bbox 1405 1655 1586 1709; x_wconf 90' lang='lat' dir='ltr'><strong>aliena</strong></span> <span class='ocrx_word' id='word_1_96' title='bbox 1638 1656 1913 1713; x_wconf 80' lang='lat' dir='ltr'><strong>curiosius</strong></span> <span class='ocrx_word' id='word_1_97' title='bbox 1956 1659 2311 1728; x_wconf 83' lang='lat' dir='ltr'><strong>perscrutari,</strong></span> 
     </span>
    </p>
   </div>
   <div class='ocr_carea' id='block_1_17' title="bbox 743 1748 2309 1818">
    <p class='ocr_par' dir='ltr' id='par_1_17' title="bbox 743 1748 2309 1818">
     <span class='ocr_line' id='line_1_17' title="bbox 743 1748 2309 1818; baseline 0.001 -17"><span class='ocrx_word' id='word_1_98' title='bbox 743 1761 909 1816; x_wconf 88' lang='lat' dir='ltr'><strong>quam</strong></span> <span class='ocrx_word' id='word_1_99' title='bbox 937 1762 1036 1803; x_wconf 90' lang='lat' dir='ltr'><strong>sua</strong></span> <span class='ocrx_word' id='word_1_100' title='bbox 1061 1748 1434 1805; x_wconf 87' lang='lat' dir='ltr'><strong>considerare.</strong></span> <span class='ocrx_word' id='word_1_101' title='bbox 1459 1749 1574 1804; x_wconf 83' lang='lat' dir='ltr'><strong>Hoc</strong></span> <span class='ocrx_word' id='word_1_102' title='bbox 1595 1750 1781 1818; x_wconf 84' lang='lat' dir='ltr'><strong>itaque</strong></span> <span class='ocrx_word' id='word_1_103' title='bbox 1809 1765 1878 1804; x_wconf 92' lang='lat' dir='ltr'><strong>ne</strong></span> <span class='ocrx_word' id='word_1_104' title='bbox 1904 1750 2062 1803; x_wconf 91' lang='lat' dir='ltr'><strong>nobis</strong></span> <span class='ocrx_word' id='word_1_105' title='bbox 2077 1750 2309 1805; x_wconf 88' lang='lat' dir='ltr'><strong>accidat.</strong></span> 
     </span>
    </p>
   </div>
   <div class='ocr_carea' id='block_1_18' title="bbox 742 1837 2312 1912">
    <p class='ocr_par' dir='ltr' id='par_1_18' title="bbox 742 1837 2312 1912">
     <span class='ocr_line' id='line_1_18' title="bbox 742 1837 2312 1912; baseline 0.004 -21"><span class='ocrx_word' id='word_1_106' title='bbox 742 1837 963 1901; x_wconf 87' lang='lat' dir='ltr'><strong>Desine,</strong></span> <span class='ocrx_word' id='word_1_107' title='bbox 996 1839 1195 1910; x_wconf 87' lang='lat' dir='ltr'><strong>inquit,</strong></span> <span class='ocrx_word' id='word_1_108' title='bbox 1238 1840 1392 1897; x_wconf 88' lang='lat' dir='ltr'><strong>illius</strong></span> <span class='ocrx_word' id='word_1_109' title='bbox 1421 1841 1550 1895; x_wconf 89' lang='lat' dir='ltr'><strong>vitia</strong></span> <span class='ocrx_word' id='word_1_110' title='bbox 1581 1842 1878 1911; x_wconf 87' lang='lat' dir='ltr'><strong>inquirere.</strong></span> <span class='ocrx_word' id='word_1_111' title='bbox 1905 1840 1984 1896; x_wconf 88' lang='lat' dir='ltr'><strong>Ne</strong></span> <span class='ocrx_word' id='word_1_112' title='bbox 2018 1842 2312 1912; x_wconf 86' lang='lat' dir='ltr'><strong>permittas</strong></span> 
     </span>
    </p>
   </div>
   <div class='ocr_carea' id='block_1_19' title="bbox 2434 630 3140 706">
    <p class='ocr_par' dir='ltr' id='par_1_19' title="bbox 2434 630 3140 706">
     <span class='ocr_line' id='line_1_19' title="bbox 2434 630 3140 706; baseline -0.01 -16"><span class='ocrx_word' id='word_1_113' title='bbox 2434 636 2533 690; x_wconf 87' lang='grc' dir='ltr'><strong>ούκ</strong></span> <span class='ocrx_word' id='word_1_114' title='bbox 2558 630 2610 689; x_wconf 87' lang='grc' dir='ltr'>εἷ</span> <span class='ocrx_word' id='word_1_115' title='bbox 2636 632 2867 706; x_wconf 77' lang='grc' dir='ltr'>ποιητὴς</span> <span class='ocrx_word' id='word_1_116' title='bbox 2898 634 3085 703; x_wconf 84' lang='grc' dir='ltr'>νόμου.</span> <span class='ocrx_word' id='word_1_117' title='bbox 3121 650 3140 683; x_wconf 71' lang='grc' dir='ltr'><strong>ι</strong></span> 
     </span>
    </p>
   </div>
   <div class='ocr_carea' id='block_1_20' title="bbox 2499 807 3860 886">
    <p class='ocr_par' dir='ltr' id='par_1_20' title="bbox 2499 807 3860 886">
     <span class='ocr_line' id='line_1_20' title="bbox 2499 807 3860 886; baseline -0.01 -13"><span class='ocrx_word' id='word_1_118' title='bbox 2499 818 2675 874; x_wconf 84' lang='grc' dir='ltr'>Γνῶθι</span> <span class='ocrx_word' id='word_1_119' title='bbox 2706 817 2928 872; x_wconf 81' lang='grc' dir='ltr'>σεαυτὸν</span> <span class='ocrx_word' id='word_1_120' title='bbox 2958 814 3063 886; x_wconf 72' lang='grc' dir='ltr'>πρὸ</span> <span class='ocrx_word' id='word_1_121' title='bbox 3105 813 3344 867; x_wconf 78' lang='grc' dir='ltr'>πάντων.</span> <span class='ocrx_word' id='word_1_122' title='bbox 3380 808 3543 864; x_wconf 75' lang='grc' dir='ltr'>Οὐδὲν</span> <span class='ocrx_word' id='word_1_123' title='bbox 3584 807 3679 878; x_wconf 74' lang='grc' dir='ltr'><strong>γὰρ</strong></span> <span class='ocrx_word' id='word_1_124' title='bbox 3708 810 3860 877; x_wconf 71' lang='grc' dir='ltr'>δυσχερὲ</span> 
     </span>
    </p>
   </div>
   <div class='ocr_carea' id='block_1_21' title="bbox 2433 898 3869 983">
    <p class='ocr_par' dir='ltr' id='par_1_21' title="bbox 2433 898 3869 983">
     <span class='ocr_line' id='line_1_21' title="bbox 2433 898 3869 983; baseline -0.011 -18"><span class='ocrx_word' id='word_1_125' title='bbox 2433 928 2641 983; x_wconf 88' lang='grc' dir='ltr'>στερον.</span> <span class='ocrx_word' id='word_1_126' title='bbox 2674 910 2838 964; x_wconf 86' lang='grc' dir='ltr'>Ὅταν</span> <span class='ocrx_word' id='word_1_127' title='bbox 2858 907 2915 960; x_wconf 78' lang='grc' dir='ltr'>δὲ</span> <span class='ocrx_word' id='word_1_128' title='bbox 2945 905 3141 959; x_wconf 78' lang='grc' dir='ltr'>σαυτὸν</span> <span class='ocrx_word' id='word_1_129' title='bbox 3173 902 3337 973; x_wconf 80' lang='grc' dir='ltr'>γνῷς.</span> <span class='ocrx_word' id='word_1_130' title='bbox 3367 901 3487 954; x_wconf 87' lang='grc' dir='ltr'>τότε</span> <span class='ocrx_word' id='word_1_131' title='bbox 3510 900 3691 970; x_wconf 78' lang='grc' dir='ltr'><strong>δυνήσῃ</strong></span> <span class='ocrx_word' id='word_1_132' title='bbox 3713 898 3869 951; x_wconf 64' lang='grc' dir='ltr'>καῖ-Θεᾶ</span> 
     </span>
    </p>
   </div>
   <div class='ocr_carea' id='block_1_22' title="bbox 2430 990 3872 1071">
    <p class='ocr_par' dir='ltr' id='par_1_22' title="bbox 2430 990 3872 1071">
     <span class='ocr_line' id='line_1_22' title="bbox 2430 990 3872 1071; baseline -0.011 -15"><span class='ocrx_word' id='word_1_133' title='bbox 2430 1002 2745 1071; x_wconf 76' lang='grc' dir='ltr'><strong>ἐπιγνῶναι,</strong></span> <span class='ocrx_word' id='word_1_134' title='bbox 2774 1000 2868 1053; x_wconf 81' lang='grc' dir='ltr'><strong>καὶ</strong></span> <span class='ocrx_word' id='word_1_135' title='bbox 2899 995 3145 1068; x_wconf 78' lang='grc' dir='ltr'>λογισμῷ</span> <span class='ocrx_word' id='word_1_136' title='bbox 3175 993 3424 1049; x_wconf 75' lang='grc' dir='ltr'>ἐπελθεῖν</span> <span class='ocrx_word' id='word_1_137' title='bbox 3455 993 3523 1046; x_wconf 74' lang='grc' dir='ltr'>τὰ</span> <span class='ocrx_word' id='word_1_138' title='bbox 3553 990 3809 1060; x_wconf 66' lang='grc' dir='ltr'>πράγματα,</span> <span class='ocrx_word' id='word_1_139' title='bbox 3832 990 3872 1050; x_wconf 78' lang='grc' dir='ltr'>ὡς</span> 
     </span>
    </p>
   </div>
   <div class='ocr_carea' id='block_1_23' title="bbox 2429 1096 2681 1165">
    <p class='ocr_par' dir='ltr' id='par_1_23' title="bbox 2429 1096 2681 1165">
     <span class='ocr_line' id='line_1_23' title="bbox 2429 1096 2681 1165; baseline 0 -15"><span class='ocrx_word' id='word_1_140' title='bbox 2429 1096 2681 1165; x_wconf 87' lang='grc' dir='ltr'>καθήκει.</span> 
     </span>
    </p>
   </div>
   <div class='ocr_carea' id='block_1_24' title="bbox 2497 1172 3870 1257">
    <p class='ocr_par' dir='ltr' id='par_1_24' title="bbox 2497 1172 3870 1257">
     <span class='ocr_line' id='line_1_24' title="bbox 2497 1172 3870 1257; baseline -0.012 -16"><span class='ocrx_word' id='word_1_141' title='bbox 2497 1189 2763 1255; x_wconf 83' lang='grc' dir='ltr'>Ἐπαθες,</span> <span class='ocrx_word' id='word_1_142' title='bbox 2804 1186 3082 1257; x_wconf 82' lang='grc' dir='ltr'>ἄνθρωπε,</span> <span class='ocrx_word' id='word_1_143' title='bbox 3106 1181 3135 1236; x_wconf 83' lang='grc' dir='ltr'><strong>ὃ</strong></span> <span class='ocrx_word' id='word_1_144' title='bbox 3168 1177 3454 1249; x_wconf 78' lang='grc' dir='ltr'>ὲγκαλεῖςς</span> <span class='ocrx_word' id='word_1_145' title='bbox 3482 1174 3574 1229; x_wconf 77' lang='grc' dir='ltr'><strong>καὶ</strong></span> <span class='ocrx_word' id='word_1_146' title='bbox 3600 1172 3654 1226; x_wconf 68' lang='grc' dir='ltr'>τὸ</span> <span class='ocrx_word' id='word_1_147' title='bbox 3688 1172 3761 1242; x_wconf 79' lang='grc' dir='ltr'>μὲν</span> <span class='ocrx_word' id='word_1_148' title='bbox 3782 1172 3870 1226; x_wconf 66' lang='grc' dir='ltr'><strong>ἁ)ὶὸ-</strong></span> 
     </span>
    </p>
   </div>
   <div class='ocr_carea' id='block_1_25' title="bbox 2426 1262 3870 1351">
    <p class='ocr_par' dir='ltr' id='par_1_25' title="bbox 2426 1262 3870 1351">
     <span class='ocr_line' id='line_1_25' title="bbox 2426 1262 3870 1351; baseline -0.015 -16"><span class='ocrx_word' id='word_1_149' title='bbox 2426 1298 2573 1351; x_wconf 85' lang='grc' dir='ltr'>τριον</span> <span class='ocrx_word' id='word_1_150' title='bbox 2594 1279 2761 1333; x_wconf 82' lang='grc' dir='ltr'>κακὸν</span> <span class='ocrx_word' id='word_1_151' title='bbox 2786 1276 3060 1349; x_wconf 84' lang='grc' dir='ltr'><strong>ἐπιμελῶς</strong></span> <span class='ocrx_word' id='word_1_152' title='bbox 3092 1270 3433 1335; x_wconf 78' lang='grc' dir='ltr'>ὲπιὸλέπεις,</span> <span class='ocrx_word' id='word_1_153' title='bbox 3483 1266 3544 1319; x_wconf 82' lang='grc' dir='ltr'><strong>τὸ</strong></span> <span class='ocrx_word' id='word_1_154' title='bbox 3584 1264 3636 1318; x_wconf 70' lang='grc' dir='ltr'>δὲ</span> <span class='ocrx_word' id='word_1_155' title='bbox 3674 1262 3799 1319; x_wconf 74' lang='grc' dir='ltr'><strong>αὑτοῦ</strong></span> <span class='ocrx_word' id='word_1_156' title='bbox 3828 1266 3870 1313; x_wconf 55' lang='lat' dir='ltr'><strong>ui</strong></span> 
     </span>
    </p>
   </div>
   <div class='ocr_carea' id='block_1_26' title="bbox 2428 1368 3087 1445">
    <p class='ocr_par' dir='ltr' id='par_1_26' title="bbox 2428 1368 3087 1445">
     <span class='ocr_line' id='line_1_26' title="bbox 2428 1368 3087 1445; baseline -0.011 -16"><span class='ocrx_word' id='word_1_157' title='bbox 2428 1379 2588 1445; x_wconf 86' lang='grc' dir='ltr'>σχρὸν</span> <span class='ocrx_word' id='word_1_158' title='bbox 2618 1371 2852 1444; x_wconf 79' lang='grc' dir='ltr'>οὐδαμοῦ</span> <span class='ocrx_word' id='word_1_159' title='bbox 2880 1368 3050 1433; x_wconf 87' lang='grc' dir='ltr'>τιθεῖς</span> <span class='ocrx_word' id='word_1_160' title='bbox 3069 1385 3087 1436; x_wconf 88' lang='grc'>;</span> 
     </span>
    </p>
   </div>
   <div class='ocr_carea' id='block_1_27' title="bbox 2506 1531 3867 1626">
    <p class='ocr_par' dir='ltr' id='par_1_27' title="bbox 2506 1531 3867 1626">
     <span class='ocr_line' id='line_1_27' title="bbox 2506 1531 3867 1626; baseline -0.021 -16"><span class='ocrx_word' id='word_1_161' title='bbox 2506 1555 2714 1626; x_wconf 81' lang='grc' dir='ltr'><strong>Ῥᾴδιον</strong></span> <span class='ocrx_word' id='word_1_162' title='bbox 2730 1552 2947 1620; x_wconf 78' lang='grc' dir='ltr'><strong>ἑκάστῳ</strong></span> <span class='ocrx_word' id='word_1_163' title='bbox 2978 1547 3137 1619; x_wconf 83' lang='grc' dir='ltr'>ἡμῶν</span> <span class='ocrx_word' id='word_1_164' title='bbox 3188 1536 3651 1614; x_wconf 77' lang='grc' dir='ltr'>πολυπραγμονεῖν</span> <span class='ocrx_word' id='word_1_165' title='bbox 3694 1532 3746 1586; x_wconf 79' lang='grc' dir='ltr'><strong>τὰ</strong></span> 
     </span>
    </p>
   </div>
   <div class='ocr_carea' id='block_1_28' title="bbox 2421 1626 3867 1721">
    <p class='ocr_par' dir='ltr' id='par_1_28' title="bbox 2421 1626 3867 1721">
     <span class='ocr_line' id='line_1_28' title="bbox 2421 1626 3867 1721; baseline -0.019 -17"><span class='ocrx_word' id='word_1_166' title='bbox 2421 1647 2626 1721; x_wconf 81' lang='grc' dir='ltr'>τρια,ἥ</span> <span class='ocrx_word' id='word_1_167' title='bbox 2655 1645 2725 1701; x_wconf 81' lang='grc' dir='ltr'><strong>τὰ</strong></span> <span class='ocrx_word' id='word_1_168' title='bbox 2779 1644 2955 1698; x_wconf 73' lang='grc' dir='ltr'>οἰκεῖα</span> <span class='ocrx_word' id='word_1_169' title='bbox 3016 1635 3210 1694; x_wconf 82' lang='grc' dir='ltr'>ἑαυτοῦ</span> <span class='ocrx_word' id='word_1_170' title='bbox 3253 1629 3681 1690; x_wconf 79' lang='grc' dir='ltr'><strong>διασκέπτεσθαι.</strong></span> <span class='ocrx_word' id='word_1_171' title='bbox 3716 1626 3867 1679; x_wconf 64' lang='grc' dir='ltr'>Ἰναιῦδ</span> 
     </span>
    </p>
   </div>
   <div class='ocr_carea' id='block_1_29' title="bbox 2424 1718 3867 1815">
    <p class='ocr_par' dir='ltr' id='par_1_29' title="bbox 2424 1718 3867 1815">
     <span class='ocr_line' id='line_1_29' title="bbox 2424 1718 3867 1815; baseline -0.021 -16"><span class='ocrx_word' id='word_1_172' title='bbox 2424 1718 2499 1815; x_wconf 80' lang='grc' dir='ltr'>μὴ</span> <span class='ocrx_word' id='word_1_173' title='bbox 2544 1718 2703 1794; x_wconf 83' lang='grc' dir='ltr'>τοῦτο</span> <span class='ocrx_word' id='word_1_174' title='bbox 2763 1735 3080 1807; x_wconf 80' lang='grc' dir='ltr'>πάσχωμεν,</span> <span class='ocrx_word' id='word_1_175' title='bbox 3106 1731 3333 1792; x_wconf 86' lang='grc' dir='ltr'>παῦσαι,</span> <span class='ocrx_word' id='word_1_176' title='bbox 3376 1724 3531 1797; x_wconf 80' lang='grc' dir='ltr'>φησὶ,</span> <span class='ocrx_word' id='word_1_177' title='bbox 3560 1722 3623 1776; x_wconf 79' lang='grc' dir='ltr'>τὰ</span> <span class='ocrx_word' id='word_1_178' title='bbox 3668 1719 3740 1774; x_wconf 73' lang='grc' dir='ltr'><strong>τοῦ</strong></span> 
     </span>
    </p>
   </div>
   <div class='ocr_carea' id='block_1_30' title="bbox 2420 1812 3868 1904">
    <p class='ocr_par' dir='ltr' id='par_1_30' title="bbox 2420 1812 3868 1904">
     <span class='ocr_line' id='line_1_30' title="bbox 2420 1812 3868 1904; baseline -0.021 -14"><span class='ocrx_word' id='word_1_179' title='bbox 2420 1812 2567 1890; x_wconf 76' lang='grc' dir='ltr'>κακὰ</span> <span class='ocrx_word' id='word_1_180' title='bbox 2608 1828 3130 1904; x_wconf 82' lang='grc' dir='ltr'>περιερευνώμενος.</span> <span class='ocrx_word' id='word_1_181' title='bbox 3184 1823 3277 1894; x_wconf 84' lang='grc' dir='ltr'><strong>Μὴ</strong></span> <span class='ocrx_word' id='word_1_182' title='bbox 3329 1820 3474 1874; x_wconf 88' lang='grc' dir='ltr'>δίδου</span> <span class='ocrx_word' id='word_1_183' title='bbox 3530 1815 3701 1887; x_wconf 81' lang='grc' dir='ltr'>σχολὴν</span> <span class='ocrx_word' id='word_1_184' title='bbox 3724 1812 3868 1904; x_wconf 43' lang='lat' dir='ltr'><strong>coitio</strong></span> 
     </span>
    </p>
   </div>
   <div class='ocr_carea' id='block_1_31' title="bbox 743 1902 2304 2002">
    <p class='ocr_par' dir='ltr' id='par_1_31' title="bbox 743 1902 2304 2002">
     <span class='ocr_line' id='line_1_31' title="bbox 743 1902 2304 2002; baseline 0.003 -19"><span class='ocrx_word' id='word_1_185' title='bbox 743 1902 1189 1998; x_wconf 78' lang='lat' dir='ltr'><strong>cogitationibus</strong></span> <span class='ocrx_word' id='word_1_186' title='bbox 1211 1930 1344 1995; x_wconf 88' lang='lat' dir='ltr'><strong>tuis,</strong></span> <span class='ocrx_word' id='word_1_187' title='bbox 1378 1938 1438 1985; x_wconf 85' lang='lat' dir='ltr'><strong>ut</strong></span> <span class='ocrx_word' id='word_1_188' title='bbox 1463 1902 1778 2001; x_wconf 71' lang='lat' dir='ltr'><strong>aegritudini</strong></span> <span class='ocrx_word' id='word_1_189' title='bbox 1807 1932 2003 1986; x_wconf 75' lang='lat' dir='ltr'><strong>alienae</strong></span> <span class='ocrx_word' id='word_1_190' title='bbox 2019 1902 2304 2002; x_wconf 72' lang='lat' dir='ltr'><strong>exploran-</strong></span> 
     </span>
    </p>
   </div>
   <div class='ocr_carea' id='block_1_32' title="bbox 2405 1902 3867 2002">
    <p class='ocr_par' dir='ltr' id='par_1_32' title="bbox 2418 1902 3867 2002">
     <span class='ocr_line' id='line_1_32' title="bbox 2418 1902 3867 2002; baseline -0.023 -18"><span class='ocrx_word' id='word_1_191' title='bbox 2418 1926 2637 1997; x_wconf 79' lang='grc' dir='ltr'>γισμοῖς</span> <span class='ocrx_word' id='word_1_192' title='bbox 2676 1902 2737 1977; x_wconf 75' lang='grc' dir='ltr'><strong>τὸ</strong></span> <span class='ocrx_word' id='word_1_193' title='bbox 2772 1902 3072 1990; x_wconf 14' lang='grc' dir='ltr'>ίάλλότριον</span> <span class='ocrx_word' id='word_1_194' title='bbox 3123 1913 3406 1982; x_wconf 75' lang='grc' dir='ltr'>ἐξετάζειν</span> <span class='ocrx_word' id='word_1_195' title='bbox 3445 1908 3759 2002; x_wconf 69' lang='grc' dir='ltr'>ἀρρώστημα,</span> <span class='ocrx_word' id='word_1_196' title='bbox 3790 1902 3867 1954; x_wconf 66' lang='lat' dir='ltr'><strong>an</strong></span> 
     </span>
    </p>
   </div>
   <div class='ocr_carea' id='block_1_33' title="bbox 742 2020 2315 2094">
    <p class='ocr_par' dir='ltr' id='par_1_33' title="bbox 742 2020 2315 2094">
     <span class='ocr_line' id='line_1_33' title="bbox 742 2020 2315 2094; baseline 0.004 -19"><span class='ocrx_word' id='word_1_197' title='bbox 742 2020 829 2076; x_wconf 83' lang='lat' dir='ltr'><strong>dae</strong></span> <span class='ocrx_word' id='word_1_198' title='bbox 861 2028 1076 2077; x_wconf 86' lang='lat' dir='ltr'><strong>vacent.</strong></span> <span class='ocrx_word' id='word_1_199' title='bbox 1122 2021 1323 2078; x_wconf 83' lang='lat' dir='ltr'><strong>Verum</strong></span> <span class='ocrx_word' id='word_1_200' title='bbox 1367 2024 1589 2078; x_wconf 90' lang='lat' dir='ltr'><strong>attende</strong></span> <span class='ocrx_word' id='word_1_201' title='bbox 1621 2023 1719 2078; x_wconf 90' lang='lat' dir='ltr'><strong>tibi</strong></span> <span class='ocrx_word' id='word_1_202' title='bbox 1775 2024 1907 2094; x_wconf 90' lang='lat' dir='ltr'><strong>ipsi;</strong></span> <span class='ocrx_word' id='word_1_203' title='bbox 1958 2025 2065 2079; x_wconf 89' lang='lat' dir='ltr'><strong>hoc</strong></span> <span class='ocrx_word' id='word_1_204' title='bbox 2103 2036 2210 2088; x_wconf 87' lang='lat' dir='ltr'><strong>est,</strong></span> <span class='ocrx_word' id='word_1_205' title='bbox 2247 2028 2315 2081; x_wconf 87' lang='lat' dir='ltr'><strong>ad</strong></span> 
     </span>
    </p>
   </div>
   <div class='ocr_carea' id='block_1_34' title="bbox 741 2112 2311 2185">
    <p class='ocr_par' dir='ltr' id='par_1_34' title="bbox 741 2112 2311 2185">
     <span class='ocr_line' id='line_1_34' title="bbox 741 2112 2311 2185; baseline 0.003 -19"><span class='ocrx_word' id='word_1_206' title='bbox 741 2112 823 2168; x_wconf 84' lang='lat' dir='ltr'><strong>tui</strong></span> <span class='ocrx_word' id='word_1_207' title='bbox 855 2113 1027 2183; x_wconf 89' lang='lat' dir='ltr'><strong>ipsius</strong></span> <span class='ocrx_word' id='word_1_208' title='bbox 1062 2117 1561 2185; x_wconf 88' lang='lat' dir='ltr'><strong>perscrutationem</strong></span> <span class='ocrx_word' id='word_1_209' title='bbox 1581 2118 1753 2173; x_wconf 89' lang='lat' dir='ltr'><strong>animi</strong></span> <span class='ocrx_word' id='word_1_210' title='bbox 1785 2118 2009 2173; x_wconf 91' lang='lat' dir='ltr'><strong>oculum</strong></span> <span class='ocrx_word' id='word_1_211' title='bbox 2032 2124 2311 2182; x_wconf 83' lang='lat' dir='ltr'><strong>converte,</strong></span> 
     </span>
    </p>
   </div>
   <div class='ocr_carea' id='block_1_35' title="bbox 741 2205 1663 2264">
    <p class='ocr_par' dir='ltr' id='par_1_35' title="bbox 741 2205 1663 2264">
     <span class='ocr_line' id='line_1_35' title="bbox 741 2205 1663 2264; baseline 0.003 -4"><span class='ocrx_word' id='word_1_212' title='bbox 741 2219 845 2260; x_wconf 88' lang='lat' dir='ltr'><strong>nec</strong></span> <span class='ocrx_word' id='word_1_213' title='bbox 875 2205 943 2261; x_wconf 90' lang='lat' dir='ltr'><strong>ab</strong></span> <span class='ocrx_word' id='word_1_214' title='bbox 977 2220 1044 2261; x_wconf 91' lang='lat' dir='ltr'><strong>eo</strong></span> <span class='ocrx_word' id='word_1_215' title='bbox 1070 2207 1325 2262; x_wconf 81' lang='lat' dir='ltr'><strong>examine</strong></span> <span class='ocrx_word' id='word_1_216' title='bbox 1358 2208 1663 2264; x_wconf 85' lang='lat' dir='ltr'><strong>desciscas.</strong></span> 
     </span>
    </p>
   </div>
   <div class='ocr_carea' id='block_1_36' title="bbox 815 2294 2311 2367">
    <p class='ocr_par' dir='ltr' id='par_1_36' title="bbox 815 2294 2311 2367">
     <span class='ocr_line' id='line_1_36' title="bbox 815 2294 2311 2367; baseline 0.001 -16"><span class='ocrx_word' id='word_1_217' title='bbox 815 2294 960 2351; x_wconf 84' lang='lat' dir='ltr'><strong>Ibid.</strong></span> <span class='ocrx_word' id='word_1_218' title='bbox 984 2326 1054 2339; x_wconf 87' lang='grc'><strong>--</strong></span> <span class='ocrx_word' id='word_1_219' title='bbox 1079 2297 1137 2351; x_wconf 91' lang='lat' dir='ltr'><strong>Si</strong></span> <span class='ocrx_word' id='word_1_220' title='bbox 1168 2306 1378 2354; x_wconf 64' lang='lat' dir='ltr'><strong>naturae</strong></span> <span class='ocrx_word' id='word_1_221' title='bbox 1402 2299 1798 2366; x_wconf 89' lang='lat' dir='ltr'><strong>reminisceris,</strong></span> <span class='ocrx_word' id='word_1_222' title='bbox 1836 2312 2117 2367; x_wconf 89' lang='lat' dir='ltr'><strong>nunquam</strong></span> <span class='ocrx_word' id='word_1_223' title='bbox 2147 2309 2198 2353; x_wconf 91' lang='lat' dir='ltr'><strong>Ie</strong></span> <span class='ocrx_word' id='word_1_224' title='bbox 2224 2299 2311 2352; x_wconf 90' lang='lat' dir='ltr'><strong>in-</strong></span> 
     </span>
    </p>
   </div>
   <div class='ocr_carea' id='block_1_37' title="bbox 741 2387 2311 2461">
    <p class='ocr_par' dir='ltr' id='par_1_37' title="bbox 741 2387 2311 2461">
     <span class='ocr_line' id='line_1_37' title="bbox 741 2387 2311 2461; baseline 0.001 -18"><span class='ocrx_word' id='word_1_225' title='bbox 741 2388 982 2444; x_wconf 83' lang='lat' dir='ltr'><strong>solenter</strong></span> <span class='ocrx_word' id='word_1_226' title='bbox 1017 2387 1235 2444; x_wconf 75' lang='lat' dir='ltr'><strong>elleres.</strong></span> <span class='ocrx_word' id='word_1_227' title='bbox 1276 2388 1380 2445; x_wconf 90' lang='lat' dir='ltr'><strong>Tui</strong></span> <span class='ocrx_word' id='word_1_228' title='bbox 1429 2406 1559 2446; x_wconf 88' lang='lat' dir='ltr'><strong>vero</strong></span> <span class='ocrx_word' id='word_1_229' title='bbox 1601 2392 1776 2461; x_wconf 89' lang='lat' dir='ltr'><strong>ipsius</strong></span> <span class='ocrx_word' id='word_1_230' title='bbox 1829 2390 2233 2458; x_wconf 65' lang='lat' dir='ltr'><strong>recordaberis,</strong></span> <span class='ocrx_word' id='word_1_231' title='bbox 2264 2391 2311 2447; x_wconf 92' lang='lat' dir='ltr'><strong>si</strong></span> 
     </span>
    </p>
   </div>
   <div class='ocr_carea' id='block_1_38' title="bbox 741 2480 2312 2555">
    <p class='ocr_par' dir='ltr' id='par_1_38' title="bbox 741 2480 2312 2555">
     <span class='ocr_line' id='line_1_38' title="bbox 741 2480 2312 2555; baseline 0.002 -20"><span class='ocrx_word' id='word_1_232' title='bbox 741 2480 839 2535; x_wconf 87' lang='lat' dir='ltr'><strong>tibi</strong></span> <span class='ocrx_word' id='word_1_233' title='bbox 879 2480 981 2549; x_wconf 88' lang='lat' dir='ltr'><strong>ipsi</strong></span> <span class='ocrx_word' id='word_1_234' title='bbox 1013 2482 1294 2537; x_wconf 90' lang='lat' dir='ltr'><strong>attendas.</strong></span> <span class='ocrx_word' id='word_1_235' title='bbox 1329 2484 1567 2539; x_wconf 78' lang='lat' dir='ltr'><strong>Attende</strong></span> <span class='ocrx_word' id='word_1_236' title='bbox 1597 2499 1729 2555; x_wconf 89' lang='lat' dir='ltr'><strong>ergo</strong></span> <span class='ocrx_word' id='word_1_237' title='bbox 1759 2482 1893 2548; x_wconf 86' lang='lat' dir='ltr'><strong>tibi;</strong></span> <span class='ocrx_word' id='word_1_238' title='bbox 1920 2482 1973 2537; x_wconf 93' lang='lat' dir='ltr'><strong>id</strong></span> <span class='ocrx_word' id='word_1_239' title='bbox 2005 2491 2111 2547; x_wconf 90' lang='lat' dir='ltr'><strong>est,</strong></span> <span class='ocrx_word' id='word_1_240' title='bbox 2144 2484 2312 2538; x_wconf 78' lang='lat' dir='ltr'><strong>unde-</strong></span> 
     </span>
    </p>
   </div>
   <div class='ocr_carea' id='block_1_39' title="bbox 739 2574 2311 2647">
    <p class='ocr_par' dir='ltr' id='par_1_39' title="bbox 739 2574 2311 2647">
     <span class='ocr_line' id='line_1_39' title="bbox 739 2574 2311 2647; baseline 0.001 -18"><span class='ocrx_word' id='word_1_241' title='bbox 739 2588 962 2643; x_wconf 85' lang='lat' dir='ltr'><strong>cunque</strong></span> <span class='ocrx_word' id='word_1_242' title='bbox 987 2574 1225 2644; x_wconf 84' lang='lat' dir='ltr'><strong>teipsum</strong></span> <span class='ocrx_word' id='word_1_243' title='bbox 1265 2575 1636 2647; x_wconf 90' lang='lat' dir='ltr'><strong>circumspice</strong></span> <span class='ocrx_word' id='word_1_244' title='bbox 1666 2592 1681 2627; x_wconf 88' lang='lat'><strong>:</strong></span> <span class='ocrx_word' id='word_1_245' title='bbox 1711 2576 1966 2647; x_wconf 82' lang='lat' dir='ltr'><strong>pervigili</strong></span> <span class='ocrx_word' id='word_1_246' title='bbox 2000 2577 2164 2631; x_wconf 90' lang='lat' dir='ltr'><strong>oculo</strong></span> <span class='ocrx_word' id='word_1_247' title='bbox 2192 2578 2311 2631; x_wconf 89' lang='lat' dir='ltr'><strong>aui-</strong></span> 
     </span>
    </p>
   </div>
   <div class='ocr_carea' id='block_1_40' title="bbox 737 2665 2308 2740">
    <p class='ocr_par' dir='ltr' id='par_1_40' title="bbox 737 2665 2308 2740">
     <span class='ocr_line' id='line_1_40' title="bbox 737 2665 2308 2740; baseline 0.003 -22"><span class='ocrx_word' id='word_1_248' title='bbox 737 2665 810 2719; x_wconf 90' lang='lat' dir='ltr'><strong>mi</strong></span> <span class='ocrx_word' id='word_1_249' title='bbox 844 2665 895 2719; x_wconf 94' lang='lat' dir='ltr'><strong>in</strong></span> <span class='ocrx_word' id='word_1_250' title='bbox 935 2665 1167 2721; x_wconf 88' lang='lat' dir='ltr'><strong>salutem</strong></span> <span class='ocrx_word' id='word_1_251' title='bbox 1192 2675 1343 2723; x_wconf 92' lang='lat' dir='ltr'><strong>tuam</strong></span> <span class='ocrx_word' id='word_1_252' title='bbox 1373 2668 1605 2724; x_wconf 80' lang='lat' dir='ltr'><strong>excuba.</strong></span> <span class='ocrx_word' id='word_1_253' title='bbox 1658 2669 1717 2723; x_wconf 86' lang='lat' dir='ltr'><strong>in</strong></span> <span class='ocrx_word' id='word_1_254' title='bbox 1766 2669 1947 2725; x_wconf 90' lang='lat' dir='ltr'><strong>medio</strong></span> <span class='ocrx_word' id='word_1_255' title='bbox 1986 2669 2308 2740; x_wconf 86' lang='lat' dir='ltr'><strong>laqueorum</strong></span> 
     </span>
    </p>
   </div>
   <div class='ocr_carea' id='block_1_41' title="bbox 737 2755 2311 2831">
    <p class='ocr_par' dir='ltr' id='par_1_41' title="bbox 737 2755 2311 2831">
     <span class='ocr_line' id='line_1_41' title="bbox 737 2755 2311 2831; baseline 0.004 -21"><span class='ocrx_word' id='word_1_256' title='bbox 737 2755 988 2812; x_wconf 86' lang='lat' dir='ltr'><strong>ambulas</strong></span> <span class='ocrx_word' id='word_1_257' title='bbox 1043 2776 1058 2813; x_wconf 87' lang='lat'><strong>:</strong></span> <span class='ocrx_word' id='word_1_258' title='bbox 1100 2758 1326 2815; x_wconf 67' lang='lat' dir='ltr'><strong>occultae</strong></span> <span class='ocrx_word' id='word_1_259' title='bbox 1383 2760 1675 2816; x_wconf 72' lang='lat' dir='ltr'><strong>tendicula:</strong></span> <span class='ocrx_word' id='word_1_260' title='bbox 1732 2760 1799 2814; x_wconf 88' lang='lat' dir='ltr'><strong>ab</strong></span> <span class='ocrx_word' id='word_1_261' title='bbox 1841 2761 2017 2823; x_wconf 72' lang='lat' dir='ltr'><strong>llioste</strong></span> <span class='ocrx_word' id='word_1_262' title='bbox 2068 2760 2311 2831; x_wconf 85' lang='lat' dir='ltr'><strong>undique</strong></span> 
     </span>
    </p>
   </div>
   <div class='ocr_carea' id='block_1_42' title="bbox 735 2846 2311 2923">
    <p class='ocr_par' dir='ltr' id='par_1_42' title="bbox 735 2846 2311 2923">
     <span class='ocr_line' id='line_1_42' title="bbox 735 2846 2311 2923; baseline 0.003 -20"><span class='ocrx_word' id='word_1_263' title='bbox 735 2846 859 2904; x_wconf 66' lang='lat' dir='ltr'><strong>ﬁxae</strong></span> <span class='ocrx_word' id='word_1_264' title='bbox 897 2856 1050 2904; x_wconf 84' lang='lat' dir='ltr'><strong>sunt.</strong></span> <span class='ocrx_word' id='word_1_265' title='bbox 1093 2848 1337 2907; x_wconf 89' lang='lat' dir='ltr'><strong>Proinde</strong></span> <span class='ocrx_word' id='word_1_266' title='bbox 1395 2850 1483 2905; x_wconf 82' lang='lat' dir='ltr'><strong>fac</strong></span> <span class='ocrx_word' id='word_1_267' title='bbox 1524 2853 1711 2906; x_wconf 86' lang='lat' dir='ltr'><strong>omnia</strong></span> <span class='ocrx_word' id='word_1_268' title='bbox 1765 2852 2202 2923; x_wconf 89' lang='lat' dir='ltr'><strong>circumspicias,</strong></span> <span class='ocrx_word' id='word_1_269' title='bbox 2251 2861 2311 2908; x_wconf 90' lang='lat' dir='ltr'><strong>ut</strong></span> 
     </span>
    </p>
   </div>
   <div class='ocr_carea' id='block_1_43' title="bbox 732 2940 2309 3015">
    <p class='ocr_par' dir='ltr' id='par_1_43' title="bbox 732 2940 2309 3015">
     <span class='ocr_line' id='line_1_43' title="bbox 732 2940 2309 3015; baseline 0.003 -21"><span class='ocrx_word' id='word_1_270' title='bbox 732 2940 949 2997; x_wconf 86' lang='lat' dir='ltr'><strong>eruaris</strong></span> <span class='ocrx_word' id='word_1_271' title='bbox 1000 2942 1158 3012; x_wconf 91' lang='lat' dir='ltr'><strong>quasi</strong></span> <span class='ocrx_word' id='word_1_272' title='bbox 1202 2943 1421 2998; x_wconf 89' lang='lat' dir='ltr'><strong>damula</strong></span> <span class='ocrx_word' id='word_1_273' title='bbox 1476 2959 1508 3000; x_wconf 91' lang='lat' dir='ltr'><strong>e</strong></span> <span class='ocrx_word' id='word_1_274' title='bbox 1549 2944 1783 3009; x_wconf 89' lang='lat' dir='ltr'><strong>retibus,</strong></span> <span class='ocrx_word' id='word_1_275' title='bbox 1828 2952 1884 3001; x_wconf 84' lang='lat' dir='ltr'><strong>et</strong></span> <span class='ocrx_word' id='word_1_276' title='bbox 1932 2944 2094 3015; x_wconf 89' lang='lat' dir='ltr'><strong>quasi</strong></span> <span class='ocrx_word' id='word_1_277' title='bbox 2126 2944 2243 2999; x_wconf 88' lang='lat' dir='ltr'><strong>avis</strong></span> <span class='ocrx_word' id='word_1_278' title='bbox 2279 2960 2309 2998; x_wconf 91' lang='lat' dir='ltr'><strong>a</strong></span> 
     </span>
    </p>
   </div>
   <div class='ocr_carea' id='block_1_44' title="bbox 732 3028 2311 3104">
    <p class='ocr_par' dir='ltr' id='par_1_44' title="bbox 732 3028 2311 3104">
     <span class='ocr_line' id='line_1_44' title="bbox 732 3028 2311 3104; baseline 0.002 -19"><span class='ocrx_word' id='word_1_279' title='bbox 732 3028 953 3103; x_wconf 87' lang='lat' dir='ltr'><strong>laqueo.</strong></span> <span class='ocrx_word' id='word_1_280' title='bbox 990 3030 1128 3088; x_wconf 75' lang='lat' dir='ltr'><strong>Vide</strong></span> <span class='ocrx_word' id='word_1_281' title='bbox 1161 3032 1352 3104; x_wconf 78' lang='lat' dir='ltr'><strong>igitur,</strong></span> <span class='ocrx_word' id='word_1_282' title='bbox 1390 3048 1460 3088; x_wconf 87' lang='lat' dir='ltr'><strong>ne</strong></span> <span class='ocrx_word' id='word_1_283' title='bbox 1496 3035 1553 3090; x_wconf 92' lang='lat' dir='ltr'><strong>in</strong></span> <span class='ocrx_word' id='word_1_284' title='bbox 1577 3036 1660 3089; x_wconf 91' lang='lat' dir='ltr'><strong>tui</strong></span> <span class='ocrx_word' id='word_1_285' title='bbox 1690 3035 1950 3092; x_wconf 91' lang='lat' dir='ltr'><strong>custodia</strong></span> <span class='ocrx_word' id='word_1_286' title='bbox 1972 3035 2149 3090; x_wconf 88' lang='lat' dir='ltr'><strong>brutis</strong></span> <span class='ocrx_word' id='word_1_287' title='bbox 2187 3035 2311 3088; x_wconf 90' lang='lat' dir='ltr'><strong>ani-</strong></span> 
     </span>
    </p>
   </div>
   <div class='ocr_carea' id='block_1_45' title="bbox 732 3123 2310 3196">
    <p class='ocr_par' dir='ltr' id='par_1_45' title="bbox 732 3123 2310 3196">
     <span class='ocr_line' id='line_1_45' title="bbox 732 3123 2310 3196; baseline 0.002 -20"><span class='ocrx_word' id='word_1_288' title='bbox 732 3124 1016 3180; x_wconf 85' lang='lat' dir='ltr'><strong>mantibus</strong></span> <span class='ocrx_word' id='word_1_289' title='bbox 1053 3123 1383 3182; x_wconf 91' lang='lat' dir='ltr'><strong>deteriorem</strong></span> <span class='ocrx_word' id='word_1_290' title='bbox 1439 3134 1494 3181; x_wconf 92' lang='lat' dir='ltr'><strong>te</strong></span> <span class='ocrx_word' id='word_1_291' title='bbox 1542 3127 1785 3196; x_wconf 68' lang='lat' dir='ltr'><strong>pmbeas</strong></span> <span class='ocrx_word' id='word_1_292' title='bbox 1817 3145 1834 3156; x_wconf 80' lang='grc'><strong><em>-</em></strong></span> <span class='ocrx_word' id='word_1_293' title='bbox 1870 3141 1941 3181; x_wconf 86' lang='grc' dir='ltr'><strong>ηε</strong></span> <span class='ocrx_word' id='word_1_294' title='bbox 1982 3126 2187 3196; x_wconf 89' lang='lat' dir='ltr'><strong>alioqui</strong></span> <span class='ocrx_word' id='word_1_295' title='bbox 2231 3128 2310 3179; x_wconf 78' lang='lat' dir='ltr'><strong>Ia-</strong></span> 
     </span>
    </p>
   </div>
   <div class='ocr_carea' id='block_1_46' title="bbox 732 3216 2306 3289">
    <p class='ocr_par' dir='ltr' id='par_1_46' title="bbox 732 3216 2306 3289">
     <span class='ocr_line' id='line_1_46' title="bbox 732 3216 2306 3289; baseline 0.003 -20"><span class='ocrx_word' id='word_1_296' title='bbox 732 3216 893 3285; x_wconf 82' lang='lat' dir='ltr'><strong>queis</strong></span> <span class='ocrx_word' id='word_1_297' title='bbox 911 3216 1273 3287; x_wconf 89' lang='lat' dir='ltr'><strong>interceptus,</strong></span> <span class='ocrx_word' id='word_1_298' title='bbox 1305 3217 1531 3274; x_wconf 89' lang='lat' dir='ltr'><strong>diabolo</strong></span> <span class='ocrx_word' id='word_1_299' title='bbox 1558 3220 1612 3273; x_wconf 93' lang='lat' dir='ltr'><strong>in</strong></span> <span class='ocrx_word' id='word_1_300' title='bbox 1647 3218 1886 3289; x_wconf 66' lang='lat' dir='ltr'><strong>praedam</strong></span> <span class='ocrx_word' id='word_1_301' title='bbox 1927 3218 2115 3281; x_wconf 87' lang='lat' dir='ltr'><strong>cedas,</strong></span> <span class='ocrx_word' id='word_1_302' title='bbox 2148 3219 2215 3273; x_wconf 87' lang='lat' dir='ltr'><strong>ab</strong></span> <span class='ocrx_word' id='word_1_303' title='bbox 2240 3234 2306 3274; x_wconf 86' lang='lat' dir='ltr'><strong>eo</strong></span> 
     </span>
    </p>
   </div>
   <div class='ocr_carea' id='block_1_47' title="bbox 737 3306 2301 3380">
    <p class='ocr_par' dir='ltr' id='par_1_47' title="bbox 737 3306 2301 3380">
     <span class='ocr_line' id='line_1_47' title="bbox 737 3306 2301 3380; baseline 0.003 -19"><span class='ocrx_word' id='word_1_304' title='bbox 737 3306 996 3363; x_wconf 72' lang='lat' dir='ltr'><strong>videlicet</strong></span> <span class='ocrx_word' id='word_1_305' title='bbox 1021 3310 1271 3380; x_wconf 89' lang='lat' dir='ltr'><strong>captivus</strong></span> <span class='ocrx_word' id='word_1_306' title='bbox 1305 3310 1575 3366; x_wconf 90' lang='lat' dir='ltr'><strong>adductus</strong></span> <span class='ocrx_word' id='word_1_307' title='bbox 1616 3310 1685 3365; x_wconf 89' lang='lat' dir='ltr'><strong>ad</strong></span> <span class='ocrx_word' id='word_1_308' title='bbox 1724 3310 1901 3380; x_wconf 88' lang='lat' dir='ltr'><strong>ipsius</strong></span> <span class='ocrx_word' id='word_1_309' title='bbox 1938 3311 2301 3366; x_wconf 74' lang='lat' dir='ltr'><strong>voluntatem.</strong></span> 
     </span>
    </p>
   </div>
   <div class='ocr_carea' id='block_1_48' title="bbox 732 3399 2302 3473">
    <p class='ocr_par' dir='ltr' id='par_1_48' title="bbox 732 3399 2302 3473">
     <span class='ocr_line' id='line_1_48' title="bbox 732 3399 2302 3473; baseline 0.004 -21"><span class='ocrx_word' id='word_1_310' title='bbox 732 3399 1099 3466; x_wconf 86' lang='lat' dir='ltr'><strong>Quamobrem</strong></span> <span class='ocrx_word' id='word_1_311' title='bbox 1155 3401 1379 3458; x_wconf 89' lang='lat' dir='ltr'><strong>attende</strong></span> <span class='ocrx_word' id='word_1_312' title='bbox 1412 3403 1511 3458; x_wconf 91' lang='lat' dir='ltr'><strong>tibi</strong></span> <span class='ocrx_word' id='word_1_313' title='bbox 1556 3403 1697 3473; x_wconf 89' lang='lat' dir='ltr'><strong>ipsi;</strong></span> <span class='ocrx_word' id='word_1_314' title='bbox 1744 3403 1847 3459; x_wconf 84' lang='lat' dir='ltr'><strong>hoc</strong></span> <span class='ocrx_word' id='word_1_315' title='bbox 1872 3410 1977 3463; x_wconf 84' lang='lat' dir='ltr'><strong>est.</strong></span> <span class='ocrx_word' id='word_1_316' title='bbox 2033 3419 2135 3458; x_wconf 91' lang='lat' dir='ltr'><strong>nec</strong></span> <span class='ocrx_word' id='word_1_317' title='bbox 2170 3404 2302 3468; x_wconf 87' lang='lat' dir='ltr'><strong>tuis,</strong></span> 
     </span>
    </p>
   </div>
   <div class='ocr_carea' id='block_1_49' title="bbox 737 3493 2301 3566">
    <p class='ocr_par' dir='ltr' id='par_1_49' title="bbox 737 3493 2301 3566">
     <span class='ocr_line' id='line_1_49' title="bbox 737 3493 2301 3566; baseline 0.003 -20"><span class='ocrx_word' id='word_1_318' title='bbox 737 3507 838 3547; x_wconf 88' lang='lat' dir='ltr'><strong>nec</strong></span> <span class='ocrx_word' id='word_1_319' title='bbox 860 3493 927 3547; x_wconf 93' lang='lat' dir='ltr'><strong>iis</strong></span> <span class='ocrx_word' id='word_1_320' title='bbox 949 3508 1069 3563; x_wconf 68' lang='lat' dir='ltr'><strong>qua:</strong></span> <span class='ocrx_word' id='word_1_321' title='bbox 1086 3494 1234 3549; x_wconf 91' lang='lat' dir='ltr'><strong>circa</strong></span> <span class='ocrx_word' id='word_1_322' title='bbox 1262 3504 1312 3549; x_wconf 90' lang='lat' dir='ltr'><strong>te</strong></span> <span class='ocrx_word' id='word_1_323' title='bbox 1339 3503 1488 3560; x_wconf 91' lang='lat' dir='ltr'><strong>sunt,</strong></span> <span class='ocrx_word' id='word_1_324' title='bbox 1505 3511 1691 3551; x_wconf 91' lang='lat' dir='ltr'><strong>verum</strong></span> <span class='ocrx_word' id='word_1_325' title='bbox 1712 3495 2031 3566; x_wconf 88' lang='lat' dir='ltr'><strong>tibimetipsi</strong></span> <span class='ocrx_word' id='word_1_326' title='bbox 2059 3497 2301 3553; x_wconf 83' lang='lat' dir='ltr'><strong>attende.</strong></span> 
     </span>
    </p>
   </div>
   <div class='ocr_carea' id='block_1_50' title="bbox 728 3584 2303 3657">
    <p class='ocr_par' dir='ltr' id='par_1_50' title="bbox 728 3584 2303 3657">
     <span class='ocr_line' id='line_1_50' title="bbox 728 3584 2303 3657; baseline 0.003 -19"><span class='ocrx_word' id='word_1_327' title='bbox 728 3584 892 3639; x_wconf 81' lang='lat' dir='ltr'><strong>Aliud</strong></span> <span class='ocrx_word' id='word_1_328' title='bbox 924 3586 1074 3641; x_wconf 86' lang='lat' dir='ltr'><strong>enim</strong></span> <span class='ocrx_word' id='word_1_329' title='bbox 1112 3601 1215 3643; x_wconf 91' lang='lat' dir='ltr'><strong>nos</strong></span> <span class='ocrx_word' id='word_1_330' title='bbox 1251 3586 1358 3657; x_wconf 89' lang='lat' dir='ltr'><strong>ipsi</strong></span> <span class='ocrx_word' id='word_1_331' title='bbox 1395 3602 1610 3653; x_wconf 90' lang='lat' dir='ltr'><strong>sumus,</strong></span> <span class='ocrx_word' id='word_1_332' title='bbox 1641 3587 1790 3642; x_wconf 89' lang='lat' dir='ltr'><strong>aliud</strong></span> <span class='ocrx_word' id='word_1_333' title='bbox 1818 3596 2032 3655; x_wconf 91' lang='lat' dir='ltr'><strong>nostra,</strong></span> <span class='ocrx_word' id='word_1_334' title='bbox 2067 3597 2121 3644; x_wconf 89' lang='lat' dir='ltr'><strong>et</strong></span> <span class='ocrx_word' id='word_1_335' title='bbox 2155 3587 2303 3643; x_wconf 87' lang='lat' dir='ltr'><strong>aliud</strong></span> 
     </span>
    </p>
   </div>
   <div class='ocr_carea' id='block_1_51' title="bbox 733 3675 2302 3746">
    <p class='ocr_par' dir='ltr' id='par_1_51' title="bbox 733 3675 2302 3746">
     <span class='ocr_line' id='line_1_51' title="bbox 733 3675 2302 3746; baseline 0.002 -16"><span class='ocrx_word' id='word_1_336' title='bbox 733 3691 860 3746; x_wconf 66' lang='lat' dir='ltr'><strong>quae</strong></span> <span class='ocrx_word' id='word_1_337' title='bbox 889 3675 1040 3732; x_wconf 90' lang='lat' dir='ltr'><strong>circa</strong></span> <span class='ocrx_word' id='word_1_338' title='bbox 1063 3690 1168 3733; x_wconf 90' lang='lat' dir='ltr'><strong>nos</strong></span> <span class='ocrx_word' id='word_1_339' title='bbox 1192 3684 1343 3733; x_wconf 87' lang='lat' dir='ltr'><strong>sunt.</strong></span> <span class='ocrx_word' id='word_1_340' title='bbox 1385 3675 1498 3732; x_wconf 84' lang='lat' dir='ltr'><strong>Nos</strong></span> <span class='ocrx_word' id='word_1_341' title='bbox 1532 3677 1679 3732; x_wconf 90' lang='lat' dir='ltr'><strong>enim</strong></span> <span class='ocrx_word' id='word_1_342' title='bbox 1710 3678 1892 3732; x_wconf 86' lang='lat' dir='ltr'><strong>anima</strong></span> <span class='ocrx_word' id='word_1_343' title='bbox 1918 3685 1975 3733; x_wconf 91' lang='lat' dir='ltr'><strong>et</strong></span> <span class='ocrx_word' id='word_1_344' title='bbox 2007 3694 2166 3735; x_wconf 90' lang='lat' dir='ltr'><strong>mens</strong></span> <span class='ocrx_word' id='word_1_345' title='bbox 2209 3695 2302 3734; x_wconf 89' lang='lat' dir='ltr'><strong>su-</strong></span> 
     </span>
    </p>
   </div>
   <div class='ocr_carea' id='block_1_52' title="bbox 737 3767 2303 3842">
    <p class='ocr_par' dir='ltr' id='par_1_52' title="bbox 737 3767 2303 3842">
     <span class='ocr_line' id='line_1_52' title="bbox 737 3767 2303 3842; baseline 0.002 -19"><span class='ocrx_word' id='word_1_346' title='bbox 737 3783 876 3833; x_wconf 86' lang='lat' dir='ltr'><strong>mus,</strong></span> <span class='ocrx_word' id='word_1_347' title='bbox 902 3767 1210 3825; x_wconf 86' lang='lat' dir='ltr'><strong>secundum</strong></span> <span class='ocrx_word' id='word_1_348' title='bbox 1241 3784 1406 3840; x_wconf 91' lang='lat' dir='ltr'><strong>quam</strong></span> <span class='ocrx_word' id='word_1_349' title='bbox 1437 3768 1504 3825; x_wconf 89' lang='lat' dir='ltr'><strong>ad</strong></span> <span class='ocrx_word' id='word_1_350' title='bbox 1542 3768 1837 3842; x_wconf 75' lang='lat' dir='ltr'><strong>imaginem</strong></span> <span class='ocrx_word' id='word_1_351' title='bbox 1860 3769 2144 3827; x_wconf 88' lang='lat' dir='ltr'><strong>Creatoris</strong></span> <span class='ocrx_word' id='word_1_352' title='bbox 2170 3786 2303 3826; x_wconf 87' lang='lat' dir='ltr'><strong>con-</strong></span> 
     </span>
    </p>
   </div>
   <div class='ocr_carea' id='block_1_53' title="bbox 727 3857 2301 3929">
    <p class='ocr_par' dir='ltr' id='par_1_53' title="bbox 727 3857 2301 3929">
     <span class='ocr_line' id='line_1_53' title="bbox 727 3857 2301 3929; baseline 0.002 -16"><span class='ocrx_word' id='word_1_353' title='bbox 727 3859 829 3914; x_wconf 87' lang='lat' dir='ltr'><strong>diti</strong></span> <span class='ocrx_word' id='word_1_354' title='bbox 862 3858 1089 3915; x_wconf 79' lang='lat' dir='ltr'><strong>fuimus.</strong></span> <span class='ocrx_word' id='word_1_355' title='bbox 1131 3857 1394 3914; x_wconf 86' lang='lat' dir='ltr'><strong>Nostrum</strong></span> <span class='ocrx_word' id='word_1_356' title='bbox 1431 3874 1568 3915; x_wconf 89' lang='lat' dir='ltr'><strong>vero</strong></span> <span class='ocrx_word' id='word_1_357' title='bbox 1607 3866 1690 3915; x_wconf 88' lang='lat' dir='ltr'><strong>est</strong></span> <span class='ocrx_word' id='word_1_358' title='bbox 1727 3874 1951 3929; x_wconf 90' lang='lat' dir='ltr'><strong>corpus,</strong></span> <span class='ocrx_word' id='word_1_359' title='bbox 1999 3874 2064 3915; x_wconf 90' lang='lat' dir='ltr'><strong>ac</strong></span> <span class='ocrx_word' id='word_1_360' title='bbox 2100 3875 2301 3916; x_wconf 90' lang='lat' dir='ltr'><strong>sensus</strong></span> 
     </span>
    </p>
   </div>
   <div class='ocr_carea' id='block_1_54' title="bbox 728 3947 2298 4021">
    <p class='ocr_par' dir='ltr' id='par_1_54' title="bbox 728 3947 2298 4021">
     <span class='ocr_line' id='line_1_54' title="bbox 728 3947 2298 4021; baseline 0.002 -18"><span class='ocrx_word' id='word_1_361' title='bbox 728 3950 822 4018; x_wconf 91' lang='lat' dir='ltr'><strong>qui</strong></span> <span class='ocrx_word' id='word_1_362' title='bbox 849 3965 1007 4005; x_wconf 86' lang='lat' dir='ltr'><strong>suum</strong></span> <span class='ocrx_word' id='word_1_363' title='bbox 1038 3964 1136 4019; x_wconf 91' lang='lat' dir='ltr'><strong>per</strong></span> <span class='ocrx_word' id='word_1_364' title='bbox 1155 3948 1292 4004; x_wconf 91' lang='lat' dir='ltr'><strong>illud</strong></span> <span class='ocrx_word' id='word_1_365' title='bbox 1318 3964 1522 4005; x_wconf 90' lang='lat' dir='ltr'><strong>munus</strong></span> <span class='ocrx_word' id='word_1_366' title='bbox 1545 3948 1771 4005; x_wconf 88' lang='lat' dir='ltr'><strong>obeunt.</strong></span> <span class='ocrx_word' id='word_1_367' title='bbox 1811 3947 1971 4005; x_wconf 89' lang='lat' dir='ltr'><strong>Circa</strong></span> <span class='ocrx_word' id='word_1_368' title='bbox 2004 3964 2107 4006; x_wconf 92' lang='lat' dir='ltr'><strong>nos</strong></span> <span class='ocrx_word' id='word_1_369' title='bbox 2141 3965 2298 4021; x_wconf 81' lang='lat' dir='ltr'><strong>apes,</strong></span> 
     </span>
    </p>
   </div>
   <div class='ocr_carea' id='block_1_55' title="bbox 728 4038 2302 4111">
    <p class='ocr_par' dir='ltr' id='par_1_55' title="bbox 728 4038 2302 4111">
     <span class='ocr_line' id='line_1_55' title="bbox 728 4038 2302 4111; baseline -0.001 -17"><span class='ocrx_word' id='word_1_370' title='bbox 728 4049 903 4107; x_wconf 88' lang='lat' dir='ltr'><strong>artes,</strong></span> <span class='ocrx_word' id='word_1_371' title='bbox 926 4050 980 4096; x_wconf 91' lang='lat' dir='ltr'><strong>et</strong></span> <span class='ocrx_word' id='word_1_372' title='bbox 1012 4039 1229 4111; x_wconf 89' lang='lat' dir='ltr'><strong>reliqua</strong></span> <span class='ocrx_word' id='word_1_373' title='bbox 1261 4040 1384 4094; x_wconf 73' lang='lat' dir='ltr'><strong>vita:</strong></span> <span class='ocrx_word' id='word_1_374' title='bbox 1413 4038 1689 4095; x_wconf 86' lang='lat' dir='ltr'><strong>subsidia.</strong></span> <span class='ocrx_word' id='word_1_375' title='bbox 1724 4039 1870 4107; x_wconf 86' lang='lat' dir='ltr'><strong>Quid</strong></span> <span class='ocrx_word' id='word_1_376' title='bbox 1898 4054 2032 4111; x_wconf 86' lang='lat' dir='ltr'><strong>ergo</strong></span> <span class='ocrx_word' id='word_1_377' title='bbox 2059 4040 2302 4095; x_wconf 89' lang='lat' dir='ltr'><strong>aitScri-</strong></span> 
     </span>
    </p>
   </div>
   <div class='ocr_carea' id='block_1_56' title="bbox 729 4122 2301 4203">
    <p class='ocr_par' dir='ltr' id='par_1_56' title="bbox 729 4122 2301 4203">
     <span class='ocr_line' id='line_1_56' title="bbox 729 4122 2301 4203; baseline -0.001 -14"><span class='ocrx_word' id='word_1_378' title='bbox 729 4134 931 4203; x_wconf 79' lang='lat' dir='ltr'><strong>ptura?</strong></span> <span class='ocrx_word' id='word_1_379' title='bbox 966 4132 1047 4189; x_wconf 87' lang='lat' dir='ltr'><strong>Ne</strong></span> <span class='ocrx_word' id='word_1_380' title='bbox 1091 4122 1350 4189; x_wconf 87' lang='lat' dir='ltr'><strong>attendas</strong></span> <span class='ocrx_word' id='word_1_381' title='bbox 1397 4131 1577 4197; x_wconf 90' lang='lat' dir='ltr'><strong>carni,</strong></span> <span class='ocrx_word' id='word_1_382' title='bbox 1629 4148 1734 4189; x_wconf 91' lang='lat' dir='ltr'><strong>nec</strong></span> <span class='ocrx_word' id='word_1_383' title='bbox 1775 4132 1983 4188; x_wconf 90' lang='lat' dir='ltr'><strong>bonum</strong></span> <span class='ocrx_word' id='word_1_384' title='bbox 2020 4132 2142 4202; x_wconf 87' lang='lat' dir='ltr'><strong>ejus</strong></span> <span class='ocrx_word' id='word_1_385' title='bbox 2189 4132 2301 4188; x_wconf 89' lang='lat' dir='ltr'><strong>ulla</strong></span> 
     </span>
    </p>
   </div>
   <div class='ocr_carea' id='block_1_57' title="bbox 728 4224 2301 4290">
    <p class='ocr_par' dir='ltr' id='par_1_57' title="bbox 728 4224 2301 4290">
     <span class='ocr_line' id='line_1_57' title="bbox 728 4224 2301 4290; baseline 0.001 -10"><span class='ocrx_word' id='word_1_386' title='bbox 728 4226 943 4281; x_wconf 86' lang='lat' dir='ltr'><strong>ratione</strong></span> <span class='ocrx_word' id='word_1_387' title='bbox 971 4233 1298 4282; x_wconf 89' lang='lat' dir='ltr'><strong>consectare</strong></span> <span class='ocrx_word' id='word_1_388' title='bbox 1325 4242 1339 4278; x_wconf 93' lang='lat'><strong>:</strong></span> <span class='ocrx_word' id='word_1_389' title='bbox 1371 4224 1479 4279; x_wconf 89' lang='lat' dir='ltr'><strong>hoc</strong></span> <span class='ocrx_word' id='word_1_390' title='bbox 1508 4231 1617 4290; x_wconf 89' lang='lat' dir='ltr'><strong>est,</strong></span> <span class='ocrx_word' id='word_1_391' title='bbox 1656 4240 1769 4279; x_wconf 88' lang='lat' dir='ltr'><strong>non</strong></span> <span class='ocrx_word' id='word_1_392' title='bbox 1802 4225 2002 4280; x_wconf 88' lang='lat' dir='ltr'><strong>bonam</strong></span> <span class='ocrx_word' id='word_1_393' title='bbox 2031 4226 2301 4282; x_wconf 88' lang='lat' dir='ltr'><strong>valetudi-</strong></span> 
     </span>
    </p>
   </div>
   <div class='ocr_carea' id='block_1_58' title="bbox 727 4315 2301 4387">
    <p class='ocr_par' dir='ltr' id='par_1_58' title="bbox 727 4315 2301 4387">
     <span class='ocr_line' id='line_1_58' title="bbox 727 4315 2301 4387; baseline 0.001 -15"><span class='ocrx_word' id='word_1_394' title='bbox 727 4331 878 4381; x_wconf 85' lang='lat' dir='ltr'><strong>nem,</strong></span> <span class='ocrx_word' id='word_1_395' title='bbox 922 4331 1033 4371; x_wconf 92' lang='lat' dir='ltr'><strong>non</strong></span> <span class='ocrx_word' id='word_1_396' title='bbox 1081 4315 1552 4387; x_wconf 88' lang='lat' dir='ltr'><strong>pulchritudinem</strong></span> <span class='ocrx_word' id='word_1_397' title='bbox 1576 4354 1591 4380; x_wconf 92' lang='lat'><strong>,</strong></span> <span class='ocrx_word' id='word_1_398' title='bbox 1618 4330 1729 4370; x_wconf 92' lang='lat' dir='ltr'><strong>non</strong></span> <span class='ocrx_word' id='word_1_399' title='bbox 1768 4316 2111 4386; x_wconf 89' lang='lat' dir='ltr'><strong>voluptatum</strong></span> <span class='ocrx_word' id='word_1_400' title='bbox 2152 4318 2301 4373; x_wconf 86' lang='lat' dir='ltr'><strong>oble-</strong></span> 
     </span>
    </p>
   </div>
   <div class='ocr_carea' id='block_1_59' title="bbox 726 4406 2297 4477">
    <p class='ocr_par' dir='ltr' id='par_1_59' title="bbox 726 4406 2297 4477">
     <span class='ocr_line' id='line_1_59' title="bbox 726 4406 2297 4477; baseline 0.003 -15"><span class='ocrx_word' id='word_1_401' title='bbox 726 4414 1026 4470; x_wconf 89' lang='lat' dir='ltr'><strong>ctamenta,</strong></span> <span class='ocrx_word' id='word_1_402' title='bbox 1056 4420 1167 4462; x_wconf 90' lang='lat' dir='ltr'><strong>non</strong></span> <span class='ocrx_word' id='word_1_403' title='bbox 1212 4406 1339 4462; x_wconf 67' lang='lat' dir='ltr'><strong>vitae</strong></span> <span class='ocrx_word' id='word_1_404' title='bbox 1380 4406 1809 4462; x_wconf 89' lang='lat' dir='ltr'><strong>diuturnitatem</strong></span> <span class='ocrx_word' id='word_1_405' title='bbox 1843 4428 1857 4464; x_wconf 90' lang='lat'><strong>:</strong></span> <span class='ocrx_word' id='word_1_406' title='bbox 1891 4425 2003 4464; x_wconf 90' lang='lat' dir='ltr'><strong>non</strong></span> <span class='ocrx_word' id='word_1_407' title='bbox 2052 4410 2297 4477; x_wconf 88' lang='lat' dir='ltr'><strong>divitias,</strong></span> 
     </span>
    </p>
   </div>
   <div class='ocr_carea' id='block_1_60' title="bbox 724 4500 2297 4574">
    <p class='ocr_par' dir='ltr' id='par_1_60' title="bbox 724 4500 2297 4574">
     <span class='ocr_line' id='line_1_60' title="bbox 724 4500 2297 4574; baseline 0.002 -20"><span class='ocrx_word' id='word_1_408' title='bbox 724 4500 957 4571; x_wconf 85' lang='lat' dir='ltr'><strong>gloriam</strong></span> <span class='ocrx_word' id='word_1_409' title='bbox 986 4508 1042 4556; x_wconf 91' lang='lat' dir='ltr'><strong>et</strong></span> <span class='ocrx_word' id='word_1_410' title='bbox 1070 4500 1369 4571; x_wconf 87' lang='lat' dir='ltr'><strong>potentiam</strong></span> <span class='ocrx_word' id='word_1_411' title='bbox 1407 4500 1703 4567; x_wconf 88' lang='lat' dir='ltr'><strong>admirare,</strong></span> <span class='ocrx_word' id='word_1_412' title='bbox 1734 4516 1837 4557; x_wconf 91' lang='lat' dir='ltr'><strong>nec</strong></span> <span class='ocrx_word' id='word_1_413' title='bbox 1856 4502 2125 4574; x_wconf 90' lang='lat' dir='ltr'><strong>quidquid</strong></span> <span class='ocrx_word' id='word_1_414' title='bbox 2148 4504 2297 4559; x_wconf 88' lang='lat' dir='ltr'><strong>aliud</strong></span> 
     </span>
    </p>
   </div>
   <div class='ocr_carea' id='block_1_61' title="bbox 2420 1995 3866 2087">
    <p class='ocr_par' dir='ltr' id='par_1_61' title="bbox 2420 1995 3866 2087">
     <span class='ocr_line' id='line_1_61' title="bbox 2420 1995 3866 2087; baseline -0.02 -14"><span class='ocrx_word' id='word_1_415' title='bbox 2420 1995 2604 2087; x_wconf 83' lang='grc' dir='ltr'>σαυτῷ</span> <span class='ocrx_word' id='word_1_416' title='bbox 2633 2015 2867 2087; x_wconf 82' lang='grc' dir='ltr'>πρόσεχε</span> <span class='ocrx_word' id='word_1_417' title='bbox 2892 2028 2906 2044; x_wconf 87' lang='grc'><strong>·</strong></span> <span class='ocrx_word' id='word_1_418' title='bbox 2941 2009 3220 2065; x_wconf 80' lang='grc' dir='ltr'>τουτέστιν</span> <span class='ocrx_word' id='word_1_419' title='bbox 3259 2004 3353 2058; x_wconf 66' lang='grc' dir='ltr'>ἐπὶ</span> <span class='ocrx_word' id='word_1_420' title='bbox 3385 2002 3484 2074; x_wconf 80' lang='grc' dir='ltr'><strong>τὴν</strong></span> <span class='ocrx_word' id='word_1_421' title='bbox 3517 2000 3699 2053; x_wconf 80' lang='grc' dir='ltr'>οἰκείαν</span> <span class='ocrx_word' id='word_1_422' title='bbox 3727 1995 3866 2063; x_wconf 52' lang='grc' dir='ltr'>ἔρευναν</span> 
     </span>
    </p>
   </div>
   <div class='ocr_carea' id='block_1_62' title="bbox 2418 2085 3864 2183">
    <p class='ocr_par' dir='ltr' id='par_1_62' title="bbox 2418 2085 3864 2183">
     <span class='ocr_line' id='line_1_62' title="bbox 2418 2085 3864 2183; baseline -0.03 -16"><span class='ocrx_word' id='word_1_423' title='bbox 2418 2085 2619 2183; x_wconf 74' lang='grc' dir='ltr'>στρέιρε</span> <span class='ocrx_word' id='word_1_424' title='bbox 2655 2085 2717 2162; x_wconf 75' lang='grc' dir='ltr'><strong>τὸ</strong></span> <span class='ocrx_word' id='word_1_425' title='bbox 2736 2107 2893 2179; x_wconf 84' lang='grc' dir='ltr'>δμμα</span> <span class='ocrx_word' id='word_1_426' title='bbox 2924 2120 3020 2157; x_wconf 91' lang='grc' dir='ltr'><strong>σου</strong></span> <span class='ocrx_word' id='word_1_427' title='bbox 3080 2100 3183 2171; x_wconf 83' lang='grc' dir='ltr'>τῆς</span> <span class='ocrx_word' id='word_1_428' title='bbox 3231 2097 3434 2169; x_wconf 69' lang='grc' dir='ltr'>ψυχῆς,</span> <span class='ocrx_word' id='word_1_429' title='bbox 3464 2092 3556 2147; x_wconf 69' lang='grc' dir='ltr'>καὶ</span> <span class='ocrx_word' id='word_1_430' title='bbox 3580 2090 3646 2162; x_wconf 71' lang='grc' dir='ltr'>μὴ</span> <span class='ocrx_word' id='word_1_431' title='bbox 3669 2088 3799 2154; x_wconf 57' lang='grc' dir='ltr'>παῦσε</span> <span class='ocrx_word' id='word_1_432' title='bbox 3821 2085 3864 2135; x_wconf 68' lang='grc' dir='ltr'><strong>δε.</strong></span> 
     </span>
    </p>
   </div>
   <div class='ocr_carea' id='block_1_63' title="bbox 2413 2197 3847 2279">
    <p class='ocr_par' dir='ltr' id='par_1_63' title="bbox 2413 2197 3847 2279">
     <span class='ocr_line' id='line_1_63' title="bbox 2413 2197 3847 2279; baseline -0.006 -21"><span class='ocrx_word' id='word_1_433' title='bbox 2413 2204 2782 2278; x_wconf 86' lang='grc' dir='ltr'>ερευνώμενος</span> <span class='ocrx_word' id='word_1_434' title='bbox 2815 2197 3062 2253; x_wconf 87' lang='grc' dir='ltr'>σεαυτόν.</span> <span class='ocrx_word' id='word_1_435' title='bbox 3630 2274 3644 2279; x_wconf 77' lang='lat'><em>_</em></span> <span class='ocrx_word' id='word_1_436' title='bbox 3666 2274 3674 2279; x_wconf 35' lang='lat'><strong><em>-</em></strong></span> <span class='ocrx_word' id='word_1_437' title='bbox 3842 2270 3847 2279; x_wconf 36' lang='grc' dir='ltr'><strong>Ι</strong></span> 
     </span>
    </p>
   </div>
   <div class='ocr_carea' id='block_1_64' title="bbox 2480 2274 3860 2367">
    <p class='ocr_par' dir='ltr' id='par_1_64' title="bbox 2480 2274 3860 2367">
     <span class='ocr_line' id='line_1_64' title="bbox 2480 2274 3860 2367; baseline -0.038 4"><span class='ocrx_word' id='word_1_438' title='bbox 2480 2292 2844 2367; x_wconf 79' lang='grc' dir='ltr'>Μεμνημένος</span> <span class='ocrx_word' id='word_1_439' title='bbox 2902 2289 3004 2359; x_wconf 75' lang='grc' dir='ltr'><strong>τῆς</strong></span> <span class='ocrx_word' id='word_1_440' title='bbox 3055 2286 3294 2357; x_wconf 75' lang='grc' dir='ltr'>φύσεως,</span> <span class='ocrx_word' id='word_1_441' title='bbox 3340 2282 3444 2334; x_wconf 82' lang='grc' dir='ltr'><strong>οὐκ</strong></span> <span class='ocrx_word' id='word_1_442' title='bbox 3488 2274 3745 2367; x_wconf 74' lang='grc' dir='ltr'>ἐπαρθήση</span> 
     </span>
    </p>
   </div>
   <div class='ocr_carea' id='block_1_65' title="bbox 2410 2363 3863 2460">
    <p class='ocr_par' dir='ltr' id='par_1_65' title="bbox 2410 2363 3863 2460">
     <span class='ocr_line' id='line_1_65' title="bbox 2410 2363 3863 2460; baseline -0.021 -16"><span class='ocrx_word' id='word_1_443' title='bbox 2410 2363 2680 2460; x_wconf 67' lang='grc' dir='ltr'>ιίεμνῆσῃ</span> <span class='ocrx_word' id='word_1_444' title='bbox 2704 2386 2760 2439; x_wconf 79' lang='grc' dir='ltr'>δὲ</span> <span class='ocrx_word' id='word_1_445' title='bbox 2794 2382 3010 2443; x_wconf 79' lang='grc' dir='ltr'>ἑαυτοῦ,</span> <span class='ocrx_word' id='word_1_446' title='bbox 3051 2379 3147 2433; x_wconf 72' lang='grc' dir='ltr'><strong>ἐὰν</strong></span> <span class='ocrx_word' id='word_1_447' title='bbox 3179 2375 3459 2449; x_wconf 79' lang='grc' dir='ltr'>προσέχῃς</span> <span class='ocrx_word' id='word_1_448' title='bbox 3491 2363 3863 2460; x_wconf 67' lang='grc' dir='ltr'>σεαυτῷ.Πρόσηζι</span> 
     </span>
    </p>
   </div>
   <div class='ocr_carea' id='block_1_66' title="bbox 2411 2454 3863 2549">
    <p class='ocr_par' dir='ltr' id='par_1_66' title="bbox 2411 2454 3863 2549">
     <span class='ocr_line' id='line_1_66' title="bbox 2411 2454 3863 2549; baseline -0.022 -12"><span class='ocrx_word' id='word_1_449' title='bbox 2411 2478 2503 2537; x_wconf 78' lang='grc' dir='ltr'><strong>οῦν</strong></span> <span class='ocrx_word' id='word_1_450' title='bbox 2531 2477 2743 2549; x_wconf 83' lang='grc' dir='ltr'>σεαυτῷ</span> <span class='ocrx_word' id='word_1_451' title='bbox 2762 2495 2774 2506; x_wconf 93' lang='grc'>·</span> <span class='ocrx_word' id='word_1_452' title='bbox 2812 2474 3059 2530; x_wconf 80' lang='grc' dir='ltr'>τουτέστι</span> <span class='ocrx_word' id='word_1_453' title='bbox 3080 2467 3423 2538; x_wconf 80' lang='grc' dir='ltr'>πανταχόθεν</span> <span class='ocrx_word' id='word_1_454' title='bbox 3470 2460 3677 2516; x_wconf 76' lang='grc' dir='ltr'>σεαυτὸν</span> <span class='ocrx_word' id='word_1_455' title='bbox 3700 2454 3863 2549; x_wconf 39' lang='grc' dir='ltr'>περιπὸῖ</span> 
     </span>
    </p>
   </div>
   <div class='ocr_carea' id='block_1_67' title="bbox 2410 2545 3863 2641">
    <p class='ocr_par' dir='ltr' id='par_1_67' title="bbox 2410 2545 3863 2641">
     <span class='ocr_line' id='line_1_67' title="bbox 2410 2545 3863 2641; baseline -0.021 -13"><span class='ocrx_word' id='word_1_456' title='bbox 2410 2593 2525 2629; x_wconf 87' lang='grc' dir='ltr'>πει.</span> <span class='ocrx_word' id='word_1_457' title='bbox 2570 2545 2899 2641; x_wconf 75' lang='grc' dir='ltr'>Ἀκοίμητον</span> <span class='ocrx_word' id='word_1_458' title='bbox 2954 2566 3043 2637; x_wconf 78' lang='grc' dir='ltr'>ἔχε</span> <span class='ocrx_word' id='word_1_459' title='bbox 3072 2562 3210 2635; x_wconf 78' lang='grc' dir='ltr'>πρὸς</span> <span class='ocrx_word' id='word_1_460' title='bbox 3237 2562 3334 2632; x_wconf 80' lang='grc' dir='ltr'>τὴν</span> <span class='ocrx_word' id='word_1_461' title='bbox 3372 2554 3597 2611; x_wconf 87' lang='grc' dir='ltr'>σεαυτοῦ</span> <span class='ocrx_word' id='word_1_462' title='bbox 3636 2545 3863 2621; x_wconf 66' lang='grc' dir='ltr'>φυλακὴντῦ</span> 
     </span>
    </p>
   </div>
   <div class='ocr_carea' id='block_1_68' title="bbox 2408 2642 3861 2739">
    <p class='ocr_par' dir='ltr' id='par_1_68' title="bbox 2408 2642 3861 2739">
     <span class='ocr_line' id='line_1_68' title="bbox 2408 2642 3861 2739; baseline -0.038 -17"><span class='ocrx_word' id='word_1_463' title='bbox 2408 2668 2509 2739; x_wconf 74' lang='grc' dir='ltr'><strong>τῆς</strong></span> <span class='ocrx_word' id='word_1_464' title='bbox 2548 2664 2732 2736; x_wconf 70' lang='grc' dir='ltr'>ψυχῆς</span> <span class='ocrx_word' id='word_1_465' title='bbox 2776 2662 2952 2733; x_wconf 74' lang='grc' dir='ltr'>ὄμμα.</span> <span class='ocrx_word' id='word_1_466' title='bbox 2996 2658 3086 2711; x_wconf 83' lang='grc' dir='ltr'>Ἐν</span> <span class='ocrx_word' id='word_1_467' title='bbox 3128 2655 3278 2726; x_wconf 80' lang='grc' dir='ltr'>μέσῳ</span> <span class='ocrx_word' id='word_1_468' title='bbox 3332 2650 3579 2719; x_wconf 65' lang='grc' dir='ltr'>παγξδων</span> <span class='ocrx_word' id='word_1_469' title='bbox 3627 2642 3861 2739; x_wconf 30' lang='lat' dir='ltr'><strong>angam-,5.</strong></span> 
     </span>
    </p>
   </div>
   <div class='ocr_carea' id='block_1_69' title="bbox 2409 2734 3862 2831">
    <p class='ocr_par' dir='ltr' id='par_1_69' title="bbox 2409 2734 3862 2831">
     <span class='ocr_line' id='line_1_69' title="bbox 2409 2734 3862 2831; baseline -0.025 -10"><span class='ocrx_word' id='word_1_470' title='bbox 2409 2734 2784 2831; x_wconf 60' lang='grc' dir='ltr'>κεκρυμμένοι</span> <span class='ocrx_word' id='word_1_471' title='bbox 2827 2754 3011 2827; x_wconf 79' lang='grc' dir='ltr'>βρόχοι</span> <span class='ocrx_word' id='word_1_472' title='bbox 3063 2750 3217 2822; x_wconf 78' lang='grc' dir='ltr'>παρὰ</span> <span class='ocrx_word' id='word_1_473' title='bbox 3274 2747 3372 2801; x_wconf 88' lang='grc' dir='ltr'><strong>τοῦ</strong></span> <span class='ocrx_word' id='word_1_474' title='bbox 3428 2741 3615 2815; x_wconf 76' lang='grc' dir='ltr'>ἐχθροῦ</span> <span class='ocrx_word' id='word_1_475' title='bbox 3641 2734 3862 2831; x_wconf 47' lang='lat' dir='ltr'><strong>congiis:</strong></span> 
     </span>
    </p>
   </div>
   <div class='ocr_carea' id='block_1_70' title="bbox 2408 2826 3863 2921">
    <p class='ocr_par' dir='ltr' id='par_1_70' title="bbox 2408 2826 3863 2921">
     <span class='ocr_line' id='line_1_70' title="bbox 2408 2826 3863 2921; baseline -0.021 -12"><span class='ocrx_word' id='word_1_476' title='bbox 2408 2826 2885 2921; x_wconf 58' lang='lat' dir='ltr'><strong>xardrrsirﬂyaatv.</strong></span> <span class='ocrx_word' id='word_1_477' title='bbox 2934 2846 3120 2901; x_wconf 81' lang='grc' dir='ltr'>Πάντα</span> <span class='ocrx_word' id='word_1_478' title='bbox 3162 2837 3256 2898; x_wconf 82' lang='grc' dir='ltr'><strong>οὗν</strong></span> <span class='ocrx_word' id='word_1_479' title='bbox 3309 2837 3645 2912; x_wconf 83' lang='grc' dir='ltr'>περισκόπει,</span> <span class='ocrx_word' id='word_1_480' title='bbox 3686 2833 3751 2883; x_wconf 79' lang='grc' dir='ltr'><strong>ἵνα</strong></span> 
     </span>
    </p>
   </div>
   <div class='ocr_carea' id='block_1_71' title="bbox 2408 2919 3863 3016">
    <p class='ocr_par' dir='ltr' id='par_1_71' title="bbox 2408 2919 3863 3016">
     <span class='ocr_line' id='line_1_71' title="bbox 2408 2919 3863 3016; baseline -0.02 -15"><span class='ocrx_word' id='word_1_481' title='bbox 2408 2946 2597 3015; x_wconf 82' lang='grc' dir='ltr'>ῶσπερ</span> <span class='ocrx_word' id='word_1_482' title='bbox 2622 2919 2819 3016; x_wconf 78' lang='grc' dir='ltr'>δορκὰς</span> <span class='ocrx_word' id='word_1_483' title='bbox 2847 2941 2912 2993; x_wconf 83' lang='grc' dir='ltr'>ὲκ</span> <span class='ocrx_word' id='word_1_484' title='bbox 2940 2937 3169 3010; x_wconf 82' lang='grc' dir='ltr'>βρόχων,</span> <span class='ocrx_word' id='word_1_485' title='bbox 3192 2935 3285 2989; x_wconf 68' lang='grc' dir='ltr'><strong>καὶ</strong></span> <span class='ocrx_word' id='word_1_486' title='bbox 3305 2933 3498 3001; x_wconf 84' lang='grc' dir='ltr'>ὥσπερ</span> <span class='ocrx_word' id='word_1_487' title='bbox 3527 2930 3688 2999; x_wconf 86' lang='grc' dir='ltr'>δρνεον</span> <span class='ocrx_word' id='word_1_488' title='bbox 3706 2923 3753 2976; x_wconf 78' lang='grc' dir='ltr'>ἐκ</span> 
     </span>
    </p>
   </div>
   <div class='ocr_carea' id='block_1_72' title="bbox 2406 3010 3861 3115">
    <p class='ocr_par' dir='ltr' id='par_1_72' title="bbox 2406 3010 3861 3115">
     <span class='ocr_line' id='line_1_72' title="bbox 2406 3010 3861 3115; baseline -0.017 -21"><span class='ocrx_word' id='word_1_489' title='bbox 2406 3040 2515 3103; x_wconf 86' lang='grc' dir='ltr'>δος.</span> <span class='ocrx_word' id='word_1_490' title='bbox 2558 3010 2698 3108; x_wconf 63' lang='grc' dir='ltr'><strong>⁵0ροὶ</strong></span> <span class='ocrx_word' id='word_1_491' title='bbox 2725 3033 2818 3089; x_wconf 86' lang='grc' dir='ltr'><strong>οῦν</strong></span> <span class='ocrx_word' id='word_1_492' title='bbox 2869 3032 2943 3103; x_wconf 75' lang='grc' dir='ltr'>μὴ</span> <span class='ocrx_word' id='word_1_493' title='bbox 2994 3030 3195 3102; x_wconf 84' lang='grc' dir='ltr'>χείρων</span> <span class='ocrx_word' id='word_1_494' title='bbox 3251 3027 3433 3096; x_wconf 80' lang='grc' dir='ltr'>φανῇς</span> <span class='ocrx_word' id='word_1_495' title='bbox 3468 3021 3571 3076; x_wconf 91' lang='grc' dir='ltr'><strong>τῶν</strong></span> <span class='ocrx_word' id='word_1_496' title='bbox 3605 3010 3861 3115; x_wconf 33' lang='grc' dir='ltr'>ἀλόγωνιπξς</span> 
     </span>
    </p>
   </div>
   <div class='ocr_carea' id='block_1_73' title="bbox 2405 3104 3931 3207">
    <p class='ocr_par' dir='ltr' id='par_1_73' title="bbox 2405 3104 3861 3199">
     <span class='ocr_line' id='line_1_73' title="bbox 2405 3104 3861 3199; baseline -0.019 -17"><span class='ocrx_word' id='word_1_497' title='bbox 2405 3129 2506 3199; x_wconf 82' lang='grc' dir='ltr'><strong>τὴν</strong></span> <span class='ocrx_word' id='word_1_498' title='bbox 2534 3124 2763 3181; x_wconf 81' lang='grc' dir='ltr'>σεαυτοῦ</span> <span class='ocrx_word' id='word_1_499' title='bbox 2792 3121 3063 3193; x_wconf 76' lang='grc' dir='ltr'>φυλακὴν,</span> <span class='ocrx_word' id='word_1_500' title='bbox 3125 3118 3334 3189; x_wconf 85' lang='grc' dir='ltr'>μήποτε</span> <span class='ocrx_word' id='word_1_501' title='bbox 3369 3116 3491 3177; x_wconf 80' lang='grc' dir='ltr'>ταῖς</span> <span class='ocrx_word' id='word_1_502' title='bbox 3542 3108 3729 3179; x_wconf 81' lang='grc' dir='ltr'>παγίσιν</span> <span class='ocrx_word' id='word_1_503' title='bbox 3754 3104 3861 3198; x_wconf 55' lang='grc' dir='ltr'>ἁλοὺςέ</span> 
     </span>
    </p>
   </div>
   <div class='ocr_carea' id='block_1_74' title="bbox 2409 3197 3861 3292">
    <p class='ocr_par' dir='ltr' id='par_1_74' title="bbox 2409 3197 3861 3292">
     <span class='ocr_line' id='line_1_74' title="bbox 2409 3197 3861 3292; baseline -0.033 -18"><span class='ocrx_word' id='word_1_504' title='bbox 2409 3197 2634 3292; x_wconf 64' lang='grc' dir='ltr'>θήραμα</span> <span class='ocrx_word' id='word_1_505' title='bbox 2660 3216 2793 3286; x_wconf 81' lang='grc' dir='ltr'>γένῃ</span> <span class='ocrx_word' id='word_1_506' title='bbox 2831 3213 2924 3267; x_wconf 83' lang='grc' dir='ltr'><strong>τοῦ</strong></span> <span class='ocrx_word' id='word_1_507' title='bbox 2953 3210 3223 3275; x_wconf 76' lang='grc' dir='ltr'>διαϐόλου,</span> <span class='ocrx_word' id='word_1_508' title='bbox 3258 3203 3636 3277; x_wconf 49' lang='lat' dir='ltr'><strong>amr,ng</strong></span> <span class='ocrx_word' id='word_1_509' title='bbox 3667 3197 3737 3292; x_wconf 39' lang='lat'><strong>5,?</strong></span> <span class='ocrx_word' id='word_1_510' title='bbox 3764 3197 3861 3247; x_wconf 51' lang='grc' dir='ltr'><strong>ωιτν,</strong></span> 
     </span>
    </p>
   </div>
   <div class='ocr_carea' id='block_1_75' title="bbox 2409 3289 3863 3387">
    <p class='ocr_par' dir='ltr' id='par_1_75' title="bbox 2409 3289 3863 3387">
     <span class='ocr_line' id='line_1_75' title="bbox 2409 3289 3863 3387; baseline -0.02 -22"><span class='ocrx_word' id='word_1_511' title='bbox 2409 3289 2578 3375; x_wconf 70' lang='grc' dir='ltr'>ειξτδ</span> <span class='ocrx_word' id='word_1_512' title='bbox 2616 3308 2824 3362; x_wconf 72' lang='grc' dir='ltr'>ἐκείνου</span> <span class='ocrx_word' id='word_1_513' title='bbox 2851 3304 3085 3375; x_wconf 78' lang='grc' dir='ltr'>θέλημα.</span> <span class='ocrx_word' id='word_1_514' title='bbox 3150 3302 3400 3374; x_wconf 84' lang='grc' dir='ltr'>Πρόσεχε</span> <span class='ocrx_word' id='word_1_515' title='bbox 3438 3294 3529 3352; x_wconf 85' lang='grc' dir='ltr'><strong>οῦν</strong></span> <span class='ocrx_word' id='word_1_516' title='bbox 3562 3289 3749 3387; x_wconf 49' lang='lat' dir='ltr'><strong>canore,</strong></span> <span class='ocrx_word' id='word_1_517' title='bbox 3771 3301 3863 3387; x_wconf 55' lang='lat' dir='ltr'><strong>scut:</strong></span> 
     </span>
    </p>
   </div>
   <div class='ocr_carea' id='block_1_76' title="bbox 2410 3384 3862 3482">
    <p class='ocr_par' dir='ltr' id='par_1_76' title="bbox 2410 3384 3862 3482">
     <span class='ocr_line' id='line_1_76' title="bbox 2410 3384 3862 3482; baseline -0.014 -25"><span class='ocrx_word' id='word_1_518' title='bbox 2410 3404 2526 3458; x_wconf 82' lang='grc' dir='ltr'>ἐστι</span> <span class='ocrx_word' id='word_1_519' title='bbox 2555 3402 2827 3473; x_wconf 81' lang='grc' dir='ltr'>μὴτε,τοῖς</span> <span class='ocrx_word' id='word_1_520' title='bbox 2860 3400 2996 3461; x_wconf 85' lang='grc' dir='ltr'>σοῖς,</span> <span class='ocrx_word' id='word_1_521' title='bbox 3030 3396 3169 3466; x_wconf 87' lang='grc' dir='ltr'>μήτε</span> <span class='ocrx_word' id='word_1_522' title='bbox 3203 3396 3317 3457; x_wconf 88' lang='grc' dir='ltr'>τοῖς</span> <span class='ocrx_word' id='word_1_523' title='bbox 3340 3393 3475 3463; x_wconf 75' lang='grc' dir='ltr'>περὶ</span> <span class='ocrx_word' id='word_1_524' title='bbox 3509 3392 3586 3450; x_wconf 82' lang='grc' dir='ltr'><strong>σὲ.</strong></span> <span class='ocrx_word' id='word_1_525' title='bbox 3607 3384 3717 3482; x_wconf 70' lang='grc' dir='ltr'>ἀλλὰ</span> 
     </span>
    </p>
   </div>
   <div class='ocr_carea' id='block_1_77' title="bbox 2409 3471 3862 3573">
    <p class='ocr_par' dir='ltr' id='par_1_77' title="bbox 2409 3471 3862 3573">
     <span class='ocr_line' id='line_1_77' title="bbox 2409 3471 3862 3573; baseline -0.014 -23"><span class='ocrx_word' id='word_1_526' title='bbox 2409 3471 2626 3566; x_wconf 28' lang='grc' dir='ltr'>μᾶλλον.</span> <span class='ocrx_word' id='word_1_527' title='bbox 2644 3493 2898 3565; x_wconf 83' lang='grc' dir='ltr'>πρόσεχε.</span> <span class='ocrx_word' id='word_1_528' title='bbox 2936 3489 3096 3543; x_wconf 77' lang='grc' dir='ltr'>’Άλλο</span> <span class='ocrx_word' id='word_1_529' title='bbox 3121 3488 3229 3558; x_wconf 84' lang='grc' dir='ltr'>γάρ</span> <span class='ocrx_word' id='word_1_530' title='bbox 3262 3488 3434 3556; x_wconf 74' lang='grc' dir='ltr'>ἐσμεν</span> <span class='ocrx_word' id='word_1_531' title='bbox 3463 3485 3614 3554; x_wconf 80' lang='grc' dir='ltr'>ἡμεῖς</span> <span class='ocrx_word' id='word_1_532' title='bbox 3644 3471 3862 3573; x_wconf 46' lang='grc' dir='ltr'>αὐτοί,</span> 
     </span>
    </p>
   </div>
   <div class='ocr_carea' id='block_1_78' title="bbox 2405 3567 3861 3660">
    <p class='ocr_par' dir='ltr' id='par_1_78' title="bbox 2405 3567 3861 3660">
     <span class='ocr_line' id='line_1_78' title="bbox 2405 3567 3861 3660; baseline -0.021 -17"><span class='ocrx_word' id='word_1_533' title='bbox 2405 3589 2473 3642; x_wconf 79' lang='grc' dir='ltr'>τὰ</span> <span class='ocrx_word' id='word_1_534' title='bbox 2517 3586 2783 3658; x_wconf 81' lang='grc' dir='ltr'>ἡμέτερα,</span> <span class='ocrx_word' id='word_1_535' title='bbox 2806 3585 2902 3637; x_wconf 73' lang='grc' dir='ltr'><strong>καὶ</strong></span> <span class='ocrx_word' id='word_1_536' title='bbox 2943 3581 3071 3637; x_wconf 75' lang='grc' dir='ltr'>ἄλλο</span> <span class='ocrx_word' id='word_1_537' title='bbox 3121 3579 3252 3650; x_wconf 72' lang='grc' dir='ltr'>περὶ</span> <span class='ocrx_word' id='word_1_538' title='bbox 3292 3580 3466 3649; x_wconf 78' lang='grc' dir='ltr'>ἡμᾶς.</span> <span class='ocrx_word' id='word_1_539' title='bbox 3516 3573 3684 3643; x_wconf 79' lang='grc' dir='ltr'>Ἡμεῖς</span> <span class='ocrx_word' id='word_1_540' title='bbox 3716 3567 3861 3660; x_wconf 38' lang='grc' dir='ltr'>μὲνςη</span> 
     </span>
    </p>
   </div>
   <div class='ocr_carea' id='block_1_79' title="bbox 2405 3660 3857 3750">
    <p class='ocr_par' dir='ltr' id='par_1_79' title="bbox 2405 3660 3857 3750">
     <span class='ocr_line' id='line_1_79' title="bbox 2405 3660 3857 3750; baseline -0.018 -16"><span class='ocrx_word' id='word_1_541' title='bbox 2405 3680 2573 3750; x_wconf 81' lang='grc' dir='ltr'>ἐσμεν</span> <span class='ocrx_word' id='word_1_542' title='bbox 2601 3680 2635 3748; x_wconf 83' lang='grc' dir='ltr'>ἠ</span> <span class='ocrx_word' id='word_1_543' title='bbox 2664 3676 2815 3748; x_wconf 78' lang='grc' dir='ltr'>ψυχὴ</span> <span class='ocrx_word' id='word_1_544' title='bbox 2859 3676 2954 3729; x_wconf 78' lang='grc' dir='ltr'><strong>καὶ</strong></span> <span class='ocrx_word' id='word_1_545' title='bbox 2996 3676 3024 3727; x_wconf 92' lang='grc' dir='ltr'>ὁ</span> <span class='ocrx_word' id='word_1_546' title='bbox 3069 3671 3216 3737; x_wconf 88' lang='grc' dir='ltr'>νοῦς,</span> <span class='ocrx_word' id='word_1_547' title='bbox 3250 3670 3379 3724; x_wconf 74' lang='grc' dir='ltr'>καθ’</span> <span class='ocrx_word' id='word_1_548' title='bbox 3403 3670 3462 3723; x_wconf 84' lang='grc' dir='ltr'>ὃν</span> <span class='ocrx_word' id='word_1_549' title='bbox 3510 3666 3619 3721; x_wconf 80' lang='grc' dir='ltr'>κατ’</span> <span class='ocrx_word' id='word_1_550' title='bbox 3655 3660 3857 3750; x_wconf 47' lang='grc' dir='ltr'>εἰκόνατιγ</span> 
     </span>
    </p>
   </div>
   <div class='ocr_carea' id='block_1_80' title="bbox 2404 3747 3859 3839">
    <p class='ocr_par' dir='ltr' id='par_1_80' title="bbox 2404 3747 3859 3839">
     <span class='ocr_line' id='line_1_80' title="bbox 2404 3747 3859 3839; baseline -0.013 -14"><span class='ocrx_word' id='word_1_551' title='bbox 2404 3747 2703 3833; x_wconf 80' lang='grc' dir='ltr'>Κτίσαντος</span> <span class='ocrx_word' id='word_1_552' title='bbox 2735 3765 3103 3839; x_wconf 86' lang='grc' dir='ltr'>γεγενήμεθα,</span> <span class='ocrx_word' id='word_1_553' title='bbox 3139 3763 3445 3835; x_wconf 77' lang='grc' dir='ltr'>Ἠμέτερον</span> <span class='ocrx_word' id='word_1_554' title='bbox 3483 3762 3537 3814; x_wconf 86' lang='grc' dir='ltr'>δὲ</span> <span class='ocrx_word' id='word_1_555' title='bbox 3560 3760 3615 3811; x_wconf 84' lang='grc' dir='ltr'><strong>τὸ</strong></span> <span class='ocrx_word' id='word_1_556' title='bbox 3646 3755 3779 3824; x_wconf 69' lang='grc' dir='ltr'>σῶμα,</span> <span class='ocrx_word' id='word_1_557' title='bbox 3805 3747 3859 3800; x_wconf 59' lang='grc' dir='ltr'><strong>καὶ</strong></span> 
     </span>
    </p>
   </div>
   <div class='ocr_carea' id='block_1_81' title="bbox 2404 3846 3857 3928">
    <p class='ocr_par' dir='ltr' id='par_1_81' title="bbox 2404 3846 3857 3928">
     <span class='ocr_line' id='line_1_81' title="bbox 2404 3846 3857 3928; baseline -0.012 -12"><span class='ocrx_word' id='word_1_558' title='bbox 2404 3865 2459 3917; x_wconf 81' lang='grc' dir='ltr'>αἱ</span> <span class='ocrx_word' id='word_1_559' title='bbox 2495 3861 2583 3916; x_wconf 79' lang='grc' dir='ltr'><strong>διὰ</strong></span> <span class='ocrx_word' id='word_1_560' title='bbox 2625 3859 2818 3913; x_wconf 84' lang='grc' dir='ltr'>τούτου</span> <span class='ocrx_word' id='word_1_561' title='bbox 2870 3858 3172 3928; x_wconf 74' lang='grc' dir='ltr'>αἰσθήσεις,</span> <span class='ocrx_word' id='word_1_562' title='bbox 3216 3856 3346 3927; x_wconf 83' lang='grc' dir='ltr'><strong>περὶ</strong></span> <span class='ocrx_word' id='word_1_563' title='bbox 3394 3854 3541 3925; x_wconf 74' lang='grc' dir='ltr'>ἡμᾶς</span> <span class='ocrx_word' id='word_1_564' title='bbox 3584 3850 3632 3903; x_wconf 80' lang='grc' dir='ltr'><strong>δὲ</strong></span> <span class='ocrx_word' id='word_1_565' title='bbox 3673 3846 3857 3917; x_wconf 68' lang='grc' dir='ltr'>χρήματα.</span> 
     </span>
    </p>
   </div>
   <div class='ocr_carea' id='block_1_82' title="bbox 2402 3935 3859 4025">
    <p class='ocr_par' dir='ltr' id='par_1_82' title="bbox 2402 3935 3859 4025">
     <span class='ocr_line' id='line_1_82' title="bbox 2402 3935 3859 4025; baseline -0.01 -16"><span class='ocrx_word' id='word_1_566' title='bbox 2402 3956 2607 4025; x_wconf 80' lang='grc' dir='ltr'>τέχναι,</span> <span class='ocrx_word' id='word_1_567' title='bbox 2631 3955 2726 4007; x_wconf 80' lang='grc' dir='ltr'><strong>καὶ</strong></span> <span class='ocrx_word' id='word_1_568' title='bbox 2752 3953 2785 4023; x_wconf 82' lang='grc' dir='ltr'><strong>ἡ</strong></span> <span class='ocrx_word' id='word_1_569' title='bbox 2814 3951 2977 4023; x_wconf 82' lang='grc' dir='ltr'>λοιπὴ</span> <span class='ocrx_word' id='word_1_570' title='bbox 3003 3949 3096 4004; x_wconf 88' lang='grc' dir='ltr'><strong>τοῦ</strong></span> <span class='ocrx_word' id='word_1_571' title='bbox 3130 3949 3244 4020; x_wconf 84' lang='grc' dir='ltr'>βίου</span> <span class='ocrx_word' id='word_1_572' title='bbox 3271 3943 3588 4013; x_wconf 84' lang='grc' dir='ltr'>κατασκευή</span> <span class='ocrx_word' id='word_1_573' title='bbox 3612 3959 3623 3971; x_wconf 93' lang='grc'><strong>·</strong></span> <span class='ocrx_word' id='word_1_574' title='bbox 3652 3938 3695 3991; x_wconf 74' lang='grc' dir='ltr'><strong>τε</strong></span> <span class='ocrx_word' id='word_1_575' title='bbox 3715 3935 3780 3990; x_wconf 71' lang='grc' dir='ltr'><strong>οὖν</strong></span> <span class='ocrx_word' id='word_1_576' title='bbox 3800 3948 3859 3999; x_wconf 62' lang='grc' dir='ltr'><strong>ςι-</strong></span> 
     </span>
    </p>
   </div>
   <div class='ocr_carea' id='block_1_83' title="bbox 2406 4025 3859 4117">
    <p class='ocr_par' dir='ltr' id='par_1_83' title="bbox 2406 4025 3859 4117">
     <span class='ocr_line' id='line_1_83' title="bbox 2406 4025 3859 4117; baseline -0.014 -13"><span class='ocrx_word' id='word_1_577' title='bbox 2406 4068 2491 4104; x_wconf 91' lang='grc' dir='ltr'><strong>σιν</strong></span> <span class='ocrx_word' id='word_1_578' title='bbox 2526 4050 2554 4102; x_wconf 87' lang='grc' dir='ltr'><strong>ό</strong></span> <span class='ocrx_word' id='word_1_579' title='bbox 2592 4049 2781 4117; x_wconf 84' lang='grc' dir='ltr'>λόγος;</span> <span class='ocrx_word' id='word_1_580' title='bbox 2812 4045 2905 4116; x_wconf 83' lang='grc' dir='ltr'><strong>Μὴ</strong></span> <span class='ocrx_word' id='word_1_581' title='bbox 2927 4048 2994 4117; x_wconf 84' lang='grc' dir='ltr'>τῇ</span> <span class='ocrx_word' id='word_1_582' title='bbox 3030 4044 3199 4115; x_wconf 80' lang='grc' dir='ltr'>σαρκὶ</span> <span class='ocrx_word' id='word_1_583' title='bbox 3225 4042 3488 4114; x_wconf 83' lang='grc' dir='ltr'>πρόσεχε,</span> <span class='ocrx_word' id='word_1_584' title='bbox 3520 4036 3641 4109; x_wconf 81' lang='grc' dir='ltr'>μηδὲ</span> <span class='ocrx_word' id='word_1_585' title='bbox 3673 4025 3859 4091; x_wconf 63' lang='grc' dir='ltr'>ὠταύτης</span> 
     </span>
    </p>
   </div>
   <div class='ocr_carea' id='block_1_84' title="bbox 2362 4120 3855 4210">
    <p class='ocr_par' dir='ltr' id='par_1_84' title="bbox 2362 4120 3855 4210">
     <span class='ocr_line' id='line_1_84' title="bbox 2362 4120 3855 4210; baseline -0.015 -13"><span class='ocrx_word' id='word_1_586' title='bbox 2362 4176 2367 4185; x_wconf 71' lang='grc'><strong><em>›</em></strong></span> <span class='ocrx_word' id='word_1_587' title='bbox 2403 4142 2607 4210; x_wconf 84' lang='grc' dir='ltr'>ἀγαθὸν</span> <span class='ocrx_word' id='word_1_588' title='bbox 2632 4142 2694 4194; x_wconf 84' lang='grc' dir='ltr'>ὲκ</span> <span class='ocrx_word' id='word_1_589' title='bbox 2722 4139 2924 4202; x_wconf 81' lang='grc' dir='ltr'>παντὸς</span> <span class='ocrx_word' id='word_1_590' title='bbox 2952 4138 3153 4207; x_wconf 87' lang='grc' dir='ltr'>τρόπου</span> <span class='ocrx_word' id='word_1_591' title='bbox 3179 4135 3362 4199; x_wconf 82' lang='grc' dir='ltr'>δίωκε,</span> <span class='ocrx_word' id='word_1_592' title='bbox 3393 4132 3594 4203; x_wconf 79' lang='grc' dir='ltr'>ὑγείαν,</span> <span class='ocrx_word' id='word_1_593' title='bbox 3616 4127 3692 4181; x_wconf 76' lang='grc' dir='ltr'>καὶ</span> <span class='ocrx_word' id='word_1_594' title='bbox 3721 4120 3855 4177; x_wconf 72' lang='grc' dir='ltr'>κάλλος.</span> 
     </span>
    </p>
   </div>
   <div class='ocr_carea' id='block_1_85' title="bbox 2401 4210 3856 4305">
    <p class='ocr_par' dir='ltr' id='par_1_85' title="bbox 2401 4210 3856 4305">
     <span class='ocr_line' id='line_1_85' title="bbox 2401 4210 3856 4305; baseline -0.01 -18"><span class='ocrx_word' id='word_1_595' title='bbox 2401 4233 2498 4289; x_wconf 71' lang='grc' dir='ltr'>καὶ</span> <span class='ocrx_word' id='word_1_596' title='bbox 2531 4232 2735 4305; x_wconf 75' lang='grc' dir='ltr'>ἡδονῶν</span> <span class='ocrx_word' id='word_1_597' title='bbox 2761 4228 3115 4295; x_wconf 84' lang='grc' dir='ltr'>ἀπολαύσεις,</span> <span class='ocrx_word' id='word_1_598' title='bbox 3139 4230 3233 4283; x_wconf 79' lang='grc' dir='ltr'><strong>καὶ</strong></span> <span class='ocrx_word' id='word_1_599' title='bbox 3265 4224 3646 4299; x_wconf 75' lang='grc' dir='ltr'>μακροϐίωσιν,</span> <span class='ocrx_word' id='word_1_600' title='bbox 3666 4210 3856 4290; x_wconf 71' lang='grc' dir='ltr'>μηδέχρῆ’</span> 
     </span>
    </p>
   </div>
   <div class='ocr_carea' id='block_1_86' title="bbox 2406 4305 3856 4398">
    <p class='ocr_par' dir='ltr' id='par_1_86' title="bbox 2406 4305 3856 4398">
     <span class='ocr_line' id='line_1_86' title="bbox 2406 4305 3856 4398; baseline -0.008 -18"><span class='ocrx_word' id='word_1_601' title='bbox 2406 4343 2575 4398; x_wconf 87' lang='grc' dir='ltr'>ματα,</span> <span class='ocrx_word' id='word_1_602' title='bbox 2608 4325 2704 4378; x_wconf 76' lang='grc' dir='ltr'><strong>καὶ</strong></span> <span class='ocrx_word' id='word_1_603' title='bbox 2725 4322 3022 4388; x_wconf 74' lang='grc' dir='ltr'>δόξαν,καὶ</span> <span class='ocrx_word' id='word_1_604' title='bbox 3046 4319 3366 4375; x_wconf 81' lang='grc' dir='ltr'>δυναστείαν</span> <span class='ocrx_word' id='word_1_605' title='bbox 3404 4315 3656 4385; x_wconf 75' lang='grc' dir='ltr'>θαύμαζε,</span> <span class='ocrx_word' id='word_1_606' title='bbox 3690 4308 3777 4380; x_wconf 74' lang='grc' dir='ltr'>μηδ’</span> <span class='ocrx_word' id='word_1_607' title='bbox 3798 4305 3856 4398; x_wconf 43' lang='grc' dir='ltr'><strong>δεῇ</strong></span> 
     </span>
    </p>
   </div>
   <div class='ocr_carea' id='block_1_87' title="bbox 2401 4395 3851 4497">
    <p class='ocr_par' dir='ltr' id='par_1_87' title="bbox 2401 4395 3851 4497">
     <span class='ocr_line' id='line_1_87' title="bbox 2401 4395 3851 4497; baseline -0.009 -26"><span class='ocrx_word' id='word_1_608' title='bbox 2401 4395 2485 4473; x_wconf 84' lang='grc' dir='ltr'><strong>σοι</strong></span> <span class='ocrx_word' id='word_1_609' title='bbox 2530 4418 2630 4486; x_wconf 81' lang='grc' dir='ltr'>τῆς</span> <span class='ocrx_word' id='word_1_610' title='bbox 2665 4414 3006 4487; x_wconf 76' lang='grc' dir='ltr'>προσκαίρου</span> <span class='ocrx_word' id='word_1_611' title='bbox 3060 4414 3204 4486; x_wconf 80' lang='grc' dir='ltr'>ζωῆς</span> <span class='ocrx_word' id='word_1_612' title='bbox 3260 4412 3357 4485; x_wconf 78' lang='grc' dir='ltr'>τὴν</span> <span class='ocrx_word' id='word_1_613' title='bbox 3412 4409 3689 4480; x_wconf 76' lang='grc' dir='ltr'>ὑπηρεσίαν</span> <span class='ocrx_word' id='word_1_614' title='bbox 3718 4395 3851 4497; x_wconf 46' lang='grc' dir='ltr'><strong>πλέρίξο</strong></span> 
     </span>
    </p>
   </div>
   <div class='ocr_carea' id='block_1_88' title="bbox 2412 4492 3853 4581">
    <p class='ocr_par' dir='ltr' id='par_1_88' title="bbox 2412 4492 3853 4581">
     <span class='ocr_line' id='line_1_88' title="bbox 2412 4492 3853 4581; baseline -0.027 1"><span class='ocrx_word' id='word_1_615' title='bbox 2412 4511 2573 4565; x_wconf 83' lang='grc' dir='ltr'><strong>Ἀλλά</strong></span> <span class='ocrx_word' id='word_1_616' title='bbox 2600 4510 2841 4581; x_wconf 71' lang='grc' dir='ltr'>πρόσεχε</span> <span class='ocrx_word' id='word_1_617' title='bbox 2872 4508 3106 4579; x_wconf 82' lang='grc' dir='ltr'>σεαυτῷ,</span> <span class='ocrx_word' id='word_1_618' title='bbox 3147 4506 3399 4561; x_wconf 81' lang='grc' dir='ltr'>τουτέστι</span> <span class='ocrx_word' id='word_1_619' title='bbox 3425 4508 3491 4576; x_wconf 78' lang='grc' dir='ltr'>τῇ</span> <span class='ocrx_word' id='word_1_620' title='bbox 3512 4503 3642 4573; x_wconf 70' lang='grc' dir='ltr'>ψυχῇ</span> <span class='ocrx_word' id='word_1_621' title='bbox 3665 4513 3750 4549; x_wconf 82' lang='grc' dir='ltr'>σου.</span> <span class='ocrx_word' id='word_1_622' title='bbox 3770 4492 3853 4543; x_wconf 64' lang='grc' dir='ltr'>Ταύ-</span> 
     </span>
    </p>
   </div>
   <div class='ocr_carea' id='block_1_89' title="bbox 726 4582 2304 4679">
    <p class='ocr_par' dir='ltr' id='par_1_89' title="bbox 726 4593 2292 4670">
     <span class='ocr_line' id='line_1_89' title="bbox 726 4593 2292 4670; baseline 0.004 -23"><span class='ocrx_word' id='word_1_623' title='bbox 726 4594 1073 4663; x_wconf 69' lang='lat' dir='ltr'><strong>temporarize</strong></span> <span class='ocrx_word' id='word_1_624' title='bbox 1101 4593 1229 4649; x_wconf 64' lang='lat' dir='ltr'><strong>vitae</strong></span> <span class='ocrx_word' id='word_1_625' title='bbox 1267 4593 1608 4650; x_wconf 86' lang='lat' dir='ltr'><strong>adminiculo</strong></span> <span class='ocrx_word' id='word_1_626' title='bbox 1642 4603 1750 4652; x_wconf 89' lang='lat' dir='ltr'><strong>est.</strong></span> <span class='ocrx_word' id='word_1_627' title='bbox 1787 4596 1993 4652; x_wconf 84' lang='lat' dir='ltr'><strong>Verum</strong></span> <span class='ocrx_word' id='word_1_628' title='bbox 2039 4597 2135 4653; x_wconf 87' lang='lat' dir='ltr'><strong>tibi</strong></span> <span class='ocrx_word' id='word_1_629' title='bbox 2182 4598 2292 4670; x_wconf 92' lang='lat' dir='ltr'><strong>ipsi</strong></span> 
     </span>
    </p>
   </div>
   <div class='ocr_carea' id='block_1_90' title="bbox 2405 4582 3850 4679">
    <p class='ocr_par' dir='ltr' id='par_1_90' title="bbox 2405 4582 3850 4679">
     <span class='ocr_line' id='line_1_90' title="bbox 2405 4582 3850 4679; baseline -0.015 -21"><span class='ocrx_word' id='word_1_630' title='bbox 2405 4619 2497 4673; x_wconf 78' lang='grc' dir='ltr'><strong>την</strong></span> <span class='ocrx_word' id='word_1_631' title='bbox 2539 4604 2984 4670; x_wconf 86' lang='grc' dir='ltr'>κατακόσμησον,</span> <span class='ocrx_word' id='word_1_632' title='bbox 3050 4599 3145 4652; x_wconf 72' lang='grc' dir='ltr'>καὶ</span> <span class='ocrx_word' id='word_1_633' title='bbox 3204 4596 3412 4667; x_wconf 82' lang='grc' dir='ltr'>ταύτης</span> <span class='ocrx_word' id='word_1_634' title='bbox 3476 4585 3729 4663; x_wconf 78' lang='grc' dir='ltr'>ἐπιμελοῦ⁸</span> 
     </span>
    </p>
   </div>
   <div class='ocr_carea' id='block_1_91' title="bbox 728 4673 2304 4763">
    <p class='ocr_par' dir='ltr' id='par_1_91' title="bbox 728 4682 2293 4760">
     <span class='ocr_line' id='line_1_91' title="bbox 728 4682 2293 4760; baseline 0.005 -23"><span class='ocrx_word' id='word_1_635' title='bbox 728 4682 966 4745; x_wconf 89' lang='lat' dir='ltr'><strong>attende.</strong></span> <span class='ocrx_word' id='word_1_636' title='bbox 1002 4684 1105 4739; x_wconf 88' lang='lat' dir='ltr'><strong>hoc</strong></span> <span class='ocrx_word' id='word_1_637' title='bbox 1144 4690 1233 4739; x_wconf 83' lang='lat' dir='ltr'><strong>est</strong></span> <span class='ocrx_word' id='word_1_638' title='bbox 1264 4684 1462 4739; x_wconf 68' lang='lat' dir='ltr'><strong>animae</strong></span> <span class='ocrx_word' id='word_1_639' title='bbox 1510 4691 1641 4742; x_wconf 84' lang='lat' dir='ltr'><strong>tuae.</strong></span> <span class='ocrx_word' id='word_1_640' title='bbox 1680 4684 1833 4742; x_wconf 82' lang='lat' dir='ltr'><strong>Hanc</strong></span> <span class='ocrx_word' id='word_1_641' title='bbox 1862 4702 2093 4754; x_wconf 82' lang='lat' dir='ltr'><strong>exorna,</strong></span> <span class='ocrx_word' id='word_1_642' title='bbox 2126 4689 2293 4760; x_wconf 82' lang='lat' dir='ltr'><strong>hujus</strong></span> 
     </span>
    </p>
   </div>
   <div class='ocr_carea' id='block_1_92' title="bbox 2405 4673 3849 4763">
    <p class='ocr_par' dir='ltr' id='par_1_92' title="bbox 2405 4673 3849 4763">
     <span class='ocr_line' id='line_1_92' title="bbox 2405 4673 3849 4763; baseline -0.015 -15"><span class='ocrx_word' id='word_1_643' title='bbox 2405 4695 2577 4747; x_wconf 85' lang='grc' dir='ltr'>πάντα</span> <span class='ocrx_word' id='word_1_644' title='bbox 2604 4693 2700 4763; x_wconf 81' lang='grc' dir='ltr'><strong>μὲν</strong></span> <span class='ocrx_word' id='word_1_645' title='bbox 2725 4692 2817 4745; x_wconf 76' lang='grc' dir='ltr'><strong>τὸν</strong></span> <span class='ocrx_word' id='word_1_646' title='bbox 2844 4694 2909 4746; x_wconf 81' lang='grc' dir='ltr'><strong>ἐκ</strong></span> <span class='ocrx_word' id='word_1_647' title='bbox 2938 4692 3198 4762; x_wconf 83' lang='grc' dir='ltr'>πονηρίας</span> <span class='ocrx_word' id='word_1_648' title='bbox 3226 4686 3592 4756; x_wconf 84' lang='grc' dir='ltr'>ὲπιγινόμενον</span> <span class='ocrx_word' id='word_1_649' title='bbox 3618 4680 3726 4747; x_wconf 75' lang='grc' dir='ltr'>αὐτῇ</span> <span class='ocrx_word' id='word_1_650' title='bbox 3749 4673 3849 4763; x_wconf 62' lang='grc' dir='ltr'><strong>ῥύπῇ</strong></span> 
     </span>
    </p>
   </div>
   <div class='ocr_carea' id='block_1_93' title="bbox 724 4758 2304 4855">
    <p class='ocr_par' dir='ltr' id='par_1_93' title="bbox 724 4775 2295 4848">
     <span class='ocr_line' id='line_1_93' title="bbox 724 4775 2295 4848; baseline 0.005 -19"><span class='ocrx_word' id='word_1_651' title='bbox 724 4789 916 4829; x_wconf 87' lang='lat' dir='ltr'><strong>curam</strong></span> <span class='ocrx_word' id='word_1_652' title='bbox 950 4790 1099 4846; x_wconf 90' lang='lat' dir='ltr'><strong>gere,</strong></span> <span class='ocrx_word' id='word_1_653' title='bbox 1151 4775 1290 4831; x_wconf 88' lang='lat' dir='ltr'><strong>adeo</strong></span> <span class='ocrx_word' id='word_1_654' title='bbox 1338 4784 1401 4831; x_wconf 90' lang='lat' dir='ltr'><strong>ut</strong></span> <span class='ocrx_word' id='word_1_655' title='bbox 1444 4776 1567 4846; x_wconf 92' lang='lat' dir='ltr'><strong>ejus</strong></span> <span class='ocrx_word' id='word_1_656' title='bbox 1612 4780 1937 4848; x_wconf 87' lang='lat' dir='ltr'><strong>spurcitiem</strong></span> <span class='ocrx_word' id='word_1_657' title='bbox 1969 4795 2189 4836; x_wconf 89' lang='lat' dir='ltr'><strong>omnem</strong></span> <span class='ocrx_word' id='word_1_658' title='bbox 2228 4798 2295 4837; x_wconf 86' lang='lat' dir='ltr'><strong>ex</strong></span> 
     </span>
    </p>
   </div>
   <div class='ocr_carea' id='block_1_94' title="bbox 2405 4758 3847 4855">
    <p class='ocr_par' dir='ltr' id='par_1_94' title="bbox 2405 4758 3847 4855">
     <span class='ocr_line' id='line_1_94' title="bbox 2405 4758 3847 4855; baseline -0.015 -16"><span class='ocrx_word' id='word_1_659' title='bbox 2405 4758 2880 4855; x_wconf 73' lang='grc' dir='ltr'>ἀποικονομεῖσθαι</span> <span class='ocrx_word' id='word_1_660' title='bbox 2932 4783 3021 4837; x_wconf 75' lang='grc' dir='ltr'>διὰ</span> <span class='ocrx_word' id='word_1_661' title='bbox 3062 4758 3169 4850; x_wconf 19' lang='grc' dir='ltr'>*τῆς</span> <span class='ocrx_word' id='word_1_662' title='bbox 3225 4779 3516 4852; x_wconf 76' lang='grc' dir='ltr'>προσοχῆς,</span> <span class='ocrx_word' id='word_1_663' title='bbox 3540 4776 3636 4828; x_wconf 81' lang='grc' dir='ltr'><strong>πᾶν</strong></span> <span class='ocrx_word' id='word_1_664' title='bbox 3663 4772 3706 4823; x_wconf 81' lang='grc' dir='ltr'>δὲ</span> <span class='ocrx_word' id='word_1_665' title='bbox 3732 4758 3847 4817; x_wconf 57' lang='lat' dir='ltr'><strong>tbi-‘3</strong></span> 
     </span>
    </p>
   </div>
   <div class='ocr_carea' id='block_1_95' title="bbox 725 4866 2295 4937">
    <p class='ocr_par' dir='ltr' id='par_1_95' title="bbox 725 4866 2295 4937">
     <span class='ocr_line' id='line_1_95' title="bbox 725 4866 2295 4937; baseline 0.007 -18"><span class='ocrx_word' id='word_1_666' title='bbox 725 4866 1075 4937; x_wconf 89' lang='lat' dir='ltr'><strong>improbitate</strong></span> <span class='ocrx_word' id='word_1_667' title='bbox 1095 4874 1436 4923; x_wconf 88' lang='lat' dir='ltr'><strong>contractam</strong></span> <span class='ocrx_word' id='word_1_668' title='bbox 1478 4870 1726 4925; x_wconf 89' lang='lat' dir='ltr'><strong>adhibita</strong></span> <span class='ocrx_word' id='word_1_669' title='bbox 1758 4874 2062 4929; x_wconf 90' lang='lat' dir='ltr'><strong>attentione</strong></span> <span class='ocrx_word' id='word_1_670' title='bbox 2102 4875 2295 4930; x_wconf 91' lang='lat' dir='ltr'><strong>discu-</strong></span> 
     </span>
    </p>
   </div>
   <div class='ocr_carea' id='block_1_96' title="bbox 726 4959 2294 5033">
    <p class='ocr_par' dir='ltr' id='par_1_96' title="bbox 726 4959 2294 5033">
     <span class='ocr_line' id='line_1_96' title="bbox 726 4959 2294 5033; baseline 0.008 -22"><span class='ocrx_word' id='word_1_671' title='bbox 726 4959 851 5023; x_wconf 88' lang='lat' dir='ltr'><strong>tias,</strong></span> <span class='ocrx_word' id='word_1_672' title='bbox 898 4974 1227 5029; x_wconf 90' lang='lat' dir='ltr'><strong>omnemque</strong></span> <span class='ocrx_word' id='word_1_673' title='bbox 1266 4960 1475 5014; x_wconf 89' lang='lat' dir='ltr'><strong>illatam</strong></span> <span class='ocrx_word' id='word_1_674' title='bbox 1530 4976 1558 5015; x_wconf 91' lang='lat' dir='ltr'><strong>a</strong></span> <span class='ocrx_word' id='word_1_675' title='bbox 1596 4963 1730 5018; x_wconf 92' lang='lat' dir='ltr'><strong>vitio</strong></span> <span class='ocrx_word' id='word_1_676' title='bbox 1758 4962 2061 5020; x_wconf 70' lang='lat' dir='ltr'><strong>fmditatem</strong></span> <span class='ocrx_word' id='word_1_677' title='bbox 2119 4968 2294 5033; x_wconf 87' lang='lat' dir='ltr'><strong>cluas,</strong></span> 
     </span>
    </p>
   </div>
   <div class='ocr_carea' id='block_1_97' title="bbox 721 5050 2292 5127">
    <p class='ocr_par' dir='ltr' id='par_1_97' title="bbox 721 5050 2292 5127">
     <span class='ocr_line' id='line_1_97' title="bbox 721 5050 2292 5127; baseline 0.007 -23"><span class='ocrx_word' id='word_1_678' title='bbox 721 5058 778 5105; x_wconf 90' lang='lat' dir='ltr'><strong>et</strong></span> <span class='ocrx_word' id='word_1_679' title='bbox 804 5050 955 5104; x_wconf 92' lang='lat' dir='ltr'><strong>omni</strong></span> <span class='ocrx_word' id='word_1_680' title='bbox 985 5065 1107 5122; x_wconf 68' lang='lat' dir='ltr'><strong>quae</strong></span> <span class='ocrx_word' id='word_1_681' title='bbox 1134 5066 1199 5105; x_wconf 69' lang='lat' dir='ltr'><strong>ex</strong></span> <span class='ocrx_word' id='word_1_682' title='bbox 1229 5052 1434 5107; x_wconf 90' lang='lat' dir='ltr'><strong>virtute</strong></span> <span class='ocrx_word' id='word_1_683' title='bbox 1460 5052 1844 5121; x_wconf 84' lang='lat' dir='ltr'><strong>proﬁciscatur</strong></span> <span class='ocrx_word' id='word_1_684' title='bbox 1876 5056 2148 5127; x_wconf 86' lang='lat' dir='ltr'><strong>elegantia</strong></span> <span class='ocrx_word' id='word_1_685' title='bbox 2171 5075 2292 5115; x_wconf 86' lang='lat' dir='ltr'><strong>eam</strong></span> 
     </span>
    </p>
   </div>
   <div class='ocr_carea' id='block_1_98' title="bbox 723 5141 2295 5219">
    <p class='ocr_par' dir='ltr' id='par_1_98' title="bbox 723 5141 2295 5219">
     <span class='ocr_line' id='line_1_98' title="bbox 723 5141 2295 5219; baseline 0.007 -25"><span class='ocrx_word' id='word_1_686' title='bbox 723 5155 913 5207; x_wconf 89' lang='lat' dir='ltr'><strong>ornes,</strong></span> <span class='ocrx_word' id='word_1_687' title='bbox 950 5155 1016 5196; x_wconf 90' lang='lat' dir='ltr'><strong>ac</strong></span> <span class='ocrx_word' id='word_1_688' title='bbox 1042 5141 1277 5196; x_wconf 87' lang='lat' dir='ltr'><strong>nitidam</strong></span> <span class='ocrx_word' id='word_1_689' title='bbox 1310 5142 1535 5198; x_wconf 87' lang='lat' dir='ltr'><strong>reddas.</strong></span> <span class='ocrx_word' id='word_1_690' title='bbox 1584 5144 1848 5214; x_wconf 81' lang='lat' dir='ltr'><strong>Expende</strong></span> <span class='ocrx_word' id='word_1_691' title='bbox 1882 5148 2137 5216; x_wconf 89' lang='lat' dir='ltr'><strong>quisnam</strong></span> <span class='ocrx_word' id='word_1_692' title='bbox 2178 5150 2295 5219; x_wconf 88' lang='lat' dir='ltr'><strong>ipse</strong></span> 
     </span>
    </p>
   </div>
   <div class='ocr_carea' id='block_1_99' title="bbox 722 5234 2294 5310">
    <p class='ocr_par' dir='ltr' id='par_1_99' title="bbox 722 5234 2294 5310">
     <span class='ocr_line' id='line_1_99' title="bbox 722 5234 2294 5310; baseline 0.006 -22"><span class='ocrx_word' id='word_1_693' title='bbox 722 5234 801 5288; x_wconf 92' lang='lat' dir='ltr'><strong>sis</strong></span> <span class='ocrx_word' id='word_1_694' title='bbox 834 5252 847 5287; x_wconf 91' lang='lat'>:</span> <span class='ocrx_word' id='word_1_695' title='bbox 888 5241 1154 5289; x_wconf 86' lang='lat' dir='ltr'><strong>tuammet</strong></span> <span class='ocrx_word' id='word_1_696' title='bbox 1190 5240 1442 5288; x_wconf 90' lang='lat' dir='ltr'><strong>naturam</strong></span> <span class='ocrx_word' id='word_1_697' title='bbox 1479 5248 1647 5291; x_wconf 90' lang='lat' dir='ltr'><strong>nosce</strong></span> <span class='ocrx_word' id='word_1_698' title='bbox 1681 5255 1694 5291; x_wconf 91' lang='lat'><strong>:</strong></span> <span class='ocrx_word' id='word_1_699' title='bbox 1725 5254 1923 5308; x_wconf 86' lang='lat' dir='ltr'><strong>nempe</strong></span> <span class='ocrx_word' id='word_1_700' title='bbox 1960 5240 2109 5310; x_wconf 90' lang='lat' dir='ltr'><strong>quod</strong></span> <span class='ocrx_word' id='word_1_701' title='bbox 2141 5256 2294 5297; x_wconf 90' lang='lat' dir='ltr'><strong>mor-</strong></span> 
     </span>
    </p>
   </div>
   <div class='ocr_carea' id='block_1_100' title="bbox 722 5326 2297 5405">
    <p class='ocr_par' dir='ltr' id='par_1_100' title="bbox 722 5326 2297 5405">
     <span class='ocr_line' id='line_1_100' title="bbox 722 5326 2297 5405; baseline 0.006 -25"><span class='ocrx_word' id='word_1_702' title='bbox 722 5327 831 5382; x_wconf 85' lang='lat' dir='ltr'><strong>tale</strong></span> <span class='ocrx_word' id='word_1_703' title='bbox 858 5326 954 5382; x_wconf 88' lang='lat' dir='ltr'><strong>tibi</strong></span> <span class='ocrx_word' id='word_1_704' title='bbox 986 5342 1190 5398; x_wconf 89' lang='lat' dir='ltr'><strong>corpus</strong></span> <span class='ocrx_word' id='word_1_705' title='bbox 1217 5327 1310 5391; x_wconf 87' lang='lat' dir='ltr'><strong>sit,</strong></span> <span class='ocrx_word' id='word_1_706' title='bbox 1344 5327 1565 5382; x_wconf 84' lang='lat' dir='ltr'><strong>animus</strong></span> <span class='ocrx_word' id='word_1_707' title='bbox 1604 5328 1931 5389; x_wconf 88' lang='lat' dir='ltr'><strong>immortalis</strong></span> <span class='ocrx_word' id='word_1_708' title='bbox 1963 5352 1978 5389; x_wconf 88' lang='lat'><strong>:</strong></span> <span class='ocrx_word' id='word_1_709' title='bbox 2013 5335 2160 5405; x_wconf 89' lang='lat' dir='ltr'><strong>quod</strong></span> <span class='ocrx_word' id='word_1_710' title='bbox 2192 5335 2297 5390; x_wconf 91' lang='lat' dir='ltr'><strong>du-</strong></span> 
     </span>
    </p>
   </div>
   <div class='ocr_carea' id='block_1_101' title="bbox 723 5419 2291 5492">
    <p class='ocr_par' dir='ltr' id='par_1_101' title="bbox 723 5419 2291 5492">
     <span class='ocr_line' id='line_1_101' title="bbox 723 5419 2291 5492; baseline 0.007 -21"><span class='ocrx_word' id='word_1_711' title='bbox 723 5419 845 5488; x_wconf 84' lang='lat' dir='ltr'><strong>plex</strong></span> <span class='ocrx_word' id='word_1_712' title='bbox 885 5419 1123 5487; x_wconf 84' lang='lat' dir='ltr'><strong>quodam</strong></span> <span class='ocrx_word' id='word_1_713' title='bbox 1166 5423 1328 5473; x_wconf 83' lang='lat' dir='ltr'><strong>modo</strong></span> <span class='ocrx_word' id='word_1_714' title='bbox 1377 5430 1575 5477; x_wconf 85' lang='lat' dir='ltr'><strong>natura</strong></span> <span class='ocrx_word' id='word_1_715' title='bbox 1608 5433 1800 5479; x_wconf 85' lang='lat' dir='ltr'><strong>nostra</strong></span> <span class='ocrx_word' id='word_1_716' title='bbox 1830 5426 1924 5492; x_wconf 90' lang='lat' dir='ltr'><strong>sit,</strong></span> <span class='ocrx_word' id='word_1_717' title='bbox 1957 5427 2129 5483; x_wconf 85' lang='lat' dir='ltr'><strong>altera</strong></span> <span class='ocrx_word' id='word_1_718' title='bbox 2163 5444 2291 5482; x_wconf 89' lang='lat' dir='ltr'><strong>cor-</strong></span> 
     </span>
    </p>
   </div>
   <div class='ocr_carea' id='block_1_102' title="bbox 723 5510 2295 5581">
    <p class='ocr_par' dir='ltr' id='par_1_102' title="bbox 723 5510 2295 5581">
     <span class='ocr_line' id='line_1_102' title="bbox 723 5510 2295 5581; baseline 0.009 -21"><span class='ocrx_word' id='word_1_719' title='bbox 723 5510 874 5577; x_wconf 88' lang='lat' dir='ltr'><strong>poris</strong></span> <span class='ocrx_word' id='word_1_720' title='bbox 920 5511 1164 5579; x_wconf 88' lang='lat' dir='ltr'><strong>propria,</strong></span> <span class='ocrx_word' id='word_1_721' title='bbox 1208 5512 1464 5567; x_wconf 87' lang='lat' dir='ltr'><strong>celeriter</strong></span> <span class='ocrx_word' id='word_1_722' title='bbox 1508 5514 1707 5581; x_wconf 81' lang='lat' dir='ltr'><strong>ﬂuens,</strong></span> <span class='ocrx_word' id='word_1_723' title='bbox 1754 5516 1927 5571; x_wconf 86' lang='lat' dir='ltr'><strong>altera</strong></span> <span class='ocrx_word' id='word_1_724' title='bbox 1971 5519 2169 5573; x_wconf 69' lang='lat' dir='ltr'><strong>animae</strong></span> <span class='ocrx_word' id='word_1_725' title='bbox 2199 5534 2295 5575; x_wconf 89' lang='lat' dir='ltr'><strong>co-</strong></span> 
     </span>
    </p>
   </div>
   <div class='ocr_carea' id='block_1_103' title="bbox 722 5602 2292 5683">
    <p class='ocr_par' dir='ltr' id='par_1_103' title="bbox 722 5602 2292 5683">
     <span class='ocr_line' id='line_1_103' title="bbox 722 5602 2292 5683; baseline 0.011 -32"><span class='ocrx_word' id='word_1_726' title='bbox 722 5605 913 5667; x_wconf 85' lang='lat' dir='ltr'><strong>gnata,</strong></span> <span class='ocrx_word' id='word_1_727' title='bbox 939 5602 1143 5657; x_wconf 88' lang='lat' dir='ltr'><strong>nullam</strong></span> <span class='ocrx_word' id='word_1_728' title='bbox 1174 5604 1739 5676; x_wconf 89' lang='lat' dir='ltr'><strong>circumscriptionem</strong></span> <span class='ocrx_word' id='word_1_729' title='bbox 1766 5610 2085 5666; x_wconf 85' lang='lat' dir='ltr'><strong>admittens.</strong></span> <span class='ocrx_word' id='word_1_730' title='bbox 2123 5611 2292 5683; x_wconf 86' lang='lat' dir='ltr'><strong>[gitur</strong></span> 
     </span>
    </p>
   </div>
   <div class='ocr_carea' id='block_1_104' title="bbox 722 5689 2293 5765">
    <p class='ocr_par' dir='ltr' id='par_1_104' title="bbox 722 5689 2293 5765">
     <span class='ocr_line' id='line_1_104' title="bbox 722 5689 2293 5765; baseline 0.009 -22"><span class='ocrx_word' id='word_1_731' title='bbox 722 5689 946 5744; x_wconf 87' lang='lat' dir='ltr'><strong>attende</strong></span> <span class='ocrx_word' id='word_1_732' title='bbox 994 5692 1092 5747; x_wconf 85' lang='lat' dir='ltr'><strong>tibi</strong></span> <span class='ocrx_word' id='word_1_733' title='bbox 1138 5695 1267 5765; x_wconf 88' lang='lat' dir='ltr'><strong>ipsi,</strong></span> <span class='ocrx_word' id='word_1_734' title='bbox 1316 5713 1417 5752; x_wconf 86' lang='lat' dir='ltr'><strong>nec</strong></span> <span class='ocrx_word' id='word_1_735' title='bbox 1460 5698 1515 5754; x_wconf 86' lang='lat' dir='ltr'><strong>in</strong></span> <span class='ocrx_word' id='word_1_736' title='bbox 1565 5702 1887 5756; x_wconf 85' lang='lat' dir='ltr'><strong>mortalibus</strong></span> <span class='ocrx_word' id='word_1_737' title='bbox 1933 5702 2094 5757; x_wconf 88' lang='lat' dir='ltr'><strong>rebus</strong></span> <span class='ocrx_word' id='word_1_738' title='bbox 2141 5705 2293 5760; x_wconf 91' lang='lat' dir='ltr'><strong>velut</strong></span> 
     </span>
    </p>
   </div>
   <div class='ocr_carea' id='block_1_105' title="bbox 725 5784 2291 5864">
    <p class='ocr_par' dir='ltr' id='par_1_105' title="bbox 725 5784 2291 5864">
     <span class='ocr_line' id='line_1_105' title="bbox 725 5784 2291 5864; baseline 0.01 -27"><span class='ocrx_word' id='word_1_739' title='bbox 725 5784 1075 5851; x_wconf 87' lang='lat' dir='ltr'><strong>sempiternis</strong></span> <span class='ocrx_word' id='word_1_740' title='bbox 1103 5787 1283 5857; x_wconf 61' lang='lat' dir='ltr'><strong>livere;</strong></span> <span class='ocrx_word' id='word_1_741' title='bbox 1315 5808 1413 5847; x_wconf 88' lang='lat' dir='ltr'><strong>nec</strong></span> <span class='ocrx_word' id='word_1_742' title='bbox 1438 5810 1635 5849; x_wconf 82' lang='lat' dir='ltr'><strong>rursus</strong></span> <span class='ocrx_word' id='word_1_743' title='bbox 1659 5795 1993 5864; x_wconf 87' lang='lat' dir='ltr'><strong>sempiterna</strong></span> <span class='ocrx_word' id='word_1_744' title='bbox 2030 5797 2109 5851; x_wconf 89' lang='lat' dir='ltr'><strong>uti</strong></span> <span class='ocrx_word' id='word_1_745' title='bbox 2141 5812 2291 5851; x_wconf 90' lang='lat' dir='ltr'><strong>mor-</strong></span> 
     </span>
    </p>
   </div>
   <div class='ocr_carea' id='block_1_106' title="bbox 717 5870 2286 5955">
    <p class='ocr_par' dir='ltr' id='par_1_106' title="bbox 717 5870 2286 5955">
     <span class='ocr_line' id='line_1_106' title="bbox 717 5870 2286 5955; baseline 0.012 -31"><span class='ocrx_word' id='word_1_746' title='bbox 717 5870 856 5951; x_wconf 83' lang='lat' dir='ltr'><strong>talia</strong></span> <span class='ocrx_word' id='word_1_747' title='bbox 891 5881 1198 5934; x_wconf 86' lang='lat' dir='ltr'><strong>eontemne.</strong></span> <span class='ocrx_word' id='word_1_748' title='bbox 1236 5879 1469 5938; x_wconf 85' lang='lat' dir='ltr'><strong>Carnem</strong></span> <span class='ocrx_word' id='word_1_749' title='bbox 1498 5898 1799 5955; x_wconf 81' lang='lat' dir='ltr'><strong>aspernare</strong></span> <span class='ocrx_word' id='word_1_750' title='bbox 1834 5902 1846 5938; x_wconf 90' lang='lat'><strong>:</strong></span> <span class='ocrx_word' id='word_1_751' title='bbox 1890 5883 2085 5941; x_wconf 85' lang='lat' dir='ltr'><strong>diﬂluit</strong></span> <span class='ocrx_word' id='word_1_752' title='bbox 2116 5887 2286 5943; x_wconf 87' lang='lat' dir='ltr'><strong>enim.</strong></span> 
     </span>
    </p>
   </div>
   <div class='ocr_carea' id='block_1_107' title="bbox 2400 4858 3847 4953">
    <p class='ocr_par' dir='ltr' id='par_1_107' title="bbox 2400 4858 3847 4953">
     <span class='ocr_line' id='line_1_107' title="bbox 2400 4858 3847 4953; baseline -0.006 -22"><span class='ocrx_word' id='word_1_753' title='bbox 2400 4878 2599 4941; x_wconf 84' lang='grc' dir='ltr'>κακίας</span> <span class='ocrx_word' id='word_1_754' title='bbox 2630 4873 2820 4946; x_wconf 84' lang='grc' dir='ltr'>αἷσχος</span> <span class='ocrx_word' id='word_1_755' title='bbox 2845 4873 3337 4945; x_wconf 86' lang='grc' dir='ltr'>ἀποκαθαίρεσθαι,</span> <span class='ocrx_word' id='word_1_756' title='bbox 3374 4870 3532 4924; x_wconf 81' lang='grc' dir='ltr'>παντὶ</span> <span class='ocrx_word' id='word_1_757' title='bbox 3552 4869 3602 4921; x_wconf 81' lang='grc' dir='ltr'>δὲ</span> <span class='ocrx_word' id='word_1_758' title='bbox 3628 4863 3691 4933; x_wconf 82' lang='grc' dir='ltr'>τῷ</span> <span class='ocrx_word' id='word_1_759' title='bbox 3714 4859 3755 4923; x_wconf 76' lang='grc' dir='ltr'>ἐξ</span> 
     </span>
    </p>
   </div>
   <div class='ocr_carea' id='block_1_108' title="bbox 2395 4947 3846 5053">
    <p class='ocr_par' dir='ltr' id='par_1_108' title="bbox 2395 4947 3846 5053">
     <span class='ocr_line' id='line_1_108' title="bbox 2395 4947 3846 5053; baseline -0.013 -29"><span class='ocrx_word' id='word_1_760' title='bbox 2395 4974 2494 5043; x_wconf 84' lang='grc' dir='ltr'>τῆς</span> <span class='ocrx_word' id='word_1_761' title='bbox 2520 4970 2705 5025; x_wconf 83' lang='grc' dir='ltr'>κάλλει</span> <span class='ocrx_word' id='word_1_762' title='bbox 2732 4970 3100 5039; x_wconf 86' lang='grc' dir='ltr'>κατακοσμεῖν</span> <span class='ocrx_word' id='word_1_763' title='bbox 3147 4966 3318 5036; x_wconf 81' lang='grc' dir='ltr'>αὐτὴν</span> <span class='ocrx_word' id='word_1_764' title='bbox 3347 4967 3441 5018; x_wconf 69' lang='grc' dir='ltr'>καὶ</span> <span class='ocrx_word' id='word_1_765' title='bbox 3472 4947 3846 5053; x_wconf 41' lang='grc' dir='ltr'>φαιδρύνειν..’ῑς·</span> 
     </span>
    </p>
   </div>
   <div class='ocr_carea' id='block_1_109' title="bbox 2398 5050 3842 5141">
    <p class='ocr_par' dir='ltr' id='par_1_109' title="bbox 2398 5050 3842 5141">
     <span class='ocr_line' id='line_1_109' title="bbox 2398 5050 3842 5141; baseline -0.015 -27"><span class='ocrx_word' id='word_1_766' title='bbox 2398 5062 2587 5116; x_wconf 83' lang='grc' dir='ltr'>ἐτασον</span> <span class='ocrx_word' id='word_1_767' title='bbox 2645 5060 2892 5125; x_wconf 83' lang='grc' dir='ltr'>σεαυτὸν,</span> <span class='ocrx_word' id='word_1_768' title='bbox 2944 5059 3029 5122; x_wconf 87' lang='grc' dir='ltr'><strong>τίς</strong></span> <span class='ocrx_word' id='word_1_769' title='bbox 3058 5054 3144 5110; x_wconf 77' lang='grc' dir='ltr'><strong>εἷο</strong></span> <span class='ocrx_word' id='word_1_770' title='bbox 3175 5058 3342 5125; x_wconf 84' lang='grc' dir='ltr'>γνῶθι</span> <span class='ocrx_word' id='word_1_771' title='bbox 3385 5051 3597 5109; x_wconf 83' lang='grc' dir='ltr'>σεαυτοῦ</span> <span class='ocrx_word' id='word_1_772' title='bbox 3639 5050 3842 5141; x_wconf 39' lang='lat' dir='ltr'><strong>civem&quot;.</strong></span> 
     </span>
    </p>
   </div>
   <div class='ocr_carea' id='block_1_110' title="bbox 2395 5137 3845 5231">
    <p class='ocr_par' dir='ltr' id='par_1_110' title="bbox 2395 5137 3845 5231">
     <span class='ocr_line' id='line_1_110' title="bbox 2395 5137 3845 5231; baseline -0.008 -23"><span class='ocrx_word' id='word_1_773' title='bbox 2395 5157 2477 5208; x_wconf 84' lang='grc' dir='ltr'><strong>ὅτι</strong></span> <span class='ocrx_word' id='word_1_774' title='bbox 2507 5153 2699 5223; x_wconf 84' lang='grc' dir='ltr'>θνητὸν</span> <span class='ocrx_word' id='word_1_775' title='bbox 2724 5152 2824 5221; x_wconf 83' lang='grc' dir='ltr'>μέν</span> <span class='ocrx_word' id='word_1_776' title='bbox 2848 5170 2939 5205; x_wconf 91' lang='grc' dir='ltr'><strong>σου</strong></span> <span class='ocrx_word' id='word_1_777' title='bbox 2966 5152 3026 5204; x_wconf 79' lang='grc' dir='ltr'>τὸ</span> <span class='ocrx_word' id='word_1_778' title='bbox 3043 5150 3223 5221; x_wconf 86' lang='grc' dir='ltr'>σῶμα,</span> <span class='ocrx_word' id='word_1_779' title='bbox 3244 5148 3507 5211; x_wconf 82' lang='grc' dir='ltr'>ἀθάνατος</span> <span class='ocrx_word' id='word_1_780' title='bbox 3530 5145 3582 5197; x_wconf 87' lang='grc' dir='ltr'>δὲ</span> <span class='ocrx_word' id='word_1_781' title='bbox 3606 5145 3634 5213; x_wconf 86' lang='grc' dir='ltr'><strong>ή</strong></span> <span class='ocrx_word' id='word_1_782' title='bbox 3655 5137 3779 5209; x_wconf 62' lang='grc' dir='ltr'>ψυχὴ,</span> 
     </span>
    </p>
   </div>
   <div class='ocr_carea' id='block_1_111' title="bbox 2395 5233 3844 5316">
    <p class='ocr_par' dir='ltr' id='par_1_111' title="bbox 2395 5233 3844 5316">
     <span class='ocr_line' id='line_1_111' title="bbox 2395 5233 3844 5316; baseline 0.015 -17"><span class='ocrx_word' id='word_1_783' title='bbox 2395 5249 2478 5299; x_wconf 83' lang='grc' dir='ltr'><strong>ὅτι</strong></span> <span class='ocrx_word' id='word_1_784' title='bbox 2507 5246 2666 5316; x_wconf 83' lang='grc' dir='ltr'>διπλῆ</span> <span class='ocrx_word' id='word_1_785' title='bbox 2704 5262 2788 5301; x_wconf 77' lang='grc' dir='ltr'>τις</span> <span class='ocrx_word' id='word_1_786' title='bbox 2850 5242 3065 5314; x_wconf 79' lang='grc' dir='ltr'>ἡμῶν</span> <span class='ocrx_word' id='word_1_787' title='bbox 3109 5242 3254 5312; x_wconf 72' lang='grc' dir='ltr'><strong>ξωῆ⁶</strong></span> <span class='ocrx_word' id='word_1_788' title='bbox 3282 5243 3315 5313; x_wconf 68' lang='grc' dir='ltr'>ἡ</span> <span class='ocrx_word' id='word_1_789' title='bbox 3346 5241 3443 5313; x_wconf 69' lang='grc' dir='ltr'><strong>μὲν</strong></span> <span class='ocrx_word' id='word_1_790' title='bbox 3489 5236 3647 5292; x_wconf 64' lang='grc' dir='ltr'>οἰκεία</span> <span class='ocrx_word' id='word_1_791' title='bbox 3666 5233 3718 5301; x_wconf 65' lang='grc' dir='ltr'><strong>τῇ</strong></span> <span class='ocrx_word' id='word_1_792' title='bbox 3744 5234 3844 5316; x_wconf 45' lang='grc' dir='ltr'><strong>φξῃ</strong></span> 
     </span>
    </p>
   </div>
   <div class='ocr_carea' id='block_1_112' title="bbox 2395 5310 3844 5411">
    <p class='ocr_par' dir='ltr' id='par_1_112' title="bbox 2395 5310 3844 5411">
     <span class='ocr_line' id='line_1_112' title="bbox 2395 5310 3844 5411; baseline -0.005 -25"><span class='ocrx_word' id='word_1_793' title='bbox 2395 5334 2528 5405; x_wconf 82' lang='grc' dir='ltr'>ταχὺ</span> <span class='ocrx_word' id='word_1_794' title='bbox 2562 5310 2969 5404; x_wconf 68' lang='grc' dir='ltr'>παρερχομένη,</span> <span class='ocrx_word' id='word_1_795' title='bbox 2998 5310 3120 5402; x_wconf 81' lang='grc' dir='ltr'><strong>ἠδὲ</strong></span> <span class='ocrx_word' id='word_1_796' title='bbox 3165 5310 3433 5399; x_wconf 76' lang='grc' dir='ltr'>συγγενὴς</span> <span class='ocrx_word' id='word_1_797' title='bbox 3475 5330 3536 5397; x_wconf 77' lang='grc' dir='ltr'>τῇ</span> <span class='ocrx_word' id='word_1_798' title='bbox 3566 5324 3704 5394; x_wconf 73' lang='grc' dir='ltr'>ψυχῇ.</span> 
     </span>
    </p>
   </div>
   <div class='ocr_carea' id='block_1_113' title="bbox 2394 5407 3843 5507">
    <p class='ocr_par' dir='ltr' id='par_1_113' title="bbox 2394 5407 3843 5507">
     <span class='ocr_line' id='line_1_113' title="bbox 2394 5407 3843 5507; baseline -0.023 -8"><span class='ocrx_word' id='word_1_799' title='bbox 2394 5426 2597 5498; x_wconf 76' lang='grc' dir='ltr'>χυμένη</span> <span class='ocrx_word' id='word_1_800' title='bbox 2626 5427 3004 5497; x_wconf 80' lang='grc' dir='ltr'>περιγραφήν.</span> <span class='ocrx_word' id='word_1_801' title='bbox 3041 5424 3284 5495; x_wconf 79' lang='grc' dir='ltr'>Πρόσεχε</span> <span class='ocrx_word' id='word_1_802' title='bbox 3314 5418 3408 5476; x_wconf 82' lang='grc' dir='ltr'><strong>οὖν</strong></span> <span class='ocrx_word' id='word_1_803' title='bbox 3429 5415 3640 5487; x_wconf 80' lang='grc' dir='ltr'>σεαυτῷ,</span> <span class='ocrx_word' id='word_1_804' title='bbox 3667 5407 3843 5507; x_wconf 50' lang='grc' dir='ltr'><strong>μηδέ</strong></span> 
     </span>
    </p>
   </div>
   <div class='ocr_carea' id='block_1_114' title="bbox 2395 5501 3843 5589">
    <p class='ocr_par' dir='ltr' id='par_1_114' title="bbox 2395 5501 3843 5589">
     <span class='ocr_line' id='line_1_114' title="bbox 2395 5501 3843 5589; baseline -0.003 -19"><span class='ocrx_word' id='word_1_805' title='bbox 2395 5517 2609 5589; x_wconf 88' lang='grc' dir='ltr'>θνητοῖς</span> <span class='ocrx_word' id='word_1_806' title='bbox 2631 5517 2707 5581; x_wconf 84' lang='grc' dir='ltr'>ὼς</span> <span class='ocrx_word' id='word_1_807' title='bbox 2729 5518 2920 5581; x_wconf 82' lang='grc' dir='ltr'>ἀϊδίοις</span> <span class='ocrx_word' id='word_1_808' title='bbox 2946 5517 3310 5587; x_wconf 78' lang='grc' dir='ltr'>ἑναπομένῃς,</span> <span class='ocrx_word' id='word_1_809' title='bbox 3362 5515 3495 5585; x_wconf 85' lang='grc' dir='ltr'>μήτε</span> <span class='ocrx_word' id='word_1_810' title='bbox 3522 5510 3619 5563; x_wconf 82' lang='grc' dir='ltr'><strong>τῶν</strong></span> <span class='ocrx_word' id='word_1_811' title='bbox 3646 5501 3843 5589; x_wconf 49' lang='grc' dir='ltr'><strong>ἀῖδῖωνξδῖ</strong></span> 
     </span>
    </p>
   </div>
   <div class='ocr_carea' id='block_1_115' title="bbox 2394 5584 3839 5691">
    <p class='ocr_par' dir='ltr' id='par_1_115' title="bbox 2394 5584 3839 5691">
     <span class='ocr_line' id='line_1_115' title="bbox 2394 5584 3839 5691; baseline 0.024 -32"><span class='ocrx_word' id='word_1_812' title='bbox 2394 5584 2824 5682; x_wconf 79' lang='grc' dir='ltr'>παρερχομένων</span> <span class='ocrx_word' id='word_1_813' title='bbox 2876 5584 3315 5681; x_wconf 60' lang='grc' dir='ltr'>καταφρονήσῇς-</span> <span class='ocrx_word' id='word_1_814' title='bbox 3381 5603 3635 5675; x_wconf 60' lang='grc' dir='ltr'><strong>Ὑπερόρα</strong></span> <span class='ocrx_word' id='word_1_815' title='bbox 3678 5584 3839 5691; x_wconf 56' lang='grc'><strong>6³9</strong></span> 
     </span>
    </p>
   </div>
   <div class='ocr_carea' id='block_1_116' title="bbox 2393 5676 3840 5781">
    <p class='ocr_par' dir='ltr' id='par_1_116' title="bbox 2393 5676 3840 5781">
     <span class='ocr_line' id='line_1_116' title="bbox 2393 5676 3840 5781; baseline -0.015 -20"><span class='ocrx_word' id='word_1_816' title='bbox 2393 5676 2729 5775; x_wconf 73' lang='grc' dir='ltr'>παρέρχεται</span> <span class='ocrx_word' id='word_1_817' title='bbox 2753 5703 2880 5773; x_wconf 86' lang='grc' dir='ltr'>γάρ.</span> <span class='ocrx_word' id='word_1_818' title='bbox 2921 5676 3211 5771; x_wconf 81' lang='grc' dir='ltr'>Ἐπιμελοῦ</span> <span class='ocrx_word' id='word_1_819' title='bbox 3238 5676 3441 5771; x_wconf 41' lang='grc' dir='ltr'>-ίζιυχῆς,</span> <span class='ocrx_word' id='word_1_820' title='bbox 3469 5676 3840 5781; x_wconf 44' lang='lat' dir='ltr'><strong>minutos-di?</strong></span> 
     </span>
    </p>
   </div>
   <div class='ocr_carea' id='block_1_117' title="bbox 2393 5774 3836 5864">
    <p class='ocr_par' dir='ltr' id='par_1_117' title="bbox 2393 5774 3836 5864">
     <span class='ocr_line' id='line_1_117' title="bbox 2393 5774 3836 5864; baseline -0.003 -15"><span class='ocrx_word' id='word_1_821' title='bbox 2393 5774 2573 5849; x_wconf 76' lang='grc' dir='ltr'>νὰτου.</span> <span class='ocrx_word' id='word_1_822' title='bbox 2611 5793 2894 5864; x_wconf 82' lang='grc' dir='ltr'>Ἐπίστηθι</span> <span class='ocrx_word' id='word_1_823' title='bbox 2924 5794 3061 5863; x_wconf 78' lang='grc' dir='ltr'>μετὰ</span> <span class='ocrx_word' id='word_1_824' title='bbox 3089 5794 3269 5863; x_wconf 74' lang='grc' dir='ltr'>πάσης</span> <span class='ocrx_word' id='word_1_825' title='bbox 3294 5790 3563 5862; x_wconf 71' lang='grc' dir='ltr'>ἀκριϐείας</span> <span class='ocrx_word' id='word_1_826' title='bbox 3589 5774 3765 5845; x_wconf 69' lang='grc' dir='ltr'><strong>σεαυτῷν</strong></span> <span class='ocrx_word' id='word_1_827' title='bbox 3786 5774 3836 5820; x_wconf 54' lang='grc' dir='ltr'><strong>ἶνα</strong></span> 
     </span>
    </p>
   </div>
   <div class='ocr_carea' id='block_1_118' title="bbox 2394 5865 3837 5960">
    <p class='ocr_par' dir='ltr' id='par_1_118' title="bbox 2394 5865 3837 5960">
     <span class='ocr_line' id='line_1_118' title="bbox 2394 5865 3837 5960; baseline -0.027 -5"><span class='ocrx_word' id='word_1_828' title='bbox 2394 5887 2535 5960; x_wconf 70' lang='grc' dir='ltr'>εἰδῇς</span> <span class='ocrx_word' id='word_1_829' title='bbox 2556 5885 2800 5958; x_wconf 75' lang='grc' dir='ltr'>ἐκατέρῳ</span> <span class='ocrx_word' id='word_1_830' title='bbox 2815 5885 3088 5957; x_wconf 82' lang='grc' dir='ltr'>διανέμειν</span> <span class='ocrx_word' id='word_1_831' title='bbox 3109 5885 3169 5939; x_wconf 82' lang='grc' dir='ltr'><strong>τὸ</strong></span> <span class='ocrx_word' id='word_1_832' title='bbox 3192 5886 3503 5959; x_wconf 71' lang='grc' dir='ltr'>πρόσφορον·</span> <span class='ocrx_word' id='word_1_833' title='bbox 3530 5878 3660 5951; x_wconf 64' lang='grc' dir='ltr'>σαρκῖ</span> <span class='ocrx_word' id='word_1_834' title='bbox 3677 5870 3747 5943; x_wconf 74' lang='grc' dir='ltr'><strong>μὲν</strong></span> <span class='ocrx_word' id='word_1_835' title='bbox 3763 5865 3837 5916; x_wconf 69' lang='lat'><strong>613°</strong></span> 
     </span>
    </p>
   </div>
  </div>
