4024 6416
190 394 320 464 1301

1459 397 1697 457 SACRA
1734 395 2203 457 PARALLELA.

3300 376 3439 443 f3C2

188 510 394 583 τροφὰς
418 508 515 562 καὶ
548 506 932 579 σκεπάσματα,
958 508 1103 580 ψυχῇ
1143 509 1201 564 δὲ
1248 510 1425 581 δόγμα
1451 510 1758 575 εὐσεϐείας,

1882 509 2121 564 inimum
2152 522 2310 575 cura,
2358 508 2451 580 qui
2493 499 2825 561 immortalis
2856 506 2963 555 est.
2998 496 3226 552 Summo
3254 488 3439 547 studio

189 601 412 673 ἀγωγὴν
441 598 685 666 ἀστείαν,
715 600 918 671 ἀρετῆς
935 599 1191 671 ἄσκησιν,
1227 600 1416 655 παθῶν
1448 600 1762 670 ἐπανόρθω-

192 709 305 748 σιν’
337 692 414 765 μὴ
445 691 825 764 ὁπερπιαίνειν
845 691 907 745 τὸ
926 692 1105 763 σῶμα,
1140 691 1276 763 μηδὲ
1298 692 1430 763 περὶ
1460 691 1553 746 τὸν
1606 691 1762 763 όχλον

191 786 301 839 τῶν
331 783 550 857 σαρκῶν
570 784 982 839 ἐσπουδακέναι.
1037 786 1255 858 Ἐπειδὴ
1293 787 1404 857 γὰρ
1445 786 1703 859 ἐπιθυμεῖ
1729 789 1764 860 ή

195 876 333 949 σὰρξ
357 876 503 932 κατὰ
549 874 645 930 τοῦ
685 877 1018 949 πνεύματος,
1054 879 1114 933 τὸ
1143 879 1201 932 δὲ
1246 879 1463 952 πνεῦμα
1487 882 1630 936 κατὰ
1663 881 1767 952 τῆς

194 971 415 1042 σαρκὸς,
437 968 611 1024 ταῦτα
635 970 694 1025 δέ
719 970 970 1042 ἀλλήλοις
1027 972 1376 1038 ἀντίκεινται,
1408 975 1511 1047 ὅρα
1551 976 1763 1046 μήποτε

194 1061 531 1134 προθέμενος
552 1064 618 1133 τῇ
670 1062 855 1131 σαρκὶ,
909 1062 1109 1135 πολλὴν
1155 1064 1449 1137 παράσχῃς
1468 1066 1566 1137 τὴν
1600 1067 1762 1121 δυναν

198 1151 380 1205 στείαν
409 1150 489 1223 τῷ
516 1152 742 1223 χείρονι.
773 1153 984 1226 Ὥσπερ
1025 1153 1135 1224 γάρ
1164 1156 1222 1209 ἐν
1265 1160 1386 1221 ταῖς
1430 1160 1628 1225 ῥοπαῖς
1651 1159 1764 1212 τῶν

197 1241 396 1311 ζυγῶν,
418 1244 515 1298 ἐὰν
542 1243 672 1313 μίαν
699 1243 1083 1318 καταϐαρύνῃς
1124 1246 1465 1317 πλάστιγγα,
1505 1250 1765 1319 κουφοτέ-

200 1351 298 1404 ραν
328 1334 544 1400 πάντως
577 1335 676 1407 τὴν
736 1336 1122 1409 ἀντικειμένην
1168 1338 1435 1411 ποιήσεις,
1469 1341 1643 1405 οὕτως
1670 1344 1767 1398 καὶ

197 1427 289 1479 ἐπὶ
311 1425 563 1498 σώματος
621 1428 718 1484 καὶ
768 1430 968 1501 ψυχῆς,
1012 1432 1042 1484 6
1082 1431 1176 1485 τοῦ
1205 1433 1391 1501 ἐτέρου
1422 1434 1764 1505 πλεονασμὸς

198 1517 502 1588 ἀναγκαίαν
523 1523 759 1575 ποιεῖται
781 1520 880 1592 τὴν
917 1522 1219 1579 ἐλάττωσιν
1257 1524 1352 1578 τοῦ
1377 1525 1588 1597 ἐτέρου.

1862 552 2121 564 .............
2154 552 2310 575 -..._,
2400 552 2451 563 η,
2493 552 2821 561 ._”_-_____-
2865 552 2911 555 -_
2952 552 2960 553 ,

1859 616 2100 673 agnosce
2130 552 2425 672 tteipsurn‘;
2469 606 2530 653 ut
2562 596 2787 667 utrique
2814 591 2959 664 parti
2984 586 3133 659 quod
3158 552 3451 653 congruit,‘
3502 622 3507 633 .

1858 696 2109 750 tribuere
2132 694 2280 749 scias
2318 711 2332 747 :
2368 703 2499 763 puta
2529 687 2751 759 corpori
2780 686 2985 741 victum
3010 687 3063 735 et
3092 676 3441 733 indumenta,

1861 788 2061 843 animae
2099 796 2282 842 autem
2324 785 2418 856 pia
2468 782 2751 853 dogmata,
2788 775 3014 847 probam
3047 777 3101 825 et
3150 767 3442 856 honestam

1866 880 2290 943 institutionem,
2323 855 2550 933 virtutis
2584 872 2850 936 studium,
2875 863 3280 924 correctionem
3314 855 3446 911 aﬂ‘e-

1863 983 2077 1031 ctuum.
2137 970 2219 1028 Ne
2260 970 2421 1043 Ml
2471 982 2675 1039 corpus
2724 964 2873 1020 ultra
2929 957 3155 1015 modum
3212 951 3443 1006 obesum

1864 1066 2091 1131 reddas,
2124 1079 2227 1119 nec
2263 1041 2528 1118 carnibus
2569 1056 2837 1130 augendis
2870 1051 3116 1109 studeas.
3148 1044 3282 1099 Nam
3313 1041 3441 1112 quia

1867 1171 2073 1227 corpus
2107 1152 2460 1224 concupiscit
2492 1150 2762 1207 adversus
2806 1143 3085 1215 spiritum,
3118 1144 3172 1191 et
3213 1132 3443 1204 spiritus

1840 1224 2131 1326 adversus
2165 1259 2390 1301 carnem
2414 1283 2429 1309 ,
2459 1247 2652 1312 utpote
2683 1252 2808 1309 qua:
2842 1232 2949 1290 sibi
2984 1229 3218 1286 invicem
3246 1224 3445 1286 adver-

1868 1350 2084 1408 santur,
2112 1338 2423 1395 cavendum
2476 1334 2576 1390 tibi
2613 1340 2721 1399 est,
2758 1344 2849 1393 ne,
2883 1323 3039 1381 carni
3066 1317 3320 1383 favendo,
3360 1316 3446 1368 in-

1871 1446 2085 1506 gentem
2120 1432 2385 1487 deteriori
2421 1428 2565 1499 parti
2618 1424 2790 1480 robur
2820 1419 3037 1474 all'eras.
3077 1409 3446 1480 Quemadmo-

1871 1527 2000 1582 dum
2023 1526 2168 1581 enim
2222 1525 2282 1578 in
2322 1521 2555 1576 trutinae
2597 1513 2917 1579 momentis,
2954 1509 3002 1565 si
3035 1509 3248 1561 lancem
3280 1512 3447 1555 unam

197 1607 553 1677 depresseris,
586 1626 695 1667 non
721 1621 804 1668 est
832 1614 1060 1669 dubium
1116 1616 1250 1687 quin
1290 1617 1504 1673 lancem
1569 1619 1857 1675 adversam
1892 1620 2151 1675 leviorem
2181 1615 2409 1679 reddas;
2482 1611 2673 1667 eodem
2721 1607 2884 1677 plane
2962 1600 3127 1656 modo
3194 1597 3249 1651 in
3326 1605 3450 1647 cor-

197 1718 328 1774 pore
352 1711 407 1760 et
441 1706 644 1774 animo,
681 1710 846 1767 unius
892 1711 1261 1768 redundantia
1306 1713 1410 1769 hoc
1452 1715 1770 1772 necessario
1810 1720 2059 1783 praestat,
2088 1713 2167 1767 uti
2198 1710 2486 1766 decrescat
2508 1706 2766 1761 alterum.

269 1793 511 1869 Πρόσεχε
544 1794 638 1854 οὖν
672 1803 901 1875 σεαυτῷ.
950 1806 1221 1871 Ἕκαστος
1280 1807 1390 1879 γὰρ
1450 1809 1609 1881 ἡμῶν
1650 1811 1763 1865 τῶν

1936 1806 2080 1862 Ibid.
2111 1805 2338 1871 -Qua:
2397 1816 2520 1858 cum
2575 1800 2650 1854 ita
2706 1795 2817 1851 sint
2847 1786 3131 1855 ,‘attende
3172 1782 3276 1838 tibi
3323 1780 3449 1851 ipsi.

201 1890 658 1965 μαθητευομένων
681 1896 759 1967 τῷ
786 1896 931 1970 λόγῳ
981 1901 1114 1970 μιᾶς
1171 1902 1315 1965 τινός
1347 1903 1463 1956 ἐστι
1509 1902 1764 1974 πράξεως

200 1984 482 2056 ὑπηρέτης
508 1986 617 2040 τῶν
663 1988 806 2043 κατὰ
850 1990 911 2043 τὸ
955 1991 1285 2060 Εὐαγγέλιον
1329 1994 1767 2066 διατεταγμένων

201 2077 350 2157 ἡμῖν.
368 2078 457 2132 Ἐν
480 2078 589 2151 γάρ
616 2083 683 2153 τῇ
709 2082 917 2154 μεγάλῃ
941 2084 1117 2156 οἰκείᾳ
1142 2089 1209 2158 τῇ
1251 2088 1548 2159 Ἐκκλησία
1568 2087 1764 2164 ταύτῃ,

197 2168 262 2220 ού
286 2168 446 2238 μόνον
476 2169 597 2224 ἐστὶ
622 2173 794 2243 σκεύη
816 2175 1137 2230 παντοδαπά
1165 2180 1364 2248 χρυσᾶ,
1400 2181 1495 2233 καὶ
1527 2181 1767 2251 ἀργυρᾶ,

203 2257 295 2310 καὶ
336 2257 545 2327 ξύλινα,
576 2264 675 2317 καὶ
722 2263 1042 2336 ὀστράκινα,
1077 2267 1216 2322 ἀλλά
1269 2272 1365 2323 καὶ
1415 2271 1599 2341 τέχναι
1635 2289 1773 2325 παν-

202 2349 362 2404 τοῖαι.
392 2350 545 2421 Ἔχει
578 2352 688 2425 γὰρ
733 2354 762 2407 ό
808 2350 957 2420 οἶκος
989 2356 1083 2409 τοῦ
1121 2357 1280 2423 Θεοῦ,
1308 2358 1429 2429 ἥτις
1456 2362 1606 2415 ἐστὶν
1650 2361 1774 2414 Ἐκ-

203 2439 401 2511 κλησία
442 2442 579 2499 Θεοῦ
628 2443 851 2513 ζῶντος,
903 2447 1195 2521 θηρευτὰς,
1250 2450 1586 2523 ὁδοιπόρους,
1616 2453 1775 2524 ἀρχι-

201 2530 479 2601 τέκτονας,
530 2535 872 2607 οἰκοδόμους,
914 2542 1214 2611 γεωργοὺς,
1266 2541 1550 2612 ποιμένας,
1604 2541 1774 2613 ἀθλη-

204 2624 323 2692 τὰς,
354 2626 695 2697 στρατιώτας
716 2645 728 2659 ·
760 2632 896 2685 πᾶσι
933 2631 1147 2698 τούτοις
1177 2634 1483 2705 ἐφαρμόζει
1512 2634 1573 2688 τὸ
1600 2635 1775 2707 βραχὺ

203 2716 361 2770 τοῦτο
416 2720 590 2791 ῥῆμα,
628 2720 847 2793 ἑκάστῳ
899 2723 995 2777 τοῦ
1053 2723 1218 2797 ἔργον
1265 2725 1504 2797 σπουδὴν
1543 2726 1636 2780 καὶ
1680 2730 1779 2795 τῆς

208 2812 580 2883 προαιρέσεως
623 2814 907 2885 ἐμποιοῦν.
961 2816 1245 2890 Θηρευτὴς
1305 2815 1377 2887 εἶ,
1426 2820 1778 2890 ἀπεσταλμέ-

206 2920 295 2966 νος
315 2903 467 2975 παρὰ
491 2905 585 2959 τοῦ
609 2906 813 2979 Κυρίου
838 2909 1112 2975 εἰπόντος·
1135 2930 1155 2963 ι
1179 2911 1310 2967 Ἰδοὺ
1332 2911 1444 2982 ἐγὼ
1464 2912 1781 2968 ἀποστέλλω

206 2996 500 3068 θηρευτὰς,
542 2999 638 3052 καὶ
676 2999 1033 3073 θηρεύσουσιν
1088 3002 1286 3068 αὐτοὺς
1332 3004 1519 3059 ἐπάνω
1580 3004 1783 3070 παντὸς

204 3087 386 3159 ὅρους.
421 3107 441 3142 ι
472 3090 714 3163 Πρόσεχε
752 3092 1049 3164 ἐπιμελῶς,
1085 3097 1159 3167 μή
1194 3095 1299 3149 πού
1337 3114 1419 3150 σοι
1455 3097 1697 3172 διαφύγῃ
1722 3098 1784 3153 τὸ

1872 1901 2270 1971 Unusquisque
2309 1896 2514 1953 etenim
2546 1900 2825 1954 nostrum,
2852 1899 2994 1955 quos
3026 1894 3207 1937 sermo
3226 1878 3455 1933 divmus

1869 1969 2059 2062 docet,
2086 2000 2254 2050 certae
2287 1987 2577 2061 cujusdam
2616 1982 2875 2046 actionis,
2899 1992 3062 2061 quam
3086 1973 3248 2029 nobis
3278 1969 3455 2023 Evan-

1870 2088 2068 2160 gelium
2090 2082 2432 2158 praeceperit,
2455 2076 2706 2133 minister
2734 2081 2839 2129 est.
2868 2066 3153 2139 Siquidem
3175 2065 3233 2118 in
3251 2075 3449 2129 magna

1870 2157 2058 2245 domo,
2087 2157 2191 2233 boc
2211 2182 2297 2232 est
2325 2174 2379 2228 in
2407 2173 2510 2228 hac
2538 2167 2926 2231 Ecclesia,non
2957 2159 3133 2216 solum
3158 2157 3337 2210 omnis
3366 2169 3459 2223 ge-

1873 2273 2025 2330 neris
2065 2286 2195 2325 vasa
2228 2274 2379 2329 sunt,
2416 2279 2607 2328 aurea,
2629 2267 2905 2331 argentea,
2938 2256 3139 2324 lignea,
3176 2257 3455 2307 testacea;

1875 2364 1971 2421 sed
2009 2363 2173 2418 etiam
2210 2359 2460 2430 cujusvis
2488 2353 2708 2427 generis
2737 2360 2907 2405 artes.
2957 2344 3138 2401 Habet
3173 2341 3320 2398 enim
3355 2337 3453 2391 do-

1875 2472 2001 2514 mus
2032 2454 2151 2521 Dei,
2209 2454 2315 2507 hoc
2346 2458 2431 2507 est
2456 2447 2702 2505 Ecclesia
2732 2443 2824 2499 Dei
2850 2439 3110 2504 viventis,
3137 2441 3455 2490 venatores.

1878 2551 2143 2613 viatores,
2189 2545 2548 2609 architectos,
2612 2536 3004 2597 aediﬁcatores,
3040 2526 3338 2600 agricolas,
3362 2536 3459 2593 pa-

1879 2650 2079 2706 stores,
2120 2638 2355 2710 pugiles,
2390 2635 2614 2691 milites.
2652 2629 2925 2686 Omnibus
2954 2625 3042 2680 liis
3074 2619 3314 2693 quadrat
3352 2617 3459 2669 huc

1879 2734 2044 2791 breve
2096 2730 2347 2792 verbum,
2390 2725 2537 2798 quod
2569 2723 2897 2792 unicuique,
2946 2730 3072 2773 cum
3106 2710 3324 2784 agendi,
3344 2717 3461 2763 tum

1881 2826 2099 2882 valendi
2146 2822 2390 2879 studium
2426 2818 2630 2889 injicit.
2676 2814 2919 2871 Venator
2958 2824 3019 2866 es
3044 2807 3251 2863 missus
3283 2818 3313 2857 a
3354 2800 3462 2855 Do-

1882 2918 2058 2979 mino,
2128 2914 2226 2984 qui
2285 2913 2366 2968 ait
2404 2927 2417 2963 :
2464 2929 2484 2963 ‹
2525 2908 2670 2964 Ecce
2716 2920 2818 2976 ego
2865 2905 3029 2958 mitto
3057 2904 3370 2957 venatores,
3408 2900 3465 2947 et

1883 3008 2231 3064 venabuntur
2251 3020 2346 3061 eos
2377 3004 2543 3073 super
2564 3013 2783 3057 omnem
2831 3003 3073 3051 montem
3096 2987 3327 3059 (Jerem.
3344 2999 3460 3049 ινι,

1886 3095 2014 3164 16).
2056 3113 2075 3146 ›
2122 3092 2325 3149 Sedulo
2366 3088 2612 3155 attende,
2660 3101 2731 3142 ne
2774 3085 2879 3141 tibi
2930 3080 3117 3154 praeda
3170 3077 3460 3139 elabatur;

207 3181 454 3254 θήραμα,
496 3183 583 3238 ἵνα
617 3184 1014 3258 συλλαϐόμενος
1065 3188 1144 3260 τῷ
1194 3189 1340 3261 λόγῳ
1378 3191 1479 3261 τῆς
1522 3167 1781 3263 ἀληθείας

1886 3195 1947 3243 ιιι
1985 3202 2083 3243 eos
2142 3201 2285 3257 quos
2342 3185 2537 3239 vitium
2570 3178 2847 3237 belluinos
2902 3172 3169 3238 reddidit,
3207 3167 3463 3225 veritatis

206 3274 333 3337 τοὺς
360 3275 465 3328 ὑπὸ
485 3275 586 3347 τῆς
612 3278 810 3343 κακίας
848 3280 1219 3351 ἀγριωθέντας
1246 3282 1654 3355 προσ[αγ]άγῃς
1705 3284 1783 3356 τῷ

209 3362 455 3429 σώζοντι.
473 3364 783 3438 Ὁδοιπόρος
799 3363 869 3431 εἴ,
888 3369 1072 3439 ὅμοιος
1094 3371 1171 3442 τῶ
1190 3372 1468 3443 εύχομένῳ
1488 3389 1504 3405 ο
1534 3391 1553 3424 ι
1587 3373 1784 3428 Τάδια-

209 3456 432 3528 ϐήματά
482 3475 585 3529 μου
634 3460 983 3519 κατεύθυνον.
1012 3480 1031 3515 ι
1076 3464 1315 3535 Πρόσεχε
1345 3464 1402 3518 δὲ
1430 3466 1660 3533 σεαυτῷ,
1707 3466 1784 3538 μὴ

210 3553 582 3623 παρατραπῇς
597 3553 695 3624 τῆς
709 3553 852 3621 όδοῢ,
879 3554 953 3625 μὴ
984 3555 1239 3629 ἐκκλίνῃς
1258 3556 1408 3630 δεξιᾷ
1427 3559 1460 3630 ἢ
1484 3560 1749 3630 ἀριστερᾷ
1767 3574 1783 3589 ⁸

207 3640 314 3712 ὀδῷ
341 3640 595 3716 βασιλικῇ
629 3645 888 3716 πορεύου.
937 3645 995 3699 Ὀ
1017 3648 1378 3718 ἀρχιτέκτων,
1412 3648 1670 3719 ἀσφαλῶς
1694 3649 1787 3704 τὸν

208 3734 459 3805 θεμέλιον
482 3736 907 3792 καταϐαλλέσθω
929 3740 1029 3811 τῆς
1052 3739 1306 3807 πίστεως,
1332 3741 1390 3806 ὃς
1415 3742 1532 3795 ἐστι
1551 3742 1787 3814 Χριστὸς

224 3826 431 3897 Ἰησοῦς
448 3865 465 3881 .
491 3827 550 3882 '0
567 3828 868 3901 οἰκοδόμος,
891 3830 1137 3902 βλεπέτω
1166 3830 1282 3895 πῶς
1312 3832 1674 3905 ἐποικοδομεῖ,
1710 3834 1785 3906 μὴ

211 3914 367 3985 ξύλα,
403 3917 477 3990 μὴ
506 3920 719 3989 χόρτον,
754 3919 830 3990 μὴ
864 3920 1139 3991 καλάμην,
1166 3919 1303 3975 ἀλλὰ
1340 3922 1586 3993 χρυσίον,
1615 3922 1790 3994 ἀργύ⁴

211 4026 354 4082 ριον,
391 4010 574 4076 λίθους
607 4011 842 4083 τιμίους.
884 4012 944 4067 '0
974 4014 1197 4088 ποιμὴν,
1232 4014 1467 4087 πρόσεχε
1496 4016 1571 4087 μή
1603 4015 1691 4080 τίς
1728 4034 1788 4070 σε

213 4101 460 4175 παρέλθῃ
498 4102 609 4158 τῶν
654 4104 1059 4160 ἐπιϐαλλόντων
1103 4108 1170 4177 τῇ
1217 4109 1568 4178 ποιμαντικῇ.
1601 4106 1790 4161 Ταῦτα

211 4193 273 4248 δέ
303 4197 418 4249 ἐστι
449 4198 617 4265 ποῖας
660 4197 720 4251 τὸ
755 4198 1175 4270 πεπλανημένον
1209 4199 1538 4269 ἐπίστρεφε’
1572 4201 1634 4253 τὸ
1660 4217 1790 4255 συν-

211 4288 578 4360 τετριμμένον
597 4290 855 4361 ἐπίδησον
874 4305 888 4319 ’
912 4291 973 4344 τὸ
1007 4290 1196 4346 νοσοῦν
1225 4291 1397 4346 ἴασαι.
1435 4293 1493 4347 '0
1521 4292 1788 4364 γεωργὸς,
1811 4335 1814 4337 .

214 4382 561 4454 περίσκαπτε
606 4381 704 4455 τὴν
745 4384 996 4452 ἄκαρπον
1050 4385 1243 4454 συκῆν,
1290 4384 1385 4439 καὶ
1432 4385 1691 4439 ἐπίϐαλλε
1720 4385 1791 4440 τά

215 4473 357 4547 πρὸς
409 4473 664 4546 βοήθειαν
712 4478 813 4547 τῆς
855 4477 1243 4546 καρπογονίας.
1306 4477 1364 4531 '0
1424 4478 1789 4550 στρατιώτης,

1882 3282 2050 3339 verbo
2083 3287 2370 3350 correptos
2402 3277 2469 3331 ad
2503 3275 2842 3330 Salvatorem
2862 3269 3130 3325 adducas.
3160 3262 3353 3318 Viator
3377 3275 3464 3322 es,

1883 3374 2082 3431 similis
2106 3372 2155 3426 ei
2198 3371 2293 3442 qui
2333 3371 2408 3424 ita
2431 3368 2761 3440 precabatur
2795 3381 2809 3418 :
2850 3381 2869 3415 ‹
2898 3361 3138 3417 Gressus
3199 3368 3354 3411 meos
3376 3350 3463 3407 di-

1883 3467 1999 3537 rige
2040 3463 2229 3537 (Psal.
2291 3477 2485 3523 cxvm.
2546 3457 2707 3520 155).
2744 3477 2762 3509 ι
2802 3453 3045 3510 Attende
3094 3448 3197 3505 tibi
3228 3446 3356 3518 ipsi,
3388 3458 3465 3537 ne

1883 3536 2144 3617 deﬂectas
2174 3572 2204 3612 a
2230 3557 2343 3621 via,
2369 3568 2507 3609 neve
2542 3552 2610 3607 ad
2642 3551 2894 3607 dextram
2940 3544 3025 3601 vel
3049 3543 3332 3599 sinistram
3369 3536 3467 3591 dc-

1883 3653 2080 3718 clines,
2123 3649 2221 3706 sed
2250 3647 2391 3704 calle
2438 3645 2589 3716 regio
2616 3656 2835 3715 pergas.
2862 3639 2967 3706 Qui
2999 3635 3332 3692 architectus
3357 3636 3464 3695 est,

1885 3750 2097 3801 certum
2125 3740 2250 3796 fidei
2277 3737 2695 3793 fundamentum
2734 3732 2925 3804 jaciat,
2955 3729 3051 3801 qui
3087 3734 3172 3783 est
3209 3723 3466 3780 Christus

1884 3834 2074 3892 Iesus.
2117 3832 2220 3901 Qui
2245 3830 2551 3887 aediﬁcator
2581 3836 2689 3894 est,
2724 3825 2907 3881 videat
2943 3835 3053 3893 quo
3089 3826 3251 3892 pacto
3273 3829 3468 3887 super-

1885 3935 2089 3991 struat,
2133 3939 2241 3980 non
2304 3924 2473 3993 ligna,
2535 3936 2647 3977 non
2693 3918 2880 3974 fenum
2922 3922 3019 3970 aut
3062 3910 3341 3983 stipulam,
3372 3908 3467 3964 sed

1888 4033 2107 4081 aurum,
2130 4026 2439 4087 argentum,
2475 4013 2687 4084 lapides
2711 4008 3004 4081 pretiosos.
3024 4003 3130 4072 Qui
3155 4009 3346 4074 pastor
3382 4014 3463 4059 es.

1887 4111 1956 4167 da
2020 4124 2267 4179 operam,
2324 4122 2392 4162 ne
2446 4105 2577 4177 quid
2606 4117 2798 4160 eorum
2832 4111 2884 4156 te
2904 4102 3218 4171 praetereat,
3247 4107 3367 4163 qua:
3396 4092 3463 4145 ad

1887 4199 2131 4271 pastoris
2157 4210 2361 4251 munus
2391 4194 2649 4249 attinent.
2674 4191 2933 4258 Quaenam
2964 4193 3145 4242 autem
3167 4184 3274 4238 ista
3303 4179 3472 4237 sunt?

1889 4291 2038 4360 quod
2095 4290 2340 4351 oberrat,
2402 4286 2455 4340 in
2490 4286 2633 4339 viam
2674 4281 2846 4338 reduc
2880 4296 2894 4332 :
2925 4276 3087 4351 quod.
3116 4274 3466 4329 confractum

1889 4391 1997 4449 est,
2048 4381 2210 4452 alliga
2246 4397 2265 4435 :
2297 4379 2446 4450 quod
2479 4390 2686 4449 aegrum
2744 4382 2853 4439 est,
2900 4385 3058 4425 cura.
3092 4367 3198 4434 Qui
3228 4364 3469 4435 agricola

1893 4489 1976 4538 es,
2001 4472 2092 4528 l‘ac
2124 4472 2367 4527 sterilem
2397 4470 2559 4525 licum
2586 4463 3006 4523 circumfodias,
3041 4469 3095 4516 et
3132 4475 3194 4516 ea
3245 4473 3368 4528 quae
3398 4463 3466 4510 ad

217 4564 714 4637 συγκακοπάθησον
770 4564 849 4636 τῷ
906 4566 1245 4637 Εὑαγγελίῳ.
1316 4567 1629 4638 στρατεύων
1688 4567 1781 4638 τὴν

1894 4566 2283 4623 fecunditatem
2314 4562 2649 4624 conducunt,
2674 4556 2911 4628 injicias.
2931 4552 3033 4620 Qui
3062 4552 3223 4607 miles
3251 4567 3312 4605 es
3332 4551 3469 4617 ,col-

213 4656 391 4729 καλὴν
439 4655 731 4727 στρατείαν
778 4655 922 4710 κατὰ
964 4655 1075 4709 τῶν
1111 4656 1440 4727 πνευμάτων
1489 4657 1590 4727 τῆς
1620 4674 1791 4728 πονη-

215 4749 366 4820 ρίας,
398 4748 543 4803 κατά
564 4748 674 4804 τῶν
704 4750 893 4804 παθῶν
920 4750 1022 4821 τῆς
1052 4751 1256 4823 σαρκός
1275 4768 1288 4781 ·
1336 4750 1574 4805 ἀνάλαϐε
1608 4752 1792 4807 πᾶσαν

211 4839 318 4909 τὴν
354 4840 659 4895 πανοπλίαν
701 4841 796 4896 τοῦ
846 4841 1178 4914 πνεύματος.
1224 4842 1315 4913 Μὴ
1351 4840 1630 4913 ἐμπλέκου
1672 4845 1794 4906 ταῖς

211 4934 311 4987 τοῦ
365 4933 482 5005 βίου
533 4936 968 5007 πραγματείαις,
1017 4935 1107 4991 ἵνα
1166 4936 1245 5007 τῷ
1301 4936 1793 5008 στρατολογήσαντι

211 5023 443 5098 ἀρέσῃς.
481 5025 540 5079 Ὀ
567 5025 828 5099 ἀθλητὴς,
880 5028 1118 5100 πρόσεχε
1149 5028 1379 5099 σεαυτῷ,
1431 5028 1629 5100 μήπως
1673 5028 1796 5081 τινὰ

213 5116 476 5189 παραϐῇς
525 5117 636 5171 τῶν
683 5118 990 5189 ἀθλητικῶν
1020 5120 1196 5191 νόμων
1220 5120 1438 5184 ὀὐδεὶς
1468 5120 1576 5191 γάρ
1607 5136 1796 5188 στεφα-

216 5208 430 5275 νοῦται,
467 5207 564 5263 ἐὰν
592 5208 668 5282 μὴ
696 5210 943 5282 νομίμως
968 5210 1200 5283 ἀθλήσῃ.
1226 5210 1413 5281 Μιμοῦ
1439 5211 1535 5266 τὸν
1560 5211 1796 5275 Παῦλον,

216 5300 321 5356 καὶ
349 5301 634 5374 τρέχοντα,
674 5302 772 5357 καὶ
800 5302 1125 5370 παλαίοντα,
1160 5302 1258 5359 καὶ
1293 5304 1668 5359 πυκτεύοντα⁸
1701 5306 1798 5360 καὶ⁸

213 5395 388 5460 αὐτὸς
423 5395 500 5461 ὡς
543 5395 752 5467 ἀγαθὸς
784 5394 997 5469 πύκτης
1038 5395 1444 5470 ἀμετεὼριστον
1481 5398 1571 5469 ἐχε
1606 5400 1669 5454 τὸ
1697 5402 1799 5471 τῆς

212 5488 403 5561 ψυχῆς
433 5488 674 5562 βλέμμα.
710 5489 888 5544 Σκέπε
924 5490 993 5545 τὰ
1030 5491 1222 5562 καίρια
1272 5494 1339 5563 τῇ
1400 5492 1643 5563 προϐολῇ
1688 5493 1799 5546 τῶν

216 5577 427 5649 χειρῶν
449 5592 467 5608 ⁰
499 5578 687 5642 ἀτενὲς
716 5578 777 5633 τὸ
815 5577 970 5651 ϐμμα
1008 5579 1146 5651 πρὸς
1173 5579 1263 5634 τὸν
1288 5579 1585 5635 ἀντίπαλον
1634 5580 1796 5646 ἔστω,

214 5668 451 5739 δρόμοις
477 5670 593 5733 τοῖς
646 5669 708 5724 ἐν
756 5672 869 5734 τοῖς
908 5670 1221 5742 ἔμπροσθεν
1266 5671 1620 5735 ἐπεκτείνων,
1656 5670 1799 5725 οὕτω

215 5760 413 5831 τρέχε,
440 5761 528 5814 ἵνα
591 5761 926 5834 καταλάϐῃς.
964 5764 1053 5816 Ἐν
1100 5766 1168 5833 τῇ
1199 5763 1343 5836 πάλῃ
1388 5766 1498 5826 τοῖς
1548 5762 1800 5831 ἀοράτοις

218 5852 619 5922 ἀνταγωνίζου.
661 5854 912 5910 Τοιοῦτόν
961 5872 1021 5910 σε
1067 5855 1155 5933 διὰ
1189 5854 1303 5924 βίου
1340 5856 1370 5908 ὁ
1417 5853 1576 5931 λόγος
1616 5853 1771 5924 βούλξ

1895 4657 2079 4711 labora
2113 4654 2455 4724 Evangelio:
2489 4653 2697 4708 bonum
2737 4655 3021 4704 certamen
3052 4644 3322 4700 adversus
3351 4657 3467 4696 ma-

1894 4750 2072 4820 lignos
2134 4734 2364 4818 spiritus
2424 4755 2608 4809 certa;
2666 4740 2935 4796 adversus
2990 4735 3217 4793 allectus
3284 4734 3470 4789 carnis

1895 4846 2234 4892 armaturam
2266 4834 2509 4904 Spiritus
2548 4845 2793 4886 assume.
2824 4827 3003 4898 Hujus
3044 4828 3171 4882 vita:
3198 4825 3469 4881 molestiis

1898 4944 1965 4983 ne
2021 4927 2345 4998 impliceris,
2380 4932 2440 4979 ut
2503 4921 2823 4995 imperatori
2858 4921 2956 4992 qui
3004 4918 3310 4975 exercitum
3335 4932 3469 4972 con-

1896 5019 2142 5091 scripsit,
2167 5019 2411 5090 placeas.
2449 5016 2675 5071 Athleta
2708 5022 2763 5070 et
2795 5012 2947 5086 pugil
2977 5011 3076 5067 es?
3106 5008 3347 5065 attende
3368 5009 3470 5063 tibi

1897 5112 2026 5185 ipsi,
2051 5128 2120 5167 ne
2141 5109 2447 5183 quidquam
2488 5125 2552 5166 ex
2579 5108 2850 5180 palaestrae
2914 5104 3123 5176 legibus
3152 5112 3467 5173 praetereas.

1897 5205 2071 5261 Nemo
2130 5203 2411 5275 siquidem
2450 5210 2777 5267 coronatur,
2821 5197 2930 5254 nisi
2951 5196 3197 5268 legitima
3223 5201 3471 5251 certave-

1899 5298 1971 5354 rit
1988 5296 2071 5370 (ιι
2093 5296 2232 5353 Tim.
2260 5313 2320 5364 ιι,
2341 5297 2374 5350 5
2392 5296 2433 5367 ).
2456 5294 2681 5350 Paulum
2737 5293 2975 5357 imitare,
3001 5296 3113 5343 tum
3131 5294 3470 5350 currentem,

1901 5401 2011 5446 tum
2051 5390 2371 5455 luctantem,
2392 5399 2505 5444 tum
2526 5392 2857 5459 pugnantem
2884 5401 2898 5439 :
2923 5389 3090 5453 tuque
3110 5379 3235 5436 boni
3271 5379 3469 5451 pugilit

1900 5485 2079 5539 instar
2106 5497 2325 5548 caveas,
2345 5496 2412 5536 ne
2429 5478 2602 5535 animi
2625 5479 2818 5533 oculus
2842 5476 2951 5530 huc
2970 5483 3138 5546 atque
3158 5473 3291 5528 illuc
3312 5488 3475 5546 vage-

1902 5589 2010 5632 tur.
2032 5573 2540 5647 Objectismanibus
2558 5570 2866 5642 praecipuas
2883 5574 3067 5638 partes
3081 5577 3229 5637 tege:
3246 5566 3471 5620 oculum

1904 5670 1958 5724 in
2012 5669 2172 5725 hoste
2202 5681 2433 5737 prorsus
2470 5663 2710 5720 deﬁxum
2772 5660 2930 5716 habe.
2966 5656 3026 5713 ln
3051 5657 3231 5713 stadio
3257 5672 3474 5725 semper

1904 5765 1971 5816 ad
2012 5778 2075 5818 ca
2111 5775 2229 5829 quae
2275 5776 2305 5814 a
2337 5758 2519 5815 fronte
2538 5764 2688 5823 sunt,
2727 5762 2931 5825 specta,
2993 5751 3229 5822 teipsum
3253 5758 3472 5807 -exte.n-

1906 5852 2080 5908 dens:
2113 5851 2191 5908 sic
2227 5865 2388 5907 curre
2413 5858 2473 5905 ut
2503 5845 2955 5920 comprehendas.
3007 5841 3237 5904 ln.lucta
3277 5842 3473 5905 adver,
