4024 6412
177 395 314 471 1305

1446 402 1684 464 SACRA
1715 369 2180 461 PARALLELA.

3300 376 3437 447 1306

175 535 381 591 σωμεν,
410 517 527 572 ἀλλ’
550 517 640 571 ἶνα
677 515 1132 599 πρσστςλῆςωμεν.
1163 531 1256 570 και
1296 515 1594 586 ἀπολογίαν
1630 514 1756 585 ἔχω-

1868 512 2117 579 mur,sed
2149 518 2207 565 ut
2232 507 2481 564 morbum
2504 503 2910 563 exulceremus,
2928 504 3093 568 atque
3120 512 3185 553 ex
3201 496 3435 552 aliorum

176 630 277 682 μεν
306 609 416 665 τῶν
438 610 725 682 ἡμετέρων
770 609 957 665 κακῶν
1007 609 1076 663 τὰ
1112 608 1221 662 τῶν
1278 609 1526 681 πλησίων
1576 607 1752 681 τραύ-

176 721 349 775 ματα.
383 703 605 766 Κακοὺς
640 702 698 756 δέ
734 702 831 757 καὶ
873 702 1135 771 ἀγαθοὺς,
1178 701 1277 772 οὐχ
1320 702 1350 754 ὁ
1389 700 1617 772 τρόπος,
1641 686 1758 753 ἀλλ’

171 800 206 868 ἡ
236 798 516 859 διάστασις
546 795 642 849 καὶ
677 795 711 867 ή
753 794 907 864 φιλία
945 794 1377 866 χαρακτηρίζει·
1426 793 1523 847 καὶ
1575 793 1612 848 ἃ
1658 794 1757 864 σή-

176 907 343 961 μερον
375 888 724 959 ἐπαινοῦμεν,
753 887 943 961 αὔριον
957 887 1315 958 ἐκακίσαμεν.

257 983 608 1052 Ἐνέγκωμεν
654 980 823 1052 θυμὸν
874 980 951 1044 ὡς
991 980 1201 1051 θηρίον,
1240 981 1338 1034 καὶ
1385 978 1639 1048 γλῶσσαν
1681 977 1759 1041 ὡς

171 1075 341 1146 τομὸν
392 1075 569 1144 ξίφος,
620 1074 717 1128 καὶ
768 1072 965 1145 ἡδονὴν
998 1073 1074 1137 ὡς
1124 1072 1238 1143 πῦρ
1284 1070 1753 1141 κατασϐέσωμεν

173 1167 400 1238 θώμεθα
438 1170 558 1231 ταῖς
595 1167 789 1225 ἀκοαῖς
823 1165 997 1236 θύρας
1025 1164 1208 1229 καλῶς
1237 1162 1625 1234 ἀνοιγομένας,
1657 1160 1756 1214 καὶ

171 1260 522 1330 κλειομένας,
550 1258 648 1312 καὶ
699 1258 791 1311 τὸν
827 1256 1107 1328 ὀφθαλμὸν
1150 1256 1602 1327 σωφρονίσωμεν,
1655 1250 1756 1305 καὶ

171 1352 367 1421 γεῦσιν
418 1351 857 1423 σπαράττουσαν,
906 1350 982 1422 μὴ
1029 1337 1259 1413 θάνατος
1301 1346 1478 1419 ἀναϐῇ
1515 1344 1605 1400 διὰ
1645 1344 1755 1398 τῶν

172 1445 407 1516 θυρίδων
450 1443 628 1516 ἡμῶν,
664 1443 760 1497 καὶ
797 1442 1034 1511 γέλωτος
1064 1442 1335 1513 ἀμετρίας
1372 1436 1758 1507 καταγελάσω-

174 1555 300 1593 μεν.

254 1719 317 1772 'U
350 1716 461 1787 ἄρα
499 1712 785 1785 γινώσκων
818 1712 1032 1778 ἐαυτὸν,
1060 1709 1227 1773 τόπος
1268 1710 1390 1763 ἐστὶ
1435 1708 1533 1763 καὶ
1564 1706 1757 1781 θρόνος

168 1812 270 1866 τοῦ
303 1810 535 1878 Κυρίου.

240 1907 431 1962 Βούλει
456 1904 659 1976 γνῶναι
680 1902 815 1957 Θεόν
837 1918 854 1970 ;
873 1897 1163 1972 προλαϐὼν
1184 1895 1354 1969 γνῶθι
1386 1894 1638 1951 σεαυτόν.

243 2090 369 2143 Βίον
435 2085 717 2157 ἀλλότριον
798 2078 1283 2153 περιεργάζεσθαι,
1363 2070 1752 2143 ἀνελευθερίας

161 2181 427 2252 ἐσχάτης.
486 2174 802 2246 Ούδαμόθεν
872 2172 984 2242 γὰρ
1030 2170 1303 2241 ἠμέληται
1354 2168 1425 2221 τὰ
1480 2163 1753 2236 ἡμέτερα,

163 2278 203 2349 ἢ
241 2279 305 2330 ἐκ
348 2273 443 2328 τοῦ
494 2272 566 2326 τά
611 2269 869 2341 ἀλλότρια
911 2264 1393 2336 πολυπραγμονεῖν
1448 2260 1544 2315 καὶ
1589 2274 1751 2328 περι-

164 2347 522 2440 εργάζεσθαι.
580 2363 656 2417 Ού
717 2361 828 2432 γὰρ
893 2357 1044 2411 ἐστιν
1112 2355 1399 2426 ἄνθρωπον
1479 2350 1609 2414 τοὺς
1652 2347 1754 2403 ἀλ·-

162 2459 419 2530 λοτρίους
463 2450 1029 2525 πολυπραγμονοῦντα
1083 2447 1252 2519 βίους,
1277 2445 1378 2515 τῆς
1402 2441 1610 2504 οίκείας
1634 2442 1755 2493 ἐπι-

165 2548 476 2623 μεληθῆναί
502 2563 634 2601 ποτε
667 2543 839 2613 ζωῆς.
878 2542 992 2613 Τῆς
1040 2540 1150 2610 γὰρ
1197 2536 1438 2607 σπουδῆς
1467 2530 1617 2604 αύτῷ
1649 2531 1756 2585 πά-

165 2660 275 2716 σης
327 2644 407 2705 είς
454 2640 557 2711 τὴν
601 2636 710 2690 τῶν
761 2634 969 2706 ἐτέρων
1026 2624 1565 2701 πολυπραγμοσύνην
1625 2623 1753 2676 ἀνα-

162 2712 524 2806 λισκομένης,
578 2730 794 2799 ἀνάγκη
836 2726 906 2780 τά
943 2721 1112 2778 αὐτοῦ
1162 2719 1353 2782 ἀπλῶς
1404 2715 1622 2771 κεῖσθαι
1657 2712 1756 2768 καὶ

161 2833 203 2902 ἢ
212 2826 556 2900 μελημένως.

243 2922 356 2977 Καὶ
383 2920 557 2983 ἄλλως
585 2917 641 2972 δέ
666 2916 915 2985 πέφυκεν
937 2910 1247 2983 ἄνθρωπος,
1275 2905 1346 2960 τά
1397 2903 1499 2977 μὲν
1549 2917 1755 2972 κατορ-

162 3015 400 3085 θώματα
424 3010 520 3063 τοῦ
564 3007 813 3080 πλησίον,
863 3005 961 3059 καλ⁴
1001 3001 1180 3057 πολλά
1220 2999 1373 3062 ὄντα,
1406 2997 1504 3052 καὶ
1540 2993 1754 3067 μεγάλα

161 3083 420 3176 παρορᾷν
442 3119 456 3135 ο
489 3102 537 3154 εί
577 3099 633 3151 δέ
686 3093 979 3166 ἐλάττωμά
1014 3110 1118 3147 που
1168 3091 1334 3163 φανῇ,
1361 3087 1467 3143 κᾶν
1503 3086 1564 3140 τὸ
1586 3083 1754 3156 τυχὸν

163 3196 230 3272 ᾖ,
273 3196 378 3250 κᾶν
419 3193 509 3247 διὰ
544 3190 774 3252 πολλοὺς
826 3184 1195 3258 συμϐεϐηκὸς,
1229 3183 1325 3237 καὶ
1363 3176 1755 3234 ἐπαισθάνεται

162 3269 401 3359 ⁸ταχέως,
426 3284 524 3339 καὶ
552 3278 986 3351 ἐπιλαμϐάνεται
1034 3274 1367 3347 προχείρως,
1397 3272 1494 3325 καὶ
1541 3269 1756 3340 μέμνη-

162 3398 262 3433 ται
310 3376 400 3431 διὰ
443 3373 666 3436 παντός.
701 3372 812 3426 Καὶ
857 3368 919 3423 τὸ
961 3368 1156 3439 μικρὸν
1181 3365 1341 3420 τοῦτο
1390 3364 1488 3417 καὶ
1518 3360 1757 3424 εὐτελὲς,

161 3471 281 3526 τῶν
310 3468 522 3523 πολλῶν
550 3467 643 3522 καὶ
671 3463 926 3537 μεγάλων
959 3460 1225 3523 πολλάκις
1257 3457 1543 3529 ἠλάττωσε
1573 3454 1757 3521 δόξαν.

489 3668 675 3722 ΤῐΤΛ.
710 3666 783 3721 Γ’.
804 3695 873 3706 -
890 3663 1031 3732 Περὶ
1059 3657 1440 3732 γογγυσμῶν.

248 3809 269 3843 ι
299 3785 411 3841 Ἦν
442 3789 470 3840 ὁ
496 3784 622 3848 λαὸς
651 3779 938 3850 γογγύζων
959 3793 973 3808 ”
999 3776 1093 3831 καὶ
1121 3770 1380 3845 ἐθυμώθη
1413 3768 1640 3841 Κύριος,
1668 3763 1764 3819 καὶ

167 3878 440 3951 ἐξεκαύθη
467 3876 599 3950 πῦρ,
621 3876 716 3929 καὶ
734 3873 1015 3940 κατέφαγε
1039 3867 1204 3941 μέρος
1228 3865 1327 3935 τῆς
1350 3858 1756 3934 παρεμϐολῆς.»

235 4077 256 4112 ι
295 4054 607 4121 Φυλάξασθε
648 4050 965 4122 γογγυσμδν
1004 4046 1283 4117 ἀνωφελῆ,
1330 4046 1428 4099 καλ⁸
1453 4042 1559 4098 ἀπὺ
1590 4058 1762 4096 κατα-

165 4152 362 4215 λαλιᾶς
389 4146 648 4220 φείσασθε
682 4144 953 4216 γλώσσης,
976 4140 1058 4195 δτι
1084 4138 1303 4209 πνεῦμα
1326 4136 1584 4207 λαθραῖον
1606 4131 1763 4187 κενὸν

165 4247 235 4301 ού
263 4242 613 4315 πορεύσεται.
655 4259 674 4290 ι

247 4358 266 4391 ι
310 4335 477 4406 Ἀνὴρ
503 4331 823 4402 ἐπιστήμων
841 4328 903 4381 ού
934 4325 1220 4398 γογγύζει.
1261 4342 1280 4377 ι

247 4446 268 4481 ι
299 4425 396 4497 Μὴ
426 4420 748 4495 γογγύζετε,
786 4417 969 4481 καθώς
994 4433 1139 4481 τινες
1163 4414 1494 4484 ἐγόγγυσαν,
1524 4410 1621 4464 καὶ
1658 4408 1764 4462 ἀπ-

164 4518 374 4574 ώλοντο
402 4516 506 4571 ὑπὸ
534 4513 628 4568 τοῦ
653 4505 999 4583 ὀλοθρευτοῦ.
1028 4526 1047 4561 ι

249 4716 269 4747 ε
304 4694 739 4750 Πάντα-ποιεῖτε
788 4691 917 4746 ἀνευ
973 4682 1328 4759 γογγυσμῶν,
1381 4681 1472 4736 ἴνα
1521 4680 1754 4752 γένησθε

164 4794 475 4862 ἄμεμπτοι.
518 4806 538 4841 ι

256 4882 652 4954 ’Δπρόσδεκτος
704 4880 740 4950 ἡ
796 4878 907 4933 ἀπὸ
950 4875 1063 4930 τῶν
1118 4874 1441 4945 γογγυστιῖη
1496 4868 1754 4943 ἐργασία,

162 4977 248 5040 ὡς
274 4973 436 5027 θυσία
459 4971 767 5041 ἐπίμωμος.
796 4998 868 5008 -
896 4966 1018 5039 Χρὴ
1040 4966 1133 5021 οὖν
1180 4966 1241 5019 τὸ
1281 4966 1374 5020 τοῦ
1404 4962 1636 5034 ὀκνηροῦ
1662 4961 1757 5015 καὶ

162 5065 516 5137 ἀντιλογικοῦ
572 5064 733 5136 ἔργον
786 5060 1149 5130 ἀλλοτριῶσαι
1209 5059 1310 5129 τῆς
1368 5056 1753 5126 ἀδελφότητος.

161 5394 357 5450 ΤῙΤΔ.
394 5394 470 5448 Δθ.
492 5420 564 5432 --
584 5389 728 5458 Περὶ
753 5389 1049 5459 γερόντων
1075 5386 1175 5440 καί
1202 5383 1476 5459 παλαιῶν
1492 5383 1759 5454 ἀνδρῶν’

493 5460 595 5517 καί
622 5457 704 5527 ὡς
739 5457 854 5530 χρὴ
886 5458 1168 5528 τιμᾶσθαι
1193 5457 1439 5522 αὐτούς.

250 5596 271 5632 ε
319 5576 456 5633 Ἀπὸ
476 5577 769 5648 προσώπου
799 5574 987 5629 πολιοῦ
1014 5573 1759 5646 ἐξαναστήσῃααὶτιμήσεις

170 5671 477 5745 πρόσωπον
503 5667 901 5743 πρεσϐυτέρου.
938 5686 956 5718 ι

250 5780 273 5814 ε
327 5761 711 5832 Ἐπερώτησον
770 5758 863 5811 τὸν
907 5757 1121 5830 πατέρα
1166 5774 1283 5822 σου,
1333 5757 1429 5811 καὶ
1469 5756 1762 5827 ἀναγγελεῖ

175 5870 285 5924 σοι,
311 5855 442 5922 τοὺς
473 5851 879 5929 πρεσϐυτέρους
912 5867 1027 5917 σου,
1058 5852 1152 5907 καὶ
1186 5852 1370 5925 ἐροῦσί
1393 5870 1495 5907 σοι.
1539 5872 1556 5905 ›

1865 604 2184 662 vulneribus
2245 601 2408 656 malis
2443 596 2649 653 nostris
2698 604 2945 651 texamus
3000 591 3436 646 excusationem.

1866 700 2034 756 Malos
2058 710 2225 768 porro
2247 709 2311 750 ac
2337 694 2536 758 bonos,
2569 704 2676 745 non
2731 701 2939 751 mores,
2968 685 3061 741 sed
3115 682 3435 743 dissidium,

1863 793 1950 848 vel
1970 788 2240 854 amicitia,
2264 802 2364 843 ceu
2399 784 2572 840 certis
2594 780 2928 854 quibusdam
2954 780 3105 833 notis
3130 775 3390 847 exprimit
3418 792 3433 829 :

1862 895 1917 942 et
1961 898 2086 956 qua:
2109 880 2278 936 hodie
2305 877 2612 941 laudamus,
2643 875 2887 929 crastino
2921 871 3009 927 die
3039 873 3436 939 vituperamus.

1930 974 2208 1047 Ejusdem.
2239 1003 2309 1015 -
2340 969 2688 1025 lracundiam
2728 982 2830 1022 ceu
2861 965 3105 1021 helluam
3135 960 3436 1033 quamdam

1862 1070 2263 1133 sustineamus,
2320 1072 2375 1120 et
2408 1064 2657 1133 linguam
2696 1070 2756 1116 ut
2804 1068 3142 1130 praeacutum
3195 1054 3437 1126 gladium

1861 1160 2258 1226 retundamus;
2281 1156 2615 1227 voluptatem
2637 1162 2894 1222 tanquam
2920 1152 3100 1220 ignem
3124 1146 3442 1216 exstingua-

1864 1272 2023 1324 mus;
2079 1254 2280 1324 ianuas
2332 1250 2564 1306 auribus
2604 1260 2969 1318 apponamus,
3008 1250 3157 1311 quae
3184 1240 3287 1294 rite
3312 1253 3438 1293 cum

1862 1348 2210 1421 aperiantur,
2271 1352 2391 1398 tum
2419 1342 2786 1404 claudantur;
2832 1346 2999 1408 atque
3032 1334 3253 1390 oculum
3280 1346 3439 1385 coer-

1861 1454 2087 1498 ceamus
2108 1479 2123 1505 ,
2156 1448 2212 1495 et
2239 1445 2460 1509 gustum
2501 1434 2871 1495 vellicantem,
2896 1445 2965 1483 ne
2992 1443 3141 1482 mors
3165 1441 3261 1496 per
3288 1423 3441 1477 fene-

1861 1542 2005 1589 stras
2049 1538 2277 1587 nostras
2340 1524 2634 1591 ascendat,
2683 1520 3212 1590 immoderatumque
3270 1517 3437 1571 risum

1861 1625 2212 1682 irrideamus.

1932 1716 2189 1769 Clement.
2212 1740 2282 1751 —
2311 1708 2418 1776 Qui
2455 1722 2587 1778 ergo
2621 1704 2873 1775 seipsum
2918 1700 3187 1773 agnoscit,
3219 1697 3437 1753 Domini

1859 1804 2019 1861 locus
2049 1809 2105 1857 et
2132 1800 2293 1857 sedes
2311 1804 2420 1853 est.

1776 1884 1822 1941 Β
1924 1896 2120 1965 Evagr.
2159 1921 2231 1932 —-
2262 1889 2365 1946 Vis
2394 1888 2565 1946 Deum
2600 1886 2807 1943 nosse?
2858 1885 3017 1957 prius
3046 1882 3101 1938 id
3138 1897 3239 1954 age
3269 1890 3330 1936 ut
3355 1888 3441 1936 te—

1850 1988 2031 2061 ipsum
2053 1997 2278 2040 noscas.

1922 2080 2207 2150 Chrysost.
2242 2106 2314 2117 —
2334 2072 2581 2129 Alterius
2609 2071 2779 2127 vitam
2830 2066 3196 2140 perscrutari,
3225 2064 3442 2121 servilis

1853 2188 2020 2244 supra
2050 2171 2276 2227 modum
2297 2166 2460 2240 503
2489 2172 2576 2220 est
2602 2162 2795 2218 animi.
2822 2160 3012 2231 Neque
3036 2158 3183 2215 enim
3216 2154 3443 2212 aliunde

1852 2272 1914 2326 lit
1944 2276 2006 2326 ut
2042 2276 2234 2325 nostra
2263 2264 2640 2336 negligamus,
2671 2273 2837 2330 quam
2871 2256 3014 2328 quod
3042 2256 3097 2309 in
3129 2253 3329 2310 alienis
3357 2252 3442 2305 in-

1852 2361 2142 2437 quirendis
2203 2355 2671 2423 excutiendisque
2716 2350 2910 2406 attenti
2951 2363 3169 2403 sumus.
3203 2345 3349 2400 Fieri
3370 2344 3445 2399 si-

1851 2457 2077 2528 quidem
2141 2467 2251 2507 non
2282 2455 2484 2519 potest,
2543 2454 2605 2501 ut
2635 2445 2805 2501 homo
2858 2441 2952 2512 qui
2989 2442 3158 2495 vitam
3197 2439 3441 2492 aliorum

1854 2552 2255 2619 perscrutatur,
2280 2555 2395 2596 sum
2416 2551 2662 2609 unquam
2683 2550 2873 2591 curam
2898 2532 3121 2588 habeat.
3151 2529 3290 2585 Nam
3314 2546 3443 2584 cum

1852 2638 1973 2710 ejus
2006 2650 2172 2692 omne
2200 2632 2446 2690 studium
2482 2630 2537 2684 in
2582 2627 2710 2684 aliis
2744 2623 3102 2698 inquirendis
3153 2636 3449 2677 consuma-

1853 2740 1965 2796 tur,
1998 2728 2172 2799 ipsius
2200 2726 2364 2798 plane
2395 2738 2485 2778 res
2511 2721 2787 2791 neglectas
2811 2717 2996 2789 jacere
3011 2729 3301 2771 necessum
3336 2722 3442 2767 est.

1927 2818 2116 2889 Ejusd.
2187 2813 2283 2869 lib.
2328 2827 2364 2868 v
2397 2811 2473 2866 De
2528 2807 2834 2866 sacerd.—
2891 2804 3059 2875 Atqui
3110 2802 3220 2858 alio
3278 2800 3448 2857 modo

1854 2919 2235 2984 comparatum
2295 2916 2420 2975 est,
2479 2913 2539 2958 ut
2589 2903 2759 2957 homo
2793 2899 3034 2972 proximi
3092 2906 3244 2953 recte
3269 2894 3445 2962 facta,

1854 3004 2111 3078 quamvis
2166 3016 2233 3058 ea
2309 2998 2480 3054 multa
2550 3009 2859 3067 magnaque
2897 2991 3030 3059 sint,
3082 2986 3445 3057 contemptim

1855 3102 2067 3154 cernat.
2119 3094 2192 3147 At
2230 3090 2279 3149 si
2316 3089 2516 3146 vitium
2561 3099 2799 3156 usquam
2826 3087 3113 3153 appareat,
3147 3085 3447 3150 quantum-

1857 3188 1994 3245 libet
2020 3187 2127 3243 hoc
2150 3184 2272 3240 leve
2307 3182 2402 3247 sit,
2436 3190 2491 3235 et
2520 3194 2549 3233 a
2583 3176 2777 3232 multis
2802 3174 3137 3233 factitatum,
3173 3169 3228 3225 id
3254 3183 3449 3240 quam-

1859 3287 2098 3359 primum
2152 3275 2571 3339 animadvertit,
2616 3282 2673 3329 et
2724 3277 2979 3342 prompte
3017 3267 3220 3337 carpit,
3245 3279 3445 3336 perpe-

1861 3390 2065 3450 tuaque
2126 3372 2391 3431 memoria
2463 3368 2656 3437 agitat.
2715 3363 2829 3419 Hoc
2896 3375 3065 3432 porro
3126 3372 3356 3429 parvum
3392 3361 3448 3409 et

1860 3471 1990 3537 vile,
2025 3471 2324 3524 multorum
2373 3481 2518 3537 saapc
2546 3470 2987 3532 magnorumque
3017 3454 3272 3509 virorum
3328 3448 3446 3520 glo-

1862 3565 1998 3620 riam
2030 3563 2250 3618 minuit.

2143 3673 2278 3729 TlT.
2305 3671 2392 3727 Ill.
2422 3701 2491 3712 —
2512 3669 2589 3725 De
2620 3662 3159 3722 murmurationibus.

1937 3785 2103 3842 Num.
2145 3799 2222 3850 ιιι,
2258 3785 2309 3848 1,
2342 3783 2398 3837 ε.
2422 3811 2493 3823 -
2520 3799 2541 3834 ι
2574 3778 2712 3834 Erat
2763 3775 3006 3847 populus
3040 3782 3397 3825 murmurans
3425 3780 3445 3819 ε

1862 3887 1919 3936 et
1946 3880 2120 3934 iratus
2149 3885 2234 3933 est
2265 3875 2551 3939 Dominus,
2586 3880 2643 3928 et
2683 3868 2894 3925 exarsit
2924 3862 3091 3936 ignis,
3122 3870 3178 3916 et
3204 3856 3446 3915 comedit

1862 3982 2075 4046 partem
2101 3984 2433 4027 castrorum.
2460 3986 2481 4020 ο

1934 4064 2064 4135 Sap.
2101 4062 2256 4131 1,12.
2289 4091 2362 4105 -
2398 4078 2415 4111 ι
2448 4056 2738 4115 Custodite
2794 4066 2945 4108 vosa
2982 4045 3441 4106 murmuratione,

1862 4174 1986 4230 quae
2008 4157 2143 4213 nihil
2176 4154 2496 4225 prudest,et
2521 4166 2551 4203 a
2581 4147 2924 4205 detractione
2953 4142 3165 4214 parcite
3192 4139 3397 4207 linguae
3427 4153 3449 4191 ε

1862 4249 1994 4320 quia
2028 4246 2259 4317 spiritus
2284 4244 2558 4297 obscurus
2591 4240 2645 4293 in
2690 4250 2925 4292 vacuum
2954 4247 3066 4287 non
3099 4229 3221 4285 ibit.
3261 4246 3279 4281 ι

1934 4316 2106 4394 Eccli.
2129 4353 2184 4405 v,
2212 4336 2304 4391 25.
2333 4363 2405 4374 -
2442 4350 2461 4386 ι
2491 4332 2590 4386 Vir
2614 4330 2836 4401 sapiens
2866 4326 2978 4382 non’
3017 4316 3447 4378 murmurabitJ

1932 4435 1962 4488 1
1994 4431 2119 4488 Cor.
2167 4447 2222 4497 ι,
2256 4429 2345 4484 10.
2368 4456 2437 4469 --
2482 4444 2502 4479 ι
2534 4424 2614 4480 Ne
2649 4419 3031 4486 murmuretis,
3086 4412 3436 4488 quemadmo-

1864 4526 1995 4582 dum
2032 4520 2259 4594 quidam
2288 4522 2795 4579 murmuraverunt,
2837 4520 2895 4568 et
2948 4506 3319 4583 perieruntab
3351 4520 3428 4560 ex-

1791 4585 1841 4646 θ
1869 4616 2243 4675 terminatore.
2275 4631 2293 4664 ι

1932 4727 2165 4797 Philipp.
2224 4740 2290 4789 ιι,
2326 4724 2417 4779 14.
2446 4751 2520 4762 -
2548 4738 2565 4771 ι
2597 4716 2796 4775 Omnia
2839 4714 3004 4770 facite
3043 4711 3166 4767 sine
3194 4721 3443 4763 murmu-

1860 4821 2195 4883 rationibus,
2223 4827 2285 4871 ut
2317 4816 2442 4873 sitis
2480 4814 2603 4871 sine
2636 4808 3094 4883 reprehensione.
3129 4826 3151 4857 ι

1930 4907 2105 4965 Basil.
2135 4907 2265 4979 Reg.
2294 4906 2470 4976 fusius
2517 4902 2719 4972 disput.
2762 4916 2900 4969 resp.
2928 4900 3019 4956 τε).
3054 4929 3124 4940 -
3146 4900 3444 4968 Acceptum

1860 5016 2004 5073 opus
2026 5015 2138 5055 non
2161 5007 2270 5064 est,
2301 4995 2447 5067 quod
2484 5011 2514 5049 a
2544 4991 3025 5049 murmurantibus
3058 4988 3307 5052 offertur,
3335 5001 3442 5040 non

1864 5107 2033 5150 secus
2089 5106 2154 5147 ac
2183 5088 2408 5146 victima
2466 5086 2560 5142 cui
2619 5086 2811 5143 subest
2844 5083 3085 5141 macula.
3117 5110 3189 5122 ——
3217 5079 3442 5149 Oportet

1862 5200 1992 5257 ergo
2039 5184 2225 5256 segnis
2255 5194 2311 5239 et
2339 5179 2670 5240 reluctantis
2717 5193 2861 5250 opus
2903 5172 3159 5232 sodalitio
3209 5170 3441 5225 fratrum

1863 5290 2070 5332 arcere.

1863 5389 2002 5449 TIT.
2054 5388 2149 5445 ιν.
2187 5419 2259 5430 —
2284 5387 2363 5444 De
2389 5388 2626 5451 senibus,
2673 5394 2725 5439 et
2764 5395 2920 5440 (etate
2962 5377 3221 5453 prouectis
3262 5377 3391 5432 viris
3424 5396 3442 5434 :

2178 5469 2230 5516 et
2263 5461 2404 5530 quod
2430 5475 2518 5513 eos
2548 5467 2783 5527 oporteat
2816 5456 3102 5512 honorare.

1933 5571 2101 5627 Levii.
2131 5586 2244 5637 xix,
2278 5569 2371 5625 ‘52.
2396 5600 2469 5612 —-
2508 5588 2530 5623 ι
2552 5569 2754 5625 Coram
2789 5583 2930 5625 cano
2958 5569 3140 5641 capite
3159 5584 3439 5641 assurgus,

1865 5672 1920 5720 et
1944 5662 2258 5731 ,lwnorabis
2289 5662 2487 5718 faciem
2509 5660 2766 5717 senioris.
2793 5677 2813 5712 ι

1938 5754 2097 5810 Deut.
2131 5770 2305 5819 χχχιι,
2338 5754 2395 5809 7.
2433 5782 2504 5796 --
2541 5772 2561 5807 ι
2605 5752 2881 5825 Interroga
2929 5763 3137 5824 patrem
3173 5762 3350 5820 tuum,
3381 5760 3439 5809 et

1871 5845 2221 5904 annuntiabit
2262 5844 2385 5910 tibi,
2419 5856 2475 5902 ct
2525 5844 2772 5901 seniores
2800 5852 2945 5911 tuos,
2975 5852 3028 5900 et
3060 5843 3242 5900 dicent
3260 5840 3380 5899 tibi.
3410 5859 3434 5893 ι
