4024 6404
608 335 753 402 ’1307

683 452 788 535 Job
825 470 921 521 xu,
955 457 1044 512 12.
1072 490 1140 502 -
1172 481 1192 515 ι
1218 463 1273 519 In
1310 471 1483 525 multo
1526 480 1770 546 tempore
1803 494 1864 534 sa

600 547 672 626 .in
710 548 869 619 longa
912 551 1020 606 vita
1058 556 1311 613 scientia.
1346 582 1366 613 ι

683 637 786 694 Job
816 658 988 710 xxxii,
1022 644 1075 699 6.
1110 678 1181 687 --
1213 669 1232 700 ι
1268 654 1464 709 Junior
1489 672 1608 711 sum
1636 667 1819 728 aetate,
1868 680 1966 720 vos
2011 678 2192 724 autem

601 722 747 786 estis
790 734 1036 790 seniores
1082 754 1096 791 :
1133 738 1340 798 idcirco
1389 746 1667 804 silentium
1731 753 1838 825 egi,
1872 758 2079 815 veritus
2125 777 2196 817 ne
2292 792 2351 827 τε

612 838 930 879 enarrarem
966 829 1123 885 vobis
1145 833 1400 901 peritiam
1430 853 1630 896 meam.
1671 862 1691 894 ι

679 911 842 969 Prov.
870 932 979 983 xvr,
1014 918 1178 973 5L—
1206 941 1225 973 ‹
1254 924 1472 981 Corona
1496 930 1844 999 gloriationis
1890 951 2149 1000 senectus
2173 965 2186 1001 :

608 1017 666 1057 in
694 1005 798 1059 viis
826 1015 1008 1062 autem
1031 1010 1265 1077 justitize
1295 1021 1592 1088 reperitur.
1632 1045 1650 1078 ι

684 1096 840 1153 Prov.
871 1116 960 1165 xx,
992 1101 1081 1156 99.
1112 1135 1184 1147 ——
1221 1127 1241 1158 ι
1280 1108 1469 1167 Gloria
1501 1131 1697 1174 senum
1737 1124 1986 1183 canities.
2022 1148 2040 1181 ι

676 1188 805 1257 Sap.
859 1208 931 1257 IV,
971 1193 1023 1247 8.
1053 1226 1122 1236 —
1160 1215 1179 1249 ι
1221 1198 1488 1260 Senectus
1553 1214 1881 1271 venerabilis
1934 1227 2040 1283 est,
2077 1237 2185 1278 non

603 1280 763 1351 longa
820 1290 952 1339 artas
983 1304 996 1339 :
1032 1303 1210 1357 neque
1274 1308 1506 1350 numero
1540 1299 1754 1356 dierum
1809 1320 2182 1378 computatur.

601 1373 736 1427 Cani
776 1386 905 1430 sunt
936 1394 1138 1437 sensus
1176 1382 1439 1456 hominis,
1477 1398 1531 1446 et
1558 1402 1691 1452 aetas
1721 1404 2024 1460 senectutis
2069 1408 2180 1463 vita

601 1462 977 1523 immaculata.
1006 1491 1023 1522 ι

672 1554 842 1614 Eccli.
875 1576 954 1623 vt,
987 1562 1077 1619 '54.
1108 1597 1173 1607 -κ
1207 1585 1226 1619 ι
1255 1569 1310 1624 In
1367 1575 1722 1636 multitudine
1760 1585 2043 1642 seniorum
2074 1600 2179 1656 sta,

597 1658 653 1701 et
677 1650 723 1703 si
751 1652 880 1720 Quis
906 1666 991 1709 est
1016 1659 1262 1726 sapiens,
1294 1665 1612 1726 adhaeresce
1635 1676 1707 1729 ei.
1758 1696 1777 1726 ι

670 1741 840 1801 Eccli.
897 1764 1018 1813 mi,
1048 1752 1135 1807 Η.
1168 1784 1239 1795 -
1267 1776 1286 1809 ι
1325 1757 1402 1814 Ne
1433 1773 1483 1815 te
1541 1775 1867 1833 praetereant
1902 1776 2177 1831 narratio-

596 1848 696 1891 nes
762 1838 1064 1897 seniorum.
1121 1844 1232 1917 Ipsi
1286 1851 1432 1905 enim
1485 1855 1795 1931 didicerunt
1842 1879 1872 1918 a
1931 1868 2176 1935 patribus
2208 1840 2250 1897 Β

594 1924 731 1981 tuis.
764 1946 783 1980 ι
842 1959 913 1970 -
964 1951 983 1984 ‹
1019 1932 1098 1990 Ne
1152 1953 1385 2008 spernas
1443 1924 1720 2005 hominem
1772 1953 1827 2007 in
1884 1965 2175 2017 senectute

594 2033 776 2073 δυο..

662 2108 826 2184 404
849 2111 1017 2171 Eccli.
1046 2134 1171 2186 xxv,
1190 2121 1355 2177 8.-ι
1370 2125 1588 2184 Corona
1616 2148 1810 2189 senum
1834 2139 2005 2196 multa
2034 2146 2176 2214 peri-

592 2202 690 2266 tia,
724 2213 779 2259 et
807 2206 983 2276 gloria
1005 2210 1223 2269 illorum
1256 2217 1422 2273 timor
1451 2220 1688 2282 Domini.
1727 2246 1747 2279 ι

660 2296 832 2355 Eccli.
863 2318 1032 2369 xxx",
1062 2306 1115 2363 4.
1144 2336 1216 2348 —
1249 2328 1269 2362 ι
1305 2310 1576 2384 Loquere,
1602 2322 1779 2391 major
1807 2337 1939 2380 natu
1970 2341 1985 2377 :
2015 2326 2174 2386 decet

584 2390 733 2444 enim
769 2402 842 2448 te.
878 2414 897 2447 ι

661 2482 829 2539 Eccli.
858 2502 985 2553 xxv,
1020 2489 1076 2544 4.
1106 2521 1178 2531 -
1204 2511 1223 2545 ι
1252 2493 1427 2560 Quam
1478 2502 1794 2570 speciosum
1822 2510 2055 2567 canitiei
2076 2515 2174 2585 ju-

581 2574 815 2641 dicium,
849 2588 902 2635 et
929 2584 1261 2655 presbyteris
1290 2603 1457 2646 nosse
1485 2596 1799 2652 consilium.
1832 2620 1850 2651 ι

651 2666 826 2725 Basil.
884 2670 1048 2730 Hom.
1082 2675 1118 2728 Ξ
1145 2677 1208 2732 de
1260 2680 1435 2750 jejun.
1464 2714 1535 2725 —
1580 2686 1861 2759 Quidquid
1911 2697 2174 2763 praacellit

580 2760 934 2829 antiquitate,
971 2765 1028 2821 id
1057 2772 1416 2829 veneratione
1451 2775 1677 2846 dignum
1710 2791 1815 2837 est.

657 2851 849 2923 Ejusd.
904 2858 962 2912 in
988 2877 1108 2929 cap.
1142 2879 1202 2919 ιιι
1257 2864 1376 2921 Isa.
1404 2900 1474 2909 —
1503 2871 1584 2926 Ad
1624 2888 1815 2932 senem
1852 2877 2168 2939 faciendum

582 2940 703 3009 plus
722 2946 976 3017 profecto
1006 2950 1061 3005 in
1089 2955 1249 3009 senili
1285 2959 1595 3029 prudentia,
1626 2981 1792 3035 quam
1835 2970 1890 3025 in
1933 2976 2165 3046 capillo-

583 3049 707 3089 rum
740 3039 962 3105 canitie,
997 3048 1261 3102 momenti
1291 3059 1394 3107 est.

656 3124 795 3185 Nili.
824 3162 894 3172 —
922 3133 982 3187 In
1028 3137 1181 3192 omni
1215 3155 1277 3196 re
1322 3143 1648 3216 plerumque
1678 3151 2049 3220 periculosum
2074 3169 2158 3215 est

1790 365 1855 427 S.
1892 366 2212 431 JOANNIS
2245 372 2672 441 DAMASCENI

3756 402 3888 472 13$

1868 480 2079 550 Ρίθιιιίθ
2101 502 2117 551 ;
2138 493 2191 541 ει
2220 494 2268 549 Α
2370 511 2389 544 ι
2433 495 2523 551 Ἐν
2545 498 2728 572 πολλῷ
2751 505 2929 577 χρόνῳ
2960 512 3143 579 σοφία,
3171 513 3230 566 ὲν
3248 514 3306 569 δὲ
3329 518 3532 591 μακρῷ
3560 521 3860 607 χρόνῳὲπι

2297 588 2503 659 στήμη.
2545 611 2566 643 ι

2373 700 2392 732 ι
2428 681 2715 757 Νεὼτερος
2748 691 2848 760 μέν
2893 696 3006 765 εἰμι
3031 698 3109 767 τῷ
3134 700 3335 773 χρόνῳ,
3365 704 3522 775 ὑμεῖς
3550 707 3609 761 δὲ
3638 712 3877 779 πρεσϐύ-

2358 794 2469 845 ροιο
2505 779 2584 832 διὸ
2623 781 2876 852 ἡσύχασα
2928 790 3186 858 φοϐηθεὶς
3234 794 3559 865 ἀναγγεῖλαι
3607 802 3742 873 ὑμῖν
3783 806 3876 875 τὴν

2292 867 2534 938 ἐμαυτοῦ
2571 873 2904 947 ἐπιστήμην.
2945 900 2964 932 ι

2368 980 2386 1012 ι
2422 963 2695 1033 Στέφανος
2741 972 3085 1042 καυχήσεως,
3139 976 3351 1046 γῆρας·
3400 982 3461 1035 ὲν
3505 985 3563 1038 δὲ
3604 986 3755 1050 ὁδοῖς
3796 988 3871 1040 διο

2290 1054 2586 1126 καιοσύνης
2615 1058 2953 1128 εὑρίσκεται.
2998 1084 3017 1118 ι

2362 1164 2381 1196 ι
2421 1148 2560 1215 Δόξα
2584 1153 2978 1225 πρεσϐυτέρων
3008 1158 3191 1215 πολιά.
3238 1183 3256 1216 ι

2364 1255 2383 1288 ι
2418 1240 2603 1310 Γῆρας
2631 1244 2829 1314 τίμιον,
2870 1248 2931 1299 ού
2983 1249 3043 1303 τὸ
3072 1252 3441 1326 Ιπολύχρονον,
3471 1261 3592 1313 οὐδὲ
3652 1264 3870 1334 ἀριθμῷ

2284 1328 2422 1381 ἑτῶν
2451 1333 2814 1405 μεμέτρηται.
2870 1339 3043 1394 Πολιά
3093 1345 3211 1398 ἐστι
3263 1349 3525 1421 φρόνησις
3546 1328 3727 1424 ἀνδρί,

2283 1421 2468 1491 ἡλικία
2493 1426 2699 1497 γήρως,
2726 1428 2840 1498 βίος
2869 1433 3225 1504 ἀκηλίδωτος.
3266 1458 3287 1491 ι

2357 1618 2377 1651 ι
2430 1602 2518 1658 Ἐν
2540 1603 2738 1677 πλήθει
2770 1611 3157 1684 πρεσϐυτέρων
3202 1615 3393 1687 στῆθι·
3430 1619 3527 1672 καὶ
3553 1622 3614 1674 ετ
3641 1623 3728 1687 τίς
3759 1624 3869 1678 lat:

2282 1693 2465 1761 σοφὸς,
2491 1699 2934 1773 προσκολλήθητι
2964 1704 3134 1774 αὐτῷ.
3172 1725 3192 1757 ι

2356 1802 2376 1836 ι
2406 1785 2497 1856 Μὴ
2529 1788 2749 1860 ἁστόχει
2772 1791 3131 1865 διηγημάτων
3146 1798 3418 1868 γερόντων
3443 1819 3456 1831 '
3496 1805 3591 1856 καὶ
3629 1803 3742 1876 γὰρ
3772 1809 3866 1859 αὑ-

2278 1876 2362 1929 τοὶ⁸
2392 1877 2597 1947 ἔμαθον
2623 1882 2779 1954 παρὰ
2822 1884 2932 1938 τῶν
2982 1887 3239 1958 πατέρων
3294 1892 3497 1947 αὐτῶν.
3542 1914 3559 1946 ι
3602 1926 3672 1937 -
3717 1916 3737 1948 ι
3778 1898 3865 1967 Μή

2278 1968 2559 2043 ἀτιμάσῃς
2585 1971 2756 2045 ἄνδρα
2784 1975 2842 2029 ὲν
2866 1977 3014 2050 γήρᾳ
3044 1980 3232 2033 αὐτοῦ.
3277 2000 3295 2033 ι

2352 2167 2373 2199 ι
2404 2150 2676 2219 Στέφανος
2696 2153 2969 2224 γερόντων
2998 2157 3326 2228 πολυπειρία
3346 2178 3360 2190 ·
3388 2161 3483 2214 καὶ
3508 2162 3569 2215 τὸ
3600 2164 3861 2235 καύχημα

2276 2240 2457 2296 αὐτῶν
2485 2243 2649 2311 φόϐος
2673 2247 2902 2317 Κυρίου.
2935 2267 2953 2300 ι

2352 2354 2370 2386 ι
2404 2335 2674 2407 Λάλησον,
2694 2340 3034 2413 πρεσϐύτερε
3055 2360 3068 2374 ·
3100 2345 3298 2415 πρέπει
3331 2347 3440 2418 γάρ
3476 2365 3581 2402 σοι.
3625 2369 3648 2401 ι

2352 2551 2370 2583 ι
2424 2533 2513 2596 Ὠς
2567 2534 2771 2606 ὡραῖον
2822 2540 3041 2605 πολιαῖς
3077 2542 3279 2612 κρίσις,
3320 2546 3414 2597 καὶ
3456 2546 3851 2619 πρεσϐυτέροις

2274 2624 2573 2691 ἐπιγνῶναι
2606 2626 2821 2699 βουλήν.
2858 2648 2875 2681 ι

2344 2717 2460 2771 Πᾶν
2482 2718 2541 2770 τὸ
2571 2718 2893 2790 ἀρχαιότητι
2923 2720 3203 2795 διαφέρον,
3227 2725 3528 2798 αἰδέσιμον.

2341 2895 2530 2950 Πλεῖον
2576 2895 2655 2968 τῷ
2686 2898 2799 2952 ὄντι
2824 2899 2920 2969 τῆς
2961 2901 3022 2953 ὲν
3062 2901 3208 2971 Θριξὶ
3245 2907 3573 2975 λευκότητος
3600 2909 3685 2970 είς
3716 2926 3844 2979 πρε.

2270 2988 2531 3060 σϐυτέρου
2568 2988 2847 3059 σύστασιν,
2878 2992 2939 3045 τὸ
2980 2995 3039 3046 ὲν
3084 2996 3348 3067 φρονήσει
3393 2999 3838 3070 πρεσϐυτερικόν.

2189 3186 2231 3245 C
2354 3165 2474 3220 Ἐπὶ
2513 3168 2714 3232 παντὸς
2743 3169 2821 3230 ὡς
2861 3169 3091 3225 ἐπιπολὺ
3140 3171 3489 3243 πράγματος,
3542 3175 3835 3244 ἐπισφαλής

580 3235 611 3274 a
636 3220 860 3289 juventa
880 3229 1175 3285 consilium
1199 3243 1389 3303 petere
1420 3254 1433 3290 :
1466 3254 1643 3309 neque
1668 3241 1830 3300 facile
1859 3249 2153 3319 quisquam

582 3314 787 3339 ﬁliuni)
840 3321 1007 3339 ..η--.9-
1066 3322 1102 3339 ι·
1634 3334 1649 3339 -

2605 3220 2608 3221 ν
2692 3220 2710 3232 .
2756 3220 2817 3230 η-
3147 3220 3489 3243 urar—wn
3543 3220 3833 3244 "my-mn

2278 3259 2568 3330 ιύμϐουλος
2621 3262 2655 3331 ή
2698 3262 2921 3334 νεότης’
2953 3264 3047 3316 καὶ
3090 3265 3194 3318 οὐκ
3226 3264 3291 3318 ἄν
3325 3283 3413 3329 τις
3457 3266 3597 3339 εὕρῃ
3650 3269 3833 3339 ῥαδίως

580 3314 790 3384 aliquid
839 3321 1017 3389 pretio
1048 3322 1280 3395 dignum
1338 3345 1465 3387 esse
1517 3334 1829 3391 confectum
1876 3314 2157 3413 reperiat.

579 3407 669 3460 cui
720 3423 827 3463 non
891 3414 1129 3473 canities
1180 3434 1398 3490 quoque
1432 3424 1500 3478 ad
1548 3429 1797 3489 consilii.
1838 3435 2157 3493 societatem

578 3504 753 3558 ascita
781 3505 969 3565 fuerit.

648 3595 708 3653 S.
768 3597 926 3670 Greg.
974 3603 1118 3662 Naz.
1164 3620 1306 3666 orat.
1349 3613 1402 3667 1.
1441 3616 1732 3675 ——Melior
1784 3632 1870 3679 est
1914 3628 2153 3687 canities

575 3690 879 3761 conjuncta
932 3712 1057 3753 cum
1089 3702 1412 3775 prudentia,
1445 3723 1607 3780 quam
1662 3713 1919 3784 juventus
1971 3721 2157 3778 ineru-

454 3832 459 3833 ,
574 3781 710 3840 dita.

643 3879 703 3934 S.
741 3880 895 3954 Greg.
931 3884 1098 3956 Nysa.
1125 3919 1193 3930 —
1228 3890 1471 3951 Canities
1502 3912 1694 3952 senum
1714 3901 1914 3959 lenitas
1942 3920 2154 3962 morum

570 3978 657 4024 est
682 3989 695 4036 ;
723 3974 829 4028 vita
854 3985 1038 4033 autem
1070 3979 1318 4049 ipsorum
1344 4001 1474 4040 vera
1499 3989 1754 4045 scientia.

644 4060 840 4133 Evagr.
872 4098 942 4109 —-
987 4067 1126 4124 Tum
1161 4071 1412 4130 ﬂorescit
1461 4081 1701 4143 animus,
1761 4092 1819 4137 ut
1868 4085 2153 4141 scientiam

569 4154 836 4223 proferat,
898 4174 1025 4215 cum
1057 4166 1311 4235 corporis
1364 4169 1518 4239 vigor
1563 4175 1827 4242 temporis
1881 4177 2157 4233 diuturni-

570 4249 685 4298 tate
709 4250 1021 4304 marcescit.

643 4335 863 4395 Pltilon.
912 4340 991 4395 De
1033 4342 1361 4401 Abrahamo.
1396 4379 1467 4390 —
1497 4350 1601 4417 Qui
1651 4369 1784 4412 vere
1817 4373 1986 4414 senex
2043 4371 2150 4428 est,

570 4443 681 4482 non
736 4430 897 4503 longa
923 4441 1105 4499 aetate,
1145 4439 1242 4494 sed
1296 4441 1557 4498 laudabili
1587 4455 1753 4517 atque
1801 4452 2043 4521 perfecta
2072 4458 2154 4512 vi-

2262 3351 2609 3422 κατορθωθέν
2641 3370 2694 3405 τι
2722 3354 2832 3407 τῶν
2866 3355 3102 3425 σπουδῆς
3126 3355 3315 3423 ἀξιῶν,
3350 3351 3395 3426 ᾧ
3436 3359 3512 3429 μὴ
3557 3362 3650 3413 καὶ
3679 3362 3826 3414 πολιὰ

2261 3444 2699 3517 συμπαρελήφθη
2731 3445 2869 3516 πρὸς
2898 3447 3185 3502 κοινωνίαν
3210 3449 3307 3503 τοῦ
3349 3450 3697 3522 σκέμματος.

2327 3623 2614 3692 Κρείσσων
2638 3622 2802 3678 πολιὰ
2828 3625 2968 3696 μετὰ
2991 3627 3328 3699 φρονήσεως,
3349 3630 3687 3686 ἀπαιδεύτου
3711 3634 3824 3685 νεό-

2256 3729 2437 3783 τητος.

2327 3909 2494 3965 Πολιὰ
2523 3912 2795 3984 γερόντων
2823 3912 3068 3985 πραότης
3086 3930 3101 3945 ⁹
3131 3918 3244 3992 ζωὴ
3292 3920 3351 3974 δὲ
3396 3923 3599 3990 αὐτῶν,
3636 3925 3824 3993 γνῶσις

2256 4002 2485 4072 ἀληθής.

2338 4096 2604 4151 Ἀνθεῖται
2630 4099 2769 4170 πρὸς
2793 4101 3102 4176 ἐπιστήμην
3128 4104 3293 4177 ψυχὴ,
3325 4106 3491 4161 ὁπότε
3520 4107 3615 4161 τοῦ
3648 4108 3819 4180 σώμα-

2254 4201 2344 4247 τος
2366 4184 2541 4254 ἀκμαί
2573 4189 2738 4259 μήκει
2769 4193 3149 4264 μαραίνονται.

2333 4360 2390 4413 '0
2429 4361 2655 4433 ἀληθείᾳ
2700 4366 3092 4438 πρεσϐύτερος,
3135 4367 3237 4422 οὐκ
3280 4370 3341 4423 ὲν
3389 4370 3564 4442 μήκει
3604 4373 3821 4443 χρόνων,

2254 4451 2366 4506 ἀλλ’
2403 4453 2462 4505 ὲν
2503 4455 2769 4524 ὲπαινετῷ
2807 4458 2900 4512 καὶ
2943 4460 3132 4531 τελείῳ
3182 4460 3282 4532 βίῳ
3330 4461 3645 4534 θεωρεῖται.
3679 4466 3808 4527 Τοὺς

567 4522 732 4577 vendi
788 4526 1317 4605 ratione‘censetur.
1349 4535 1451 4601 Qui
1477 4553 1611 4610 ergo
1644 4542 1783 4597 citra
1816 4546 2149 4615 probitatem

2278 4546 2357 4600 ιὲν
2385 4540 2478 4600 οὖν
2504 4547 2674 4601 αἰῶνα
2706 4550 2872 4604 πολὺν
2898 4551 3200 4623 τρίψαντας
3230 4555 3288 4608 ὲν
3306 4558 3372 4625 τῇ
3410 4556 3552 4625 μετὰ
3583 4557 3822 4627 σώματος

568 4628 808 4682 morum,
874 4632 1194 4689 corpoream
1256 4624 1424 4681 vitam
1482 4630 1656 4687 multo
1687 4648 1804 4690 aevo
1842 4635 2144 4706 duxerunt,

568 4707 769 4763 vetusti
793 4710 946 4778 pueri
976 4712 1197 4770 dicendi
1226 4716 1452 4786 fuerint,
1487 4725 1581 4793 qui
1638 4743 1919 4798 nunquam
1951 4732 2148 4803 dignas

568 4799 726 4855 canis
785 4800 1115 4875 disciplinas
1167 4815 1536 4883 perceperint.
1589 4819 1937 4879 —Canities
1998 4799 2149 4881 tran-

570 4889 779 4958 quillus
826 4900 1024 4963 portus
1071 4906 1179 4952 est.
1209 4930 1279 4939 —
1312 4902 1517 4961 Senilis
1574 4909 1830 4977 corporis
1890 4912 2145 4984 languor,

569 4980 740 5038 animi
769 4992 1022 5042 motuum
1058 4994 1404 5060 compressio
1437 5005 1544 5054 est.

568 5076 933 5155 τιτῗνῗῖ-
957 5100 1037 5157 De
1069 5105 1429 5191 lagricultura
1480 5122 1531 5165 et
1568 5115 1819 5191 agricolis
1848 5134 1869 5173 :
1896 5128 1946 5174 et
1999 5122 2143 5191 quod

1064 5173 1259 5229 bonum
1282 5179 1351 5231 sit
1380 5173 1608 5250 operari:

638 5260 769 5319 Gen.
815 5280 896 5331 ιιι,
914 5266 1109 5322 25.-‹
1133 5267 1307 5338 Ejecit
1323 5270 1582 5331 Dominus
1598 5276 1769 5335 Adam
1792 5280 1860 5338 de
1884 5284 2143 5353 paradiso

567 5354 891 5425 voluptatis,
923 5368 983 5414 ut
1005 5370 1332 5431 operaretur
1366 5371 1567 5421 terram
1630 5369 1698 5425 de
1730 5387 1839 5442 qua
1890 5385 2143 5447 sumptus

520 5462 524 5466 ’
566 5454 670 5499 est.
712 5463 734 5499 δ

644 5534 774 5592 Gen.
814 5555 890 5603 rx,
918 5542 1098 5599 20.—
1132 5564 1152 5597 ι
1175 5545 1354 5618 Οωιιίι
1396 5547 1510 5605 Noe
1546 5551 1631 5605 vir
1660 5554 1898 5624 agricola
1934 5564 2137 5611 terram

574 5629 776 5694 colere,
831 5640 887 5687 et
933 5635 1198 5704 plantavit
1254 5642 1489 5708 vincam,
1522 5652 1576 5700 et
1628 5645 1768 5701 bibit
1794 5661 1863 5702 ex
1902 5647 2057 5715 vino,
2088 5658 2143 5705 et

576 5719 884 5779 inebriatus
909 5734 1014 5781 est.
1046 5747 1063 5780 ι

651 5808 783 5867 6m.
842 5831 988 5885 χιιι,
1019 5818 1106 5875 M.
1140 5853 1207 5866 —-
1263 5842 1286 5877 ll
1311 5822 1564 5886 lssacbar
1614 5828 1821 5888 bonum
1848 5831 2137 5905 appetivit,

2251 4636 2386 4709 ζωῇ,
2416 4638 2538 4709 δίχα
2576 4640 2981 4711 καλοκαγαθίας
3004 4684 3018 4706 ,
3076 4645 3468 4717 πολυχρονίους
3508 4650 3705 4713 παῖδας
3734 4650 3815 4701 λε-

2250 4731 2425 4796 κτέον,
2485 4732 2784 4804 μαθήματα
2843 4735 3036 4801 πολιᾶς
3081 4737 3207 4803 ἄξια
3272 4739 3554 4808 μηδέποτε
3606 4743 3817 4795 παιδευ-

2250 4821 2460 4887 θέντας.
2502 4854 2573 4864 --
2617 4826 2953 4897 Ἀκύμαντος
3000 4829 3164 4901 λιμὴν
3216 4831 3401 4885 πολιὰ.
3448 4863 3519 4874 -
3566 4834 3808 4905 Σὼματος

2248 4914 2535 4987 παρακμὴ,
2565 4916 2870 4989 καταστολὴ
2899 4919 3109 4973 παθῶν.

2247 5111 2428 5166 ΤιΤΛ.
2457 5111 2532 5167 E'.
2566 5143 2633 5153 —
2659 5112 2803 5189 Περί
2824 5115 3109 5189 γεωργίας
3136 5116 3237 5189 καὶ
3262 5118 3565 5189 γεωργῶν*
3597 5120 3685 5175 καί
3718 5118 3794 5171 ὅτι

2688 5184 2884 5237 καλὸν
2910 5186 2977 5237 τὸ
3006 5184 3372 5253 ἐργάζεσθαι.

2248 5286 2251 5287 ⁷
2323 5290 2343 5324 ι
2391 5273 2645 5338 Ἐξέϐαλε
2684 5273 2890 5346 Κύριος
2933 5275 3025 5328 τὸν
3064 5260 3235 5349 Ἀδὰμ
3264 5279 3328 5332 ὲκ
3364 5278 3459 5332 τοῦ
3487 5278 3785 5352 παραδείσου

2243 5365 2343 5437 τῆς
2362 5365 2597 5437 τρυφῆς,
2628 5364 2959 5438 ἐργάζεσθαι
2984 5368 3082 5441 τὴν
3106 5369 3213 5440 γῆν
3240 5370 3301 5435 ἐξ
3326 5365 3394 5443 ἧς
3416 5372 3643 5443 ἐλήφθη.
3676 5390 3695 5425 ι

2321 5566 2339 5599 ι
2376 5542 2626 5618 Ἤρξατο
2653 5545 2777 5600 Νῶε
2806 5546 3094 5619 ἄνθρωπος
3128 5550 3372 5622 γεωργὸς
3400 5550 3524 5622 γῆς,
3554 5550 3641 5604 καὶ
3663 5547 3777 5617 tod-

2243 5656 2435 5692 τευσεν
2457 5639 2773 5710 ἀμπελῶνα,
2806 5640 2899 5694 καὶ
2929 5640 3082 5697 ἔπιεν
3115 5644 3179 5695 ὲκ
3224 5642 3319 5697 τοῦ
3370 5644 3533 5711 οἴνου,
3562 5643 3646 5698 καὶ
3673 5644 3780 5710 ἐμε-

2245 5730 2438 5801 θύσθη.
2478 5751 2496 5783 ι
2584 5746 2587 5749 “

2318 5842 2338 5877 ι
2393 5823 2610 5893 Ἰσάχαρ
2659 5824 2719 5879 τὸ
2764 5824 2926 5878 καλὸν
2973 5823 3339 5897 ἐπεθύμησεν,
3380 5828 3777 5902 ᾕάναπαυόμενος
