4024 6430
291 406 429 476 1309

1552 416 1792 478 SACRA
1829 409 2293 471 PARALLELA.

2093 166 2123 189 Ι

3403 386 3544 453 I310

282 525 565 595 ἀναμέσον
590 526 698 577 τῶν
726 525 976 596 κλήρωνο
1002 528 1098 582 καὶ⁵
1148 524 1275 580 ἰδὼν
1300 525 1399 597 τὴν
1428 522 1757 581 ἀνάπαυσιν,
1785 523 1865 575 ὅτι

1991 517 2324 587 'equiescens
2353 515 2497 569 inter
2534 518 2731 565 sortes.
2765 506 2831 560 Et
2862 504 3053 558 videns
3097 501 3362 570 requiem,
3391 501 3541 571 quod

290 620 453 691 καλὴ,
471 619 565 672 καὶ
593 617 690 691 τὴν
721 619 826 689 γῆν
847 619 930 673 ὃτι
956 620 1131 686 πίων,
1164 618 1377 671 τέθεικε
1402 616 1494 670 τὸν
1526 610 1677 687 ὦμον
1703 611 1867 668 αὐτοῦ

290 712 376 775 εις
406 709 468 763 τὸ
491 711 697 775 πονεῖν,
725 710 818 763 καὶ
848 709 1082 781 ἐγενήθη
1113 709 1255 780 ἀνὴρ
1291 706 1557 779 γεωργός.
1601 725 1621 758 ι

369 902 390 936 ι
436 881 729 953 Ἐπιμελοῦ
778 882 888 936 τῶν
928 884 987 935 ἐν
1032 882 1201 952 πεδίῳ
1248 879 1492 951 χλωρῶν,
1536 878 1632 931 καὶ
1685 877 1872 946 κερεῖς

291 978 433 1033 πόαν
458 995 474 1011 ο
503 977 705 1046 σύναγε
731 976 925 1048 χόρτον
957 976 1187 1047 ὀρεινὸν,
1227 975 1313 1028 ἵνα
1348 973 1479 1044 ἔχῃς
1512 970 1763 1043 πρόϐατα
1792 969 1870 1033 είς

258 1036 609 1140 θῖματισμόν.
647 1036 874 1140 Ῠίμῖαιδέ
901 1036 1103 1134 πεδίον,
1127 1036 1215 1119 ἵνα
1243 1060 1343 1119 ώσί
1380 1036 1461 1118 ES:
1491 1036 1676 1134 ἄρνες.
1717 1081 1738 1114 ι

369 1269 389 1303 ι
432 1247 696 1321 Ἐργάζου
743 1247 843 1320 τὴν
886 1250 993 1319 γῆν
1044 1265 1137 1301 σου
1164 1265 1178 1279 ·
1215 1246 1309 1300 καὶ
1352 1245 1462 1316 γάρ
1498 1242 1659 1295 πλοῖα
1687 1238 1871 1293 οὐκέτι

292 1342 513 1413 ἔρχεται
533 1342 598 1394 ἐκ
626 1340 991 1411 Καρχηδόνος.
1036 1360 1054 1393 ι

369 1453 389 1486 ι
426 1434 683 1488 Νεώσατε
717 1436 930 1497 ἑαυτοῖς
955 1433 1234 1504 νεώματα,
1263 1434 1357 1488 καὶ
1396 1432 1470 1504 μὴ
1495 1430 1750 1502 σπείρετε
1792 1430 1874 1492 είς

293 1527 563 1591 ἀκάνθας.
604 1546 624 1580 ι

370 1641 390 1674 ι
420 1621 510 1693 Μὴ
549 1622 788 1692 μισήσῃς
836 1619 1099 1673 ἐπίπονον
1140 1617 1428 1689 ἐργασίαν,
1460 1615 1557 1670 καὶ
1599 1613 1875 1685 γεωργίαν

294 1714 402 1769 ὑπὸ
440 1712 696 1783 Ὑψίστου
733 1711 1089 1782 ἐκτισμένην.
1132 1728 1151 1762 ι

372 1825 391 1857 ι
435 1807 493 1860 '0
525 1804 891 1875 ἐργαζόμενος
938 1803 1036 1875 τὴν
1086 1802 1214 1874 γῆν,
1271 1800 1525 1871 ἀνύψωσε
1586 1799 1869 1872 θημωνίαν

291 1915 482 1952 αυτου.
530 1915 551 1949 ι
754 1942 757 1945 λ

375 2009 394 2042 ι
434 1989 609 2061 Χάριν
641 1988 735 2043 καὶ¹
769 1988 966 2053 κάλλος
1002 1986 1262 2058 ἐπιθυμεῖ
1281 1983 1580 2055 ὀφθαλμὸς,
1608 1984 1701 2038 καὶ
1724 1983 1866 2054 ὑπὲρ

288 2082 576 2154 ἀμφότερα
604 2082 771 2151 χλόην
808 2082 1033 2152 σπόρου.
1071 2099 1090 2131 ι

372 2195 391 2227 ι
425 2174 490 2227 Τί
528 2174 916 2245 σοφισθήσεται
967 2175 996 2227 ὁ
1039 2168 1259 2243 κρατῶν
1304 2168 1560 2239 ἀρότρου.
1592 2168 1689 2221 καὶ
1728 2183 1866 2221 καυ-

289 2266 537 2338 χώμενος
580 2267 638 2320 ἐν
685 2267 871 2337 δόρατι
924 2268 1152 2336 κέντρου
1182 2302 1198 2323 ,
1276 2260 1402 2331 βόας
1469 2260 1729 2325 ἐλαύνων,
1776 2261 1870 2313 καὶ

290 2357 765 2429 ἀναστρεφόμενος
791 2359 849 2412 ἐν
874 2356 1057 2428 ἔργοις
1081 2353 1269 2415 αὐτοῦ,
1306 2354 1402 2405 καί⁸
1431 2352 1682 2423 διήγησις
1706 2351 1869 2405 αὑτοῦ

289 2451 352 2503 ἐν
383 2452 521 2515 υἱοῖς
574 2450 823 2523 ταύρων;
887 2449 1132 2521 Καρδίαν
1180 2445 1342 2499 δώσει
1394 2443 1531 2516 βαθὺ
1580 2447 1659 2509 εἰς
1686 2446 1870 2516 τεμεῖν

290 2541 560 2607 αὔλακας,
605 2544 699 2597 καὶ
748 2544 782 2615 ἡ
834 2541 1114 2614 ἀγρυπνία
1178 2536 1347 2594 αὑτοῦ
1392 2539 1475 2602 εἰς
1515 2537 1873 2610 χορτάσματα

289 2635 597 2707 δαμάλεως.
631 2654 652 2689 ι

369 2747 389 2780 ι
426 2728 529 2782 Τὸν
556 2727 835 2781 κοπιῶντα
853 2726 1105 2799 γεωργὸν
1126 2726 1208 2781 δεῖ
1238 2725 1459 2801 πρῶτον
1483 2725 1594 2779 τῶν
1641 2722 1873 2796 καρπῶν

291 2820 763 2893 μεταλαμϐάνειν.
791 2839 811 2872 ι

364 2913 636 2984 Γεηπόνος
684 2913 775 2968 τὸν
802 2911 973 2967 ὕπνον
1025 2912 1489 2981 ἀποσεισάμενος,
1524 2908 1630 2978 πρὸ
1656 2907 1757 2979 τὴν
1776 2906 1877 2976 τῆς

289 3010 397 3077 γῆς
422 3006 688 3077 ἐργασίαν
718 3005 1025 3074 ἐπείγεται,
1083 3004 1179 3059 καὶ
1211 3004 1307 3057 τοῦ
1351 3004 1448 3074 μὲν
1498 3001 1744 3056 οἰκίσκου
1782 2998 1878 3053 καὶ

290 3099 398 3168 τῆς
429 3098 713 3162 ἐπαύλεως
737 3099 798 3151 τὸ
836 3097 1046 3168 ἔρημον
1077 3094 1537 3167 ὕπερασπίζεται,
1591 3092 1686 3146 καὶ
1712 3091 1880 3159 άναγ-

292 3190 523 3254 κάζεται
557 3190 732 3259 ὅμως,
767 3190 862 3242 καὶ
893 3188 1125 3260 φλογμῷ
1153 3187 1250 3241 καὶ
1292 3185 1523 3258 χειμῶνι
1550 3185 1658 3239 ἀπὸ
1689 3184 1879 3238 ταλαι-
1909 3217 1950 3274 C

293 3280 484 3351 πώρου
506 3281 709 3351 σαρκὸς
738 3281 1129 3352 διαμάχεσθαι.
1174 3277 1466 3349 Πανταχοῦ
1494 3277 1604 3349 γὰρ
1632 3276 1721 3333 διὰ
1754 3275 1883 3329 δυσ-

298 3371 487 3435 κολίας
514 3373 611 3427 καὶ
635 3374 813 3427 πόνων
835 3376 945 3437 τοῖς
968 3372 1278 3442 ἀνθρώποις
1300 3371 1513 3440 πέφυκε
1534 3372 1601 3424 τὰ
1638 3370 1883 3439 χρήσιμα

297 3464 723 3534 παραγίνεσθαι.
742 3497 813 3505 -
835 3466 994 3535 Φέρει
1052 3464 1346 3535 γεηπόνοις
1379 3464 1576 3533 ἡδονὴν
1603 3461 1665 3514 τὸ
1694 3460 1752 3524 ἐξ
1780 3461 1883 3512 ὑπο

295 3555 429 3609 τίων
448 3574 507 3610 τε
538 3558 631 3611 καὶ
664 3556 967 3627 βαθυγείων
1000 3556 1219 3627 χωρίων
1252 3554 1421 3608 πολύν
1441 3571 1565 3608 τινα
1585 3551 1882 3625 δρέπεσθαι

295 3647 395 3701 τὸν
432 3650 664 3721 καρπόν.
701 3649 763 3703 Εἰ
792 3650 848 3703 δέ
892 3666 1024 3703 ποτε
1059 3649 1154 3702 καὶ
1175 3650 1240 3701 ἐκ
1269 3646 1583 3720 πετρώδους
1635 3645 1759 3715 γῆς,
1789 3643 1885 3697 καὶ

297 3739 523 3812 λεπτῆς,
551 3741 648 3795 καὶ
681 3739 1308 3812 ὑποψάμμου-δυνηθείη
1341 3737 1479 3809 μετὰ
1509 3734 1709 3806 πολλὴν
1761 3736 1885 3787 ἐπι-

301 3832 525 3905 μέλειαν
553 3831 794 3905 χρηστοῦ
841 3849 988 3897 τινος
1019 3830 1324 3885 ἀπολαῦσαι
1386 3827 1624 3900 καρποῦ,
1682 3825 1884 3898 μείζων

298 3926 555 3980 ἐντεῦθεν
583 3926 617 3996 ὴ
648 3924 814 3997 ἡδονὴ
836 3923 918 3997 τῷ
948 3924 1226 3995 γεηπόνῳ,
1264 3923 1398 3977 διότι
1452 3920 1591 3990 πρὸς
1651 3919 1750 3989 τὴν
1786 3918 1887 3988 τῆς

297 4017 908 4089 φύσινάγωνισάμενος,
931 4018 1027 4070 καὶ
1054 4017 1182 4080 τοὺς
1203 4014 1438 4077 οἰκείους
1461 4012 1662 4075 πόνους
1675 4012 1888 4065 ἀντεισ-

300 4110 439 4175 άξας
489 4112 557 4181 τῇ
581 4107 882 4181 -στειρώσει
908 4109 1006 4179 τῆς
1045 4108 1171 4179 γῆς,
1210 4106 1366 4177 νίκης
1408 4104 1530 4158 τινὰ
1581 4101 1886 4174 μαρτυρίαν

299 4200 642 4272 ἀποφέρεται
695 4199 849 4271 παρὰ
900 4198 1010 4253 τῶν
1046 4199 1107 4253 τὸ
1159 4197 1427 4269 γεώργιον
1475 4195 1884 4267 θαυμαζόντων.

304 4502 490 4556 ΤΙΤΔ.
528 4504 621 4570 (τ’.
645 4499 873 4568 -Περὶ
902 4501 1276 4639 γιᾶιὲζιαήσέἓέἒ
1325 4498 1423 4552 καὶ
1456 4496 1744 4567 μελέτης,
1785 4493 1885 4548 καί

388 4683 410 4718 ι
441 4666 535 4718 Ἐκ
568 4664 839 4738 μερίμνης
860 4662 956 4718 καὶ
979 4660 1259 4733 φροντίδος
1287 4656 1644 4727 ἀναφανεῖται
1694 4672 1778 4708 σοι
1813 4654 1889 4706 εί-

310 4760 517 4830 ρήνη.»

387 4870 405 4901 ι
446 4850 647 4902 Τέκνον
677 4890 693 4910 ,
752 4850 813 4901 ἐν
872 4847 986 4918 ζωῇ
1042 4863 1138 4898 σου
1214 4844 1478 4917 πείρασον
1544 4842 1644 4913 τὴν
1708 4840 1890 4912 ψυχήν

311 4959 483 4997 σου.»

387 5056 407 5086 α
444 5033 694 5106 Γύμναζε
718 5033 944 5087 σεαυτὸν
972 5032 1109 5103 πρὸς
1141 5030 1443 5085 εὐσέϐειαν.
1473 5030 1537 5083 Ἡ
1568 5029 1678 5099 γάρ
1704 5044 1891 5099 σωμα-

308 5128 439 5199 τικὴ
469 5124 747 5197 γυμνασία
776 5125 913 5195 πρὸς
964 5124 1146 5191 ὀλίγον
1196 5123 1345 5177 ἐστὶν
1404 5120 1685 5190 ὠφέλιμος
1723 5135 1734 5147 ·
1770 5120 1801 5188 ή
1833 5118 1891 5171 δὲ

308 5220 563 5276 εὐσέϐεια
620 5218 758 5291 πρὸς
798 5217 976 5271 πάντα
1030 5215 1309 5286 ὠφέλιμός
1360 5217 1529 5278 ἐστιν,
1556 5211 1890 5281 ἐπαγγελίαν

310 5314 515 5382 ἔχουσα
537 5309 705 5380 ζωῆς,
740 5309 839 5379 τῆς
870 5308 966 5363 νῦν
989 5308 1202 5376 καὶτῆς
1229 5306 1552 5378 μελλούσης.
1583 5324 1601 5356 ι

385 5404 450 5457 υί
499 5405 564 5455 ἐκ
612 5401 831 5471 μακρᾶς
895 5399 1191 5470 συνηθείας
1250 5398 1635 5470 μελετηθέντες
1698 5397 1888 5461 πόνοι,

312 5494 648 5567 ἀλυπότερον
690 5494 1096 5563 προσπίπτουσι
1152 5495 1267 5555 τοῖς
1330 5490 1887 5561 ἐγγεγυμνασμένοις.

312 5585 795 5659 -Μιμησώμεθα
826 5588 951 5650 τοὺς
982 5586 1041 5640 ἐν
1069 5588 1184 5649 τοῖς
1212 5587 1492 5648 τακτικοῖς
1519 5584 1618 5649 τὰς
1658 5583 1892 5654 μελέτας

314 5681 705 5751 ποιουμένους,
734 5681 789 5733 οἴ
823 5696 887 5748 γε
941 5681 1000 5732 ὲν
1058 5679 1447 5750 χειρονομίαις,
1489 5678 1587 5731 καὶ
1632 5677 1891 5749 ὀρχήσεσι

313 5774 417 5840 τὴν
444 5772 737 5844 ἐμπειρίαν
762 5772 1119 5842 κτησάμενοι,
1153 5773 1244 5823 ἐπὶ
1284 5771 1393 5825 τῶν
1432 5769 1660 5839 ἀγώνων
1703 5769 1796 5822 τοῦ
1827 5771 1890 5821 ἐκ

314 5865 420 5938 τῆς
450 5865 689 5930 παιδείας
718 5864 1049 5920 ἀπολαύουσι
1088 5862 1330 5933 κέρδους.

1968 617 2115 664 esset
2144 608 2312 671 bona,
2345 614 2400 662 et
2422 614 2647 665 terram,
2674 597 2933 671 quoniam
2956 595 3196 667 pinguis,
3230 593 3413 661 posuit
3438 593 3544 646 hu-

1968 716 2182 755 merum
2229 714 2393 754 suum
2447 697 2516 752 ad
2565 690 2959 769 laborandum,
3007 697 3061 744 et
3107 686 3285 741 factus
3312 693 3395 741 est
3455 685 3542 739 vir

1970 792 2231 863 agricola.
2274 809 2293 841 ι

2042 885 2205 939 Prov.
2238 897 2411 946 xxvn,
2442 881 2534 936 25.
2565 908 2637 921 --
2671 897 2689 929 ι
2725 876 2929 931 Curam
2952 873 3091 927 habe
3125 869 3326 925 viroris
3357 868 3449 938 qui
3484 867 3539 921 in

1971 993 2105 1048 agro
2146 986 2252 1043 est,
2288 984 2343 1032 et
2372 974 2543 1029 tonde
2564 972 2792 1027 herbam
2828 987 2842 1021 :
2875 976 2929 1023 et
2954 966 3150 1036 collige
3174 962 3360 1018 fenum
3392 975 3544 1015 mon-

1971 1070 2132 1137 tium,
2167 1080 2225 1124 ut
2276 1068 2481 1123 habeas
2532 1080 2662 1120 oves
2694 1063 2763 1117 ad
2795 1061 3200 1115 vestimentum.
3230 1054 3391 1109 Solve
3422 1066 3544 1123 pre-

1971 1161 2109 1215 tium
2137 1159 2279 1230 agri,
2312 1167 2371 1212 ut
2395 1157 2495 1212 tibi
2529 1155 2643 1210 sint
2667 1152 2814 1223 agni.
2854 1170 2872 1203 ι
3518 1140 3521 1141 ⁷

2043 1250 2158 1306 Ιεα.
2191 1266 2353 1314 xxm,
2390 1249 2479 1304 ll).
2512 1277 2583 1287 —
2619 1265 2637 1296 ι
2671 1249 2911 1313 Uperare
2967 1250 3167 1296 terram
3198 1245 3386 1290 tuam:
3417 1232 3544 1305 quia

1973 1360 2079 1399 non
2112 1345 2340 1399 veniunt
2370 1341 2607 1412 amplius
2636 1353 2804 1393 naves
2832 1332 3201 1403 Carthaginis.
3241 1350 3259 1381 ι

2045 1435 2243 1491 Jerem.
2272 1452 2347 1501 Iv,
2383 1436 2436 1489 5.
2472 1466 2544 1477 -
2570 1452 2588 1485 ‹
2625 1431 2835 1486 Novate
2892 1428 3047 1482 vobis
3072 1425 3308 1487 novalia,
3343 1429 3398 1477 et
3453 1434 3551 1474 no-

1975 1528 2069 1582 lite
2095 1529 2375 1583 seminare
2403 1526 2458 1579 in
2497 1525 2704 1596 spinas.
2741 1542 2760 1575 ›

2052 1621 2219 1676 Eccli.
2251 1635 2350 1682 vlt,
2386 1621 2472 1675 l6.
2505 1649 2575 1661 —
2612 1638 2627 1669 ι
2657 1618 2777 1671 Non
2826 1614 3010 1670 oderis
3046 1611 3320 1666 laboriosa
3359 1620 3547 1677 opera,

1975 1724 2031 1771 et
2058 1715 2483 1769 rusticationem
2514 1718 2756 1766 creatam
2785 1709 2853 1764 ab
2878 1705 3180 1761 Altissimo.
3211 1722 3230 1754 ›

2050 1804 2217 1858 Eccli.
2272 1821 2365 1867 xx,
2396 1804 2485 1857 50.
2516 1832 2586 1842 -—
2639 1819 2657 1851 ι
2688 1800 2793 1865 Qui
2822 1806 3080 1868 operatur
3109 1802 3313 1850 terram
3370 1804 3549 1853 suam,

1970 1896 2238 1952 exaltabit
2277 1910 2536 1949 acervum
2570 1893 2815 1960 frugum.
2858 1910 2876 1939 ι

2040 1988 2209 2044 Eccli.
2264 2003 2359 2047 XL.
2391 1986 2481 2039 22.
2512 2016 2584 2027 -
2617 2003 2635 2035 ι
2667 1983 2911 2037 Gratiam
2958 1988 3013 2035 et
3067 1978 3305 2049 speciem
3334 1973 3557 2030 deside—

1968 2091 2053 2135 rat
2117 2081 2333 2141 oculus,
2368 2090 2423 2149 et
2462 2094 2627 2147 super
2661 2088 2897 2146 utraque
2940 2074 3176 2127 virorem
3213 2066 3498 2123 sementis.
3533 2084 3552 2115 ι

2047 2171 2212 2224 Eccli.
2254 2185 2488 2231 xxxvnt,
2546 2167 2641 2229 25,
2679 2166 2769 2220 26.
2795 2196 2865 2207 --
2900 2184 2917 2215 ι
2955 2163 3074 2229 Qua
3136 2157 3409 2229 sapientia
3465 2170 3556 2208 re-

1971 2264 2215 2333 plebitur
2252 2262 2346 2331 qui
2382 2258 2531 2315 ténet
2578 2268 2848 2319 aratrum,
2891 2265 2945 2309 et
2981 2253 3249 2325 gloriatur
3279 2250 3333 2303 in
3371 2246 3561 2316 jaeulo

1971 2356 2221 2420 stimuli;
2255 2354 2348 2422 qui
2370 2354 2540 2408 boves
2577 2354 2769 2423 agitat,
2805 2359 2860 2405 et
2887 2355 3254 2402 conversatur
3281 2346 3335 2396 in
3371 2340 3556 2410 operi-

1969 2450 2073 2505 bus
2100 2448 2237 2511 suis,
2260 2456 2313 2501 et
2328 2444 2611 2501 enarratio
2642 2443 2765 2512 ejus
2798 2443 2852 2495 in
2880 2439 3043 2511 405
3073 2437 3202 2491 ﬁliis
3230 2428 3559 2488 taurorum?

1971 2541 2079 2595 Cor
2124 2555 2286 2595 suum
2326 2537 2602 2608 profunde
2647 2534 2801 2589 dabit
2827 2532 2893 2586 ad
2929 2528 3295 2586 scindendum
3330 2525 3513 2578 sulcos
3540 2516 3558 2553 ³

1972 2642 2026 2691 et
2057 2632 2243 2701 vigilia
2277 2630 2471 2699 ejusin
2498 2627 2691 2697 sagina
2723 2639 2923 2679 vacem.
2957 2643 2976 2675 ›

2048 2721 2108 2776 Il
2141 2721 2277 2775 Tim.
2313 2737 2382 2783 ιι,
2419 2718 2473 2774 6.
2504 2747 2575 2757 -
2604 2734 2622 2767 ι
2656 2714 3022 2769 Laborantem
3060 2709 3357 2782 agricolam
3395 2720 3561 2776 opor-

1977 2822 2055 2870 tet
2090 2814 2327 2884 primum
2363 2812 2430 2866 de
2465 2809 2742 2864 fructibus
2778 2807 3089 2876 percipere.
3122 2822 3140 2855 ι

2048 2905 2324 2976 Cln-ysost.
2349 2933 2415 2943 -—
2440 2903 2694 2972 Agricola
2718 2940 2734 2965 ,
2769 2914 3011 2955 excusso
3045 2911 3240 2953 somno
3270 2935 3287 2959 ,
3333 2892 3401 2947 ad
3446 2898 3562 2946 ter-

1979 3015 2097 3054 ram
2152 2997 2435 3053 colendam
2488 3001 2782 3065 preperat,
2841 2999 2896 3047 et
2946 2987 3296 3044 domuncula:
3348 3000 3462 3040 sua:
3510 2991 3565 3037 et

1990 3106 2138 3145 casae
2204 3088 2559 3145 solitudinem
2623 3095 2859 3141 tuetur:
2908 3083 3236 3153 cogiturque
3286 3075 3566 3132 nihilomi-

1988 3200 2091 3237 nus
2128 3198 2237 3237 non
2274 3183 2394 3236 sine
2429 3195 2625 3249 magna
2667 3178 2922 3248 corporis
2967 3174 3218 3229 molestia
3251 3186 3376 3225 cum
3423 3177 3563 3223 aestu

1985 3289 2041 3332 et
2075 3276 2279 3345 frigore
2312 3275 2625 3327 colluctari.
2665 3272 2876 3328 Etenim
2912 3272 2989 3323 ita
3024 3275 3402 3337 comparatum
3436 3268 3564 3321 est,

1984 3377 2045 3425 ut
2080 3385 2203 3438 quae
2235 3368 2530 3421 utilitatem
2581 3365 2896 3419 hominibus
2941 3361 3216 3418 afferunt,
3263 3371 3387 3411 cum
3423 3354 3566 3408 dill‘r—

1985 3464 2191 3519 cultate
2238 3468 2292 3515 et
2348 3460 2539 3513 labore
2590 3454 3231 3523 habeantur.—Magna
3282 3450 3571 3517 voluptate

1985 3553 2122 3607 allici
2155 3551 2332 3605 solent
2364 3549 2623 3617 agricolae
2645 3588 2660 3611 ,
2691 3563 2813 3601 cum
2849 3562 2914 3601 ex
2944 3544 3127 3615 planis
3148 3584 3165 3608 ,
3203 3550 3258 3597 et
3307 3538 3566 3611 profundi

1994 3645 2096 3699 soli
2159 3643 2297 3697 locis
2352 3644 2629 3710 ingentem
2695 3639 2934 3693 fructum
2993 3635 3330 3707 percipiunt.
3397 3633 3466 3685 At
3519 3631 3568 3687 si

1984 3736 2207 3808 quando
2243 3751 2307 3789 ex
2341 3743 2558 3804 petrosa
2591 3732 2833 3801 exilique
2867 3739 2920 3784 et
2965 3743 3199 3784 arenosa
3247 3734 3398 3783 terra
3440 3732 3570 3795 post

1986 3832 2304 3886 diuturnam
2338 3828 2615 3881 culturam
2651 3825 2835 3879 laetum
2868 3823 3108 3892 aliquem
3138 3819 3382 3875 fructum
3408 3817 3563 3874 colli-

1986 3938 2114 3995 gere
2146 3922 2282 3991 ipsis
2312 3918 2644 3988 contigerit,
2679 3917 2947 3987 majorem
2985 3916 3117 3971 hinc
3150 3914 3377 3982 capiunt
3410 3911 3568 3966 volu-

1986 4022 2213 4086 ptatem.
2249 4010 2384 4066 Nam
2433 4026 2559 4065 cum
2607 4009 2734 4079 quis
2790 4009 3058 4063 adversus
3110 4016 3270 4061 terra:
3313 4014 3568 4059 naturam

1986 4107 2300 4172 dimicavit,
2334 4113 2389 4161 et
2415 4106 2635 4160 labores
2683 4119 2819 4160 suos
2864 4100 3143 4159 sterilitati
3193 4106 3357 4155 terra:
3396 4112 3570 4167 Oppo-

1988 4200 2137 4262 suit,
2190 4197 2438 4252 victoria:
2490 4195 2874 4251 testimonium
2938 4191 3215 4264 quoddam
3272 4189 3417 4257 apud
3471 4204 3570 4242 eos

1985 4290 2190 4354 refert,
2228 4289 2323 4360 qui
2358 4288 2532 4359 ipsius
2562 4288 2617 4341 in
2643 4286 2880 4342 colendo
2929 4299 3064 4338 arvo
3109 4282 3358 4338 studium
3393 4279 3569 4333 admi-

1986 4394 2200 4438 rantur.

2095 4494 2231 4549 Tl'l‘.
2289 4491 2379 4547 Vl.
2407 4524 2477 4534 —
2510 4492 2589 4547 De
2631 4489 2947 4572 gymnasio,
2983 4486 3363 4548 meditatione,
3417 4489 3468 4536 et

2575 4564 2979 4615 exercitatione.

2062 4658 2165 4713 Job
2197 4675 2283 4723 τι,
2314 4644 2422 4712 18.~
2447 4644 2539 4697 '--‘
2564 4673 2583 4706 ι
2612 4653 2693 4707 Ex
2747 4649 3129 4709 sollicitudine
3175 4659 3229 4704 et
3280 4661 3413 4702 cura
3467 4661 3569 4714 pax

1992 4750 2207 4805 orietur
2240 4749 2361 4803 tibi.
2396 4765 2414 4800 ι

2068 4841 2237 4895 Eccli.
2276 4855 2499 4903 xxxv",
2539 4835 2632 4895 30.
2658 4867 2726 4877 —
2759 4854 2779 4887 ι
2813 4833 2953 4901 Fili,
3004 4834 3057 4888 in
3113 4832 3228 4887 vita
3282 4841 3375 4886 tua
3425 4837 3572 4895 tenta

1990 4935 2232 4988 animam
2266 4940 2439 4985 tuam.
2479 4950 2497 4983 ι

2066 5021 2095 5076 Ι
2132 5022 2270 5076 Tim.
2303 5036 2382 5085 tv,
2412 5021 2467 5075 7.
2494 5050 2566 5060 —
2601 5039 2619 5071 ι
2650 5019 2859 5074 Exerce
2903 5017 3141 5086 teipsum
3172 5015 3240 5067 ad
3288 5012 3570 5081 pietatem.

1992 5114 2318 5185 Corporalis
2348 5115 2494 5168 enim
2531 5112 2861 5168 exercitatio
2889 5110 2957 5164 ad
2984 5106 3263 5163 modicum
3304 5101 3570 5173 prodest:

1991 5210 2392 5281 pietasautem
2425 5208 2491 5261 ad
2524 5206 2708 5261 omnia
2760 5203 2914 5259 utilis
2966 5207 3094 5263 est,
3149 5193 3573 5268 promissionem

1993 5300 2203 5355 habens
2232 5299 2364 5354 vitae
2392 5314 2513 5367 quae
2542 5311 2692 5351 nunc
2727 5304 2847 5359 est,
2881 5301 2938 5347 et
2974 5290 3196 5344 futurae.
3230 5305 3250 5337 ι

2062 5391 2282 5447 Basilii.
2315 5420 2385 5431 —
2416 5390 2665 5459 Labores
2700 5390 2862 5457 longa
2897 5378 3299 5440 consuetudine
3332 5374 3572 5431 familia-
3633 5429 3647 5447 κ

2002 5499 2094 5539 res
2124 5481 2367 5547 redditi,
2402 5482 2617 5537 minore
2649 5492 2774 5535 cum
2828 5474 3080 5530 molestia
3131 5470 3243 5525 illis
3275 5470 3571 5539 ingruunt,

1991 5577 2086 5648 qui
2123 5574 2333 5631 eisdem
2390 5568 3165 5629 assueverint.-—lmitemur
3210 5576 3307 5618 eos
3341 5560 3435 5629 qui
3488 5558 3571 5613 rei

1992 5666 2216 5723 militari
2253 5680 2312 5720 se
2338 5673 2602 5721 exercent
2628 5687 2641 5717 :
2674 5664 2770 5732 qui
2801 5675 2926 5715 cum
2963 5659 3017 5713 in
3047 5651 3574 5727 gesticulationibus

1991 5768 2046 5814 et
2071 5757 2466 5813 saltationibus
2493 5756 2745 5827 peritiam
2778 5751 2960 5820 adepti
2988 5751 3133 5813 sint,
3168 5749 3226 5802 in
3251 5745 3418 5802 seriis
3447 5757 3572 5796 cera

1997 5851 2306 5907 taminibns
2335 5865 2397 5903 ea
2429 5866 2597 5919 quam
2632 5845 2795 5902 ludus
2832 5845 2968 5915 ipsis
3014 5837 3367 5901 conciliavit,
3413 5832 3571 5889 utili-

1912 5982 1917 5987 -
2001 5953 2112 6001 tate
2144 5942 2517 6008 perfruuntur.
