3910 6446
445 371 578 438 1311

441 586 556 632 tata
576 619 590 641 ,
624 582 788 633 rebus
819 580 1071 636 adversis
1107 580 1273 637 facile
1304 582 1539 639 deletur.

516 670 753 740 Didymi.
778 702 849 712 -—
871 671 946 725 Ex
983 673 1243 729 diuturna
1275 676 1632 733 meditatione
1660 686 1715 734 et
1746 681 2020 737 exercita-

440 764 597 819 tione
652 765 917 820 violentia
971 775 1026 822 et
1081 767 1273 824 feritas
1321 770 1798 839 perturbationum
1851 773 2021 829 animi

445 858 741 929 frangitur.

516 950 781 1005 Philonis.
817 981 890 993 -—-
923 953 1160 1009 Assidua
1193 955 1544 1022 exercitatio,
1593 957 1805 1013 firmam
1841 959 2023 1016 scien-

443 1046 576 1101 tiam
607 1046 793 1115 eﬂicit,
811 1049 1275 1119 quemadmodum
1299 1052 1715 1109 exercitationis
1743 1054 2025 1125 negligen-

446 1140 520 1193 tia
550 1141 825 1196 inscitiam
856 1143 1020 1212 parit.
1052 1144 1408 1216 Rursumque
1434 1147 1835 1217 experientiam
1861 1156 2025 1222 auget

445 1234 690 1288 studium
713 1235 862 1304 quod
892 1234 947 1290 in
980 1251 1042 1292 ea
1074 1239 1403 1294 conteritur.
1424 1270 1492 1279 —
1519 1239 1805 1298 Meditatio
1833 1242 2025 1298 nutrix

444 1334 530 1381 est
566 1326 837 1382 scientiae.

692 1416 826 1474 TIT.
863 1418 1167 1475 Vll.——De
1200 1422 1267 1476 iis
1304 1422 1395 1492 qui
1433 1424 1775 1494 resipiscam.

516 1510 669 1565 Psal.
708 1528 879 1579 xxxr,
933 1513 989 1567 5.
1023 1544 1093 1554 —
1128 1533 1147 1565 ι
1192 1513 1461 1570 Delictum
1511 1532 1690 1571 meum
1741 1518 2023 1588 cognitum

447 1604 543 1659 tibi
583 1603 686 1659 feci
708 1645 723 1669 ,
755 1613 812 1660 et
848 1605 1179 1676 injustitiam
1213 1622 1391 1662 meam
1423 1624 1532 1663 non
1562 1610 1848 1665 abscondi.
1880 1629 1900 1663 ι

519 1699 670 1754 Psal.
707 1715 894 1755 xxxvu
915 1740 930 1767 ,
960 1698 1050 1766 19,
1074 1730 1145 1740 --
1176 1718 1195 1751 ι
1228 1701 1578 1771 lniquitatem
1608 1716 1786 1757 meam
1811 1717 2025 1757 annun-

449 1795 598 1850 liabo
621 1834 636 1860 ,
672 1801 729 1850 et
754 1794 1015 1865 cogitabo
1044 1810 1143 1865 pro
1174 1803 1399 1864 peccato
1430 1809 1577 1850 meo.
1614 1813 1633 1847 ι

1606 380 1667 440 S.
1704 378 2027 441 JOANNIS
2064 383 2495 450 DAMASCENI

513 486 779 558 Theologi.
810 516 880 531 -—
901 486 1091 545 Virtus
1120 490 1173 545 in
1202 492 1515 549 actionibus
1551 495 1776 552 minime
1807 502 2023 556 exerci-
2052 518 2097 571 Α

3588 400 3738 469 13Ῑὲ

2206 499 2403 571 Ἀρετὴ
2456 500 2790 597 ἀμελέτητος
2812 506 2870 560 ἐν
2901 509 3017 574 τοῖς
3069 509 3278 583 ἔργοις,
3339 515 3572 597 ταχέως
3626 517 3771 587 ιῖυιιιιδ⁴

2131 590 2240 645 τῶν
2264 594 2645 665 περιστάσεων
2676 598 3024 668 ἀφανίζεται.

2213 686 2307 739 Ἐκ
2337 687 2567 761 μελέτης
2614 690 2815 762 πολλῆς
2862 694 2959 748 και
3017 696 3310 768 ἀσκήσεως
3338 700 3375 769 ἡ
3401 680 3534 769 ei.»~
3577 679 3733 764 κα.ὶὴ

2123 778 2385 853 ἀγριότης
2411 780 2519 835 τῶν
2539 782 2730 838 παθῶν
2752 785 2990 843 ἀσθενεῖ.

2206 956 2272 1012 Ἦ
2302 959 2534 1032 συνεχὴς
2566 960 2800 1034 ἄσκησις
2823 961 3136 1037 ἐπιστήμην
3159 968 3373 1037 παγίαν
3389 970 3732 1041 ἐργάζεται,

2122 1049 2198 1115 ὡς
2225 1050 2467 1122 ἀμαθίαν
2493 1053 2831 1127 ἀμελετησία
2860 1074 2877 1090 ο
2908 1060 3003 1113 καὶ
3024 1058 3189 1113 πάλιν
3216 1060 3379 1125 αὔξει
3431 1064 3549 1132 τὴν
3616 1065 3734 1115 πεῖ-

2129 1157 2226 1211 ραν
2247 1144 2434 1215 ήζπερὶ
2454 1145 2641 1218 ξαύτὴν
2668 1147 2856 1221 τριδή.
2885 1180 2959 1190 -
2987 1151 3204 1224 Μελέτη
3245 1154 3464 1224 τροφὸς
3504 1155 3736 1225 sensu].

2128 1250 2259 1305 W14-

2335 1417 2521 1474 TlTA.
2555 1418 2630 1474 Z'.
2664 1449 2733 1460 -—
2760 1420 2901 1491 Περὶ
2922 1422 3515 1493 τνωσιμαχούντων.

2202 1526 2220 1560 ι
2252 1509 2363 1581 Τὴν
2394 1510 2628 1581 ἀνομίαν
2663 1530 2765 1585 μου
2827 1513 3123 1587 ἐγνώρισα,
3171 1514 3266 1567 καὶ
3298 1515 3408 1585 τὴν
3434 1514 3731 1585 ἁμαρτίαν

2130 1616 2230 1671 μου
2255 1602 2357 1656 οὐκ
2393 1603 2659 1674 ἐκάλυψα.
2685 1625 2707 1658 ι

2202 1712 2221 1745 ι
2249 1694 2359 1765 Τὴν
2383 1694 2749 1767 ἀνομίαν’μου
2784 1695 2898 1766 ἐγὼ
2916 1698 3225 1769 ἀναγγελῶ,
3252 1705 3354 1756 καὶ
3391 1704 3733 1775 μεριμνήσει

2128 1786 2271 1858 ὑπὲρ
2287 1788 2389 1858 τῆς
2415 1789 2693 1859 ἁμαρτίας
2722 1807 2846 1861 μου.
2884 1810 2903 1844 ι

518 1889 676 1945 Prov.
696 1904 853 1954 xvm,
875 1886 1271 1943 i7.-—-tJustus
1292 1889 1443 1959 prior
1459 1896 1544 1943 est
1566 1895 1862 1949 accusator
1878 1887 1986 1944 sui.
2003 1906 2024 1940 ι

2204 1897 2223 1930 ι
2250 1880 2469 1945 Δίκαιος
2486 1881 2684 1936 ἑαυτοῦ
2705 1885 3014 1957 κατήγορος
3042 1886 3103 1939 ὲν
3126 1886 3517 1959 πρωτολογίᾳ.
3545 1908 3568 1938 ο

523 1981 694 2036 Eccli.
720 1995 888 2045 xvm,
922 1980 1097 2035 i9.——
1124 1999 1141 2032 ι
1164 1980 1306 2036 Ante
1341 1979 1613 2050 judicium
1659 1980 1912 2039 examina
1945 1988 2029 2034 te-
2092 2043 2097 2049 _

452 2073 669 2142 ipsum,
708 2082 764 2127 et
794 2072 852 2126 in
902 2080 1145 2140 tempore
1179 2069 1512 2127 visitationis
1556 2069 1801 2127 invenies
1847 2071 2031 2141 propi-

452 2165 763 2219 tiationem.
797 2181 816 2215 ι

526 2255 691 2311 Eccli.
722 2271 776 2322 ι,
807 2255 895 2312 5|.
932 2285 1002 2297 -—
1028 2274 1047 2306 ι
1081 2253 1203 2311 Non
1234 2252 1593 2310 confundaris
1624 2254 1872 2309 conﬁteri
1907 2270 2031 2325 per-

452 2358 575 2404 cata
607 2358 719 2404 tua.
751 2367 773 2402 ι

450 2460 621 2534 406
652 2460 789 2534 TIT.
824 2457 960 2516 VIII.
985 2490 1057 2500 —-
1078 2458 1154 2534 De
1182 2459 1490 2534 mulieribus
1517 2476 1535 2514 :
1564 2458 1705 2534 quod
1732 2476 1825 2515 eas
1877 2474 2034 2528 opor-

525 2532 631 2586 teot
667 2532 932 2601 subjectos
959 2547 1074 2586 esse
1105 2533 1234 2585 viris
1266 2533 1409 2596 suis,
1442 2547 1535 2587 nec
1563 2533 1701 2585 citra
1727 2546 1909 2587 eorum
1940 2546 2034 2583 att-

525 2603 836 2657 ctoritalem
867 2601 1156 2674 quidquam
1192 2602 1387 2671 facere.

525 2715 657 2771 Gen.
689 2731 787 2781 ιιι,
824 2715 914 2771 16.
942 2745 1014 2756 -
1040 2735 1059 2769 ι
1089 2714 1237 2770 Dixit
1269 2714 1412 2771 Deus
1444 2715 1662 2770 mulieri
1694 2734 1707 2771 :
1737 2714 1820 2769 Ad
1854 2715 2031 2770 virum

454 2816 610 2864 tuum
642 2809 747 2864 erit
776 2808 1067 2865 conversio
1101 2817 1226 2875 tua,
1256 2816 1311 2863 et
1346 2809 1464 2877 ipse
1488 2808 1873 2863 dominabitur
1892 2786 2028 2864 tui.»

528 2899 696 2958 Num.
724 2917 833 2956 xxx
852 2939 869 2967 ,
899 2899 1053 2956 6-10.
1079 2930 1149 2940 —
1177 2918 1197 2952 ι
1231 2899 1422 2955 Mulier
1448 2900 1496 2955 si
1527 2902 1790 2955 maritum
1822 2900 2034 2955 habue-

456 2993 568 3055 rit,
605 2999 662 3048 et
694 2999 821 3048 vota
869 2990 1047 3063 ipsius
1082 3006 1249 3062 super
1282 3005 1403 3047 eam
1456 2989 1697 3056 fuerint,
1731 2990 2034 3047 secundum

456 3083 870 3139 distinctionem
906 3082 1179 3137 labiorum
1204 3082 1326 3152 ejus
1346 3123 1363 3150 ,
1406 3097 1746 3152 quaecunque
1774 3081 2034 3137 determi-

458 3175 681 3230 naverit
728 3174 784 3228 in
828 3174 1068 3235 animam
1121 3189 1275 3229 suam
1300 3215 1316 3240 ,
1355 3173 1704 3243 audieritque
1730 3174 1815 3227 vir
1849 3174 1995 3228 illius
2019 3212 2034 3236 ,

470 3277 527 3320 et
555 3265 607 3320 ei
635 3265 915 3320 silentium
942 3266 1148 3336 egerit,
1183 3280 1514 3335 quacunque
1541 3265 1631 3320 die
1659 3264 1926 3328 audierit,
1959 3263 2040 3318 sic

459 3373 684 3429 quoque
716 3358 946 3415 stabunt
971 3358 1157 3414 omnia
1194 3368 1320 3413 vota
1356 3358 1547 3424 illius,
1602 3367 1659 3414 et
1706 3357 2041 3414 determina-

463 3451 644 3505 tiones
706 3448 905 3510 illius.
962 3463 1101 3519 quas
1156 3446 1615 3503 determinaverit
1672 3446 1729 3500 in
1793 3444 2039 3499 animam

462 3557 655 3609 suam,
690 3541 939 3598 stabunt.
977 3541 1075 3595 Sin
1130 3555 1262 3597 vero
1316 3538 1610 3595 abnuendo
1659 3537 1916 3593 abnuerit
1957 3537 2044 3590 vir

460 3640 674 3711 ipsius,
703 3653 815 3708 qua
842 3637 933 3693 die
962 3636 1239 3699 audierit,
1269 3635 1457 3691 omnia
1494 3642 1623 3691 vota
1664 3634 1787 3703 ejus
1837 3643 1893 3688 et
1944 3631 2041 3687 de-

462 3731 886 3788 terminationes
916 3729 1076 3801 ejus,
1106 3744 1249 3799 quas
1281 3726 1670 3784 determinavit
1704 3727 1761 3781 in
1798 3725 2040 3780 animam

465 3838 625 3881 suam
645 3862 661 3888 ,
690 3839 803 3879 non
834 3825 1096 3889 stabunt,
1128 3820 1389 3892 quoniam
1421 3818 1618 3876 abnuit
1644 3817 1734 3892 vir
1765 3817 1953 3874 illius:
1990 3826 2046 3872 et

467 3917 735 3974 Dominus
762 3918 1023 3971 mundam
1058 3915 1221 3971 faciet
1252 3929 1399 3972 eam.
1433 3932 1454 3968 ι

545 4030 566 4064 ι
589 4010 786 4067 Mulier
801 4026 922 4081 qua:
945 4011 1179 4067 honorat
1205 4010 1387 4065 virum
1421 4022 1606 4075 suum,
1623 4008 1846 4080 sapiens
1867 4006 2047 4063 omni-

464 4105 573 4163 ltus
598 4103 897 4160 videbitur.
929 4122 948 4156 ι

542 4195 738 4265 Ephes.
770 4212 826 4260 ν,
858 4194 964 4262 25,
993 4196 1087 4252 24.
1112 4225 1182 4238 -
1208 4213 1229 4249 ι
1269 4196 1531 4253 Mulieres
1560 4195 1793 4254 subditae
1837 4194 1948 4250 sint
1972 4193 2052 4248 vi-

464 4286 552 4345 ris
580 4287 702 4343 suis
735 4297 999 4357 tanquam
1032 4286 1289 4344 Domino.
1335 4288 1609 4355 Quoniam
1654 4289 1742 4342 vir
1774 4293 1939 4356 caput
1967 4296 2053 4341 est

465 4377 746 4447 mulieris,
773 4380 919 4433 sicut
946 4379 1198 4435 Christus
1225 4389 1391 4451 caput
1416 4391 1500 4437 est
1524 4380 1785 4436 Ecclesiae
1804 4422 1822 4447 ,
1847 4389 1902 4434 et
1932 4379 2053 4449 ipse

463 4477 557 4525 est
585 4480 747 4540 caput
775 4472 1043 4542 corporis.
1078 4472 1183 4529 Sed
1214 4475 1358 4529 sicut
1386 4473 1632 4533 Ecclesia
1666 4474 1915 4543 subjecta
1968 4482 2054 4527 est

2207 1992 2228 2025 ι
2260 1973 2375 2046 Πρὸ
2392 1974 2623 2045 κρίσεως
2644 1974 2866 2042 ἐξέταζε
2896 1978 3147 2045 σεαυτὸν,
3177 1980 3273 2034 καὶ
3299 1982 3365 2033 ἐν
3397 1981 3605 2051 καιρῷ
3621 1982 3731 2034 ἔπιέ

2133 2066 2342 2137 σκοπῆς
2369 2067 2624 2139 εὑρήσεις
2654 2068 2904 2142 ἱλασμὸν.
2932 2090 2952 2124 ι

2207 2265 2225 2299 ι
2257 2248 2348 2319 Μὴ
2370 2249 2669 2323 αίσχυνθῇς
2726 2252 3066 2324 ὁμολογῆσαι
3101 2254 3185 2323 ἐφ’
3216 2254 3545 2325 ἁμαρτίαις
3586 2271 3727 2308 ασελ»

2132 2456 2485 2513 ΤΙΤΔ.Ἠ¹.-
2499 2460 2634 2533 ῌερξ
2652 2459 2955 2533 γυναικῶν
2972 2480 2986 2495 ·
3000 2461 3092 2533 ,ὅτι
3107 2460 3226 2533 χρὴ
3240 2459 3435 2533 αῠτᾲς
3451 2458 3728 2533 ὑπίετᾱςο

2200 2533 2419 2585 σεο-θαι
2436 2530 2560 2601 τοῖς
2575 2527 2765 2598 ίδίοις
2817 2527 3234 2601 mammam
3262 2530 3470 2601 μηδὲν
3542 2527 3725 2582 ποιεῖν

2204 2601 2385 2668 χωρίς
2412 2600 2631 2657 αὐτῶν.

2209 2734 2228 2765 ι
2259 2710 2428 2770 Εἷπεν
2451 2718 2481 2771 6
2509 2718 2642 2783 Θεὸς
2677 2721 2745 2791 τῇ
2776 2720 3031 2788 γυναικί·
3064 2718 3210 2789 Πρὸς
3232 2718 3325 2771 τὸν
3350 2717 3530 2787 ἄνδρα
3562 2714 3704 2782 ποθή

2134 2807 2449 2882 ἀποστροφή
2481 2828 2595 2875 σου,
2627 2814 2724 2867 καὶ
2753 2814 2914 2877 αύτός
2945 2831 3036 2868 σου
3065 2811 3368 2884 κυριεύσει.
3406 2829 3424 2861 ι

2212 2922 2231 2954 ι
2275 2902 2403 2958 Ἐἀν
2427 2905 2694 2977 γενομένη
2742 2907 2968 2978 γένηται
3020 2907 3156 2975 γυνὴ
3201 2904 3394 2974 ἀνδρὶ.
3431 2904 3539 2955 καὶ
3568 2901 3722 2971 εὐχαὶ

2135 2996 2308 3066 αὐτῆς
2336 2997 2423 3052 ἐπ’
2452 2999 2591 3070 αὐτῇ
2614 3037 2630 3063 ,
2680 2998 2825 3054 κατά
2870 2998 2969 3070 τὴν
3005 2997 3289 3068 διαστολὴν
3318 2994 3434 3050 τῶν
3492 2996 3729 3065 χειλέων

2136 3090 2328 3161 αὐτῆς,
2357 3089 2489 3154 ὅσας
2527 3090 2766 3162 ὡρίσατο
2820 3091 2964 3145 κατὰ
3013 3092 3113 3161 τῆς
3140 3090 3318 3161 ψυχῆς
3371 3089 3580 3158 αὐτῆς,
3638 3090 3729 3141 καὶ

2137 3181 2346 3255 ἀκούσῃ
2371 3183 2401 3235 6
2432 3183 2570 3255 ἀνὴρ
2604 3184 2797 3255 αὐτῆς,
2831 3185 2927 3240 καὶ
2959 3183 3371 3257 παρασιωπήσῃ
3402 3182 3582 3253 αὐτῇ,
3610 3176 3733 3255 ᾖάν

2141 3274 2327 3347 ἡμέρᾳ
2346 3274 2577 3347 ἀκούσῃ.
2602 3277 2698 3331 καὶ
2724 3275 2868 3330 οὕτω
2924 3278 3208 3349 στήσονται
3261 3276 3438 3329 πᾶσαι
3467 3275 3543 3327 αἱ
3573 3275 3734 3345 εὐχαὶ

2140 3366 2331 3437 αὐτῆς,
2355 3368 2452 3422 καὶ
2478 3370 2528 3422 οε
2555 3370 2776 3440 δρισμοὶ
2826 3370 3019 3441 αὐτῆς.
3042 3368 3136 3433 οὓς
3167 3368 3411 3440 ὡρίσατο
3446 3367 3611 3420 κατά
3640 3368 3734 3437 τῆς

2139 3459 2322 3531 ψυχῆς
2379 3461 2552 3531 αὐτῆς
2598 3462 2907 3530 στήσονται.
2946 3460 3075 3516 Ἐὰν
3114 3461 3175 3514 δὲ
3223 3459 3503 3531 ἀνανεύσῃ
3538 3461 3573 3513 6
3596 3462 3736 3530 ἀνὴρ

2141 3552 2337 3623 αὐτῆς,
2426 3553 2523 3607 ἐὰν
2546 3554 2735 3627 ἡμέρᾳ
2790 3555 3031 3626 ἀκούσῃ,
3059 3555 3231 3608 πᾶσαι
3258 3553 3315 3607 αἱ
3334 3552 3500 3622 εὐχαὶ
3535 3553 3736 3621 αὐτῆς,

2142 3644 2239 3698 καὶ⁵
2262 3646 2310 3698 οί
2336 3645 2556 3716 δρισμοὶ
2585 3646 2780 3716 αὐτῆς,
2826 3644 2923 3710 οὓς
2960 3644 3200 3716 ὡρίσατο
3248 3642 3393 3697 κατά
3419 3643 3529 3712 τῆς
3558 3642 3735 3711 ψυχῆς

2144 3733 2337 3805 αὐτῆς,
2371 3733 2433 3787 ού
2468 3735 2745 3805 μενοῦσιν,
2783 3736 2865 3790 ὅτι
2905 3733 3045 3806 ἀνὴρ
3065 3731 3321 3789 ἀνένευσε
3342 3748 3356 3765 ·
3391 3733 3491 3785 καὶ
3522 3732 3735 3803 Κύριος

2143 3825 2438 3899 καθαρίσει
2469 3827 2665 3899 αὐτήν.
2696 3846 2716 3881 ι

2222 4029 2242 4064 ι
2272 4009 2416 4083 Γυνὴ
2445 4010 2580 4066 ἴδιον
2619 4011 2792 4083 ἄνδρα
2846 4010 3097 4082 τιμῶσα,
3130 4007 3272 4081 σοφὴ
3310 4008 3452 4061 πᾶσι
3493 4007 3721 4077 Mss

2146 4119 2259 4158 ται.
2286 4121 2306 4157 ι

2222 4211 2244 4247 ι
2276 4194 2345 4249 Αἱ
2372 4196 2636 4265 γυναῖκες
2660 4197 2775 4259 τοῖς
2818 4193 2971 4257 ἰδίοις
3012 4192 3272 4264 ἀνδράσιν
3305 4190 3725 4245 ὑποτασσέσθω

2151 4302 2251 4338 σαν
2283 4284 2360 4350 ὡς
2384 4284 2461 4356 τῷ
2486 4285 2680 4358 Κυρίῳ
2721 4302 2737 4319 ’
2780 4286 2861 4339 ὅτι
2895 4283 3036 4356 ἀνὴρ
3073 4282 3287 4353 κεφαλὴ
3309 4282 3412 4353 τῆς
3450 4284 3737 4351 γυναικὸς,

2149 4378 2226 4442 ὼς
2254 4378 2349 4432 καὶ
2377 4379 2406 4432 6
2434 4378 2667 4449 Χριστὸς
2720 4377 2931 4448 κεφαλὴ
2978 4377 3079 4446 τῆς
3122 4374 3488 4445 Ἐκκλησίας’
3520 4375 3625 4429 καὶ
3647 4376 3727 4427 αὐ-

2151 4472 2243 4535 τός
2269 4473 2386 4524 ἐστι
2411 4470 2623 4542 κεφαλὴ
2649 4469 2743 4524 τοῦ
2782 4470 3059 4539 σώματος.
3090 4468 3232 4522 Ἀλλ’
3265 4467 3343 4533 ὡς
3370 4470 3407 4536 ὴ
3433 4466 3737 4535 Ἐκκλησία

464 4561 731 4630 Christo,
767 4562 844 4618 ita
898 4575 954 4620 et
1002 4565 1260 4622 mulieres
1309 4564 1443 4622 viris
1494 4566 1612 4621 suis
1662 4567 1717 4620 in
1769 4565 2043 4620 omnibus.

2168 4562 2519 4617 ὅποτάσσεται
2568 4563 2647 4634 τῷ
2699 4560 2956 4632 Χριστῷ,
3002 4560 3173 4623 οὕτως
3230 4560 3327 4612 καὶ
3360 4558 3420 4612 αἱ
3478 4559 3734 4625 γυναῖκες

471 4653 865 4727 Unusquisque
891 4661 1137 4725 juxorem
1183 4674 1339 4715 suam
1370 4660 1517 4715 sicut
1545 4660 1785 4729 seipsum
1814 4658 2008 4730 diligat
2034 4675 2048 4710 :

484 4748 690 4805 mulier
717 4756 901 4805 autem
924 4790 939 4816 ,
970 4759 1031 4805 ut
1062 4751 1249 4807 timeat
1282 4752 1464 4807 virum
1497 4768 1680 4807 suum.
1712 4769 1732 4803 ι

547 4924 581 4979 Ι
613 4924 761 4980 Petr.
792 4940 889 4990 ιιι,
926 4926 1048 4982 1-6.
1075 4958 1143 4972 -—
1176 4948 1194 4981 ι
1225 4928 1483 4987 Mulieres
1516 4930 1753 4986 subdita:
1781 4932 1895 4987 sint
1920 4931 2055 4988 viris

474 5017 631 5083 suis;
665 5024 727 5071 ut
761 5026 817 5072 et
850 5018 897 5074 si
928 5018 1026 5089 qui
1067 5036 1178 5075 non
1210 5024 1447 5077 credunt
1477 5025 1673 5088 verbo,
1710 5038 1809 5092 per
1855 5024 2053 5079 mulie-

474 5123 601 5162 rum
634 5108 1118 5165 conversationem
1153 5109 1472 5178 lucriﬁant,
1507 5111 1929 5167 considerantes
1961 5127 2056 5166 ve-

476 5210 649 5257 stram
689 5201 748 5257 in
785 5202 987 5259 timore
1020 5204 1522 5261 conversationem.
1562 5204 1811 5271 Quarum
1840 5219 1949 5260 non
1982 5205 2057 5260 sit

476 5292 826 5351 extrinsecus
854 5295 1184 5367 capillatura
1203 5333 1220 5359 .
1256 5305 1352 5350 aut
1385 5296 1898 5352 circumdatioauri
1921 5336 1938 5362 ,
1966 5308 2058 5351 aut

448 5382 793 5458 lindumenti
819 5388 1278 5444 vestimentorum
1311 5387 1495 5443 cultus
1522 5406 1536 5442 :
1572 5388 1671 5444 sed
1694 5389 1789 5458 qui
1818 5388 2056 5444 abscon-

450 5445 634 5577 ξάιιιισ
662 5483 751 5531 est
788 5478 974 5537 cordis
1002 5480 1206 5548 homo,
1238 5480 1293 5536 in
1330 5445 1857 5548 incorruptibilitate
1883 5480 2055 5551 quieti

448 5567 539 5651 :et
568 5567 808 5627 modesti
838 5572 1101 5642 spiritus,
1129 5575 1225 5644 qui
1253 5581 1340 5631 est
1368 5573 1424 5629 in
1454 5581 1754 5644 conspectu
1782 5572 1877 5630 Dei
1904 5574 2059 5629 locu-

453 5657 626 5729 'ples.
665 5661 759 5717 Sic
791 5665 939 5719 enim
971 5676 1027 5722 et
1058 5667 1356 5736 aliquando
1389 5668 1647 5724 mulieres
1682 5674 1971 5738 sperantes
2002 5669 2056 5723 in

488 5750 601 5808 Deo
636 5755 914 5812 ornabant
960 5772 1056 5825 se,
1103 5759 1364 5829 subjecta:
1413 5760 1651 5832 propriis
1701 5761 1856 5818 viris.
1906 5760 2060 5816 Sicut

491 5842 630 5904 Sara
662 5846 952 5915 obediebat
998 5848 1266 5917 Abrahae,
1296 5853 1581 5910 dominum
1632 5869 1757 5911 cum
1810 5868 2055 5910 vocans:

2153 4656 2266 4718 τοῖς
2314 4652 2575 4725 ἀνδράσιν
2603 4654 2664 4707 ὲν
2697 4654 2886 4706 πᾶσιν.
2919 4652 3189 4713 Ἕκαστος
3252 4648 3354 4721 τὴν
3408 4647 3617 4702 ἑαυτοῦ
3647 4664 3729 4715 τυ-

2154 4749 2317 4801 ναῖκα
2340 4746 2416 4810 ὡς
2436 4746 2627 4800 ἑαυτὸν
2667 4745 2940 4815 ἀγαπάτω
2964 4761 2978 4776 ·
3011 4745 3045 4815 ἡ
3088 4743 3146 4797 δὲ
3173 4742 3333 4813 γυνὴ.
3380 4742 3476 4795 ἵνα
3519 4740 3736 4812 φοῦηθῇ

2153 4839 2246 4891 τὸν
2271 4838 2460 4909 ἄνδρα.
2487 4856 2505 4889 ι

2235 4946 2255 4981 ι
2282 4928 2349 4981 Αἱ
2378 4929 2636 4996 γυναῖκες
2664 4923 3105 4992 ὑποτασσόμεναι
3130 4924 3244 4985 τοῖς
3265 4922 3420 4985 ἰδίοις
3447 4923 3737 4994 ἀνδράσιν,

2157 5019 2244 5073 ἵνα
2263 5018 2318 5072 εῐ
2341 5034 2487 5081 τινες
2532 5016 2820 5071 ἀπειθοῦσι
2852 5014 2931 5085 τῷ
2957 5014 3132 5083 λόγῳ,
3188 5012 3276 5067 διά
3335 5013 3438 5081 τῆς
3499 5014 3614 5066 τῶν
3644 5031 3740 5081 γυ·

2157 5110 2368 5166 ναικῶν
2425 5110 2776 5181 ἀναστροφῆς
2835 5109 2965 5163 ἄνευ
3027 5108 3187 5176 λόγου
3244 5107 3740 5178 κερδηθήσωνται·

2155 5204 2600 5267 ἐποπτεύσαντες
2622 5204 2725 5274 τὴν
2745 5205 2804 5256 ὲν
2846 5202 2999 5273 φόδῳ
3027 5200 3379 5270 ἀναστροφὴν
3424 5199 3611 5269 ὑμῶν.
3644 5195 3742 5252 Ὠιι

2156 5298 2297 5352 ἔστω
2328 5298 2426 5367 οὐχ
2451 5300 2480 5351 6
2502 5298 2560 5350 ὲν
2585 5297 2815 5357 πλοκαῖς
2850 5294 3055 5367 τριχῶν
3084 5295 3179 5347 καὶ
3210 5291 3553 5363 περιθέσεως
3612 5312 3764 5365 χρυ-ο

2159 5389 2379 5460 σίων,ἢ
2407 5388 2672 5451 ἐνδύσεως
2706 5386 2938 5459 ἱματίων
2987 5386 3214 5454 κόσμος,
3273 5382 3390 5436 ἀλλ’
3422 5385 3454 5436 6
3497 5383 3737 5453 κρυπτὸς

2155 5482 2257 5552 τῆς
2280 5482 2511 5553 καρδίας
2534 5481 2821 5552 ἄνθρωπος
2860 5480 2919 5533 ὲν
2948 5467 3344 5548 ἀφθάρτωτοῦ
3375 5475 3605 5545 πραέως
3652 5476 3737 5528 καὶ

2158 5571 2381 5642 ἡσυχίου
2442 5569 2774 5640 πνεύματος,
2830 5569 2887 5631 ὃς
2953 5567 3103 5620 ἐστιν
3158 5563 3395 5619 ἐνώπιον
3442 5563 3543 5617 τοῦ
3606 5562 3736 5617 Θεοῦ

2161 5662 2479 5731 πολυτελής.
2502 5660 2690 5724 Οὕτως
2714 5659 2823 5730 γάρ
2857 5674 2988 5711 ποτε
3015 5658 3072 5710 ai
3104 5657 3369 5726 γυναῖκες
3402 5656 3462 5709 αἱ
3489 5654 3735 5718 ἐλπίζου-

2162 5774 2254 5811 σαι
2294 5757 2375 5819 ei;
2407 5753 2563 5817 Θεὸν,
2611 5753 2880 5823 ἐκόσμουν
2904 5749 3126 5814 ἑαυτὰς,
3153 5748 3600 5817 ὑποτασσόμεναι
3626 5748 3733 5807 τοῖς

2165 5850 2313 5914 ἰδίοις
2365 5846 2644 5920 ἀνδράσιν,
2676 5845 2749 5912 ὠς
2785 5845 2971 5919 Σαρτια
3018 5842 3300 5915 ὑπήκουσε
3331 5841 3412 5911 τῷ
3449 5838 3728 5912 Ἀϐραὰμ,
