3910 6406
160 408 312 477 131εθ

1445 398 1685 461 SACRA
1719 396 2185 460 PARALLELA.

3297 394 3431 461 1314

144 524 361 597 κύριον
378 519 539 575 αὐτὸν
572 517 830 581 καλοῦσα,
859 510 930 589 ἧς
956 514 1249 585 ἐγενήθητε
1305 514 1491 577 τέκνα,
1551 509 1751 581 ἀγαθο-

1872 508 2016 577 :ujus
2050 509 2207 563 faeta:
2241 509 2370 563 estis
2406 507 2526 563 ﬁliae
2558 506 3002 575 benefacientcs,
3030 515 3085 563 et
3118 522 3227 562 non
3257 520 3428 580 perti-

146 615 444 679 nowﬁs’at,
465 612 563 667 καὶ
592 611 669 684 μὴ
700 608 1034 679 φοϐούμεναι
1055 606 1327 678 μηδεμίαν
1350 606 1601 677 πτόησιν.

144 728 353 782 ΤΙΤΛ.
374 727 449 783 8'.
472 726 693 794 *Περὶ
715 720 1017 795 γνναικῶτς
1034 738 1050 754 ⁸
1066 722 1154 777 ὅτι
1177 724 1249 795 ορ
1264 718 1747 795 δεῒᾼάκςιζακαλύ-

238 812 402 863 πτως
422 788 945 866 εῦχεσᾶαιάὺτὰς.
978 790 1018 860 ἢ
1065 793 1283 849 λαλεῖν
1305 832 1320 857 ,
1344 791 1385 862 ἢ
1430 788 1748 843 διδάσκειν

236 869 309 922 ἐν
328 868 631 938 ἐκκλησίᾳ
661 867 831 922 Θεοῦ.
1742 882 1757 895 ο

234 1003 270 1038 -ι
310 981 401 1038 Ἐν
420 984 551 1056 ὑμῖν
571 984 758 1047 αὐτοῖς
792 982 1013 1056 κρίνατε
1042 996 1058 1015 ο
1085 981 1298 1052 πρέπον
1348 976 1467 1033 ἐστὶ
1515 977 1749 1046 γυναῖκα

149 1077 635 1133 ἀκατακάλυπτον
657 1075 735 1147 τῷ
762 1075 883 1148 Θεῷ
913 1072 1349 1147 προσεύχεσθαι;
1381 1070 1501 1124 ούδέ
1521 1072 1554 1139 ἠ
1589 1066 1749 1138 φύσις

150 1170 311 1241 αὐτὴ
328 1170 568 1239 διδάσκει
600 1168 768 1239 ὑμᾶς,
804 1168 888 1221 ὅτι
917 1167 1058 1237 ἀνὴρ
1082 1167 1199 1237 μὲν,
1234 1164 1328 1218 ἐάν
1356 1163 1518 1233 κομᾷ,
1555 1161 1750 1230 ἀτίμια

156 1261 322 1331 αύτῷ
354 1263 503 1314 ἐστι’
535 1260 675 1331 γυνὴ
703 1259 759 1313 δὲ
792 1259 886 1313 ἐάν
915 1260 1082 1330 κομᾷ,
1126 1256 1251 1323 δόξα
1284 1257 1421 1327 αὐτῇ
1456 1258 1635 1320 ἐστιν;
1667 1254 1748 1307 ὅτι

162 1358 201 1424 ἡ
240 1354 387 1425 κόμη
422 1353 545 1406 ἀντὶ
578 1351 927 1423 περιϐολαίου
954 1351 1093 1423 αύτῇ
1127 1350 1348 1404 διδόται.
1372 1366 1391 1400 ι

250 1549 270 1582 ι
298 1530 412 1584 Ούκ
445 1527 593 1583 ἐστιν
625 1526 1045 1591 ἀκαταστασίας
1070 1527 1098 1580 ὁ
1129 1524 1284 1589 Θεὸς,
1318 1522 1438 1578 ἀλλ’
1502 1522 1746 1593 εἰρήνης,

162 1622 250 1685 ὡς
286 1623 345 1674 ἐν
375 1621 580 1682 πάσαις
630 1620 753 1682 ταῖς
784 1617 1105 1687 ἐκκλησίαις
1155 1615 1265 1669 τῶν
1292 1614 1487 1683 ἁγίων.
1525 1615 1591 1666 Αἰ
1647 1630 1749 1682 γυ-

164 1719 358 1780 ναῖκες
377 1717 436 1769 ἐν
454 1719 575 1778 ταῖς
622 1713 943 1785 ἐκκλησίαις
977 1711 1290 1781 σιγάτωσαν
1323 1725 1337 1740 ⁸
1376 1709 1438 1762 ού
1461 1708 1570 1779 γὰρ
1625 1709 1747 1761 ἐπι-

158 1808 430 1879 τρέπεται
458 1807 648 1869 αὐταῖς
693 1806 896 1869 λαλεῖν,
936 1804 1053 1859 ἀλλ’
1082 1801 1512 1864 ὑποτάσσεσθαι,
1561 1800 1745 1865 καθὼς

161 1903 268 1955 καὶ
292 1903 319 1954 ὁ
344 1900 505 1970 νόμος
526 1898 696 1968 λέγει.
731 1900 793 1952 El
819 1898 889 1952 δέ’
904 1916 956 1952 τι
986 1898 1177 1969 μαθεῖν
1205 1895 1501 1961 ἐθέλουσιν,
1533 1895 1591 1948 ἐν
1612 1893 1746 1964 οίκῳ

159 1995 303 2056 τοὺς
359 1992 522 2057 ίδίους
570 1993 771 2064 ἄνδρας
827 1990 1285 2063 ἐπερωτάτωσαν.
1338 1988 1577 2059 Αἰσχρὸν
1635 1987 1746 2059 γάρ

161 2088 287 2140 ἐστι
317 2087 541 2155 γυναικὶ
570 2084 752 2138 λαλεῖν
784 2085 843 2137 ἐν
866 2082 1152 2154 ἐκκλησίᾳ.
1177 2102 1195 2134 ι

244 2198 266 2231 ι
296 2179 436 2250 Γυνὴ
465 2180 523 2232 ἐν
550 2179 754 2248 ἡσυχίᾳ
804 2175 1125 2247 μανθανέτω
1181 2176 1240 2228 ἐν
1267 2175 1421 2246 πάσῃ
1474 2175 1743 2244 ὑποταγῇ.

162 2271 456 2326 Διδάσκειν
477 2269 535 2324 δὲ
567 2268 789 2339 γυναικὶ
828 2267 930 2322 οὐκ
958 2266 1261 2337 ἐπιτρέπω,
1289 2265 1413 2321 οὐδὲ
1470 2265 1748 2319 αὐθεντεῖν

162 2362 387 2433 ἀνδρός.
416 2380 435 2414 ι

242 2458 311 2511 Δί
334 2456 591 2524 γυναῖκες
646 2452 746 2517 τάς
805 2450 1073 2524 φλυαρίας
1105 2450 1171 2503 ἐκ
1196 2448 1306 2503 τῶν
1328 2450 1616 2521 πομάτων
1649 2452 1743 2504 αύ-

162 2550 281 2605 τῶν
329 2548 695 2603 παυσάτωσαν
720 2584 735 2610 ,
765 2545 859 2599 καὶ
887 2545 1015 2608 τοὺς
1067 2542 1435 2616 ψιθυρισμοὺς
1455 2584 1470 2607 ,
1532 2562 1747 2616 μνημο-

163 2643 427 2698 νεύουσαι
459 2640 573 2704 πῶς
604 2640 673 2710 τῇ
707 2637 823 2710 Εὕα
870 2636 1162 2708 ψιθυρίσας
1187 2637 1216 2689 δ
1245 2637 1500 2709 πονηρὸς,
1527 2638 1749 2703 ἐξέϐαλε

162 2735 267 2791 τοῦ
301 2731 656 2807 παραδείσου.

165 2871 361 2926 ΤΙΤΛ.
396 2869 527 2925 Ι¹.--
550 2868 691 2937 Περὶ
708 2864 1016 2937 γυναικῶν
1041 2865 1436 2937 κυΐσκουσῶν
1460 2882 1476 2898 ·
1507 2866 1617 2920 ἐὰν
1636 2865 1754 2936 μὲν

258 2943 448 3009 ἄρσεις
502 2935 667 3005 texti.
719 2935 822 3009 ἐπὶ
849 2943 905 3006 μ’
940 2935 1166 3009 ἡμέρας
1195 2939 1308 3009 οὐκ
1332 2935 1752 3009 εἰσελεύσεται

241 3006 335 3079 είς
394 3006 564 3064 οἶκον
618 3008 882 3077 Κυρίου·
922 3009 974 3061 εὶ
1028 3006 1097 3060 δὲ
1148 3006 1330 3077 θῆλυ,
1384 3008 1484 3061 ἐπὶ
1543 3008 1753 3079 ὀγδοή-

242 3098 448 3136 κοντα.

259 3215 278 3248 ι
331 3192 592 3263 Ἐλάλησε
629 3190 835 3263 Κύριος
877 3190 1015 3261 πρὸς
1084 3191 1327 3262 Μωῦσῆν
1378 3190 1556 3261 λέγων
1593 3207 1607 3222 ·
1642 3192 1754 3246 Λά-
1779 3218 1823 3278 c

167 3291 339 3361 λησον
366 3288 476 3350 τοῖς
500 3285 638 3348 υἱοῖς
683 3282 922 3355 Ἰσραὴλ,
947 3282 1042 3337 καὶ
1066 3282 1211 3353 ἐρεῖς
1237 3282 1375 3354 πρὸς
1416 3283 1636 3347 αὐτοὺς,
1667 3284 1754 3338 λέ-

170 3400 291 3453 γων
311 3397 325 3411 ·
351 3378 493 3450 Γυνὴ
514 3378 565 3431 εί
591 3394 674 3440 τις
708 3376 775 3429 ἂν
806 3375 1210 3446 σπερματισθῇ,
1257 3375 1354 3429 καὶ
1375 3376 1511 3448 τέκῃ
1561 3376 1752 3447 ἄρρεν,

171 3474 487 3543 ἀκάθαρτος
517 3471 672 3524 ἐσται
690 3469 831 3522 ἐπτά
857 3469 1090 3540 ἡμέρας,
1122 3467 1266 3521 κατά
1289 3467 1389 3531 τὰς
1418 3467 1633 3539 ἡμέρας
1658 3467 1752 3522 τοῦ

172 3568 460 3645 χωρισμοῦ
507 3568 607 3637 τῆς
669 3564 903 3633 ἀφέδρου
959 3563 1153 3634 αὐτῆς.
1212 3562 1324 3615 Καὶ
1349 3563 1417 3632 τῇ
1472 3561 1658 3634 ἡμέρᾳ
1683 3548 1753 3632 ιέῇ

172 3661 343 3735 ὀγδόῃ
370 3659 688 3731 περιτεμεῖς
719 3655 821 3727 τὴν
879 3653 1061 3725 σάρκα
1093 3653 1192 3724 τῆς
1232 3651 1603 3723 ἀκροϐυστίας
1660 3654 1758 3707 αύ-

172 3752 310 3812 τοῦ·
350 3754 442 3807 καὶ
489 3751 787 3822 τριάκοντα
839 3747 935 3800 καὶ
977 3746 1128 3816 τρεῖς
1178 3744 1393 3816 ἡμέρας
1446 3744 1505 3797 ἐν
1559 3745 1754 3816 αἵματι

174 3847 480 3919 ἀκαθάρτῳ
504 3843 676 3913 αὐτῆς
706 3838 1107 3909 καθεσθήσεται
1132 3853 1149 3870 ο
1178 3837 1382 3902 παντὸς
1439 3837 1597 3907 ἁγίου
1657 3839 1757 3909 οὐχ

176 3940 401 4009 ἅψεται,
439 3936 535 3990 καὶ
585 3935 665 3997 εἰς
686 3933 747 3986 τὸ
801 3927 1159 4001 ἀγιαστήριον
1210 3928 1312 3983 οὐκ
1362 3929 1756 3995 εἰσελεύσεται,

174 4034 288 4094 ἶως
313 4027 374 4083 οὒ
397 4025 765 4098 πληρωθῶσιν
789 4023 847 4077 at
877 4022 1085 4093 ἡμέραι
1109 4020 1435 4093 καθάρσεως
1460 4023 1658 4094 αὐτῆς.
1693 4024 1757 4079 El

173 4126 237 4178 δὲ
287 4122 424 4192 Θῆλυ
454 4121 610 4191 τέκῃ,
664 4116 976 4185 ἀκάθαρτος
1043 4112 1193 4168 ἔσται
1240 4114 1325 4178 δὶς
1361 4114 1500 4168 ἐπτά
1547 4116 1761 4187 ἡμέρας

174 4217 327 4273 κατά
377 4215 477 4287 τὴν
526 4212 759 4284 ἀφεδρον
822 4210 995 4282 αὐτῆς
1033 4224 1049 4240 ο
1083 4208 1180 4263 καὶ
1231 4208 1498 4278 ἐξήκοντα
1547 4209 1763 4281 ἡμέρας

175 4311 279 4364 καὶ
324 4306 384 4373 ’ἐξ
431 4305 831 4379 καθεσθήσεται
887 4304 948 4356 ἐν
1018 4299 1215 4372 αἵματι
1274 4300 1576 4372 ἀκαθάρτῳ
1660 4302 1761 4355 αὐ-

212 4404 243 4415 ⁶¹’”
309 4404 322 4426 Ι

174 4421 353 4466 ττς.»

257 4497 340 4550 Ta
373 4492 515 4549 κατὰ
544 4488 781 4563 γαστρὸς
812 4487 988 4560 βρέφη
1016 4486 1182 4557 μησὶν
1205 4485 1345 4538 ἐπτά
1374 4483 1762 4554 ζωογονεῖσθαι

177 4590 453 4661 πέφυκεν,
480 4585 557 4649 ὡς
587 4580 1023 4655 παραδοξότατόν
1064 4596 1118 4632 τι
1154 4577 1499 4647 συμϐαίνειν.
1544 4578 1762 4632 Γίνεται
1792 4592 1840 4649 Ῑ)

175 4684 300 4756 γὰρ
316 4680 605 4751 ἑπτάμηνα
626 4676 906 4746 ἀγώγιμα,
922 4671 1031 4726 τῶν
1056 4671 1379 4741 ὁκταμήνων
1407 4670 1614 4724 ἐπίπαν
1635 4668 1769 4735 ζωο-

178 4775 470 4849 γονεῖσθαι
507 4773 584 4846 μὴ
611 4769 949 4839 δυναμένων.

176 4961 377 5017 ΤῘΤΛ.
413 4958 519 5011 IA’.
545 4982 615 4994 —
648 4951 788 5022 Περὶ
837 4947 1124 5021 γυναικὸς
1166 4945 1448 5014 ἀνδρείας
1495 4944 1594 4999 καί
1646 4942 1766 4998 σώ-

854 5035 1102 5090 soporos-

269 5165 289 5199 ι
321 5141 666 5214 Ἀνεχὼρησε
700 5140 815 5200 τοῖς
844 5136 1003 5189 ποσὶν
1039 5134 1119 5194 εἰς
1156 5130 1363 5201 σκηνὴν
1397 5128 1543 5200 Ἰαὴλ
1572 5145 1767 5198 γυναι-

182 5241 291 5303 κὸς
317 5236 517 5309 Χαϐὴρ
540 5232 636 5288 τοῦ
668 5229 918 5284 Κιναίου.
954 5225 1062 5278 Καὶ
1090 5221 1314 5293 ἐξῆλθεν
1342 5220 1491 5291 Ἰαὴλ
1520 5221 1602 5284 είς
1641 5237 1768 5275 συν-

181 5337 421 5402 άντησιν
445 5326 676 5397 Σισάρα,
708 5323 804 5377 καὶ
846 5316 1000 5374 εἶπεν
1029 5315 1211 5386 αύτῷ·
1244 5313 1555 5377 Ἔκκλινον,
1602 5312 1766 5385 κύριέ

188 5443 326 5498 μου,
357 5422 604 5475 ἐκκλινον
627 5417 764 5488 πρός
784 5431 851 5484 με
867 5430 880 5443 °
912 5411 989 5483 μὴ
1016 5406 1207 5480 φοϐοῦ.
1230 5406 1344 5461 Καὶ
1368 5404 1768 5498 ἐξέκλινεπρὸς

185 5496 369 5584 αὐτὴν
386 5516 445 5568 ἐν
466 5516 531 5583 τῇ
563 5511 760 5581 σκηνῇ,
785 5507 881 5561 καὶ
910 5500 1235 5575 περιέϐαλεν
1265 5497 1429 5553 αὑτὸν
1450 5496 1767 5567 ἐπιϐολαίῳ.

185 5607 311 5663 Καὶ
338 5600 458 5658 εἷπε
489 5602 695 5673 Σισάρα
723 5597 857 5669 πρὸς
889 5595 1087 5664 αὑτήν·
1121 5590 1352 5646 Πὸτισον
1378 5588 1442 5658 δή
1476 5603 1542 5657 με
1577 5586 1773 5658 μικρὸν

188 5700 367 5768 ὕδωρ,
398 5698 480 5750 ὅτι
519 5689 906 5765 ἐδίψησακΚαὶ
947 5683 1126 5757 ἧνοιξε
1156 5682 1249 5737 τὸν
1286 5678 1454 5734 ἀσκὸν
1482 5676 1576 5732 τοῦ
1600 5676 1774 5768 γάλα-

186 5804 351 5852 κτος,
387 5786 479 5841 καὶ
505 5786 755 5838 ἐπότισεν
784 5780 970 5844 αὐτὸν,
1002 5776 1097 5831 καὶ
1128 5770 1449 5844 περιέϐαλεν
1469 5769 1619 5839 αὐτῷ
1648 5770 1771 5822 ἐπι-

188 5879 440 5947 ϐὀλαιον.
476 5878 585 5932 Καὶ
608 5875 730 5931 εἶπε
755 5873 892 5946 πρὸς
928 5870 1097 5940 αὐτὴν
1116 5865 1328 5936 Σισάρα
1348 5881 1363 5896 ο
1398 5861 1563 5934 nam
1584 5861 1651 5931 δὴ
1680 5862 1774 5915 ἐπὶ

1850 609 2062 656 mentes
2094 601 2256 653 ullam
2290 599 2785 669 perturbationem.
2817 614 2836 647 ι

1849 713 1981 769 ΤΙΤ.
2006 713 2247 769 lX.—De
2268 714 2573 768 mulieribus
2594 730 2612 767 :
2630 711 2769 784 quod
2786 711 2987 767 detecta
3005 712 3141 781 [acie
3155 730 3310 767 orare
3324 731 3434 768 non

1919 786 2179 850 debeant,
2208 801 2299 838 nec
2330 786 2506 856 loqui,
2536 793 2629 838 aut
2659 785 2848 838 docere
2879 784 2934 837 in
2978 784 3202 838 ecclesia
3236 784 3354 838 Dei.

1922 960 1952 1014 1
1981 960 2106 1017 Cor.
2135 977 2224 1025 si,
2256 962 2355 1026 15,
2390 961 2476 1016 14.
2502 993 2571 1003 -
2598 980 2619 1013 ι
2651 962 2708 1017 1η
2756 962 2918 1018 vobis
2966 963 3105 1033 ipsis
3136 963 3384 1032 iudicate
3408 982 3427 1019 :

1849 1050 2016 1108 Decet
2044 1053 2324 1108 mulierem
2352 1068 2459 1109 non
2492 1054 2725 1108 velatam
2752 1069 2912 1109 orare
2942 1054 3111 1109 Deum
3134 1056 3157 1109 ?
3182 1071 3282 1110 nec
3309 1057 3425 1127 ipsa

1851 1154 2045 1200 natura
2081 1146 2245 1201 docet
2276 1160 2409 1211 vos,
2445 1146 2592 1215 quod
2629 1145 2717 1201 vir
2749 1146 2968 1216 quidem
3000 1147 3045 1201 si
3077 1163 3287 1203 comam
3320 1165 3428 1202 nu-

1852 1238 2017 1298 triat,
2071 1237 2372 1306 ignominia
2423 1245 2507 1291 est
2552 1235 2672 1291 illi:
2708 1237 2906 1291 mulier
2950 1252 3079 1292 vero
3121 1239 3168 1292 si
3213 1253 3427 1292 comam

1850 1330 2091 1395 nutriat,
2122 1330 2297 1400 gloria
2333 1330 2411 1384 illi
2442 1338 2565 1395 est,
2610 1329 2870 1399 quoniam
2908 1331 3091 1401 capilli
3140 1346 3240 1401 pro
3278 1332 3431 1385 vela-

1851 1424 1999 1477 mine
2026 1423 2077 1477 ei
2105 1423 2216 1477 dati
2248 1433 2396 1479 sunt.
2429 1441 2449 1475 ι

1923 1513 1954 1568 Ι
1981 1514 2107 1570 Cor.
2144 1532 2267 1581 xw,
2301 1516 2409 1581 55,
2442 1516 2531 1570 54.
2554 1545 2625 1555 -
2661 1534 2679 1567 ι
2710 1514 2831 1570 Non
2878 1516 3024 1571 enim
3078 1525 3162 1573 est
3214 1518 3431 1574 disse:-

1850 1608 2025 1664 sionis
2059 1609 2201 1664 Deus
2223 1650 2237 1671 .
2270 1610 2362 1665 sed
2395 1610 2543 1680 pacis
2564 1649 2579 1672 ,
2609 1610 2753 1664 sicut
2784 1610 2838 1663 iu
2872 1611 3133 1666 omnibus
3180 1614 3439 1667 ecclesiis

1852 1711 2168 1758 sanctorum
2205 1704 2395 1758 doceo.
2448 1701 2707 1757 Mulieres
2754 1702 2808 1754 in
2861 1703 3113 1759 ccclesiis
3163 1713 3431 1761 taceant:

1854 1811 1959 1849 non
1990 1796 2133 1851 enim
2165 1795 2507 1866 permittitur
2535 1794 2617 1848 eis
2649 1794 2833 1864 loqui,
2868 1797 2959 1849 sed
2991 1795 3239 1849 subditas
3269 1812 3428 1857 esse.

1849 1889 1995 1943 sicut
2028 1896 2082 1942 et
2115 1889 2199 1943 lex
2235 1890 2391 1945 dicit.
2426 1890 2483 1944 Si
2518 1899 2699 1944 autem
2752 1888 2947 1943 volunt
2986 1888 3234 1951 discere.
3284 1891 3436 1944 domi

1847 1980 2193 2050 interrogent
2226 1982 2378 2036 viros
2404 1996 2560 2036 suos.
2591 1980 2779 2050 Turpe
2804 1986 2889 2036 est
2918 1979 3065 2034 enim
3102 1981 3315 2035 mulieri
3350 1982 3432 2033 1ο-

1845 2072 1938 2142 qui
1970 2072 2025 2126 in
2054 2072 2308 2128 ecclesia.
2343 2093 2360 2126 ι

1922 2163 1949 2217 1
1988 2163 2123 2218 Tim.
2157 2181 2228 2230 ιι,
2266 2167 2353 2220 Η.
2378 2195 2449 2207 --
2477 2186 2495 2217 ι
2528 2165 2732 2221 Mulier
2760 2167 2817 2221 in
2851 2165 3074 2222 silentio
3103 2166 3282 2222 discat
3308 2179 3432 2220 cum

1846 2257 1997 2311 omni
2013 2258 2378 2326 subjectioue.
2400 2258 2608 2314 Docere
2625 2266 2806 2313 autem
2832 2258 3049 2313 mulieri
3075 2274 3184 2312 non
3214 2252 3439 2327 permit-

1849 2356 1938 2414 to,
1973 2365 2148 2418 neque
2171 2350 2440 2404 dominari
2476 2350 2530 2404 in
2561 2354 2735 2404 virum
2757 2393 2772 2417 ,
2801 2350 2895 2405 sed
2915 2350 3115 2405 essein
3146 2348 3389 2404 silentio.
3410 2367 3438 2401 ι

1925 2439 2167 2494 Eusebii.
2190 2471 2263 2482 —
2285 2439 2551 2497 Mulieres
2586 2448 2920 2511 nugamenta
2969 2454 3034 2494 ex
3088 2455 3183 2494 ore
3214 2455 3317 2494 suo
3348 2454 3437 2492 ar-

1849 2540 2010 2585 ceant
2032 2572 2048 2596 ,
2081 2531 2217 2587 illud
2249 2532 2517 2587 habentes
2548 2533 2605 2586 in
2643 2530 2903 2586 memoria
2924 2572 2940 2599 ,
2968 2528 3283 2597 diabolum,
3312 2546 3443 2585 cum.

1849 2624 1975 2679 Eva:
2006 2624 2449 2689 insusurrasset,
2486 2640 2517 2680 e
2551 2624 2808 2695 paradiso
2849 2639 2970 2679 eam
3000 2624 3305 2694 expulisse.

1849 2844 2011 2918 40⁵1
2049 2845 2185 2901 ΤΙΤ.
2219 2844 2291 2901 Χ.
2322 2876 2393 2886 -—-
2422 2845 2498 2901 De
2527 2844 2839 2900 mulieribus
2869 2846 3138 2918 puerperis
3174 2861 3193 2899 .'
3222 2850 3359 2918 quod
3392 2846 3445 2918 si

1924 2922 2221 2971 masculum
2246 2918 2439 2970 mulier
2460 2917 2752 2985 pepererit,
2787 2927 2909 2969 ante
2926 2916 3061 2969 diem
3087 2916 3439 2986 quadragesio

1924 3005 2069 3042 mum
2102 3004 2207 3041 non
2240 2987 2578 3069 ingrediatur
2606 2989 2822 3040 domum
2869 2986 3121 3051 Domini;
3153 2989 3241 3041 sin
3285 2985 3439 3055 lenti»-

1925 3075 2051 3113 nam
2070 3098 2086 3125 ,
2123 3070 2246 3112 ante
2277 3068 2678 3129 octogesimum.
3100 3070 3109 3077 ’

1926 3169 2090 3227 Lavit.
2122 3187 2233 3237 xu,
2268 3170 2322 3225 1.
2346 3201 2417 3211 -—
2444 3189 2463 3223 ι
2492 3169 2739 3227 Locutus
2768 3178 2853 3227 est
2887 3170 3153 3224 Dominus
3186 3170 3253 3224 ad
3285 3167 3437 3241 Moy-

1856 3277 1986 3329 seu,
2015 3263 2202 3318 dicens
2229 3280 2243 3318 :
2274 3260 2525 3333 Loquere
2552 3260 2678 3316 [iliis
2712 3262 2879 3316 Israel
2898 3301 2914 3323 ,
2944 3268 3002 3316 et
3026 3260 3178 3316 dices
3206 3262 3270 3315 ad
3298 3276 3392 3317 eos
3420 3280 3437 3315 ει

1857 3353 2050 3410 Mulier
2094 3354 2141 3411 si
2181 3365 2438 3423 suscepto
2482 3354 2692 3409 semine
2769 3352 3043 3429 pepererit
3095 3354 3437 3420 masculum,

1856 3445 2135 3503 immunda
2158 3447 2263 3502 erit
2289 3459 2497 3515 septem
2518 3445 2895 3513 diebus,juxta
2913 3445 3033 3501 dies
3067 3447 3441 3515 separationis

1857 3547 2152 3594 menstruae
2189 3553 2321 3594 suae.
2358 3537 2421 3591 Et
2462 3536 2552 3591 die
2574 3544 2766 3591 octava
2798 3536 3163 3592 circumcides
3215 3552 3443 3591 carnem

1858 3628 2105 3700 praeputii
2134 3628 2281 3684 illius
2310 3646 2324 3682 :
2378 3629 2495 3699 ipsa
2537 3641 2671 3683 vero
2703 3627 2927 3698 triginta
2958 3627 3149 3681 diebus
3200 3626 3441 3681 manebit

1858 3721 1913 3775 in
1939 3720 2209 3789 sanguine
2230 3717 2515 3774 immundo
2541 3732 2663 3774 suo.
2689 3716 2863 3772 Omne
2889 3726 3140 3773 sanctum
3170 3733 3280 3772 non
3313 3725 3439 3773 tan»-

1860 3820 1985 3881 get,
2016 3817 2071 3864 et
2104 3810 2160 3863 in
2194 3809 2575 3864 sanctuarium
2608 3821 2719 3861 non
2748 3807 3112 3879 ingredietur,
3138 3806 3315 3863 donec
3343 3806 3440 3861 im—

1860 3902 2113 3974 pleantur
2143 3900 2265 3957 dies
2292 3900 2694 3971 puriﬁcationis
2727 3914 2862 3955 suae.
2898 3899 2995 3955 Sin
3051 3906 3236 3953 autem
3280 3897 3442 3953 femi-

1858 4012 1985 4053 nam
2014 3977 2592 4068 pepererit,immu°nda
2611 3994 2716 4051 erit
2738 3992 2957 4049 duabus
2980 3990 3441 4058 hebdomadibus,

1860 4089 2163 4147 secundum
2210 4098 2493 4145 menstrua
2526 4101 2661 4155 sua,
2695 4094 2751 4142 et
2795 4086 3080 4157 sexaginta
3116 4098 3213 4140 sex
3246 4082 3446 4139 diebus

1861 4184 2073 4243 sedebit
2101 4185 2158 4241 in
2194 4182 2461 4257 sanguine
2491 4179 2776 4237 immundo
2805 4194 2928 4237 suo.
2962 4196 2981 4230 ι

1933 4457 2151 4512 Pluton.
2210 4453 2285 4508 De
2338 4449 2525 4506 mundi
2571 4447 2704 4517 opif.
2735 4441 3000 4499 —Fetus
3050 4442 3193 4496 intra
3227 4451 3449 4494 uterum

1865 4562 2083 4605 menses
2144 4554 2355 4616 septem
2384 4539 2551 4597 vividi
2587 4538 2770 4595 solent
2795 4550 2960 4599 esse,
2992 4536 3070 4588 ita
3126 4539 3188 4587 ut
3235 4528 3447 4599 aliquid

1866 4641 2131 4698 eximium
2210 4649 2444 4707 prorsus
2493 4631 2803 4700 contingat.
2855 4624 3025 4681 Fiunt
3070 4624 3217 4680 enim
3273 4621 3447 4691 septi-

1868 4740 2104 4787 mestres
2148 4734 2340 4797 partus
2390 4723 2631 4786 vitales;
2681 4719 2777 4790 qui
2826 4725 3014 4773 autem
3065 4715 3449 4778 octimestres,

1867 4822 2063 4879 vitales
2090 4833 2319 4891 prorsus
2351 4830 2480 4872 esse
2504 4818 2807 4884 nequeunt.

2082 4930 2220 4989 ΤΙΤ.
2256 4929 2351 4986 XI.
2375 4927 2542 4983 —De
2573 4925 2795 4981 muliere
2823 4924 2955 4995 {orti
2982 4933 3035 4979 et
3059 4912 3235 4979 casta.

1933 5113 2117 5170 Judic.
2154 5126 2229 5178 tv,
2264 5109 2429 5165 i7.—
2450 5124 2471 5159 ι
2503 5104 2691 5163 Sisara
2725 5102 2954 5160 secessit
2984 5100 3150 5172 pedes
3178 5098 3233 5152 in
3264 5096 3453 5153 taber-

1830 5212 1835 5215 ’
1871 5207 2128 5265 naculum
2166 5202 2284 5259 Jael
2319 5199 2513 5256 uxoris
2556 5197 2778 5255 Cbaber
2802 5194 2992 5251 Cinaei.
3023 5192 3090 5246 Et
3115 5204 3340 5262 egressa
3370 5196 3458 5246 est

1870 5299 1986 5356 Jael
2012 5299 2068 5353 in
2101 5308 2397 5353 occursum
2433 5292 2667 5357 Sisara,
2695 5297 2752 5346 et
2784 5286 2922 5343 dixit
2951 5285 3044 5350 ei;
3076 5282 3331 5347 Diverte,
3359 5281 3457 5335 doc

1872 5393 2024 5449 mine
2053 5390 2168 5457 mi,
2204 5387 2418 5445 diverte
2451 5384 2521 5440 ad
2550 5396 2680 5449 me;
2708 5393 2782 5435 ne
2812 5378 3031 5433 timeas.
3063 5374 3132 5428 Et
3160 5372 3459 5429 declinavit

1873 5486 1940 5541 ad
1970 5498 2092 5540 eam
2125 5483 2179 5537 in
2214 5477 2632 5537 tabernaculum
2662 5490 2679 5541 ;
2710 5485 2833 5543 quae
2860 5468 3089 5524 involvit
3113 5480 3238 5521 eum
3267 5463 3455 5535 pallio.

1872 5579 1940 5634 Et
1969 5576 2108 5635 dixit
2149 5574 2199 5631 ei
2228 5573 2416 5630 Sisara
2443 5586 2459 5625 :
2512 5567 2591 5625 Da
2616 5565 2749 5622 mihi
2784 5561 3072 5636 paululum
3102 5573 3294 5631 aquae,
3325 5556 3458 5628 quia

1874 5674 2022 5729 sitio.
2048 5670 2180 5738 Quae
2209 5665 2424 5740 aperuit
2452 5672 2630 5718 utrem
2659 5656 2821 5715 lactis
2840 5695 2855 5723 ,
2883 5662 2938 5712 et
2970 5653 3124 5711 dedit
3148 5653 3199 5709 ei
3232 5650 3420 5706 bibere
3438 5687 3454 5712 ,

1875 5776 1930 5822 et
1956 5760 2175 5837 operuit
2207 5761 2364 5817 illum
2400 5757 2590 5830 pa'llio.
2622 5752 2887 5824 Dixitque
2929 5750 2999 5805 ad
3042 5761 3163 5805 eam
3220 5741 3408 5837 Sisara
3437 5759 3451 5795 :

1878 5861 1976 5917 Sta
1995 5833 2134 5915 ante
2168 5854 2374 5912 ostium
2404 5847 2782 5907 tabernaculi.
2818 5852 2873 5903 et
2908 5858 3033 5900 cum
3062 5836 3275 5897 venerit
3304 5833 3372 5890 ad
3401 5841 3458 5887 te
