4024 6408
580 353 714 420 1315

1744 340 1802 402 S.
1826 337 2145 402 IOANNIS
2173 338 2600 401 DAMASCENI

3645 354 3746 428 1318

577 470 779 542 aliquis
810 466 903 538 qui
936 472 992 520 te
1042 464 1377 531 interroget,
1422 467 1612 514 utrum
1664 457 1752 511 hic
1785 459 1853 511 sit
1884 457 1969 510 vir
1997 456 2147 525 quis-

2253 453 2352 525 τὴν
2383 454 2555 526 θύραν
2584 456 2685 526 τῆς
2715 459 2944 527 σκηνῆς,
2982 455 3079 510 καὶ
3114 454 3266 512 ἔσται
3294 459 3386 515 ἐάν
3411 478 3487 527 τις
3510 464 3619 539 ἔλθῃ
3644 475 3749 544 πρὸς

577 566 721 635 piam
753 604 768 628 ,
815 559 966 614 dices
1023 557 1233 610 nullum
1281 568 1427 608 esse.
1459 551 1527 605 Et
1555 549 1765 619 accepit
1796 547 1909 601 Jael
1939 548 2152 601 clavum

578 649 917 708 tabernaculi
938 688 953 710 ,
983 656 1038 703 et
1064 660 1356 702 assumens
1383 643 1593 713 pariter
1620 640 1873 694 malleum
1908 639 1961 691 in
1992 653 2156 691 manu

574 764 708 813 sua,
746 748 995 815 ingressa
1025 749 1111 797 est
1142 741 1281 795 clam
1318 736 1386 791 ad
1415 750 1539 789 eum
1565 778 1580 801 ,
1620 744 1676 788 et
1706 732 1923 786 inlinxit
1953 731 2008 784 in
2037 744 2155 784 ma-

572 847 705 900 xilla
735 845 856 914 ejus
889 841 1105 895 clavum
1127 878 1141 902 ,
1177 835 1267 904 qui
1302 828 1603 900 perforavit
1641 841 1811 895 usque
1843 824 1898 878 in
1931 834 2151 877 terram.

573 942 645 997 Et
673 942 790 1011 ipse
822 949 1018 1005 sopore
1046 929 1196 1001 gravi
1227 927 1466 981 obrutus
1490 930 1610 977 erat
1642 921 1785 975 inter
1808 932 1988 988 genua
2014 917 2152 986 ejus,

575 1047 628 1093 ct
657 1032 957 1105 exspiravit
981 1070 996 1093 ,
1025 1034 1394 1092 mortuusque
1419 1028 1524 1074 est.
1561 1017 1626 1071 Et
1652 1028 1782 1071 ecce
1811 1013 1984 1067 Barac
2013 1012 2156 1066 inse-

570 1102 1028 1199 quens—Sisaram
1057 1156 1073 1183 ,
1108 1126 1164 1171 et
1199 1114 1371 1170 exivit
1404 1109 1526 1165 Jael
1558 1109 1608 1163 ei
1640 1107 1897 1172 obviam,
1926 1110 1985 1161 et
2018 1102 2155 1157 dixit

570 1221 642 1273 ad
672 1218 822 1271 illum
850 1231 865 1267 :
894 1211 1029 1266 Veni
1051 1247 1067 1273 ,
1101 1217 1159 1263 et
1184 1203 1474 1261 ostendam
1509 1200 1611 1256 tibi
1659 1200 1841 1253 virum
1884 1208 2047 1267 quem
2096 1206 2153 1249 tu

570 1309 803 1381 quaeris.
837 1305 905 1359 Et
939 1301 1187 1356 introivit
1217 1296 1287 1351 ad
1318 1296 1467 1349 illam
1491 1333 1507 1359 ,
1538 1300 1594 1348 et
1625 1306 1757 1347 ecce
1785 1289 1971 1346 Sisara
2006 1303 2153 1344 mor-

572 1414 703 1458 tuus
723 1440 739 1467 ,
775 1409 831 1455 et
861 1396 1049 1452 clavus
1080 1393 1138 1447 in
1169 1388 1390 1446 maxilla
1418 1386 1562 1456 ejus.
1589 1403 1608 1437 ι

642 1579 822 1635 Judic.
841 1592 892 1641 v,
910 1576 1104 1630 2L—t
1124 1570 1415 1626 Benedicta
1447 1568 1520 1622 sit
1546 1565 1694 1620 inter
1722 1562 1978 1619 mulieres
2000 1558 2113 1615 Jael
2132 1599 2148 1623 ,

569 1689 714 1730 uxor
747 1672 961 1726 Chaber
994 1668 1159 1722 Cinrei
1183 1707 1199 1731 ,
1231 1682 1263 1721 a
1299 1664 1658 1725 mulieribus,
1692 1660 1747 1713 in
1779 1655 2149 1713 tabernaculis

569 1764 948 1821 benedicatur.
986 1761 1197 1829 Aquam
1230 1757 1369 1826 petit
1400 1756 1525 1819 ille,
1567 1764 1623 1809 et
1663 1754 1747 1807 lac
1780 1751 1931 1807 dedit
1961 1750 2015 1804 in
2052 1763 2148 1802 va-

567 1857 722 1930 sculo
751 1855 1064 1925 primatum.
1081 1870 1099 1902 ι

643 1948 823 2004 Judic.
865 1962 916 2001 ix
939 1986 954 2010 ,
981 1944 1069 1998 52.
1094 1971 1163 1983 —-
1196 1962 1214 1994 ‹
1243 1940 1491 1996 Accessit
1525 1935 1843 1993 Abimclech
1880 1946 2056 2002 usque
2084 1931 2150 1986 ad

570 2048 789 2112 portam
843 2034 1050 2098 turris,
1106 2041 1164 2085 ut
1200 2030 1519 2084 incenderet
1551 2042 1670 2082 eam
1725 2025 1859 2096 igni.
1918 2021 1984 2075 Et
2014 2022 2150 2091 jecit

570 2133 766 2188 mulier
800 2144 906 2184 una
939 2127 1183 2195 fragmen
1222 2123 1277 2176 in
1312 2128 1478 2190 caput
1519 2118 1839 2173 Abimelech
1867 2158 1882 2183 ,
1928 2124 1982 2171 et
2016 2129 2150 2168 con-

569 2224 734 2294 fregit
762 2221 1012 2277 cranium
1060 2217 1199 2286 ejus.
1239 2214 1307 2268 Et
1341 2214 1451 2269 cito
1496 2210 1753 2265 clamavit
1799 2209 1867 2263 ad
1917 2221 2146 2276 puerum

566 2320 899 2387 armigerum
927 2326 1083 2368 suum
1104 2350 1118 2374 ,
1144 2319 1198 2365 et
1224 2306 1363 2363 dixit
1390 2305 1440 2361 ei
1466 2322 1479 2357 :
1510 2302 1663 2358 Educ
1690 2303 1928 2373 gladium
1958 2308 2111 2352 tuunt
2130 2338 2145 2362 ,

566 2419 624 2466 et
646 2386 889 2464 interﬁce
913 2418 1023 2468 me,
1052 2417 1123 2456 ne
1149 2400 1292 2455 forte
1320 2398 1546 2460 dicant,
1572 2394 1702 2465 quia
1724 2391 1922 2446 mulier
1945 2386 2148 2444 occidit

571 2505 749 2574 illum.
773 2501 841 2555 Et
861 2495 1089 2554 conﬁxit
1113 2507 1237 2548 eum
1263 2505 1401 2561 puer
1422 2487 1623 2558 ipsius,
1650 2494 1705 2541 et
1726 2494 1977 2539 mortuus
2004 2488 2142 2536 est.»

648 2684 674 2740 ι
713 2683 837 2754 Reg.
873 2696 1001 2746 xix,
1030 2679 1119 2732 11.
1143 2704 1213 2715 ——
1240 2693 1258 2726 ι
1289 2667 1657 2727 Annuntiavit
1686 2662 1918 2721 Melchol
1948 2661 2014 2717 ad
2044 2659 2149 2712 Da-

568 2780 693 2845 vid,
728 2778 918 2832 dicens
952 2790 966 2825 :
1002 2769 1121 2825 Nisi
1158 2779 1214 2822 tu
1248 2765 1456 2821 salvam
1490 2759 1687 2815 feceris
1728 2757 1968 2813 animam
1999 2759 2147 2807 tudm

568 2844 685 2928 hac
706 2877 898 2931 nocte,
931 2879 1056 2919 cras
1087 2859 1248 2916 morti
1284 2855 1454 2929 408
1486 2851 1744 2909 traderis.
1797 2847 1865 2903 Et
1912 2844 2149 2902 demittit

571 2962 798 3021 llelchol
828 2957 997 3015 David
1030 2969 1126 3025 per
1158 2951 1503 3007 fenestram:
1552 2946 1709 3015 isque
1758 2940 1928 3004 abiit,
1976 2943 2030 2990 et
2064 2935 2148 2989 fu-

568 3058 685 3128 git,
720 3053 1072 3118 salvatusque
1098 3053 1203 3100 est.
1236 3061 1255 3094 ι

641 3147 669 3201 1
694 3145 964 3215 Βερδιχν,
982 3139 1072 3200 9.4,
1089 3130 1356 3190 Eli—«Et
1378 3129 1511 3185 dixit
1531 3125 1758 3218 Abigaia
1782 3123 1849 3176 ad
1874 3119 2041 3176 David
2058 3121 2146 3175 :ln
2175 3157 2219 3218 α

567 3255 657 3295 me
670 3212 1324 3306 sit,domine,'iniquitas.
1345 3221 1649 3290 Loquatur,
1668 3217 1921 3281 obsecro,
1944 3212 2145 3267 famula

569 3345 662 3386 tua
698 3331 753 3383 in
785 3325 1008 3380 auribus
1038 3321 1171 3376 tuis.
1203 3317 1280 3373 Ne
1309 3324 1475 3388 ponat
1522 3313 1781 3368 dominus
1832 3324 1988 3364 meus
2044 3321 2143 3362 cor

564 3437 729 3479 suum
762 3433 924 3489 super
954 3416 1133 3470 virum
1170 3411 1513 3483 pestilentem
1547 3406 1692 3460 hunc
1713 3445 1729 3470 ,
1766 3418 1888 3458 cum
1914 3416 2022 3471 quo
2062 3407 2148 3454 est

568 3512 821 3571 stultitia.
843 3508 908 3562 Et
937 3506 1073 3562 dixit
1102 3502 1273 3556 David
1303 3500 1370 3554 ab
1396 3495 1655 3565 Abigaia:
1680 3493 2007 3549 Benedictus
2041 3489 2146 3545 Do-

574 3608 760 3663 minus
791 3604 935 3658 Deus
962 3597 1127 3657 Israel
1148 3638 1164 3663 ,
1197 3596 1291 3668 qui
1328 3592 1476 3648 misit
1501 3600 1555 3646 te
1581 3590 1742 3646 hodie
1767 3590 1821 3644 in
1852 3601 2145 3643 occursum

568 3714 751 3756 meum
773 3737 789 3761 ,
816 3705 871 3751 et
899 3692 1183 3750 benedicta
1212 3687 1426 3743 indoles
1454 3693 1567 3746 tua,
1602 3692 1657 3738 et
1686 3681 1938 3737 benedita
1964 3694 2025 3734 es
2052 3686 2106 3732 tu
2128 3718 2143 3744 ,

564 3808 689 3863 quae
711 3787 1043 3862 prohibuisti
1068 3799 1156 3839 me
1183 3782 1345 3837 hodie
1366 3821 1380 3845 ,
1405 3794 1474 3833 ne
1500 3778 1632 3832 irem
1662 3775 1729 3829 ad
1755 3772 2103 3842 sanguinem.
2120 3788 2138 3822 ι

635 3884 736 3940 Job
767 3894 974 3937 xxxvut
996 3919 1011 3939 .
1044 3876 1136 3933 59.
1167 3904 1239 3914 —
1272 3892 1290 3923 ι
1323 3872 1458 3938 Quis
1488 3868 1639 3925 dedit
1670 3864 1994 3921 mulieribus
2029 3872 2145 3918 tex-

565 3987 704 4033 turae
733 3973 1058 4045 sapientiam
1079 4009 1094 4036 ,
1128 3976 1184 4023 et
1211 3963 1528 4035 variegandi
1561 3960 1847 4017 scientiam
1872 3958 1895 4011 ?
1924 3976 1942 4009 ι

637 4068 795 4123 Prov.
814 4081 913 4127 xu,
931 4062 987 4116 4.
1003 4091 1074 4103 --
1094 4076 1113 4110 ι
1126 4056 1319 4111 Mulier
1348 4055 1506 4108 fortis
1524 4065 1726 4106 corona
1744 4060 1829 4104 est
1844 4049 1965 4103 viro
1983 4061 2103 4103 suo.
2119 4065 2137 4098 ι

638 4159 794 4215 Prov.
825 4171 982 4219 xvnt,
1004 4153 1172 4208 92.-—
1193 4169 1211 4202 ι
1230 4148 1331 4215 Qui
1358 4146 1569 4201 invenit
1594 4144 1875 4198 mulierem
1908 4141 2139 4202 bonam,

564 4251 775 4309 invenit
802 4247 1013 4319 gratias
1034 4285 1049 4309 ,
1076 4250 1132 4297 et
1163 4239 1376 4310 accepit
1398 4235 1794 4305 iucunditatem
1827 4247 1858 4284 a
1890 4228 2138 4283 Domino.

562 4346 669 4413 Qui
722 4340 946 4410 expellit
998 4333 1289 4390 mulierem
1332 4330 1574 4391 bonam,
1621 4323 1846 4395 expellit
1893 4322 2035 4376 bona
2073 4334 2141 4373 ex

561 4443 725 4495 domo
752 4448 873 4492 sua.
909 4450 930 4483 ι

2259 547 2339 613 σὲ,
2376 550 2470 601 καὶ
2498 550 2751 620 ἐρωτήσῃ
2784 566 2865 615 σε,
2917 550 2965 601 εί
2998 549 3145 602 ἔστιν
3173 543 3274 603 ὧδε
3302 553 3456 626 ἀνὴρ,
3487 559 3633 629 ἐρεῖς·
3667 543 3750 620 Οὐκ

2256 638 2393 692 ἔστι.
2436 641 2546 694 Καὶ
2576 640 2784 703 έέλαϐεν
2817 640 2964 709 Ἰαὴλ
3007 642 3100 695 τὸν
3141 642 3413 699 πάσσαλον
3449 648 3538 720 τῆς
3576 656 3749 725 σκηνῆς,

2257 732 2351 783 καὶ
2379 730 2543 801 ἔθηκε
2573 732 2673 803 τὴν
2702 732 2916 804 σφύραν
2939 733 2996 786 ὲν
3026 737 3093 805 τῇ
3115 736 3262 807 χειρὶ
3283 738 3566 810 αὐτῆς,καὶ
3583 746 3751 815 εἰσῆλθε

2258 823 2395 894 πρὸς
2425 824 2589 877 αὐτὸν
2619 826 2678 879 ἐν
2698 828 2902 898 κρυφῇ,
2926 826 3021 879 καὶ
3050 826 3220 897 ἔπηξε
3248 829 3339 882 τὸν
3369 832 3619 887 πάσσαλον
3640 838 3686 890 ὲν
3704 846 3752 912 τῇ

2256 916 2442 987 γνάθῳ
2492 917 2520 956 ι)
2552 917 2742 985 αὐτοῦ,
2771 919 2866 971 καὶ
2904 917 3179 990 διεξῆλθεν
3206 923 3264 974 ὲν
3303 926 3369 994 τῇ
3406 928 3491 995 γῇ.
3519 928 3614 981 Καὶ
3635 932 3754 997 αὐτὸς

2256 1007 2610 1079 ἀπεκάρησεν
2638 1008 2913 1079 ἀναμέσον
2957 1010 3068 1063 τῶν
3097 1012 3341 1079 γονάτων
3384 1016 3557 1087 αὐτῆς,
3578 1022 3655 1073 καὶ
3679 1023 3753 1076 ἀπ.

2250 1099 2445 1169 ἔψυξε,
2469 1102 2564 1154 καὶ
2596 1099 2858 1157 ἀπέθανε.
2888 1102 2997 1156 Καὶ
3021 1103 3131 1159 ἰδοὺ
3154 1104 3346 1177 Βαράκ
3369 1107 3567 1163 διώκων
3592 1112 3668 1167 τὸν
3687 1117 3751 1168 Σι-

2258 1191 2421 1262 σάρα,
2459 1193 2555 1245 καὶ
2587 1192 2813 1264 ἐξῆλθεν
2844 1195 2992 1267 Ἰαὴλ
3039 1199 3121 1260 εἰς
3171 1199 3468 1270 ἀπάντησιν
3510 1202 3668 1270 αὐτοῦ,
3688 1211 3753 1260 καὶ

2255 1283 2376 1338 εἷπε
2402 1286 2538 1356 πρὸς
2555 1287 2717 1341 αὐτόν
2732 1304 2745 1319 ·
2775 1287 2963 1361 Δεῦρο,
2983 1290 3075 1344 καὶ
3098 1291 3258 1356 δείξω
3281 1310 3364 1347 σοι
3383 1295 3470 1348 τὸν
3489 1297 3634 1368 ἄνδρα
3647 1299 3693 1352 ὃν
3710 1302 3757 1354 σὺ

2256 1379 2461 1450 ζητεῖς.
2496 1381 2730 1451 Εἱσῆλθε
2757 1382 2893 1453 πρὸς
2918 1383 3110 1455 αὐτὴν,
3134 1387 3231 1438 καὶ
3258 1386 3366 1440 ἰδοὺ
3395 1388 3585 1461 Σισάρα
3608 1393 3757 1464 ἐρριμ-

2258 1466 2419 1536 μένος
2442 1468 2654 1538 νεκρὸς,
2681 1470 2777 1523 καὶ
2800 1472 3081 1536 πάσσαλος
3110 1475 3167 1526 ὲν
3192 1478 3259 1546 τῇ
3288 1476 3475 1547 γνάθῳ
3502 1480 3663 1536 αὐτοῦ,
3690 1502 3705 1535 ι

2329 1577 2348 1609 (
2387 1558 2726 1633 Εὐλογηθείη
2775 1565 2834 1616 ὲν
2873 1566 3090 1633 γυναιξὶ
3149 1566 3317 1636 Ἰαὴλ,
3351 1569 3485 1640 γυνὴ
3508 1572 3670 1643 Χάϐερ
3690 1576 3759 1629 τοῦ

2254 1651 2481 1704 Κιναίου
2539 1652 2649 1707 ἀπὸ
2710 1655 3020 1722 γυναικῶν,
3075 1659 3133 1710 ὲν
3194 1664 3422 1731 σκηναῖς
3480 1662 3759 1738 εὐλογηθείη.

2256 1744 2443 1817 ’Υδωρ
2465 1746 2658 1819 ᾔτησε,
2686 1748 2781 1801 καὶ
2813 1748 2954 1818 γάλα
2980 1750 3182 1806 ἔδωκεν
3212 1755 3271 1807 ὲν
3300 1754 3500 1825 λεκάνῃ
3526 1758 3761 1830 ὑπερεχόν-

2254 1854 2385 1891 των.
2427 1858 2444 1888 ι

2250 1930 2347 2002 ξε(
2386 1933 2655 2001 Ἥγγισεν
2699 1933 2991 2005 Ἀϐιμέλεχ
3029 1935 3136 1999 ἓως
3159 1936 3259 2004 τῆς
3283 1938 3462 2008 πύλης
3484 1937 3573 1992 τοῦ
3599 1940 3758 2012 πύργου

2251 2024 2536 2095 ἐμπρῆσαι
2585 2024 2754 2096 αὐτὴν
2801 2029 2860 2079 ἐν
2926 2029 3095 2097 πυρί’
3164 2028 3258 2082 κα)⁸
3307 2029 3499 2100 ἔρριψε
3541 2032 3659 2103 γυνή
3693 2034 3761 2103 μία

2251 2116 2472 2187 κλάσμα
2497 2116 2593 2169 ἐπὶ
2627 2119 2727 2188 τὴν
2751 2118 2993 2189 κεφαλὴν
3030 2118 3355 2193 Ἀϐιμέλεχ,
3393 2124 3487 2177 καὶ
3521 2124 3761 2179 συνέκλασε

2248 2208 2310 2261 τὸ
2342 2210 2567 2280 κρανίον
2601 2211 2789 2265 αὐτοῦ.
2833 2214 2944 2265 Καὶ
2974 2212 3165 2283 ἐϐόησε
3194 2216 3333 2285 ταχὺ
3382 2216 3512 2285 πρὸς
3540 2217 3594 2270 τὸ
3617 2219 3763 2271 παιδά-

2254 2318 2367 2371 ριον
2396 2301 2457 2354 τὸ
2500 2298 2655 2373 αἷρον
2701 2303 2771 2356 τά
2817 2304 2988 2375 σκεύη
3035 2304 3239 2370 αὐτοῦ,
3302 2308 3401 2361 καὶ
3439 2303 3584 2362 εἶπεν
3624 2310 3763 2380 αὐτῷ

2249 2393 2466 2447 Σπᾶσον
2495 2393 2594 2465 τὴν
2624 2397 2901 2466 ῥομφαίαν
2950 2414 3070 2462 σου,
3107 2404 3201 2452 καὶ
3234 2376 3547 2454 θανάτωσόν
3578 2419 3657 2472 με,
3692 2376 3766 2472 μή·

2250 2502 2382 2538 ποτε
2429 2485 2661 2540 εἴπωσιν
2691 2488 2772 2541 ὅτι
2808 2489 2948 2560 γυνὴ
3001 2490 3329 2544 ἀπέκτεινεν
3382 2492 3559 2547 αὐτόν.
3594 2494 3685 2546 Καὶ
3706 2494 3767 2557 t5-

2250 2577 2541 2649 εκέντησεν
2563 2580 2724 2633 αὐτὸν
2744 2579 2804 2634 τὸ
2864 2582 3153 2653 παιδάριον
3178 2583 3762 2655 αὐτοῦ,1κα“ιάπέθανεν.ι

2327 2686 2346 2720 ι
2390 2670 2723 2740 Ἀπήγγειλε
2761 2672 2926 2727 Δαϐὶδ
2976 2675 3253 2748 Μελχὺλή
3304 2678 3447 2749 γυνὴ
3496 2677 3671 2742 αὐτοῦ,
3703 2678 3767 2731 λέ-

2249 2778 2423 2830 γουσα
2443 2778 2456 2792 ·
2490 2763 2616 2815 Ἐὰν
2638 2762 2714 2835 μὴ
2734 2764 2799 2817 σὺ
2828 2763 3009 2838 σώσῃς
3035 2766 3132 2838 τὴν
3152 2766 3334 2838 ψυχὴν
3352 2769 3514 2822 αὐτού
3538 2770 3625 2838 τὴν
3642 2769 3767 2821 νύκτα

2247 2851 2479 2922 ταύτην,
2514 2851 2705 2924 αὐριον
2736 2855 3118 2931 θανατωθήσῃ.
3152 2859 3263 2911 Καὶ
3292 2860 3530 2927 κατάγει
3556 2858 3770 2932 ήΜελχὸλ

2249 2942 2343 2996 τὸν
2370 2944 2535 2998 Δαϐὶδ
2563 2945 2652 2999 διὰ
2688 2946 2789 3016 τῆς
2818 2946 3056 3018 θυρίδος,
3084 2950 3181 3004 καὶ
3223 2951 3464 3024 ἀπῆλθε,
3496 2954 3583 3006 καὶ
3621 2954 3766 3024 ἔφυγε,

2250 3036 2348 3089 καί¹
2382 3035 2639 3101 σώζεται.
2674 3055 2694 3090 ι

2335 3145 2353 3178 ι
2383 3122 2555 3180 Εἶπεν
2587 3126 2845 3197 Ἀϐιγαία
2864 3140 2886 3167 ε
2915 3130 3051 3201 πρὸς
3075 3131 3260 3184 Δαϐίδ⁹
3296 3133 3390 3186 Ἐν
3416 3135 3560 3205 ἐμοὶ,
3586 3134 3768 3203 κύριε,ή

2252 3218 2461 3273 ἀδικία.
2490 3219 2803 3291 Λαλησάτω
2834 3221 2897 3293 δὴ
2930 3223 2962 3292 ἡ
2993 3222 3154 3294 δούλη
3190 3242 3283 3277 σου
3317 3228 3403 3290 εἰς
3440 3227 3509 3280 τά
3550 3222 3653 3280 ὦτά
3685 3244 3769 3279 ceu.

2248 3312 2340 3384 Μὴ
2371 3312 2548 3366 θέσθω
2579 3315 2607 3366 ὁ
2638 3312 2827 3385 κύριός
2865 3332 2965 3385 μου
2994 3318 3095 3386 τὴν
3140 3317 3377 3389 καρδίαν
3409 3320 3570 3372 αὐτοῦ
3601 3320 3682 3373 ἐπὶ
3706 3319 3772 3371 τὸν

2248 3403 2540 3475 ἄνθρωπον
2566 3404 2656 3459 τὸν
2685 3404 2875 3475 λοιμὸν
2902 3405 3115 3470 τοῦτον,
3140 3410 3236 3461 καὶ⁵
3269 3409 3554 3481 ἀφροσύνη
3574 3410 3675 3482 μετ’
3699 3409 3772 3463 αὑ-

2248 3496 2365 3550 τοῦ.
2384 3498 2494 3550 Kal.
2523 3492 2646 3549 εἷπε
2678 3498 2843 3577 Δαϐὶδ
2871 3501 2937 3570 τῇ
2969 3499 3225 3571 Ἀϐιγαία
3244 3517 3259 3532 ’
3288 3502 3593 3573 Εὐλογητὸς
3616 3501 3773 3572 Κύριος

2247 3594 2274 3644 ὁ
2304 3592 2436 3657 Θεὸς
2479 3592 2718 3664 Ἰσραὴλ,
2762 3594 2822 3657 ὃς
2854 3595 3144 3648 ἀπέστειλέ
3178 3614 3237 3649 σε
3275 3598 3522 3668 σήμερον
3548 3598 3621 3661 είς
3639 3596 3771 3651 and»

2244 3704 2427 3758 τησιν,
2443 3688 2538 3740 καὶ
2564 3687 2855 3758 εὐλογητὸς
2873 3689 2902 3739 ὁ
2924 3688 3123 3758 τρόπος
3139 3705 3256 3753 σου,
3281 3691 3381 3743 καὶ
3404 3688 3712 3760 εὐλογημένη
3728 3688 3771 3739 σὺ

2246 3775 2318 3843 εἷ,
2330 3778 2725 3832 ἀποκωλύουσά
2739 3794 2807 3849 με
2824 3778 2890 3848 σή
2900 3794 2967 3848 με
2976 3795 3065 3849 ρον
3083 3779 3157 3849 μὴ
3178 3780 3448 3834 εἰσελθεῖν
3468 3783 3544 3845 είς
3560 3782 3768 3851 αἵματα.»

2324 3888 2343 3920 ι
2386 3870 2483 3932 Τίς
2510 3870 2680 3922 ἔδωκε
2712 3869 2964 3938 γυναιξὶν
2991 3870 3317 3941 ὑφάσματος
3343 3872 3559 3942 σοφίαν,
3584 3872 3665 3926 καὶ
3686 3887 3769 3923 ποι-

2246 3960 2495 4031 κιλτικὴν
2527 3962 2721 4033 ὲπιστή
2731 3981 2840 4033 μην
2861 3980 2875 4030 ;
2910 3981 2929 4014 ›

2325 4072 2343 4104 ι
2376 4053 2518 4124 Γυνὴ
2544 4053 2768 4125 ἀνδρεία
2800 4056 3063 4124 στέφανος
3093 4054 3172 4126 τῷ
3201 4056 3363 4127 ἀνδρὶ
3399 4057 3589 4127 αὐτῆς.
3619 4076 3635 4108 ι

2324 4165 2342 4197 ι
2388 4148 2481 4208 ⁸·ος
2514 4140 2641 4216 εὗρε
2678 4149 2915 4214 γυναῖκα
2945 4146 3180 4216 ἀγαθὴν,
3207 4141 3336 4219 εὗρε
3372 4149 3624 4219 χάριτας’
3649 4143 3770 4199 ἔλαϐε

2246 4238 2304 4290 δὲ
2346 4238 2497 4308 παρὰ
2543 4238 2749 4309 Κυρίου
2806 4237 3119 4309 ἱλαρότητα.
3163 4240 3261 4302 ⁸⁸ος
3304 4240 3560 4293 ἐκϐάλλει
3590 4241 3770 4308 γυναῖκα

2242 4331 2475 4402 ἀγαθὴν,
2501 4330 2754 4385 ἐκϐάλλει
2782 4331 2853 4385 τὰ
2882 4330 3067 4399 ἀγαθά
3093 4332 3158 4385 ὲκ
3187 4330 3285 4385 τοῦ
3313 4332 3471 4386 οἴκου
3503 4332 3671 4385 αὐτού.
3702 4348 3717 4380 ι

631 4528 790 4582 Prov.
826 4537 915 4576 xiv
936 4561 951 4587 ,
988 4519 1040 4574 1.
1071 4544 1142 4556 -
1171 4534 1191 4567 ι
1223 4512 1511 4585 Sapientes
1542 4508 1804 4565 mulieres
1833 4506 2138 4562 aediﬁcave-

2322 4528 2341 4558 ‹
2373 4508 2542 4576 Σοφαι
2573 4510 2835 4576 γυναῖκες
2854 4507 3216 4579 ᾠκοδόμησαν
3238 4506 3429 4573 οἴκους
3448 4524 3460 4539 ·
3490 4512 3524 4581 ή
3544 4509 3598 4563 δὲ
3623 4509 3771 4577 ἄφρων

562 4630 691 4677 runt
708 4619 933 4673 domos:
960 4610 1225 4681 insipiens
1247 4621 1379 4662 vero
1401 4602 1671 4659 subvertit
1693 4600 1943 4656 manibus
1965 4598 2102 4654 suis.
2118 4616 2136 4649 ι

634 4711 795 4767 Prov.
824 4720 957 4760 xxxi
977 4743 992 4768 ,
1020 4702 1111 4756 10,
1137 4728 1209 4742 --
1244 4717 1263 4750 ι
1294 4697 1581 4753 Mulierem
1616 4692 1810 4748 fortem
1838 4692 1961 4761 quis
1985 4691 2142 4746 inve-

562 4804 721 4860 niet?
753 4796 1044 4871 pretiosior
1076 4801 1161 4850 est
1194 4789 1469 4861 lapidibus
1506 4784 1948 4859 pretiosissimis.
1985 4803 2003 4835 ι

633 4894 805 4950 Eccli.
843 4904 923 4945 vit
944 4928 960 4955 ,
993 4884 1186 4941 19-ἳ6.
1214 4912 1285 4924 ——
1315 4902 1335 4933 ι
1366 4879 1488 4935 Noli
1522 4877 1804 4934 discedere
1845 4890 1876 4928 a
1909 4872 2138 4927 muliere

559 4996 777 5045 sensata
811 4993 865 5040 et
896 4982 1061 5036 bona.
1101 4976 1287 5031 Gratia
1320 4972 1466 5030 enim
1510 4970 1663 5025 illius
1706 4980 1876 5038 super
1919 4978 2133 5018 aurum.

559 5081 751 5137 Mulier
786 5075 886 5132 tibi
918 5080 1004 5129 est
1036 5067 1339 5126 secundum
1368 5066 1608 5121 animam
1645 5072 1793 5118 tuam
1818 5060 1841 5113 ‘I
1871 5074 1943 5114 ne
1969 5072 2136 5127 repu-

558 5176 677 5229 dies
708 5172 882 5227 illam.
922 5184 943 5218 ι

630 5267 800 5323 Eccli.
852 5276 1018 5325 xxvr,
1050 5257 1087 5311 2
1116 5296 1132 5322 ,
1171 5254 1255 5310 16.
1300 5283 1370 5295 --
1419 5270 1439 5304 ι
1497 5248 1689 5305 Mulier
1762 5246 1907 5301 bona
1941 5284 1957 5311 ,
2001 5257 2129 5314 pars

556 5363 699 5418 bona
728 5376 743 5412 :
776 5358 831 5410 in
868 5362 1025 5424 parte
1056 5346 1365 5403 timentium
1402 5341 1694 5397 Dominum
1730 5338 1955 5392 dabitur
1984 5336 2126 5392 viro.

555 5434 799 5512 Mulieris
848 5449 1005 5503 bona:
1032 5442 1228 5498 beatus
1260 5444 1347 5493 est
1394 5436 1502 5490 vir.
1536 5432 1735 5487 Mulier
1766 5428 1926 5484 fortis
1977 5426 2128 5481 oble—

2243 4600 2584 4672 κατέστρεψε
2610 4603 2733 4664 ταῖς
2760 4601 2950 4672 χερσὶν
2977 4601 3169 4670 αὐτῆς.
3205 4619 3222 4650 ι

2318 4711 2336 4744 ι
2370 4692 2609 4745 Γυναῖκα
2642 4692 2895 4762 ἀνδρείαν
2928 4691 3014 4755 τίς
3065 4693 3323 4764 εὑρήσεις
3354 4692 3651 4763 τιμιωτέρα
3683 4689 3771 4741 ἐστὶ

2241 4781 2407 4835 λίθων
2435 4782 2772 4837 πολυτελῶν.
2813 4802 2830 4833 ι

2316 4895 2335 4926 ί
2378 4876 2470 4947 Μὴ
2494 4876 2713 4945 ἀστόχει
2750 4874 2859 4928 ἀπὸ
2886 4874 3144 4943 γυναικὸς
3171 4874 3345 4944 σοφῆς
3367 4876 3466 4929 καὶ
3487 4872 3698 4942 ἀγαθῆς.
3724 4867 3772 4919 Ἥ

2238 4966 2348 5037 γὰρ
2374 4968 2535 5037 χάρις
2565 4967 2737 5035 αὐτῆς
2768 4966 2909 5035 ὑπὲρ
2938 4966 3182 5037 χρυσίον.
3215 4966 3359 5038 Γυνή
3408 4966 3493 5019 σοί
3524 4967 3632 5019 ἐστι
3664 4957 3772 5016 κατὰ

2240 5062 2339 5134 τὴν
2374 5063 2593 5134 ψυχήν;
2628 5063 2703 5135 μὴ
2731 5065 2971 5137 ἐκϐάλῃς
2998 5065 3191 5139 αὐτήν.

2316 5259 2333 5291 ι
2361 5238 2508 5309 Γυνὴ
2533 5238 2737 5309 ἀγαθὴ,
2773 5240 2935 5309 μερὶς
2964 5237 3176 5306 ἀγαθὴ,
3200 5240 3297 5292 καί⁸
3315 5240 3376 5291 ὲν
3408 5237 3585 5308 μερίδι
3613 5233 3771 5304 φοϐου-

2241 5334 2418 5404 μένων
2446 5331 2654 5402 Κύριον
2676 5331 2985 5402 δοθήσεται.
3012 5330 3274 5394 Γυναικὸς
3298 5330 3513 5400 ἀγαθῆς
3545 5326 3770 5399 μακάριος

2236 5430 2264 5481 ὁ
2298 5428 2469 5498 ἀνήρ·
2517 5424 2657 5495 γυνὴ
2685 5424 2907 5494 ἀνδρεία
2955 5424 3238 5492 εὐφραίνει
3296 5424 3391 5477 τὸν
3422 5422 3586 5491 ἄνδρα
3613 5415 3763 5481 αὐτῆς.

555 5555 669 5605 ctat
697 5545 875 5601 virum
909 5551 1070 5595 suum
1091 5575 1107 5599 ,
1139 5541 1195 5590 et
1237 5545 1414 5587 annos
1456 5528 1583 5583 vita:
1624 5523 1748 5594 ejus
1788 5522 2039 5593 implebit
2071 5521 2127 5576 in

2247 5522 2330 5574 ιιαὶ
2349 5518 2417 5572 τά
2446 5519 2540 5589 ἐτη
2569 5518 2738 5573 αὐτοῦ
2769 5516 3052 5588 πληρώσει
3082 5519 3142 5571 ὲν
3181 5518 3395 5589 εἰρήνῃ.
3423 5515 3593 5586 Χάρις
3619 5522 3763 5579 γυναισ

1828 5634 2067 5692 VARI/1'3
2110 5632 2513 5691 LECTIONES.

522 5722 525 5725 ‘
639 5751 666 5792 δ
686 5749 829 5816 Rnp.
864 5738 1250 5820 u_t_in__§ixti'r_t.
1293 5738 1350 5789 ὲν
1380 5733 1456 5803 τῷ
1478 5732 1766 5820 κροτάφιρ.
1801 5819 1808 5820 7
1879 5728 2301 5820 eratci‘c‘odices
2319 5727 2662 5820 Pibli‘oru'm,
2695 5727 2877 5820 etiam‘
2899 5698 3517 5820 vetqsctissiinimabent
3547 5712 3768 5787 Ἀϐιγαία

561 5838 663 5906 Bm
688 5796 1267 5895 Ix'gt'rdurimmrils-
1281 5822 1325 5891 ft
1355 5796 1451 5877 pro
1473 5796 1865 5870 .t'legeoiibus.
1902 5799 2159 5873 Sic_alibi
2180 5816 2278 5871 pro
2307 5798 2529 5852 Δαλιδὰ
2575 5799 2822 5869 legerunt
2846 5796 3098 5852 Aa.1t.2d.
