4024 6412
158 398 290 465 1317

1433 393 1670 453 SACRA
1704 393 2164 455 PARALLELA.

3274 385 3409 453 1318

154 514 248 578 κδς
292 510 485 581 τέρψει
532 506 626 560 τὸν
673 503 843 573 ἄνδρα
882 501 1053 572 αὐτῆς
1077 540 1092 565 ,
1144 501 1241 555 καὶ
1270 500 1341 554 τὰ
1377 502 1513 555 ὁστᾶ
1552 501 1723 556 αὐτοῦ

1832 519 1981 575 pace.
2012 503 2199 558 Gratia
2231 500 2482 557 mulieris
2523 498 2820 555 delectabit
2867 498 3049 554 virum
3097 513 3301 565 suum,
3351 510 3410 556 et

153 602 361 657 πιαίνει
398 597 678 667 ἐπιστήμη
710 594 902 663 αὐτῆς.
942 610 961 669 r

229 715 248 747 ι
282 692 495 754 Κάλλος
524 686 785 757 γυναικὸς
816 683 1059 755 ίλαρύνει
1090 683 1383 754 πρόσωπον
1409 684 1604 754 αὐτῆς,
1632 685 1728 738 καὶ

152 790 296 859 ὑπὲρ
322 790 504 840 πᾶσαν
532 779 834 850 ἐπιθυμίαν
867 774 1158 848 ἀνθρώπου
1182 777 1474 847 ὑπεράγει.
1494 778 1558 830 Ei
1581 777 1728 830 ἐστιν

152 883 250 936 ἐπὶ
276 882 544 951 στόματος
587 874 736 937 ἔλεος
796 870 893 925 καὶ
926 869 1197 940 πραότης,
1236 870 1337 923 οὐκ
1386 868 1538 921 ἔστιν
1590 867 1729 940 ἀνὴρ

150 975 325 1045 αὐτῆς
358 970 478 1034 καθ’
514 968 666 1031 υἱοὺς
699 962 1025 1035 ἀνθρώπων.
1060 980 1078 1014 ι
1668 971 1673 975 ί

256 1193 501 1255 Κάλλαν
529 1185 726 1255 νόμιζε
753 1182 869 1251 τὴν
903 1180 1139 1255 φρενῶν
1169 1179 1528 1255 εὐκοσμίαν,

258 1267 382 1333 οὐχ
414 1250 495 1329 rm?
517 1250 823 1329 γράφουσι
851 1250 1065 1323 χεῖρες,
1091 1250 1191 1305 καὶ
1223 1250 1367 1305 λύει
1380 1253 1620 1320 χρόνος.

217 1370 523 1443 Φιλόδακρύ
555 1386 676 1433 πως
700 1368 789 1422 ἀεὶ⁵
817 1367 877 1421 τδ
902 1365 1036 1438 θῆλυ
1060 1364 1238 1434 γένος,
1264 1365 1359 1418 καὶ
1388 1365 1477 1418 τὸν
1498 1365 1623 1419 νοῦν
1649 1365 1730 1429 εις

147 1471 296 1522 ἔλεον
322 1463 711 1535 εὐδιάθρυπτον
735 1458 870 1530 ἔχει.

234 1649 557 1700 Ανυποπτον
591 1640 671 1703 είς
700 1636 958 1708 διαϐολὴν
986 1635 1229 1689 δείκνυσι
1258 1635 1514 1703 γυναῖκα,
1556 1634 1616 1688 τὸ
1650 1633 1726 1705 μὴ

144 1733 621 1799 καλλωπίζεσθαι,
681 1730 817 1802 μηδὲ
870 1730 979 1800 μὴν
1025 1728 1353 1799 κοσμεῖσθαι
1428 1728 1573 1798 πέρα
1630 1725 1727 1780 τοῦ

142 1830 475 1900 πρέποντος,
504 1824 690 1893 εὐχαῖς
728 1821 820 1874 καὶ
849 1819 1063 1890 δεήσεσι
1096 1818 1539 1889 προσανέχουσαν
1568 1819 1721 1871 ἐκτε-

143 1921 280 1983 νῶς’
312 1917 413 1979 τὰς
454 1915 553 1986 μὲν
583 1911 797 1978 ἐξόδους
830 1910 932 1980 τῆς
965 1908 1143 1971 οἰκίας
1178 1908 1587 1979 φυλαττομένην
1620 1906 1721 1971 τὰς

140 2009 370 2073 πολλὰς,
416 2004 813 2061 ἀποκλείουσαν
846 2002 922 2066 ὼς
960 1996 1071 2055 οἷόν
1100 2017 1159 2053 τε
1206 1999 1408 2071 ἑαυτὴν
1434 2002 1534 2071 τῆς
1583 1999 1723 2071 πρὸς

140 2104 272 2166 τοὺς
301 2101 363 2154 οὑ
400 2099 781 2170 προσήκοντας
810 2093 1152 2166 προσόψεως,
1180 2092 1255 2157 ὡς
1294 2094 1362 2146 ἂν
1393 2091 1721 2162 προύργιαί-

136 2212 306 2266 τερον
352 2190 647 2263 τιθεμένην
686 2190 785 2260 τῆς
819 2186 1049 2258 ἀκαίρου
1096 2184 1368 2256 φλυαρίας
1405 2184 1504 2256 τὴν
1540 2185 1722 2237 οίκου-

140 2302 290 2354 ριαν.

137 2396 325 2449 ΤΙΤΛ.
353 2394 455 2448 IB'.
477 2425 545 2435 —
575 2391 716 2460 Περὶ
746 2387 1050 2460 γυναικῷν
1074 2384 1354 2460 πονηρῶγ
1383 2385 1484 2442 καὶ
1504 2404 1604 2455 μοι
1611 2400 1719 2460 χα-

209 2467 423 2530 λίδων,
486 2464 585 2518 καὶ
633 2454 1087 2529 σίορὶρευουσῶν,
1121 2454 1463 2525 καὶπάσης
1507 2454 1723 2522 κακίας

210 2533 720 2605 πεπληρωμένων.

217 2649 238 2681 ι
291 2628 544 2696 Ἐγένετο
591 2627 649 2678 ὲν
701 2625 771 2695 τῇ
798 2620 984 2692 ἡμέρᾳ
1027 2621 1096 2690 τῇ
1154 2617 1360 2691 ἑϐδόμῃ
1414 2616 1720 2689 ἀπήγγειλε

134 2720 386 2793 Σαμψὼν
430 2723 496 2791 τῇ
529 2714 777 2787 Δαλιδιῖιει
821 2714 882 2767 τὸ
927 2711 1243 2785 πρόϐλημα,
1275 2711 1360 2764 ὅτι
1403 2708 1718 2778 ἐνώχλησεν

135 2812 327 2866 αὐτόν.
356 2811 468 2865 Καὶ
494 2806 785 2880 ἀνήγγειλε
811 2806 924 2868 τοῖς
948 2805 1084 2865 υἱοῖς
1107 2803 1207 2856 τοῦ
1231 2801 1365 2855 λαοῦ
1394 2802 1585 2872 αὐτῆς.
1612 2800 1720 2855 Καὶ

133 2904 306 2960 εἶπαν
336 2902 485 2975 αὐτῷ
518 2904 566 2956 οἱ
617 2900 813 2972 ἄνδρες
855 2899 958 2968 τῆς
984 2896 1200 2959 πόλεως
1234 2896 1292 2949 ὲν
1336 2898 1402 2967 τῇ
1443 2896 1628 2970 ἡμέρᾳ
1654 2897 1721 2967 τῇ

134 2996 349 3066 ἑϐδόμῃ
409 2992 517 3064 πρὸ
570 2989 664 3044 τοῦ
714 2989 869 3043 δῦναι
901 2986 994 3040 τὸν
1034 2985 1216 3055 ἦλιοψ
1272 2982 1340 3036 Τί
1388 2981 1722 3053 γλυκύτερον

138 3090 386 3160 μέλιτος,
418 3087 514 3141 καὶ
541 3085 594 3138 τί
625 3082 971 3154 ἰσχυρότερον
1001 3078 1255 3143 λέοντος;
1293 3076 1405 3129 Καὶ
1433 3071 1589 3128 εἶπεν
1620 3075 1721 3129 αὐ-

132 3184 252 3248 τοῖς
282 3178 523 3251 Σαμψών
546 3193 559 3207 ·
596 3177 661 3230 Εἰ
694 3174 770 3247 μὴ
807 3169 1231 3242 κατεδαμάσατέ
1284 3186 1386 3239 μου
1418 3168 1519 3237 τὴν
1545 3167 1721 3238 δάμα-
1748 3222 1791 3282 C

128 3276 246 3341 λιν,
271 3274 373 3327 οὐκ
407 3273 475 3326 ἂν
507 3270 711 3339 ἔγνωτε
738 3267 800 3321 τὸ
826 3263 1129 3336 πρόϐλημά
1163 3278 1288 3334 μου.
1322 3279 1341 3313 ι

214 3386 233 3419 ι
276 3359 416 3419 Εἷπε
446 3362 505 3416 δὲ
540 3357 779 3431 Σαμψὼν
806 3356 1035 3428 Δαλιδᾷ·
1069 3354 1195 3418 Πῶς
1220 3352 1421 3422 λέγεις,
1442 3351 1523 3405 ὅτι
1555 3350 1724 3419 Ἠγά-

132 3460 299 3529 πηκά
332 3475 415 3525 σε,
467 3455 563 3509 καὶ
592 3456 626 3526 ἡ
679 3451 877 3523 καρδία
937 3465 1032 3502 σου
1079 3448 1180 3500 οὐκ
1214 3446 1331 3499 ἐστι
1385 3446 1505 3516 μετ’
1545 3444 1720 3515 ὲμοῦς

128 3553 301 3607 τοῦτο
327 3549 512 3621 τρίτον
539 3544 853 3615 ὲπλάνησάς
885 3559 972 3615 με,
1008 3541 1103 3595 καὶ
1136 3540 1237 3592 οὐκ
1262 3536 1608 3609 ἀπήγγειλας
1634 3554 1725 3609 μοι

130 3648 195 3699 ὲν
225 3644 336 3697 τίνι
362 3643 396 3713 ὴ
432 3638 586 3711 ἰσχύς
607 3655 700 3691 σου
726 3637 761 3707 ἡ
799 3634 1034 3706 μεγάλη.
1067 3632 1181 3685 Kal.
1213 3629 1434 3698 ἐγένετο
1469 3630 1561 3682 ὅτε
1590 3646 1727 3682 κατ-

132 3738 441 3812 ειργάσατο
483 3732 647 3788 αὐτὸν
679 3732 750 3798 ιἐν
798 3731 912 3792 τοῖς
964 3726 1145 3795 λόγοις
1189 3720 1362 3792 αὐτῆς
1403 3721 1583 3785 πάσας
1628 3721 1727 3784 τάς

130 3831 380 3903 ἡμέρας,
402 3826 497 3881 καὶ
516 3822 956 3892 ὲστενοχὼρησεν
978 3817 1162 3883 αὑτὸν,
1190 3817 1286 3870 καὶ
1314 3814 1727 3885 ὠλιγοψύχησεν

130 3925 248 3986 ἕως
271 3919 368 3974 τοῦ
393 3917 708 3980 ἀποθανεῖν,
737 3910 1076 3984 ἀπήγγειλεν
1103 3910 1242 3981 αὐτῇ
1267 3912 1450 3965 πᾶσαν
1474 3910 1573 3980 τὴν
1598 3923 1728 3978 καρ-

129 4018 263 4071 δίαν
296 4011 486 4076 αὐτοῦ,
516 4011 611 4065 καὶ
642 4004 797 4061 εἶπεν
828 4005 967 4075 αὐτῇ
991 4020 1005 4034 ο
1041 4003 1267 4075 Σίδηρος
1298 4003 1399 4056 οὐκ
1430 3999 1728 4071 ἀνέϐηῂὲπὶ

130 4109 243 4178 τὴν
288 4103 535 4173 κεφαλήν
585 4117 712 4172 μου,
781 4098 866 4151 ὅτι
913 4095 1213 4166 Ναζιραῖος
1256 4094 1393 4148 Θεοῦ
1450 4094 1564 4164 ειμι
1619 4091 1728 4146 ἀπὸ

132 4196 358 4259 κοιλίας
411 4192 618 4266 μητρός
651 4208 773 4261 μου.
822 4189 953 4243 Ἐὰν
984 4183 1077 4242 οὖν
1112 4187 1454 4259 ξυρήσωμαι,
1488 4185 1729 4255 ἀποστή-

133 4306 304 4344 σεται
357 4284 452 4341 ἀπ⁹
504 4282 641 4355 ἐμοῦ
681 4284 714 4354 ἡ
758 4281 912 4351 ἰσχύς
971 4297 1095 4351 μου,
1133 4277 1230 4330 καὶ
1261 4276 1586 4347 ἀσθενήσω,
1632 4275 1728 4328 καὶ

130 4382 343 4452 ἔσομαι
394 4377 470 4441 ὡς
522 4376 723 4437 πάντες
776 4372 1077 4444 ἄνθρωποι.
1112 4371 1223 4423 Kal.
1253 4365 1363 4423 εἶδε
1402 4368 1599 4421 Δαλιδά
1644 4368 1727 4421 ὅτι

128 4471 488 4544 ἀπήγγειλεν
534 4470 673 4538 αὐτῇ
726 4466 905 4519 πᾶσαν
950 4464 1049 4534 τὴν
1096 4462 1326 4535 καρδίαν
1377 4460 1581 4527 αὐτοῦ,
1628 4460 1728 4513 καὶ

1826 609 1952 650 ossa
1983 594 2131 649 illius
2158 591 2520 662 impinguabit
2551 589 2843 655 disciplina
2875 588 3046 644 illius.
3079 607 3097 640 ι

1898 687 2068 742 Eccli.
2107 703 2270 741 xxxv:
2291 728 2305 751 ,
2332 685 2424 740 24.
2462 714 2532 724 —
2558 702 2576 735 ι
2609 683 2835 754 Species
2868 682 3115 738 mulieris
3140 684 3413 740 exhilarat

1828 780 2025 835 faciem
2055 779 2214 849 ejus:
2247 787 2303 834 et
2333 791 2498 848 super
2526 791 2744 831 onmem
2772 774 3271 845 concupiscentiam
3307 777 3409 831 ho-

1829 872 1997 926 minis
2030 870 2277 925 excellit.
2303 867 2361 923 Si
2385 876 2469 923 est
2490 868 2547 923 in
2576 882 2671 923 ore
2696 867 2814 937 ejus
2840 867 3218 922 misericordia
3245 878 3299 921 et
3326 869 3409 922 le-

1829 962 2007 1029 nitas,
2036 976 2148 1017 non
2175 969 2261 1016 est
2286 959 2369 1014 vir
2393 958 2541 1013 illius
2566 958 2871 1014 secundum
2896 956 3039 1010 ﬁlios
3064 956 3405 1012 hominum.»

2200 1051 2354 1124 Greg.
2399 1050 2671 1105 Nazianz.
2713 1059 2924 1105 tetrast.
2962 1051 3054 1104 21.

2017 1164 2209 1219 Verum
2244 1164 2481 1219 decorem
2507 1206 2523 1231 ,
2554 1164 2744 1217 mentis
2776 1173 3024 1217 ornatum
3058 1173 3188 1232 puta
3214 1181 3235 1220 :

2006 1234 2133 1291 Non
2162 1251 2313 1305 quem
2343 1251 2534 1289 manus
2567 1236 2766 1303 ﬁgurat
2789 1274 2805 1300 ,
2837 1244 2929 1287 aut
2965 1233 3099 1288 delet
3132 1236 3264 1288 dies.

1902 1347 2071 1420 Cyril.
2103 1347 2157 1401 in
2186 1363 2233 1403 ε.
2267 1362 2357 1402 xix
2395 1343 2958 1401 luam—Mulierum
2996 1360 3169 1414 genus
3222 1344 3291 1399 ad
3328 1345 3409 1398 la-

1830 1454 2047 1512 crymas
2075 1439 2316 1510 proclive
2348 1447 2466 1504 est,
2501 1451 2565 1492 ac
2593 1451 2750 1492 mens
2779 1450 2966 1492 earum
2994 1436 3062 1491 ad
3094 1437 3409 1492 misericor-

1830 1532 1977 1588 diam
2015 1530 2218 1586 intlecti
2249 1530 2414 1586 facile
2444 1529 2609 1585 solet.

1903 1623 2072 1679 Clem.
2096 1624 2256 1678 Alex.
2296 1622 2387 1677 lib.
2423 1637 2461 1677 ιι
2507 1620 2783 1676 Strom.—-
2798 1619 2914 1675 Hoc
2944 1620 3227 1675 mulierem
3259 1622 3407 1675 omni

1837 1715 2066 1771 sinistra
2106 1730 2297 1770 carere
2335 1714 2650 1784 suspicione
2689 1711 2958 1777 ostendit,
2999 1709 3123 1766 cum
3169 1727 3270 1766 nec
3314 1728 3410 1767 ac-

1831 1809 2083 1865 curatius
2107 1822 2229 1862 sese
2253 1806 2489 1871 excolit,
2513 1820 2614 1861 nec
2638 1813 2835 1876 praeter
2859 1804 3114 1859 decorum
3142 1814 3407 1869 exornat,

1823 1917 1922 1957 nec
1953 1914 2141 1955 verum
2168 1899 2427 1969 precibus
2459 1897 3046 1967 obsecrationibusque
3078 1895 3261 1951 dedita
3286 1904 3369 1952 est
3388 1938 3405 1962 ,

1820 2002 1873 2050 et
1902 1992 2098 2048 crebro
2126 1991 2311 2062 egredi
2340 1989 2503 2045 domo
2540 1999 2730 2054 cavet,
2769 2002 3032 2057 seseque,
3073 1988 3251 2057 quoad
3285 1988 3406 2043 fieri

1819 2093 2033 2154 potest,
2064 2084 2134 2139 ab
2156 2097 2346 2139 eorum
2373 2081 2695 2153 quibuscum
2724 2080 2858 2134 nihil
2890 2080 2994 2134 sibi
3026 2095 3228 2150 genere
3254 2096 3407 2136 com-

1821 2190 1987 2231 mune
2030 2185 2152 2241 est,
2200 2174 2443 2230 excludit
2486 2181 2798 2244 conspetu:
2856 2179 2916 2226 ut
2945 2187 3068 2241 quae
3116 2172 3401 2243 antiquius

1821 2268 2022 2323 habeat
2054 2265 2201 2322 domi
2231 2266 2455 2331 sedero,
2484 2281 2649 2335 quam
2688 2264 3078 2335 intempestive
3108 2266 3331 2335 nugari.

1822 2380 1949 2436 TIT.
1987 2373 2185 2435 Xll.—
2213 2378 2290 2434 De
2336 2379 2650 2433 mulieribus
2695 2378 2857 2433 malis
2879 2420 2893 2444 ,
2927 2380 3322 2451 adulterisque,
3353 2388 3406 2434 et

1856 2452 2160 2522 prostitutis
2186 2490 2201 2517 ,
2243 2451 2489 2521 omnique
2520 2451 2772 2505 vitiorum
2801 2467 2985 2518 genere
3024 2451 3368 2505 scatentibus.
3468 2492 3471 2495 -

1893 2611 2075 2666 Iudic.
2109 2626 2223 2677 xxv,
2262 2610 2453 2664 17.-‹
2488 2608 2553 2662 Et
2586 2608 2789 2664 factum
2817 2617 2898 2664 est
2923 2608 3009 2664 die
3039 2609 3270 2677 septimo
3305 2624 3406 2663 an-

1821 2703 2097 2759 nuntiavit
2130 2702 2411 2774 problema
2449 2701 2666 2769 Dalilae,
2715 2718 2779 2758 eo
2822 2703 2967 2773 quod
3002 2704 3229 2758 molesta
3261 2714 3409 2759 esset

1822 2797 1894 2853 ei.
1932 2796 2062 2863 Quae
2095 2797 2355 2852 indicavit
2406 2796 2532 2851 filiis
2580 2796 2768 2867 populi
2805 2796 2910 2851 sui.
2964 2795 3031 2851 Et
3062 2797 3322 2851 dixerunt
3353 2797 3405 2852 ei

1820 2888 1925 2943 viri
1954 2888 2192 2943 civitatis
2213 2887 2303 2943 die
2332 2887 2565 2957 septimo
2591 2896 2718 2941 ante
2746 2887 2881 2943 solis
2935 2902 3190 2942 occasum
3220 2908 3232 2942 :
3264 2888 3405 2954 Quid

1823 2978 2044 3033 dulcius
2071 2978 2260 3042 melle,
2293 2985 2347 3031 et
2377 2977 2504 3047 quid
2557 2976 2762 3032 fortius
2808 2977 3010 3032 leone?
3054 2976 3125 3029 Et
3154 2972 3289 3027 dixit
3326 2980 3409 3034 eis

1826 3066 2061 3124 Samson
2086 3085 2100 3123 :
2130 3066 2295 3138 409
2318 3066 2377 3121 Si
2414 3082 2524 3145 non
2555 3066 2918 3138 subegissetis
2944 3068 3170 3123 vitulam
3197 3084 3405 3137 meam,

1824 3175 1933 3216 non
1963 3159 2315 3217 invenissetis
2345 3160 2629 3231 problema
2648 3175 2859 3223 meum.
2889 3178 2908 3211 ι

1894 3339 2326 3406 Judic.xvr,15.
2367 3370 2437 3379 —
2473 3357 2491 3390 ι
2538 3338 2605 3392 Et
2637 3337 2777 3392 dixit
2816 3336 2990 3392 Dalila
3026 3337 3092 3391 ad
3129 3337 3406 3390 Samson:

1827 3429 2114 3498 Quomodo
2155 3438 2214 3484 tu
2245 3430 2411 3495 dicis,
2444 3429 2575 3500 quia
2598 3427 2769 3499 diligo
2796 3436 2872 3493 te,
2901 3436 2957 3483 et
2985 3444 3083 3483 cor
3111 3438 3264 3482 tuum
3298 3442 3408 3482 non

1826 3530 1913 3579 est
1966 3522 2223 3578 mecum?
2265 3522 2370 3576 hoc
2409 3520 2575 3575 tertio
2612 3520 2880 3590 decepisti
2926 3535 3036 3584 me,
3068 3527 3122 3574 et
3171 3518 3408 3572 uoluisti

1827 3616 2039 3683 dicere,
2072 3616 2129 3669 in
2152 3629 2261 3684 quo
2291 3614 2362 3668 sit
2398 3627 2599 3683 magna
2637 3611 2904 3667 fortitudo
2945 3619 3060 3665 tua.
3097 3611 3163 3665 Et
3197 3609 3403 3664 factum

1827 3716 1933 3771 est,
1968 3720 2095 3760 cum
2131 3703 2180 3759 ei
2215 3703 2451 3758 molesta
2486 3709 2634 3759 esset
2663 3701 2846 3756 verbis
2876 3701 2993 3757 suis
3028 3716 3125 3771 per
3154 3702 3409 3770 singulos

1827 3798 1970 3864 dies,
2024 3805 2083 3853 et
2124 3804 2345 3866 urgeret
2405 3810 2557 3863 eum,
2607 3794 2764 3863 isque
2808 3791 3067 3848 deﬁceret
3117 3808 3294 3862 usque
3338 3792 3407 3846 ad

1827 3899 2083 3955 mortem,
2135 3887 2405 3944 indicavit
2452 3889 2505 3944 ei
2554 3903 2719 3944 omne
2776 3901 2872 3941 cor
2924 3902 3109 3949 suum,
3151 3886 3409 3954 dixitque

1828 3984 1909 4039 illi
1963 4001 1979 4038 :
2029 3982 2259 4039 Ferrum
2307 3998 2420 4038 non
2462 3981 2710 4039 ascendit
2764 3996 2934 4051 super
2982 3987 3146 4051 caput
3197 3995 3408 4047 meum,

1827 4079 1956 4149 quia
1991 4078 2290 4132 Nazaraeus
2322 4075 2419 4133 Dei
2447 4091 2569 4132 sum
2611 4075 2681 4131 ab
2727 4083 2887 4130 utero
2918 4074 3114 4128 matris
3149 4087 3303 4127 meae.
3348 4072 3409 4127 Si

1830 4187 1961 4243 ergo
1992 4185 2156 4227 rasus
2204 4169 2383 4236 fuero,
2412 4168 2635 4225 recedet
2675 4183 2706 4221 a
2740 4182 2826 4222 me
2865 4164 3134 4221 fortitudo
3173 4179 3316 4237 mea,
3352 4171 3408 4219 et

1827 4264 2100 4328 deliciam,
2151 4276 2359 4331 eroque
2398 4261 2545 4316 sicut
2587 4259 2773 4316 caeteri
2829 4255 3100 4311 homines.
3150 4254 3216 4308 Et
3268 4254 3408 4309 vidit

1828 4354 2023 4417 Dalila,
2056 4354 2205 4426 quod
2241 4354 2348 4409 sibi
2376 4352 2672 4409 confessus
2703 4360 2850 4407 esset
2888 4362 3051 4403 omne
3083 4362 3179 4401 cor
3218 4363 3407 4413 suum,

1829 4455 1882 4502 et
1914 4447 2088 4511 misit,
2131 4457 2184 4502 et
2215 4446 2436 4501 vocavit
2467 4452 2727 4515 satrapas
2758 4456 2950 4497 omnes
2980 4439 3406 4511 allophylorum,

129 4566 461 4629 ἀπέστειλε,
488 4563 584 4617 καὶ¹
624 4560 854 4615 ἐκάλεσε
894 4559 1021 4621 τοὺς
1052 4556 1341 4628 σατράπας
1376 4555 1588 4617 πάντας
1617 4554 1724 4606 τῶν

1832 4540 2022 4596 dicens
2065 4557 2078 4593 :
2112 4540 2409 4595 Ascendite
2444 4538 2547 4593 hac
2575 4550 2685 4591 una
2719 4534 2859 4598 vice,
2896 4532 3028 4603 quia
3059 4532 3411 4587 annuntiavit

126 4660 461 4730 ἀλλοφύλων
514 4656 749 4725 λέγουσα
772 4669 786 4683 ο
825 4650 1093 4721 Ἀνάϐητε
1139 4649 1200 4702 τὸ
1235 4647 1381 4714 ἅπαξ
1412 4646 1590 4711 τοῦτο,
1640 4647 1726 4699 ὅτι

125 4751 455 4827 ἀπήγγειλέ
490 4766 580 4821 μοι
612 4748 794 4801 πᾶσαν
837 4744 939 4814 τὴν
980 4741 1212 4813 καρδίαν
1251 4739 1440 4794 αὐτοῦ.
1484 4739 1596 4792 Καὶ
1632 4739 1727 4792 ἀν-

126 4851 354 4920 έϐησαν
387 4843 523 4914 πρὸς
553 4840 722 4911 αὐτὴν
752 4837 801 4890 οἱ
820 4836 1082 4908 ἄρχοντες
1124 4834 1233 4887 τῶν
1260 4831 1597 4901 ἀλλοφύλων,
1630 4831 1725 4885 καὶ⁸

122 4946 389 5015 ἤνεγκαν
420 4936 478 4988 τὸ
511 4932 776 5005 ἀργύριον
806 4931 865 4983 ὲν
896 4929 1042 5000 χειρὶ
1084 4925 1287 4981 αὐτῶν.
1317 4926 1427 4978 Καὶ
1471 4923 1726 4994 ἐκοίμισε

123 5014 348 5089 auxia:
369 5028 459 5081 τὸν
478 5022 716 5096 Σαμψὼν
738 5021 833 5074 ἐπὶ
854 5021 923 5075 τὰ
942 5020 1145 5089 γόνατα
1171 5016 1365 5085 αὐτῆς,
1383 5016 1478 5069 καὶ
1497 5014 1723 5067 ἐκάλεσε

121 5128 236 5181 τὸν
266 5119 495 5192 κουρέα,
523 5117 619 5171 καὶ
652 5113 743 5181 ὲξύ
756 5129 888 5185 ρησε
910 5112 1009 5174 τάς
1037 5110 1178 5163 ἑπτὰ
1204 5108 1392 5179 σειρὰς
1422 5107 1520 5177 τῆς
1550 5122 1723 5173 κεφα-

123 5220 246 5289 λῆς
305 5210 495 5274 αὐτοῦ,
529 5210 624 5263 καὶ
664 5206 877 5276 ἀπέστη
921 5206 954 5275 ὴ
995 5205 1148 5275 ἰσχὺς
1181 5200 1344 5255 αὑτοῦ
1384 5199 1476 5253 ἀπ’
1536 5196 1722 5251 αὑτοῦ.

125 5313 261 5370 Καὶ
290 5304 411 5362 εἷπε
465 5299 665 5357 Δαλιδά
686 5316 702 5330 ⁶
730 5298 1049 5369 Ἀλλόφυλοι
1102 5296 1199 5350 ἐπὶ
1235 5291 1595 5364 σὲ,Σαμψὼν,
1631 5290 1727 5344 καὶ

119 5396 450 5468 ἐξυπνίσθη
478 5395 544 5447 ὲκ
574 5391 668 5445 τοῦ
698 5389 867 5445 ὕπνου
898 5387 1088 5455 αὐτοῦ,
1121 5387 1216 5442 καὶ
1263 5380 1438 5449 εἶπεν,
1477 5381 1723 5447 Ἐξελεύ-

118 5509 319 5566 σομαι
351 5489 428 5552 ὡς
461 5484 609 5553 ἅπαξ
640 5483 735 5537 καὶ
769 5482 939 5549 ἅπαξ,
971 5483 1063 5536 καὶ
1093 5479 1557 5550 ἐκτιναχθὴσομαι
1582 5492 1597 5507 ·
1627 5474 1724 5527 καὶ

118 5565 315 5645 αὐτὸς
350 5579 451 5634 οὐκ
482 5576 624 5647 ἔγνω
666 5574 749 5628 ὅτι
779 5573 984 5645 Κύριος
1012 5572 1229 5642 ἀπέστη
1269 5569 1365 5625 ἀπ’
1392 5565 1578 5622 αὐτοῦ.
1607 5565 1721 5619 Kal.

1831 4630 1966 4684 mihi
2022 4645 2186 4685 omne
2234 4645 2331 4684 cor
2388 4644 2573 4685 suum.
2634 4626 2701 4680 Et
2750 4626 3125 4681 ascenderunt
3173 4626 3240 4678 ad
3285 4640 3407 4680 eam

1828 4724 2111 4795 principes
2143 4723 2572 4793 aIIOphylorum,
2605 4728 2661 4775 et
2696 4719 3002 4774 attulerunt
3036 4716 3328 4787 pecuniam
3351 4717 3409 4770 iu

1829 4830 1993 4869 manu
2055 4829 2177 4869 sua.
2225 4814 2305 4869 Ac
2359 4811 2453 4866 illa
2497 4809 2745 4864 dormire
2795 4808 2923 4862 fecit
2965 4804 3200 4860 Samson
3242 4817 3397 4873 super

1829 4922 2005 4976 genua
2036 4921 2157 4971 sua,
2204 4914 2262 4960 et
2308 4902 2530 4959 vocavit
2571 4910 2875 4966 tonsorem,
2929 4905 2984 4953 et
3018 4897 3159 4951 rasit
3193 4904 3403 4964 septem

1829 5001 2069 5055 intortos
2103 4999 2286 5053 crines
2318 4996 2501 5067 capilli
2535 4995 2622 5050 sui
2659 5011 2671 5047 :
2704 5002 2758 5048 et
2779 4990 3056 5048 abscessit
3084 4988 3255 5043 robur
3284 4986 3399 5054 ejus

1828 5092 1899 5147 ab
1924 5106 2010 5147 eo.
2039 5089 2106 5143 Et
2131 5088 2273 5144 dixit
2305 5086 2517 5140 Dalila:
2547 5083 2824 5155 Allophyli
2850 5095 3014 5151 super
3039 5086 3114 5142 te,
3141 5077 3400 5129 Samson.

1827 5186 1893 5239 Et
1921 5182 2343 5254 expergefactus
2377 5195 2407 5234 a
2441 5193 2641 5235 somno
2672 5192 2798 5243 suo,
2840 5172 3102 5230 dicebat:
3137 5166 3401 5237 Egrediar

1829 5278 1977 5333 sicut
2001 5277 2115 5347 jam
2154 5274 2354 5328 iterum
2402 5282 2569 5342 atque
2613 5272 2813 5327 iterum
2852 5265 2981 5330 feci,
3012 5271 3067 5318 et
3097 5259 3351 5317 excutiar
3382 5276 3400 5315 :

1827 5374 1949 5443 ipse
1977 5380 2161 5425 autem
2195 5368 2505 5430 nesciebat,
2543 5366 2690 5437 quod
2720 5359 2991 5415 Dominus
3013 5352 3344 5411 recessisset
3370 5366 3399 5405 a

1830 5442 1910 5521 se.
1944 5462 2125 5533 Atque
2151 5458 2631 5531 apprehenderunt
2654 5457 2832 5524 ipsum
2865 5445 3151 5519 allophyli,
3187 5452 3243 5499 et
3268 5442 3399 5498 etio-

1828 5558 2031 5615 derunt
2061 5554 2253 5611 oculos
2284 5551 2430 5625 ejus,
2463 5559 2517 5607 et
2537 5550 2884 5607 deduxerunt
2916 5536 3043 5599 eum
3071 5537 3296 5595 Gazam.
3328 5534 3399 5592 Et

1453 5674 1686 5734 varum
1722 5657 2133 5732 LECTIONES.

221 5785 249 5824 ὁ
274 5781 376 5837 Hic
398 5780 542 5835 male
573 5778 845 5836 insertum
873 5792 1075 5835 nomen
1107 5774 1327 5839 Δαλιδά,
1352 5788 1473 5844 quae
1498 5766 1786 5827 Samsouis
1807 5779 1947 5821 uxor
1987 5778 2099 5818 non
2133 5760 2234 5816 fuit
2263 5776 2276 5813 :
2315 5754 2785 5826 superiusautem
2816 5744 3107 5821 legendum
3138 5739 3250 5798 dixi
3289 5741 3392 5791 Δα-

118 5856 269 5911 λίλα
307 5870 404 5925 pro
446 5849 661 5931 Δαλιδά.
