4024 6412
618 373 753 438 1319

1795 375 1861 437 S.
1891 373 2213 435 JOANNIS
2252 373 2683 436 DAMASCENI

3737 377 3858 445 I333

616 500 929 567 ligaverunt
987 495 1143 550 illum
1188 495 1243 549 in
1294 493 1653 564 compedibus
1701 494 1869 549 aeneis
1914 501 2016 549 :et
2066 502 2184 548 erat

2289 494 2607 564 ἐκράτησαν
2650 494 2815 549 αὐτὸν
2852 496 2902 549 οί
2938 466 3250 568 ἀλλόφυλοι,
3294 498 3391 551 καὶ
3432 494 3715 569 ἐξώρυξαν
3750 506 3861 556 τοὺς

616 591 829 647 molens
863 590 921 643 in
952 588 1118 643 domo
1142 588 1409 644 carceris.
1452 608 1471 639 ι

667 843 790 910 ΗΠ
819 855 945 926 Reg.
969 872 1047 923 xi,
1073 858 1230 911 4.-ι
1250 854 1459 910 Factus
1483 864 1569 909 est
1596 856 1854 910 Salomon
1873 855 1928 909 in
1953 863 2195 924 tempore

613 950 948 1013 senectutis,
985 957 1040 1002 et
1075 963 1184 1003 non
1224 955 1344 1003 erat
1370 961 1468 1001 cor
1490 947 1612 1016 ejus
1654 945 1900 1017 perfecte
1934 962 2057 1000 cum
2088 945 2195 998 Do-

616 1040 791 1103 mino,
825 1038 990 1093 sicuti
1039 1053 1135 1092 cor
1168 1038 1339 1093 David
1372 1038 1548 1108 patris
1596 1037 1797 1107 ipsius.
1842 1038 1912 1091 Et
1954 1037 2195 1091 declina-

614 1137 815 1186 verunt
875 1128 1135 1184 mulieres
1190 1127 1517 1198 alienigena:
1564 1143 1661 1183 cor
1710 1127 1833 1197 ejus
1876 1135 2003 1196 post
2061 1126 2194 1180 deos

616 1239 771 1278 suos.
809 1220 966 1275 Tunc
993 1219 1290 1276 aediﬁcavit
1327 1218 1594 1275 Salomon
1640 1219 1922 1275 excelsqu
1957 1216 2194 1272 Chamos

615 1314 763 1370 idolo
802 1313 980 1379 Moab,
1017 1322 1073 1367 et
1117 1312 1233 1383 regi
1277 1311 1513 1366 filiorum
1566 1310 1825 1375 Ammon,
1876 1317 1932 1363 et
1970 1309 2195 1363 Astarte

614 1404 1019 1463 abominationi
1093 1402 1473 1460 Sidoniorum.
1522 1402 1587 1456 Et
1646 1402 1713 1455 ad
1777 1401 1923 1455 hunc
1971 1401 2192 1455 modum

614 1501 750 1555 fecit
779 1498 1043 1554 omnibus
1073 1496 1404 1551 mulieribus
1431 1495 1550 1551 suis
1584 1492 1934 1564 alienigenis.
1967 1492 2034 1545 Et
2063 1495 2195 1548 ado-

615 1592 827 1658 lebant,
864 1598 922 1647 et
954 1587 1350 1646 sacriﬁcabant
1393 1586 1714 1643 simulacris
1746 1585 1886 1642 suis.
1927 1605 1946 1638 ι

684 1767 847 1821 Prov.
880 1784 935 1831 v,
962 1766 1019 1820 2.
1050 1798 1121 1807 —
1171 1783 1191 1816 ι
1226 1764 1305 1820 Ne
1344 1765 1600 1820 attendas
1631 1762 1699 1817 ad
1734 1776 1959 1831 pravam
1996 1761 2191 1816 mulie-

2295 586 2610 656 ὀφθαλμοὺς
2636 587 2826 650 αὐτοῦ,
2862 590 2955 641 καὶ
2982 591 3330 661 κατήνεγκαν
3358 591 3524 645 αὐτὸν
3556 591 3638 653 εἰς
3678 592 3842 657 Γάζαν

2297 677 2408 730 Kal
2435 678 2633 749 ἔδησαν
2658 678 2821 734 αὑτὸν
2844 682 2904 734 ἐν
2930 680 3123 745 πέδαις
3154 682 3405 753 χαλκαῖς,
3430 684 3530 735 καὶ
3558 678 3628 752 ἦν
3654 684 3862 754 ἀλήθων

2295 768 2354 819 ἐν
2382 768 2517 838 οίκιρ
2551 769 2652 840 τῆς
2686 769 2934 841 φυλακῆς
2990 788 3007 819 ι

2372 878 2391 910 ι
2425 860 2689 932 Ἐγενήθη
2718 863 2776 915 ἐν
2805 861 2882 931 τῷ
2908 861 3086 933 καιρῷ
3115 862 3322 933 γήρους
3343 862 3625 934 Σολομὼν,
3656 864 3752 918 καὶ
3772 868 3860 920 οὐκ

2293 943 2415 1019 ἦνή
2449 951 2647 1020 καρδία
2696 952 2865 1006 αὐτοῦ
2898 954 3120 1017 τελείως
3159 954 3300 1025 μετὰ
3353 956 3591 1026 Κυρίου,
3632 956 3863 1025 καθὼςή

2295 1039 2492 1110 καρδία
2528 1042 2693 1095 Δασὶδ
2718 1041 2813 1094 τοῦ
2856 1042 3070 1114 πατρὸς
3110 1041 3297 1097 αὐτοῦ.
3328 1042 3442 1095 Kal.
3487 1043 3780 1107 ἐξέκλιναν
3819 1049 3863 1098 αξ

2296 1121 2559 1200 γυναῖκες
2614 1136 2669 1188 al
2720 1134 3005 1206 ἀλλότριαι
3061 1133 3160 1206 τὴν
3200 1134 3431 1205 καρδίαν
3472 1135 3649 1188 αὑτοῦ
3702 1136 3864 1189 ὀπίσω

2296 1224 2436 1277 θεῶν
2493 1225 2691 1281 αὐτῶν.
2717 1226 2849 1280 Τότε
2875 1226 3192 1298 ᾠκοδόμησε
3241 1224 3494 1298 Σολομὼν
3542 1226 3754 1296 ὑψηλὸν
3798 1228 3864 1295 τῷ

2294 1318 2504 1389 Χαμῶς
2558 1318 2761 1391 είδώλῳ
2809 1318 3007 1384 Μωάϐ,
3042 1318 3136 1374 καὶ
3188 1316 3268 1390 τῷ
3314 1317 3533 1389 βασιλεῖ
3592 1318 3705 1371 τῶν
3748 1319 3864 1370 υἱῶν

2299 1410 2555 1481 Ἀμμων,
2586 1411 2682 1464 καὶ
2709 1413 2776 1483 τῇ
2797 1411 3074 1485 Ἀστάρτῃ
3101 1410 3429 1482 βδελύγματι
3446 1410 3761 1465 Σιδωνίωνσ
3784 1416 3863 1463 καὶ

2294 1500 2468 1565 οὕτως
2522 1503 2749 1573 ἐποίησε
2795 1502 2998 1566 πάσαις
3040 1505 3162 1566 ταῖς
3212 1502 3467 1570 γυναιξὶν
3526 1502 3702 1555 αὑτοῦ
3755 1506 3861 1565 ταῖς

2294 1594 2641 1664 ἀλλοτρίαιςο
2697 1596 2794 1649 καὶ
2818 1595 3084 1666 ἐθυμίων,
3119 1596 3216 1649 καὶ
3264 1595 3421 1651 ἐθυον
3460 1597 3581 1657 τοῖς
3632 1594 3860 1658 εἰδώλοις

2293 1683 2498 1738 αὐτῶν.
2529 1701 2549 1733 ι

2371 1793 2390 1826 ι
2416 1774 2508 1846 Μὴ
2534 1773 2769 1846 πρόσεχε
2796 1772 2977 1847 φαύλῃ
2998 1774 3238 1844 γυναικί.
3262 1775 3403 1829 Μέλι
3429 1774 3545 1846 γὰρ
3572 1776 3861 1840 ἀποστάζει

614 1877 753 1916 rem.
789 1859 925 1915 Nam
959 1862 1064 1915 mel
1098 1859 1335 1914 distillat
1365 1874 1397 1915 e
1436 1859 1623 1928 lingua
1665 1855 2000 1919 meretricis,
2035 1862 2090 1910 et
2119 1854 2185 1909 ad

2293 1865 2400 1919 ἀπὸ
2430 1864 2656 1936 χειλέων
2684 1845 3198 1937 γυναικὸς-πόρνης,
3226 1866 3261 1937 ἢ
3302 1866 3441 1937 πρὸς
3474 1868 3673 1939 καιρὸν
3695 1867 3861 1921 11-mi—

615 1963 836 2021 tempus
869 1952 1175 2022 impinguat
1220 1949 1413 2005 fauces
1438 1958 1600 2009 tuas;
1632 1955 1972 2019 postremum
2007 1954 2188 2002 autem

614 2047 735 2115 ejus
772 2047 1019 2100 amarius
1054 2046 1356 2115 absyntmo
1386 2042 1650 2113 reperies,
1679 2048 1735 2095 et
1764 2046 1990 2093 acutum
2017 2038 2191 2109 magis

614 2154 779 2208 quam
805 2136 1047 2209 gladium
1080 2136 1405 2205 ancipitem.
1439 2152 1459 2185 ι

690 2230 849 2284 Prov.
883 2245 960 2293 vi,
988 2227 1079 2283 26.
1114 2259 1182 2271 --
1210 2245 1229 2279 ι
1262 2226 1458 2280 Mulier
1477 2224 1757 2295 pretiosas
1786 2222 2030 2277 virorum
2066 2219 2189 2275 ani-

614 2338 734 2377 mas
768 2322 931 2387 capit.
979 2321 1148 2375 Sedes
1194 2318 1534 2390 ignominiae,
1586 2316 1787 2371 mulier
1816 2314 1946 2370 odio
1983 2313 2190 2371 habens

609 2412 785 2483 justa.
822 2431 839 2463 ι

687 2504 842 2557 Prov.
878 2516 979 2566 vu,
1016 2498 1072 2556 2.
1116 2531 1179 2544 σ-
1220 2516 1239 2550 ι
1280 2496 1411 2563 Fili,
1458 2511 1619 2553 serva
1662 2494 1920 2551 mandata
1951 2510 2097 2561 mea,
2134 2502 2190 2551 et

612 2596 766 2650 vives
799 2611 812 2648 :
851 2602 912 2647 ut
944 2602 998 2646 te
1024 2590 1344 2646 custodiant
1379 2603 1412 2642 a
1446 2588 1678 2642 muliere
1722 2588 1905 2642 aliena
1936 2595 1992 2641 et
2018 2586 2187 2641 mala.

610 2684 689 2741 De
741 2684 987 2740 fenestra
1043 2682 1194 2736 enim
1228 2680 1428 2735 domus
1483 2693 1619 2733 meae
1672 2693 1771 2749 per
1812 2678 2090 2734 cancellos
2130 2679 2188 2733 in

610 2778 825 2847 plateas
852 2774 1226 2847 prospiciens,
1256 2785 1421 2843 quem
1451 2770 1656 2825 viderit
1685 2785 1717 2824 ο
1748 2769 1879 2826 filiis
1917 2769 2189 2839 insipien-

609 2870 764 2925 tibus
793 2869 1054 2939 juvenem
1086 2873 1365 2935 expertem
1402 2876 1592 2929 sensu,
1626 2861 1724 2933 qui
1766 2862 1968 2916 transit
1998 2861 2053 2915 in
2091 2875 2189 2915 an-

611 2962 764 3033 gulo,
815 2960 872 3013 in
919 2957 1081 3013 biviis
1108 2955 1401 3010 domorum
1447 2954 1593 3022 ejus,
1640 2961 1697 3008 et
1756 2953 2077 3024 loquentem
2130 2951 2185 3007 iu

608 3051 930 3123 vespertina
969 3048 1336 3111 obscuritate,
1382 3047 1607 3116 quando
1641 3047 1754 3117 jam
1793 3055 1881 3102 est
1919 3055 2188 3101 nocturna

610 3144 768 3213 quies
830 3147 886 3193 et
925 3138 1272 3208 caliginosa:
1333 3136 1533 3191 mulier
1577 3143 1763 3190 autem
1807 3137 2052 3192 occurrit
2106 3137 2183 3191 illi

610 3233 853 3305 speciem
888 3230 1104 3285 habens
1142 3228 1538 3291 meretriciam,
1579 3243 1704 3298 quae
1747 3230 1961 3284 seducit
1994 3230 2185 3298 junio-

608 3341 733 3381 rum
766 3322 957 3378 corda.
993 3322 1112 3376 Alis
1134 3320 1415 3377 instructa
1448 3328 1535 3375 est
1566 3320 1953 3392 intemperanti
1979 3335 2135 3377 more
2166 3336 2182 3375 :

608 3418 761 3474 domi
791 3416 962 3487 quieti
995 3430 1105 3469 non
1141 3422 1271 3469 sunt
1304 3413 1471 3482 pedes
1497 3414 1642 3482 ejus.
1672 3411 1810 3467 Nam
1845 3414 2006 3469 modo
2034 3413 2185 3470 foras

607 3509 993 3580 circumgirat,
1034 3505 1199 3562 modo
1244 3507 1299 3560 in
1328 3504 1529 3575 plateis
1563 3505 1723 3575 juxta
1761 3520 1983 3560 omnem
2011 3519 2187 3576 angu-

605 3607 724 3662 lum
775 3601 1091 3658 insidiatur.
1134 3597 1344 3653 Deinde
1375 3596 1693 3666 suscipiens
1722 3596 2008 3651 osculatur
2033 3610 2181 3663 eum,

606 3693 914 3768 impudenti
974 3704 1106 3747 vero
1145 3689 1303 3745 vultu
1345 3688 1500 3743 illum
1542 3686 1847 3758 alloquitur
1902 3685 2184 3743 :Victima

606 3788 839 3861 paciﬁca
874 3784 1009 3840 mihi
1039 3791 1148 3846 est,
1181 3780 1348 3837 hodie
1377 3779 1553 3835 reddo
1580 3787 1708 3835 vota
1731 3793 1874 3836 linea.
1905 3778 2072 3851 410
2096 3779 2183 3834 ld-

604 3886 760 3938 circo
789 3892 1015 3951 egressa
1047 3890 1169 3932 sum
1195 3875 1251 3928 in
1284 3886 1581 3928 occursum
1618 3883 1770 3927 tuum
1797 3888 1815 3937 ;
1850 3870 2182 3926 desiderans

608 3977 809 4034 faciem
841 3982 1017 4035 tuam,
1050 3978 1105 4026 te
1138 3967 1343 4039 reperi.
1384 3964 1599 4022 Fasciis
1637 3964 1881 4022 instruxi
1916 3963 2181 4021 lectulum

607 4083 831 4134 meum;
883 4064 1275 4133 tapetibusque
1326 4057 1601 4131 Egyptiis
1664 4057 1840 4115 stravi
1896 4075 1912 4110 :
1967 4054 2182 4126 aspersi

605 4160 795 4217 cubile
827 4171 1009 4213 meum
1033 4169 1225 4220 croco,
1259 4162 1317 4208 et
1336 4152 1560 4207 domum
1595 4165 1773 4205 meam
1801 4148 2179 4205 cinnamomo.

609 4252 771 4317 Veni,
799 4258 856 4306 et
885 4247 1137 4303 fruamur
1181 4242 1465 4298 amoribus
1499 4256 1677 4310 usque
1710 4255 1896 4295 mane.
1931 4237 2097 4303 Veni,
2126 4245 2183 4294 et

608 4344 960 4401 involvamur
998 4352 1207 4392 amore.
1241 4334 1361 4391 Non
1392 4333 1539 4390 enim
1573 4341 1660 4389 est
1692 4333 1783 4387 vir
1822 4346 1980 4387 meus
2007 4331 2179 4395 domi,

608 4437 748 4493 abiit
772 4433 919 4487 viam
947 4427 1354 4499 longissimam,
1408 4426 1638 4481 sacculo
1677 4425 1927 4496 pecuniae
1960 4432 2181 4493 sumpto

2292 1975 2375 2012 νει
2409 1956 2502 2010 σὺν
2533 1958 2817 2026 φάρυγγα,
2849 1956 3074 2031 ὓστερον
3119 1958 3303 2027 μέντοι
3334 1960 3675 2032 πικρότερον
3712 1961 3860 2030 χολῆς

2288 2051 2572 2121 εὑρήσεις,
2613 2048 2708 2101 καὶ
2757 2048 3100 2120 ἠκονημένον
3140 2050 3343 2122 μᾶλλον
3385 2051 3676 2123 μαχαίρας
3698 2053 3862 2106 διστό-

2336 2159 2420 2195 Ου.
2455 2159 2473 2192 ι

2336 2159 2420 2195 ου.
2455 2159 2473 2192 z

2292 2158 2334 2212 μ
2368 2251 2388 2285 ι
2426 2232 2571 2303 Γυνὴ
2609 2230 2799 2302 τιμίας
2833 2231 3015 2302 ψυχὰς
3046 2231 3258 2304 ἀνδρῶν
3284 2232 3540 2305 ἀγρεύει.
3573 2266 3646 2276 -
3676 2233 3859 2303 Θρόνος

2289 2324 2539 2396 ἀτιμίας,
2564 2324 2703 2395 γυνὴ
2731 2324 2971 2395 μισοῦσα
2997 2324 3203 2378 δίκαια.
3234 2342 3253 2375 z

2367 2523 2387 2557 ι
2417 2505 2537 2572 Υίέ,
2572 2503 2817 2574 φύλασσε
2844 2502 2985 2575 ἐμὰς
3004 2500 3246 2568 ἐντολὰς,
3280 2501 3375 2556 καὶ
3414 2498 3663 2572 βιώσεις,
3698 2500 3782 2554 tv:
3808 2518 3859 2553 σε

2289 2598 2507 2670 τηρήσῃ
2537 2596 2649 2652 ἀπὸ
2676 2595 2939 2668 γυναικὸς
2965 2594 3256 2667 ἀλλοτρίας
3288 2594 3384 2650 καὶ
3433 2594 3705 2663 πονηρᾶς.

2290 2690 2401 2760 γὰρ
2431 2688 2648 2760 θυρίδος
2698 2689 2765 2741 ἐκ
2802 2685 2897 2740 τοῦ
2933 2687 3083 2741 οἴκου
3123 2683 3297 2755 αὐτῆς
3340 2685 3422 2749 εἰς
3447 2685 3548 2749 τὰς
3601 2684 3861 2745 πλατείας

2292 2780 2761 2853 παρακύπτουσα,
2802 2779 2864 2834 ὃν
2916 2778 2984 2833 ἂν
3033 2778 3117 2850 ῐδῃ
3171 2778 3281 2831 τῶν
3333 2777 3589 2849 ἀφρόνων
3656 2776 3861 2829 τέκνων

2290 2874 2515 2929 νεανίαν
2551 2873 2704 2945 ἐνδεῆ
2750 2870 2966 2944 φρενῶν
3010 2870 3533 2943 παραπορευόμενον
3578 2871 3637 2923 ὲν
3668 2868 3862 2940 γωνία,

2290 2968 2351 3022 ἐν
2397 2967 2592 3031 διόδοις
2642 2966 2808 3022 οίκων
2847 2964 3020 3035 αὐτῆς
3042 3002 3060 3031 ,
3114 2965 3208 3018 καὶ
3237 2962 3505 3018 λαλοῦντα
3565 2964 3622 3015 ἐν
3681 2962 3864 3015 σκότει

2290 3059 2591 3133 ἐσπερινῷ,
2619 3061 2785 3130 ἡνίκα
2812 3058 2880 3115 ἂν
2906 3053 2941 3131 ᾖ
2971 3055 3174 3128 ἡσυχία
3197 3055 3489 3126 νυκτερινὴ
3520 3053 3615 3109 καὶ
3646 3052 3862 3121 γνοφώ-

2290 3153 2388 3224 δης
2408 3168 2422 3182 ’
2447 3154 2480 3222 ἠ
2508 3151 2569 3205 δέ
2593 3150 2732 3221 γυνὴ
2758 3149 2993 3219 συναντᾷ
3020 3147 3169 3219 αῦτῷ
3191 3144 3330 3212 εἶδος
3355 3147 3555 3217 ἔχουσα
3578 3144 3862 3217 πορνικὸν,

2288 3244 2323 3314 ἢ
2354 3246 2501 3297 ποιεῖ
2544 3242 2682 3297 νέων
2731 3240 3058 3307 ἐξίπτασθαι
3110 3238 3363 3312 καρδίας.
3404 3239 3863 3309 Ἀνεπτερωμὲνη

2286 3336 2437 3389 ἐστὶν
2471 3333 2699 3397 ἀσώτως
2716 3349 2732 3365 ’
2758 3335 2818 3387 ἐν
2845 3332 2981 3402 οίκῳ
3008 3332 3066 3386 δέ
3096 3331 3195 3403 οὐχ
3232 3330 3598 3403 ἡσυχάζουσιν
3617 3330 3673 3382 οἱ
3705 3329 3865 3386 πόδες

2285 3427 2477 3498 αὐτῆς.
2505 3427 2715 3497 Χρόνον
2758 3425 2869 3495 γάρ
2901 3441 3023 3477 τινα
3048 3422 3154 3488 ἔξω
3188 3420 3474 3495 ῥέμϐεται,
3504 3421 3687 3492 χρόνῳ
3728 3420 3788 3472 δὲ
3812 3422 3864 3472 ἐν

2287 3519 2571 3583 πλατείαις
2613 3517 2769 3588 παρὰ
2802 3519 2983 3571 πᾶσαν
3021 3516 3226 3585 γωνίαν
3256 3514 3544 3586 ἐνεδρεύει.
3576 3510 3718 3566 Εἶτα
3747 3516 3863 3566 ἐπι-

2285 3609 2563 3680 λαϐομένη
2591 3608 2850 3680 ἐφίλησεν
2874 3605 3061 3671 αὑτὸν,
3080 3606 3289 3661 ἀναιδεῖ
3307 3606 3366 3660 δέ
3389 3604 3665 3677 προσώπῳ
3696 3622 3864 3676 προσ·

2284 3704 2438 3755 εἶπεν
2466 3698 2613 3770 αὑτῷ
2635 3716 2651 3731 ·
2685 3698 2861 3754 Θυσία
2883 3696 3135 3768 εἰρηνική
3161 3695 3251 3767 μοί
3282 3697 3421 3759 ἐστι,
3457 3697 3699 3766 σήμερον
3726 3699 3860 3748 ἁπο-

2283 3794 2478 3863 δίδωμι
2515 3791 2615 3856 τὰς
2654 3789 2819 3861 εὐχάς
2860 3805 2985 3858 μου.
3028 3788 3233 3843 Ἕνεκα
3260 3786 3452 3841 τούτου
3504 3785 3738 3855 ἐξῆλθον
3787 3790 3860 3848 εἰς

2287 3881 2616 3955 συνάντησιν
2661 3898 2766 3942 σοι,
2798 3875 3043 3933 ποθοῦσα
3085 3875 3149 3930 τὸ
3182 3875 3478 3949 πρόσωπόν
3513 3892 3606 3928 σου
3644 3874 3860 3947 εὕρηκά

2285 3990 2375 4027 σε’
2409 3974 2647 4045 κειρίαις
2673 3970 2878 4024 τέτακα
2903 3969 3002 4040 τὴν
3045 3966 3235 4037 κλίνην
3271 3984 3398 4039 μου,
3431 3967 3779 4037 ἀμφιτάτεοις
3807 3966 3859 4019 δὲ

2284 4067 2539 4139 εστρωκα
2576 4065 2692 4126 τοῖς
2713 4062 2808 4118 ἀπ’
2837 4061 3118 4130 Αἰγύπτου
3139 4076 3154 4092 ο
3182 4060 3484 4131 διέῤῥαγκα
3528 4058 3631 4129 τὴν
3668 4058 3857 4128 κοίτην

2289 4177 2394 4231 μου
2424 4158 2630 4229 κρόκῳ,
2671 4155 2765 4208 τὸν
2814 4154 2873 4208 δέ
2906 4148 3055 4207 οἶκόν
3090 4170 3194 4224 μου
3238 4150 3603 4222 κινναμώμῳ.
3670 4150 3852 4213 Ἐλθὲ,

2283 4254 2379 4306 καὶ
2421 4248 2822 4319 ἀπολαύσωμεν
2871 4245 3057 4316 φιλίας
3117 4243 3225 4309 ἕως
3273 4242 3497 4315 ὄρθρου.
3540 4241 3717 4313 Δεῦρο
3767 4244 3855 4298 καὶ

2283 4337 2696 4410 ἐγκυλισθῶμεν
2732 4336 2920 4409 ἔρωτι.
2958 4337 3033 4391 Οὐ
3059 4335 3169 4407 γὰρ
3205 4335 3473 4407 πάρεστιν
3514 4338 3725 4409 όοάνήρ
3757 4356 3851 4409 μου

2284 4436 2343 4488 ἐν
2370 4434 2504 4504 οἴκῳ
2524 4448 2539 4462 ο
2570 4431 2908 4503 πεπόρευται
2938 4428 3040 4500 ὁδῷ
3069 4430 3275 4501 μακρᾷ,
3299 4428 3559 4499 ἐνδεσμον
3591 4431 3851 4501 ἀργυρίου

610 4532 670 4586 in
705 4541 871 4584 manu
899 4539 1000 4579 sua
1043 4540 1059 4577 :
1097 4529 1227 4592 post
1269 4518 1392 4576 dies
1436 4518 1644 4575 multos
1695 4516 1897 4575 redibit
1954 4515 2177 4571 domum

2288 4521 2465 4577 λαϐὼν
2494 4523 2552 4576 ἐν
2573 4523 2641 4593 τῇ
2683 4522 2829 4593 χειρὶ
2855 4520 3048 4586 αὐτοῦ,
3090 4520 3160 4574 δι’
3195 4521 3417 4592 ἡμερῶν
3448 4520 3665 4573 πολλῶν
3694 4524 3850 4574 ἑπανο

609 4638 792 4682 suam.
826 4615 1061 4674 Seduxit
1089 4628 1215 4670 eum
1252 4610 1426 4666 multo
1455 4609 1755 4680 colloquio,
1784 4616 1841 4664 et
1864 4608 2075 4664 retibus
2096 4606 2178 4661 la-

610 4718 829 4773 biorum
877 4707 1150 4781 pertraxit
1192 4706 1370 4761 illum.
1424 4702 1526 4758 llic
1563 4711 1747 4759 autem
1804 4702 2181 4757 circumactus

610 4815 841 4867 secutus
866 4812 977 4859 est.
1011 4799 1170 4855 Sicut
1198 4799 1298 4854 bos
1330 4796 1400 4852 ad
1430 4795 1711 4851 victimam
1741 4794 1982 4860 ducitur,
2017 4800 2073 4849 et
2104 4792 2183 4848 si-

609 4906 707 4955 cut
733 4894 891 4951 canis
914 4893 983 4947 ad
1006 4890 1311 4954 vinculum,
1334 4895 1428 4942 aut
1458 4887 1606 4942 sicut
1637 4900 1835 4941 cervus
1859 4886 2180 4940 vulneratus

610 4990 667 5044 in
717 4987 928 5057 iecore,
961 4987 1224 5052 praperat
1287 4977 1435 5033 velut
1479 4976 1599 5032 avis
1639 4975 1707 5030 ad
1759 4975 2039 5045 laqueum,
2078 4988 2180 5029 ne-

610 5083 793 5139 sciens
827 5076 958 5149 quia
1000 5089 1105 5145 pro
1142 5071 1329 5128 anima
1365 5069 1567 5125 currit.
1610 5067 1813 5123 Multos
1843 5064 2181 5121 vulnerando

610 5169 832 5240 deiecit,
867 5161 1303 5221 innumerabiles
1343 5158 1476 5216 sun‘t
1513 5172 1656 5228 quos
1711 5156 2033 5211 trucidavit.
2067 5153 2181 5210 Via:

611 5263 920 5319 inferorum
968 5254 1170 5312 domus
1217 5252 1362 5323 ejus,
1411 5250 1749 5306 deducentes
1781 5249 1837 5304 iu
1880 5248 2183 5319 penetralia

612 5353 832 5408 mortis.
865 5368 887 5403 ι

686 5445 849 5517 Prov.
875 5458 959 5507 xi,
984 5440 1077 5495 22.
1104 5468 1174 5480 ——
1201 5456 1220 5490 ι
1244 5436 1410 5493 Velut
1450 5436 1669 5492 inauris
1695 5436 1752 5490 in
1788 5435 2016 5491 naribus
2041 5435 2181 5502 suis,

613 5532 696 5589 sic
727 5532 950 5586 mulieri
983 5543 1247 5601 perverso
1280 5528 1464 5584 animo
1493 5525 1871 5598 pulchritudo.
1911 5544 1930 5577 ι

689 5622 852 5678 Prov.
874 5626 953 5691 ix,
984 5623 1073 5677 15.
1106 5652 1174 5661 -
1217 5640 1236 5673 ι
1271 5619 1478 5675 Mulier.
1501 5619 1668 5673 stulta
1706 5628 1761 5674 et
1799 5634 2026 5690 procax,
2060 5618 2184 5674 cibo

621 5718 876 5789 indigens
894 5715 1148 5785 edicitur,
1195 5730 1318 5789 qua:
1350 5728 1451 5769 nec
1491 5715 1645 5768 novit
1699 5714 1990 5785 pudorem.
2030 5711 2186 5770 Sedit

624 5810 683 5867 in
715 5808 936 5865 foribus
961 5808 1160 5865 domus
1194 5824 1308 5865 suae
1337 5821 1506 5878 super
1534 5805 1750 5872 sellam,
1784 5804 1963 5875 palam
1990 5805 2044 5860 in
2067 5806 2184 5876 pla-

2282 4614 2403 4687 ἡξει
2425 4616 2505 4678 εἰς
2525 4613 2616 4669 τὸν
2640 4607 2791 4668 οἶκον
2817 4612 3391 4684 αὑτοῦ.Ἀπεπλάνησε
3419 4612 3477 4667 δὲ
3497 4613 3667 4667 αὐτὸν
3688 4614 3849 4683 πολλῇ

2280 4706 2488 4779 ὁμιλίᾳ,
2528 4705 2746 4777 βρόχοις
2769 4705 2829 4759 δέ
2854 4707 2966 4769 τοῖς
2988 4705 3097 4760 ἀπὸ
3118 4703 3344 4775 χειλέων
3363 4703 3659 4768 ἐξώκειλεν
3678 4707 3845 4760 αὐτόν.

2292 4799 2351 4854 '0
2382 4798 2441 4851 δὲ
2485 4797 2894 4867 ἐπηκολούθησε
2938 4797 3273 4865 κεπφωθεὶς,
3301 4796 3398 4851 καὶ
3422 4796 3618 4868 ὥσπερ
3646 4798 3701 4852 δέ
3732 4798 3847 4869 βοῦς

2280 4892 2375 4944 ἐπὶ
2406 4891 2627 4962 σφαγὴν
2663 4890 2880 4959 ἄγεται,
2912 4890 3007 4943 καὶ
3037 4888 3227 4961 ὥσπερ
3262 4889 3410 4943 κύων
3450 4890 3546 4943 ἐπὶ
3574 4890 3791 4961 δεσμὸν.
3818 4892 3845 4958 ἢ

2280 4978 2357 5042 ὡς
2386 4980 2586 5049 ἐλαφος
2616 4977 2912 5050 πεπληγὼς
2938 4980 3019 5042 εἰς
3045 4979 3106 5032 τὸ
3128 4973 3301 5050 ἧπαρ,
3331 4979 3551 5034 σπεύδει
3583 4982 3643 5035 δὲ
3667 4982 3845 5050 ὥσπερ

2281 5070 2470 5141 δρνεον
2498 5072 2577 5135 είς
2605 5071 2832 5140 παγίδα,
2862 5071 2963 5125 οὐκ
2994 5069 3150 5133 εἰδὼς
3173 5070 3258 5123 ὅτι
3282 5072 3411 5140 περὶ
3442 5071 3623 5143 ψυχῆς
3648 5076 3839 5147 τρέχει.

2285 5162 2525 5226 Πολλοὺς
2573 5160 2833 5234 τρώσασα
2883 5160 3301 5233 καταὸἐόληκε,
3344 5161 3441 5214 καὶ
3495 5163 3843 5235 ἀναρίθμητοί

2284 5258 2423 5308 εἰσιν
2450 5254 2545 5318 οὒς
2570 5254 2925 5322 πεφόνευκεν.
2944 5253 3084 5307 Ὀδοὶ
3111 5253 3239 5325 ᾅδου
3264 5254 3294 5306 ό
3324 5253 3474 5316 οἶκος
3502 5255 3690 5324 αὐτῆς,
3720 5272 3842 5308 κατ-

2283 5344 2517 5413 άγουσαι
2540 5344 2620 5408 είς
2648 5344 2850 5413 ταμεῖα
2882 5341 3134 5396 θανάτου.
3164 5357 3183 5393 ι

2360 5455 2378 5487 ι
2407 5436 2620 5506 ’Ὥσπερ
2654 5432 2874 5487 ἐνώτιον
2896 5437 2955 5487 ἐν
2986 5433 3097 5505 ῥινὶ
3126 5432 3237 5499 ὑὸς,
3269 5430 3444 5496 οὕτως
3494 5432 3709 5501 γυναικὶ
3747 5450 3840 5485 κα·

2283 5528 2510 5599 κόφρονι
2535 5526 2749 5590 κάλλος.
2782 5545 2801 5577 ι

2362 5641 2379 5671 ι
2408 5619 2551 5692 Γυνὴ
2579 5620 2771 5691 ἀφρων
2796 5617 2892 5673 καὶ
2924 5616 3174 5689 θρασεία,
3204 5614 3385 5686 ἐνδεὴς
3404 5614 3596 5687 ψωμοῦ
3617 5617 3835 5684 γίνεται,

2286 5712 2322 5784 ἢ
2355 5716 2455 5766 οὐκ
2482 5712 2767 5767 ἐπίσταται
2796 5710 3077 5782 αἰσχύνην.
3114 5708 3397 5763 Ἐκάθισεν
3422 5710 3518 5763 ἐπὶ
3538 5709 3715 5780 θύραις
3744 5707 3834 5762 τοῦ

2287 5804 2486 5875 ἑαυτῆς
2529 5805 2713 5871 οίκου,
2776 5803 2870 5857 ἐπὶ
2906 5802 3099 5873 δίφρου
3150 5801 3408 5873 ἐμφανῶς
3456 5804 3514 5856 ἐν
3556 5802 3832 5863 πλατείαις
