4024 6422
186 377 300 443 1321
1410 388 1649 447 SACRA
1680 388 1769 445 PA

1799 387 2139 449 lALLELA.
2322 334 2341 350 .
3255 393 3388 459 1322

181 489 612 561 προσκαλουμένη
648 491 773 553 τοὺς
828 489 1121 561 παριόντας
1156 492 1251 545 καὶ
1296 494 1722 554 κατευθύνοντας
1750 497 1770 553 1

1826 494 1927 551 teis
1970 510 2178 551 vocans
2230 503 2605 562 transeuntes,
2646 503 2702 552 et
2750 506 2902 553 recta
2937 500 3055 555 vias
3095 516 3227 558 suas
3269 519 3393 573 per-

180 583 233 633 ὲν
265 584 377 645 ταῖς
406 581 545 645 ὁδοῖς
574 581 775 635 αύτῶν.
804 580 907 645 ’⁷ος
938 583 1086 637 ἐστιν
1116 582 1272 653 ὑμῶν
1296 585 1720 655 ἀφρονέστατος,

1826 595 2071 656 agentes.
2102 587 2203 655 Qui
2232 589 2622 646 insanissimus
2645 597 2729 647 est
2753 600 3020 657 vestrum,
3049 592 3292 650 declinet
3323 597 3390 650 ad

179 673 464 725 ἐκκλινάτω
496 671 633 742 πρός
668 691 758 745 με,
802 674 988 744 ἐνδεὴς
1020 673 1076 727 δὲ
1104 676 1439 748 φρονήσεως,
1478 693 1723 747 παρακε-

1825 692 1934 741 me,
1983 687 2077 733 aut
2124 679 2376 750 indigens
2426 694 2621 749 sensu,
2670 696 2794 737 eum
2843 681 3041 749 invito,
3072 683 3332 756 inquiens
3376 703 3390 739 :

178 762 408 832 λεύομαι,
451 762 713 832 λέγουσα·
749 764 965 834 ’Δρτων
996 765 1246 835 κρυφίων
1280 765 1451 835 ἡδέως
1490 764 1722 835 ἀψασθε,

1824 766 2001 823 Panes
2031 770 2384 826 absconditos
2402 778 2639 837 gustato,
2672 779 2727 833 et
2756 785 2928 842 aquas
2947 771 3179 830 furtivas
3202 774 3394 832 dulces

178 855 265 908 καὶ
290 854 475 918 ὓδατος
502 856 709 927 κλοπῆς
734 855 1005 925 γλυκεροῦ
1035 856 1248 912 πίεσθε.
1279 857 1337 910 '0
1370 857 1428 910 δὲ
1456 858 1557 911 οὑκ
1584 852 1726 911 οἶδεν

1824 860 2017 916 bibite.
2058 859 2162 916 Hic
2187 876 2316 916 vero
2346 862 2569 932 ignorat
2606 862 2756 936 quod
2797 864 3048 935 gigantes
3084 868 3232 937 apud
3272 883 3392 923 eam

176 949 254 1001 ὅτι
284 950 531 1018 γηγενεῖς
564 950 697 1020 παρ’
725 949 863 1019 αὐτῇ
895 948 1163 1015 ὀλοῦνται,
1199 949 1296 1004 καλ⁵
1341 951 1423 1014 εἰς
1453 950 1726 1021 πέταυρον

1552 966 1726 1021 ταυρον
1827 952 2103 1022 peribunt,
2127 962 2184 1009 et
2206 953 2261 1009 in
2293 955 2559 1025 perticam
2584 955 2784 1013 inferni
2815 960 3082 1017 occurrit.
3122 946 3141 1012 ι

176 1038 293 1109 ᾅδου
320 1041 578 1109 συναντᾷ.
610 1058 630 1091 ι

247 1152 264 1184 ι
298 1132 502 1205 ’Ὠσπερ
527 1131 745 1204 σκώληξ
771 1133 830 1187 ἐν
876 1133 1044 1207 ξύλῳ,
1066 1132 1240 1198 οὔτως
1270 1132 1439 1205 ἄνδρα
1463 1134 1727 1190 ἀπόλλυσι

1900 1138 2064 1192 Prov.
2114 1154 2244 1201 xxv,
2289 1140 2475 1194 20.——
2510 1159 2531 1192 ι
2570 1138 2725 1197 Sicut
2762 1142 2965 1200 vermis
3008 1144 3064 1199 in
3096 1146 3270 1217 ligno,
3313 1149 3393 1204 sic

175 1228 301 1299 γυνὴ
332 1228 650 1293 κακοποιός.
687 1248 707 1281 ι

1825 1226 2008 1283 virum
2048 1227 2227 1298 perdit
2255 1230 2453 1284 mulier
2478 1232 2642 1287 mala.
2672 1253 2690 1284 ι

246 1320 267 1374 ι
305 1321 359 1373 '0
381 1319 629 1392 κατέχων
664 1321 966 1393 μοιχαλίδα,
995 1322 1187 1394 ἄφρων
1216 1339 1311 1378 και
1340 1323 1568 1395 ἀσεϐής.
1597 1341 1616 1375 ι

1898 1320 2061 1376 Prov.
2090 1337 2244 1385 xvm,
2268 1322 2358 1376 22.
2380 1354 2450 1365 -
2469 1342 2489 1376 ι
2521 1323 2624 1391 Qui
2651 1334 2800 1382 tenet
2829 1326 3136 1385 adulteram
3156 1372 3172 1397 ,
3195 1334 3396 1389 stultus

1830 1422 1915 1470 est
1941 1422 1996 1469 et
2022 1414 2245 1485 impius.
2294 1433 2313 1467 ι

244 1521 263 1555 ι
280 1503 543 1574 Κρείσσον
568 1503 738 1556 οίκεῖν
765 1503 825 1556 ὲν
862 1503 1078 1575 ἐρήμῳ,
1112 1504 1144 1575 ἦ
1179 1505 1317 1576 μετά
1345 1504 1607 1576 γυναικὸς
1631 1522 1731 1577 μα-

1902 1505 2068 1562 Prov.
2097 1523 2212 1576 xxi,
2241 1507 2330 1563 19.
2363 1539 2432 1548 -
2473 1526 2492 1559 ι
2526 1508 2723 1567 Melius
2776 1520 2860 1568 est
2905 1514 3155 1572 habitare
3204 1517 3263 1571 in
3299 1516 3396 1572 de-

172 1595 319 1666 χίμου
348 1596 442 1649 καὶ⁹
468 1594 821 1665 γλωσσώδους
846 1600 942 1650 καὶ
970 1596 1213 1668 ὀργίλου.
1248 1617 1267 1650 ι

1831 1607 2004 1660 serto,
2034 1612 2195 1668 quam
2230 1613 2354 1653 cum
2388 1599 2618 1655 muliere
2646 1601 2857 1671 rixosa,
2888 1605 3140 1676 linguosa
3200 1617 3255 1663 et
3287 1609 3396 1663 ira-

1832 1690 2035 1746 cunda.

242 1802 262 1836 ι
292 1782 556 1852 Σταγόνες
581 1782 939 1836 ἐκϐάλλουσιν
964 1783 1249 1855 ἄνθρωπον
1284 1787 1343 1838 ἐν
1383 1786 1565 1856 ἡμέρᾳ
1614 1803 1726 1856 χει·
1760 1834 1800 1856 η

1903 1782 2065 1838 Prov.
2099 1798 2274 1847 xxvn,
2301 1783 2388 1838 15.
2416 1812 2486 1823 --
2519 1803 2539 1837 ι
2581 1782 2754 1839 Stillae
2782 1786 3014 1855 ejiciunt
3042 1788 3317 1845 hominem
3343 1790 3394 1845 in

172 1876 354 1944 μερινῇ
374 1875 438 1927 ὲκ
465 1874 559 1926 τοῦ
583 1872 732 1927 οἴκου
766 1872 957 1939 αὐτοῦ,
981 1875 1247 1938 ὡσαύτως
1272 1878 1363 1929 καὶ
1386 1877 1523 1947 γυνὴ
1556 1876 1725 1930 λοίδο-
1760 1884 1761 1887 “

1832 1876 1922 1931 die
1953 1876 2149 1932 hiemis
2178 1876 2247 1932 de
2278 1876 2442 1932 domo
2470 1893 2569 1933 sua
2595 1894 2610 1934 :
2640 1878 2723 1933 sic
2770 1894 2993 1950 quoque
3028 1883 3227 1938 mulier
3262 1900 3396 1939 con-

170 1982 261 2035 ρος
292 1967 352 2019 ἐκ
372 1964 466 2018 τοῦ
498 1965 626 2019 ἰδίου
658 1966 809 2019 οἴκου
841 1967 1009 2037 ἄνδρα
1035 1966 1310 2021 ἐκϐάλλει.
1347 1987 1367 2018 ι

1248 1984 1310 2021 ει.
1347 1987 1367 2018 ι
1824 1972 2030 2027 viciosa
2061 1974 2240 2026 virum
2274 1973 2440 2027 domo
2480 1987 2581 2027 sua
2612 1972 2782 2042 ejicit.
2819 1991 2837 2024 ι

240 2076 259 2110 ι
284 2058 412 2112 ’Δπὸ
436 2059 535 2129 τῆς
571 2059 861 2129 συγκοίτου
893 2076 987 2112 σου
1024 2058 1281 2130 φύλαξαι,
1311 2061 1406 2115 τοῦ
1428 2061 1723 2116 ἀναθέσθαι

1895 2063 2061 2118 Hich.
2084 2080 2178 2130 vn,
2204 2064 2258 2120 5.
2287 2095 2356 2105 —
2387 2084 2407 2116 ‹
2437 2065 2520 2120 ΑΙ)
2552 2080 2615 2120 ea
2647 2081 2769 2136 qua:
2790 2066 2961 2121 cubat
2992 2074 3200 2133 tecum,
3243 2082 3381 2124 cave

166 2151 297 2222 αὐτῇ
322 2169 374 2205 τι
397 2154 595 2206 ποιεῖν.
627 2170 646 2203 ι

1824 2171 1894 2210 ne
1929 2157 1978 2210 ei
2020 2157 2324 2227 quidquam
2354 2155 2709 2212 commendes
2742 2166 2802 2211 ut
2834 2155 3021 2211 faciat.
3058 2177 3076 2209 ι

238 2266 258 2298 ι
286 2248 374 2318 Μὴ
411 2246 520 2319 δῷς
559 2247 783 2317 γυναικὶ
834 2248 934 2321 τὴν
982 2249 1163 2321 ψυχήν
1212 2266 1331 2314 σου,
1390 2251 1464 2323 μὴ
1511 2252 1724 2306 ὑπάντα

1894 2245 2061 2300 Eccli.
2102 2264 2180 2314 ix,
2209 2248 2263 2302 2.
2291 2280 2359 2289 —-
2387 2265 2406 2299 ‹
2443 2244 2523 2302 Ne
2549 2246 2648 2303 des
2686 2247 2901 2304 mulieri
2931 2249 3170 2303 animam
3227 2258 3396 2313 tuam,

163 2341 561 2414 έταιριξομένῃ.
593 2341 751 2397 Μετὰ
781 2342 1089 2415 ψαλλούσης
1114 2343 1188 2416 μὴ
1218 2344 1539 2416 ὲνδελέχιζε.
1572 2347 1722 2415 Παρφ

1824 2352 1929 2393 nec
1951 2338 2168 2393 obviam
2211 2337 2480 2410 procedas
2504 2338 2809 2394 meretrici.
2837 2337 2973 2393 Cum
3003 2339 3310 2394 cantatrice
3332 2355 3400 2396 ne

163 2434 312 2489 θένον
348 2435 420 2506 μὴ
466 2436 878 2508 καταμάνθανε.
908 2437 1000 2508 Μὴ
1047 2436 1154 2507 δῷς
1184 2438 1360 2511 πόρνῃ
1406 2439 1505 2508 τὴν
1543 2438 1724 2509 ψυχήν

1825 2429 1905 2486 sis
1929 2430 2210 2486 assiduus.
2254 2429 2539 2501 Virginem
2574 2445 2644 2485 ne
2690 2430 2987 2485 intuearis.
3039 2430 3119 2487 Ne
3151 2432 3251 2487 des
3283 2447 3397 2488 me-

164 2544 279 2582 σσυ.
310 2528 683 2601 ’Δπὸστρεψον
724 2530 820 2583 τὸν
850 2528 1132 2601 ὀφθαλμόν
1166 2548 1261 2585 σου
1302 2531 1410 2585 ἀπὸ
1456 2532 1721 2599 γυναικὸς

1824 2521 2011 2578 retrici
2068 2522 2309 2576 animam
2367 2531 2543 2577 tuam.
2604 2522 2806 2577 Averte
2873 2522 3095 2578 oculum
3162 2532 3318 2578 tuum
3367 2539 3396 2579 a

160 2619 456 2691 εὐμόρφου.
500 2621 656 2675 Μετὰ
700 2620 975 2694 ὗπάνδρου
1013 2622 1273 2691 γυναικὸς
1317 2623 1393 2693 μὴ
1440 2622 1611 2676 κάθου
1661 2622 1723 2677 τὸ

1824 2617 2058 2671 muliere
2103 2615 2374 2684 Speciosa.
2418 2614 2554 2669 Cum
2605 2614 2783 2669 aliena
2828 2615 3063 2670 muliere
3096 2630 3166 2671 ne
3201 2616 3396 2672 sedeas

162 2709 400 2766 σύνολον.
429 2711 521 2765 Ἐν
543 2712 731 2767 κάλλει
754 2713 867 2785 γὰρ
899 2712 1161 2783 γυναικὸς
1189 2713 1378 2768 πολλοὶ
1409 2713 1722 2787 ἐπλανήθη-

1824 2706 2074 2762 omnino.
2110 2705 2340 2777 Propter
2383 2721 2620 2777 speciem
2662 2706 2915 2764 mulieris
2967 2708 3127 2761 multi
3180 2723 3402 2765 u'rave-

159 2819 281 2859 σαν.
309 2822 330 2857 ι

1825 2809 1976 2855 runt.
2011 2819 2029 2852 ἱ

235 2916 255 2949 ι
291 2892 447 2962 Οῐνος
475 2899 569 2953 καὶ
596 2900 856 2969 γυναῖκες
879 2900 1252 2972 ἀποστήσουσι
1284 2900 1559 2964 συνετούς.
1592 2918 1612 2952 ι

1897 2892 2069 2947 Eccli.
2098 2908 2213 2948 xix.
2244 2892 2300 2947 2.
2330 2922 2397 2933 --
2431 2910 2447 2943 ι
2481 2890 2681 2946 Vinum
2708 2899 2763 2946 et
2793 2891 3058 2949 mulieres
3086 2901 3402 2964 apostatare

1830 2985 2036 3042 facient
2072 2988 2372 3058 sapientes.
2417 3004 2436 3037 ι

231 3102 251 3135 ‹
287 3083 507 3156 Πατέρα
543 3084 640 3138 xui.
684 3084 853 3157 ἄνδρα
897 3084 1310 3158 καταισχύνειή
1349 3086 1598 3159 θρασεῖα,
1631 3087 1725 3141 καὶ

1902 3078 2076 3133 Eccli.
2102 3095 2239 3145 χχιι,
2266 3079 2320 3134 5.
2361 3109 2429 3120 ——
2472 3097 2489 3129 ι
2529 3077 2749 3134 Patrem
2792 3087 2848 3134 et
2882 3079 3071 3134 virum
3112 3080 3402 3136 confundit

151 3176 261 3230 ὑπὸ
294 3177 623 3249 ἀμφοτέρων
653 3178 1113 3250 ἀτιμασθήσεται.
1145 3197 1163 3229 ι

1748 3169 1795 3234 C
1827 3186 2049 3244 procax,
2077 3180 2133 3227 et
2160 3172 2228 3226 ab
2257 3180 2492 3241 utroque
2515 3170 2817 3242 ignominia
2842 3171 3133 3227 aﬂicietur.
3172 3191 3190 3225 ι

230 3290 251 3324 ‹
281 3272 420 3343 Γυνὴ
460 3272 844 3327 καταλιποῦσα
890 3275 984 3328 τὸν
1027 3275 1216 3345 ἄνδρα,
1254 3274 1351 3328 καὶ
1405 3273 1730 3344 παριστῶσα

1904 3260 2075 3320 Eccli.
2128 3278 2289 3327 xxm,
2332 3262 2424 3317 22.
2456 3290 2527 3304 --
2561 3279 2581 3314 ι
2618 3260 2816 3319 Mulier
2864 3262 3186 3335 relinquens
3219 3265 3400 3320 virum

149 3344 494 3436 κληρονόμον
524 3363 583 3430 ἐξ
604 3365 921 3437 ἀλλοτρίων,
952 3364 1168 3437 πρῶτον
1196 3368 1254 3419 ὲν
1294 3365 1445 3436 νόμῳ
1473 3365 1727 3435 Ὑψίστου

1833 3371 2019 3423 suum,
2058 3363 2113 3410 et
2153 3364 2405 3411 statuens
2456 3355 2729 3411 lneredem
2776 3369 2844 3410 ex
2890 3356 3106 3424 alienis,
3142 3357 3321 3428 primo
3347 3358 3402 3413 in

156 3457 451 3529 ἡπείθησε,
484 3461 577 3512 καὶ
622 3458 874 3530 δεύτερον
900 3461 981 3524 είς
1010 3459 1196 3531 ’ἄνδρα
1228 3458 1397 3530 αὐτῆς
1441 3460 1730 3531 ἐπλημμέ-

1832 3449 1957 3520 lege
1986 3448 2256 3504 Altissimi
2306 3446 2646 3504 incredibilis
2674 3447 2816 3502 fuit-
2870 3456 2925 3503 et
2961 3449 3207 3503 secundo
3237 3450 3289 3505 in
3323 3450 3403 3504 vi-

146 3549 343 3621 λησεν,
372 3552 467 3605 καὶ
496 3551 559 3605 τὸ
588 3552 773 3621 τρίτον
808 3553 867 3605 ὲν
909 3550 1137 3623 πορνεία
1176 3551 1492 3622 ἐμοιχεύθη,
1531 3552 1627 3606 καὶ
1671 3551 1732 3617 ἐξ

1830 3555 1955 3594 rum
1979 3555 2139 3594 suum
2170 3538 2442 3609 deliquit;
2475 3545 2530 3593 et
2552 3540 2718 3595 tertio
2742 3539 2796 3594 in
2831 3540 3103 3596 adulterio
3131 3539 3402 3597 fornicata

145 3640 439 3711 ἀλλοτρίου
470 3642 664 3714 ἀνδρὸς
711 3642 879 3697 τέκνα
908 3644 1276 3716 παρέστησεν.
1330 3640 1481 3713 Αὕτη
1529 3645 1609 3706 εἰς
1635 3644 1730 3697 ὲκ-

1831 3644 1936 3698 est,
1966 3641 2106 3689 etex
2139 3632 2249 3687 alio
2268 3633 2385 3687 viro
2412 3631 2553 3686 tilios
2575 3631 2846 3687 exhibuit.
2866 3630 2991 3687 Haec
3023 3632 3079 3687 in
3110 3634 3400 3689 ecclesiam

149 3731 392 3803 κλησίαν
419 3733 810 3805 ὲξαχθήσεται*
842 3734 902 3788 οὐ
923 3734 1247 3789 διαδώσουσι
1273 3734 1341 3788 τὰ
1367 3735 1535 3789 τέκνα
1558 3736 1732 3806 αὐτῆς

1830 3723 2120 3780 educetur.
2173 3722 2292 3778 Non
2344 3723 2555 3778 dabunt
2583 3720 2680 3777 filii
2717 3722 2841 3792 ejus
2868 3724 3133 3790 radicem,
3173 3732 3227 3779 et
3265 3726 3400 3779 rami

151 3824 344 3896 ῥίζαν,
401 3827 498 3880 καὶ
548 3828 601 3880 οἱ
648 3827 832 3882 κλάδοι
869 3828 1041 3898 αὐτῆς
1086 3827 1185 3881 ούκ
1232 3829 1437 3882 οἴσουσι
1482 3828 1728 3899 καρπόν·

1832 3818 1981 3872 illius
2010 3832 2125 3872 non
2169 3815 2349 3872 ferent
2386 3814 2650 3871 fructum.
2684 3813 3044 3886 Derelinquet
3078 3816 3133 3871 in
3170 3816 3401 3872 maledi-

139 3916 473 3986 καταλείψει
503 3919 585 3979 εἰς
613 3919 862 3990 κατάραν
901 3917 962 3971 τὸ
997 3918 1346 3989 μνημόσυνον
1374 3918 1565 3988 αὐτῆς.
1600 3937 1619 3971 ι

1029 3918 1346 3989 ,νημόσσυνον
1374 3918 1565 3988 αὐτῆς,
1600 3937 1619 3971 ι
1829 3914 1977 3961 ctum
2006 3904 2332 3959 memoriam
2369 3918 2548 3959 suam.
2597 3920 2618 3954 ›

223 4027 245 4061 ι
274 4008 371 4081 Μὴ
400 4009 507 4081 δῷς
556 4009 710 4064 ὕδατι
755 4010 1011 4075 διέξοδον,
1066 4010 1205 4081 μηδὲ
1243 4011 1467 4078 γυναικὶ
1516 4011 1729 4081 πονηρᾷ
1902 3996 2073 4052 Eccli.
2106 4012 2235 4063 xxv,
2265 3996 2361 4060 54,
2382 3997 2473 4058 25,
2498 3995 2591 4064 26,
2619 3997 2709 4062 55,
2732 3996 2823 4053 25.
2850 4026 2922 4039 ——
2968 4014 2989 4049 ι
3023 3994 3103 4051 Ne
3124 3995 3221 4051 des
3248 4009 3402 4066 aqua:

135 4099 361 4155 ἄνεσιν.
392 4102 455 4154 Ei
495 4103 569 4173 μὴ
606 4104 899 4173 πορεύεται
953 4102 1097 4157 κατὰ
1118 4103 1279 4173 χεῖρά
1314 4119 1431 4166 σου,
1475 4102 1583 4157 ἀπὸ
1619 4103 1724 4157 τῶν

1829 4090 2063 4156 exitum,
2095 4105 2198 4145 nec
2230 4090 2450 4145 mulieri
2476 4091 2740 4161 improbae
2766 4089 3178 4145 remissionem.
3210 4088 3267 4142 Si
3291 4103 3400 4143 non

136 4192 376 4264 σαρκῶν
404 4211 498 4247 σου
527 4194 767 4264 ἀπότεμε
818 4194 1009 4264 αὑτήν.
1046 4194 1370 4265 Συνοικῆσαι
1399 4193 1596 4259 λέοντι,
1635 4195 1725 4247 καὶ

1831 4180 2198 4235 ambulaverit
2231 4179 2297 4234 ad
2323 4194 2546 4234 manum
2575 4189 2746 4247 tuam,
2777 4179 2847 4235 de
2884 4180 3144 4234 carnibus
3175 4179 3285 4233 tuis
3306 4178 3401 4231 ah-

129 4285 405 4356 δράκοντι
456 4286 762 4357 εύδόκησαι,
829 4285 862 4354 ἢ
920 4286 1238 4355 συνοικῆσαι
1298 4285 1439 4356 μετά
1475 4285 1718 4354 γυναικὸς

1830 4273 2023 4330 scinde
2053 4289 2194 4329 eam.
2237 4272 2584 4328 Commorari
2624 4287 2753 4330 cum
2791 4272 2949 4328 leone
2979 4270 3138 4342 411
3174 4279 3231 4325 et
3270 4270 3399 4324 dra-

128 4379 416 4449 πονηρᾶς.
462 4378 651 4448 Μικρά
704 4379 854 4431 πᾶσα
903 4377 1070 4431 κακία
1114 4377 1252 4447 πρὸς
1300 4378 1497 4431 κακίαν
1539 4394 1717 4447 γυναι-

1830 4379 1974 4421 eone
2008 4363 2107 4420 tibi
2140 4364 2359 4435 placeat
2397 4363 2597 4435 magis,
2625 4379 2791 4436 quam
2835 4362 3086 4417 habitare
3116 4376 3239 4415 cum
3278 4376 3401 4414 mu-

126 4471 276 4533 κός’
322 4471 524 4541 κλῆρος
563 4470 887 4542 ἀμαρτωλοῦ
936 4471 1190 4523 ὲπιπεσεῖ
1220 4468 1307 4521 ἐπ’
1346 4469 1539 4539 αὑτήν.
1571 4469 1715 4522 Ἀνά-

1832 4458 1969 4513 liere
1988 4470 2247 4528 nequam.
2280 4456 2471 4513 Brevis
2501 4464 2588 4511 est
2624 4455 2806 4510 omnis
2840 4453 3048 4508 malitia
3076 4468 3205 4525 erga
3243 4453 3402 4507 mali-

126 4526 309 4626 ϐασις
366 4526 633 4634 clipeos}
681 4526 741 4617 ίέν
794 4563 920 4615 ποσὶ
948 4560 1361 4634 πρεσϐυτέρου,
1414 4526 1559 4614 οὕτω
1589 4561 1715 4631 γυνῆ

1831 4552 1962 4605 tiam
1996 4550 2248 4605 mulieris
2278 4566 2292 4604 :
2321 4564 2446 4605 sors
2479 4548 2791 4619 peccatoris
2838 4548 2999 4603 cadet
3043 4561 3208 4617 super
3256 4561 3399 4601 eam.

121 4655 481 4727 γλωσσώδης
547 4656 701 4729 ἀνδρὶ
778 4654 986 4728 ἡσύχῳ.
1054 4655 1189 4708 Ἀπὸ
1251 4654 1509 4723 γυναικὸς
1582 4656 1710 4725 ἀρχυὶ

1826 4643 2111 4698 Ascensus
2140 4655 2409 4697 arenosus
2434 4641 2491 4695 in
2522 4641 2759 4711 pedibus
2782 4640 3053 4703 veterani,
3083 4642 3164 4695 sic
3203 4641 3402 4694 mulier

120 4747 447 4819 ἁμαρτίας,
503 4751 599 4803 καὶ
641 4749 707 4803 δι’
763 4748 936 4819 αὐτῆς
986 4746 1404 4817 ἀποθνήσκομεν
1447 4744 1709 4809 πάντες.ι

1829 4733 2075 4803 linguata
2113 4731 2321 4786 homini
2365 4730 2570 4800 quieto.
2603 4731 2647 4783 A
2674 4730 2910 4784 muliere
2940 4729 3161 4782 initium
3192 4730 3401 4785 factum

127 4838 297 4910 ‹,Μὴ
330 4839 438 4910 δῷς
469 4839 691 4910 γυναικὶ
718 4841 930 4912 πονηρᾷ
955 4838 1287 4912 παρρησίαν.
1323 4853 1343 4888 ι

1828 4834 1914 4882 est
1951 4825 2183 4893 peccati,
2230 4830 2285 4876 et
2309 4836 2406 4891 per
2443 4821 2593 4875 illam
2637 4821 2908 4873 morimur
2937 4834 3150 4875 omnes.
3190 4819 3269 4876 Ne
3304 4821 3404 4876 des

1828 4916 2053 4973 mulieri
2081 4915 2237 4969 malae
2258 4911 2520 4983 loquendi
2550 4911 2885 4966 libertatem.
2924 4930 2943 4962 ι

213 5041 239 5076 ι
292 5024 465 5095 Ὀργὴ
509 5025 717 5097 μεγάλη
750 5024 888 5096 γυνὴ
928 5024 1183 5096 μέθυσος.
1209 5024 1444 5095 Πορνεία
1471 5023 1730 5093 γυναικὸς

1903 5010 2075 5066 Eccli.
2108 5024 2261 5074 xxvn,
2291 5008 2343 5061 2.
2378 5036 2448 5046 ——
2494 5024 2512 5057 ι
2552 5004 2639 5059 Ira
2672 5019 2890 5073 magna,
2929 5005 3130 5060 mulier
3159 5005 3400 5061 ebriosa.

119 5117 197 5170 ὲν
232 5115 546 5186 μετεώροις
586 5116 905 5187 ὀφθαλμῶν,
945 5118 1041 5172 καὶ
1070 5118 1128 5171 ὲν
1165 5121 1279 5181 τοῖς
1311 5116 1604 5187 βλεφάροις
1634 5115 1708 5168 ao.

1828 5101 2150 5158 Fornicatio
2180 5099 2433 5154 mulieris
2463 5097 2518 5153 in
2551 5096 2875 5152 cxtollentia
2924 5097 3237 5160 oculorum,
3265 5107 3320 5152 et
3346 5098 3402 5153 in

119 5211 248 5283 τῆς
284 5213 689 5282 γνωσθήσεται.
724 5230 743 5264 ι

1829 5194 2110 5267 palpebris
2148 5192 2269 5248 suis
2303 5196 2691 5260 cognoscelur.
2728 5207 2745 5239 ι

213 5324 235 5353 ε
271 5280 567 5373 Κρείσσων
598 5304 835 5375 πονηρία
874 5304 1091 5376 ἀνδρὸς,
1135 5304 1167 5375 ἦ
1200 5302 1524 5373 ἀγαθοποιὸς
1565 5300 1726 5372 γυνη.

1901 5287 2072 5342 Eccli.
2116 5300 2251 5347 χιιι.
2310 5284 2399 5337 14.
2436 5313 2503 5325 —-
2534 5300 2553 5333 ι
2591 5280 2781 5335 Melior
2827 5288 2914 5336 est
2973 5280 3232 5348 iniquitas
3274 5281 3402 5347 viri,

132 5393 288 5450 Ἐπὶ
311 5372 541 5467 γυναικὶ
573 5372 791 5470 πονηρᾷ
818 5372 986 5452 καλὸν.
1006 5372 1262 5469 σφραγίς.
1296 5417 1315 5450 ι

1828 5397 1994 5454 quam
2016 5379 2214 5435 mulier
2239 5375 2612 5433 benefaciens.
2642 5372 2819 5445 Super
2848 5373 3139 5428 mulierem
3164 5388 3400 5445 nequam

1830 5482 2035 5538 bonum
2060 5487 2140 5536 est
2173 5478 2440 5549 sigillum.
2470 5495 2490 5529 ι

236 5584 649 5657 Αμαρτήματα
677 5582 976 5653 γυναικῶν,
1010 5583 1222 5655 ἀνδρῶν
1254 5583 1605 5639 ἀπαιδευσία.

1900 5572 2067 5628 Sixti.
2101 5599 2170 5614 -—
2201 5568 2436 5625 Peccata
2480 5565 2772 5621 mulierum
2815 5563 3091 5634 imperitia
3153 5564 3400 5619 virorum

1832 5667 2262 5725 contrahuntur.

190 5777 366 5850 Γυνὴ
399 5774 775 5847 φιλόπλουτος,
801 5770 1124 5824 συνοικοῦσα
1152 5770 1306 5843 ἀνδρὶ
1336 5770 1622 5841 ὁμόφρονι,
1650 5770 1731 5822 δι-

1905 5757 2078 5814 Basil.
2118 5756 2262 5810 hom.
2318 5763 2439 5808 adv.
2479 5752 2628 5806 divit.
2668 5780 2737 5792 -—-
2782 5748 3026 5805 Mulieris
3064 5748 3277 5803 lasciva:
3315 5748 3403 5801 dc-

93 5843 382 5935 πλάσιοι·
406 5843 583 5935 νόσος.
616 5869 731 5933 Τάς
762 5884 823 5922 τε
870 5862 979 5921 γὰο
1022 5862 1235 5933 τρυφὰς
1279 5862 1569 5932 ἀναφλέγει
1626 5878 1682 5915 κο

1814 5853 2066 5923 scriptio.
2100 5879 2168 5892 -—
2196 5846 2412 5913 Mulier,
2457 5858 2577 5917 qua:
2626 5843 2941 5900 divitiarum
2990 5851 3075 5898 est
3108 5857 3320 5907 amans,
3355 5843 3400 5897 si

478 5971 753 6033 ΡΔτιιοι..
794 5973 881 6030 Gr
950 5962 1128 6026 XCV.
1817 5934 1828 5940 ’

1817 5934 1828 5940 ’
2904 5934 2978 5995 42
