4024 6416
664 368 685 433 i
699 366 796 434 ’123

1839 363 1901 422 8.
1940 360 2260 432 JOANNIS
2297 360 2726 424 DAMASCENI

3780 362 3907 427 132i

658 482 907 554 ejusdem
946 478 1151 534 indolis
1184 476 1311 532 viro
1336 476 1633 545 conjuncta
1682 474 1778 541 sit,
1830 474 2031 544 duplex
2079 478 2218 528 mor:

2326 474 2430 537 τὰς
2460 469 2779 544 simsum;
2826 471 3003 539 αὑξει,
3046 472 3145 527 καὶ
3173 471 3383 545 κέντρα
3423 473 3545 539 ταῖς
3596 472 3906 545 περιέργοις

658 573 761 626 bus
787 578 895 625 est.
937 566 1075 622 Nam
1122 573 1177 621 et
1211 564 1438 620 delicias
1479 561 1758 627 accendit,
1802 570 1857 617 et
1886 563 2230 633 voluptatum

657 674 900 717 amorem
922 666 1104 731 auget,
1121 666 1188 714 et
1213 656 1610 729 cupiditatibus
1647 655 1875 711 minime
1896 654 2231 712 necessariis

656 755 882 810 aculeos
926 752 1170 822 subjicit,
1216 760 1356 822 puta
1392 748 1630 805 uniones
1665 748 1956 817 quosdam,
1986 756 2042 803 et
2085 763 2233 802 mar-

656 846 891 917 garitas,
942 843 1397 913 smaragdosque,
1444 852 1500 898 et
1542 840 1898 912 hyacinthos,
1945 847 1999 895 et
2033 854 2229 895 aurum

655 937 1004 1009 excogitans,
1036 941 1203 1004 atque
1231 947 1425 987 aurum
1461 932 1663 1003 partim
1698 930 1998 996 fabricans,
2027 930 2227 1000 partim

659 1028 930 1088 intexens,
981 1024 1170 1092 sicque
1219 1036 1321 1092 per
1363 1036 1636 1078 summam
1673 1020 1935 1090 ineptiam
1976 1019 2227 1074 morbum

652 1122 971 1186 exaggerat.
1000 1111 1190 1184 Neque
1228 1112 1373 1167 enim
1404 1111 1583 1167 obiter
1624 1119 1687 1167 et
1726 1109 2107 1182 perfunctorie
2139 1108 2229 1165 his

656 1210 822 1264 rebus
864 1206 1079 1275 studet;
1123 1221 1316 1261 verum
1347 1212 1402 1261 et
1446 1212 1615 1260 noctu
1669 1212 1723 1259 et
1764 1203 2007 1259 interdiu
2056 1204 2111 1257 in
2142 1202 2227 1255 bis

650 1302 807 1357 curis
835 1308 1115 1356 versatur.
1157 1299 1419 1356 Sexcenti
1454 1314 1677 1371 quoque
1727 1298 2045 1353 adulatores
2072 1296 2229 1365 cupi-

652 1396 922 1451 ditatibus
962 1395 1140 1465 ipsius
1186 1394 1574 1464 obsequentes,
1614 1392 1907 1453 tinctores,
1948 1389 2225 1453 aurifices,

648 1488 1068 1558 unguentarios,
1114 1494 1381 1549 textores,
1437 1492 1493 1539 et
1530 1484 1778 1538 variandi
1827 1482 1967 1537 artis
2015 1480 2227 1551 peritos

650 1582 925 1651 colligunt
956 1599 971 1634 :
1008 1594 1109 1634 nec
1146 1594 1242 1648 per
1272 1578 1496 1632 assidua
1518 1577 1641 1646 ejus
1664 1577 1896 1644 imperia
1921 1574 2224 1644 quidquam

649 1675 921 1745 temporis
975 1672 1176 1726 marito
1231 1670 1300 1725 ad
1353 1669 1738 1739 respirandum
1792 1667 1979 1721 datur.
2054 1664 2225 1719 Nulla:

644 1781 785 1836 opes
834 1764 1167 1818 mulieribus
1248 1760 1649 1831 cupiditatibus
1712 1756 2000 1828 explendis
2066 1769 2224 1826 pares

648 1863 800 1921 sunt,
852 1871 953 1909 nec
995 1855 1040 1908 si
1094 1852 1272 1907 amnis
1319 1852 1494 1905 instar
1550 1848 1802 1904 fluerent.
1866 1846 2221 1901 Barbaricum

648 1948 799 2004 enim
833 1953 1179 2017 unguentum
1210 1942 1357 1997 haud
1383 1958 1543 1998 secus
1576 1956 1640 1996 ac
1661 1939 2003 2011 promercale
2038 1938 2220 1992 oleum

651 2042 930 2105 affectant,
962 2040 1131 2095 maris
1168 2038 1378 2103 florem,
1402 2052 1700 2108 purpuram
1731 2036 1969 2099 scilicet,
2006 2043 2062 2090 et
2099 2049 2223 2103 qua:

647 2149 716 2190 ex
740 2132 972 2188 conchis
999 2131 1268 2186 ostreisve
1297 2130 1617 2196 eliciuntur,
1640 2143 1809 2199 super
1844 2128 2027 2181 lanam
2050 2142 2219 2197 pecu-

644 2229 803 2283 dum.
852 2224 977 2280 Jam
1023 2239 1157 2281 vero
1215 2238 1410 2277 aurum
1480 2222 1723 2291 ingentis
1778 2220 1942 2292 pretii
2004 2219 2221 2290 lapillos

2330 565 2651 637 ἐπιθυμίαις
2677 565 2874 637 ἐνίησι,
2900 566 3055 631 τινάς
3091 566 3386 621 ἐπινοοῦσα
3411 566 3790 639 μαργαρίτας,
3821 570 3905 619 καὶ

2329 657 2707 730 σμαράγδους,
2734 659 2829 713 καὶ
2863 658 3178 722 ὑακίνθους,
3218 660 3316 713 καὶ
3366 659 3578 731 χρυσόν
3602 675 3619 688 ο
3674 659 3769 711 τὸν
3816 660 3904 729 μὲν

2330 750 2698 821 χαλκεύουσα,
2734 749 2826 805 τὸν
2855 749 2913 805 δὲ
2944 751 3268 821 ὑφαίνουσα,
3295 753 3390 805 καὶ
3416 750 3505 805 διά
3534 750 3727 821 πάσης
3756 753 3901 805 ἀπεικ

2332 842 2592 914 ροκαλίας
2620 842 2721 915 τὴν
2754 842 2911 898 νόσον
2954 843 3216 909 αὔξουσα.
3251 845 3327 898 Οὑ
3375 844 3485 917 γὰρ
3522 846 3591 899 ἐκ
3633 846 3899 915 παρέρχου

2325 934 2363 1004 ἡ
2398 934 2529 1003 περὶ
2549 934 2723 988 ταῦτα
2754 934 2980 1005 σπουδὴ,
3011 934 3148 988 ἀλλὰ
3178 934 3274 989 καὶ
3304 934 3524 1002 νύκτες,
3564 936 3668 990 καὶ
3719 935 3902 1005 ἡμέρας

2327 1024 2426 1089 τὰς
2462 1026 2592 1096 περὶ
2627 1025 2836 1081 τούτων
2862 1025 3130 1099 μερίμνας
3165 1027 3387 1097 ἔχουσι’
3422 1029 3523 1081 καὶ⁵
3556 1027 3752 1099 μυρίοι
3776 1029 3902 1089 τινὲς

2324 1116 2562 1182 κόλακες
2587 1120 2708 1184 ταῖς
2750 1117 3073 1189 ἐπιθυμίαις
3105 1118 3286 1173 αὑτῶν
3332 1120 3763 1192 ὑποτρέχοντες,
3792 1138 3900 1174 συν-

2327 1208 2521 1277 άγουσι
2575 1205 2707 1273 τοὺς
2742 1210 3103 1282 ἀνθοὸαφεῖς,
3162 1212 3537 1282 χρυσοχόους,
3594 1214 3729 1276 τοὺς
3780 1229 3901 1283 μυρ-

2330 1300 2516 1370 εψοὺς,
2540 1302 2671 1365 τοὺς
2694 1301 2956 1371 ὑφάντας,
2992 1303 3121 1366 τοὺς
3149 1305 3437 1367 ποικιλτάς
3458 1320 3473 1335 ⁸
3495 1304 3704 1357 οὐδένα
3732 1307 3901 1375 καιρᾶτ

2328 1395 2585 1447 ἀναπνεῖν
2605 1394 2679 1464 τῷ
2704 1395 2857 1465 ἀνδρὶ
2875 1395 3088 1448 δίδωσιν
3120 1396 3183 1449 ἐκ
3208 1394 3317 1450 τῶν
3338 1396 3586 1467 συνεχῶν
3602 1396 3783 1466 αὑτῆς
3805 1398 3902 1449 ἐπι-

2324 1485 2644 1554 ταγμάτων.
2674 1484 2866 1549 Οὑδεὶς
2896 1484 3119 1558 ἐξαρκεῖ
3150 1485 3379 1550 πλοῦτος
3424 1490 3540 1549 ταῖς
3572 1486 3902 1554 γυναικείαις

2326 1576 2646 1647 ἐπιθυμίαις
2669 1576 3130 1648 ὑπηρετούμενος,
3156 1578 3264 1631 οὐδ’
3292 1578 3360 1632 ἂν
3381 1580 3447 1632 ἐκ
3469 1580 3748 1649 ποταμῶν
3769 1580 3903 1652 ἐπιρ

2327 1670 2446 1743 ῥέῃ.
2471 1669 2837 1734 Σπουδάζεται
2869 1669 2970 1741 μὲν
2997 1672 3126 1742 παρ’
3153 1671 3343 1734 αὑταῖς
3364 1672 3424 1725 τὸ
3459 1671 3807 1743 βαρϐαρικὸν
3818 1672 3902 1743 μῦ-

2333 1780 2445 1836 ρον,
2467 1763 2541 1827 ὡς
2572 1764 2632 1817 τὸ
2651 1764 2710 1831 ἐξ
2732 1764 2939 1835 ἀγορᾶς
2966 1762 3165 1826 ἔλαιον,
3200 1764 3269 1817 τά
3288 1762 3344 1815 δέ
3361 1765 3426 1816 ἐκ
3448 1763 3740 1834 θαλάσσης
3762 1764 3898 1834 ἀνθῇ,

2332 1858 2366 1926 ἡ
2396 1854 2612 1927 κόχλος,
2650 1857 2683 1928 ὴ
2719 1856 2904 1922 πίννα,
2936 1856 3076 1928 ὑπὲρ
3103 1855 3166 1909 τὸ
3195 1856 3260 1908 ἐκ
3280 1856 3390 1910 τῶν
3416 1858 3726 1929 προϐάτων
3751 1856 3899 1927 ἔριον.

2325 1948 2539 2018 Χρυσὸς
2561 1949 2619 2002 δὲ
2649 1965 2716 2001 πε
2723 1948 3027 2021 ρισφίγγων
3041 1948 3170 2012 τοὺς
3198 1948 3541 2019 βαρυτίμους
3557 1950 3674 2003 τῶν
3690 1949 3861 2009 λίθων,
3876 1952 3901 2001 ὁ

2328 2038 2428 2110 μὲν
2447 2041 2643 2103 αὑταῖς
2664 2040 3047 2111 προμετώπιος
3064 2040 3270 2109 γίνεται
3294 2042 3524 2112 κόσμος,
3550 2044 3582 2094 ὁ
3603 2040 3667 2093 δὲ
3690 2058 3899 2110 περιαν-

2324 2130 2521 2200 χένιος,
2548 2132 2642 2183 καὶ
2665 2131 2825 2194 ἄλλος
2847 2133 2904 2185 ἐν
2927 2132 3147 2200 ζώναις,
3170 2134 3264 2186 καὶ
3288 2132 3447 2195 ἄλλος
3475 2134 3581 2195 τὰς
3606 2135 3801 2203 χεῖρας
3822 2132 3897 2183 δε-

2325 2224 2475 2290 395:,
2495 2223 2730 2287 καὶτοὺς
2752 2224 2939 2288 πόδαςο
2955 2224 3220 2297 Χαίρουσι
3238 2225 3348 2296 γὰρ
3364 2227 3422 2280 αἱ
3441 2225 3771 2295 φιλόχρυσοι
3786 2225 3900 2278 δεδε-

645 2316 1297 2387 οοηειιίηςεηε,ίρθτιίίιι
1330 2313 1499 2369 fronti
1524 2328 1714 2369 earum
1748 2322 2075 2367 ornamento
2112 2320 2218 2378 est,

2329 2314 2488 2385 μέναι
2523 2318 2644 2379 ταῖς
2677 2317 3043 2387 χειροπὲδαις,
3075 2318 3239 2386 μόνον
3268 2318 3363 2371 ἐὰν
3397 2319 3610 2389 χρυσὸς
3644 2320 3676 2371 ό
3704 2318 3899 2388 δεσμῶν

645 2410 846 2482 partim
895 2409 1059 2465 collo.
1110 2406 1272 2461 Aliud
1326 2407 1455 2460 item
1489 2407 1544 2460 in
1579 2405 1736 2460 zonis
1773 2412 1879 2470 est,
1918 2404 2066 2459 aliud
2104 2418 2223 2457 ma-

640 2518 776 2567 nus,
820 2509 875 2557 et
922 2500 1071 2555 aliud
1122 2498 1289 2571 pedes
1338 2498 1535 2554 vincit.
1589 2496 1846 2552 Gaudent
1895 2497 2069 2557 enim,
2101 2511 2225 2566 qua:

645 2597 771 2651 auri
822 2610 1012 2650 amore
1073 2600 1353 2657 tenentur,
1406 2591 1642 2646 manicis
1703 2589 1886 2660 ligari,
1939 2589 2103 2643 modo
2151 2588 2225 2643 sit

647 2692 869 2751 aurum,
923 2687 978 2741 id
1029 2700 1141 2757 quo
1203 2686 1581 2755 stringuntur.
1610 2680 1990 2748 'Quandonam
2054 2680 2226 2750 igitur

644 2794 837 2836 curam
870 2786 993 2849 aget
1024 2777 1240 2839 animai,
1271 2775 1365 2845 qui
1396 2773 1799 2844 cupiditatibus
1833 2772 2084 2828 mulieris
2123 2773 2217 2829 ob-

2327 2408 2499 2471 αὑτάς
2600 2408 2737 2461 Πότε
2760 2408 2854 2462 οὑν
2880 2408 3058 2479 ψυχῆς
3090 2409 3485 2481 ἐπιμελήσεται
3505 2413 3538 2463 ό
3570 2412 3898 2476 γυναικείαις

2329 2497 2649 2568 ἐπιθυμίαις
2671 2500 3144 2570 ὑπηρετοὺμενος;
3168 2501 3379 2571 ’Ὠσπερ
3396 2502 3508 2571 γὰρ
3530 2502 3606 2554 τὰ
3631 2501 3898 2571 ὑπόσαθρα

2326 2589 2438 2643 τῶν
2476 2589 2681 2643 πλοίων
2705 2591 3021 2659 καταιγίδες
3044 2592 3140 2644 καὶ
3170 2592 3351 2656 ζάλαι,
3379 2592 3562 2653 οὕτως
3590 2594 3651 2643 αἱ
3686 2594 3900 2661 πονηραὶ

2328 2681 2437 2735 τῶν
2467 2682 2745 2750 γυναικῶν
2786 2682 3082 2745 διαθέσεις,
3133 2683 3234 2745 τάς
3270 2683 3526 2747 ἀσθενεῖς
3561 2683 3751 2754 ψυχάς
3801 2683 3900 2736 τῶν

2329 2773 2727 2827 συνοικούντων
2773 2774 3293 2835 καταϐαπτίζουσιν.

645 2872 939 2944 sequitur?
973 2870 1109 2925 Nam
1152 2871 1298 2924 sicut
1342 2867 1685 2937 supputrida:
1718 2882 1887 2921 naves
1958 2882 1989 2921 a
2034 2867 2293 2937 procellis
2354 2877 2409 2923 et
2458 2869 2879 2938 tempestatibus
2909 2905 2926 2933 ,
2993 2869 3078 2922 sic
3156 2883 3339 2938 prava:
3392 2869 3702 2924 mulierum
3777 2867 3900 2922 εσθ-

644 2970 905 3028 cliones,
965 2964 1267 3019 imbecilles
1341 2961 1665 3016 maritorum
1734 2961 1950 3015 animos
2025 2960 2372 3033 demergunt.

715 3055 908 3126 Ejusd.
950 3052 1070 3108 adv.
1108 3053 1365 3107 ebriosos.
1395 3080 1469 3092 —-
1496 3050 1835 3105 Muliercula:
1880 3050 2217 3121 petulantes,

641 3150 741 3205 Dei
787 3156 932 3202 metu
966 3146 1197 3208 omisso,
1238 3153 1293 3199 et
1335 3143 1673 3213 sempiterno
1714 3141 1841 3213 igne
1878 3149 2214 3211 contempto,

2395 3051 2660 3116 Γυναῖκες
2700 3052 2996 3106 ἀκόλαστοι
3046 3051 3448 3122 ἐπιλαϐόμεναι
3478 3052 3581 3105 τοῦ
3620 3053 3789 3121 φόϐου
3815 3050 3899 3104 τοῦ

2325 3141 2485 3206 Θεοῦ,
2514 3142 2610 3196 τοῦ
2651 3143 2824 3214 πυρὸς
2870 3143 2965 3197 τοῦ
3007 3143 3232 3196 αἰωνίου
3283 3144 3808 3214 καταφρονήσασαι,
3846 3145 3899 3194 ἐν

641 3256 754 3312 quo
810 3239 903 3295 die
950 3252 1047 3293 eas
1091 3237 1161 3291 ub
1214 3235 1537 3290 memoriam
1587 3233 2019 3290 resurrectionis
2071 3233 2218 3289 domi

2320 3233 2508 3303 ἡμέρα
2539 3212 2787 3308 τοιαύτη,
2811 3235 2901 3287 ὅτε
2934 3234 3105 3298 αὑτὰς
3138 3234 3308 3306 ἐχρῆν
3336 3234 3426 3287 διὰ
3454 3212 3578 3305 τὴν.
3600 3212 3897 3304 ἀνάμνησιν

644 3332 837 3388 sedere
873 3334 1178 3398 oporteret,
1200 3324 1456 3393 diemque
1492 3324 1647 3378 illum
1682 3323 1867 3377 animo
1894 3324 2218 3394 complecti,

642 3441 755 3496 quo
794 3421 922 3477 ωδιί
962 3420 1285 3490 aperientur
1354 3432 1417 3471 ac
1446 3416 1619 3488 judex
1650 3417 1812 3471 nobis
1861 3431 1894 3471 e
1930 3416 2089 3471 caelis
2118 3429 2218 3486 ap-

642 3516 884 3587 parebit,
908 3514 1149 3581 itemque
1166 3511 1311 3565 tubaa
1339 3509 1456 3577 Dei,
1486 3509 1823 3565 resurrectio
1848 3518 2216 3574 mortuorum,

636 3608 852 3679 justum
888 3605 1190 3677 judicium,
1239 3610 1296 3657 et
1344 3602 1721 3657 remuneratio
1766 3601 2070 3671 unicuique
2125 3616 2218 3655 se-

631 3700 885 3755 cundum
929 3713 1100 3767 opera
1149 3711 1250 3753 sua
1286 3714 1301 3750 :
1344 3709 1445 3765 pro
1488 3710 1574 3761 eo,
1607 3695 1861 3765 inquam,
1896 3694 2046 3765 quod
2103 3693 2219 3748 haec

641 3795 841 3849 animis
866 3807 1089 3848 versare
1120 3791 1402 3853 deberent,
1456 3799 1624 3860 atque
1661 3789 1730 3843 ab
1759 3788 2022 3844 omnibus
2062 3788 2216 3857 cogi-

642 3884 949 3941 tationibus
978 3883 1248 3954 improbis
1270 3890 1494 3953 pectora
1526 3897 1623 3937 sua
1657 3895 1978 3951 repurgare,
2011 3879 2218 3936 admis-

622 3994 814 4050 -saque
852 3978 1009 4049 prius
1038 3983 1264 4046 peccata
1298 3974 1558 4046 lacrymis
1598 3973 1803 4038 delere,
1835 3981 1891 4028 et
1915 3971 1985 4026 ad
2019 3986 2218 4027 occur-

643 4086 764 4126 sum
820 4066 1030 4122 Christi
1089 4065 1142 4118 in
1198 4078 1401 4132 magno
1458 4063 1728 4117 adventus
1778 4060 1957 4131 ipsius
2015 4061 2104 4116 die
2155 4075 2216 4115 se

641 4174 989 4233 comparare,
1052 4172 1291 4212 excusso
1344 4155 1691 4211 Christianae
1723 4153 2011 4208 servitutis
2062 4151 2213 4222 jugo,

643 4252 910 4324 proiectis
936 4265 968 4305 e
990 4247 1172 4318 capite
1198 4245 1559 4317 turpitudinis
1584 4245 1930 4307 velamentis,
1954 4258 2051 4313 per
2071 4258 2219 4298 sum-

642 4356 788 4395 mam
832 4337 951 4405 Dei,
1004 4350 1223 4391 necnon
1272 4334 1589 4406 angelorum
1642 4331 1818 4402 ipsius
1866 4333 2214 4403 aspernatio-

644 4449 768 4488 nem
827 4444 882 4486 et
936 4437 1334 4496 contemptum,
1389 4425 1542 4481 nulla
1592 4424 1918 4495 cujusquam
1964 4425 2213 4479 virorum

2321 3326 2421 3395 τῆς
2451 3327 2804 3391 ἀναστάσεως
2830 3326 3157 3393 καθέζεσθαι
3188 3329 3246 3381 ἐν
3292 3330 3405 3389 τοῖς
3430 3328 3641 3390 οἴκοις,
3676 3329 3771 3379 καὶ
3822 3329 3897 3379 ἐν·

2320 3438 2473 3475 νοιαν
2513 3421 2816 3492 λαμϐάνειν
2842 3420 2942 3490 τῆς
2970 3419 3185 3490 ἡμέρας
3216 3420 3457 3489 ἐκείνης,
3501 3420 3637 3472 καθ’
3665 3422 3735 3490 ἧν
3762 3421 3896 3472 ἀνοι-

2314 3517 2583 3586 γήσονται
2617 3516 2717 3586 μὲν
2765 3517 2814 3568 οί
2859 3513 3101 3586 οὑρανοὶ,
3140 3513 3542 3582 ἐπιφανήσεται
3590 3511 3651 3563 δὲ
3707 3513 3834 3581 ἡμῖν
3871 3511 3897 3562 ό

2320 3606 2516 3678 κριτὴς
2546 3606 2606 3671 ἐξ
2648 3604 2918 3676 οὑρανῶν,
2963 3608 3058 3657 καὶ
3092 3603 3392 3671 σάλπιγγες
3432 3601 3599 3665 Θεοῦ,
3634 3606 3737 3656 καὶ
3774 3606 3894 3657 ἀνά-

2322 3717 2515 3763 στασις
2539 3699 2771 3769 νεκρῶν,
2805 3700 2898 3753 καὶ
2927 3697 3111 3768 κρίσις
3160 3696 3368 3761 δικαία,
3398 3696 3494 3747 καὶ
3536 3696 3893 3756 dir-zamia“;

2302 3793 2537 3861 ιέκάστῳ
2568 3792 2707 3845 κατά
2752 3791 2812 3844 τὸ
2852 3790 3009 3862 ἔργον
3039 3789 3228 3852 αὑτοῦ,
3261 3788 3383 3840 ἀντὶ
3407 3786 3503 3839 τοῦ
3533 3786 3719 3840 ταῦτα
3761 3788 3895 3857 ἔχειν

2319 3890 2376 3941 ἐν
2396 3892 2508 3951 τοῖς
2549 3888 2941 3959 διαλογισμοῖς,
2983 3888 3077 3942 καὶ
3102 3888 3386 3959 καθαίρειν
3414 3888 3514 3957 μὲν
3557 3886 3777 3940 ἑαυτῶν
3802 3885 3894 3945 τὰς

2308 3980 2545 4051 -καρδίας
2595 3980 2705 4033 ἀπὸ
2757 3980 3014 4052 πονηρῶν
3063 3980 3441 4050 ἐνθυμήσεων,
3488 3977 3806 4046 ἐξαλείφειν
3843 3975 3892 4026 δὲ

2316 4073 2431 4133 τοῖς
2456 4069 2686 4141 δάκρυσι
2717 4071 2785 4124 τὰ
2814 4070 3313 4141 προημαρτημένα,
3345 4068 3742 4139 ἑτοιμάζεσθαι
3768 4066 3891 4136 πρὸς

2317 4164 2418 4235 τὴν
2448 4164 2753 4233 ἀπάντησιν
2778 4163 2872 4216 τοῦ
2900 4162 3139 4228 Χριστοῦ
3172 4164 3318 4216 κατά
3344 4163 3446 4233 τὴν
3476 4162 3735 4232 μεγάλην
3762 4160 3888 4231 ἠμέν

2319 4271 2421 4326 ραν
2481 4255 2581 4325 τῆς
2647 4254 2971 4324 ἐπιφανείας
3031 4254 3234 4320 αὑτοῦ,
3298 4256 3740 4323 ἀποσεισάμεναι
3807 4252 3888 4304 τὸν

2317 4346 2481 4416 ζυγὸν
2538 4347 2639 4417 τῆς
2682 4347 2926 4411 δουλείας
2988 4344 3087 4401 τοῦ
3151 4347 3429 4419 Χριστοῦ,
3500 4347 3737 4417 ῥίψασαι
3784 4346 3883 4398 ἀπὸ

2315 4440 2425 4494 τῶν
2454 4439 2706 4509 κεφαλῶν
2730 4439 2800 4492 τά
2823 4440 2921 4508 τῆς
2944 4439 3327 4510 ἀσχημοσύνης
3345 4437 3708 4508 καλύμματα,
3722 4453 3884 4490 κατα-

642 4530 966 4593 prospectus
1011 4520 1371 4583 verecundia,
1419 4517 1627 4573 inﬂatis
1656 4516 1851 4581 comis,
1885 4516 2050 4587 pallia
2087 4523 2205 4572 sto-

2320 4531 2655 4602 φρονήσασαι
2712 4530 2805 4583 τοῦ
2832 4529 2989 4593 Θεοῦ,
3048 4532 3527 4601 καταφρονήσασαι
3580 4529 3693 4582 τῶν
3732 4529 3883 4596 ἀγγέ-

641 4618 835 4686 lasque
864 4614 1166 4679 trahentes,
1210 4612 1551 4684 pedibusque
1583 4608 1750 4666 simul
1769 4610 2050 4676 ludentes,
2080 4625 2209 4680 pro—

641 4710 759 4764 caci
813 4706 1229 4779 impudentique
1269 4702 1432 4777 412
1486 4704 1671 4767 oculo,
1723 4700 1898 4758 effuso
1946 4702 2091 4769 risu,
2142 4702 2213 4757 ad

640 4799 956 4856 saltandum
1005 4799 1152 4854 velut
1202 4798 1386 4853 furore
1434 4796 1672 4867 quodam
1727 4795 1991 4865 abreptae,
2046 4804 2213 4865 atque

641 4908 857 4949 omnem
880 4892 1142 4963 juvenum
1174 4890 1536 4961 petulantiam
1568 4888 1624 4943 in
1655 4887 1867 4957 seipsas
1893 4887 2209 4953 illicientes,

641 4987 844 5039 choros
880 4984 935 5037 in
979 4990 1285 5053 martyrum
1332 4979 1641 5043 memoriis,
1692 4994 1815 5047 quae
1857 4978 1914 5032 in
1965 4977 2210 5032 civitatis

632 5074 932 5131 suburbiis
969 5073 1092 5128 sita:
1137 5078 1290 5135 sunt,
1331 5071 1565 5140 agitant,
1613 5076 1669 5125 et
1703 5080 1894 5125 sancta
1943 5068 2061 5124 loca
2107 5068 2210 5123 ob-

638 5168 927 5225 scenitatis
963 5180 1077 5221 suae
1106 5164 1360 5219 fecerunt
1400 5162 1715 5227 ofﬁcinam;
1763 5176 1945 5217 aerem
1985 5160 2207 5231 quidem

636 5258 969 5316 meretriciis
989 5256 1272 5321 cantibus,
1293 5263 1498 5309 terram
1531 5267 1663 5307 vero
1692 5252 1923 5321 impuris
1950 5251 2206 5321 pedibus,

635 5350 1030 5407 saltationibus
1088 5362 1210 5402 eam
1268 5344 1665 5415 percutienda,
1719 5343 2205 5411 contaminarunt,

637 5440 1076 5496 adolescentium
1115 5437 1337 5491 turbam
1390 5435 1586 5490 theatri
1631 5433 1754 5489 loco
1798 5433 1903 5487 sibi
1965 5433 2211 5503 undique

634 5534 1079 5594 constituentes;
1136 5530 1369 5599 petulcas
1418 5529 1601 5597 plane,
1666 5535 1720 5581 et
1774 5525 1843 5581 ad
1896 5535 2209 5583 extremum

640 5624 893 5679 amentiae
926 5620 1158 5693 gradum
1192 5620 1333 5676 nihil
1364 5620 1472 5675 sibi
1517 5617 1719 5688 reliqui
1758 5618 2048 5675 facientes.
2084 5617 2212 5675 Haec

638 5735 738 5787 ego
770 5713 1181 5786 quonammodo
1234 5712 1471 5769 sileam“?
1514 5726 1797 5782 quasnam
1842 5727 2067 5767 rursum
2111 5727 2212 5783 pro

638 5809 871 5866 sceleris
923 5805 1211 5863 atrocitate
1257 5806 1530 5878 lacrymas
1576 5804 1838 5862 fundam?
1884 5803 1997 5862 Hoc
2048 5807 2208 5865 nobis

2316 4624 2425 4679 λων
2450 4624 2641 4687 αὑτοῦ,
2674 4624 3288 4694 καταναισχυντήσασαι
3309 4623 3491 4693 πάσης
3523 4623 3708 4693 ὅψεως
3730 4625 3882 4693 app:-

2313 4730 2425 4776 νος,
2463 4710 2717 4766 σοϐοῦσαι
2752 4712 2853 4776 τὰς
2900 4712 3098 4781 κόμας,
3134 4711 3396 4783 σύρουσαι
3446 4712 3579 4775 τοὺς
3628 4712 3875 4782 χιτῶνας,

2314 4806 2410 4858 καὶ
2449 4805 2564 4866 τοῖς
2615 4804 2775 4855 ποσὶν
2828 4802 2946 4874 ἅμα
2968 4802 3291 4870 παίζουσαι,
3334 4801 3604 4872 ὀφθαλμῷ
3642 4803 3873 4869 ἀσελγεῖ.

2313 4894 2511 4963 γέλωτι
2542 4894 2894 4965 ἐκκεχυμένῳ
2928 4895 3067 4964 πρὸς
3098 4894 3348 4965 ὄρχησιν,
3374 4896 3558 4947 πᾶσαν
3595 4897 3735 4948 νέων
3765 4899 3877 4947 ἁκο-

2298 4979 2506 5033 .λάσιαν
2537 4980 2624 5049 ἐφ’
2656 4981 2852 5044 ἐαυτάς
2885 4981 3382 5054 προσκαλούμεναι,
3411 4984 3471 5036 ἐν
3498 4988 3616 5047 τοῖς
3653 4986 3761 5055 πρὸ
3789 4988 3874 5052 τῆς

2312 5072 2526 5136 πόλεως
2595 5074 2917 5143 μαρτυρίοις
2967 5075 3163 5145 χοροὺς
3210 5077 3660 5146 συστησάμεναι,
3727 5079 3875 5147 ἐργα-

2315 5165 2537 5233 στήριον
2566 5164 2667 5232 τῆς
2699 5164 2907 5227 οἰκείας
2938 5164 3350 5235 ἀσχημοσύνης,
3370 5166 3555 5220 αὑτῶν
3578 5169 3706 5229 τοὺς
3730 5169 3871 5235 inru-

2314 5257 2549 5328 σμένους
2586 5257 2789 5319 τόπους
2818 5258 3181 5325 πεποίηνται·
3212 5258 3445 5328 ἐμίαναν
3484 5258 3588 5328 μὲν
3620 5259 3714 5311 τὸν
3746 5259 3869 5327 ἀέρι

2310 5349 2423 5410 τοῖς
2450 5347 2659 5419 ᾀσμασι
2687 5350 2799 5411 τοῖς
2835 5352 3133 5417 πορνικοῖς,
3162 5348 3392 5418 ἐμίαναν
3422 5349 3481 5401 δὲ
3509 5350 3615 5419 τὴν
3648 5350 3748 5417 γῆν
3772 5352 3870 5411 τοῖς

2312 5441 2649 5511 ἀκαθάρτοις
2681 5443 2861 5506 ποσὶν,
2893 5444 2958 5513 ἣν
2986 5443 3043 5493 ἐν
3070 5444 3189 5505 ταῖς
3217 5442 3513 5513 ὀρχήσεσιν
3543 5443 3868 5512 ητεκρὸτηο

2314 5549 2437 5599 σαν,
2463 5534 2691 5605 θέατρον
2725 5536 2947 5597 ἐαυταῖς
2977 5534 3279 5589 νεανίσκων
3300 5534 3456 5604 ὄχλον
3479 5545 3869 5605 περιστησάμε-

2312 5642 2424 5690 ναι,
2458 5626 2682 5690 σοϐάδες
2706 5627 2895 5693 ὅντως,
2933 5626 3026 5680 καὶ
3077 5626 3399 5698 παραφόρου
3454 5626 3729 5689 παντελῶς
3764 5641 3867 5694 μα-

2312 5719 2434 5782 νίας
2465 5719 2723 5789 οὐδεμίαν
2745 5719 3054 5790 ὑπερόολὴν
3083 5719 3533 5775 καταλείπουσαι.
3565 5718 3744 5772 Ταῦτα
3765 5716 3865 5787 μὲν

2312 5809 2431 5874 πῶς
2460 5813 2755 5883 σιωπήσω;
2796 5813 2910 5878 πῶς
2930 5812 2987 5868 δέ
3029 5812 3151 5869 κατ’
3180 5812 3338 5882 ἀξίαν
3366 5811 3684 5889 ⁵όδύρωμιιιις
3713 5804 3862 5869 Οἴιυς
