4024 6446
146 411 274 480 I325

1382 416 1621 479 SACRA
1651 413 2113 475 PARLLLELA.

3222 421 3320 489 132

145 530 269 599 ἡμῖν
295 526 404 581 τῶν
434 526 622 598 ψυχῶν
645 526 851 582 τούτων
878 528 978 600 τὴν
1011 528 1215 599 ζημίαν
1242 528 1531 599 ἐποίησεν·
1558 522 1700 590 οἶνος

1802 526 2108 579 animarum
2159 524 2388 580 istarum
2436 526 2828 583 detrimentum
2886 528 3072 585 vinum
3124 535 3353 589 attulit:

142 620 198 672 τὸ
227 618 374 690 παρά
407 618 543 672 Θεοῦ
572 618 748 691 δῶρον
784 620 864 683 εἰς
915 619 1271 691 παραμυθίαν
1290 620 1390 691 τῆς
1412 618 1696 684 ἀσθενείας

141 709 415 779 δεδομένον
435 711 551 773 τοῖς
574 709 967 781 σωφρονοῦσιν,
1001 710 1166 765 ὅπλον
1192 711 1252 765 δὲ
1278 710 1376 767 νῦν
1406 710 1697 780 γενόμενον

142 798 434 863 ἀκολασίας
455 800 569 863 τοῖς
601 799 1034 868 ἀσελγαίνουσιν.

205 993 232 1022 ι
261 980 427 1035 Οὐδὲν
478 981 659 1036 τοίνυν
688 981 1005 1055 ξὲφάμιλλον
1044 983 1303 1053 γυναικὸς
1336 988 1598 1056 πονηρᾶς.
1631 987 1697 1039 Τί

140 1071 346 1135 λέοντος
373 1073 676 1145 δεινότερον
706 1075 764 1127 ὲν
796 1075 1161 1147 τετράποσιν;
1184 1075 1359 1131 οὐδέν.
1381 1078 1446 1130 Τί
1467 1078 1525 1131 δὲ
1549 1078 1697 1149 ὡμό-

138 1181 291 1235 τερον
318 1165 611 1236 δράκοντος
651 1167 711 1219 ἐν
744 1167 1024 1237 ἐρπετοῖς;
1058 1167 1173 1222 ἀλλ’
1207 1168 1393 1223 οὐδέν·
1426 1170 1567 1239 πλὴν
1600 1187 1700 1239 γυ-

138 1257 317 1317 ναικὸς
347 1259 609 1328 πονηρᾶς.
638 1257 746 1311 Καὶ
772 1258 929 1325 λέων,
956 1261 1051 1315 καὶ
1082 1260 1299 1332 δράκων
1332 1261 1541 1315 ἐλάττω
1568 1279 1699 1331 τυγ-

137 1349 376 1419 χάνουσι.
398 1351 682 1422 Μαρτυρεῖ
707 1368 795 1421 μοι
815 1350 893 1421 τῷ
909 1352 1054 1423 λόγῳ
1078 1354 1107 1406 ὁ
1131 1351 1439 1421 σοφώτατος
1450 1353 1699 1426 Σολομὼν

136 1438 337 1507 λέγων·
387 1440 715 1511 Συνοικῆσαι
758 1440 933 1495 λέοντι
985 1442 1019 1513 ἢ
1075 1442 1326 1513 δράκοντι
1376 1445 1699 1515 εὐδόκησαι,

136 1532 166 1602 ἢ
194 1533 510 1603 συνοικῆσαι
532 1536 670 1603 μετά
684 1534 941 1602 γυναικὸς
960 1537 1202 1605 πονηρᾶς
1218 1537 1312 1589 καὶ
1326 1535 1696 1604 γλωσσὼδους.

138 1624 251 1677 Καὶ
276 1625 359 1677 ἴνα
382 1625 456 1694 μὴ
486 1624 713 1696 νομίσῃς
742 1624 833 1679 τὸν
864 1628 1150 1699 προφήτην
1170 1627 1454 1699 είρωνείαν
1481 1628 1701 1700 εἰρηκέ-

135 1732 247 1777 ναι,
263 1715 321 1779 ἐξ
337 1715 514 1769 αὐτῶν
531 1715 639 1769 τῶν
661 1718 1002 1788 πραγμάτων
1028 1718 1312 1789 κατάμαθε
1334 1718 1701 1790 ἀκριϐὦςστὺν

132 1806 335 1875 Δανιὴλ
387 1808 437 1860 οἱ
460 1807 673 1872 λέοντες
706 1809 1026 1879 ᾐδέσθησαν,
1067 1811 1157 1865 τὸν
1176 1811 1233 1864 δὲ
1263 1811 1468 1865 δίκαιον
1488 1811 1702 1867 Ναϐου-

135 1898 237 1967 θὴν
278 1871 512 1960 ’Τεζάϐελ
544 1871 823 1966 ἐφόνεῦσε.
852 1871 925 1953 Ti)
970 1871 1135 1968 κῆτος
1174 1900 1266 1954 τὸν
1305 1901 1490 1955 Ίωνᾶν
1520 1902 1578 1956 ὲν
1624 1904 1691 1974 τῇ
1729 1871 1771 1927 Β

138 1989 321 2061 κοιλίᾳ
345 1991 631 2059 ἐφύλαξεν,
678 1990 876 2045 Δαλιδά
906 1992 963 2045 δὲ
1002 1992 1093 2046 τὸν
1124 1992 1363 2064 Σαμψὼν
1413 1993 1695 2066 ξυρήσασα

133 2084 248 2145 τοῖς
283 2082 600 2150 ἀλλοφύλοις
624 2082 963 2153 παρέδωκεν.
982 2084 1306 2156 Δράκοντες,
1332 2087 1426 2140 καὶ
1451 2088 1695 2154 ἀσπίδες,

134 2175 235 2228 καὶ
262 2175 523 2245 κεράσται
551 2174 642 2227 τὸν
668 2175 923 2247 Ἰωάννην
959 2178 1017 2229 ἐν
1044 2180 1109 2247 τῇ
1141 2178 1332 2248 ἐρήμῳ
1364 2178 1693 2249 ὲτρὸμαξαν,

142 2263 416 2335 Ἡρωδιὰς
438 2266 494 2318 δὲ
527 2266 687 2319 αὐτὸν
719 2268 776 2320 ὲν
803 2267 1009 2338 ἀρίστῳ
1038 2269 1332 2339 ἀπέτεμεν.
1367 2271 1429 2324 Ol
1462 2270 1698 2343 κόρακες

131 2355 231 2409 τὸν
265 2356 448 2411 Ἠλίαν
477 2360 535 2411 ὲν
560 2358 638 2429 τῷ
660 2358 777 2429 δρει
814 2358 1124 2430 διέθρεψαν,
1169 2360 1409 2424 Ἰεζάϐελ
1450 2362 1507 2415 δὲ
1537 2363 1699 2418 αὐτὸν

132 2449 282 2518 μετά
307 2448 406 2520 τὴν
433 2449 752 2520 εὐεργεσίαν
774 2451 871 2505 τοῦ
901 2452 1059 2505 ὑετοῦ
1094 2453 1233 2524 πρὸς
1264 2455 1426 2524 φόνον
1451 2455 1698 2525 παρέδωο

128 2556 258 2594 κεν.
290 2540 355 2593 Τί
379 2540 487 2611 γάρ
524 2541 743 2611 ελεγενς
773 2544 843 2598 El
871 2545 955 2597 σὺ
982 2540 1041 2598 εἷ
1074 2545 1294 2612 Ἠλίας,
1338 2544 1499 2615 κάγὼ
1543 2545 1701 2608 Ἰεζά-

127 2631 243 2685 ϐελ
261 2647 274 2660 ·
309 2630 449 2686 τάδε
476 2633 797 2701 ποιήσειάν
813 2653 916 2705 μοι
953 2639 1009 2691 οἱ
1035 2636 1176 2699 θεοὶ,
1210 2638 1308 2691 καί
1342 2638 1482 2693 τάδε
1509 2655 1699 2709 προσ-

128 2724 413 2790 θείησαν,
441 2728 491 2778 εὶ
515 2726 603 2794 μὴ
631 2725 709 2793 ὡς
744 2725 972 2795 ταύτην
997 2729 1115 2795 τὴν
1142 2727 1305 2799 ὤραν
1345 2730 1557 2799 αὔριον
1596 2731 1700 2798 θή-

125 2828 321 2882 σομαι
350 2815 463 2882 τὴν
487 2816 701 2886 ψυχήν
724 2833 841 2872 σου
870 2819 950 2885 ὡς
978 2818 1117 2886 ἐνὸς
1153 2820 1272 2873 τῶν
1304 2822 1697 2889 τεθνηκότων.

124 2907 246 2962 Καὶ
273 2908 535 2978 ἐφοϐήθη
571 2910 788 2977 Ἠλίας,
814 2911 914 2964 καὶ
943 2912 1257 2980 ἐπορεύθη,
1282 2913 1379 2966 καί
1404 2909 1591 2984 ἦλθεν
1613 2916 1702 2980 είς

125 2997 254 3066 τὴν
285 2999 509 3069 ἔρημον
541 3001 683 3056 ὁδὸν
709 3002 955 3072 ἡμέρας,
992 3003 1090 3057 καὶ
1119 3003 1390 3072 ᾐτήσατο
1428 3005 1542 3074 τὴν
1579 3009 1701 3075 ψυ-

124 3089 262 3157 χὴν
295 3091 479 3145 αὐτοῦ
519 3092 864 3157 ἀποθανεῖν,
895 3092 997 3146 καὶ
1034 3090 1235 3148 εἶπεν*
1266 3096 1441 3163 Κύριε
1467 3099 1501 3150 ὀ
1536 3099 1698 3163 Θεὸς,

1799 615 2013 678 vinum,
2038 614 2280 684 inquam,
2313 616 2447 671 illud
2476 616 2570 673 Dei
2602 633 2824 684 munus,
2853 620 2999 689 quod
3019 620 3085 675 ad
3105 620 3351 678 levamen

1798 703 2134 760 inﬁrmitatis
2151 705 2322 761 castis
2349 705 2660 776 sobriisque
2687 710 3004 765 hominibus
3028 725 3355 767 concessum

1798 794 1922 861 luit,
1958 809 2105 851 nunc
2147 804 2330 851 autem
2380 796 2874 869 intemperantibus
2917 802 3234 870 petulantia:
3273 803 3357 857 l'a-

1798 896 1944 942 ctum
1973 895 2058 942 est
2091 888 2543 944 instrumentum.

1870 976 2147 1048 Chrysost.
2174 1007 2241 1016 —
2269 978 2489 1034 Nullum
2527 982 2725 1036 nmium
2775 999 2898 1037 cum
2933 985 3194 1056 improba
3234 1005 3355 1043 mn-

1800 1070 1934 1124 liere
1959 1067 2353 1124 conferendum
2378 1081 2479 1126 est.
2514 1072 2783 1137 Quidnam
2816 1075 2959 1129 inter
2982 1078 3359 1150 quadrupedia

1800 1161 2083 1218 crudelius
2115 1170 2199 1217 est
2227 1162 2423 1219 leone?
2454 1164 2592 1218 nihil
2614 1165 2798 1235 plane.
2825 1167 2967 1233 Quid
3006 1169 3151 1225 inter
3181 1164 3355 1242 repti-

1800 1257 1875 1311 lia
1906 1257 2108 1313 saevius
2134 1256 2376 1312 dracone
2402 1257 2425 1310 ?
2466 1258 2603 1312 nihil
2629 1274 2881 1328 prorsus.
2914 1262 3080 1331 Atqui
3109 1266 3359 1334 improba

1800 1347 2054 1410 muliere,
2095 1354 2150 1402 et
2202 1348 2287 1403 leo
2327 1355 2383 1403 et
2431 1347 2598 1403 draco
2636 1350 2927 1408 inferiores
2972 1364 3124 1409 sunt.
3180 1356 3360 1412 Testis

1801 1446 1888 1493 est
1923 1438 2057 1493 mihi
2102 1439 2546 1510 sapientissimus
2582 1440 2864 1507 Salomon,
2900 1444 2991 1500 ubi
3023 1446 3099 1502 ait
3136 1463 3151 1503 :
3189 1448 3359 1503 Com-

1800 1533 2005 1584 morari
2036 1545 2160 1585 cum
2202 1532 2361 1585 leone
2397 1539 2451 1586 et
2472 1532 2713 1587 dracone
2742 1534 2913 1605 magis
2933 1536 3169 1605 placere,
3191 1554 3357 1608 quam

1802 1618 2050 1676 habitare
2077 1636 2201 1675 cum
2232 1622 2461 1677 muliere
2495 1623 2636 1677 mala
2662 1634 2715 1679 et
2735 1625 2976 1695 loquaci.
3013 1630 3089 1682 Ac
3129 1645 3198 1685 ne
3232 1645 3361 1700 pro-

1802 1711 2017 1783 phetam
2062 1712 2179 1769 haec
2222 1714 2429 1769 ironice
2476 1714 2716 1769 locutum
2760 1718 3063 1784 existimes,
3104 1735 3169 1774 ex
3222 1720 3359 1790 ipsis

1802 1804 1965 1860 rebus
1998 1811 2255 1860 accurate
2285 1820 2400 1860 rem
2437 1806 2665 1875 inspice.
2698 1806 2909 1863 Leones
2953 1808 3230 1866 Danielem
3267 1829 3359 1867 re-

1798 1896 1960 1952 veriti
2003 1906 2167 1963 sunt;
2209 1904 2264 1949 at
2306 1896 2514 1967 justum
2560 1896 2849 1953 Nabutheu
2880 1898 3101 1955 Iezabel
3132 1902 3361 1957 interfe-

1797 1988 1890 2044 cit.
1949 1987 2118 2045 Cetus
2180 1986 2375 2042 Jonam
2423 1989 2481 2043 in
2528 1999 2716 2045 ventre
2758 1991 3030 2058 servavit;
3068 1999 3124 2045 at
3166 1992 3357 2048 Dalida

1799 2076 2120 2135 Samsonem
2154 2078 2352 2135 abrasa
2393 2093 2569 2144 coma,
2618 2080 2904 2155 allophylis
2935 2084 3184 2140 tradidit.
3219 2086 3357 2139 Dra-

1799 2184 1987 2236 cones,
2019 2170 2238 2242 aspides
2265 2182 2320 2227 et
2340 2180 2569 2227 cerastae
2594 2171 2864 2229 Joannem
2909 2175 2965 2230 in
3002 2177 3221 2232 deserto
3244 2194 3363 2248 per-

1801 2262 2099 2319 timuerunt
2131 2281 2147 2321 :
2188 2271 2245 2318 at
2277 2262 2544 2320 Herodias
2589 2282 2711 2321 eum
2744 2268 2889 2322 inter
2916 2270 3105 2338 epulas
3133 2271 3361 2325 obtrun-

1799 2357 1912 2411 cari
1933 2354 2121 2427 jussit.
2152 2357 2325 2413 Eliam
2351 2361 2503 2415 corvi
2538 2362 2594 2414 in
2628 2369 2815 2416 monte
2847 2362 3106 2417 aluerunt
3141 2380 3154 2415 :
3188 2372 3241 2417 at
3267 2362 3362 2419 Je-

1802 2448 1953 2503 zabel
1988 2448 2238 2504 eumdem
2270 2460 2394 2521 post
2438 2467 2761 2508 concessam
2791 2453 3028 2521 pluviam
3058 2455 3123 2508 ad
3159 2457 3359 2511 caedem

1802 2540 2075 2610 quaasivit.
2111 2539 2254 2607 Quid
2289 2543 2433 2605 enim
2477 2544 2708 2599 aiebat?
2758 2542 2819 2599 Si
2860 2554 2918 2597 tu
2953 2561 3007 2599 es
3042 2544 3219 2612 Elias,
3275 2558 3359 2602 ast

1800 2648 1891 2702 ego
1950 2648 2067 2686 sum
2124 2633 2380 2698 Jezabel;
2425 2633 2535 2689 haec
2568 2635 2775 2704 faciant
2818 2636 2947 2689 mihi
2994 2635 3094 2700 dii,
3143 2645 3195 2691 et
3248 2637 3357 2692 haec

1801 2722 2023 2787 addant,
2070 2723 2173 2778 nisi
2214 2740 2332 2777 cras
2378 2723 2476 2777 Itac
2519 2724 2651 2779 hora
2698 2740 2889 2793 ponam
2922 2726 3157 2778 animam
3205 2736 3353 2781 tuam

1801 2817 1935 2869 sicut
1967 2814 2123 2869 unius
2156 2816 2311 2869 exiis
2345 2817 2434 2886 qui
2466 2817 2662 2870 mortui
2687 2825 2831 2871 sunt.
2862 2815 2931 2870 Et
2967 2818 3146 2870 timuit
3184 2817 3359 2885 Elias,

1800 2905 2172 2977 profectusque
2211 2917 2314 2973 est,
2363 2917 2413 2961 et
2455 2908 2590 2961 abiit
2644 2910 2701 2961 in
2753 2908 3018 2963 desertum
3069 2910 3208 2964 viam
3256 2910 3363 2965 diei

1802 2996 1983 3062 unius,
2021 3006 2070 3050 et
2105 2999 2281 3065 petivit
2323 3009 2379 3052 ut
2422 3000 2601 3053 anima
2638 2989 2736 3054 sua
2764 3012 3071 3067 moreretur,
3104 3012 3153 3056 et
3181 3003 3316 3056 dixit
3343 3020 3363 3059 :

1804 3086 2025 3143 Domine
2051 3088 2215 3153 Deus,
2240 3091 2487 3160 suﬁiciat.
2529 3091 2719 3159 Accipe
2749 3094 2981 3147 animam
3012 3111 3180 3147 meam
3203 3112 3234 3148 a
3261 3112 3359 3157 me,

123 3183 498 3249 ικανούσθω,
526 3182 673 3238 λάϐε
710 3183 824 3252 τὴν
864 3185 1075 3256 ψυχήν
1111 3202 1229 3255 μου
1264 3187 1364 3241 ἀπ’
1400 3187 1566 3257 ἐμοῦ,
1610 3188 1701 3243 ὅτι

1802 3182 1927 3249 quia
1951 3182 2122 3236 satius
2149 3192 2228 3237 est
2256 3183 2383 3237 mihi
2404 3193 2459 3236 ut
2490 3184 2711 3246 moriar,
2739 3202 2896 3254 quant
2919 3195 2975 3238 ut
3001 3187 3168 3240 vivam
3192 3204 3211 3252 ;
3238 3190 3364 3258 quia

120 3273 333 3326 καλὸν
358 3274 425 3327 τὸ
456 3274 781 3331 ἀποθανεῖν
797 3293 895 3345 με,
915 3278 953 3345 ἢ
990 3276 1114 3346 ζῇν,
1141 3276 1229 3332 ὅτι
1260 3278 1561 3347 κρείσσων
1585 3280 1700 3351 ἐγὼ

1801 3271 1983 3325 melior
1998 3289 2100 3326 non
2126 3290 2241 3327 sum
2261 3276 2503 3339 patribus
2530 3277 2653 3330 meis
2668 3274 2787 3346 (Ill
2802 3275 2930 3345 Reg.
2949 3293 3064 3341 χιχ,
3081 3278 3136 3343 2,
3157 3279 3360 3349 seqq.).

116 3367 246 3419 οὐκ
279 3366 394 3434 είμί
424 3366 576 3436 ὑπὲρ
600 3367 741 3434 τοὺς
767 3368 1025 3438 πατέρας
1042 3388 1181 3439 μου.
1209 3371 1398 3441 Οῐμοιί
1422 3373 1503 3426 ὅτι
1530 3374 1559 3426 ὁ
1575 3390 1702 3444 προ·

1802 3362 1944 3419 Proh
1987 3365 2190 3421 inversi
2235 3369 2452 3423 mores!
2499 3368 2645 3424 Elias
2691 3369 2954 3439 propheta
2988 3368 3242 3425 feminam
3269 3388 3365 3426 ex-

117 3458 318 3527 φήτης
358 3456 543 3521 Ἠλίας
593 3458 836 3529 ἐφοϐήθη
873 3462 1133 3528 γυναῖκα,
1160 3462 1189 3513 ὁ
1220 3461 1320 3530 τῆς
1370 3462 1701 3533 οἰκουμένης

1801 3456 2028 3511 timuit?
2059 3457 2155 3513 llle
2178 3460 2272 3528 qui
2305 3460 2476 3515 totius
2503 3461 2655 3517 orbis
2696 3461 2927 3517 imbrem
2973 3462 3239 3532 gestabat,
3270 3464 3362 3531 qui

110 3547 267 3617 ὅλης
304 3548 393 3602 τὸν
427 3548 580 3602 ὐετδν
609 3551 667 3604 ὲν
709 3554 775 3622 τῇ
807 3550 1021 3622 γλώττῃ
1060 3550 1369 3620 βαστάζων,
1402 3554 1431 3605 δ
1463 3552 1577 3624 πῦρ
1606 3556 1701 3608 οὐ·

1801 3547 1978 3617 ignem
2014 3549 2231 3606 caelitus
2266 3551 2433 3606 verbo
2473 3551 2807 3617 detraxerat,
2861 3552 2956 3622 qui
3007 3568 3104 3621 per
3153 3553 3362 3606 oratio-

112 3638 367 3709 ρανόθεν
397 3642 607 3712 ῥήματι
651 3643 1010 3711 κατενέγκας,
1040 3640 1136 3697 καὶ
1162 3643 1230 3696 δι’
1262 3643 1431 3714 εὐχῆς
1462 3646 1691 3713 νεκροὺς

1802 3656 1928 3695 nem
1977 3649 2225 3698 mortuos
2268 3649 2622 3697 revocaverat
2661 3641 2729 3696 ad
2772 3643 2962 3708 vitam,
3002 3642 3255 3698 feminam
3304 3644 3367 3696 ti-

105 3730 449 3803 ἀνεγείρας,
483 3732 725 3805 ἐφοϐήθη
744 3736 1010 3802 γυναῖκα;
1037 3735 1145 3801 ναὶ,
1168 3734 1435 3806 ἐφοϐήθη.
1460 3736 1698 3807 Οὐδεμία

1801 3734 1981 3787 muit?
2019 3742 2166 3789 certe
2203 3732 2406 3787 timuit.
2460 3732 2651 3803 Neque
2683 3732 2828 3787 enim
2878 3734 2985 3788 ulla
3046 3733 3365 3802 improbitas

105 3824 238 3894 γὰρ
270 3825 628 3895 συγκρίνεται
671 3826 840 3879 κακία
876 3827 1095 3895 γυναικὶ
1138 3829 1371 3899 πονηρᾷ.
1420 3829 1702 3899 Μαρτυρεῖ

1801 3833 1906 3887 est,
1941 3840 2061 3896 quae
2100 3839 2224 3879 cum
2253 3824 2504 3895 improba
2544 3824 2772 3879 muliere
2818 3825 2995 3895 possit
3032 3827 3363 3894 comparari.

105 3931 218 3985 μοι
263 3912 348 3984 τῷ
390 3914 532 3986 λόγῳ
566 3917 598 3987 ή
632 3918 800 3985 Σοφία
824 3917 1091 3987 λέγουσα·
1120 3920 1244 3973 οὐκ
1288 3918 1422 3972 ἐστι
1462 3918 1699 3987 κεφαλὴ

1801 3915 1963 3985 Atqui
2007 3915 2247 3971 sermoni
2292 3930 2415 3970 meo
2463 3914 2619 3970 ﬁdem
2677 3917 2879 3971 astruit
2921 3917 3218 3987 sapientia,
3270 3918 3364 3972 ubi

100 4001 292 4072 ὑπὲρ
325 4003 601 4072 κεφαλὴν
620 4004 831 4074 ὄφεως,
875 4006 975 4059 καὶ
1017 4006 1128 4059 οὐκ
1164 4004 1298 4058 ἐστι
1337 4004 1516 4058 κακία
1548 4002 1702 4071 ὑπὲρ

1802 4008 1877 4061 ait
1909 4028 1925 4062 :
1964 4006 2089 4062 Non
2118 4016 2195 4061 est
2222 4014 2381 4076 caput
2418 4022 2574 4075 super
2594 4016 2749 4074 caput
2780 4009 3125 4077 serpentis,et
3161 4017 3362 4063 nonest

98 4095 357 4149 κακίαν
405 4098 711 4165 γυναικός.
755 4099 823 4150 Ὦ
870 4097 929 4151 τδ
960 4097 1130 4152 κακὸν
1180 4095 1275 4150 τοῦ
1317 4095 1564 4149 διαϐόλου
1609 4094 1702 4148 καὶ

1802 4098 2011 4152 malitia
2059 4114 2220 4167 supra
2258 4099 2521 4153 malitiam
2564 4098 2797 4153 mulieris
2829 4098 3020 4169 (Eccli.
3059 4116 3188 4163 xxv,
3244 4100 3358 4167 22).

97 4186 398 4251 ὀξύτατον
417 4187 581 4241 ὅπλον
601 4205 614 4220 ·
647 4187 735 4242 διὰ
756 4186 1016 4257 γυναικὸς
1045 4186 1105 4253 ἐξ
1125 4186 1301 4259 ἀρχῆς
1324 4187 1383 4240 ὲν
1410 4185 1488 4257 τῷ
1519 4201 1701 4256 παρα-

1802 4188 1847 4245 0
1880 4191 2204 4261 nequitiam,
2250 4190 2745 4260 acutissimumque
2795 4191 2962 4245 telum
3014 4192 3256 4246 diaboli!
3315 4192 3365 4245 ls

91 4281 297 4351 δείρῳ
326 4280 636 4351 κατέτρωσε
661 4278 752 4333 τὸν
792 4279 983 4349 Ἀδάμ.
1015 4278 1115 4332 Διά
1140 4277 1397 4347 γυναικὸς
1421 4276 1515 4332 τὸν
1533 4275 1698 4330 Δαϐὶδ

1801 4294 1902 4351 per
1945 4274 2229 4337 mulierem
2286 4295 2316 4334 a
2375 4280 2648 4352 principio
2692 4280 2961 4336 Adamum
3010 4283 3064 4338 in
3107 4282 3365 4353 paradiso

92 4371 272 4442 πρὸς
306 4371 404 4441 τὴν
431 4370 573 4424 κατά
600 4369 696 4424 τοῦ
730 4371 927 4443 Οὐρίου
961 4369 1272 4440 δολοφονίαν
1293 4368 1571 4440 ὲξέμανεν.
1595 4366 1695 4420 Διά

1801 4373 2089 4433 sauciavi‘.
2125 4372 2231 4428 rer
2253 4373 2539 4429 mulierem
2572 4373 2641 4427 ad
2676 4389 2859 4429 necem
2893 4372 3035 4429 Uria:
3057 4391 3153 4445 per
3181 4376 3377 4430 dolum‘

92 4461 398 4533 γυναικὸς
428 4462 520 4515 τὸν
549 4461 858 4530 σοφώτατον
875 4460 1196 4531 Σολομῶντα
1217 4459 1354 4529 πρὸς
1372 4458 1698 4543 ὶπαράϐασιν

1802 4462 2143 4519 inferendam
2195 4461 2455 4518 Davidem
2512 4464 2681 4519 veluti
2732 4465 2919 4519 furore
2976 4466 3230 4535 perculit.
3264 4466 3367 4521 Per

88 4553 537 4625 κατέστρεψεν
562 4554 652 4608 διά
673 4554 932 4623 γυναικὸς
951 4553 1043 4606 τὸν
1064 4550 1441 4622 ἀνδρειότατον
1456 4549 1695 4621 Σαμψὼν

1804 4552 2088 4607 mulierem
2124 4552 2472 4606 Salomonem
2504 4552 2784 4621 sapientia:
2839 4551 2999 4606 laude
3034 4555 3369 4622 praestantis-

89 4647 377 4717 ξυρήσας
400 4644 729 4715 ἐτύφλωσεν.
748 4645 847 4698 Διά
867 4645 1124 4713 γυναικὸς
1143 4645 1270 4707 τοὺς
1292 4644 1440 4706 υἱοὺς
1467 4644 1584 4695 Ἠλὶ
1606 4642 1699 4696 τοῦ

1809 4641 2010 4694 simum
2034 4639 2104 4694 ad
2128 4640 2649 4699 ormvaricationem
2677 4640 2916 4710 impulit.
2954 4640 3058 4696 Per
3084 4643 3366 4697 mulierem

83 4738 336 4811 ἱερέως
379 4737 664 4807 ὲδάφισεν’
720 4737 808 4791 διά
856 4736 1117 4805 γυναικὸς
1154 4735 1245 4789 τὸν
1299 4734 1700 4807 οὐρανοδρόμον

1807 4732 2177 4789 fortissimum
2204 4732 2528 4787 Samsonem
2567 4732 2781 4788 abrasis
2807 4734 3021 4804 capillis
3055 4737 3363 4791 excaecavit.

96 4831 339 4886 Ἠλίαν
360 4830 549 4885 ἐδίωκε
564 4846 577 4861 ·
597 4828 686 4883 διά
700 4828 956 4899 γυναικὸς
976 4828 1064 4881 τὸν
1092 4828 1476 4897 εὐγενέστατον
1500 4827 1701 4897 Ἰωσὴφ

1806 4820 1912 4876 Per
1924 4821 2207 4875 mulierem
2230 4820 2496 4876 liliosHeli
2518 4821 2823 4876 sacerdotis
2845 4822 2897 4875 in
2919 4831 3119 4877 terram
3140 4834 3373 4894 prostra-

76 4922 357 4993 φυλακῇ
377 4920 714 4977 κατέκλεισε.
748 4920 845 4973 Διά
873 4918 1130 4987 γυναικὸς
1150 4919 1240 4971 τὸν
1266 4918 1464 4980 παντὸς
1492 4918 1698 4988 κόσμου

1806 4909 1905 4965 vit.
1926 4909 2028 4965 Per
2057 4908 2341 4965 mulierem
2367 4909 2676 4978 cmlipetam
2702 4908 2851 4965 illum
2877 4908 3046 4964 Eliam
3072 4912 3368 4968 insectatus

74 4977 355 5086 λύχνον.
407 5014 655 5083 Ἰωάννην
711 4977 945 5079 ἑπέτεμε
977 5024 990 5038 ·
1023 4977 1126 5062 διὰ*
1170 4977 1459 5078 γυναικὸς⁷
1493 4977 1701 5072 πάντας

1808 5008 1911 5059 est.
1948 4999 2054 5056 Per
2086 5000 2370 5055 mulierem
2410 5000 2812 5055 nobilissimum
2856 4998 3057 5072 Ioseph
3098 5003 3151 5057 in
3186 5017 3371 5057 caree-

70 5085 501 5175 κατασφάζει.
528 5104 669 5175 Γυνὴ
697 5104 803 5175 γάρ
827 5102 1049 5174 ἀναιδὴς
1082 5102 1293 5164 οὐδενὸς
1326 5101 1588 5171 φείδεται.
1625 5102 1701 5155 Οὐ

1806 5105 1926 5146 rem
1978 5088 2138 5161 413
2187 5087 2375 5142 trusit.
2425 5085 2529 5142 Per
2583 5086 2865 5142 mulierem
2907 5087 3166 5141 Joannem
3204 5088 3369 5141 totius

69 5198 376 5265 Λευῖτην
402 5196 557 5266 τιμᾷ,
610 5195 708 5264 οὐχ
762 5194 909 5265 ἱερέα
957 5192 1301 5263 ἐντρέπεται,
1326 5193 1386 5245 οὐ
1415 5193 1702 5263 προφήτην

1811 5182 2003 5239 mundi
2057 5182 2340 5236 lucernam
2389 5178 2571 5249 capite
2622 5178 2921 5232 truncavit.
2950 5176 3054 5231 Per
3081 5177 3368 5231 mulierem

64 5288 457 5346 ὲναιόεἰται.
487 5287 550 5338 Ὢ
576 5284 748 5339 κακοῦ
786 5284 953 5338 κακὸν
974 5286 1233 5339 κάκιστον
1253 5321 1269 5347 ,
1300 5284 1437 5353 γυνὴ
1469 5285 1704 5353 πονηρὰ,

66 5384 218 5438 κᾶν
254 5378 309 5452 ᾖ
342 5377 596 5449 πενιχρά.
634 5376 759 5430 Ἐὰν
786 5376 843 5430 δὲ
877 5378 968 5430 καὶ
995 5374 1221 5429 πλοῦτον
1244 5374 1341 5445 ἕλῃ
1371 5366 1437 5444 τῇ
1474 5373 1708 5446 πονηρίᾳ

59 5472 319 5541 αὐτῆς
344 5466 728 5541 συνεργοῦντα,
751 5467 932 5522 δισσὸν
975 5466 1035 5519 τὸ
1075 5464 1282 5520 κακόν·
1326 5465 1598 5536 ἀφόρητον
1644 5464 1706 5517 τὸ

58 5566 297 5632 ζῶον,
339 5561 707 5632 ἀθεράπευτον
749 5559 811 5613 τὸ
854 5556 1062 5631 θηρίον.
1112 5555 1254 5627 Ἐγὼ
1274 5551 1393 5611 οἶδα
1423 5556 1520 5610 καὶ
1546 5554 1721 5635 ἀσπίχ

1811 5275 2024 5331 nullum
2063 5288 2175 5328 non
2220 5271 2480 5342 jugulat:
2524 5286 2649 5323 nam
2698 5269 2896 5323 mulier
2947 5268 3235 5338 impudens
3274 5282 3374 5321 ne-

1811 5367 1949 5424 mini
1974 5366 2170 5437 parcit.
2222 5362 2338 5419 Non
2375 5363 2575 5419 Levita:
2605 5362 2872 5417 rationem
2910 5361 3113 5415 habet:
3148 5375 3256 5415 non
3285 5375 3373 5415 sa-

1810 5457 2108 5521 cerdotem,
2142 5468 2252 5510 non
2280 5453 2601 5525 prOphetam
2636 5461 2876 5505 veretur.
2917 5446 2965 5506 Ο
2996 5449 3195 5502 malum
3220 5449 3368 5502 omni

1810 5551 1957 5607 malo
2009 5546 2207 5620 pejus!
2259 5544 2506 5617 improba
2558 5542 2753 5597 mulier
2800 5548 2906 5608 est,
2939 5538 3024 5596 vel
3059 5539 3104 5593 si
3140 5539 3370 5609 penuria

165 5775 206 5803 ι
263 5755 363 5815 Ex
394 5757 614 5815 homilia
644 5758 699 5813 in
764 5755 1173 5815 decollationem
1241 5753 1618 5820 Prwcursoris,
1684 5767 1804 5825 qua:
1838 5760 2015 5810 exstat
2069 5758 2108 5808 t.
2145 5748 2237 5806 Vll
2267 5748 2400 5808 edit.
2433 5747 2602 5806 Savil.
2644 5762 2698 5819 p.
2739 5745 2861 5811 545,
2899 5743 3187 5814 dubitoque
3247 5735 3371 5794 ﬁdei

46 5845 202 5894 est.
