4024 6418
659 399 788 464 1227
1396 421 1409 437 ι
1834 398 1894 456 S.
1926 394 2245 457 IOANNIS
2275 394 2706 455 DAMASCENI
3098 336 3130 365 ﬁ
3776 395 3893 464 1323

656 514 888 568 laboret.
924 510 1021 566 Sin
1084 524 1212 565 vero
1259 510 1428 565 etiam
1475 508 1647 563 aflluit
1694 507 1913 578 opibus,
1959 523 2083 578 qua:
2113 508 2218 562 im-

2324 507 2415 571 δας
2438 508 2878 580 κολακευομένας
2905 506 3274 580 ἡμεροῦσθαι,
3308 509 3405 562 καὶ
3425 507 3683 574 λέοντας,
3710 514 3803 565 καὶ
3833 517 3893 565 τί.

659 604 919 674 probitati
958 603 1139 673 ipsius
1170 601 1421 659 subsidio
1465 602 1600 667 sint,
1645 600 1851 655 malum
1883 600 2082 670 duplex
2118 612 2223 666 est,

2326 617 2504 671 γρεις,
2535 601 2629 656 καὶ
2664 602 2961 673 παρδάλεις
3001 600 3474 671 τιθασσευομένας
3531 602 3889 671 πραΰνεσθαι·

660 696 1005 751 intolerabile
1052 695 1253 749 animal
1292 703 1348 751 et
1392 693 1571 749 bestia
1620 708 1744 763 quae
1782 693 1953 748 nullis
2008 692 2226 747 deliniri

658 789 938 858 obsequiis
962 789 1155 857 possit.
1190 787 1300 855 Ego
1322 785 1524 855 quippe
1547 783 1775 853 aspides
1813 782 2017 837 blanda
2060 797 2227 837 manu

659 882 939 935 deinulsas
993 892 1384 934 mansuescere
1431 876 1571 941 scio,
1613 876 1823 942 leones,
1854 882 1910 930 et
1946 874 2144 945 tigres,
2175 884 2229 928 et

660 972 867 1041 pardus
906 970 1145 1026 cicurari
1190 984 1204 1021 :
1242 979 1298 1023 at
1323 968 1522 1024 mulier
1554 969 1805 1039 improba
1836 967 1965 1021 dum
2002 967 2228 1021 lacessi-

661 1076 770 1130 tur,
820 1065 986 1141 furit,
1045 1072 1099 1118 et
1142 1078 1266 1116 cum
1318 1061 1685 1126 demulcetur,
1730 1060 2037 1116 insolescit.
2068 1059 2227 1124 Quod

658 1158 703 1211 si
738 1150 918 1212 virum
964 1155 1130 1209 habet
1157 1154 1488 1209 auctoritate
1529 1154 1856 1223 pollentem,
1892 1152 1986 1206 diu
2029 1160 2226 1205 noctu-

658 1267 764 1319 que
810 1249 1158 1304 sermonibus
1203 1261 1326 1301 eum
1380 1246 1737 1316 impellendo,
1777 1246 1845 1299 ad
1894 1244 2225 1300 insidiosam

657 1340 861 1395 caedem
912 1339 1083 1401 acuit,
1117 1336 1582 1408 quemadmodum
1625 1334 1896 1391 Herodias
1926 1334 2224 1390 Herodem.

659 1432 757 1485 Sin
787 1445 982 1484 rursus
1026 1443 1323 1499 pauperem
1377 1426 1635 1480 maritum
1676 1425 1859 1491 habet,
1912 1425 1982 1479 ad
2010 1425 2125 1479 iras
2157 1425 2225 1478 il-

622 1524 768 1577 .lum
794 1531 849 1577 et
874 1536 1089 1593 pugnas
1117 1520 1344 1575 excitat.
1377 1517 1474 1572 Sin
1505 1517 1727 1572 demum
1760 1517 1928 1572 vidua
1960 1525 2069 1582 est,
2106 1517 2223 1587 ipsa

650 1632 754 1688 per
782 1631 842 1671 se
876 1629 1067 1670 omnes
1114 1620 1461 1683 aspernatur.
1508 1610 1695 1682 Neque
1736 1612 1884 1665 enim
1931 1608 2027 1665 Dei
2075 1619 2221 1664 metu

655 1711 897 1779 linguam
936 1708 1137 1773 frenat,
1176 1721 1354 1774 neque
1399 1704 1469 1758 ad
1509 1702 1759 1758 futurum
1814 1700 2055 1756 tribunal
2087 1716 2223 1754 con-

645 1803 770 1873 jicit
798 1802 1018 1864 oculos,
1072 1800 1333 1853 amicitiae
1373 1798 1523 1867 leges
1569 1797 1770 1851 nescit.
1821 1792 1991 1848 Nihili
2036 1793 2224 1862 pendit

653 1898 902 1966 improba
934 1895 1130 1948 mulier
1164 1894 1341 1947 virum
1372 1905 1531 1945 suum
1560 1889 1722 1943 morti
1753 1886 1993 1943 tradere.
2027 1886 2217 1940 Enim.
2252 1876 2297 1935 Β

650 2002 783 2043 vero
823 1987 1035 2056 justum
1088 1985 1239 2038 illum
1270 1981 1373 2036 Job
1420 1994 1559 2033 uxor
1588 1993 1689 2031 sua
1721 1978 1776 2030 in
1811 1990 2003 2030 necem
2038 1974 2221 2044 conji-

653 2080 852 2143 ciebat,
886 2094 1009 2133 cum
1047 2078 1122 2131 ita
1162 2075 1531 2146 loquebatur:
1584 2070 1686 2124 Dic
1712 2067 1925 2124 verbum
1953 2066 2223 2139 quoddam

652 2174 872 2241 impium
898 2170 1148 2225 adversus
1184 2168 1489 2230 Dominum,
1519 2174 1570 2218 et
1614 2178 1815 2216 morere
1838 2161 1855 2231 (
1879 2159 1981 2216 Job
2010 2176 2072 2224 ιι,
2128 2160 2217 2231 9).

648 2266 696 2321 0
720 2266 1039 2336 ﬂagitiosam
1071 2262 1344 2318 indolem!
1374 2259 1418 2315 Ο
1447 2258 1714 2314 nefariam
1752 2255 1919 2310 animi
1946 2255 2223 2309 inductio-

652 2374 777 2413 nem
812 2361 825 2411 l
864 2355 1023 2410 Nulla
1054 2351 1438 2409 misericordia
1486 2355 1756 2404 commota
1801 2345 1924 2412 fuit,
1957 2360 2081 2399 cum
2109 2360 2225 2398 ma-

640 2451 741 2503 «riti
770 2449 855 2504 sui
896 2449 1108 2503 viscera
1139 2443 1371 2499 fervidis
1420 2441 1666 2512 pustulis
1706 2438 1859 2495 velut
1897 2437 2221 2493 ardentibus

650 2542 977 2611 quibusdam
1028 2536 1365 2599 carbonibus
1410 2530 1630 2595 exusta,
1678 2544 1989 2599 carnesque
2026 2542 2219 2582 omnes

651 2635 828 2704 ipsius
857 2637 1141 2699 correptas
1164 2626 1448 2683 vermibus
1480 2624 1637 2679 vidit.
1669 2623 1752 2679 Ad
1779 2619 2219 2678 misericordiam

652 2726 848 2780 inflexa
903 2726 1008 2777 no‘n
1057 2729 1163 2786 est,
1218 2734 1343 2774 cum
1374 2731 1501 2772 eum
1551 2726 1726 2771 totum
1774 2714 1831 2769 in
1863 2728 1925 2768 se
1954 2712 2221 2768 convolu-

652 2829 788 2883 tum,
846 2816 1327 2880 fatiscentemque,
1375 2818 1429 2864 et
1483 2822 1688 2878 angore
1743 2805 2079 2870 confectum,
2157 2818 2222 2857 ac

651 2912 945 2966 continuos
995 2908 1199 2961 halitus
1245 2920 1310 2960 ex
1343 2904 1456 2957 imo
1502 2911 1730 2972 pectore
1767 2900 1941 2954 hianti
1976 2914 2073 2953 ore
2105 2905 2221 2952 tra-

653 3005 868 3057 hentem
908 2998 1221 3068 conspexit.
1268 2993 1385 3049 Non
1416 2993 1665 3048 emollita
1703 3000 1788 3047 est
1818 2991 1885 3045 ad
1926 2989 2223 3045 commise-

652 3097 943 3158 rationem,
989 3106 1118 3145 cum
1157 3103 1285 3144 eum
1330 3087 1426 3158 qui
1473 3100 1718 3158 purpura
1759 3082 2036 3154 quondam
2073 3082 2221 3153 regia

646 3188 1005 3247 induebatur,
1042 3194 1176 3239 tunc
1228 3189 1344 3237 toto
1378 3194 1614 3251 corpore
1642 3177 1852 3233 nudum
1884 3177 1938 3231 in
1983 3178 2222 3247 sterqui-
2247 3220 2291 3279 ο

650 3280 787 3335 linio
833 3277 1063 3332 videret.
1118 3274 1343 3329 Minime
1392 3269 1689 3327 recordata
1743 3278 1830 3324 est
1869 3268 2074 3324 veteris
2105 3284 2219 3323 sua:

650 3389 776 3429 cum
820 3387 887 3428 eo
933 3367 1386 3430 consuetudinis,
1452 3372 1771 3435 quantaque
1817 3368 2042 3431 pr0pter
2093 3374 2218 3414 eum

649 3466 845 3535 gloria,
896 3462 1232 3535 quantisque
1280 3458 1481 3529 opibus
1538 3455 1839 3511 ﬂoruisset.
1868 3452 2012 3518 Quid
2042 3450 2217 3506 vero?

648 3560 749 3612 ‘Dic
794 3556 1011 3612 verbum
1054 3551 1323 3624 quoddam
1368 3549 1624 3604 adversus
1668 3545 1975 3606 Dominum,
2021 3551 2072 3597 et
2100 3559 2217 3596 mo-

648 3667 786 3705 rere.
851 3645 1110 3716 Nunquid
1158 3645 1257 3698 tibi
1319 3658 1444 3696 cum
1508 3638 1704 3693 morbo
1757 3636 2060 3698 laborares,
2112 3633 2222 3688 tale

634 3740 931 3813 quidpiam
974 3751 1215 3808 unquam
1266 3734 1587 3805 prolocutus
1631 3730 1753 3786 est?
1810 3727 2004 3782 Nonne
2035 3725 2221 3797 potius

649 3840 755 3892 hoc
783 3834 931 3906 egit,‘
948 3833 1029 3887 uti
1075 3830 1341 3902 precibus
1379 3827 1599 3898 piisque
1647 3821 2038 3894 largitionibus
2069 3832 2216 3873 mor-

642 3932 781 3985 bum
820 3924 1099 3982 dilueret?
1135 3922 1408 3979 Nimirum
1452 3921 1554 3990 ipsi
1597 3933 1708 3972 non
1762 3913 2066 3971 sufﬁciebat
2111 3911 2218 3965 im-

649 4024 819 4078 missa
847 4020 915 4074 ad
948 4015 1172 4087 aliquod
1216 4024 1433 4086 tempus
1477 4019 1797 4082 paupertas,
1844 4006 1950 4061 nisi
1988 4013 2047 4058 tu
2081 4018 2221 4073 quo-

649 4133 757 4189 que
800 4112 1200 4183 sempiternum
1238 4110 1291 4164 ei
1344 4108 1653 4163 cruciatum
1693 4119 1789 4173 per
1822 4097 2219 4169 blasphemiam

650 4222 985 4265 arcesseres.
1040 4205 1123 4257 An
1167 4202 1349 4257 nescis
1395 4214 1558 4253 omne
1605 4204 1895 4267 peccatum
1921 4192 2219 4247 remissum

653 4303 719 4356 iri
776 4297 1127 4360 hominibus;
1188 4291 1582 4361 blasphemiam
1636 4296 1819 4341 autem
1867 4286 1923 4339 in
1952 4282 2217 4352 Spiritum

653 4400 906 4450 sanctum
955 4386 1342 4443 remittendam
1394 4398 1504 4437 non
1555 4395 1698 4445 esse,
1748 4392 1849 4431 nec
1884 4377 1939 4430 in
1984 4376 2089 4429 hoc
2124 4390 2222 4428 sae-

653 4486 802 4548 culo,
833 4497 937 4537 nec
993 4480 1050 4534 in
1086 4476 1310 4532 futuro?
1341 4474 1435 4530 Vis
1491 4473 1651 4526 aliam
1702 4469 1923 4539 quoque
1965 4466 2094 4520 huic
2127 4481 2220 4534 pa-

2327 695 2465 766 γυνὴ
2494 694 2551 748 δὲ
2582 695 2798 766 πονηρά
2835 695 2930 748 καὶ
2961 693 3293 765 ὑϐριζομένη
3322 693 3597 762 μαίνεται,
3634 695 3730 747 καὶ
3756 698 3893 748 καὶαι

2327 788 2596 859 κευομένη
2620 788 2927 858 ἐπαίρεται.
2955 787 3074 842 Κᾶν
3094 787 3193 858 ἔχῃ
3214 786 3385 858 ἄνδρα
3406 787 3675 858 ἄρχοντα,
3704 787 3893 859 νύκτωρ

2322 897 2387 933 τε
2414 880 2508 934 καὶ
2538 880 2655 951 μεθ’
2678 880 2892 952 ἡμέραν
2937 883 3048 945 τοῖς
3090 880 3273 948 λόγοις
3303 880 3469 934 αὑτὸν
3495 881 3893 951 ὲκμοχλεύουσι

2327 972 2465 1043 πρὸς
2493 972 2801 1041 δολοφονίαν
2828 972 3028 1038 ὀξύνει,
3076 971 3153 1035 ὡς
3193 973 3465 1045 Ἡρωδιὰς
3512 975 3609 1026 τὸν
3645 973 3890 1044 Ἡρώδην.

2327 1066 2447 1119 Κᾶν
2478 1064 2688 1136 πένητα
2721 1066 2817 1137 ἔχῃ
2849 1067 2940 1119 τὸν
2972 1066 3143 1137 ἄνδρα
3194 1067 3332 1137 πρὸς
3367 1067 3541 1139 ὀργὰς
3586 1068 3687 1119 καὶ
3738 1067 3892 1137 μάχας

2326 1158 2490 1210 αὑτὸν
2518 1158 2800 1229 διεγείρειο
2836 1158 2939 1211 κᾶν
2964 1159 3113 1229 χήρα
3143 1160 3407 1229 τυγχάνῃ,
3440 1158 3587 1229 αὕτη
3619 1160 3691 1212 δι’
3718 1160 3893 1230 ἑαυτῆς

2325 1252 2451 1313 τοὺς
2479 1250 2687 1313 πάντας
2721 1251 2998 1321 ἀτιμάζει.
3030 1250 3186 1320 Φόϐῳ
3213 1250 3320 1323 γὰρ
3341 1250 3480 1305 Θεοῦ
3503 1252 3569 1305 οὐ
3600 1251 3893 1321 χαλινοῦτιι

2324 1341 2423 1411 τὴν
2452 1341 2737 1409 γλῶσσαν·
2770 1342 2871 1395 οὐκ
2910 1343 2991 1405 εἰς
3012 1342 3076 1395 τὸ
3124 1343 3315 1411 μέλλον
3354 1345 3650 1416 κριτήριον
3685 1345 3894 1397 danai-

2328 1449 2450 1487 πεισ
2481 1434 2542 1487 οὐ
2582 1435 2765 1503 φιλίας
2788 1432 2929 1488 οἶδεν
2955 1434 3177 1506 θεσμόν.
3211 1436 3378 1488 Οὐδέν
3410 1438 3529 1489 ἐστι
3561 1439 3792 1505 γυναικὶ

2325 1529 2469 1598 νηρᾷ
2496 1528 2589 1581 τὸν
2611 1528 2741 1580 ίδιον
2772 1528 2941 1598 ἀνδρα
2969 1528 3310 1600 παραδοῦναι
3341 1531 3421 1591 εἰς
3449 1528 3717 1583 θάνατον.
3762 1532 3895 1599 ’Δμέο

2325 1617 2409 1671 λει
2458 1618 2587 1687 γοῦν
2621 1619 2711 1672 τὸν
2749 1619 2958 1673 δίκαιον
2988 1620 3109 1673 ’1ὼὸ
3134 1622 3168 1690 ἡ
3209 1620 3316 1675 ἰδία
3341 1621 3479 1692 γυνὴ
3512 1621 3660 1692 πρὸς
3695 1622 3895 1676 θάνατιν

2325 1711 2651 1783 παρεδίδου,
2692 1711 2955 1780 λέγουσα·
2982 1708 3173 1767 Εἷπόν
3225 1731 3281 1766 τι
3325 1712 3492 1782 ῥῆμα
3533 1712 3896 1783 ,βλάσφτυιίιη

2326 1803 2477 1872 πρὸς
2492 1804 2730 1873 Κύριον,
2766 1803 2865 1857 καὶ
2909 1804 3183 1858 τελεύτα.
3242 1806 3306 1857 Ὢ
3338 1806 3559 1872 φύσεως
3597 1806 3893 1875 μοχθηρὶςῖ

2322 1895 2368 1949 ὢ
2416 1896 2794 1968 προαιρέσεως
2838 1896 3097 1960 ἀνοσίαςί
3161 1898 3261 1949 οὐκ
3321 1896 3556 1967 ᾕλέησεν
3594 1897 3784 1950 ἰδοῦσα
3819 1900 3893 1951 τοῦ

2327 1988 2459 2042 ίδίου
2486 1987 2680 2057 ἀνδρὸς
2715 1988 2783 2041 τὰ
2814 1988 3100 2057 σπλάγχνα
3126 1988 3229 2042 ὑπὸ
3258 2006 3369 2041 των
3402 1990 3761 2053 ἀναζεουσῶν
3787 1992 3896 2059 φλυ-

2323 2081 2546 2145 κτίδων,
2579 2079 2768 2151 ὥσπερ
2797 2079 2903 2134 ὐπδ
2929 2081 3220 2152 ἀνθράκων
3257 2080 3719 2152 σπινθηροϐὁλων
3768 2084 3896 2136 καικί-

2326 2189 2485 2241 μενα,
2510 2172 2603 2224 καὶ
2625 2171 2751 2234 ὅλας
2781 2171 2879 2234 τὰς
2905 2172 3115 2243 σάρκας
3134 2173 3299 2225 αὐτοῦ
3326 2176 3440 2237 τοῖς
3464 2174 3718 2244 σκώληξι
3741 2192 3894 2227 συνει-

2322 2260 2629 2331 λημμένας.
2657 2261 2732 2313 Οὐ
2768 2262 3132 2334 κατεκάμφθη
3160 2264 3297 2334 πρὸς
3323 2259 3511 2318 οἶκτον
3540 2307 3555 2329 ,
3593 2266 3784 2320 ἰδοῦσα
3814 2270 3895 2319 αἰη-

2321 2352 2435 2415 τὸν,
2477 2351 2597 2405 ὅλον
2635 2351 2706 2406 δι’
2752 2352 2876 2406 ὅλου
2910 2353 3260 2423 ἑλισσόμενον
3297 2356 3393 2408 καὶ
3443 2354 3738 2425 κάμνοντα
3762 2398 3776 2415 ,
3818 2358 3895 2409 καὶ

2323 2445 2669 2513 ἀγωνιῶντα,
2711 2446 2807 2501 καὶ
2838 2446 3034 2516 συνεχῆ
3087 2444 3347 2517 ἄσθματα
3384 2448 3451 2500 ὲκ
3495 2448 3751 2516 λαγόνων
3783 2452 3894 2519 μετά

2322 2540 2486 2593 πόνου
2532 2540 2785 2611 κεχηνότι
2814 2539 2893 2610 τῷ
2926 2541 3156 2611 στόματι
3186 2540 3442 2610 φέροντα.
3474 2542 3598 2595 Οὐκ
3628 2543 3894 2612 ὲμειλίχθη

2324 2633 2462 2703 πρὸς
2507 2632 2934 2703 εύσπλαγχνίαν,
2992 2632 3180 2704 ὁρῶσα
3243 2634 3334 2687 τόν
3367 2649 3500 2686 ποτε
3544 2635 3607 2686 ἐν
3664 2635 3895 2704 βασιλικῗ

2323 2725 2639 2796 πορφυρίδι,
2666 2725 2789 2778 τότε
2821 2726 2913 2780 ἐπὶ
2946 2725 3183 2796 κοπρίας
3234 2726 3514 2796 κείμενον,
3550 2730 3897 2795 γεγυμνωμέ-

2322 2836 2412 2871 νον
2439 2817 2515 2888 τῷ
2548 2815 2783 2887 σώματι.
2816 2818 2928 2871 Καὶ
2954 2818 3055 2871 οὐκ
3093 2819 3475 2889 ἐμνημόνευσε
3506 2820 3615 2887 τῆς
3646 2822 3784 2889 πρὸς
3816 2822 3896 2873 αὺ-

2322 2910 2413 2963 τὸν
2440 2910 2672 2981 ἀρχαίας
2724 2909 3033 2980 συνηθείας,
3065 2911 3161 2963 καὶ
3191 2910 3313 2963 οὐδὲ
3345 2911 3446 2963 ὅσα
3470 2910 3545 2963 δι’
3580 2911 3751 2963 αὐτὸν
3800 2914 3899 2963 sai-

2323 3001 2449 3067 δοξα
2475 3000 2618 3056 καλά
2650 3001 2903 3072 ἡνθησεν.
2944 3002 3107 3056 Ἀλλὰ
3134 3003 3219 3068 τίς
3261 2999 3453 3056 Εἷπώο
3473 3020 3548 3070 ,τι
3574 3004 3750 3073 ῥῆμα
3772 3006 3898 3071 πριίς

2323 3095 2564 3162 Κύριον,
2591 3092 2692 3147 καὶ
2716 3094 2985 3147 τελεύτα.
3032 3089 3179 3164 Ἀρά
3233 3095 3317 3147 σοί
3363 3111 3496 3146 ποτε
3548 3096 3898 3167 cippus-min;

2322 3184 2564 3237 τοιοῦτον
2602 3182 2938 3252 ὲφθέγξατο;
2982 3184 3090 3236 Καὶ
3117 3184 3239 3253 οὐχὶ
3265 3186 3459 3253 εὐχαῖς
3484 3185 3592 3256 τὴν
3622 3187 3779 3239 νόσον
3814 3187 3897 3238 ἀπε

2327 3275 2597 3347 έσμηξεν;
2631 3277 2743 3329 Οὐκ
2766 3278 2927 3346 ἤρκει
2958 3274 3068 3346 γὰρ
3106 3274 3256 3346 αὐτῷ
3280 3278 3314 3345 ἡ
3348 3276 3488 3345 πρὸς
3514 3275 3719 3346 καιρὸν
3740 3277 3895 3337 πενία,

2326 3366 2463 3420 ἀλλά
2494 3367 2590 3420 καὶ
2631 3364 2850 3419 αίώνιον
2882 3366 3033 3435 αὐτῷ
3062 3366 3347 3437 προξενεξ
3392 3367 3486 3420 διὰ
3526 3371 3634 3440 τῆς
3677 3368 3897 3438 βλασφη-

2331 3460 2460 3530 μίας
2482 3460 2582 3530 τὴν
2614 3459 2875 3525 κόλασινς
2910 3461 2977 3512 Ἦ
3008 3461 3107 3512 οὐκ
3152 3456 3321 3520 οἶδας,
3358 3460 3441 3513 ὃτι
3474 3462 3637 3515 πᾶσα
3676 3462 3898 3531 ἀμαρτὲι

2325 3553 2665 3622 ἀφεθήσεται
2687 3554 2804 3617 τοῖς
2830 3551 3160 3622 ἀνθρώποις,
3185 3554 3218 3623 ἡ
3248 3552 3307 3605 δὲ
3348 3552 3492 3605 κατά
3534 3554 3635 3606 τοῦ
3672 3555 3901 3623 Πνεῦμα-

2326 3664 2418 3710 τος
2445 3646 2764 3717 βλασφημία
2810 3646 2910 3699 οὐκ
2954 3645 3312 3714 ἀφεθήσεται,
3370 3645 3496 3699 οὒτε
3533 3647 3596 3698 ὲν
3643 3646 3727 3718 τῷ
3762 3647 3895 3699 sitim

2325 3738 2518 3809 τούτῳ,
2547 3736 2672 3790 οὔτε
2702 3738 2760 3789 ὲν
2790 3736 2870 3807 τῷ
2896 3735 3177 3808 μέλλοντι;
3218 3735 3408 3799 Θέλεις
3453 3736 3589 3788 ίδεῖν
3626 3738 3725 3789 καὶ
3756 3737 3897 3802 ἄλλην

2325 3828 2425 3897 τῆς
2457 3826 2722 3897 πονηρίας
2751 3825 2958 3897 ταύτης
2979 3824 3247 3896 ὁμόζυγον
3272 3841 3286 3889 ;
3320 3824 3399 3877 ἴδε
3450 3841 3543 3894 μοι
3565 3826 3663 3877 καὶ
3688 3826 3786 3895 τὴν
3809 3829 3897 3877 Δα-

2327 3921 2498 3975 λιδάν.
2546 3921 2656 3973 Καὶ
2693 3918 2805 3991 γὰρ
2845 3919 3030 3990 ἐκείνη
3060 3919 3155 3971 τὸν
3184 3916 3424 3988 Σαμψὼν
3467 3918 3565 3970 τὸν
3602 3918 3898 3987 ἀνδρειότα-

2326 4029 2416 4067 τον
2442 4012 2611 4083 ἄνδρα
2634 4011 2936 4083 ξυρήσασα,
2959 4013 3073 4073 τοῖς
3107 4009 3430 4080 ἀλλοφύλοις
3478 4011 3792 4080 παρέδωκε,
3822 4011 3897 4061 τὶν

2328 4106 2457 4159 ίδιον
2488 4106 2678 4175 ἄνδρα,
2709 4105 2803 4158 τὸν
2834 4104 2965 4157 ίδιον
3005 4103 3278 4168 σύνευνον,
3307 4102 3365 4155 ὂν
3395 4101 3656 4166 ἔθαλπεν,
3686 4104 3747 4156 ὃν
3776 4102 3895 4155 ﬁeri»

2327 4216 2513 4263 πευεν,
2543 4197 2603 4250 ὃν
2635 4197 2981 4263 ἐκολάκευεν,
3004 4196 3062 4250 ὃν
3095 4198 3237 4267 ὑπὲρ
3284 4197 3486 4267 ἑαυτὴν
3528 4198 3757 4268 ἀγαπᾷν
3805 4198 3891 4249 ὕπο

2327 4292 2581 4362 εκρίνατο
2604 4307 2619 4323 σ
2652 4290 2710 4342 ὃν
2745 4288 2874 4359 χθὲς
2903 4289 3117 4359 ¹ῐπγάπα,
3158 4290 3401 4359 σήμερον
3439 4290 3625 4361 ἠπάτα
3649 4307 3665 4319 ’
3700 4290 3762 4343 ὃν
3782 4290 3889 4359 χθὲς

2328 4384 2559 4437 ἔθαλπεν
2592 4382 2883 4450 ἀγαπῶσα,
2925 4383 3167 4451 σήμερον
3198 4380 3433 4434 ἔθαπτεν
3466 4380 3757 4436 ἀπατῶσι,
3797 4382 3887 4434 Kx‘:

2330 4476 2436 4548 μὴν
2485 4476 2585 4528 οὐκ
2632 4470 2699 4545 ἦν
2725 4475 2928 4545 ὡραῖος
2952 4491 2966 4539 ;
3012 4474 3107 4528 καὶ
3126 4474 3210 4538 τίς
3234 4473 3400 4527 αὐτοῦ
3420 4473 3761 4543 ὡραιότερος
3787 4492 3873 4527 κατ

652 4593 767 4632 rem
799 4572 1213 4644 improbitatem
1245 4564 1470 4622 videre?
1498 4562 1647 4625 vide,
1689 4575 1896 4631 quaso,
1944 4558 2216 4612 Dalidam.

2326 4575 2501 4625 ἐκεῖνο
2529 4569 2762 4640 καιροῦς
2811 4570 2951 4623 ὥστε
2989 4568 3128 4622 ὲπτά
3166 4568 3502 4639 βοστρύχους
3539 4569 3628 4620 ἐπὶ
3667 4569 3887 4635 κεφαλῆς

649 4671 747 4724 Illa
777 4664 1051 4737 siquidem
1106 4662 1394 4718 detonsum
1444 4656 1767 4712 Samsonem
1812 4650 2088 4721 allophilis
2112 4649 2220 4703 dc-

650 4760 824 4826 clidit;
877 4759 1095 4818 virum,
1145 4755 1397 4824 inquam,
1448 4765 1632 4813 suum,
1682 4747 1971 4816 conjugem
2022 4756 2218 4803 suum,

648 4870 813 4928 quem
859 4852 1101 4914 fovebat,
1154 4864 1316 4919 quem
1365 4844 1667 4907 mulcebat,
1721 4855 1881 4914 quem
1939 4834 2221 4892 blanditiis

650 4927 972 5005 deliniebat.
1024 4955 1187 5011 quem
1238 4953 1407 5007 supra
1449 4937 1690 5006 seipsam
1722 4946 1910 4985 amare
1951 4945 2011 4983 se
2047 4927 2217 4996 finge-

650 5045 743 5100 bat
777 5056 793 5094 :
822 5052 986 5108 quem
1020 5033 1139 5088 heri
1167 5032 1388 5101 quidem
1447 5029 1692 5090 amabat,
1748 5023 1972 5077 fallebat
2004 5019 2167 5074 hodie
2204 5034 2217 5069 :

648 5148 813 5206 quem
867 5127 986 5185 beri
1034 5124 1214 5179 amico
1271 5119 1455 5175 animo
1506 5116 2001 5184 complectebatur,
2052 5109 2218 5163 hodie

642 5200 905 5295 sepulcro
933 5217 1120 5272 tradit.
1151 5213 1218 5268 At
1247 5212 1392 5266 forte
1423 5220 1646 5279 aspectu
1670 5208 1904 5261 decorus
1936 5217 2044 5258 non
2071 5200 2222 5256 erat?

652 5292 852 5386 Ecquis
905 5327 1041 5365 vero
1094 5308 1249 5361 illum
1303 5301 1714 5374 pulchritudine
1773 5307 1904 5351 tunc
1961 5292 2223 5363 temporis

651 5405 1036 5466 antecellebat,
1071 5400 1164 5471 qui
1198 5404 1404 5468 septem
1452 5395 1761 5457 cincinnos,
1812 5389 2017 5460 quibus
2050 5390 2221 5457 septi-

654 5501 843 5553 formis
875 5496 1050 5565 gratia
1081 5489 1540 5554 adumbrabatur,
1588 5486 1770 5556 capite
1795 5480 2077 5553 gestaret?
2113 5483 2221 5541 An-

652 5604 759 5643 non
788 5587 945 5641 fortis
973 5593 1027 5639 et
1055 5593 1316 5639 strenuus
1341 5589 1479 5644 erat,
1514 5578 1611 5648 qui
1665 5577 1905 5641 leonem,
1947 5573 2078 5627 dum
2121 5572 2223 5624 iter

652 5690 857 5754 ageret,
906 5681 1061 5735 solus
1129 5679 1249 5747 ipse
1311 5675 1739 5746 strangulasset,
1792 5682 1849 5727 et
1901 5684 2011 5723 una
2079 5666 2220 5723 asini

652 5775 874 5830 maxilla
926 5771 1075 5826 mille
1130 5769 1441 5839 allophylos
1492 5762 1936 5838 prostravisset?
1987 5760 2134 5826 Quin
2168 5766 2222 5812 et

651 5874 876 5924 sanctus
921 5871 1059 5921 erat.
1108 5861 1279 5917 Tanta
1317 5862 1463 5919 enim
1508 5860 1799 5918 sanctitatc
1848 5855 2112 5927 pollebat,
2164 5861 2219 5906 ut

2323 4662 2506 4733 ἔφερε,
2534 4662 2634 4732 τῆς
2655 4660 2976 4728 ἐπταφὼτου
3002 4661 3222 4730 χάριτος
3252 4660 3354 4729 τὴν
3381 4662 3570 4713 εἰκόνα
3596 4660 3879 4728 βαστᾶζωοι.

2324 4757 2416 4826 Μὴ
2455 4757 2556 4807 οὐκ
2578 4751 2647 4826 ἦν
2672 4754 2945 4824 ἀνδρεῖοςς
2978 4752 3118 4805 ὥστε
3159 4753 3252 4805 τὸν
3285 4752 3481 4805 λέοντα
3513 4750 3753 4822 φοϐεῴν
3782 4752 3883 4803 ὅντα

2324 4848 2381 4897 ἐν
2420 4846 2482 4915 τῇ
2504 4844 2610 4914 ὁδῷ
2646 4834 2827 4913 μόνος
2859 4842 3180 4909 ἀπέπνιξεν,
3222 4842 3317 4895 καὶ
3375 4844 3475 4912 μιᾷ
3514 4843 3735 4907 σιαγὸνι
3785 4842 3881 4892 ὕνιν

2327 4938 2557 5007 μυρίους
2597 4933 2931 5002 ἀλλοφύλους
2961 4935 3362 5003 κατέστρωσεν.
3409 4932 3572 4984 Ἀλλά
3614 4933 3713 4983 καὶ
3760 4932 3883 4998 ἄγεις

2321 5021 2410 5096 ἦν.
2445 5024 2712 5077 Τοσοῦτον
2749 5024 2856 5093 γὰρ
2892 5020 2959 5092 ἦν
2992 5022 3167 5091 ἅγιος,
3191 5023 3269 5086 ὡς
3314 5023 3619 5091 διψήσαντα
3651 5022 3815 5072 αὐτὸν
3836 5021 3879 5068 ἐν

2326 5120 2519 5171 σπάνει
2550 5117 2745 5180 ὓδατος
2773 5114 3054 5182 εὔξασθαι,
3088 5115 3183 5166 καὶ
3213 5116 3278 5166 ἐκ
3313 5115 3413 5183 τῆς
3447 5112 3815 5180 κατεχομένης
3834 5111 3877 5159 ἐν

2322 5214 2387 5281 τῇ
2416 5210 2559 5281 χειρὶ
2588 5208 2752 5263 αὑτοῦ
2780 5209 3024 5276 σιαγόνος
3042 5208 3241 5277 νεκρᾶς
3265 5206 3456 5268 ὕδατος
3479 5208 3659 5274 πηγὰς
3686 5203 3877 5267 ἐξενέτ-

2325 5317 2438 5363 και,
2462 5298 2714 5353 κάκεῖθεν
2736 5298 2797 5350 τὸ
2826 5299 2960 5365 ἴαμα
2988 5300 3084 5366 τῆς
3112 5296 3271 5366 δίψης
3290 5293 3631 5365 ἀρύσασθαι.
3669 5296 3779 5347 Καὶ
3798 5294 3873 5343 ts:

2323 5393 2495 5456 οὕτως
2523 5393 2742 5464 ὡραῖον,
2797 5392 2887 5444 τὸν
2936 5390 3109 5453 οὕτως
3138 5390 3403 5459 ἀνδρεῖον,
3442 5390 3474 5459 ἡ
3506 5387 3609 5440 ίδία
3651 5388 3787 5456 γυνὴ
3810 5384 3875 5444 ὡς

2324 5487 2579 5557 πολέμιον
2605 5488 2718 5548 τοῖς
2747 5484 3063 5553 ἀλλοφύλοις
3090 5483 3425 5553 παρέδωκεν.
3451 5481 3551 5534 Διά
3580 5479 3733 5532 τοῦτο
3757 5492 3879 5545 παρ-

2322 5580 2577 5648 αγγέλλει
2635 5595 2718 5630 σοι
2750 5579 2777 5629 ὁ
2800 5578 3114 5647 προφήτης
3156 5575 3286 5629 Ἀπὸ
3304 5573 3413 5643 τῆς
3439 5572 3879 5643 συγχείτωγσου

2323 5667 2606 5736 φύλαξαι,
2626 5664 2733 5719 τοῦ
2766 5662 3093 5718 ἀναθέσθαι
3115 5662 3267 5732 αὐτῇ
3294 5681 3367 5717 τι.
3406 5663 3541 5717 Είπέ
3585 5678 3670 5731 μοι
3690 5700 3704 5720 ,
3740 5660 3877 5710 ποῖον

2324 5758 2510 5829 θηρίον
2538 5758 2679 5811 κατά
2702 5757 2796 5809 τοῦ
2822 5756 2952 5809 ἰδίου
2992 5755 3219 5827 ἄρρενος
3248 5754 3473 5809 τοιαῦτα
3504 5754 3570 5807 ἂν
3597 5750 3873 5821 ἐμελέτησε

2326 5848 2576 5916 πώποτες
2610 5842 2745 5905 Ποία
2783 5850 2839 5904 δὲ
2868 5850 3137 5922 δράκαινα
3175 5850 3266 5904 τὸν
3297 5850 3426 5903 ἴδιον
3454 5846 3713 5918 ὀμύζνγον
3746 5844 3871 5895 ἀπο-
