4024 6420
165 407 311 475 I329

1447 411 1685 471 SACRA
1720 406 2179 469 PARALLELA.
2212 430 2215 431 ν

3297 408 3430 474 1330

157 517 561 584 λέσθαιθέλει;
604 517 744 572 Ποία
788 517 845 571 δὲ
876 517 1063 572 λέαινα
1092 514 1184 572 τὶν
1232 520 1364 574 ῑδιον
1411 522 1583 591 ἀνδρα
1616 521 1752 592 πρὸς

1864 534 1984 572 cum
2015 528 2240 587 propter
2270 531 2425 586 aquae
2460 520 2748 588 penuriam
2791 521 2886 577 siti
2933 531 3222 593 correptus
3265 523 3431 597 414

165 612 392 682 σφαγὴν
444 610 843 680 παραδίδωσιν;
921 611 1084 682 Ὀρᾷς
1139 612 1221 665 ὅτι
1276 613 1749 682 ἐπιτετευγμένως

153 699 323 758 εἶπεν
346 705 380 773 ή
401 702 568 770 Σοφία
586 702 668 768 τὸ,
704 704 827 757 Οὐκ
854 702 991 756 ἐστι
1032 702 1267 772 κεφαλὴ
1296 704 1452 772 ὑπὲρ
1472 704 1749 774 κεφαλὴν

160 794 380 863 ὄφεως,
406 792 506 847 καὶ
525 795 636 847 οὐκ
666 795 798 848 ἐστι
821 795 999 848 κακία
1025 794 1179 863 ὑπὲρ
1192 797 1410 849 κακίαν
1436 799 1743 868 γυναικός.

161 886 279 940 Καὶ
299 886 445 952 ἅπαξ
477 886 684 950 ἁπλῶς,
710 889 738 939 6
763 886 901 956 ἔχων
934 890 1172 956 γυναῖκα
1193 888 1457 960 πονηρὰν,
1488 890 1748 957 γινωσκέ·

164 995 271 1041 τω,
298 980 381 1033 ὅτι
404 979 504 1049 ἥδη
529 980 655 1043 τοὺς
692 981 918 1050 μισθοὺς
945 980 1056 1035 τῶν
1088 981 1326 1051 ἀνομιῶν
1360 982 1524 1035 αὐτοῦ
1554 983 1741 1052 ἐκομίσ

1857 618 2094 671 orasset.
2127 623 2193 662 ex
2228 618 2448 664 mortua
2484 611 2670 666 statim
2698 613 2965 683 aridaque
2993 615 3236 679 maxilla,
3265 631 3429 684 quam

1858 714 2023 754 manu
2071 698 2313 764 tenebat,
2356 714 2513 771 aqua:
2542 702 2745 759 educto
2793 705 2964 774 fonte,
3004 707 3132 760 hinc
3172 707 3292 761 sitis
3346 722 3431 761 re-

1855 790 2101 846 medium
2128 792 2399 847 hauserit.
2433 794 2499 849 Et
2534 802 2719 851 tamen
2749 798 2927 852 virum
2969 808 3076 852 tam
3115 798 3427 867 pulchrum,

1852 892 1964 939 tam
1991 883 2209 949 fortem,
2245 887 2468 956 propria
2515 888 2689 958 ipsius
2717 905 2879 957 uxor,
2922 899 3181 961 tanquam
3210 890 3425 944 hostem

1850 980 2139 1051 allophylis
2187 980 2447 1050 prodidit.
2493 981 2862 1049 Quamobrem
2932 984 3038 1040 hoc
3084 983 3182 1037 tibi
3221 997 3251 1035 a
3294 996 3427 1053 pro-

171 1088 304 1126 σατο
322 1087 336 1101 ⁸
376 1071 546 1139 Γυνὴ
576 1070 811 1140 πονηρὰ
839 1072 1042 1143 ἀνόμῳ
1057 1073 1229 1143 μερὶς
1251 1072 1593 1138 δοθήσεται,
1612 1072 1747 1127 ἀντὶ

1876 1071 2038 1141 pheta
2092 1073 2411 1143 praecipitur
2460 1078 2551 1131 :A
2596 1078 2819 1147 conjuge
2862 1084 2953 1130 tua
2986 1091 3131 1140 cave,
3185 1091 3247 1129 ne
3272 1072 3429 1143 quid-

168 1161 294 1216 τῶν
322 1161 516 1230 ἔργων
544 1160 757 1215 αὐτοῦ.

1864 1178 2015 1232 quam
2045 1165 2095 1217 ei
2146 1167 2495 1220 commendes.
2551 1167 2705 1224 Cedo
2755 1171 2843 1224 dic
2874 1168 3030 1231 mihi,
3076 1182 3199 1238 qua:
3239 1167 3423 1220 bellua

172 1255 440 1309 adversus
500 1269 708 1309 marem
759 1270 925 1311 suum
968 1253 1244 1325 ejusmodi
1293 1252 1502 1322 aliquid
1553 1251 1743 1307 molita
1782 1254 2075 1321 est?Quae
2097 1255 2353 1313 dracaena
2396 1260 2687 1331 coniugem
2748 1277 2907 1317 suum
2973 1260 3157 1315 studet
3219 1258 3429 1313 interﬁ-

175 1346 334 1400 cere?
365 1345 494 1411 Quae
524 1346 695 1401 leama
738 1346 1049 1403 masculum
1093 1361 1258 1402 suum
1292 1345 1360 1399 ad
1392 1345 1597 1401 caedem
1631 1346 1837 1401 tradit?
1901 1347 2067 1406 Vides
2134 1366 2298 1421 quam
2358 1355 2607 1423 apposite
2674 1354 2946 1425 sapientia
2986 1352 3234 1408 dixerit:
3304 1348 3428 1403 Non

175 1449 259 1495 est
284 1450 444 1511 caput
478 1457 638 1509 super
682 1454 843 1511 caput
879 1444 1161 1513 serpentis,
1207 1452 1255 1497 et
1334 1460 1437 1497 non
1478 1450 1558 1497 est
1624 1442 1836 1497 malitia
1874 1460 2034 1514 super
2072 1446 2340 1501 malitiam
2378 1447 2640 1504 mulieris.
2687 1446 2864 1517 Atque
2901 1456 2961 1501 ut
3008 1448 3062 1501 in
3096 1458 3311 1500 summa
3341 1442 3426 1496 di—

178 1548 323 1595 cam.
373 1533 467 1603 qui
498 1534 807 1606 improbam
853 1551 1079 1591 uxorem
1130 1535 1315 1597 habet,
1359 1534 1494 1589 illud
1553 1536 1793 1599 noverit,
1872 1551 1933 1592 se
1977 1537 2092 1608 jam
2156 1538 2511 1608 iniquitatum
2563 1557 2791 1597 suarum
2856 1540 3159 1596 mercedem
3217 1541 3426 1596 tulisse.

184 1627 331 1682 Audi
397 1626 544 1682 enim
598 1626 733 1697 quid
789 1643 1013 1684 rursum
1061 1626 1347 1699 Scriptura
1395 1629 1755 1700 pronuntiet:
1796 1626 1997 1684 Mulier
2018 1630 2375 1703 malainiquo
2399 1632 2617 1687 dabitur
2655 1636 2710 1689 in
2741 1637 3039 1704 portionem
3104 1651 3199 1703 pro
3260 1637 3431 1705 operi-

176 1724 274 1779 bus
310 1724 477 1778 illius.

261 1816 560 1889 Ἀφύρητός
585 1818 701 1870 ἐστι
729 1816 868 1888 γυνὴ
894 1817 1328 1888 κολακευομένη,
1368 1817 1467 1888 τὴν
1495 1816 1620 1886 ὄψιν
1645 1815 1755 1870 ὥσο

1926 1810 2121 1880 Ejusd.
2152 1841 2223 1851 —
2256 1810 2623 1870 Intolerabilis
2666 1822 2753 1870 est
2800 1814 2997 1869 mulier
3026 1800 3147 1885 quae
3173 1823 3427 1869 assenta-

175 1927 288 1980 περ
313 1908 553 1981 λειμῶνα
573 1909 941 1975 διανθίζουσα,
969 1910 1227 1973 ποικίλως
1244 1910 1369 1979 φύει
1395 1910 1493 1973 τὰς
1522 1908 1756 1981 παρειὰς

177 2002 613 2074 ἐρυθραίνουσα·
673 2002 866 2074 ἀμύλῳ
919 2020 999 2068 τε,
1033 2002 1304 2074 οἰνανθίῳ,
1335 2002 1609 2073 φαδατίῳ,
1659 2002 1756 2055 καὶ

176 2095 466 2167 ψιμμυθίῳ
493 2096 555 2149 τὸ
577 2098 866 2167 πρόσωπον
886 2096 1265 2161 λευκαίνουσα,
1288 2097 1382 2150 καὶ
1412 2097 1602 2168 μέλανι
1630 2098 1757 2162 τοὺς

178 2184 494 2254 ὀφθαλμοὺς
554 2186 979 2257 ὑπογράφουσαο
1032 2191 1257 2258 χρυσοῖς
1302 2188 1357 2241 δὲ
1406 2188 1635 2257 κόσμοις
1663 2188 1755 2242 τὸν

178 2276 449 2347 τράχηλον
470 2277 662 2347 αὐτῆς,
677 2278 776 2341 τὰς
801 2280 1010 2349 χεῖρας,
1024 2279 1119 2333 καὶ
1140 2280 1238 2343 τὰς
1260 2280 1457 2350 τρίχας
1479 2280 1755 2335 καλλωπί-

180 2369 372 2433 ζουσα,
406 2369 504 2423 καὶ
536 2369 635 2440 τὴν
669 2370 918 2443 μαλακὴν
966 2372 1139 2442 αὐτῆς
1193 2372 1398 2444 ἐσθῆτα
1449 2374 1754 2444 μυρίσμασι

178 2459 460 2528 διαφόροις
489 2460 849 2524 καπνίζουσα.
881 2463 1040 2516 Ἔστι
1065 2463 1121 2516 δὲ
1144 2463 1313 2543 παγὶς
1357 2465 1753 2543 θανατηφρρρςν

181 2548 273 2602 διὰ
299 2549 489 2604 πασῶν
538 2550 646 2603 τῶν
674 2550 980 2622 αἰσθήσεων
1027 2542 1316 2621 ἀπάγουσα
1344 2544 1450 2608 τὸν
1488 2555 1628 2617 νέον,
1657 2542 1756 2625 τῆν

185 2639 288 2708 μὲν
312 2640 436 2710 δψιν
464 2642 527 2694 ὲκ
549 2640 645 2695 τοῦ
683 2643 1013 2714 φαινομένου
1062 2645 1454 2717 καλλωπισμοῦ
1476 2685 1493 2711 ,
1553 2645 1652 2718 τὴν
1698 2645 1756 2699 δὲ

182 2731 355 2803 ἀκοὴν
379 2735 499 2796 ταῖς
535 2733 828 2805 μαλακίαις
862 2735 1202 2806 μαγεύουσα.

256 2822 491 2895 Γυνὴητδ
511 2824 804 2895 ὑποζύγιον
829 2826 891 2880 τὸ
914 2828 1107 2892 κακὸν,
1156 2830 1184 2879 6
1216 2828 1432 2900 σκώληξ
1461 2830 1490 2883 6
1521 2830 1757 2903 συρόμε-

182 2931 298 2982 νος,
325 2917 354 2969 6
385 2916 592 2982 ἑνοικος
618 2919 712 2973 τοῦ
741 2920 938 2992 Ἀδάμ,
967 2922 1064 2975 τοῦ
1090 2921 1319 2991 ψεύδους
1349 2923 1382 2993 ἡ
1408 2923 1676 2995 θυγάτηρ,
1723 2927 1756 2995 ἡ

186 3006 404 3079 φυλακὴ
450 3008 546 3063 τοῦ
594 3011 943 3083 παραδείσου,
973 3012 1069 3068 τοῦ
1110 3013 1341 3084 ’Ᾱδὰμή
1368 3014 1685 3088 ἐκϐλητρξα,
1728 3018 1759 3070 ὁ

186 3099 447 3171 πολέμιος
476 3100 717 3174 ὄλεθρος,
747 3104 780 3174 ἡ
810 3102 981 3176 ἔχθρα
1012 3105 1114 3175 τῆς
1145 3107 1390 3177 εἰρήνης.

1857 1904 2101 1959 tionibus
2162 1902 2535 1972 demulcetur,
2604 1921 2730 1976 quae
2799 1906 3014 1960 vultum
3063 1906 3241 1961 instar
3286 1908 3430 1977 prati

1855 1996 2029 2051 variis
2059 1995 2294 2052 ﬂoribus
2324 2004 2580 2062 exornat,
2621 2012 2743 2067 quae
2774 2011 2944 2069 genas
2971 1998 3137 2053 stibio
3171 1998 3432 2054 rubicun-

1855 2090 1956 2145 das
1984 2087 2188 2154 reddit,
2226 2104 2348 2159 qua:
2393 2090 2579 2145 amido
2612 2098 2666 2145 et
2697 2104 2896 2146 cerusa
2949 2090 3144 2147 faciem
3171 2091 3427 2157 .dealbat,

1855 2196 1977 2252 quae
2017 2190 2330 2237 atramento
2390 2182 2569 2253 pingit
2640 2183 2856 2249 oculos,
2911 2199 3036 2254 quae
3084 2183 3426 2240 ornamentis

1856 2277 2042 2333 aureis
2087 2277 2320 2344 collum,
2361 2285 2416 2332 et
2455 2292 2679 2345 manus,
2710 2287 2767 2334 et
2799 2294 3015 2335 comam
3069 2280 3426 2345 condecorat,

1854 2378 1913 2424 et
1943 2369 2160 2426 mollem
2193 2379 2401 2425 vestem
2435 2386 2593 2426 suam
2617 2371 2884 2428 odoribus
2924 2372 3095 2429 variis
3126 2373 3428 2443 perfundit.

1857 2460 1956 2515 Est
1984 2469 2245 2531 praeterea
2280 2463 2533 2533 laqueus,
2575 2463 2844 2520 exitiosus
2875 2465 3137 2535 juvenem
3170 2482 3269 2536 per
3306 2480 3431 2520 om-

1858 2568 1957 2608 nes
1992 2569 2189 2611 sensus
2215 2554 2518 2622 abducens,
2551 2564 2717 2627 atque
2754 2565 2870 2612 tum
2910 2558 3081 2627 ipsius
3112 2558 3304 2613 oculos
3337 2572 3434 2628 per

1859 2654 2139 2711 ornatum,
2191 2661 2355 2715 quem
2411 2646 2769 2717 spectandum
2824 2642 3054 2718 praebet,
3106 2654 3224 2703 tum
3270 2663 3434 2704 aures

1860 2750 1959 2805 per
1991 2751 2310 2792 sermonum
2343 2737 2643 2795 blanditias
2666 2739 2821 2794 velut
2848 2738 3163 2795 incantans.

1934 2828 2127 2885 Iluiier
2196 2830 2512 2900 iumentum
2590 2830 2822 2896 malum,
2914 2832 3120 2886 vermis
3184 2839 3435 2902 reptans,

1861 2921 2055 2976 Adami
2125 2924 2562 2990 contubernalis,
2631 2922 2902 2979 mendacii
2980 2922 3111 2990 filia,
3186 2924 3436 2980 custodia

1864 3014 2127 3083 paradisi,
2157 3016 2435 3087 expultrix
2491 3015 2716 3083 Adami,
2746 3016 2927 3072 hostis
2963 3015 3305 3086 perniciosa,
3338 3033 3433 3087 pa-

1861 3122 1941 3160 CIS
1969 3122 2213 3165 tmmlca.

260 3191 335 3244 ού
359 3190 435 3262 τῷ
463 3190 603 3264 ξύλῳ
627 3193 655 3244 6
676 3193 807 3257 Θεὸς
864 3195 1160 3265 ἐχαρίσατο
1187 3195 1288 3267 τὴν
1335 3197 1540 3263 γνῶσιν
1588 3196 1757 3253 καλοῦ

1936 3194 2079 3252 Deus
2100 3197 2227 3253 boni
2262 3198 2478 3253 et‘mali
2518 3198 2813 3253 scientiam
2842 3198 3013 3269 'ligno
3044 3213 3155 3254 non
3188 3199 3437 3269 praebue-

189 3282 289 3336 καὶ
314 3285 574 3355 πονηροῦ,
612 3284 737 3339 οὔτε
767 3287 1151 3359 κατεκρέμασε
1182 3288 1245 3341 τὸ
1273 3289 1489 3358 λογικὸν
1514 3290 1609 3344 τοῦ
1633 3290 1763 3345 ἀλό-

188 3393 313 3445 γου.
345 3377 419 3430 Τὸ
440 3379 548 3449 γὰρ
588 3379 756 3448 φυτὸν
782 3380 976 3450 ἄλογον
998 3422 1013 3446 ,
1049 3383 1079 3435 6
1103 3381 1161 3435 δὲ
1200 3381 1486 3452 ἄνθρωπος
1524 3384 1761 3452 λογικός.

191 3469 313 3522 Οὐκ
328 3464 396 3539 ἦν
419 3468 479 3522 τὸ
511 3469 665 3534 ξύλον
691 3471 859 3527 καλοῦ
894 3472 989 3526 καὶ¹
1018 3466 1258 3544 πονηροῦ
1289 3473 1426 3543 ἔχον.
1445 3475 1670 3543 γνῶσιν.
1700 3476 1764 3528 Ei

188 3560 249 3612 δὲ
281 3559 342 3613 τὸ
367 3559 523 3624 ξύλον
551 3557 666 3632 εἷχε
698 3564 902 3630 γνῶσιν
929 3564 1169 3630 πάντως,
1201 3566 1295 3619 καὶ
1334 3565 1552 3635 λογικὸν
1586 3567 1764 3637 ὑπῆρ-

190 3667 311 3719 χεν,
343 3651 471 3717 ἔδει,
518 3654 619 3725 τῆς
668 3654 810 3719 Εὔας
858 3656 1129 3729 ἀπιούσης
1174 3656 1359 3710 λαϐεῖν
1402 3656 1496 3710 τοῦ
1523 3656 1763 3728 καρποῦ,

188 3745 368 3797 εἰπεῖν
393 3745 453 3799 τὸ
476 3745 693 3818 δένδρον
722 3749 858 3819 πρὸς
884 3749 983 3820 τὴν
1005 3750 1238 3818 γυναῖκα
1256 3766 1268 3781 ·
1287 3750 1353 3804 Τί
1372 3752 1566 3818 ποιεῖς,
1588 3752 1721 3819 γυνή
1745 3766 1761 3817 ;

192 3836 370 3901 θέλεις
398 3838 463 3892 ὲκ
486 3839 576 3892 τοῦ
600 3840 813 3909 καρποῦ
846 3859 946 3911 μου
976 3842 1307 3911 γεύσασθαι;
1341 3843 1417 3914 μὴ
1448 3843 1649 3915 φάγῃς,
1678 3843 1765 3896 ἵνα

195 3930 275 4002 μὴ
314 3930 610 4005 ἀποθάνῃς.
652 3935 807 3987 Κατὰ
857 3935 1091 4005 σεαυτῆς
1127 3934 1306 4005 βούλει
1361 3952 1430 4005 με
1468 3937 1761 4007 τρυγῆσαι.

192 4023 387 4096 Τέρπῃ
427 4042 530 4094 μου
566 4025 643 4096 τῷ
681 4027 899 4109 καρπῷ,
934 4026 1071 4081 ἀλλά
1114 4027 1341 4090 θάνατος
1367 4026 1634 4096 ἔγκειται.
1672 4025 1764 4095 Μὴ

192 4115 309 4184 γὰρ
334 4115 432 4167 οὐκ
463 4115 609 4185 ἔχεις
652 4115 716 4201 ἐξ
760 4110 835 4169 ὧν
873 4116 1054 4190 φάγῃς
1076 4134 1091 4182 ;
1117 4118 1182 4170 Τί
1209 4114 1302 4171 οὖν
1328 4117 1428 4169 ούκ
1465 4116 1764 4181 ἀπολαύεις

189 4204 514 4267 ἀκινδύνως,
548 4204 663 4258 ἀλλ’
688 4207 973 4276 ἐπιθυμεῖς
996 4206 1286 4279 ὀλεθρίως;
1316 4207 1511 4273 θέλεις,
1550 4207 1764 4260 καλέσω

192 4298 291 4349 τὸν
316 4296 483 4367 ἄνδρα
512 4314 625 4363 σου,
657 4299 752 4351 καὶ
790 4300 928 4352 εἴπω
947 4298 1046 4371 τὴν
1074 4300 1274 4367 πρᾶξίν
1304 4316 1421 4366 σου,
1439 4301 1525 4354 ἵνα
1558 4302 1765 4375 μισήσῃ

193 4390 298 4460 τὴν
332 4390 552 4462 γνώμην
576 4409 703 4459 σου;
746 4392 863 4445 Ἵνα
894 4393 959 4445 σὺ
985 4393 1247 4464 τερφθῇς,
1275 4394 1483 4456 ἐκεῖνος
1509 4393 1767 4463 ἀφανίζε-

191 4500 320 4536 ται’
355 4484 441 4538 ἵνα
484 4486 548 4539 σὺ
582 4486 781 4558 φάγῃς,
811 4487 1016 4550 ἐκεῖνος
1071 4486 1432 4555 ἀποθνήσκει’
1472 4486 1559 4539 ἵνα
1589 4486 1653 4539 σὺ
1688 4484 1767 4553 τῷ

1867 3296 1975 3352 rat,
2005 3304 2109 3343 nec
2136 3304 2251 3344 rem
2278 3290 2494 3345 ratione
2515 3289 2831 3367 praeditam,
2852 3305 2922 3345 ex
2943 3305 3010 3344 eo
3039 3291 3187 3361 quod
3219 3292 3436 3345 ratione

1866 3381 2113 3445 carebat,
2170 3382 2414 3452 pendere
2438 3383 2711 3437 voluerat.
2744 3381 2923 3436 Arbor
2968 3382 3176 3452 quippe
3212 3383 3437 3436 carebat

1865 3473 2076 3528 ratione
2107 3487 2121 3522 :
2154 3472 2322 3527 homo
2354 3488 2486 3528 vero
2514 3473 2728 3527 ratione
2757 3471 3044 3541 praeditus.
3076 3471 3195 3527 Non
3225 3488 3288 3527 ea
3317 3481 3437 3526 erat

1866 3563 2051 3631 arbor,
2082 3570 2143 3617 ut
2172 3563 2300 3618 boni
2336 3573 2389 3618 et
2419 3564 2547 3617 mali
2577 3563 2863 3619 scientiam
2898 3562 3152 3617 haberet.
3179 3561 3276 3616 Sin
3302 3578 3434 3617 vero

1865 3655 2076 3725 lignum
2128 3656 2362 3711 scientia
2400 3657 2732 3711 instructum
2775 3657 2995 3719 fuisset,
3025 3656 3186 3725 plane
3210 3670 3431 3724 quoque

1868 3748 2067 3804 fuisset
2115 3747 2429 3803 rationale:
2487 3756 2654 3818 atque
2693 3763 2818 3802 cum
2860 3746 2971 3801 Eva
3002 3747 3071 3801 ad
3104 3746 3432 3801 sumendum

1869 3841 2105 3894 fructum
2137 3854 2197 3895 se
2230 3846 2594 3907 compararet,
2621 3838 2911 3895 debuisset
2924 3840 3093 3892 arbor
3120 3838 3206 3893 his
3222 3837 3287 3889 ad
3313 3852 3431 3891 eam

1864 3930 2049 3986 verbis
2106 3930 2227 3985 uti:
2284 3928 2426 3996 Quid
2478 3932 2631 3999 agis,
2696 3929 2943 3983 mulier?
3003 3929 3133 4000 quid
3191 3929 3433 3983 fructum

1868 4038 2050 4078 meum
2090 4022 2250 4093 cupis
2276 4023 2537 4094 gustare?
2580 4037 2646 4078 ne
2683 4022 3011 4084 comederis.
3042 4037 3113 4077 ne
3152 4021 3431 4076 moriaris.

1867 4116 1925 4169 In
1969 4116 2048 4170 tui
2104 4116 2403 4185 perniciem
2453 4117 2537 4169 vis
2569 4131 2654 4171 me
2703 4116 3023 4186 decerpere.
3070 4112 3277 4167 Fructu
3312 4128 3434 4167 meo

1866 4208 2192 4263 delectaris:
2231 4223 2420 4263 verum
2462 4207 2591 4261 huic
2626 4222 2773 4260 mors
2818 4206 3041 4261 insidet.
3082 4205 3280 4259 Annon
3335 4204 3432 4256 ha-

1868 4298 1966 4353 bes
1997 4298 2202 4368 quibus
2230 4298 2507 4353 vescaris?
2557 4297 2703 4363 Quid
2737 4311 2870 4365 ergo
2895 4312 2962 4350 ex
2984 4295 3065 4350 'iis
3096 4296 3305 4363 absque
3337 4310 3433 4363 pe-

1868 4386 2047 4441 riculo
2106 4403 2215 4442 non
2268 4403 2478 4453 sumas,
2526 4386 2621 4441 sed
2669 4401 2733 4440 ea
2784 4387 2999 4456 appetis
3035 4400 3159 4455 quae
3204 4385 3431 4441 exitium

1869 4478 2139 4533 afferant?
2168 4476 2266 4533 Vis
2313 4479 2569 4533 maritum
2622 4488 2774 4532 tuum
2826 4493 3127 4544 accersam,
3171 4489 3435 4546 tuumque

194 4574 323 4643 ὄφει
367 4576 796 4647 προσομιλήσῃς,
843 4578 1048 4645 ἐκεῖνος
1076 4575 1171 4629 τοῦ
1194 4575 1328 4628 Θεοῦ
1363 4574 1761 4646 ἀλλοτριοῦται.

1872 4572 1923 4625 ei
1950 4570 2165 4625 facinus
2196 4585 2489 4639 exponam,
2523 4578 2582 4623 ut
2609 4571 2949 4625 voluntatem
2984 4579 3132 4623 tuam
3174 4570 3300 4623 odio
3334 4569 3435 4622 ha-

212 4666 355 4720 Ἀλλ’
382 4667 534 4720 οὐδὲν
581 4668 783 4720 τούτων
811 4663 933 4720 εἷπε
980 4667 1040 4720 τὸ
1063 4666 1299 4736 δένδρον.
1328 4668 1427 4720 Διά
1466 4667 1551 4734 τί;
1601 4668 1684 4721 ὅτι
1705 4668 1764 4721 οὐ

200 4760 425 4829 μετεῖχε
453 4758 636 4826 λόγου,
680 4758 818 4813 ἀλλὰ
845 4757 1010 4830 νόμον
1055 4757 1375 4821 ἐϐάσταζεν.
1412 4758 1625 4829 Ὥσπερ
1658 4758 1767 4828 γὰρ

201 4848 413 4918 βιϐλίον
454 4849 755 4920 ὁλόγραφον
787 4850 846 4903 οὐ
879 4849 1178 4919 φθέγγεται
1219 4848 1288 4900 δι’
1330 4849 1517 4913 αὑτοῦ,
1541 4849 1691 4903 λαλεῖ
1712 4849 1769 4903 δὲ

198 4938 295 4990 διὰ
322 4938 430 4991 τῶν
455 4941 511 4991 ὲν
533 4939 703 5009 αὐτῷ,
734 4940 876 4993 οὕτω
904 4940 999 4993 καὶ
1027 4939 1088 4992 τὸ
1123 4939 1338 5009 δένδρον
1363 4941 1483 4993 ἀντὶ
1512 4942 1771 5012 γραμμά-

195 5045 317 5081 των
341 5029 432 5081 τὸν
452 5029 616 5099 νόμον
649 5028 1029 5100 προεὸάλλετο.
1053 5031 1209 5084 Ποῖον
1224 5030 1420 5099 νόμον;
1448 5033 1585 5085 Ἀπὸ
1616 5045 1769 5084 παν-

195 5124 311 5187 τὸς
332 5122 521 5185 ξύλου
543 5122 651 5176 τοῦ
684 5122 1003 5193 γινώσκειν
1029 5123 1220 5189 καλὸν
1264 5124 1365 5180 καὶ
1394 5124 1661 5192 πονηρὸν
1697 5125 1769 5178 οὐ

197 5213 472 5282 φάγεσθε
494 5214 595 5268 ἀπ’
616 5215 823 5269 αὐτοῦ.
855 5212 939 5288 τῌ
960 5216 1012 5267 δ’
1045 5215 1123 5270 ἂν
1154 5216 1345 5285 ἡμέρᾳ
1364 5216 1608 5285 φάγητε,
1666 5220 1772 5271 θα-

196 5305 364 5368 νάτῳ
398 5306 815 5362 ἀποθανεῖσθε.
863 5308 928 5359 Τί
979 5303 1071 5360 οὖν
1121 5310 1151 5361 6
1173 5308 1444 5376 Μωῢσῆς;
1472 5308 1674 5375 λεγέτω
1702 5307 1771 5361 τὰ

199 5397 499 5451 ἀκόλουθα.
533 5399 642 5451 Καὶ
668 5396 837 5452 εἶπεν
871 5400 905 5452 ὁ
941 5399 1106 5465 Θεὸς,
1150 5401 1222 5454 οὐ
1246 5399 1439 5455 καλὸν
1471 5396 1625 5453 εἶναι
1667 5400 1772 5453 τὸν

200 5487 523 5557 ἄνθρωπον
542 5492 769 5559 μόνον·
817 5491 1163 5561 ποιήσωμεν
1186 5491 1346 5557 αὐτῷ
1378 5492 1612 5557 ,βοηθὸν
1644 5494 1774 5546 κατ’

200 5591 315 5633 ac:
329 5579 417 5633 όν.
443 5579 664 5650 Βοηθὸν,
690 5581 790 5633 οὐκ
809 5580 1159 5651 ἀνδροκτόνον
1176 5597 1191 5614 υ
1217 5581 1430 5652 βοηθὸν,
1463 5581 1523 5634 οὐ
1548 5581 1769 5635 πλάνον*

207 5669 426 5740 βοηθὸν,
458 5672 560 5725 οὐκ
586 5672 898 5726 ὲπίὸουλονο
934 5674 1145 5744 βοηθὸν,
1172 5675 1274 5727 οὐκ
1306 5674 1575 5727 ἀντίδικον
1595 5691 1607 5703 ο
1644 5674 1773 5744 βοηο

202 5764 325 5822 Οὸν.
359 5765 457 5836 οὐχ
513 5764 653 5836 ὑπὲρ
696 5766 889 5819 αὐτόν·
948 5767 1066 5820 κατ’
1114 5766 1292 5831 αὐτὸν,
1322 5766 1384 5818 οὐ
1416 5766 1533 5819 κατ’
1583 5766 1767 5820 αὑτοῦ.

204 5850 319 5906 Kal
346 5852 561 5906 ἔλασεν
595 5855 627 5907 ό
646 5854 787 5919 Θεες
812 5854 916 5907 τὸν
942 5852 1269 5923 ἄνθρωπον,
1289 5855 1471 5924 φησιν,
1500 5853 1570 5909 ὃν
1590 5855 1773 5908 emta-

1868 4661 2027 4717 beat?
2052 4660 2121 4715 Ut
2145 4670 2200 4713 tu
2233 4662 2513 4727 comedas,
2539 4661 2629 4715 ille
2659 4660 2926 4726 moritur;
2958 4671 3016 4714 ut
3042 4669 3097 4713 tu
3117 4661 3430 4723 delecteris,

1869 4752 1964 4807 ille
2009 4751 2412 4820 exstinguitur;
2445 4761 2500 4804 ut
2551 4759 2609 4804 tu
2663 4766 2789 4804 cum
2850 4760 3106 4819 serpente
3160 4751 3435 4821 colloquia

1872 4842 2125 4907 misceas,
2164 4842 2258 4897 ille
2302 4843 2516 4897 alienus
2564 4857 2593 4895 a
2629 4841 2738 4896 Deo
2788 4840 3040 4899 eﬂicitur.
3072 4842 3141 4895 At
3171 4842 3310 4896 nihil
3338 4843 3434 4896 bo-

1870 4951 1992 4989 rum
2033 4936 2197 4990 arbor
2241 4936 2431 4989 locuta
2463 4942 2567 4989 est.
2602 4934 2745 5000 Quid
2792 4933 2977 4988 istud?
3018 4934 3147 5003 quia
3201 4935 3434 4989 rationis

1871 5041 2069 5095 expers
2100 5033 2241 5092 erat,
2272 5026 2367 5081 sed
2416 5026 2586 5096 legem
2633 5034 2846 5081 tantum
2893 5026 3165 5096 gestabat.
3197 5024 3331 5079 Nam
3364 5026 3436 5079 si-
3523 5068 3527 5073 .

1870 5127 1969 5172 cut
2004 5118 2164 5184 liber,
2193 5118 2285 5188 qui
2317 5126 2468 5173 totus
2509 5118 2855 5187 conscriptus
2898 5126 3005 5182 est,
3037 5116 3175 5171 nihil
3215 5131 3284 5171 ex
3343 5132 3434 5171 se-

1872 5211 1994 5281 ipso
2021 5212 2289 5282 loquitur,
2334 5212 2582 5281 loquitur
2639 5226 2770 5266 vero
2812 5227 2910 5280 per
2956 5226 3020 5266 ea
3065 5224 3184 5278 quae
3223 5210 3280 5263 in
3311 5209 3431 5278 ipso

1872 5312 2035 5359 sunt:
2069 5307 2141 5359 ita
2177 5320 2400 5374 quoque
2446 5304 2611 5359 arbor
2648 5318 2750 5374 pro
2789 5303 2990 5357 litteris
3033 5302 3205 5372 legem
3241 5300 3431 5369 praefe—

1874 5398 2045 5451 rebat.
2081 5395 2254 5463 Quam
2301 5411 2431 5451 vero
2476 5397 2696 5467 legem?
2737 5394 2807 5449 De
2852 5396 2990 5466 ligno
3050 5394 3284 5449 scientia
3310 5393 3431 5447 boni

1873 5498 1924 5542 et
1973 5488 2099 5541 mali
2147 5504 2208 5541 ne
2240 5478 2545 5542 comedatis.
2577 5486 2640 5540 In
2668 5502 2975 5556 quacunque
3015 5487 3151 5541 enim
3183 5485 3268 5539 die
3292 5501 3431 5537 com-
3515 5477 3535 5501 ⁴

1873 5580 2088 5634 ederitis
2118 5618 2132 5640 ,
2179 5588 2349 5633 morte
2426 5579 2723 5634 moriemini
2781 5577 2960 5647 (Gen.
3004 5595 3063 5644 ll,
3118 5577 3239 5646 i7).
3289 5576 3430 5642 Quid

1875 5672 2043 5740 igitur
2096 5671 2345 5740 Moyses?
2407 5671 2556 5725 dicat
2621 5686 2743 5741 quae
2792 5678 3115 5741 sequuntur.
3174 5668 3243 5722 Et
3294 5667 3431 5719 dixit

1874 5764 2014 5817 Deus
2042 5780 2073 5818 :‘
2095 5763 2216 5817 Non
2265 5772 2343 5817 est
2402 5766 2592 5818 bonum
2637 5763 2897 5817 hominem
2946 5779 3059 5817 esse
3098 5762 3306 5815 solum:
3348 5760 3431 5826 {a-

1876 5856 2078 5911 cfamus
2126 5856 2195 5909 ei.
2225 5854 2535 5924 adjutricem
2564 5854 2787 5910 similent
2825 5855 2922 5909 sibi
2958 5853 3133 5922 (Ibid.
3161 5853 3225 5908 18
3246 5852 3287 5921 ).
3318 5850 3443 5905 Ad-
