4024 6414
617 420 748 489 1331

1795 414 1855 472 S.
1886 405 2203 473 JOANNIS
2231 402 2659 465 DAMASCENI

3708 390 3839 456 i332

608 539 892 609 jutricem,
942 531 1142 605 inquit,
1190 545 1301 585 non
1347 528 1508 602 515
1542 526 1647 581 viri
1683 522 2030 586 carniﬁcem;
2070 519 2172 575 ad-

2279 533 2367 580 σε,
2399 515 2496 569 καὶ
2526 515 2692 568 ἔθετο
2720 510 2905 565 αὑτὸν
2936 510 3010 564 ἐν
3062 507 3144 574 τῷ
3192 506 3537 576 παραδείσῳ
3555 505 3670 573 τῆς
3704 523 3835 575 τρυ-

609 629 894 699 jutricem,
976 640 1089 680 non
1153 622 1553 686 seductricem;
1637 616 1985 686 adjutricem,
2060 627 2173 667 non

617 718 1058 778 insidiatricem;
1117 712 1465 784 adjutricem,
1496 725 1606 766 non
1649 701 2175 770 adversariam;ad-

615 812 895 885 intricem,
957 823 1068 864 non
1110 804 1490 876 superiorem:
1544 800 1830 855 secundum
1882 813 2021 862 eum,
2076 809 2173 851 seu

617 905 852 962 similem
886 903 1084 973 ipsius,
1124 914 1232 953 non
1264 903 1457 952 contra
1505 894 1708 965 ipsum.
1739 891 1808 946 Et
1838 889 2055 960 accepit,
2088 887 2177 941 in-

618 994 759 1063 quit,
795 991 937 1045 Deus
995 987 1256 1041 hominem
1307 999 1460 1054 quem
1489 983 1855 1053 "armaverat,
1899 988 1951 1033 et
1997 978 2175 1047 posuit

616 1085 769 1139 illum
814 1078 1159 1150 invparadiso
1198 1076 1505 1145 voluptatis.
1548 1072 1690 1140 Quid
1733 1085 1899 1143 porro
1926 1069 2172 1129 affertur.

617 1175 971 1246 quamobrem
1007 1172 1151 1226 Deus
1189 1170 1457 1223 Adamum
1495 1175 1649 1222 extra
1689 1162 2006 1235 paradisum
2044 1176 2177 1217 con-

618 1267 842 1332 diderit,
893 1280 1131 1334 cumque
1169 1270 1325 1318 extra
1351 1259 1677 1333 paradisum
1710 1256 2174 1318 formasseteum,

617 1358 747 1412 illuc
771 1358 953 1427 ipsum
989 1353 1311 1417 collocarit;
1339 1352 1393 1406 in
1442 1349 1704 1420 paradiso
1742 1358 1923 1402 autem
1952 1360 2020 1400 ex
2051 1344 2173 1414 ejus

617 1458 774 1505 costa
818 1448 981 1503 Evam
1028 1446 1328 1503 fabricatus
1375 1443 1482 1500 sit?
1527 1440 1671 1508 Quid
1717 1455 1899 1495 causae
1940 1448 2045 1504 est,
2075 1452 2177 1491 cur

617 1556 731 1597 non
776 1540 1063 1596 mulierem
1111 1552 1331 1609 quoque
1381 1543 1540 1591 extra
1584 1533 1898 1605 paradisum
1928 1530 2174 1597 tinxerit,

616 1642 785 1709 atque
818 1633 895 1689 ita
924 1631 1147 1687 demum
1183 1632 1241 1684 in
1272 1628 1588 1700 paradisum
1641 1624 2032 1682 transtulerit?
2073 1624 2178 1679 uti-

617 1740 724 1796 que
755 1739 822 1781 ne
847 1724 1087 1780 disceret
1118 1728 1270 1777 extra
1295 1721 1517 1776 domum
1565 1733 1720 1774 suam
1781 1715 2047 1787 divagari,
2078 1713 2177 1771 sed

617 1813 765 1869 domi
825 1828 885 1869 se
942 1812 1250 1877 continere,
1300 1809 1725 1865 domesticarum
1774 1821 1955 1862 rerum
1985 1820 2175 1861 curam

616 1906 848 1978 agendo.
883 1903 1020 1958 Nam
1048 1919 1200 1969 cum,
1234 1902 1363 1957 licet
1393 1900 1569 1957 eﬂicta
1599 1899 1771 1955 fuerit
1799 1899 1855 1954 in
1890 1898 2173 1970 paradiso,

617 1998 732 2053 illic
757 2006 942 2053 tamen
974 2010 1085 2051 non
1127 1994 1514 2065 permanserit,
1546 1992 1643 2047 sed
1683 1999 1736 2047 et
1772 1990 2013 2060 seipsam
2050 1990 2177 2043 hinc

615 2088 933 2153 extruserit,
964 2086 1236 2157 simulque
1268 2085 1535 2139 Adamum
1567 2082 1876 2147 abduxerit,
1911 2080 2042 2153 quid
2066 2096 2177 2135 non

614 2185 833 2239 factura
858 2190 997 2247 erat,
1032 2181 1081 2237 si
1125 2178 1348 2235 condita
1384 2187 1539 2235 extra
1587 2178 1905 2249 paradisum
1938 2176 2180 2234 fuisset?

615 2279 699 2333 Ab
726 2293 788 2333 ea
845 2276 1018 2347 igitur
1062 2272 1325 2344 improbae
1369 2271 1709 2326 mulierculae
1755 2270 2070 2326 didicerunt
2111 2270 2180 2326 de

616 2374 779 2424 domo
804 2368 860 2423 in
888 2367 1111 2422 domum
1143 2363 1576 2419 circumradere.
1608 2364 1756 2429 Quas
1793 2362 1959 2417 etiam
1986 2362 2180 2417 beatus

615 2458 822 2514 Paulus
874 2457 960 2512 bis
1003 2454 1186 2511 verbis
1246 2453 1546 2509 insectatus
1602 2461 1689 2508 est
1716 2471 1739 2506 ε.
1789 2449 1967 2506 Simul
2019 2451 2181 2505 etiam

619 2552 800 2606 otiosa:
846 2548 1059 2604 discunt
1104 2547 1385 2601 circumire
1434 2543 1617 2598 domos
1657 2542 1723 2615 (Ι
1754 2544 1888 2597 Tim.
1950 2558 2004 2609 ν,
2051 2543 2177 2614 15).

618 2642 746 2699 Haec
777 2656 919 2697 uxor
947 2639 1051 2697 Job
1073 2639 1437 2705 addidicerat,
1457 2651 1584 2692 cum
1622 2634 1877 2690 maritum
1911 2649 2071 2690 suum
2102 2637 2182 2690 sic

618 2735 1000 2805 alloquebatur
1029 2752 1043 2788 :
1083 2731 1193 2803 Ego
1235 2747 1368 2803 vaga
1421 2737 1473 2783 et
1503 2727 1708 2796 famula
1753 2742 1893 2789 sum,
1920 2726 2089 2781 eloco
2123 2727 2182 2780 in

620 2830 792 2884 locum
826 2825 1201 2887 obambulans,
1255 2833 1306 2878 et
1348 2839 1375 2876 e
1404 2822 1559 2876 domo
1599 2820 1654 2873 in
1687 2819 1922 2873 domum.
1949 2816 2089 2888 (Job
2119 2831 2179 2883 lt,

618 2922 653 2977 9
706 2938 810 2977 sec.
866 2918 1069 2991 LXX).
1109 2916 1379 2973 Caeterum
1425 2929 1538 2968 non
1568 2912 1638 2967 ab
1671 2924 1732 2965 re
1765 2910 1925 2975 dixit,
1965 2909 2184 2965 erratri-

618 3028 775 3069 cem:
809 3010 1013 3081 quippe
1046 3023 1168 3078 quae
1200 3006 1553 3075 impostorem
1598 3002 1653 3055 in
1696 2999 1877 3067 seipsa
1933 2998 2178 3054 haberet.

617 3104 689 3157 At
718 3118 785 3157 ne
812 3101 940 3171 quis
965 3099 1227 3167 deinceps
1267 3095 1431 3150 velim
1477 3092 1534 3145 in
1577 3090 1741 3142 Evam
1791 3088 2077 3143 maledicta
2102 3089 2184 3159 ja-

2274 610 2414 680 φῆς.
2448 607 2603 671 Τίνος
2623 601 2715 661 οὖν
2732 604 2940 667 ἕνεκεν,
2965 602 3059 656 τὸν
3087 602 3187 672 μὲν
3211 601 3383 671 Ἀδὰμ
3406 599 3515 665 ἔξω
3545 598 3643 653 τοῦ
3668 616 3839 669 παρα.

2273 704 2451 757 δείσου
2480 701 2703 765 ἔπλασε,
2742 698 2837 752 καὶ
2869 696 2973 763 ἔξω
3001 694 3213 756 πλάσας
3257 694 3339 755 είς
3387 692 3482 744 τὸν
3513 690 3838 761 παράδεισον

2274 796 2447 861 ἔθετο,
2487 797 2546 851 ὲν
2580 795 2637 848 δὲ
2686 791 2765 863 τῷ
2819 788 3132 863 παραδείσῳ
3159 791 3225 842 ὲκ
3250 787 3352 855 τῆς
3396 786 3644 856 πλευρᾶς
3679 784 3837 836 αὑτοῦ

2273 888 2376 960 τὴν
2417 886 2563 941 Εὕαν
2602 882 3002 956 ἐδημιούργησε
3023 899 3038 949 ;
3063 879 3162 934 Διὰ
3193 878 3246 933 τί
3264 879 3359 932 οὖν
3393 878 3469 950 μὴ
3499 880 3596 931 καὶ
3620 877 3723 945 τὴν
3748 894 3840 943 γυ-

2274 985 2436 1036 ναῖκα
2479 968 2709 1035 ἐπὶίασεν
2740 977 2844 1042 ἔξω
2890 975 2985 1029 τοῦ
3029 973 3383 1045 παραδείσου,
3414 970 3513 1024 καὶ
3541 964 3649 1023 εἷθ’
3675 968 3839 1031 οὕτως

2275 1075 2445 1144 αὐτὴν
2474 1075 2553 1136 είς
2576 1071 2669 1125 τὸν
2699 1069 3031 1141 παράδεισον
3063 1065 3400 1138 μετῴκισενς
3438 1065 3531 1117 ἴνα
3576 1063 3657 1132 μὴ

2276 1166 2381 1232 ἔξω
2407 1165 2500 1219 τοῦ
2537 1164 2735 1234 ἑαυτῆς
2763 1161 2913 1216 οἴκου
2946 1159 3264 1231 ρἐὃεσθαι,
3291 1158 3384 1211 καὶ
3412 1157 3507 1210 τοῦ
3540 1156 3680 1209 ἰδίου
3702 1157 3839 1208 οἴκου

2277 1257 2614 1329 ἀντέχεσθαι.
2652 1257 2714 1310 El
2747 1256 2856 1325 7&9
2888 1254 2985 1308 καὶ
3009 1254 3068 1306 ὲν
3087 1251 3166 1323 τῷ
3191 1249 3504 1322 παραδείσῳ
3522 1246 3838 1315 διεπλάσθη.

2276 1352 2373 1407 καὶ
2400 1352 2501 1405 οὐκ
2537 1348 2931 1420 ἐκαρτέρησεν,
2961 1345 3099 1400 ἀλλὰ
3120 1344 3217 1398 καὶ
3247 1342 3445 1411 ἑαυτὴν
3486 1340 3712 1405 ἐξέωσε,
3754 1341 3843 1391 καὶ

2275 1444 2369 1498 τὸν
2407 1442 2578 1513 Ἀδὰμ
2614 1439 2966 1511 ἠλλοτρίωσε,
3009 1437 3062 1491 τί
3114 1435 3308 1507 ἔμελλε
3340 1434 3631 1507 πράττειν,
3672 1432 3719 1483 εί
3746 1431 3843 1495 ἔξω

2276 1534 2370 1589 τοῦ
2401 1533 2735 1606 παραδείσου
2780 1528 3110 1600 διεπλάσθη;
3156 1528 3251 1582 Ἐκ
3283 1527 3498 1597 ταύτης
3548 1524 3756 1595 ἔμαθον
3790 1524 3842 1575 al

2277 1628 2478 1699 φαῦλαι
2507 1627 2765 1696 γυναῖκες
2784 1623 2962 1678 οίκίαν
2990 1621 3050 1688 ἐξ
3076 1621 3256 1683 οἰκίας
3300 1617 3726 1691 περιέρχεσθαι.
3753 1619 3845 1677 ’Δς

2276 1719 2546 1785 ὀνειδίζων
2574 1721 2603 1773 ὁ
2634 1718 2902 1789 μακάριος
2938 1715 3150 1778 Παύλος
3189 1714 3410 1781 ἔλεγεν·
3442 1713 3597 1781 Ἅμα
3642 1709 3713 1763 δὲ
3752 1709 3846 1761 καί

2277 1812 2446 1883 ὀργαί
2495 1809 2907 1882 μανθάνουσι,
2953 1807 3404 1876 περιερχόμεναι
3462 1804 3575 1868 τὰς
3636 1803 3841 1865 οἰκίας.

2278 1903 2463 1958 Ταῦτα
2515 1900 2882 1972 ὲμαθήτευσεν
2930 1897 2966 1967 ἡ
3016 1894 3156 1967 γυνὴ
3202 1893 3298 1947 τοῦ
3336 1892 3495 1946 ’1ὠ6’
3554 1891 3717 1958 ἔλεγε
3745 1891 3845 1960 γὰρ

2279 1995 2413 2066 πρὸς
2438 1994 2531 2046 τὸν
2559 1992 2691 2045 ίδιον
2724 1990 2893 2061 ἄνδρα
2918 2004 2932 2021 ·
2984 1986 3133 2057 Ἐγὼ
3178 1982 3477 2052 πλανῆτις
3501 1982 3608 2035 καὶ
3646 1982 3845 2048 λάτρις

2276 2085 2687 2157 τυγχάνουσα,
2714 2083 2902 2137 τόπον
2931 2079 3001 2134 ἐκ
3025 2081 3214 2135 τόπου
3246 2074 3712 2146 περιερχομὲνη,
3756 2076 3844 2126 ml

2279 2181 2475 2235 οὶκίαν
2501 2177 2571 2240 ἐξ
2599 2175 2812 2240 οἰκίας.
2843 2172 3041 2234 Καλῶς
3087 2165 3207 2223 εἶπε
3253 2169 3521 2239 πλανῆτις
3543 2184 3559 2197 ·
3604 2167 3704 2219 τὸν
3747 2166 3846 2234 γὰρ

2279 2272 2478 2327 πλάνον
2512 2266 2658 2341 εἶχεν
2678 2270 2736 2322 ἐν
2767 2268 2951 2337 ἑαυτῇ.
2969 2263 3131 2318 Ἀλλὰ
3160 2263 3370 2334 μηδεὶς,
3390 2257 3728 2330 παρακαλῶ,
3758 2258 3845 2311 τοῦ

2277 2364 2469 2421 λοιποῦ
2493 2361 2803 2433 λοιδορείτω
2832 2358 2931 2431 τὴν
2976 2356 3142 2412 Εὕαν.
3183 2357 3254 2409 Ἠ
3286 2355 3397 2425 7&9
3424 2353 3562 2422 ἁγία
3592 2351 3847 2413 Θεία-,ὁπως

2283 2457 2556 2531 Παρθένος
2581 2454 2679 2525 τὴν
2707 2451 2865 2523 ὓϐριν
2887 2448 3055 2519 αὐτῆς
3090 2446 3469 2518 ἀπεγράψατο.
3518 2443 3586 2496 El
3622 2441 3736 2511 γὰρ
3764 2441 3845 2492 καὶ

2281 2549 2635 2621 ἁτακτήσασα
2674 2543 2961 2615 συνόμιλος
2984 2539 3061 2615 τῷ
3088 2540 3209 2609 ὄφει
3238 2538 3462 2607 γέγονεν
3482 2554 3498 2568 ο
3548 2535 3669 2589 ἀλλ’
3711 2535 3847 2602 ὅμως

2279 2640 2369 2696 διὰ
2391 2642 2489 2712 τῆς
2541 2635 2888 2706 τεκνογονίας
2916 2634 2977 2688 τὸ
3015 2632 3177 2701 ἄλγος
3211 2631 3311 2700 τῆς
3334 2628 3567 2699 ἀνομίας
3596 2626 3844 2685 ἀπέθετο,

2281 2731 2463 2794 καθὼς
2511 2730 2606 2783 ml
2632 2728 2662 2781 ὁ
2718 2726 3041 2788 Ἀπόστολος
3090 2722 3463 2793 ἐμνημόνευσε
3524 2718 3745 2786 λέγων·
3784 2718 3847 2771 Ἦ

2280 2821 2435 2892 γυνὴ
2463 2818 2840 2888 ἀπατηθεῖσα
2862 2817 2934 2871 ἐν
2972 2814 3304 2885 παραϐάσει
3344 2812 3619 2882 γέγονεν,
3653 2810 3842 2875 σωθήο

2280 2928 2451 2968 σεται
2471 2912 2541 2965 δὲ
2563 2910 2661 2965 διὰ
2685 2908 2794 2978 τῆς
2806 2908 3210 2979 τεκνογονίας.
3238 2905 3405 2967 Ποιάς
3427 2921 3442 2970 ;
3466 2906 3533 2957 ὲκ
3558 2903 3659 2973 μὲν
3690 2900 3847 2955 αὐτοῦ

2281 3007 2376 3061 τοῦ
2418 3005 2590 3075 ’Δδὰμ
2639 3005 2690 3057 οἱ
2739 3000 3093 3072 γεννηθέντες
3143 2997 3352 3059 παῖδες,
3377 2996 3472 3049 ἀπ’
3501 2993 3691 3048 αὐτῶν
3718 2993 3774 3046 δὲ
3802 2994 3847 3044 oi

2286 3098 2403 3169 μετ’
2443 3096 2707 3160 ἐκείνους,
2764 3090 2882 3147 εἷτα
2937 3094 2985 3145 οί
3043 3090 3403 3162 πατριάρχαι,
3463 3088 3515 3139 οἱ
3550 3084 3845 3157 προφῆται,

619 3199 748 3252 ciat.
788 3193 1004 3248 Etenim
1043 3197 1235 3245 sancta
1275 3185 1367 3241 Dei
1417 3182 1667 3239 Genitrix
1706 3179 1876 3251 Virgo
1908 3181 2173 3249 probrum

2281 3190 2468 3256 Δαϐὶδ,
2498 3188 2593 3243 καὶ
2618 3187 2680 3241 τὸ
2700 3185 2842 3239 κατὰ
2861 3184 3039 3255 σάρκα
3063 3184 3091 3235 ὁ
3113 3181 3387 3249 Δεσπότης
3418 3178 3682 3249 Χριστὸς,
3707 3180 3732 3228 ὁ
3757 3176 3849 3227 καὶ

619 3290 769 3346 illius
823 3286 1045 3344 delevit.
1086 3282 1347 3351 Quamvis
1397 3279 1543 3334 enim
1594 3277 1702 3331 Eva
1758 3277 2070 3347 petulanter
2117 3291 2179 3333 se

2286 3278 2384 3351 τὴν
2411 3277 2590 3347 λύπην
2627 3274 2987 3345 φυγαδεύσας,
3024 3270 3119 3325 καὶ
3145 3270 3244 3341 τὴν
3276 3269 3436 3340 χάριν
3468 3266 3801 3338 βραϐεύει-ας.

618 3382 882 3453 gerendo,
925 3392 1207 3435 sermones
1234 3366 1357 3431 cum
1400 3378 1656 3442 serpente
1682 3369 1985 3433 miscuerit,
2051 3368 2298 3428 dolorem
2369 3380 2550 3426 tamen
2597 3368 2905 3438 iniquitatis
2952 3364 3334 3435 procreatione
3395 3361 3642 3414 ﬁliorum
3718 3358 3849 3425 abie-

617 3478 743 3533 cit:
784 3476 945 3545 cujus
990 3474 1156 3529 etiam
1213 3468 1551 3526 mentionem
1598 3464 1732 3520 facit
1776 3463 2074 3535 Apostolus
2128 3466 2324 3523 dicens
2354 3486 2367 3522 :
2396 3465 2593 3520 Mulier
2620 3464 2853 3519 seducta
2918 3462 2975 3515 in
3040 3458 3477 3529 prwvaricatione
3545 3456 3675 3525 fuit.
3738 3452 3850 3508 Sal-

617 3572 829 3625 uabitur
897 3575 1073 3622 autem
1126 3581 1217 3635 per
1268 3563 1503 3633 ﬁliorum
1554 3558 1967 3629 procreationem
2033 3556 2092 3627 (Ι
2126 3558 2263 3613 Tim.
2303 3576 2365 3623 ιι,
2397 3557 2525 3626 id).
2591 3557 2831 3627 Ecquam
2877 3553 3137 3609 tandem?
3200 3567 3270 3607 ex
3330 3550 3548 3605 Adamo
3593 3548 3847 3602 nimirum

616 3663 777 3720 liberi
808 3659 1061 3733 prognati
1104 3666 1289 3716 suutz'
1324 3672 1392 3713 ex
1445 3654 1584 3727 ipsis
1616 3667 1814 3708 rursus
1842 3651 1939 3722 qui
2007 3658 2134 3722 post
2200 3651 2325 3711 illos
2396 3652 2697 3717 exstitere;
2758 3648 2956 3704 deinde
3000 3644 3355 3717 patriarchae,
3402 3641 3713 3711 prophetae,
3754 3635 3851 3689 Da-

615 3754 731 3819 vid,
755 3762 809 3811 et
838 3755 934 3826 qui
967 3769 1033 3810 ex
1069 3768 1134 3809 eo
1163 3750 1468 3809 secundum
1507 3762 1731 3805 carnem
1776 3752 1960 3802 ortum
1993 3745 2175 3813 duxit,
2217 3746 2486 3804 Dominus
2542 3744 2707 3803 Jesus
2759 3742 3037 3809 Christus,
3094 3755 3126 3794 a
3199 3753 3310 3811 quo
3373 3736 3537 3808 pulsa
3592 3732 3849 3788 mmstitia

617 3857 725 3912 est.
754 3849 1081 3917 invectaque
1113 3847 1313 3918 gratia.

687 3935 1099 4011 Ejusd.—-Quid
1142 3935 1368 4006 pulchra
1404 3932 1602 3989 mulier
1634 3930 1996 4002 ?sepulcrum
2026 3928 2178 3987 deal-

616 4040 827 4102 batum,
887 4035 996 4090 nisi
1053 4031 1315 4104 pudicitia
1375 4036 1622 4085 ornetur.
1671 4026 1887 4081 Etenim
1931 4024 2182 4097 pulchriv

614 4130 771 4195 tudo,
800 4136 855 4183 et
884 4125 1079 4182 morbo
1109 4121 1418 4189 marcescit,
1442 4131 1498 4176 et
1525 4127 1703 4175 morte
1731 4116 2175 4186 interrumpitur.

619 4220 881 4276 Mulieres
930 4215 1261 4287 prostitutae,
1294 4213 1558 4282 ingenuas
1611 4220 1896 4265 matronas
1929 4218 2183 4262 antever-

616 4313 806 4374 tendo,
841 4306 1321 4377 solentappellare
1369 4312 1593 4369 scorta;
1624 4318 1693 4356 ne
1749 4300 1880 4370 quid
1907 4300 2013 4353 illm
2048 4313 2181 4352 con-

616 4405 747 4459 vicii
782 4402 1043 4465 habeant,
1075 4399 1217 4467 quod
1245 4398 1299 4450 in
1332 4397 1480 4466 ipsas
1530 4401 1806 4465 regerant.

617 4518 754 4575 ΤΙΤ.
785 4514 925 4570 XIII.
971 4513 1044 4567 De
1072 4514 1301 4584 ingluvie
1332 4523 1380 4566 et
1410 4510 1537 4592 gula
1567 4526 1585 4563 :
1616 4505 1820 4578 etquod
1856 4522 1918 4559 ea
1947 4514 2169 4559 mortem

1289 4590 1530 4637 accersit.

692 4679 821 4737 Gen.
857 4695 983 4744 xxv,
1035 4675 1127 4731 5³5.
1158 4706 1224 4716 -
1260 4693 1278 4726 ι
1315 4670 1576 4728 Vendidit
1627 4668 1773 4724 Esau
1824 4663 2185 4738 primogenita

622 4790 720 4831 sua
750 4772 939 4829 Jacob.
994 4770 1165 4825 Jacob
1198 4776 1380 4822 autem
1442 4759 1672 4817 tradidit
1700 4759 1847 4815 Esau
1900 4772 2100 4828 panem
2129 4762 2187 4809 et

2212 4572 2260 4631 D

2357 3929 2422 3984 Τί
2450 3931 2595 3983 ἐστιν
2619 3925 2893 3996 εὔμορφος
2920 3922 3086 3991 γυνή;
3116 3920 3286 3989 τάφος
3322 3914 3737 3985 κεκονιαμένος,
3760 3914 3850 3965 ἐὰν

2290 4022 2367 4095 μὴ
2391 4020 2659 4090 σωφρονῇ.
2694 4016 2769 4069 Τὸ
2788 4016 2896 4085 γὰρ
2923 4012 3137 4076 κάλλος,
3174 4009 3269 4061 καὶ
3316 4006 3458 4075 νόσῳ
3504 4002 3847 4073 μαραίνεται,

2286 4116 2383 4171 καὶ
2403 4111 2616 4181 θανάτῳ
2637 4108 3009 4163 διακόπτεται.
3031 4105 3096 4157 Δί
3112 4102 3368 4170 γυναῖκες
3392 4099 3451 4150 αἱ
3474 4097 3699 4166 πόρναι,
3728 4109 3850 4163 προ-

2287 4203 2661 4275 λαμϐάνουσαι
2687 4200 2782 4255 καὶ
2808 4197 2906 4262 τὰς
2930 4193 3217 4264 ἐλευθέρας
3238 4190 3464 4245 καλοῦσι
3505 4188 3739 4259 πόρνας,
3769 4186 3848 4237 ἶνα

2291 4293 2369 4368 μὴ
2390 4294 2583 4365 ἔχωσιν
2612 4288 2815 4344 ἐκεῖναί
2848 4304 2902 4341 τι
2930 4283 3276 4356 ἀνθυὸρίσαι.

2289 4502 2472 4557 ΤΙΤΛ.
2502 4499 2576 4553 I".
2603 4526 2671 4538 —-
2702 4496 2842 4564 Περὶ
2876 4490 3339 4564 γαστριμαργίας
3379 4485 3487 4564 καί
3511 4488 3735 4564 κόροιυ
3765 4484 3845 4536 ὅτι

2492 4570 2533 4638 ἠ
2582 4556 3304 4639 τιιστρὶμαργιῶθᾶνατον
3335 4556 3633 4625 προξενεῖ.

2367 4685 2384 4717 ι
2437 4661 2694 4717 Ἀπὲδοτο
2754 4656 2923 4712 Ἦσαῦ
2980 4654 3049 4709 τὰ
3097 4650 3441 4724 πρωτοτοκία
3493 4649 3574 4721 τῷ
3632 4645 3843 4707 Ἰακὼϐ,

2302 4754 2496 4811 Ἰακὼὸ
2515 4752 2573 4807 δὲ
2600 4752 2768 4805 ἔδωκε
2800 4749 2880 4819 τῷ
2918 4745 3090 4803 Ἦσαῦ
3123 4747 3289 4817 ἄρτον
3307 4744 3399 4796 καὶ⁵
3420 4741 3608 4812 ἕψημα
3638 4737 3813 4807 φακοῦ
3830 4752 3843 4763 ·

620 4867 923 4922 coctionem
947 4864 1113 4918 lentis
1146 4882 1159 4915 :
1190 4872 1243 4915 et
1265 4855 1504 4914 comedit
1526 4854 1638 4917 ille,
1663 4860 1717 4906 et
1749 4849 1908 4913 bibit,
1932 4860 2177 4915 surgens-

2288 4849 2384 4903 καὶ
2412 4847 2581 4917 ἔφαγε
2599 4885 2614 4909 ,
2667 4843 2763 4897 καὶ
2788 4842 2931 4906 ἔπιε,
2957 4840 3050 4894 καὶ
3078 4836 3317 4900 ἀναστὰς
3338 4835 3529 4906 ᾤχετο,
3564 4834 3659 4886 καὶ
3688 4828 3846 4900 ἐφαύ-

618 4975 731 5031 que
761 4957 895 5012 abiit
932 4974 945 5010 :
987 4963 1041 5009 et
1065 4948 1411 5023 parvipendit
1446 4945 1588 5001 Esau
1624 4940 2008 5013 primogenita.
2042 4958 2060 4990 ι

2289 4938 2437 4992 λισεν
2476 4932 2644 4989 Ἡσαῦ
2672 4932 2741 4986 τὰ
2768 4930 3133 5000 πρωτοτόκια.
3169 4946 3189 4979 ι

693 5012 870 5104 Exod.
902 5012 1082 5107 XXXII;
1123 5044 1178 5096 6.
1202 5012 1276 5086 έ-
1322 5058 1341 5090 ι
1381 5035 1532 5091 Sedit
1569 5012 1809 5104 populus
1844 5028 2177 5083 manducare

2366 5050 2384 5082 ι
2434 5026 2716 5081 Ἐκάθισεν
2741 5022 2918 5085 όλαὺς
2948 5023 3143 5091 φαγεῖν
3162 5018 3261 5073 καὶ
3290 5018 3456 5081 πιεῖν,
3489 5017 3585 5069 καὶ
3619 5012 3845 5082 ἀνέστη-

618 5154 676 5199 et
696 5143 906 5209 bibere,
967 5148 1024 5193 et
1064 5140 1431 5192 surrexerunt
1475 5103 1689 5183 ludere.
1728 5123 1798 5176 Et
1824 5122 2048 5176 locutus
2105 5128 2177 5175 est

2293 5137 2352 5174 σε
2382 5117 2617 5183 παίζειν.
2647 5115 2759 5171 Καὶ
2790 5113 3053 5195 ξλιξλησεν
3076 5114 3106 5165 ὁ
3124 5110 3328 5182 Κύριος
3351 5108 3487 5179 πρὸς
3524 5106 3733 5175 Μωσῆν
3763 5103 3845 5156 λι-

622 5196 905 5288 ὖοῖιζίιίυέ
923 5228 990 5283 ad
1048 5225 1271 5295 Moysen
1321 5216 1556 5276 dicens:
1588 5213 1763 5277 Vade,
1805 5220 1859 5267 et
1906 5208 2177 5265 descende

2289 5228 2432 5281 7wv'
2471 5210 2684 5274 Βάδιζε,
2709 5206 2801 5261 καὶ
2822 5202 3093 5274 κατάϐηθι
3116 5202 3176 5256 τὸ
3203 5201 3365 5272 τάχος
3392 5196 3655 5252 ἐντεῦθεν.
3699 5196 3843 5248 Ἠνό-

620 5328 754 5383 hiuc
790 5321 1069 5380 celeriter.
1106 5284 1360 5371 Peccavit
1389 5310 1534 5367 enim
1567 5306 1809 5378 populus
1841 5312 1993 5367 tuus,
2022 5313 2177 5370 quem

2293 5318 2435 5374 μησε
2456 5301 2565 5371 γὰρ
2593 5301 2622 5352 ὁ
2648 5298 2775 5362 λαός
2801 5313 2921 5361 σου,
2943 5294 3037 5359 οὓς
3062 5293 3332 5364 ἐξήγαγον
3354 5291 3413 5359 ἐξ
3438 5288 3731 5359 Αἰγύπτου,
3754 5284 3843 5339 καὶ

620 5418 785 5476 eduxi
834 5417 903 5473 de
956 5413 1209 5486 Egypto,
1262 5416 1317 5463 et
1363 5405 1611 5461 fecerunt
1659 5396 1886 5453 vitulum
1947 5392 2177 5450 conﬂati-

2290 5394 2551 5464 ἐποίησαν
2575 5390 2773 5462 μόσχον
2792 5386 3080 5460 γωνευτόν.
3116 5402 3137 5438 ι

624 5510 753 5565 lem.
768 5528 785 5558 ι

692 5599 793 5656 Job
825 5615 913 5660 ιι..
943 5597 1026 5651 Η.
1053 5624 1122 5637 --
1154 5613 1172 5646 ι
1196 5592 1384 5647 Virtus
1437 5585 1653 5642 Satanae
1681 5584 1738 5637 in
1786 5575 2043 5634 umbilico
2059 5589 2189 5631 ven-

624 5693 749 5750 tris.
789 5712 806 5743 ι

709 5784 877 5838 Ecoli.
906 5797 1063 5843 xxxi,
1098 5779 1186 5834 19.
1215 5807 1282 5817 --
1316 5796 1332 5825 ‹
1365 5773 1445 5831 Nc
1472 5765 1827 5843 inexplebilis
1858 5761 1934 5819 sis
1955 5761 2011 5817 in
2036 5774 2156 5815 men

633 5893 715 5935 sa.
750 5890 817 5930 nc
849 5873 990 5929 forte
1014 5871 1277 5928 oﬂ‘cudas.
1316 5888 1333 5920 ›

2367 5592 2387 5625 ι
2430 5575 2495 5628 Ἠ
2526 5572 2757 5642 δύναμις
2785 5567 2881 5625 τοῦ
2904 5568 3120 5623 Σατανᾶ
3145 5565 3231 5620 ἐπ’
3253 5563 3497 5636 ὀμφάλου
3535 5559 3779 5632 γαστρός.
3818 5575 3837 5609 ι

2369 5778 2388 5808 ο
2425 5756 2514 5827 Μὴ
2549 5754 2889 5827 ἀπληστεύου
2954 5750 3046 5806 ἐπὶ
3082 5745 3381 5820 τραπέζης,
3429 5757 3627 5814 μηποτε
3680 5753 3839 5808 προσ-

2300 5851 2492 5921 κόψῃς.
2536 5868 2554 5901 ›
