3910 6414
70 432 224 496 I333

1298 419 1533 481 SACRA
1568 415 2027 476 PARALLELA.

3204 400 3333 469 1334

157 561 177 592 ς
206 536 367 608 Ψυχὴ
387 538 445 590 ὲν
468 536 748 606 πλησμονῇ
769 528 926 594 οὖσα,
957 530 1168 602 κηρίοις
1190 530 1449 601 ἐμπαίζει
1468 544 1483 560 ο
1507 527 1633 598 cum

1764 523 1926 595 616
1971 523 2147 576 Prov.
2201 535 2372 582 xxvn,
2408 519 2461 574 7.
2506 546 2575 557 ——
2611 533 2631 568 ι
2690 515 2883 570 Anima
2937 524 3182 572 satura’a
3244 513 3354 565 fu.‘

71 632 141 685 δὲ
182 631 372 694 ἐνδεεῖ,
402 628 586 681 καὶτὰ
611 626 782 696 μικρά
812 624 1017 693 γλυκέα
1049 623 1316 693 φαίνεται.
1361 641 1380 673 ι

156 826 177 858 ι
222 805 317 869 Ὃς
349 802 743 873 κατασπαταλᾷ
770 803 833 855 ὲκ
859 801 1068 865 παιδὸς,
1099 800 1313 873 οἰκέτης
1335 799 1509 854 ἔσται.
1548 819 1566 851 ι

152 1000 171 1033 ι
230 981 313 1034 Ἐν
340 983 408 1053 τῇ
436 979 615 1052 κοιλίᾳ
639 980 923 1051 ὲπτέρνισε
948 979 1039 1033 τόν
1061 978 1290 1049 ἀδελφὸν
1315 978 1499 1043 αὑτοῦ,
1538 978 1645 1033 Ἰα-

64 1072 219 1127 κώϐ.
262 1091 283 1124 ι

150 1185 170 1218 ι
216 1166 353 1220 Οὐαὶ
375 1164 426 1219 oi
452 1165 786 1236 ἐγειρόμενοι
809 1166 884 1233 τῷ
907 1166 1071 1238 πρωῒ,
1096 1167 1189 1220 καὶ
1212 1165 1274 1219 τὸ
1305 1166 1496 1236 σίκερα
1516 1165 1640 1219 διώ-

60 1276 285 1323 κοντες,
340 1260 390 1312 οί
447 1258 701 1329 μένοντες
733 1258 793 1312 τὸ
819 1258 945 1329 ὀψέί
988 1259 1046 1314 '0
1097 1260 1205 1331 γάρ
1254 1253 1395 1321 οἶνος
1444 1260 1641 1323 αὐτοὺς

60 1347 393 1417 συγκαύσει.
427 1367 448 1400 ι

146 1460 166 1492 ι
197 1440 406 1505 Πάντες
431 1442 481 1495 οί
509 1440 599 1495 τόν
623 1436 765 1496 οἶνον
801 1440 1067 1506 πίνοντες,
1102 1441 1572 1513 αίσχυνθήσονται.
1612 1459 1634 1491 ι

145 1639 166 1672 ι
217 1620 627 1693 Ἐπλανήθησαν
648 1621 736 1675 διὰ
762 1623 824 1675 τὸ
850 1622 1063 1693 σίκερα,
1103 1620 1279 1693 ἱερεὺς
1311 1620 1406 1676 καὶ
1426 1622 1637 1692 προφή-

53 1729 168 1783 της
188 1729 206 1747 ’
234 1712 530 1785 ἐξέστησαν
554 1713 641 1766 διὰ
665 1712 754 1767 τὸν
779 1708 941 1766 οἶνον.
981 1732 1003 1764 ι

1752 629 1850 669 vos
1892 610 2189 667 irridebit:
2223 610 2421 665 anima:
2472 624 2603 665 vero
2650 605 2958 671 esurienti,
3001 607 3117 676 ipsa
3191 617 3330 671 quo-

1754 719 1860 775 que
1886 717 2075 757 amara
2099 700 2283 755 dulcia
2323 698 2603 754 videntur.
2637 716 2655 749 ι

1821 796 1983 849 Prov.
2010 811 2167 859 χιιι,
2197 793 2289 847 21.
2318 823 2385 834 --
2413 811 2433 844 ι
2485 790 2587 857 Qui
2623 788 2911 844 deliciatur
2942 802 2971 840 a
3003 802 3199 857 puero,
3237 783 3321 834 l'a-

1750 888 1933 942 mulus
1955 887 2081 955 erit.
2115 905 2135 938 ι

1820 979 1953 1036 Osee
2010 994 2147 1043 χιιι,
2176 980 2305 1033 5.-
2336 996 2354 1029 ι
2386 974 2445 1030 1η
2476 982 2668 1031 ventre
2696 971 3070 1044 supplantavit
3091 971 3316 1027 fratrem

1747 1087 1962 1138 suum,»
1986 1069 2156 1128 Jacob
2173 1071 2405 1127 scilicet.
2434 1088 2453 1120 ι

1815 1163 1934 1219 ha.
1966 1181 2023 1229 v,
2072 1163 2163 1220 11.
2188 1192 2259 1221 --.
2295 1180 2314 1213 ι
2347 1160 2441 1216 Va:
2466 1160 2561 1231 qui
2591 1159 2926 1230 consurgitis
2965 1156 3230 1215 diluculo,
3263 1164 3318 1209 et

1746 1257 1975 1312 siceram
2029 1252 2334 1317 sectamini,
2358 1254 2448 1323 qui
2488 1250 2827 1321 exspectatis
2865 1264 3148 1320 vesperam
3178 1248 3190 1299 ι
3221 1246 3315 1300 Vi-

1753 1364 1887 1404 num
1918 1347 2063 1403 enim
2086 1361 2182 1403 eos
2220 1345 2494 1400 incendet.
2533 1362 2555 1394 ι

1814 1439 1929 1495 ha.
1964 1455 2093 1494 xxw
2129 1478 2145 1505 ,
2208 1428 2263 1493 9'.
2312 1468 2380 1479 —-
2414 1433 2663 1491 «Omnes
2715 1434 2808 1505 qui
2857 1431 3054 1487 bibunt
3104 1443 3309 1492 vinum,

1742 1530 2171 1587 confundantur.
2210 1548 2231 1583 ι

1812 1622 1930 1678 Ita.
1960 1638 2151 1687 xxvm,
2187 1622 2246 1675 7.
2270 1652 2340 1665 —-
2368 1639 2388 1674 ι
2423 1619 2766 1676 Erraverunt
2800 1625 3022 1687 propter
3074 1612 3308 1668 siceram

1741 1713 2001 1770 sacerdos
2036 1721 2092 1770 et
2153 1713 2418 1785 propheta
2451 1731 2464 1767 :
2507 1710 2827 1768 exciderunt
2879 1716 3061 1763 mente
3088 1714 3310 1776 propter

1740 1821 1951 1860 vinum.
1990 1824 2012 1859 ι

146 1913 165 1945 ι
208 1894 531 1959 Στενάζουσι
583 1858 783 1962 πάντες
824 1897 873 1950 οί
924 1897 1339 1969 εὐφραινόμενοι
1388 1898 1491 1968 τὴν
1531 1898 1633 1969 ψυ-

1807 1897 1921 1954 Ιεα.
1956 1914 2105 1964 xxiv,
2136 1900 2191 1954 7.
2228 1929 2294 1939 —
2325 1916 2344 1949 ι
2383 1895 2759 1966 lngemiscunt
2801 1907 2995 1948 omnes
3027 1889 3123 1961 qui
3156 1890 3308 1943 lata-

140 2002 249 2039 ν.»
716 2038 719 2045 ,

140 2003 191 2039 ν.
229 2002 249 2035 ι
716 2038 719 2045 ,

53 1986 165 2129 vi:
209 2076 467 2132 Ἑκάλεσε
515 2079 720 2150 Κύριος
742 2082 800 2134 ἑν
825 2083 891 2152 τῇ
933 2081 1116 2154 ἡμέρᾳ
1148 2082 1331 2155 ἐκείνῃ
1356 2074 1637 2155 κλαυθμὸν

58 2171 167 2224 καὶ
198 2171 448 2236 κοπετὸν,
484 2171 713 2245 ξύρησιν
748 2174 842 2228 καὶ
873 2172 1038 2238 ζῶσιν
1093 2173 1341 2228 σάκκων·
1374 2175 1529 2230 αὐτοὶ
1578 2176 1636 2229 δὲ

55 2265 390 2335 ἐποιήσαντο
439 2264 800 2337 εὐφροσύνην,
855 2266 1202 2335 είσφάζοντες
1250 2270 1503 2338 μόσχους,
1542 2270 1636 2322 καὶ

58 2358 291 2423 θύοντες
315 2357 583 2430 πρόϐατα,
613 2358 881 2427 λέγοντες,
936 2357 1206 2429 Φάγωμεν
1245 2359 1341 2413 καὶ
1386 2360 1631 2431 πίωμενο

56 2447 262 2521 αὔριον
294 2448 401 2518 γὰρ
421 2448 857 2521 ἀποθνήσκομεν.
902 2468 923 2503 ι

144 2560 162 2592 ι
202 2541 265 2594 Οί
299 2536 570 2605 ἐσθίοντες
601 2542 699 2606 τὰς
729 2542 960 2613 τρυφὰς,
989 2542 1367 2615 ἠφανίσθησαν
1407 2546 1465 2598 ὲν
1514 2548 1634 2611 ταῖς

55 2632 270 2697 ἐξόδοις
291 2649 307 2665 ο
333 2636 381 2687 οί
411 2634 791 2705 τιθηνούμενοι
825 2638 917 2690 ἐπὶ
960 2636 1179 2705 κόκκον,
1214 2637 1639 2709 περιεϐάλλοντο

56 2724 319 2796 κοπρίαν.
360 2743 381 2777 ι
418 2764 423 2767 ς

142 2837 162 2869 ι
211 2818 414 2872 Ὀπίσω
449 2819 557 2874 τῶν
578 2820 883 2886 ἐπιθυμιῶν
907 2839 1000 2876 σου
1023 2821 1098 2894 μή
1117 2823 1373 2895 πορεύου,
1400 2824 1495 2878 καί⁵
1524 2824 1634 2879 ἀπὸ

54 2910 173 2962 τῶν
200 2910 431 2981 ὀρέξεων
461 2928 554 2965 σου
583 2912 812 2968 κωλύου.
854 2915 980 2968 Ἐὰν
1017 2918 1332 2989 χορηγήσῃς
1364 2920 1431 2988 τῇ
1482 2918 1628 2989 ψυχῇ

53 3016 162 3052 σου
195 3000 444 3055 εὐδοκίαν
476 3001 789 3073 ἐπιθυμίας,
821 3006 1067 3078 ποιήσεις
1096 3008 1379 3080 ἑπίχαρμα
1423 3008 1634 3080 ἐχθρῶν

56 3110 182 3145 σου.
224 3111 243 3144 1
1102 3120 1105 3129 ι

142 3205 164 3290 1
198 3184 951 3290 εύφραίνουὶπξπολλῇ
989 3195 1189 3266 τρυφῇ.
1224 3195 1461 3267 Στρόφος
1494 3215 1631 3268 μετα
1660 3233 1704 3290 c

54 3276 262 3347 ἀνδρὸς
284 3277 584 3348 ἀπλήστου.
611 3279 839 3344 Κοιλίας
864 3282 1064 3354 ὄρεξις,
1090 3286 1183 3339 καὶ
1212 3290 1629 3361 συνουσιασμὸς,

54 3369 142 3438 μή
178 3385 247 3437 με
277 3367 753 3426 καταλαϐέτωσαν.
787 3392 808 3424 ι

140 3565 160 3597 ι
206 3546 295 3617 Μὴ
320 3546 663 3617 ἀπληστεύου
686 3550 745 3604 ἐν
770 3552 919 3626 πάσῃ
944 3557 1144 3626 τρυφῇ.
1182 3557 1270 3611 Ἐν
1291 3559 1505 3624 πολλοῖς
1527 3563 1638 3635 γὰρ

53 3638 353 3708 βρώμασιν
382 3640 544 3694 ἔσται·
565 3642 737 3705 νόσος.
793 3644 959 3716 Ἀνὴρ
991 3645 1205 3716 βλέπων
1236 3651 1316 3714 είς
1356 3654 1634 3722 τράπεζαν

50 3728 372 3801 ἀλλοτρίαν,
396 3731 497 3785 ούκ
520 3732 669 3787 ἔστιν
688 3734 852 3788 αὐτοῦ
886 3737 915 3789 ὁ
932 3737 1043 3807 βίος
1066 3740 1123 3793 ὲν
1149 3740 1396 3814 λογισμῷ
1422 3744 1584 3815 ζωῆς.
1609 3764 1630 3797 ι

138 3936 157 3967 ι
186 3915 325 3970 οὐαὶ
347 3916 497 3986 ὑμῖν,
514 3919 562 3971 oi
584 3920 1147 3990 ὲμπεπλησμένοι,ὃτι
1174 3924 1480 3978 πεινάσετε.
1500 3926 1636 3979 Οὐαὶ

48 4007 216 4076 ὑμῖν,
242 4008 291 4059 οί
320 4005 607 4075 γελῶντες,
634 4010 715 4063 ὅτι
744 4010 1040 4082 πενθήσετε
1063 4014 1157 4067 καὶ
1183 4014 1471 4069 κλαύσετε.
1505 4035 1524 4067 ι

172 4186 513 4257 (Προσέχετε
547 4187 783 4253 ἑαυτοῖς,
846 4191 1056 4261 μήποτε
1106 4191 1260 4263 ὑμῶν
1295 4191 1638 4263 βαρυνθῶσιν

51 4280 119 4333 αἱ
138 4279 361 4351 καρδίαι
390 4281 450 4334 ὲν
484 4281 766 4354 κραιπάλῃ
789 4283 885 4336 καὶ
907 4282 1069 4356 μέθῃ.
1120 4285 1413 4355 μερίμναις
1463 4286 1640 4357 βιωτι-

52 4374 213 4436 καῖς,
244 4371 337 4424 καὶ
364 4373 645 4439 αἰφνιδίως
671 4375 799 4444 ὑμῖν
824 4375 1017 4445 ἐπιστῇ
1047 4377 1080 4445 ἡ
1100 4377 1282 4448 ήμέρα
1306 4378 1509 4451 ἐκείνη.
1550 4382 1637 4445 Ὠς

52 4464 237 4533 παγίς
284 4465 567 4519 ἐλεύσεται
618 4467 712 4519 ἐπὶ
767 4468 977 4532 πάντας
1008 4470 1136 4532 τοὺς
1181 4470 1525 4541 καθημένους
1542 4474 1636 4527 ἐπὶ

52 4555 361 4627 πρόσωπον
394 4557 574 4628 πάσης
593 4558 694 4626 τῆς
722 4558 846 4628 γῆς.
878 4578 897 4611 ι

140 4668 158 4699 ι
193 4648 491 4719 Ἐθρέψατε
518 4650 617 4715 τὰς
640 4650 865 4723 καρδίας
896 4650 1074 4721 ὑμῶν,
1100 4651 1175 4716 ὼς
1195 4652 1253 4706 ἐν
1286 4653 1467 4726 ἡμέρᾳ
1496 4672 1636 4725 σφα-

51 4757 187 4808 γης-
232 4758 249 4791 ι

140 4851 160 4884 ι
200 4832 342 4896 Τοὺς
368 4832 595 4903 ἐχθροὺς
619 4833 711 4887 τοῦ
738 4833 994 4905 σταυροῦ,
1015 4828 1090 4890 ὧν
1115 4837 1173 4889 τὸ
1192 4836 1343 4900 τέλος
1368 4836 1634 4901 ἀπώλεια,

50 4919 136 4979 ὧν
170 4927 201 4977 ὁ
230 4923 362 4987 Θεὸς
396 4926 430 4995 ή
471 4924 677 4988 κοιλία,
720 4926 866 4997 καὶὴ
893 4925 1021 4993 δόξα
1064 4928 1124 4979 ὲν
1164 4931 1238 4997 τῇ.
1280 4928 1512 5000 αἰσχύνῃ
1542 4930 1636 4983 αὐ.-

49 5032 195 5069 των.
242 5032 261 5063 ι

138 5126 160 5157 ι
195 5105 291 5176 Μή
332 5122 415 5169 τις
461 5106 693 5177 πόρνος,
726 5106 760 5176 ἢ
809 5106 1035 5176 βέϐηλος
1077 5106 1153 5169 ὡς
1192 5107 1383 5167 Ἡσαῦ.
1417 5108 1479 5173 ὃς
1514 5110 1638 5163 ἀντὶ

53 5196 329 5269 βρώσεως
366 5198 495 5267 μιᾶς
531 5198 760 5252 ἀπέδοτο
784 5198 853 5252 τὰ
878 5199 1217 5270 πρωτοτόκια
1250 5199 1437 5256 αὑτοῦ.
1486 5221 1525 5254 ι,

132 5372 507 5439 Εύεκτοῦντος
550 5374 646 5428 καί
688 5371 1047 5444 ὑπερζέοντός
1104 5387 1199 5426 σου
1242 5370 1335 5426 τοῦ
1389 5371 1667 5441 αἵματος,

48 5466 295 5539 ἀφορμὴ
344 5465 482 5537 πρὸς
532 5462 805 5535 ἁμαρτίαν
834 5464 869 5533 ἡ
896 5461 1241 5533 πολυσαρκία
1267 5461 1499 5530 γίνεται.
1551 5461 1645 5530 Μὴ

50 5557 338 5617 κολάκευέ
374 5574 469 5611 σου
511 5558 572 5610 τὸ
610 5556 772 5627 σῶμα
813 5554 1033 5620 ὕπνοις,
1076 5554 1173 5609 καὶ
1219 5554 1463 5625 λουτροῖς
1484 5594 1497 5620 ,
1549 5553 1645 5607 καὶ

57 5652 337 5716 μαλακοῖς
386 5651 696 5721 στρώμασι,
734 5649 825 5705 ἀεὶ
853 5649 1137 5718 ἐπιλέγων,
1168 5646 1231 5702 τὸ
1261 5647 1414 5721 ῥῆμα
1455 5647 1641 5701 τοῦτο·

58 5748 165 5814 Τίς
184 5743 447 5816 ὠφέλεια
463 5744 535 5801 ἐν
557 5743 637 5810 τῷ
661 5744 866 5815 αἵματι
891 5762 1031 5815 μου,
1060 5743 1131 5799 ἐν
1158 5740 1241 5809 τῷ
1263 5742 1647 5797 καταϐαίνειν

51 5855 133 5907 με
166 5839 260 5905 εὶς
292 5835 657 5907 διαφθοράνς
685 5835 751 5891 Τί
780 5836 1151 5907 περιέπειςτὸ
1185 5835 1382 5907 μικρὸν
1422 5834 1647 5904 ὕστερον

1736 1992 1938 2048 bantur
1971 1991 2179 2046 animo.
2219 2009 2238 2043 ι

1807 2084 1924 2140 Ιεα.
1950 2100 2087 2147 xxu,
2121 2082 2208 2139 12.
2237 2111 2308 2124 -
2342 2101 2360 2134 ι
2389 2080 2623 2137 Vocavit
2658 2079 2934 2135 Dominus
2973 2077 3026 2132 in
3070 2075 3161 2132 die
3214 2074 3309 2129 illa

1734 2178 2012 2249 planctum
2050 2187 2104 2233 et
2128 2176 2334 2240 fletum,
2390 2174 2677 2230 calvitium
2710 2181 2768 2229 et
2796 2169 3086 2240 cingulum
3118 2169 3306 2224 sacci.

1732 2269 1842 2339 lpsi
1880 2279 2059 2324 autem
2080 2267 2334 2324 fecerunt
2360 2265 2796 2335 iucunditatem,
2817 2262 3140 2333 jugulantes
3166 2260 3309 2314 vitu-

1730 2362 1837 2427 los,
1881 2368 1937 2417 et
1969 2362 2321 2417 immolantes
2349 2374 2513 2424 oves;
2548 2358 2801 2413 dicentes
2835 2375 2850 2412 :
2901 2354 3305 2410 Manducemus

1732 2462 1785 2509 et
1818 2453 2073 2508 bibamus
2104 2472 2117 2508 :
2159 2468 2285 2507 cras
2316 2452 2463 2506 enim
2500 2450 2827 2504 moriemur.
2877 2466 2895 2500 ι

1810 2546 2006 2603 Thren.
2042 2561 2120 2611 Iv,
2156 2544 2212 2599 5.
2255 2572 2322 2583 --
2352 2562 2369 2594 ι
2398 2537 2503 2607 Qui
2542 2540 2909 2596 vescebantur
2953 2538 3303 2607 voluptuose,

1729 2637 1991 2694 oxstincti
2039 2644 2170 2693 sunt
2211 2635 2264 2689 in
2313 2633 2555 2689 exitibus
2606 2632 2820 2687 viarum
2870 2629 3011 2700 :qui
3070 2628 3308 2683 delicate

1731 2727 2116 2783 nutricbantur
2152 2724 2207 2778 in
2240 2738 2426 2789 croco,
2462 2721 2754 2792 amplexati
2786 2729 2914 2776 sunt
2939 2727 3202 2775 stercora.
3251 2734 3270 2768 ι

1802 2817 1972 2873 Eccti.
2015 2832 2171 2883 xvm,
2205 2816 2298 2871 30.
2326 2844 2396 2856 —
2417 2833 2436 2866 ι
2469 2812 2603 2869 Post
2641 2811 3135 2881 concupiscentias
3178 2816 3305 2863 tuas

1730 2926 1802 2965 ne
1834 2924 1951 2976 eas,
1984 2916 2039 2964 et
2069 2923 2099 2962 a
2130 2906 2528 2977 cupiditatibus
2569 2905 2682 2960 tuis
2710 2904 2952 2959 abstine.
2987 2901 3043 2956 Si
3068 2907 3302 2972 praestes

1732 3004 1931 3058 animae
1964 3010 2072 3057 tua:
2100 3001 2247 3072 quod
2270 2999 2741 3069 concupiscentiae
2772 2995 3165 3067 complacitum
3193 3004 3302 3060 est,

1734 3094 1909 3149 facies
1946 3093 2210 3163 gaudium
2248 3091 2492 3147 inimicis
2515 3092 2645 3145 tuis.
2696 3108 2721 3141 ι

1812 3184 1979 3240 Εσείί.
2001 3200 2149 3249 χχιιι,
2178 3184 2248 3238 20
2276 3201 2291 3251 ;
2317 3200 2474 3251 χχιιι,
2496 3183 2529 3237 6
2550 3198 2569 3247 ;
2589 3179 2973 3244 xxxvu,29.——
3002 3199 3020 3231 ι
3050 3178 3130 3234 Ne
3153 3177 3307 3233 oblc-

1736 3279 1906 3335 cteris
1933 3279 1988 3333 in
2030 3278 2218 3333 multis
2248 3277 2485 3332 deliciis.
2529 3275 2769 3330 Tortura
2804 3282 2891 3329 est
2919 3288 3044 3327 cum
3071 3272 3189 3324 viro
3217 3271 3307 3324 in-

1734 3370 1940 3425 frunito
1978 3376 2033 3424 et
2078 3368 2420 3439 inexplebili.
2475 3367 2930 3438 Concupiscentia
2984 3365 3216 3435 ventris,
3252 3372 3308 3421 et

1734 3460 2082 3524 concubitus,
2112 3476 2181 3513 ne
2201 3459 2666 3528 comprehendant
2702 3474 2807 3514 me.
2848 3477 2868 3509 ι

1806 3550 1976 3605 Eccli.
2012 3568 2101 3617 xL,
2128 3552 2221 3617 29,
2253 3552 2344 3606 30.
2386 3581 2457 3591 —
2491 3570 2509 3603 ι
2539 3550 2617 3606 Ne
2644 3560 2695 3606 te
2720 3552 3027 3622 ingurgites
3052 3553 3108 3607 in
3133 3552 3309 3607 omni-

1734 3645 1838 3700 bus
1861 3643 2094 3699 deliciis.
2124 3641 2184 3697 ln
2216 3644 2404 3699 multis
2426 3643 2576 3699 enim
2605 3643 2751 3698 cibis
2782 3644 2890 3698 erit
2930 3645 3180 3698 morbus.
3208 3641 3305 3696 Vir

1733 3734 2037 3806 respiciens
2074 3734 2129 3788 in
2165 3749 2416 3790 mensam
2467 3734 2729 3800 alienam,
2756 3750 2869 3789 non
2916 3744 3002 3789 est
3028 3736 3149 3800 vita,
3179 3734 3304 3803 ejus

1733 3824 1791 3880 in
1821 3826 2154 3897 cogitatione
2181 3826 2381 3881 victus.
2399 3844 2420 3877 ι

1803 3915 1935 3971 Luc.
1962 3934 2039 3985 γι,
2070 3918 2242 3972 25.—
2263 3937 2282 3969 ι
2308 3916 2401 3972 Va:
2425 3918 2574 3973 vobis
2595 3918 2689 3987 qui
2717 3920 2944 3973 saturati
2976 3919 3133 3982 estis,
3174 3918 3304 3988 quia

1733 4008 2015 4065 esurietis.
2059 4007 2153 4064 Va:
2192 4009 2348 4065 vobis
2380 4008 2478 4079 qui
2516 4007 2737 4073 ridetis,
2772 4008 2903 4079 quia
2961 4007 3220 4079 lugebitis
3244 4015 3301 4061 et

1734 4100 1961 4156 flebitis.
2000 4118 2026 4152 ι

1805 4190 1938 4246 Luc.
1970 4205 2088 4253 ιιι,
2114 4190 2205 4246 54.
2232 4222 2303 4231 —-
2329 4209 2349 4243 ι
2384 4190 2663 4246 Attendite
2694 4190 2871 4256 vobis,
2907 4207 2975 4247 ne
3006 4191 3147 4247 forte
3178 4206 3305 4262 gra-

1732 4291 1933 4338 ventur
1960 4282 2129 4337 corda
2151 4292 2331 4338 vestra
2371 4283 2617 4353 crapula,
2648 4291 2704 4337 et
2748 4283 3029 4349 ebrietate,
3061 4291 3115 4337 et
3156 4285 3306 4338 curis

1735 4374 1901 4443 bujus
1925 4374 2072 4437 vitae,
2100 4381 2155 4426 et
2177 4382 2401 4443 repente
2468 4374 2822 4442 superveniat
2849 4375 3006 4430 vobis
3034 4374 3155 4429 dies
3188 4375 3301 4429 illa.

1736 4465 2021 4536 Tanquam
2055 4464 2287 4534 laqueus
2318 4464 2464 4519 enim
2498 4466 2853 4533 superveniet
2886 4465 2941 4519 in
2973 4481 3164 4521 omnes
3209 4468 3303 4536 qui

1656 4568 1703 4629 ι)
1732 4557 1927 4613 sedent
1954 4572 2123 4626 super
2163 4556 2357 4612 faciem
2395 4563 2611 4611 terra.»

1807 4647 1931 4703 Jac.
1961 4663 2015 4713 v,
2041 4648 2095 4704 5.
2132 4679 2201 4690 —
2236 4668 2255 4699 ι
2293 4648 2599 4704 Enutristis
2624 4648 2796 4703 corda
2827 4661 3032 4717 vestra,
3059 4658 3117 4704 ut
3146 4650 3201 4705 in
3217 4651 3306 4706 dic

1736 4737 2055 4795 occisionis.
2100 4755 2121 4789 ι
3046 4757 3053 4765 ο

1810 4826 1959 4882 Phil.
1989 4842 2076 4891 ιιι,
2104 4824 2192 4881 18.
2223 4858 2292 4867 -
2318 4844 2336 4877 ι
2365 4824 2633 4882 Inimicos
2662 4827 2869 4893 crucis,
2905 4844 3141 4897 quorum
3176 4832 3303 4888 tlnis

1736 4920 2012 4987 interitus,
2067 4934 2300 4991 quorum
2340 4919 2481 4974 deus
2513 4926 2706 4974 venter
2752 4932 2858 4989 est,
2919 4932 2973 4977 et
3020 4923 3188 4994 gloria
3246 4926 3302 4979 in

1737 5013 2059 5069 confusione
2082 5012 2352 5082 ipsorum.
2394 5029 2435 5077 ιε

1811 5104 1980 5160 Hebr.
2011 5120 2111 5169 xu,
2144 5102 2234 5158 16.
2256 5134 2326 5146 -
2360 5122 2379 5154 ι
2403 5102 2483 5158 Ne
2521 5103 2647 5174 quis
2685 5104 3006 5170 fornicator,
3043 5116 3136 5160 aut
3173 5121 3301 5173 pro-

1738 5198 1898 5253 fanus
1933 5206 1995 5253 ut
2013 5198 2180 5262 Esau,
2213 5196 2308 5267 qui
2338 5212 2439 5267 pro
2463 5200 2624 5254 unico
2652 5200 2778 5255 cibo
2804 5199 3049 5253 vendidit
3098 5203 3301 5269 primo-

1736 5291 1919 5361 genita
1943 5304 2065 5344 sua.
2101 5308 2123 5341 ι

1804 5374 1984 5430 Basil.
2018 5377 2071 5430 in
2102 5380 2242 5445 psal.
2272 5394 2388 5436 xix.
2416 5410 2490 5422 -
2544 5381 2689 5436 Bene
2732 5397 2791 5437 se
2840 5382 3093 5446 habente,
3123 5392 3178 5437 et
3210 5399 3301 5438 su-

1735 5481 1833 5537 pra
1860 5465 2081 5521 modum
2107 5468 2405 5527 ebulliente
2433 5472 2697 5541 sanguine
2722 5486 2789 5525 ex
2811 5472 3077 5528 obesitate
3101 5483 3156 5528 et
3179 5492 3302 5531 cor-

1735 5555 2005 5625 pulentia,
2052 5558 2313 5623 peccandi
2343 5559 2564 5614 occasio
2624 5558 2992 5613 contrahitur.
3048 5560 3297 5622 Cavesis.

1734 5660 1804 5701 ne
1859 5647 2079 5717 corpori
2118 5655 2214 5702 tuo
2246 5648 2567 5715 blandiaris,
2610 5650 2841 5717 somnis,
2874 5650 3223 5724 balneisque.
3251 5662 3301 5707 et

1733 5740 1993 5798 mollibus
2023 5744 2285 5814 stragulis
2314 5745 2496 5817 ipsum
2525 5744 2797 5805 deliniens
2838 5766 2853 5804 :
2891 5748 3023 5819 quin
3044 5750 3146 5803 hoc
3171 5748 3300 5802 etfa-

1734 5844 1848 5890 tum
1887 5852 2103 5908 semper
2134 5838 2325 5897 accinc
2359 5858 2373 5895 :
2450 5856 2531 5896 ua:
2565 5840 2771 5897 utilitas
2804 5842 2856 5897 in
2884 5845 3137 5914 sanguine
3163 5858 3307 5909 meo,
