4024 6410
597 395 735 461 1335

1726 396 1785 455 s.
1826 393 2148 456 JOANNIS
2183 350 2637 456 DAMASCENIr

3704 387 3836 455 ιειτεδ

594 509 725 561 dum
755 506 1018 565 descendo
1040 509 1097 563 in
1149 509 1543 579 corruptionem
1570 505 1808 575 ?(Pral.
1851 521 2005 571 xxix,
2033 502 2165 574 10),

2277 507 2869 579 καταφθαρησόμενον;
2916 505 2971 561 τί
3011 501 3393 566 καταπιαίνεις
3444 501 3710 567 σεαυτὸν,
3751 506 3837 558 καὶ

592 597 739 665 Quid
776 600 912 656 illud
940 600 1282 674 foves,quod
1317 603 1480 674 paulo
1512 608 1635 672 post
1661 601 2016 655 interiturum
2044 596 2169 653 est?

594 691 729 760 quid
762 693 998 763 teipsum
1027 696 1286 766 pinguem
1314 701 1368 749 et
1399 693 1780 763 corpulentum
1816 689 2049 745 reddis?
2082 688 2171 743 An

597 799 650 840 te
676 781 841 861 iugi't,
868 788 1013 859 quod
1035 795 1243 857 quanto
1262 784 1595 841 crassiorem
1619 798 1842 839 carnem
1865 793 2015 837 tuam
2042 780 2170 836 red-

598 883 828 952 dideris,
863 888 1017 936 tanto
1069 880 1296 951 gravius
1323 879 1521 932 animae
1550 884 1660 932 tua:
1694 875 1968 931 struxeris
2010 888 2170 945 erga-

598 979 802 1034 stulum
830 976 853 1031 ?
877 973 1165 1042 Quomodo
1197 972 1343 1028 enim
1384 982 1639 1027 terrenus
1679 978 1734 1026 et
1787 969 2031 1025 carnalis
2068 968 2168 1023 ho-

595 1085 689 1125 mo
723 1066 1077 1123 confitebitur
1138 1065 1271 1129 Deo,
1299 1071 1355 1120 et
1377 1064 1669 1119 veritatem
1700 1063 1879 1133 ipsius
1941 1077 2164 1116 annun-

598 1160 796 1216 tiabit?
822 1159 915 1228 qui
968 1173 1037 1213 ne
1055 1156 1423 1228 percipienda:
1471 1155 1693 1226 quidem
1728 1154 1998 1209 doctrinae
2028 1161 2168 1209 tem-

598 1251 752 1322 poris
795 1249 1007 1321 aliquid
1066 1249 1376 1319 impertiat,
1421 1249 1555 1302 etin
1590 1256 1743 1301 tanta
1786 1248 1976 1301 carnis
2025 1246 2171 1301 mole

597 1340 883 1396 confusam
932 1348 1169 1395 trientem
1210 1339 1428 1394 habeat.

668 1429 860 1501 Ejusd.
895 1462 966 1471 —
997 1429 1229 1485 Sursum
1274 1428 1553 1500 quondam
1590 1426 1836 1484 Adamns
1865 1437 2009 1496 erat,
2057 1442 2168 1483 non

596 1525 742 1590 loco,
804 1521 899 1576 sed
933 1520 1096 1593 417
1147 1521 1315 1575 animi
1367 1520 1704 1577 inductione.
1757 1520 1956 1576 Statim
2011 1535 2167 1588 vero,

596 1632 721 1672 cum
781 1615 933 1669 omni
984 1616 1270 1685 voluptate
1330 1614 1598 1679 aﬂlueret,
1653 1630 1719 1671 ex
1777 1617 2070 1670 saturitate
2111 1615 2169 1671 in

596 1708 957 1779 petulantiam
1011 1708 1163 1774 ruit;
1213 1707 1436 1778 quippe,
1475 1708 1571 1777 qui
1619 1707 1725 1763 hoc
1768 1707 1916 1779 quod
1948 1708 2168 1765 carneis

594 1801 775 1855 oculis
828 1815 1109 1855 ammnum
1176 1800 1493 1867 videbatur,
1545 1800 1877 1872 intelligibili
1934 1801 2013 1856 illi
2044 1802 2169 1872 pul-

594 1891 903 1947 chritudini
933 1895 1338 1962 anteposuerit.
1367 1900 1424 1947 et
1445 1893 1633 1948 carnis
1678 1893 1973 1964 ingluviem
1999 1893 2169 1963 spiri-

595 1986 844 2043 tualibus
917 1986 1337 2042 oblectamentis
1400 1984 1864 2056 praestabiliorem
1923 1984 2166 2041 duxerit.

596 2076 719 2144 Quo
748 2076 950 2133 factum
982 2085 1093 2143 est,
1137 2085 1199 2132 ut
1225 2077 1520 2133 confestim
1548 2093 1579 2133 e
1613 2078 1895 2148 paradiso,
1923 2094 1955 2133 e
1987 2079 2168 2146 beato,

596 2173 848 2243 inquam,
893 2172 985 2228 illo
1039 2180 1211 2241 statu,
1243 2174 1573 2230 exturbatus
1596 2174 1703 2239 sit;
1735 2173 1914 2230 malus
1943 2173 2171 2244 quidem

595 2264 799 2329 factus,
828 2278 940 2319 non
971 2265 1329 2331 necessitate,
1358 2265 1455 2321 sed
1481 2265 1876 2336 imprudentia.

668 2354 858 2426 Ejusd.
890 2356 1033 2411 hom.
1074 2356 1153 2410 De
1171 2357 1346 2427 jejun.
1376 2389 1447 2399 —
1470 2355 1675 2413 Venter
1720 2359 1863 2414 cibis
1916 2369 2171 2426 onustus,

596 2462 708 2502 non
741 2447 922 2502 dicam
957 2448 1025 2503 ad
1055 2463 1306 2515 cursum,
1348 2448 1445 2506 sed
1487 2465 1556 2505 ne
1605 2449 1671 2504 ad
1700 2464 2014 2505 sermonem
2049 2450 2175 2521 qui-

596 2540 721 2595 dem
749 2550 909 2611 aptus
961 2552 1069 2598 est.
1118 2541 1380 2597 Ciborum
1413 2543 1617 2614 quippe
1671 2544 1828 2614 c0pia
1870 2558 2173 2615 oppressus

598 2647 725 2689 cum
757 2634 852 2701 sit,
886 2649 957 2690 ne
991 2634 1198 2690 sinitur
1223 2634 1449 2705 quidem
1493 2637 1804 2706 quiescere,
1844 2636 1940 2692 scd
1971 2638 2168 2691 multas

599 2727 656 2780 in
691 2734 979 2797 utramque
1007 2734 1220 2797 partem
1252 2726 1657 2783 conversiones
1693 2729 1908 2798 cogitur
1936 2728 2170 2785 edicere.

675 2815 816 2872 Ibid.
847 2848 918 2860 --
939 2816 1140 2875 Venter
1176 2819 1546 2876 inﬁdissimus
1591 2821 1648 2874 in
1683 2821 2033 2876 commerciis
2065 2829 2171 2886 est,

598 2910 828 2967 minime
848 2918 1031 2967 tutum
1065 2928 1234 2983 penu,
1266 2913 1412 2985 quod
1447 2913 1636 2969 multis
1665 2913 1723 2968 in
1757 2928 1817 2970 se
1847 2914 2171 2981 reconditis,

597 3002 990 3059 detrimentum
1040 3005 1263 3074 quidem
1313 3005 1572 3073 retineat,
1624 3020 1748 3076 qum
1805 3019 1939 3061 vero
1972 3005 2173 3062 tradita

598 3095 705 3150 sibi
746 3104 899 3162 sunt,
939 3097 1165 3151 minime
1190 3106 1395 3154 servet.

2267 603 2655 673 περισαρκοῖς;
2682 600 2714 673 ἢ
2735 598 2878 674 [οὐκ]
2899 599 3231 670 ἀγνοεῖς,ὂτι
3256 599 3383 652 ὅσον
3410 600 3732 669 παχυτέραν
3751 600 3865 691 τήνἶ

2270 694 2453 767 σάρκα
2500 692 2694 750 ἐαυτοῦ
2739 696 2933 759 ποιεῖς,
2965 692 3218 784 τοσούτῳῗ
3240 692 3564 784 ᾼβαρὺτερον
3594 695 3673 784 τῇᾲ
3702 692 3834 784 ψυχῇ
3858 739 3871 784 ι

2268 784 2701 849 κατασκευάζεις
2732 783 3107 855 δεσμωτήριον
3133 800 3148 847 ;
3178 781 3303 846 Πῶς
3338 782 3447 854 γάρ
3470 783 3503 835 δ
3531 782 3722 852 χοῖκδς
3755 781 3871 843 ἄνεί

2269 877 2484 948 θρωπος
2527 880 2621 932 καὶ
2653 879 2907 949 σάρκινος
2954 877 3410 949 ἐξομολογήσεται
3447 875 3529 946 τῷ
3562 874 3709 945 Θεῷ,
3754 874 3836 927 καὶ

2268 971 2559 1041 ἀναγγελεῖ
2605 972 2706 1043 τήν
2762 971 3023 1044 ἀλήθειαν
3058 969 3258 1035 αὑτοῦ,
3308 972 3337 1024 ὁ
3366 971 3501 1041 μήτε
3558 968 3836 1039 μαθήμασι

2267 1060 2392 1127 δοὺς
2420 1062 2635 1134 καιρὸν,
2686 1062 2781 1116 κοιλ¹
2811 1062 2870 1116 ὲν
2918 1062 3160 1134 τοσούτῳ
3189 1061 3348 1134 βάρει
3384 1061 3485 1131 τῆς
3523 1060 3735 1131 σαρκὸς
3757 1062 3838 1114 τὸν

2268 1152 2394 1209 νοῦν
2421 1155 2828 1226 συγκεχυμένον
2851 1154 3025 1226 έχων;

2339 1422 2448 1481 Ἦν
2478 1443 2611 1481 ποτε
2648 1426 2821 1495 Ἀδὰμ
2841 1425 2976 1489 ἄνω,
3002 1425 3063 1479 οὐ
3104 1425 3278 1495 τόπῳ,
3318 1422 3458 1477 ἀλλὰ
3482 1424 3558 1493 τῇ
3589 1421 3840 1493 προαιρέο

2271 1537 2376 1575 σει.
2407 1520 2557 1591 Ταχὺ
2579 1520 2637 1574 δὲ
2668 1519 2849 1590 πάσης
2868 1517 3223 1581 ἀπολαύσεως
3240 1515 3609 1587 ἐμπλησθεὶς,
3639 1514 3841 1584 ἐξύϐρι-

2271 1628 2332 1667 σε
2359 1609 2438 1683 τῷ
2470 1612 2638 1684 κόρῳ,
2661 1611 2723 1664 τδ
2750 1610 2917 1680 φανὲν
2944 1609 3174 1682 τερπνὸν
3204 1610 3320 1673 τοῖς
3339 1607 3629 1678 σαρκίνοις
3655 1605 3843 1674 ὀφθαλ-

2273 1700 2395 1771 μοῖς
2417 1699 2508 1753 τοῦ
2544 1699 2739 1771 νοητοῦ
2773 1700 3124 1771 προτιμήσας
3152 1698 3405 1762 κάλλους,
3447 1698 3551 1751 καί
3580 1697 3682 1766 τὴν
3718 1695 3844 1766 πλη-

2273 1790 2479 1863 σμονὴν
2513 1793 2615 1863 τῆς
2662 1792 2866 1865 σαρκὸς
2910 1792 3022 1847 τῶν
3045 1790 3452 1865 ’πνευματικῶν
3490 1789 3842 1845 ἀπολαὺσεων

2269 1856 2604 1955 τιμιωτέραν
2626 1856 2874 1956 θέμενος.
2897 1862 3051 1950 Ἐξω
3068 1884 3166 1955 μὲν
3183 1856 3348 1947 abdit;
3367 1880 3467 1937 τοῦ
3491 1880 3839 1953 παραδείσου,

2268 1973 2376 2041 ἔξω
2402 1976 2459 2030 δὲ
2479 1977 2581 2047 τῆς
2609 1978 2889 2049 μακαρίας
2915 1977 3131 2049 ἐκείνης
3153 1976 3455 2047 διαγωγῆς,
3478 1976 3587 2029 οὐκ
3612 1975 3673 2042 ἐξ
3695 1974 3847 2041 dvin-

2269 2087 2374 2143 κης
2406 2070 2600 2136 κακὸς,
2628 2070 2754 2127 ,ἀλλ’
2774 2070 2834 2138 ἐξ
2860 2070 3117 2135 ἀϐουλίας
3143 2071 3459 2142 γενόμενος.

2340 2340 2694 2415 Βαρυνομένη
2732 2343 2970 2414 γαστὴρ,
3011 2342 3111 2413 οὐχ
3132 2342 3283 2406 ὅπως
3308 2339 3450 2412 πρὸς
3477 2338 3713 2410 δρόμωνν
3742 2334 3847 2390 ἀλλ.

2271 2432 2393 2487 οὐδὲ
2428 2434 2565 2505 πρὸς
2589 2432 2759 2489 ὕπνον
2790 2435 3095 2507 ἐπιτηδεία.
3129 2434 3278 2489 Διότι
3306 2430 3751 2503 καταθλιϐομένη
3779 2428 3849 2499 τῷ

2271 2526 2494 2597 πλήθει,
2517 2529 2637 2583 οὐδὲ
2681 2530 2914 2600 ἠρεμεῖν
2941 2530 3330 2601 συγχωρεῖται,
3358 2525 3497 2582 ἀλλὰ
3548 2522 3849 2592 ἀναγκάζει

2272 2636 2363 2676 ται
2389 2620 2591 2686 πολλὰς
2618 2621 3005 2688 ποιεῖσθαιτὲς
3033 2619 3404 2694 περιστῳφὰς
3460 2618 3551 2687 ἐφ’
3599 2616 3847 2685 ἑκάτερα.

2342 2810 2564 2883 Γαστήρ
2593 2806 2968 2877 συναλλάκτης
3000 2794 3148 2857 ἐστὶν
3181 2798 3569 2861 ἀπιστότατος,
3631 2794 3852 2863 ταμεῖον

2273 2905 2606 2976 αφύλακτονο
2646 2899 2856 2956 πολλῶν
2905 2895 3300 2959 ἀποτεθέντων,
3326 2892 3425 2963 τὴν
3487 2890 3593 2960 μὶν
3654 2886 3852 2957 βλάϐην

2273 2995 2757 3071 παρακατέχουσα,
2782 2993 2853 3049 τὰ
2892 2994 3078 3063 μέντοι
3117 2984 3494 3060 παραδοθέντα
3549 2982 3613 3037 οὐ
3669 2977 3855 3034 διασώ-

2274 3092 2463 3157 ζουσα.

673 3159 893 3258 ΕῙιιιάί
914 3191 1057 3245 hom.
1088 3188 1164 3244 De
1224 3189 1406 3261 jejun.
1442 3222 1511 3232 -—
1543 3188 1619 3246 Ne
1649 3188 1777 3246 Eva
1808 3190 2170 3262 inobsequen-

2345 3175 2439 3249 Μὴ
2483 3175 2696 3248 μιμήσῃ
2737 3173 2839 3241 τῆς
2866 3169 3015 3234 Εὔας
3048 3169 3148 3262 τὴν
3172 3167 3465 3262 παρακοήν
3487 3181 3503 3197 ·
3530 3163 3643 3262 ἡμὴ
3700 3159 3853 3262 πάλιν

600 3277 734 3332 tiam
762 3277 980 3333 imitere
1017 3294 1141 3350 :‘ne
1172 3286 1479 3350 serpentem
1534 3295 1729 3336 rursus
1773 3281 1844 3336 ad
1875 3282 2171 3336 consilium

601 3369 884 3436 adhibeas,
916 3380 979 3425 ut
1019 3371 1353 3443 indulgendo
1382 3372 1562 3438 carni,
1591 3373 1772 3428 cibum
1813 3373 2097 3443 subjicias.

672 3460 816 3517 Ibid.
846 3493 918 3503 —
943 3462 1191 3519 Humana
1226 3479 1458 3536 corpora
1485 3467 1711 3523 assidua
1741 3467 2174 3538 ingurgitatione

602 3567 956 3627 praegravata,
991 3555 1158 3612 facile
1187 3566 1518 3630 merguntur
1551 3560 1975 3631 obruunturque
2005 3580 2019 3615 :
2052 3576 2174 3632 qua:

602 3654 785 3703 autem
836 3648 941 3703 levi
994 3650 1257 3705 alimento
1309 3659 1563 3718 utuntnr,
1592 3660 1711 3706 tum
1749 3652 2073 3722 impendens
2102 3668 2174 3707 ex

602 3740 796 3796 morbo
842 3742 1048 3796 malum
1095 3751 1362 3813 tanquam
1410 3744 1668 3815 procellas
1722 3743 1989 3814 impetum
2038 3742 2175 3798 eﬂ'u-

601 3832 777 3902 giunt,
804 3840 915 3887 tum
944 3844 1268 3904 praesentem
1302 3836 1634 3901 molestiam,
1675 3850 1785 3891 non
1815 3851 1978 3892 secus
2009 3844 2176 3908 atque

601 3919 812 3989 scopuli
836 3921 1128 3991 cujusdam
1162 3924 1538 3980 incursionem
1569 3924 1838 3981 devitant.

671 4009 814 4067 Ibid.
852 4012 1230 4085 Quadraginta
1270 4016 1487 4071 dierum
1521 4019 1991 4088 perseverantiam
2023 4035 2173 4091 quos

601 4102 817 4175 Moyses
848 4107 941 4161 Dei
991 4122 1183 4163 servus
1219 4107 1527 4178 jejunando
1555 4118 1610 4165 et
1645 4112 1857 4166 orando
1890 4123 2177 4182 transege-

601 4206 709 4265 rat,
762 4198 1063 4254 vinolentia
1125 4216 1237 4255 una
1284 4200 1693 4257 infructuosam
1743 4203 2001 4258 reddidit.
2036 4203 2175 4259 Nam

600 4302 740 4357 quas
783 4290 1000 4344 tabulas
1031 4291 1206 4360 digito
1254 4289 1350 4346 Dei
1402 4292 1749 4362 conscriptas
1776 4282 2050 4364 jejunium
2080 4310 2174 4350 ac-

2275 3268 2579 3339 σύμϐουλον
2609 3264 2891 3337 παραδέξῃ
2930 3262 3022 3317 τδν
3051 3261 3199 3332 ὅφιν,
3252 3260 3430 3331 φειδοῖ
3493 3258 3602 3329 τῆς
3656 3255 3852 3329 σαρκὸς

2271 3361 2371 3431 τὴν
2410 3360 2609 3431 βρῶσιν
2628 3355 3032 3426 ὑποτιθέμενος.

2343 3454 2426 3507 Τὰ
2445 3453 2556 3506 τῶν
2584 3448 2888 3522 ἀνθρώπων
2916 3446 3167 3518 σώματα,
3190 3444 3407 3515 συνεχεῖ
3438 3440 3540 3512 μὲν
3572 3437 3653 3509 τῷ

2272 3544 2755 3617 καταϐαροὺμενα,
2778 3541 3015 3605 εὐκόλως
3043 3536 3349 3609 ὑποϐρύχια
3371 3534 3593 3605 γίνεται
3624 3550 3638 3562 ·
3669 3532 3853 3585 εὐστα-

2275 3638 2446 3692 λεῖδέ
2477 3636 2573 3691 καὶ
2620 3637 2798 3706 κουφῇ
2843 3633 3178 3705 κεχρημένα,
3214 3629 3312 3684 καὶ
3368 3627 3431 3681 τὸ
3466 3625 3855 3696 προσδοκώμε-

2276 3746 2365 3783 νον
2395 3728 2462 3781 ἐκ
2491 3727 2647 3781 νόσου
2681 3725 2869 3789 κακὸν,
2907 3724 3098 3794 ὥσπερ
3157 3719 3424 3791 χειμῶνος
3484 3718 3854 3771 ἐπανάστασιν

2275 3819 2633 3889 ὑπεξέφυγεν,
2661 3819 2756 3873 καὶ
2782 3816 2843 3871 τὸ
2873 3816 2974 3887 ήδη
2999 3816 3173 3886 παρὸν
3236 3811 3469 3881 ὀχληρὸν
3526 3809 3725 3879 ὥσπερ
3782 3824 3853 3859 τι·

2274 3910 2364 3975 νὸς
2392 3894 2645 3972 σπιλάδος
2677 3904 2975 3978 ἐπιδρομὴν
2997 3899 3369 3973 διεκρούσατο.

2345 4001 2772 4071 Τεσσαράκοντα
2822 3996 3047 4068 ήμερῶν
3114 3989 3446 4065 προσεδρίαν
3501 3986 3854 4058 νηστεύοντος

2274 4096 2370 4151 καὶ
2420 4095 2675 4166 δεομένου
2724 4090 2820 4145 τοῦ
2864 4088 3191 4160 θεράποντος
3234 4081 3545 4144 Μωῡσέως,
3586 4079 3853 4150 ἄχρηστον

2276 4192 2532 4262 ἐποίησεν
2581 4185 2902 4257 οἰνοφλυγία
2954 4183 3071 4255 μία.
3129 4182 3227 4243 “Ac
3275 4178 3387 4247 γὰρ
3442 4173 3674 4247 νηστεία
3702 4170 3851 4225 ἔλαϐε

2276 4285 2512 4349 πλάκας,
2531 4279 2780 4349 δακτύλῳ
2816 4276 2951 4331 Θεοῦ
2975 4271 3391 4346 γεγραμμένας,
3423 4268 3638 4329 ταύτας
3656 4267 3693 4335 ή
3725 4262 3850 4334 μέθη

600 4389 842 4450 ceperat,
887 4382 988 4436 has
1037 4382 1278 4438 ebrietas
1324 4360 1641 4454 confregit;
1668 4360 1955 4457 indignum
1986 4388 2170 4443 existi-

2279 4373 2614 4447 συνέτριψεν,
2670 4370 2886 4436 ἀνάξιον
2938 4367 3222 4438 κρίναντος
3258 4361 3353 4416 τοῦ
3420 4360 3719 4457 πρῖφήωυ
3763 4370 3850 4424 με·

600 4481 786 4527 mante
827 4474 1118 4543 propheta,
1167 4476 1433 4546 p0pulum
1462 4476 1674 4532 ebrium
1707 4477 1802 4534 Dei
1834 4480 2049 4548 legibus
2083 4480 2173 4535 in-

600 4564 774 4618 stitui.
843 4563 1024 4621 Unico
1084 4567 1348 4637 temporis
1408 4576 1711 4635 momento,
1763 4572 2005 4642 populus
2057 4572 2171 4641 ille,

597 4655 692 4725 qui
724 4670 824 4725 per
853 4659 1194 4729 amplissima
1247 4661 1519 4715 miracula
1554 4660 1651 4717 Dei
1678 4664 2044 4734 cognitionem
2076 4679 2173 4720 ac-

597 4754 843 4816 ceperat,
885 4748 957 4803 ob
986 4750 1346 4820 gulositatem
1374 4751 1429 4805 in
1456 4750 1839 4823 Egyptiacam
1863 4769 1992 4825 erga
2026 4755 2173 4811 idola

598 4839 890 4894 amentiam
914 4842 1240 4909 provolutus
1265 4849 1367 4897 est.
1389 4840 1636 4913 Utraque
1662 4845 1828 4900 simul
1855 4860 2128 4918 compone
2155 4865 2170 4903 ε

597 4931 860 4986 nimirum
916 4946 1026 5010 quo
1060 4943 1224 5012 pacto
1259 4932 1548 5015 jejunium
1595 4935 1879 4991 hominem
1910 4939 2175 4993 conciliet

596 5023 731 5092 Deo,
769 5016 825 5082 et
853 5033 1048 5081 contra
1080 5030 1241 5080 luxus
1282 5040 1517 5083 salutem
1541 5018 1866 5097 prostituat.

671 5117 816 5173 Ibid.
843 5148 914 5159 —-
945 5115 1155 5171 Venter
1196 5116 1487 5188 liguriens,
1522 5120 1790 5189 poscendi
1826 5121 1993 5175 linem
2024 5137 2172 5175 nun-

599 5225 765 5280 quam
809 5210 940 5264 facit
979 5227 992 5263 :
1026 5207 1186 5263 hodie
1226 5208 1454 5279 accipit,
1492 5218 1550 5265 et
1580 5225 1705 5267 cras
1739 5212 2027 5267 immemor
2066 5222 2170 5268 est.

597 5302 737 5358 Cum
788 5302 931 5357 cibis
974 5300 1215 5356 refertus
1253 5308 1361 5366 est,
1392 5302 1460 5355 de
1491 5305 1857 5370 temperantia
1903 5304 2168 5360 disserit:

599 5396 885 5452 inﬂatione
912 5410 1044 5450 vero
1083 5395 1385 5471 discussa,
1412 5394 1761 5452 decretorum
1798 5412 2028 5453 suorum
2060 5414 2172 5454 non

598 5488 945 5545 recordatur.

672 5580 819 5635 Ibid.
856 5579 1179 5651 Exemplum
1210 5578 1401 5636 divitis
1436 5579 1756 5636 reformida.
1794 5581 1949 5636 Illum
1983 5582 2170 5647 luxus,

600 5674 691 5731 cui
722 5687 820 5743 per
859 5687 1078 5728 omnem
1110 5675 1282 5728 vitam
1315 5671 1571 5740 indulsit,
1611 5674 1668 5729 in
1697 5675 1877 5745 ignem
1910 5658 2170 5747 coniecit.

600 5765 792 5835 Neque
829 5764 978 5819 enim
1028 5763 1317 5835 injustitize
1365 5766 1560 5829 ullius,
1604 5766 1700 5823 sed
1739 5768 1991 5824 mollitiei
2026 5769 2170 5826 dun-

600 5862 757 5909 taxat
790 5862 844 5911 et
866 5854 1027 5910 luxus
1062 5854 1283 5912 nomine
1305 5855 1360 5910 in
1393 5854 1615 5918 flamma
1652 5857 1853 5923 camini
1883 5857 2169 5914 excrucia-

601 5946 785 6004 batur.

2279 4469 2476 4523 θύοντα
2504 4466 2633 4521 λαὸν
2660 4459 3065 4535 νομοθετεῖσθαι
3097 4454 3247 4529 παρὰ
3273 4452 3432 4508 Θεοῦ.
3492 4450 3587 4504 Ἐν
3620 4450 3722 4521 μιᾷ
3742 4466 3850 4500 και-

2203 4529 2251 4586 D
2283 4562 2378 4637 ροῦ
2414 4563 2576 4635 ῥοπῇ,
2605 4558 2695 4613 διὰ
2721 4529 3164 4627 γαστριμαργίαν
3198 4551 3226 4603 ὁ
3246 4547 3373 4611 λαὸς
3403 4549 3662 4637 ἐκεῖνος,
3695 4546 3726 4597 ὀ

2280 4632 2525 4709 θεὸννδιὰ
2568 4648 2678 4704 τῶν
2740 4648 3013 4719 μεγίστων
3066 4642 3309 4713 τεράτων
3372 4634 3762 4705 δεδιδαγμένος
3780 4632 3851 4691 εἰς

2279 4745 2381 4815 τὴν
2400 4741 2706 4811 Αἰγυπτίαν
2737 4735 3129 4808 είδωλομανίαν
3166 4727 3511 4799 ἐξεκυλίσθη,
3534 4722 3849 4796 παράλληλα

2281 4837 2395 4900 θεὶς
2431 4834 2736 4906 ἀμφότερα,
2797 4829 2918 4893 πῶς
2955 4830 2989 4894 ή
3034 4825 3259 4898 νηστεία
3300 4820 3420 4894 Θεῷ
3447 4820 3744 4893 προσάγει,
3768 4814 3849 4870 καὶ

2280 4929 2400 4993 πῶς
2425 4908 2604 4997 τρυφὴ
2633 4924 2732 4996 τὴν
2760 4920 3037 4992 σωτηρίαν
3061 4917 3372 4991 προδίδωσι.

2350 5122 2518 5195 Λίχνη
2553 5120 2771 5192 γαστὴρ
2808 5120 2896 5173 ἀεὶ
2939 5114 3270 5179 απαιτοῦσα,
3318 5110 3414 5165 καὶ
3459 5107 3731 5180 μηδέποτε
3765 5102 3846 5171 λή-

2280 5234 2475 5287 γουσα,
2500 5217 2533 5286 ἡ
2561 5213 2917 5284 λαμϐάνουσα
2946 5211 3209 5281 σήμερον,
3243 5206 3338 5259 καὶ
3390 5200 3582 5275 αὔριον
3638 5198 3845 5252 ἐπιλαν-

2280 5308 2575 5380 θανομένη,
2609 5309 2739 5360 ὅταν
2767 5301 3080 5375 ἐμπλησθῇ,
3100 5300 3229 5370 περὶ
3256 5295 3585 5367 ἐγκρατείας
3650 5292 3846 5362 φιλοσο-

2281 5404 2391 5473 φεῖ,
2427 5402 2555 5456 ὂταν
2602 5400 2659 5454 δὲ
2712 5395 3058 5467 διεπνεύσθη,
3119 5390 3537 5448 ἐπιλανθάνεται
3573 5385 3686 5440 τῶν
3736 5383 3843 5447 δοῖ·

2283 5496 2485 5564 μάτων.

2350 5585 2620 5656 Φοϐήθητι
2660 5580 2723 5634 τδ
2773 5579 3081 5649 ὑπόδειγμα
3128 5575 3222 5630 τοῦ
3272 5574 3553 5628 πλουσίου.
3622 5571 3842 5625 Ἐκεῖνον

2281 5676 2601 5749 παρέδωκεν
2624 5672 2701 5745 τῷ
2732 5672 2866 5744 πυρὶ
2892 5670 3031 5742 ήδιά
3058 5668 3173 5739 βίου
3198 5667 3399 5737 τρυφή.
3461 5666 3540 5718 Οὐ
3582 5664 3687 5733 γὰρ
3738 5658 3842 5710 ἁδι-

2280 5772 2426 5836 κίαν,
2456 5766 2593 5823 ἀλλὰ
2619 5766 2681 5820 τὸ
2708 5763 3050 5837 ἁϐροδίαιτον
3087 5760 3375 5833 ἐγκληθεὶς
3426 5752 3842 5828 ἀπετηγανίζετυ

2280 5866 2341 5921 ἐν
2358 5868 2430 5937 τῇ
2463 5861 2620 5934 φλογὶ
2643 5860 2745 5930 τῆς
2779 5857 3030 5928 καμίνου.
