3910 6436
155 512 241 563 Τὸ
298 507 427 577 περὶ
468 506 569 577 τὴν
611 504 773 575 πέψιν
824 504 1166 577 πλημμελὲς,
1217 508 1329 571 τοῖς
1378 508 1659 577 τρυφῶσιν

70 600 415 669 ἀναγκαίως
431 597 731 653 ἀκολουθεῖ.
753 596 925 650 Τοῦτο
942 597 1051 668 γὰρ
1072 598 1166 653 καὶ
1206 598 1277 652 τά
1332 599 1538 671 σφοδρὰ
1583 617 1671 652 νο-

73 694 329 763 σήματα
372 693 484 754 τοῖς
532 688 776 760 σώμασιν
826 688 1220 760 ἀπεργάζεται.
1281 689 1376 744 Ἐκ
1427 691 1535 762 γὰρ
1570 690 1671 761 τῆς

64 784 330 856 παχείας
351 782 577 856 τροφῆς,
619 778 728 835 οἷον
757 780 1074 845 αἰθαλώδεις
1115 781 1509 853 ἀναθυμιάσεις
1541 782 1670 836 ἀνα-

65 877 471 947 πεμπόμεναι,
522 873 747 943 νεφέλης
779 874 934 942 δίκην
988 874 1237 943 πυκνῆς.
1283 874 1381 939 τὰς
1429 875 1537 928 ἀπὸ
1572 875 1667 929 τοῦ

68 966 253 1033 ἁγίου
294 962 605 1034 Πνεύματος
655 962 1010 1033 ἐγγινομένας
1057 964 1356 1034 sampsa;
1425 967 1519 1018 ἐπὶ
1578 965 1669 1019 τὸν

66 1057 219 1109 νοῦν
247 1098 262 1122 ,
317 1056 687 1110 διακόπτουσι.

156 1147 341 1217 Κόρος
367 1146 576 1217 ῦδρεως
603 1149 767 1219 ἀρχή.

156 1324 231 1381 Οἱ
282 1327 712 1399 τραπεζοποιούς
762 1344 911 1391 τινας
957 1325 1315 1391 ἐπινοοῦντες,
1343 1325 1437 1380 καὶ
1487 1326 1669 1377 πᾶσαν

60 1418 510 1490 διερευνώμενοι
561 1419 665 1491 γῆν
711 1436 771 1472 τε
826 1420 922 1474 καὶ
967 1419 1261 1486 θάλασσαν,
1286 1420 1379 1473 καὶ
1424 1413 1533 1471 οἷόν
1558 1435 1667 1471 τινι

66 1508 318 1579 χαλεπῷ
375 1510 641 1583 δεσπότῃ,
691 1514 755 1582 τῇ
805 1514 1003 1584 γαστρὶ
1065 1512 1263 1584 φόρους
1329 1511 1663 1579 ἀπάγοντες,

64 1600 319 1654 ὲλεεινοὶ
359 1601 459 1671 τῆς
491 1602 746 1675 ἀσχολίας
787 1604 912 1657 είσίο
945 1605 1038 1660 καὶ
1067 1604 1174 1657 τῶν
1208 1606 1264 1656 ὲν
1289 1602 1412 1674 ᾆδον
1440 1601 1663 1666 κολαζο-

73 1693 272 1762 μένων
302 1693 453 1748 οὐδὲν
475 1695 770 1766 πάσχοντες
796 1696 1170 1767 ἀνεκτότερον,
1189 1695 1425 1765 ἀτεχνῶς
1453 1696 1531 1755 εἰς
1553 1691 1666 1764 πῦρ

69 1785 388 1851 ξαίνοντες,
416 1787 509 1841 καὶ
535 1787 771 1859 κοσκίνῳ
803 1788 1058 1860 φέροντες
1088 1786 1252 1859 ὕδωρ,
1305 1787 1400 1840 καὶ
1442 1787 1523 1849 είς
1572 1802 1664 1837 τε-

1346 402 1585 463 SACRA
1618 404 2060 465 PARALLELA

3202 402 3387 467 1338.

1831 507 1976 560 Ibid.
2007 537 2076 547 --
2109 505 2215 562 Eos
2250 507 2343 577 qui
2376 508 2531 563 luxui
2576 509 2745 565 dediti
2785 515 2938 575 sunt,
2970 510 3168 565 vitiosa
3196 525 3335 564 con-

1770 601 1949 653 coctio
1987 600 2302 654 necessario
2351 602 2663 656 comitatur.
2706 601 2764 655 ld
2806 602 2951 656 enim
2992 601 3336 670 gravissimis

1771 706 1989 762 quoque
2020 692 2227 745 morbis
2256 707 2490 761 corpora
2539 694 2726 748 allicit.
2761 693 2836 747 Ex
2866 694 3128 748 crassiori
3160 692 3337 761 siqui-

1769 782 1890 837 dem
1921 783 2207 847 alimento,
2251 786 2399 838 velut
2451 785 2757 855 fuliginosae
2804 785 3050 855 quaedam
3108 785 3335 838 exhala-

1770 873 1946 929 tiones
1984 875 2297 937 mittuntur,
2331 876 2535 945 quibus
2588 878 3061 946 inlerrumpantur
3098 873 3338 929 illustra-

1770 962 1948 1018 tiones
1979 980 2114 1033 quas
2163 964 2402 1035 Spiritus
2451 975 2676 1033 sanctus
2722 966 2774 1019 in
2809 973 3047 1019 mentem
3084 964 3331 1018 insinua-

1769 1052 1926 1106 verit.

1842 1143 2035 1212 Ejusd.
2075 1145 2139 1199 de
2191 1146 2385 1217 ingluv.
2416 1176 2484 1186 —-—
2517 1144 2793 1201 Saturitas
2832 1146 3136 1200 iusolcntim
3174 1144 3329 1213 prin-

1766 1236 1964 1304 cipiunt
1990 1246 2094 1291 est.
3004 1300 3009 1303 _

1849 1329 2039 1397 Ejusd.
2089 1337 2229 1383 hom.
2279 1328 2342 1382 de
2375 1329 2576 1400 legend.
2619 1328 2711 1382 lib.
2766 1325 3137 1391 Germ—Qui
3178 1339 3330 1378 men-

1767 1442 1952 1481 sarum
1984 1434 2287 1479 structores
2315 1425 2529 1493 aliquos
2578 1422 2764 1476 animo
2806 1429 3049 1485 versant,
3084 1435 3331 1473 omnemn

1764 1533 1870 1588 que
1904 1526 2107 1573 terram
2139 1526 2194 1572 et
2243 1532 2393 1571 mare
2426 1524 2865 1585 perscrutantur,
2916 1522 2970 1568 et
3026 1512 3175 1566 velut
3212 1526 3331 1579 gra-

1765 1607 1993 1662 vissimo
2023 1607 2245 1661 domino
2292 1606 2510 1661 cuidam
2561 1606 2774 1674 (ventri
2804 1600 3056 1671 scilicet)
3088 1600 3327 1669 vectiga-

1763 1698 1833 1752 Ῑίλ
1864 1698 2162 1769 Ρθιιδῖιωιῐ.
2220 1696 2383 1767 hujus
2433 1695 2819 1765 occupationis
2864 1693 3087 1748 nemine
3138 1691 3325 1745 miseri

1762 1798 2071 1856 sunt,'nec
2123 1790 2356 1843 leviores
2420 1803 2613 1858 pinnas
2664 1788 2847 1850 luunt,
2912 1799 3073 1856 quam
3120 1782 3214 1851 qui
3269 1781 3324 1835 in

67 1877 390 1948 τριμμένον
414 1878 728 1943 ἀντλοῦντες
755 1880 932 1944 πίθον,
964 1880 1082 1935 οὐδὲ
1130 1881 1302 1950 πέρας
1326 1877 1435 1933 τῶν
1481 1876 1654 1931 πόνων

1775 1878 1952 1935 .nl'eris
1978 1880 2389 1933 excruciantur.
2416 1877 2598 1948 Ignem
2630 1879 2789 1947 plane
2812 1876 3138 1945 scalpentes,
3162 1871 3330 1943 418

69 1969 310 2041 ἔχοντες

157 2152 423 2226 Σὼματος
445 2152 830 2218 εὐπαθοῦντος,
870 2155 966 2208 καὶ
1035 2153 1377 2226 πολυσαρκίᾳ
1429 2152 1659 2224 βαρυνο-

78 2246 279 2316 μένου,
299 2245 510 2316 ἀνάγκη
538 2246 741 2317 ἀδρανῆ
772 2245 868 2299 καὶ⁸
894 2247 1084 2300 ἄτονον
1109 2240 1248 2299 εἶναι
1286 2244 1422 2316 πρὸς
1450 2244 1549 2308 τάς
1578 2244 1660 2297 ol-

72 2340 248 2403 κείας
280 2337 555 2410 ἐνεργείας
581 2337 674 2392 τὸν
705 2336 850 2391 νοῦν.
879 2338 1070 2409 Ψυχῆς
1093 2338 1151 2391 δὲ
1190 2336 1517 2409 εὐεκτοὺσης
1565 2337 1660 2391 καὶ

72 2431 177 2484 διὰ
205 2430 305 2499 τῆς
351 2429 461 2484 τῶν
508 2429 729 2499 ἀγαθῶν
760 2431 986 2501 μελέτης
1014 2429 1153 2503 πρὸς
1177 2430 1237 2484 τὸ
1274 2432 1474 2485 οἰκεῖον
1518 2431 1656 2497 ἀγα-

76 2518 180 2570 om
211 2517 541 2589 ὑψουμένης,
571 2518 833 2590 ὲπόμενόν
862 2520 979 2572 ἐστι
1003 2519 1104 2590 τὴν
1130 2518 1224 2573 τοῦ
1250 2518 1498 2591 σώματος
1544 2519 1659 2584 ἕξιν

76 2610 618 2681 καταμαραίνεσθαι.

157 2702 275 2754 Οὐκ
323 2702 646 2773 ἐπαινοῦμέν
687 2721 740 2757 τι
772 2701 881 2756 τῶν
920 2701 1060 2773 μετά
1103 2700 1196 2754 τὸν
1239 2700 1433 2772 λαιμὸν
1481 2700 1659 2771 ὁμοτίο

79 2810 227 2861 μων,
264 2792 461 2862 μᾶλλον
490 2793 548 2847 δὲ
570 2793 800 2865 ἀτίμων,
835 2793 1033 2865 ὁμοίως
1060 2794 1155 2847 καὶ
1172 2793 1515 2865 ἀποδλήτων.

152 3081 423 3152 Ἀκρασία
480 3079 603 3151 ἐμοὶ
652 3082 760 3137 πᾶν
809 3081 872 3135 τὸ
912 3081 1194 3153 περισσὸν,
1250 3083 1346 3137 καὶ⁹
1395 3080 1534 3153 ὑπὲρ
1559 3079 1657 3151 τὴν

1758 1986 1954 2040 aquam
2005 1969 2247 2025 ferentes
2291 1969 2497 2037 cribro,
2533 1977 2931 2039 pertusumque
2961 1965 3187 2033 implere
3220 1965 3328 2015 do-

1758 2064 1890 2118 lium
1921 2071 2208 2129 conantes,
2242 2063 2454 2117 nullum
2497 2062 2745 2115 laborum
2791 2060 2950 2113 linem
3003 2057 3290 2112 habentes.

1828 2155 2021 2226 Ejusd.
2069 2157 2414 2227 —Corpore
2480 2156 2619 2211 bene
2672 2153 2915 2219 valente,
2969 2158 3024 2205 et
3078 2148 3326 2203 carnium

1758 2251 1903 2307 mole
1952 2258 2201 2322 gravato,
2251 2266 2407 2305 meus
2453 2250 2524 2303 ad
2565 2249 2814 2303 actiones
2873 2260 3003 2300 suas
3045 2239 3328 2297 obeundas

1757 2343 2022 2413 languida
2081 2350 2139 2398 et
2188 2342 2462 2397 imbecilla
2513 2342 2587 2395 sit
2638 2340 2873 2409 Oportet.
2919 2334 3148 2395 Contra,
3201 2345 3326 2386 cum

1757 2436 1941 2490 anima
1970 2435 2174 2505 optima
2210 2433 2526 2490 valetudine
2551 2442 2659 2496 est,
2694 2441 2749 2486 et
2778 2444 2876 2500 per
2909 2430 3174 2481 virtutum
3211 2432 3327 2478 stu-

1756 2529 1906 2583 dium
1936 2527 2007 2582 ad
2038 2530 2241 2582 bonum
2292 2542 2456 2582 suum
2505 2525 2855 2587 subvehitur,
2908 2530 3039 2576 tunc
3095 2516 3326 2572 omnino

1754 2619 2025 2690 sequitur,
2067 2627 2127 2673 ut
2161 2618 2380 2674 habitus
2409 2616 2659 2687 corporis
2680 2616 3001 2684 languescat

1826 2711 1971 2768 Νη.
2000 2720 2142 2767 orat.
2183 2712 2275 2768 25.
2302 2743 2375 2756 —
2400 2710 2546 2766 Nihil
2577 2710 2632 2765 in
2666 2710 2777 2764 illis
2808 2708 2975 2763 rebus
3008 2704 3321 2765 laudamus,

1753 2822 1899 2877 quae,
1963 2815 2255 2878 postquam
2312 2805 2370 2861 iu
2431 2803 2620 2859 fauces
2687 2800 3026 2855 transmissae
3076 2796 3319 2857 fuerunt,

1755 2899 1875 2971 pari
1928 2898 2192 2969 deinceps
2242 2898 2450 2954 honore
2510 2902 2665 2961 sunt,
2717 2896 2827 2947 imo
2867 2890 3051 2963 potius
3106 2889 3241 2942 viles
3268 2895 3325 2940 et

1753 2989 2055 3059 ejiciendae.

1824 3084 2017 3153 Ejusd.
2050 3092 2190 3138 orat.
2234 3080 2325 3138 58.
2357 3110 2427 3122 —-
2454 3077 2908 3149 Intemperantia,
2944 3089 3068 3129 meo
3096 3072 3318 3143 quidem

72 3173 294 3244 χρείαν,
325 3172 419 3227 καὶ
462 3172 633 3226 ταῦτα
664 3170 972 3226 πεινώντων
1005 3170 1180 3227 ἄλλων
1241 3171 1334 3225 καὶ
1384 3169 1653 3243 δεομένων

1784 3176 1984 3240 udicio,
2023 3176 2080 3231 id
2108 3190 2271 3231 omne
2304 3173 2643 3231 censendum
2669 3178 2777 3236 est,
2806 3168 2953 3239 quod
2982 3165 3320 3236 superfluum

71 3258 193 3310 τῶν
227 3260 291 3311 ὲκ
313 3257 409 3310 τοῦ
428 3256 592 3311 αὐτοῦ
624 3256 795 3329 πηλοῦ
820 3275 880 3311 τε
917 3260 1010 3312 καὶ
1032 3259 1333 3331 κράματος.

154 3520 323 3575 Οὐδὲν
348 3518 520 3586 οὕτως
560 3520 829 3593 ὲπίμαχόν
854 3539 914 3576 τε
963 3521 1058 3577 καὶ
1089 3521 1391 3593 φιλόνεικον
1430 3522 1506 3587 ῶς
1552 3540 1651 3592 γα-

77 3617 183 3682 στή
196 3631 245 3685 ρ.

153 3706 217 3757 Οἱ
248 3704 377 3774 περὶ
395 3702 491 3777 τὴν
517 3705 751 3776 τρυφὴν,
782 3706 1005 3775 ΰφέλετέ
1055 3725 1107 3762 τι
1155 3706 1257 3777 τῆς
1288 3706 1508 3781 σαρκὸς,
1558 3708 1653 3761 καὶ

72 3799 200 3851 δότε
222 3797 296 3867 τῷ
321 3796 611 3868 πνεύματι.
642 3798 840 3867 Ἐγγὺς
872 3799 900 3850 ό
932 3799 1141 3870 πένης;
1174 3802 1241 3871 τῇ
1267 3800 1406 3870 νόσῳ
1454 3799 1647 3869 βοήθη-

80 3907 200 3943 σον.
236 3890 325 3952 Εἰς
360 3892 549 3943 τοῦτον
565 3890 866 3961 ἀπέρευξαί
902 3910 955 3945 τι
985 3891 1092 3944 τῶν
1119 3892 1413 3962 περιττῶν.
1459 3892 1524 3945 Τί
1556 3892 1651 3944 καὶ

76 3983 150 4034 σὺ
204 3982 429 4050 κάμνεις
480 3981 763 4044 ἀπεπτῶν,
815 3982 909 4035 καὶ
961 3976 1114 4044 οὗτος
1166 3981 1366 4035 πεινῶν
1394 3997 1406 4010 ·
1440 3980 1545 4052 Ικαὶ
1583 3983 1648 4035 σὺ

75 4072 427 4142 κραιπαλῶν,
466 4072 562 4125 καὶ
593 4066 748 4137 οὗτος
784 4073 1013 4144 ὑδεριῶν
1038 4089 1053 4105 ο
1079 4074 1177 4133 καὶ
1201 4074 1266 4127 σὺ
1296 4073 1443 4144 κόρῳ
1489 4074 1649 4144 κόρον

79 4163 366 4234 βαρύνων,
422 4164 518 4217 xui.
580 4158 734 4227 οὗτος
810 4166 1268 4236 περιτρεπόμενος
1332 4167 1499 4234 νόσῳς
1556 4164 1648 4236 Μὴ

76 4254 315 4327 παρίδῃς
334 4254 423 4308 τὸν
446 4254 539 4308 σὺν
569 4254 820 4328 Λάζαρον
838 4256 1091 4323 ἐνταῦθα,
1126 4260 1199 4327 μή
1229 4274 1288 4311 σε
1313 4258 1514 4328 ποιήσῃ
1557 4257 1649 4309 τὸν

76 4348 293 4401 ἐκεῖθεν
309 4347 580 4403 πλούσιον.

153 4460 245 4531 Μὴ
274 4462 345 4530 γῆ
367 4460 463 4515 καὶ
494 4461 740 4516 θάλασσα
763 4461 864 4534 τὴν
894 4464 1026 4533 ἡμῖν
1060 4463 1263 4534 κόπρον
1313 4464 1647 4536 δωροφορεί-

77 4569 280 4606 τωσαν.
319 4551 475 4607 Οῦτω
503 4554 611 4625 γὰρ
639 4556 804 4626 τιμᾷν
828 4553 943 4609 οἶδα
970 4558 1202 4627 τρυφήν.

150 4764 330 4833 Μέχρι
357 4763 459 4833 τῆς
479 4762 730 4836 ὑπερῴας
750 4766 784 4834 ἡ
811 4763 921 4817 τῶν
951 4762 1272 4836 ἡδυσμάτων
1293 4765 1540 4837 αίσθησις
1559 4766 1650 4820 τὸν

77 4859 207 4927 ὅρον
236 4857 364 4925 ἔχει,
387 4856 494 4910 ἀπὸ
523 4857 581 4910 δὲ
616 4859 713 4926 τῆς
739 4857 993 4929 ὑπερῴας
1019 4858 1328 4929 ἀδιάκριτος
1352 4862 1384 4928 ἡ
1415 4858 1521 4912 τῶν
1551 4861 1648 4929 ἑμ-

78 4950 423 5020 6αλλομένων
437 4948 691 5021 διαφορὰ,
717 4951 995 5021 ὁμοτίμους
1014 4951 1083 5003 τά
1111 4950 1291 5005 πάντα
1309 4949 1409 5021 τῆς
1433 4949 1647 5021 φύσεως

79 5043 220 5115 πρὸς
241 5041 500 5098 δυσωδίαν
527 5041 861 5113 ἀλλοιούσης.

160 5258 224 5312 '0
263 5256 465 5329 σπόρος
499 5257 594 5312 τοῦ
643 5258 1018 5312 οἰκοδεσπότου
1061 5255 1208 5311 ἐστίν
1235 5276 1248 5290 ο
1275 5259 1341 5312 ἐκ
1363 5258 1527 5312 δὲτοῦ
1562 5259 1645 5313 σί-

80 5369 176 5406 του
226 5350 254 5403 ό
304 5351 466 5421 ἄρτος
518 5350 747 5419 γίνεται.
799 5349 863 5403 Ἠ
917 5351 973 5405 δὲ
1016 5351 1196 5423 τρυφὴ
1222 5352 1284 5405 τὸ
1328 5351 1586 5417 ζιζάνιον,
1616 5352 1645 5408 ὃ

80 5440 408 5512 παρεσπάρη
438 5441 591 5513 παρὰ
622 5440 715 5494 τοῦ
738 5440 931 5513 ἐχθροῦ
963 5441 1040 5513 τῷ
1072 5441 1222 5515 σίτῳ.

151 5552 249 5616 Τίς
290 5554 397 5625 γάρ
440 5554 542 5607 οὺκ
582 5550 740 5619 οἶδεν,
778 5556 860 5609 ὅτι
905 5553 1032 5626 ῥίζα
1065 5555 1175 5610 τῶν
1222 5556 1352 5629 περὶ
1390 5557 1482 5611 τὸν
1532 5556 1642 5621 βίον

75 5643 565 5716 πλημμελημάτων
592 5645 741 5700 ἐστὶν
771 5646 807 5717 ἡ
836 5663 901 5701 πε
908 5647 963 5719 pi
982 5646 1072 5703 τὸν
1102 5647 1294 5720 λαιμὸν
1320 5649 1569 5720 ἀσχολία;

1759 3269 1924 3325 fuerit
1954 3284 2017 3324 ac
2061 3277 2261 3340 praeter
2309 3267 2719 3328 necessitatem,
2766 3261 3067 3335 praesertim
3110 3256 3321 3329 egenti-

1755 3362 1860 3419 bus
1890 3372 1946 3417 et
1974 3362 2120 3417 fame
2151 3360 2537 3416 laborantibus
2568 3357 2717 3422 aliis,
2746 3354 2842 3426 qui
2873 3368 2941 3408 ex
2971 3351 3163 3407 eodem
3205 3348 3321 3402 luto

1752 3467 1807 3513 οι
1835 3464 2204 3527 temperatura
2229 3461 2505 3510 constant.

1827 3546 2022 3616 Ejusd.
2061 3575 2131 3587 —
2158 3544 2308 3599 Nihil
2358 3543 2584 3615 perinde
2619 3554 2843 3613 pugnax
2870 3546 2924 3593 et
2952 3529 3322 3591 contentionis

1752 3638 1973 3692 avidum
2008 3646 2112 3699 est,
2157 3650 2222 3689 ac
2254 3641 2465 3689 venter.

1823 3725 2018 3797 Ejusd.
2073 3734 2214 3780 orat.
2264 3724 2357 3779 27.
2402 3752 2474 3764 -η
2511 3720 2615 3787 Qui
2665 3717 2822 3773 luxui
2872 3716 3018 3772 datis
3067 3724 3317 3782 operam.

1751 3817 1959 3888 aliquid
2028 3816 2182 3872 carni
2247 3813 2574 3876 subtrahite,
2643 3821 2699 3865 et
2775 3808 2902 3861 date
2951 3803 3192 3875 spiritui.
3256 3800 3318 3853 In

1753 3911 2069 3982 propinquo
2125 3914 2211 3962 est
2271 3904 2514 3977 pauper?
2565 3898 2835 3956 laboranti
2892 3895 2973 3951 fer
3018 3907 3199 3963 opem.
3261 3889 3316 3942 hi

1752 4001 1899 4056 hunc
1942 3997 2156 4067 aliquid
2201 4011 2391 4052 eorum
2434 4009 2557 4064 quae
2606 3991 2708 4046 tibi
2741 3985 3071 4045 redundant,
3102 3988 3314 4036 eructa.

1750 4091 1930 4147 Eecur
1960 4101 2016 4145 tu
2049 4088 2328 4146 cruditate
2380 4086 2627 4149 laboras,
2663 4090 2718 4138 et
2752 4082 2843 4136 ille
2890 4077 3067 4134 fame?
3096 4083 3153 4128 tu
3192 4087 3318 4127 cra-

1751 4186 1904 4257 pula,
1962 4185 2056 4240 ille
2098 4183 2374 4238 intercute
2419 4177 2608 4248 aqua?
2640 4186 2698 4231 tu
2728 4172 3029 4243 ingluviem
3078 4164 3320 4237 ingluvie

1751 4292 2045 4348 premens:
2076 4274 2167 4330 hic
2206 4273 2400 4328 morbo
2450 4265 2860 4325 circumactus?
2890 4262 3010 4317 Noli
3047 4260 3317 4314 Lazarum

1749 4375 1905 4421 tuum
1932 4365 2024 4421 hic
2049 4362 2363 4434 aspernari,
2403 4378 2472 4417 ne
2505 4368 2561 4415 te
2591 4358 2818 4413 divitem
2851 4355 3007 4409 illum
3042 4352 3224 4406 l'aciat.

1826 4476 2019 4548 Ejusd.
2048 4485 2185 4531 orat.
2213 4474 2301 4529 38.
2330 4504 2401 4516 -ρ
2438 4472 2516 4528 Ne
2546 4471 2707 4525 nobis
2754 4483 2906 4523 mare
2934 4477 2988 4519 et
3021 4475 3161 4519 terra
3191 4476 3318 4532 prc-

1676 4557 1724 4615 Ι)
1753 4572 1953 4623 tlosum
1983 4577 2201 4623 stercus
2240 4566 2500 4621 offerant.
2532 4562 2649 4619 Hoc
2698 4561 2843 4617 enim
2874 4559 3100 4614 nomine
3127 4557 3318 4609 luxum

1750 4661 2026 4715 honorare
2066 4658 2214 4714 novi.

1822 4771 1992 4843 Nysa.
2022 4781 2162 4825 orat.
2205 4771 2239 4825 4
2287 4771 2341 4825 in
2373 4768 2553 4824 beatit.
2575 4799 2644 4809 ——
2665 4765 3156 4820 Condimentorum
3190 4777 3316 4815 sen-

1751 4879 1850 4920 sus
1881 4864 2048 4935 palati
2078 4864 2332 4919 terminis
2384 4860 2889 4917 circumscribitur.
2921 4858 3134 4912 Etenim
3168 4857 3313 4909 ultra

1747 4957 2012 5027 palatum,
2058 4970 2251 5012 eorum
2296 4970 2419 5024 quae
2458 4953 2810 5023 injiciuntur,
2869 4949 3166 5006 discrimen
3200 4963 3311 5001 non

1747 5044 2179 5112 internoscitur;
2209 5054 2410 5098 natura
2449 5043 2711 5097 nimirum
2751 5041 2936 5097 omnia
2974 5052 3223 5110 peraaque
3254 5036 3313 5088 in

1747 5135 1975 5191 fetorem
2004 5142 2396 5191 commutante.

1816 5252 2333 5323 Ejurd.—Semen
2388 5256 2473 5305 est
2521 5246 2982 5320 patrisfamilias:
3040 5258 3073 5298 e
3122 5240 3309 5296 tritico

1746 5351 1928 5398 autem
1963 5342 2123 5412 panis
2155 5341 2467 5396 conficitur.
2507 5342 2578 5396 At
2612 5342 2777 5396 luxus
2799 5337 3073 5394 zilanium
3103 5346 3208 5404 est,
3240 5338 3309 5394 ab

1745 5435 1905 5490 hoste
1936 5435 2079 5489 clam
2108 5434 2296 5489 tritico
2325 5434 2661 5505 inspersum.

1815 5548 2007 5619 Ejusd.
2041 5558 2183 5605 orat.
2236 5551 2269 5606 5
2300 5550 2355 5604 in
2402 5550 2556 5605 Orat.
2590 5548 2747 5603 Dom.
2777 5580 2842 5589 —
2877 5547 3047 5604 Eccui
3076 5548 3183 5603 hoc
3209 5564 3306 5604 cx-

1744 5643 2016 5713 ploratum
2070 5657 2181 5697 non
2230 5644 2325 5713 sit,
2378 5651 2728 5714 peccatorum
2764 5656 2886 5713 quae
2930 5642 2982 5696 in
3013 5642 3125 5696 vita
3153 5656 3305 5695 com-

1744 5735 2063 5801 mittuntur,
2108 5734 2350 5792 radicem
2379 5750 2504 5793 esse
2536 5735 2781 5793 studium
2825 5734 2958 5792 illud
3006 5735 3152 5808 ιι·ωά
3184 5746 3305 5805 gat-

1744 5824 1852 5881 turi
1896 5825 2269 5898 impenditur?
