3910 6410
41 397 186 466 1341

208 522 456 593 Αργυρος
475 520 890 593 πεπυρωμένος,
921 520 1144 588 γλῶσσα
1163 520 1398 577 δικαίου.
1433 540 1452 573 ι

182 698 337 754 Μετά
378 698 728 768 δικαιοσυνην
772 696 950 750 πάντα
996 695 1065 750 τά
1101 697 1320 769 ῥήματα
1353 696 1446 750 τοῦ
1511 697 1624 750 στό-

47 791 230 861 ματός
257 809 372 846 σου.
409 791 576 845 Οὐδὲν
603 791 662 845 ὲν
690 789 874 854 αὐτοῖς
903 789 1139 857 σκολιὸν,
1178 791 1299 843 οὐδὲ
1342 806 1625 861 στραγγα-

43 887 269 950 λιῶδες.
314 905 334 937 ι

135 999 154 1031 ι
195 965 325 1033 Ἀπὸ
356 977 585 1050 καρπῶν
615 975 881 1048 στόματος
901 976 1047 1048 ψυχὴ
1091 976 1283 1048 ἀνδρὸς
1320 976 1627 1047 πλησθήσε-

42 1091 148 1126 ται
177 1070 372 1126 αὐτῶν.
411 1089 432 1123 ι

138 1186 157 1218 ι
196 1168 366 1230 Ἰασις
393 1165 645 1236 γλώσσης
690 1164 905 1237 δένδρον
934 1164 1118 1237 ζωῆςο
1162 1167 1190 1220 ὁ
1240 1166 1297 1220 δὲ
1348 1164 1629 1236 συντηρῶν

45 1258 432 1331 πλησθήσεται
465 1256 792 1328 πνεύματος.
832 1276 851 1308 ι

138 1372 157 1404 ι
201 1352 380 1424 Κηρία
407 1351 624 1423 μέλιτος
652 1350 994 1422 λόγοικαλοὶ,
1029 1351 1324 1423 γλύκασμα
1362 1350 1419 1404 δὲ
1451 1349 1630 1403 αὐτῶν

53 1445 209 1510 ἴασις
228 1445 425 1516 ψυχῆς.
460 1463 479 1496 ι

134 1557 155 1590 ι
207 1540 300 1602 ’ος
347 1537 610 1608 φυλάσσει
648 1537 711 1592 τὸ
759 1535 955 1592 ἑαυτοῦ
985 1536 1160 1608 στόμα
1192 1537 1288 1590 καὶ
1330 1536 1428 1608 τὴν
1457 1534 1633 1606 γλῶσ-

49 1652 180 1696 σαν,
205 1635 358 1706 τηρεῖ
377 1635 442 1688 ὲκ
475 1633 704 1704 θλίψεως
733 1632 829 1705 τὴν
855 1631 1034 1704 ψυχὴν
1056 1631 1241 1686 αὑτοῦ.
1271 1649 1292 1682 ›

134 1747 152 1778 ι
189 1727 410 1782 Γλῶσσα
442 1728 661 1800 μαλακὴ
691 1728 965 1800 συντρίϐει
994 1728 1146 1782 ὀστᾶ.
1185 1744 1207 1779 ι

1273 408 1510 469 SACRA
1550 407 2014 471 PARALLELA.

3176 396 3269 462 131
3277 397 3314 460 2

1655 526 1702 580 Α
1801 519 1958 573 Prov.
1999 533 2056 582 ιι,
2086 517 2176 572 20.
2209 550 2276 559 -
2313 536 2333 569 ι
2369 518 2671 588 Argentum
2698 517 2827 589 igne
2852 513 3198 586 'probatttm,
3225 519 3312 564 est

1730 610 1920 680 lingua
1953 609 2114 680 justi.
2142 628 2160 691 ι

1805 704 1963 759 Prov.
1993 718 2116 766 vm,
2154 701 2208 757 8.
2230 719 2337 753 -ι
2372 700 2504 756 Post
2530 698 2810 770 justitiam
2835 698 2948 755 sint
2964 712 3158 753 omnes
3188 710 3308 750 ser-

1729 814 1923 854 mones
1979 798 2094 852 oris
2128 797 2229 851 tui.
2289 795 2437 850 Nihil
2467 796 2523 850 in
2563 795 2672 850 illis
2708 792 2778 849 sit
2839 807 3096 862 pravum,
3130 803 3312 859 neque

1729 891 2044 947 distortum.
2079 908 2099 942 ι
2367 879 2376 889 ”

1804 981 1968 1036 Prov.
2001 997 2100 1046 xu,
2131 981 2218 1034 Η.
2248 1011 2318 1019 —
2359 996 2376 1030 ι
2414 981 2459 1031 Α
2483 976 2761 1032 fructibus
2817 974 2933 1030 oris
2961 973 3178 1041 anima;
3207 969 3314 1024 viri

1734 1073 2047 1144 implebitur
2081 1074 2262 1128 bonis.
2285 1091 2302 1122 ι

1811 1165 1966 1220 Prov.
1997 1163 2158 1228 “,4.
2199 1194 2268 1206 ——
2307 1181 2325 1214 t
2376 1161 2642 1216 Medicina
2678 1160 2897 1229 lingua,
2931 1157 3141 1228 lignum
3170 1155 3314 1208 vitae.

1735 1255 1838 1322 Qui
1864 1265 2045 1310 autem
2073 1253 2316 1308 custodit
2344 1268 2488 1315 eam,
2519 1249 2842 1320 implebitur
2873 1247 3095 1317 spiritu.
3135 1264 3153 1296 ι

1806 1347 1965 1402 Prov.
2005 1362 2127 1417 xvr,
2161 1345 2254 1398 24.
2287 1374 2355 1385 —-
2387 1362 2404 1395 ι
2445 1342 2573 1396 Favi
2611 1340 2792 1395 mellis
2824 1353 3110 1395 sermones
3139 1337 3270 1391 boni
3301 1353 3315 1390 :

1737 1438 1969 1494 dulcedo
1999 1444 2182 1492 autem
2217 1451 2433 1500 eorum,
2467 1435 2922 1490 medicamentum
2960 1432 3210 1489 anima.»

1806 1528 1965 1583 Prov.
1995 1543 2110 1593 χιιι,
2139 1526 2232 1581 25.
2258 1556 2328 1565 -
2368 1543 2386 1576 ι
2420 1525 2520 1590 Qui
2575 1523 2816 1578 custodit
2839 1538 2903 1578 os
2937 1539 3100 1577 suum
3131 1529 3185 1576 et
3217 1521 3321 1575 lin-

1737 1635 1922 1693 guam,
1953 1619 2194 1676 custodit
2220 1618 2289 1672 ab
2312 1617 2580 1688 angustiis
2619 1617 2854 1670 animam
2888 1630 3065 1670 suam.
3113 1632 3133 1666 ι

1809 1712 1970 1769 Prov.
2014 1728 2158 1776 xxv,
2213 1710 2304 1766 25.
2372 1741 2440 1751 --
2474 1728 2493 1761 ι
2545 1708 2760 1780 Lingua
2796 1708 2978 1763 mollis
3025 1704 3322 1776 confringit

1742 1815 1890 1857 0588.
1929 1819 1948 1851 ι

140 1925 158 1957 ι
192 1905 431 1968 Θάνατος
466 1904 562 1960 καὶ
590 1904 704 1976 ζωὴ
729 1906 787 1959 ὲν
811 1905 957 1976 χειρὶ
1007 1903 1282 1976 γλώσσης,
1314 1903 1365 1957 οἱ
1419 1903 1478 1957 δὲ
1511 1919 1644 1975 κρα-

1818 1893 1982 1948 Prov.
2015 1908 2173 1956 xvnt,
2195 1891 2288 1946 21.
2319 1921 2390 1931 -
2434 1909 2452 1942 ι
2476 1889 2626 1946 Mors
2654 1900 2707 1945 et
2729 1890 2839 1944 vita
2864 1889 2918 1944 in
2943 1886 3202 1942 manibus
3225 1885 3322 1938 lin-

52 1999 286 2063 τοῠντες
308 1998 480 2069 αὐτὴν
504 1998 711 2052 ἔδονται
747 1999 875 2063 τοὺς
897 1999 1147 2071 καρποὺς
1173 1998 1365 2069 αὐτῆς.
1392 2017 1412 2050 ι

138 2199 156 2229 ι
195 2176 481 2250 Μακάριος
510 2175 674 2249 ἀνὴρ,
701 2177 762 2242 ὃς
783 2176 886 2230 οὐκ
915 2175 1262 2248 ὀλισθήσεται
1309 2175 1370 2228 ὲν
1409 2171 1640 2244 στόματι

50 2270 250 2327 αὑτοῦ.
295 2289 313 2323 ι

135 2383 155 2414 ι
187 2361 407 2434 Λάρυγξ
430 2362 637 2432 γλυκὺς
663 2360 926 2434 πληθύνει
951 2359 1138 2432 φίλους
1164 2359 1363 2414 αὐτῶν.
1403 2376 1424 2411 ι

142 2474 160 2506 ι
202 2456 296 2518 Τίς
327 2454 488 2508 δώσει
512 2455 605 2510 ἐπὶ
628 2455 724 2508 τοῦ
757 2455 1025 2526 στόματός
1072 2471 1172 2526 μου
1233 2452 1502 2524 φυλακὴν,
1548 2450 1642 2503 καὶ

55 2549 157 2601 ἐπὶ
189 2547 297 2602 τῶν
326 2546 549 2616 χειλέων
580 2564 681 2618 μου
709 2547 1000 2619 σφραγῖδα,
1029 2548 1116 2600 ἵνα
1156 2548 1231 2617 μὴ
1292 2545 1500 2617 ὲκπὲσῃ
1546 2544 1642 2599 ἀπ’

56 2639 257 2708 αὐτῆς,
293 2639 441 2710 καὶὴ
471 2638 693 2707 γλῶσσά
728 2655 830 2708 μου
865 2638 1104 2710 ἀπολέσῃ
1129 2654 1230 2709 με;
1267 2657 1286 2689 ι

139 2748 159 2782 ι
203 2729 262 2785 Ὀ
293 2728 466 2801 μισῶν
485 2728 698 2796 λαλιὰν,
727 2726 1048 2783 ἐλαττοῦται
1079 2728 1299 2783 κακίαν.
1337 2735 1382 2781 ι’

146 2927 165 2958 ι
201 2906 411 2977 ’Δγαθά
434 2905 801 2978 ὲκκεχυμένα,
824 2905 918 2961 ἐπὶ
935 2905 1165 2978 στόματι
1193 2905 1587 2977 κεκλεισμένῳ.
1620 2923 1640 2956 ι

149 3104 170 3137 ι
193 3079 363 3150 Εἷπα,
395 3083 620 3151 Φυλάξω
649 3083 748 3148 τὰς
771 3082 924 3148 ὁδούς
951 3101 1075 3155 μου,
1131 3081 1224 3137 τοῦ
1267 3081 1342 3154 μὴ
1395 3080 1647 3153 ἁμαρτά-

61 3195 184 3232 νειν
211 3195 278 3248 με
306 3178 364 3231 ὲν
392 3177 611 3250 γλώσσῃ
647 3194 771 3248 μου.
811 3197 832 3230 ι

1739 2001 1905 2058 gua:
1945 1987 2039 2057 qui
2068 1994 2250 2041 autem
2305 1991 2496 2040 tenent
2560 1998 2705 2048 eam,
2767 1981 3057 2038 comedent
3112 1978 3324 2032 fructus

1739 2079 1882 2151 ejus.
1915 2099 1934 2132 ›

1811 2169 1982 2226 Eccli.
2022 2184 2153 2237 xtv,
2181 2170 2235 2224 l.
2276 2198 2348 2209 —
2379 2186 2397 2221 ι
2437 2166 2641 2224 Beatus
2698 2166 2784 2222 vir
2807 2165 2902 2220 (ιιιὶ
2956 2179 3066 2219 non
3096 2173 3180 2219 est
3247 2162 3327 2216 la-

1740 2279 1875 2336 psus
1915 2264 1971 2318 in
2004 2278 2101 2318 ore
2140 2277 2297 2318 suo.»

1810 2356 1980 2410 Eccli.
1999 2371 2076 2419 vt,
2099 2355 2228 2410 5.-
2247 2375 2264 2407 ι
2291 2353 2493 2409 Guttur
2511 2352 2674 2408 dulce
2700 2351 3029 2420 multiplicat
3055 2348 3282 2403 amicos.
3302 2365 3320 2397 ι

1814 2446 1983 2502 Eccli.
2030 2463 2166 2512 χιιι,
2209 2447 2395 2511 27,—-
2431 2465 2450 2497 ι
2486 2445 2622 2511 Quis
2658 2443 2814 2498 dabit
2863 2442 2947 2497 ori
2975 2457 3096 2496 meo
3141 2447 3328 2494 cttstuo

1755 2540 1926 2606 diam,
1950 2552 2004 2595 et
2033 2555 2200 2609 super
2223 2538 2370 2594 labia
2395 2553 2513 2593 mea
2553 2536 2902 2606 signaculum
2931 2575 2946 2598 ,
2978 2544 3038 2587 ut
3083 2548 3189 2588 non
3225 2549 3326 2586 ca-

1743 2634 1833 2690 dat
1868 2634 1937 2687 ab
1967 2633 2103 2700 ipsa,
2130 2642 2184 2688 et
2211 2631 2402 2702 lingua
2439 2645 2561 2685 mea
2587 2630 2776 2700 perdat
2794 2644 2880 2682 me
2906 2625 2931 2679 ?
2959 2645 2978 2677 ι

1820 2725 1985 2779 Eccli.
2017 2741 2130 2780 xix.
2166 2726 2222 2779 5.
2272 2755 2343 2764 --
2380 2743 2398 2776 ι
2449 2722 2551 2790 Qui
2584 2723 2702 2777 odit
2746 2721 3168 2792 loquacitatem,
3219 2717 3327 2770 itu-

1744 2818 1944 2873 minuit
1978 2817 2266 2871 malitiam.
2304 2837 2323 2870 ι

1816 2910 1982 2982 420
2013 2910 2184 2966 Eccli.
2240 2927 2372 2975 xxx,
2406 2910 2497 2966 18.
2529 2941 2602 2951 -
2633 2929 2651 2961 ι
2694 2909 2847 2963 Bona
2907 2906 3083 2962 ell‘usa
3129 2903 3186 2958 in
3236 2919 3333 2958 ore

1756 3003 1970 3060 clauso.
2018 3022 2037 3056 ι

1821 3096 1974 3154 Psal.
2007 3097 2238 3163 xxxviii,
2262 3098 2390 3152 1.-
2417 3115 2436 3148 ι
2472 3096 2592 3151 Dixi
2630 3114 2643 3150 :
2671 3095 2991 3152 Custodiam
3019 3093 3135 3149 vias
3157 3107 3330 3159 meas,

1750 3199 1811 3244 ut
1846 3205 1956 3243 non
1991 3189 2313 3260 delinquam
2346 3190 2401 3244 in
2424 3188 2612 3260 lingua
2647 3205 2790 3243 mea.
2831 3209 2848 3240 ι

143 3290 164 3322 ι
193 3269 321 3336 Θοῦ,
363 3270 558 3342 Κύριε,
590 3269 837 3339 φυλακὴν
866 3269 943 3340 τῷ
975 3267 1206 3340 στόματί
1252 3285 1376 3339 μου,
1409 3268 1504 3321 καὶ
1561 3266 1644 3321 θύ-

1819 3279 2117 3345 Psal.cx1.,
2144 3282 2197 3336 5.
2227 3312 2296 3321 —-
2333 3301 2350 3334 ι
2389 3281 2558 3347 Pone,
2600 3280 2853 3344 Domine,
2905 3279 3211 3336 custodian:
3250 3279 3335 3333 ori

65 3382 176 3436 ραν
206 3362 466 3435 περιοχῆς
489 3363 618 3433 περὶ
654 3362 724 3416 τὰ
759 3363 911 3434 χείλη
951 3380 1072 3432 μου.
1095 3379 1116 3414 ι

152 3475 174 3508 ι
218 3456 398 3509 Ἔστω
447 3457 556 3520 πᾶς
611 3454 896 3525 ἅνθρωπος
945 3454 1116 3525 ταχὺς
1171 3452 1252 3516 είς
1304 3451 1366 3504 τὸ
1392 3448 1647 3513 ἀκοῦσαι,

65 3547 277 3619 βραδὺς
304 3549 383 3610 εἰς
410 3547 472 3602 τὸ
494 3546 747 3617 λαλῆσαι.
779 3564 799 3598 ι

147 3659 167 3691 ι
208 3639 274 3692 Εἴ
317 3656 405 3703 τις
457 3641 515 3692 ὲν
570 3639 714 3709 λόγῳ
744 3640 806 3693 οὑ
843 3638 1048 3702 πταίει,
1095 3629 1250 3702 οὗτος
1275 3635 1480 3702 τέλειός
1509 3636 1647 3700 ἐστι,

59 3732 372 3803 δυνάμενος
398 3731 845 3804 χαλιναγωγῆσαι
867 3731 927 3786 τὸ
955 3730 1134 3803 σῶμα.
1173 3750 1191 3784 ι

141 3913 222 3968 Τὸ
266 3913 395 3984 περὶ
432 3912 532 3986 τὴν
565 3913 750 3985 φωνὴν
794 3914 988 3968 ἀσκεῖν
1024 3915 1343 3985 σωφρονεῖν,
1394 3910 1653 3980 λαγνείας

61 4011 193 4066 ἐστὶ
219 4009 506 4080 καρτερία.

144 4102 262 4155 Οὐκ
320 4102 435 4155 ῖστε
481 4099 673 4170 ἡλίκον
711 4100 774 4154 ἐκ
803 4099 938 4154 Θεοῦ
972 4100 1148 4171 δῶρον
1174 4101 1208 4170 ἡ
1245 4099 1421 4168 σιωπή
1449 4113 1463 4127 ·
1497 4097 1655 4166 φθέγ-

61 4212 170 4263 γου
191 4193 271 4260 δὲ,
303 4192 424 4245 εῐτι
448 4195 698 4261 κρεῖττον
726 4192 938 4262 σιωπῆς
968 4191 1131 4262 ἔχεις.
1173 4191 1390 4260 Ἀγάπα
1433 4189 1490 4243 δὲ
1520 4191 1653 4261 ἡσυ-

63 4306 101 4356 χ
111 4287 222 4352 ίαν,
247 4285 374 4340 ἔνθα
408 4287 655 4357 κρεῖττον
683 4284 843 4355 λόγου
868 4285 928 4339 τὸ
952 4287 1183 4357 σιωπᾷν.

145 4467 268 4522 Οὐκ
300 4467 396 4538 ἡδὺ
412 4468 523 4531 τοῖς
553 4469 765 4531 πιστοῖς
789 4466 1092 4538 ἀδολεσχία,
1129 4467 1223 4520 καὶ
1272 4466 1450 4536 λόγων
1503 4467 1654 4520 ἀντι-

65 4562 279 4624 θέσεις.
324 4559 512 4632 Ἀρκεῖ
537 4559 646 4630 γάρ
667 4559 763 4612 καὶ
792 4553 871 4624 εἷς
892 4559 1287 4629 ἀντικείμενος.

156 4738 332 4809 Σοφὸς
358 4738 495 4813 ἀνὴρ
511 4738 605 4793 καὶ
635 4737 825 4808 σιγῶν,
857 4738 949 4793 τὸν
977 4737 1108 4792 Θεὸν
1151 4739 1304 4810 τιμᾷ,
1353 4737 1510 4803 εἰδὼς
1563 4741 1659 4794 καί

64 4837 165 4892 διὰ
192 4835 249 4888 τί
277 4836 425 4906 σιγᾷ.

148 4926 344 4980 Φείδου
399 4943 511 4996 μοι,
550 4925 875 4997 παρακαλῶ,
928 4928 1022 4982 τοῦ
1059 4925 1226 4981 αὐτοῦ
1278 4925 1656 4981 ἀκαταστάτου

65 5019 356 5090 γλώσσης.
385 5019 779 5091 Χαλεπώτερος
806 5020 914 5093 γὰρ
941 5021 970 5073 ὁ
1015 5021 1114 5091 τῆς
1150 5018 1403 5090 γλώσσης
1447 5019 1657 5084 δλισθος

67 5111 172 5166 τοῦ
200 5109 314 5164 τῶν
341 5109 518 5164 ποδῶν
547 5109 785 5167 ὀλίσθου.

68 5225 270 5282 ΤΙΤΛ.
302 5225 405 5280 IE'.
440 5257 508 5266 —
549 5224 690 5295 Περὶ
721 5225 839 5349 ab;
867 5226 982 5294 τὴν
1005 5224 1295 5296 γλῶσσαν
1308 5224 1395 5296 μὴ
1429 5229 1658 5296 φυλατ-

749 5313 785 5349 τ
822 5314 998 5349 ντων.

749 5313 998 5351 τον-των.

156 5408 177 5441 ι
243 5387 379 5442 Ἀπὸ
407 5386 607 5452 παντὸς
647 5388 891 5461 ῥήματος
911 5387 1100 5443 ἀδίκου
1123 5387 1407 5460 ἀπόστηθι.
1442 5407 1461 5441 ι

155 5608 175 5640 ι
221 5587 358 5642 Ἀπὸ
384 5588 649 5660 μάστιγος
675 5555 928 5662 γλώσσης
955 5589 1155 5662 κρύψει
1181 5607 1262 5648 σε.
1295 5608 1314 5643 ι

155 5786 177 5820 ι
215 5767 402 5854 Τάφος
423 5768 782 5855 ,ἀνεῳγμένος
814 5771 841 5826 ὁ
863 5770 1071 5842 λάρυγξ
1101 5770 1299 5828 αὐτῶν.
1335 5792 1354 5826 ι

1749 3388 1894 3438 meo,
1927 3382 1980 3428 et
2007 3374 2211 3429 ostium
2243 3375 2679 3429 circumstantia
2710 3375 2872 3428 labiis
2908 3374 3064 3427 meis.
3093 3391 3112 3423 ι

1817 3464 1939 3519 Jac.
1976 3481 2016 3529 ι,
2050 3468 2139 3522 19.
2196 3497 2265 3508 --
2307 3486 2325 3518 ι
2385 3467 2471 3521 Sit
2499 3467 2680 3522 omnis
2710 3468 2873 3520 homo
2910 3467 3071 3520 velox
3119 3466 3187 3518 ad
3239 3479 3338 3518 au-

1750 3554 2034 3620 diendum,
2070 3559 2260 3613 tardus
2296 3568 2478 3614 autem
2506 3560 2572 3613 ad
2600 3558 2954 3628 loquendum.
2992 3576 3011 3607 ι

1821 3649 1943 3703 Jac.
1976 3665 2058 3714 ιιι,
2091 3650 2145 3704 2.
2177 3682 2246 3690 -
2280 3670 2297 3702 ‹
2345 3651 2403 3706 Si
2439 3653 2567 3722 quis
2605 3653 2660 3706 in
2688 3653 2854 3706 verbo
2917 3667 3025 3705 non
3066 3652 3320 3715 offendit,

1750 3740 1842 3795 hic
1869 3740 2151 3811 perfectus
2198 3750 2282 3798 est
2316 3744 2421 3807 vir,
2489 3750 2690 3813 potens
2729 3741 2952 3797 frenare
2999 3751 3173 3796 totum
3206 3756 3335 3796 coro

1751 3849 1880 3905 pus.
1921 3852 1939 3884 ι

1822 3924 1992 3984 Clem.
2027 3958 2098 3968 —
2149 3926 2546 3997 Temperantia
2589 3927 2778 3998 lingua
2804 3927 3052 3995 studere,
3081 3935 3168 3984 est
3200 3927 3335 3982 libi-

1753 4019 2004 4076 dinosam
2043 4022 2399 4090 petulantiam
2433 4031 2862 4090 perseveranter
2887 4037 3172 4078 coercere.

1825 4111 1979 4183 Greg.
2016 4111 2160 4166 Naz.
2193 4121 2335 4168 orat.
2375 4113 2468 4168 26.
2499 4143 2568 4152 —
2611 4112 2853 4169 Nescitis
2913 4122 3184 4184 quantum
3236 4115 3337 4170 do-

1753 4218 1884 4258 num
1922 4205 2202 4260 silentium
2229 4205 2320 4259 sit.
2383 4203 2636 4275 Loquere
2660 4220 2810 4268 vero,
2856 4205 2900 4260 si
2925 4205 3060 4275 quid
3102 4205 3328 4260 silentio

1753 4297 2122 4367 praestabilius
2158 4297 2348 4353 babes.
2390 4296 2488 4352 Sin
2538 4306 2718 4354 autem
2782 4299 3116 4368 amplectere
3165 4299 3336 4355 silen-

1755 4389 1919 4454 tium,
1952 4389 2045 4444 ubi
2087 4389 2252 4445 silere
2278 4399 2501 4460 prastat
2533 4407 2698 4460 quam
2727 4391 2902 4462 loqui.

1833 4483 2143 4553 lnjucunda
2196 4483 2300 4552 piis
2329 4492 2414 4538 est
2455 4484 2782 4553 loquacitas,
2815 4491 3318 4553 contentionexwe

1685 4593 1733 4649 ι)
1760 4575 2078 4629 verborum.
2135 4573 2271 4628 Nam
2303 4576 2440 4630 satis
2487 4591 2766 4646 superque
2796 4584 2880 4630 est
2909 4577 2995 4630 vel
3046 4591 3191 4632 unus
3241 4577 3337 4630 atl-

1759 4681 2059 4722 versamus.

1834 4756 1998 4812 Sixti.
2025 4788 2097 4798 —
2127 4756 2223 4812 Vir
2252 4759 2471 4828 sapiens
2501 4764 2555 4812 et
2584 4765 2775 4812 tacens
2827 4759 3064 4814 bonorat
3123 4760 3335 4828 gDeum,

1760 4865 1886 4911 cum
1929 4860 2146 4914 noscat,
2183 4867 2290 4921 qua
2323 4851 2392 4906 de
2418 4866 2585 4906 causa
2615 4861 2815 4908 taceat.

1834 4943 1976 4998 Nili.
2014 4974 2085 4984 —
2117 4943 2317 5011 Parce,
2349 4959 2556 5012 quaso,
2593 4945 2788 5000 elireni
2826 4946 3024 5018 lingua
3053 4956 3180 5003 tua.
3203 4946 3341 5002 Gra-

1759 5035 1880 5092 vior
1902 5035 2049 5092 enim
2089 5044 2176 5092 est
2217 5035 2439 5107 lingua,
2464 5050 2628 5107 quam
2660 5037 2862 5108 pedum
2896 5039 3120 5109 lapsus.

1759 5236 1897 5294 TlT.
1928 5233 2043 5293 XV.
2068 5264 2140 5279 —
2169 5234 2245 5291 De
2269 5237 2337 5292 iis
2366 5237 2457 5307 qui
2490 5237 2757 5362 dlingpam
2814 5253 2967 5291 suam
2994 5251 3099 5289 non
3154 5246 3337 5292 curto-

2530 5325 2619 5362 tun

2530 5325 2619 5363 tun

1833 5399 2008 5454 Exod.
2043 5415 2202 5469 xxm,
2231 5400 2373 5454 7.—
2411 5419 2430 5453 ι
2464 5401 2545 5457 Ab
2602 5400 2748 5455 omni
2800 5399 2992 5470 iniquo
3015 5399 3182 5455 verbo
3211 5399 3341 5456 abs-

1779 5509 1896 5549 .tne.
1940 5512 1958 5546 ι

1779 5502 1896 5549 «⁷118.
1940 5512 1958 5546 ι

1761 5502 1801 5550 ῃ
1832 5587 1937 5641 Job
2004 5602 2059 5653 v,
2112 5586 2217 5641 21.
2249 5617 2321 5628 ——
2379 5605 2399 5640 ι
2436 5588 2475 5642 Α
2523 5585 2741 5658 ﬂagello
2794 5585 2997 5658 lingua
3041 5583 3340 5641 occultabit

1763 5686 1839 5736 te.
1878 5697 1896 5730 ι

1837 5769 1972 5824 Ρςαι
2025 5787 2080 5837 v,
2116 5771 2202 5828 l0.
2238 5802 2302 5816 —
2346 5792 2363 5827 ι
2417 5771 2735 5844 Sepulcrum
2771 5783 2962 5844 patens
3012 5782 3092 5831 cst
3150 5778 3338 5842 guttur

1772 5877 1984 5918 eorum.
2021 5880 2041 5916 )
