4024 6422
205 384 339 447 ι345

1334 402 1348 415 '
1441 389 1682 450 SACRA
1719 389 2166 450 PARALLELA

3307 396 3446 461 1346

194 500 292 552 καὶ
319 494 515 567 μοχλόν
539 507 554 523 ⁶
596 493 831 566 πρόσεχε
862 494 1073 566 μήπως
1105 494 1397 571 ὀλισθήσῃς
1425 499 1483 553 ὲν
1508 499 1682 570 αὐτῷ,
1699 530 1769 542 ..-

1876 516 2035 555 uuam
2070 512 2126 557 et
2163 510 2348 558 vectes
2380 522 2393 559 :
2429 506 2650 562 attende
2699 518 2769 561 ne
2806 504 2951 561 forte
2980 505 3188 564 labaris
3233 510 3444 581 lingua.

196 587 394 644 Πολλοὶ
420 586 622 640 ἔπεσαν
660 586 718 639 ἐν
766 586 994 657 στόματι
1035 588 1330 662 μαχαίρας,
1367 592 1462 644 καὶ
1487 592 1587 662 οὐχ
1606 590 1681 657 ὡς
1714 591 1765 645 οἱ

192 680 548 744 πεπτωκότες
580 679 668 734 διὰ
696 680 969 750 γλώσσης.
1010 699 1029 732 ι

271 794 289 824 ι
318 772 387 826 Εἴ
427 789 511 836 τις
545 772 604 824 ὲν
650 770 794 840 λόγῳ
824 771 884 825 οὐ
924 772 1131 837 πταίει,
1163 765 1316 838 οὗτος
1355 774 1557 840 τέλειος
1598 776 1761 847 ἀνὴρ,

96 862 107 869 ’
185 865 490 934 δυνάμενος
520 864 967 935 χαλιναγωγῆσαι
1002 866 1094 919 καὶ
1134 866 1261 921 ὃλον,
1297 870 1357 920 τὸ
1403 868 1581 939 σῶμα.
1615 870 1677 923 Et
1706 870 1763 924 δὲ

186 954 299 1007 τῶν
326 956 504 1008 ἵππων
555 954 680 1018 τοὺς
717 954 966 1025 χαλινοὺς
996 957 1076 1019 εἰς
1116 955 1185 1010 τὰ
1231 956 1473 1027 στόματα
1498 956 1763 1030 βάλλομεν

189 1049 273 1111 είς
296 1048 357 1101 τὸ
390 1046 675 1100 πείθεσθαι
714 1047 910 1111 αὐτοὺς
941 1049 1094 1119 ἡμῖν,
1127 1049 1219 1103 καὶ
1241 1050 1360 1103 ὅλον
1392 1050 1451 1102 τὸ
1479 1051 1637 1122 σῶμα
1665 1054 1763 1106 αὖ-

185 1136 299 1191 τῶν
333 1137 645 1207 μετάγομεν
668 1152 683 1166 ⁸
730 1136 839 1190 ίδού
870 1139 966 1191 καὶ
990 1139 1058 1191 τά
1087 1138 1248 1192 πλοῖα
1281 1139 1581 1210 τηλικαῦτα
1608 1142 1758 1210 ὄντα,

188 1231 284 1283 καὶ
308 1230 414 1283 ὑπὸ
444 1230 663 1299 ἀνέμων
691 1228 944 1302 σκληρῶν
967 1230 1303 1301 ἐλαυνόμενα
1336 1234 1629 1303 μετάγεται
1657 1235 1761 1289 ὐπὸ

186 1323 472 1393 ἐλαχίστου
505 1320 786 1392 πηδαλίου,
810 1321 945 1376 ὅπου
972 1321 1038 1376 ἂν
1070 1324 1103 1394 ή
1140 1323 1283 1393 ὁρμὴ
1316 1324 1409 1377 τοῦ
1448 1324 1761 1391 εὐθύνοντος

188 1416 440 1487 βούλεται
461 1432 475 1445 ο
509 1414 679 1480 οὕτως
707 1417 802 1469 καὶ
832 1418 863 1486 ή
894 1416 1115 1485 γλῶσσα
1148 1420 1381 1489 σμικρὸν
1429 1417 1589 1487 μέλος
1618 1420 1758 1488 ἐστὶ,

188 1511 284 1564 καὶ
320 1508 674 1580 μεγαλαυχεῖ.
723 1508 852 1562 Ἰδοὺ
891 1496 1217 1581 ὀλίγον’πῦρ
1258 1510 1454 1581 ἡλίκην
1494 1510 1627 1583 ὓλην
1665 1514 1761 1567 ἁν-

187 1605 350 1658 ἀπτει
375 1604 389 1655 ί
423 1601 584 1671 Καλὴ
610 1599 830 1669 γλῶσσα
860 1600 1042 1672 πῦρλό
1074 1601 1277 1673 κόσμος
1306 1603 1401 1674 τῆς
1423 1604 1656 1668 ἀδικίας.
1695 1606 1761 1660 Ἡ

186 1694 411 1763 γλῶσσα
440 1692 763 1747 καθίσταται
814 1693 872 1748 ὲν
921 1696 1035 1758 τοῖς
1084 1694 1307 1763 μέλεσιν
1341 1696 1519 1767 ήμῶν,
1558 1700 1593 1769 ἠ
1634 1715 1761 1753 σπι-

184 1785 356 1839 λοῦσα
383 1784 503 1838 ὅλον
533 1785 593 1837 τὸ
618 1784 798 1855 σῶμα,
834 1786 929 1839 καὶ
957 1786 1289 1855 φλογίζουσα
1316 1788 1406 1843 τὸν
1436 1790 1629 1860 τροχὸν
1659 1791 1757 1862 τῆς

184 1878 475 1946 γενέσεως,
508 1877 602 1931 καὶ
642 1854 1005 1948 φλογιζομένη
1045 1878 1148 1930 ὐπὸ
1186 1878 1286 1948 τῆς
1330 1854 1573 1951 γεέννης.
1602 1854 1758 1936 Πᾶσα
1786 1854 1835 1910 Β

184 1970 297 2041 γάρ
326 1968 487 2037 φύσις
523 1968 725 2039 Θηρίων
763 1985 822 2020 τε
864 1972 958 2021 καὶ
986 1969 1268 2035 πετεινῶν,
1302 1971 1547 2041 ἑρπετῶν
1577 1989 1634 2026 τε
1665 1974 1760 2028 καὶ

184 2062 410 2115 ἐναλίων
446 2058 745 2131 δαμάζεται
772 2059 865 2112 καὶ
893 2058 1224 2130 δεδάμασται
1254 2064 1320 2131 τῇ
1356 2062 1516 2131 φύσει
1568 2065 1633 2135 τῇ
1669 2064 1762 2118 ἀν-

186 2153 458 2225 θρωπίνη,
508 2153 607 2224 τὴν
653 2153 711 2206 δὲ
758 2150 1011 2220 γλωσσαν
1051 2154 1223 2217 οὐδεὶς
1272 2155 1495 2209 δύναται
1552 2155 1763 2227 ἀνθρώ-

186 2266 305 2302 πων
338 2248 611 2319 δαμάσαι⁶
668 2249 1042 2317 ἀκατάσχετον
1088 2248 1282 2314 κακὸν,
1342 2248 1515 2321 μεστὴ
1547 2250 1627 2305 ίοῦ
1668 2251 1765 2303 θα-

187 2342 518 2413 νατηφόρου.
548 2341 636 2395 Ἐν
673 2341 810 2412 αὐτῇ
844 2338 1173 2411 εὐλογοῦμεν
1203 2340 1295 2395 τὸν
1336 2342 1471 2396 Θεὸν
1520 2344 1616 2397 καὶ
1645 2345 1762 2397 Πα-

187 2437 342 2506 τέρα,
373 2434 470 2489 καὶ
526 2434 585 2486 ἐν
636 2434 777 2504 αὐτῇ
830 2432 1202 2503 καταρώμεθα
1252 2435 1381 2499 τοὺς
1441 2435 1763 2507 ἀνθρώπους

186 2528 313 2590 τούς
356 2526 477 2580 καθ’
515 2526 779 2596 ὁμοίωσιν
807 2524 943 2578 Θεοῦ
989 2527 1303 2595 γεγονότας.
1347 2528 1445 2581 Ἐκ
1471 2528 1566 2582 τοῦ
1596 2529 1763 2583 αὐτοῦ

186 2620 456 2690 στόματος
490 2619 772 2691 ἐξέρχεται
816 2619 1039 2686 εὐλογία
1084 2622 1179 2674 καὶ
1221 2620 1458 2693 κατάρα.
1521 2623 1597 2675 Οὐ
1630 2622 1760 2694 χρὴ,

186 2709 407 2779 ἀδελφοί
437 2728 562 2781 μου.
586 2712 677 2783 Μή
708 2728 761 2765 τι
793 2712 829 2780 ἡ
858 2711 1010 2781 πηγὴ
1044 2712 1108 2765 ὲκ
1131 2711 1229 2783 τῆς
1253 2712 1425 2783 αὐτῆς
1444 2712 1584 2784 ὀπῆς
1612 2712 1767 2785 βρύει

186 2803 249 2856 τὸ
276 2802 473 2871 γλυκὺ,
498 2804 593 2857 καὶ
615 2807 678 2857 τό
707 2807 905 2877 πικρόν
924 2823 940 2873 ;
962 2823 980 2856 ι

262 2898 439 2966 Κόρος
485 2898 649 2968 λόγου
693 2899 955 2973 πολέμιος
992 2901 1205 2967 ἀκοαῖς,
1236 2898 1314 2965 ὡς
1348 2886 1768 2971 ὐπερὸάλλουσα

187 2989 367 3061 τροφὴ
407 2988 646 3062 σώματι.

1862 623 1934 632 -
1961 593 2119 648 Multi
2151 594 2473 651 ceciderunt
2525 597 2581 651 in
2617 612 2717 653 ore
2773 597 2937 669 gladii
2984 616 3000 651 :
3041 600 3139 655 sed
3184 615 3296 655 non
3340 601 3443 665 sic,

1862 684 2013 739 velut
2043 686 2139 756 qui
2171 687 2502 744 interierunt
2534 704 2630 759 per
2658 690 2925 761 linguam.
2956 710 2973 743 ι

1886 846 1903 853 β
1931 774 2057 831 Jac.
2101 794 2185 841 ιιι.
2214 778 2381 846 2,“.
2411 810 2482 820 —
2523 800 2543 834 ε
2583 782 2639 835 Si
2665 783 2791 853 quis
2830 784 2887 839 in
2922 784 3091 840 verba
3127 800 3240 840 non
3274 784 3449 841 offen-

1861 866 1963 931 dit,
2001 867 2091 922 hic
2122 878 2208 924 est
2244 870 2520 940 perfectus
2554 874 2675 941 vir;
2716 882 2912 944 potens
2946 876 3112 930 etiam
3144 876 3302 931 freno
3340 877 3446 931 cir-

1862 960 2199 1017 cumducere
2232 973 2404 1019 totum
2436 980 2680 1035 corpus.
2720 964 2777 1021 Si
2806 976 2987 1023 autem
3018 970 3177 1038 equis
3205 970 3357 1025 frena
3388 971 3445 1024 in

1862 1066 1959 1106 ora
1996 1044 2365 1110 tnittimus'ad
2394 1058 2855 1112 consentiendum
2883 1058 3066 1123 nobis,
3090 1058 3254 1113 etiam
3281 1074 3447 1116 omne

1861 1157 2062 1212 corpus
2092 1143 2311 1198 illorum
2344 1145 2793 1201 circumferimus
2828 1166 2841 1201 :
2868 1156 2923 1201 et
2943 1164 3076 1202 ecce
3108 1164 3298 1214 naves,
3318 1165 3445 1205 cum

1861 1250 2074 1306 magna:
2106 1236 2238 1304 sint,
2268 1245 2323 1292 et
2368 1252 2399 1292 a
2426 1239 2608 1294 ventis
2638 1241 2842 1302 validis
2876 1241 3181 1304 minentur,
3209 1242 3448 1297 circnm-

1860 1327 2117 1385 feruntur
2148 1344 2181 1384 a
2209 1330 2428 1384 modico
2466 1332 2862 1401 gubernaculo,
2899 1332 2990 1387 ubi
3033 1334 3272 1403 impetus
3304 1335 3448 1389 diri-

1860 1423 2041 1492 gentis
2093 1424 2331 1479 voluerit
2377 1440 2392 1477 :
2448 1424 2524 1477 ita
2573 1431 2627 1479 et
2681 1423 2867 1493 lingua
2916 1425 3190 1480 modicum
3222 1427 3446 1497 quidem

1860 1514 2168 1569 membrum
2202 1523 2305 1578 est,
2328 1524 2381 1570 et
2414 1530 2611 1586 magna
2638 1518 2860 1570 exaltat.
2894 1514 3036 1572 Ecce
3064 1534 3264 1588 parvus
3304 1520 3447 1589 ignis

1860 1619 2025 1673 quam
2058 1619 2310 1676 magnam
2336 1606 2531 1660 silvam
2560 1606 2806 1662 incendit
2832 1609 2843 1660 !
2875 1606 2941 1661 Et
2971 1610 3155 1677 lingua
3178 1611 3321 1678 ignis
3338 1621 3442 1675 est,

1860 1699 2201 1754 universitas
2273 1699 2615 1769 iniquitatis.
2688 1698 2902 1769 Lingua
2967 1703 3326 1756 constituitur
3389 1704 3443 1755 in

1863 1789 2126 1844 membris
2157 1791 2387 1856 nostris,
2431 1806 2556 1860 quae
2596 1792 2839 1844 maculat
2885 1799 3059 1845 totum
3118 1808 3346 1863 corpus,
3390 1802 3447 1847 et

1860 1878 2167 1934 inﬂammat
2193 1888 2370 1934 rotam
2403 1881 2712 1936 nativitatis
2736 1889 2957 1946 nostrtc,
2989 1892 3043 1935 et
3073 1882 3447 1937 inﬂammatur

1861 1984 1892 2024 a
1923 1970 2195 2040 gehenna.
2231 1970 2425 2025 Omnis
2456 1973 2603 2026 enim
2643 1981 2845 2026 natura
2891 1973 3220 2038 bestiarum,
3255 1985 3308 2030 et
3348 1991 3445 2029 vo-

1862 2062 2105 2127 lucrum,
2138 2072 2191 2117 et
2225 2062 2588 2132 serpentium,
2627 2072 2682 2119 et
2719 2065 3046 2134 aquatilium
3077 2064 3358 2131 domatur,
3391 2075 3447 2122 et

1860 2152 2070 2209 domita
2096 2164 2183 2210 est
2214 2169 2245 2208 a
2285 2162 2485 2210 natura
2518 2157 2778 2211 humana.
2801 2155 3072 2227 Linguam
3108 2168 3287 2213 autem
3321 2163 3447 2212 nul-

1863 2246 1950 2301 lus
1995 2246 2279 2301 hominum
2323 2245 2549 2302 domare
2595 2254 2801 2318 potest,
2855 2247 3163 2317 inquietum
3214 2249 3445 2313 malmn,

1864 2339 2027 2408 plena
2057 2354 2269 2394 veneno
2298 2339 2604 2396 mortifero.
2636 2341 2694 2393 In
2725 2340 2842 2409 ipsa
2871 2340 3249 2396 benedicimus
3277 2340 3447 2397 Deum

1863 2435 1919 2484 et
1949 2427 2267 2493 Patrem,et
2293 2430 2350 2484 in
2383 2431 2504 2500 ipsa
2534 2430 2912 2485 maledicimus
2949 2431 3200 2487 homines
3234 2433 3326 2501 qui
3378 2433 3447 2485 ad

1866 2520 2284 2577 similitudinem
2316 2522 2413 2576 Dei
2449 2521 2580 2575 facti
2619 2531 2771 2578 sunt.
2802 2522 2880 2576 Ex
2915 2524 3037 2592 ipso
3062 2538 3158 2577 ore
3202 2524 3452 2593 procedit

1866 2614 2175 2671 benedictio
2196 2623 2251 2671 et
2274 2614 2608 2670 maledictio.
2635 2612 2753 2668 Non
2790 2623 3028 2685 oportet,
3074 2616 3278 2671 fratres
3315 2618 3446 2670 mei.

1865 2703 2126 2777 Nunquid
2159 2705 2287 2762 fons
2315 2705 2384 2761 de
2419 2705 2614 2760 eodetn
2647 2704 2921 2761 foramine
2969 2716 3189 2761 emanat
3230 2706 3448 2762 dulcem

1866 2808 1922 2857 et
1957 2814 2199 2855 amaram
2234 2799 2468 2870 aquam?
2496 2817 2514 2851 ι

1939 2890 2100 2962 Grcg.
2143 2889 2286 2945 Nuz.
2314 2920 2386 2931 —
2418 2889 2752 2946 lmmodicus
2791 2905 2975 2946 sermo
3009 2890 3236 2947 auribus
3269 2890 3453 2945 inimi-

1870 2998 1971 3040 cus
2004 2992 2113 3052 est,
2150 2984 2298 3040 haud
2332 2998 2495 3040 secus
2524 2991 2691 3055 atque
2716 2983 3118 3038 immoderatus
3149 2984 3311 3040 cibus
3332 2999 3454 3040 cor-

1871 3093 2018 3149 port.

268 3172 518 3237 Ὀλισθος
566 3171 877 3244 ἀνθρώποις
910 3172 1154 3243 γλῶσσα,
1188 3174 1268 3247 μὴ
1301 3173 1449 3247 λόγῳ
1494 3174 1772 3246 κυϐερνω-

1944 3168 2137 3240 Ejusd.
2167 3179 2307 3224 orat.
2347 3170 2403 3225 2.
2426 3198 2498 3210 --
2534 3167 2714 3224 Ruina
2768 3170 3091 3228 hominibus
3124 3179 3211 3228 est
3244 3171 3451 3242 lingua,

195 3266 357 3335 μένη-

268 3354 441 3420 Λόγος
474 3354 662 3420 ἁπλῶς
692 3356 1084 3429 προσενεχθεὶς
1115 3357 1445 3429 ὁλοκλήρους
1471 3358 1774 3430 ἀνέτρεψεν

194 3446 394 3512 οίκίας,
430 3449 525 3501 καὶ
554 3448 733 3519 ψυχὰς
764 3450 1016 3505 ἀπώλεσε
1067 3452 1164 3505 καὶ
1197 3450 1483 3506 κατέδυσε.
1522 3452 1633 3505 Καὶ
1663 3451 1775 3506 τῶν

199 3538 300 3609 μὲν
328 3538 631 3609 χρημάτων
671 3540 771 3611 τὴν
820 3542 1026 3613 ζημίαν
1068 3542 1415 3613 διορθοῦσθαι
1461 3544 1624 3598 πάλιν
1671 3542 1773 3608 ἔνι,

194 3633 353 3701 λόγον
384 3632 443 3685 δὲ
485 3633 871 3705 ὲκπηδήσαντα
908 3634 1057 3700 ἅπαξ
1100 3634 1410 3705 ἀνακτῆσαι
1457 3635 1622 3689 πάλιν
1674 3637 1776 3689 οὐκ

195 3724 298 3781 ενι.

267 3817 362 3888 Μὴ
385 3816 677 3887 χελιδῶνας
709 3818 789 3882 είς
821 3817 997 3881 οίκίας
1025 3818 1270 3890 δέχεσθε,
1305 3820 1555 3875 τουτέστι
1581 3819 1776 3885 λάλους

194 3908 544 3981 ἀνθρώπους,
608 3910 703 3964 καὶ⁸
770 3910 900 3974 τοὺς
954 3911 1085 3982 περὶ⁵
1142 3910 1398 3980 γλῶσσαν
1448 3912 1779 3984 ἀνακρατεῖς

192 4002 526 4073 όμοροιρίους
556 4002 634 4073 μὴ
665 4003 931 4059 ποιεῖσθε.

270 4094 496 4147 Γλῶσσα
528 4094 675 4165 κακὴ
695 4093 1004 4163 ἀνθρώπου,
1038 4094 1249 4160 πτῶσις
1297 4093 1469 4164 αὐτῷ.
1516 4096 1627 4150 Καὶ
1664 4095 1775 4151 πά-

196 4185 323 4239 λιν·
386 4185 460 4240 Ἡ
504 4184 762 4255 γλῶσσά
817 4190 955 4251 σου,
1013 4185 1107 4239 ἀεὶ
1166 4186 1353 4254 ξυρὸν
1395 4186 1777 4257 ἠκονημένον

196 4278 495 4348 ἐποίησας
544 4278 751 4333 δόλον.
798 4278 909 4330 Καὶ
953 4277 1157 4330 πάλινο
1214 4279 1277 4332 Τί
1325 4278 1551 4348 δοθείη,
1587 4280 1685 4333 καί
1720 4281 1778 4334 τι

198 4371 555 4441 προστεθείη
589 4387 688 4426 σοι
715 4370 866 4440 πρὸς
897 4369 1189 4442 γλῶσσαν
1226 4370 1481 4435 δολίαν;
1524 4374 1633 4427 Καὶ
1674 4374 1778 4427 πά-

197 4464 314 4517 λιν·
348 4464 412 4517 Ὂ
441 4464 585 4530 Θεὸς
605 4462 719 4533 τὴν
741 4463 981 4519 αινεσίν
1007 4481 1126 4533 μου
1154 4463 1242 4534 μὴ
1272 4466 1774 4535 παρασιωπήσῃς,

1875 3279 1999 3337 qua:
2028 3265 2240 3320 ratione
2270 3280 2379 3319 non
2411 3264 2775 3334 gubernatur.

1952 3355 2327 3428 Chrysost.—-
2362 3356 2555 3411 Sermo
2618 3366 2823 3411 temere
2884 3356 3142 3426 profusus
3210 3356 3456 3427 integras

1874 3450 2069 3507 domos
2113 3452 2331 3516 evertit,
2388 3452 2710 3519 animasque
2763 3449 3005 3519 perdidit
3036 3457 3090 3503 et
3123 3448 3451 3504 submersit.

1872 3546 1953 3601 Ac
1986 3546 2346 3617 pecuniarum
2384 3544 2547 3615 (.22
2584 3542 2801 3613 quidem
2825 3546 3042 3612 jactura
3080 3541 3277 3596 sarciri
3330 3557 3454 3595 rur-

1874 3654 1998 3696 sum
2030 3646 2264 3708 potest:
2320 3651 2504 3690 sermo
2553 3644 2760 3702 autem,
2811 3636 2903 3690 ubi
2939 3633 3109 3690 semel
3161 3632 3451 3697 exsilierit,

1874 3732 2065 3802 nequit
2095 3731 2291 3785 iterum
2324 3728 2639 3798 recuperari

1946 3823 2138 3895 Cyrill.
2175 3853 2246 3863 ——
2270 3820 2607 3875 llirnndines
2634 3820 2799 3874 domo
2829 3817 2997 3872 nolite
3020 3816 3318 3887 excipere;
3351 3815 3456 3869 hoc

1882 3926 1967 3972 est
1996 3955 2013 3981 ,
2050 3915 2305 3987 garrulos
2348 3914 2621 3979 homines,
2660 3922 2714 3967 et
2748 3911 2967 3983 procaci
3013 3910 3219 3981 lingua,
3257 3919 3458 3965 contu-

1877 4006 2133 4062 bernales
2161 4012 2376 4059 vestros
2405 4003 2634 4057 minime
2668 4001 2877 4069 fat-itm:

1948 4095 2144 4150 Euseb.
2175 4124 2243 4135 --
2268 4092 2480 4164 Lingua
2518 4109 2753 4163 nequam
2791 4090 3052 4155 hominis,
3082 4091 3245 4146 ruina
3280 4090 3458 4161 ipsius

1880 4199 1990 4247 est.
2020 4187 2376 4257 Rursumque
2401 4185 2569 4240 David
2612 4203 2626 4240 :
2668 4185 2876 4253 Lingua
2913 4194 3004 4239 tua
3036 4186 3171 4239 sicut
3200 4184 3460 4239 novacula

1880 4284 2056 4355 fecisti
2084 4282 2266 4335 dolum
2292 4278 2469 4349 (Psal.
2506 4295 2582 4341 LI,
2609 4279 2685 4348 ί).
2724 4280 2788 4333 Et
2844 4278 3045 4333 iterum
3075 4298 3089 4333 :
3122 4277 3266 4344 Quid
3305 4280 3460 4332 detur

1882 4377 1998 4442 tibi,
2034 4385 2125 4429 aut
2154 4374 2281 4446 quid
2313 4382 2611 4442 apponatur
2662 4372 2754 4425 tibi
2793 4372 2860 4425 ad
2894 4373 3128 4442 linguam
3160 4370 3402 4425 dolosam
3433 4372 3459 4425 1’

1882 4467 2061 4540 (Psal.
2090 4482 2238 4529 ειη,
2260 4467 2340 4533 5.)
2368 4463 2431 4517 Ει
2460 4465 2516 4518 in
2547 4463 2655 4516 alio
2679 4462 2800 4516 loco
2828 4481 2839 4516 :
2870 4462 3030 4525 Deus,
3056 4460 3267 4516 laudent
3288 4477 3459 4514 meam

201 4554 294 4609 ὅτι
328 4556 524 4625 στόμα
554 4554 929 4625 ἀμαρτωλοῦ,
957 4554 1057 4609 καὶ
1085 4555 1283 4624 στόμα
1317 4556 1526 4611 δολίου
1553 4559 1645 4612 ἐπ’
1672 4558 1773 4629 ἐμὲ

1882 4576 1944 4613 ne
1970 4558 2220 4622 tacueris,
2250 4556 2375 4625 quia
2400 4572 2457 4608 os
2486 4553 2780 4623 peccatoris
2812 4564 2858 4605 et
2900 4568 2956 4604 os
2982 4551 3153 4604 dolosi
3188 4567 3346 4620 super
3378 4566 3460 4604 me

200 4646 477 4715 ἠνοίχθη.
501 4647 612 4701 Καὶ
645 4645 807 4700 πάλιν
825 4661 842 4679 ο
886 4646 1232 4713 Ἠκόνησαν
1255 4647 1549 4715 γλῶσσαν
1579 4648 1778 4705 αὐτῶν

198 4738 347 4792 ὡσεί
374 4737 593 4808 ὄφεωςο
627 4739 715 4806 ίὸς
754 4738 1029 4794 ἀσπίδων
1066 4739 1185 4794 ὑπὸ
1233 4741 1304 4795 τὰ
1345 4742 1517 4809 χείλη
1558 4742 1774 4796 αὐτῶν.

200 4828 308 4883 Τὸν
335 4828 460 4897 ὅφιν
483 4830 705 4898 λέγεται
730 4830 902 4883 δεινὸν
942 4828 1087 4900 ἔχειν
1114 4829 1174 4883 τὸ
1209 4831 1437 4902 κέντρον
1472 4832 1569 4901 τῆς
1605 4832 1780 4901 γλώσο

203 4939 306 4992 σης
328 4921 516 4988 αὐτοῦ,
541 4921 656 4976 ἀλλ’
685 4922 787 4975 οὐκ
824 4921 942 4975 ἐστι
968 4922 1267 4994 δεινότερον
1296 4921 1548 4993 γλώσσης
1570 4923 1780 4993 ἀνθρώ-

202 5032 310 5070 που
373 5015 574 5086 κακῆς.
620 5014 853 5084 Λέγεται
892 5013 988 5067 καὶ
1035 5013 1212 5085 σαῦρα
1257 5013 1466 5085 χλωρά,
1520 5014 1633 5067 ἀλλ’
1677 5014 1778 5067 οὐκ

202 5107 322 5161 ιστι
369 5106 686 5178 χλωροτέρα
726 5105 821 5159 τοῦ
854 5104 1119 5177 φλυάρου.
1160 5106 1432 5177 Σκορπίου
1477 5105 1662 5176 δῆγμα
1692 5104 1782 5158 θε-

206 5198 530 5271 ραπεύεται,
551 5198 708 5268 λόγος
746 5198 806 5251 δὲ
837 5195 1007 5259 κακὸς
1037 5196 1393 5267 ἐξερχόμενος
1419 5200 1483 5250 ὲκ
1516 5199 1780 5267 στόματος

202 5289 451 5362 φλυάρου
483 5289 713 5360 πλήσσει
757 5289 850 5343 τὸν
898 5287 1128 5358 πλησίον
1171 5287 1355 5341 αὐτοῦ.
1386 5288 1563 5357 Φλόγα
1613 5288 1783 5359 πυρὸς

201 5381 599 5438 κατασϐεννύει
621 5380 787 5453 ὕδωρ,
811 5380 1061 5450 γλῶσσαν
1099 5379 1157 5433 δὲ
1200 5380 1373 5451 κακὴν
1396 5380 1572 5444 οὐδεὶς
1601 5398 1785 5435 κατα-

204 5477 462 5549 πραΰνει.
504 5477 701 5529 ἰππον
753 5473 1229 5546 σκληροτράχηλον
1260 5473 1490 5544 δαμάζει
1530 5473 1814 5545 χαλινὸς,’

201 5570 460 5640 γλῶσσαν
503 5568 561 5622 δὲ
608 5567 784 5641 κακὴν
821 5567 997 5630 οὐδεὶς
1027 5566 1252 5620 δύναται
1294 5566 1556 5637 δαμάσαι.
1584 5567 1785 5637 Θηρίον

202 5664 400 5733 ἄγριον
462 5660 704 5732 εὐχερῶς
757 5659 1084 5732 ἡμεροῦται,
1140 5659 1365 5727 γλῶσσα
1416 5660 1474 5714 δὲ
1527 5660 1673 5731 κακὴ
1721 5660 1785 5713 οὐ

165 5772 171 5781 ·
206 5755 534 5827 πραΰνεται.
559 5753 674 5807 Οὐκ
708 5751 856 5806 ἐστιν
895 5753 954 5806 ὲν
985 5750 1064 5822 τῷ
1094 5751 1286 5822 κόσμῳ
1323 5753 1504 5823 χεῖρον
1533 5750 1786 5821 γλώσσης

206 5847 409 5917 κακῆς.
466 5844 767 5918 Συγκρούει
814 5844 972 5901 πόσιν
1029 5842 1164 5915 πρὸς
1219 5842 1402 5914 πόσιν,
1446 5843 1623 5899 οἰκίαν
1649 5841 1787 5910 πρὸς

1881 4660 2117 4718 apertum
2147 4658 2224 4702 est
2274 4647 2448 4715 (Psal.
2490 4659 2645 4705 cvm,
2692 4642 2789 4714 2).
2849 4644 2916 4695 Ει
2963 4642 3092 4696 alibi
3135 4660 3148 4695 :
3187 4646 3458 4696 Acuerunt

1883 4744 2091 4812 linguas
2120 4758 2246 4795 suas
2296 4742 2434 4793 sicut
2482 4738 2759 4803 serpentis,
2793 4752 3043 4789 venenum
3084 4736 3330 4803 aspidum
3361 4734 3456 4788 sub

1883 4836 2039 4890 labiis
2070 4851 2253 4888 eorum
2306 4830 2482 4901 (Psal.
2540 4846 2778 4895 cxxxrx,
2820 4830 2910 4895 4).
2974 4829 3257 4897 Serpentis
3305 4828 3460 4880 aiunt

1883 4937 2123 4982 atrocem
2179 4926 2377 4995 linguae
2427 4923 2680 4977 aculeum
2723 4937 2895 4976 esse:
2949 4936 3138 4974 verum
3184 4918 3317 4972 nihil
3366 4918 3460 4972 ille

1882 5022 2120 5078 atrocior
2161 5028 2247 5075 est
2299 5018 2440 5072 mala
2496 5016 2738 5070 hominis
2789 5016 2994 5085 lingua.
3043 5013 3255 5067 Dicitur
3291 5012 3458 5064 etiam

1883 5120 2090 5171 lacerta
2114 5114 2362 5174 decolor,
2395 5110 2490 5167 sed
2535 5126 2597 5165 ea
2631 5110 2856 5164 decolor
2890 5108 3065 5177 magis
3100 5121 3207 5158 non
3240 5112 3325 5158 est
3357 5103 3459 5156 ho-

1884 5210 2033 5265 mine
2088 5210 2273 5277 inepte
2329 5203 2570 5275 loquaci.
2614 5201 2835 5271 Scorpii
2886 5214 3108 5255 morsus
3158 5196 3459 5253 remedium

1886 5301 2128 5357 admittit
2163 5316 2177 5353 :
2214 5308 2270 5353 at
2305 5312 2487 5353 sermo
2519 5296 2700 5351 malus
2748 5309 2816 5349 ex
2861 5292 3143 5363 nugatoris
3181 5304 3275 5343 ore
3305 5303 3458 5358 egre-

1886 5392 2063 5457 diens,
2099 5388 2501 5444 immedicabile
2529 5387 2727 5441 vulnus
2757 5384 3006 5455 proximo
3035 5378 3253 5449 inﬂigit.
3284 5376 3454 5431 Flam-

1886 5499 1974 5539 ma
2024 5484 2167 5555 ignis
2210 5498 2353 5553 aqua
2384 5482 2757 5549 exstinguitur
2787 5497 2801 5533 :
2836 5476 2974 5532 nihil
3005 5482 3186 5531 autem
3217 5473 3454 5543 linguam

1888 5576 2196 5646 improbam
2237 5573 2473 5643 mitigat.
2510 5570 2724 5641 Equum
2760 5568 2975 5624 duriori
3005 5566 3219 5621 cervice
3244 5565 3453 5619 frenum

1888 5666 2076 5722 domat
2108 5688 2119 5720 :
2155 5665 2398 5735 linguam
2444 5676 2576 5717 vero
2623 5673 2847 5735 pravam
2887 5658 3115 5712 domare
3150 5654 3334 5708 nullus
3366 5666 3453 5721 po-

1888 5769 2019 5814 test.
2050 5757 2391 5814 Truculenta
2432 5756 2550 5812 fera
2592 5752 2739 5807 facili
2785 5752 3008 5824 negotio
3040 5748 3321 5803 cieuratur
3356 5761 3370 5798 :
3405 5750 3459 5795 at

1889 5848 2091 5905 malam
2134 5848 2375 5916 linguam
2427 5846 2599 5905 lenire
2648 5842 2996 5903 impossibile
3038 5848 3145 5896 est.
3195 5834 3347 5891 Nihil
3403 5832 3457 5887 in
