4024 6436
640 398 773 466 1347

1797 402 1859 463 S.
1888 399 2210 464 JOANNIS
2248 399 2679 464 DAMASCENI

3725 404 3821 474 I358

631 512 840 570 mundo
864 511 1224 583 malaJingua
1247 512 1406 584 peius
1429 521 1533 570 est.
1562 510 1819 567 Maritum
1848 526 1976 567 cum
2014 526 2207 579 uxore,

2312 515 2509 581 οἰκίαν,
2543 515 2711 570 τέκνα
2734 512 2877 569 κατὰ
2900 514 3126 583 γονέων,
3166 513 3432 585 ἀδελφοὺς
3459 514 3596 569 κατὰ
3615 516 3820 590 αδελφῶν.

629 608 856 663 domum
901 621 1029 660 cum
1058 607 1247 671 domo,
1279 606 1422 662 ﬁlios
1466 620 1592 660 cum
1625 604 1977 676 parentibus,
2010 603 2214 659 fratres

630 714 758 754 cum
812 699 1080 755 fratribus
1129 699 1447 754 committit.
1482 696 1633 752 Nihil
1666 696 1890 754 demum
1932 712 2044 754 non
2080 697 2213 753 mali

631 806 730 862 per
759 792 1000 864 linguam
1031 792 1228 847 oritur.

1215 882 1529 938 LITTERA
1570 884 1633 937 Δ.

1000 970 1134 1025 ΤΙΤ.
1169 970 1209 1025 Ι.
1239 1002 1310 1011 -
1338 970 1415 1025 De
1452 972 1691 1039 potentia
1721 971 1846 1027 Dei.

710 1062 862 1118 Deut.
892 1079 986 1125 vn,
1023 1063 1114 1117 26.
1146 1092 1216 1104 -
1246 1082 1265 1114 ι
1306 1063 1573 1120 Dominus
1603 1063 1750 1121 Deus
1782 1071 1913 1118 tuus
1943 1065 2000 1119 in
2025 1071 2077 1119 te
2102 1072 2211 1130 est,

650 1144 791 1207 Deus
816 1169 1047 1223 magnus
1081 1161 1135 1208 et
1169 1153 1355 1209 fortis.
1393 1172 1413 1205 ι
1954 1208 1959 1211 .

705 1242 809 1296 Job
858 1260 913 1310 ν,
950 1247 1004 1303 8.
1037 1275 1108 1284 -
1138 1264 1157 1297 ι
1196 1245 1491 1301 Dominum
1526 1246 1932 1303 dominatorem
1962 1246 2212 1302 omnium

638 1334 927 1407 invocabo,
982 1339 1076 1408 qui
1132 1340 1269 1395 facit
1328 1355 1527 1413 magna
1584 1348 1641 1395 et
1688 1338 2211 1411 imperscrutabilia,

638 1432 897 1502 gloriosa,
933 1441 1098 1504 atque
1121 1434 1421 1500 mirabilia,
1459 1447 1695 1505 quorum
1728 1447 1835 1487 non
1881 1439 1967 1488 est
2019 1445 2216 1487 nume-

637 1539 757 1577 l'llS.
797 1541 816 1575 ι

705 1610 808 1666 Job
851 1628 949 1678 xu,
984 1614 1071 1668 M.
1102 1643 1170 1653 —
1208 1633 1227 1665 ι
1269 1612 1327 1669 Si
1352 1613 1709 1678 destruxerit.
1734 1613 1861 1686 quis
1886 1612 2214 1669 aedificabit?

639 1701 696 1756 Si
733 1704 995 1758 clauserit
1024 1719 1191 1774 supra
1222 1703 1523 1769 hominem,
1552 1705 1681 1775 quis
1714 1703 1968 1775 aperiet?
2000 1722 2019 1756 ι

707 1792 809 1848 Job
846 1810 978 1860 xui,
1035 1795 1091 1849 2.
1123 1825 1193 1835 —
1220 1814 1240 1847 ¢
1275 1795 1414 1850 Novi
1461 1796 1610 1866 quod
1641 1797 1826 1851 omnia
1857 1805 2013 1867 potes
2057 1814 2072 1850 :
2112 1795 2215 1851 im-

638 1886 903 1957 possibile
942 1896 1124 1942 autem
1170 1888 1309 1942 nihil
1340 1895 1426 1944 est
1466 1889 1587 1943 tibi.
1633 1908 1652 1941 ι

708 1977 809 2034 Job
864 1997 921 2045 ν,
984 1982 1072 2035 Η.
1115 2010 1184 2021 -
1218 1999 1237 2032 r
1275 1980 1378 2047 Qui
1423 1980 1558 2037 facit
1599 1982 1834 2038 humiles
1866 1982 1922 2037 in
1958 1982 2213 2047 sublime,

638 2080 694 2126 et
727 2087 821 2127 eos
848 2072 943 2141 qui
985 2081 1215 2142 pereunt
1246 2074 1431 2143 erigit.
1475 2092 1494 2126 ι

708 2161 810 2217 Job
850 2179 927 2227 ix,
991 2163 1045 2218 5.
1078 2193 1149 2203 —
1170 2181 1189 2215 ι
1223 2164 1325 2231 Qui
1358 2164 1490 2219 facit
1530 2177 1744 2221 montes
1771 2173 2129 2231 veterascere,
2152 2172 2217 2219 ‘et

640 2256 932 2322 nesciunt;
967 2265 1020 2310 et
1053 2256 1247 2311 evertit
1280 2270 1377 2311 eos
1404 2256 1691 2310 iracundia
1724 2275 1738 2311 :
1778 2258 1869 2327 qui
1905 2263 2215 2310 commovet

627 2346 825 2401 .orbem
864 2347 956 2416 qui
997 2348 1101 2402 sub
1139 2346 1294 2402 cmlis
1352 2354 1468 2411 est,
1516 2362 1545 2400 a
1594 2346 1993 2412 fundamentis,
2027 2356 2084 2402 et
2116 2362 2215 2402 co-

641 2435 842 2491 lumnae
875 2437 996 2506 ejus
1026 2443 1376 2507 quatiuntur.
1407 2437 1514 2503 Qui
1550 2437 1686 2493 dicit
1712 2440 1815 2494 soli
1839 2448 1901 2495 ut
1932 2454 2044 2494 non
2071 2441 2218 2495 oria-

640 2538 755 2595 tur,
787 2536 843 2584 et
889 2543 999 2583 non
1041 2530 1263 2583 oritur:
1296 2528 1564 2585 adversus
1610 2540 1796 2585 autem
1851 2530 2032 2587 sidera
2078 2547 2214 2587 con-

640 2623 842 2693 signat.
883 2619 988 2687 Qui
1051 2620 1301 2676 extendit
1350 2623 1551 2677 coelum
1607 2623 1781 2688 solus,
1813 2633 1866 2678 et
1911 2624 2215 2681 ambulate

639 2712 901 2769 manibus
949 2713 1061 2767 tuis
1108 2713 1395 2784 abreptus.
1450 2711 1505 2767 Si
1562 2714 1823 2771 universa
1856 2716 2211 2784 subverterit,

638 2805 765 2876 quis
786 2805 930 2860 dicet
964 2805 1014 2859 ei
1052 2823 1066 2858 :
1102 2802 1248 2868 Quid
1280 2804 1507 2859 fecisti?
1545 2825 1563 2858 ι

707 2894 809 2951 Job
853 2913 948 2960 xu,
1008 2895 1196 2950 13-21.
1246 2926 1315 2937 —
1351 2915 1369 2949 ι
1405 2897 1562 2968 Apud
1610 2898 1791 2969 ipsum
1843 2898 2113 2971 sapientia
2158 2907 2216 2955 et

639 2991 905 3059 potentia,
940 2990 1045 3060 ipsi
1101 2990 1396 3045 consilium
1440 3000 1496 3046 et
1549 2991 1888 3048 intellectus.
1937 3022 2009 3033 —-
2050 2993 2211 3065 Apud

641 3080 819 3150 ipsum
869 3081 1112 3151 potentia
1160 3088 1215 3137 et
1252 3079 1541 3149 fortitudo,
1576 3082 1681 3152 ipsi
1721 3084 1991 3151 sapientia
2029 3091 2086 3139 et
2123 3085 2209 3138 in-

641 3175 918 3229 tellectus.
952 3172 1239 3229 Deducens
1284 3173 1637 3228 consiliarios
1671 3174 1961 3244 captivos:
1992 3174 2211 3245 judices

641 3274 826 3321 autem
862 3273 1024 3319 terra:
1066 3265 1319 3336 stupidos
1359 3263 1511 3320 fecit.
1549 3265 1839 3321 Collocans
1869 3281 2027 3339 reges
2050 3283 2217 3338 super

648 3358 903 3421 thronos.
934 3366 989 3413 et
1020 3358 1424 3430 circumligavit
1447 3357 1665 3413 lumbos
1704 3373 1917 3413 eorum.
1950 3360 2218 3417 Emittens

641 3449 955 3507 sacerdotes
985 3452 1254 3522 captivos,
1287 3458 1541 3520 potentes
1585 3459 1768 3506 autem
1794 3460 1953 3507 terra:
1984 3454 2219 3510 subver-

640 3543 727 3599 tit.
767 3541 1065 3597 Eﬂ‘undens
1117 3541 1452 3613 ignominias
1485 3557 1655 3613 super
1699 3543 1982 3617 principes
2016 3566 2031 3602 :
2060 3561 2219 3602 reve-

639 3636 761 3691 lans
786 3633 1058 3705 profunda
1084 3632 1153 3688 de
1181 3633 1476 3688 tenebris.»

713 3725 743 3781 ι
784 3725 912 3797 Reg.
945 3742 1004 3789 ιι,
1047 3725 1101 3780 4.
1131 3753 1203 3769 -
1229 3724 1392 3797 423
1432 3743 1451 3777 ι
1485 3726 1665 3783 Arcus
1698 3726 1930 3783 fortium
1963 3728 2217 3788 infirmus

640 3820 819 3876 factus
847 3828 955 3884 est,
991 3827 1047 3873 et
1081 3818 1285 3874 inﬁrmi
1326 3819 1561 3874 accincti
1603 3830 1734 3878 sunt
1776 3823 1995 3879 robore.
2026 3822 2217 3880 Domi-

639 3928 748 3968 nus
786 3926 1084 3982 pauperem
1130 3909 1266 3966 facit
1319 3922 1375 3966 et
1425 3910 1583 3978 ditat,
1638 3912 1892 3969 bumiliat
1937 3922 1991 3971 et
2025 3916 2216 3972 suble-

639 4016 751 4071 vat,
790 4023 808 4060 ι
855 4012 965 4059 etc.

714 4096 865 4152 Psal.
898 4111 1063 4160 Lxxv,
1108 4095 1160 4150 5.
1196 4126 1267 4138 —
1297 4114 1316 4148 ι
1345 4094 1426 4151 Tu
1473 4097 1737 4153 terribilis
1769 4114 1850 4166 es,
1893 4107 1948 4155 et
1975 4099 2098 4169 quis
2126 4115 2216 4156 re-

637 4192 797 4247 sistet
826 4189 964 4243 tibi?
992 4195 1102 4242 etc.
1136 4186 1339 4244 Omnes
1363 4191 1457 4258 qui
1492 4190 1546 4243 in
1574 4190 1810 4245 circuitu
1840 4191 1961 4261 ejus
1986 4192 2215 4248 afferent

638 4298 891 4348 munera,
927 4301 946 4333 ι
981 4290 1092 4336 etc.

718 4373 870 4429 Psal.
902 4387 1088 4432 um.
1133 4370 1311 4424 l5.—-
1360 4385 1380 4419 ι
1413 4366 1548 4434 Quis
1606 4368 1744 4424 deus
1778 4384 2011 4441 magnus
2068 4371 2214 4428 sicut

640 4465 785 4521 Deus
814 4461 1039 4518 noster?
1068 4459 1149 4515 Tu
1174 4476 1236 4516 es
1273 4456 1418 4514 Deus
1449 4459 1543 4528 qui
1580 4457 1718 4515 facis
1745 4461 2039 4517 mirabilia.
2079 4480 2099 4515 ι

2313 604 2497 661 Πάντα
2519 606 2587 662 τά
2616 606 2762 660 κακὰ
2784 604 2873 661 διὰ
2905 605 3179 679 γλώσσης.

2843 876 3250 931 ΣΤΟῙΧΕἸΟΝ
3273 879 3336 930 Δ.

2557 968 2743 1024 ΤΙΤΛ.
2778 970 2857 1026 A'.
2885 968 3111 1038 -Περὶ
3141 967 3454 1037 δυνάμεως
3478 967 3638 1025 Θεοῦ.

2388 1082 2407 1117 ι
2445 1063 2651 1136 Κύριος
2678 1064 2707 1116 ὁ
2733 1061 2866 1126 Θεός
2897 1078 2993 1115 σου
3032 1063 3093 1114 έν
3129 1060 3236 1127 σοὶ,
3263 1060 3402 1124 Θεὸς
3435 1060 3601 1130 μέγας
3628 1064 3705 1114 καὶ
3730 1080 3823 1134 κρα-

2311 1155 2487 1220 ταιός.
2524 1174 2543 1208 ι

2387 1268 2408 1301 r
2471 1247 2677 1319 Κύριον
2729 1246 2822 1301 τὸν
2882 1246 3101 1301 πάντων
3147 1243 3430 1314 Δεσπότην
3475 1243 3820 1313 ὲπικαλέσομσι,

2310 1330 2404 1396 τὸν
2456 1339 2716 1395 ποιοῦντα
2770 1338 2983 1410 μεγάλα
3033 1337 3128 1391 καὶ
3166 1334 3571 1407 άνεξιχνίαστα,
3598 1334 3753 1404 ἑνδοξά
3782 1356 3821 1393 τε

2312 1434 2408 1487 καὶ
2433 1432 2669 1498 ἐξαίσια,
2696 1424 2771 1486 ὧν
2795 1431 2896 1484 οὐκ
2921 1428 3066 1484 ἐστιν
3090 1427 3347 1500 ἀριθμός.
3387 1445 3409 1479 ι

2394 1632 2412 1665 ι
2457 1611 2582 1666 Ἐὰν
2610 1610 2912 1681 καταϐάλῃ,
2957 1608 3043 1673 τις
3082 1607 3479 1679 οἱκοδομήσει;
3523 1605 3643 1659 Ἐὰν
3685 1606 3822 1681 κλείσῃ

2313 1705 2454 1759 κατὰ
2486 1702 2797 1775 ἀνθρώπου,
2831 1702 2917 1766 τίς
2947 1699 3188 1766 άνοίξει;
3225 1718 3244 1751 t

2391 1818 2410 1853 ι
2450 1794 2582 1854 Οἶδα
2604 1800 2687 1852 ὅτι
2725 1798 2903 1853 πάντα
2924 1794 3173 1849 δύναται·
3201 1791 3536 1848 άδυνατεῖδέ
3561 1808 3636 1846 σοι
3654 1792 3817 1846 οὐδέν.»

2394 1999 2413 2034 ι
2452 1979 2556 2034 Τὸν
2595 1976 2852 2033 ποιοῦντα
2876 1976 3168 2039 ταπεινοὺς
3215 1974 3297 2037 εἰς
3346 1970 3507 2043 ὕψος,
3547 1971 3635 2025 καὶ
3669 1972 3820 2024 ἀπολω-

2317 2074 2479 2138 λότας
2511 2070 2871 2143 ὲξεγείροντα.
2919 2088 2938 2121 ι

2394 2185 2414 2219 ι
2464 2167 2524 2220 Ὀ
2575 2163 2822 2219 παλαιῶν
2856 2162 2981 2233 ὅρη,
3010 2162 3107 2215 καὶ
3152 2159 3254 2214 οὐκ
3294 2158 3505 2213 οῐδασιν
3526 2172 3541 2188 ’
3576 2159 3604 2211 ὁ
3640 2157 3819 2229 septem

2294 2258 2457 2312 ἀὐτὰ
2487 2258 2659 2329 opm
2708 2257 2737 2309 ὁ
2777 2254 2938 2308 σείων
2969 2252 3069 2322 τὴν
3097 2252 3192 2304 ὑπ’
3225 2249 3493 2320 οὐρανὸν,
3534 2248 3583 2301 οἱ
3622 2248 3673 2300 δὲ
3696 2248 3821 2299 στύλοι

2318 2352 2489 2424 αὐτῆς
2544 2350 2885 2404 σαλεύονται.
2927 2346 2987 2401 '0
3032 2346 3206 2414 λέγων
3235 2343 3380 2417 ἡλίῳ
3436 2341 3512 2414 μὴ
3564 2340 3818 2403 ἀνατέλλειν,

2318 2446 2412 2500 καὶ
2456 2446 2558 2500 οὐκ
2600 2442 2905 2506 ἀνατέλλει,
2932 2438 3074 2493 κατὰ
3099 2439 3158 2493 δὲ
3188 2438 3412 2507 ἄστρων
3439 2434 3819 2505 κατασφραγίζει.

2328 2538 2387 2592 '0
2463 2536 2697 2600 τανύσας
2749 2534 2840 2589 τὸν
2889 2531 3115 2601 οὐρανὸν
3173 2529 3339 2602 μόνος
3362 2568 3381 2594 ,
3434 2527 3531 2581 καὶ
3578 2523 3818 2596 περιπατῶ

2317 2630 2515 2703 χειρῶν
2572 2645 2665 2682 σου
2735 2625 3144 2697 ἐξαιρούμενος.
3213 2620 3345 2675 Ἐὰν
3411 2618 3731 2689 καταστρέψῃ
3776 2616 3821 2667 τὰ

2318 2725 2519 2791 πάντα,
2557 2722 2643 2786 τίς
2672 2721 2787 2792 spei
2807 2717 2975 2790 αὐτῷ,
3008 2716 3074 2771 Τί
3101 2714 3375 2786 ἐποίησας
3402 2729 3418 2779 ;
3459 2730 3480 2765 ι

2392 2919 2413 2954 ι
2450 2898 2589 2972 Παρ⁹
2618 2897 2769 2969 αύτῷ
2797 2896 2959 2968 σοφία
2995 2895 3090 2950 καὶ
3124 2892 3384 2965 δύναμις,
3411 2890 3559 2962 αύτῷ
3589 2887 3724 2960 βουλὴ
3756 2888 3817 2940 ni

2317 2995 2553 3059 σύνεσις.
2617 3023 2689 3034 -
2740 2991 2875 3062 Παρ⁹
2906 2988 3054 3060 αὐτῷ
3103 2987 3307 3061 κράτος
3362 2986 3459 3039 καὶ
3517 2984 3671 3053 ἰσχὺς,
3717 2977 3818 3042 αὐτῷ

2314 3087 2597 3160 ἐπιστήμη
2632 3085 2728 3138 καὶ
2762 3082 2999 3145 σύνεσις.
3029 3080 3244 3148 Διάγων
3280 3076 3575 3149 βουλευτὰς
3607 3069 3815 3143 αἰχμαλὼ¹

2315 3198 2462 3244 τους,
2504 3178 2698 3250 κριτάς
2744 3176 2802 3231 δὲ
2831 3175 2937 3244 γῆς
2966 3173 3252 3243 ἐξέστησε.
3298 3168 3617 3233 Καθιζάνων
3644 3162 3815 3234 partiti;

2319 3273 2415 3327 ἐπὶ
2449 3271 2673 3345 θρόνων,
2719 3268 2815 3323 καὶ
2853 3265 3175 3338 περιέδησεν
3218 3262 3403 3333 ζώνην
3446 3257 3642 3328 ὀσφύας

2331 3340 2768 3431 Ἐξατιοστέλλων
2794 3358 2958 3429 ἱερεῖς
2981 3351 3387 3427 αἰχμαλώτους,
3410 3348 3659 3408 δυνάστας
3684 3344 3726 3396 δὲ
3747 3340 3814 3408 τῆς

2318 3457 2632 3527 ἐξέστησεν.
2672 3452 2912 3523 Ἐκχέων
2941 3448 3166 3519 ἀτιμίας
3189 3447 3281 3500 ἐπ’
3304 3445 3592 3518 ἄρχοντας,
3622 3433 3816 3493 ἀνακαλύ-

2321 3569 2472 3607 πτων
2498 3549 2672 3622 βαθέα
2710 3550 2775 3602 ὲκ
2798 3547 3046 3609 σκότους.
3090 3563 3111 3598 ι

2390 3758 2410 3790 ι
2448 3735 2614 3802 Τόξον
2659 3730 2902 3786 δυνατῶν
2955 3727 3249 3799 ἠσθένησε,
3294 3724 3393 3780 καὶ
3437 3722 3487 3776 οἱ
3537 3713 3811 3774 ἀσθενώντες

2318 3829 2726 3902 περιεσώσαντο
2769 3823 3020 3895 δύναμιν.
3061 3821 3269 3893 Κύριος
3302 3814 3565 3887 πτωχιζει
3594 3812 3674 3864 καὶ
3697 3804 3811 3859 πλον·

2314 3923 2476 3989 τίζει,
2503 3921 2747 3975 ταπεινοῖ
2770 3917 2868 3972 καὶ
2897 3914 3112 3985 ἁνυψοῖ,
3146 3933 3167 3967 ι
3199 3911 3293 3966 καὶ
3323 3910 3393 3963 τά
3427 3906 3601 3960 λοιπά.

2393 4121 2412 4153 ι
2442 4101 2514 4155 Σὺ
2547 4097 2777 4170 φοϐερὸς
2804 4091 2878 4162 εἴ,
2910 4095 3007 4149 καὶ
3040 4094 3126 4158 τις
3157 4086 3544 4161 ἀντιστήσεται
3583 4101 3682 4147 eos;
3711 4076 3809 4130 »καὶ

2313 4194 2384 4249 τὰ
2409 4192 2593 4248 λοιπά.
2634 4210 2654 4244 ι
2690 4190 2899 4253 Πάντες
2926 4189 2977 4241 οἱ
3001 4186 3188 4257 κύκλῳ
3215 4183 3388 4240 αὑτοῦ
3416 4185 3612 4237 οτσουσι
3632 4176 3761 4245 δῶρα,
3792 4187 3804 4217 ι

2208 4286 2211 4288 ’
2313 4288 2409 4342 καὶ
2437 4287 2509 4341 τὰ
2537 4284 2718 4340 λοιπά.

2390 4398 2409 4432 ι
2451 4379 2547 4441 Τις
2576 4377 2709 4440 Θεὸς
2744 4375 2937 4447 μέγας,
2975 4373 3052 4438 ὡς
3080 4371 3214 4436 Θεὸς
3242 4368 3433 4441 ήμῶνς
3461 4367 3525 4420 σὺ
3556 4365 3601 4417 ει
3633 4363 3658 4415 6
3677 4354 3806 4416 Θεδςδ

2313 4472 2484 4527 ποιῶν
2513 4471 2812 4541 θαυμάσια.
2862 4488 2881 4521 ι

705 4554 859 4610 Prol.
888 4569 1153 4617 Lxxxvm,
1187 4552 1261 4619 9;
1297 4567 1521 4619 Lxxux,
1573 4553 1631 4606 ll
1662 4569 1678 4619 ;
1719 4566 1807 4620 cv,
1843 4553 1913 4622 2;
1962 4545 2097 4621 cxu,
2149 4557 2204 4613 7.

2384 4584 2404 4618 ι
2445 4565 2678 4629 Δυνατδς
2724 4559 2796 4629 εἴ,
2841 4560 3035 4633 Κύριε,
3087 4557 3183 4615 καὶ
3226 4559 3261 4629 ἡ
3310 4553 3540 4628 ἀλήθειά
3573 4568 3655 4605 σου
3677 4542 3805 4606 κὺκὶιῑ’

636 4676 708 4689 —-
735 4664 754 4699 ι
788 4645 991 4700 Potens
1015 4660 1097 4709 es,
1138 4644 1389 4709 Domine,
1421 4650 1477 4698 et
1503 4645 1707 4700 veritas
1744 4653 1839 4699 tua
1879 4646 1934 4700 in
1968 4646 2205 4703 circuitu

639 4745 754 4801 tuo,
784 4745 891 4789 etc.
922 4762 993 4774 -—
1012 4733 1146 4802 Quis
1176 4735 1325 4789 novit
1360 4740 1683 4804 potestatem
1719 4734 1815 4789 irae
1847 4745 1972 4802 tuas,
1998 4746 2104 4793 etc.
2138 4768 2207 4779 —

638 4829 773 4898 Quis
803 4828 1056 4898 loquetur
1096 4830 1370 4899 potentias
1409 4826 1671 4884 Domini?
1707 4828 1946 4896 auditas,
1993 4838 2102 4887 etc.
2138 4864 2209 4875 —

639 4921 929 4977 Suscitans
961 4923 1025 4975 de
1055 4905 1204 4974 terra
1254 4920 1499 4990 inopem,
1543 4927 1600 4975 et
1638 4920 1706 4976 de
1735 4929 2001 4989 stercore,
2035 4943 2055 4975 ι
2094 4933 2202 4980 etc.

708 5013 874 5069 Num.
930 5029 969 5079 ι,
1006 5013 1060 5066 4.
1092 5043 1162 5053 -
1184 5024 1215 5063 ’‹
1252 5012 1607 5070 Comminans
1641 5016 1801 5077 mari,
1833 5023 1887 5071 et
1915 5016 2206 5073 exsiccans

637 5108 793 5174 illud,
822 5114 875 5161 et
906 5105 1131 5160 flumina
1175 5105 1231 5159 in
1260 5105 1535 5160 desertum
1572 5106 1869 5162 deducens.
1911 5126 1933 5160 ι

707 5200 861 5255 Psal.
888 5216 978 5265 ιι,
1011 5202 1113 5267 12;
1162 5197 1353 5253 15-22.
1374 5228 1445 5238 —
1482 5216 1502 5249 ι
1536 5198 1671 5263 Quis
1693 5214 1916 5255 mensus
1936 5208 2021 5255 est
2040 5215 2205 5257 manu

634 5309 857 5366 aquam,
881 5303 937 5350 et
964 5294 1186 5357 cmlum,
1218 5298 1274 5346 et
1297 5305 1513 5346 omnem
1547 5300 1753 5345 terram
1787 5293 2038 5364 pugillo?
2068 5294 2205 5360 Quis

637 5384 829 5440 statuit
861 5391 1074 5439 montes
1103 5380 1366 5453 pondere,
1416 5388 1472 5435 et
1509 5380 1684 5436 saltus
1713 5382 1964 5438 statera?
2002 5382 2205 5441 Omnes

527 5489 531 5492 ’
637 5486 828 5548 gentes
853 5476 998 5531 sicut
1032 5476 1181 5532 stilla
1223 5474 1294 5530 de
1343 5472 1534 5540 situla,
1566 5482 1623 5528 et
1672 5475 1831 5544 quasi
1863 5485 2205 5533 momentum

633 5578 854 5625 staterae
879 5576 1143 5637 reputatae
1189 5574 1341 5623 sunt.
1369 5564 1474 5634 Qui
1508 5573 1659 5622 tenet
1688 5582 1883 5639 gyrum
1926 5575 2110 5636 terrae,
2150 5577 2207 5626 et

635 5660 973 5718 babitatdres
1005 5659 1126 5729 ejus
1158 5659 1317 5730 quasi
1347 5660 1614 5716 locustas.
1650 5677 1671 5712 ι

707 5753 824 5810 Ira.
846 5767 1006 5818 1.1m,
1045 5753 1099 5807 1.
1145 5780 1216 5794 -α
1269 5772 1288 5806 ι
1322 5751 1412 5809 Sic
1443 5753 1579 5809 dicit
1624 5751 1891 5809 Dominus
1926 5770 1941 5808 :
1989 5752 2202 5811 Caelum

634 5847 767 5903 milii
795 5846 955 5903 sedes
986 5854 1089 5913 est,
1121 5852 1177 5902 et
1200 5854 1347 5904 terra
1382 5844 1685 5905 scabellum
1710 5843 1909 5918 pedum
1929 5861 2201 5907 meorum.

2316 4675 2430 4725 σου,
2469 4678 2489 4711 ι
2518 4658 2612 4712 καὶ
2633 4657 2703 4710 τὰ
2719 4657 2903 4710 λοιπά.
2932 4683 2999 4694 -
3030 4674 3048 4706 ι
3084 4654 3181 4717 Τίς
3199 4649 3534 4722 γινώσκειτδ
3556 4645 3722 4716 κράτος
3740 4635 3805 4702 τῆς

2313 4750 2485 4823 ὀργῆς
2512 4766 2637 4817 σουῖ
2676 4767 2696 4801 ⁸
2723 4777 2796 4791 ⁸-
2846 4766 2864 4799 ι
2901 4746 3000 4810 Τίς
3042 4746 3265 4816 λαλήσει
3300 4743 3400 4807 τὰς
3425 4737 3708 4796 δυναστείας
3726 4730 3805 4781 Χυ·

2317 4844 2469 4915 ρίους
2506 4841 2796 4907 άκουστὰς,
2851 4858 2871 4893 ι
2908 4841 3006 4893 καὶ
3051 4838 3121 4892 τὰ
3156 4836 3343 4892 λοιπά.
3373 4866 3444 4878 -
3481 4852 3500 4885 ι
3545 4831 3597 4883 '0
3636 4823 3803 4915 ἐγείρειν

2313 4912 2421 4993 άπὸ
2450 4938 2551 5007 γῆς
2584 4933 2819 5004 πτωχὸν,
2844 4932 2941 4987 καὶ
2970 4933 3080 4987 ἀπὸ
3098 4929 3353 5001 κοπρίας,
3394 4946 3414 4980 ι
3450 4925 3540 4980 καὶ
3574 4920 3635 4973 τὰ
3674 4912 3800 5007 λοιπά.

2388 5047 2408 5081 r
2464 5003 2735 5081 γ’Ᾰπειλῶν
2780 5025 3045 5099 θαλάσσῃ,
3098 5024 3194 5077 καὶ
3240 5022 3505 5095 ξηραίνων
3541 5013 3700 5084 αὐτὴν,
3741 5003 3802 5059 καὶ

2314 5122 2522 5185 πάντας
2548 5120 2674 5184 τοὺς
2703 5120 2985 5189 ποταμοὺς
3019 5116 3319 5188 ἐξερημῶν.
3360 5134 3379 5168 ι

2390 5231 2411 5266 ι
2445 5213 2540 5277 Τίς
2562 5212 2837 5284 ὲμέτρησε
2874 5215 2941 5284 τῇ
2972 5211 3118 5283 χειρὶ
3161 5208 3224 5263 τὸ
3269 5208 3434 5278 ὕδωρ,
3467 5198 3658 5259 καὶτὸν
3684 5193 3800 5260 οὖρα·

2313 5307 2423 5374 νὸν,
2460 5307 2555 5360 καὶ
2587 5307 2769 5361 πᾶσαν
2816 5305 2917 5377 τὴν
2955 5306 3058 5375 γῆν
3102 5300 3295 5372 δρακὶ;
3342 5300 3427 5362 τίς
3457 5287 3707 5387 ἔστησε-τὰ
3727 5284 3795 5387 bet.

2313 5398 2560 5470 σταθμῷ,
2597 5398 2693 5452 καὶ
2729 5399 2830 5462 τὰς
2860 5398 3040 5459 νάπας
3072 5392 3254 5463 ζυγῷ;
3294 5391 3478 5445 Πάντα
3518 5384 3581 5439 τὰ
3612 5381 3713 5446 ἔθνη
3746 5381 3795 5430 ὡς

2314 5484 2529 5561 ᾰταγὼν
2561 5491 2669 5545 ἀπὸ
2688 5490 2878 5554 κάδου,
2899 5489 2995 5544 και
3019 5487 3095 5551 ὡς
3123 5486 3265 5557 ῥοπὴ
3296 5481 3461 5552 ζυγοῦ
3491 5472 3790 5563 auricomo.

2324 5576 2383 5630 Ὀ
2412 5576 2659 5646 κατέχων
2684 5577 2776 5631 τὸν
2814 5575 2983 5648 γῦρον
3012 5577 3112 5647 τῆς
3144 5574 3266 5646 γῆς,
3302 5571 3535 5633 καὶτοὺς
3554 5571 3794 5619 κατοικονο-

2310 5686 2411 5733 τας
2433 5669 2492 5722 ὲν
2515 5671 2652 5742 αὐτῇ
2691 5669 2824 5724 ὡσεὶ
2851 5667 3099 5740 ἀκρίδας.
3134 5686 3153 5720 ι

2389 5778 2410 5813 ι
2450 5735 2651 5826 Οὕτως
2664 5761 2814 5831 λέγει
2846 5735 3050 5833 litigio;
3066 5776 3080 5791 ·
3096 5760 3155 5813 '0
3171 5758 3397 5830 οὐρανός
3417 5772 3504 5827 μοι
3523 5748 3693 5823 θρόνος.
3710 5735 3789 5833 ἦ

2313 5854 2385 5926 γῆ
2407 5853 2698 5937 ύποπόδιον
2726 5854 2834 5910 τῶν
2865 5830 3044 5926 ποδῷν
3081 5869 3205 5923 μου.
3237 5852 3395 5906 Ποῖον
3420 5844 3553 5903 οἷκον
3572 5830 3783 5905 οἰκοδομή·
