4024 6410
154 387 290 455 1349

1395 389 1639 450 SACRA
1675 390 2141 452 PARALLELA.

3258 388 3398 456 1350

144 503 274 557 σετὲ
309 519 421 574 μοι,
474 501 509 574 ἢ
566 502 718 566 ποῖος
762 500 922 566 τόπος
958 501 1058 573 τῆς
1111 502 1510 567 καταπαύσεώς
1568 521 1714 574 μου;

1827 502 2002 570 Quam
2033 504 2258 558 domum
2291 500 2641 557 aedificabitis
2672 500 2829 567 mihi,
2874 510 2929 557 ct
2972 502 3098 573 quis
3132 503 3286 561 locus
3316 524 3397 561 rc-

149 597 337 649 ιιάντα
371 593 481 667 γὰρ
510 593 683 649 ταῦτα
731 593 984 665 ἐποίησεν
1029 597 1063 665 ἡ
1112 594 1232 666 χείρ
1272 612 1405 666 μου,
1446 595 1543 649 καὶ
1572 595 1721 649 ἐστιν

144 687 262 759 ἐμὰ
284 686 459 740 ταῦτα
491 686 691 750 πάντα,
716 684 871 755 λέγει
899 684 1126 757 Κύριος.
1160 705 1185 739 ν»

222 796 248 835 σ
288 778 349 833 '0
378 778 791 850 λυτρωσάμενος
840 778 1034 843 αὐτοὺς
1076 778 1313 851 ἰσχυρὸς,
1342 777 1546 851 Κύριος
1577 794 1720 832 παν-

141 872 432 944 τοκράτωρ
451 872 621 941 ὄνομα
646 867 815 939 αύτῷ.
854 887 873 921 ι

223 983 243 1017 ι
286 964 492 1026 Πάντες
526 963 576 1017 οἱ
617 960 1001 1024 κατοικοῦντες
1032 961 1130 1033 τὴν
1158 961 1286 1032 γῆν,
1322 962 1398 1025 ὡς
1419 962 1576 1021 οὐθὲν
1603 965 1720 1020 ἑλο-

142 1057 435 1126 γίσθησαν,
472 1055 567 1109 καὶ
609 1056 709 1109 οὐκ
750 1054 895 1108 ἐστιν
942 1054 1002 1119 ὃς
1053 1056 1406 1127 ἐπιστήσεται
1455 1061 1523 1129 τῇ
1576 1058 1719 1131 χειρὶ

140 1149 336 1214 αὐτοῦ,
362 1147 465 1202 καὶ
492 1149 627 1213 ἐρεῖ,
657 1146 722 1202 Τί
753 1149 1046 1220 ἐποίησας
1090 1165 1110 1200 ι

220 1258 241 1292 ι
284 1239 358 1291 T6
380 1238 631 1310 μεγάλως
664 1237 866 1309 ἰσχύειν
910 1239 1145 1310 πάρεστί
1189 1257 1273 1295 σοι
1328 1241 1581 1309 πάντοτε,
1622 1243 1718 1298 καὶ

141 1319 340 1402 κρᾶτει
377 1329 663 1401 βραχίονός
717 1347 831 1383 σουι
856 1330 940 1394 τίς
972 1331 1391 1403 ἀντιστήσεται;
1444 1334 1533 1397 Ὦς
1574 1336 1716 1407 ῥοπὴ

139 1424 210 1475 ἐκ
236 1422 583 1490 πλαστίγγων
611 1420 730 1485 ὅλος
767 1422 796 1474 6
831 1421 1036 1493 κόσμος
1067 1425 1311 1479 ἐναντίον
1350 1442 1466 1480 σου.
1518 1426 1718 1493 Ἐλεεῖς

137 1514 201 1566 δὲ
232 1516 462 1581 πάντας,
491 1515 573 1567 ὅτι
601 1513 1055 1571 πάντα-δύνασαι.
1096 1535 1116 1569 ι

218 1718 238 1751 ι
289 1700 355 1753 Ἥ
389 1698 542 1770 ίσχυς
578 1715 672 1752 σου
703 1698 1050 1771 δικαιοσύνης
1088 1702 1251 1774 ἀρχὴ,
1287 1703 1473 1758 καὶτὸ
1497 1705 1717 1762 πάντων

140 1808 206 1846 σε
236 1790 537 1859 δεσπόζειν,
568 1791 786 1846 πάντων
820 1792 1097 1861 φείδεσθαί
1128 1811 1189 1847 σε
1217 1798 1376 1850 ποιεῖ.
1419 1815 1440 1849 ι

1821 595 2125 666 quietionis
2153 593 2331 650 mem?
2360 594 2554 649 Omnia
2603 593 2751 649 enim
2782 592 2915 648 fecit
2941 609 3141 651 manus
3170 610 3314 662 mea,
3340 606 3396 653 et

1821 688 2007 744 omnia
2039 688 2154 743 haec
2179 702 2297 742 mea
2335 695 2488 754 sunt,
2513 687 2651 742 dicit
2680 685 2968 742 Dominus.
3005 705 3025 740 ι

1888 780 2086 836 Jerem.
2119 797 2172 847 ι,
2207 779 2398 835 54.-‹
2429 778 2759 849 Redemptor
2791 794 2981 836 eorum
3001 779 3182 846 fortis,
3210 778 3398 835 Domi-

1820 888 1927 929 nus
1952 872 2293 928 exercituum
2321 887 2522 927 nomen
2553 871 2694 941 ejus.
2735 890 2753 924 ι

1889 962 2031 1019 Dan.
2063 978 2137 1029 tv,
2166 961 2256 1016 52.
2295 990 2361 1001 -
2397 979 2415 1012 ι
2452 962 2657 1016 Omnes
2688 961 3030 1017 habitatores
3057 973 3216 1017 terrae
3247 962 3394 1032 apud

1817 1070 1943 1111 eum
1996 1059 2050 1109 in
2098 1054 2337 1108 nihilum
2369 1053 2604 1123 reputati
2641 1062 2806 1121 sunt;
2835 1066 2890 1109 et
2917 1070 3026 1108 non
3061 1065 3146 1110 est
3173 1056 3266 1125 qui
3309 1071 3396 1109 rc-

1818 1148 1980 1205 sistat
2004 1148 2191 1203 manui
2219 1147 2415 1217 ipsius,
2446 1156 2501 1201 et
2528 1146 2678 1202 dicat
2713 1148 2760 1203 ei
2796 1165 2809 1203 :
2839 1147 2978 1214 Quid
3006 1148 3227 1203 fecisti?
3253 1168 3270 1199 ι

1889 1237 2018 1309 Sap.
2049 1255 2126 1303 xx,
2161 1238 2251 1292 29..
2275 1256 2381 1289 -ι
2414 1237 2645 1292 Multum
2676 1239 2857 1293 valere
2886 1239 2983 1294 tibi
3009 1240 3111 1294 soli
3142 1253 3397 1310 superest

1817 1346 2032 1402 semper
2063 1349 2078 1387 :
2110 1338 2165 1387 et
2196 1331 2385 1385 virtuti
2416 1330 2626 1385 brachii
2668 1332 2747 1386 tui
2779 1333 2903 1399 quis
2934 1334 3202 1388 resistet?
3252 1332 3396 1387 Tan-

1816 1438 1980 1494 quam
2018 1430 2351 1478 momentum
2404 1430 2643 1487 statera},
2700 1424 2781 1479 sic
2819 1432 2903 1479 est
2960 1435 3086 1479 ante
3142 1435 3193 1479 te
3243 1426 3395 1479 orbis

1816 1523 2110 1571 terrarum.
2153 1515 2430 1570 Misereris
2458 1522 2642 1570 autem
2683 1516 2954 1580 omnium,
2987 1516 3248 1586 quoniam
3276 1533 3395 1571 om-

1816 1607 1905 1661 nia
1936 1618 2112 1677 potes.
2146 1626 2164 1659 ι

1840 1682 1847 1699 ’
1885 1696 2015 1769 Sdp.
2056 1715 2155 1762 xu,
2206 1698 2295 1754 16.
2326 1731 2397 1741 -
2437 1718 2455 1751 ι
2496 1697 2688 1754 Virtus
2728 1708 2845 1768 tua,
2888 1700 3117 1770 iustitia:
3177 1701 3394 1754 initium

1815 1798 1920 1849 est,
1948 1797 2003 1843 et
2041 1788 2186 1856 quod
2210 1790 2453 1844 omnium
2483 1791 2741 1844 dominus
2770 1791 2866 1856 sis,
2896 1799 2948 1844 te
2972 1806 3197 1860 parcere
3221 1794 3391 1844 omni-

1633 1852 1639 1857 .
1718 1867 1791 1928 ’Β
1818 1880 1921 1935 bus
1952 1852 2102 1933 facit.
2143 1900 2162 1932 ι

212 1988 234 2022 ι
270 1971 395 2035 Τοῖς
422 1972 702 2043 κραταιοῖς
728 1970 924 2042 ἰσχυρὰ
955 1971 1243 2041 ἐφίσταται
1266 1974 1481 2045 ἔρευνα.
1512 2006 1583 2018 -—
1607 1976 1720 2051 Τὴν

140 2061 246 2133 σὴν
277 2064 437 2136 χεῖρα
462 2064 723 2133 ἐκφυγεῖν
761 2063 1039 2118 ἀδύνατον.
1078 2081 1097 2117 ι

1891 1970 2023 2039 Sap.
2058 1989 2134 2034 vt,
2167 1972 2234 2037 9;
2270 1974 2491 2037 xv1.lS.
2522 2003 2586 2012 -
2627 1992 2646 2026 t
2677 1971 3002 2027 Potentibus
3034 1971 3193 2027 fortis
3224 1973 3393 2027 instat

1821 2064 2177 2119 examinatio.
2207 2095 2273 2104 ——
2325 2065 2546 2119 Manum
2591 2074 2739 2119 tuam
2780 2063 3022 2134 effugere
3054 2064 3397 2133 impossibile

1704 2165 1711 2181 ’
1820 2163 1926 2212 est.
1958 2174 1977 2207 ι

217 2258 238 2293 ι
276 2241 372 2306 Τίς
398 2242 515 2314 ἐρεῖ
546 2260 650 2309 σοι,
682 2243 749 2297 Τί
792 2243 1095 2318 ἐποίησας;
1126 2248 1160 2320 ἦ
1210 2248 1295 2313 τίς
1335 2250 1720 2323 ἀντιστήσεται

136 2332 221 2403 τῷ
253 2333 480 2405 κρίματι
509 2351 636 2399 σου;
670 2353 688 2386 ι

220 2445 239 2477 ι
277 2425 511 2495 Φοδερὸς
556 2427 782 2498 Κύριος,
826 2428 918 2482 καὶ
953 2428 1159 2501 σφόδρα
1205 2430 1400 2503 μέγας,
1442 2433 1537 2489 καὶ
1586 2434 1719 2489 θαυ-

140 2519 379 2591 μαστὴή
409 2519 700 2574 δυναστεία
729 2520 918 2574 αὑτοῦ.
950 2540 970 2575 ι

224 2696 282 2750 ὐ
312 2697 494 2768 φέρων
524 2696 593 2753 τὰ
639 2699 818 2755 πάντα
848 2701 1054 2773 ῥήματι
1082 2702 1182 2775 τῆς
1207 2703 1495 2777 δυνάμεως
1521 2705 1716 2773 αὐτοῦ,

138 2790 238 2843 καὶ
288 2789 364 2862 μὴ
404 2792 735 2862 σωματικῶς
769 2795 1031 2865 ἐνεργῶν,
1083 2797 1218 2868 μηδὲ
1260 2798 1608 2869 χειρουργίας
1640 2799 1720 2863 είς

137 2882 243 2953 τὴν
318 2882 678 2955 δημιουργίαν
751 2886 1120 2959 ἐπιδεὸμενος,
1191 2889 1327 2944 ἀλλὰ
1415 2889 1719 2964 βουλήματι

137 2973 401 3065 ἀδιάστῳ.
428 2975 828 3031 ἀκολουθοῦσαν
863 2977 1002 3049 ἔχων
1042 2979 1141 3053 τὴν
1190 2980 1353 3052 φύσιν
1399 2983 1510 3037 τῶν
1566 3000 1718 3053 γινο-

142 3066 341 3135 μένων.
384 3068 655 3123 -·”Οπου
712 3070 842 3135 Θεὸς
891 3071 1162 3142 βούλεται,
1218 3077 1437 3131 νικᾶται
1502 3077 1719 3147 φύσεως

136 3157 315 3226 τάξις.
359 3159 664 3233 Ἦὸουλήθη
693 3162 823 3236 γὰρ,
859 3167 951 3219 καὶ
978 3166 1215 3239 ἠδυνήθη

212 3333 439 3401 Φύσεως
470 3338 735 3410 κρείττων
773 3343 803 3397 6
827 3343 981 3408 Θεὸς,
1016 3345 1111 3398 καὶ
1143 3346 1277 3419 παρ’
1315 3345 1481 3402 αὐτοῦ
1531 3347 1593 3402 τὸ
1629 3347 1719 3402 θέ-

138 3427 278 3496 λειν,
305 3431 386 3485 ὅτι
414 3432 614 3502 ἀγαθός
636 3437 778 3505 ἐστι,
806 3439 904 3493 καὶ
942 3438 1002 3492 τὸ
1039 3439 1325 3506 δύνασθαι,
1356 3442 1437 3495 ὄτι
1468 3441 1714 3510 δυνατὸς,

137 3523 240 3578 καὶ
268 3524 328 3578 τὸ
359 3526 670 3581 ἐπιτελέσαι
693 3529 774 3583 ὅτι
803 3529 1054 3603 εὔπορος.
1082 3563 1153 3573 -
1176 3533 1336 3602 Λέγω
1363 3533 1514 3603 ὑμῖν,
1545 3534 1627 3587 ὅτι
1653 3535 1718 3588 ἐκ

136 3614 253 3670 τῶν
277 3614 442 3671 λίθων
467 3617 697 3685 τούτων,
741 3620 990 3675 τουτέστι
1039 3620 1149 3676 τῶν
1193 3622 1562 3696 λατρευόντων
1604 3627 1717 3689 τοῖς

137 3706 333 3775 λίθοις,
363 3708 587 3765 δύναται
623 3713 653 3765 6
690 3711 824 3776 Θεὸς
850 3715 1060 3787 ἐγεῖραι
1113 3714 1282 3769 τέκνα
1326 3714 1404 3787 τῷ
1440 3715 1715 3787 Ἀϐραάμ.

138 3915 325 3971 ΤΙΤΛ.
365 3914 440 3971 B'.
472 3918 614 3987 Περὶ
645 3919 1030 3990 δημιουργίας
1051 3921 1200 3976 Θεοῦ
1218 3937 1232 3952 ο
1266 3922 1368 3977 καὶ
1406 3922 1497 3977 ὅτι
1534 3921 1718 3978 οὐδὲν

541 3989 674 4059 εικῆ
699 3989 909 4061 γέγονε
937 3992 1073 4061 παρ’
1100 3992 1309 4047 αὑτοῦ.

219 4099 243 4133 ι
276 4079 429 4135 Εϊδεν
464 4082 650 4147 ὁΘεὸς
703 4083 774 4137 τὰ
826 4083 1005 4138 πάντα
1053 4070 1159 4139 ὅσα
1204 4085 1454 4157 ἐποίησε,
1482 4086 1577 4141 και
1609 4086 1717 4142 nos

140 4173 288 4228 καλὰ
315 4172 455 4228 λίαν.
500 4193 519 4227 ›

218 4283 240 4318 t
275 4266 352 4337 Σή
374 4266 521 4320 ἐστιν
555 4268 589 4339 ἡ
624 4266 827 4340 ἡμέρα,
855 4268 950 4321 καὶ
988 4270 1052 4341 σή
1075 4268 1225 4324 ἐστιν
1253 4270 1287 4342 ἡ
1313 4268 1448 4336 νύξ’
1482 4270 1550 4325 σὺ
1583 4288 1719 4325 κατ-

144 4358 378 4429 ήρτισας
439 4358 638 4429 φαῦσιν
671 4361 766 4414 καὶ
793 4360 977 4432 ἤλιονυ
1028 4361 1094 4415 σὺ
1142 4361 1404 4434 ἐποίησας
1434 4362 1609 4417 πάντα
1647 4362 1718 4417 τὰ

141 4450 269 4521 ὅρια
294 4449 395 4520 τῆς
419 4451 543 4521 γῆς.
577 4470 597 4505 ι

1892 2245 2023 2316 Sap.
2048 2262 2144 2311 ιιι,
2180 2247 2267 2301 19.
2302 2278 2374 2289 -—
2406 2266 2424 2299 ι
2461 2246 2596 2314 Quis
2634 2248 2778 2303 dicet
2799 2248 2897 2303 tibi
2929 2266 2944 2303 :
2975 2247 3118 2315 Quid
3174 2249 3400 2305 fecisti?

1822 2345 1917 2393 aut
1942 2338 2066 2408 quis
2092 2339 2260 2393 stabit
2294 2350 2485 2394 contra
2512 2340 2780 2409 judicium
2812 2340 3006 2395 tuum?
3046 2360 3065 2393 ι

1892 2429 2063 2485 Εεείὶ.
2115 2447 2268 2498 xutt,
2318 2433 2407 2487 51.
2457 2463 2526 2475 --
2587 2451 2606 2484 ι
2644 2432 2932 2488 Terribilis
3002 2434 3288 2498 Dominus,
3345 2445 3399 2487 et

1822 2536 2054 2592 magnus
2133 2523 2528 2591 vehementer,
2607 2532 2663 2579 et
2730 2523 3078 2580 admirabilis
3154 2526 3399 2595 potentia

1822 2615 2017 2686 ipsius.
2066 2634 2085 2668 ι

1892 2708 2065 2763 Basil.
2097 2707 2161 2761 de
2183 2706 2373 2777 Spirit.
2415 2706 2475 2763 S.
2507 2724 2626 2778 cap.
2653 2707 2705 2762 8.
2741 2737 2812 2747 -
2847 2707 2951 2774 Qui
2993 2716 3173 2779 portat
3213 2708 3398 2762 omnia

1820 2801 1990 2861 verbo
2029 2802 2245 2856 virtutis
2277 2817 2411 2865 sum,
2444 2816 2547 2857 nec
2596 2816 2890 2871 corporum
2933 2816 3086 2855 more
3115 2809 3395 2869 cperatur,

1821 2909 1924 2949 nec
1989 2909 2252 2949 manuum
2317 2908 2485 2963 opera
2555 2892 2626 2947 ad
2700 2908 2882 2948 rerum
2964 2893 3398 2963 procreationem

1822 3002 1960 3057 opus
1991 2986 2172 3045 habet
2198 3004 2213 3051 ;
2245 2985 2339 3039 sed
2392 2994 2693 3055 spontanea
2724 2986 3005 3040 voluntate
3058 2985 3400 3055 subsequen-

1822 3087 1930 3132 tem
1970 3077 2133 3131 habet
2166 3091 2348 3130 retum
2394 3090 2517 3145 quae
2561 3075 2698 3129 fiunt
2727 3085 3093 3129 naturam.-—-—
3122 3074 3224 3130 Ubi
3254 3074 3400 3130 Dens

1822 3168 1959 3234 vult,
1992 3168 2127 3223 ordo
2160 3175 2361 3222 natura
2387 3165 2868 3238 superatur.Quod
2898 3168 3043 3222 enim
3068 3167 3262 3233 voluit,
3295 3166 3400 3220 hoc

1822 3259 2026 3330 patuit.

1891 3351 2039 3406 lren.
2073 3350 2165 3405 lib.
2196 3367 2257 3416 ιι,
2289 3366 2339 3406 c.
2367 3351 2455 3406 51.
2476 3380 2546 3392 --
2568 3348 2714 3406 Deus
2765 3357 2963 3404 natura
3001 3347 3270 3402 valentior
3318 3356 3402 3401 est

1821 3450 1986 3513 atque
2006 3442 2149 3512 apud
2180 3456 2305 3496 eum
2333 3450 2418 3496 est
2442 3440 2601 3507 velle,
2626 3440 2754 3510 quia
2785 3439 2965 3493 bonus
2984 3446 3103 3504 est;
3132 3448 3186 3492 et
3214 3452 3398 3507 posse.

1820 3536 1953 3607 quia
1983 3542 2180 3606 potens
2209 3541 2333 3600 est;
2359 3541 2413 3588 et
2444 3535 2733 3604 perlicere,
2764 3531 2890 3602 quia
2920 3530 3105 3585 omnia
3132 3531 3183 3584 ei
3214 3528 3399 3584 facilia

1819 3635 1971 3684 sunt.
2001 3657 2070 3668 —-
2092 3626 2224 3681 Dico
2269 3626 2449 3689 vobis,
2499 3626 2625 3696 quia
2653 3640 2720 3680 ex
2756 3623 3056 3693 lapidibus,
3088 3623 3191 3677 hoc
3217 3632 3300 3677 est
3331 3637 3398 3676 ex

1820 3720 1890 3776 iis
1920 3720 2013 3791 qui
2050 3719 2261 3790 lapides
2306 3717 2515 3781 colunt,
2561 3725 2745 3788 potest
2773 3714 2918 3771 Deus
2950 3716 3224 3771 suscitare
3256 3714 3401 3770 filios

1821 3812 2073 3867 Abrahae.

1824 3925 1961 3981 TlT.
1992 3925 2055 3981 ll.
2082 3955 2151 3965 —
2190 3921 2355 3996 ἀπ
2392 3920 2467 3996 De
2512 3922 2779 3996 creatione
2815 3930 2864 3974 et
2902 3920 3115 3996 cpi/icio
3151 3919 3248 3974 Dei
3284 3934 3305 3973 :
3349 3927 3401 3973 et

2078 3992 2379 4064 quad—itih—il
2409 3995 2615 4063 [rustra
2648 3993 2847 4062 factum
2871 3993 2941 4044 sit
2976 4010 3009 4045 a
3036 3992 3168 4045 Deo.

1894 4086 2021 4143 Gen.
2062 4104 2099 4150 ι,
2124 4088 2213 4143 51.
2239 4118 2309 4128 —-
2349 4104 2368 4137 ‹
2416 4084 2563 4139 Vidit
2593 4083 2739 4141 Deus
2786 4093 2987 4139 cuncta
3015 4098 3139 4155 quae
3167 4081 3396 4147 fecerat,

1744 4168 1749 4179 ’
1819 4189 1875 4239 et
1897 4197 2024 4238 ecce
2052 4182 2209 4238 valde
2233 4182 2397 4237 bona.
2432 4199 2452 4232 ι

1890 4274 2043 4330 Psat.
2082 4290 2274 4341 Lxxut,
2314 4274 2401 4329 16.
2436 4306 2504 4316 --
2540 4292 2559 4325 (
2601 4271 2755 4328 Tuus
2791 4281 2876 4327 est
2918 4271 3060 4335 dies,
3093 4279 3147 4324 et
3192 4278 3283 4323 tua
3313 4274 3401 4322 est

1818 4386 1929 4426 nu
1959 4388 1973 4424 :
2008 4378 2065 4423 tu
2104 4369 2401 4423 fabricatus
2429 4383 2490 4423 es
2522 4380 2779 4419 auroram
2803 4374 2857 4420 et
2888 4364 3057 4419 solem
3088 4379 3102 4415 :
3140 4370 3194 4416 tu
3219 4358 3399 4415 fecisti

1819 4478 2011 4519 omnes
2033 4462 2302 4516 terminos
2341 4467 2525 4515 terrae.
2561 4478 2580 4509 ι

221 4560 242 4594 ι
277 4541 367 4595 Σοί
403 4543 540 4596 εἰσιν
569 4544 620 4597 οἱ
656 4544 895 4616 οὐρανοὶ,
947 4547 1042 4599 καὶ⁵
1093 4546 1160 4617 σή
1206 4547 1355 4600 ἐστιν
1387 4547 1422 4618 ἡ
1462 4547 1534 4618 γῆ
1560 4564 1576 4579 ·
1616 4546 1715 4619 τὴν

1893 4552 2045 4608 Ρωι.
2073 4566 2336 4617 Lxxxvut,
2388 4550 2494 4615 12;
2542 4563 2683 4616 χειν,
2708 4548 2763 4602 5.
2790 4578 2861 4589 --
2894 4564 2911 4598 ι
2949 4544 3055 4599 Τιιί
3087 4554 3218 4600 sunt
3248 4545 3396 4609 caeli,

142 4634 495 4706 οἰκουμένην,
529 4636 623 4689 καὶ
663 4637 724 4690 τὸ
784 4637 1058 4708 πλήρωμα
1101 4637 1272 4707 αὐτῆς
1310 4638 1375 4691 σὺ
1418 4637 1712 4709 ἐθεμελίω-⁴

144 4746 269 4793 σας.
301 4757 361 4767 -
385 4725 558 4782 Δύτοῦ
580 4728 726 4781 ἐστιν
754 4729 787 4799 ἡ
821 4728 1088 4793 θάλασσα,
1126 4729 1219 4782 καὶ
1257 4727 1421 4792 αὐτὸς
1459 4728 1715 4800 ἐποίησεν

142 4824 337 4895 αὑτήν.
374 4843 394 4875 ο

219 4935 241 4969 ‹
295 4917 382 4981 Ὠς
408 4917 753 4990 ἐμεγαλύνθη
788 4917 857 4972 τὰ
900 4919 1039 4990 ἔργα
1068 4934 1185 4986 σου,
1217 4916 1419 4988 Κύριεῑ
1452 4917 1629 4972 πάντα
1657 4916 1717 4971 ἐν

146 5009 311 5081 σοφίᾳ
342 5010 622 5080 ἐποίησας.
659 5029 678 5062 ι

224 5121 245 5154 ι
293 5101 435 5171 Ἐγὼ
464 5102 667 5174 Κύριος
704 5104 734 5156 6
765 5101 914 5166 Θεὸς,
954 5103 981 5155 6
1006 5102 1421 5165 κατασκευάσας
1453 5100 1591 5171 φῶς,
1621 5100 1713 5155 καί

145 5196 384 5267 ποιήσας
425 5195 633 5259 σκότος.
675 5193 817 5263 Ἐγὼ
860 5194 1089 5264 ἐποίησα
1139 5194 1243 5264 γῆν
1286 5193 1382 5247 καὶ
1433 5193 1711 5264 ἄνθρωποι

145 5289 235 5345 ἐπ’
280 5288 469 5360 αὐτῆς.
508 5287 651 5358 Ἐγὼ
678 5292 747 5359 τῇ
776 5286 920 5358 χειρί
971 5286 1417 5358 μουέὲπτερέωσα
1441 5285 1532 5342 τὸν
1555 5287 1690 5359 οὐρα

144 5380 257 5435 νόν.
282 5397 302 5431 ι

221 5493 241 5526 ι
278 5471 505 5543 Πνεῦμα
556 5473 684 5543 παρ’
726 5472 860 5543 ἐμοῦ
894 5473 1256 5539 ἐξελεύσεται,
1289 5471 1386 5526 καὶ
1411 5472 1580 5542 πνοὴν
1611 5471 1719 5525 πᾶ-

145 5585 247 5625 σαν
279 5564 393 5634 ἐγὼ
414 5564 668 5637 ἐποίησα.
710 5584 734 5617 ι

218 5681 238 5714 ι
280 5657 490 5730 Κύριος
522 5660 550 5713 6
574 5657 752 5712 ’ποιῶν
782 5658 885 5730 γῆν
918 5657 977 5713 ἐν
1002 5659 1070 5729 τῇ
1104 5655 1252 5728 ίσχύῖ
1280 5654 1469 5719 αὐτοῦ,
1499 5653 1721 5723 ἑτοιμά-

144 5754 254 5819 ζων
286 5752 387 5822 τὴν
418 5752 743 5823 οἱκούμενην
773 5752 833 5806 ἐν
856 5753 937 5822 τῇ
974 5750 1136 5824 σοφίᾳ
1167 5750 1354 5818 αὐτου,
1406 5748 1502 5803 καὶ
1551 5749 1611 5803 ἐν
1651 5751 1719 5820 τῇ

146 5847 366 5902 συνέσει
400 5844 567 5901 αὑτοῦ
609 5845 844 5915 ἐξέτεινε
892 5845 984 5900 τὸν
1030 5843 1279 5917 οὐρανὸν,
1332 5841 1718 5922 καὶκάνήγαγε

1818 4652 1874 4700 et
1908 4652 1999 4698 tua
2025 4652 2111 4698 est
2133 4651 2277 4697 terra
2311 4659 2324 4693 :
2361 4640 2546 4694 orbem
2579 4647 2738 4692 terrae
2766 4646 2823 4691 et
2846 4636 3243 4707 plenitudinem
3276 4640 3399 4703 ejus

1815 4744 1876 4791 tu
1910 4731 2457 4802 fundasti.—-lpsius
2482 4739 2566 4786 est
2594 4744 2766 4794 mare,
2791 4737 2845 4784 et
2879 4730 2997 4800 ipse
3030 4727 3163 4783 fecit
3188 4728 3341 4782 illud.
3373 4747 3391 4779 ι

1890 4913 2175 4978 Psal.cut,
2200 4911 2293 4968 24.
2325 4942 2391 4953 ——
2428 4928 2447 4961 ‹
2482 4908 2657 4976 Quam
2688 4906 3039 4978 magnificata
3069 4913 3207 4962 sunt
3232 4919 3398 4975 opera

1818 5016 1935 5076 tua,
1977 5006 2225 5062 Domini!
2263 5004 2446 5060 omnia
2471 5005 2527 5059 in
2560 5003 2831 5064 sapientia
2868 5000 3070 5056 fecisti.
3111 5017 3132 5051 ι

1892 5100 2008 5155 lsa.
2041 5115 2164 5163 XLV,
2204 5099 2362 5153 7-12.
2396 5127 2468 5139 -
2496 5114 2514 5149 ι
2549 5095 2661 5165 Ego
2693 5093 2958 5147 Dominus
2980 5091 3124 5146 Deus
3152 5090 3399 5144 formans

1819 5193 2028 5257 lucem,
2055 5201 2109 5246 et
2139 5189 2351 5245 faciens
2383 5189 2661 5243 tenebras.
2692 5184 2804 5255 Ego
2842 5183 2945 5239 feci
2974 5190 3175 5236 terram
3211 5188 3265 5234 et
3296 5180 3399 5233 Ιιο-

1822 5286 2026 5341 minem
2081 5298 2246 5354 super
2283 5297 2426 5339 eam.
2476 5278 2591 5350 Ego
2623 5293 2787 5332 manu
2848 5289 2967 5329 mea
3025 5270 3234 5329 firmavi
3284 5284 3398 5325 cm-

1820 5379 1955 5433 ltun.
1993 5396 2011 5431 ι

1891 5470 2004 5525 Isa.
2027 5485 2158 5533 LVII,
2187 5466 2276 5523 16.
2304 5496 2375 5508 -
2411 5483 2431 5517 ι
2480 5463 2722 5533 Spiritus
2769 5476 2800 5516 a
2849 5474 2939 5515 me
2975 5456 3309 5528 egredietur,
3344 5460 3398 5509 ct

1822 5561 2012 5617 ﬂatum
2041 5576 2259 5618 omnem
2295 5573 2399 5630 ego
2434 5559 2564 5613 feci.
2602 5576 2622 5608 ι

1892 5652 2091 5707 Jerem.
2116 5666 2173 5716 x,
2206 5649 2295 5703 12.
2326 5680 2397 5693 --
2431 5667 2450 5700 ι
2486 5646 2753 5702 Dominus
2782 5644 2877 5716 qui
2918 5640 3051 5697 facit
3106 5647 3307 5695 terram
3341 5636 3395 5689 in

1822 5744 2144 5803 fortitudine
2174 5758 2294 5812 sua,
2321 5755 2637 5814 praeparans
2665 5739 2857 5795 orbem
2888 5736 2944 5791 in
2968 5731 3243 5806 sapientia
3272 5743 3395 5791 sua,

1823 5849 1878 5899 et
1907 5839 1966 5899 in
1988 5834 2278 5910 prudentia
2323 5850 2424 5893 sua
2453 5835 2653 5894 coelum
2695 5828 2962 5893 extendit.
2996 5826 3195 5885 Educit
3222 5822 3397 5879 nubes
