4024 6406
684 390 815 455 13Ξ1

1849 389 1907 446 S-
1942 385 2261 449 JOANNIS
2300 383 2730 447 DAMASCENI

3748 390 3846 461 1352

682 505 752 557 ab
801 511 1047 556 extremo
1104 508 1285 564 terrae,
1346 497 1566 569 fulgura
1611 500 1667 551 in
1714 496 1957 565 pltham
2002 496 2175 552 fecit:
2206 503 2261 551 et

2257 534 2261 546 ι
2288 502 2337 560 Α
2362 495 2591 566 νεφέλας
2640 496 2737 550 ἀπ’
2782 495 3014 567 ἐσχάτου
3043 492 3146 567 τῆς
3176 494 3277 565 γῆς
3295 512 3309 525 ·
3336 496 3613 567 ἀστραπὰς
3639 500 3709 563 είς
3743 504 3846 559 ὑετὸν

680 595 873 650 eduxit
907 595 1091 649 lumen
1123 608 1310 649 suum.
1350 611 1369 644 ι

753 686 970 742 Baruch
1020 701 1104 751 ut,
1150 686 1240 741 52.
1266 714 1339 726 —
1369 703 1387 737 ι
1417 683 1520 750 Qui
1570 681 1900 753 praeparavit
1938 689 2145 737 terram
2206 682 2263 738 in

682 787 892 834 aeterno
947 786 1213 848 tempore,
1255 786 1310 833 et
1361 773 1589 846 replevit
1630 788 1750 829 eam
1791 773 2097 844 pecudibus
2134 789 2267 843 qua-

684 871 1046 943 drupedibus.
1071 869 1175 936 Qui
1201 867 1404 923 emittit
1434 867 1645 932 lumen,
1672 873 1727 919 et
1754 865 1906 943 vadit
1932 882 1947 918 :
1970 874 2026 920 et
2049 864 2266 919 vocavit

683 963 842 1030 illud,
866 970 920 1018 et
959 960 1145 1016 obedit
1177 958 1255 1011 illi
1284 958 1338 1011 in
1374 966 1635 1011 tremore.
1662 954 1845 1010 Stella:
1874 963 2057 1009 autem
2097 952 2263 1009 dede-

683 1063 813 1112 runt
841 1056 1021 1109 lumen
1049 1052 1103 1106 in
1131 1048 1401 1106 custodiis
1421 1047 1561 1115 suis,
1580 1055 1635 1104 et
1658 1048 1850 1103 lanatae
1868 1054 1997 1102 sunt
2020 1064 2033 1100 :
2061 1053 2266 1100 vocatae

685 1157 816 1205 sunt
844 1156 900 1201 et
930 1146 1189 1199 dixerunt
1223 1161 1237 1198 :
1270 1142 1590 1198 Adsumus:
1628 1149 1684 1197 et
1711 1141 1967 1195 luxerunt
2008 1153 2133 1194 cum
2168 1138 2264 1209 ju-

684 1242 969 1298 cunditate
997 1240 1045 1295 ei
1080 1239 1171 1309 qui
1207 1237 1338 1293 fecit
1371 1238 1546 1307 ipsas.
1581 1256 1599 1289 ι

755 1336 884 1405 Sap.
921 1352 996 1400 tv,
1051 1335 1138 1388 14.
1178 1366 1246 1377 ..-
1282 1352 1302 1383 ο
1342 1332 1485 1388 Deus
1548 1338 1779 1386 mortem
1830 1344 1938 1384 non
1980 1328 2129 1394 fecit,
2164 1342 2266 1384 nec

683 1428 993 1482 delectatur
1028 1426 1082 1480 in
1110 1425 1419 1497 perditione
1449 1424 1725 1479 vivorum.
1761 1422 1985 1477 Creavit
2010 1424 2183 1485 enim,
2207 1428 2265 1475 ut

682 1528 899 1584 essent,
937 1520 1121 1574 omnia
1165 1528 1266 1575 :et
1314 1518 1593 1573 sanabiles
1628 1516 1757 1571 fecit
1813 1516 2066 1570 nationes
2113 1513 2266 1569 orbis

686 1626 955 1669 terrarum
989 1631 1002 1668 :
1037 1620 1091 1667 et
1122 1627 1230 1666 non
1268 1620 1351 1667 est
1380 1612 1434 1665 in
1463 1612 1571 1667 illis
1598 1610 2062 1664 medicamentum
2083 1616 2267 1661 exter-

683 1709 862 1774 minii,
906 1722 1004 1762 nec
1030 1706 1331 1761 inferorum
1364 1720 1585 1775 regnum
1621 1706 1674 1759 in
1705 1712 1875 1758 terra.
1916 1721 1935 1754 ι

754 1798 884 1871 Sap.
913 1817 989 1861 ιι,
1015 1800 1105 1855 25.
1132 1831 1202 1872 τ
1230 1819 1247 1849 ι
1279 1797 1469 1867 Diligis
1487 1798 1694 1862 omnia,
1715 1811 1839 1866 quae
1863 1802 2014 1860 sunt,
2044 1800 2098 1850 et
2130 1792 2263 1847 nihil

680 1893 847 1947 odisti
901 1907 1091 1946 eorum
1127 1906 1248 1960 quae
1280 1889 1478 1945 fecisti.
1518 1888 1806 1955 Quomodo
1858 1896 2040 1942 autem
2080 1892 2267 1957 posset

681 1986 889 2053 aliquid
921 1998 1262 2053 permanere,
1295 1982 1401 2038 nisi
1437 1990 1494 2035 tu
1526 1982 1836 2038 voluisses?
1859 2000 1876 2032 ι

754 2074 883 2144 Sap.
920 2091 1037 2137 xm,
1063 2074 1116 2128 5.
1148 2104 1217 2114 —
1248 2092 1266 2125 ι
1295 2073 1339 2125 Α
1394 2073 1770 2144 magnitudine
1801 2082 1855 2126 et
1893 2071 2077 2142 specie
2110 2085 2265 2126 crea-

683 2177 959 2233 turarum,
991 2166 1441 2237 cognoscibiliter
1481 2165 1676 2218 borum
1710 2172 1927 2219 creator
1954 2163 2196 2217 videtur.
2238 2181 2258 2215 ι

754 2258 923 2313 Eccli.
954 2273 1106 2321 xvm,
1129 2257 1180 2309 l.
1209 2288 1282 2296 -—
1308 2274 1327 2307 ‹
1356 2255 1458 2321 Qui
1486 2256 1621 2309 vivit
1653 2256 1707 2309 in
1733 2262 2024 2319 aeternum.
2054 2255 2265 2311 creavit

681 2350 865 2403 omnia
897 2348 1085 2410 simul,
1128 2348 1394 2403 Dominus
1426 2348 1600 2402 solus.
1638 2366 1656 2398 ι

752 2438 921 2493 Eccli.
966 2455 1097 2502 mi,
1142 2438 1235 2494 25.
1269 2468 1339 2479 -——
1377 2456 1397 2489 ‹
1437 2436 1585 2491 Nihil
1634 2436 1764 2492 fecit
1814 2436 1960 2507 quod
1999 2434 2258 2491 deficiat:

682 2532 1121 2603 uniuscujusque
1170 2531 1407 2587 firmavit
1452 2531 1617 2587 bona.
1675 2531 1743 2586 Et
1787 2531 1917 2603 quis
1969 2530 2262 2586 satiabitur

680 2626 874 2681 videns
905 2626 1134 2697 gloriam
1168 2624 1320 2694 ejus?
1353 2644 1373 2678 ι

755 2720 923 2776 Eccli.
962 2737 1150 2785 xxxix,
1185 2720 1377 2774 2l-26.
1408 2751 1477 2761 --
1506 2738 1527 2771 ‹
1558 2717 1733 2790 Opera
1751 2717 1967 2773 Domini
2000 2717 2258 2773 universa

679 2808 846 2876 bona,
875 2817 930 2864 et
954 2823 1173 2864 omnem
1219 2808 1602 2863 necessitatem
1637 2806 1963 2875 tempestive
2000 2805 2258 2875 suppedi-

680 2901 839 2956 tabit.
890 2899 1010 2956 Non
1044 2907 1128 2956 est
1178 2900 1400 2955 dicere:
1438 2897 1553 2954 Hoc
1595 2898 1702 2953 isto
1741 2898 1895 2969 pejus
1921 2905 2027 2954 est.
2061 2896 2258 2953 Omnia

678 2995 824 3049 cnim
859 2995 913 3048 in
942 3002 1190 3063 tempore
1220 2993 1620 3064 probabuntur.
1660 3011 1678 3043 ι

748 3082 917 3136 Ecclt‘.
974 3097 1217 3145 xxxvttt,
1260 3082 1377 3136 4-8.
1406 3113 1477 3124 —
1533 3100 1552 3134 ι
1592 3082 1914 3138 Altissimus
1947 3083 2153 3137 creavit
2187 3082 2257 3139 de

2364 590 2613 663 ἐποίησε,
2647 589 2745 644 καὶ
2775 588 3015 660 ἐξήγαγε
3048 588 3165 659 φῶς
3199 589 3385 643 αὐτοῦ.
3415 607 3436 640 ι

2439 700 2459 734 ι
2503 682 2562 735 '0
2616 680 3040 743 κατασκευάσας
3080 680 3187 750 γῆν
3233 680 3315 742 είς
3366 678 3459 733 τὸν
3510 679 3669 734 αίῶνα
3696 685 3847 755 χρόνον,

2364 774 2661 845 ἐνέπλησεν
2689 771 2859 844 αὐτὴν
2909 772 3126 844 κτηνῶν
3170 771 3538 842 τετραπόδων.
3579 774 3633 827 '0
3654 775 3846 833 ἀποστὲλ.

2363 865 2473 919 λων
2523 865 2585 919 τὸ
2633 864 2769 935 φῶς,
2808 864 2905 918 καὶ
2961 863 3294 935 πορεύεται·
3324 864 3581 919 ἐκάλεσεν
3621 867 3747 931 αὐτὸ,
3789 873 3847 924 ul

2365 957 2678 1029 ὑπήκουσεν
2724 955 2874 1026 αὺτῷ
2915 955 3125 1027 τρόμῳ.
3167 955 3233 1008 Οἱ
3260 954 3318 1008 δὲ
3344 955 3571 1027 ἀστέρες
3596 955 3847 1029 ἕλαμψανέν

2364 1049 2483 1112 ταῖς
2512 1047 2782 1117 φυλακαῖς
2819 1046 3023 1109 αὐτῶν,
3064 1046 3160 1100 καὶ
3216 1045 3639 1117 ηὑφράνθησαψ
3664 1048 3846 1103 ἐκάλεσεν

2364 1139 2596 1207 αὐτοὺς,
2631 1140 2726 1194 καὶ
2783 1133 2936 1192 εἷπον
2960 1154 2975 1169 ο
3003 1137 3295 1208 Πάρεσμεν
3320 1154 3336 1170 ⁸
3371 1137 3613 1209 ἔλαμψαν
3655 1142 3749 1211 μετ’
3787 1144 3846 1196 ει.

2365 1234 2643 1307 φροσύνης
2670 1232 2749 1305 τῷ
2777 1234 3068 1305 ποιήσαντι
3094 1232 3314 1296 αὐτούς.
3352 1250 3372 1286 ι

2440 1347 2459 1381 ι
2506 1328 2565 1381 '0
2600 1326 2732 1391 Θεὸς
2776 1326 3007 1381 θάνατον
3044 1326 3145 1380 οὐκ
3189 1326 3471 1396 ἐποίησεν,
3512 1324 3624 1377 οὐδὲ
3659 1326 3846 1397 τέρπεται

2364 1420 2451 1474 ἐπ’
2477 1420 2725 1492 ἀπωλείᾳ
2769 1419 3010 1485 ζώντων.
3050 1419 3272 1473 Ἐκτισε
3304 1417 3413 1488 γάρ
3442 1418 3522 1480 είς
3551 1418 3635 1471 τὸν
3658 1420 3846 1473 αἱῶνατᾶ

2366 1514 2566 1578 πάντα,
2588 1514 2685 1567 καὶ
2708 1513 2970 1585 σωτήριοι
2993 1513 3048 1565 αἱ
3072 1512 3316 1580 γενέσεις
3342 1508 3437 1563 τοῦ
3460 1509 3674 1578 κόσμου,
3699 1511 3769 1563 καὶ
3784 1514 3846 1563 οὐκ

2365 1605 2510 1659 ἔστιν
2536 1608 2593 1658 ἐν
2619 1606 2811 1668 αὑταῖς
2842 1604 3134 1676 φάρμακον
3163 1601 3408 1675 ὀλέθρου,
3457 1600 3575 1653 οὐδὲ
3606 1600 3714 1670 ᾅδου
3749 1602 3847 1671 βασί-

2366 1695 2508 1751 λειον
2540 1697 2635 1750 ἐπὶ
2659 1696 2761 1765 τῆς
2798 1698 2924 1767 γῆς.
2960 1714 2979 1746 ι

2446 1808 2465 1843 ι
2516 1790 2759 1860 ’Λγαπᾷς
2807 1789 2877 1842 τὰ
2928 1788 3059 1842 ὄντα
3087 1786 3287 1855 πάντα,
3326 1790 3425 1844 καὶ
3471 1790 3618 1845 οὐδὲν
3662 1791 3846 1861 βδελύτςῃ

2370 1874 2445 1936 ὧν
2495 1882 2780 1952 ἐποίησας.
2808 1880 2935 1943 Πῶς
2985 1880 3043 1934 δέ
3069 1880 3370 1953 διεμένειεν
3410 1884 3479 1938 ἄν
3527 1901 3598 1948 τι,
3630 1886 3672 1937 εί
3717 1884 3771 1954 μὴ
3807 1888 3844 1934 τ)

2366 1971 2638 2045 ἠθέλησας
2662 1992 2676 2041 ;
2719 1992 2739 2026 ι

2439 2086 2458 2118 ι
2508 2066 2603 2120 Ἐκ
2652 2066 2916 2138 μεγέθους
2946 2068 3043 2121 καὶ
3083 2066 3353 2137 καλλονῆς
3406 2066 3699 2138 κτισμάτων
3722 2068 3847 2120 ἀνελό-

2364 2175 2477 2229 γως
2506 2160 2535 2212 ὁ
2564 2160 2947 2230 γενεσιουργὸς
2979 2160 3158 2213 αὐτῶν
3188 2161 3503 2231 Θεωρείται.
3538 2179 3557 2212 ι

2442 2270 2462 2303 ι
2512 2251 2568 2304 ’0
2601 2250 2711 2316 ζῶν
2739 2252 2819 2316 εἰς
2854 2251 2948 2307 τὸν
2975 2252 3170 2320 αίῶνα,
3204 2252 3391 2307 ἔκτισε
3439 2252 3511 2305 τὰ
3552 2252 3707 2307 πάντα
3729 2252 3844 2320 κοινῆ»

2362 2344 2570 2415 Κύριος
2593 2344 2774 2416 μόνος.
2815 2363 2834 2398 ι

2438 2455 2457 2489 ι
2494 2438 2608 2491 Οὐκ
2640 2436 2897 2509 ἐποίησεν
2929 2436 3082 2492 οὐδέν
3118 2437 3401 2492 ἐλλεῖπον·
3431 2436 3491 2491 ἒν
3514 2436 3604 2490 τοῦ
3636 2436 3732 2499 ἐνὸς
3751 2436 3845 2487 ἐστι.

2364 2528 2537 2600 ρέωσε
2577 2530 2647 2583 τὰ
2688 2529 2900 2599 ἀγαθά·
2940 2530 3035 2583 καὶ
3070 2529 3157 2595 τίς
3192 2528 3571 2603 πλησθήσεται
3602 2527 3723 2599 ὁρῶν
3744 2524 3844 2590 δόξαν

2361 2621 2530 2675 αὐτοῦ
2554 2639 2569 2689 ;
2606 2641 2625 2675 ι

2436 2730 2459 2766 ι
2510 2714 2592 2768 Τὰ
2645 2713 2783 2787 ἔργα
2830 2712 3065 2786 Κυρίου,
3113 2714 3295 2769 πάντα
3348 2714 3555 2785 ἀγαθὰ,
3599 2714 3681 2769 καὶ
3725 2714 3843 2766 sint

2358 2807 2548 2879 χρείαν
2592 2808 2653 2860 ἐν
2698 2807 2820 2881 ὥρᾳ
2880 2807 3062 2863 αὐτῶν
3108 2808 3440 2881 χορηγήσει.
3485 2810 3592 2862 Καὶ
3630 2808 3713 2861 οὐκ
3750 2808 3843 2859 ἐςτιν

2358 2903 2536 2955 εἰπεῖν
2563 2916 2577 2930 ·
2616 2899 2788 2955 Τοῦτο
2825 2901 3017 2954 τούτου
3070 2901 3462 2973 πονηρότερον.
3504 2899 3672 2956 Πάντα
3702 2897 3781 2968 γὰρ
3808 2897 3842 2947 ἐν

2358 2993 2537 3067 καιρῷ
2562 2994 3048 3066 δοκιμασθήσεται.
3089 3012 3108 3047 ι

2435 3105 2454 3139 ι
2517 3085 2722 3157 Κύριος
2763 3086 2982 3140 ἔκτισεν
3032 3087 3099 3140 ἐκ
3149 3087 3255 3157 γῆς
3309 3085 3601 3159 φάρμακα,
3625 3083 3719 3138 ’καὶ
3754 3078 3841 3148 ἀνὴρ

680 3179 826 3225 terra
861 3170 1280 3235 medicamenta,
1309 3180 1365 3226 et
1394 3172 1476 3225 vir
1507 3171 1749 3242 prudens
1778 3188 1889 3227 non
1935 3173 2255 3229 abhorrebit

2250 3212 2255 3226 .
2284 3191 2332 3254 ρ
2361 3178 2624 3250 φρόνιμος
2645 3179 2707 3231 ού
2742 3177 3060 3249 προσοχϐιεῖ
3084 3178 3287 3242 αὐτοῖς.
3320 3180 3440 3233 Καὶ
3472 3180 3505 3249 ὴ
3537 3172 3839 3249 ειρήνηήπιρ“

680 3261 790 3315 illa.
831 3262 895 3316 Et
930 3277 1036 3332 pax
1081 3277 1204 3333 quae
1248 3263 1317 3319 ab
1368 3262 1506 3335 ipsis
1557 3272 1665 3329 est,
1720 3278 1891 3336 super
1940 3266 2133 3321 faciem
2172 3276 2258 3323 est

681 3362 859 3408 terrae.
893 3371 910 3405 ι

748 3444 920 3500 Βαείί.
938 3448 1078 3501 hom.
1097 3448 1131 3503 5
1160 3447 1214 3501 in
1252 3448 1849 3505 Hexaem—Germinet
1880 3459 2021 3506 terra
2042 3451 2256 3507 herbam

677 3540 927 3595 uirentem
972 3540 1125 3610 (Gen.
1161 3558 1200 3605 ι,
1232 3543 1364 3612 ll):
1403 3558 1467 3597 ac
1508 3544 1675 3598 simul
1724 3561 1848 3599 cum
1882 3546 1951 3601 iis
1992 3561 2115 3617 quae
2144 3549 2253 3602 vim

677 3633 858 3688 alendi
896 3634 1157 3701 habeant,
1205 3644 1477 3690 venenata
1523 3653 1745 3708 quoque
1784 3640 2051 3708 producta
2098 3646 2250 3705 sunt,

675 3740 802 3781 cum
840 3726 1119 3783 frumento
1162 3728 1367 3798 cicuta,
1409 3744 1536 3784 cmn
1588 3731 1817 3802 reliquis
1847 3746 1969 3802 quze
1998 3732 2065 3787 ad
2096 3746 2252 3787 esum

676 3828 803 3891 apta
836 3829 987 3889 sunt,
1034 3822 1339 3887 elleborus,
1392 3823 1698 3890 aconitum,
1754 3824 2140 3896 mandragora,
2197 3832 2253 3880 et

674 3914 967 3984 papaveris
1013 3914 1430 3983 succustuid
1484 3916 1673 3987 igitur,
1705 3918 2079 3987 praetermisso
2107 3917 2250 3988 grati

675 4004 844 4059 animi
870 4006 942 4061 ob
962 4016 1186 4077 accepta
1213 4011 1505 4063 commoda
1526 4007 1725 4073 ollicio,
1747 4010 2062 4065 Creatorem
2082 4024 2251 4063 accu-

674 4095 945 4160 sabimus,
976 4096 1045 4152 oh
1082 4114 1147 4152 ea
1179 4114 1301 4169 qua:
1326 4098 1449 4152 vitae
1475 4108 1680 4154 nostra:
1718 4101 1911 4154 nociva
1938 4099 2106 4154 sunt?
2139 4098 2249 4154 Nec

674 4187 808 4241 illud
840 4189 1278 4252 consideramus.
1310 4205 1422 4243 non
1455 4190 1637 4244 omnia
1678 4190 1850 4245 fuisse
1875 4199 2097 4260 propter
2123 4205 2251 4243 ven-

673 4287 813 4333 trem
838 4289 1087 4333 nostrum
1119 4289 1409 4349 procreata
1451 4297 1468 4335 :
1509 4296 1701 4335 verum
1736 4297 1799 4336 ea
1834 4282 1996 4354 425
2026 4284 2248 4353 quidem

673 4368 961 4435 alimenta,
995 4385 1116 4439 qum
1156 4370 1436 4425 destinata
1464 4372 1625 4427 nobis
1656 4382 1807 4439 sunt,
1849 4384 2102 4444 prompta
2130 4390 2247 4427 ont-

2356 3272 2557 3337 αὐτῶν,
2582 3273 2731 3327 ἐστὶν
2760 3272 2853 3325 ἐπὶ
2877 3270 3170 3343 προσώπου
3199 3272 3298 3343 τῆς
3324 3273 3453 3345 γῆς.
3493 3291 3513 3325 ι

2426 3453 2839 3522 Βλαστησάτω
2878 3455 2917 3523 ή
2946 3452 3023 3524 γῆ
3067 3452 3345 3521 βοτάνην
3390 3453 3602 3521 χόρτου
3624 3468 3637 3481 ⁶
3670 3448 3743 3503 καὶ
3764 3464 3840 3501 συνο

2354 3547 2574 3619 ἐξεδόθη
2629 3550 2742 3610 τοῖς
2789 3547 3078 3619 τροφίμοις
3138 3546 3210 3600 τὰ
3251 3545 3583 3618 δηλητήρια⁹
3636 3543 3745 3613 μετὰ
3780 3539 3838 3592 τοῦ

2356 3641 2505 3694 σίτου
2534 3641 2596 3694 τὸ
2638 3638 2886 3706 κώνειον,
2925 3641 3063 3712 μετὰ
3109 3641 3218 3694 τῶν
3260 3640 3471 3694 λοιπῶν
3527 3639 3761 3711 τροφίμων
3788 3632 3837 3685 ἐλ-

2352 3732 2595 3803 λέϐορος,
2620 3735 2717 3788 καὶ
2743 3734 3012 3800 ἀκόνιτον,
3045 3735 3139 3788 καὶ
3170 3734 3578 3805 μανδραγόρας,
3617 3732 3696 3785 καὶ
3731 3726 3836 3792 ὁτῆς

2356 3830 2590 3901 μήκονος
2631 3830 2784 3893 ὁπός·
2826 3830 2892 3883 Τί
2939 3825 3062 3894 οὖν;
3107 3829 3340 3899 ἀφέντες
3381 3831 3447 3883 τὸ
3478 3829 3567 3883 ἐπὶ
3595 3829 3689 3888 τοῖς
3713 3822 3835 3894 χρησί-

2354 3938 2476 3992 μοις
2500 3923 2597 3994 τὴν
2622 3923 2783 3995 χάριν
2803 3922 3487 3995 όμολογείν,ἐγκαλέσομεν
3504 3920 3577 3991 τῷ
3598 3912 3835 3990 Δημιυυρτιὲ⁸

2351 4014 2445 4067 ἐπὶ
2488 4019 2602 4078 τοῖς
2648 4015 2968 4086 φθαρτικοῖς
3013 4015 3168 4087 ἡμῶν
3197 4015 3302 4086 τῆς
3329 4016 3512 4084 ζωῆς;
3548 4006 3832 4067 ἐκεῖνοδὲλθ-

2351 4103 2641 4177 γιζόμεθα,
2687 4107 2770 4160 ὅτι
2824 4107 2884 4159 οὐ
2925 4108 3103 4161 πάντα
3160 4107 3256 4175 τῆς
3312 4107 3554 4177 γαστρὸς
3594 4104 3744 4157 ἕνεκεν
3772 4098 3832 4162 τῆς

2350 4201 2632 4271 ἡμετέρας
2666 4200 3153 4274 δεδημιούργηται,
3197 4200 3311 4253 ἀλλ’
3339 4202 3476 4270 ἡμῖν
3519 4198 3611 4270 μέν
3632 4197 3677 4249 αἱ

2348 4293 2618 4362 ταγμέναι
2666 4292 2867 4363 τροφαὶ
2919 4292 3220 4363 πρόχειροι,
3260 4291 3358 4344 καὶ
3388 4292 3555 4344 πᾶσιν
3583 4286 3826 4355 εὔγνωστα·

2351 4384 2585 4437 ἕκαστον
2628 4383 2683 4437 δὲ
2717 4384 2823 4438 τῶν
2864 4384 3172 4455 γενομένων
3203 4382 3337 4437 ἴδιόν
3388 4398 3510 4435 τινα
3546 4380 3683 4447 λόγον
3720 4376 3759 4424 ἐν
3787 4370 3824 4437 ti

672 4458 946 4529 nibusque
996 4469 1125 4515 nota
1177 4476 1335 4525 esse;
1368 4461 1657 4532 quodlibet
1692 4475 1873 4517 autem
1906 4478 2097 4517 eorum
2126 4478 2248 4533 quae

1200 4476 1335 4525 :sse;
1368 4461 1657 4532 quodlibet
1692 4475 1873 4517 autem
1906 4478 2097 4517 eorum
2126 4478 2248 4533 qua!
2279 4540 2307 4546 _
2351 4475 2529 4528 κτίσει
2567 4475 2789 4546 πληροῖ.

670 4560 855 4607 creata
887 4561 1036 4617 sunt,
1067 4554 1344 4624 propriam
1369 4555 1662 4625 quamdam
1694 4555 1835 4609 inter
1869 4571 1956 4611 res
1987 4556 2241 4611 conditas
2276 4540 2319 4595 θ

672 4646 943 4700 rationem
976 4649 1216 4715 explere.

743 4735 934 4805 Ejusd.
960 4737 1101 4794 hom.
1134 4738 1189 4793 2.
1212 4768 1283 4780 —
1309 4739 1355 4793 A
1404 4738 1514 4795 Deo
1559 4740 1763 4794 malum
1798 4752 1980 4795 ortum
2029 4743 2243 4797 trahere

670 4828 896 4898 impium
926 4829 1078 4884 dictu
1108 4841 1193 4886 est
1225 4851 1238 4887 :
1272 4833 1473 4903 quippe
1495 4848 1617 4887 cum
1653 4834 1861 4887 nullutn
1903 4836 2240 4888 contrarium

670 4938 736 4977 cx
769 4924 1049 4978 contrario
1082 4925 1311 4979 oriatur.
1346 4926 1480 4979 Nam
1516 4942 1616 4981 nec
1654 4928 1763 4981 vita
1813 4938 2042 4981 mortem
2073 4929 2240 4997 parit,

670 5030 772 5071 nec
799 5017 1109 5072 obscuritas
1159 5018 1298 5072 lucis
1344 5020 1498 5088 origo
1539 5031 1645 5084 est,
1693 5036 1793 5073 nec
1829 5020 2054 5075 morbus
2090 5021 2243 5075 sani-

668 5109 799 5163 tatis
828 5124 1017 5164 causa.
1048 5109 1188 5175 Quid
1213 5124 1343 5179 ergo
1371 5108 1646 5165 dicimus?
1673 5111 1832 5181 plane
1858 5111 2005 5180 quod
2037 5113 2241 5167 malum

667 5215 781 5254 non
820 5201 943 5254 viva
975 5208 1033 5255 et
1081 5199 1320 5252 animata
1372 5200 1611 5253 essentia
1641 5204 1734 5265 sit,
1787 5200 1883 5256 sed
1928 5201 2149 5257 aﬂ‘ectio
2184 5205 2240 5258 in

667 5293 851 5347 anima
881 5307 1007 5347 cum
1059 5291 1264 5347 virtute
1310 5306 1586 5361 pugnans,
1615 5307 1737 5363 quae
1770 5309 1877 5348 non
1921 5294 2144 5348 aliunde
2186 5295 2238 5349 itt

667 5384 950 5441 desidibus
982 5394 1264 5449 nascatur,
1298 5400 1463 5457 quam
1486 5384 1632 5455 quod
1679 5401 1707 5439 a
1742 5387 1888 5441 bono
1916 5387 1954 5441 ii
1996 5388 2239 5460 prolapsi

668 5480 800 5531 sint.
832 5478 1105 5544 Quocirca
1142 5480 1281 5533 nihil
1313 5486 1417 5544 est,
1445 5478 1591 5548 quod
1622 5486 1776 5533 extra
1810 5486 1864 5534 te
1891 5479 2094 5534 malum
2129 5482 2241 5536 cir-

665 5582 1055 5639 eumspectes:
1090 5588 1281 5627 verum
1323 5588 1397 5653 se,
1419 5572 1652 5643 quisque
1693 5573 1852 5639 vitii,
1913 5572 2064 5644 quod
2121 5574 2240 5645 ipse

666 5661 1214 5724 laboratgauctorem
1248 5675 1531 5735 agnoscat.

737 5750 893 5825 (ing.
926 5754 1071 5810 Naz.
1111 5788 1182 5798 —
1210 5756 1357 5812 Nihil
1395 5775 1460 5814 ex
1494 5759 1584 5830 iis,
1626 5775 1748 5832 quae
1787 5761 2007 5818 condita
2051 5776 2081 5817 a
2131 5759 2239 5819 Deo

666 5858 820 5917 sunt,
856 5850 1060 5905 l’rustra
1092 5850 1295 5907 factum
1334 5852 1456 5908 fuit.

2415 4736 2575 4808 Παρὰ
2604 4737 2742 4792 Θεοῦ
2762 4737 2823 4791 τὸ
2849 4737 3021 4792 κακὸν
3051 4737 3151 4809 τὴν
3188 4736 3409 4807 γένεσιν
3446 4735 3603 4806 ἔχειν,
3630 4727 3825 4785 (saxeis:-

2344 4831 2435 4895 σές
2475 4833 2594 4884 ἐστι
2621 4831 2823 4901 λέγειν,
2878 4832 2966 4885 διά
3025 4832 3087 4885 τὸ
3119 4831 3287 4901 μηδὲν
3320 4831 3430 4884 τῶν
3473 4827 3703 4881 ἐναντίων
3727 4818 3823 4886 παρὰ

2340 4922 2437 4977 τοῦ
2471 4924 2717 4978 ἐναντίου
2752 4924 3024 4993 γίνεσθαι.
3053 4923 3190 4978 Οὔτε
3210 4924 3319 4995 γὰρ
3345 4923 3459 4993 ζωὴ
3479 4923 3684 4975 Θάνατον
3701 4912 3821 4984 γεννξν

2342 5015 2466 5069 οὔτε
2510 5017 2572 5069 τὸ
2623 5016 2812 5079 σκότος
2866 5017 3043 5087 φωτός
3099 5019 3249 5069 ἐστιν
3294 5017 3458 5088 ἁρχὴ,
3510 5012 3623 5066 οὔτε
3658 5012 3685 5078 ἡ
3726 5005 3821 5058 νάπδὲ

2343 5108 2533 5177 ὑγείας
2588 5108 2942 5180 δημιουργός.
2992 5108 3057 5160 Τί
3111 5104 3207 5161 οὖν
3258 5124 3469 5177 (papa;
3502 5106 3579 5157 ὅτι
3617 5103 3667 5154 τὸ
3694 5096 3822 5149 κακὸν.

2342 5200 2492 5255 ἐστὶν
2518 5201 2637 5271 οὐχὶ
2667 5200 2823 5253 οὐσία
2884 5199 3035 5277 ζῶσα
3084 5200 3178 5253 καὶ
3207 5197 3469 5270 ἔμψυχος,
3505 5193 3630 5249 ἀλλὰ
3654 5189 3821 5243 adtul;

2342 5296 2401 5348 ὲν
2420 5294 2565 5367 ψυχῇ
2582 5297 2840 5359 ἐναντίως
2886 5296 3086 5367 ἔχουσα
3135 5297 3273 5368 πρὸς
3322 5293 3536 5366 ἀρετὴν,
3572 5291 3650 5344 διὰ
3668 5288 3746 5356 τὴν
3762 5282 3819 5331 τηῦ

2342 5390 2512 5444 καλοῦ
2568 5391 2889 5444 ἀπόπτωσιν
2950 5394 3064 5453 τοῖς
3095 5389 3360 5463 ῥᾳθύμοις
3408 5383 3721 5456 ἐγγινομένη.
3764 5376 3821 5437 Μὴ

2342 5484 2521 5539 τοίνυν
2568 5482 2770 5549 ἔξωθεν
2816 5484 2878 5537 τὸ
2934 5483 3105 5537 κακὸν
3151 5482 3494 5553 περισκόπει,
3546 5478 3633 5531 καὶ
3670 5472 3746 5542 τῆς
3788 5469 3821 5516 έν

2346 5576 2525 5649 ἐαυτῷ
2574 5578 2777 5641 κακίας
2848 5577 3079 5641 ἕκαστος
3140 5575 3339 5631 ἑαυτὸν
3413 5570 3640 5645 ἀρχηγὸν
3680 5573 3820 5636 7W?“

2342 5672 2506 5738 ζέτω.

2410 5763 2577 5819 Οὐδὲν
2600 5764 2722 5836 είκῆ
2752 5763 2861 5820 τῶν
2880 5762 3034 5835 παρὰ
3069 5762 3207 5818 Θεοῦ
3228 5760 3545 5834 γενομένων.
