4024 6424
190 341 323 408 1353

1435 332 1670 394 SACRA
1707 328 2168 392 PARALLELA.

3289 329 3307 392 1
3322 328 3421 391 “ti-'4

254 460 389 530 Οὐχὶ
417 455 577 526 φύσις
607 452 747 525 αὐτὴ
800 450 907 504 τῶν
939 451 1204 521 κινήσεων
1242 445 1366 502 καθ’
1419 447 1618 516 ἑαυτὴν
1648 463 1746 498 πο-

1922 442 2198 514 Chrysost.
2222 473 2274 484 -—
2316 439 2433 495 Non
2467 441 2583 512 ipsa
2617 453 2815 500 natura
2853 447 3284 502 commationum
3325 467 3421 521 per

186 552 348 624 νηρὰ,
409 549 524 604 ἀλλ’
557 549 589 618 ἡ
622 545 731 600 τῶν
769 543 1014 613 φυσικῶν
1059 541 1376 613 κινημάτων
1421 538 1755 610 παρατροπὴ

185 647 283 715 τῆς
311 643 492 714 ψυχῆς
549 643 648 704 τὰς
701 639 877 709 ὁρμὰς
928 637 1004 698 ὼς
1044 634 1193 704 πάθη
1246 632 1512 688 διέϐαλεν.
1555 633 1614 686 '0
1645 631 1755 703 γὰρ

187 737 519 807 δημιουργὸς
563 733 662 803 τὴν
691 731 861 801 λύραν
891 727 1062 798 καλὴν
1093 726 1188 780 καὶ
1231 724 1531 794 εὐφθογγον
1558 723 1754 795 ήρμώ-
1788 798 1790 800 _

189 845 337 893 σατο,
360 829 408 880 οἱ
433 827 490 880 δὲ
527 824 816 896 κρούοντες
873 823 1144 893 διαφόρως
1188 819 1452 873 ἅπτονται
1484 818 1595 872 τῶν
1629 836 1756 889 χορ-

190 925 292 978 δῶν
309 940 322 952 ·
356 923 451 977 καὶ
477 922 584 975 ἀπὸ
609 920 709 989 τῆς
744 919 914 986 αὐτῆς
938 916 1193 987 κιθάρας,
1219 914 1247 966 ὁ
1289 913 1388 985 μὲν
1428 911 1619 984 ὕμνον,
1643 915 1671 966 6
1698 913 1756 965 δὲ

191 1018 395 1086 ἀπηχεῖ
433 1013 805 1086 βλασφημίαν,
835 1011 932 1080 οὐχ
956 1010 1030 1074 ὡς
1061 1009 1160 1079 τῆς
1186 1006 1297 1061 τῶν
1315 1005 1522 1077 χορδῶν
1542 1003 1757 1074 φύσεως

191 1108 251 1160 τὸ
288 1105 718 1176 διεστραμμένον
771 1103 1024 1174 ἐχούσης,
1083 1100 1200 1154 ἀλλ’
1270 1101 1346 1163 ὡς
1375 1099 1478 1170 τῆς
1508 1099 1619 1152 τῶν
1647 1099 1756 1169 ψη-

191 1198 483 1269 λαφώντων
512 1197 753 1268 ἀμαθίας
781 1193 1270 1267 παραφϐειρούσης
1285 1195 1348 1247 τὸ
1366 1193 1622 1265 ὄργανον.

263 1295 396 1356 Ταῖς
416 1292 525 1344 τῶν
553 1290 738 1344 κακῶν
765 1290 1092 1359 ὲπισποραῖς
1136 1287 1286 1341 αἰτία
1316 1286 1426 1339 τῶν
1449 1285 1758 1357 ἀνθρώπων

194 1384 507 1457 ήρᾳθυμία.
565 1384 667 1436 Ἑν
720 1381 800 1448 τῷ
851 1381 960 1452 γὰρ
1009 1379 1356 1442 καθεύδειν,
1393 1379 1556 1450 φησὶ,
1615 1377 1759 1444 τοὺς

194 1477 559 1545 ἀνθρώπους,
589 1470 775 1544 ἦλθεν
801 1476 833 1527 ό
858 1472 1094 1541 ἐχθρὸς,
1118 1472 1215 1525 καὶ
1252 1472 1494 1542 ἔσπειρε
1520 1473 1595 1526 τὰ
1620 1470 1760 1533 (titi-

195 1586 291 1623 για
309 1567 616 1636 ἀναμέσον
630 1566 738 1620 τοῦ
769 1567 968 1620 σίτου.

266 1659 446 1712 Πάντα
498 1659 598 1711 ὅσα
649 1655 951 1727 πεποίηκεν
991 1655 1020 1707 6
1073 1653 1224 1718 Θεὸς,
1253 1654 1396 1708 καλὰ
1432 1655 1756 1726 πεποίηκεν,

197 1752 512 1820 ἐπιστήμων
571 1749 733 1812 αὐτὸς
782 1748 858 1801 ῶν
898 1749 1136 1802 πάντων.
1169 1746 1308 1802 Οὐτε
1352 1747 1462 1816 γὰρ
1490 1750 1519 1800 6
1550 1747 1758 1810 δίκαιος

1857 553 1916 592 se
1941 538 2084 590 mala
2115 543 2220 601 est,
2249 535 2341 590 sed
2393 534 2560 589 animi
2596 545 2842 592 motuum
2871 537 3190 609 depravatio
3235 546 3422 599 ροιιοὶ-

1859 628 2094 683 tationes
2147 628 2317 683 animi
2370 645 2471 684 ceu
2523 631 2755 685 vitiosas
2813 634 3076 688 traduxit.
3139 634 3424 706 Siquidem

1859 720 2056 776 artifex
2088 721 2391 793 elegantem
2421 731 2475 778 et
2516 725 2651 778 bene
2703 726 3031 780 concinnam
3076 728 3251 800 lyram
3280 745 3430 785 com-

1858 817 2002 886 pegit
2047 832 2061 870 :
2101 815 2196 886 qui
2249 831 2379 872 vero
2417 817 2654 888 pulsant,
2709 834 2819 873 non
2868 822 3060 876 eodem
3097 823 3260 878 modo
3291 824 3428 879 ﬁdes

1860 916 2112 979 tangunt,
2162 909 2256 966 sed
2307 909 2376 964 ab
2423 911 2611 966 eadem
2665 912 2870 967 cithara
2938 914 3081 971 alius
3142 917 3425 986 hymnum,

1858 1001 2002 1056 alius
2049 1016 2306 1071 asperant
2351 1011 2574 1056 cantum
2602 1012 2781 1068 sonat,
2827 1022 2931 1061 non
2975 1008 3117 1077 quod
3151 1009 3204 1062 in
3240 1009 3426 1063 fidium

1859 1103 2055 1148 natura
2089 1095 2422 1164 perversitas
2448 1096 2600 1160 insit,
2641 1098 2734 1152 sed
2769 1100 2913 1168 quod
2952 1102 3289 1172 pulsantium
3326 1102 3430 1157 im-

1858 1187 2054 1257 peritia
2082 1187 2509 1243 instrumentum
2543 1189 2850 1247 Iabefactet.

1927 1276 2086 1344 Quod
2137 1279 2280 1333 mala
2325 1291 2774 1351 superserantur,
2822 1284 2874 1339 in
2915 1300 3082 1340 causa
3133 1295 3217 1342 est
3253 1286 3430 1342 homi-

1858 1386 1988 1426 num
2018 1371 2299 1442 segnities.
2339 1372 2468 1429 Cum
2518 1376 2654 1430 enim
2696 1378 2990 1434 dormirent
3037 1381 3292 1446 homines,
3348 1381 3432 1435 in-

1859 1465 1982 1533 quit
2015 1463 2270 1522 Christus
2297 1465 2518 1537 (Matth.
2556 1485 2674 1534 xm,
2707 1470 2836 1541 25),
2894 1474 3030 1528 venit
3082 1476 3351 1543 inimicus,
3379 1484 3430 1530 et

1859 1554 2138 1610 seminavit
2172 1557 2386 1612 zizania
2421 1560 2475 1612 in
2512 1561 2683 1616 medio
2724 1563 2912 1617 tritici.

1931 1647 2216 1704 Euseb.'—
2249 1650 2443 1706 Omnia
2478 1654 2569 1709 illa
2602 1672 2722 1726 quae
2752 1657 2882 1712 fecit
2914 1660 3075 1726 Deus,
3108 1661 3250 1716 bona
3280 1662 3429 1724 fecit,

1861 1753 1984 1793 cum
2023 1755 2202 1795 rerum
2251 1743 2495 1798 omnium
2533 1747 2824 1802 scientiam
2862 1749 3084 1805 habeat.
3142 1751 3277 1807 Nam
3334 1769 3432 1809 nec

195 1841 472 1912 ποιήσειέν
501 1857 553 1892 τι
589 1839 791 1902 ἄδικον,
831 1836 956 1890 οὐτε
988 1838 1018 1890 6
1052 1835 1252 1903 ἀγαθὸς
1282 1834 1507 1904 φαῦλον,
1564 1833 1754 1904 ὥσπερ

1866 1831 2039 1897 iustus
2078 1831 2266 1902 injusti
2305 1835 2602 1906 quidquam
2633 1838 2810 1896 facere
2847 1853 3034 1912 queat,
3069 1859 3168 1899 nec
3207 1859 3432 1912 prorsus

195 1935 314 1987 οὐδὲ
361 1933 681 2002 ἐπιστήμων
724 1927 1195 1998 ἀνεπιστημόνως.
1257 1927 1477 1989 Δίκαιος
1528 1926 1606 1990 δὲ,
1666 1928 1762 1980 καὶ

195 2029 419 2096 ἀγαθὸς,
483 2027 578 2079 καὶ
626 2027 946 2095 ἐπιστήμων
1000 2026 1028 2077 6
1080 2022 1212 2085 Θεὸς
1240 2021 1419 2075 ἐστιν’
1465 2021 1615 2074 οὐδὲν
1654 2021 1764 2091 ἄρα

197 2118 399 2179 ἄδικον,
429 2116 552 2170 οὐδὲ
571 2115 771 2185 φαῦλον
798 2117 826 2168 6
852 2113 985 2177 Θεὸς
1011 2115 1288 2184 ἐποίησεν.

278 2301 390 2355 Ἑνὶ
419 2300 652 2370 νεύματι
717 2299 1030 2370 βουλήσεως
1077 2295 1113 2350 ἃ
1160 2295 1303 2350 θέλει
1353 2296 1669 2368 συνίστησιν
1700 2298 1766 2350 ὲκ

202 2394 278 2468 μὴ
305 2395 498 2455 ὄντων,
523 2395 682 2464 μόνος
701 2391 778 2445 ὣν
809 2392 998 2455 ἀΐδιος,
1027 2388 1186 2460 μόνος
1213 2387 1288 2443 ῶν
1319 2391 1575 2462 ἄναρχος,
1606 2391 1766 2462 μόνος

203 2492 408 2555 ἁπλοῦς
435 2489 594 2562 οὐσίᾳ
623 2489 719 2542 καὶ
751 2487 1022 2559 βουλήσει.

199 2740 381 2796 ΤΙΤΛ.
418 2741 493 2796 Γ.
524 2771 591 2781 -
629 2741 767 2810 Περὶ
791 2740 1148 2809 δοξολογίας
1177 2739 1326 2793 Θεοῦ
1348 2754 1362 2768 ⁸
1388 2738 1488 2793 καὶ
1510 2737 1618 2810 Αότι
1653 2735 1768 2810 χρὴ

269 2811 538 2875 δοξάζειν
595 2808 988 2880 καὶαγιάζειγ
1023 2808 1148 2864 ίτόν
1174 2810 1341 2873 Θεὸν,
1373 2811 1472 2863 καὶ
1498 2808 1589 2862 ὅτι
1627 2809 1770 2874 τοὺς

265 2880 624 2949 δοξάζοντας
653 2883 841 2936 αὑτὸν
866 2880 1095 2948 δοξάζει
1125 2882 1157 2935 ό
1177 2881 1341 2946 Θεός.

271 3035 292 3068 ι
333 3013 467 3071 Eine
492 3017 700 3089 Κύριος
729 3017 866 3088 πρὸς
919 3017 1160 3087 Μωσῆν·
1197 3016 1321 3068 ’Ότι
1358 3014 1460 3068 οὐκ
1515 3010 1770 3066 ἐπιστεύ-

1863 1930 2087 1998 malum,
2129 1932 2592 2000 quemadmodum
2630 1951 2734 1992 nec
2767 1939 2979 2007 peritus
3007 1940 3306 2009 quidquam
3331 1941 3435 1995 im-

1861 2022 2053 2094 perite.
2089 2023 2222 2077 Cum
2271 2023 2460 2095 itaque
2489 2025 2655 2092 Deus,
2685 2036 2740 2083 et
2774 2031 2984 2098 justus,
3037 2038 3093 2084 et
3140 2033 3318 2087 bonus
3364 2033 3436 2088 sit

1863 2129 1927 2168 ac
1954 2114 2186 2184 peritus,
2221 2131 2447 2172 necesse
2475 2126 2562 2173 est
2589 2135 2713 2174 eum
2801 2121 2899 2176 ihil
2932 2123 3122 2192 injusti
3166 2138 3268 2178 nec
3306 2125 3433 2179 mali

1865 2204 2082 2263 fecisse.

1935 2293 2171 2364 Didymi.
2192 2323 2246 2334 —
2278 2294 2450 2351 Unico
2477 2297 2776 2355 voluntatis
2807 2310 2943 2356 nutu
2974 2303 3136 2368 Deus,
3170 2305 3436 2376 quidquid

1865 2384 2004 2450 vult,
2043 2399 2110 2440 ex
2147 2385 2321 2440 nihilo
2364 2397 2512 2442 creat
2546 2405 2558 2440 :
2604 2390 2785 2460 utqui
2845 2393 2999 2448 solus
3041 2395 3435 2462 sempiternus,

1867 2478 2021 2534 solus
2059 2479 2312 2550 principii
2348 2495 2566 2550 expers,
2609 2483 2762 2539 solus
2801 2484 3058 2555 denique,
3092 2495 3209 2540 tum
3251 2502 3438 2542 esseu-

1868 2571 1964 2638 tia,
1993 2582 2105 2626 tum
2139 2574 2423 2629 voluntate
2446 2574 2698 2636 simplex.

1869 2728 1998 2805 TIT.
2060 2728 2152 2805 ll‘l.
2191 2761 2260 2771 —
2299 2731 2372 2786 De
2422 2732 2517 2787 Dei
2559 2734 2947 2804 gloriﬁcatione
2993 2749 3011 2787 .'
3051 2743 3101 2788 et
3143 2732 3282 2805 quod
3320 2747 3439 2805 eum

1894 2831 1900 2838 -
1939 2801 2241 2870 gloriﬁcare
2269 2812 2316 2858 et
2349 2801 2590 2858 sanctum
2623 2801 2916 2872 prredirare
2963 2801 3240 2872 oporteat;
3281 2804 3439 2858 illos-

1940 2888 2038 2941 que
2071 2887 2104 2926 a
2128 2871 2313 2943 quibus
2346 2871 2698 2945 gloriﬁcatur,
2733 2877 2842 2932 ipse
2882 2871 3115 2929 vicissim
3157 2875 3437 2945 gloriﬁcet.

1945 3005 2111 3063 Num.
2140 3023 2235 3075 xx,
2277 3008 2363 3065 19..
2397 3040 2466 3051 --
2501 3028 2521 3062 ι
2561 3009 2706 3064 Dixit
2758 3008 3024 3065 Dominus
3063 3017 3131 3064 ad
3162 3009 3385 3081 Moysen
3422 3026 3437 3064 :

203 3127 334 3163 σατε
380 3111 607 3180 ἁγιάσαι
651 3129 739 3182 με,
804 3111 892 3165 διὰ
943 3110 1102 3165 τοῦτο
1160 3110 1262 3163 οὐκ
1315 3107 1562 3173 εἰσάξετε
1613 3107 1766 3178 ὑμεῖς

1874 3098 2012 3165 Quia
2039 3113 2150 3153 non
2177 3099 2492 3157 credidistis
2537 3107 2598 3155 ut
2627 3099 3050 3156 sanctiﬁcaretis
3081 3116 3189 3166 me,
3228 3100 3440 3156 idcirco

201 3206 302 3274 τὴν
334 3173 663 3276 συναγωγὴν.
702 3173 911 3275 ταύτην
960 3205 1041 3267 εἰς
1072 3202 1172 3273 τὴν
1210 3201 1337 3272 γῆν,
1371 3200 1439 3254 ’ὃν
1467 3173 1766 3253 ἔδωκα-αὐ-

1875 3207 1982 3246 non
2019 3191 2376 3248 introducetis
2399 3207 2733 3264 svnagogam
2766 3191 2908 3247 hanc
2945 3193 3000 3246 in
3041 3201 3242 3248 terram
3275 3207 3439 3267 quam

203 3314 338 3360 τοις.
372 3318 389 3349 ι

281 3407 299 3438 ι
336 3389 474 3452 Τοὺς
524 3387 842 3453 δοξάζοντάς
887 3405 953 3460 με
1001 3385 1232 3454 δοξάσω,
1280 3387 1377 3440 καὶ
1416 3387 1446 3439 6
1478 3385 1771 3451 ἐξουθενῶν

209 3498 278 3550 με
307 3483 764 3552 ἀτιμασθήσεται.
806 3501 825 3532 ο

283 3593 302 3626 ι
353 3573 851 3646 Ἐξομολογήσομαί
910 3590 1012 3639 σοι,
1070 3571 1264 3642 Κύριε,
1333 3573 1391 3626 ὲν
1431 3570 1530 3644 ὅλῃ
1575 3570 1774 3641 καρδίᾳ

211 3683 336 3736 μου.
375 3685 392 3717 ι

284 3775 303 3808 ι
329 3754 504 3808 Δίνῶν
540 3754 938 3826 ὲπικαλέσομαι
993 3754 1086 3809 τὸν
1133 3753 1364 3825 Κύριον,
1423 3752 1518 3808 καὶ
1563 3755 1627 3807 ἐκ
1665 3751 1774 3806 τῶν

206 3847 420 3918 ἐχθρῶν
451 3865 551 3918 μον
580 3847 919 3917 σωθήσομαι.
956 3866 974 3897 ι

287 3960 306 3993 ι
348 3941 409 3994 υἱ
441 3939 872 4012 φοϐούμενοιτὸν
885 3938 1110 4011 Κύριον,
1141 3939 1394 3996 αἰνέσατε
1422 3937 1607 4003 αὐτὸν,
1638 3959 1656 3992 ι
1683 3938 1778 3992 καὶ

206 4034 280 4088 τὰ
302 4032 485 4088 λοιπά.

289 4148 308 4182 ι
347 4127 637 4197 Εὐλογήσω
657 4126 748 4179 τὸν
780 4127 986 4197 Κύριον
1018 4125 1076 4176 ὲν
1104 4124 1270 4179 παντὶ
1302 4123 1498 4195 καιρῷ,
1526 4123 1615 4178 διὰ
1644 4141 1779 4178 παν-

207 4221 360 4292 τὸςὴ
390 4222 596 4284 αἵνεσις
626 4219 792 4274 αὐτοῦ
825 4221 882 4272 ὲν
913 4219 996 4290 τῷ
1024 4218 1254 4288 στόματί
1285 4235 1410 4289 μου.
1444 4236 1464 4269 ι

293 4333 312 4366 t
347 4314 567 4369 Ψάλατε
605 4313 682 4385 τῷ
710 4311 828 4384 Θεῷ
850 4313 1027 4385 ἡμῶν,
1057 4311 1265 4383 ψαλατε
1291 4327 1305 4342 ο
1333 4310 1542 4381 ψάλατε
1566 4310 1644 4382 τῷ
1683 4309 1782 4382 βα-

213 4411 354 4466 σιλεῖ
378 4411 557 4481 ἡμῶν,
590 4409 820 4479 ψάλατε.
852 4422 884 4461 ι·

1871 3283 2011 3338 dabo
2035 3283 2134 3339 eis.
2175 3301 2192 3334 ι

1945 3375 1973 3430 Ι
2011 3375 2137 3446 Reg.
2177 3392 2238 3439 ιι,
2285 3376 2340 3431 5.
2381 3407 2449 3416 —
2493 3394 2511 3428 ι
2548 3375 2662 3447 Ego
2695 3376 3068 3446 gloriﬁcantes
3100 3392 3187 3432 me
3230 3376 3441 3447 gloriﬁ-

1874 3470 2048 3525 cabo:
2090 3475 2182 3542 qui
2211 3479 2391 3528 autem
2429 3473 2734 3527 contemnit
2761 3489 2866 3538 me,
2902 3473 3008 3528 erit
3032 3472 3320 3546 ignobilis.
3346 3489 3367 3524 ι

1949 3559 2099 3614 Ρεαι.
2129 3577 2206 3624 ιιι,
2242 3563 2294 3616 l.
2325 3592 2394 3602 —
2419 3580 2437 3612 ι
2468 3562 2787 3619 Conﬁtebor
2809 3564 2929 3628 tibi,
2954 3562 3204 3630 Domine,
3236 3563 3292 3617 in
3331 3568 3443 3616 toto

1874 3659 2038 3709 corde
2069 3669 2210 3708 meo.
2244 3672 2262 3704 ο

1948 3742 2100 3798 Psal.
2139 3761 2272 3809 xvn,
2334 3745 2416 3801 l4.
2446 3777 2516 3786 --
2559 3767 2577 3798 ι
2626 3746 2884 3804 Laudans
2942 3747 3213 3804 invocabo
3257 3748 3445 3804 Domi-

1877 3855 2030 3904 num,
2053 3845 2107 3893 et
2132 3839 2200 3893 ab
2224 3839 2465 3894 inimicis
2498 3841 2634 3895 meis
2662 3842 2849 3897 salvus
2871 3857 2986 3898 ero.
3018 3861 3038 3894 ι

1948 3929 2099 3983 Ρδαι.
2131 3927 2351 3995 χιι,ἳ4.
2375 3962 2442 3972 -—
2473 3949 2492 3983 ι
2521 3931 2626 3997 Qui
2657 3932 2859 3988 timetis
2894 3930 3205 3998 Dominum,
3231 3931 3448 3988 laudate

1877 4036 2026 4085 eum,
2057 4039 2076 4073 ι
2113 4029 2222 4077 etc.

1952 4117 2102 4172 Psat.
2141 4132 2335 4182 χχχιιι,
2389 4117 2540 4170 2.-
2588 4133 2610 4166 ι
2658 4115 2982 4171 Benedicam
3044 4115 3337 4170 Dominum
3394 4117 3445 4168 in

1880 4211 2029 4265 omni
2065 4219 2305 4279 tempore
2339 4227 2353 4263 :
2384 4223 2602 4277 semper
2635 4208 2756 4263 laus
2784 4209 2903 4278 ejus
2929 4209 2984 4264 in
3021 4224 3117 4263 ore
3145 4225 3286 4264 meo.
3321 4227 3338 4258 ι

1950 4301 2104 4357 Ρεαι.
2140 4300 2360 4365 m1,6.
2383 4331 2455 4341 —-
2490 4319 2509 4352 ι
2539 4301 2760 4356 Psallite
2793 4300 2903 4356 Deo
2933 4309 3148 4368 nostro,
3181 4302 3400 4373 psallite
3433 4317 3446 4351 :

1881 4397 2098 4466 psallite
2135 4398 2251 4467 regi
2284 4406 2499 4460 nostro,
2530 4396 2764 4465 psallite.
2795 4413 2814 4446 ι

293 4521 311 4553 ι
344 4501 514 4556 Θύσον
537 4501 616 4572 τῷ
643 4501 761 4572 Θεῷ
789 4499 981 4554 θυσίαν
1026 4499 1304 4564 αἰνέσεως,
1341 4499 1436 4553 καὶ
1471 4497 1669 4563 ἀποδὺς
1701 4498 1766 4568 τῷ

1956 4485 2104 4541 Psal.
2130 4501 2278 4548 χιιι,
2302 4485 2820 4540 M—9.3.——«lmmola
2844 4482 2953 4541 Deo
2969 4485 3299 4542 sacriﬁcium
3333 4486 3450 4540 lau-

216 4594 466 4665 ’Υψίστῳ
487 4595 585 4657 τὰς
610 4595 774 4665 εὐχάς
803 4611 920 4648 σου.
962 4591 1133 4646 Θυσία
1156 4591 1416 4656 αἰνέσεως
1441 4591 1655 4656 δοξάσει
1685 4607 1776 4661 με,

209 4686 306 4738 καὶ
341 4685 457 4738 ἐκεῖ
477 4685 615 4748 ὁδός.
653 4703 672 4737 ι

292 4796 311 4828 ι
358 4777 684 4842 Ἀλαλάξατε
743 4776 818 4848 τῷ
846 4776 985 4845 Θεῷ,
1033 4777 1184 4831 πᾶσα
1221 4777 1255 4848 ἡ
1288 4774 1396 4846 γῆ·
1448 4774 1653 4846 ψάλατε
1707 4773 1784 4845 τῷ

212 4870 448 4940 ὀνόματι
480 4869 668 4926 αὐτοῦ.
702 4889 720 4922 ι

298 4982 316 5015 ι
364 4960 976 5034 Ἐξομολογησάσθωσὰν
1039 4978 1122 5016 σοι
1153 4961 1294 5027 λαοὶ,
1325 4963 1354 5016 6
1379 4960 1513 5024 Θεός
1537 4975 1550 4987 ·
1599 4958 1786 5031 ἐξομο-

214 5054 646 5124 λογησὰσοωσάν
683 5071 786 5107 σοι.
827 5071 848 5104 ι
1286 5096 1290 5105 ,

300 5163 320 5197 ι
372 5146 458 5199 Ἐν
497 5144 811 5216 ἐκκλησίαις
832 5144 1105 5213 εὐλογεῖτε
1153 5143 1234 5198 τὸν
1265 5142 1398 5197 Θεὸν
1455 5141 1682 5214 Κύριον,
1721 5141 1786 5195 ἐκ

219 5237 417 5308 πηγῶν
431 5237 670 5310 Ἰσραήλ.
698 5239 762 5290 Αἱ
787 5236 1056 5306 βασιλεῖαι
1074 5238 1173 5307 τῆς
1189 5237 1315 5307 γῆς,
1346 5235 1515 5308 ᾷσατε
1536 5234 1615 5307 τῷ
1643 5233 1785 5306 Θεῷ,
1815 5277 1818 5280 .

217 5329 431 5400 ψὰλατε
454 5329 532 5401 τῷ
567 5330 775 5401 Κυρίῳ.
809 5351 828 5384 ι

301 5441 322 5474 ι
369 5424 675 5496 Ἐμνήσθην
727 5421 819 5477 τοῦ
865 5421 1022 5489 Θεοῦ,
1058 5421 1151 5476 καὶ
1206 5419 1544 5493 ηὐφράνθην,
1597 5419 1788 5508 ἠδολε-

223 5531 431 5587 σχησα.
472 5534 492 5569 ι

303 5648 325 5683 ι
360 5630 442 5684 Τὰ
467 5631 590 5702 ὲλέη
628 5649 744 5696 σου,
772 5631 968 5704 Κύριε,
993 5631 1072 5693 εἰς
1096 5617 1187 5683 τὸν
1217 5605 1396 5684 ⁴αίῶνιιι
1421 5627 1624 5702 ᾄσομαι
1651 5643 1664 5657 °
1701 5626 1781 5690 είς

224 5721 427 5791 γενεὰν
457 5722 550 5778 καὶ
573 5725 782 5792 γενεάν.
822 5743 841 5775 ι

553 5909 818 5972 ΡΑτιιοι..
868 5911 980 5972 Gs.
1032 5910 1202 5971 XCV.

1884 4579 1992 4644 dis,
2017 4578 2255 4634 etredde
2289 4576 2574 4633 Altissimo
2604 4576 2769 4648 426
2801 4588 2923 4632 vota
2960 4587 3074 4633 tua.
3107 4577 3448 4633 Sacriﬁcium

1886 4670 2065 4724 laudis
2092 4666 2475 4722 honoriﬁcabit
2514 4683 2622 4730 me,
2651 4669 2850 4723 etillic
2882 4669 3004 4732 iter,
3037 4688 3055 4721 ι
3094 4677 3200 4725 etc.

1955 4759 2104 4814 Psal.
2141 4773 2245 4812 va
2269 4798 2284 4821 ,
2313 4758 2368 4811 2.
2400 4787 2470 4798 -
2513 4775 2532 4811 ι
2569 4757 2806 4814 Jubilate
2850 4759 2981 4827 Deo,
3036 4761 3217 4816 omnis
3265 4770 3448 4828 terra;

1885 4857 2155 4931 psalmum
2191 4853 2361 4910 dicite
2397 4855 2602 4910 nomini
2633 4855 2776 4925 ejus,
2818 4875 2836 4908 ›
2872 4863 2980 4911 etc.

1956 4954 2109 5010 Psat.
2135 4971 2284 5019 uvr,
2313 4956 2365 5010 4.
2388 4986 2457 4998 --
2487 4974 2504 5005 ι
2531 4952 2907 5009 Conﬁteantur
2929 4955 3027 5010 tibi
3047 4956 3255 5026 populi,
3282 4954 3451 5020 Deus;

1885 5050 2250 5105 conﬁteantur
2289 5048 2408 5112 tibi,
2449 5067 2467 5100 ι
2510 5055 2618 5102 etc.

1957 5141 2108 5198 Psal.
2138 5159 2282 5198 uvu
2308 5181 2323 5204 .
2374 5140 2559 5197 27-55.
2592 5172 2659 5182 —
2689 5159 2707 5193 ι
2745 5141 2804 5196 In
2846 5141 3096 5198 ecclesiis
3139 5142 3453 5197 benedicite

1890 5235 2002 5292 Deo
2030 5236 2278 5300 Domino,
2311 5233 2379 5290 de
2404 5235 2646 5289 fontibus
2669 5235 2857 5291 Israel.
2881 5233 3068 5306 Regna
3103 5243 3288 5301 terra,
3319 5249 3451 5290 can-

1889 5336 2000 5383 tate
2037 5322 2166 5389 Deo,
2205 5326 2422 5395 psallite
2451 5325 2699 5381 Domino.
2744 5343 2768 5378 ι

1957 5419 2104 5476 Ριαι.
2135 5434 2318 5482 ιιινι,
2346 5417 2402 5474 4.
2430 5435 2536 5471 -ι-ι
2575 5420 2780 5477 Memor
2813 5420 2887 5476 t'ui
2923 5420 3042 5486 Dei,
3070 5429 3124 5478 et
3148 5421 3449 5477 delectatus

1891 5528 2034 5575 sum,
2063 5517 2118 5566 et
2144 5511 2483 5567 exercitatus
2514 5525 2657 5567 sum.
2701 5530 2720 5564 ι

1960 5596 2110 5676 εισι.
2146 5619 2410 5670 Lxxxvm,
2457 5605 2512 5660 2.
2543 5636 2614 5648 —
2655 5624 2675 5658 ι
2714 5605 3122 5670 Misericordias
3160 5615 3302 5669 tuas,
3342 5599 3451 5658 Do-

1891 5719 2056 5783 mine,
2086 5718 2141 5773 in
2163 5724 2425 5774 aeternum
2445 5720 2709 5790 cantabo;
2747 5721 2802 5778 in
2838 5722 3248 5794 generationem
3274 5728 3327 5776 et
3357 5729 3450 5788 go-

1891 5809 2250 5878 nerationem,
2287 5828 2308 5864 ι
2337 5819 2446 5868 etc.

2907 5907 2983 5968 43
