3910 6404
597 330 743 395 3355

1769 326 1829 385 S.
1868 323 2188 386 JOANNIS
2223 322 2650 386 DAMASCENI

3716 320 3826 381 1335

673 446 823 500 Psal.
859 458 966 508 xei,
1005 441 1060 497 2.
1084 470 1154 482 —
1187 460 1204 493 ι
1241 440 1450 496 Bonum
1497 450 1581 496 est
1615 440 1864 496 conﬁteri
1911 441 2156 507 Domino,

2343 463 2361 494 ‹
2415 443 2640 513 Ἀγαθὸν
2662 441 2723 493 τὸ
2753 437 3196 510 ἐξομολογεῖσθαι
3224 437 3302 506 τῷ
3334 435 3550 508 Κυρίῳ,
3580 440 3682 491 καὶ

599 551 658 595 et
682 539 915 610 psallere
941 535 1148 590 nomini
1179 543 1297 598 tuo,
1329 554 1348 588 ι
1385 542 1492 589 etc.

673 633 826 688 Psal.
860 645 1003 694 χειν,
1038 627 1089 683 l.
1115 657 1187 669 --
1222 645 1240 678 ι
1276 625 1489 692 Venite,
1537 626 1880 682 exsultemus
1909 625 2160 691 Domino,

601 725 894 795 jubilemus
922 723 1054 785 Deo,
1093 739 1111 771 ι
1156 729 1264 774 etc.

675 816 825 871 Psal.
870 829 993 879 xcv,
1042 812 1157 868 2-7.
1191 841 1262 850 —
1285 828 1304 862 ι
1340 809 1569 866 Cantate
1618 807 1851 863 Domino
1887 807 2161 863 canticum

603 925 803 966 novum
833 927 847 964 :
881 915 1099 963 cantate
1124 904 1377 968 Domino,
1419 901 1599 957 omnis
1632 900 2027 966 terra._Aﬁ“erte
2055 899 2164 953 Do-

603 1002 774 1067 mino,
814 998 1007 1070 patria:
1037 997 1308 1067 gentium,
1355 994 1545 1049 aﬁ‘erte
1577 993 1810 1048 Domino
1841 992 2072 1064 gloriam
2111 997 2166 1044 et

593 1092 885 1146 honorem.
921 1105 942 1140 ι

672 1182 826 1238 Psal.
876 1195 1063 1244 xcvm,
1116 1177 1169 1232 5.
1201 1207 1269 1218 -—
1317 1194 1336 1228 ι
1372 1173 1626 1230 Exaltate
1662 1172 1952 1228 Dominum
1993 1171 2165 1225 Deum

588 1289 872 1343 nostrum,
907 1285 960 1332 et
998 1277 1241 1331 adorate.
1278 1291 1296 1324 ι

672 1370 825 1427 Psal.
872 1383 1018 1434 xcu,
1057 1368 1109 1424 9.
1145 1395 1216 1406 —
1246 1383 1266 1417 ι
1294 1362 1532 1419 Jubilate
1579 1361 1708 1428 Deo,
1736 1360 1915 1416 omnis
1969 1366 2115 1415 terra
2147 1376 2162 1414 :

601 1464 805 1520 servile
835 1462 1067 1517 Domino
1105 1459 1160 1513 in
1197 1457 1407 1514 laetitia.
1442 1474 1462 1507 ι

670 1556 818 1612 Ριιιι.
865 1553 1130 1619 cmi-92.
1160 1571 1265 1604 -‹
1298 1549 1554 1615 Benedic,
1579 1548 1763 1603 anima
1797 1559 1937 1610 mea,
1980 1543 2165 1597 Domi-

603 1664 695 1715 no,
723 1659 778 1704 et
823 1647 1007 1703 omnia
1037 1661 1156 1716 qua:
1184 1646 1328 1699 intra
1359 1658 1450 1698 me
1478 1649 1629 1708 sunt,
1688 1648 1797 1694 etc.
1854 1635 2166 1692 Benedicite

600 1741 853 1806 Domino,
877 1739 1061 1796 omnia
1077 1753 1244 1808 opera
1269 1735 1410 1807 ejus,
1438 1737 1493 1790 in
1523 1733 1668 1790 omni
1694 1734 1814 1787 loco
1835 1729 2165 1786 dominatio-

600 1832 685 1887 nis
707 1832 846 1901 ejus.
887 1848 906 1880 ι

669 1921 817 1976 Ptol.
873 1935 992 1986 cm,
1037 1920 1126 1974 34.
1173 1948 1244 1962 —-
1291 1934 1310 1968 ι
1348 1915 1660 1971 Iucundum
1693 1912 1762 1968 sit
1795 1910 1847 1968 ei
1879 1908 2159 1980 eloquium

601 2028 804 2068 meum.
838 2031 857 2064 ι

670 2101 822 2157 Paul.
862 2116 969 2162 ειν,
1002 2099 1054 2152 1.
1080 2127 1150 2150 ,——
1184 2115 1202 2149 ι
1232 2093 1579 2151 Conﬁtemini
1621 2092 1872 2158 Domino,
1912 2100 1967 2150 et
2005 2093 2159 2147 invo-

597 2204 718 2252 cate
753 2208 952 2250 nomen
981 2192 1122 2263 ejus,
1157 2209 1177 2244 ι
1209 2197 1316 2246 etc.

667 2286 820 2343 Psal.
845 2302 930 2350 cv,
952 2284 1092 2340 9..-
1120 2301 1140 2336 c
1171 2281 1306 2349 Quis
1326 2279 1583 2351 loquetur
1610 2275 1882 2348 potentias
1903 2273 2161 2330 Domini?

595 2378 813 2434 auditas
846 2377 1030 2440 faciet,
1060 2393 1079 2427 ι
1119 2381 1224 2430 etc.

667 2469 818 2524 Psal.
847 2485 935 2535 cx,
962 2469 1048 2524 lO.
1073 2496 1144 2506 —-
1184 2485 1202 2519 ι
1234 2463 1503 2521 Laudatio
1535 2463 1656 2533 ejus
1679 2471 1862 2517 manet
1897 2460 1952 2514 in
1983 2475 2158 2516 sacu-

597 2562 708 2616 lum
743 2562 947 2618 saeculi.
994 2579 1013 2612 ι

666 2651 815 2706 Psal.
862 2667 994 2718 cm,
1052 2651 1104 2705 1.
1142 2679 1211 2690 -
1251 2667 1269 2700 ι
1305 2646 1568 2711 Laudate,
1605 2645 1782 2716 pueri,
1827 2643 2115 2699 Dominum
2139 2683 2155 2709 ,

589 2743 810 2800 laudate
837 2758 1035 2798 nomen
1070 2740 1305 2796 Domini.
1350 2738 1435 2793 Sit
1465 2752 1686 2801 nomen,
1717 2753 1738 2789 ι
1769 2744 1878 2792 etc.

667 2832 819 2889 Psal.
848 2849 1002 2901 cxm,
1034 2833 1122 2888 Π.
1162 2863 1230 2874 -—
1265 2850 1284 2883 ι
1314 2829 1436 2885 Non
1482 2829 1684 2886 mortui
1730 2826 2034 2884 laudabunt
2081 2833 2158 2890 te,

588 2928 847 2993 Domine,
879 2941 1054 2998 neque
1077 2940 1290 2990 omnes,
1333 2942 1352 2975 ι
1383 2933 1492 2980 etc.

662 3020 820 3076 ‘Psal.
875 3036 1012 3090 cxv,
1053 3019 1142 3073 l7.
1172 3047 1241 3058 ——
1290 3035 1309 3069 ι
1345 3014 1468 3070 Tibi
1534 3012 1858 3072 sacriﬁcabo
1917 3011 2154 3068 hostiam

595 3114 796 3180 laudis,
831 3123 887 3167 et
921 3112 972 3166 in
1016 3111 1235 3168 nomine
1269 3107 1506 3173 Domini,
1543 3125 1562 3160 ι
1601 3115 1705 3161 etc.

666 3203 815 3257 Ριαι.
845 3218 988 3263 cxvr,
1037 3202 1089 3258 l.
1134 3231 1204 3242 ——
1258 3220 1276 3254 ι
1326 3198 1570 3253 Laudate
1613 3195 1928 3258 Dominum,
1965 3205 2154 3248 omnes

504 3321 506 3326 -
596 3303 785 3366 gentes
818 3314 832 3350 :
867 3295 1104 3359 laudate,
1147 3312 1166 3346 ι
1201 3300 1309 3349 etc.

665 3385 818 3443 Psat.
850 3401 1075 3452 cxxxiii,
1107 3387 1159 3442 l.
1188 3413 1259 3425 ——
1293 3403 1312 3436 ι
1352 3381 1490 3439 Ecce
1526 3394 1673 3437 nunc
1697 3376 2008 3436 benedicite
2051 3374 2159 3457 Do-

596 3494 826 3533 mtnum.
857 3496 877 3530 ι

663 3594 815 3649 Ριαι.
844 3606 1063 3658 cxxxtv,
1089 3591 1142 3646 5.
1183 3620 1252 3631 —-
1295 3607 1314 3641 ι
1345 3585 1573 3642 Psallite
1604 3580 1814 3638 nomini
1844 3577 1988 3652 ejus,
2021 3590 2160 3650 quo—

597 3686 742 3756 niam
775 3699 959 3741 suave.
994 3680 1262 3751 Quoniam
1293 3676 1487 3744 Iacob,
1522 3694 1543 3729 ι
1576 3681 1683 3731 etc.

665 3799 813 3854 Psal.
839 3814 1018 3861 omn,
1050 3797 1102 3851 l.
1131 3822 1202 3833 —-
1232 3814 1248 3845 ‹
1282 3791 1524 3847 Laudate
1549 3787 1865 3849 Dominum,
1895 3780 2158 3853 quoniam

595 3893 772 3948 bonus
799 3904 886 3947 eSt
916 3891 1161 3962 psalmus
1203 3903 1221 3944 :
1252 3888 1363 3943 Deo
1390 3893 1602 3947 nostro,
1641 3897 1661 3932 ι
1697 3885 1806 3934 etc.

664 4001 824 4059 Prov.
859 4018 954 4069 νιι,
998 4002 1054 4058 2.
1082 4031 1152 4044 —-
1191 4019 1210 4053 ι
1244 3999 1465 4054 Honora
1515 3992 1830 4055 Dominum,
1857 3994 1914 4044 et
1960 3991 2159 4057 potens

593 4097 706 4154 eris
742 4115 757 4153 :
791 4107 987 4170 praeter
1019 4109 1144 4152 eum
1172 4093 1440 4150 neminem
1483 4087 1758 4145 timueris.
1799 4102 1819 4136 ι

663 4213 780 4269 Ira.
809 4229 929 4279 Vin,
980 4213 1070 4268 l5.
1090 4240 1161 4252 —
1193 4227 1213 4262 ι
1246 4208 1534 4263 Dominum
1585 4205 1765 4275 ipsum
1796 4197 2158 4260 sanctiﬁcate,

595 4313 650 4360 et
681 4307 796 4377 ipse
824 4307 927 4359 erit
963 4305 1128 4356 timor
1151 4311 1299 4356 tuus.
1336 4298 1401 4352 Et
1432 4297 1480 4352 si
1513 4296 1570 4350 in
1618 4296 1740 4366 ipso
1776 4289 2029 4346 ﬁduciam
2059 4286 2159 4341 ha-

595 4396 804 4464 bueris,
838 4397 944 4452 erit
971 4395 1073 4452 tibi
1103 4395 1160 4451 in
1192 4389 1702 4449 sanctiﬁcationem.
1747 4403 1768 4437 ι

2262 536 2378 588 λειν
2404 535 2482 605 τῷ
2503 533 2727 603 ὀνόματί
2763 549 2876 585 σου.
2921 550 2940 583 ι
3519 573 3525 576 .

2342 642 2360 674 ι
2394 622 2583 689 Δεῦτε,
2639 619 3099 691 ἀγαλλιασώμεθα
3122 620 3200 692 τῷ
3229 622 3444 693 Κυρίῳ,
3473 619 3825 691 ἀλιλὰξωμιν

2262 715 2341 787 τῷ
2365 715 2500 785 Θεῷ.
2525 734 2543 766 ο

2340 825 2359 859 ι
2394 807 2595 878 ’ᾼσατε
2629 803 2706 875 τῷ
2739 803 2929 874 Κυρίῳ
2960 799 3112 874 ᾆσμα
3139 805 3344 858 καινόν.
3379 806 3598 873 ’ᾼσατε
3627 805 3706 874 τῷ
3734 807 3823 858 Κυ-

2271 899 2392 970 ρίῳ,
2434 901 2586 952 πᾶσα
2629 900 2661 968 ἡ
2695 898 2788 970 γῆ.
2838 899 3128 966 Ἐνέγκατε
3153 897 3232 969 τῷ
3259 900 3476 968 Κυρίῳ,
3513 901 3578 950 αἱ
3617 902 3825 966 πατρίδι

2264 991 2371 1045 τῶν
2405 990 2596 1057 ἐθνῶν,
2625 991 2883 1060 ἐνέγκατε
2919 991 2994 1062 τῷ
3030 992 3222 1062 Κυρίῳ
3261 992 3421 1058 δόξαν
3449 994 3554 1045 καὶ
3587 993 3770 1062 τιμήν.
3804 1015 3818 1044 ι

2342 1196 2359 1229 ι
2410 1176 2640 1248 ’Υψοῠτε
2685 1177 2892 1250 Κύριον
2931 1176 3024 1230 τὸν
3070 1177 3206 1230 Θεὸν
3233 1177 3418 1248 ἡμῶν,
3453 1178 3558 1232 καὶ
3606 1194 3822 1249 προσιο-

2264 1269 2427 1321 νεῖτε.
2461 1287 2482 1319 ι

2340 1377 2359 1409 ι
2398 1357 2725 1422 ’Δλαλάξατε
2753 1357 2832 1428 τῷ
2854 1357 2994 1429 Θεῷ,
3026 1360 3178 1412 πᾶσα
3210 1363 3243 1431 ή
3271 1362 3340 1432 γῆ
3363 1379 3377 1391 ο
3401 1361 3740 1415 δουλεύσατε
3765 1362 3822 1430 τῷ

2265 1451 2458 1522 Κυρίῳ
2480 1452 2537 1502 ὲν
2567 1449 2897 1523 εὐφροσύνῃ.
2936 1469 2954 1500 ι

2343 1561 2361 1594 ι
2402 1542 2650 1610 Εὺλόγει,
2680 1543 2712 1612 ἡ
2742 1540 2887 1611 ψυχή
2922 1559 3024 1611 μου
3041 1542 3133 1594 τὸν
3164 1541 3395 1613 Κύριον,
3439 1543 3546 1596 καὶ
3578 1542 3749 1595 πάντα
3771 1543 3818 1594 1'1

2264 1635 2415 1698 ἐντός
2455 1652 2578 1705 μου.
2625 1634 2910 1702 Εὑλογείτε
2967 1635 3057 1687 τὸν
3095 1636 3322 1706 Κύριον,
3365 1635 3559 1688 πάντα
3594 1637 3664 1688 τὰ
3711 1637 3818 1704 ἔργα

2266 1727 2455 1790 αὐτοῦ,
2485 1727 2543 1778 ὲν
2574 1726 2736 1779 παντὶ
2760 1726 2908 1796 τόπῳ
2928 1726 3027 1794 τῆς
3046 1726 3367 1789 δεσποτείας
3397 1725 3607 1779 αὑτοῦ.

2337 1925 2357 1958 ι
2406 1903 2693 1974 Ἦδυνθείη
2715 1902 2864 1974 αὑτῷ
2887 1903 3160 1974 ἠδια).ογή
3199 1920 3326 1973 μου.
3359 1922 3382 1953 ι

2337 2105 2356 2139 ι
2401 2085 2842 2157 Ἐξομολογείσθε
2893 2083 2971 2155 τῷ
3025 2083 3237 2154 Κυρίῳ,
3292 2085 3392 2138 καὶ
3428 2082 3811 2137 ὲπικαλέσαςθε

2259 2177 2321 2232 τὸ
2354 2178 2526 2248 ὄνομα
2547 2177 2732 2230 αὑτοῦ.
2770 2197 2787 2229 ι

2338 2287 2357 2320 ι
2398 2268 2494 2330 Τίς
2524 2267 2748 2336 λαλήσει
2775 2267 2872 2328 τὰς
2919 2263 3235 2327 δυναστείας
3254 2262 3349 2315 τοῦ
3383 2263 3612 2332 Κυρίου
3638 2280 3652 2325 ;
3684 2263 3811 2314 axe»-

2262 2358 2390 2424 στὰς
2417 2359 2655 2429 ποιήσει.
2696 2377 2715 2410 ›

2290 2511 2293 2514 _
2336 2471 2356 2505 ι
2405 2453 2472 2505 Ἢ
2520 2449 2727 2514 αίνεσις
2763 2448 2928 2504 αὑτοῦ
2987 2449 3137 2519 μένει
3185 2447 3266 2509 είς
3325 2444 3424 2497 τὸν
3489 2444 3672 2497 αίῶνα
3741 2442 3805 2494 το]

2260 2547 2472 2610 αίῶνος.
2510 2565 2529 2598 ι

2336 2656 2356 2690 ι
2392 2638 2629 2702 Αἰνεῖτε,
2659 2629 3112 2699 παῖδες,Κύριον,
3145 2627 3350 2681 αἱνεῖτε
3400 2625 3471 2679 τὺ
3515 2628 3684 2696 ὄνομα
3722 2626 3805 2676 Κυ-

2265 2731 2402 2801 ρίου.
2435 2727 2535 2798 Είη
2555 2726 2615 2778 τὸ
2639 2724 2829 2794 ὄνομα,
2868 2739 2886 2772 ›
2918 2738 2973 2773 κ.
3003 2737 3052 2774 τ.
3080 2735 3128 2770 ε.

2334 2841 2351 2874 ι
2386 2821 2499 2890 Οὐχ
2525 2819 2575 2872 οἱ
2606 2816 2790 2888 νεκροὶ
2823 2811 3096 2868 αίνέσουσί
3124 2827 3205 2877 σε,
3230 2809 3433 2880 Κύριε,
3475 2811 3607 2863 οὐδὲ
3645 2810 3803 2866 πάντες

2256 2917 2306 2972 οἱ
2337 2912 2756 2974 καταϐαίνοντες
2797 2909 2875 2970 είς
2909 2907 3060 2977 ᾂδου.
3108 2923 3127 2956 ›

2331 3024 2352 3059 ι
2395 3007 2487 3060 Σοὶ
2508 3003 2654 3058 θύσω
2684 3001 2876 3056 θυσίαν
2909 2995 3187 3062 αἰνέσεως,
3236 2996 3334 3049 καὶ
3363 2997 3428 3048 ὲν
3463 2993 3801 3066 evaganti-.-

2315 3118 2399 3156 ου.
2432 3119 2451 3152 ι

2180 3150 2225 3212 c
2260 3102 2590 3246 ριῖυλίνεῖτε
2613 3185 2703 3239 τὸν
2729 3184 2951 3255 Κύριον,
2969 3179 3142 3234 πάντα
3158 3178 3228 3232 τὰ
3247 3178 3403 3248 ἔθνη·
3427 3177 3765 3230 ἐπαινέσετε.
3783 3190 3798 3218 ›

2332 3392 2350 3426 ί
2400 3369 2532 3425 Ἰδοὺ
2563 3365 2629 3438 δὴ
2662 3363 2935 3431 εὐλογεῖτε
2965 3360 3056 3414 τὸν
3081 3357 3309 3430 Κύριον,
3347 3357 3571 3420 πάντες
3595 3357 3643 3407 οἱ
3663 3351 3802 3405 δοὲὶοι

2255 3465 2482 3538 Κυρίου.
2505 3481 2524 3513 ι

2333 3601 2350 3634 ι
2384 3578 2606 3633 Ψάλατε
2628 3573 2704 3645 τῷ
2750 3570 2974 3641 ὀνόματι
3017 3565 3179 3621 αὐτοῦ
3217 3566 3302 3619 ὅτι
3343 3562 3566 3618 καλόν.-
3597 3563 3710 3615 Ὀτι
3735 3558 3802 3608 τὶν

2270 3673 2485 3738 Ἰακὼϐ,
2523 3690 2542 3723 ›
2577 3685 2633 3724 κ.
2657 3685 2706 3721 τ.
2736 3684 2783 3719 ε.

2335 3804 2352 3838 ι
2391 3785 2601 3839 Αἰνεῖτε
2625 3779 2717 3834 τὸν
2746 3776 2970 3848 Κύριον,
3000 3773 3081 3826 ὅτι
3116 3771 3321 3840 ἀγαθὸς
3341 3770 3596 3842 ψαλμδς,
3622 3767 3692 3838 τῷ
3714 3762 3800 3830 ea;

2257 3878 2434 3952 ἡμῶν.
2473 3896 2493 3928 )

2334 4009 2352 4043 ι
2379 3990 2527 4060 Τίμα
2557 3988 2646 4042 τδν
2677 3987 2904 4056 Κύριον,
2947 3983 3043 4040 καὶ
3079 3981 3353 4053 ἰσχύσειςο
3392 3978 3547 4049 πλὴν
3582 3976 3639 4029 δὲ
3673 3967 3800 4026 αὖτῷ

2261 4085 2340 4158 μὴ
2360 4082 2530 4155 φοὸοῢ
2552 4079 2732 4136 ἄλλον.
2769 4098 2790 4133 ι

2335 4196 2583 4268 «Κύριον
2636 4191 2799 4247 αὐτὸν
2837 4188 3122 4258 ἁγιάσατε,
3180 4183 3275 4237 καὶ
3328 4181 3503 4245 αὐτὸς
3556 4181 3703 4233 ἔσται
3731 4191 3799 4226 σου

2261 4291 2444 4361 φόὸος.
2480 4289 2588 4344 Καὶ
2616 4287 2710 4341 ἑὰν
2729 4284 2816 4338 ἐπ’
2842 4280 2990 4352 αὑτῷ
3027 4274 3304 4340 πεποιθὼς
3331 4270 3425 4346 ᾗς,
3456 4274 3623 4327 ἔσται
3655 4287 3724 4325 σοι
3742 4269 3798 4326 εἰς

2259 4384 2526 4453 ἁγίασμα.
2561 4398 2580 4434 ι
3136 4403 3145 4412 -

669 4509 783 4564 Isa.
836 4526 971 4576 nu,
1007 4507 1097 4564 10.
1137 4535 1209 4548 —-
1255 4522 1275 4558 ι
1309 4502 1540 4558 Cantate
1584 4495 1817 4552 Domino
1875 4489 2152 4547 canticum

2336 4516 2355 4550 ι
2400 4493 2710 4565 ’Υμνήσατε
2756 4487 2834 4559 τῷ
2860 4484 2980 4556 Θεῷ
3010 4479 3432 4576 ὕμνον-καινόν’
3467 4479 3506 4548 ἡ
3549 4477 3690 4550 ἀρχὴ
3726 4471 3799 4525 αἰε-

597 4615 796 4655 novum
824 4618 840 4655 :
868 4599 1207 4671 principatus
1246 4593 1366 4666 ejus
1392 4588 1729 4663 gloriﬁcatur
1773 4598 1803 4638 a
1838 4579 2154 4639 summitate

595 4702 774 4749 terra.
808 4713 828 4746 ι

615 4831 620 4839 ι
669 4807 780 4862 Isa.
819 4822 948 4874 ινιι,
984 4805 1073 4862 Η.
1097 4833 1170 4846 -—
1204 4821 1224 4855 ι
1257 4801 1366 4857 Pro
1404 4814 1472 4855 eo
1507 4795 1654 4866 quod
1703 4807 1813 4849 non
1868 4785 2154 4844 recordata

595 4919 655 4959 es
684 4902 810 4966 mei,
839 4916 942 4957 nec
977 4897 1210 4971 posuisti
1239 4911 1327 4952 me
1347 4895 1403 4950 in
1433 4889 1602 4949 corde
1634 4901 1752 4951 tuo,
1791 4892 1845 4940 et
1867 4896 1967 4952 ego
2000 4888 2052 4934 te
2074 4877 2156 4932 γι-

593 4996 728 5052 dens
757 4992 1017 5065 despicio.
1052 5008 1072 5042 ›

663 5105 780 5162 Isa.
813 5122 912 5171 xu,
936 5104 991 5160 4.
1023 5132 1098 5146 --
1146 5120 1165 5153 ι
1194 5096 1437 5155 Laudate
1474 5090 1789 5150 Dominum,
1814 5079 2155 5138 conclamate

594 5214 790 5253 nomen
817 5196 960 5267 ejus.
991 5214 1012 5248 ι

661 5308 858 5368 larem.
895 5326 1026 5377 xm,
1062 5305 1153 5362 l6.
1194 5333 1263 5345 —
1298 5319 1317 5352 ι
1349 5299 1481 5354 Date
1532 5293 1764 5348 Domino
1812 5286 1923 5342 Deo
1965 5287 2154 5337 vestro

595 5407 847 5476 gloriam,
881 5410 1173 5472 antequam
1212 5389 1685 5451 contenebrescat,
1723 5380 1883 5454 427
1915 5384 1969 5433 et
1999 5381 2154 5429 ante-

597 5475 757 5569 quam
785 5495 1065 5552 oﬁ'endant
1087 5488 1252 5563 pedes
1285 5485 1354 5542 ad
1382 5488 1594 5538 montes
1620 5475 1972 5546 caliginosos.
2001 5485 2021 5520 ι
2079 5541 2082 5543 Α

667 5610 809 5665 Dan.
839 5626 904 5675 ιι,
937 5609 1028 5664 ‘20.
1049 5636 1122 5650 -—-
1156 5623 1174 5659 ι
1212 5604 1298 5660 Sit
1331 5613 1530 5658 nomen
1560 5592 1656 5649 Dei
1686 5585 2059 5647 benedictum,
2089 5593 2157 5636 ex

595 5693 705 5763 hoc
725 5718 872 5759 nunc
900 5710 955 5758 et
977 5711 1156 5772 usque
1189 5700 1246 5754 in
1283 5693 1581 5757 saeculum;
1610 5683 1753 5760 quia
1783 5676 2062 5754 sapientia
2101 5679 2156 5728 et

619 5797 842 5858 audatio
868 5795 1042 5870 ipsius
1071 5799 1218 5851 sunt.
1261 5809 1280 5844 ι

2257 4587 2351 4642 τοῦ
2379 4585 2660 4650 δοξάζεται
2678 4580 2786 4635 ἀπὸ
2816 4578 2987 4648 ἄκρου
3017 4574 3114 4644 τῆς
3139 4570 3265 4640 γῆς.
3309 4589 3328 4621 ι

2337 4806 2357 4840 ι
2409 4782 2547 4839 Ἀνθ’
2579 4774 2652 4837 ὧν
2680 4781 2778 4834 οὐκ
2804 4771 3082 4846 ἐμνήσθης
3124 4786 3245 4840 μου,
3277 4765 3403 4818 οὐδὲ
3429 4762 3633 4824 ἔλαϐές
3662 4773 3721 4830 με
3742 4754 3800 4811 είς

2257 4881 2358 4953 τὴν
2381 4877 2606 4950 καρδίαν
2631 4892 2748 4938 σου,
2784 4867 2940 4939 κάγώ
2963 4884 3024 4920 σε
3064 4862 3191 4918 ίδὼν
3228 4857 3482 4929 παρορῶ.
3527 4874 3550 4906 ι

2340 5104 2358 5136 ι
2407 5081 2655 5154 Ὑμνεῖτε
2699 5077 2788 5130 τὸν
2819 5073 3044 5144 Κύριον,
3079 5067 3236 5139 βοᾶτε
3264 5063 3321 5116 τὸ
3350 5060 3532 5129 ὄνομα
3575 5050 3748 5110 αὐτοῦ.
3779 5063 3793 5094 ι

2334 5299 2353 5333 ι
2385 5280 2515 5333 Δότε
2537 5275 2614 5346 τῷ
2641 5270 2759 5342 Θεῷ
2783 5270 2942 5342 ἡμῶν
2992 5265 3152 5329 δόξαν
3188 5258 3295 5331 πρὸ
3324 5252 3435 5346 τοῦ,

2261 5373 2354 5428 καὶ
2399 5370 2506 5442 πρὸ
2547 5337 2641 5422 τοῦ
2684 5337 2992 5436 «acassam
3040 5357 3164 5418 τοὺς
3204 5350 3370 5412 πόδας
3416 5344 3579 5415 ὑμῶν
3606 5339 3691 5393 ἐπ’
3714 5337 3788 5403 ὄρει

2261 5461 2532 5519 σκοτεινά.
2573 5477 2593 5511 ι

2333 5596 2353 5630 ι
2390 5575 2488 5644 Εῐη
2532 5572 2594 5626 τὸ
2624 5570 2793 5640 ὄνομα
2845 5564 2940 5618 τοῦ
2984 5557 3119 5615 Θεοῦ
3167 5548 3534 5644 εὐλογημένον
3562 5541 3677 5644 ’ἀπξ

2260 5628 2508 5733 νῦνξκαὶ
2537 5663 2642 5727 ἕως
2669 5628 2764 5714 τοῦ
2794 5655 3006 5723 αἰῶνος,
3041 5653 3123 5706 ὅτι
3160 5646 3199 5719 ἢ
3225 5644 3384 5714 σοφία
3437 5639 3528 5694 καὶ
3553 5635 3593 5707 ἡ
3619 5628 3746 5684 σενα

2265 5758 2430 5816 αὑτοῦ
2471 5758 2608 5810 ἔστι.
2651 5771 2671 5806 ι
