3910 6402
101 347 241 414 1357

1327 361 1566 423 SACRA
1602 360 2047 424 PARALLELA

3198 357 3337 421 135.8

173 488 190 519 ι
233 470 327 521 Δεῖ
347 467 571 536 φθάνειν
589 466 683 523 τὸν
708 467 861 539 ἥλιον
889 469 978 523 ἐπ’
997 469 1352 540 εὐχαριστίας
1377 473 1533 538 Θεοῦ,
1561 475 1654 526 καὶ

1829 476 1958 543 Sap.
1990 490 2105 538 nn,
2135 473 2225 528 28.
2257 504 2323 513 —
2361 491 2378 524 ι
2416 472 2647 544 Oportet
2695 473 2869 528 solem
2924 473 3229 543 praevenire
3266 472 3332 524 ad

84 560 230 631 πρὸς
261 559 526 632 ἀνατολὴν
561 561 738 629 φωτὸς
771 562 1117 632 ἐντυγχάνειν
1149 562 1316 632 αὐτῷ.
1359 583 1377 615 ο

169 765 189 798 ι
227 747 344 801 Ζῶν
373 746 468 801 καὶ
496 746 652 818 ὑγιὴς
680 747 882 802 αἰνέσει
907 746 1000 799 τὸν
1039 747 1260 818 Κύριον.
1299 765 1315 797 ι

172 944 190 976 ι
233 924 547 993 Εύλόγησον
587 925 678 978 τὸν
704 924 930 996 Κύριον,
955 925 1046 978 τὸν
1098 925 1403 996 ποιήσαντά
1445 941 1527 984 σε.
1569 925 1662 978 καὶ

93 1014 438 1084 μεθύσκοντά
470 1031 531 1068 σε
559 1015 669 1068 ἀπὸ
693 1016 802 1068 τῶν
840 1014 1060 1083 ἀγαθῶν
1089 1014 1278 1070 αὑτοῦ.
1315 1034 1333 1067 ι

168 1125 187 1156 σ
222 1106 568 1177 Εύλογήσατε
591 1107 682 1161 τὸν
707 1107 912 1178 Κύριον
947 1109 1005 1162 ὲν
1039 1109 1174 1162 πᾶσι
1219 1111 1331 1172 τοῖς
1354 1108 1535 1180 ἔργοις
1563 1110 1662 1164 αύ-

91 1197 210 1252 τοῦ·
232 1198 351 1252 δότε
381 1198 462 1270 τῷ
491 1199 716 1270 ὀνόματι
733 1199 895 1253 αὐτοῦ
911 1199 1322 1271 μεγαλωσύνην,
1341 1201 1436 1256 καὶ
1469 1201 1661 1271 ἐξομο-

88 1290 404 1360 λογήσασθε
446 1293 505 1344 έν
534 1292 740 1346 αἰνέσει
782 1293 968 1360 αὑτοῦ,
1010 1294 1069 1345 ὲν
1095 1292 1258 1363 ᾠδαῖς
1308 1294 1527 1364 χειλέων
1563 1295 1657 1350 καὶ

91 1381 151 1434 ὲν
183 1381 486 1452 κιννύραις.
529 1401 548 1434 ι

169 1493 189 1524 ι
230 1474 434 1546 Κύριον
465 1475 556 1528 τὸν
585 1475 818 1545 Χριστὸν
859 1475 1121 1543 ἁγιάσατε
1162 1476 1219 1526 ὲν
1253 1474 1373 1536 ταῖς
1413 1471 1660 1542 καρδίαις

91 1567 271 1636 ἡμῶν.
309 1585 329 1620 ι

164 1655 336 1713 Τοῦτό
378 1661 494 1713 ἐστι
537 1659 672 1714 Θεοῦ
720 1659 1017 1729 ὲνοίκησις,
1064 1660 1127 1712 τὸ
1166 1658 1254 1712 διὰ
1297 1659 1392 1728 τῆς
1440 1659 1661 1731 μνήμης

93 1752 450 1823 ἐνιδρυμένον
477 1751 625 1822 ἔχειν
653 1752 711 1805 ὲν
731 1750 908 1822 ἐαυτῷ
932 1750 1024 1805 τὸν
1048 1751 1201 1805 Θεόν.

49 1936 54 1940 ’
166 1949 242 2001 Τὸ
275 1949 457 2022 ἱλαρὸν
499 1952 594 2006 καὶ
627 1952 832 2008 ἄλυπον
866 1952 967 2023 τῆς
1024 1952 1201 2024 ψυχῆς
1240 1952 1566 2024 κατάστημα
1607 1953 1662 2004 αἱ

96 2040 205 2094 τῶν
239 2040 423 2111 ὕμνων
462 2044 801 2116 παρηγορίαι
831 2044 1168 2116 χαρίζονται.

163 2135 367 2202 Δόξαζε
415 2138 507 2192 τὸν
549 2138 812 2210 Ποιητὴν,
860 2141 918 2192 ὲν
967 2131 1012 2206 ᾧ
1053 2138 1276 2209 ἐκτίσθη
1326 2138 1397 2192 τὰ
1447 2139 1660 2203 πάντα,

98 2227 210 2281 εἴτε
239 2229 433 2298 ὁρατὰ.
462 2230 570 2282 εἴτε
603 2229 834 2302 ἀόρατα,
867 2229 977 2284 εἴτε
1003 2231 1171 2302 ἀρχαὶ
1191 2270 1208 2295 ,
1250 2230 1361 2285 εἴτε
1391 2231 1661 2296 ἐξουσίαι,

99 2321 192 2375 καὶ
241 2323 296 2375 εἴ
334 2324 479 2386 τινές
510 2325 646 2376 εἰσιν
694 2323 878 2394 ἕτεραι
906 2325 1121 2392 λογικαὶ
1166 2322 1357 2393 φύσεις
1402 2324 1661 2379 ἀκατονό-

104 2432 318 2471 ααστοι.

165 2596 271 2649 Τὸν
323 2595 457 2650 Θεὸν
502 2596 886 2669 γνωρίσωμεν,
947 2597 1038 2651 τὸν
1089 2598 1363 2652 κτίσαντα
1422 2614 1664 2668 προσκυ-

99 2688 374 2758 νήσωμεν,
433 2688 510 2759 τῷ
567 2690 817 2762 Δεσπότῃ
848 2689 1242 2761 δουλεύσωμεν,
1291 2690 1383 2744 τὸν
1445 2691 1665 2760 Πατέρα

98 2781 435 2853 δοξάσωμεν,
457 2785 546 2838 τὸν
571 2786 774 2856 τροφέα
794 2786 950 2857 ἡμῶν
974 2787 1372 2857 ἀγαπήσωμεν,
1395 2788 1486 2842 τὸν
1506 2788 1664 2856 εύερο

98 2875 264 2946 γέτην
306 2877 775 2950 αἰδεσθησώμεθα,
812 2878 904 2933 τὸν
931 2879 1175 2949 ἀρχηγὸν
1202 2881 1299 2951 τῆς
1329 2878 1476 2951 ζωῆς
1507 2881 1662 2951 ἡμῶν

98 2970 192 3038 τῆς
222 2969 527 3041 παρούσης,
574 2974 670 3025 καὶ⁸
729 2972 828 3043 τῆς
881 2971 1205 3043 μελλούσης,
1271 2974 1368 3026 καὶ
1419 2991 1663 3046 προσκυ-

102 3060 324 3126 νοῦντες
356 3063 429 3133 μὴ
460 3063 736 3134 λήξωμεν.

165 3153 281 3222 Τὴν
319 3153 418 3222 τῆς
454 3153 712 3218 αἰνέσεως
742 3154 933 3210 θυσίαν
979 3156 1424 3228 ἱερουργήσωμέν
1471 3172 1552 3208 σοι
1585 3154 1661 3226 τῷ
1687 3176 1731 3234 c

99 3242 392 3313 άπροσδεεῖ
425 3243 518 3297 καὶ
559 3244 748 3316 τελείῳ
785 3244 936 3318 Θεῷ·
968 3246 1027 3310 ὃς
1061 3247 1163 3301 οὐκ
1201 3247 1424 3301 ἀπαιτεῖ
1469 3265 1659 3317 σωμα-

98 3335 252 3400 τικάς
279 3335 489 3401 Θυσίας,
533 3337 592 3391 έν
619 3332 709 3400 αῖς
742 3337 1158 3392 πλεονεκτοῦσιν
1185 3339 1233 3392 oi
1270 3338 1661 3410 εὐπορώτεροι,

98 3431 233 3485 ἀλλὰ
255 3431 355 3502 τὴν
381 3432 488 3486 ἀπὸ
516 3432 813 3496 διαθέσεως
856 3432 1082 3504 καρδίας
1121 3433 1368 3503 καθαράν
1411 3431 1666 3504 ἐξομολό-

98 3540 278 3594 γησιν.
300 3519 368 3595 ἧς
401 3523 619 3595 μέτεστι
641 3526 806 3580 πᾶσιν
832 3525 891 3594 ἐξ
926 3525 1042 3580 ίσου
1072 3527 1184 3589 τοῖς
1221 3525 1590 3597 βουλομένοις.

162 3765 578 3837 Μνημονευτέον
606 3766 742 3820 Θεοῦ
775 3768 994 3837 μᾶλλον,
1041 3768 1073 3838 ἢ
1106 3768 1529 3822 ἀναπνευστέον.

163 3945 463 4008 Εὐσεσείας
517 3949 780 4018 σημεῖον,
845 3948 907 4002 τὸ
971 3950 1167 4021 συνεχῆ
1224 3950 1495 4004 ποιεῖσθαι
1555 3951 1666 4006 τῶν

100 4036 382 4109 θεωτέρων
440 4039 539 4109 τὴν
578 4041 917 4112 ἐπιμέλειαν,
953 4043 1047 4096 καὶ
1087 4043 1150 4096 τὸ
1199 4047 1434 4107 πυκναῖς
1478 4045 1668 4098 ἐντεύ-

101 4128 246 4192 ξεσιν
277 4128 642 4195 ὲξιλεοῦσθαι.

165 4222 273 4275 Τὸν
309 4221 440 4276 Θεὸν
473 4222 652 4296 ἔργοις
676 4227 907 4296 ῇσεμνοῖς
941 4225 1121 4292 σέϐου,
1167 4225 1345 4295 λόγοις
1381 4228 1437 4280 δὲ
1483 4226 1662 4298 ὕμνει,

103 4309 278 4383 ἔννοια
297 4311 454 4382 τίμα.

178 4403 374 4471 Ἀξίως
411 4405 587 4470 οὐδεὶς
624 4405 715 4460 τὸν
755 4406 890 4461 Θεὸν
931 4407 1088 4480 τιμᾷ,
1126 4408 1262 4465 ἀλλά
1305 4409 1531 4474 δικαίως
1568 4410 1665 4480 μό-

1768 569 1974 635 gratias
2006 565 2245 637 agendas
2287 566 2416 630 Deo,
2445 575 2500 622 et
2532 566 2599 620 ad
2627 576 2809 621 ortum
2845 565 2981 619 solis
3021 566 3336 634 supplicare

1767 664 1842 717 ei.
1894 680 1912 712 ι

1839 751 2010 809 Eccli.
2037 767 2169 816 xvn,
2202 750 2292 806 28.
2319 781 2389 791 -—
2417 769 2433 801 ι
2462 748 2636 806 Vivus
2667 758 2722 804 et
2760 764 2930 805 sanus
2959 748 3200 803 laudabit
3231 746 3336 800 Do-

1766 845 2002 901 minum.
2041 862 2062 896 ι

1839 934 2007 989 Eccli.
2036 950 2209 999 nm,
2263 935 2352 988 17.
2385 963 2456 975 —
2507 953 2524 985 ι
2557 934 2795 989 Benedic
2862 933 3158 988 Dominum
3183 973 3197 998 ,
3244 933 3335 1002 qui

1768 1027 1901 1083 fecit
1926 1035 2004 1092 te,
2040 1035 2096 1082 et
2132 1026 2229 1095 qui
2265 1025 2504 1080 inebriat
2535 1033 2590 1080 te
2620 1025 2781 1080 bonis
2819 1026 2959 1080 suis.
2994 1042 3013 1076 ι

1838 1119 2008 1176 Eccli.
2065 1136 2251 1184 χχχιχ,
2308 1119 2397 1174 l9.
2433 1150 2499 1161 —-
2539 1137 2558 1170 ι
2594 1119 2912 1174 Benedicite
2941 1117 3235 1173 Dominum
3279 1118 3333 1172 in

1765 1211 2025 1267 omnibus
2059 1210 2320 1281 operibus
2337 1210 2482 1280 ejus,
2511 1210 2709 1266 etdate
2737 1209 2946 1263 nomini
2974 1205 3097 1278 ejus
3127 1209 3336 1278 magni-

1768 1304 2065 1370 ﬁcentiam,
2107 1313 2160 1358 et
2197 1302 2541 1358 conﬁtemini
2569 1301 2623 1356 in
2666 1301 2986 1356 laudatione
3014 1301 3157 1369 ejus,
3185 1307 3240 1354 et
3280 1300 3332 1353 in

1765 1396 1997 1451 canticis
2036 1395 2338 1461 labiorum,
2368 1401 2423 1448 et
2460 1397 2513 1448 in
2553 1393 2819 1464 cinnyris.
2855 1410 2876 1444 ι

1842 1488 1868 1542 1
1891 1489 2038 1544 Petr.
2071 1505 2152 1554 ιιι,
2190 1489 2280 1544 15.
2313 1519 2383 1529 --
2421 1504 2441 1538 ι
2481 1485 2772 1540 Dominum
2802 1483 3086 1540 Christum
3129 1481 3335 1538 sancti-

1769 1580 1926 1636 ﬁcate
1960 1580 2016 1635 in
2053 1579 2314 1635 cordibus
2343 1577 2572 1633 vestris.
2605 1595 2624 1628 ι

1838 1673 2052 1727 Basilii.
2094 1702 2164 1716 —
2208 1671 2304 1726 Dei
2355 1670 2687 1724 inhabitatio
2727 1668 2782 1722 in
2816 1667 2923 1723 hoc
2971 1667 3078 1722 sita
3130 1674 3238 1729 est,
3277 1676 3337 1719 ut

1766 1765 2059 1836 quisquam
2091 1764 2259 1819 Deum
2290 1780 2387 1834 per
2405 1761 2848 1818 recordationem
2875 1760 2931 1814 in
2956 1759 3140 1830 seipso
3166 1757 3333 1812 ﬁxum

1696 1835 1740 1890 Β
1766 1835 1994 1913 habeat.

1837 1950 2112 2020 Ejusdem.
2136 1981 2204 1991 -—-
2235 1947 2472 2001 Hilarem
2501 1956 2558 2002 et
2594 1954 2873 2016 expertem
2910 1943 3168 1999 maeroris
3221 1950 3336 1997 sta-

1764 2051 1880 2099 tum
1924 2044 2249 2115 hymnorum
2280 2041 2694 2098 consolationes
2724 2039 2910 2093 animo
2948 2043 3238 2105 prazstant.

1836 2137 2114 2207 Ejusdem.
2138 2167 2208 2180 -—-
2241 2135 2523 2193 Creatoris
2565 2132 2801 2202 gloriam
2831 2128 3093 2201 praedica,
3139 2128 3194 2181 in
3227 2140 3336 2196 quo

1764 2236 1948 2284 creata
1975 2227 2158 2282 omnia
2191 2237 2344 2292 sunt,
2374 2233 2483 2278 tam
2508 2222 2774 2290 visibilia,
2807 2235 2972 2292 quam
3007 2217 3331 2281 invisibilia,

1765 2327 1875 2372 tam
1906 2318 2275 2388 principatus,
2314 2329 2478 2386 quam
2513 2321 2838 2384 potestates,
2880 2319 2935 2367 et
2963 2310 3010 2365 si
3038 2324 3163 2380 qua:
3205 2315 3338 2364 sunt

1765 2410 1891 2465 alia:
1925 2409 2227 2465 rationales
2283 2418 2517 2470 naturae,
2560 2421 2685 2477 quae
2739 2403 3012 2460 nominari
3062 2415 3171 2455 non
3206 2413 3335 2469 pos-

1766 2504 1895 2558 sint.

1839 2593 2030 2664 Ejusd.
2059 2594 2200 2646 hom.
2225 2589 2256 2646 6
2285 2592 2339 2645 in
2362 2593 2618 2645 Hexaem.
2641 2619 2704 2630 --
2741 2588 2910 2643 Deum
2949 2595 3334 2657 agnoscamus,

1765 2684 2080 2740 Creatorem
2126 2681 2444 2743 adoremus,
2497 2679 2730 2735 Domino
2783 2676 3131 2739 serviamus,
3189 2671 3336 2726 Patri

1771 2774 2001 2845 gloriam
2053 2772 2269 2837 demus,
2338 2770 2632 2825 nutritium
2703 2778 2953 2824 nostrum
3014 2765 3334 2834 diligamus.

1765 2875 2089 2916 veneremur
2133 2873 2280 2922 eum,
2328 2858 2422 2929 qui
2458 2860 2602 2914 bene
2655 2857 2783 2913 fecit
2833 2856 3017 2920 nobis,
3070 2853 3169 2925 qui
3211 2852 3338 2907 vitm

1766 2961 1970 3008 nostrae
1997 2966 2122 3007 cum
2153 2953 2462 3023 praesentis,
2494 2959 2611 3005 tum
2646 2949 2849 3004 futura:
2874 2957 3066 3004 auctor
3094 2953 3201 3011 est,
3233 2958 3336 2999 nec

1765 3045 2145 3100 adorationem
2180 3044 2330 3100 illius
2362 3045 2822 3099 intermittamus.

1841 3137 2029 3208 Ejusd.
2058 3139 2112 3192 in
2143 3137 2296 3194 Psal.
2328 3152 2452 3192 cxv.
2486 3167 2556 3180 ——
2601 3135 2949 3191 Sacriﬁcium
2982 3132 3165 3187 laudis
3211 3129 3334 3191 tibi,

1765 3234 1860 3305 qui
1902 3232 2182 3303 perfectus
2205 3239 2260 3288 et
2296 3232 2508 3288 nullius
2534 3231 2615 3287 rei
2653 3229 2909 3301 indigens
2942 3244 3027 3292 es,
3055 3225 3170 3281 Deo
3200 3223 3336 3280 oﬁ'e«

1766 3343 1955 3382 ramus
1986 3345 1998 3380 :
2041 3326 2132 3396 qui
2170 3325 2488 3396 corporales
2510 3323 2766 3379 victimas
2806 3321 3032 3376 minime
3059 3319 3334 3390 postulas,

1765 3423 1818 3474 in
1851 3421 2057 3490 quibus
2092 3417 2183 3488 qui
2218 3418 2611 3486 locupletiores
2646 3421 2797 3480 sunt,
2829 3414 3036 3484 primas
3068 3411 3214 3467 ferre
3241 3425 3335 3466 so—

1765 3513 1933 3573 leant,
1997 3511 2090 3565 sed
2140 3525 2170 3563 a
2213 3524 2351 3580 puro
2407 3507 2607 3564 aﬁ'ectu
2662 3507 2832 3561 animi
2891 3501 3337 3576 proﬁciséentem

1765 3601 2221 3658 confessionem:
2262 3615 2382 3670 qua:
2416 3599 2638 3671 quidem
2691 3599 2760 3652 iis
2791 3597 3055 3652 omnibus
3105 3596 3199 3665 qui
3242 3610 3338 3648 vo-

1766 3692 1906 3760 lunt,
1939 3706 2004 3745 ex
2034 3704 2192 3760 aequo
2219 3697 2419 3759 praesto
2454 3695 2557 3743 est.

1836 3783 1896 3839 S.
1927 3781 2081 3851 Greg.
2117 3778 2386 3834 Nazianz.
2419 3791 2557 3834 orat.
2590 3777 2767 3832 27.—
2788 3776 2881 3832 Dei
2916 3775 3115 3846 saepius
3146 3777 3338 3831 memi-

1767 3876 1919 3930 nisse
1948 3879 2187 3942 Oportet,
2219 3887 2384 3944 quam
2414 3872 2668 3942 spiritum
2707 3870 2932 3926 ducere.
3057 3929 3064 3932 η

1838 3964 1898 4021 8.
1941 3961 2217 4031 Chrysost.
2250 3960 2571 4016 —-Pietatis
2611 3965 3002 4031 argumentum
3051 3967 3160 4022 est,
3195 3960 3338 4013 assi-

1766 4057 1931 4112 duam
1973 4055 2285 4113 divinarum
2323 4069 2510 4110 rerum
2541 4069 2731 4109 curam
2772 4067 2992 4125 gerere,
3031 4060 3088 4106 et
3126 4052 3336 4108 crebris

1766 4153 2024 4223 precibus
2042 4154 2211 4209 Deum
2247 4150 2482 4222 placare.

1838 4244 2074 4316 Evagrii.
2099 4275 2170 4285 —
2199 4243 2370 4299 Deum
2408 4240 2658 4296 honestis
2700 4240 3020 4297 actionibus
3051 4255 3335 4306 venerare,

1767 4335 1950 4391 verbis
1983 4335 2166 4399 lauda,
2200 4331 2630 4403 cogitationibus
2657 4331 2798 4387 cole.

1839 4426 2100 4481 Philonis.
2147 4456 2216 4467 -—
2258 4424 2430 4480 Deum
2464 4437 2626 4478 nemo
2654 4423 2822 4494 digne
2864 4422 3017 4488 colit,
3053 4422 3148 4478 sed
3187 4421 3339 4491 juste

102 4513 205 4563 vov,
242 4497 404 4550 ὁπότε
429 4497 550 4551 οὐδὲ
579 4501 690 4561 τοῖς
719 4499 969 4567 γονεῦσιν
1003 4502 1126 4563 ῐσας
1174 4501 1472 4556 ἀποδοῦναι
1510 4503 1664 4574 χάρι-

1790 4521 2038 4574 Iuntaxat
2073 4535 2087 4571 :
2127 4514 2578 4586 quandoquidem
2620 4528 2723 4569 nec
2760 4513 3084 4583 parentibus
3115 4511 3336 4582 quidem

101 4606 193 4654 τας
235 4589 530 4662 ἐνδέχεται.
589 4590 996 4663 Ἀντιγεννῆσαι
1035 4593 1143 4664 γάρ
1178 4595 1278 4664 οὐχ
1311 4588 1422 4647 οἷόν
1453 4613 1512 4648 τε
1546 4594 1667 4649 τού-

101 4699 244 4745 τους.

103 4794 284 4852 ΤΙΤΛ.
325 4797 398 4852 Δ’.
439 4829 502 4841 -
533 4799 673 4868 Περὶ
719 4800 1164 4870 δικαιολογίας·
1222 4803 1322 4858 καὶ
1364 4803 1524 4869 τινες
1550 4801 1666 4856 ἐδι-

379 4870 865 4940 καιολογήθησαν
893 4872 1044 4940 πρὸς
1083 4873 1190 4926 τὸν
1220 4873 1388 4930 Θεόν.

173 4979 190 5010 ι
239 4960 355 5013 Οὐκ
385 4963 464 5020 εἰς
491 4961 583 5014 τὸν
612 4961 784 5015 αἰῶνα
817 4963 1074 5033 ζήσομαι,
1112 4963 1196 5017 ἵνα
1233 4965 1662 5038 μακροθυμήσω.

116 5048 351 5103 Ἀπόστα
376 5051 469 5103 ἀπ’
509 5051 642 5121 ἐμοῦ
668 5069 680 5081 ·
713 5053 870 5116 κενὸς
904 5053 1016 5124 γάρ
1064 5071 1163 5124 μου
1190 5056 1219 5108 ό
1249 5056 1383 5126 βίος.
1435 5056 1529 5121 Τίς
1556 5059 1667 5132 γάρ

108 5139 252 5193 ἐστιν
280 5140 583 5213 ἅνθρωπος,
616 5142 698 5196 ὅτι
731 5145 1074 5214 ἐμεγάλυνας
1105 5147 1287 5213 αὐτὸν,
1318 5148 1350 5219 ἢ
1379 5150 1462 5203 ὅτι
1497 5169 1668 5222 προσ-

107 5230 248 5301 έχεις
291 5233 380 5286 τὸν
412 5234 536 5288 νοῦν
575 5235 656 5299 είς
686 5236 849 5290 αὐτόν
873 5237 944 5307 ;ἢ
972 5237 1278 5310 ἐπισκοπὴν
1312 5239 1482 5295 αὐτοῦ
1510 5245 1668 5314 ποιή-

109 5344 216 5392 σεις
251 5329 356 5392 ἕως
394 5327 558 5404 πρωῒ,
606 5332 702 5383 καὶ
754 5331 833 5394 είς
869 5330 1178 5385 ἀνάπαυσιν
1220 5333 1385 5386 αὑτὸν
1433 5339 1634 5408 κρινεῖς
1650 5319 1680 5402 ξ

110 5420 250 5485 Ἕως
282 5422 424 5486 τίνος
453 5423 552 5476 οὐκ
574 5424 665 5493 ἐᾷς
694 5440 784 5494 με,
814 5423 935 5478 οὐδὲ
965 5425 1130 5496 προΐῃ
1157 5442 1246 5497 με,
1279 5427 1383 5490 ἓως
1405 5427 1472 5481 ἂν
1495 5447 1664 5482 κατα-

109 5513 215 5568 πίω
241 5515 331 5568 τὸν
352 5513 581 5569 πτύελον
613 5533 715 5584 μου
749 5516 807 5568 ὲν
829 5515 1024 5588 όδύνῃ;
1054 5519 1116 5573 Ei
1159 5518 1270 5586 ἐγὼ
1307 5520 1578 5590 ἥμαρτον,
1613 5521 1669 5574 τί

111 5604 404 5678 δυνήσομαι
431 5607 656 5679 πρᾶξαι,
694 5608 722 5660 ὁ
744 5608 1111 5676 ἐπιστάμενος
1160 5609 1251 5662 τὸν
1291 5610 1416 5662 νοῦν
1439 5613 1548 5664 τῶν
1573 5613 1668 5666 ἀν-

114 5696 380 5768 θρώπωνς
408 5699 506 5755 Διά
538 5699 588 5752 τί
626 5699 746 5752 ἔθου
776 5717 842 5769 με
877 5700 1278 5772 κατεντεύκτην
1315 5720 1430 5765 σου,
1471 5705 1586 5772 είμὶ
1614 5707 1670 5758 δὲ

116 5787 205 5875 ἐπ)
243 5790 326 5845 σοὶ
357 5791 607 5862 φορτίον;
654 5791 748 5845 καὶ
779 5791 865 5846 διὰ
894 5791 945 5845 τί
1001 5793 1101 5846 οὐκ
1135 5793 1376 5864 ἐποιήσω
1414 5794 1513 5864 τῆς
1548 5796 1670 5848 divo-

1769 4612 1948 4682 dignae
1975 4610 2113 4666 satis
2155 4607 2352 4663 referri
2380 4614 2562 4678 grates
2605 4612 2860 4676 possunt.
2902 4603 3014 4659 Nec
3045 4603 3191 4658 enim
3219 4601 3338 4656 ﬁeri

1768 4709 1970 4774 potest,
2006 4709 2066 4755 ut
2101 4701 2205 4756 hos
2234 4698 2488 4754 vicissim
2529 4711 2985 4768 progeneremus.

1766 4811 1908 4867 ἸῚΤ.
1943 4807 2031 4865 IV.
2071 4838 2141 4850 —
2170 4807 2243 4860 De
2285 4807 2708 4877 expostulatione
2740 4815 2842 4877 :ret
2894 4805 3114 4877 quinam
3165 4803 3205 4856 ii
3233 4807 3342 4860 sint

2142 4879 2232 4947 qui
2260 4893 2378 4930 cum
2409 4876 2518 4931 Deo
2543 4876 2967 4947 expostularunt.

1837 4973 1939 5028 Job
1978 4987 2076 5034 vn,
2135 4967 2202 5022 16
2237 4984 2380 5037 seqq.
2409 4998 2478 5008 --
2508 4987 2526 5019 ι
2559 4967 2678 5023 Νοιι
2717 4969 2773 5023 in
2827 4970 3086 5025 saxulum
3133 4969 3339 5028 vivam.

1769 5077 1830 5123 ut
1859 5067 2073 5138 patiens
2117 5067 2245 5122 sim.
2301 5063 2515 5119 Recede
2567 5078 2597 5117 a
2635 5079 2722 5118 me
2755 5079 2772 5118 :
2808 5063 2990 5117 inanis
3041 5059 3184 5113 enim
3225 5057 3340 5110 vita

1769 5159 2071 5226 mea.Quid
2104 5156 2250 5212 enim
2274 5164 2359 5212 est
2390 5156 2580 5220 homo,
2613 5155 2745 5225 quia
2793 5150 3156 5223 magniﬁcasti
3191 5163 3339 5211 eum,

1770 5261 1865 5308 aut
1893 5253 2024 5323 quia
2063 5253 2295 5324 apponis
2319 5256 2557 5305 mentem
2594 5247 2662 5302 ad
2695 5245 2856 5302 eum?
2881 5252 2975 5297 aut
3008 5239 3343 5312 speculatio-

1771 5359 1893 5399 nem
1925 5344 2046 5412 ejus
2093 5343 2261 5398 facies
2311 5356 2488 5412 usque
2515 5354 2697 5398 mane.
2737 5344 2792 5390 et
2831 5335 2887 5389 in
2922 5333 3167 5404 requiem
3211 5347 3338 5385 eum

1766 5433 2080 5502 iudicabis?
2111 5432 2539 5503 Usquequonon
2567 5429 2708 5483 sinis
2737 5443 2848 5491 me,
2874 5440 3052 5496 neque
3069 5421 3344 5478 dimittis?

1770 5539 2061 5595 usquequo
2093 5525 2394 5597 deglutiam
2427 5522 2657 5578 salivam
2702 5534 2879 5574 meam
2915 5517 2970 5572 in
2999 5513 3230 5572 dolore?
3281 5512 3338 5568 Si

1770 5633 1872 5688 ego
1904 5617 2151 5687 peccavi,
2201 5616 2333 5687 quid
2386 5630 2615 5686 possum
2662 5612 2761 5667 tibi
2804 5611 3028 5676 facere,
3075 5609 3168 5680 qui
3232 5607 3343 5662 scis

1772 5717 2010 5763 mentem
2044 5705 2568 5770 hominum?Quare
2603 5700 2836 5772 posuisti
2868 5715 2954 5754 me
2996 5694 3339 5752 contrarium

1771 5806 1948 5865 tuum,
2003 5814 2122 5856 sum
2172 5807 2358 5853 autem
2394 5795 2493 5851 tibi
2528 5793 2713 5850 onus?
2759 5799 2813 5848 et
2853 5807 2953 5846 cur
3008 5803 3116 5842 non
3158 5781 3341 5840 fecisti
