4024 6426
608 384 749 454 1359

1807 379 1868 440 S.
1896 379 2215 442 JOANNIS
2256 378 2650 446 DAMASCEN
2656 385 2683 444 Ι

3674 397 3782 464 13ft)

598 497 910 573 iniquitatis
951 512 1086 553 mea:
1135 494 1494 561 oblivionem,
1533 502 1589 548 et
1624 491 2010 563 purgationem
2049 509 2170 561 pec-

2279 498 2408 564 μίας
2441 513 2541 566 μου
2559 495 2748 568 λήθην,
2784 497 2878 552 καὶ
2905 499 3247 572 καθαρισμὸν
3272 489 3371 574 τῆς
3395 505 3648 577 ἁμαρτίας
3671 529 3779 580 pou;

601 596 712 650 cati
749 592 888 647 mei?
925 591 1082 645 Nunc
1111 589 1332 660 quidem
1370 587 1426 642 in
1459 594 1663 641 terram
1699 592 1965 638 revertar.
2006 602 2025 635 ι

671 686 775 742 Job
798 703 873 753 rx,
923 686 993 739 30
1026 701 1167 754 seqq.
1201 711 1270 722 —
1305 699 1323 732 ι
1373 677 1826 748 Quandoquidem
1887 692 1996 731 non
2049 691 2170 733 sum

599 785 750 857 pius,
773 793 942 850 quare
976 794 1081 833 non
1105 784 1354 831 mortuus
1386 772 1551 844 428
1579 771 1742 826 sum?
1771 770 1926 837 Quod
1952 770 1997 825 si
2025 770 2171 825 lotus

605 876 764 930 fuero
789 873 845 928 in
881 871 1026 934 nive,
1060 879 1113 925 et
1140 867 1435 923 mundatus
1465 868 1618 918 luero
1643 861 1864 916 mundis
1887 861 2169 929 manibus,

605 965 822 1022 abunde
864 965 921 1019 in
951 963 1113 1019 sorde
1143 975 1229 1016 me
1272 957 1545 1013 intinxisti
1569 996 1583 1019 ,
1623 954 1936 1008 abominata
1967 961 2050 1008 est
2081 969 2173 1031 ine

601 1057 775 1112 vestis
806 1069 949 1109 mea.
983 1051 1102 1106 Non
1132 1050 1280 1106 enim
1312 1063 1370 1103 es
1401 1047 1566 1101 homo
1595 1047 1740 1101 sicut
1763 1059 1884 1115 ego,
1909 1046 2000 1098 cui
2035 1060 2170 1099 con-

604 1147 891 1208 tradicam,
915 1153 974 1199 ut
990 1159 1177 1198 eamus
1199 1139 1532 1196 unanimiter
1554 1139 1607 1193 in
1629 1136 1924 1207 judicium.
1947 1136 2169 1191 Utinam

599 1247 752 1296 esset
782 1238 940 1293 nobis
979 1235 1267 1298 mediator,
1318 1242 1374 1289 et
1420 1245 1682 1304 arguens,
1735 1235 1790 1284 et
1845 1228 2078 1285 audiens
2111 1228 2170 1284 in

607 1333 788 1388 medio
817 1330 1128 1399 utriusque.
1168 1345 1188 1379 ι

669 1424 772 1481 Job
825 1441 939 1488 xxi,
979 1424 1009 1476 7
1051 1438 1192 1493 seqq.
1225 1449 1296 1460 -—
1329 1435 1350 1470 ο
1392 1417 1578 1485 Quare
1611 1416 1765 1486 impii
1805 1422 2036 1480 kunt,
2081 1413 2170 1467 in-

602 1510 988 1574 veteraverunt
1041 1522 1245 1581 autent,
1289 1519 1345 1568 et
1400 1510 1457 1564 in
1495 1509 1706 1564 divitiis
1747 1520 1934 1562 semen
1977 1520 2170 1561 eorum

605 1613 904 1669 secundum
931 1607 1268 1665 desiderium
1296 1605 1512 1667 animae,
1552 1602 1646 1657 ﬁlii
1674 1611 1854 1656 autem
1885 1615 2074 1657 eorum
2115 1598 2170 1652 in

607 1692 783 1760 oculis
809 1703 831 1757 ?
862 1704 1066 1757 Domus
1098 1713 1290 1756 eorum
1338 1697 1684 1752 abundantes
1718 1701 1870 1760 sunt,
1915 1700 1970 1748 et
2006 1691 2173 1745 timor

605 1811 875 1867 nusquam
902 1812 915 1849 :
952 1792 1220 1863 ﬂagellum
1239 1798 1420 1844 autem
1450 1806 1479 1842 a
1498 1788 1728 1842 Domino
1755 1802 1863 1840 non
1886 1796 1971 1840 est
2005 1798 2172 1853 super

604 1905 723 1945 eos.
757 1888 974 1942 Manent
1002 1886 1146 1940 sicut
1179 1897 1311 1937 oves
1359 1887 1633 1951 perpetuae
1665 1895 1678 1931 :
1712 1887 1765 1931 at
1795 1879 1951 1948 pueri
1980 1889 2168 1930 eorum

606 1972 734 2036 ludo
764 1996 822 2035 se
841 1982 1160 2049 provocant,
1187 1982 1436 2029 tenentes
1457 1971 1778 2042 psalterium
1800 1980 1853 2024 et
1881 1968 2167 2024 citharam.

605 2075 1073 2129 Consummarunt
1101 2070 1154 2123 in
1187 2067 1347 2122 bonis
1378 2065 1546 2119 vitam
1578 2080 1760 2119 suam.
1796 2083 1815 2115 ι

672 2164 775 2218 Job
830 2179 946 2228 xm,
998 2162 1089 2217 25.
1115 2189 1186 2200 —-
1223 2179 1241 2211 ι
1279 2159 1423 2225 Quot
1471 2167 1601 2213 sunt
1647 2156 1962 2227 iniquitates
1999 2168 2167 2217 meae,

600 2269 659 2316 ιι
680 2265 905 2328 peccata
934 2270 1077 2320 mea,
1114 2253 1251 2308 doce
1273 2267 1378 2306 me.
1401 2251 1512 2304 Cur
1538 2265 1569 2304 a
1603 2264 1687 2304 me
1708 2247 2066 2303 absconderis
2090 2246 2113 2298 ?
2145 2263 2164 2295 ι

675 2349 884 2405 Habac.
940 2364 978 2413 ι,
1016 2347 1050 2399 2
1077 2363 1215 2416 seqq.
1254 2375 1324 2386 -—
1364 2361 1383 2395 ι
1421 2341 1743 2413 Usquequo,
1773 2340 2023 2405 Domine,
2054 2338 2171 2393 cla-

605 2445 788 2507 mabo,
809 2451 864 2498 et
888 2455 998 2497 non
1026 2437 1290 2494 exaudies
1309 2438 1332 2491 ?
1354 2435 1707 2491 vociferahor
1732 2434 1798 2488 ad
1826 2441 1880 2489 te
1907 2433 2166 2504 injuriam

603 2536 837 2608 patiens,
868 2542 924 2590 et
978 2546 1087 2587 non
1136 2529 1414 2594 salvabis?
1466 2527 1644 2593 Quare
1701 2525 1837 2581 mihi
1873 2525 2168 2581 ostendisti

601 2629 816 2683 labores
837 2623 1056 2680 videre?
1103 2631 1294 2677 contra
1323 2635 1408 2675 me
1436 2620 1637 2674 factum
1669 2629 1754 2674 est
1787 2617 2086 2689 judicium,
2113 2627 2170 2673 et

593 2720 767 2792 judex
798 2718 1016 2788 accipit.
1064 2713 1292 2783 Propter
1322 2714 1425 2768 hoc
1475 2711 1746 2783 dissipata
1780 2718 1866 2767 est
1895 2711 2003 2776 lex,
2038 2711 2168 2781 quia

597 2811 804 2882 impius
837 2808 1091 2880 praevalet
1121 2806 1388 2862 adversus
1418 2804 1653 2875 justum.
1677 2801 1975 2874 Propterea
2004 2818 2166 2874 egre-

597 2901 778 2958 dietur
805 2899 1072 2970 judicium
1102 2913 1443 2969 perversum.
1481 2897 1502 2951 ὁ

666 2992 832 3047 Zach.
866 3009 905 3054 ι,
956 2989 1041 3044 12.
1074 3021 1145 3032 -
1178 3009 1198 3041 ι
1231 2988 1298 3042 Ει
1346 2987 1633 3059 respondit
1667 2987 1895 3058 angelus
1929 2985 2166 3052 Domini,

595 3085 844 3143 etdixit:
878 3084 1105 3137 Domine
1143 3082 1515 3150 omnipotens,
1549 3093 1837 3149 usquequo
1865 3093 1974 3132 non
2000 3079 2170 3133 mise-

2272 585 2411 639 Νυνὶ
2437 587 2493 640 δὲ
2531 590 2611 652 είς
2641 589 2748 658 γῆν
2777 591 3173 663 ἀπελεύσομαι.
3216 613 3237 647 ι

2345 696 2364 729 ι
2417 679 2633 751 Ἐπειδὴ
2659 683 2774 751 είμι
2808 684 3034 756 ἀσεϐὴς,
3053 685 3142 740 διά
3163 687 3217 740 τί
3244 689 3345 742 οὐκ
3363 689 3647 759 ἁπέθανον;
3690 696 3781 750 Ἐάν

2271 788 2330 823 τε
2388 772 2781 846 ἀπολούσωμαι
2831 776 2990 847 χίονι,
3039 779 3132 832 καὶ
3187 781 3614 855 ἀποκαθάρωμαι
3665 793 3785 858 χερσὶ

2278 863 2566 935 καθαραῖς,
2604 867 2803 932 ἱκανῶς
2832 886 2898 938 με
2938 870 2997 922 ὲν
3026 870 3183 943 ῥύπῳ
3215 871 3442 943 ἔδαψας.
3487 875 3784 944 Ἐϐδελύξατό

2273 958 2396 1027 μεή
2426 957 2581 1029 στολή
2626 975 2751 1028 μου.
2803 960 2878 1013 Οὐ
2920 961 3029 1032 γὰρ
3071 958 3122 1016 εἴ
3152 962 3440 1034 ἄνθρωπος
3479 967 3599 1019 κατ’
3635 965 3785 1038 ἐρ.ὴῷ

2269 1048 2797 1122 ἀνταποκρινοῦμαι,
2836 1053 2923 1106 ἵνα
2957 1053 3203 1125 ἔλθωμεν
3231 1055 3571 1126 ὁμοθυμαδὸν
3602 1059 3673 1121 εἰς
3694 1062 3788 1128 xpl-

2272 1156 2376 1194 σιν.
2414 1140 2540 1192 Εἴθε
2586 1136 2656 1213 ἦν
2681 1145 2710 1196 δ
2759 1144 2986 1216 μεσίτης
3011 1147 3190 1217 ήμῶν,
3235 1149 3332 1202 καὶ
3379 1148 3678 1220 διελέγχων,
3714 1153 3787 1206 καὶ

2269 1229 2532 1287 διακούων
2559 1235 2835 1305 ἀναμέσον
2863 1239 3212 1313 ἀμφοτέρων.
3246 1260 3265 1293 ι

2349 1429 2368 1462 ι
2407 1413 2504 1465 Διά
2539 1415 2593 1467 τί
2629 1415 2846 1481 ἀσεϐεῖς
2893 1417 3049 1485 ζῶσι,
3102 1423 3512 1478 πεπαλαίωνται
3549 1423 3603 1477 δὲ
3648 1426 3789 1479 καὶέν

2275 1503 2520 1577 πλούτῳ;
2560 1507 2620 1561 '0
2647 1510 2848 1582 σπόρος
2870 1511 3048 1564 αὐτῶν
3079 1516 3196 1567 κατ’
3217 1515 3514 1586 ἐπιθυμίαν
3542 1517 3719 1587 ψυχῆς,
3740 1519 3788 1571 τὰ

2272 1598 2328 1652 δὲ
2349 1600 2512 1653 τέκνα
2542 1601 2722 1657 αὐτῶν
2754 1606 2810 1656 ὲν
2842 1605 3162 1676 ὀφθαλμοῖς.
3194 1608 3259 1661 Οἱ
3286 1604 3426 1662 οἶκοι
3456 1610 3634 1663 αὐτῶν
3664 1611 3788 1678 εὐθη-

2272 1690 2442 1756 νοῦσι,
2468 1693 2625 1762 φόϐος
2649 1695 2705 1748 δὲ
2734 1696 2970 1767 οὐδαμοῦ
2993 1715 3005 1728 ·
3035 1698 3233 1768 μάστιξ
3252 1700 3308 1753 δὲ
3333 1702 3486 1772 παρά
3508 1701 3696 1771 Κυρίου
3718 1703 3790 1754 οὐκ

2273 1781 2420 1835 ἔστιν
2441 1784 2526 1836 ἐπ’
2555 1786 2620 1838 αὑ
2632 1787 2755 1850 τοῖς.
2786 1788 3025 1841 Μὲνουσι
3046 1789 3102 1842 δὲ
3131 1789 3320 1860 ὥσπερ
3348 1791 3597 1863 πρόϐατα
3616 1792 3788 1854 αἰώνια,

2271 1875 2338 1928 τὰ
2374 1875 2431 1929 δὲ
2463 1879 2652 1932 παιδία
2681 1881 2861 1934 αὐτῶν
2895 1884 3346 1953 προσπαίζουσιν,
3379 1885 3788 1955 ἀναλαμϐάνοντα

2271 1968 2567 2042 ψαλτήριον
2590 1972 2686 2024 καὶ
2727 1973 2979 2046 κιθάραν.
3009 1976 3372 2031 Συνετέλεσαν
3401 1978 3463 2030 ὲν
3491 1978 3696 2047 ἀγαθοῖς
3717 1981 3783 2032 τὸν

2274 2061 2387 2131 βίον
2417 2063 2616 2119 αὐτῶν.
2656 2085 2675 2117 ι

2346 2172 2366 2204 r
2407 2155 2576 2208 Πόσαι
2605 2154 2744 2208 εἰσὶν
2788 2157 2843 2209 αἱ
2893 2156 3117 2228 ἀνομίαι
3163 2175 3288 2228 μου,
3343 2158 3441 2213 καὶ
3485 2161 3539 2213 αῖ
3570 2159 3785 2231 ἁμαρτίαι

2274 2261 2396 2315 μου,
2429 2245 2642 2311 δίδαξόν
2677 2264 2766 2317 με.
2795 2248 2894 2302 Διά
2924 2248 2978 2301 τί
3009 2250 3104 2303 ἀπ’
3135 2250 3268 2320 ἐμοῦ
3303 2250 3565 2322 κρύπτῃ;
3603 2269 3620 2302 ι

2351 2357 2368 2388 ι
2409 2339 2557 2403 Ἕως
2586 2341 2752 2406 τίνος,
2803 2342 2995 2415 Κύριε,
3025 2344 3383 2414 κεκράξομαι,
3415 2345 3514 2398 καὶ
3539 2345 3597 2397 οὐ
3626 2344 3690 2415 μὴ
3711 2345 3790 2396 εἰσ-

2272 2431 2566 2498 ακούσεις;
2629 2433 2897 2504 βοήσομαι
2957 2436 3094 2505 πρὸς
3135 2437 3193 2489 σὲ
3219 2437 3600 2509 ἀδικούμενος,
3633 2442 3712 2492 καὶ
3746 2441 3789 2491 οὐ

2273 2523 2496 2589 σώσειςς
2528 2523 2593 2576 Τί
2625 2542 2716 2596 μοι
2750 2524 2959 2590 ἔδειξας
3007 2526 3210 2590 κόπους
3248 2529 3593 2596 emat-5mm;
3621 2531 3789 2596 ἐξενανσ

2269 2619 2387 2681 τίας
2421 2635 2523 2688 μου
2552 2618 2742 2686 γέγονε
2771 2619 2971 2690 κρίσις,
3004 2621 3096 2673 καὶ
3127 2621 3156 2673 ὁ
3187 2622 3379 2692 κριτὴς
3415 2621 3689 2693 λαμϐάνει.
3717 2625 3788 2675 Διὰ

2267 2710 2426 2764 τοῦτο
2454 2711 2831 2765 διεσκέδασται
2882 2713 3066 2784 νόμος,
3123 2716 3205 2768 ὅτι
3257 2715 3466 2785 ἀσεϐὴς
3528 2717 3782 2770 καταδυνα-

2271 2803 2449 2856 στεύει
2481 2803 2573 2858 τὸν
2606 2803 2832 2860 δίκαιον.
2869 2806 3097 2860 Ἕνεκεν
3147 2805 3338 2860 τούτου
3372 2807 3702 2874 ἐξελεύσεται
3739 2810 3783 2861 τὸ

2270 2901 2442 2971 κρῖμα
2471 2898 2922 2971 διεστραμμένον.
2965 2919 2984 2954 ι

2345 3005 2364 3038 ι
2415 2988 2714 3060 Ἀπεκρίθη
2770 2989 3002 3059 ἄγγελος
3036 2992 3268 3062 Κυρίου,
3313 2993 3408 3047 καὶ
3464 2989 3621 3047 εἷπε·
3661 2995 3787 3064 Κύριε

2270 3081 2688 3151 παντοκράτωρ,
2722 3081 2825 3145 ἕως
2857 3083 3002 3146 τίνος
3050 3084 3111 3136 οὐ
3146 3083 3222 3155 μὴ
3253 3084 3492 3156 ἐλεήσῃς
3509 3087 3604 3157 τήν
3637 3087 3788 3156 Ἰερου-

599 3178 808 3234 reberis
825 3173 1132 3230 Jerusalem
1161 3182 1216 3228 et
1243 3174 1463 3227 urbium
1485 3171 1513 3226 J
1523 3173 1652 3236 uda,
1677 3187 1818 3242 quas
1837 3171 2170 3242 despexisti?

2276 3171 2478 3243 σαλὴμ,
2516 3174 2611 3226 καὶ
2642 3174 2742 3237 τὰς
2770 3175 2953 3239 πόλεις
2992 3175 3187 3244 Ἰούδα,
3215 3176 3283 3242 ἃς
3314 3177 3598 3249 ὑπερεῖδες
3623 3195 3635 3244 ;
3664 3177 3790 3232 Τοῦτο

597 3269 708 3326 Iste
741 3277 824 3323 est
855 3266 1293 3336 septuagesimus
1323 3280 1523 3319 annus.
1565 3283 1584 3316 ι

665 3359 862 3414 Jerem.
890 3375 988 3424 xn,
1026 3361 1079 3412 1.
1109 3387 1179 3397 ——
1220 3374 1239 3408 ι
1280 3354 1466 3412 Justus
1494 3372 1576 3420 es,
1604 3354 1855 3421 Domine,
1897 3355 2025 3425 quia
2081 3369 2172 3409 sa-

599 3454 875 3528 tisfaciam
913 3452 1054 3508 tibi:
1082 3459 1462 3506 verumtamen
1493 3449 1705 3521 judicia
1751 3450 1949 3520 loquar
1987 3449 2054 3503 ad
2097 3457 2168 3503 te.

599 3553 741 3620 Quid
787 3560 871 3607 est
913 3550 1058 3620 quod
1097 3550 1182 3602 via
1220 3547 1516 3618 impiorum
1578 3546 1979 3618 prosperatur?
2034 3545 2175 3602 bene

599 3650 684 3698 est
712 3641 973 3697 omnibus
998 3640 1093 3712 qui
1124 3639 1555 3710 praevaricantur
1578 3637 1601 3688 ?
1629 3655 1648 3688 ι

600 3756 736 3813 ΤΙΤ.
770 3755 835 3810 ν.
867 3785 934 3796 --
966 3753 1038 3808 De
1067 3753 1134 3806 iis
1173 3752 1264 3822 qui
1299 3751 1393 3805 Dei
1422 3751 1654 3805 serviunt
1688 3765 1705 3803 :
1741 3747 1959 3822 etquod
1993 3753 2160 3822 hono-

670 3843 792 3908 ναῖε
817 3842 904 3880 eos
934 3818 1195 3894 oporteat,
1223 3831 1272 3876 et
1305 3837 1422 3893 qua:
1461 3837 1589 3886 opus
1625 3830 1750 3874 sunt
1792 3821 1922 3888 ipsis
1960 3818 2166 3872 submi-

669 3909 923 3952 instrare.

673 4013 851 4085 lReg.
904 4030 980 4079 rx,
1023 4015 1076 4067 7.
1103 4041 1177 4052 -
1206 4028 1224 4062 ‹
1266 4008 1412 4065 Dixit
1458 4008 1592 4065 Saul
1638 4023 1812 4080 puero
1845 4022 1947 4064 suo
1983 4025 1996 4062 :
2034 4006 2179 4073 Quia

602 4108 948 4180 portabimus
986 4103 1201 4158 homini
1258 4100 1394 4155 Dei?
1443 4101 1654 4155 defecit
1705 4101 1867 4170 panis
1921 4100 1979 4152 in
2029 4097 2180 4152 vasis

601 4197 830 4254 nostris.
855 4197 920 4248 Et
948 4195 1084 4250 dixit
1108 4207 1246 4264 puer
1276 4207 1293 4247 :
1319 4191 1459 4246 Ecce
1478 4192 1535 4244 in
1566 4206 1735 4245 manu
1768 4206 1892 4245 mea
1922 4199 2179 4259 quartam

601 4298 815 4360 partem
839 4287 960 4346 sicli
993 4286 1261 4358 argentei,
1294 4296 1349 4340 et
1375 4285 1535 4339 dabis
1569 4284 1780 4338 homini
1820 4283 1937 4338 Dei.
1983 4301 2002 4334 ι

673 4465 774 4522 ΙΙΙ
809 4465 930 4538 Reg.
965 4481 1076 4531 xn,
1136 4465 1244 4518 imo
1295 4478 1406 4528 ιιι,
1456 4461 1596 4532 apud
1639 4459 1814 4516 LXX.
1861 4493 1927 4502 —
1980 4478 2000 4511 ι
2039 4460 2184 4516 Dixit

2273 3261 2670 3332 ἑϐδομηκοστὸν
2701 3265 2837 3329 ἔτος.
2876 3283 2896 3319 ι

2349 3374 2366 3405 ι
2409 3355 2626 3419 Δίκαιος
2652 3352 2721 3421 εἴ,
2753 3358 2949 3428 Κύριε,
2980 3359 3063 3412 ὅτι
3111 3359 3531 3432 ἀπολογήσομαι
3572 3362 3693 3434 πρὸς
3716 3363 3790 3414 σέ·

2274 3448 2412 3518 πλὴν
2441 3449 2686 3520 κρίματα
2714 3451 2932 3522 λαλήσω
2961 3452 3097 3522 πρὸς
3133 3452 3194 3505 σὲ
3218 3468 3231 3483 ’
3280 3454 3332 3506 τί
3358 3455 3440 3507 ὅτι
3484 3455 3597 3518 ὁδὸς
3629 3453 3793 3508 ἀσεϐῶν

2275 3538 2551 3593 εύοδοῦται
2579 3557 2592 3606 ;
2624 3541 2927 3612 εύθήνησαν
2951 3542 3007 3596 δὲ
3033 3544 3232 3607 πάντες
3255 3545 3306 3597 oi
3329 3545 3674 3614 ἀθετοῦντες;
3699 3566 3714 3597 ι

2278 3743 2460 3817 ΤΙῘΛ.
2502 3743 2594 3817 ,ξ
2620 3777 2688 3784 -
2728 3747 2867 3813 Περὶ
2905 3748 3022 3817 τῶν
3065 3747 3486 3804 δουλεῦον-των
3540 3751 3684 3817 Θεῷο
3725 3753 3794 3803 καὶ

2347 3812 2857 3953 τούτους
2885 3815 3081 3888 τιμᾷν,
3107 3821 3202 3874 καὶ
3232 3820 3302 3873 τὰ
3325 3821 3481 3889 πρὸς
3508 3812 3796 3892 τὴν-χρείαν

2356 4014 2374 4047 ι
2417 3993 2582 4051 Εἶπεν
2615 4000 2643 4051 ό
2676 4001 2849 4054 Σαοὺλ
2878 4001 2955 4072 τῷ
2985 4002 3252 4074 παιδαρίῳ
3295 4005 3468 4060 αὑτοῦ
3489 4025 3503 4037 ·
3543 4007 3604 4060 Τί
3626 4008 3794 4076 οίσομν

2280 4088 2358 4160 τῷ
2395 4089 2669 4163 ἀνθρώπῳ
2696 4092 2791 4146 τοῦ
2815 4093 2979 4162 Θεοῦ;
3004 4097 3086 4149 ὅτι
3118 4097 3169 4150 οἱ
3197 4098 3354 4168 ἄρτοι
3382 4099 3736 4154 ἐκλελοίπασιν
3751 4099 3795 4150 ἐκ

2281 4181 2390 4235 τῶν
2423 4182 2662 4251 ἀγγείων
2691 4185 2868 4255 ἡμῶν.
2901 4187 3011 4242 Καὶ
3034 4184 3155 4242 εῐπε
3179 4190 3240 4243 τὸ
3267 4191 3558 4262 παιδάριον
3578 4210 3591 4223 ·
3633 4193 3739 4244 Ἰδοὺ
3757 4193 3795 4241 ὲν

2281 4276 2348 4345 τῇ
2379 4275 2521 4346 χειρί
2555 4293 2657 4346 μου
2681 4277 2940 4350 τέταρτον
2975 4281 3160 4335 σίκλου
3203 4284 3501 4355 ἀργυρίου,
3540 4284 3628 4338 καὶ
3654 4282 3796 4342 δώπις

2287 4363 2360 4434 τῷ
2387 4364 2659 4438 ἀνθρώπῳ
2690 4366 2782 4420 τοῦ
2818 4367 2975 4424 Θεοῦ.
3015 4389 3036 4423 ›

2360 4473 2378 4506 t
2413 4450 2583 4511 Εἶπεν
2619 4458 2903 4532 Ἰεροϐοὰμ
2933 4459 3070 4532 πρὸς
3093 4461 3190 4534 τὴν
3213 4467 3450 4531 γυναῖκα
3471 4464 3628 4520 αὐτοῦ
3651 4482 3662 4493 ⁸
3686 4462 3799 4519 Ἀνά-

602 4563 890 4620 Jeroboam
941 4559 1010 4615 ad
1061 4575 1286 4614 uxorem
1330 4572 1481 4613 suam
1527 4554 1776 4626 :Surge,
1827 4563 1881 4609 et
1928 4570 2082 4611 sume
2121 4555 2170 4610 iu

2283 4547 2462 4616 στηθι,
2498 4549 2590 4602 καὶ
2621 4550 2754 4602 λάϐε
2790 4554 2871 4615 εἰς
2899 4554 2997 4622 τὴν
3032 4554 3191 4624 χεῖρά
3215 4572 3310 4609 σου
3347 4557 3431 4628 τῷ
3458 4557 3713 4629 ἀνθρώπῳ
3728 4555 3794 4606 τοῦ

603 4674 767 4714 manu
802 4666 896 4713 tua
924 4655 1136 4712 homini
1167 4652 1260 4709 Dei
1289 4668 1482 4726 panes,
1522 4659 1579 4709 et
1617 4650 1880 4716 tortulas,
1908 4659 1962 4706 et
1994 4665 2176 4717 uvam,

600 4761 655 4807 et
686 4751 812 4806 mel.
848 4769 867 4802 ι

673 4837 772 4895 III
809 4838 939 4910 Reg.
986 4855 1144 4904 xvm,
1180 4839 1235 4894 4.
1258 4867 1330 4882 —-
1372 4856 1390 4889 ι
1427 4835 1656 4908 Accepit
1715 4834 1924 4891 Abdias
1953 4842 2176 4889 centum

601 4933 751 4988 viros
778 4933 1094 5003 prOphetas,
1137 4931 1430 4986 abscondit
1465 4945 1562 4986 eos
1607 4944 1710 5000 per
1754 4928 2179 5000 quinquagenos

600 5025 657 5079 iu
693 5024 994 5094 speluncis,
1030 5029 1085 5078 et
1117 5022 1302 5077 alebat
1337 5036 1456 5076 eos.
1495 5041 1514 5074 ι

672 5117 756 5171 ιγ
799 5116 926 5186 Reg.
978 5133 1032 5172 ιν
1065 5156 1080 5181 ,
1132 5116 1223 5169 10.
1262 5146 1331 5156 —-
1374 5133 1391 5165 ‹
1434 5115 1579 5169 Dixit
1639 5114 1835 5169 mulier
1879 5113 1947 5167 ad
2001 5112 2176 5167 virum

601 5224 800 5263 suum:
835 5208 976 5263 Ecce
1003 5207 1205 5262 transit
1234 5206 1301 5259 ad
1351 5219 1452 5260 nos
1487 5205 1652 5259 homo
1695 5205 1791 5259 Dei
1836 5223 1847 5257 :
1901 5202 2172 5258 faciamus

600 5302 681 5355 illi
703 5303 1074 5365 cmnaculum,
1097 5307 1152 5354 et
1187 5313 1460 5370 ponamus
1490 5299 1544 5351 in
1576 5312 1642 5352 eo
1665 5297 1890 5363 lectum,
1933 5304 1988 5351 et
2023 5311 2176 5350 men-

600 5408 738 5457 sam,
774 5403 827 5448 et
853 5393 1267 5448 candelabrum.
1307 5411 1325 5443 ι

533 5480 537 5482 ’
669 5484 831 5538 Prov.
868 5502 943 5552 xi,
975 5485 1155 5540 28.—
1199 5503 1218 5535 ‹
1257 5483 1362 5550 Qui
1396 5483 1619 5554 adjuvat
1659 5483 1897 5553 justum,
1933 5483 2023 5537 hic
2057 5497 2151 5552 ger

601 5573 856 5631 minabiti
889 5596 906 5627 ι

669 5667 824 5723 Prov.
853 5668 1088 5733 xxv,26.
1114 5701 1178 5712 --
1203 5687 1220 5720 ι
1253 5667 1415 5740 Velut
1445 5669 1488 5723 si
1507 5668 1632 5738 quis
1658 5669 1863 5721 fontem
1891 5667 2168 5729 obstruat,

595 5772 651 5820 et
684 5763 890 5817 exitum
925 5778 1080 5831 aqua:
1110 5762 1422 5828 lahefactet,
1453 5763 1531 5816 sic
1570 5760 1836 5815 indecens
1868 5769 1952 5815 est
1975 5759 2173 5814 cadere

598 5873 780 5913 coratn
817 5856 1003 5923 impio.
1047 5873 1062 5904 ι

2281 4638 2418 4693 Θεοῦ
2453 4641 2654 4711 ἄρτους
2681 4643 2776 4696 καλ⁸
2810 4643 3127 4717 κολλυρίδας
3152 4649 3265 4711 τοῖς
3292 4648 3510 4713 τέκνοις
3541 4646 3708 4712 αὑτοῦ,
3733 4646 3797 4696 καὶ

2283 4732 2577 4803 σταφυλὴν,
2603 4734 2699 4788 καὶ
2732 4735 2874 4805 μέλι.
2904 4755 2924 4789 ι

2357 4841 2376 4875 ι
2415 4825 2648 4879 Ἔλαϐεν
2687 4827 2899 4882 Ἀϐδιοῦ
2938 4828 3134 4884 ἕκατον
3166 4832 3368 4903 ἄνδρας
3409 4836 3700 4906 προφήτας,
3731 4847 3797 4882 και

2281 4913 2518 4988 ἔκρυψεν
2554 4919 2750 4981 αὐτοὺς
2778 4918 2885 4973 ἀνά
2910 4923 3248 4993 πεντήκοντα
3291 4927 3349 4978 ὲν
3403 4925 3694 4996 σπηλαίοις,
3731 4922 3798 4973 καὶ

2280 5007 2502 5080 ἔτρεφεν
2536 5010 2748 5074 αύτούς.
2784 5030 2802 5064 ι

2356 5117 2375 5150 ί
2409 5096 2636 5174 Εἶπενὴ
2667 5102 2807 5174 γυνὴ
2842 5105 2981 5176 πρὸς
3012 5107 3103 5160 τὸν
3130 5108 3297 5178 ἄνδρα
3329 5109 3534 5179 αὐτῆςο
3578 5108 3693 5162 ’1δοῦ
3715 5107 3798 5158 δια-

2279 5190 2571 5260 πορεύεται
2599 5195 2681 5264 ὲφ’
2712 5198 2860 5266 ἡμᾶς
2891 5199 3174 5272 ἄνθρωπος
3205 5201 3298 5254 τοῦ
3328 5202 3463 5255 Θεοῦ
3493 5220 3505 5231 ·
3533 5204 3796 5268 ποιήσωμέν

2279 5285 2426 5356 αὐτῷ
2477 5289 2746 5360 ὑπερῷον,
2784 5291 2880 5344 καὶ
2917 5293 3100 5363 θῶμεν
3132 5295 3280 5366 αὐτῷ
3331 5298 3446 5348 ἐκεῖ
3487 5294 3681 5364 κλίνην,
3727 5291 3794 5342 ιωὶ

2278 5380 2577 5451 τράπεζαν,
2608 5384 2702 5436 καὶ
2732 5383 2970 5455 λυχνίαν.
3008 5405 3027 5437 ι

2355 5494 2370 5525 ι
2429 5476 2986 5550 Ἀντιλαμϐανόμενος
3021 5480 3253 5550 δικαίου,
3304 5499 3456 5547 ουτος
3508 5479 3786 5535 magna»

2355 5679 2372 5711 ε
2427 5660 2514 5723 Ὡς
2543 5660 2597 5712 εἷ
2621 5678 2705 5724 τις
2746 5661 2929 5732 πηγὴν
2956 5662 3210 5732 φράσσοι,
3267 5664 3361 5717 καὶ
3392 5663 3576 5724 ὕδατος
3606 5655 3788 5720 διέξοδον

2278 5755 2612 5823 ¹·υμαίνοιτον
2658 5753 2833 5818 οὕτως
2899 5756 3143 5828 ἄκοσμον
3205 5757 3412 5812 δίκαιον
3490 5750 3786 5808 πεπτωκέναι

2277 5847 2508 5900 ἐνώπιον
2541 5846 2793 5911 ἀσεϐοῦς.
2837 5867 2855 5899 ι
