3910 6404
122 444 252 513 13ϐ1

1372 442 1608 503 SACRA
1644 434 2108 499 PARALLELA.

3227 417 3363 491 1362
3384 438 3387 441 ‘

265 566 363 626 Ὃς
438 561 537 617 οὐκ
593 560 909 631 αἰσχύνεται
959 558 1226 630 πρόσωπα
1280 558 1531 623 δικαίων,
1590 557 1691 610 οὐκ

1868 569 1886 601 ι
1924 548 2029 615 Qui
2082 547 2358 617 iustorum
2394 541 2593 598 faciem
2620 552 2733 595 non
2759 541 2998 599 veretur,
3041 536 3221 592 bonus
3247 553 3358 592 non

119 656 349 713 ἀγαθός.
386 672 405 706 ι

200 673 299 710 auo
335 695 349 709 .
386 673 405 706 ι

163 675 221 801 γι
260 673 501 820 Ζξιμιοῦν
532 747 702 819 ἄνδρα
747 745 978 812 δίκαιον,
1008 746 1068 799 οὐ
1097 744 1283 813 καλὸν,
1306 744 1430 800 οὐδὲ
1456 746 1623 800 ὅσιον.
1664 763 1685 797 ι

206 956 227 989 ι
266 933 573 1006 Εὐποίησον
607 932 841 997 εὐσεϐεῖ,
881 931 977 986 καὶ
1020 931 1277 1001 εὑρήσεις
1305 929 1689 999 ἁνταπόδωμα,

118 1032 222 1087 καὶ
252 1032 300 1085 εί
337 1031 412 1101 μὴ
456 1028 586 1099 παρ’
616 1027 804 1089 αὑτοῦ.
840 1025 975 1081 ἀλλά
1019 1025 1170 1096 παρὰ
1206 1023 1299 1078 τοῦ
1342 1022 1622 1093 Ὑψίστου.
1666 1041 1687 1075 ι

195 1124 260 1179 υί
283 1124 410 1187 τοὺς
437 1121 676 1189 ἀγαθοὺς
704 1119 1084 1182 ἐπαινοῦντες,
1124 1116 1379 1188 μερισταὶ
1406 1114 1514 1169 τῶν
1544 1115 1692 1170 ὲκεί-

118 1235 244 1279 νοις
272 1214 650 1285 ἀποκειμένων
687 1212 967 1281 στεφάνων
992 1209 1149 1264 είσίν.

192 1310 308 1365 Οὐκ
334 1308 447 1363 ἔστι
474 1307 619 1378 μέγα
638 1305 699 1360 τὸ
722 1304 1031 1376 φροντίζειν
1050 1301 1245 1370 ἀνδρὸς
1267 1299 1500 1356 δικαίου.
1534 1298 1695 1355 Ἀλλά

120 1406 290 1475 χάριν
320 1400 589 1473 λαμϐάνει
610 1400 639 1454 ὁ
662 1395 1085 1468 καταξιούμενος
1116 1396 1387 1450 διακονεῖν
1415 1392 1586 1463 αὐτῷ.

114 1622 307 1675 ΤιΤΑ.
350 1619 444 1688 ς’.
489 1652 551 1660 -
582 1617 726 1685 Περὶ
749 1615 1141 1688 ίδιατνῴσεως
1172 1613 1366 1688 rerum?
1396 1612 1492 1688 καί
1515 1627 1698 1688 grav-31-

183 1691 302 1760 ροῦ
327 1707 342 1722 '
378 1682 479 1744 καὶ
528 1689 617 1760 ὅτι
647 1682 1142 1760 ἆπρ-ζῶιρμέργων.
1174 1684 1377 1755 καὶμὴ
1415 1683 1534 1739 ἀπὸ
1576 1682 1696 1737 τῶν

187 1755 390 1843 λόγων
413 1760 531 1831 χρὴ
560 1755 892 1828 δοκιμάζειν
911 1755 1192 1811 ἕκαστον.

197 1921 217 1953 ι
254 1899 551 1970 Στολισμὺς
593 1896 805 1968 ἀνδρὸς,
842 1896 939 1950 καί
967 1894 1141 1969 βῆμα,
1167 1892 1345 1957 ποδὸς,
1387 1892 1482 1947 καὶ
1522 1890 1693 1960 γέλως
1728 1918 1767 1971 Β

106 1995 344 2050 ὀδόντων
374 1990 665 2062 ἀναγγελεῖ
683 1990 752 2043 τά
775 1989 900 2069 περὶ
935 1988 1122 2042 αὑτοῦ.
1156 2006 1173 2037 ι

191 2190 211 2223 ι
265 2170 363 2223 Ἐκ
392 2167 502 2239 γὰρ
538 2168 632 2222 τοῦ
682 2167 897 2238 καρποῦ
928 2165 987 2220 τὸ
1023 2165 1240 2236 δένδρον
1268 2163 1616 2233 γινώσκεται.
1667 2179 1687 2213 ι

192 2281 212 2313 ι
282 2262 588 2334 Προσέχετε
637 2260 745 2314 ἀπὸ
786 2258 894 2313 τῶν
936 2257 1419 2329 ψευδοπροφητῶν,
1462 2255 1514 2309 οἵ
1548 2271 1693 2318 τινες

111 2358 370 2427 ἔρχονται
396 2354 533 2425 πρὸς
562 2355 708 2425 ὑμᾶς
735 2356 793 2407 ὲν
840 2352 1102 2423 ἐνδύμασι
1133 2351 1445 2422 προϐάτων,
1488 2347 1692 2402 ἔσωθεν

111 2450 172 2502 δέ
205 2450 314 2502 είσι
335 2447 489 2501 λύκοι
513 2447 783 2519 ἅρπαγες.
819 2445 952 2499 Ἀπὸ
972 2445 1082 2499 τῶν
1105 2443 1336 2516 καρπῶν
1363 2442 1544 2496 αὐτῶν
1572 2443 1690 2493 ἐπι-

112 2537 393 2608 γνώσεσθε
425 2536 644 2600 αὑτούς.
680 2556 700 2589 ι
874 2524 877 2525 ν

189 2650 211 2683 ι
262 2629 535 2684 Ἕκαστον
580 2628 795 2700 δένδρον
833 2629 899 2681 ἐκ
948 2626 1043 2681 τοῦ
1095 2626 1223 2680 ἰδίου
1271 2625 1483 2697 καρποῦ
1526 2623 1689 2693 γινὼ-

115 2742 337 2779 σκεται.
369 2744 387 2777 1

191 2838 211 2871 ι
273 2818 598 2890 Ἀγαπητοί,
624 2817 700 2890 μὴ
732 2817 897 2871 παντὶ
926 2814 1202 2885 πνεύματι
1227 2812 1532 2878 πιστεύετε,
1556 2804 1691 2865 ἀλλὰ

112 2910 447 2980 δοκιμάζετε
475 2910 547 2965 τά
585 2909 894 2977 πνεύματα.
933 2928 951 2960 ι

197 3000 511 3070 Ἐνδέχεται
547 3000 666 3069 μὲν,
700 2993 744 3052 ὦ
779 2997 1007 3060 παιδίον,
1041 2997 1220 3065 λέγειν
1248 2995 1347 3067 μὲν
1375 2989 1458 3058 εὖ,
1492 2993 1694 3064 φαῦλον

112 3094 171 3147 δὲ
205 3092 501 3164 ὑπάρχειν,
537 3093 852 3166 πράσσοντα
900 3091 955 3146 δὲ
992 3087 1076 3156 εὖ,
1130 3090 1333 3160 φαῦλον
1382 3084 1520 3166 εἶναι
1560 3087 1694 3141 ἁδύ-

116 3204 302 3242 νατον.

1790 650 1895 697 est.
1930 661 1947 693 ι

1863 734 2022 789 Prov.
2062 748 2194 792 xvu.
2223 730 2313 785 26.
2344 758 2418 771 —-
2447 747 2466 780 ι
2501 726 2773 783 Damnum
2806 724 3011 782 inferre
3046 725 3168 779 viro
3186 724 3362 794 justo,

1791 841 1892 882 nec
1924 826 2152 888 bonum,
2190 837 2293 877 nec
2320 821 2472 891 pium
2512 828 2617 874 est.
2658 838 2678 870 ι

1863 916 2041 972 Eecli.
2085 931 2184 979 xu,
2217 914 2274 972 2.
2306 944 2377 959 ——
2418 931 2438 966 ι
2470 910 2711 968 Benefac
2751 912 2866 981 pio,
2913 917 2968 965 et
3008 907 3252 964 invenies
3283 923 3366 961 re-

1791 1010 2149 1065 tributionem
2175 1026 2191 1074 ;
2225 1015 2280 1062 et
2309 1006 2355 1061 si
2393 1020 2504 1059 non
2533 1004 2602 1058 ab
2634 1004 2775 1072 ipso,
2809 1009 2962 1057 certe
2991 1016 3023 1054 a
3057 998 3309 1053 Domino.
3340 1015 3359 1048 ι

1860 1100 1969 1169 Qui
2004 1101 2181 1157 bonos
2232 1098 2491 1154 laudibus
2541 1096 2839 1156 extollunt.
2872 1106 3207 1148 coronarum
3244 1104 3367 1160 qua:

1792 1194 1929 1266 ipsis
1952 1193 2255 1249 reconditae
2279 1198 2433 1254 sunt,
2465 1187 2764 1261 participes
2799 1184 3111 1241 eﬂiciuntur

1870 1284 1931 1342 S.
1957 1284 2263 1341 Clementis.
2294 1281 2503 1337 —-Non
2540 1289 2627 1337 est
2653 1293 2913 1346 magnum
2947 1276 3050 1332 viri
3094 1274 3229 1346 justi
3271 1289 3367 1328 cu-

1791 1394 1910 1434 ram
1941 1394 2153 1450 gerere.
2191 1376 2299 1433 Sed
2331 1375 2653 1433 beneﬁcium
2685 1373 2902 1444 accipit,
2931 1370 3020 1427 cui
3053 1370 3159 1427 hoc
3182 1369 3364 1435 datur,

1794 1481 1855 1526 ut
1887 1471 1969 1526 illi
2013 1470 2421 1528 subministret.

1798 1606 1966 1681 429
1999 1606 2135 1663 ΤΙΤ.
2162 1606 2251 1663 Vl.
2278 1636 2358 1681 ‘——
2392 1604 2471 1659 De
2518 1604 2827 1659 discrimine
2875 1602 2995 1656 boni
3029 1598 3244 1681 et__mali
3268 1614 3286 1651 :
3316 1606 3367 1652 et

1863 1671 2003 1747 q_u'od
2029 1694 2093 1732 ea:
2122 1677 2388 1745 operibus,
2434 1693 2539 1732 non
2568 1684 2741 1729 autem
2773 1689 2837 1728 ea:
2871 1671 3222 1736 sermonibus,
3250 1685 3369 1722 cen-

1865 1750 1971 1803 seri
1999 1750 2218 1821 quisque
2243 1748 2451 1802 debeat.

1879 1880 2052 1937 Eccli.
2098 1897 2212 1946 xux,
2273 1882 2364 1937 27.
2400 1911 2470 1921 —
2522 1898 2541 1932 ι
2586 1876 2835 1933 Amictus
2864 1875 3001 1939 viri,
3038 1880 3093 1928 et
3147 1885 3370 1943 gressus

1806 1975 1986 2046 pedis,
2014 1984 2072 2031 et
2124 1975 2268 2031 risus
2326 1973 2599 2039 dentium,
2658 1968 2968 2028 enuntiabit
3011 1980 3133 2036 qua;
3171 1966 3237 2021 de
3277 1964 3369 2019 illo

1792 2077 1941 2126 sunt.
1980 2087 2000 2121 ι

1866 2158 2060 2213 Matth.
2095 2176 2191 2225 xu,
2217 2160 2306 2214 55.
2328 2188 2398 2200 -
2424 2176 2443 2209 ι
2474 2156 2551 2211 Ex
2577 2155 2757 2210 fructu
2790 2153 2957 2208 arbor
2980 2150 3314 2223 agnoscitur.
3345 2166 3365 2201 ι

1868 2248 2064 2306 Matth.
2097 2266 2194 2317 vn,
2230 2251 2318 2306 15.
2358 2282 2425 2293 —-
2460 2269 2479 2302 ι
2519 2247 2798 2302 Attendite
2822 2261 2853 2300 a
2888 2244 3039 2299 falsis
3069 2242 3370 2315 prophetis,

1793 2343 1892 2411 qui
1922 2344 2153 2398 veniunt
2185 2343 2252 2397 ad
2284 2359 2383 2399 vos
2416 2345 2471 2398 in
2510 2339 2855 2396 vestimentis
2901 2339 3085 2392 ovium
3110 2379 3124 2403 ,
3176 2336 3371 2390 intrin-

1792 2450 1959 2489 secus
1986 2444 2167 2490 autem
2204 2446 2338 2492 sunt
2364 2436 2476 2507 lupi
2512 2448 2759 2505 rapaces.
2789 2431 2833 2485 A
2870 2429 3144 2485 fructibus
3181 2443 3370 2484 eorum

1791 2528 2138 2596 cognoscetis
2166 2542 2282 2582 eos.
2324 2547 2341 2579 ι

1863 2617 1995 2671 Luc.
2032 2635 2110 2680 vn,
2151 2619 2240 2676 44.
2273 2650 2341 2659 -
2378 2639 2397 2669 ι
2444 2617 2802 2692 Unaquaeque
2858 2634 3024 2675 arnor
3065 2617 3134 2672 de
3187 2613 3371 2669 fructu

1793 2726 1897 2767 suo
1928 2696 2301 2781 cognoscitur.
2345 2731 2362 2763 ι

1867 2804 1894 2859 1
1919 2804 2083 2862 Joan.
2115 2823 2191 2872 Iv,
2213 2808 2345 2861 1.-
2364 2828 2381 2858 ι
2405 2808 2752 2873 Charissimi,
2785 2808 2951 2864 nolite
2977 2807 3123 2861 omni
3151 2804 3371 2877 spiritui

1794 2898 2038 2963 credere,
2066 2899 2164 2954 sed
2190 2902 2416 2970 probate
2449 2902 2699 2969 spiritus.
2738 2921 2756 2953 ι
2792 2944 2793 2949 η

1867 2988 2011 3045 Fieri
2040 2990 2261 3060 quidem
2300 3000 2502 3063 potest,
2541 3008 2574 3045 ο
2611 2992 2706 3057 ﬁli,
2763 3000 2820 3045 ut
2871 2991 2996 3059 quis
3046 3004 3170 3043 cum
3203 2987 3375 3059 probe

1795 3081 2078 3152 loquatur,
2118 3081 2400 3151 improbus
2447 3083 2515 3137 sit
2545 3102 2559 3137 :
2595 3093 2653 3136 ut
2696 3095 2877 3138 autem
2908 3080 3001 3150 qui
3038 3080 3208 3150 probe
3239 3078 3372 3149 agit,

1798 3175 1870 3229 sit
1903 3174 2212 3245 improbus,
2243 3175 2348 3229 hoc
2381 3176 2495 3230 ﬁeri
2528 3177 2840 3231 nullatenus
2868 3180 3070 3245 potest.

115 3322 307 3376 TITA.
339 3319 411 3375 Z'.
434 3352 504 3362 -—
535 3322 673 3391 Περὶ
696 3320 963 3380 δικαίων.
994 3320 1092 3375 καί
1118 3319 1307 3388 εὐχῆς
1326 3319 1468 3391 ,παρ’
1496 3318 1695 3373 αὐτῶν

1850 3302 1938 3360 IT.
1960 3304 2147 3391 Vll.—
2164 3305 2238 3391 De
2255 3307 2445 3391 justis,
2476 3307 2802 3391 ‘etprefibus
2827 3321 2961 3377 quas
2992 3304 3076 3389 itii
3098 3288 3328 3391 fundunt
3354 3316 3373 3363 ;

189 3392 515 3472 γινρμένης
541 3407 555 3421 °
582 3394 683 3447 καί
731 3392 816 3448 ὅτι
846 3391 1135 3462 φυλάττει
1163 3390 1385 3455 αὐτοὺς
1401 3390 1471 3443 ἐκ
1495 3405 1692 3459 πειρα-

186 3480 383 3532 σμων.
770 3508 773 3511 .

198 3618 218 3647 ι
263 3597 605 3668 Προσεύξατο
644 3600 897 3670 Ἀϐραάμ
923 3598 1059 3671 πρὸς
1084 3598 1174 3652 τὸν
1199 3596 1353 3659 Θιδν.
1382 3597 1479 3651 καὶ
1506 3598 1694 3655 ἰάσατο

138 3689 460 3765 Ἀϐιμέλεχ,
491 3692 585 3748 καὶ
613 3693 719 3767 τὴν
748 3694 986 3765 γυναῖκα
1019 3690 1189 3750 αὑτοῦ
1247 3690 1342 3750 καὶ
1373 3695 1471 3759 τὰς
1517 3693 1695 3748 παιδί-

129 3801 291 3849 σκας,
330 3787 422 3839 καὶ
455 3786 685 3843 ἔτικτον.
723 3808 741 3841 ι

206 3898 224 3930 ι
268 3879 382 3932 Οὐκ
408 3881 602 3949 ἀφελεῖ
629 3882 739 3935 ἀπὸ
783 3882 995 3936 δικαίου
1037 3882 1350 3953 ὀφθαλμοὺς
1379 3880 1567 3945 αὐτοῦ,
1606 3882 1700 3935 καὶ

124 3972 409 4026 καθιετται
434 3974 630 4039 αὐτοὺς
658 3977 738 4039 εἰς
768 3976 938 4039 νίκος.
969 3976 1065 4029 καὶ
1099 3975 1500 4045 ὑψωθήσονται.
1532 3994 1551 4026 ι

204 4174 223 4205 ι
279 4153 408 4208 Ἰδοὺ
438 4155 489 4207 οί
512 4155 781 4226 ὀφθαλμοὶ
810 4156 1020 4227 Κυρίου
1052 4155 1145 4209 ἐπὶ
1173 4156 1296 4221 τοὺς
1337 4155 1701 4228 φοϐουμένους

130 4248 321 4310 αὑτὸν,
364 4268 384 4301 ι
414 4250 507 4302 καὶ
528 4250 596 4303 τὰ
627 4250 811 4304 λοιπά.

207 4359 227 4390 ι
271 4340 470 4394 Πολλαὶ
496 4343 552 4395 αἱ
599 4341 809 4412 θλίψεις
850 4342 959 4395 τῶν
986 4342 1232 4404 δικαίων,
1272 4360 1367 4396 και
1401 4356 1467 4395 εκ
1511 4341 1700 4395 πασῶν

114 4431 340 4487 αὐτῶν.
383 4452 401 4484 ›
436 4465 507 4474 —
536 4453 554 4485 ι
595 4434 898 4504 Ὀφθαλμοὶ
935 4435 1140 4506 Κυρίου
1176 4437 1267 4489 ἐπὶ
1299 4434 1563 4499 δικαίους,
1595 4434 1703 4501 ,καὶ

132 4515 252 4576 ὦτα
283 4522 448 4576 αὐτοῦ
481 4525 560 4587 είς
579 4524 791 4596 δεήσεις
815 4524 1012 4579 αὐτῶν.
1048 4544 1066 4575 ι

208 4633 227 4665 ι
286 4614 672 4686 ’Υποστηρίζει
694 4615 749 4669 δὲ
776 4614 905 4679 τοὺς
934 4616 1179 4680 δικαίους
1214 4616 1243 4668 ὁ
1280 4615 1505 4685 Κύριος.
1538 4612 1705 4666 Γινώ-
1740 4647 1788 4705 D

139 4726 263 4763 σκει
289 4708 492 4780 Κύριος
513 4709 631 4773 τὰς,
668 4728 686 4762 ι
724 4726 779 4765 κ.
812 4726 863 4764 τ.
906 4726 952 4764 ε.

214 4820 232 4853 ι
274 4801 546 4855 Φυλάσσει
583 4800 787 4872 Κύριος
827 4801 1007 4854 πάντα
1032 4799 1102 4853 τὰ
1137 4799 1273 4869 ὀστᾷ
1302 4796 1480 4852 αὐτῶν
1504 4812 1518 4826 ·
1551 4795 1609 4848 ἓν
1650 4794 1709 4858 ἐξ

141 4893 322 4948 αὐτῶν
344 4893 405 4947 οὐ
431 4892 866 4964 συντριϐήσεται.
910 4912 930 4946 ι

218 5005 239 5038 ι
278 4986 602 5057 Συνθέλημα
620 4984 730 5039 τῶν
772 4985 1122 5056 φοὸουμένων
1151 4984 1313 5038 αὐτὸν
1352 4982 1592 5052 ποιήσει,
1617 4979 1711 5033 καὶ

142 5078 241 5145 τῆς
267 5078 525 5147 δεήσεως.
568 5095 587 5129 ι

225 5190 244 5222 ι
278 5170 427 5243 Εὑχὴ
460 5170 894 5227 κατευθυνόντων
913 5167 1080 5241 δεκτὴ
1114 5168 1263 5237 παρὰ
1285 5166 1423 5237 Θεῷ.
1463 5186 1480 5219 ι

222 5372 240 5402 ι
281 5351 381 5407 Διὰ
408 5350 662 5423 βοήθειαν
690 5346 917 5403 δικαίων
940 5346 1113 5417 πολλὴ
1134 5344 1344 5415 γίνεται
1364 5344 1509 5409 δόξα.
1547 5362 1566 5394 ι

230 5549 247 5580 ι
299 5527 587 5592 Ἐπαὺλεις
619 5528 843 5582 δικαίων
871 5525 1234 5595 εὐλογοῦνται.
1274 5543 1293 5578 ι

225 5726 245 5759 ι
291 5705 527 5776 Εὑλογία
562 5705 772 5775 Κυρίου
803 5705 896 5757 ἐπὶ
919 5703 1163 5774 κεφαλὴν
1188 5701 1420 5757 δικαίου.
1455 5718 1473 5751 ι

230 5923 250 5957 ι
284 5905 401 5969 Φῶς
421 5902 648 5967 δικαίοις
670 5899 757 5956 διὰ
780 5899 999 5963 παντός.
1037 5917 1057 5952 ι

1966 3384 2174 3448 etquod
2204 3394 2279 3432 ea:
2309 3394 2342 3431 a
2381 3378 2753 3432 teutationibus
2784 3379 2923 3448 ipsos
2945 3379 3206 3431 eximant.
3302 3388 3305 3391 '

1873 3572 2005 3633 Gen.
2034 3591 2129 3642 xx,
2162 3574 2252 3635 i8.
2281 3606 2355 3618 --
2387 3598 2405 3628 ι
2444 3576 2633 3632 Oravit
2667 3576 2941 3631 Abraham
2978 3575 3046 3630 ad
3102 3574 3297 3638 Deum,
3320 3580 3375 3626 et

1805 3669 2021 3725 sanavit
2051 3668 2387 3729 Abimelech,
2424 3676 2479 3722 et
2512 3681 2738 3722 uxorem
2777 3667 2922 3737 ejus,
2954 3674 3009 3720 et
3047 3664 3297 3724 ancillas.
3322 3675 3376 3717 et

1807 3770 2157 3833 pepererunt.
2194 3780 2213 3815 ι

1875 3853 1978 3908 Job
2026 3871 2223 3917 xxxrv.
2286 3852 2337 3907 7.
2376 3885 2443 3894 -—-
2490 3872 2511 3904 ι
2547 3850 2664 3906 Νοη
2704 3850 2913 3906 auferet
2944 3863 2973 3902 a
3004 3846 3153 3916 justo
3184 3843 3377 3898 oculos

1807 3962 1940 4002 suos
1972 3966 1985 4002 :
2022 3957 2078 4004 et
2111 3948 2404 4007 collocabit
2435 3961 2533 4003 eos
2577 3947 2634 4002 in
2673 3943 2927 4009 victoria,
2962 3947 3019 3997 et
3057 3936 3375 3996 exaltabun-

1807 4049 1916 4097 tur.
1960 4061 1980 4095 ι

1878 4131 2029 4189 Psal.
2065 4131 2356 4197 XXXII,18.
2387 4161 2457 4176 ρ-
2511 4148 2530 4182 ι
2563 4128 2702 4185 Ecce
2760 4127 2905 4184 oculi
2953 4122 3168 4181 Domini
3211 4136 3378 4191 super

1807 4233 2115 4282 metuentes
2151 4241 2299 4291 eum,
2330 4244 2354 4279 ι
2386 4232 2442 4279 et
2466 4234 2683 4280 caetera.

1878 4319 2030 4375 Psat.
2048 4334 2244 4385 xum,
2265 4315 2460 4374 20.—-¢
2487 4316 2668 4371 Multae
2684 4310 3376 4381 tribulationesjustorum.

1808 4423 1863 4467 et
1891 4429 1960 4469 ex
1987 4412 2243 4468 omnibus
2270 4410 2378 4473 bis,
2419 4430 2438 4463 ι
2490 4420 2599 4465 etc.
2625 4407 2767 4462 Ibid.
2802 4406 2889 4461 16.
2927 4437 2998 4449 -
3032 4425 3050 4456 ι
3086 4402 3242 4459 Oculi
3276 4402 3381 4455 Do-

1812 4504 1943 4559 mini
1967 4518 2131 4574 super
2154 4480 2360 4572 justus,
2399 4509 2454 4557 et
2478 4515 2641 4555 aures
2669 4499 2788 4569 ejus
2813 4498 2867 4552 in
2902 4511 3093 4567 preces
3115 4510 3326 4551 eorum.
3359 4513 3376 4542 ι

1893 4597 2038 4652 οισι.
2063 4612 2251 4658 xxxrv,
2279 4597 2363 4650 Π.
2386 4624 2456 4634 --
2490 4614 2507 4645 ι
2534 4593 2836 4649 Conlirmat
2856 4601 3038 4646 autem
3070 4590 3252 4660 justos
3279 4586 3384 4640 Do.

1815 4691 2013 4745 minus.
2045 4688 2210 4744 Novit
2240 4687 2501 4742 Dominus
2542 4685 2682 4751 dies,
2712 4702 2731 4736 ι
2768 4691 2875 4738 etc.

1802 4834 1807 4835 ,
1884 4781 2038 4837 Psal.
2061 4797 2237 4845 χχχιι,
2259 4780 2451 4835 2L—r
2476 4776 2729 4832 Custodit
2756 4774 3022 4830 Dominus
3052 4771 3239 4828 omnia
3257 4785 3385 4827 ossa

1810 4891 1999 4931 eorum
2029 4889 2044 4928 :
2077 4889 2245 4929 unum
2268 4889 2335 4928 ex
2360 4873 2580 4927 eis‘uon
2611 4877 2954 4925 conteretur.
2988 4886 3006 4920 ι

1885 4966 2034 5021 Psal.
2063 4980 2243 5028 σχειν,
2290 4964 2380 5019 19.
2422 4991 2493 5002 -
2534 4981 2553 5013 ι
2582 4959 2932 5017 Voluntatem
2983 4958 3290 5014 timentium
3323 4972 3386 5011 sc

1814 5042 1999 5123 faciet,
2040 5068 2096 5114 et
2125 5056 2587 5126 deprecationem,
2618 5074 2636 5106 I
2675 5064 2784 5111 etc.

1886 5153 2045 5209 Prov.
2072 5168 2161 5214 xv,
2190 5150 2244 5204 9.
2276 5178 2348 5193 -—
2400 5167 2418 5201 ι
2456 5147 2785 5220 Deprecatio
2830 5153 3107 5201 rectorum
3163 5149 3389 5211 accepta

1812 5254 1902 5302 est
1936 5244 2078 5315 apud
2114 5242 2307 5298 Deum.
2349 5261 2368 5293 ι

1887 5310 2046 5393 Prov.
2076 5352 2266 5398 xxvm,
2293 5335 2384 5389 12.
2412 5364 2484 5374 -—
2512 5352 2531 5385 ι
2564 5331 2793 5403 Propter
2824 5330 3084 5385 auxilium
3113 5310 3382 5399 iustorum

1818 5444 2016 5500 magna
2046 5428 2240 5501 gloria.
2275 5445 2294 5479 ι

1897 5520 2058 5574 Prov.
2101 5535 2182 5584 ιιι,
2209 5519 2296 5574 55.
2324 5548 2397 5558 -
2432 5535 2451 5566 ι
2485 5514 2803 5571 Habitacula
2855 5512 3130 5584 justorum
3166 5510 3381 5566 benedi-

1856 5621 2043 5667 untur.
2082 5630 2103 5665 ι

1820 5630 2043 5670 cuntur.
2082 5630 2103 5665 ι

1899 5705 2060 5761 Prov.
2092 5721 2145 5769 ι,
2174 5704 2262 5759 22.
2294 5735 2365 5745 --
2399 5722 2419 5756 ι
2451 5700 2767 5760 Benedictio
2800 5697 3015 5754 Domini
3039 5712 3201 5768 super
3233 5703 3383 5765 caput

1816 5798 1973 5871 justi.
2008 5817 2027 5851 ι

1899 5891 2056 5951 Prov.
2092 5904 2208 5955 χιιι,
2237 5890 2292 5947 9.
2329 5905 2393 5929 -—'-
2424 5905 2443 5940 ι
2482 5885 2600 5947 Lux
2629 5886 2797 5960 iustis
2837 5898 3073 5957 semper.
3110 5900 3131 5937 ι
