4024 6408
575 425 599 492 1
610 429 714 496 363

1742 441 1798 497 S.
1831 439 2148 500 JOANNIS
2184 439 2615 508 DAMASCENI

3683 444 3807 508 Ῑῖἰδῑ

639 545 800 599 Prov.
865 561 953 611 xv,
1015 545 1168 600 7.-
1212 565 1230 598 ‹
1275 547 1480 602 Domus
1537 547 1814 610 iustorum
1880 548 2126 601 fortitudt

2320 585 2338 618 ‹
2369 563 2528 630 οἶκος
2555 560 2780 615 δικαίων
2805 561 2956 632 ἰσχῦς
2975 564 3165 636 πολλή.
3206 581 3226 616 ι

569 649 783 705 magna.
819 653 837 688 ι

642 730 802 786 Prov.
834 748 982 797 xxix,
1027 733 1083 788 6.
1127 764 1196 773 -—
1232 752 1251 785 ‹
1287 733 1481 791 Justus
1523 736 1578 790 in
1614 737 1815 808 gaudio
1855 747 1910 793 et
1955 739 2141 794 la:titia

568 825 690 878 erit.
731 844 750 877 ι

637 918 796 976 Prov.
826 937 902 984 χι,
931 921 984 976 8.
1013 951 1082 961 —
1114 940 1133 974 ι
1167 921 1362 978 Justus
1382 938 1450 978 ex
1471 923 1762 979 venatione
1789 926 1971 980 evadit
1999 944 2011 980 :
2043 942 2141 997 pro

567 1013 686 1082 ipso
726 1013 962 1068 traditur
991 1013 1215 1084 impius.
1259 1033 1278 1065 ι

638 1101 754 1156 Ira.
789 1118 940 1168 mn,
979 1104 1032 1158 1.
1062 1134 1133 1143 ——
1166 1122 1185 1155 ι
1221 1102 1343 1160 Noli
1386 1105 1603 1172 timere,
1635 1109 1895 1179 quoniam
1931 1108 2138 1166 redemi

567 1203 640 1257 te,
670 1195 864 1249 vocavi
901 1205 953 1250 te
976 1197 1197 1251 nomine
1225 1209 1316 1253 tuo
1344 1217 1358 1253 :
1387 1215 1545 1255 meus
1580 1215 1641 1255 es
1672 1208 1733 1255 tu
1765 1220 1779 1256 :
1805 1210 1860 1257 et
1888 1202 1935 1258 si
1960 1211 2141 1257 trans-

569 1287 700 1342 ieris
734 1303 832 1357 per
868 1303 1087 1358 aquam,
1114 1297 1295 1344 tecum
1317 1302 1530 1357 sum,et
1557 1291 1780 1348 ﬂumina
1803 1309 1909 1349 non
1937 1309 2138 1365 coope-

566 1374 704 1429 rient
732 1386 781 1430 te
805 1395 818 1430 :
855 1384 910 1431 et
939 1377 986 1430 si
1019 1379 1304 1435 transieris
1326 1396 1424 1449 per
1453 1381 1657 1452 ignem,
1684 1397 1791 1436 non
1823 1383 2088 1438 exureris.
2111 1402 2130 1436 ι

633 1466 756 1521 Jac.
811 1486 862 1532 v,
919 1470 1006 1525 17.
1039 1501 1109 1509 -
1138 1489 1156 1522 ι
1193 1470 1419 1526 Multum
1470 1472 1613 1528 valet
1651 1473 1963 1543 deprecatio
1998 1474 2135 1543 justi

565 1558 810 1614 assidua.
846 1580 864 1612 ι

634 1649 702 1706 ΙΙ
731 1653 878 1707 Petr.
904 1669 962 1718 ll,
1006 1656 1147 1710 9.-
1191 1674 1210 1706 ‹
1245 1653 1409 1709 Novit
1442 1655 1705 1711 Dominus
1741 1657 1862 1727 pios
1889 1673 1919 1712 e
1953 1666 2133 1712 tenta.

563 1743 711 1798 tione
745 1745 977 1814 eripere.
1015 1766 1034 1798 ι

629 1835 772 1891 Justi
810 1838 965 1892 multi
997 1839 1054 1893 in
1090 1839 1433 1895 calamitates
1473 1841 1724 1896 incidunt
1757 1861 1770 1897 :
1803 1841 1895 1896 sed
1923 1844 2008 1898 ha:
2037 1842 2134 1896 lla-

564 1925 700 1994 gella
729 1941 836 1981 non
877 1936 1024 1983 sunt.

561 2035 726 2110 530
772 2039 907 2097 ΤῙΤ.
946 2040 1084 2096 Vlll.
1107 2072 1176 2082 -—-
1207 2043 1285 2116 De
1323 2045 1482 2113 iustis
1511 2062 1530 2099 :
1561 2048 1698 2116 quod
1735 2058 2138 2102 contemnuntur

1086 2124 1134 2166 et
1161 2114 1302 2169 male
1331 2114 1606 2172 vexantur.

631 2199 733 2254 Job
766 2219 858 2268 ix,
910 2204 1003 2260 23.
1044 2236 1116 2247 —
1177 2226 1195 2258 ι
1240 2207 1380 2264 Justi
1431 2210 1773 2266 deridentur.
1815 2209 2137 2267 Traduntur

562 2292 708 2345 enim
742 2295 794 2347 in
833 2310 1027 2351 manus
1062 2297 1374 2368 impiorum.
1421 2320 1439 2353 ι

629 2379 732 2434 Job
763 2400 862 2450 xu,
916 2385 951 2439 4
1005 2418 1073 2430 --
1108 2407 1126 2439 ι
1159 2387 1350 2444 Justus
1404 2391 1487 2444 vir
1525 2402 1583 2448 et
1629 2391 2134 2465 irreprehensibilis

563 2468 740 2526 factus
773 2480 857 2527 est
883 2473 936 2528 in
971 2476 1471 2532 subsannationem.
1510 2497 1530 2530 ι

632 2561 790 2619 Prov.
824 2565 1054 2633 xxr,15.
1085 2597 1153 2607 -
1188 2585 1207 2618 ι
1239 2567 1333 2622 Vir
1372 2568 1496 2638 pius
1533 2572 1675 2642 apud
1703 2573 2001 2629 sceleratos
2028 2573 2133 2629 im-

560 2670 729 2724 purus
760 2665 866 2713 est.
909 2678 928 2710 ι

628 2747 786 2804 Prov.
832 2767 957 2806 xxix
984 2792 999 2816 ,
1039 2752 1126 2807 10.
1166 2782 1234 2794 --
1285 2774 1303 2806 ι
1344 2753 1454 2810 Viri
1503 2768 1788 2815 consortes
1845 2759 2131 2830 sanguinis

555 2839 762 2910 justtnn
789 2844 1044 2899 oderunt.
1083 2863 1103 2896 ι

630 2933 760 3003 Sap.
799 2937 991 3002 "1,18.
1025 2969 1092 2979 —-
1129 2959 1147 2991 ι
1186 2939 1459 2996 Videbunt
1484 2941 1718 3011 justum,
1776 2952 1831 2999 et
1874 2953 2127 3000 contem-

2327 770 2346 802 ι
2379 751 2597 812 Δίκαιος
2621 747 2680 800 ὲν
2723 745 2866 816 χαρᾷ
2895 741 2990 797 καὶ
3026 743 3084 794 ὲν
3114 737 3424 810 εὐφροσύνῃ
3447 735 3625 789 ἔσται.
3666 752 3685 786 ι

2328 946 2346 976 ι
2381 926 2600 986 Δίκαιος
2626 926 2688 976 ἐκ
2723 921 2900 992 θήρας
2927 918 3140 973 ὲκδύνει
3163 933 3177 948 ⁸
3210 916 3327 971 ἀντ’
3378 910 3548 968 αὑτοῦ
3581 907 3809 981 παραδί-

2237 1019 2387 1073 δοται
2407 1017 2624 1087 ἀσεϐής.
2661 1034 2682 1068 ι

2313 1131 2332 1165 ι
2388 1111 2479 1182 Μὴ
2516 1108 2706 1180 φοϐοῦ,
2738 1107 2821 1161 ὅτι
2849 1103 3240 1176 ὲλυτρωσάμην
3268 1117 3328 1154 σε
3348 1116 3363 1131 ο
3391 1096 3632 1153 ἐκάλεσά
3665 1111 3721 1148 σε
3751 1094 3808 1146 τὸ

2243 1203 2421 1276 δνομά
2451 1220 2544 1256 σου
2565 1217 2579 1232 °
2618 1200 2750 1271 ἐμὸς
2791 1194 2843 1252 εῐ
2896 1197 2985 1251 σύ.
3013 1197 3124 1250 Καὶ
3159 1195 3252 1248 ἐὰν
3277 1191 3558 1263 διαϐαίνῃς
3585 1187 3655 1240 δι’
3687 1185 3807 1239 ῦδαο

2245 1314 2359 1361 τος,
2412 1294 2554 1366 μετά
2606 1291 2702 1345 σοῦ
2751 1292 2887 1362 ειμι,
2927 1290 3021 1342 καὶ
3054 1285 3290 1357 ποταμοὶ
3319 1286 3381 1338 οῦ
3431 1276 3806 1349 συγκλείσουσὶ

2247 1406 2306 1442 σε
2339 1406 2353 1420 σ
2399 1388 2494 1441 καὶ
2524 1385 2620 1439 ὲάν
2637 1383 2850 1454 διέλθῃς
2863 1382 2952 1436 διὰ
2973 1380 3164 1451 πυρὸς,
3187 1378 3247 1431 οὐ
3281 1376 3357 1448 μὴ
3385 1370 3758 1441 κατακαυθῇς.
3781 1385 3802 1421 ι

2329 1500 2346 1532 ι
2382 1480 2526 1534 Πολὺ
2559 1478 2734 1548 ἰσχύει
2761 1475 2944 1548 δέησις
2963 1473 3173 1527 δικαίου
3197 1465 3588 1541 ἐνεργουμένη.
3622 1482 3642 1515 t

2320 1675 2338 1707 ι
2371 1651 2494 1708 Οἶδε
2523 1652 2726 1724 Κύριος
2775 1648 3023 1712 εὐσεϐεῖς
3044 1649 3107 1700 ἐκ
3153 1640 3466 1716 πειρασμοῦ
3508 1637 3754 1711 ῥύεσθαι.
3783 1654 3800 1688 ι

2311 1835 2424 1888 Καὶ
2446 1833 2644 1886 δίκαιοι
2691 1828 2875 1882 πολλοὶ
2919 1822 3329 1896 περιστατικοῖς
3358 1815 3802 1888 περιπίπτουσιν,

2247 1927 2383 1983 ἀλλὰ
2406 1926 2580 1980 ταῦτα
2613 1923 2875 1994 μάστιγες
2901 1918 3001 1971 οὐκ
3032 1916 3160 1970 εἰσί.

2237 2043 2422 2100 TlTA.
2455 2041 2538 2095 ιιι.
2589 2068 2657 2078 —-
2687 2035 2826 2104 Περὶ
2869 2031 3133 2104 δικαίων,
3173 2027 3265 2082 ὅτι
3307 2020 3805 2094 περιςερσνοῦνται

2745 2102 2843 2160 καί
2880 2102 3287 2170 διασύρονται.

2321 2238 2339 2270 ι
2381 2215 2590 2269 Δίκαιοι
2644 2206 3073 2278 καταγελῶνται.
3119 2201 3510 2273 Παραδίδονται
3561 2195 3672 2265 γάρ
3723 2195 3802 2255 εἰς

2241 2315 2428 2385 χεῖρας
2450 2305 2683 2362 ἀσεϐῶν.
2719 2322 2739 2355 ι

2311 2378 2340 2456 ι.
2394 2401 2616 2462 Δίκαιος
2686 2394 2828 2466 ἀνὴρ
2881 2391 2976 2446 καὶ
3039 2389 3328 2461 ἄμεμπτος
3397 2382 3663 2452 ἐγεννήθη
3722 2378 3799 2440 είς

2238 2495 2547 2569 χλεύασμα.
2588 2510 2606 2543 ι

2313 2606 2332 2639 ι
2374 2587 2566 2647 Ὅσιος
2595 2579 2907 2650 ἀκάθαρτος
2935 2573 3086 2647 παρὰ
3105 2571 3453 2641 κακουργοῖς.
3496 2585 3515 2617 ι

2308 2786 2328 2818 ι
2373 2763 2600 2833 ’Ἄνδρες
2653 2758 2900 2829 αἱμάτων
2960 2754 3178 2825 μέτοχοι
3232 2751 3452 2822 μισοῦσι
3502 2745 3729 2800 δίκαιον,
3771 2759 3792 2793 ι

2306 2965 2326 2997 ι
2371 2941 2632 3012 Ὄψονται
2663 2940 2754 2991 τον
2798 2934 3025 2996 δίκαιον,
3061 2928 3155 2984 καὶ
3198 2925 3672 2995 ἐξουθενήσουσιν,
3702 2917 3798 3012 αὖξ

560 3037 693 3081 nent
718 3045 882 3084 eum:
914 3031 1036 3086 illos
1067 3041 1248 3088 autem
1283 3010 1546 3092 Dominus
1571 3036 1859 3093 deridebit.
1879 3037 1946 3093 Et
1961 3046 2126 3094 erunt

2229 3037 2356 3100 τοὺς
2411 3010 2469 3088 δὲ
2503 3033 2530 3085 ὁ
2564 3029 2768 3100 Κύριος
2815 3023 3191 3094 ἔκγελάσεται.
3236 3017 3349 3072 Καὶ
3397 3014 3614 3067 ἔσονται
3662 3010 3796 3118 μετά

559 3118 800 3185 ροειιιεεο
831 3119 887 3174 in
915 3121 1130 3176 ruinam
1154 3123 1273 3178 sine
1303 3123 1535 3192 honore,
1568 3137 1623 3180 et
1652 3127 1706 3182 in
1737 3129 2123 3184 contumeliam

2229 3128 2385 3184 τοῦτο
2416 3127 2496 3189 εἰς
2547 3121 2750 3192 πτῶμα
2796 3120 3009 3190 ἄτιμον,
3047 3113 3144 3168 καὶ
3174 3108 3440 3181 είςιῦϐριν
3467 3108 3529 3162 ὲν
3585 3108 3796 3175 νεκροὶς

559 3209 704 3262 inter
731 3219 980 3265 mortuos
1016 3211 1070 3265 in
1101 3222 1445 3282 perpetuum.
1490 3234 1510 3267 ι

2229 3223 2294 3277 δι’
2328 3218 2542 3280 αἰῶνος.
2579 3233 2598 3268 ι

627 3295 756 3365 Sap.
789 3314 843 3364 v,
883 3299 999 3352 1-7.
1033 3331 1102 3340 --
1151 3319 1168 3352 ι
1209 3302 1394 3358 Stabit
1437 3303 1620 3374 justus
1660 3305 1716 3360 in
1762 3321 1956 3377 magna
1993 3323 2125 3364 con-

2309 3333 2327 3366 ι
2361 3312 2624 3382 Στήσεται
2656 3310 2685 3362 ὁ
2741 3304 2948 3367 δίκαιος
2995 3303 3054 3354 ὲν
3090 3294 3377 3368 παρρησίᾳ
3435 3293 3606 3398 πολλῇ
3658 3292 3794 3398 κατὰ

555 3388 760 3442 stantia
786 3389 1054 3447 adversus
1091 3406 1186 3448 eos
1224 3394 1317 3463 qui
1355 3410 1415 3450 se
1444 3398 1914 3468 angustiaverunt,
1953 3409 2007 3456 et
2036 3403 2126 3471 qui

2231 3407 2522 3480 πρόσωπον
2550 3401 2661 3455 τῶν
2699 3398 3002 3468 θλιψάντων
3048 3392 3230 3456 αὑτὸν,
3266 3390 3363 3443 καὶ
3395 3387 3508 3441 τῶν
3540 3386 3794 3439 ἀθετούν-

557 3480 905 3537 abstulerunt
950 3483 1168 3541 labores
1201 3486 1346 3556 ejus.
1389 3485 1647 3544 Videntes
1699 3500 1883 3544 autem
1938 3493 2129 3546 turba-

555 3572 768 3628 buntur
791 3574 991 3631 timore
1025 3576 1304 3642 horribili,
1344 3589 1398 3633 et
1442 3580 1791 3636 mirabuntur
1825 3584 1880 3637 in
1914 3584 2126 3638 subita-

554 3666 707 3721 tione
732 3666 1026 3737 insperatae
1055 3669 1271 3727 salutis.
1313 3670 1505 3728 Dicent
1531 3674 1676 3728 enim
1703 3675 1756 3729 in
1785 3676 1979 3746 seipsis
2010 3693 2126 3748 poe-

554 3758 839 3814 nitentiam
878 3773 1100 3832 agentes
1145 3783 1158 3816 :
1209 3763 1309 3819 Hic
1357 3775 1442 3821 est
1484 3782 1646 3835 quem
1692 3768 1985 3825 habuimus
2025 3772 2125 3826 ali-

552 3850 776 3916 quando
803 3851 857 3905 in
887 3853 1153 3920 derisum,
1178 3867 1231 3909 et
1257 3856 1312 3911 in
1337 3857 1756 3916 similitudinem
1785 3860 2121 3932 improperii.

554 3939 667 3996 Nos
695 3944 958 4000 insensati
991 3947 1158 4001 vitam
1190 3948 1335 4004 illius
1373 3951 1789 4008 aestimabamus
1831 3954 2122 4020 insaniam,

551 4043 607 4088 et
630 4032 796 4089 finem
826 4036 971 4092 illius
1005 4039 1125 4094 sine
1150 4041 1551 4110 honore._Ecce
1579 4045 1852 4112 quomodo
1900 4062 2124 4118 compu-

552 4135 700 4182 tatus
726 4138 810 4182 est
836 4129 979 4184 inter
1002 4131 1142 4186 ﬁlios
1177 4131 1291 4198 Dei,
1318 4143 1372 4188 et
1395 4136 1539 4189 inter
1574 4146 1793 4191 sanctos
1823 4151 1947 4192 sors
1975 4138 2122 4192 illius

550 4227 655 4274 est.
702 4217 846 4290 Ergo
901 4221 1208 4277 erravimus
1259 4238 1290 4276 a
1341 4223 1430 4278 via
1485 4223 1770 4288 veritatis,
1829 4235 1886 4280 et
1937 4227 2122 4282 lumen

545 4312 772 4379 iustitiae
797 4328 907 4367 non
932 4313 1134 4368 aﬂulsit
1157 4314 1340 4369 nobis.
1362 4313 1572 4385 Repleti
1590 4330 1782 4370 sumus
1813 4315 2122 4386 iniquitatis

550 4402 654 4457 viis
677 4414 732 4457 et
767 4403 1107 4472 perditionis,
1148 4414 1205 4460 et
1235 4405 1638 4463 ambulavimus
1672 4407 1791 4465 vias
1828 4408 2117 4467 dilﬁciles:

548 4495 692 4549 viam
729 4506 906 4550 autem
946 4496 1160 4552 Domini
1189 4514 1298 4554 non
1329 4501 1704 4571 cognovimus.
1741 4522 1761 4556 ι

603 4571 690 4641 ’11
713 4587 848 4642 Tim.
878 4604 962 4653 Ill,
994 4589 1083 4644 12.
1107 4620 1177 4631 —-
1207 4610 1226 4643 ι
1263 4590 1467 4649 Omnes
1482 4595 1574 4664 qui
1606 4595 1693 4665 pie
1715 4595 1909 4652 volunt
1934 4597 2120 4655 vivere
2148 4581 2198 4641 Ι)

546 4682 601 4735 in
632 4681 858 4736 Christo
881 4679 1030 4748 Jesu,
1057 4685 1496 4754 persecutionem
1526 4687 1820 4756 patientur.
1850 4687 1972 4744 Mali
2015 4705 2116 4745 au-

547 4786 653 4829 tem
683 4773 936 4830 homines
968 4783 1025 4830 et
1055 4777 1375 4833 seductores
1423 4779 1710 4848 proﬁcient
1754 4781 1811 4835 in
1850 4783 2027 4854 pejus,
2059 4783 2115 4839 in

542 4882 788 4922 errorem
825 4868 1104 4923 mittentes
1131 4878 1186 4924 et
1217 4877 1485 4926 errantes.
1527 4889 1548 4924 ι

615 4957 903 5014 Basilii.—
920 4957 981 5011 In
1009 4973 1202 5013 manus
1232 4961 1526 5030 impiorum
1557 4962 1694 5032 justi
1722 4979 1944 5034 quoque
1972 4982 2116 5036 saepe

543 5050 859 5115 traduntur,
903 5063 1013 5103 non
1064 5057 1124 5102 ut
1166 5049 1244 5103 illi
1279 5050 1643 5122 ho-norentur,
1697 5055 1794 5110 sed
1831 5066 1890 5110 ut
1919 5056 2112 5113 horum

544 5139 722 5196 virtus
760 5140 1046 5210 explorata
1082 5149 1480 5210 perspectaque
1520 5144 1611 5198 sit.

613 5231 892 5302 Chrysost.
919 5262 990 5272 —
1018 5231 1164 5287 Fieri
1196 5248 1307 5288 non
1343 5242 1543 5303 potest,
1571 5243 1628 5289 ut
1647 5238 1740 5307 qui
1771 5239 1941 5309 probe
1967 5250 2023 5296 et
2047 5257 2115 5298 ex

543 5314 742 5376 virtute
767 5323 978 5388 vivunt,
1019 5323 1162 5394 apud
1195 5338 1392 5379 omnes
1423 5323 1560 5380 bene
1588 5326 1832 5382 audiant.

610 5413 881 5469 Possibile
930 5431 1038 5471 non
1081 5425 1186 5483 est,
1237 5427 1296 5471 ut
1344 5417 1438 5488 qui
1481 5419 1666 5474 virtuti
1717 5420 1815 5475 dat
1864 5438 2111 5494 operam,

543 5519 648 5557 non
682 5506 885 5562 multos
919 5507 1107 5563 hostes
1132 5508 1352 5564 habeat.

543 5615 673 5672 Tl'l‘.
723 5615 814 5671 IX.
849 5619 1022 5672 -—De
1081 5622 1146 5674 iis
1199 5623 1304 5704 qui.
1347 5625 1595 5704 pecunias
1662 5626 1832 5694 {enort‘
1880 5628 2011 5683 dant
2063 5646 2113 5685 et

1191 5706 1474 5762 accipiunt.

613 5780 782 5834 Exod.
825 5798 960 5848 nn,
989 5783 1080 5838 ‘25.
1103 5811 1172 5824 -η
1202 5802 1222 5834 ι
1254 5783 1311 5839 Si
1354 5788 1640 5855 pecuniam
1673 5797 1861 5844 mutuo
1893 5791 2111 5848 dederis

545 5875 698 5928 {latri
727 5887 839 5941 tuo,
876 5891 979 5936 tum
1009 5891 1131 5930 eum
1171 5877 1419 5950 ηπίξεως,
1447 5895 1546 5937 nec
1577 5882 1823 5957 importes
1872 5884 1924 5939 ei
1975 5901 2106 5942 usu-

552 5980 689 6017 ηιιι.
732 5983 750 6016 ι

2227 3479 2338 3553 των
2365 3498 2492 3560 τοὺς
2553 3497 2750 3556 πόνους
2780 3489 2965 3545 αὐτοῦ.
3011 3487 3232 3548 Ἰδόντες
3261 3483 3318 3537 δὲ
3355 3479 3793 3554 ταραχθήσονται

2229 3591 2379 3661 φόϐῳ
2413 3587 2592 3658 δεινῷ,
2627 3585 2724 3640 καὶ
2749 3583 3107 3652 ἐκστήσονται
3140 3578 3235 3631 ἐπὶ
3265 3575 3345 3647 τῷ
3376 3572 3673 3645 παραδόξῳ
3698 3571 3792 3640 τῆς

2227 3681 2522 3754 σωτηρίας.
2562 3677 2779 3749 Ἐροῦσι
2831 3675 2941 3746 γὰρ
3003 3675 3060 3726 ὲν
3113 3671 3294 3731 αὐτοῖς
3354 3667 3744 3739 μετανοοῦντες
3776 3680 3789 3692 ο

2269 3772 2394 3838 bro;
2425 3770 2492 3845 ἦν
2523 3773 2580 3826 ὃν
2619 3768 2848 3840 ἔσχομεν
2877 3783 3009 3820 ποτε
3045 3766 3125 3828 είς
3166 3762 3397 3830 γέλωτα,
3435 3761 3534 3814 καὶ
3564 3760 3647 3819 είς
3696 3774 3791 3808 πα-

2229 3870 2464 3944 ραϐολὴν
2493 3864 2824 3938 ὀνειδισμοῦ.
2855 3865 2918 3918 Oi
2957 3863 3188 3934 ἄφρονες
3207 3857 3300 3911 τὸν
3335 3855 3449 3926 βίον
3483 3852 3655 3907 αὐτοῦ
3685 3853 3790 3904 ἐλο-

2224 3964 2503 4034 γισάμεθα
2532 3960 2750 4031 μανίαν,
2788 3957 2881 4011 καὶ
2923 3956 3023 4025 τὴν
3072 3951 3237 4006 αὐτοῦ
3272 3949 3532 4017 τελευτὴν
3579 3946 3786 4016 ἄτιμον.

2223 4060 2348 4123 Πῶς
2377 4055 2743 4124 κατελογίσθη
2773 4053 2832 4104 ἐν
2862 4051 2995 4109 υἱοῖς
3026 4044 3182 4108 Θεοῦ,
3206 4045 3304 4098 καὶ
3334 4045 3390 4095 ἐν
3413 4040 3593 4108 ἁγίοις
3614 4041 3644 4092 ό
3670 4037 3790 4106 κλῆ-

2227 4169 2318 4224 ρος
2350 4149 2544 4213 αὑτοῦ;
2578 4149 2722 4217 ’Ᾱρα
2775 4141 3159 4212 ὲπλανήθημεν
3199 4135 3306 4190 ἀπὸ
3348 4133 3470 4188 ὁδοῦ
3513 4130 3786 4201 ἀληθείας,

2223 4247 2316 4300 καὶ
2337 4243 2398 4296 τὸ
2424 4242 2526 4312 τῆς
2550 4235 2897 4306 δικαιοσύνης
2921 4233 3037 4303 φῶς
3059 4231 3160 4284 οὐκ
3187 4227 3429 4298 ἔλαμψεν
3452 4226 3608 4295 ἡμῖν.
3651 4224 3788 4274 Ἀνο-

2224 4353 2353 4410 μιας
2385 4333 2740 4406 επλήσθημεν
2770 4327 2978 4404 τρίϐοις
3011 4325 3108 4379 καὶ
3161 4319 3462 4382 ἀπωλείας,
3496 4317 3599 4370 καὶ
3624 4313 3786 4368 ὡδεύ-

2222 4409 2398 4501 σαμεν
2452 4426 2673 4499 τρίϐους
2727 4423 2982 4486 ἀϐάτους,
3036 4419 3134 4492 τὴν
3178 4416 3236 4469 δὲ
3275 4413 3396 4468 ὁδὸν
3449 4411 3662 4482 Κυρίου
3697 4409 3786 4462 οὐκ

2220 4519 2486 4591 ἔγνωμεν.
2521 4535 2540 4570 t

2297 4628 2318 4662 ι
2359 4611 2568 4672 Πάντες
2592 4608 2641 4660 οἱ
2677 4605 2920 4667 θέλοντες
2949 4601 3046 4671 ζῇν
3075 4595 3315 4659 εὐσεϐῶς
3344 4596 3401 4649 ὲν
3431 4592 3658 4664 Χριστῷ
3693 4593 3782 4660 ’1η-

2224 4700 2343 4766 σοῦ,
2372 4698 2790 4769 διωχθήσονται.
2813 4692 3049 4763 Πονηροὶ
3070 4691 3128 4744 δὲ
3155 4689 3434 4760 ἄνθρωποι
3464 4686 3565 4738 καὶ
3596 4684 3786 4754 γόητες

2219 4789 2590 4861 προκόψουσιν
2617 4787 2712 4839 ἐπὶ
2737 4786 2796 4840 τὺ
2835 4785 3036 4855 χεῖρον,
3071 4779 3382 4843 πλανῶντες
3438 4778 3537 4832 καὶ
3581 4774 3784 4831 πλανώ-

2221 4899 2392 4953 μενοι.
2431 4901 2448 4931 ι

2293 4974 2684 5046 Παραδίδονται
2745 4973 3008 5036 πολλάκις
3060 4971 3154 5026 καὶ
3203 4969 3404 5025 δίκαιοι
3466 4965 3548 5029 είς
3604 4966 3782 5035 χεῖρας

2218 5067 2432 5120 ἀσεϐῶν
2455 5083 2469 5096 ·
2505 5068 2601 5138 οὐχ
2632 5067 2718 5120 ἵνα
2747 5069 2946 5122 ἐκεῖνοι
2978 5063 3306 5138 τιμηθῶσιν,
3352 5059 3470 5116 ἀλλ’
3503 5059 3592 5114 ἵνα
3633 5056 3779 5112 αὐτοὶ

2215 5159 2632 5229 δοκιμασθῶσιν.

2289 5253 2363 5304 Οὐ
2397 5251 2622 5305 δυνατὸν
2646 5253 2774 5316 τοὺς
2811 5254 2870 5307 ὲν
2893 5254 3061 5327 ἀρετῇ
3111 5251 3320 5318 ζῶντας
3361 5249 3517 5322 παρὰ
3565 5247 3773 5302 πάντων

2217 5343 2380 5398 ακούε
2391 5362 2436 5397 ιν
2469 5343 2652 5408 καλῶς

2290 5435 2402 5488 Οὐκ
2426 5435 2542 5488 ἔστι
2573 5436 2666 5488 τὸν
2702 5437 2907 5506 ἀρετῆς
2934 5434 3366 5506 ἐπιμελούμενον
3412 5427 3500 5505 μὴ’
3554 5428 3768 5489 πολλοὺς

2215 5526 2357 5597 ἔχειν
2386 5528 2634 5598 ἐχθρούς.

2218 5631 2398 5695 ΤΙΤᾸ.
2432 5640 2510 5695 Θ’.
2542 5671 2614 5684 ν-
2635 5643 2773 5711 Περί
2798 5641 3184 5703 δανειζόντων
3209 5642 3309 5696 καί
3335 5638 3760 5708 oar-satraparum

2294 5815 2311 5847 ι
2359 5795 2486 5849 Ἐὰν
2531 5796 2797 5868 ἀργύριον
2827 5798 3140 5867 ὲκδανείσῃς
3170 5798 3247 5866 τῷ
3275 5793 3490 5864 ἀδελφῷ
3535 5809 3646 5854 σου,
3671 5789 3760 5844 οὐκ

2216 5893 2315 5963 ἔστι
2336 5891 2484 5963 αὺτῴ
2511 5894 2856 5962 κατεπείγων
2876 5911 2887 5922 ⁸
2915 5895 3013 5947 οὐκ
3041 5891 3323 5964 ἐπιθήσεις
3358 5889 3506 5958 αὐτῷ
3529 5886 3694 5940 τόκον.
3729 5901 3750 5934 ι
