3910 6452
80 449 131 514 1
147 454 273 516 3ὓ5
1368 458 1605 519 SACRA
1641 458 2109 519 PARALLELA.
3223 457 3374 526 1366'

195 585 219 616 α
266 566 505 637 Ζήσιται
537 566 566 619 ό
592 564 821 637 ἀδελφός
842 582 936 621 σου
968 568 1107 637 μετά
1136 566 1251 623 σοῦ.
1283 569 1355 623 Τὸ
1377 573 1487 643 γάρ
1526 574 1696 643 ἀργύ-

1864 570 2032 626 Lavit.
2056 586 2182 638 xxv,
2208 570 2299 626 35.
2331 601 2398 612 —
2430 588 2449 622 ι
2481 570 2639 627 Vivet
2666 569 2832 626 frater
2857 577 2984 626 tuus
3017 579 3217 628 tecum.
3240 575 3362 632 Non

78 658 245 727 ριόν
278 674 377 711 σου
409 657 470 711 ού
507 656 699 721 δώσεις
722 658 873 729 αὐτῷ
907 660 999 713 ἐπὶ
1028 660 1174 731 τόκῳ
1201 661 1296 714 καὶ
1337 663 1430 716 ἐπὶ
1473 663 1697 719 πλεονα-

1822 664 1944 719 enim
1970 662 2130 717 dabis
2168 663 2217 717 ei
2257 663 2539 733 pecuniam
2574 662 2640 718 ad
2674 679 2895 719 usuram
2930 673 2985 720 et
3030 665 3360 737 multiplica-

78 749 280 821 σμῷ.
327 751 403 804 Οὐ
426 748 618 812 δώσεις
644 748 793 820 αὐτῷ
825 751 918 806 ἐπὶ
946 750 1090 822 τόκῳ
1114 752 1183 805 τά
1216 750 1480 824 βρώματά
1518 772 1633 809 σου.
1676 776 1696 808 ι

1826 754 2029 809 ionem.
2057 751 2177 809 Non
2210 753 2367 810 dabis
2399 756 2448 810 ei
2478 754 2547 810 ad
2578 771 2798 811 usuram
2847 756 2999 811 cibos
3028 764 3177 812 tuos.
3215 775 3236 809 ι

198 863 221 893 ι
268 845 496 896 Δανεῖον
514 842 745 906 δανειείς
766 842 844 914 τῷ
874 842 1101 914 πλησίον
1130 862 1227 897 σου
1256 846 1376 899 ὅσον
1396 847 1697 917 ἐπιδέηται.

1870 846 2028 904 Deut.
2096 863 2186 914 xv,
2240 848 2295 903 8.
2330 878 2399 889 —
2439 867 2457 899 ‹
2506 848 2693 904 Μυιυο
2744 849 2901 904 dabis
2949 851 3199 918 proximo
3251 859 3362 914 tuo,

76 935 222 987 καὶ
249 935 320 986 οὐ
350 934 639 1004 λυπηθήσῃ
663 937 729 1005 τῇ
754 934 953 1006 καρδίᾳ
982 952 1097 1003 σου,
1134 936 1369 1002 διδόντος
1394 956 1486 993 σου
1512 940 1660 1012 αὐτῷ
1679 958 1697 976 ο

1822 945 2066 1008 Iuantum
2105 940 2419 1010 indiguerit,
2466 955 2569 995 nec
2612 940 2849 1011 graviter
2879 940 3013 995 feret
3048 956 3143 996 cor
3189 948 3364 1005 tuum,

79 1026 220 1077 καὶ
249 1025 546 1095 εὐλογήσει
580 1043 639 1079 σε
669 1026 891 1098 Κύριος.
929 1047 949 1079 ι

1822 1043 1924 1082 :um
1956 1029 2174 1085 dederis
2195 1030 2266 1096 ei,
2300 1041 2355 1085 et
2393 1032 2676 1086 benedicet
2707 1040 2761 1086 te
2788 1030 2954 1087 Deus.
2985 1049 3005 1083 ι

198 1134 221 1167 ‹
266 1118 387 1170 Οὐκ
412 1119 680 1182 ἐκτοκιεϊς
700 1120 778 1190 τῷ
801 1121 1015 1194 ἀδελφῷ
1046 1141 1140 1178 σου
1170 1127 1330 1179 τόκον
1372 1125 1697 1196 βρωμάτων,

1870 1120 2030 1177 Deut.
2061 1137 2215 1186 χχιιι,
2248 1123 2334 1179 l9.
2362 1152 2432 1164 -—
2469 1141 2488 1175 ι
2518 1122 2639 1177 Non
2668 1123 2854 1192 exiges
2875 1137 2906 1176 a
2938 1122 3104 1177 fratre
3126 1129 3219 1176 tuo
3243 1136 3365 1177 usu-

90 1206 225 1259 καὶ
259 1206 427 1260 τόκον
461 1208 664 1272 παντὸς
686 1211 1031 1281 πράγματος,
1064 1205 1128 1268 οὗ
1160 1213 1255 1268 ἐὰν
1286 1215 1601 1287 ἐκδανείσῃς
1623 1216 1697 1287 τῷ

1822 1231 1917 1271 'am
1943 1229 2216 1277 escarum,
2246 1229 2345 1269 nec
2397 1230 2618 1270 usuram
2653 1213 3034 1284 cujuscunque
3083 1214 3161 1269 rei
3200 1228 3365 1284 quam

86 1296 349 1368 ἀδελφῷ
386 1314 500 1351 σου.
542 1317 561 1350 ο

196 1408 217 1417 -
268 1390 400 1417 ’L‘)...
432 1390 701 1417 a.--n......
728 1388 759 1417 x
798 1394 952 1417 xum-1
989 1394 1213 1417 _\__r_-_
1252 1414 1333 1417 --η
1379 1397 1419 1417 μ
1464 1399 1515 1417 ν-
1642 1400 1655 1417 ι

1822 1310 2076 1366 'eueratus
2105 1304 2277 1417 foetis
2303 1306 2373 1362 ei.
2407 1324 2427 1358 ι

1882 1396 2007 1417 Π---ι
2080 1410 2206 1417 μμ---
2263 1395 2327 1417 an
2362 1396 2423 1417 ιη

193 1408 217 1440 ε
268 1390 400 1443 Ἐἀν
430 1388 761 1467 ὀφείλημαῇ
796 1394 855 1445 ἐν
878 1396 957 1462 τῷ
986 1394 1214 1466 πλησίον
1244 1414 1337 1451 σου
1370 1397 1571 1464 ὁτιοῦν,
1603 1400 1697 1456 οὐκ

1872 1396 2030 1451 Deut.
2056 1388 2446 1462 -ιιινξίο-ίὸ.
2472 1427 2541 1438 ——
2573 1414 2592 1447 ι
2631 1394 2687 1450 Si
2719 1395 2975 1451 debuerit
3020 1394 3191 1450 frater
3237 1404 3365 1451 tuus
3416 1446 3417 1449 η

1801 1488 2172 1559 quodcunque
2190 1488 2455 1553 debitum,
2470 1503 2581 1542 non
2609 1486 2934 1560 ingredieris
2956 1487 3174 1542 domum
3194 1487 3364 1547 illius.

1802 1590 1860 1635 ut
1890 1582 2087 1652 pignus
2129 1580 2368 1637 auferas.
2396 1577 2553 1637 Foris
2585 1582 2778 1648 stabis,
2814 1591 2870 1637 et
2904 1582 3064 1634 homo
3096 1579 3191 1635 ille
3222 1580 3367 1649 apud

94 1482 422 1555 εἰσελεύσῃ
450 1484 530 1547 είς
554 1483 654 1555 τὴν
678 1487 857 1540 οίκίαν
884 1488 1055 1542 αὑτοῦ
1083 1490 1409 1561 ἐνεχυράσαι
1430 1493 1492 1546 τὸ
1517 1495 1703 1566 ἐνέχυ-

94 1590 245 1640 ρον.
276 1572 427 1639 Ἐξω
456 1575 649 1649 στήσῃ,
690 1575 786 1630 καὶ
834 1579 864 1631 ό
889 1578 1172 1649 ἄνθρωπος
1213 1577 1391 1647 οὗτος,
1422 1579 1483 1639 οὗ
1510 1586 1571 1640 τὸ
1608 1587 1703 1640 δα-

94 1663 271 1715 νείόν
309 1664 401 1717 σού
428 1667 595 1732 ἐστιν,
622 1665 820 1732 ἐξοίσει
856 1685 937 1723 σοι
967 1670 1027 1723 τὸ
1053 1672 1308 1745 ἐνέχυρον
1337 1675 1460 1742 ἔξω.
1503 1677 1625 1732 Ἐάν
1645 1679 1697 1733 δὲ

1822 1688 1962 1743 luem
1988 1671 2156 1727 fuerit
2188 1680 2436 1725 mutuum
2466 1679 2644 1733 tuum.
2677 1670 2809 1727 feret
2834 1671 2934 1726 tibi
2962 1671 3158 1741 pignus
3195 1667 3363 1726 foras.

86 1754 138 1803 ὁ
180 1752 482 1824 ἄνθρωπος
518 1756 789 1828 πείνηται,
817 1759 876 1812 οὐ
909 1760 1219 1834 κοιμηθήσῃ
1251 1766 1308 1817 ἐν
1339 1765 1417 1837 τῷ
1461 1769 1697 1842 ἐνεχύρῳ

1822 1762 1958 1829 )uod
1997 1762 2041 1818 si
2089 1779 2295 1833 pauper
2335 1770 2439 1827 est,
2474 1777 2584 1816 non
2610 1762 2851 1817 dormies
2884 1764 2937 1816 in
2969 1762 3196 1833 pignore
3224 1762 3365 1833 ejus.

94 1845 324 1900 αὐτοῦ.
372 1847 699 1913 Ἀποδὼσεις
742 1850 803 1903 τὸ
835 1852 1090 1921 ἐνέχυρον
1117 1853 1283 1908 αὑτοῦ
1331 1859 1463 1929 ’περὶ⁵
1491 1860 1697 1931 δυσμάς

1822 1855 2020 1911 ieddes
2042 1855 2237 1925 pignus
2264 1856 2384 1925 ejus
2416 1855 2563 1911 circa
2594 1870 2851 1911 occasum
2882 1854 3037 1919 solis,
3064 1862 3118 1909 et
3138 1853 3369 1909 dormiet

98 1937 309 2004 ἡλίου,
344 1940 440 1994 καὶ
480 1941 877 2013 κοιμηθήσεται
925 1948 986 1999 ἐν
1011 1950 1090 2017 τῷ
1139 1948 1340 2021 ίματίῳ
1384 1923 1697 2017 αὑτοὶ-καί

1822 1963 1862 2001 ,n
1912 1923 2244 2002 vestimento
2290 1923 2412 2012 suo,
2459 1955 2513 2001 et
2559 1946 2844 2002 benedicet
2874 1946 2995 2013 tibi,
3048 1954 3103 2003 et
3137 1947 3243 2002 erit
3272 1947 3367 2000 mn

96 2029 419 2103 εὐλογήσει
474 2050 555 2099 σε,
592 2036 689 2089 καὶ
731 2038 816 2091 σοὶ⁵
861 2038 1019 2094 ἔσται
1067 2042 1407 2116 ἐλεημοσύνη
1463 2046 1697 2101 ἐναντίον

1822 2037 2181 2095 nisericordia
2215 2052 2399 2094 coram
2424 2036 2654 2094 Domino
2676 2037 2788 2094 Deo
2817 2046 2933 2093 tuo.
2971 2055 2992 2091 ο

100 2123 342 2194 Κυρίου
365 2124 462 2178 τοῦ
486 2126 620 2180 Θεοῦ
657 2145 774 2185 σου.
811 2150 831 2183 ι
2052 2168 2057 2173 λ
2702 2142 2707 2145 ’

205 2233 226 2267 ι
265 2216 512 2282 Δανείζει
564 2220 593 2272 ό
624 2220 966 2292 ἁμαρτωλὸς,
990 2224 1086 2277 καὶ
1122 2224 1223 2279 οὐκ
1265 2227 1552 2282 ἀποτίσει·
1588 2230 1618 2282 ό
1646 2229 1702 2284 δὲ

98 2307 345 2372 δίκαιος
373 2310 652 2382 οίκτείρει,
677 2312 772 2366 καὶ
802 2313 1008 2370 δίδωσι.
1047 2336 1067 2369 ι

206 2416 226 2451 ι
263 2399 515 2468 Χρηστδς
543 2402 684 2475 ἀνὴρ
711 2406 739 2458 ό
767 2405 1055 2478 οἰκτείρων
1088 2410 1181 2463 καὶ⁵
1207 2410 1436 2482 κιχρῶν.
1465 2430 1486 2463 ι

207 2592 226 2625 ι
268 2575 489 2639 Δίκαιος
513 2580 772 2651 οἰκτείρει
801 2582 896 2635 καὶ
925 2586 1112 2656 κιχρᾷ.
1158 2605 1177 2638 ι

206 2775 226 2806 ι
277 2755 339 2809 Ὀ
388 2758 675 2830 πληθύνων
730 2762 962 2819 πλοῦτον
1005 2768 1170 2822 αὑτοῦ
1221 2772 1360 2839 μετά
1406 2773 1563 2827 τόκου
1607 2776 1701 2829 καί

113 2848 518 2924 πλεονασμοῦ,
565 2851 643 2926 τῷ
709 2854 952 2912 ἐλεοῦντι
1001 2863 1253 2932 πτωχοὺς
1312 2864 1536 2935 συνάγει
1598 2866 1699 2920 αὐ·-

110 2940 245 2993 τόν.
276 2959 299 2993 ι

207 3051 229 3085 ‹
266 3035 555 3092 Δανειστοῦ
600 3041 696 3096 καὶ
750 3044 1173 3114 χρειωφειλέτου
1211 3046 1463 3119 ἀλλήλοις
1511 3048 1702 3101 συνελ-

112 3124 359 3191 θόντων,
387 3129 697 3204 ἐπισκοπῇ
721 3135 1053 3207 ἀμφοτέρων
1089 3138 1326 3191 ποιεῖται
1353 3141 1381 3191 ό
1408 3139 1634 3209 Κύριος.
1674 3159 1694 3192 ι

1872 2215 2033 2288 43],
2060 2215 2212 2271 Psal.
2238 2231 2404 2272 xxxvr
2426 2258 2442 2283 ,
2465 2213 2559 2270 21.
2575 2246 2645 2255 -
2667 2234 2686 2269 ι
2708 2214 2990 2271 Mutuatur
3016 2225 3295 2286 peccator,
3316 2222 3371 2268 et

1804 2323 1911 2364 non
1940 2310 2115 2364 solvet
2142 2327 2158 2377 ;
2184 2311 2368 2380 justus
2403 2316 2585 2363 autem
2618 2308 2930 2371 miseretur,
2963 2316 3017 2363 et
3048 2307 3269 2361 tribuit.
3307 2325 3326 2358 ι

1875 2401 2025 2457 Psal.
2062 2416 2187 2471 cxi,
2221 2402 2277 2457 5.
2299 2428 2371 2442 —
2400 2418 2420 2453 ι
2449 2400 2735 2457 iucundus
2766 2401 2931 2456 homo
2957 2398 3052 2470 qui
3080 2400 3371 2454 miseretur

1813 2503 1856 2547 ιι
1884 2492 2215 2548 commodat.
2246 2510 2268 2544 ι

1871 2586 2030 2641 Prov.
2082 2601 2211 2653 xiv,
2255 2584 2346 2640 2i.
2373 2613 2443 2624 —
2473 2602 2492 2635 ι
2526 2581 2719 2638 Justus
2764 2582 3077 2646 miseretur,
3114 2587 3171 2635 et
3216 2593 3371 2634 com-

1804 2679 2003 2731 modat.
2028 2696 2049 2730 ι

1874 2768 2029 2823 Prov.
2067 2783 2232 2823 xxvnt
2255 2808 2270 2832 ,
2306 2771 2360 2832 8.
2384 2796 2452 2806 —
2479 2784 2497 2818 ι
2523 2763 2626 2832 Qui
2658 2774 2821 2836 auget
2843 2764 3069 2821 divitias
3092 2778 3222 2819 suas
3244 2777 3368 2818 cum

1804 2877 1971 2918 usura
2004 2869 2058 2916 et
2090 2860 2313 2924 fenore,
2345 2858 2403 2914 in
2434 2873 2701 2930 pauperes
2730 2864 3030 2930 congregat
3055 2870 3171 2912 eas.
3204 2872 3225 2908 ι

1872 3040 2031 3096 Prov.
2069 3055 2197 3094 χχιι
2221 3080 2237 3107 ,
2269 3040 2357 3095 l5.
2376 3070 2447 3079 —
2469 3058 2487 3091 ‹
2521 3038 2767 3109 Paupere
2790 3044 2845 3093 et
2870 3034 3145 3091 creditore
3171 3047 3371 3087 occur-

1800 3132 2047 3187 rentibus
2079 3130 2221 3197 sibi,
2255 3139 2549 3199 utrumque
2575 3128 2894 3200 speculatur
2923 3124 3207 3181 Dominus.
3242 3141 3261 3175 ι

210 3236 230 3269 ι
265 3218 359 3291 Μὴ
391 3220 531 3275 ἔστω
560 3224 592 3294 ἠ
643 3225 766 3295 χείρ
799 3241 893 3278 σου
938 3227 1275 3300 ἐκτεταμένη
1298 3230 1379 3293 είς
1404 3229 1465 3283 τὸ
1493 3229 1697 3297 λαϐεῖν,

1871 3225 2042 3282 Eccli.
2080 3242 2154 3292 ιν,
2187 3225 2278 3280 51.
2302 3254 2373 3265 --
2406 3243 2425 3277 ι
2460 3222 2538 3279 Ne
2569 3224 2639 3278 sit
2671 3236 2868 3277 manus
2906 3231 2998 3274 tua
3025 3224 3275 3289 porrecta
3302 3215 3370 3271 ad

115 3311 233 3365 καὶ
258 3312 319 3365 ἐν
345 3313 424 3383 τῷ
451 3314 766 3370 ἀποδιδόναι
798 3319 1225 3391 συνεσταλμένη.
1261 3340 1280 3373 ι

209 3423 228 3457 ι
259 3404 350 3473 Μὴ
378 3405 633 3479 δανείσῃς
661 3408 935 3481 ἀνθρώπῳ
971 3412 1304 3484 ἰσχυροτέρῳ
1328 3430 1454 3466 σου·
1486 3413 1581 3467 καὶ
1603 3414 1700 3469 ἐὰν

117 3496 386 3568 δανείσῃς
413 3497 488 3562 ὡς
514 3499 817 3565 ἀπωλεκὼς
842 3500 1023 3571 γενοῦ.
1056 3522 1075 3554 ι

213 3609 231 3641 ι
273 3589 528 3645 Δάνεισον
566 3591 648 3663 τῷ
691 3593 922 3664 πλησίον
954 3612 1049 3649 σου
1084 3598 1142 3649 ἐν
1176 3595 1353 3667 καιρῷ
1390 3598 1580 3668 χρείας
1605 3598 1702 3651 αύ-

120 3680 257 3738 τοῦ.
294 3680 485 3735 Πολλοὶ
516 3683 594 3746 ὡς
644 3682 865 3756 εὕρημα
914 3685 1171 3757 ἐνόμισαν
1203 3686 1379 3751 δάνος,
1420 3688 1513 3741 καὶ
1556 3706 1700 3760 παρ-

120 3775 298 3843 έσχον
328 3773 529 3838 κόπους
557 3778 671 3839 τοῖς
704 3776 1035 3847 βοηθήσασιν
1078 3778 1282 3842 αὐτοῖς.
1317 3779 1500 3849 Βαρέα
1527 3780 1701 3835 ταῦτα

125 3863 410 3936 ἀνθρώπῳ
453 3864 631 3936 ἔχοντι
678 3867 961 3940 φρόνησιν,
993 3870 1314 3943 ἐπιτίμησις
1362 3871 1561 3937 οίκίας,
1607 3873 1701 3926 καὶ

120 3956 443 4028 ὀνειδισμὸς
472 3957 775 4014 δανειστοῦ.
805 3980 824 4012 ι
1587 3991 1590 3994 ~

216 4157 235 4188 ι
265 4137 353 4208 Τῷ
379 4138 622 4193 αἰτοῦντί
663 4157 723 4193 σε
753 4141 920 4208 δίδου,
955 4144 1050 4197 καὶ
1081 4144 1171 4198 τὸν
1209 4143 1430 4198 θέλοντα
1471 4145 1581 4199 ἀπὸ
1606 4145 1700 4199 σοῦ

120 4230 509 4295 δανείσασθαι,
544 4231 620 4303 μὴ
642 4235 1023 4305 ἀποστραφῇς.
1061 4254 1080 4286 ι

216 4342 236 4375 ι
276 4322 398 4377 Ἐἀν
457 4322 746 4395 δανείζητε
800 4319 1031 4397 παρ’ὧν
1073 4326 1326 4391 ἐλπίζετε
1378 4329 1699 4396 ἀπολαϐεῖν,

129 4414 271 4468 ποία
300 4415 427 4484 ὑμῖν
466 4414 629 4487 χάρις
659 4415 837 4482 ἐστίν;
873 4416 985 4471 Καὶ
1019 4417 1129 4489 γὰρ
1160 4420 1479 4491 ἁμαρτωλοὶ
1521 4424 1701 4497 ἀμαρ-

126 4508 327 4571 τωλοῖς
348 4506 704 4575 δανείζουσιν,
737 4509 825 4564 ἵνα
859 4509 1176 4565 ἀπολάϐωσι
1209 4512 1278 4565 τά
1302 4513 1413 4571 ἶσα.
1448 4533 1465 4565 ι

209 4686 299 4757 Τῷ
344 4688 456 4743 ὄντι
486 4689 793 4761 ὑπερϐολὴν
840 4691 1241 4762 ἀπανθρωπίας
1288 4650 1427 4762 ἔχει.
1478 4693 1569 4747 τὸν
1598 4693 1699 4765 μὲν

126 4780 249 4834 τῶν
293 4776 599 4849 ἀναγκαίων
632 4783 825 4847 ἐνδεῶς
856 4783 1070 4854 ἔχοντα,
1103 4783 1286 4855 ζητεῖν
1323 4785 1587 4855 δάνεισμα
1620 4788 1701 4849 εἰς

131 4871 491 4941 παραμυθίαν
510 4872 608 4926 τοῦ
635 4872 774 4943 βίου,
793 4874 885 4929 τὸν
915 4874 974 4928 δέ
1007 4875 1081 4946 μὴ
1107 4874 1399 4946 ἀρκεῖσθαι
1430 4874 1507 4948 τῷ
1537 4893 1725 4953 κεφατ

128 4961 294 5032 λαίῳ,
327 4961 440 5016 ἀλλ’
487 4964 725 5019 ἐπινοεῖν
760 4967 825 5019 ἐκ
854 4965 964 5019 τῶν
998 4967 1293 5037 συμφορῶν
1319 4966 1415 5021 τοῦ
1465 4967 1701 5038 πένητος

132 5056 427 5125 προσόδους
468 5057 677 5128 ἐαυτῷ,
712 5061 806 5112 καὶ
854 5060 1114 5131 εὐπορίας
1158 5062 1432 5129 συνάγειν.
1498 5064 1558 5117 Ὀ
1601 5062 1700 5132 μὲν

126 5144 230 5204 οὖν
250 5146 448 5219 Κύριος
470 5152 715 5221 ἐναργῶς
738 5153 869 5222 ἡμῖν
889 5152 1193 5220 διετάξατο,
1219 5153 1394 5224 λέγων
1412 5171 1425 5185 δ
1456 5157 1566 5209 Καὶ
1595 5155 1702 5210 τὸν

133 5242 389 5297 θέλοντα
412 5243 532 5297 ἀπὸ
565 5244 682 5299 σοῦ
715 5244 1134 5310 δανείσασθαι,
1160 5246 1247 5316 μὴ
1281 5246 1696 5317 ἀποστραφῇς.

150 5333 212 5383 Ὀ
239 5330 294 5383 δὲ
324 5332 657 5405 φιλάργυρος
686 5335 830 5407 ὀρῶν
859 5337 965 5391 ὑπὸ
1001 5340 1100 5409 τῆς
1126 5339 1375 5410 ἀνάγκης
1398 5339 1567 5412 ἄνδρα
1597 5355 1701 5395 κα-

134 5426 614 5496 τακαμπτόμενον,
645 5430 752 5500 πρὸ
781 5430 891 5483 τῶν
920 5432 1162 5500 γονάτων
1193 5432 1525 5500 ἱκετεύοντα,
1557 5435 1609 5487 τί
1638 5435 1700 5487 ού

139 5514 394 5570 ποιοῦντα
425 5519 703 5586 ταπεινὸν,
750 5521 805 5573 τί
846 5522 908 5575 οὐ
959 5524 1354 5593 φθεγγόμενον,
1407 5525 1507 5579 οὑκ
1558 5524 1703 5578 ἐλεεῖ

138 5607 270 5678 παρ’
290 5607 444 5675 ἀξίαν
474 5612 805 5683 πράττοντα,
844 5616 905 5668 οὐ
934 5615 1210 5684 λογίζεται
1251 5618 1350 5687 τὴν
1380 5616 1565 5685 φύσιν,
1599 5617 1700 5670 οὐκ

134 5700 372 5755 ἐνδίδωσι
399 5706 517 5767 ταῖς
546 5705 800 5771 ἱκεσίαις,
817 5706 932 5760 ἀλλ’
956 5708 1241 5779 ἄκαμπτος
1269 5712 1365 5763 καὶ
1385 5708 1701 5779 ἀμείλικτος

139 5795 388 5864 ἕστηκεν,
424 5794 543 5849 οὔτε
584 5797 835 5867 δεήσεσιν
862 5799 1049 5863 εἴκων,
1077 5801 1139 5854 οὺ
1171 5800 1436 5873 δάκρυσιν
1458 5799 1698 5855 ἐπικλώ-

152 5901 326 5957 μενος,
357 5887 626 5958 ἐπιμένων
652 5892 717 5961 τῇ
758 5892 1005 5963 ἀρνήσει,
1044 5892 1417 5964 ἐπομνύμενος
1464 5893 1558 5947 καὶ
1598 5893 1703 5949 ἐπι

1800 3318 2179 3388 accipiendum
2199 3356 2218 3382 ,
2246 3326 2301 3371 et
2333 3317 2401 3371 ad
2433 3314 2777 3371 reddendum
2806 3318 3115 3368 contracta.
3148 3328 3168 3362 ι

1871 3410 2039 3465 Eccli.
2073 3426 2169 3466 vnt
2192 3453 2206 3477 ,
2244 3408 2331 3464 l5.
2353 3439 2422 3449 —
2448 3427 2467 3460 ι
2498 3406 2618 3461 Noli
2643 3405 2881 3461 fenerari
2911 3403 3121 3457 homini
3152 3400 3371 3456 fortiori
3406 3438 3419 3455 .

1797 3512 1891 3559 te:
1924 3502 2069 3573 quod
2102 3502 2150 3559 si
2182 3501 2517 3558 feneraveris
2539 3539 2556 3563 ,
2587 3498 2746 3569 quasi
2779 3495 3089 3567 perdideris
3112 3536 3127 3560 ,
3160 3492 3319 3549 habe.
3344 3510 3364 3545 ι

1870 3593 2039 3649 Eccli.
2088 3608 2220 3648 xxix
2244 3632 2262 3659 ,
2292 3591 2372 3657 2;
2422 3608 2495 3646 tv.
2531 3591 2621 3645 ‘55.
2648 3619 2717 3631 —
2744 3607 2763 3641 ι
2802 3587 3073 3644 Fenerare
3121 3583 3371 3655 proximo

1800 3696 1897 3743 tuo
1928 3686 1985 3741 in
2018 3695 2268 3757 tempore
2302 3682 2646 3740 necessitatis
2690 3681 2857 3736 illius.
2904 3679 3056 3734 Multi
3089 3676 3250 3747 quasi
3280 3676 3368 3730 in-

1800 3779 2116 3836 ventionem
2168 3777 2560 3833 existimarunt
2635 3773 2822 3839 fenus,
2880 3780 2935 3826 et
2996 3768 3366 3838 prestiterunt

1801 3871 2106 3927 molestiam
2141 3869 2210 3924 iis
2239 3868 2331 3939 qui
2369 3882 2429 3922 se
2457 3866 2813 3936 adiuverunt.
2845 3860 3047 3916 Gravia
3078 3865 3205 3914 sunt
3250 3856 3366 3913 haec

1800 3963 2011 4020 homini
2048 3962 2274 4018 habenti
2321 3973 2583 4020 sensum,
2618 3955 2896 4027 correptio
2928 3952 3144 4018 domus,
3177 3959 3232 4006 et
3261 3950 3370 4005 im-

1800 4053 2118 4127 properinm
2154 4051 2506 4107 feneratoris.
2537 4066 2557 4098 ι

1870 4142 2068 4197 Matth.
2105 4158 2160 4207 ν,
2196 4141 2285 4196 42.
2311 4168 2379 4181 -
2407 4159 2429 4192 r
2459 4138 2671 4194 Petenti
2706 4152 2735 4191 a
2802 4146 2857 4194 te
2906 4137 2975 4193 da
2999 4177 3014 4201 ,
3066 4144 3121 4191 et
3165 4132 3370 4189 volenti

1801 4235 2041 4293 mutuari
2076 4250 2105 4288 a
2142 4242 2194 4288 te
2227 4248 2295 4287 ne
2327 4231 2620 4287 avertaris.
2653 4248 2672 4282 ι

1870 4330 2001 4384 Luc.
2037 4343 2090 4383 vr
2113 4368 2129 4395 ,
2158 4326 2251 4382 54.
2281 4356 2351 4369 -
2381 4343 2402 4377 ι
2433 4322 2489 4379 Si
2519 4332 2766 4405 mutuum
2793 4318 3055 4375 dederitis
3079 4317 3148 4373 iis
3180 4332 3208 4370 a
3240 4315 3369 4387 qni-

1802 4422 1910 4478 bns
1941 4419 2179 4492 speratis
2211 4419 2463 4487 recipere
2485 4456 2500 4480 ,
2537 4429 2657 4486 quae
2689 4412 2866 4483 gratia
2914 4421 3001 4466 est
3043 4407 3238 4464 vobis?
3264 4407 3373 4465 ‘Et-

1801 4513 1944 4567 enim
1977 4519 2304 4581 peccatores
2332 4506 2714 4579 peccatoribus
2746 4502 3091 4566 fenerantur,
3124 4508 3189 4559 ut.
3233 4499 3371 4554 reci-

1734 4602 1778 4657 D
1808 4604 1958 4675 piant
1985 4601 2237 4673 aequalia.
2274 4619 2292 4654 ι

1875 4695 2046 4751 Basil.
2075 4695 2131 4748 in
2161 4693 2312 4748 Psal.
2342 4707 2453 4755 xlv,
2485 4689 2605 4744 adv.
2638 4689 2746 4759 [ενι.
2771 4719 2841 4730 -
2871 4686 3081 4742 Revera
3113 4694 3373 4741 extremae

1800 4787 2087 4857 cujusdam
2141 4782 2563 4840 inbumanitatis
2612 4789 2733 4846 est,
2790 4780 2944 4835 illum
3001 4778 3221 4849 quidem
3269 4776 3364 4847 qui

1800 4879 2239 4936 necessariarum
2271 4892 2456 4932 rerum
2487 4874 2713 4946 penuria
2742 4872 2989 4938 laboret,
3019 4868 3372 4928 sublevandas

1799 4973 1925 5027 vita:
1954 4986 2119 5026 causa
2156 4980 2400 5025 mutuam
2429 4967 2714 5039 pecuniam
2743 4965 3064 5035 postulare;
3096 4962 3243 5017 hunc
3272 4975 3372 5013 au-

1800 5072 1907 5118 tem
1940 5071 2091 5118 sorte
2115 5067 2437 5116 contentum
2464 5075 2577 5116 non
2603 5074 2723 5115 esse
2746 5099 2761 5123 ,
2795 5073 2982 5113 verum
3013 5070 3076 5110 ex
3112 5052 3379 5123 pauperis

1802 5154 2213 5210 calamitatibus
2249 5160 2553 5224 proventus
2584 5151 2686 5205 sibi
2725 5158 2779 5203 et
2813 5162 2947 5218 opes
2979 5143 3237 5203 conflare.
3278 5140 3366 5195 Et?

1802 5248 1950 5303 enim
1987 5240 2253 5301 Dominus
2292 5254 2476 5315 aperte
2511 5243 2668 5298 nobis
2701 5241 2805 5296 hoc
2837 5238 3050 5295 edixit:
3093 5233 3300 5289 Valenti
3332 5252 3373 5289 α

1803 5350 1850 5396 te
1879 5342 2144 5402 mutuari,
2170 5356 2273 5393 non
2303 5338 2580 5392 avertatis.
2602 5336 2673 5390 At
2697 5348 2917 5395 avarus,
2940 5344 3062 5386 cum
3091 5326 3364 5381 hominem

1800 5449 1914 5503 prae
1943 5432 2128 5502 inopia
2161 5432 2226 5485 ad
2259 5445 2437 5501 genua
2487 5444 2587 5485 sua
2626 5425 3009 5499 provolutum,
3055 5418 3367 5489 supplican-

1800 5534 1946 5589 tem.
1978 5524 2118 5579 nihil
2147 5539 2258 5579 non
2291 5522 2574 5577 humiliter
2614 5518 2935 5581 facientem,
2970 5514 3109 5571 nihil
3140 5529 3250 5568 non
3280 5512 3362 5567 ef-

1800 5618 2087 5672 futientem
2132 5616 2344 5678 cernit,
2389 5625 2733 5682 nequaquam
2782 5607 2987 5679 ipsius,
3040 5620 3203 5676 quam
3252 5620 3361 5659 non

1802 5710 2024 5776 meruit,
2052 5708 2366 5763 calamitate
2419 5712 2826 5767 commovetur,
2881 5715 2992 5755 non
3050 5697 3363 5753 considerat

1803 5810 2061 5853 naturam
2086 5838 2100 5862 ,
2135 5813 2242 5852 non
2274 5795 2531 5866 precibus
2563 5791 2741 5855 cedit,
2777 5804 2885 5843 non
2926 5788 3180 5858 lacrymis
3213 5784 3361 5837 fran-

1802 5893 1979 5963 gitur,
2014 5890 2109 5946 sed
2148 5886 2469 5958 denegando
2514 5897 2869 5956 perseverans
2892 5920 2905 5946 ,
2941 5895 3065 5935 cum
3106 5890 3359 5935 exsecra-
