4024 6450
592 479 613 540 1
627 476 726 539 ’ὶϐτ

1755 476 1814 534 S.
1854 472 2173 535 JOANNIS
2231 470 2656 533 DAMASCENI

3688 470 3817 534 ms

590 590 736 644 tione
766 594 1078 653 asseverat,
1110 585 1166 642 in
1195 600 1409 642 summa
1433 602 1492 642 se
1518 603 1746 659 prorsus
1778 588 2006 657 penuria
2037 603 2147 643 ver-

2261 585 2542 656 αρώμενος
2565 582 2765 654 ἑαυτῷ,
2796 584 2831 654 ή
2862 584 2969 655 μὴν
2989 585 3219 652 ἀπορεῖν
3236 584 3541 653 παντελῶς,
3556 587 3652 641 καὶ
3670 605 3817 659 περιρ

585 678 696 735 sari
720 719 737 744 ,
767 685 931 749 atque
964 678 1131 734 etiam
1160 679 1627 750 circumspicere,
1664 694 1794 734 num
1829 694 1859 733 a
1891 672 2000 749 quo
2034 679 2157 750 ipse

589 779 785 827 mutuo
820 771 1086 842 accipiat,
1130 773 1376 827 nancisci
1426 773 1633 841 possit,
1684 786 1750 826 ac
1793 772 2157 842 jurejurando

585 862 934 917 mendacium
984 862 1306 925 confirmat,
1359 863 1564 917 malum
1614 863 1964 922 crudelitatis
2007 881 2157 936 quaa-

585 964 732 1008 stum
763 969 795 1009 a
826 954 1071 1024 perjurio
1101 953 1205 1009 sibi
1237 953 1521 1024 colligens.
1556 955 1629 1011 At
1662 964 1951 1027 postquam
1982 959 2030 1013 is
2058 957 2155 1027 qui

587 1056 838 1103 mutuum
868 1049 1081 1118 poscit,
1117 1047 1323 1103 fenoris
1360 1049 1644 1114 meminit,
1676 1057 1731 1105 et
1778 1051 2004 1121 pignora
2050 1066 2153 1105 no-

587 1138 853 1204 minavit,
889 1146 1004 1193 tum
1043 1140 1275 1196 remisso
1309 1140 1609 1210 supercilio
1653 1143 1895 1207 arridet,
1947 1158 2013 1198 ac
2061 1159 2155 1213 pa-

516 1302 519 1305 Α
585 1241 797 1286 ternam
830 1230 1085 1287 fortassis
1113 1232 1413 1287 amicitiam
1437 1248 1883 1290 commemorans
1901 1276 1917 1300 ,
1945 1250 2069 1290 eum
2099 1245 2155 1291 et

470 1326 483 1339 '
584 1323 912 1377 familiarem
964 1332 1021 1379 et
1054 1325 1291 1379 amicum
1335 1324 1592 1396 appellat.
1631 1324 1902 1395 Caterum
1943 1327 2152 1383 videbi-

582 1430 737 1480 mus,
771 1414 985 1486 inquit,
1017 1432 1148 1472 num
1191 1417 1327 1488 quid
1368 1418 1530 1475 nobis
1568 1419 1868 1475 recondita:
1909 1420 2155 1489 pecuniae

584 1506 677 1561 sit.
710 1503 805 1561 Est
835 1522 1001 1576 penes
1036 1523 1123 1563 me
1152 1509 1401 1579 deposita
1433 1511 1501 1566 ab
1532 1512 1720 1567 amico
1746 1512 1986 1583 quodam
2011 1552 2028 1579 ,
2058 1515 2152 1583 qui

582 1611 703 1651 eam
733 1597 865 1652 mihi
897 1610 1144 1670 quaestus
1175 1615 1345 1656 causa
1374 1602 1805 1660 commendavit.
1828 1603 2032 1664 Verum
2062 1606 2179 1661 ille

580 1690 804 1760 quidem
838 1693 967 1748 mihi
1000 1710 1196 1764 graves
1227 1709 1430 1750 usuras
1461 1698 1841 1767 praescripsit:
1884 1715 1989 1755 nos
2020 1714 2155 1755 vero

581 1785 810 1839 omnino
840 1786 1048 1855 aliquid
1084 1788 1435 1845 remittemus
1455 1830 1471 1854 ,
1504 1805 1569 1846 ac
1599 1792 1802 1847 minori
1836 1791 2025 1848 fenore
2053 1792 2152 1846 da-

580 1876 689 1929 turi
742 1890 954 1933 sumus.
1007 1876 1134 1932 Haec
1185 1879 1277 1934 ille
1322 1881 1626 1948 simulans,
1657 1890 1822 1953 atque
1874 1883 2153 1953 ejusmodi

2222 678 2482 751 .σκοπεῖν
2521 676 2618 729 καὶ
2643 674 2828 740 αὐτὸς,
2869 676 2923 728 εί
2962 692 3089 729 τινα
3115 672 3261 746 ε’ύρη
3304 675 3413 728 τῶν
3452 676 3815 740 δανειζόντων.

2253 767 2348 821 καὶ
2403 766 2771 839 πιστούμενος
2801 766 2863 819 τὸ
2901 765 3098 836 ψεῦδος
3142 766 3234 820 διὰ
3281 766 3394 821 τῶν
3424 768 3630 838 ὅρκων,
3658 774 3818 823 κακον

2254 859 2709 931 παρεμπόριυμα
2766 857 2868 928 τῆς
2929 858 3333 930 ἀπανθρωπίας
3388 858 3491 929 τήν
3541 860 3818 929 ἐπιορκίαν

2254 954 2701 1027 προσκτώμενος.
2742 953 2995 1009 Ἐπειδὰν
3054 954 3114 1008 δέ
3164 958 3194 1009 ὁ
3247 954 3429 1027 ζητῶν
3478 955 3541 1009 τὸ
3597 955 3820 1021 δάνειον,

2252 1048 2433 1101 τόκων
2472 1046 2713 1118 μνησθῇ,
2743 1048 2839 1100 καὶ
2871 1046 3152 1118 ὑποθήκας
3176 1048 3442 1118 ὀνομάσῃ,
3484 1048 3613 1100 τότε
3666 1063 3822 1100 καταο

2254 1139 2438 1195 ϐαλὼν
2467 1139 2567 1210 τήν
2594 1140 2768 1211 ὀφρὺν
2810 1140 3261 1211 προσεμειδίασε,
3301 1141 3395 1194 καί
3427 1158 3533 1194 που
3579 1141 3683 1195 καὶ
3730 1158 3824 1193 πα-

2251 1230 2435 1304 τρῴας
2463 1232 2649 1300 φιλίας
2668 1232 2946 1302 ἐμνήσθη,
2978 1231 3075 1285 καὶ
3102 1232 3310 1302 συνήθη
3333 1226 3457 1284 εἷπε
3507 1233 3607 1285 καὶ
3650 1231 3820 1300 φίλον.

2254 1325 2364 1378 Καὶ
2392 1323 2664 1395 ὀψόμεθα,
2682 1324 2837 1395 φησὶ,
2855 1324 2909 1376 εἰ
2924 1324 3028 1376 πού
3055 1324 3111 1377 τί
3133 1327 3281 1399 ἐστιν
3299 1328 3433 1395 ήμῖν
3459 1325 3824 1394 ἀποκείμενον

2253 1412 2539 1486 ἀργύριον.
2574 1411 2733 1466 Ἔστι
2760 1412 2821 1465 δέ
2861 1412 3306 1484 παρακαταθήκη
3331 1414 3487 1483 φίλου
3518 1414 3721 1485 ἀνδρὸς
3743 1415 3823 1467 ἐπ’

2253 1504 2490 1577 ἐργασίᾳ
2519 1504 2909 1576 παραθεμένου
2938 1508 3068 1576 ήμῖν
3086 1521 3101 1536 ·
3134 1505 3249 1559 ἀλλ’
3270 1507 3477 1569 ἐκεῖνος
3510 1506 3616 1576 μὲν
3650 1506 3823 1576 βαρεῖς

2254 1599 2344 1653 ἐπ’
2368 1597 2519 1670 αὐτῷ
2536 1598 2667 1662 τοὺς
2697 1598 2892 1662 τόκους
2924 1597 3148 1668 ὥρισεν,
3190 1600 3353 1669 ἡμεῖς
3379 1599 3437 1652 δὲ
3467 1600 3695 1661 πάντως
3731 1601 3822 1653 ἐπ-

2254 1693 2529 1764 ανήσομέν
2558 1709 2635 1755 τι,
2661 1693 2755 1746 καὶ
2792 1692 3162 1746 ἐπελάττωσιν
3197 1696 3309 1757 τοῖς
3337 1694 3521 1756 τόκοις
3554 1690 3820 1761 δώσομεν.

2257 1784 2493 1838 Τοιαῦτα
2536 1784 3180 1855 κατασχηματιζόμενος,
3209 1785 3306 1837 καὶ
3343 1784 3618 1847 τοιούτοις
3660 1783 3826 1851 λόγοις

2256 1872 2877 1943 ύποφαίνων,δελεάζων
2898 1874 2991 1929 τὸν
3013 1873 3215 1940 ἄθλιον,
3233 1874 3646 1944 γραμματείοις
3673 1875 3824 1928 αὐτὸν

580 1982 836 2023 sermone
868 1967 1131 2024 miserum
1181 1970 1541 2039 demulcens,
1589 1980 1645 2029 et
1695 1974 1978 2041 inescans,
2027 1989 2147 2046 syn-

2260 1966 2705 2037 προκαταδήσας,
2738 1968 2833 2022 καὶ
2862 1967 3000 2039 πρὸς
3021 1971 3086 2039 τῇ
3121 1966 3511 2036 καταπονούση
3543 1968 3732 2036 πενίᾳ,
3756 1965 3825 2019 ἔτι

578 2057 804 2128 grapbis
827 2059 1007 2127 ipsum
1037 2061 1405 2131 constringit,
1431 2070 1486 2119 et
1512 2071 1707 2134 praeter
1728 2072 2025 2134 egestatem
2048 2080 2154 2134 qua

581 2150 671 2206 ille
701 2152 1075 2218 premebatur,
1108 2161 1293 2225 erepta
1323 2170 1539 2227 quoque
1570 2157 1620 2210 ei
1653 2156 1945 2224 libertate,
1977 2157 2154 2211 disce-

578 2240 677 2294 dit.
705 2234 840 2296 Nam
869 2242 960 2313 qui
995 2243 1278 2301 fenoribus
1310 2262 1431 2317 quae
1465 2246 1776 2317 persolvere
1809 2262 1914 2302 non
1945 2249 2152 2318 possit,

579 2350 701 2389 sese
731 2332 1008 2403 devinxit,
1040 2346 1361 2408 perpetuam
1386 2342 1707 2397 servitutem
1736 2352 1934 2412 sponte
1962 2342 2149 2398 subiit.

578 2422 747 2490 Heus,
778 2433 857 2482 tu~
880 2443 1011 2498 opes
1059 2439 1114 2485 et
1151 2442 1455 2503 proventus
1492 2433 1691 2503 quaeris
1738 2434 1809 2489 ab
1856 2434 2066 2505 inope?
2093 2434 2152 2490 Si

577 2519 796 2575 divitias
827 2528 954 2577 tuas
982 2533 1201 2593 peierat
1228 2539 1467 2597 augere,
1499 2525 1631 2597 quid
1658 2528 1881 2582 tandem
1909 2527 1976 2581 ad
2007 2528 2154 2584 fores

576 2616 701 2663 tuas
733 2611 1057 2680 quaerebat?
1080 2610 1184 2679 Qui
1221 2613 1416 2673 auxilii
1445 2615 1804 2672 nanciscendi
1848 2631 2017 2671 causa
2057 2631 2153 2672 ve-

576 2709 767 2764 nerat,
801 2702 1017 2759 hostem
1052 2703 1303 2760 invenit:
1336 2707 1429 2777 qui
1461 2708 1707 2764 remedia
1740 2708 2057 2779 quaarebat,
2095 2708 2151 2763 in

575 2793 815 2847 toxicum
849 2794 1066 2852 incidit.
1112 2796 1221 2854 Pro
1249 2814 1316 2855 eo
1357 2807 1522 2871 atque
1562 2808 1861 2872 egestatem
1892 2800 2055 2874 432
2086 2802 2153 2856 ilo

574 2883 682 2939 lius
714 2886 1008 2955 oportebat
1034 2889 1323 2947 sublevare
1342 2931 1360 2958 ,
1390 2899 1451 2947 tu
1476 2902 1672 2948 contra
1703 2893 1941 2963 inopiam
1974 2893 2151 2965 ipsius

573 2977 929 3048 conduplicas
963 2998 979 3036 :
1014 2979 1066 3035 id
1099 2980 1361 3037 nimirum
1397 2999 1603 3054 agens,
1637 2995 1696 3041 ut
1730 3002 1797 3041 ex
1828 3001 1895 3040 eo
1924 2986 2019 3056 qui
2061 2986 2149 3039 fa-

572 3067 869 3126 cultatibus
917 3070 1177 3127 omnibus
1225 3074 1564 3142 destituitur,
1614 3077 1965 3132 commodum
2002 3077 2147 3147 quid

572 3159 856 3229 decerpas.

2256 2058 2353 2110 καὶ
2404 2055 2504 2127 τὴν
2569 2057 2887 2127 ἐλευθερίαν
2941 2056 3037 2110 τοῦ
3092 2056 3285 2127 ἀνδρὸς
3348 2054 3827 2127 προσαφελόμενος

2254 2148 2447 2220 ᾤχετο.
2477 2150 2537 2204 '0
2563 2149 2671 2222 γάρ
2694 2151 2876 2215 τόκοις
2896 2150 3091 2203 ἑαυτὸν
3122 2149 3425 2203 ὑπεύθυνον
3450 2149 3823 2217 καταστήσας,

2257 2237 2333 2297 ὧν
2360 2242 2459 2314 τὴν
2488 2242 2700 2297 ἔκτισιν
2725 2243 2827 2296 ούκ
2857 2241 3177 2311 ὑφίσταται,
3211 2241 3458 2295 δουλείαν
3506 2241 3826 2311 αὐθαίρετον

2255 2335 2585 2400 κατεδέξατο
2603 2334 2692 2390 διὰ
2723 2334 2860 2406 βίου.
2884 2336 3181 2406 Χρήματα,
3205 2332 3329 2388 είπέ
3358 2351 3473 2404 μοι,
3507 2334 3607 2386 καὶ
3636 2333 3827 2403 adpo-4;

2254 2427 2542 2497 ἐπιζητεῖς
2569 2426 2727 2498 παρὰ
2752 2426 2849 2481 τοῦ
2873 2426 3105 2498 ἀπόρου,
3136 2429 3232 2481 καὶ
3259 2428 3309 2480 εί
3340 2424 3751 2497 πλουσιώτερον
3775 2442 3827 2477 σε

2253 2522 2581 2591 ἀποφαίνειν
2616 2521 2872 2592 ἠδύνατο,
2900 2522 2954 2574 τί
2994 2521 3178 2594 ἐζήτει
3212 2521 3366 2592 παρὰ
3398 2520 3500 2583 τὰς
3526 2520 3709 2591 θύρας
3739 2519 3827 2579 τὰς

2254 2615 2354 2677 σάς
2379 2631 2396 2681 ;
2439 2615 2563 2669 Ἐπὶ
2587 2615 2907 2685 συμμαχίαν
2929 2614 3121 2682 ἐλθὼν,
3152 2614 3392 2685 πόλεμον
3424 2608 3615 2685 εὗρεν,
3657 2613 3827 2679 ἀλεξιο

2252 2704 2520 2776 φάρμακα
2549 2706 2841 2776 ἐπιζητῶν,
2872 2706 3223 2778 δηλητηρίοις
3253 2706 3512 2778 ἐνέτυχεν
3532 2722 3547 2736 ο
3580 2706 3707 2759 δέον
3734 2721 3827 2759 πα-

2252 2793 2620 2865 ραμυθεῖσθαι
2656 2795 2751 2849 τοῦ
2791 2796 2987 2867 ἀνδρὸς
3016 2796 3118 2867 τὴν
3161 2797 3431 2868 πτωχίαν,
3463 2800 3535 2852 σὺ
3573 2798 3639 2850 δὲ
3677 2798 3826 2851 πολυ-

2250 2886 2591 2953 πλασιάζεις,
2637 2888 2739 2959 τήν
2786 2887 2996 2942 ἔνδειαν
3048 2889 3461 2960 ἐκκαρποῦσθαι
3516 2890 3708 2960 ζητῶν
3748 2891 3825 2944 τὸν

2250 2979 2348 3051 ἐρη
2358 2997 2458 3049 μον
2477 2997 2493 3044 ;

648 3249 788 3305 Ibid.
812 3282 880 3293 —
899 3250 1068 3325 Origo
1092 3254 1364 3310 mendacii
1393 3264 1476 3311 est
1500 3255 1738 3311 fenerari
1757 3299 1773 3325 ,
1799 3258 2003 3328 ingrati
2036 3263 2147 3316 ani-

2319 3251 2566 3317 Ψεύδους
2588 3253 2732 3324 ἀρχή
2754 3252 2814 3305 τὸ
2830 3251 3200 3320 δανείσασθαι,
3224 3254 3560 3324 ἀχαριστίας
3581 3255 3821 3326 ἀφορμή,

572 3342 682 3407 mi,
731 3342 970 3412 perﬁdiae
1018 3354 1073 3400 et
1120 3346 1351 3416 periurii
1402 3361 1595 3403 causa.
1645 3347 1768 3405 Non
1822 3349 1902 3405 illi
1958 3360 2150 3408 noctes

572 3435 810 3505 quietem
844 3435 1071 3502 ferunt,
1106 3454 1213 3493 non
1241 3453 1473 3495 serenus
1502 3440 1623 3496 dies
1650 3448 1773 3507 est,
1807 3457 1914 3498 non
1945 3443 2027 3499 sol
2056 3445 2149 3513 ju-

572 3520 788 3582 Cundus
807 3567 822 3592 ,
857 3528 953 3583 sed
978 3544 1102 3584 eum
1132 3529 1260 3584 vitae
1285 3545 1401 3587 suae
1426 3529 1608 3586 taadet.
1637 3530 1764 3587 Dies
1793 3530 1941 3600 odit,
1972 3542 2031 3587 ut
2055 3535 2151 3603 qui

573 3618 642 3673 ad
672 3620 1035 3690 praestitutum
1063 3621 1208 3678 diem
1236 3633 1537 3694 properant
1568 3640 1583 3690 ;
1611 3639 1834 3680 menses
1854 3663 1870 3689 ,
1898 3637 1960 3681 ut
1994 3625 2150 3682 feno-

571 3727 693 3765 rum
728 3720 988 3783 parentes
1017 3715 1414 3784 perhorrescit.
1440 3714 1590 3782 Quod
1620 3717 1666 3771 si
1696 3716 1937 3784 dormit,
1970 3719 2149 3775 credi-

571 3812 745 3861 torem
777 3804 833 3858 in
868 3806 1078 3863 somnis
1107 3808 1324 3873 cernit,
1360 3808 1694 3862 insomnium
1744 3807 1951 3863 malum
1980 3809 2146 3879 capiti

572 3910 675 3949 suo
703 3896 1022 3954 imminens.
1052 3897 1108 3953 Si
1136 3899 1327 3969 vigilet
1347 3942 1360 3962 ,
1390 3899 1653 3969 cogitatio
1685 3899 1809 3968 ejus
1843 3912 1897 3955 et
1924 3915 2059 3956 cura
2089 3901 2146 3956 in

572 3986 762 4045 fenore
821 3989 988 4044 infixa
1036 3999 1142 4046 est.
1196 3990 1470 4047 Creditore
1534 4001 1586 4047 et
1638 3992 1911 4058 debitore,
1969 3995 2147 4067 inquit

572 4079 901 4149 Scriptura,
943 4080 1277 4137 obviantibus
1323 4083 1580 4148 invicem,
1628 4085 1812 4141 ambos
1842 4087 2148 4156 speculatur

570 4170 831 4228 Dominus
856 4173 1041 4244 (Prov.
1071 4190 1199 4228 xxix
1223 4216 1239 4241 ,
1264 4174 1376 4241 15).
1401 4175 1500 4231 llle
1529 4178 1684 4232 canis
1715 4178 1891 4233 instar
1920 4179 1987 4235 ad
2015 4195 2148 4250 prte-

568 4261 693 4316 clant
725 4265 973 4319 accurrit
1002 4283 1016 4319 :
1046 4264 1140 4320 hic
1190 4266 1361 4320 veluti
1412 4276 1567 4323 certa
1606 4270 1726 4338 ipse
1768 4277 1994 4339 captura
2025 4272 2141 4337 sit,

567 4372 929 4427 congressum
956 4360 1270 4428 expavescit
1295 4379 1309 4414 :
1335 4374 1550 4431 egestas
1572 4366 1721 4441 enim
1754 4365 1859 4435 ipsi
1887 4364 2144 4420 fiduciam

567 4447 787 4505 adimit.
836 4447 1134 4519 Utriusque
1169 4453 1367 4507 calculi
1393 4454 1449 4509 in
1480 4454 1668 4525 digitis
1701 4464 1866 4522 sunt,
1899 4456 1993 4512 illo
2020 4456 2146 4526 qui-

567 4539 692 4594 dem
726 4538 799 4594 ob
832 4540 1234 4598 incrementum
1266 4544 1475 4602 fenoris
1511 4546 1783 4617 gaudente
1806 4588 1822 4612 ,
1872 4548 1979 4603 hoc
2010 4564 2143 4604 vero

564 4630 637 4685 ob
652 4629 1026 4689 calamitatum
1044 4635 1321 4690 cumulum
1346 4635 1762 4707 ingemiscente.
1787 4639 1922 4696 Bibe
1941 4656 2140 4711 aquam

565 4722 633 4773 de
657 4723 808 4779 vasis
839 4725 951 4781 tuis
974 4765 990 4790 ,
1013 4725 1119 4783 hoc
1145 4737 1227 4783 est
1243 4770 1260 4796 ,
1286 4728 1579 4787 facultates
1605 4739 1731 4787 tuas
1748 4733 2132 4804 circumspice.

564 4810 685 4869 Noli
721 4814 789 4870 ad
820 4817 1032 4874 alienos
1059 4818 1241 4876 fontes
1271 4836 1497 4890 pergere
1517 4863 1533 4889 ,
1563 4822 1661 4879 sed
1689 4824 1816 4879 vitae
1844 4824 2038 4880 solatia
2067 4840 2138 4881 ex

565 4902 783 4962 fluentis
811 4907 920 4962 tuis
952 4908 1048 4963 tibi
1084 4924 1365 4979 compara.

639 4994 782 5052 Ibid.
809 4999 981 5054 —-Ad
1013 5000 1225 5058 alienas
1255 5002 1403 5059 fores
1435 5020 1504 5060 ne
1539 5013 1595 5061 te
1633 5004 1912 5063 conferas.
1945 5008 2137 5079 Angu-

566 5096 686 5145 stus
720 5090 867 5145 enim
899 5100 985 5147 est
1016 5103 1212 5162 puteus
1232 5133 1255 5173 ,
1280 5095 1335 5150 id
1366 5097 1515 5166 quod
1558 5098 1797 5154 alienum
1841 5109 1949 5156 est.
1982 5099 2137 5155 Prae-

563 5178 824 5236 stabilius
872 5188 956 5235 est
1002 5191 1303 5253 egestatem
1355 5186 1563 5242 sensim
1612 5198 1807 5260 suapte
1854 5190 2136 5248 industria

561 5264 817 5338 delinire,
847 5284 1012 5338 quam
1043 5272 1240 5329 alienis
1283 5275 1485 5345 opibus
1530 5287 1754 5347 repente
1786 5280 2094 5350 subjectum
2115 5324 2132 5350 ,

564 5366 749 5426 postea
781 5358 1140 5420 facultatibus
1171 5366 1430 5423 omnibus
1464 5369 1713 5438 spoliari.
1763 5371 1821 5427 Si
1852 5373 2000 5429 enim
2033 5374 2134 5430 ha—

491 5511 494 5515 .
562 5449 657 5502 bes
694 5448 838 5504 unde
868 5453 1071 5509 reddas
1092 5492 1106 5517 ,
1153 5456 1289 5525 quid
1336 5474 1443 5514 non
1474 5471 1799 5530 praesentem
1832 5473 2131 5535 egestatem

561 5540 651 5594 his
679 5542 945 5600 subsidiis
974 5546 1279 5608 dissolvis?
1311 5554 1371 5609 Si
1415 5568 1597 5611 autem
1653 5559 1798 5614 unde
1842 5563 2133 5630 persolvas

563 5646 671 5686 non
703 5636 974 5702 suppetit,
1008 5644 1210 5698 malum
1243 5647 1388 5701 malo
1416 5663 1601 5705 curas.
1634 5647 1758 5706 Noli
1784 5654 2133 5710 committere

563 5737 622 5781 ut
647 5735 701 5783 te
728 5727 969 5784 creditor
998 5734 1290 5792 obsideat:
1326 5755 1396 5795 ne
1430 5741 1678 5811 patiare,
1712 5753 1770 5799 ut
1795 5744 1971 5800 instar
2004 5745 2133 5802 fera:

563 5824 631 5876 ad
669 5821 907 5907 prmdam
968 5828 1280 5896 exquiraris
1332 5841 1386 5888 et
1430 5834 1805 5907 investigeris.
1857 5836 2129 5894 Mendacii

564 5906 720 5983 origo
750 5919 835 5967 est
872 5913 1134 5972 fenei-ari.
1171 5920 1291 5976 Alia
1322 5925 1489 5981 verba
1521 5906 1657 5984 sunt
1685 5932 1807 5999 ejus
1843 5928 1934 5999 qui
1968 5944 2130 5999 pecu-

2253 3344 2539 3415 ὲπιορκίας
2584 3360 2645 3398 τε
2688 3345 2785 3400 καὶ
2832 3344 3248 3417 ἀγνωμοσύνης.
3288 3346 3370 3429 «ού
3400 3346 3602 3411 νύκτες
3640 3348 3824 3419 ἐκείνῳ

2250 3436 2560 3491 ἀνάπαυσιν
2586 3436 2863 3507 φέρουσιν,
2893 3437 2993 3508 οὐχ
3020 3437 3173 3508 ἥλιος
3216 3438 3475 3511 τερπνὸς,
3515 3439 3663 3493 ἀλλά
3706 3442 3822 3494 δοσ-

2250 3528 2492 3600 χεραίνει
2521 3528 2614 3582 τὸν
2642 3528 2777 3599 βίον,
2803 3532 3045 3601 μισεῖται
3066 3531 3282 3603 ήμέρας
3314 3531 3673 3603 προθεσμίαν
3693 3535 3825 3587 ἐπει-

2248 3619 2512 3688 γομένας,
2548 3619 2795 3689 φοϐεῖται
2822 3621 2950 3685 τοὺς
2991 3622 3167 3692 μῆνας
3196 3622 3272 3685 ὡς
3313 3622 3519 3690 τόκων,
3557 3624 3819 3695 πατέρας.

2250 3710 2369 3766 Κάν
2398 3710 2659 3785 καθεύδῃ,
2683 3712 2937 3767 ἐνύπνιον
2969 3712 3157 3783 βλέπει
3184 3714 3278 3768 τὸν
3310 3714 3623 3787 δανειστὴν,
3664 3716 3823 3769 κακὸν

2249 3802 2384 3874 ὄναρ
2415 3805 2481 3874 τῇ
2536 3805 2748 3876 κεφαλῇ
2786 3806 3212 3877 παριστάμενον.
3262 3807 3381 3860 Κᾶν
3416 3811 3721 3880 γρηγορεῖ,
3749 3810 3824 3861 ἓν·

2248 3912 2364 3949 νοια
2397 3895 2548 3967 αὐτῷ
2598 3897 2695 3950 καὶ
2735 3898 2953 3967 φροντὶς
2980 3900 3009 3952 ό
3034 3898 3191 3963 τόκος
3236 3898 3406 3954 ἐστίν.
3465 3899 3817 3963 Δανεισ-τοῦ,

2248 3987 2403 4057 φησὶ,
2421 3988 2520 4042 καὶ
2548 3986 2977 4058 χρεωφειλέτου
3002 3990 3489 4057 ἀπαντησάντων
3506 3993 3818 4060 ἀλλήλοις,

2244 4079 2592 4147 ἐπισκοπὴν
2612 4080 2963 4149 ἀμφοτέρων
2994 4081 3245 4136 ποιεῖται
3274 4086 3306 4137 ό
3337 4085 3585 4152 Κύριος.
3628 4086 3693 4138 Ὅ
3732 4086 3821 4155 μὲν

2245 4172 2438 4244 ὥσπερ
2470 4172 2618 4227 κύων
2642 4172 2922 4245 ἐπιτρέχει
2954 4177 3021 4245 τῇ
3048 4174 3224 4247 ἀγρρν
3249 4177 3278 4230 ό
3299 4177 3359 4230 δὲ
3383 4176 3585 4249 ὥσπερ
3613 4180 3820 4248 ἕτοιμον

2247 4265 2473 4337 θήραμα
2536 4268 2917 4339 καταπτήσσει
2970 4268 3069 4338 τήν
3121 4270 3451 4341 συντυχίαν·
3506 4273 3817 4343 ἀφαιρεῖται

2243 4356 2354 4428 γάρ
2387 4357 2555 4411 αὐτοῦ
2588 4358 2688 4429 τὴν
2715 4360 3035 4431 παρρησίαν
3060 4359 3121 4413 τὸ
3145 4360 3425 4415 πένεσθαι.
3470 4363 3818 4433 ’Δμφοτέροιν

2244 4452 2305 4513 οἱ,
2324 4448 2497 4520 ψῆφοι
2519 4451 2613 4503 ἐπὶ
2640 4450 2950 4504 δακτύλων*
2974 4450 3069 4505 τοῦ
3108 4453 3210 4522 μὲν
3238 4455 3533 4526 χαίροντος
3569 4459 3642 4527 τῇ
3671 4455 3817 4524 αὐξή-

2247 4559 2330 4596 σει
2350 4542 2463 4596 τῶν
2493 4543 2693 4608 τόκων,
2718 4543 2815 4597 τοῦ
2838 4544 2896 4598 δὲ
2925 4544 3274 4611 στεγάζοντος
3290 4550 3361 4618 τῇ
3390 4549 3691 4622 προσθήκῃ
3720 4549 3815 4603 τῶν

2170 4632 2217 4688 D
2249 4634 2564 4707 συμφορῶν.
2589 4634 2717 4689 Πίνε
2761 4636 2928 4692 ὕδατα
2973 4638 3082 4693 ἀπὸ
3120 4638 3231 4693 σῶν
3261 4639 3527 4708 ἀγγείων,
3552 4644 3814 4703 τουτέστι.

2244 4726 2344 4790 τὰς
2371 4726 2580 4792 οἰκείας
2617 4728 2877 4799 ἀφορμὰς
2904 4731 3257 4802 περισκόπει.
3288 4732 3381 4803 Μή
3410 4732 3504 4786 ἐπ’
3530 4734 3815 4805 ἀλλοτρίας

2246 4820 2435 4891 πηγὰς
2489 4819 2695 4891 βάδιζε,
2736 4821 2855 4875 ἀλλ’
2897 4822 2960 4888 ἐξ
2994 4824 3217 4878 οίκείων
3261 4824 3496 4881 λιϐάδων
3547 4830 3814 4897 συνάγαγε

2196 4956 2201 4963 .
2246 4909 2461 4981 σεαυτῷ
2489 4911 2592 4975 τάς
2615 4912 2973 4984 παραμυθίας
2992 4916 3087 4969 τοῦ
3119 4915 3257 4986 βίου.

2313 5004 2405 5074 Μὴ
2438 5003 2621 5073 βάδιζε
2673 5006 2761 5059 ἐπ’
2814 5006 3101 5079 ἀλλοτρίας
3134 5008 3327 5080 θύρας.
3370 5012 3560 5080 φρέαρ
3597 5014 3708 5084 γὰρ
3747 5013 3814 5081 τῷ

2240 5094 2360 5148 ὄντι
2393 5095 2457 5148 τὺ
2503 5096 2786 5170 ἀλλότριόν
2824 5098 2995 5152 ἐστιν.
3025 5100 3249 5154 Βέλτιον
3287 5103 3407 5164 ταῖς
3446 5108 3592 5157 κατά
3630 5105 3813 5174 μικςὴν

2242 5187 2512 5251 ἐπινοίαις
2563 5187 2664 5260 τὴν
2714 5191 2905 5261 χρείαν
2957 5192 3487 5263 παραμυθήσασθαι,
3524 5197 3561 5266 ἢ
3609 5198 3827 5276 ἀθρόωςὶ

2240 5277 2552 5351 ἐπαρθέντα
2593 5283 2712 5345 τοῖς
2754 5281 3085 5353 ἀλλοτρίοις,
3136 5283 3365 5357 ὕστερον
3407 5288 3635 5341 πάντων
3683 5287 3808 5358 ὁμοῦ

2239 5371 2351 5426 τῶν
2402 5373 2716 5445 προσόντων
2767 5374 3241 5446 ἀπογυμνοῦσθαι.
3278 5376 3344 5432 Εί
3383 5379 3485 5449 μὲν
3529 5377 3627 5434 οὖν
3675 5382 3808 5452 ἔχεις

2242 5462 2409 5516 πόθεν
2434 5463 2670 5532 ἀποδῷς,
2694 5464 2747 5517 τί
2775 5466 2898 5537 οὐχὶ⁵
2922 5467 3021 5538 τὴν
3048 5468 3331 5537 παροῦσαν
3372 5470 3583 5527 ἔνδειαν
3612 5477 3675 5527 ἐκ
3701 5474 3802 5527 τοῦ-

2237 5573 2349 5609 των
2375 5556 2485 5610 τῶν
2508 5557 2775 5628 ἀφορμῶν
2793 5557 3068 5624 διαλύεις;
3110 5559 3171 5612 Εί
3203 5560 3260 5614 δὲ
3291 5562 3521 5633 ἀπορεῖς
3550 5567 3686 5634 πρὸς
3715 5566 3800 5635 tiri

2240 5650 2468 5715 ἔκτισιν,
2499 5648 2659 5721 κακῷ
2710 5650 2879 5704 κακὸν
2912 5651 3261 5724 θεραπεύεις.
3294 5657 3385 5725 Μὴ
3431 5658 3561 5731 δέξῃ
3594 5660 3797 5727 πολιορ-

2241 5742 2441 5796 κοῦντά
2470 5757 2531 5793 σε
2575 5741 2898 5813 δανειστήν·
2962 5743 3038 5815 μὴ
3089 5744 3301 5821 ἀνάσχῃ
3341 5748 3531 5819 ὥσπερ
3579 5752 3703 5805 ἄλλο
3750 5766 3795 5801 τι

2241 5837 2465 5906 θήραμα
2518 5835 2908 5906 ἀναζητείσθαι
2955 5839 3049 5891 καὶ
3112 5839 3507 5911 ἐξιχνεύεσθαι.
3569 5845 3794 5905 Ψεύδους

2241 5926 2460 6000 ἀρχήτὸ
2482 5926 3023 5986 δανείσασθαι.ηἈλλα
3050 5933 3270 6005 ῥήματα
3289 5935 3380 5990 τοῦ
3404 5935 3789 6007 δανειζομένου,
