4024 6458
242 484 351 551 2ῧο

1446 486 1682 546 SACRA
1712 484 2180 544 PARALLELA.

3311 484 3450 546 1370

196 602 294 650 καὶ
334 596 464 652 ἄλλα
492 595 587 648 τοὺ
617 594 1044 665 ἀπαιτουμένου.
1081 593 1208 647 Εἴθε
1249 610 1332 647 σοι
1379 595 1454 665 μὴ
1481 595 1754 664 ἀπήντησε

1877 591 2024 645 niam
2061 587 2296 659 accipit.
2331 597 2385 643 et
2436 587 2540 642 alia
2588 588 2710 658 ejus
2755 605 2785 642 a
2832 605 2943 658 quo
2994 606 3058 646 ea
3107 596 3446 662 reposcitur.

192 691 344 752 τότε,
375 688 496 757 οὑχὶ
513 687 570 740 δὲ
602 686 826 750 ἀκοντός
855 705 958 756 μου
983 686 1250 749 ὑπέϐαλες
1277 689 1343 756 τῇ
1372 687 1519 758 χειρὶ
1543 687 1613 739 τὰ
1640 686 1770 757 χρή-

197 797 348 848 ματα
367 794 382 810 ο
408 778 718 848 ὑπόχαλκον
742 778 799 832 δέ
833 796 927 833 σου
944 779 1004 832 16
1025 779 1266 850 χρυσίον,
1291 781 1389 833 καὶ
1416 797 1494 833 πα
1504 797 1770 849 ρακεκομ-

195 871 362 938 μένον
391 869 452 922 τὸ
489 870 751 939 νόμισμα.
801 870 929 923 Εἴτε
959 867 1052 923 οὖν
1098 870 1252 938 φίλος
1297 872 1326 924 6
1365 870 1648 935 δανείζων,
1691 872 1766 941 μὴ

192 959 478 1031 ζημιωθῇς
506 959 672 1013 αὐτοῦ
711 960 811 1031 τὴν
844 961 1028 1031 φιλίαν
1049 975 1062 989 ⁶
1098 961 1212 1014 εἴτε
1265 960 1481 1032 ἐχθρὸς,
1514 963 1589 1032 μὴ
1633 962 1766 1033 γένῃ

191 1051 270 1121 τῷ
300 1052 558 1120 δυσμενεί
595 1051 929 1123 ὑποχείριος.
963 1054 1175 1125 Μικρὸν
1210 1053 1767 1125 ἐγκαλλωπισάμενος

189 1147 307 1206 τοῖς
332 1143 655 1214 ἀλλοτρίοις,
690 1144 917 1217 ὕστερον
947 1146 1170 1200 καὶτῶν
1205 1146 1472 1218 πατρῴων
1501 1149 1762 1218 ἐκστήσῃ.

191 1237 372 1303 Πένης
405 1231 454 1290 εἷ
478 1235 610 1304 νῦν;
639 1235 754 1290 ἀλλ’
781 1238 1087 1310 ἐλεύθερος.
1121 1241 1518 1311 Δανεισάμενος
1539 1240 1616 1305 δὲ,
1647 1241 1766 1294 οὐδὲ

193 1329 544 1398 πλουτήσεις,
582 1330 678 1382 καὶ
703 1329 804 1401 τὴν
835 1331 1149 1402 ἐλευθερίαν
1173 1333 1540 1404 ἀφαιρεθήσῃ.
1571 1332 1767 1396 Δοῦλος

189 1420 283 1473 τοῦ
316 1421 684 1485 δεδανεικότος
721 1425 750 1476 6
774 1422 1160 1495 δανεισάμενος
1180 1442 1194 1457 ·
1238 1427 1334 1480 καὶ
1361 1425 1548 1490 δοῦλος
1578 1426 1767 1497 μισθο-

191 1512 378 1583 φόρος,
426 1515 456 1567 6
513 1513 892 1586 ἀπαραίτητον
942 1515 1082 1586 ἔχων
1131 1517 1230 1589 τὴν
1286 1517 1654 1589 λειτουργίαν.
1701 1518 1764 1571 Οἱ

191 1606 350 1669 κύνες
373 1605 634 1671 λαϐόντες
666 1608 1024 1680 ἡμεροῦνται,
1055 1609 1085 1661 6
1130 1608 1188 1663 δὲ
1227 1611 1511 1677 δανειστὴς
1560 1611 1766 1683 λαμϐά-

191 1715 297 1749 νων
331 1699 806 1770 προσερεθίζεται,
831 1700 906 1752 Οὐ
932 1700 1042 1773 γὰρ
1077 1699 1310 1755 παύεται
1333 1701 1602 1768 ὑλακτῶν,
1629 1702 1764 1758 ἀλλὰ

188 1789 249 1842 16
294 1789 457 1842 πλέον
505 1791 774 1862 ἐπιζητεῖ.
833 1793 960 1848 Ἐἀν
1006 1794 1236 1865 ὀμνύῃς,
1288 1795 1765 1868 ἀπιστεί·ἐρευνᾷ

188 1881 257 1932 τά
278 1881 447 1946 ἐνδὸν,
470 1880 539 1935 τὰ
563 1883 996 1954 συναλλάγματά
1025 1903 1117 1938 σου
1142 1886 1605 1957 πολυπραγμονεῖ.
1637 1889 1763 1942 Ἐὰν

1883 680 2096 737 Utinam
2131 690 2247 734 tum
2282 681 2380 735 tibi
2417 680 2613 736 obvius
2660 695 2769 735 non
2803 681 3048 739 ifuissem
3077 685 3090 736 !
3143 683 3337 740 Annon
3389 698 3446 742 tu

1878 776 2008 830 mihi
2043 775 2218 829 invito
2251 773 2510 843 pecunias
2542 772 2598 828 in
2629 787 2849 827 manum
2883 775 3168 844 iniecisti?
3203 777 3449 832 subaera-

1877 879 1991 922 tum
2025 868 2190 922 etiam
2226 874 2381 920 tuum
2415 882 2611 920 aurum
2645 875 2804 931 erat,
2832 868 3006 922 excisi
3041 871 3271 922 nummi.
3301 870 3450 936 Quo-

1874 961 2057 1024 circa,
2107 961 2224 1014 sive
2272 959 2485 1014 amicus
2539 959 2607 1012 sit
2656 960 2749 1028 qui
2804 959 3047 1025 fenerat,
3081 976 3148 1016 ne
3192 963 3450 1019 amicitia:

1881 1055 2056 1125 ipsius
2081 1055 2360 1123 jacturam
2400 1053 2570 1108 iacias
2599 1072 2611 1108 :
2652 1059 2768 1109 sive
2795 1055 2999 1120 hostis,
3025 1073 3092 1111 ne
3118 1064 3172 1111 te
3201 1059 3448 1112 obstrin-

1872 1161 1970 1216 gas
2022 1145 2271 1200 inimico.
2322 1144 2616 1214 Postquam
2665 1144 3059 1215 aliquantisper
3103 1147 3173 1201 ob
3237 1149 3445 1202 alienas

1871 1253 2003 1307 opes
2029 1238 2228 1292 cristas
2251 1238 2540 1300 extuleris,
2562 1238 2807 1307 paternis
2833 1247 2889 1292 tu
2918 1239 3034 1308 ipse
3054 1255 3272 1308 quoque
3295 1241 3445 1294 exci-

1872 1330 1969 1385 des
2003 1330 2188 1385 bonis.
2223 1328 2435 1398 Pauper
2469 1345 2618 1386 nunc
2659 1331 2765 1385 es?
2809 1338 2865 1383 at
2918 1331 3075 1385 liber.
3106 1332 3210 1387 Ubi
3262 1344 3442 1386 autem

1872 1423 2163 1491 pecuniam
2198 1422 2388 1477 fenore
2435 1423 2717 1491 acceperis
2739 1463 2754 1487 ,
2786 1438 2888 1478 nec
2917 1423 3073 1478 dives
3098 1423 3244 1490 eris,
3288 1425 3445 1478 insu-

1870 1527 1970 1582 per
2000 1523 2053 1570 et
2082 1513 2317 1570 libertas
2349 1514 2446 1569 tibi
2485 1513 2780 1570 adimetur.
2814 1514 3118 1570 Creditoris
3148 1517 3292 1570 enim
3324 1531 3444 1569 ser-

1872 1621 1974 1658 vus
2029 1614 2147 1670 est,
2178 1607 2273 1674 qui
2321 1605 2512 1660 fenore
2559 1608 2806 1677 accepit,
2854 1607 2988 1676 quin
3038 1609 3204 1661 etiam
3253 1624 3445 1664 servus

1875 1695 2254 1749 mercenarius
2277 1733 2291 1758 ,
2325 1694 2684 1750 acerbissimo
2715 1696 3022 1750 ministerio
3053 1695 3308 1764 fungens.
3340 1698 3445 1750 Ca-

1871 1804 1969 1842 nes
1999 1803 2123 1842 cum
2156 1787 2492 1854 acceperint,
2528 1798 2954 1853 mansuescunt;
3005 1790 3268 1856 creditor,
3297 1790 3445 1845 acci—

1871 1880 2071 1948 piendo
2092 1919 2105 1944 ,
2145 1880 2329 1936 acrius
2361 1881 2640 1935 incitatur.
2673 1880 2858 1950 Neque
2890 1883 3034 1935 enim
3069 1883 3269 1937 latrare
3295 1883 3445 1937 desi-

189 1972 387 2044 προῒῃς
419 1972 513 2026 τοῦ
547 1974 829 2044 δοματίου,
857 1975 1005 2027 ἕλκει
1038 1975 1175 2046 πρὸς
1226 1978 1438 2040 ἐαυτὸν,
1472 1979 1566 2032 καὶ
1600 1996 1754 2033 κατα-

1866 1973 1946 2024 nil
1973 2013 1988 2037 ,
2023 1971 2119 2026 sed
2153 1971 2394 2042 amplius
2422 1974 2638 2042 quaerit.
2673 1972 2730 2027 Si
2775 1973 3166 2042 jusjurandum
3203 1975 3445 2044 interpo-

189 2067 364 2134 σύρει.
411 2065 537 2119 Ἐὰν
557 2066 614 2118 δέ
648 2066 799 2120 ἔνδον
827 2066 1054 2120 σεαυτὸν
1080 2068 1460 2139 κατακρύψῃς,
1491 2071 1758 2139 ἐφέστηκε

187 2161 250 2228 τῇ
303 2157 526 2229 αὐλαίᾳ,
579 2159 676 2212 καὶ
711 2158 1143 2230 θυρακρουστεῖ”
1197 2160 1291 2213 ἐπὶ
1333 2161 1580 2230 γαμετῆς
1626 2178 1758 2214 κατ-

187 2248 456 2318 αισχύνει,
507 2249 600 2302 ἐπὶ
650 2248 823 2318 φίλων
869 2248 1216 2323 καθυϐρίζει,
1263 2251 1321 2304 ἐν
1359 2254 1481 2314 ταῖς
1527 2253 1757 2323 ἀγόραις

185 2338 372 2408 ἀγχει’
409 2341 580 2394 κακὸν
617 2343 934 2412 συνάντημα
961 2344 1173 2416 ἑορτῆς,
1210 2344 1442 2398 ἀϐίωτόν
1477 2362 1560 2398 σοι
1597 2362 1758 2400 κατα-

187 2431 442 2496 σκευάζει
462 2433 556 2486 τὸν
599 2434 734 2504 βίον.
773 2434 931 2489 Ἀλλά
969 2436 1200 2506 μεγάλη,
1230 2438 1416 2507 φησὶν,
1446 2439 1479 2507 ή
1517 2437 1752 2510 ἀνάγκη.

185 2521 246 2572 Τί
272 2523 467 2591 δφελός
498 2541 581 2578 σοι
624 2526 721 2595 τὴν
757 2526 997 2598 σήμερον
1039 2527 1407 2598 ὑπερθέσθαις
1436 2528 1609 2582 Πάλιν
1645 2530 1754 2601 γὰρ

183 2613 298 2682 ἥξει
323 2632 410 2670 σοι
443 2620 477 2687 ή
509 2618 672 2672 πενία
701 2618 891 2689 ὥσπερ
918 2618 1124 2686 ἀγαθὸς
1147 2619 1405 2691 δρομεὺς,
1432 2621 1528 2674 καὶ
1551 2623 1584 2691 ή
1615 2621 1753 2693 αὐτὴ

1860 2078 1996 2126 nas,
2058 2077 2169 2117 non
2226 2064 2453 2129 credit;
2515 2066 2914 2132 supellectilem
2984 2074 3132 2118 tuam
3194 2069 3440 2129 excutit,

1858 2165 2185 2211 contractus
2218 2163 2344 2211 tuos
2374 2166 2774 2227 perscrutatur.
2811 2158 2867 2213 Si
2897 2160 3063 2215 domo
3093 2161 3348 2229 prodeas,
3377 2161 3443 2212 ad

1857 2264 1918 2304 se
1955 2257 2010 2304 te
2042 2249 2214 2303 trahit
2246 2258 2302 2304 et
2331 2259 2649 2321 extorquet.
2681 2250 2779 2306 Sin
2813 2260 2865 2305 te
2902 2253 3051 2307 intus
3101 2253 3440 2316 abscondas,

1856 2356 1958 2412 pro
2011 2341 2226 2398 foribus
2276 2353 2422 2399 astat
2454 2345 2762 2414 pulsatque.
2799 2344 2999 2400 Coram
3050 2361 3220 2400 uxore
3263 2346 3443 2414 pudo-

1855 2450 1973 2489 rem
2003 2436 2104 2490 tibi
2132 2437 2362 2501 incutit,
2388 2452 2573 2492 coram
2605 2438 2800 2492 amicis
2828 2438 2997 2494 infert
3027 2435 3440 2506 contumeliam,

1857 2527 1914 2582 in
1945 2529 2210 2584 nundinis
2239 2530 2504 2600 prmfocat
2525 2571 2539 2594 ,
2572 2531 2625 2584 in
2650 2531 2740 2585 die
2771 2530 2912 2586 festo
2939 2529 3217 2585 infaustus
3245 2546 3443 2584 occur-

1861 2622 1932 2675 rit
1961 2622 2100 2689 tibi,
2136 2624 2392 2678 acerbam
2429 2624 2667 2694 denique
2699 2625 2801 2679 tibi
2852 2626 3016 2679 vitam
3073 2625 3274 2679 reddit.
3332 2623 3438 2685 At,

182 2707 399 2777 ἀνάγκη
439 2708 575 2777 μετὰ
633 2710 952 2780 προσθήκης
1009 2710 1303 2783 παρέσται.
1343 2712 1418 2765 Τὸ
1452 2713 1559 2784 γὰρ
1605 2713 1754 2776 δάνος

1865 2714 2092 2784 inquis,
2125 2715 2321 2786 ingens
2373 2731 2461 2770 me
2513 2718 2812 2772 necessitas
2868 2716 3058 2786 adigit.
3113 2715 3256 2781 Quid
3309 2729 3442 2768 vero

184 2798 278 2852 οὐκ
301 2801 626 2874 ἀπαλλαγήν
655 2803 918 2872 παντελῆ,
944 2803 1081 2857 ἀλλά
1114 2804 1331 2876 μακρὰν
1358 2805 1634 2876 ἀναϐολὴν
1660 2807 1754 2878 τῆς

1862 2808 2090 2878 prodest
2120 2809 2218 2863 tibi
2246 2811 2390 2864 ultra
2421 2810 2741 2865 hodiernum
2775 2809 2920 2864 diem
2953 2808 3216 2865 diﬂerre?
3249 2823 3441 2862 rursus

183 2891 494 2962 ἀμηχανίας
523 2895 843 2966 παρέχεται.

1862 2903 2005 2955 enim
2043 2911 2341 2973 paupertas
2370 2905 2646 2960 celerrimi
2679 2904 2926 2959 cursoris
2956 2904 3132 2958 instar
3162 2901 3230 2956 ad
3262 2910 3315 2955 te
3345 2915 3442 2955 ve-

183 2983 325 3049 niet,
363 2985 653 3055 aderitque
685 2989 993 3044 necessitas
1029 3004 1130 3043 nec
1162 2990 1284 3044 sine
1311 2990 1555 3044 cumulo.
1584 2989 1826 3045 Pecunia
1874 2991 2116 3049 tenebris
2167 3011 2276 3049 non
2325 2995 2432 3050 hoc
2482 2994 2664 3062 ali‘ert,
2704 3003 2764 3049 ut
2804 3011 3033 3065 prorsus
3073 2992 3443 3050 incommodis

183 3075 433 3133 libereris
463 3097 478 3133 :
513 3078 606 3134 sed
637 3081 886 3151 exiguam
919 3081 1190 3136 duntaxat
1227 3083 1494 3139 anxietati
1527 3093 1635 3138 tua:
1661 3100 1871 3138 moram
1902 3086 2178 3155 producit.

252 3173 437 3236 Τόκος
465 3167 621 3241 οἶμαι
643 3172 730 3226 διὰ
757 3174 859 3245 τὴν
892 3176 1224 3244 πολυγονίαν
1250 3178 1346 3231 τοῦ
1374 3178 1550 3233 κακοῦ
1577 3195 1751 3248 προσ-

1929 3180 2089 3252 433
2146 3181 2290 3237 Ibid.
2311 3212 2384 3223 --
2408 3182 2580 3244 Τόκος
2609 3181 2703 3252 (id
2745 3187 2831 3234 est
2863 3180 3050 3248 fenus)
3088 3181 3159 3234 ob
3201 3181 3330 3235 mali
3359 3179 3440 3235 fe‘

179 3263 683 3335 ηγόρευται.ῐ]όθεν
709 3265 819 3339 γὰρ
848 3267 1073 3322 ἄλλοθεν
1095 3286 1111 3335 ;
1132 3270 1203 3322 Ἢ
1219 3270 1360 3341 τάχα
1389 3272 1565 3336 τόκος
1599 3269 1754 3338 λέγε-

1859 3275 2196 3331 cunditatem
2234 3277 2308 3331 ita
2341 3276 2647 3346 appellatus
2686 3284 2788 3330 est.
2813 3273 2973 3331 Unde
3007 3276 3153 3330 enim
3189 3273 3440 3342 alioqui?

181 3375 264 3410 ται
309 3357 404 3410 διὰ
456 3357 556 3421 τὰς
607 3359 803 3424 ὠδῖνας
856 3363 953 3415 καὶ
981 3362 1184 3427 λύπας,
1235 3362 1302 3427 ἃς
1346 3365 1597 3433 ἐμποιεῖν
1634 3365 1754 3427 ταῖς

1863 3363 1960 3420 Vel
1995 3369 2158 3421 etiam
2207 3367 2446 3423 fortasse
2489 3369 2648 3432 τόκος
2707 3375 3060 3438 nuncupatur
3115 3367 3185 3422 ob
3215 3366 3437 3420 dolores

180 3450 372 3520 ψυχαῖς
399 3450 508 3504 τῶν
531 3451 924 3523 δανειζομένων
948 3455 1216 3523 πέφυκεν.
1234 3456 1503 3528 Ὠσπερή
1532 3457 1659 3520 ὠδὶς
1686 3460 1752 3528 τῇ

1859 3467 1916 3509 et
1944 3457 2269 3520 molestias,
2327 3474 2468 3528 quas
2524 3474 2716 3513 eorum
2767 3459 2858 3529 qui
2905 3458 3111 3513 fenoris
3160 3457 3240 3512 rei
3283 3465 3436 3519 sunt,

183 3543 462 3615 τικτούσῃ,
504 3543 675 3606 οὕτως
705 3548 737 3616 ἠ
767 3547 1079 3617 προθεσμία
1103 3547 1182 3617 τῷ
1205 3548 1457 3617 ὑποχρέῳ
1486 3550 1754 3619 παρίστα-

182 3652 285 3689 ται.
317 3636 492 3700 Τὸκος
521 3637 615 3689 ἐπὶ
655 3638 818 3708 τόκῳ,
870 3639 1125 3710 πονηρῶν
1163 3638 1368 3709 γονέων
1399 3641 1632 3712 πονηρὸν
1661 3640 1754 3694 ἔκ-

181 3745 351 3794 γονον.
380 3727 566 3782 Ταῦτα
592 3729 648 3782 δὲ
667 3729 913 3799 λεγέσθω
939 3736 1260 3801 γεννήματα
1282 3732 1529 3802 ἐχιδνῶν,
1555 3732 1622 3786 τὰ
1646 3734 1754 3786 τῶν

180 3820 347 3874 τόκων
387 3822 780 3893 ἀποκυήματα.
812 3823 923 3886 Τὰς
979 3825 1191 3894 ἐχίδνας
1237 3825 1459 3892 λέγουσι
1509 3825 1608 3897 τὴν
1652 3843 1752 3894 γα-

185 3914 342 3984 στέρα
367 3915 473 3984 τῆς
509 3915 717 3986 μητρὸς
738 3916 1082 3980 διεσθιούσας
1125 3918 1434 3985 τίκτεσθαι,
1464 3919 1556 3971 καὶ
1581 3919 1632 3971 οἱ
1658 3919 1750 3971 τό·

181 4023 262 4060 κοι
303 4009 433 4072 τοὺς
469 4008 656 4072 οἴκους
711 4008 821 4063 τῶν
872 4009 1201 4080 ὀφειλόντων
1244 4011 1582 4080 ἐκφαγόντες
1616 4013 1752 4065 ἀπο·

182 4099 498 4165 γεννῶνται.

246 4195 341 4257 Δὸς
374 4193 437 4247 16
461 4194 599 4248 οῐκοι
627 4194 883 4263 κείμενον
915 4193 1203 4265 ἀργύριον,
1233 4194 1309 4266 μὴ
1346 4193 1594 4265 βαρύνων
1619 4195 1751 4249 αὐτὸ

181 4287 292 4348 ταῖς
336 4286 702 4357 προσθήκαις,
739 4288 835 4340 καὶ
878 4287 1213 4358 ἀμφοτέροις
1252 4288 1373 4359 ἦξει
1409 4287 1613 4352 καλῶς.
1657 4289 1751 4341 Σοὶ

185 4376 276 4443 μὲν
309 4377 544 4449 ὑπάρξει
595 4378 657 4430 16
695 4379 761 4432 ἐκ
803 4378 904 4449 τῆς
946 4377 1198 4449 φυλακῆς
1245 4379 1523 4447 ἀσφαλῶς,
1569 4379 1648 4450 τῷ
1691 4379 1749 4433 δὲ

180 4465 391 4521 λαϐόντι
422 4469 572 4523 τὸέκ
605 4469 706 4538 τῆς
739 4472 990 4540 χρήσεως
1024 4471 1237 4542 κέρδος.
1272 4473 1336 4524 Ei
1359 4472 1416 4526 δὲ
1449 4474 1546 4526 καί
1574 4491 1748 4543 προσ-

177 4555 347 4625 θήκην
372 4558 676 4630 ἐπιζητεῖς,
716 4559 1018 4632 ἀρκέσθητι
1056 4564 1173 4626 τοῖς
1209 4563 1363 4632 παρὰ
1383 4563 1478 4616 τοῦ
1516 4564 1745 4633 Κυρίου.

181 4649 344 4713 Αὐτὸς
370 4651 510 4722 ὑπὲρ
539 4651 649 4704 τῶν
692 4655 942 4723 πενήτων
976 4654 1069 4707 τὸν
1097 4655 1444 4725 πλεονασμὸν
1471 4655 1743 4709 ἀποτίσει.

1856 3549 2056 3603 animis
2114 3550 2253 3605 solet
2284 3552 2632 3622 ingenerare.
2686 3549 3161 3616 Quemadmodum
3215 3547 3434 3602 scilicet

1854 3642 2183 3710 parturienti
2244 3643 2439 3705 dolor,
2493 3643 2574 3698 sic
2649 3643 2995 3712 praestitutus
3055 3641 3263 3695 fenoris
3315 3641 3436 3695 dies

1853 3737 2001 3783 astat
2057 3731 2317 3786 creditori
2358 3731 2565 3787 :fenus
2613 3747 2778 3800 super
2807 3731 2990 3794 fenus,
3024 3731 3291 3784 malorum
3335 3744 3435 3799 pa-

1854 3823 2070 3870 rentum
2106 3819 2248 3872 mala
2302 3819 2542 3874 soboles.
2594 3820 2757 3887 Atqui
2810 3821 3041 3889 viperini
3105 3819 3249 3874 fetus
3297 3837 3434 3875 usu-

1854 3921 2038 3959 rarum
2085 3917 2274 3977 partus
2305 3909 2413 3963 dici
2453 3920 2675 3980 queant.
2713 3909 2784 3965 Ut
2835 3913 2980 3965 enim
3021 3911 3239 3981 viperas
3278 3912 3433 3964 aiunt

1859 4011 2023 4051 exeso
2073 4007 2314 4053 matrum
2361 4007 2518 4056 utero
2579 4002 2637 4056 in
2701 4003 2876 4056 lucem
2917 4003 3041 4067 edi;
3095 4002 3180 4057 sic
3238 4001 3432 4058 fenora

1850 4090 2030 4143 exesis
2070 4089 2376 4146 debitorum
2402 4094 2658 4148 domibus
2690 4104 3072 4163 procreantur.

1928 4178 2073 4236 Ibid.
2103 4215 2176 4224 —
2204 4184 2281 4237 Da
2326 4186 2622 4254 pecuniam
2665 4202 2830 4257 quam
2887 4187 3034 4241 domi
3083 4186 3429 4241 reconditam

1850 4277 2040 4341 babes,
2070 4277 2238 4332 nullis
2277 4293 2395 4332 eam
2422 4277 2677 4334 fenornm
2716 4280 3134 4335 accessionibus
3157 4295 3427 4348 gravans:

1850 4370 1932 4424 sic
1967 4369 2185 4440 utrique
2233 4370 2374 4424 bene
2406 4371 2534 4425 erit.
2579 4370 2715 4426 Nam
2765 4381 2822 4427 et
2854 4373 2952 4427 tibi
2987 4380 3108 4428 tuto
3162 4374 3434 4428 custodie-

1851 4470 1943 4515 tur
1981 4480 1995 4516 :
2031 4471 2087 4516 et
2122 4462 2170 4517 is
2204 4463 2300 4532 qui
2358 4465 2660 4534 acceperit,
2717 4466 2930 4520 lucrum
2985 4483 3052 4522 ex
3085 4482 3190 4521 usu
3234 4481 3432 4520 conse-

1859 4559 2073 4622 4uetttr.
2111 4552 2270 4619 Quod
2315 4555 2363 4609 si
2418 4559 2795 4611 accessionem
2829 4559 3052 4628 quaeris,
3093 4574 3157 4613 ea
3197 4565 3430 4612 conten-

1853 4653 1942 4697 tus
1971 4655 2114 4711 esto,
2151 4661 2276 4714 quae
2307 4647 2404 4700 tibi
2437 4663 2467 4701 a
2512 4647 2748 4703 Domino
2803 4651 3119 4719 profectura
3170 4658 3276 4705 est.
3310 4650 3432 4718 Ipse

182 4741 329 4812 Παρά
381 4743 473 4796 τοῦ
523 4745 696 4810 ὅντως
728 4745 1114 4817 φιλανθρώπου
1147 4747 1388 4818 ἀνάμενε
1441 4747 1508 4800 τὰ
1555 4748 1746 4817 φιλάν-

1859 4736 1952 4790 tibi
1987 4752 2290 4808 pauperum
2338 4740 2564 4795 nomine
2605 4741 2881 4809 persolvet
2915 4741 3092 4797 lenius.
3132 4742 3214 4796 Ab
3242 4757 3307 4796 eo
3337 4742 3431 4811 qui

180 4833 384 4902 θρωπα.
425 4839 491 4890 Ἀ
537 4838 647 4909 γάρ
701 4838 1002 4910 λαμϐάνεις
1035 4883 1050 4906 ,
1099 4840 1275 4893 ταῦτα
1331 4839 1749 4910 μισανθρωπίας

178 4926 424 4998 οὐδεμίαν
450 4931 764 5002 ὑπερϐολὴν
785 4932 1098 4986 ἀπολείπει.
1125 4934 1261 4986 Ἀπὸ
1287 4933 1585 5004 συμφορῶν
1619 4949 1748 5002 κερ-

177 5015 391 5083 δαίνεις,
448 5020 558 5074 ἀπὸ
589 5021 844 5092 δακρύων
895 5023 1327 5094 ἀργυρολογεῖς,
1382 5023 1474 5076 τὸν
1539 5023 1747 5093 γυμνὸν

178 5109 382 5178 ἄγχεις,
416 5113 505 5167 τὸν
529 5113 873 5184 λιμώττοντα
895 5113 1122 5179 τύπτεις
1142 5132 1154 5145 ·
1195 5115 1345 5180 ἔλεος
1371 5116 1636 5185 οὐδαμοῦ.
1665 5115 1747 5169 Τὰ

178 5198 419 5255 ἐντεῦθεν
449 5203 639 5274 κέρδη,
677 5204 1037 5276 φιλάνθρωπα
1065 5207 1380 5277 ὀνομάζειςς
1411 5209 1547 5262 Οὐαὶ
1576 5211 1623 5262 οί
1652 5208 1743 5261 λέ-

177 5301 356 5354 γοντες
382 5292 443 5344 16
485 5293 684 5364 πικρὸν
705 5293 898 5362 γλυκὺ,
923 5297 1017 5348 καὶ
1044 5297 1142 5368 τήν
1175 5298 1592 5368 μισανθρωπίαν
1621 5298 1740 5367 φιλ-

179 5377 489 5449 ανθρωπίαν
529 5385 1060 5457 προσαγορεύοντες.

253 5643 696 5718 Ἑκατοστολόγοι
736 5652 828 5704 καὶ
854 5652 1297 5722 δεκατοστολόγοι
1338 5654 1505 5720 τινὲς,
1536 5655 1739 5725 φρικτά

179 5735 266 5786 καὶ
289 5739 622 5812 ἀκουσθῆναι
639 5744 880 5814 ὀνόματα
903 5763 917 5779 ·
942 5750 1184 5816 μηνιαϊοι
1209 5749 1527 5820 ἀπαιτηταὶ,
1550 5749 1738 5820 ῶσπερ

179 5825 224 5876 οἱ
253 5829 346 5895 τὰς
382 5834 678 5906 ἐπιληψίας
709 5836 1008 5902 ποιοῦντες,
1041 5839 1186 5892 κατὰ
1210 5840 1309 5905 τὰς
1333 5842 1615 5912 περιόδους
1638 5841 1736 5910 τῆς

175 5919 401 5996 σελήνης
443 5929 817 6000 ἐπιτιθέμενοι
859 5933 970 5993 τοῖς
1028 5935 1284 6004 πτωχοῖς,
1327 5934 1541 6005 πονηρὰ
1590 5933 1735 5997 δόσις

1858 4827 2130 4896 benignus
2163 4839 2268 4892 est,
2299 4831 2538 4900 benigna
2584 4831 2926 4900 prmstolare.
2975 4831 3110 4885 Nam
3141 4848 3261 4902 quae
3295 4832 3430 4884 alio-

1853 4920 2207 4991 quiaccipis,
2249 4923 2467 4978 nullum
2525 4923 2947 4978 inbumanitatis
2995 4923 3226 4992 gradum
3257 4924 3429 4977 relin-

1852 5022 2054 5083 quunt.
2092 5015 2172 5069 Ex
2231 5015 2642 5070 calamitatibus
2702 5015 2899 5071 alienis
2945 5025 3218 5086 quaestum
3261 5015 3422 5079 facis,

1849 5124 1918 5162 ex
1952 5107 2215 5178 lacrymis
2249 5110 2541 5179 pecuniam
2602 5108 2844 5177 colligis,
2891 5108 3100 5162 nudum
3127 5106 3421 5177 praefocas,

1848 5217 1972 5257 eum
2002 5202 2098 5272 qui
2132 5202 2278 5257 fame
2307 5203 2546 5267 laborat,
2575 5203 2845 5272 percutis,
2874 5217 3150 5274 nusquam
3204 5201 3425 5256 miseri-

1847 5295 2037 5350 cordia
2073 5315 2086 5350 :
2125 5296 2259 5364 quin
2289 5304 2344 5351 et
2380 5297 2751 5368 quodcunque
2780 5312 2846 5352 ex
2882 5297 2969 5351 bis
3018 5295 3268 5350 lucratus
3300 5294 3424 5348 fue-

1847 5390 1949 5450 ris,
1985 5387 2284 5458 benignum
2334 5398 2390 5445 et
2425 5390 2726 5445 humanum
2774 5388 3060 5444 nominare
3105 5385 3300 5442 amas?
3331 5384 3424 5441 Vae

1845 5481 1937 5550 qui
1972 5481 2167 5534 dicunt
2205 5496 2453 5556 amarum
2516 5483 2700 5548 dulce,
2747 5489 2802 5538 et
2828 5480 3288 5536 inhumanitatem
3321 5493 3422 5549 ap-

1846 5571 2050 5640 pellant
2072 5571 2495 5629 humanitatem.

1918 5661 2060 5715 Ibid.
2088 5693 2159 5705 —-
2193 5663 2601 5736 llecatostologi
2647 5674 2701 5722 et
2745 5665 3141 5736 decatostologi
3203 5663 3283 5737 (id
3310 5672 3414 5728 est,

1843 5755 1936 5825 qui
1969 5757 2303 5813 centesimas
2331 5769 2386 5812 et
2413 5758 2748 5814 decumanas
2782 5775 2984 5814 usuras
3010 5758 3218 5830 legunt)
3241 5759 3417 5812 nomi-

1847 5863 1914 5900 na
1951 5848 2035 5902 vel
2082 5848 2200 5913 ipso
2232 5849 2426 5904 auditu
2460 5852 2732 5905 horrenda
2759 5869 2774 5916 ;
2806 5860 3095 5907 exactores
3127 5850 3412 5916 menstrui,

1841 5953 1952 5994 non
1987 5955 2150 5997 secus
2183 5956 2247 5998 ac
2294 5944 2572 6001 daemones
2607 5943 2684 5998 illi
2730 5945 2824 6014 qui
2855 5945 3156 6002 comitiales
3187 5941 3413 6000 morbos
