4024 6408
662 448 795 516 1371

1845 444 1904 504 S.
1946 439 2259 504 JOANNIS
2294 438 2723 501 DAMASCENI

3709 442 3809 509 nn

659 554 931 622 inierunt,
980 559 1111 613 luna
1166 571 1387 629 quaque
1438 562 1686 610 vertente
1734 568 2003 622 pauperes
2040 564 2231 622 aggre-

2218 580 2231 592 .
2262 555 2306 611 Α
2334 548 2605 619 ἑκατέρῳ,
2640 549 2737 601 καὶ⁵
2756 545 2833 617 τῷ
2862 546 3079 611 διδόντι,
3099 546 3195 599 καὶ
3222 546 3299 615 τῷ
3320 544 3638 616 λαμϐάνοντι,
3660 551 3722 620 τῷ
3737 554 3807 620 μιν

660 656 907 709 diuutur.
966 651 1335 706 Perniciosum
1384 649 1570 717 utique
1622 662 1843 709 munus,
1886 654 1995 697 tam
2049 641 2226 709 danti,

661 763 827 816 quam
874 745 1199 815 accipienti:
1242 742 1389 813 quod
1443 744 1587 794 hunc
1617 738 1835 809 quidem
1884 737 2230 801 facultatum,

663 837 817 890 illum
854 845 1035 889 autem
1076 828 1273 887 animae
1317 830 1651 885 detrimento
1702 828 1921 882 alliciat.
1972 824 2231 895 Agricola

663 943 789 982 cum
822 928 1029 995 spicam
1076 924 1368 993 acceperit,
1425 936 1608 976 semen
1664 932 1886 974 rursum
1922 918 2026 972 sub
2052 917 2233 971 radice

664 1033 775 1072 non
826 1015 1164 1083 investigat:
1214 1025 1270 1067 tu
1318 1026 1467 1075 vero,
1507 1025 1633 1065 cum
1684 1010 1898 1063 fructus
1946 1008 2171 1069 habeas,
2200 1022 2230 1061 a

663 1110 836 1166 veteri
870 1118 1053 1163 tamen
1085 1115 1235 1163 sorte
1261 1118 1607 1175 nequaquam
1639 1103 1908 1167 abstines,
1938 1101 2055 1155 sine
2085 1110 2230 1154 terra

664 1203 903 1274 plantas,
938 1202 1055 1255 sine
1098 1207 1345 1254 semente
1394 1198 1575 1251 metis.
1630 1196 1908 1251 incertum
1968 1201 2053 1249 est
2121 1192 2233 1245 cui-

663 1308 792 1349 nam
818 1292 1069 1362 colligas.
1101 1289 1335 1356 Quinam
1368 1290 1459 1343 ille
1496 1286 1569 1343 sit
1602 1287 1694 1358 qui
1730 1287 1784 1341 in
1814 1286 2000 1341 usuris
2040 1283 2232 1338 fundat

663 1385 960 1454 Iacrymas,
1010 1382 1360 1451 perspicuum
1408 1388 1534 1434 est:
1574 1378 1699 1448 quis
1745 1385 1926 1431 autem
1958 1391 2025 1430 ex
2057 1374 2231 1444 partis

662 1476 789 1530 inde
850 1474 1049 1542 Opibus
1106 1474 1345 1526 fructum
1396 1473 1471 1526 sit
1525 1478 1905 1541 percepturus,
1958 1468 2013 1520 in
2064 1466 2232 1521 dubio

659 1574 769 1621 est.
806 1568 1089 1621 incertum
1120 1566 1322 1637 quippe
1348 1573 1454 1628 est,
1482 1579 1612 1618 num
1644 1562 1770 1617 aliis
1804 1562 2136 1631 voluptatem
2164 1575 2231 1615 ex

662 1658 862 1723 apibus
898 1658 1195 1712 relicturus
1220 1658 1324 1717 sis.
1359 1670 1485 1709 cum
1524 1656 1640 1723 ipse
1684 1653 1781 1707 tibi
1829 1650 2125 1722 perniciem
2166 1649 2232 1704 il-

661 1747 772 1800 iam
804 1762 926 1815 quae
956 1762 1022 1801 ex
1054 1746 1323 1816 injustitia
1355 1748 1556 1807 oritur,
1588 1742 1909 1799 cumularis.
1941 1739 2073 1807 Quae
2106 1754 2229 1794 cum

661 1836 738 1891 ita
769 1839 900 1904 sint,
944 1853 1045 1894 nec
1096 1855 1223 1893 eum
1259 1839 1353 1908 qui
1389 1837 1487 1891 abs
1528 1845 1581 1889 te
1613 1835 1857 1889 mutuari
1906 1836 2042 1894 vult.
2073 1848 2231 1888 aver-

2332 641 2412 701 είς
2431 640 2711 709 χρήματα,
2745 639 2823 709 τῷ
2849 638 2907 691 δὲ
2932 639 3011 701 είς
3042 637 3224 708 ψυχὴν
3243 638 3506 707 φέρουσαν
3533 640 3619 709 τὴν
3639 641 3807 713 ζημίαν,

2343 729 2401 783 Ὀ
2422 730 2671 801 γεωργὸς
2699 730 2791 783 τὸν
2815 732 3016 800 στάχυν
3040 728 3243 794 λαϐὼν,
3270 730 3333 783 τὸ
3361 730 3569 802 σπέρμα
3590 734 3811 793 «illvm

2330 820 2429 891 τὴν
2486 821 2641 892 ῥίζαν
2678 821 2779 874 οὐκ
2826 822 3060 891 ἐρευνᾷ’
3122 822 3187 876 σὺ
3222 822 3282 875 δὲ
3335 821 3428 875 καὶ
3473 825 3586 887 τοὺς
3626 833 3810 897 καρποὺς

2331 912 2494 983 ἔχεις,
2538 913 2634 966 καὶ
2681 913 2782 967 οὐκ
2826 914 3127 982 ἀφίστασαι
3160 915 3272 968 τῶν
3312 916 3570 985 ἀρχαίων·
3601 918 3706 973 ἀνευ
3737 923 3811 992 γῆς

2334 1004 2607 1074 φυτεύεις,
2643 1006 2775 1059 ἀνευ
2811 1009 3018 1079 σπορᾶς
3063 1007 3318 1079 θερίζεις.
3358 1009 3571 1079 ¹Ἄδηλον
3608 1012 3694 1064 τίνι
3727 1031 3812 1066 σνν-

2334 1100 2509 1167 ἀγεις.
2545 1099 2604 1153 Ὀ
2635 1100 2735 1170 μὲν
2776 1100 3031 1171 δακρύων
3076 1102 3135 1153 ὲν
3183 1104 3296 1165 τοῖς
3337 1102 3513 1165 τόκοις
3539 1103 3811 1172 πρόδηλος,ό

2330 1192 2387 1244 δὲ
2418 1191 2716 1245 ἀπολαύειν
2749 1192 2961 1262 μέλλων
3003 1193 3103 1263 τῆς
3146 1194 3255 1248 ἀπὸ
3303 1193 3507 1247 τούτων
3538 1199 3811 1265 περιουσίας,

2331 1284 2655 1354 ἀμφίὸολος.
2696 1286 2928 1356 ’Ᾱδηλον
2961 1287 3074 1359 γὰρ
3114 1289 3163 1341 εί
3200 1287 3275 1358 μὴ
3310 1287 3515 1358 ἑτέροις
3548 1287 3636 1357 τὴν
3662 1289 3735 1340 ἐπὶ
3762 1292 3815 1360 τῷ

2332 1376 2546 1447 πλούτῳ
2590 1377 2768 1448 χαρὰν
2806 1380 3071 1450 ἀφήσεις,
3105 1381 3167 1435 τὸ
3210 1382 3276 1434 ἐκ
3328 1381 3428 1450 τῆς
3468 1380 3659 1443 ἀδικίας
3696 1384 3816 1434 κακὸν

2335 1470 2548 1541 σεαυτῷ
2593 1470 2955 1543 θησαυρίσας.
2987 1476 3143 1542 Μήτε
3190 1470 3285 1528 οὖν
3333 1473 3425 1526 τὸν
3446 1474 3645 1527 θέλοντα
3688 1476 3817 1528 δανεί-

2334 1561 2533 1614 σασθαι
2576 1564 2957 1635 ἀποστραφῇς.
2993 1565 3088 1617 καὶ
3126 1564 3189 1617 τὸ
3226 1564 3489 1635 ἀργύριόν
3534 1582 3617 1617 σου
3658 1566 3716 1635 μὴ
3745 1567 3817 1635 δῷς

2331 1653 2425 1705 ἐπὶ
2465 1653 2631 1724 τόκῳ,
2660 1654 2772 1723 ἵνα,
2816 1657 2882 1709 ὲκ
2924 1656 3163 1720 Παλαιᾶς
3200 1656 3294 1709 καὶ
3327 1657 3471 1719 Νέας
3503 1656 3735 1726 Διαθήκης
3763 1658 3817 1709 διο

2330 1743 2582 1814 δαχθεὶς.
2646 1747 2785 1817 μετά
2835 1748 3049 1817 ἀγαθῆς
3092 1748 3307 1812 ἐλπίδος
3362 1749 3497 1819 πρὸς
3545 1748 3627 1800 τὸν
3670 1748 3819 1817 Κύριον

2333 1836 2524 1910 ἀπίῃς,
2558 1839 2678 1893 ἐκεῖ
2720 1840 2852 1903 τοὺς
2878 1841 3072 1904 τόκους
3097 1841 3208 1894 τῶν
3240 1839 3461 1909 ἀγαθῶν
3488 1840 3648 1911 ἔργων
3672 1840 3820 1909 ἀπολη-

658 1944 807 1989 sare.
840 1945 943 1984 nec
976 1946 1178 1986 rursus
1218 1930 1505 2000 pecuniam
1538 1941 1689 1983 tuam
1742 1928 1839 1983 des
1870 1928 1935 1981 ad
1966 1940 2230 1991 usuram;
2264 1920 2307 1976 Β
2333 1928 2590 1999 ψόμενος,

661 2034 775 2089 quo
830 2031 938 2076 tam
988 2038 1055 2078 ex
1088 2021 1298 2086 Veteri,
1347 2039 1517 2093 quam.
1548 2037 1613 2076 ex
1670 2019 1823 2075 Novo
1859 2017 2233 2080 Testamento,
2274 2031 2395 2085 quae
2448 2020 2601 2075 utilia
2636 2020 2736 2077 tibi
2786 2029 2937 2087 sunt,
2983 2021 3235 2087 edoctus,
3285 2038 3413 2078 cum
3460 2024 3594 2078 bona
3655 2039 3730 2092 spe
3774 2027 3818 2079 ad

664 2112 953 2166 Dominum
1004 2113 1192 2179 vadas,
1250 2116 1518 2169 bonorum
1576 2129 1802 2184 operum
1852 2112 2009 2167 fenus
2066 2111 2198 2164 illnc
2236 2120 2582 2182 recepturus.

738 2202 1015 2272 Ejusdem.
1068 2235 1138 2245 -—
1185 2205 1321 2261 Cum
1381 2206 1661 2261 debitores
1726 2220 1859 2261 suos
1923 2202 2232 2259 Invenerint

666 2294 942 2361 homines,
976 2297 1206 2366 perinde
1252 2298 1439 2352 latitia
1490 2299 1759 2369 gestiunt,
1794 2313 1860 2352 ac
1900 2296 1944 2350 si
1992 2294 2229 2364 praedam

665 2387 812 2441 nacti
839 2399 1063 2456 essent;
1100 2389 1351 2459 nihilque
1381 2406 1487 2444 non
1521 2390 1752 2452 faciunt,
1794 2403 1907 2459 quo
1941 2400 2111 2443 totum
2137 2404 2233 2441 au-

665 2480 865 2535 ferant.
919 2480 1077 2546 Quod
1125 2483 1170 2535 si
1213 2499 1309 2553 per
1357 2492 1656 2551 egestatem
1708 2483 2018 2537 debitorum
2060 2482 2112 2537 id
2153 2484 2235 2538 eis

663 2570 891 2626 minime
915 2572 1099 2640 liceat,
1130 2582 1243 2628 tum
1262 2574 1479 2628 demum
1514 2575 1649 2627 iram
1682 2575 2037 2639 pecuniarum
2064 2588 2229 2628 causa

657 2674 978 2731 conceptam
1011 2665 1064 2718 in
1094 2680 1467 2719 aerumnosum
1523 2666 1850 2721 miserorum
1889 2681 2091 2733 corpus
2145 2666 2228 2722 ef-

661 2752 923 2819 fundunt,
962 2754 1223 2811 ferientes
1256 2771 1375 2821 eos,
1415 2756 1931 2827 excruciantesque,
1967 2766 2021 2812 et
2063 2757 2228 2813 innu-

664 2847 836 2900 meris
866 2847 1027 2903 malis
1059 2847 1377 2905 allicientes.

737 2937 1009 3008 Ejusdem.
1039 2970 1111 2981 -—
1135 2939 1410 3009 iniquam,
1446 2957 1479 2995 o
1515 2942 1697 3006 homo,
1743 2941 2111 3012 syngrapham
2144 2940 2228 2994 la-

663 3046 815 3092 cera,
870 3039 930 3085 ut
978 3032 1080 3087 hac
1143 3033 1360 3087 ratione
1411 3044 1700 3103 peccatum
1750 3045 1901 3087 tnum
1963 3033 2228 3088 solvatur.

661 3121 1132 3178 Gravissimarum
1157 3138 1450 3177 usurarum
1490 3124 1894 3179 confessionem
1926 3124 2183 3177 oblittera
2213 3164 2227 3187 ,

666 3219 728 3263 ut
755 3209 919 3265 tellus
948 3226 1012 3265 ea
1048 3227 1174 3280 qua:
1221 3215 1540 3275 consuevit,
1590 3213 1788 3283 pariat.
1833 3212 1967 3268 Ere
2005 3215 2150 3268 enim
2175 3220 2231 3267 et

2417 2204 2673 2260 Ἐπειδὰν
2721 2204 2924 2277 εὕρωσι
2973 2208 3102 2271 τοὺς
3139 2192 3458 2278 ὀφείλοντας
3506 2211 3552 2262 οἱ
3592 2210 3819 2282 ἄνθρωπον

2330 2295 2523 2369 ὥσπερ
2558 2298 2783 2370 θήραμα
2839 2301 2935 2352 καὶ
2988 2300 3165 2372 ἀγραν
3198 2302 3476 2372 εὑρόντες,
3521 2302 3673 2366 οὕτως
3703 2307 3824 2375 γεγήο

2332 2388 2479 2451 θασι,
2519 2392 2615 2443 καὶ
2652 2392 2833 2445 πάντα
2865 2392 3138 2455 ποιοῦσιν,
3169 2394 3318 2457 ὅπως
3365 2395 3428 2447 τδ
3471 2397 3572 2449 πᾶν
3600 2398 3823 2451 ἀποίσωσι.

2332 2480 2452 2534 Κᾶν
2484 2481 2559 2551 μὴ
2594 2480 2868 2552 δυνηθῶσι
2902 2481 2992 2536 διὰ
3031 2482 3131 2554 τὴν
3159 2483 3353 2537 πενίαν
3401 2483 3510 2537 τῶν
3552 2486 3824 2553 ὀφειλόντων,

2331 2570 2431 2643 τὴν
2461 2573 2602 2643 ὑπὲρ
2634 2572 2743 2626 τῶν
2788 2573 3088 2645 χρημάτων
3132 2574 3307 2645 ὀργὴν
3336 2575 3422 2638 είς
3454 2575 3513 2628 τὸ
3553 2575 3826 2644 ταλαίπωρον

2329 2667 2437 2720 τῶν
2474 2666 2678 2721 ἀθλίων
2723 2668 2884 2739 σῶμα
2917 2668 3223 2737 ἐκχέουσιν,
3270 2668 3625 2738 αἰκιζόμενοι.
3652 2669 3728 2721 καὶ
3759 2666 3826 2720 τύ-

2330 2776 2579 2825 πτοντες,
2612 2760 2708 2814 καὶ
2733 2760 2903 2831 μυρία
2939 2761 3126 2825 αὐτοῖς
3156 2760 3494 2825 διατιθέντες
3523 2761 3672 2816 κακά.

2402 2937 2741 3010 Διάρρηξον,
2802 2936 3098 3007 ἄνθρωπε,
3128 2939 3515 3008 γραμμάτειον
3555 2935 3731 2997 ἄδικον,
3771 2932 3830 2985 ἵνα

2336 3028 2512 3094 οὕτως
2544 3031 2577 3099 ἡ
2625 3030 2871 3101 ἁμαρτία
2904 3029 3061 3101 λυθῇ.
3106 3029 3426 3099 Ἐξάλειψον
3458 3028 3741 3099 βαρυτάτων
3774 3025 3831 3077 τό·

2336 3138 2446 3174 κων
2474 3120 2784 3190 ὁμολογίαν,
2826 3122 2911 3175 ἵνα
2951 3122 3085 3194 τέκῃ
3114 3120 3182 3175 τά
3239 3121 3449 3191 συνήθη
3498 3124 3529 3191 ἡ
3560 3120 3654 3187 γῆ·
3684 3115 3831 3187 χαλκοῦ

2339 3216 2449 3287 γὰρ
2483 3218 2577 3269 καὶ
2614 3216 2843 3288 χρυσίου
2884 3218 2980 3270 καὶ
3021 3217 3130 3270 τῶν
3160 3217 3371 3285 ἀγόνων
3411 3215 3559 3285 παρὰ
3591 3214 3727 3282 φύσιν
3750 3228 3833 3279 γεν-

665 3316 805 3355 auro
834 3310 999 3372 atque
1041 3302 1355 3361 infecundis
1390 3306 1555 3360 rebus
1598 3313 1796 3374 praeter
1842 3314 2095 3361 naturam
2135 3322 2235 3375 pa-

2262 3293 2305 3348 ο
2339 3308 2576 3375 νώντων,
2604 3310 2638 3379 ἡ
2664 3308 2810 3362 κατὰ
2841 3308 3003 3378 φύσιν
3034 3308 3294 3362 τίκτουσα
3325 3308 3541 3376 γίνεται
3575 3308 3749 3375 στεῖρα,
3773 3308 3834 3355 ut

668 3392 963 3459 rientibus,
985 3400 1133 3449 terra
1182 3394 1341 3462 cujus
1370 3403 1568 3450 natura
1595 3396 1702 3450 fert
1734 3404 1795 3449 ut
1819 3394 2012 3464 pariat,
2032 3394 2234 3450 sterilis

667 3484 928 3550 eﬂiaitur,
965 3494 1131 3556 atque
1160 3489 1213 3543 in
1248 3489 1551 3544 incolarum
1584 3504 1801 3559 poenam
1834 3497 2062 3544 eatenus
2097 3488 2234 3543 mul-

669 3586 834 3639 tatur,
867 3587 928 3632 ut
958 3578 1143 3634 nullos
1168 3580 1380 3637 fructus
1405 3582 1603 3652 pariat.

738 3668 906 3742 535
951 3670 1144 3740 Ejusd.
1221 3673 1363 3729 hom.
1422 3676 1546 3731 adv.
1619 3676 1726 3744 ferr.
1780 3704 1851 3715 —-
1902 3674 2023 3740 Quo
2079 3679 2238 3743 pacto

670 3763 839 3831 igitur
866 3764 1003 3827 alar,
1042 3766 1254 3834 inquiet
1302 3767 1540 3837 aliquis?
1587 3767 1787 3821 Manus
1841 3766 2028 3831 habes,
2063 3774 2237 3819 artem

668 3856 886 3915 habes:
939 3871 1163 3927 operam
1212 3869 1359 3913 tuam
1402 3860 1543 3923 loca,
1600 3859 1877 3913 ministra.
1932 3858 2109 3913 Multa:
2140 3871 2239 3927 pa-

672 3951 830 4006 randi
860 3954 1043 4008 victus
1075 3953 1320 4009 rationes
1353 3961 1499 4013 sunt.
1530 3954 1699 4006 multa
1730 3950 2001 4008 subsidia.
2035 3952 2098 4002 Al
2137 3949 2241 4003 im-

672 4042 967 4100 becillitate
1019 4045 1281 4100 laboras?
1347 4044 1594 4099 Mendica
1651 4044 1719 4098 ab
1787 4045 1852 4098 iis
1904 4044 1995 4114 qui
2042 4042 2239 4111 Opibus

671 4134 976 4190 abundant.
1025 4136 1094 4189 At
1124 4144 1285 4204 turpe
1325 4144 1408 4189 est
1454 4135 1814 4188 mendicare?
1863 4132 2080 4200 turpius
2110 4144 2241 4184 vero

671 4230 854 4296 plane,
908 4243 1031 4281 cum
1075 4235 1357 4281 mutuatus
1402 4225 1598 4289 fueris,
1646 4240 1755 4278 non
1796 4224 2051 4279 reddere.
2107 4222 2239 4277 For-

672 4323 839 4385 mica,
874 4323 976 4376 etsi
1010 4337 1109 4375 nec
1161 4322 1359 4390 stipem
1411 4319 1571 4388 petit,
1620 4334 1720 4372 nec
1785 4325 1979 4372 mutuo
2014 4318 2238 4386 accipit,

673 4415 745 4467 ali
787 4423 1001 4484 potest;
1053 4413 1265 4484 apicula
1312 4411 1422 4466 cibi
1460 4410 1546 4466 sui
1582 4410 1844 4480 reliquias
1886 4408 2108 4479 regibus
2136 4409 2241 4462 im-

672 4505 873 4572 pertit;
897 4504 1097 4574 quibus
1126 4511 1307 4559 tamen
1345 4518 1448 4557 nec
1494 4516 1714 4564 manus.
1744 4515 1847 4555 nec
1870 4506 2019 4555 artes
2048 4506 2241 4553 natura

674 4597 866 4665 largita
914 4603 1044 4652 est:
1097 4606 1152 4650 tu
1216 4612 1345 4651 vero
1406 4595 1571 4650 homo
1624 4593 1832 4647 animal
1872 4592 2239 4664 ingeniosum,
2272 4629 2320 4688 υ

675 4690 881 4743 nullam
936 4704 1002 4743 ex
1050 4689 1308 4744 omnibus
1363 4697 1535 4742 artem
1588 4684 1886 4756 repereris,
1938 4684 2081 4738 unde
2142 4681 2239 4737 tibi

674 4779 876 4833 victum
910 4781 1235 4849 compares?

746 4872 889 4926 Ibid.
918 4902 989 4913 -—
1013 4872 1058 4928 0
1089 4881 1225 4943 quot
1258 4873 1541 4927 hominum
1596 4872 1773 4928 aliena
1812 4871 1954 4925 bona
1987 4870 2241 4940 perdide-

674 4967 838 5019 runt!
868 4965 1012 5031 Quot
1038 4966 1188 5020 velut
1212 4980 1307 5035 per
1335 4966 1611 5020 somnium
1644 4965 2004 5025 ditescentes,
2036 4964 2247 5033 gravis-

677 5058 815 5112 sima
847 5057 1043 5111 damna
1081 5056 1228 5128 passi
1274 5062 1434 5111 sunt!
1485 5058 1555 5110 At
1601 5056 1784 5120 mulli,
1822 5056 2029 5124 inquis,
2067 5055 2137 5109 ob
2168 5070 2243 5109 ωε

675 5150 918 5204 alienum
969 5151 1113 5221 quod
1172 5158 1592 5217 contraxerunt,
1671 5150 1990 5218 locupletati
2066 5149 2238 5203 fuere.

676 5242 879 5299 Verum
916 5245 1119 5314 plures,
1153 5254 1210 5298 ut
1236 5252 1489 5305 autumo,
1530 5244 1730 5312 laqueo
1761 5242 1929 5294 vitam
1960 5240 2237 5295 ﬁnierunt.

675 5336 758 5390 Tu
792 5350 923 5390 vero
963 5351 1057 5390 eos
1085 5334 1178 5406 qui
1212 5333 1419 5389 divitiis
1456 5333 1604 5387 aucti
1638 5341 1789 5395 sunt,
1823 5330 2239 5401 contemplaris;

614 5434 617 5437 ’
674 5429 800 5486 illos
834 5439 1015 5482 autem
1044 5428 1135 5499 qui
1169 5428 1380 5499 laqueis
1426 5428 1656 5495 periere,
1702 5440 1809 5479 non
1842 5439 2118 5486 numeras,
2149 5425 2243 5493 qui

674 5522 933 5576 videlicet
977 5521 1224 5591 repetita:
1274 5521 1520 5591 pecunia
1546 5519 1898 5587 ignominiam
1928 5533 2038 5571 non
2063 5517 2244 5571 fcren-

675 5622 782 5677 tes,
826 5613 1123 5682 suspendio
1176 5614 1409 5669 interire
1459 5612 1644 5683 potius
1706 5613 2034 5676 habuerunt,
2078 5626 2242 5681 quam

678 5721 805 5760 cum
854 5706 1056 5775 probro
1089 5714 1144 5760 et
1189 5706 1412 5761 infamia
1444 5706 1649 5761 vivere.
1684 5704 2052 5760 Miserandum
2088 5705 2246 5775 plane

680 5798 1056 5868 spectaculum
1086 5800 1218 5865 vidi,
1252 5815 1453 5869 pueros
1483 5800 1747 5866 ingenuos
1773 5809 2123 5870 paternorum
2150 5798 2243 5854 de-

682 5892 919 5949 bitorum
969 5906 1132 5950 causa
1191 5894 1414 5949 venales
1477 5893 1544 5949 ad
1610 5894 1787 5949 forum
1848 5900 2051 5963 raptos.
2104 5891 2246 5962 Opes

2336 3400 2475 3470 πρὸς
2516 3400 2794 3473 τιμωρίαν
2837 3401 2948 3455 τῶν
3000 3401 3354 3455 ἐνοικούντων
3406 3398 3737 3465 κατεδικάσθη
3767 3396 3835 3463 τὴν

2335 3487 2443 3541 ἀκα
2453 3488 2637 3557 ρπίαν.

2408 3671 2533 3735 Πῶς
2564 3672 2659 3727 οὖν
2702 3673 3005 3746 διατραφῶ,
3052 3674 3252 3746 φησίν;
3293 3674 3481 3744 Ἔχεις
3527 3672 3715 3743 χεῖρας,
3734 3668 3838 3738 ἔχεις

2337 3764 2568 3836 τέχνην
2625 3766 2948 3837 μισθαρνοῦ,
2980 3768 3240 3822 διακόνει.
3286 3767 3491 3820 Πολλαὶ
3535 3765 3743 3819 ἐπίνοιαι
3775 3757 3839 3812 τοῦ

2342 3857 2480 3928 βίου.
2510 3858 2705 3912 πολλαὶ
2730 3859 2999 3930 ἀφορμαί.
3040 3860 3182 3913 Ἀλλ’
3212 3861 3493 3923 ἀδυνάτως
3521 3858 3687 3929 έχειςς
3716 3854 3841 3925 Προσο

2340 3950 2482 4003 αίτει
2508 3951 2663 4021 παρά
2682 3950 2792 4004 τῶν
2813 3952 3190 4024 κεκτημένων.
3216 3951 3357 4004 Ἀλλ’
3382 3951 3605 4022 αἰσχρὸν
3626 3948 3680 4002 τὸ
3692 3946 3840 4003 αίτιῑν;

2340 4042 2707 4113 Αίσχρότερον
2747 4044 2847 4113 μὲν
2894 4044 2987 4097 τὸν
3036 4044 3429 4113 δανεισάμενον
3472 4042 3774 4112 ἀποστερεῖν.
3802 4034 3843 4089 ’0

2345 4134 2571 4206 μύρμηξ
2597 4134 2821 4189 δύναται
2849 4136 2988 4205 μήτε
3022 4135 3354 4206 προσαιτῶν,
3376 4136 3513 4207 μήτε
3537 4131 3843 4201 δανειζόμενος

2340 4226 2761 4297 διατρέφεσθαιο
2795 4228 2892 4279 καὶ
2928 4228 3161 4297 μέλισσα
3190 4226 3260 4295 τᾲ
3305 4227 3540 4298 λείψανα
3566 4226 3660 4295 τῆς
3691 4218 3843 4279 οἰκείας

2341 4319 2550 4389 τροφῆς
2602 4316 2885 4388 βασιλεῦσι
2929 4318 3246 4389 χαρίζεταιο
3280 4312 3361 4381 οἷς
3410 4318 3533 4371 οὕτε
3580 4317 3737 4387 χεῖρα,
3758 4309 3844 4362 olm

2341 4410 2536 4480 τέχνας
2564 4411 2597 4479 ἡ
2641 4408 2801 4478 φύσις
2836 4408 3005 4467 ἔδωκε
3025 4424 3038 4439 ⁸
3074 4409 3139 4461 σὺ
3164 4409 3221 4462 δὲ
3253 4409 3313 4462 τὸ
3342 4409 3646 4479 εὐμήχανον
3684 4398 3845 4468 ζῶονιό

2342 4500 2648 4572 ἄνθρωπος,
2684 4502 2814 4571 μίαν
2842 4500 2953 4553 τῶν
2980 4500 3171 4555 πασῶν
3213 4500 3479 4572 μηχανῶν
3529 4500 3622 4569 οὐχ
3652 4496 3846 4563 εὑρήσεκ

2345 4592 2482 4665 πρὸς
2508 4594 2608 4664 τὴν
2628 4592 2721 4646 τοῦ
2753 4592 2869 4663 βίου
2892 4591 3198 4663 διαγωγήν;

2415 4867 2485 4924 Ὦ
2519 4871 2720 4936 πόσους
2772 4870 3023 4924 ἀπώλεσε
3076 4870 3147 4924 τὰ
3192 4869 3452 4939 ἀλλότρια
3497 4864 3692 4933 ἀγαθάῑ
3732 4861 3848 4912 Πόσοι

2341 4965 2474 5035 δναρ
2538 4963 2944 5035 πλουτήσαντες
3002 4960 3457 5033 ύπεραπέλαυσαν
3514 4958 3610 5027 τῆς
3669 4947 3846 5023 ζημίαςῖ

2359 5059 2524 5113 Ἀλλά
2550 5057 2764 5122 πολλοὶ,
2799 5055 2988 5126 φησὶν,
3022 5055 3118 5109 κα)⁵
3146 5054 3211 5107 ὲκ
3246 5051 3617 5121 δανεισμάτων
3647 5042 3851 5103 ἐπλούτηο

2347 5167 2467 5205 σαν.
2501 5149 2751 5213 Πλείους,
2781 5147 2839 5202 δὲ
2874 5143 3053 5217 οἶμαι,
3084 5145 3180 5199 καὶ
3225 5144 3436 5215 βρόχων
3482 5141 3696 5211 ἥψαντο.
3729 5136 3785 5185 Σὺ
3813 5130 3850 5178 δὲ

2344 5244 2472 5305 τοὺς
2498 5242 2600 5312 μὲν
2631 5240 3048 5310 πλουτήσαντας
3071 5237 3312 5308 βλέπεις,
3347 5236 3475 5298 τοὺς
3510 5234 3566 5287 δὲ
3592 5224 3851 5296 ἀπαγξαμέ·

2352 5351 2475 5396 νους
2509 5334 2611 5387 οὐκ
2643 5331 2919 5405 ἀριθμεῖς,
2946 5330 2997 5383 οἳ
3028 5330 3128 5399 τὴν
3159 5328 3252 5382 ἐπὶ
3288 5330 3409 5389 ταῖς
3437 5326 3769 5391 ἀπαντήσεσιν
3791 5317 3851 5405 αξξ

2349 5426 2555 5496 σκύνην
2590 5402 2997 5495 μὴ’φέίροντες.
3044 5420 3138 5472 τὸν
3167 5418 3237 5473 δι’
3276 5418 3512 5488 ἀγχόνης
3553 5414 3759 5467 θάνατον
3784 5402 3851 5457 τοῦ

2346 5517 2733 5579 ἐπονειδίστως
2767 5514 2867 5585 ζῇν
2902 5512 3301 5586 προετίμησαν.
3340 5506 3494 5563 Εἶδον
3522 5506 3629 5577 ἐγὼ
3669 5497 3851 5555 ἐλεεινὸν

2347 5611 2551 5681 θέαμα,
2595 5593 2793 5672 παῖδας
2839 5605 3160 5676 ἐλευθέρους
3220 5602 3327 5656 ὑπὸ
3374 5600 3551 5673 χρεῶν
3619 5587 3849 5681 πατρικιξν

2348 5676 2684 5769 ἑλκομένους
2711 5698 2793 5759 είς
2825 5694 2886 5748 τὸ
2911 5695 3231 5765 πρατήριον.
3273 5691 3387 5744 Οὐκ
3414 5690 3555 5758 ἔχεις
3587 5676 3851 5769 καταλιπεῖν

2348 5765 2609 5865 Χρήματα
2639 5792 2751 5852 τοῖς
2802 5788 3024 5851 παισίν;
3062 5786 3153 5855 Μὴ
3188 5782 3507 5853 προσαφέλῃ
3545 5778 3633 5831 καὶ
3673 5773 3756 5841 τὴν
3782 5765 3851 5865 ινξι-

2350 5887 2587 5955 γὲνειαν.
2646 5884 2835 5939 Οὐδεὶς
2894 5882 3085 5937 πενίαν
3154 5879 3361 5952 πατρὸς
3424 5872 3674 5944 ἐνεκλήθη
3733 5857 3848 5917 mll-
