4024 6412
663 447 798 512 1375

1865 450 1924 508 S.
1965 447 2282 509 JOANNIS
2325 446 2750 506 DAMASCENI

3755 438 3871 502 1376

733 565 895 620 Hebr.
945 581 1063 627 xtu,
1099 567 1150 618 9.
1181 596 1251 606 —
1283 585 1299 617 ι
1339 564 1611 619 Doctrinis
1657 564 1821 618 variis
1844 573 1896 618 et
1915 565 2216 635 peregrinis

2393 583 2410 615 ι
2448 564 2701 633 Διδαχαίς
2759 561 3035 623 ποικίλαις
3093 559 3188 614 καὶ
3237 558 3415 623 ξέναις
3460 559 3535 628 μὴ
3569 562 3848 626 nupserim

660 658 834 711 nolite
865 656 1081 710 abduci.
1119 676 1138 707 ι

732 747 948 801 Basilii.
989 779 1055 788 —
1089 747 1344 803 Docentis
1409 749 1713 803 auctoritas
1777 748 1933 802 [idem
1983 749 2220 804 orationi

659 841 936 905 conciliat,
969 841 1403 909 attentioresque
1439 839 1734 908 discipulos
1764 840 1963 894 reddit.

731 1013 790 1068 S.
862 1012 1014 1084 Greg.
1084 1014 1512 1072 Naz.—Cibus
1588 1018 1735 1072 enim
1813 1029 1899 1074 est
1946 1020 2219 1086 doctrina,

671 1108 822 1160 illius
859 1108 1021 1161 etiam
1059 1108 1152 1178 qui
1195 1109 1552 1166 aliosnutrit.

731 1198 1004 1270 C/trysost.
1033 1230 1099 1240 —
1123 1200 1259 1254 Tum
1293 1203 1526 1256 maxime
1574 1204 1838 1256 bonarum
1879 1220 2060 1258 rerum
2099 1212 2220 1260 stu-

659 1294 761 1346 dio-
791 1293 1103 1347 excitantur
1133 1293 1409 1362 discipuli,
1458 1310 1584 1349 cum
1617 1295 2006 1366 magistrorum
2039 1311 2222 1350 exem-

659 1387 744 1452 pla
776 1383 843 1436 ob
869 1383 1058 1438 oculos
1092 1385 1310 1438 habent.
1336 1402 1354 1434 ι

727 1474 1194 1541 ϐίεηιειιι.-Ωυὶ
1238 1479 1420 1539 docet,
1480 1476 1714 1544 amplius
1759 1476 1923 1531 discit
1973 1493 1988 1530 :
2039 1486 2092 1531 et
2127 1477 2220 1545 qui

656 1570 822 1622 Verba
854 1569 1006 1636 facit,
1044 1570 1160 1640 ipse
1208 1586 1422 1640 quoque
1468 1572 1666 1640 saepius
1709 1588 1832 1627 cum
1880 1572 2220 1628 auditoribus

656 1663 774 1715 suis
815 1662 989 1716 audit.

729 1751 1084 1807 Philonis.—-
1109 1755 1383 1810 Doctrina!
1427 1757 1641 1826 insigne
1673 1757 1822 1826 virga
1860 1765 1964 1813 est.
2004 1756 2218 1812 Etenim

657 1843 763 1898 nisi
799 1846 926 1914 quis
961 1848 1162 1915 pudore
1210 1847 1501 1911 alliciatur,
1534 1857 1588 1901 et
1619 1848 1686 1903 de
1725 1850 2004 1904 nonnullis
2039 1851 2221 1917 objur-

655 1945 834 2000 getur.
872 1938 988 1989 lieri
1017 1953 1125 1990 non
1155 1948 1358 2007 potest,
1399 1950 1458 1993 ut
1495 1940 1843 2003 emendetur,
1881 1951 1933 1994 et
1962 1941 2028 1994 ad
2069 1943 2222 1996 sani-

657 2036 820 2078 tatem
852 2028 1057 2082 redeat.

731 2115 1007 2184 Ejusdem.
1040 2147 1110 2158 —-
1141 2118 1260 2173 Non
1286 2123 1366 2173 uti
1402 2129 1705 2192 praeceptor
1732 2121 1950 2186 docere,
1989 2124 2060 2176 ita
2088 2140 2225 2194 quo-

656 2223 763 2273 que
825 2208 1038 2263 discere
1089 2209 1396 2280 discipulus
1447 2221 1643 2281 potest.
1695 2213 1789 2267 Ille
1820 2215 2022 2284 quippe
2050 2215 2226 2284 perfe-

657 2309 780 2353 ctus
820 2310 926 2363 est,
976 2301 1064 2354 hic
1109 2313 1290 2355 autem
1334 2303 1710 2371 imperfectus.
1756 2306 1835 2358 Ac
1873 2305 2106 2374 proinde
2138 2305 2225 2360 fa-

656 2392 835 2445 cultas
855 2393 1257 2448 consideranda
1283 2409 1370 2450 est
1411 2397 1580 2461 illius,
1622 2398 1714 2466 qui
1746 2396 2020 2452 eruditur.

730 2482 1006 2554 Ejusdem.
1034 2517 1103 2527 —
1129 2487 1359 2544 Noveris
1408 2499 1464 2543 t'u
1506 2491 1758 2560 quisquis
1804 2491 1989 2552 doces,
2020 2501 2071 2546 et
2103 2491 2227 2546 dili-

657 2587 851 2646 genter
881 2580 1148 2648 expende,
1179 2595 1417 2649 quanam
1465 2596 1598 2637 aure
1629 2597 1660 2635 a
1691 2583 1960 2650 discipulo
2009 2594 2096 2636 tua
2127 2599 2228 2638 vox

656 2671 979 2740 excipiatue.
1012 2671 1228 2729 Stultus
1257 2683 1340 2728 est
1369 2676 1538 2739 enim,
1574 2677 1667 2746 qui
1697 2677 1763 2730 ad
1794 2678 2028 2731 surdum
2065 2678 2227 2732 verba

659 2762 810 2827 facit,
842 2771 896 2816 et
935 2763 1190 2826 stolidus,
1234 2765 1326 2834 qui
1369 2765 1601 2833 lapidem
1657 2765 1933 2822 admonet.
1971 2765 2051 2820 Tu
2090 2782 2230 2837 quo-

658 2867 766 2921 que
791 2855 1001 2923 peccati
1039 2856 1269 2925 perinde
1301 2872 1428 2911 reus
1459 2857 1591 2920 eris,
1634 2857 1740 2911 nisi
1765 2872 1889 2911 cum
1916 2860 2099 2912 animo
2131 2867 2228 2912 tuo

658 2945 1037 3014 perpenderis,
1097 2963 1338 3015 quonam
1384 2957 1567 3016 pacto,
1624 2951 1916 3019 quandove
1948 2950 2228 3019 sapientia:

657 3051 966 3092 sermonem
1007 3055 1260 3108 promere
1291 3051 1566 3110 oporteat.

734 3129 976 3186 Eusebii.
999 3163 1070 3173 —-
1095 3133 1200 3199 Qui
1231 3135 1463 3205 gratiam
1502 3146 1838 3190 consecutus
1876 3145 1980 3200 est,
2011 3136 2229 3206 copiose

658 3225 899 3292 praebere
929 3226 1089 3280 debet
1131 3227 1199 3282 iis
1248 3227 1339 3296 qui
1367 3229 1612 3282 discendi
1643 3227 1919 3283 desiderio
1952 3239 2228 3297 tenentur,

2339 3222 2549 3277 θελουσι
2583 3224 2894 3292 μανθάνειν,
2925 3224 3110 3288 καθὼς
3163 3227 3256 3279 καὶ
3287 3229 3315 3280 6
3349 3227 3555 3296 Κύριος

659 3317 1122 3384 quemadmodum
1163 3322 1426 3376 Dominus
1465 3321 1608 3376 dixit
1641 3340 1653 3376 :
1702 3321 1882 3376 Gratis
1931 3323 2231 3392 accepistis,

655 3411 823 3479 gratis
862 3409 986 3464 date
1034 3411 1272 3482 (Matth.
1328 3431 1383 3475 x,
1417 3415 1515 3483 8).
1547 3413 1684 3468 Nam
1742 3415 1820 3469 illi
1873 3417 1964 3486 qui
2001 3416 2232 3485 accepit,

660 3519 763 3557 nec
800 3513 985 3558 tamen
1025 3505 1287 3574 impertit,
1325 3506 1377 3559 id
1409 3508 1573 3560 etiam
1613 3508 1758 3575 quod
1795 3507 1980 3571 habet,
2016 3507 2232 3564 aufere-

660 3605 751 3646 tur
790 3595 858 3649 ab
888 3611 972 3655 eo.
1004 3595 1116 3650 Nec
1141 3597 1460 3666 verojustis
1495 3597 1785 3665 duntaxat,
1821 3599 1914 3654 sed
1954 3607 2008 3654 et
2041 3613 2235 3670 pecca-

659 3687 871 3742 toribus
905 3690 1138 3758 gratiam
1188 3691 1377 3744 tribuit
1410 3689 1572 3753 Deus,
1624 3701 1684 3745 ut
1717 3692 1811 3761 qui
1853 3707 1955 3746 nec
1981 3692 2233 3747 inviden-

661 3779 732 3831 tia
775 3779 1004 3844 laborat,
1046 3796 1148 3836 nec
1205 3782 1277 3836 sit
1322 3791 1584 3852 acceptor
1614 3797 2007 3850 personarum,
2040 3798 2232 3837 verum

660 3869 793 3921 oriri
834 3871 1007 3924 soletn
1040 3886 1201 3927 suum
1255 3870 1422 3925 faciat
1460 3887 1625 3940 super
1655 3872 1831 3927 bonos
1865 3879 1919 3925 et
1949 3872 2143 3938 malos,
2180 3879 2236 3926 et

661 3962 813 4030 pluat
866 3978 1032 4034 super
1077 3963 1261 4032 justos
1309 3972 1363 4018 et
1415 3964 1675 4031 iniustos,
1729 3980 1830 4018 nec
1890 3973 2232 4032 peccatorem

660 4061 1008 4120 aspernetur,
1040 4052 1134 4107 sed
1181 4053 1280 4121 ipsi
1333 4069 1553 4122 quoque
1606 4054 1854 4106 nonnihil
1900 4054 2092 4122 gratiae
2124 4054 2236 4106 lar-

660 4145 858 4208 giatur.
918 4143 1227 4212 Unicuique
1277 4145 1444 4215 igitur
1485 4159 1755 4215 propenso
1797 4146 1980 4198 animo
2033 4144 2236 4198 docere

664 4235 947 4289 incumbit.
1342 4230 1345 4234 ’

659 4347 828 4418 436
873 4348 1012 4404 ΤΙΤ.
1074 4349 1393 4404 Χ11.-Ι)ε
1451 4351 1767 4404 calumnia:
1836 4347 1974 4420 quod
2047 4359 2238 4404 temere

1053 4437 1169 4474 eam
1195 4422 1431 4490 excipere
1455 4438 1558 4473 non
1590 4430 1850 4488 oporteat.

739 4511 914 4568 Exod.
974 4529 1132 4580 xxttt,
1177 4515 1227 4567 1.
1259 4541 1328 4553 -ο
1357 4533 1375 4566 ι
1424 4511 1544 4567 Νοιι
1589 4513 1848 4567 admittes
1899 4512 2233 4566 auditionem

663 4621 880 4662 vanam.
925 4625 943 4658 l

737 4698 891 4752 Psal.
943 4715 994 4760 c.
1033 4700 1085 4755 5.
1112 4727 1182 4740 --
1219 4719 1236 4752 ι
1285 4699 1675 4755 Detrahentem
1728 4704 1947 4753 secreto
1987 4697 2237 4768 proximo

667 4805 792 4848 suo,
825 4791 972 4844 hunc
999 4791 1389 4861 persequebar.
1434 4809 1453 4842 ι

739 4880 1098 4950 S.Chrysost.
1132 4883 1338 4946 -—Qui
1392 4881 1460 4936 de
1512 4881 1764 4953 proximo
1819 4896 1922 4937 suo
1974 4880 2234 4943 detrahit,

669 4975 940 5030 fraternas
986 4989 1187 5029 carnes
1237 4975 1387 5041 edit;
1439 4975 1570 5044 quia
1626 4974 1786 5029 fama:
1845 4976 1998 5030 illius
2045 4974 2240 5044 inlligit

667 5068 886 5130 vulnus,
921 5076 977 5122 et
1012 5068 1222 5122 inlinita
1254 5069 1361 5121 alia
1393 5068 1532 5121 mala
1577 5084 1671 5138 per
1698 5083 2010 5123 sermonem
2047 5083 2239 5138 perpe-

669 5169 798 5214 trat.
829 5159 1016 5230 Neque
1057 5161 1127 5217 iis
1181 5168 1391 5214 tantum
1438 5163 1530 5230 qui
1583 5161 1918 5225 obtrectant,
1956 5175 2144 5214 verum
2174 5161 2241 5216 iis

667 5255 831 5306 etiam
889 5253 1000 5322 qui.
1036 5253 1412 5307 obtrectautes
1473 5253 1721 5315 audiunt,
1786 5252 2051 5307 obturare
2084 5267 2242 5306 aures

671 5359 888 5406 moueo,
920 5359 984 5398 ac
1017 5341 1346 5414 Prophetam
1380 5344 1608 5408 imitari,
1660 5344 1753 5414 qui
1785 5345 1865 5398 ait
1899 5361 1913 5398 :
1949 5343 2242 5397 Detrahen-

677 5445 779 5488 tem
833 5443 1029 5488 secreto
1080 5435 1324 5504 proximo
1370 5451 1490 5497 suo,
1538 5432 1676 5487 hunc
1723 5436 2089 5506 persequebar.
2148 5433 2243 5489 Dic

674 5527 924 5595 proximo
955 5546 968 5581 :
1001 5526 1058 5582 Si
1093 5529 1190 5584 tibi
1222 5528 1279 5582 in
1312 5529 1498 5582 animo
1523 5535 1607 5582 est
1641 5527 1883 5596 aliquem
1935 5527 2162 5581 laudare
2191 5535 2244 5580 et

680 5619 996 5686 praedicare,
1024 5636 1188 5676 aures
1219 5621 1432 5690 aperio,
1467 5631 1525 5675 ut
1559 5627 1898 5691 unguentum
1926 5619 2238 5689 excipiam:

680 5710 767 5763 sin
793 5710 1104 5778 quempiam
1140 5711 1452 5768 maledictis
1489 5713 1766 5768 lacessere
1801 5725 1989 5783 paras,
2036 5710 2241 5765 aditum

682 5802 868 5859 verbis
895 5803 1008 5858 tuis
1041 5805 1293 5867 obstruo.

766 5894 1039 5965 Ejusdem.
1069 5928 1135 5939 —-
1169 5895 1341 5952 Vitam
1373 5899 1595 5955 alterius
1631 5899 1854 5955 curiose
1887 5895 2241 5965 perscrutari,

2325 655 2435 708 σθε.
2476 673 2494 706 ι

2406 745 2738 811 Ἀξιοπιστία
2790 746 2884 799 τοῦ
2930 743 3271 806 διδάσκοντος
3328 741 3740 810 εύπαράδεκτον
3795 743 3869 807 μὲν

2321 839 2412 893 τὸν
2446 840 2600 909 λόγον
2626 838 2937 907 καθίστησι,
2970 836 3432 908 προσεχεστέρους
3467 835 3525 886 δὲ
3549 835 3676 896 τοὺς
3717 837 3871 903 μαθη-

2322 931 2645 1002 τευομένους
2673 928 3101 1002 παρασκευάζει.

2398 1023 2584 1094 Τροφὴ
2613 1022 2722 1092 γάρ
2758 1025 2904 1076 ἐστιν
2931 1023 2965 1092 ἡ
2991 1021 3190 1088 δίδαξις
3222 1021 3316 1074 καὶ
3343 1020 3441 1074 τοῦ
3464 1020 3787 1090 τρέφοντος.

2393 1203 2526 1256 Τότε
2563 1201 2800 1271 μάλιστα
2859 1201 2910 1255 οί
2975 1200 3214 1271 μαθηται
3276 1200 3357 1262 είς
3386 1198 3479 1252 τὸν
3533 1198 3651 1251 τῶν
3683 1197 3875 1265 ἀγαθῶν

2321 1293 2613 1360 ἀνάγονται
2646 1291 2827 1361 ζῆλον,
2891 1293 3020 1346 ὅταν
3047 1292 3199 1364 παρά
3221 1291 3331 1345 τῶν
3361 1290 3704 1346 διδασκάλων
3741 1291 3877 1359 ἔχωσι

2322 1386 2388 1439 τὰ
2419 1384 2853 1456 παραδείγματα.

2393 1478 2668 1531 Διδάσκων
2723 1495 2810 1540 τις
2841 1477 3105 1546 μανθάνει
3160 1477 3345 1540 πλέον,
3401 1493 3499 1530 και
3544 1476 3728 1544 λέγων
3779 1493 3877 1530 συν-

2322 1573 2590 1641 ακροᾶται
2627 1569 2882 1634 πολλάκις
2916 1572 3027 1633 τοῖς
3059 1569 3421 1624 ὑπακούουσιν
3445 1569 3640 1623 αὑτοῦ.

2395 1748 2649 1811 Παιδείας
2680 1748 2949 1818 σύμϐολον
2979 1751 3012 1818 ὴ
3048 1748 3266 1818 ῥάϐδος.
3304 1750 3470 1804 ’Λνευ
3505 1750 3621 1819 γάρ
3650 1748 3746 1802 τοῦ
3771 1750 3878 1801 δυσ-

2323 1841 2636 1910 ωπηθῆναι,
2673 1841 2770 1895 καὶ¹
2796 1843 2924 1912 περὶ
2952 1842 3110 1896 ἐνίων
3165 1841 3595 1911 ὲπιπληχθῆναι,
3626 1842 3883 1895 νουθεσίαν

2325 1931 2655 1998 ἐνδείξασθαι
2692 1936 2786 1988 καὶ
2824 1935 3198 2006 σωφρονισμὸν
3225 1936 3530 2005 ἀμήχανον.

2397 2119 2508 2190 Οὐχ
2536 2119 2612 2183 ὡς
2637 2118 2858 2174 δύναται
2903 2119 3174 2174 διδάσκειν
3204 2120 3233 2172 ό
3264 2117 3614 2180 διδάσκαλος,
3645 2116 3785 2170 οὕτω
3808 2119 3883 2168 καὶ

2329 2212 2620 2280 μανθάνειν
2654 2214 2682 2266 6
2710 2212 3002 2282 γνώριμος.
3051 2212 3267 2283 Ἐπειδὴ
3324 2210 3353 2262 6
3387 2211 3492 2280 μὴν
3521 2211 3755 2273 τέλειος,
3789 2213 3814 2263 6

2325 2303 2523 2374 ἀτελής
2555 2305 2720 2357 ἑστιν.
2756 2305 2918 2357 Ὅθεν
2952 2305 3219 2375 προσήκει
3271 2301 3642 2372 στοχάζεσθαι
3669 2303 3767 2369 τῆς
3808 2301 3884 2354 τοῦ

2329 2397 2722 2466 παιδευομένου
2753 2397 3056 2466 δυνάμεως.

2411 2489 2750 2558 Ἐπίστησον,
2793 2491 2820 2542 ὁ
2861 2490 3146 2554 διδάσκων,
3203 2492 3296 2544 καὶ
3355 2491 3617 2556 ἐξέτασον
3667 2491 3887 2559 ἀκριϐῶς

2327 2581 2496 2652 ἀκοὴν
2534 2580 2626 2635 τοῦ
2661 2582 3039 2651 μανθάνοντος.
3075 2584 3289 2655 Εὐήθης
3338 2586 3447 2654 γὰρ
3473 2587 3503 2638 6
3531 2583 3709 2655 κωφῷ
3731 2585 3886 2636 διαλε-

2328 2675 2578 2745 γόμενος,
2611 2676 2706 2729 καὶ
2736 2677 2961 2747 μάταιος
2996 2679 3025 2730 6
3049 2677 3197 2731 λίθον
3237 2678 3528 2731 νουθετῶν.
3572 2678 3686 2731 Καὶ
3730 2680 3790 2730 σὺ
3823 2680 3888 2728 ἐν·

2329 2784 2453 2837 οχος
2499 2769 2770 2840 ἁμαρτίας
2821 2771 3032 2842 σεαυτῷ
3085 2771 3207 2844 ἔσῃ,
3243 2775 3272 2825 6
3306 2773 3380 2843 μὴ
3436 2771 3886 2840 ἐπισκεψάμενος.

2329 2861 2497 2928 ὅπως,
2535 2866 2628 2918 καὶ
2668 2865 2894 2936 πηνίκα,
2933 2867 3027 2920 καὶ
3054 2866 3186 2920 πότε
3215 2866 3295 2919 δεῖ
3327 2866 3487 2935 λόγον
3519 2866 3787 2936 προέσθαι
3819 2882 3886 2917 σοι

2329 2955 2474 3024 φίας.

2411 3130 2471 3183 Ὀ
2489 3129 2670 3186 λαϐὼν
2695 3131 2877 3204 χάριν,
2913 3133 3120 3202 ὀφείλει
3147 3133 3398 3204 ἀφθόνως
3420 3153 3494 3187 πα
3502 3134 3774 3204 ραδιῶναι
3794 3136 3888 3193 τοῖς

3613 3223 3756 3289 εἷπε,
3787 3232 3887 3278 Au-

2327 3315 2477 3382 ρεὰν
2504 3315 2762 3380 ἐλάϐετε,
2817 3316 3040 3384 δωρεὰν
3065 3317 3222 3372 δότε.
3253 3318 3343 3388 Τῴ
3387 3319 3499 3388 γὰρ
3545 3319 3782 3378 λαϐόντι,
3808 3321 3891 3368 καὶ

2339 3411 2412 3480 μὴ
2458 3412 2810 3480 μεταδιδόντι,
2865 3414 2957 3468 καὶ
2989 3413 3016 3466 ὃ
3067 3413 3179 3483 ἔχει
3217 3413 3516 3484 ἀρθήσεται
3587 3416 3686 3467 ἀπ’
3722 3412 3887 3466 αὑτοῦ.

2336 3503 2446 3554 Καὶ
2484 3505 2544 3554 οὺ
2576 3502 2737 3571 μόνον
2787 3504 3014 3569 δικαίοις
3041 3505 3222 3558 δίδωσι
3263 3504 3359 3574 τὴν
3406 3505 3592 3575 χάριν,
3653 3505 3784 3558 ἀλλὰ.
3809 3508 3890 3556 καὶ

2338 3595 2700 3666 ἁμαρτωλοῖς.
2761 3597 2977 3667 Ἐπειδὴ
3055 3597 3288 3666 ἀφθονός
3346 3599 3494 3650 ἐστιν
3549 3601 3579 3652 6
3634 3599 3762 3660 Θεὸς
3809 3602 3889 3649 καὶ

2335 3689 2862 3759 ἀπροσωπόληπτος,
2891 3690 2986 3742 καὶ
3015 3691 3292 3743 ἀνατέλλει
3322 3692 3412 3742 τὸν
3434 3691 3587 3762 ἧλιον
3618 3691 3777 3744 αὑτοῦ
3808 3694 3889 3742 ἐπὶ

2334 3779 2606 3847 πονηροὺς
2628 3777 2721 3829 καὶ
2748 3777 3003 3845 ἀγαθοὺς,
3048 3780 3139 3831 καὶ⁴
3195 3778 3380 3849 βρέχει
3428 3781 3522 3830 ἐπὶ
3543 3781 3784 3841 δικαίους
3808 3781 3889 3830 καὶ

2336 3866 2578 3930 ἀδίκους·
2612 3867 2707 3921 καὶ
2753 3866 2814 3920 οὐ
2857 3868 3073 3937 παρορᾷ
3101 3866 3191 3919 τὸν
3215 3867 3625 3936 ἁμαρτάνοντα,
3659 3867 3790 3919 ἀλλὰ
3822 3866 3888 3916 δε-

2334 3960 2466 4013 δωσι
2495 3960 2735 4030 κάκείνῳ
2777 3959 2981 4030 μικράν
3019 3959 3196 4031 χάριν.
3231 3960 3506 4022 Ἕκαστος
3540 3955 3636 4012 οὖν
3663 3958 3889 4025 ἀφθόνως

2333 4053 2540 4123 ὀφείλει
2568 4053 2856 4107 διδάσκειν.

2335 4340 2516 4394 TlTA.
2543 4340 2627 4394 ιθ.
2654 4373 2723 4380 -
2755 4341 2892 4406 Περὶ
2917 4339 3231 4407 διαϐολῆςο
3267 4341 3352 4393 ὅτι
3409 4343 3480 4394 οὐ
3514 4312 3630 4410 χρὴ
3663 4341 3888 4406 ἀκρίτως

2809 4411 3087 4480 δέχεσθαι
3115 4411 3421 4475 διαϐολήν.

2416 4521 2434 4552 ι
2465 4502 2537 4554 Ού
2561 4504 2840 4575 παραδέξῃ
2870 4505 3040 4574 ἀκοὴν
3073 4503 3326 4574 ματαίαν.
3361 4522 3378 4553 ι

2417 4707 2435 4739 ι
2467 4688 2567 4739 Τὸν
2599 4687 3000 4741 καταλαλοῦντα
3021 4687 3193 4757 λάθρα
3221 4685 3316 4738 τοῦ
3334 4685 3566 4755 πλησίον
3595 4680 3886 4746 abso-lmi-

2337 4795 2428 4832 τον
2449 4779 2750 4844 ἐξεδίωκον.
2783 4799 2802 4831 ι

2421 4868 2479 4918 '0
2501 4868 2800 4922 διαϐάλλων
2820 4871 2914 4923 τὸν
2946 4870 3192 4937 πλησίον,
3219 4868 3482 4937 ἀδελφικά
3527 4867 3666 4937 κρέα
3687 4868 3881 4934 ἔφαγεν.

2341 4956 2610 5027 ὑπόληψιν
2657 4957 2895 5028 τρώσας,
2953 4959 3048 5012 καὶ
3106 4959 3278 5029 μυρία
3324 4958 3490 5028 ἔτερα
3535 4959 3883 5028 ὲργασάμενθς

2340 5051 2428 5105 διά
2452 5050 2546 5103 τοῦ
2569 5051 2727 5120 λόγου
2753 5051 2917 5106 κακά.
2967 5053 3043 5106 Οὐ
3063 5054 3176 5115 τοῖς
3207 5051 3393 5114 κακῶς
3432 5051 3594 5119 μόνον
3617 5048 3880 5118 ἁγορεῶυ-

2345 5159 2448 5208 σιν,
2479 5141 2614 5195 ἀλλά
2639 5143 2732 5195 καὶ
2755 5145 2867 5206 τοῖς
2887 5143 3143 5197 ἀκούουσι
3175 5142 3358 5204 κακῶς
3377 5142 3640 5207 λέγοντας
3669 5142 3879 5211 ἐτέρους.

2344 5234 2593 5306 παραινῶ
2608 5235 2707 5299 τὰς
2730 5235 2898 5298 ἀκοὰς
2930 5236 3320 5306 ἀποφράττειν,
3349 5235 3446 5286 καὶ
3487 5234 3581 5287 τὸν
3616 5235 3880 5304 Προφήτην

2347 5327 2686 5398 μιμήσασθαι
2712 5328 2802 5381 τὸν
2822 5328 3050 5396 λέγοντα
3072 5345 3088 5360 ⁸
3112 5328 3221 5380 Τὸν
3240 5327 3702 5380 καταλαλοῦντα
3721 5325 3879 5389 λάθρα

2343 5419 2451 5472 τοῦ
2486 5420 2755 5485 πλησίον
2786 5418 2992 5482 αὐτοῦ,
3012 5418 3227 5471 τοῦτον
3249 5417 3585 5481 ἐξεδίωκον.
3619 5415 3748 5469 Εἰπὲ
3768 5412 3876 5480 πρὸς

2343 5511 2435 5564 τὸν
2464 5511 2718 5581 πλησίον·
2766 5512 2830 5565 El
2868 5510 3010 5582 ἔχεις
3034 5509 3158 5562 τι.νά
3191 5509 3475 5564 ἐπαινέσαι
3512 5510 3608 5561 καὶ⁸
3632 5504 3875 5576 ἐγκωμιά-

2347 5623 2458 5670 σαι,
2495 5604 2697 5672 ἀνοίγω
2721 5603 2818 5667 τὰς
2847 5601 3036 5667 ἀκοὰς,
3071 5603 3157 5656 ἵνα
3182 5601 3423 5671 δέξωμαι
3455 5600 3524 5655 τά
3553 5599 3714 5670 μῦρα·
3739 5597 3796 5649 ἂν
3827 5593 3875 5644 δὲ

2346 5697 2533 5760 κακῶς
2588 5695 2789 5759 ἐθέλεις
2843 5696 3039 5760 εἰπεῖν,
3063 5693 3396 5765 ἀποφράττω
3416 5692 3516 5764 τὴν
3556 5690 3750 5745 είσοδον
3784 5689 3874 5746 ταῖς

2395 5792 2576 5841 ᾒαασα

2395 5795 2406 5808 ’
2538 5806 2576 5841 ι.

2551 5879 2826 5952 ἀλλότριον
2852 5896 3003 5952 περιε
3013 5877 3178 5950 ργάζε
3186 5877 3328 5945 σθαι,
3342 5872 3709 5946 ἀνελευθερίας
3735 5863 3872 5938 ἐσχάυ
