4024 6424
142 370 281 438 I377

1383 367 1617 428 SACRA
1660 368 2117 430 PARAILELA.

3238 376 3379 444 11ΏέΔ

130 509 249 562 της.
280 489 356 542 Τὸ
377 487 434 541 δὲ
456 486 670 541 πάντων
699 483 1248 554 καταγελαστότερον,
1274 483 1322 536 oi
1343 481 1531 537 τοῦτον
1550 482 1701 551 ἔχον-

1812 492 2059 538 extremae
2113 482 2508 539 illiberalitatis
2554 493 2662 540 est.
2710 483 2866 553 Quod
2935 504 3067 545 vero
3120 496 3369 549 omnium

129 598 224 645 τες
251 580 343 633 τὸν
391 578 523 649 βίον,
556 577 650 630 καὶ
684 575 795 629 τῶν
820 573 1037 627 οἰκείων
1087 572 1436 644 ἀμελοῦντες,
1484 574 1701 628 ὲπειδάν

129 670 325 725 είπωσί
339 687 392 723 τι
406 669 513 723 τῶν
540 667 885 739 ἀπορρήτων,
902 665 1261 736 παρακαλῶσι
1279 666 1369 719 τὸν
1399 665 1702 719 ἀκούσαντα

130 766 229 819 καὶ
249 762 471 834 όρκοῦσι
502 759 694 831 μηδενὶ
720 757 903 811 λοιπὸν
931 758 1104 811 ειπεῐν
1136 757 1327 828 ἑτέρῳ,
1358 754 1581 809 αὐτόθεν
1605 755 1702 827 δη-

131 857 370 921 λοῦντες,
402 840 483 907 ὃτι
508 854 740 924 πρᾶγμα
768 851 915 916 ἀξιον
942 850 1278 921 κατηγορίας
1327 848 1611 919 ἐποίησαν.
1639 848 1702 901 Εἰ

131 950 242 1021 γὰρ
275 950 481 1002 ἐκεῖνον
520 943 708 1016 μηδενὶ
733 943 905 997 εἰπεῖν
943 941 1113 1013 ἑτέρῳ
1149 939 1505 1011 παρακαλῇς,
1551 938 1703 1009 πόσῳ

136 1039 339 1113 μᾶλλόν
371 1055 430 1091 σε
473 1037 736 1109 πρότερον
764 1033 937 1105 τούτῳ
970 1032 1144 1087 ταῦτα
1170 1034 1345 1087 εἰπεῖν
1387 1032 1487 1085 οὐκ
1515 1031 1699 1103 ἐχρῆν,

134 1133 232 1188 καὶ
250 1130 555 1185 διαϐάλλειν
577 1128 718 1192 τινὰ,
749 1127 871 1181 οὐδὲ
907 1126 1208 1197 κατέχοντα
1239 1125 1298 1179 ἐν
1322 1122 1592 1195 ἀσφαλείᾳ
1611 1121 1704 1176 τὸν

134 1224 293 1293 λόγον
317 1222 629 1296 προδοῦναι,
660 1222 754 1274 καὶ
779 1220 899 1273 τότε
919 1220 1020 1289 τῆς
1049 1217 1321 1290 σωτηρίας
1352 1215 1519 1271 αὐτοῦ
1550 1232 1721 1288 φρονον

135 1317 340 1385 τίζεινς
386 1316 546 1369 Ἀλλὰ
576 1315 672 1386 ἡδὺ
699 1313 760 1367 τὸ
806 1312 1129 1375 διαϐάλλειν,
1154 1310 1254 1382 ἡδὺ
1315 1310 1414 1380 μὲν
1445 1309 1512 1362 ἂν
1542 1307 1602 1361 τὸ
1628 1308 1703 1377 μὴ

135 1411 317 1478 λέγειν
346 1406 548 1470 κακῶς.
592 1406 653 1459 '0
685 1404 781 1475 μὲν
812 1405 921 1475 γάρ
952 1402 1138 1466 κακῶς
1166 1400 1356 1464 εἰπὼν,
1411 1398 1703 1468 ἐναγώνιος

136 1503 323 1557 λοιπόν
364 1504 512 1555 ἐστιν
535 1515 549 1530 ·
586 1499 879 1552 ὑποπτεύει
912 1497 1007 1550 καὶ
1042 1495 1263 1557 δέδοικε,
1304 1492 1577 1563 μετανοεῖ
1612 1491 1704 1543 καὶ

136 1594 412 1651 κατεσθίει
438 1594 537 1664 τὴν
565 1591 814 1662 γλῶσσαν
828 1588 1038 1651 ἑαυτοῦ,
1063 1584 1315 1649 δεδοικὼς
1339 1584 1434 1638 καὶ
1461 1580 1702 1653 τρέμων,

140 1692 353 1761 μήποτε
403 1690 483 1752 είς
541 1686 758 1757 ἑτέρους
792 1682 1045 1753 ἐξενεχθῇ
1074 1679 1136 1734 τὸ
1162 1679 1350 1751 ῥῆμα,
1397 1676 1491 1731 καὶ
1534 1673 1706 1746 μέγαν

137 1782 394 1852 ἐπαγάγῃ
419 1778 510 1833 τὸν
543 1777 803 1832 κίνδυνον.

1803 576 2039 631 maxime
2096 575 2394 631 ridiculum
2450 585 2574 642 est,
2625 579 2721 648 qui
2780 579 2885 635 hoc
2940 582 3127 637 animo
3157 586 3373 653 praediti

1803 675 1959 732 sunt,
2015 683 2118 722 nec
2173 667 2286 722 ulla
2345 683 2532 723 rerum
2589 684 2809 725 suarum
2860 668 2999 726 Cura
3047 680 3372 744 tanguntur,

1802 775 1922 815 cum
1980 761 2171 815 arcani
2211 762 2424 832 aliquid
2464 764 2818 833 protulerint,
2861 781 2987 821 eum
3031 767 3127 837 qui
3162 768 3377 823 audivit

1802 851 2100 908 obsecrant
2143 851 2540 924 adjurantque,
2611 871 2681 911 ne
2748 857 2836 911 cui
2899 858 3060 913 alteri
3114 858 3375 930 deinceps

1804 944 1909 998 hoc
1971 943 2173 999 dicat:
2219 961 2332 1016 quo
2367 948 2663 1017 perspicue
2712 950 2998 1005 declarant
3045 967 3106 1007 se
3159 952 3376 1008 facinus

1805 1035 2238 1104 reprehensione
2260 1037 2488 1108 (lignum
2514 1038 2832 1096 admisisse.
2865 1042 3003 1095 Nam
3031 1042 3078 1098 si
3117 1044 3374 1111 precibus

1805 1120 1875 1176 ab
1916 1136 1983 1175 eo
2026 1123 2279 1180 obtinere
2326 1127 2551 1193 niteris,
2588 1144 2658 1183 ne
2710 1129 2806 1183 alii
2854 1131 3118 1200 cuiquam
3164 1142 3373 1194 narret,

1808 1212 1979 1267 multo
2009 1215 2185 1286 magis
2224 1217 2328 1272 tibi
2382 1227 2509 1275 ante
2554 1221 2958 1290 providendum
2989 1234 3109 1277 erat
3144 1240 3213 1279 ne
3248 1224 3378 1279 huic

1805 1305 1907 1375 ipsi
1945 1322 2009 1361 ea
2034 1306 2288 1373 diceres,
2326 1326 2391 1365 ac
2420 1314 2736 1384 quempiam
2772 1314 3147 1382 dilacerares,
3184 1318 3379 1389 prode-

1806 1413 2007 1468 resque
2040 1417 2352 1459 sermonem
2385 1421 2551 1475 quem
2587 1417 2799 1461 sartum
2831 1416 3036 1463 tectum
3087 1411 3379 1480 oportebat

1804 1494 2013 1555 tenere,
2048 1506 2114 1546 ac
2155 1500 2271 1547 tum
2312 1494 2552 1565 denique
2604 1497 2841 1552 salutem
2890 1499 3070 1569 ipsius
3123 1515 3376 1558 curares.

1805 1577 1876 1633 At
1903 1595 2075 1635 suave
2122 1591 2207 1638 est
2262 1585 2623 1643 obtrectare:
2682 1588 2792 1643 imo
2847 1605 2981 1645 vero
3016 1607 3184 1646 suave
3233 1606 3317 1648 est
3346 1609 3378 1648 a

1806 1671 2195 1729 maledicentia
2260 1686 2590 1749 temperare.
2654 1678 2789 1736 Nam
2850 1683 2946 1753 qui
3010 1684 3081 1739 de
3140 1686 3381 1755 alicujus

1808 1761 1953 1817 fama
1987 1765 2247 1832 detraxit,
2282 1770 2331 1826 is
2369 1771 2631 1844 deinceps
2676 1774 2730 1828 in
2765 1784 2935 1842 metu,
2975 1787 3031 1832 et
3069 1778 3372 1840 anxietate,

136 1886 193 1928 et
238 1842 552 1944 suspicione
601 1876 900 1927 versatur:
934 1866 1113 1938 ipsum
1161 1863 1418 1935 ptenitet,
1498 1842 1861 1929 linguamque
1919 1872 2077 1913 suam
2132 1865 2490 1930 commordet,
2562 1865 2928 1923 reformidans
2971 1876 3027 1925 et
3078 1884 3375 1940 pavescens

137 1983 208 2023 ne
244 1966 311 2021 ad
349 1966 486 2019 alios
523 1977 741 2035 quoque
771 1960 819 2016 is
847 1972 1029 2015 sermo
1060 1962 1303 2019 emanet,
1332 1963 1705 2023 magnumque
1733 1947 1838 2002 sibi
1875 1949 2179 2018 periculum
2217 1960 2421 2009 struat.

211 2061 422 2130 Ὠσπερ
474 2058 534 2112 τὸ
581 2055 759 2119 καλῶς
792 2053 971 2124 λέγειν
1021 2051 1114 2105 καὶ
1145 2045 1512 2120 ἐγκωμιάζειν
1570 2043 1711 2114 ἀρχὴ

1888 2041 2170 2113 Ejusdem.
2205 2079 2274 2092 --
2296 2047 2770 2116 Quemadmodum
2807 2053 3139 2111 benedicere
3182 2066 3238 2112 et
3267 2056 3386 2111 lau-

142 2152 325 2224 φιλίας
354 2153 519 2214 ἐστὶν,
559 2148 701 2202 οὕτω
717 2147 811 2200 καὶ
831 2144 892 2199 τὺ
917 2145 1100 2208 κακῶς
1121 2144 1325 2212 λέγειν,
1367 2141 1461 2195 καὶ
1493 2136 1713 2193 διαϐάλ-

145 2248 259 2300 λειν
306 2243 529 2316 ἔχθρας,
579 2241 676 2296 καὶ
750 2238 1082 2311 ἀπεχθείας,
1125 2236 1221 2291 καὶ
1270 2234 1481 2308 μυρίων
1526 2229 1714 2285 κακῶν

144 2338 286 2409 ἀρχὴ
315 2338 408 2389 καὶ
437 2333 689 2396 ὑπόθεσις
713 2334 957 2401 γέγονεν.

214 2428 482 2491 Διάϐολοι,
518 2428 611 2480 καὶ
655 2426 805 2489 θείας
858 2423 1208 2493 ἀπόπεμπτω
1253 2418 1500 2491 χάριτος,
1529 2415 1578 2469 οἱ
1615 2414 1715 2485 τὴν

145 2523 315 2593 αὐτὴν
366 2520 557 2590 ἐκείνῳ
600 2516 914 2585 διαϐολικὴν
973 2513 1255 2574 νοσοῦντες
1317 2507 1712 2578 κακοτεχνίαν,

146 2614 455 2680 θεοστυγεῖς
482 2627 542 2662 τε
570 2609 663 2663 καὶ
682 2607 954 2677 θεομισείς
982 2604 1187 2674 πάντη,
1219 2600 1316 2656 καὶ
1340 2599 1519 2671 πάσης
1541 2596 1716 2650 εὐδαι-

149 2704 332 2775 μονίας
359 2700 645 2768 ἀλλότριοι.
1430 2723 1433 2725 -

144 2774 191 2863 ξ
210 2794 276 2848 Τί
299 2793 365 2847 ἂν
393 2792 607 2862 γένοιτο
637 2788 887 2859 διαϐολῆς
915 2789 1125 2859 χεῖρον;
1163 2783 1315 2856 κηλεῖ
1353 2782 1462 2852 γὰρ
1485 2780 1555 2834 τά
1577 2774 1711 2844 ὦτα,

147 2891 241 2944 καὶ
272 2886 563 2957 ἐκπλήττει
582 2885 681 2956 τὴν
708 2884 945 2937 διάνοιαν
969 2880 1077 2935 τῶν
1108 2877 1418 2950 ἀκροατῶν,
1468 2875 1717 2945 ὲκθηριοῖ

145 2983 201 3036 δὲ
231 2980 429 3042 αὐτοὺς
454 2971 564 3031 οἷόν
595 2995 648 3030 τι
678 2976 903 3047 θήραμα
929 2977 1041 3037 τοῖς
1063 2974 1252 3035 κακοῖς
1282 2971 1368 3025 ἀεὶ
1397 2967 1715 3040 ἐφεδρεύον-

146 3091 264 3138 τας.
291 3074 354 3125 Οἱ
372 3071 431 3124 δὲ
455 3070 533 3141 τῷ
573 3070 810 3138 σώφρονι
847 3062 1092 3135 λογισμῷ
1129 3061 1275 3133 μάλα
1328 3056 1715 3131 ὲρματισμὲνοι

147 3165 240 3219 καὶ
285 3158 774 3233 ἀναχαιτιζόμενοι,
821 3156 899 3229 τῷ
939 3155 1273 3210 διαϐάλλοντι
1333 3148 1717 3221 ἀπεχθαίνουσι

151 3257 404 3328 μάλιστα,
454 3253 486 3322 ἢ
536 3250 613 3322 τῷ
646 3249 1077 3321 διαϐεϐλημένῳ,
1150 3243 1573 3315 ἐπιτιμήσαντες
1620 3238 1716 3292 καὶ

146 3350 595 3417 ἐπιστομίσαντες
622 3346 740 3405 ταῖς
769 3340 906 3411 πρὸς
944 3337 1158 3437 μέ-μψιν.
1183 3336 1400 3407 ὁρμαῖς,
1441 3334 1600 3403 ἄχρις
1646 3331 1713 3386 ἂν
1738 3378 1781 3437 C

147 3442 383 3513 ἐναργὴς
427 3436 710 3515 μαρτυρίῳ
737 3437 771 3507 ή
804 3429 1072 3495 ἀπόδειξις
1096 3427 1339 3499 γένηται.

148 3629 332 3718 ΤΙΤΔ.
362 3664 462 3717 ΙΓ¹.
489 3691 559 3703 —-
588 3659 728 3727 Περὶ
765 3658 1096 3726 διηγήσεως
1126 3654 1246 3711 ὑπὸ
1282 3651 1565 3727 συνετῶν
1600 3654 1719 3727 -ἀν-

218 3735 463 3801 θρώπων
504 3723 880 3803 ,γινομένης-’⁷
916 3723 1153 3803 ὀιαὶᾼὸτι
1193 3725 1308 3803 χρὴ
1347 3723 1717 3803 σπουδαίους

216 3794 371 3860 εἶναι
401 3794 559 3871 ἡμεῖς
581 3794 713 3875 step!
752 3794 858 3875 τᾲς
884 3797 1158 3875 τοιαύτας
1187 3794 1524 3867 ἀκροάσεις,
1574 3794 1721 3849 ἀπο-

218 3867 565 3944 διδράσκειν
586 3867 662 3924 δέ
680 3869 951 3936 ἀνοήτων
971 3867 1226 3935 ἀνδρῶν.

229 4008 248 4041 ι
285 3986 624 4059 Διηγήσαντό
661 4002 751 4055 μοι
780 3983 1086 4053 παράνομοι
1117 3979 1450 4051 ἀδολεσχίας,
1471 3976 1588 4032 ἀλλ’
1621 3975 1721 4046 οὐχ

147 4082 223 4146 ὡς
249 4080 279 4134 ό
308 4080 468 4151 νόμος
500 4095 618 4144 σου,
654 4079 847 4148 Κύριε.
880 4094 899 4126 ι

226 4193 246 4226 ι
281 4174 475 4241 Λόγοις
506 4169 684 4241 σοφῶν
708 4167 991 4240 παράϐαλέ
1016 4183 1108 4221 σου
1144 4166 1237 4220 τὸν
1262 4164 1405 4221 νοῦν.
1429 4183 1449 4217 ι
1474 4193 1544 4203 -
1573 4179 1591 4214 ι
1616 4162 1724 4217 Λα-

150 4268 319 4330 λεῖτε,
343 4266 638 4335 ἄνθρωποι,
664 4264 893 4326 δικαίοις
911 4276 926 4291 ο
957 4279 977 4312 ι

230 4465 250 4499 ι
270 4445 369 4518 Μὴ
394 4444 613 4515 αστόχει
641 4441 975 4514 διηγήματος
1006 4443 1274 4514 γερόντων
1295 4457 1311 4473 ο
1365 4442 1460 4495 καὶ
1492 4439 1598 4511 γὰρ
1622 4438 1723 4493 αὑ-

150 4538 234 4593 τοὶ
254 4540 458 4611 ἔμαθον
488 4538 644 4608 παρά
678 4538 787 4591 τῶν
822 4536 1069 4605 πατέρων
1093 4533 1295 4588 αὐτῶν.
1330 4551 1350 4584 ι

229 4650 248 4683 ι
272 4632 535 4703 Διήγησις
561 4627 745 4702 μωροῦ
772 4627 1166 4698 προσόχθισμα.
1196 4643 1214 4676 ι

230 4828 251 4862 ι
280 4808 374 4880 Μή
397 4784 625 4880 παρίδῃς
662 4806 907 4878 διήγημα
938 4803 1138 4874 σοφῶν,
1170 4804 1265 4857 καὶ
1296 4806 1353 4857 ἐν
1373 4805 1492 4866 ταῖς
1526 4818 1722 4873 παροι-

153 4903 312 4974 μίαις
333 4900 511 4956 αὐτῶν
535 4898 897 4968 ἁναστρέφου.
924 4915 947 4949 ι

234 5011 254 5045 ι
280 4993 542 5064 Διήγήσις
577 5008 783 5079 μωροῦ)
819 4988 894 5055 ὡς
920 4992 978 5043 ὲν
1004 4988 1108 5059 ὀδῷ
1133 4988 1349 5060 φορτίον
1369 5003 1381 5015 ⁸
1413 4986 1507 5039 ἐπὶ
1529 4984 1585 5039 δὲ
1608 4983 1725 5056 χεί-

160 5105 273 5151 λεσι
301 5086 522 5142 συνετοῦ
542 5084 894 5156 εὑρεθήσεται
912 5084 1105 5167 χάρις.
1139 5099 1158 5132 ι

227 5270 400 5341 Κήρῳ
424 5271 497 5326 τὰ
518 5266 637 5325 ὦτα
662 5266 899 5341 φροὶσοςε
927 5278 1077 5341 προς
1099 5262 1372 5341 φαύλους
1393 5258 1641 5327 λόγους,

242 5332 428 5411 ᾮῖἳῶν
460 5358 534 5411 ts_
554 5332 820 5411 τερπνῶν
838 5333 1068 5411 ἐκμελῆ,
1088 5332 1449 5411 ξυγισματᾳ.

232 5399 364 5477 Τοῖς
386 5411 437 5464 δ’
459 5408 537 5467 αὖ
571 5399 780 5474 καλοῖς
802 5422 863 5458 τε
881 5399 1164 5477 κάγαθοῖς
1181 5399 1283 5454 καί
1314 5400 1403 5477 det
1432 5399 1625 5477 δίδου.

223 5468 449 5549 Εὶπέῖν,
475 5468 885 5542 ἀκοῦσαιξκαὶ
919 5468 1153 5543 δράσαι,
1176 5472 1390 5541 μικρὸν
1410 5468 1623 5539 μέσον.

270 5574 452 5627 ΤΙΤΛ.
482 5575 583 5627 Μ’.
605 5602 672 5612 --
689 5569 823 5637 Περὶ
852 5567 1240 5631 δικαιοσύνης
1264 5563 1362 5618 καὶ
1385 5559 1618 5632 ἀρετῆς.

236 5688 256 5721 ι
293 5666 618 5736 Δικαιοσύνη
653 5665 840 5735 ῥύεται
874 5666 939 5715 ὲκ
968 5660 1215 5715 θανάτου.
1248 5676 1266 5709 ι

236 5777 267 5819 ι,
298 5748 386 5809 Ἐν
406 5756 543 5821 ὁδοῖς
571 5755 911 5821 δικαιοσύνης
944 5749 1078 5823 ζωή.
1110 5768 1129 5802 ι

233 5869 254 5903 ι
275 5850 605 5918 Δικαιοσύνη
633 5848 757 5920 ὑψοῖ
784 5846 955 5909 ἔθνος.
993 5864 1026 5898 ι.
1138 5834 1141 5839 ’

1814 2137 1944 2193 dare
1970 2140 2225 2198 amicitia:
2278 2143 2495 2199 initium
2531 2155 2637 2210 est,
2695 2145 2773 2201 ita
2811 2164 3031 2219 quoque
3056 2151 3386 2206 maledicere

1814 2235 1869 2280 et
1890 2228 2221 2296 obtrectare,
2262 2232 2372 2288 odii
2405 2242 2460 2289 et
2511 2235 2837 2304 simultatis,
2886 2253 3385 2313 sexcentorumque

1814 2320 2088 2376 malorum
2122 2325 2282 2394 origo
2313 2333 2368 2380 et
2404 2340 2574 2381 causa
2609 2331 2848 2385 exstitit.

1888 2410 2154 2469 Philonis.
2185 2441 2259 2458 -—
2280 2415 2500 2472 Diaboli
2532 2429 2681 2485 sunt,
2713 2429 2880 2492 atque
2915 2438 2946 2477 a
2988 2423 3175 2479 divina
3209 2428 3385 2495 gratia

1813 2505 2033 2567 remoti,
2080 2505 2175 2577 qui
2208 2509 2399 2564 eadem
2447 2525 2510 2565 ac
2557 2511 2649 2566 ille
2693 2497 2967 2569 diabolica
3017 2519 3387 2585 perversitate

1815 2594 2093 2661 laborant,
2129 2597 2235 2654 Deo
2261 2616 2484 2672 quoque
2516 2603 2705 2670 invisi,
2739 2619 2805 2659 ac
2844 2604 2941 2662 Dei
2981 2604 3195 2672 osores,
3232 2618 3289 2664 et
3314 2612 3386 2665 ab

1814 2690 1963 2744 omni
1994 2689 2260 2748 felicitate
2288 2694 2567 2750 exsistunt
2602 2697 2792 2752 alieni.

1886 2777 2160 2850 Ejusdem.
2192 2782 2429 2850 —-Quid
2481 2785 2762 2841 calumnia
2814 2787 2944 2858 fingi
2984 2798 3150 2859 queat
3186 2790 3389 2860 pejus?

1815 2870 2011 2927 delinit
2036 2874 2182 2928 enim
2232 2890 2396 2930 aures
2443 2877 2782 2943 auditorum,
2831 2896 3137 2951 eorumque
3166 2883 3386 2939 animos

1815 2965 2059 3032 percellit
2088 2974 2335 3035 stupore,
2371 2975 2425 3022 et
2456 2982 2552 3023 eos
2578 2970 2671 3039 qui
2702 2970 2860 3027 malis
2899 2985 3003 3026 ceu
3036 2973 3234 3042 praedae
3262 2975 3389 3028 cui-

1814 3055 1961 3126 piam
2015 3057 2328 3124 imminent,
2392 3058 2604 3115 ferinos
2653 3062 2855 3117 reddit.
2904 3062 3010 3129 Qui
3073 3079 3203 3120 vero
3250 3081 3384 3120 sana

1815 3154 1998 3202 mente
2031 3157 2163 3203 sunt
2195 3150 2511 3217 obfirmati,
2556 3154 2864 3210 detrahenti
2892 3158 3096 3227 potius,
3133 3173 3295 3229 quam
3337 3160 3388 3215 ei

1817 3238 1887 3295 de
1915 3240 2079 3311 cujus
2111 3242 2255 3297 fama
2290 3244 2622 3312 detrahitur,
2668 3246 2903 3304 infestos
2930 3263 2990 3303 se
3019 3250 3299 3319 praebent;
3332 3252 3380 3306 ei

1819 3332 2080 3388 nimirum
2120 3351 2541 3406 succensentes,
2584 3341 2845 3413 factoque
2888 3344 2955 3399 ad
2981 3345 3386 3416 objurgandum

1817 3423 2027 3494 impetu
2062 3440 2125 3481 os
2160 3430 2538 3497 obstruentes,
2570 3434 2756 3504 quoad
2788 3434 3030 3491 evidenti
3063 3437 3382 3494 testimonio

1817 3515 1978 3571 fidem
2009 3517 2175 3574 dictis
2202 3522 2535 3577 astruxerit.

1817 3649 1954 3733 Tl'_l‘.
2010 3653 2152 3716 XIII.
2189 3684 2263 3733 νὴ
2304 3657 2382 3712 De
2426 3663 2740 3717 narratione
2795 3682 2827 3718 a
2873 3665 2999 3717 viris
3038 3668 3387 3733 prudentibus

1888 3724 2077 3790 facta:
2123 3727 2364 3798 quodque
2405 3748 2589 3784 earum
2639 3724 3072 3804 excipiendorum
3117 3724 3386 3797 studiosos

1888 3810 2001 3847 esse
2033 3807 2293 3865 oporteat,
2339 3812 2524 3855 contra
2574 3818 2693 3856 vero
2732 3820 2765 3858 α
2806 3806 3210 3864 narrationibus
3246 3813 3388 3866 stul-

1893 3874 2066 3918 torum
2102 3868 2375 3939 aufugere.

1892 3977 2046 4035 Psal.
2092 3993 2279 4047 cxvm,
2327 3984 2418 4040 85.
2464 4013 2525 4025 ο·-
2575 4004 2594 4037 σ
2627 3985 3005 4044 Narraverunt
3044 3991 3180 4047 mibi
3221 3991 3392 4064 iniqui

1823 4068 2213 4137 fabulationes,
2249 4074 2347 4129 sed
2375 4090 2489 4131 non
2520 4087 2579 4131 ut
2610 4079 2697 4133 lex
2727 4086 2843 4147 tua,
2871 4080 3125 4139 Domine.
3167 4102 3188 4137 ι

1894 4159 2055 4218 Prov.
2086 4178 2141 4227 ν,
2190 4165 2241 4219 1.
2276 4193 2347 4207 -
2377 4186 2397 4219 ι
2454 4168 2817 4227 Sermouibus
2844 4175 3158 4245 sapientum
3210 4176 3393 4247 adjice

1824 4270 2049 4311 sensum
2103 4264 2281 4312 tuum.
2319 4275 2339 4312 ι
2369 4290 2437 4300 -
2464 4259 2626 4333 437
2658 4280 2678 4314 ι
2705 4262 2969 4322 Homines
2992 4267 3161 4339 justis
3202 4269 3396 4340 loqui-J

1823 4364 1977 4405 ῐιιιηι.
2011 4366 2029 4401 ι

1896 4443 2064 4500 Eccli.
2113 4462 2234 4512 vm,
2292 4447 2383 4503 il.
2413 4477 2483 4488 —
2511 4464 2532 4499 ι
2557 4444 2681 4501 Non
2722 4454 2772 4502 te
2798 4456 3088 4519 praetereat
3135 4452 3384 4507 narratio

1826 4537 2109 4592 seniorum
2137 4557 2151 4593 :
2187 4539 2294 4609 ipsi
2320 4539 2469 4595 enim
2500 4539 2817 4595 didicerunt
2850 4555 2880 4594 a
2914 4540 3166 4610 patribus
3195 4543 3335 4599 suis.
3365 4562 3386 4596 ι

1900 4628 2065 4685 Ecctt.
2106 4645 2278 4698 xxvii,
2306 4630 2397 4686 24.
2426 4661 2497 4671 -
2524 4649 2544 4684 ι
2576 4631 2833 4688 Narratio
2872 4633 3035 4688 stulti
3070 4633 3403 4701 oﬁ‘endicua

1747 4711 1804 4773 D
1828 4724 1940 4778 lum
1976 4729 2081 4777 est.
2113 4740 2133 4776 ι

1900 4810 2075 4866 Eccli.
2134 4826 2251 4878 vin,
2293 4810 2350 4867 9.
2386 4841 2457 4851 —
2490 4828 2510 4862 ι
2563 4809 2642 4867 Ne
2687 4811 2964 4885 despicias
3012 4816 3389 4872 narrationem

1830 4905 2167 4975 sapientum,
2196 4912 2252 4959 et
2285 4904 2342 4958 in
2382 4904 2691 4974 proverbiis
2742 4921 2935 4962 eorum
2980 4922 3329 4965 conversare.
3366 4926 3390 4961 ι

1912 4996 2078 5052 Eccti.
2102 5011 2220 5061 xxi,
2252 4995 2342 5051 15.
2366 5024 2437 5037 -
2465 5014 2484 5048 ι
2524 4996 2781 5052 Narratio
2816 4998 2950 5054 fatui
2980 4999 3139 5068 quasi
3170 4999 3390 5054 sarcina

1832 5091 1887 5146 in
1920 5092 2031 5146 via.
2071 5090 2208 5146 Nam
2246 5089 2302 5141 in
2335 5089 2499 5145 labiis
2551 5090 2758 5145 sensati
2786 5088 3099 5144 invenietur
3128 5089 3323 5161 gratia.
3361 5106 3383 5141 ι

2209 5182 2269 5239 S.
2303 5181 2460 5261 (ἔνθα.
2489 5181 2638 5261 Nos.
2678 5191 2883 5261 tetrast.
2910 5181 3000 5237 17.

1973 5252 2203 5310 Occlude
2243 5271 2364 5308 cera
2395 5251 2635 5322 turpibus
2657 5252 2822 5307 verbis
2854 5262 2977 5306 tuas

1976 5329 2162 5388 Aures,
2204 5325 2450 5394 sonisque
2478 5331 2726 5377 cantuum
2760 5322 3113 5394 suavissimis.

1977 5394 2201 5449 Puteant
2228 5392 2459 5450 honestis
2490 5408 2692 5461 semper
2720 5403 2778 5447 at
2813 5392 3163 5447 sermonibus.

1973 5466 2195 5532 Audire,
2223 5465 2353 5534 fari,
2386 5465 2556 5534 facere
2584 5479 2690 5517 non
2731 5463 2934 5517 distant
2965 5462 3170 5520 procul.

2081 5554 2218 5612 TIT.
2252 5552 2395 5609 XIV.
2421 5583 2495 5597 -—
2519 5553 2594 5607 De
2610 5553 2825 5623 iustitia
2848 5563 2897 5608 et
2926 5554 3140 5609 virtute.

1908 5648 2065 5703 Prov.
2088 5664 2166 5714 ιι,
2206 5646 2261 5701 4.
2290 5675 2359 5684 -
2395 5662 2414 5696 ι
2447 5642 2668 5698 Iustitia
2703 5643 2955 5702 liberata
2991 5650 3187 5698 morte.
3226 5660 3244 5693 ι

1908 5740 2065 5795 Prov.
2096 5755 2195 5806 χιι,
2227 5739 2318 5794 28.
2353 5764 2423 5778 -—-
2457 5751 2477 5785 ι
2506 5734 2568 5788 1n
2601 5735 2815 5791 semitis
2848 5735 3076 5807 iustitiae
3113 5733 3248 5789 vita.
3289 5750 3309 5786 ι

1842 5840 1843 5843 ‘
1921 5832 2082 5888 Prov.
2108 5846 2219 5898 xxv,
2253 5830 2347 5886 54.
2370 5860 2438 5872 -
2469 5849 2489 5882 ι
2523 5824 2745 5885 Justitia
2777 5826 2950 5885 elevat
2978 5829 3219 5894 gentem.
3259 5839 3281 5874 ι
