4024 6408
717 341 850 408 1379
1892 341 1952 401 S.
1993 340 2307 400 JOANNIS
2337 342 2768 403 DAMASCENI
3775 357 3866 423 11M

788 461 945 516 Prov.
977 473 1052 524 ιι,
1090 454 1178 509 l8.
1207 484 1276 498 --
1308 472 1329 507 ι
1357 451 1667 509 Seminanti
1706 451 2006 521 justitiam,
2058 467 2272 506 merces

711 553 910 611 fidelis.
952 570 969 603 ι

2303 463 2349 515 Α
2452 472 2469 504 ι
2510 453 2568 506 '0
2585 455 2822 525 σπείρων
2842 454 3186 527 δικαιοσύνην
3212 457 3438 530 λήψεται
3460 461 3640 530 μισθὸν
3663 473 3826 524 πιστόν.
3851 498 3861 524 ι

732 570 910 610 idells.
952 570 969 603 ι

783 648 940 701 Prov.
984 659 1105 698 xm.
1154 640 1208 694 6.
1271 671 1344 683 —
1401 659 1418 690 ι
1460 637 1682 694 Iustitia
1724 634 1971 690 custodit
2009 635 2278 690 innocen-

1879 634 1971 690 idit
2009 635 2278 690 innocelt-
2459 651 2476 684 ι
2516 634 2837 705 Δικαιοσύνη
2869 635 3126 705 φυλάττει
3163 637 3423 702 ἀκάκους.
3450 658 3468 690 ο

707 751 813 794 tes.
849 757 866 790 ι

777 836 938 890 Prov.
994 849 1085 896 xv,
1130 831 1184 894 9,
1245 831 1299 885 5.
1344 856 1416 867 —
1463 845 1481 878 ι
1539 824 1943 892 Persequentes
2000 818 2274 889 justitiam

2457 831 2474 864 ι
2514 814 2815 877 Διώκοντας
2839 815 3184 887 δικαιοσύνην
3211 818 3403 888 ἀγαπᾷ
3420 819 3448 871 ὁ
3475 819 3622 883 Θεός.
3662 823 3735 875 Ἕν
3759 827 3866 880 πλεο.

707 940 858 985 amat
890 930 1056 984 Deus.
1093 926 1149 980 In
1178 921 1477 979 abundanti
1508 918 1756 989 justitia,
1790 916 1970 970 virtus
1996 927 2215 983 magna.
2251 931 2271 965 ι

1793 916 1970 970 virtus
1996 927 2215 983 magna.
2251 931 2271 965 ι
2378 906 2615 980 ναζούσῃ
2633 907 2946 982 δικαιοσύνῃ
2971 911 3120 981 ἰσχὺς
3145 911 3332 982 πολλή.
3364 930 3382 962 ι

778 1023 935 1076 Prov.
969 1035 1088 1083 xxi,
1118 1017 1210 1072 21.
1235 1045 1302 1056 ——
1338 1034 1354 1063 ι
1391 1013 1492 1066 Via
1517 1009 1748 1081 justitiae
1788 1015 1844 1062 et
1880 1003 2279 1061 misericordiae

2275 1025 2279 1055 :
2455 1021 2473 1052 ‹
2514 1000 2660 1064 Ὁδὸς
2685 1001 3028 1073 δικαιοσύνης
3061 1005 3155 1059 καὶ
3180 1003 3547 1078 ὲλεημοσύνης
3566 1009 3756 1081 εὑρήσει
3771 1012 3864 1082 ζωὴν

707 1115 951 1169 inveniet
984 1113 1149 1165 vitam
1184 1115 1239 1163 et
1273 1105 1533 1178 gloriam.
1578 1122 1596 1154 ι

2379 1094 2740 1161 καὶδόξαν.»
2983 1067 3016 1073 ”
3294 1067 3327 1077 ”
3506 1067 3544 1078 ’⁷
3628 1067 3686 1081 ”
3775 1067 3845 1082 ’³

785 1206 938 1259 Prov.
968 1220 1043 1267 ιι,
1078 1200 1166 1256 50.
1199 1219 1313 1250 -ι
1366 1197 1443 1251 Ex
1493 1195 1678 1250 fructu
1732 1189 1968 1262 justitiae
2025 1186 2279 1244 nascitur

2272 1201 2279 1216 '
2453 1206 2472 1240 ι
2514 1188 2608 1242 Ἐκ
2627 1190 2842 1260 καρποῦ
2866 1190 3217 1264 δικαιοσύνης
3243 1191 3437 1262 φύεται
3474 1193 3676 1266 δένδρον
3700 1197 3825 1267 ζωῆς.
3849 1221 3861 1252 ι

785 1245 802 1259 ·
832 1245 938 1259 πνυ·
969 1245 1043 1267 δυ’
1079 1245 1166 1256 νν·
1299 1245 1313 1250 -
1366 1245 1443 1251 --
1494 1245 1676 1250 ----ίν
1732 1245 1752 1262 σ
1804 1245 1820 1247 ~
2705 1245 2718 1260 ,
3096 1245 3102 1246 κ
3171 1245 3214 1264 ν
3255 1245 3433 1262 νηί---
3482 1245 3668 1266 --.τη
3702 1245 3789 1268 .-Ἰ

706 1300 909 1370 lignum
949 1296 1092 1349 vitae.
1124 1313 1142 1346 ι

781 1411 798 1441 ι
836 1390 1171 1444 Potestatem
1212 1384 1307 1438 dat
1334 1380 1691 1437 sermonibus
1717 1377 1939 1431 initium
1962 1370 2218 1443 iustitiae.
2252 1388 2270 1420 ο

2202 1409 2218 1424 ,
2252 1388 2270 1420 ο
2453 1381 2471 1414 ι
2513 1361 2790 1428 Ἐξουσίαν
2828 1362 3011 1416 δίδωσι
3048 1363 3224 1433 λόγοις
3254 1364 3394 1435 ἀρχὴ
3411 1365 3748 1437 δικαιοσύνης.
3779 1387 3791 1420 ι

775 1483 934 1536 Prov.
966 1496 1042 1546 xu,
1075 1477 1130 1532 4.
1164 1506 1234 1518 -—
1261 1493 1279 1526 ι
1311 1473 1536 1527 Justitia
1584 1463 2107 1538 irreprehensibiles
2153 1462 2275 1515 vias

2082 1477 2107 1518 ε
2153 1462 2275 1515 vias
2451 1472 2469 1505 ι
2500 1455 2824 1524 Δικαιοσύνη
2844 1452 3107 1526 ἀμώμους
3137 1456 3424 1529 δρθοτομεῐ
3447 1458 3615 1522 ὁδούς.
3655 1480 3671 1513 ι

701 1576 894 1630 struit.
937 1593 955 1625 ι

776 1669 934 1720 Prov.
993 1680 1103 1727 ενι,
1157 1661 1210 1715 5.
1241 1689 1312 1701 —
1358 1678 1376 1710 ι
1431 1655 1657 1710 Initium
1703 1651 1831 1705 vitae
1872 1649 2030 1704 bona:
2094 1645 2277 1700 facere

1997 1662 2030 1702 Β
2094 1645 2277 1700 facere
2452 1652 2470 1684 ι
2517 1631 2681 1705 Ἀρχὴ
2705 1632 2826 1686 ὁδοῦ
2853 1633 3086 1705 ἀγαθῆς,
3116 1636 3290 1689 ποιεῖν
3317 1635 3526 1690 δίκαια.
3569 1654 3586 1688 ι

696 1765 868 1834 justa.
911 1778 931 1809 ιι

773 1855 936 1908 Prov.
968 1866 1081 1911 xvi,
1114 1847 1318 1901 l7.—t
1342 1838 1652 1912 Longitudo
1676 1835 1830 1894 vitae.
1857 1832 1944 1885 via
1974 1828 2225 1900 iustitiae.
2247 1846 2264 1878 ι
2302 1813 2343 1868 Β

1857 1832 1944 1885 via
1974 1828 2225 1900 iustitiae.
2247 1846 2264 1878 ι
2302 1813 2343 1868 Β
2444 1839 2462 1871 ι
2508 1821 2697 1891 “ﬁxo;
2721 1821 2835 1890 βίου
2874 1821 2990 1886 ὁδὸς
3017 1821 3388 1895 δικαιοσύνης.
3423 1843 3442 1876 ι

776 1944 935 1998 Prov.
999 1939 1290 2003 xxt,'5.—-
1331 1953 1348 1986 t
1394 1931 1602 1986 Facere
1645 1928 1818 1996 justa,
1871 1934 1926 1978 et
1978 1921 2268 1976 veritatem

2449 1935 2467 1968 ι
2501 1917 2678 1968 Ποιείν
2706 1915 2912 1980 δίκαια,
2933 1916 3036 2003 καὶ
3075 1915 3381 1986 ἀληθεύειν,
3415 1916 3620 1987 ἀρεστὰ
3647 1919 3769 1990 παρὰ
3787 1919 3865 1989 Θεῴ

705 2036 911 2096 dicere,
947 2031 1121 2101 magis
1172 2027 1352 2097 placet
1387 2020 1662 2085 Domino,
1720 2029 1886 2087 quam
1937 2011 2163 2082 sanguis
2189 2011 2272 2063 vi-

1519 2020 1662 2085 iino,
1720 2029 1886 2087 quam
1937 2011 2163 2082 sanguis
2189 2011 2272 2063 vi-
2374 2004 2632 2075 μᾶλλονῆ
2669 2003 2866 2060 θυσιῶν
2895 1999 3054 2076 αἷμα.
3088 2021 3108 2056 ι

706 2130 909 2184 etimie.
954 2145 971 2175 ι

776 2223 892 2275 lsa.
931 2233 1103 2279 χχχιι,
1163 2216 1245 2268 l7.
1286 2227 1398 2260 -ι
1437 2206 1615 2261 Erunt
1663 2217 1834 2274 Opera
1881 2197 2108 2269 iustitiae
2142 2210 2269 2265 pax,

2383 2272 2396 2279 -
2440 2200 2469 2279 f
2498 2182 2686 2279 Ἔσται
2702 2181 2924 2279 τάέργα
2952 2181 3300 2254 δικαιοσύνης
3321 2184 3538 2255 εἰρήνη,
3561 2184 3647 2238 καὶ
3672 2186 3865 2255 κρατήσει

701 2321 758 2367 et
786 2309 1060 2365 obtinebit
1095 2302 1313 2375 justitia
1342 2298 1614 2368 requiem.
1649 2312 1666 2345 ι
1707 2271 1722 2274 —

1561 2311 1614 2348 η,
1649 2312 1666 2345 ι
1707 2271 1722 2274 ⁷
2374 2272 2408 2342 ἡ
2436 2271 2748 2340 δικαιοσύνη
2769 2272 3095 2326 ἀνάπαυσιν.
3132 2291 3150 2323 ι

777 2402 892 2456 Isa.
915 2417 1059 2461 mi,
1082 2362 1139 2461 ti,
1161 2396 1316 2449 2—.
1340 2362 1619 2446 Justitiam
1643 2384 1865 2446 discite,
1892 2380 1988 2451 qui
2013 2377 2274 2433 habitatis

2263 2391 2274 2431 ι
2448 2381 2465 2413 ι
2494 2362 2848 2432 Δικαιοσύνην
2879 2362 3098 2432 μάθετε.
3125 2364 3173 2416 οἱ
3200 2364 3538 2427 ἐνοικοῦντες
3568 2366 3654 2418 ἐπὶ
3690 2367 3766 2434 τῆς
3783 2370 3852 2435 γῆς

705 2497 983 2548 interra:
1029 2483 1269 2540 cessavit
1317 2480 1466 2536 enim
1508 2477 1735 2545 impius.
1789 2471 2014 2542 Aperite
2062 2475 2271 2539 portas,

2373 2455 2645 2509 πέπαυται
2680 2453 2785 2526 γὰρ
2809 2455 2837 2506 ὀ
2865 2455 3085 2525 ἀσεϐής.
3135 2454 3404 2522 Ἀνοιξατε
3435 2457 3626 2521 πύλας,
3652 2459 3866 2511 εἰσελθέτω

706 2582 1055 2654 ingrediatur
1089 2576 1331 2649 populus
1361 2569 1687 2627 custodiens
1716 2564 1992 2636 justitiam
2025 2570 2081 2617 et
2120 2560 2272 2615 veri.

2063 2570 2081 2615 ι
2120 2560 2272 2615 veri.
2372 2549 2498 2613 λαὸς
2528 2548 2809 2618 φυλάττων
2832 2549 3175 2620 δικαιοσύνην
3202 2550 3293 2602 καὶ
3324 2548 3601 2622 ἀλήθειαν.
3639 2571 3652 2600 ι

701 2686 891 2734 tatem.
936 2693 953 2725 ι

775 2768 889 2823 lsa.
919 2780 1027 2829 Lvi,
1061 2763 1114 2817 1.
1141 2789 1209 2800 -——
1235 2776 1256 2811 ι
1305 2756 1430 2810 llaec
1463 2753 1599 2809 dicit
1633 2748 1939 2802 Dominus:
1989 2740 2276 2800 Custodite

2452 2762 2470 2794 ι
2516 2741 2652 2796 Τάδε
2681 2741 2828 2810 λέγει
2853 2740 3057 2812 Κύριος
3080 2757 3095 2771 ·
3122 2739 3469 2794 Φυλάσσεσθε
3497 2741 3693 2811 κρίσιν,
3726 2743 3867 2792 ποιεῖτε

701 2858 996 2927 judicium,
1060 2851 1226 2906 facite
1273 2846 1547 2917 justitiam
1603 2842 1868 2896 divinam.
1927 2835 2126 2890 Beatus
2180 2832 2274 2902 qui

2373 2835 2719 2905 δικαιοσύνην
2778 2832 2947 2888 θείαν.
3006 2834 3288 2904 Μακάριος
3346 2835 3374 2886 ὁ
3427 2833 3599 2886 ποιῶν
3645 2831 3868 2886 ταῦτακαὶ

703 2925 842 3000 facit
873 2945 1010 3007 haec,
1041 2949 1095 2994 et
1130 2939 1222 3009 qui
1255 2935 1457 2990 retinet
1498 2934 1625 2987 ista.
1664 2948 1683 2982 ι

1437 2943 1457 2988 ι
1498 2934 1625 2987 ista.
1664 2948 1683 2982 ι
2375 2926 2730 2996 ἀντεχόμενος
2766 2925 2965 2980 αὐτῶν.
3005 2943 3023 2978 ι

779 3038 908 3106 Sap.
947 3054 985 3096 I,
1023 3033 1110 3086 15.
1136 3061 1204 3072 ——
1237 3048 1254 3081 ι
1290 3026 1518 3082 Iustitia
1550 3021 1883 3077 immortalis
1913 3026 2022 3075 est.
2049 3037 2066 3069 ι

1778 3021 1883 3075 alis
1913 3026 2022 3075 est.
2049 3037 2066 3069 ι
2451 3036 2470 3070 ι
2509 3016 2829 3087 Δικαιοσύνη
2860 3016 3124 3081 ἀθάνατός
3148 3018 3313 3073 ἐστιν.
3347 3039 3366 3070 ι

775 3128 906 3196 Sap.
943 3140 1061 3187 viii,
1116 3123 1169 3174 7.
1201 3149 1273 3159 —
1304 3139 1321 3170 ι
1350 3119 1406 3172 Si
1448 3114 1726 3185 justitiam
1761 3112 1944 3182 diligit
1995 3111 2118 3180 quis
2146 3150 2162 3175 ,
2197 3109 2274 3164 la-
2303 3168 2344 3196 ρ

2303 3168 2344 3196 ρ
2451 3131 2469 3164 ι
2507 3111 2631 3165 Ἐὰν
2650 3110 2994 3180 δικαιοσύνην
3021 3112 3213 3183 ἀγαπᾷ
3227 3131 3330 3178 τις,
3366 3115 3417 3166 οἱ
3446 3113 3596 3166 πόνοι
3616 3111 3751 3166 αὐτοῦ
3777 3113 3868 3163 εἰσιν

775 3168 906 3196 νη..
1127 3168 1168 3174 --
1311 3168 1405 3172 Ὗ-
1866 3168 1896 3182 υ
2013 3168 2029 3180 _
2148 3168 2159 3175 ν

705 3221 866 3275 bores
901 3215 1073 3284 ipsius
1104 3220 1235 3266 sunt
1263 3210 1517 3264 virtutes.
1551 3224 1569 3256 ι

2303 3168 2345 3225 C
2378 3202 2589 3272 ἀρεταί,
2627 3221 2645 3252 ι
3187 3168 3199 3183 ⁸

778 3307 948 3363 Eccli.
991 3319 1163 3368 xxvu,
1207 3302 1261 3356 9.
1297 3330 1362 3341 -—
1391 3318 1408 3351 ι
1464 3297 1522 3353 Si
1559 3297 1816 3366 sequaris
1855 3295 2153 3366 justitiam,
2184 3311 2278 3365 ap-

2453 3315 2471 3347 ι
2523 3295 2647 3348 Ἐάν
2666 3294 2865 3367 διώκῃς
2895 3295 2954 3348 τὸ
2982 3295 3209 3360 δίκαιον,
3243 3295 3573 3366 καταλήψει,
3629 3295 3709 3348 καὶ
3737 3293 3868 3361 ἐνδύσῃ

707 3398 1020 3473 preliendes
1054 3411 1198 3460 eam,
1227 3401 1281 3449 et
1321 3392 1526 3447 indues
1565 3391 1714 3445 illam
1766 3398 1826 3443 ut
1866 3388 2125 3459 poderem
2161 3388 2277 3458 glo-

1506 3406 1526 3446 s
1565 3391 1714 3445 illam
1766 3398 1826 3443 ut
1866 3388 2125 3459 poderem
2161 3388 2277 3458 glo-
2378 3387 2511 3442 αὐτὸ
2531 3387 2604 3451 ὡς
2635 3386 2843 3458 ποδήρη
2863 3386 3038 3458 δόξης.
3078 3405 3095 3439 i

706 3511 821 3549 τιδέ.
863 3513 881 3542 ο

777 3581 973 3637 Matth.
1004 3595 1058 3644 ν,
1092 3578 1146 3634 6.
1181 3607 1248 3617 -—-
1275 3592 1294 3627 t
1334 3573 1487 3630 Beati
1543 3572 1636 3642 qui
1670 3571 1928 3626 esuriuut
1975 3577 2031 3625 et
2082 3569 2280 3626 sitiunt

2278 3609 2280 3618 ,
2456 3580 2475 3611 ι
2492 3561 2769 3634 Μακάριοι
2793 3564 2840 3615 οἱ
2869 3562 3161 3627 πεινῶντες
3179 3563 3276 3618 καὶ
3301 3563 3569 3634 διψῶντες
3583 3563 3867 3628 δικαιοσύνη-λ.

700 3676 996 3746 justitiam,
1030 3671 1292 3744 quoniam
1333 3666 1437 3736 ipsi
1483 3665 1900 3720 saturabuntur.
1939 3681 1958 3714 ι

1609 3665 1900 3718 rabumur,
1939 3681 1958 3714 ι
2377 3653 2459 3705 ὅτι
2488 3653 2640 3708 αὐτοὶ
2669 3654 3148 3727 χορτασθήσονται.
3178 3675 3196 3708 ι

776 3767 804 3822 1
829 3769 993 3821 Joan.
1028 3781 1089 3826 ιι,
1115 3763 1303 3835 29η-
1331 3757 1521 3814 Omnis
1556 3758 1649 3828 qui
1698 3755 1834 3811 facit
1875 3755 2168 3826 justitiam,
2209 3768 2278 3809 ex

2274 3799 2278 3809 .
2459 3766 2476 3797 ¢
2497 3747 2610 3811 Πᾶς
2637 3747 2666 3800 ὁ
2700 3747 2870 3802 ποιῶν
2895 3748 2992 3820 τὴν
3018 3747 3383 3820 δικαιοσύνην,
3409 3751 3481 3804 ὲκ
3501 3751 3591 3804 τοῦ
3610 3748 3725 3802 Θεοῦ
3751 3749 3863 3799 Emi

705 3864 818 3919 Deo
849 3868 956 3916 est.
997 3879 1016 3912 ›

775 3953 950 4010 Βιιεὶι.
1004 3953 1060 4004 in
1113 3949 1284 4024 princ.
1342 3943 1604 4000 Prov.—
1643 3941 1870 4000 Iustitia
1925 3951 2010 3998 est
2054 3939 2277 3995 habitus

2265 3955 2277 3994 i
2445 3942 2765 4014 Δικαιοσύνη
2783 3944 2930 3999 ἐστὶν
2960 3944 3071 4010 ἕξις
3095 3945 3472 4018 ἁπονεμητικὴ
3498 3945 3591 3999 τοῦ
3614 3943 3719 3998 κατ’
3745 3941 3854 4005 ἀξίαν

703 4047 1006 4116 unicuique
1049 4042 1301 4097 tribuens
1355 4037 1506 4108 quod
1546 4037 1772 4106 dignum
1828 4034 2014 4089 fuerit.
2044 4033 2104 4088 ld
2147 4047 2277 4088 vero

2376 4036 2721 4107 Δυσθήρατον
2749 4037 2805 4090 δὲ
2835 4037 3013 4102 τοῦτο,
3043 4037 3151 4093 τῶν
3178 4039 3274 4109 μὲν
3305 4039 3392 4093 διά
3425 4040 3489 4093 τὸ
3527 4040 3646 4110 περὶ
3675 4038 3753 4108 τὴν
3778 4035 3866 4105 φρά-

702 4137 924 4209 assequi
978 4134 1142 4191 facile
1201 4148 1312 4186 non
1361 4136 1492 4186 est:
1539 4128 1689 4198 quod
1737 4127 1995 4182 videlicet
2031 4125 2123 4178 alii
2156 4125 2277 4194 qui-

2375 4144 2531 4198 νησιν
2560 4127 2800 4194 ὲλλειπὲς
2830 4129 2928 4198 οὐχ
2950 4130 3308 4201 εὑρισκόντων
3343 4131 3560 4201 ἑκάστῳ
3583 4131 3804 4197 διανεῖμαι
3829 4124 3866 4174 τὸ

701 4233 826 4289 detn
857 4230 1114 4286 homines
1159 4226 1230 4280 ob
1279 4223 1594 4294 prudentiae
1644 4221 1887 4290 inopiam
1931 4218 2077 4273 haud
2123 4217 2277 4274 inve-

2375 4214 2508 4284 ἴσον,
2533 4220 2642 4272 τῶν
2666 4218 2722 4273 δὲ
2741 4219 2828 4272 διὰ
2855 4221 2917 4273 τὸ
2943 4220 3372 4292 προκατέχεσθαι
3402 4222 3511 4274 ὑπὸ
3539 4221 3707 4273 παθῶν
3726 4217 3867 4284 ἀνθρω-

705 4326 865 4382 niunt
898 4338 1007 4394 quo
1030 4330 1191 4390 pacto
1219 4317 1520 4384 unicuique
1551 4314 1695 4384 quod
1731 4327 1950 4382 aequum
1982 4311 2054 4366 sit
2083 4311 2274 4365 distri-

2375 4313 2568 4375 πίνων,
2596 4312 2963 4384 ἀφανιζόντων
3005 4313 3065 4366 τὸ
3101 4313 3326 4368 δίκαιον.
3357 4345 3428 4354 -—
3467 4314 3534 4367 Ἢ
3575 4312 3723 4383 ἀρετή
3762 4310 3864 4374 λόγον

704 4419 909 4483 buant;
969 4413 1064 4468 alii
1114 4423 1250 4465 vero
1284 4407 1377 4479 jus
1429 4406 1770 4468 oblitterant,
1827 4403 1957 4473 quia
2016 4403 2274 4456 humanis

2273 4441 2274 4446 η
2375 4403 2563 4472 ὑγείας
2595 4404 2796 4475 ἐπέχει.
2831 4434 2899 4446 -
2925 4403 3262 4476 Τιμιώτερον
3293 4406 3465 4478 ἀρετὴ
3517 4407 3549 4476 ἢ
3597 4404 3802 4464 πλοῦτος.
3825 4429 3862 4439 -

704 4507 992 4566 affectibus
1051 4501 1310 4575 occupati
1347 4507 1628 4554 tenentur.
1672 4527 1744 4539 —
1775 4493 1966 4550 Virtus
2013 4495 2269 4550 sanitatis

2301 4509 2346 4564 ι)
2386 4495 2611 4566 Ἀρετῆς
2631 4495 2884 4566 ἄσκησις,
2914 4498 3095 4565 τίμιον
3125 4498 3224 4569 μὲν
3256 4498 3447 4568 κτῆμα
3476 4499 3553 4570 τῷ
3594 4498 3762 4568 ἔχοντι,
3791 4492 3864 4562 i5:-

704 4602 974 4658 rationem
1014 4597 1248 4653 obtinet.
1275 4623 1344 4635 —-
1369 4589 1730 4646 Przestantior
1779 4595 1866 4643 est
1903 4587 2083 4641 virtus
2141 4587 2263 4656 opi-

1830 4595 1866 4642 it
1903 4587 2083 4641 virtus
2141 4587 2263 4656 opi-
2371 4603 2495 4639 στον
2527 4587 2583 4639 δέ
2622 4586 2801 4657 θέαμα
2837 4591 2950 4653 τοῖς
2986 4590 3419 4659 ἐντυγχάνουσιν.

705 4689 1128 4762 ωιτη-438
1174 4683 1412 4740 Virtutis
1461 4683 1652 4737 cultus
1710 4687 1825 4733 tum
1885 4678 2155 4748 praeclara
2211 4677 2440 4734 habenti
2498 4684 2782 4748 possessio
2837 4688 2956 4745 est,
3009 4689 3123 4734 tum
3182 4680 3492 4750 jucundum
3558 4678 3862 4751 spectaculum

704 4785 778 4840 iis
808 4781 906 4854 qtti
941 4797 1066 4836 cum
1097 4793 1165 4834 eo
1193 4780 1506 4833 versantur.
3598 4759 3611 4775 '

775 4892 834 4950 S.
865 4892 1020 4962 Greg.
1056 4889 1177 4943 Naz
1239 4897 1380 4943 orat.
1414 4887 1465 4942 1.
1489 4915 1558 4925 -
1587 4883 1796 4939 Bonum
1856 4882 2110 4938 humanae
2168 4896 2268 4936 na-

2447 4877 2758 4948 Δύσληπτον
2775 4876 2836 4927 τὸ
2863 4875 3067 4944 ἀγαθὸν
3104 4878 3170 4946 τῇ
3197 4875 3516 4946 ἀνθρωπίνη
3553 4875 3717 4944 φύσει,
3735 4873 3863 4936 ὥσπερ

705 4995 842 5041 tune
889 4993 1055 5054 captu
1097 4980 1522 5050 haudquaquam
1564 4976 1726 5031 facile
1759 4982 1865 5039 est,
1898 4972 2266 5045 quemadmo-

1571 4976 1726 5031 l'acile
1759 4982 1865 5039 est,
1898 4972 2266 5045 quemadmo-
2378 4972 2472 5026 καὶ
2507 4970 2618 5041 πῦρ
2647 4969 2747 5040 ὕλῃ
2773 4972 2837 5040 τῇ
2872 4969 3160 5041 ὑγροτέρᾳ.

704 5079 831 5133 dum
865 5077 1007 5147 ignis
1032 5071 1330 5128 humidiori
1366 5069 1631 5124 materiae.

775 5193 836 5249 S.
863 5191 1016 5262 Greg.
1044 5187 1362 5257 Nysaea.»
1397 5183 1667 5238 Virtutem
1708 5183 1777 5237 ab
1822 5179 1976 5238 omni
2035 5190 2179 5235 metu
2213 5187 2267 5234 et

2462 5188 2781 5259 Ἐλευθέραν
2811 5181 2951 5238 εἶναι
2970 5185 3232 5255 προσήκει
3264 5184 3463 5248 παντὸς
3493 5183 3652 5253 φόϐου
3675 5181 3755 5249 τὴν
3776 5176 3858 5244 ἁρε-

703 5283 1079 5341 dominatione
1117 5277 1345 5332 liberam
1371 5289 1495 5329 esse
1518 5273 1801 5328 convenit.

1371 5289 1495 5329 esse
1518 5273 1801 5328 convenit.
2370 5287 2470 5358 τὴν
2507 5287 2602 5338 καὶ
2629 5285 2938 5339 ἀδέσποτον.

772 5392 967 5464 Ejusd.
1011 5392 1068 5445 in
1119 5389 1278 5445 Cant.
1324 5395 1468 5442 cant.
1494 5416 1564 5425 —
1587 5383 1776 5440 Virtus
1820 5399 1912 5441 res
1939 5390 2027 5440 est
2057 5383 2270 5439 nullius

2268 5421 2270 5432 ι
2454 5398 2775 5452 ’Δδέσποτον
2809 5398 2841 5467 ἡ
2872 5396 3064 5467 ἀρετὴ,
3126 5395 3218 5449 καὶ
3246 5394 3516 5460 ἑκούσιον,
3549 5391 3638 5446 καὶ
3681 5385 3857 5449 ἀνάγκης

703 5487 948 5545 dominio
1008 5482 1347 5553 mancipata,
1398 5477 1494 5535 sed
1523 5476 1860 5542 voluntaria,
1909 5485 1963 5533 et
2013 5476 2080 5532 ab
2119 5477 2272 5531 omni

1293 5495 1347 5545 a,
1398 5477 1494 5535 sed
1523 5476 1860 5542 voluntaria,
1909 5485 1963 5533 et
2013 5476 2080 5532 ab
2119 5477 2272 5531 omni
2373 5491 2555 5561 πάσης
2577 5489 2877 5559 ἐλεύθερον.

706 5579 1041 5639 necessitate
1068 5577 1263 5632 libera.

779 5684 968 5754 Ejusd.
987 5686 1042 5739 in
1058 5685 1282 5754 primam
1306 5680 1468 5736 beatit
1485 5710 1575 5734 .—
1593 5675 1929 5748 Hujusmodi
1951 5688 2036 5737 est
2059 5680 2112 5736 di
2127 5680 2262 5735 visio

2443 5674 2678 5746 Τοιαύτη
2699 5675 2796 5744 τῆς
2826 5673 3028 5746 ἀρετῆς
3058 5675 3090 5744 ἡ
3121 5673 3396 5744 διαίρεσις,
3419 5671 3552 5724 ὥστε
3576 5670 3659 5719 καὶ
3685 5663 3748 5721 εἰς
3767 5655 3857 5705 πάν·

705 5776 950 5837 virtutis.
993 5743 1134 5830 ut'et
1173 5773 1228 5828 in
1265 5787 1458 5830 omnes
1490 5769 1583 5841 qui
1620 5743 1795 5840 ipsius
1836 5770 2070 5829 studiosi
2105 5783 2256 5836 sunt,

2374 5789 2472 5834 τας
2507 5769 2634 5832 τοὺς
2662 5768 3140 5838 ἀντιποιουμένους
3175 5769 3338 5836 αὐτῆς
3371 5755 3756 5834 διαμερξζεσθαι,
3793 5743 3855 5796 ιιιὶ
