4024 6462
167 361 291 429 1381

1410 365 1655 436 sacrm
1686 318 2145 424 mmmam.

3246 365 3384 432 i382

160 485 336 535 πᾶσαν
366 482 578 555 ἑκάστῳ
610 485 862 554 παρεῖναι
913 483 989 557 μὴ
1039 481 1438 554 ἑλαττουμένην
1485 483 1578 535 ἐπὶ
1616 484 1726 543 τοῖς

1843 478 2220 549 listribuatur,
2275 482 2332 529 et
2382 475 2618 546 singulis
2665 477 2874 546 integra
2930 477 3098 543 adsit,
3145 484 3394 537 neculio

162 575 608 643 συμμετέχουσιν.

226 753 345 823 Χρὴ
376 751 473 823 τὴν
491 752 692 825 ἀρετὴν
723 752 797 823 μὴ
823 752 1001 824 χωλὴν
1033 748 1170 805 εἶναι
1203 750 1325 804 καθ’
1351 751 1573 821 ἑτέρων,
1608 747 1723 802 ἀλλ’

161 844 301 915 ἔργῳ
328 843 423 896 καὶ
455 843 597 915 λόγῳ
629 844 798 916 ὀρθὴν
828 845 924 899 καὶ
975 844 1358 915 ἀπηρισμένην
1400 845 1517 897 κατ’
1543 842 1731 925 ἀμφό-⁴

159 949 291 1003 τερα
319 929 476 986 εἶναι.

230 1014 315 1075 οσ
335 1022 554 1077 δύναται
584 1025 617 1095 ή
644 1024 958 1095 ἀνθρωπίνη
994 1024 1155 1095 φύσις
1180 1024 1312 1078 αὐτὸ
1352 1022 1606 1097 καθαρῶς
1666 1022 1726 1076 τὸ

161 1112 362 1166 δίκαιον
384 1115 441 1166 ἐν
471 1112 615 1185 ψυχῇ
651 1112 967 1180 θεάσασθαι,
1007 1117 1074 1168 τὰ
1094 1115 1263 1169 πολλὰ
1309 1114 1420 1168 τῶν
1452 1113 1726 1185 λογισμῶν

161 1202 605 1274 ἁμϐλυώττουσα.

234 1298 343 1367 Οὐχ
364 1298 392 1350 ό
422 1296 584 1359 τόπος
616 1295 717 1367 τὴν
740 1296 961 1367 ἀρετὴν,
987 1295 1101 1350 ἀλλ’
1125 1298 1158 1367 ή
1192 1296 1360 1367 ἀρετὴ
1393 1297 1607 1365 πέφυκε
1634 1298 1727 1350 τὸν

160 1390 321 1442 τόπον
359 1388 662 1459 σεμνύνειν.
690 1417 758 1427 -
800 1388 1010 1458 Ὠσπερ
1069 1389 1161 1441 ἐπὶ
1200 1389 1301 1459 τῆς
1352 1386 1581 1459 κιθάρας
1626 1388 1728 1442 οὐκ

160 1482 323 1552 ἀρκεῖ
377 1480 535 1551 μόνον
568 1479 677 1534 ἀπὸ
730 1480 862 1550 μιᾶς
896 1481 1095 1551 νευρᾶς
1126 1479 1224 1551 τὴν
1273 1479 1538 1551 μελῳδίαν
1564 1481 1728 1552 ὲργά-

164 1572 378 1635 σασθαι,
427 1571 563 1627 ἀλλά
618 1570 797 1635 πάσας
845 1572 1058 1626 ὲπίεναι
1112 1572 1358 1643 δεῖμετά
1399 1572 1605 1644 ῥυθμοῦ
1633 1572 1726 1627 τοῦ

161 1668 546 1737 προσήκοντος,
575 1662 717 1718 οὕτω
749 1666 844 1718 καὶ
873 1666 967 1718 ἐπὶ
994 1665 1092 1736 τῆς
1122 1666 1263 1719 κατά
1310 1666 1490 1737 ψυχὴν
1527 1668 1729 1739 ἀρετῆς

161 1758 262 1809 οὐκ
288 1757 447 1826 ἀρκεῖ
466 1757 598 1826 ἡμῖν
623 1754 787 1826 νόμος
814 1756 894 1818 είς
921 1756 1215 1826 σωτηρίαν,
1249 1757 1385 1811 ἀλλά
1413 1759 1494 1812 δεῖ
1522 1759 1729 1823 πάντας

162 1849 360 1912 αὐτοὺς
387 1848 525 1919 μετά
552 1847 839 1916 ἀκριϐείας
864 1848 1171 1918 φυλάττειν.

249 2027 336 2090 Ὡς
362 2025 557 2092 ἔοικεν,
604 2028 639 2099 ή
661 2028 973 2100 δικαιοσύνη
1000 2072 1003 2075 .
1035 2031 1381 2103 τετράγωνός
1428 2036 1565 2102 ἐστι,
1596 2035 1735 2089 πάν-

167 2119 326 2173 τοθεν
383 2120 472 2190 ἴση
506 2119 602 2175 καὶ
654 2120 834 2192 ὁμοία,
872 2123 929 2175 ὲν
957 2121 1097 2193 λόγῳ
1126 2124 1218 2177 καὶ
1269 2123 1433 2197 ἔργῳ,
1470 2127 1527 2179 ἐν
1557 2129 1734 2199 ἀποχῇ

164 2210 372 2276 κακῶν,
404 2213 462 2264 ἐν
491 2211 728 2284 εὐποιῒᾳ,
758 2212 817 2266 ὲν
836 2212 1133 2284 τελειότητι
1176 2222 1471 2290 γνωστικῇ,
1529 2220 1736 2292 οὐδαμῆ

165 2303 418 2375 οὐδαμῶς
460 2303 805 2375 χωλεύουσα,
844 2306 931 2360 ἵνα
966 2308 1041 2379 μὴ
1098 2308 1283 2374 ἄδικός
1318 2328 1378 2364 τε
1412 2313 1506 2366 καὶ
1555 2312 1738 2376 ἀνισος

168 2396 310 2463 (pavi
320 2436 335 2449 .

242 2588 318 2657 Τῇ
349 2586 660 2658 δικαιοσύνῃ
689 2588 775 2642 ἀεὶ
805 2588 866 2642 τὸ
896 2587 1098 2659 ἰσχύειν
1120 2587 1422 2656 ἀκολουθεῖ,
1459 2588 1646 2660 ὥσπερ
1672 2592 1737 2660 τῇ

167 2676 352 2750 ἀδικίᾳ
380 2677 441 2731 τὸ
467 2678 710 2732 ἀσθενεῖν
738 2678 949 2733 ἕπεται.

240 2854 449 2917 Κακίας
487 2853 665 2921 ἔξοδος
715 2856 917 2928 ἀρετῆς
945 2856 1148 2911 εἴσοδον
1181 2857 1494 2929 ἐργάζεται,
1519 2858 1594 2922 ὡς
1647 2861 1741 2913 καὶ

165 2949 506 3014 τούναντίον,
538 2950 876 3011 ἀποστάντος
903 2948 1111 3017 ἀγαθοῦ
1135 2990 1151 3015 ,
1203 2950 1264 3003 τὸ
1299 2951 1584 3022 ἐφεδρεῦον
1638 2970 1740 3005 κα·-

166 3043 265 3096 κὸν
292 3042 691 3113 ἐπεισέρχεται.
718 3071 789 3082 --
820 3042 888 3095 Εἴ
916 3058 999 3104 τις
1049 3041 1233 3105 πάσας
1276 3041 1375 3106 τὰς
1403 3043 1603 3113 ἀρετάς
1652 3044 1739 3098 διὰ

169 3134 408 3205 σπουδῆς
432 3134 526 3187 καὶ
559 3133 770 3206 νήψεως
801 3134 1245 3202 ὲγκεκόλπισται,
1299 3128 1453 3199 οὗτος
1488 3134 1739 3206 βασιλεὺς

168 3224 518 3298 χρηματίζει,
551 3222 653 3277 κάν
682 3221 893 3294 ἰδιώτης
926 3225 1202 3294 τυγχάνοι.

170 3476 355 3530 Tl'l‘A.
388 3471 487 3528 IE'.
516 3502 587 3514 --
612 3469 761 3541 Περίξ
792 3467 1077 3541 διαφορᾶς
1112 3467 1211 3541 καί
1239 3468 1522 3537 ἀνομοίου
1565 3485 1745 3523 κατα-

558 3538 830 3609 στάὰεως
866 3539 980 3594 τῶν
1013 3538 1353 3609 ἀνθρώπων.

246 3700 267 3735 ι
308 3679 518 3751 Ὠσπερ
545 3677 645 3749 οὐχ
686 3677 848 3749 ὃμοια
898 3674 1165 3747 πρόσωπα
1194 3672 1527 3746 προσώποις,
1570 3671 1745 3736 οὕτως

167 3773 294 3828 οὐδὲ
318 3774 375 3826 αἱ
402 3769 619 3842 καρδίαι
649 3768 760 3822 τῶν
790 3766 1093 3840 ἀνθρώπων
1115 3767 1317 3837 ὅμοιαι.
1350 3784 1369 3817 ι

251 3884 271 3917 ι
305 3865 380 3918 Οὐ
416 3864 594 3918 πάντα
625 3862 761 3915 πᾶσι
791 3858 1084 3931 συμφέρει,
1115 3858 1211 3913 καὶ
1234 3857 1295 3912 οὐ
1334 3859 1483 3912 πᾶσα
1510 3855 1656 3928 ψυχὴ
1688 3856 1746 3910 ὲν

171 3959 342 4016 παντὶ
363 3956 590 4010 εὐδοκεῖ.
626 3972 645 4005 ι

246 4053 324 4105 Οὐ
358 4050 426 4103 τὰ
450 4048 589 4101 αὐτά
616 4047 749 4101 πᾶσι
778 4042 1038 4115 ἁρμόζειν
1065 4040 1267 4097 οἴεσθε·
1296 4038 1421 4094 οὔτε
1454 4040 1552 4110 μία
1581 4041 1746 4094 πᾶσιν

169 4145 379 4219 ὁμοίως
407 4139 682 4212 ἐπιτηδεία
707 4138 940 4209 ὑπάρχει
984 4136 1182 4208 τροφὴ,
1224 4133 1347 4188 οὕτε
1400 4136 1747 4206 Χριστιανοῖς

172 4232 261 4301 εἷς
318 4234 431 4306 βίος
482 4231 760 4305 ἁρμόδιος.
782 4259 854 4269 -
883 4229 1094 4298 Ὠσπερ
1124 4229 1234 4290 τοῖς
1268 4226 1514 4297 σώμασιν
1559 4225 1618 4278 ού
1650 4225 1748 4296 τὴν

174 4330 353 4400 αὐτὴν
406 4324 751 4399 φαρμακείαν
779 4323 873 4376 καὶ
901 4320 1107 4393 τροφὴν
1141 4318 1537 4392 προσφέρονταί
1580 4335 1747 4384 τινες,

174 4426 331 4481 ἄλλοι
383 4423 439 4477 δὲ
468 4418 657 4491 ἀλλην,
690 4419 724 4491 ἢ
762 4415 1142 4479 εύεκτοῦντες,
1175 4413 1209 4485 ἢ
1248 4414 1566 4484 κάμνοντες,
1608 4411 1750 4465 οὕτω

1829 568 1995 621 modo
2044 576 2265 637 propter
2303 581 2397 622 eos
2448 569 2540 639 qui
2592 568 2767 640 ipsam
2818 570 3149 640 participcnt
3200 573 3391 639 decre-

1829 668 1968 715 8081.

1902 751 1960 807 S.
1989 751 2201 822 Cyrilli.
2238 755 2649 810 —Cavendum
2691 760 2800 816 est,
2837 769 2905 809 ne
2938 755 3205 809 alterutro
3253 755 3394 825 pede
3430 786 3433 791 ι

1830 841 2007 895 virtus
2066 843 2363 908 claudicet,
2404 859 2593 899 verum
2644 854 2879 913 utraque
2939 854 3116 913 parte.
3176 844 3281 899 huc
3307 851 3394 899 est

1829 940 1940 986 tam
1967 934 2185 989 actione
2211 951 2375 1006 quam
2410 950 2685 1000 sermone,
2721 945 2866 990 recta
2920 936 3271 1006 perfectaque
3296 937 3390 991 sit.

1892 1023 2269 1081 Methodii.o——
2298 1026 2552 1081 Humana
2606 1037 2801 1083 natura
2844 1026 3122 1096 justitiam
3159 1042 3294 1097 pure
3331 1027 3387 1081 in

1830 1116 2014 1170 anima
2042 1132 2151 1170 non
2178 1119 2324 1173 valet
2352 1119 2608 1173 contueri
2639 1134 2654 1170 :
2687 1118 2890 1188 quippe
2920 1120 3080 1188 cujus
3103 1118 3394 1187 cogitatio-

1832 1224 1929 1263 nes
1959 1208 2286 1279 plerumque
2314 1211 2625 1266 caecutiant.

1900 1298 1959 1353 S.
2023 1298 2297 1369 Chrysost.
2334 1332 2402 1343 υ·-
2440 1299 2559 1355 Non
2611 1302 2764 1356 locus
2807 1301 3099 1369 virtutem,
3147 1302 3240 1357 sed
3282 1302 3396 1355 vir-

1832 1398 1922 1447 tus
1949 1393 2132 1447 locum
2173 1394 2313 1449 solet
2352 1408 2646 1449 exornare.
2669 1423 2736 1434 —
2756 1392 2827 1449 Ut
2856 1394 2910 1447 in
2938 1393 3149 1448 cithara
3182 1392 3250 1447 ad
3282 1407 3399 1445 mo-

1831 1487 2079 1541 dulatnm
2127 1500 2350 1542 cantum
2397 1488 2671 1543 edendum
2722 1501 2833 1541 una
2870 1487 3075 1541 chorda
3108 1502 3217 1541 non
3247 1486 3397 1541 sulli-

1833 1578 1963 1641 ciet,
2005 1592 2195 1633 verum
2230 1594 2424 1634 omnes
2474 1594 2599 1632 cum
2647 1592 2879 1632 numero
2915 1591 2970 1632 et
3002 1587 3272 1633 concentu
3305 1579 3403 1631 ab-

1833 1668 2016 1725 soluto
2057 1669 2417 1738 peragranda:
2447 1676 2620 1723 sunt:
2661 1669 2854 1723 eodem
2905 1668 3068 1723 modo
3112 1667 3167 1723 in
3203 1670 3402 1723 animae

1833 1775 2056 1830 quoque
2092 1761 2295 1815 virtute
2352 1760 2495 1816 haud
2540 1761 2680 1817 satis
2731 1769 2817 1815 est
2856 1759 2926 1813 ad
2976 1761 3209 1815 salutem
3251 1762 3399 1815 obti-

1766 1848 1808 1903 B
1837 1851 2073 1905 nendam
2120 1852 2290 1922 legem
2341 1869 2507 1907 unam
2551 1853 2871 1917 observare,
2910 1852 3005 1907 sed
3038 1868 3230 1907 omnes
3270 1853 3399 1907 dili-

1831 1953 2021 2015 genter
2054 1953 2272 2013 oportet
2299 1946 2552 2015 exsequi.

1904 2034 1964 2089 S.
1991 2034 2251 2091 Clement.
2301 2036 2395 2089 lib.
2439 2052 2496 2092 ιιι
2540 2036 2801 2092 Stromat.
2835 2068 2904 2078 —-
2932 2038 3189 2104 Justitia,
3221 2048 3282 2092 ut
3315 2038 3401 2094 vi-

1834 2128 2013 2193 detur,
2068 2131 2338 2200 quadrata
2401 2140 2507 2194 est,
2564 2138 2731 2200 atque
2781 2130 3029 2201 undique
3087 2131 3291 2187 similis
3348 2142 3404 2188 et

1835 2221 2065 2287 eadem;
2120 2221 2173 2274 in
2217 2236 2498 2288 sermone,
2554 2221 2608 2276 in
2641 2222 2884 2285 actione,
2914 2222 2979 2281 in,
3002 2222 3340 2277 abstinentia
3373 2238 3405 2276 a

1837 2315 2019 2377 malis,
2062 2314 2115 2367 in
2150 2314 2539 2379 beneficentia,
2570 2321 2625 2369 et
2660 2313 2716 2368 in
2752 2315 3088 2385 perfectione
3131 2315 3405 2376 scientia.

1838 2421 1941 2462 nec
1971 2423 2204 2475 usquam
2234 2408 2463 2461 omnino
2508 2407 2813 2471 claudicat,
2858 2423 2927 2461 ne
2960 2407 3166 2477 alioqui
3199 2407 3406 2476 injusta

1836 2507 1891 2555 et
1921 2499 2145 2554 minime
2176 2500 2406 2571 aequalis
2440 2507 2724 2570 appareat.

1903 2589 2140 2661 Didymi.
2185 2623 2250 2634 —
2283 2589 2564 2647 Justitiam
2615 2593 2784 2645 robur
2853 2599 3119 2661 perpetuo
3175 2590 3408 2644 comita-

1843 2691 1949 2744 tnr,
1990 2682 2457 2752 quemadmodum
2494 2679 2830 2750 injustitiam
2877 2680 3129 2748 sequitur
3160 2676 3409 2732 imbecil-

1841 2773 1985 2828 litas.

1908 2862 2175 2918 Philonis.
2222 2894 2290 2904 -—
2331 2861 2610 2918 Discessio
2659 2861 2980 2918 vitiositatis
3040 2860 3261 2916 virtutis
3313 2874 3408 2915 ac-

1841 2973 2061 3015 cessum
2140 2958 2313 3012 facit:
2371 2957 2836 3028 quemadmodum
2891 2965 3087 3011 contra
3150 2955 3410 3009 submoto

1842 3050 1987 3105 bono
2020 3050 2222 3105 malum
2257 3064 2316 3105 se
2343 3050 2530 3103 Statim
2566 3049 2922 3103 insinuat.-—
2946 3047 3001 3101 Si
3021 3046 3146 3117 quis
3174 3046 3409 3100 virtutes

1843 3155 2038 3196 omnes
2084 3156 2183 3210 per
2232 3139 2479 3195 studium
2534 3138 2818 3210 animique
2868 3138 3206 3210 vigilantiam
3241 3137 3409 3192 veluti

1840 3233 2051 3303 gremio
2111 3232 2356 3288 inclusas
2408 3232 2690 3295 habuerit.
2754 3232 2846 3286 hic
2896 3246 2989 3286 rex
3038 3230 3411 3286 nominandus

1840 3333 1947 3392 est,
1979 3327 2238 3395 quamvis
2280 3325 2489 3394 alioqui
2527 3324 2598 3378 sit
2629 3326 2903 3394 privatus.

1946 3466 2088 3534 ΤΙΤ.
2112 3476 2228 3533 XV.
2249 3508 2319 3527 ~—-
2348 3476 2426 3533 De
2456 3479 2604 3601 varii:
2638 3488 2687 3600 ξι
2727 3477 2981 3531 dissimili
3030 3477 3303 3531 hominum

2550 3566 2575 3601 δ
2604 3566 2636 3601 a
2664 3565 2716 3601 ιι.

2550 3565 2716 3603 stam.

1913 3680 2087 3736 Eccli.
2119 3697 2235 3747 xui,
2264 3682 2352 3736 3i.
2373 3713 2442 3726 -—
2470 3702 2489 3734 ι
2517 3680 2996 3749 Quemadmodum
3028 3682 3217 3736 vultus
3242 3681 3410 3736 vulti-

1844 3774 1950 3829 bus
1966 3774 2175 3830 similes
2206 3790 2315 3829 non
2348 3785 2501 3837 sunt,
2534 3776 2615 3831 sic
2647 3775 2813 3829 etiam
2848 3775 3016 3829 corda
3047 3774 3351 3828 hominum.
3382 3793 3407 3826 ι

1915 3862 2085 3918 Eccli.
2117 3878 2325 3927 xxxvu,
2356 3863 2446 3917 53.
2473 3893 2545 3907 —
2576 3880 2595 3914 ι
2632 3861 2750 3916 Non
2796 3861 2981 3916 omnia
3015 3860 3274 3914 omnibus
3312 3874 3411 3912 ex-

1847 3954 2112 4025 pediunt:
2145 3969 2245 4009 nec
2276 3955 2459 4009 omnis
2503 3954 2683 4008 anima
2734 3954 2884 4007 omni
2912 3967 2970 4007 re
3009 3951 3343 4006 delectatur.
3383 3967 3405 4001 ι

1917 4047 1977 4103 S.
2012 4046 2167 4118 Greg.
2197 4048 2335 4102 Naz.
2366 4078 2435 4088 —-
2461 4045 2578 4100 Non
2608 4045 2797 4101 eadem
2825 4044 3084 4100 omnibus
3114 4042 3409 4098 convenire

1847 4140 2277 4198 existimandum
2311 4148 2438 4194 est:
2480 4153 2582 4193 nec
2625 4154 2733 4192 una
2770 4136 3028 4191 omnibus
3073 4135 3412 4190 conveniens

1848 4249 1977 4290 esca
2005 4243 2107 4299 est,
2168 4248 2272 4288 nec
2323 4247 2432 4287 una
2482 4230 2820 4287 Christianis
2868 4230 2979 4284 vita
3028 4228 3308 4298 congruit.
3344 4216 3411 4265 ὲ-

1849 4326 2319 4393 Quemadmodum
2361 4342 2471 4380 non
2510 4325 2762 4381 eamdem
2798 4339 3028 4393 prorsus
3077 4337 3199 4377 cum
3239 4320 3415 4375 medi-

1850 4420 2056 4486 cinam,
2113 4426 2228 4472 tum
2277 4418 2624 4481 alimoniam,
2662 4415 2930 4486 impertiri
2988 4414 3171 4469 solent
3232 4412 3412 4466 homi-

174 4520 275 4573 καὶ
305 4515 404 4578 τὰς
432 4513 608 4585 ψυχὰς
637 4510 872 4580 διαφόρῳ
905 4508 1047 4577 λόγῳ
1094 4505 1190 4558 καὶ
1232 4506 1424 4599 ἀγωγῇ
1478 4503 1740 4570 θεραπευ-

1853 4528 1970 4577 nes,
2030 4510 2126 4566 sed
2169 4510 2332 4564 aliam
2396 4510 2541 4572 aliis,
2583 4524 2683 4563 seu
2741 4506 2858 4561 sani
2891 4506 3023 4568 sint,
3060 4520 3159 4559 seu
3219 4501 3413 4557 morbo

172 4612 320 4668 τέον.
351 4609 640 4678 Μάρτυρες
668 4604 726 4658 δὲ
766 4603 865 4673 τῆς
906 4598 1199 4672 θεραπείας
1227 4593 1328 4653 ὦσι
1371 4597 1557 4652 καὶτά
1578 4597 1744 4665 πάθη.

172 4704 318 4767 Τοὺς
354 4701 450 4770 μὲν
476 4701 598 4767 ἀγει
645 4696 824 4764 λόγος,
866 4693 917 4745 oi.
946 4690 1003 4744 δὲ
1043 4688 1395 4762 ῥυθμίζονται
1447 4686 1745 4757 παραδείγ-

175 4812 333 4869 ματιο
367 4795 416 4847 oi
451 4792 547 4864 μὲν
581 4790 789 4844 δέονται
808 4787 1070 4857 κέντρων,
1102 4783 1151 4836 oi
1180 4782 1237 4836 δὲ
1267 4779 1505 4852 χαλινοῦ.
1540 4782 1602 4833 Ol
1646 4779 1744 4850 μὲν

170 4888 289 4959 γάρ
309 4888 417 4940 είσι
444 4884 632 4947 νωθείς
658 4881 752 4935 καὶ⁵
777 4876 1085 4947 δυσκίνητοι
1112 4874 1249 4945 πρὸς
1266 4876 1324 4927 τὸ
1347 4873 1530 4939 καλὸν,
1563 4871 1656 4936 οὒς
1679 4873 1745 4941 τῇ

172 4982 367 5053 πληγῇ
415 4977 508 5032 τοῦ
535 4976 695 5045 λόγου
728 4971 1049 5044 διεγερτέον.
1097 4970 1159 5023 Ol
1194 4968 1252 5022 δὲ
1278 4966 1528 5037 καθάπερ
1578 4964 1747 5018 πῶλοι

172 5074 421 5145 γενναῖοι
455 5071 644 5142 πόρρω
683 5067 783 5137 τῆς
835 5065 1035 5134 νύσσης
1065 5062 1280 5124 θέοντες
1306 5100 1323 5124 ,
1378 5058 1470 5123 οὓς
1508 5058 1749 5129 βελτίους

174 5165 462 5234 ποιήσειεν
498 5159 681 5230 ἀγχων
732 5157 827 5211 καὶ
854 5155 1174 5211 ἀνακόπτων
1204 5153 1233 5205 ὁ
1265 5150 1420 5221 λόγος
1443 5167 1455 5179 ·
1490 5149 1616 5211 τοὺς
1652 5147 1749 5220 μὲν

173 5257 406 5315 ἔπαινος
461 5251 657 5321 ὢνησε,
702 5252 827 5313 τοὺς
854 5248 912 5302 δὲ
943 5247 972 5300 ὁ
1010 5246 1201 5317 ψόγος.
1240 5244 1552 5315 Ἀμφότερα
1615 5242 1752 5313 μετά

172 5346 280 5403 τοῦ
338 5342 559 5416 καιροῦ,
597 5342 633 5413 ἢ
663 5338 972 5395 τούναντίον
1018 5338 1249 5408 ἔϐλαψεν
1278 5336 1386 5403 ἔξω
1413 5335 1508 5388 τοῦ
1558 5332 1750 5406 καιροῦ

174 5439 280 5493 καὶ
299 5436 393 5491 τοῦ
423 5435 602 5504 λόγου.
624 5432 762 5496 Τοὺς
796 5431 894 5503 μὲν
926 5429 1275 5501 παράκλησις
1300 5428 1588 5501 κατορθοῖ,
1623 5429 1749 5491 τοὺς

174 5530 237 5584 δὲ
264 5529 613 5599 ἐπιτίμησις
655 5526 750 5580 καὶ
783 5521 938 5589 αὖθις
969 5525 1095 5588 τοὺς
1122 5523 1222 5596 μὲν
1254 5522 1319 5575 ὲκ
1354 5520 1515 5593 κοινῷ
1545 5520 1751 5591 διελέγο

176 5636 376 5693 χομεν,
406 5620 532 5708 τοῦς
562 5619 621 5673 δὲ
647 5616 904 5690 κρύϐδην.

1852 4604 2136 4667 fatiscant,
2168 4603 2249 4657 sic
2275 4615 2496 4671 quoque
2530 4600 2742 4653 diversa
2773 4598 2988 4652 ratione
3021 4604 3076 4651 et
3101 4596 3264 4650 diaeta
3290 4594 3410 4647 ani-

1851 4697 1957 4750 mis
2004 4700 2220 4764 oportet
2274 4692 2506 4747 mederi.
2544 4694 2722 4760 Atque
2777 4688 2903 4742 illos
2951 4687 3176 4757 quidem
3227 4700 3412 4741 scrmo

1852 4787 2029 4855 ducit,
2064 4787 2116 4841 hi
2153 4784 2464 4840 formantur
2518 4782 2804 4851 exemplo:
2857 4780 2938 4833 illi
2987 4778 3231 4832 stimulis
3269 4793 3411 4847 opus

1856 4881 2075 4944 habent,
2120 4878 2211 4935 isti
2262 4892 2393 4933 vero
2440 4875 2617 4931 freno.
2669 4874 2777 4927 Alii
2836 4872 2983 4927 enim
3036 4885 3229 4940 segnes
3267 4869 3413 4924 desi-

1853 4976 2063 5046 desque
2115 4981 2269 5037 sunt,
2320 4972 2521 5041 vixque
2576 4976 2865 5023 moventur
2908 4966 2973 5019 ad
3005 4965 3235 5027 bonum,
3272 4977 3414 5031 quos

1855 5068 2135 5125 sermonis
2204 5065 2370 5137 439
2417 5062 2740 5118 verberibus
2801 5059 3048 5115 excitare
3107 5055 3409 5111 incumbat.

1860 5159 1963 5215 Alii
1996 5173 2392 5230 generosorum
2424 5156 2701 5227 pullorum
2735 5166 2889 5232 more
2942 5150 3157 5221 longius
3201 5161 3232 5201 a
3270 5155 3413 5200 meta

1858 5259 2133 5317 currunt;
2189 5265 2337 5320 quos
2399 5248 2656 5304 meliores
2730 5257 2914 5301 sermo
2980 5240 3192 5303 fecerit,
3264 5238 3416 5307 ipsos

1859 5341 2210 5414 astringeudo
2263 5340 2697 5409 cohibendoque.
2750 5337 2966 5391 Rursus
3018 5332 3141 5386 aliis
3194 5327 3413 5399 quidem

1858 5434 2048 5491 laudes
2082 5433 2403 5504 adiumento
2432 5431 2659 5495 fuerint,
2687 5430 2815 5484 aliis
2854 5424 3207 5497 vituperium.
3255 5417 3416 5474 Utra-

1858 5543 1966 5599 que
1999 5527 2257 5583 nimirum
2293 5542 2395 5582 suo
2429 5535 2697 5596 tempore.
2738 5520 2960 5592 Alioqui
3008 5517 3154 5574 enim
3208 5525 3415 5569 nocue-

1860 5628 1993 5678 runt
2030 5619 2177 5683 ista,
2227 5633 2351 5690 qua:
2398 5633 2499 5673 nec
2527 5628 2795 5688 tempore,
2852 5627 2959 5668 nec
3014 5605 3180 5664 modo
3210 5617 3410 5661 conve-

178 5713 363 5769 nienti
437 5695 682 5770 adhibita
769 5711 903 5768 sint.
970 5709 1124 5767 Alios
1206 5708 1396 5766 itidem
1452 5706 1773 5772 adhortatio
1833 5711 2085 5785 corrigit,
2142 5710 2279 5768 alios
2328 5708 2689 5783 obiurgatio:
2745 5705 2885 5765 istos
2938 5699 3175 5772 denique
3234 5695 3416 5769 {ullam

172 5809 563 5883 coarguimus,
600 5807 726 5866 illos
749 5805 973 5866 remotis
1004 5804 1249 5863 arbitris.
