  <div class='ocr_page' id='page_1' title='image "/cluster/home/n/w/nwhite01/storage/ocr_20150623/95/hvd.32044019208057/697.png"; bbox 0 0 4024 6408; ppageno 0'>
   <div class='ocr_carea' id='block_1_1' title="bbox 675 337 3844 410">
    <p class='ocr_par' dir='ltr' id='par_1_1' title="bbox 675 337 3844 410">
     <span class='ocr_line' id='line_1_1' title="bbox 675 337 3844 410; baseline -0.004 0"><span class='ocrx_word' id='word_1_1' title='bbox 675 347 810 410; x_wconf 59' lang='lat'><strong>1383</strong></span> <span class='ocrx_word' id='word_1_2' title='bbox 1867 343 1928 400; x_wconf 91' lang='lat' dir='ltr'><strong>S.</strong></span> <span class='ocrx_word' id='word_1_3' title='bbox 1962 337 2281 400; x_wconf 78' lang='lat' dir='ltr'><strong>JOANNIS</strong></span> <span class='ocrx_word' id='word_1_4' title='bbox 2305 337 2733 398; x_wconf 78' lang='lat' dir='ltr'><strong>DAMASCENI</strong></span> <span class='ocrx_word' id='word_1_5' title='bbox 3750 339 3844 403; x_wconf 56' lang='lat'><strong>12.93</strong></span> 
     </span>
    </p>
   </div>
   <div class='ocr_carea' id='block_1_2' title="bbox 668 435 2257 527">
    <p class='ocr_par' dir='ltr' id='par_1_2' title="bbox 668 435 2130 527">
     <span class='ocr_line' id='line_1_2' title="bbox 668 435 2130 527; baseline -0.009 -11"><span class='ocrx_word' id='word_1_6' title='bbox 668 463 699 516; x_wconf 82' lang='lat' dir='ltr'><strong>&#39;i</strong></span> <span class='ocrx_word' id='word_1_7' title='bbox 721 464 803 515; x_wconf 81' lang='lat' dir='ltr'><strong>l&#39;l‘.</strong></span> <span class='ocrx_word' id='word_1_8' title='bbox 842 460 976 514; x_wconf 75' lang='lat' dir='ltr'><strong>XVI.</strong></span> <span class='ocrx_word' id='word_1_9' title='bbox 1007 435 1075 501; x_wconf 52' lang='lat'><strong>-’-</strong></span> <span class='ocrx_word' id='word_1_10' title='bbox 1107 458 1181 513; x_wconf 81' lang='lat' dir='ltr'><strong>De</strong></span> <span class='ocrx_word' id='word_1_11' title='bbox 1202 458 1390 527; x_wconf 75' lang='lat' dir='ltr'><strong>juslis,</strong></span> <span class='ocrx_word' id='word_1_12' title='bbox 1426 465 1477 510; x_wconf 86' lang='lat' dir='ltr'><strong>et</strong></span> <span class='ocrx_word' id='word_1_13' title='bbox 1495 455 1691 523; x_wconf 78' lang='lat' dir='ltr'><strong>probis,</strong></span> <span class='ocrx_word' id='word_1_14' title='bbox 1721 463 1769 508; x_wconf 78' lang='lat' dir='ltr'><strong>et</strong></span> <span class='ocrx_word' id='word_1_15' title='bbox 1804 453 1953 506; x_wconf 78' lang='lat' dir='ltr'><strong>bonis</strong></span> <span class='ocrx_word' id='word_1_16' title='bbox 1984 453 2130 504; x_wconf 72' lang='lat' dir='ltr'><strong>viris.</strong></span> 
     </span>
    </p>
   </div>
   <div class='ocr_carea' id='block_1_3' title="bbox 2254 435 3843 527">
    <p class='ocr_par' dir='ltr' id='par_1_3' title="bbox 2305 449 3843 527">
     <span class='ocr_line' id='line_1_3' title="bbox 2305 449 3843 527; baseline -0.008 -15"><span class='ocrx_word' id='word_1_17' title='bbox 2305 455 2350 512; x_wconf 74' lang='grc' dir='ltr'>Α</span> <span class='ocrx_word' id='word_1_18' title='bbox 2377 453 2556 508; x_wconf 87' lang='grc' dir='ltr'>ΤΙΤΛ.</span> <span class='ocrx_word' id='word_1_19' title='bbox 2591 453 2702 520; x_wconf 69' lang='grc' dir='ltr'>ις’.</span> <span class='ocrx_word' id='word_1_20' title='bbox 2729 481 2796 491; x_wconf 94' lang='grc'><strong><em>-</em></strong></span> <span class='ocrx_word' id='word_1_21' title='bbox 2815 452 2956 527; x_wconf 8' lang='grc' dir='ltr'>Περὶ,</span> <span class='ocrx_word' id='word_1_22' title='bbox 2976 449 3375 527; x_wconf 34' lang='lat' dir='ltr'><strong>gratuitorum!</strong></span> <span class='ocrx_word' id='word_1_23' title='bbox 3403 450 3612 515; x_wconf 69' lang='grc' dir='ltr'>καλῶν,</span> <span class='ocrx_word' id='word_1_24' title='bbox 3640 453 3722 505; x_wconf 75' lang='grc' dir='ltr'><strong>καί</strong></span> <span class='ocrx_word' id='word_1_25' title='bbox 3743 458 3843 522; x_wconf 58' lang='lat' dir='ltr'><strong>tim.</strong></span> 
     </span>
    </p>
   </div>
   <div class='ocr_carea' id='block_1_4' title="bbox 2929 519 3341 588">
    <p class='ocr_par' dir='ltr' id='par_1_4' title="bbox 2929 519 3341 588">
     <span class='ocr_line' id='line_1_4' title="bbox 2929 519 3341 588; baseline -0.002 -13"><span class='ocrx_word' id='word_1_26' title='bbox 2929 519 3048 575; x_wconf 78' lang='grc' dir='ltr'><strong>θῶν</strong></span> <span class='ocrx_word' id='word_1_27' title='bbox 3085 519 3341 588; x_wconf 73' lang='grc' dir='ltr'>ἀνδρῶν.</span> 
     </span>
    </p>
   </div>
   <div class='ocr_carea' id='block_1_5' title="bbox 737 635 2326 710">
    <p class='ocr_par' dir='ltr' id='par_1_5' title="bbox 737 635 2252 708">
     <span class='ocr_line' id='line_1_5' title="bbox 737 635 2252 708; baseline -0.008 -11"><span class='ocrx_word' id='word_1_28' title='bbox 737 643 903 697; x_wconf 83' lang='grc' dir='ltr'>Νιιηι.</span> <span class='ocrx_word' id='word_1_29' title='bbox 940 659 1051 707; x_wconf 88' lang='lat' dir='ltr'><strong>xvt,</strong></span> <span class='ocrx_word' id='word_1_30' title='bbox 1089 642 1141 698; x_wconf 82' lang='lat'><strong>5.</strong></span> <span class='ocrx_word' id='word_1_31' title='bbox 1171 671 1241 681; x_wconf 92' lang='lat'><strong>-—</strong></span> <span class='ocrx_word' id='word_1_32' title='bbox 1278 659 1296 692; x_wconf 86' lang='grc' dir='ltr'><strong>ι</strong></span> <span class='ocrx_word' id='word_1_33' title='bbox 1333 639 1493 694; x_wconf 88' lang='lat' dir='ltr'><strong>Novit</strong></span> <span class='ocrx_word' id='word_1_34' title='bbox 1543 639 1683 694; x_wconf 89' lang='lat' dir='ltr'><strong>Deus</strong></span> <span class='ocrx_word' id='word_1_35' title='bbox 1713 638 1804 708; x_wconf 79' lang='lat' dir='ltr'><strong>qui</strong></span> <span class='ocrx_word' id='word_1_36' title='bbox 1835 635 1929 697; x_wconf 77' lang='lat' dir='ltr'><strong>sui</strong></span> <span class='ocrx_word' id='word_1_37' title='bbox 1979 643 2140 698; x_wconf 89' lang='lat' dir='ltr'><strong>sunt,</strong></span> <span class='ocrx_word' id='word_1_38' title='bbox 2198 641 2252 686; x_wconf 84' lang='lat' dir='ltr'><strong>et</strong></span> 
     </span>
    </p>
   </div>
   <div class='ocr_carea' id='block_1_6' title="bbox 2257 635 3846 710">
    <p class='ocr_par' dir='ltr' id='par_1_6' title="bbox 2429 637 3846 710">
     <span class='ocr_line' id='line_1_6' title="bbox 2429 637 3846 710; baseline 0.001 -16"><span class='ocrx_word' id='word_1_39' title='bbox 2429 659 2448 693; x_wconf 84' lang='grc' dir='ltr'><strong>ι</strong></span> <span class='ocrx_word' id='word_1_40' title='bbox 2497 640 2681 709; x_wconf 84' lang='grc' dir='ltr'>Ἔγνω</span> <span class='ocrx_word' id='word_1_41' title='bbox 2706 640 2735 692; x_wconf 89' lang='grc' dir='ltr'>ὁ</span> <span class='ocrx_word' id='word_1_42' title='bbox 2759 638 2890 702; x_wconf 81' lang='grc' dir='ltr'>Θεὸς</span> <span class='ocrx_word' id='word_1_43' title='bbox 2919 639 3043 702; x_wconf 78' lang='grc' dir='ltr'>τοὺς</span> <span class='ocrx_word' id='word_1_44' title='bbox 3061 639 3222 702; x_wconf 67' lang='grc' dir='ltr'>ὄντας</span> <span class='ocrx_word' id='word_1_45' title='bbox 3249 637 3432 703; x_wconf 77' lang='grc' dir='ltr'>αὑτοῦ,</span> <span class='ocrx_word' id='word_1_46' title='bbox 3459 638 3552 690; x_wconf 71' lang='grc' dir='ltr'><strong>καὶ</strong></span> <span class='ocrx_word' id='word_1_47' title='bbox 3577 641 3687 704; x_wconf 66' lang='grc' dir='ltr'>τοὺς</span> <span class='ocrx_word' id='word_1_48' title='bbox 3711 644 3846 710; x_wconf 66' lang='grc' dir='ltr'>ἁγίους</span> 
     </span>
    </p>
   </div>
   <div class='ocr_carea' id='block_1_7' title="bbox 669 725 2258 805">
    <p class='ocr_par' dir='ltr' id='par_1_7' title="bbox 669 725 1435 803">
     <span class='ocr_line' id='line_1_7' title="bbox 669 725 1435 803; baseline -0.008 -13"><span class='ocrx_word' id='word_1_49' title='bbox 669 746 890 790; x_wconf 87' lang='lat' dir='ltr'><strong>sanctos</strong></span> <span class='ocrx_word' id='word_1_50' title='bbox 928 735 994 788; x_wconf 90' lang='lat' dir='ltr'><strong>ad</strong></span> <span class='ocrx_word' id='word_1_51' title='bbox 1030 750 1088 789; x_wconf 90' lang='lat' dir='ltr'><strong>se</strong></span> <span class='ocrx_word' id='word_1_52' title='bbox 1112 725 1375 803; x_wconf 80' lang='lat' dir='ltr'><strong>suscepit.</strong></span> <span class='ocrx_word' id='word_1_53' title='bbox 1417 752 1435 784; x_wconf 72' lang='grc' dir='ltr'><strong>ι</strong></span> 
     </span>
    </p>
   </div>
   <div class='ocr_carea' id='block_1_8' title="bbox 1567 725 3156 805">
    <p class='ocr_par' dir='ltr' id='par_1_8' title="bbox 2353 730 3156 805">
     <span class='ocr_line' id='line_1_8' title="bbox 2353 730 3156 805; baseline -0.009 -17"><span class='ocrx_word' id='word_1_54' title='bbox 2353 732 2719 805; x_wconf 84' lang='grc' dir='ltr'>προσελάϐετο</span> <span class='ocrx_word' id='word_1_55' title='bbox 2749 731 2884 801; x_wconf 88' lang='grc' dir='ltr'>πρὸς</span> <span class='ocrx_word' id='word_1_56' title='bbox 2915 730 3099 784; x_wconf 78' lang='grc' dir='ltr'>αὐτόν.</span> <span class='ocrx_word' id='word_1_57' title='bbox 3140 748 3156 781; x_wconf 75' lang='grc' dir='ltr'><strong>ι</strong></span> 
     </span>
    </p>
   </div>
   <div class='ocr_carea' id='block_1_9' title="bbox 742 820 2331 895">
    <p class='ocr_par' dir='ltr' id='par_1_9' title="bbox 742 820 2241 890">
     <span class='ocr_line' id='line_1_9' title="bbox 742 820 2241 890; baseline -0.005 -9"><span class='ocrx_word' id='word_1_58' title='bbox 742 829 902 884; x_wconf 81' lang='lat' dir='ltr'><strong>Deut.</strong></span> <span class='ocrx_word' id='word_1_59' title='bbox 930 842 1124 889; x_wconf 63' lang='grc' dir='ltr'>χχχιιι.</span> <span class='ocrx_word' id='word_1_60' title='bbox 1160 827 1244 879; x_wconf 87' lang='grc'><strong>12.</strong></span> <span class='ocrx_word' id='word_1_61' title='bbox 1291 854 1364 867; x_wconf 88' lang='lat'><strong>—-—</strong></span> <span class='ocrx_word' id='word_1_62' title='bbox 1399 843 1417 877; x_wconf 85' lang='grc' dir='ltr'><strong>ι</strong></span> <span class='ocrx_word' id='word_1_63' title='bbox 1453 823 1558 890; x_wconf 87' lang='lat' dir='ltr'><strong>Qui</strong></span> <span class='ocrx_word' id='word_1_64' title='bbox 1593 823 1830 877; x_wconf 87' lang='lat' dir='ltr'><strong>dilectus</strong></span> <span class='ocrx_word' id='word_1_65' title='bbox 1861 829 1945 876; x_wconf 91' lang='lat' dir='ltr'><strong>est</strong></span> <span class='ocrx_word' id='word_1_66' title='bbox 1972 837 2001 874; x_wconf 91' lang='lat' dir='ltr'><strong>a</strong></span> <span class='ocrx_word' id='word_1_67' title='bbox 2050 820 2241 874; x_wconf 85' lang='lat' dir='ltr'><strong>Domi-</strong></span> 
     </span>
    </p>
   </div>
   <div class='ocr_carea' id='block_1_10' title="bbox 2258 820 3847 895">
    <p class='ocr_par' dir='ltr' id='par_1_10' title="bbox 2429 821 3847 895">
     <span class='ocr_line' id='line_1_10' title="bbox 2429 821 3847 895; baseline -0.001 -17"><span class='ocrx_word' id='word_1_68' title='bbox 2429 847 2447 878; x_wconf 83' lang='grc' dir='ltr'><strong>ι</strong></span> <span class='ocrx_word' id='word_1_69' title='bbox 2487 827 2544 878; x_wconf 87' lang='lat'><strong>&#39;0</strong></span> <span class='ocrx_word' id='word_1_70' title='bbox 2583 824 2938 895; x_wconf 75' lang='grc' dir='ltr'>ἠγαπημένος</span> <span class='ocrx_word' id='word_1_71' title='bbox 2962 821 3068 876; x_wconf 76' lang='grc' dir='ltr'>ὑπὸ</span> <span class='ocrx_word' id='word_1_72' title='bbox 3095 821 3327 892; x_wconf 85' lang='grc' dir='ltr'>Κυρίου,</span> <span class='ocrx_word' id='word_1_73' title='bbox 3356 821 3742 891; x_wconf 78' lang='grc' dir='ltr'><strong>κατασκηνώσει</strong></span> <span class='ocrx_word' id='word_1_74' title='bbox 3780 843 3847 877; x_wconf 71' lang='lat'><strong>:5-</strong></span> 
     </span>
    </p>
   </div>
   <div class='ocr_carea' id='block_1_11' title="bbox 669 911 2258 982">
    <p class='ocr_par' dir='ltr' id='par_1_11' title="bbox 669 912 2246 981">
     <span class='ocr_line' id='line_1_11' title="bbox 669 912 2246 981; baseline -0.004 -9"><span class='ocrx_word' id='word_1_75' title='bbox 669 935 764 981; x_wconf 90' lang='lat' dir='ltr'><strong>no,</strong></span> <span class='ocrx_word' id='word_1_76' title='bbox 797 917 1068 973; x_wconf 75' lang='lat' dir='ltr'><strong>habitabit</strong></span> <span class='ocrx_word' id='word_1_77' title='bbox 1108 917 1448 971; x_wconf 83' lang='lat' dir='ltr'><strong>conﬁdenter</strong></span> <span class='ocrx_word' id='word_1_78' title='bbox 1482 933 1494 969; x_wconf 93' lang='lat'><strong>:</strong></span> <span class='ocrx_word' id='word_1_79' title='bbox 1524 923 1578 969; x_wconf 90' lang='lat' dir='ltr'><strong>et</strong></span> <span class='ocrx_word' id='word_1_80' title='bbox 1606 915 1752 969; x_wconf 87' lang='lat' dir='ltr'><strong>Deus</strong></span> <span class='ocrx_word' id='word_1_81' title='bbox 1803 912 2101 968; x_wconf 88' lang='lat' dir='ltr'><strong>obumbrat</strong></span> <span class='ocrx_word' id='word_1_82' title='bbox 2120 928 2246 966; x_wconf 89' lang='lat' dir='ltr'><strong>eum</strong></span> 
     </span>
    </p>
   </div>
   <div class='ocr_carea' id='block_1_12' title="bbox 2260 911 3849 982">
    <p class='ocr_par' dir='ltr' id='par_1_12' title="bbox 2351 911 3849 982">
     <span class='ocr_line' id='line_1_12' title="bbox 2351 911 3849 982; baseline -0.002 -14"><span class='ocrx_word' id='word_1_83' title='bbox 2351 913 2577 980; x_wconf 86' lang='grc' dir='ltr'>ποιθὼς,</span> <span class='ocrx_word' id='word_1_84' title='bbox 2607 914 2703 967; x_wconf 75' lang='grc' dir='ltr'><strong>καὶ</strong></span> <span class='ocrx_word' id='word_1_85' title='bbox 2731 913 2760 965; x_wconf 89' lang='grc' dir='ltr'>ὁ</span> <span class='ocrx_word' id='word_1_86' title='bbox 2783 912 2915 975; x_wconf 81' lang='grc' dir='ltr'>Θεὸς</span> <span class='ocrx_word' id='word_1_87' title='bbox 2944 912 3159 977; x_wconf 76' lang='grc' dir='ltr'>σκιάζει</span> <span class='ocrx_word' id='word_1_88' title='bbox 3182 911 3270 964; x_wconf 70' lang='grc' dir='ltr'><strong>ἐπ’</strong></span> <span class='ocrx_word' id='word_1_89' title='bbox 3297 911 3446 981; x_wconf 75' lang='grc' dir='ltr'>αὐτῷ</span> <span class='ocrx_word' id='word_1_90' title='bbox 3477 912 3646 974; x_wconf 84' lang='grc' dir='ltr'>πάσας</span> <span class='ocrx_word' id='word_1_91' title='bbox 3667 914 3849 982; x_wconf 43' lang='lat' dir='ltr'><strong>etimi-</strong></span> 
     </span>
    </p>
   </div>
   <div class='ocr_carea' id='block_1_13' title="bbox 669 1011 2258 1081">
    <p class='ocr_par' dir='ltr' id='par_1_13' title="bbox 669 1011 1224 1064">
     <span class='ocr_line' id='line_1_13' title="bbox 669 1011 1224 1064; baseline -0.007 0"><span class='ocrx_word' id='word_1_92' title='bbox 669 1011 924 1064; x_wconf 89' lang='lat' dir='ltr'><strong>omnibus</strong></span> <span class='ocrx_word' id='word_1_93' title='bbox 949 1011 1158 1064; x_wconf 88' lang='lat' dir='ltr'><strong>diebus.</strong></span> <span class='ocrx_word' id='word_1_94' title='bbox 1205 1028 1224 1060; x_wconf 71' lang='grc' dir='ltr'><strong>ι</strong></span> 
     </span>
    </p>
   </div>
   <div class='ocr_carea' id='block_1_14' title="bbox 940 1011 2529 1081">
    <p class='ocr_par' dir='ltr' id='par_1_14' title="bbox 949 1011 2529 1081">
     <span class='ocr_line' id='line_1_14' title="bbox 949 1011 2529 1081; baseline -0.003 -19"><span class='ocrx_word' id='word_1_95' title='bbox 949 1011 1158 1064; x_wconf 89' lang='lat' dir='ltr'><strong>diebus.</strong></span> <span class='ocrx_word' id='word_1_96' title='bbox 1205 1028 1224 1060; x_wconf 71' lang='grc' dir='ltr'><strong>ι</strong></span> <span class='ocrx_word' id='word_1_97' title='bbox 2353 1026 2470 1081; x_wconf 79' lang='grc' dir='ltr'>ρας.</span> <span class='ocrx_word' id='word_1_98' title='bbox 2513 1025 2529 1058; x_wconf 78' lang='grc' dir='ltr'><strong>ι</strong></span> 
     </span>
    </p>
   </div>
   <div class='ocr_carea' id='block_1_15' title="bbox 719 1089 2308 1170">
    <p class='ocr_par' dir='ltr' id='par_1_15' title="bbox 719 1089 2248 1170">
     <span class='ocr_line' id='line_1_15' title="bbox 719 1089 2248 1170; baseline -0.005 -16"><span class='ocrx_word' id='word_1_99' title='bbox 719 1089 758 1154; x_wconf 64' lang='grc' dir='ltr'><em>Τ</em></span> <span class='ocrx_word' id='word_1_100' title='bbox 781 1100 904 1170; x_wconf 83' lang='lat' dir='ltr'><strong>Reg.</strong></span> <span class='ocrx_word' id='word_1_101' title='bbox 929 1116 1041 1159; x_wconf 77' lang='lat' dir='ltr'><strong>xw,</strong></span> <span class='ocrx_word' id='word_1_102' title='bbox 1077 1100 1163 1152; x_wconf 83' lang='grc'><strong>12.</strong></span> <span class='ocrx_word' id='word_1_103' title='bbox 1201 1130 1270 1139; x_wconf 88' lang='grc'><strong><em>-</em></strong></span> <span class='ocrx_word' id='word_1_104' title='bbox 1308 1119 1326 1149; x_wconf 81' lang='grc' dir='ltr'><strong>ι</strong></span> <span class='ocrx_word' id='word_1_105' title='bbox 1355 1097 1501 1151; x_wconf 85' lang='lat' dir='ltr'><strong>Dixit</strong></span> <span class='ocrx_word' id='word_1_106' title='bbox 1521 1095 1781 1150; x_wconf 90' lang='lat' dir='ltr'><strong>Dominus</strong></span> <span class='ocrx_word' id='word_1_107' title='bbox 1807 1095 1872 1149; x_wconf 88' lang='lat' dir='ltr'><strong>ad</strong></span> <span class='ocrx_word' id='word_1_108' title='bbox 1908 1092 2248 1150; x_wconf 88' lang='lat' dir='ltr'><strong>Samueletn:</strong></span> 
     </span>
    </p>
   </div>
   <div class='ocr_carea' id='block_1_16' title="bbox 2258 1089 3847 1170">
    <p class='ocr_par' dir='ltr' id='par_1_16' title="bbox 2427 1093 3847 1168">
     <span class='ocr_line' id='line_1_16' title="bbox 2427 1093 3847 1168; baseline -0.003 -16"><span class='ocrx_word' id='word_1_109' title='bbox 2427 1121 2444 1151; x_wconf 89' lang='grc' dir='ltr'><strong>ι</strong></span> <span class='ocrx_word' id='word_1_110' title='bbox 2481 1096 2613 1152; x_wconf 83' lang='grc' dir='ltr'>Εἷπε</span> <span class='ocrx_word' id='word_1_111' title='bbox 2650 1097 2856 1167; x_wconf 80' lang='grc' dir='ltr'>Κύριος</span> <span class='ocrx_word' id='word_1_112' title='bbox 2903 1095 3040 1166; x_wconf 81' lang='grc' dir='ltr'>πρὸς</span> <span class='ocrx_word' id='word_1_113' title='bbox 3087 1093 3342 1166; x_wconf 75' lang='grc' dir='ltr'>Σαμουήλ</span> <span class='ocrx_word' id='word_1_114' title='bbox 3372 1111 3388 1126; x_wconf 88' lang='grc'><strong>·</strong></span> <span class='ocrx_word' id='word_1_115' title='bbox 3438 1096 3678 1161; x_wconf 78' lang='grc' dir='ltr'><strong>Ἀνάστα,</strong></span> <span class='ocrx_word' id='word_1_116' title='bbox 3718 1097 3847 1168; x_wconf 72' lang='grc' dir='ltr'>χρίειν</span> 
     </span>
    </p>
   </div>
   <div class='ocr_carea' id='block_1_17' title="bbox 672 1189 2261 1264">
    <p class='ocr_par' dir='ltr' id='par_1_17' title="bbox 672 1190 1852 1264">
     <span class='ocr_line' id='line_1_17' title="bbox 672 1190 1852 1264; baseline -0.007 -16"><span class='ocrx_word' id='word_1_117' title='bbox 672 1193 869 1264; x_wconf 84' lang='lat' dir='ltr'><strong>Surge.</strong></span> <span class='ocrx_word' id='word_1_118' title='bbox 921 1210 1060 1264; x_wconf 90' lang='lat' dir='ltr'><strong>unge</strong></span> <span class='ocrx_word' id='word_1_119' title='bbox 1098 1191 1292 1258; x_wconf 79' lang='lat' dir='ltr'><strong>David,</strong></span> <span class='ocrx_word' id='word_1_120' title='bbox 1331 1191 1458 1261; x_wconf 83' lang='lat' dir='ltr'><strong>quia</strong></span> <span class='ocrx_word' id='word_1_121' title='bbox 1486 1190 1667 1245; x_wconf 89' lang='lat' dir='ltr'><strong>bonus</strong></span> <span class='ocrx_word' id='word_1_122' title='bbox 1693 1199 1800 1246; x_wconf 86' lang='lat' dir='ltr'><strong>est.</strong></span> <span class='ocrx_word' id='word_1_123' title='bbox 1835 1207 1852 1240; x_wconf 75' lang='grc' dir='ltr'><strong>ι</strong></span> 
     </span>
    </p>
   </div>
   <div class='ocr_carea' id='block_1_18' title="bbox 1675 1189 3264 1264">
    <p class='ocr_par' dir='ltr' id='par_1_18' title="bbox 1693 1189 3264 1256">
     <span class='ocr_line' id='line_1_18' title="bbox 1693 1189 3264 1256; baseline -0.003 -12"><span class='ocrx_word' id='word_1_124' title='bbox 1693 1199 1800 1246; x_wconf 85' lang='lat' dir='ltr'><strong>est.</strong></span> <span class='ocrx_word' id='word_1_125' title='bbox 1835 1207 1852 1240; x_wconf 76' lang='grc' dir='ltr'><strong>ι</strong></span> <span class='ocrx_word' id='word_1_126' title='bbox 2348 1191 2439 1245; x_wconf 81' lang='grc' dir='ltr'><strong>τὸν</strong></span> <span class='ocrx_word' id='word_1_127' title='bbox 2467 1191 2650 1250; x_wconf 69' lang='grc' dir='ltr'>Δαϐὶδ,</span> <span class='ocrx_word' id='word_1_128' title='bbox 2686 1191 2766 1243; x_wconf 86' lang='grc' dir='ltr'>ὅτι</span> <span class='ocrx_word' id='word_1_129' title='bbox 2799 1189 3002 1256; x_wconf 84' lang='grc' dir='ltr'>ἁγαθός</span> <span class='ocrx_word' id='word_1_130' title='bbox 3031 1191 3201 1242; x_wconf 75' lang='grc' dir='ltr'>ἐστιν.</span> <span class='ocrx_word' id='word_1_131' title='bbox 3246 1207 3264 1239; x_wconf 75' lang='grc' dir='ltr'><strong>ι</strong></span> 
     </span>
    </p>
   </div>
   <div class='ocr_carea' id='block_1_19' title="bbox 743 1277 2332 1354">
    <p class='ocr_par' dir='ltr' id='par_1_19' title="bbox 743 1277 2247 1354">
     <span class='ocr_line' id='line_1_19' title="bbox 743 1277 2247 1354; baseline -0.005 -16"><span class='ocrx_word' id='word_1_132' title='bbox 743 1285 898 1339; x_wconf 75' lang='lat' dir='ltr'><strong>Psal.</strong></span> <span class='ocrx_word' id='word_1_133' title='bbox 933 1301 1118 1349; x_wconf 74' lang='lat' dir='ltr'><strong>xxxw,</strong></span> <span class='ocrx_word' id='word_1_134' title='bbox 1141 1285 1231 1339; x_wconf 83' lang='lat'><strong>25.</strong></span> <span class='ocrx_word' id='word_1_135' title='bbox 1253 1313 1324 1324; x_wconf 88' lang='lat'><strong>——</strong></span> <span class='ocrx_word' id='word_1_136' title='bbox 1357 1302 1376 1335; x_wconf 84' lang='grc' dir='ltr'><strong>ι</strong></span> <span class='ocrx_word' id='word_1_137' title='bbox 1417 1281 1607 1338; x_wconf 79' lang='lat' dir='ltr'><strong>Junior</strong></span> <span class='ocrx_word' id='word_1_138' title='bbox 1641 1283 1717 1336; x_wconf 80' lang='lat' dir='ltr'><strong>fui</strong></span> <span class='ocrx_word' id='word_1_139' title='bbox 1753 1282 1772 1354; x_wconf 94' lang='lat'><strong>(</strong></span> <span class='ocrx_word' id='word_1_140' title='bbox 1804 1280 2007 1337; x_wconf 90' lang='lat' dir='ltr'><strong>etenim</strong></span> <span class='ocrx_word' id='word_1_141' title='bbox 2042 1278 2197 1335; x_wconf 88' lang='lat' dir='ltr'><strong>senui</strong></span> <span class='ocrx_word' id='word_1_142' title='bbox 2227 1277 2247 1348; x_wconf 93' lang='lat'>)</span> 
     </span>
    </p>
   </div>
   <div class='ocr_carea' id='block_1_20' title="bbox 2260 1277 3849 1354">
    <p class='ocr_par' dir='ltr' id='par_1_20' title="bbox 2427 1279 3849 1352">
     <span class='ocr_line' id='line_1_20' title="bbox 2427 1279 3849 1352; baseline -0.003 -18"><span class='ocrx_word' id='word_1_143' title='bbox 2427 1302 2444 1334; x_wconf 85' lang='grc' dir='ltr'><strong>ι</strong></span> <span class='ocrx_word' id='word_1_144' title='bbox 2482 1281 2761 1352; x_wconf 84' lang='grc' dir='ltr'>Νεώτερος</span> <span class='ocrx_word' id='word_1_145' title='bbox 2805 1280 3074 1351; x_wconf 79' lang='grc' dir='ltr'>ἐγενόμην</span> <span class='ocrx_word' id='word_1_146' title='bbox 3101 1298 3114 1310; x_wconf 87' lang='grc'><strong>·</strong></span> <span class='ocrx_word' id='word_1_147' title='bbox 3169 1279 3268 1333; x_wconf 58' lang='grc' dir='ltr'><strong>καὶ⁵</strong></span> <span class='ocrx_word' id='word_1_148' title='bbox 3305 1295 3415 1350; x_wconf 84' lang='grc' dir='ltr'><strong>γαρ</strong></span> <span class='ocrx_word' id='word_1_149' title='bbox 3473 1281 3703 1350; x_wconf 81' lang='grc' dir='ltr'>ὲγήρασα</span> <span class='ocrx_word' id='word_1_150' title='bbox 3727 1295 3741 1313; x_wconf 77' lang='grc'><strong><em>⁸</em></strong></span> <span class='ocrx_word' id='word_1_151' title='bbox 3786 1285 3849 1333; x_wconf 73' lang='lat' dir='ltr'><strong>ni</strong></span> 
     </span>
    </p>
   </div>
   <div class='ocr_carea' id='block_1_21' title="bbox 670 1369 2259 1443">
    <p class='ocr_par' dir='ltr' id='par_1_21' title="bbox 670 1370 2250 1443">
     <span class='ocr_line' id='line_1_21' title="bbox 670 1370 2250 1443; baseline -0.005 -15"><span class='ocrx_word' id='word_1_152' title='bbox 670 1384 725 1429; x_wconf 87' lang='lat' dir='ltr'><strong>et</strong></span> <span class='ocrx_word' id='word_1_153' title='bbox 754 1391 860 1429; x_wconf 89' lang='lat' dir='ltr'><strong>non</strong></span> <span class='ocrx_word' id='word_1_154' title='bbox 893 1377 1001 1429; x_wconf 88' lang='lat' dir='ltr'><strong>vidi</strong></span> <span class='ocrx_word' id='word_1_155' title='bbox 1031 1378 1243 1443; x_wconf 88' lang='lat' dir='ltr'><strong>justum</strong></span> <span class='ocrx_word' id='word_1_156' title='bbox 1284 1374 1631 1428; x_wconf 91' lang='lat' dir='ltr'><strong>derelictum.</strong></span> <span class='ocrx_word' id='word_1_157' title='bbox 1679 1371 1820 1427; x_wconf 85' lang='lat' dir='ltr'><strong>Justi</strong></span> <span class='ocrx_word' id='word_1_158' title='bbox 1847 1370 2250 1426; x_wconf 68' lang='lat' dir='ltr'><strong>haareditabunt</strong></span> 
     </span>
    </p>
   </div>
   <div class='ocr_carea' id='block_1_22' title="bbox 2261 1369 3850 1443">
    <p class='ocr_par' dir='ltr' id='par_1_22' title="bbox 2349 1369 3850 1441">
     <span class='ocr_line' id='line_1_22' title="bbox 2349 1369 3850 1441; baseline -0.005 -14"><span class='ocrx_word' id='word_1_159' title='bbox 2349 1375 2448 1428; x_wconf 77' lang='grc' dir='ltr'><strong>οὐκ</strong></span> <span class='ocrx_word' id='word_1_160' title='bbox 2483 1369 2622 1427; x_wconf 78' lang='grc' dir='ltr'>εἶδον</span> <span class='ocrx_word' id='word_1_161' title='bbox 2641 1374 2852 1427; x_wconf 81' lang='grc' dir='ltr'>δίκαιον</span> <span class='ocrx_word' id='word_1_162' title='bbox 2889 1371 3481 1441; x_wconf 76' lang='grc' dir='ltr'>ἐγκαταλελειμμένον.</span> <span class='ocrx_word' id='word_1_163' title='bbox 3542 1371 3728 1424; x_wconf 83' lang='grc' dir='ltr'>Δίκαιοι</span> <span class='ocrx_word' id='word_1_164' title='bbox 3767 1373 3850 1440; x_wconf 54' lang='lat' dir='ltr'><strong>in,</strong></span> 
     </span>
    </p>
   </div>
   <div class='ocr_carea' id='block_1_23' title="bbox 672 1463 2261 1538">
    <p class='ocr_par' dir='ltr' id='par_1_23' title="bbox 672 1465 2250 1535">
     <span class='ocr_line' id='line_1_23' title="bbox 672 1465 2250 1535; baseline -0.001 -17"><span class='ocrx_word' id='word_1_165' title='bbox 672 1475 896 1521; x_wconf 89' lang='lat' dir='ltr'><strong>terram.</strong></span> <span class='ocrx_word' id='word_1_166' title='bbox 960 1465 1124 1520; x_wconf 89' lang='lat' dir='ltr'><strong>Salus</strong></span> <span class='ocrx_word' id='word_1_167' title='bbox 1172 1467 1448 1535; x_wconf 87' lang='lat' dir='ltr'><strong>justorum</strong></span> <span class='ocrx_word' id='word_1_168' title='bbox 1487 1481 1517 1519; x_wconf 86' lang='lat' dir='ltr'><strong>a</strong></span> <span class='ocrx_word' id='word_1_169' title='bbox 1566 1465 1820 1532; x_wconf 91' lang='lat' dir='ltr'><strong>Domino,</strong></span> <span class='ocrx_word' id='word_1_170' title='bbox 1862 1475 1917 1520; x_wconf 90' lang='lat' dir='ltr'><strong>et</strong></span> <span class='ocrx_word' id='word_1_171' title='bbox 1972 1469 2250 1535; x_wconf 84' lang='lat' dir='ltr'><strong>protector</strong></span> 
     </span>
    </p>
   </div>
   <div class='ocr_carea' id='block_1_24' title="bbox 2260 1463 3849 1538">
    <p class='ocr_par' dir='ltr' id='par_1_24' title="bbox 2353 1463 3849 1538">
     <span class='ocr_line' id='line_1_24' title="bbox 2353 1463 3849 1538; baseline -0.002 -18"><span class='ocrx_word' id='word_1_172' title='bbox 2353 1468 2714 1538; x_wconf 81' lang='grc' dir='ltr'>ρονομήσουσι</span> <span class='ocrx_word' id='word_1_173' title='bbox 2739 1465 2835 1536; x_wconf 77' lang='grc' dir='ltr'><strong>τὴν</strong></span> <span class='ocrx_word' id='word_1_174' title='bbox 2864 1465 2989 1534; x_wconf 82' lang='grc' dir='ltr'>γῆν.</span> <span class='ocrx_word' id='word_1_175' title='bbox 3047 1464 3302 1534; x_wconf 84' lang='grc' dir='ltr'>Σωτηρία</span> <span class='ocrx_word' id='word_1_176' title='bbox 3344 1464 3456 1516; x_wconf 85' lang='grc' dir='ltr'><strong>τῶν</strong></span> <span class='ocrx_word' id='word_1_177' title='bbox 3499 1463 3703 1516; x_wconf 81' lang='grc' dir='ltr'>δικαίων</span> <span class='ocrx_word' id='word_1_178' title='bbox 3745 1467 3849 1531; x_wconf 65' lang='grc' dir='ltr'>παρὰ</span> 
     </span>
    </p>
   </div>
   <div class='ocr_carea' id='block_1_25' title="bbox 673 1556 3572 1632">
    <p class='ocr_par' dir='ltr' id='par_1_25' title="bbox 673 1556 3572 1632">
     <span class='ocr_line' id='line_1_25' title="bbox 673 1556 3572 1632; baseline -0.002 -20"><span class='ocrx_word' id='word_1_179' title='bbox 673 1575 864 1613; x_wconf 89' lang='lat' dir='ltr'><strong>eorum</strong></span> <span class='ocrx_word' id='word_1_180' title='bbox 897 1569 980 1614; x_wconf 90' lang='lat' dir='ltr'><strong>est</strong></span> <span class='ocrx_word' id='word_1_181' title='bbox 1018 1601 1033 1625; x_wconf 91' lang='lat'><strong>,</strong></span> <span class='ocrx_word' id='word_1_182' title='bbox 1077 1577 1094 1610; x_wconf 78' lang='grc' dir='ltr'><strong>ι</strong></span> <span class='ocrx_word' id='word_1_183' title='bbox 1132 1568 1238 1613; x_wconf 85' lang='lat' dir='ltr'><strong>etc.</strong></span> <span class='ocrx_word' id='word_1_184' title='bbox 2350 1559 2578 1632; x_wconf 81' lang='grc' dir='ltr'>Κυρίου,</span> <span class='ocrx_word' id='word_1_185' title='bbox 2613 1560 2706 1611; x_wconf 75' lang='grc' dir='ltr'>καὶ</span> <span class='ocrx_word' id='word_1_186' title='bbox 2735 1556 3110 1629; x_wconf 65' lang='grc' dir='ltr'>ὑπερασπιστὴς</span> <span class='ocrx_word' id='word_1_187' title='bbox 3140 1558 3321 1610; x_wconf 77' lang='grc' dir='ltr'>αὐτῶν</span> <span class='ocrx_word' id='word_1_188' title='bbox 3345 1557 3513 1609; x_wconf 72' lang='grc' dir='ltr'>ἐστιν.</span> <span class='ocrx_word' id='word_1_189' title='bbox 3555 1575 3572 1607; x_wconf 73' lang='grc' dir='ltr'><strong>ι</strong></span> 
     </span>
    </p>
   </div>
   <div class='ocr_carea' id='block_1_26' title="bbox 747 1648 2336 1722">
    <p class='ocr_par' dir='ltr' id='par_1_26' title="bbox 747 1648 2248 1721">
     <span class='ocr_line' id='line_1_26' title="bbox 747 1648 2248 1721; baseline 0.001 -18"><span class='ocrx_word' id='word_1_190' title='bbox 747 1651 900 1706; x_wconf 77' lang='lat' dir='ltr'><strong>Psal.</strong></span> <span class='ocrx_word' id='word_1_191' title='bbox 931 1668 1042 1716; x_wconf 73' lang='lat' dir='ltr'><strong>xei,</strong></span> <span class='ocrx_word' id='word_1_192' title='bbox 1082 1653 1166 1706; x_wconf 81' lang='grc'><strong>15.</strong></span> <span class='ocrx_word' id='word_1_193' title='bbox 1202 1681 1272 1692; x_wconf 90' lang='grc'><strong><em>-</em></strong></span> <span class='ocrx_word' id='word_1_194' title='bbox 1295 1669 1313 1700; x_wconf 89' lang='grc' dir='ltr'><strong>ι</strong></span> <span class='ocrx_word' id='word_1_195' title='bbox 1345 1649 1541 1705; x_wconf 87' lang='lat' dir='ltr'><strong>Justus</strong></span> <span class='ocrx_word' id='word_1_196' title='bbox 1575 1657 1634 1704; x_wconf 93' lang='lat' dir='ltr'><strong>ut</strong></span> <span class='ocrx_word' id='word_1_197' title='bbox 1657 1649 1838 1721; x_wconf 88' lang='lat' dir='ltr'><strong>palma</strong></span> <span class='ocrx_word' id='word_1_198' title='bbox 1863 1648 2102 1716; x_wconf 84' lang='lat' dir='ltr'><strong>ﬂorebit,</strong></span> <span class='ocrx_word' id='word_1_199' title='bbox 2131 1650 2248 1704; x_wconf 90' lang='lat' dir='ltr'><strong>sic-</strong></span> 
     </span>
    </p>
   </div>
   <div class='ocr_carea' id='block_1_27' title="bbox 2260 1648 3849 1722">
    <p class='ocr_par' dir='ltr' id='par_1_27' title="bbox 2427 1649 3849 1722">
     <span class='ocr_line' id='line_1_27' title="bbox 2427 1649 3849 1722; baseline -0.004 -17"><span class='ocrx_word' id='word_1_200' title='bbox 2427 1672 2444 1705; x_wconf 84' lang='lat' dir='ltr'><strong>t</strong></span> <span class='ocrx_word' id='word_1_201' title='bbox 2490 1653 2710 1716; x_wconf 78' lang='grc' dir='ltr'><strong>Δίκαιος</strong></span> <span class='ocrx_word' id='word_1_202' title='bbox 2736 1653 2812 1716; x_wconf 85' lang='grc' dir='ltr'>ὼς</span> <span class='ocrx_word' id='word_1_203' title='bbox 2839 1651 3016 1722; x_wconf 81' lang='grc' dir='ltr'>φοίνιξ</span> <span class='ocrx_word' id='word_1_204' title='bbox 3048 1651 3297 1722; x_wconf 77' lang='grc' dir='ltr'>ἀνθήσει,</span> <span class='ocrx_word' id='word_1_205' title='bbox 3325 1651 3463 1703; x_wconf 70' lang='grc' dir='ltr'>ὡσεὶ</span> <span class='ocrx_word' id='word_1_206' title='bbox 3495 1649 3671 1718; x_wconf 81' lang='grc' dir='ltr'>κέδρος</span> <span class='ocrx_word' id='word_1_207' title='bbox 3690 1650 3716 1718; x_wconf 80' lang='grc' dir='ltr'>ἡ</span> <span class='ocrx_word' id='word_1_208' title='bbox 3738 1650 3780 1701; x_wconf 78' lang='grc' dir='ltr'>ἐν</span> <span class='ocrx_word' id='word_1_209' title='bbox 3801 1650 3849 1716; x_wconf 72' lang='grc' dir='ltr'>τῷ</span> 
     </span>
    </p>
   </div>
   <div class='ocr_carea' id='block_1_28' title="bbox 672 1743 2261 1815">
    <p class='ocr_par' dir='ltr' id='par_1_28' title="bbox 672 1743 1763 1811">
     <span class='ocr_line' id='line_1_28' title="bbox 672 1743 1763 1811; baseline -0.003 -12"><span class='ocrx_word' id='word_1_210' title='bbox 672 1753 734 1799; x_wconf 87' lang='grc' dir='ltr'><strong>ιιι</strong></span> <span class='ocrx_word' id='word_1_211' title='bbox 762 1745 961 1799; x_wconf 87' lang='lat' dir='ltr'><strong>cedrus</strong></span> <span class='ocrx_word' id='word_1_212' title='bbox 996 1744 1190 1811; x_wconf 75' lang='lat' dir='ltr'><strong>quzein</strong></span> <span class='ocrx_word' id='word_1_213' title='bbox 1226 1743 1436 1796; x_wconf 82' lang='lat' dir='ltr'><strong>Libano</strong></span> <span class='ocrx_word' id='word_1_214' title='bbox 1461 1752 1568 1808; x_wconf 90' lang='lat' dir='ltr'><strong>est,</strong></span> <span class='ocrx_word' id='word_1_215' title='bbox 1604 1761 1622 1792; x_wconf 84' lang='grc'><strong>›</strong></span> <span class='ocrx_word' id='word_1_216' title='bbox 1656 1752 1763 1797; x_wconf 89' lang='lat' dir='ltr'><strong>etc.</strong></span> 
     </span>
    </p>
   </div>
   <div class='ocr_carea' id='block_1_29' title="bbox 1055 1743 2644 1815">
    <p class='ocr_par' dir='ltr' id='par_1_29' title="bbox 1055 1743 2644 1815">
     <span class='ocr_line' id='line_1_29' title="bbox 1055 1743 2644 1815; baseline 0.001 -20"><span class='ocrx_word' id='word_1_217' title='bbox 1055 1744 1190 1796; x_wconf 75' lang='lat' dir='ltr'><strong>Izein</strong></span> <span class='ocrx_word' id='word_1_218' title='bbox 1226 1743 1436 1796; x_wconf 81' lang='lat' dir='ltr'><strong>Libano</strong></span> <span class='ocrx_word' id='word_1_219' title='bbox 1461 1752 1568 1808; x_wconf 89' lang='lat' dir='ltr'><strong>est,</strong></span> <span class='ocrx_word' id='word_1_220' title='bbox 1604 1761 1622 1792; x_wconf 82' lang='grc'><strong>›</strong></span> <span class='ocrx_word' id='word_1_221' title='bbox 1656 1752 1763 1797; x_wconf 89' lang='lat' dir='ltr'><strong>etc.</strong></span> <span class='ocrx_word' id='word_1_222' title='bbox 2281 1808 2316 1815; x_wconf 89' lang='lat'><strong><em>_</em></strong></span> <span class='ocrx_word' id='word_1_223' title='bbox 2351 1744 2590 1815; x_wconf 81' lang='grc' dir='ltr'>Λιϐάνῳ.</span> <span class='ocrx_word' id='word_1_224' title='bbox 2627 1765 2644 1797; x_wconf 76' lang='grc' dir='ltr'><strong>ι</strong></span> 
     </span>
    </p>
   </div>
   <div class='ocr_carea' id='block_1_30' title="bbox 744 1808 2333 1905">
    <p class='ocr_par' dir='ltr' id='par_1_30' title="bbox 744 1808 2320 1905">
     <span class='ocr_line' id='line_1_30' title="bbox 744 1808 2320 1905; baseline 0.003 -19"><span class='ocrx_word' id='word_1_225' title='bbox 744 1833 900 1887; x_wconf 82' lang='lat' dir='ltr'><strong>Psal.</strong></span> <span class='ocrx_word' id='word_1_226' title='bbox 933 1808 1078 1898; x_wconf 78' lang='lat' dir='ltr'><strong>xcvi,</strong></span> <span class='ocrx_word' id='word_1_227' title='bbox 1104 1834 1191 1888; x_wconf 88' lang='grc'><strong>11.</strong></span> <span class='ocrx_word' id='word_1_228' title='bbox 1225 1853 1332 1886; x_wconf 86' lang='grc' dir='ltr'>-ι</span> <span class='ocrx_word' id='word_1_229' title='bbox 1366 1834 1486 1888; x_wconf 88' lang='lat' dir='ltr'><strong>Lux</strong></span> <span class='ocrx_word' id='word_1_230' title='bbox 1512 1843 1634 1888; x_wconf 91' lang='lat' dir='ltr'><strong>orta</strong></span> <span class='ocrx_word' id='word_1_231' title='bbox 1668 1842 1757 1890; x_wconf 90' lang='lat' dir='ltr'><strong>est</strong></span> <span class='ocrx_word' id='word_1_232' title='bbox 1787 1835 1965 1905; x_wconf 86' lang='lat' dir='ltr'><strong>justo,</strong></span> <span class='ocrx_word' id='word_1_233' title='bbox 1997 1845 2052 1892; x_wconf 90' lang='lat' dir='ltr'><strong>et</strong></span> <span class='ocrx_word' id='word_1_234' title='bbox 2076 1837 2247 1893; x_wconf 89' lang='lat' dir='ltr'><strong>rectis</strong></span> <span class='ocrx_word' id='word_1_235' title='bbox 2281 1808 2320 1862; x_wconf 74' lang='grc' dir='ltr'><strong>Β</strong></span> 
     </span>
    </p>
   </div>
   <div class='ocr_carea' id='block_1_31' title="bbox 2260 1808 3849 1905">
    <p class='ocr_par' dir='ltr' id='par_1_31' title="bbox 2281 1808 3849 1904">
     <span class='ocr_line' id='line_1_31' title="bbox 2281 1808 3849 1904; baseline -0.004 -15"><span class='ocrx_word' id='word_1_236' title='bbox 2281 1808 2320 1862; x_wconf 76' lang='grc' dir='ltr'><strong><em>Β</em></strong></span> <span class='ocrx_word' id='word_1_237' title='bbox 2426 1857 2445 1888; x_wconf 83' lang='grc' dir='ltr'><strong>ι</strong></span> <span class='ocrx_word' id='word_1_238' title='bbox 2478 1808 2596 1900; x_wconf 58' lang='lat' dir='ltr'><strong>(Ni);</strong></span> <span class='ocrx_word' id='word_1_239' title='bbox 2659 1834 2899 1890; x_wconf 79' lang='grc' dir='ltr'><strong>ἀνέτειλε</strong></span> <span class='ocrx_word' id='word_1_240' title='bbox 2949 1833 3028 1904; x_wconf 83' lang='grc' dir='ltr'>τῷ</span> <span class='ocrx_word' id='word_1_241' title='bbox 3072 1832 3290 1904; x_wconf 85' lang='grc' dir='ltr'>δικαίῳ,</span> <span class='ocrx_word' id='word_1_242' title='bbox 3341 1831 3442 1885; x_wconf 75' lang='grc' dir='ltr'>καὶ</span> <span class='ocrx_word' id='word_1_243' title='bbox 3489 1833 3598 1894; x_wconf 85' lang='grc' dir='ltr'>τοῖς</span> <span class='ocrx_word' id='word_1_244' title='bbox 3641 1831 3849 1898; x_wconf 70' lang='grc' dir='ltr'>εὑθέσιτῇ</span> 
     </span>
    </p>
   </div>
   <div class='ocr_carea' id='block_1_32' title="bbox 674 1925 2263 1999">
    <p class='ocr_par' dir='ltr' id='par_1_32' title="bbox 674 1925 1137 1979">
     <span class='ocr_line' id='line_1_32' title="bbox 674 1925 1137 1979; baseline -0.009 0"><span class='ocrx_word' id='word_1_245' title='bbox 674 1926 844 1979; x_wconf 87' lang='lat' dir='ltr'><strong>corde</strong></span> <span class='ocrx_word' id='word_1_246' title='bbox 874 1925 1055 1979; x_wconf 67' lang='lat' dir='ltr'><strong>laetitia</strong></span> <span class='ocrx_word' id='word_1_247' title='bbox 1090 1965 1104 1978; x_wconf 97' lang='lat'><strong>.</strong></span> <span class='ocrx_word' id='word_1_248' title='bbox 1119 1945 1137 1975; x_wconf 75' lang='grc' dir='ltr'><strong>ι</strong></span> 
     </span>
    </p>
   </div>
   <div class='ocr_carea' id='block_1_33' title="bbox 1378 1925 2967 1999">
    <p class='ocr_par' dir='ltr' id='par_1_33' title="bbox 2351 1927 2967 1999">
     <span class='ocr_line' id='line_1_33' title="bbox 2351 1927 2967 1999; baseline -0.006 -18"><span class='ocrx_word' id='word_1_249' title='bbox 2351 1929 2549 1999; x_wconf 75' lang='grc' dir='ltr'>καρδία</span> <span class='ocrx_word' id='word_1_250' title='bbox 2575 1927 2907 1997; x_wconf 80' lang='grc' dir='ltr'>εὐφροσύνη.</span> <span class='ocrx_word' id='word_1_251' title='bbox 2950 1945 2967 1977; x_wconf 72' lang='grc' dir='ltr'><strong>ι</strong></span> 
     </span>
    </p>
   </div>
   <div class='ocr_carea' id='block_1_34' title="bbox 748 2012 2337 2087">
    <p class='ocr_par' dir='ltr' id='par_1_34' title="bbox 748 2012 2250 2079">
     <span class='ocr_line' id='line_1_34' title="bbox 748 2012 2250 2079; baseline 0.002 -13"><span class='ocrx_word' id='word_1_252' title='bbox 748 2013 907 2067; x_wconf 74' lang='lat' dir='ltr'><strong>Psal.</strong></span> <span class='ocrx_word' id='word_1_253' title='bbox 928 2029 1038 2079; x_wconf 84' lang='lat' dir='ltr'><strong>cxt,</strong></span> <span class='ocrx_word' id='word_1_254' title='bbox 1069 2018 1124 2077; x_wconf 84' lang='lat'><strong>2,</strong></span> <span class='ocrx_word' id='word_1_255' title='bbox 1153 2015 1208 2074; x_wconf 73' lang='lat' dir='ltr'><strong>lt.</strong></span> <span class='ocrx_word' id='word_1_256' title='bbox 1239 2014 1290 2069; x_wconf 91' lang='lat'><strong>7.</strong></span> <span class='ocrx_word' id='word_1_257' title='bbox 1316 2043 1389 2052; x_wconf 93' lang='lat'><strong>—</strong></span> <span class='ocrx_word' id='word_1_258' title='bbox 1410 2032 1429 2064; x_wconf 81' lang='grc' dir='ltr'><strong>ι</strong></span> <span class='ocrx_word' id='word_1_259' title='bbox 1467 2012 1760 2070; x_wconf 88' lang='lat' dir='ltr'><strong>Generatio</strong></span> <span class='ocrx_word' id='word_1_260' title='bbox 1789 2022 2064 2070; x_wconf 87' lang='lat' dir='ltr'><strong>rectorum</strong></span> <span class='ocrx_word' id='word_1_261' title='bbox 2081 2015 2250 2071; x_wconf 89' lang='lat' dir='ltr'><strong>bene-</strong></span> 
     </span>
    </p>
   </div>
   <div class='ocr_carea' id='block_1_35' title="bbox 2262 2012 3851 2087">
    <p class='ocr_par' dir='ltr' id='par_1_35' title="bbox 2425 2013 3851 2087">
     <span class='ocr_line' id='line_1_35' title="bbox 2425 2013 3851 2087; baseline 0 -19"><span class='ocrx_word' id='word_1_262' title='bbox 2425 2038 2442 2068; x_wconf 79' lang='grc' dir='ltr'><strong>ι</strong></span> <span class='ocrx_word' id='word_1_263' title='bbox 2484 2019 2648 2072; x_wconf 82' lang='grc' dir='ltr'>Γενεὰ</span> <span class='ocrx_word' id='word_1_264' title='bbox 2677 2017 2878 2071; x_wconf 80' lang='grc' dir='ltr'>εὐθέων</span> <span class='ocrx_word' id='word_1_265' title='bbox 2900 2015 3350 2087; x_wconf 80' lang='grc' dir='ltr'>εὐλογηθήσεται.</span> <span class='ocrx_word' id='word_1_266' title='bbox 3381 2013 3519 2079; x_wconf 78' lang='grc' dir='ltr'>Δόξα</span> <span class='ocrx_word' id='word_1_267' title='bbox 3554 2014 3640 2067; x_wconf 67' lang='grc' dir='ltr'>καὶ</span> <span class='ocrx_word' id='word_1_268' title='bbox 3669 2013 3851 2075; x_wconf 59' lang='grc' dir='ltr'>πλοῦτκ.</span> 
     </span>
    </p>
   </div>
   <div class='ocr_carea' id='block_1_36' title="bbox 674 2103 2263 2179">
    <p class='ocr_par' dir='ltr' id='par_1_36' title="bbox 674 2103 2238 2171">
     <span class='ocr_line' id='line_1_36' title="bbox 674 2103 2238 2171; baseline 0.003 -13"><span class='ocrx_word' id='word_1_269' title='bbox 674 2105 906 2160; x_wconf 77' lang='lat' dir='ltr'><strong>dicetur.</strong></span> <span class='ocrx_word' id='word_1_270' title='bbox 941 2103 1126 2158; x_wconf 87' lang='lat' dir='ltr'><strong>Gloria</strong></span> <span class='ocrx_word' id='word_1_271' title='bbox 1161 2113 1214 2160; x_wconf 90' lang='lat' dir='ltr'><strong>et</strong></span> <span class='ocrx_word' id='word_1_272' title='bbox 1240 2106 1467 2171; x_wconf 65' lang='lat' dir='ltr'><strong>divitiae,</strong></span> <span class='ocrx_word' id='word_1_273' title='bbox 1500 2114 1605 2160; x_wconf 90' lang='lat' dir='ltr'><strong>etc.</strong></span> <span class='ocrx_word' id='word_1_274' title='bbox 1666 2105 1927 2160; x_wconf 81' lang='lat' dir='ltr'><strong>Exortum</strong></span> <span class='ocrx_word' id='word_1_275' title='bbox 1957 2117 2040 2162; x_wconf 91' lang='lat' dir='ltr'><strong>est</strong></span> <span class='ocrx_word' id='word_1_276' title='bbox 2067 2108 2120 2161; x_wconf 89' lang='lat' dir='ltr'><strong>in</strong></span> <span class='ocrx_word' id='word_1_277' title='bbox 2152 2117 2238 2162; x_wconf 85' lang='lat' dir='ltr'><strong>te-</strong></span> 
     </span>
    </p>
   </div>
   <div class='ocr_carea' id='block_1_37' title="bbox 2260 2103 3849 2179">
    <p class='ocr_par' dir='ltr' id='par_1_37' title="bbox 2352 2105 3849 2179">
     <span class='ocr_line' id='line_1_37' title="bbox 2352 2105 3849 2179; baseline -0.007 -14"><span class='ocrx_word' id='word_1_278' title='bbox 2352 2111 2684 2179; x_wconf 80' lang='grc' dir='ltr'>Ἐξανέτειλε</span> <span class='ocrx_word' id='word_1_279' title='bbox 2715 2108 2832 2177; x_wconf 82' lang='grc' dir='ltr'><strong>φῶς</strong></span> <span class='ocrx_word' id='word_1_280' title='bbox 2871 2111 2927 2162; x_wconf 98' lang='lat' dir='ltr'><strong>tv</strong></span> <span class='ocrx_word' id='word_1_281' title='bbox 2963 2108 3146 2161; x_wconf 81' lang='grc' dir='ltr'>σκότει</span> <span class='ocrx_word' id='word_1_282' title='bbox 3198 2110 3310 2170; x_wconf 88' lang='grc' dir='ltr'>τοῖς</span> <span class='ocrx_word' id='word_1_283' title='bbox 3374 2106 3606 2168; x_wconf 83' lang='grc' dir='ltr'>εὑθέσιν,</span> <span class='ocrx_word' id='word_1_284' title='bbox 3653 2105 3849 2173; x_wconf 71' lang='grc' dir='ltr'>ἐλεήμων.</span> 
     </span>
    </p>
   </div>
   <div class='ocr_carea' id='block_1_38' title="bbox 679 2196 2268 2276">
    <p class='ocr_par' dir='ltr' id='par_1_38' title="bbox 679 2196 2250 2263">
     <span class='ocr_line' id='line_1_38' title="bbox 679 2196 2250 2263; baseline 0.002 -14"><span class='ocrx_word' id='word_1_285' title='bbox 679 2196 864 2251; x_wconf 90' lang='lat' dir='ltr'><strong>nebris</strong></span> <span class='ocrx_word' id='word_1_286' title='bbox 899 2197 1082 2251; x_wconf 90' lang='lat' dir='ltr'><strong>lumen</strong></span> <span class='ocrx_word' id='word_1_287' title='bbox 1108 2196 1294 2263; x_wconf 88' lang='lat' dir='ltr'><strong>rectis,</strong></span> <span class='ocrx_word' id='word_1_288' title='bbox 1331 2197 1672 2262; x_wconf 87' lang='lat' dir='ltr'><strong>misericors,</strong></span> <span class='ocrx_word' id='word_1_289' title='bbox 1705 2205 1813 2252; x_wconf 77' lang='lat' dir='ltr'><strong>etc.</strong></span> <span class='ocrx_word' id='word_1_290' title='bbox 1844 2198 1905 2252; x_wconf 91' lang='lat' dir='ltr'><strong>In</strong></span> <span class='ocrx_word' id='word_1_291' title='bbox 1981 2200 2250 2254; x_wconf 88' lang='lat' dir='ltr'><strong>memoria</strong></span> 
     </span>
    </p>
   </div>
   <div class='ocr_carea' id='block_1_39' title="bbox 2259 2196 3848 2276">
    <p class='ocr_par' dir='ltr' id='par_1_39' title="bbox 2352 2196 3848 2276">
     <span class='ocr_line' id='line_1_39' title="bbox 2352 2196 3848 2276; baseline -0.007 -19"><span class='ocrx_word' id='word_1_292' title='bbox 2352 2204 2448 2268; x_wconf 81' lang='grc' dir='ltr'>Είς</span> <span class='ocrx_word' id='word_1_293' title='bbox 2473 2203 2820 2276; x_wconf 85' lang='grc' dir='ltr'>μνημόσυνον</span> <span class='ocrx_word' id='word_1_294' title='bbox 2847 2200 3068 2254; x_wconf 76' lang='grc' dir='ltr'>αἰώνιον</span> <span class='ocrx_word' id='word_1_295' title='bbox 3093 2200 3245 2253; x_wconf 78' lang='grc' dir='ltr'>ἔσται</span> <span class='ocrx_word' id='word_1_296' title='bbox 3279 2197 3514 2262; x_wconf 85' lang='grc' dir='ltr'>δίκαιος,</span> <span class='ocrx_word' id='word_1_297' title='bbox 3548 2197 3647 2250; x_wconf 77' lang='grc' dir='ltr'><strong>ἀπὺ</strong></span> <span class='ocrx_word' id='word_1_298' title='bbox 3674 2196 3848 2264; x_wconf 71' lang='grc' dir='ltr'>ἀκοῆς.»</span> 
     </span>
    </p>
   </div>
   <div class='ocr_carea' id='block_1_40' title="bbox 676 2289 1914 2358">
    <p class='ocr_par' dir='ltr' id='par_1_40' title="bbox 676 2289 1914 2358">
     <span class='ocr_line' id='line_1_40' title="bbox 676 2289 1914 2358; baseline 0 -16"><span class='ocrx_word' id='word_1_299' title='bbox 676 2297 880 2343; x_wconf 67' lang='lat' dir='ltr'><strong>mterna</strong></span> <span class='ocrx_word' id='word_1_300' title='bbox 914 2289 1021 2342; x_wconf 91' lang='lat' dir='ltr'><strong>erit</strong></span> <span class='ocrx_word' id='word_1_301' title='bbox 1049 2289 1270 2358; x_wconf 85' lang='lat' dir='ltr'><strong>justus;</strong></span> <span class='ocrx_word' id='word_1_302' title='bbox 1304 2289 1372 2342; x_wconf 90' lang='lat' dir='ltr'><strong>ab</strong></span> <span class='ocrx_word' id='word_1_303' title='bbox 1407 2289 1711 2352; x_wconf 84' lang='lat' dir='ltr'><strong>auditione,</strong></span> <span class='ocrx_word' id='word_1_304' title='bbox 1746 2309 1764 2340; x_wconf 72' lang='grc' dir='ltr'><strong>ι</strong></span> <span class='ocrx_word' id='word_1_305' title='bbox 1801 2300 1914 2343; x_wconf 88' lang='lat' dir='ltr'><strong>etc.</strong></span> 
     </span>
    </p>
   </div>
   <div class='ocr_carea' id='block_1_41' title="bbox 753 2376 2342 2456">
    <p class='ocr_par' dir='ltr' id='par_1_41' title="bbox 753 2376 2253 2441">
     <span class='ocr_line' id='line_1_41' title="bbox 753 2376 2253 2441; baseline 0.002 -11"><span class='ocrx_word' id='word_1_306' title='bbox 753 2376 904 2431; x_wconf 82' lang='lat' dir='ltr'><strong>Psal.</strong></span> <span class='ocrx_word' id='word_1_307' title='bbox 929 2393 1098 2441; x_wconf 79' lang='lat' dir='ltr'><strong>cxvn,</strong></span> <span class='ocrx_word' id='word_1_308' title='bbox 1128 2378 1214 2431; x_wconf 76' lang='grc'><strong>15.</strong></span> <span class='ocrx_word' id='word_1_309' title='bbox 1247 2406 1316 2417; x_wconf 90' lang='lat'><strong>—-</strong></span> <span class='ocrx_word' id='word_1_310' title='bbox 1369 2395 1388 2429; x_wconf 82' lang='grc' dir='ltr'><strong>ι</strong></span> <span class='ocrx_word' id='word_1_311' title='bbox 1428 2376 1544 2432; x_wconf 84' lang='lat' dir='ltr'><strong>Vox</strong></span> <span class='ocrx_word' id='word_1_312' title='bbox 1581 2378 1971 2434; x_wconf 83' lang='lat' dir='ltr'><strong>exsultationis</strong></span> <span class='ocrx_word' id='word_1_313' title='bbox 2001 2386 2057 2433; x_wconf 87' lang='lat' dir='ltr'><strong>et</strong></span> <span class='ocrx_word' id='word_1_314' title='bbox 2108 2380 2253 2434; x_wconf 87' lang='lat' dir='ltr'><strong>salu-</strong></span> 
     </span>
    </p>
   </div>
   <div class='ocr_carea' id='block_1_42' title="bbox 2263 2376 3852 2456">
    <p class='ocr_par' dir='ltr' id='par_1_42' title="bbox 2427 2379 3852 2456">
     <span class='ocr_line' id='line_1_42' title="bbox 2427 2379 3852 2456; baseline -0.001 -17"><span class='ocrx_word' id='word_1_315' title='bbox 2427 2405 2445 2438; x_wconf 85' lang='lat' dir='ltr'><strong>t</strong></span> <span class='ocrx_word' id='word_1_316' title='bbox 2481 2385 2638 2456; x_wconf 82' lang='grc' dir='ltr'>Φωνὴ</span> <span class='ocrx_word' id='word_1_317' title='bbox 2670 2383 3046 2453; x_wconf 84' lang='grc' dir='ltr'>ἀγαλλιάσεως</span> <span class='ocrx_word' id='word_1_318' title='bbox 3095 2384 3191 2436; x_wconf 74' lang='grc' dir='ltr'>καὶ</span> <span class='ocrx_word' id='word_1_319' title='bbox 3229 2382 3530 2454; x_wconf 83' lang='grc' dir='ltr'>σωτηρίας,</span> <span class='ocrx_word' id='word_1_320' title='bbox 3585 2382 3640 2434; x_wconf 84' lang='lat' dir='ltr'><strong>tv</strong></span> <span class='ocrx_word' id='word_1_321' title='bbox 3693 2379 3852 2446; x_wconf 62' lang='grc' dir='ltr'>σκηναῖς</span> 
     </span>
    </p>
   </div>
   <div class='ocr_carea' id='block_1_43' title="bbox 677 2469 2266 2538">
    <p class='ocr_par' dir='ltr' id='par_1_43' title="bbox 677 2469 1666 2538">
     <span class='ocr_line' id='line_1_43' title="bbox 677 2469 1666 2538; baseline 0 -15"><span class='ocrx_word' id='word_1_322' title='bbox 677 2472 769 2534; x_wconf 88' lang='lat' dir='ltr'><strong>tis,</strong></span> <span class='ocrx_word' id='word_1_323' title='bbox 803 2472 859 2524; x_wconf 92' lang='lat' dir='ltr'><strong>in</strong></span> <span class='ocrx_word' id='word_1_324' title='bbox 895 2469 1272 2524; x_wconf 87' lang='lat' dir='ltr'><strong>tabernaculis</strong></span> <span class='ocrx_word' id='word_1_325' title='bbox 1299 2469 1600 2538; x_wconf 87' lang='lat' dir='ltr'><strong>justorum.</strong></span> <span class='ocrx_word' id='word_1_326' title='bbox 1647 2489 1666 2523; x_wconf 70' lang='grc' dir='ltr'><strong>ι</strong></span> 
     </span>
    </p>
   </div>
   <div class='ocr_carea' id='block_1_44' title="bbox 1067 2469 2656 2538">
    <p class='ocr_par' dir='ltr' id='par_1_44' title="bbox 1069 2469 2656 2538">
     <span class='ocr_line' id='line_1_44' title="bbox 1069 2469 2656 2538; baseline 0.004 -16"><span class='ocrx_word' id='word_1_327' title='bbox 1069 2469 1272 2524; x_wconf 76' lang='lat' dir='ltr'><strong>iaculis</strong></span> <span class='ocrx_word' id='word_1_328' title='bbox 1299 2469 1600 2538; x_wconf 88' lang='lat' dir='ltr'><strong>justorum.</strong></span> <span class='ocrx_word' id='word_1_329' title='bbox 1647 2489 1666 2523; x_wconf 69' lang='grc' dir='ltr'><strong>ι</strong></span> <span class='ocrx_word' id='word_1_330' title='bbox 2351 2478 2596 2532; x_wconf 85' lang='grc' dir='ltr'>δικαίων.</span> <span class='ocrx_word' id='word_1_331' title='bbox 2638 2495 2656 2529; x_wconf 79' lang='grc' dir='ltr'><strong>ι</strong></span> 
     </span>
    </p>
   </div>
   <div class='ocr_carea' id='block_1_45' title="bbox 751 2563 2340 2640">
    <p class='ocr_par' dir='ltr' id='par_1_45' title="bbox 751 2563 2143 2633">
     <span class='ocr_line' id='line_1_45' title="bbox 751 2563 2143 2633; baseline -0.001 -18"><span class='ocrx_word' id='word_1_332' title='bbox 751 2563 902 2617; x_wconf 75' lang='lat' dir='ltr'><strong>Psal.</strong></span> <span class='ocrx_word' id='word_1_333' title='bbox 933 2577 1094 2626; x_wconf 79' lang='lat' dir='ltr'><strong>chv,</strong></span> <span class='ocrx_word' id='word_1_334' title='bbox 1125 2563 1179 2616; x_wconf 91' lang='lat'><strong>8.</strong></span> <span class='ocrx_word' id='word_1_335' title='bbox 1210 2593 1282 2602; x_wconf 96' lang='lat'><strong>—</strong></span> <span class='ocrx_word' id='word_1_336' title='bbox 1320 2581 1337 2613; x_wconf 85' lang='grc' dir='ltr'><strong>ι</strong></span> <span class='ocrx_word' id='word_1_337' title='bbox 1378 2563 1644 2619; x_wconf 88' lang='lat' dir='ltr'><strong>Dominus</strong></span> <span class='ocrx_word' id='word_1_338' title='bbox 1675 2563 1853 2633; x_wconf 79' lang='lat' dir='ltr'><strong>diligit</strong></span> <span class='ocrx_word' id='word_1_339' title='bbox 1887 2563 2089 2632; x_wconf 88' lang='lat' dir='ltr'><strong>justos.</strong></span> <span class='ocrx_word' id='word_1_340' title='bbox 2124 2581 2143 2614; x_wconf 72' lang='grc' dir='ltr'><strong>ι</strong></span> 
     </span>
    </p>
   </div>
   <div class='ocr_carea' id='block_1_46' title="bbox 1670 2563 3259 2640">
    <p class='ocr_par' dir='ltr' id='par_1_46' title="bbox 1675 2563 3259 2640">
     <span class='ocr_line' id='line_1_46' title="bbox 1675 2563 3259 2640; baseline -0.001 -22"><span class='ocrx_word' id='word_1_341' title='bbox 1675 2563 1853 2633; x_wconf 79' lang='lat' dir='ltr'><strong>diligit</strong></span> <span class='ocrx_word' id='word_1_342' title='bbox 1887 2563 2089 2632; x_wconf 88' lang='lat' dir='ltr'><strong>justos.</strong></span> <span class='ocrx_word' id='word_1_343' title='bbox 2124 2581 2143 2614; x_wconf 72' lang='grc' dir='ltr'><strong>ι</strong></span> <span class='ocrx_word' id='word_1_344' title='bbox 2428 2588 2447 2621; x_wconf 83' lang='grc' dir='ltr'><strong>ι</strong></span> <span class='ocrx_word' id='word_1_345' title='bbox 2487 2570 2691 2640; x_wconf 81' lang='grc' dir='ltr'>Κύριος</span> <span class='ocrx_word' id='word_1_346' title='bbox 2719 2568 2911 2639; x_wconf 85' lang='grc' dir='ltr'>ἀγαπᾷ</span> <span class='ocrx_word' id='word_1_347' title='bbox 2945 2565 3208 2630; x_wconf 88' lang='grc' dir='ltr'>δικαίους.</span> <span class='ocrx_word' id='word_1_348' title='bbox 3241 2584 3259 2617; x_wconf 77' lang='grc' dir='ltr'><strong>ι</strong></span> 
     </span>
    </p>
   </div>
   <div class='ocr_carea' id='block_1_47' title="bbox 749 2653 2338 2731">
    <p class='ocr_par' dir='ltr' id='par_1_47' title="bbox 749 2653 2249 2720">
     <span class='ocr_line' id='line_1_47' title="bbox 749 2653 2249 2720; baseline 0.001 -14"><span class='ocrx_word' id='word_1_349' title='bbox 749 2654 912 2709; x_wconf 84' lang='lat' dir='ltr'><strong>Prov.</strong></span> <span class='ocrx_word' id='word_1_350' title='bbox 946 2671 1000 2720; x_wconf 79' lang='grc' dir='ltr'><strong>ιι,</strong></span> <span class='ocrx_word' id='word_1_351' title='bbox 1073 2655 1225 2708; x_wconf 85' lang='grc'><strong>5.-</strong></span> <span class='ocrx_word' id='word_1_352' title='bbox 1261 2673 1278 2705; x_wconf 90' lang='grc' dir='ltr'><strong>ι</strong></span> <span class='ocrx_word' id='word_1_353' title='bbox 1331 2654 1454 2708; x_wconf 88' lang='grc' dir='ltr'>Νοιι</span> <span class='ocrx_word' id='word_1_354' title='bbox 1511 2655 1654 2709; x_wconf 81' lang='lat' dir='ltr'><strong>fame</strong></span> <span class='ocrx_word' id='word_1_355' title='bbox 1705 2654 1922 2709; x_wconf 89' lang='lat' dir='ltr'><strong>necabit</strong></span> <span class='ocrx_word' id='word_1_356' title='bbox 1978 2653 2249 2708; x_wconf 81' lang='lat' dir='ltr'><strong>Dominus</strong></span> 
     </span>
    </p>
   </div>
   <div class='ocr_carea' id='block_1_48' title="bbox 2264 2653 3853 2731">
    <p class='ocr_par' dir='ltr' id='par_1_48' title="bbox 2429 2654 3853 2731">
     <span class='ocr_line' id='line_1_48' title="bbox 2429 2654 3853 2731; baseline -0.004 -17"><span class='ocrx_word' id='word_1_357' title='bbox 2429 2681 2448 2714; x_wconf 81' lang='grc' dir='ltr'><strong>ι</strong></span> <span class='ocrx_word' id='word_1_358' title='bbox 2479 2663 2553 2715; x_wconf 80' lang='grc' dir='ltr'><strong>Οὐ</strong></span> <span class='ocrx_word' id='word_1_359' title='bbox 2594 2662 2977 2731; x_wconf 84' lang='grc' dir='ltr'>λιμοκτονήσει</span> <span class='ocrx_word' id='word_1_360' title='bbox 3028 2659 3231 2731; x_wconf 82' lang='grc' dir='ltr'>Κύριος</span> <span class='ocrx_word' id='word_1_361' title='bbox 3285 2656 3469 2729; x_wconf 77' lang='grc' dir='ltr'>ψυχὴν</span> <span class='ocrx_word' id='word_1_362' title='bbox 3513 2654 3853 2724; x_wconf 69' lang='grc' dir='ltr'>δικαίου.1]ητὴ</span> 
     </span>
    </p>
   </div>
   <div class='ocr_carea' id='block_1_49' title="bbox 679 2745 2268 2825">
    <p class='ocr_par' dir='ltr' id='par_1_49' title="bbox 679 2745 1976 2816">
     <span class='ocr_line' id='line_1_49' title="bbox 679 2745 1976 2816; baseline -0.001 -16"><span class='ocrx_word' id='word_1_363' title='bbox 679 2748 918 2801; x_wconf 88' lang='lat' dir='ltr'><strong>animam</strong></span> <span class='ocrx_word' id='word_1_364' title='bbox 950 2746 1104 2816; x_wconf 87' lang='lat' dir='ltr'><strong>justi.</strong></span> <span class='ocrx_word' id='word_1_365' title='bbox 1145 2745 1289 2802; x_wconf 84' lang='lat' dir='ltr'><strong>Fons</strong></span> <span class='ocrx_word' id='word_1_366' title='bbox 1317 2747 1443 2800; x_wconf 57' lang='lat' dir='ltr'><strong>vita!</strong></span> <span class='ocrx_word' id='word_1_367' title='bbox 1475 2748 1528 2800; x_wconf 93' lang='lat' dir='ltr'><strong>in</strong></span> <span class='ocrx_word' id='word_1_368' title='bbox 1558 2762 1724 2801; x_wconf 87' lang='lat' dir='ltr'><strong>manu</strong></span> <span class='ocrx_word' id='word_1_369' title='bbox 1745 2747 1882 2814; x_wconf 89' lang='lat' dir='ltr'><strong>justi</strong></span> <span class='ocrx_word' id='word_1_370' title='bbox 1913 2785 1928 2801; x_wconf 95' lang='lat'><strong>.</strong></span> <span class='ocrx_word' id='word_1_371' title='bbox 1956 2765 1976 2799; x_wconf 75' lang='grc' dir='ltr'><strong>ι</strong></span> 
     </span>
    </p>
   </div>
   <div class='ocr_carea' id='block_1_50' title="bbox 1493 2745 3082 2825">
    <p class='ocr_par' dir='ltr' id='par_1_50' title="bbox 1497 2747 3082 2825">
     <span class='ocr_line' id='line_1_50' title="bbox 1497 2747 3082 2825; baseline 0.003 -26"><span class='ocrx_word' id='word_1_372' title='bbox 1497 2762 1528 2799; x_wconf 85' lang='grc' dir='ltr'><strong>ιι</strong></span> <span class='ocrx_word' id='word_1_373' title='bbox 1558 2762 1724 2801; x_wconf 87' lang='lat' dir='ltr'><strong>manu</strong></span> <span class='ocrx_word' id='word_1_374' title='bbox 1745 2747 1882 2814; x_wconf 90' lang='lat' dir='ltr'><strong>justi</strong></span> <span class='ocrx_word' id='word_1_375' title='bbox 1913 2785 1928 2801; x_wconf 97' lang='lat'><strong>.</strong></span> <span class='ocrx_word' id='word_1_376' title='bbox 1956 2765 1976 2799; x_wconf 74' lang='grc' dir='ltr'><strong>ι</strong></span> <span class='ocrx_word' id='word_1_377' title='bbox 2353 2753 2499 2825; x_wconf 82' lang='grc' dir='ltr'><strong>ζωῆς</strong></span> <span class='ocrx_word' id='word_1_378' title='bbox 2526 2755 2584 2807; x_wconf 89' lang='lat' dir='ltr'><strong>tv</strong></span> <span class='ocrx_word' id='word_1_379' title='bbox 2617 2757 2762 2825; x_wconf 49' lang='grc' dir='ltr'><strong>χειρί⁵</strong></span> <span class='ocrx_word' id='word_1_380' title='bbox 2791 2754 3023 2807; x_wconf 83' lang='grc' dir='ltr'>δικαίου.</span> <span class='ocrx_word' id='word_1_381' title='bbox 3064 2771 3082 2804; x_wconf 76' lang='grc' dir='ltr'><strong>ι</strong></span> 
     </span>
    </p>
   </div>
   <div class='ocr_carea' id='block_1_51' title="bbox 753 2837 2342 2916">
    <p class='ocr_par' dir='ltr' id='par_1_51' title="bbox 753 2837 2253 2908">
     <span class='ocr_line' id='line_1_51' title="bbox 753 2837 2253 2908; baseline 0.002 -17"><span class='ocrx_word' id='word_1_382' title='bbox 753 2838 915 2892; x_wconf 86' lang='lat' dir='ltr'><strong>Prov.</strong></span> <span class='ocrx_word' id='word_1_383' title='bbox 949 2852 1069 2904; x_wconf 88' lang='lat' dir='ltr'><strong>xttt,</strong></span> <span class='ocrx_word' id='word_1_384' title='bbox 1107 2837 1198 2892; x_wconf 87' lang='grc'><strong>25.</strong></span> <span class='ocrx_word' id='word_1_385' title='bbox 1225 2867 1297 2878; x_wconf 90' lang='grc'><strong>-</strong></span> <span class='ocrx_word' id='word_1_386' title='bbox 1330 2855 1349 2889; x_wconf 87' lang='grc' dir='ltr'><strong>ι</strong></span> <span class='ocrx_word' id='word_1_387' title='bbox 1381 2837 1862 2892; x_wconf 87' lang='lat' dir='ltr'><strong>&#39;l‘besaurizantur</strong></span> <span class='ocrx_word' id='word_1_388' title='bbox 1912 2837 2084 2908; x_wconf 89' lang='lat' dir='ltr'><strong>justis</strong></span> <span class='ocrx_word' id='word_1_389' title='bbox 2111 2853 2253 2908; x_wconf 68' lang='lat' dir='ltr'><strong>“opes</strong></span> 
     </span>
    </p>
   </div>
   <div class='ocr_carea' id='block_1_52' title="bbox 2107 2837 3696 2916">
    <p class='ocr_par' dir='ltr' id='par_1_52' title="bbox 2111 2839 3696 2916">
     <span class='ocr_line' id='line_1_52' title="bbox 2111 2839 3696 2916; baseline -0.007 -15"><span class='ocrx_word' id='word_1_390' title='bbox 2111 2853 2253 2908; x_wconf 71' lang='grc' dir='ltr'>ὀρθε</span> <span class='ocrx_word' id='word_1_391' title='bbox 2429 2864 2450 2899; x_wconf 74' lang='grc' dir='ltr'><strong>ι</strong></span> <span class='ocrx_word' id='word_1_392' title='bbox 2478 2846 2881 2916; x_wconf 79' lang='grc' dir='ltr'>Θησαυρίζεται</span> <span class='ocrx_word' id='word_1_393' title='bbox 2907 2843 3138 2905; x_wconf 85' lang='grc' dir='ltr'>δικαίοις</span> <span class='ocrx_word' id='word_1_394' title='bbox 3170 2839 3403 2905; x_wconf 82' lang='grc' dir='ltr'>πλοῦτος</span> <span class='ocrx_word' id='word_1_395' title='bbox 3431 2839 3654 2894; x_wconf 85' lang='grc' dir='ltr'>ἀσεϐῶν.</span> <span class='ocrx_word' id='word_1_396' title='bbox 3682 2857 3696 2890; x_wconf 84' lang='grc' dir='ltr'><strong>ι</strong></span> 
     </span>
    </p>
   </div>
   <div class='ocr_carea' id='block_1_53' title="bbox 683 2931 1062 3001">
    <p class='ocr_par' dir='ltr' id='par_1_53' title="bbox 683 2931 1062 3001">
     <span class='ocr_line' id='line_1_53' title="bbox 683 2931 1062 3001; baseline -0.008 -16"><span class='ocrx_word' id='word_1_397' title='bbox 683 2931 996 3001; x_wconf 89' lang='lat' dir='ltr'><strong>impiorum.</strong></span> <span class='ocrx_word' id='word_1_398' title='bbox 1042 2949 1062 2982; x_wconf 70' lang='grc' dir='ltr'><strong>ι</strong></span> 
     </span>
    </p>
   </div>
   <div class='ocr_carea' id='block_1_54' title="bbox 756 3020 2345 3094">
    <p class='ocr_par' dir='ltr' id='par_1_54' title="bbox 756 3020 2253 3089">
     <span class='ocr_line' id='line_1_54' title="bbox 756 3020 2253 3089; baseline -0.001 -12"><span class='ocrx_word' id='word_1_399' title='bbox 756 3023 912 3077; x_wconf 85' lang='lat' dir='ltr'><strong>Prov.</strong></span> <span class='ocrx_word' id='word_1_400' title='bbox 959 3039 1030 3085; x_wconf 88' lang='lat' dir='ltr'><strong>tv,</strong></span> <span class='ocrx_word' id='word_1_401' title='bbox 1068 3022 1154 3076; x_wconf 82' lang='grc'><strong>18.</strong></span> <span class='ocrx_word' id='word_1_402' title='bbox 1182 3050 1252 3062; x_wconf 92' lang='lat'><strong>—</strong></span> <span class='ocrx_word' id='word_1_403' title='bbox 1290 3039 1307 3072; x_wconf 86' lang='grc' dir='ltr'><strong>ι</strong></span> <span class='ocrx_word' id='word_1_404' title='bbox 1338 3020 1626 3078; x_wconf 85' lang='lat' dir='ltr'><strong>Justorum</strong></span> <span class='ocrx_word' id='word_1_405' title='bbox 1660 3023 1873 3078; x_wconf 73' lang='lat' dir='ltr'><strong>semitae</strong></span> <span class='ocrx_word' id='word_1_406' title='bbox 1939 3023 2102 3089; x_wconf 87' lang='lat' dir='ltr'><strong>quasi</strong></span> <span class='ocrx_word' id='word_1_407' title='bbox 2161 3023 2253 3075; x_wconf 89' lang='lat' dir='ltr'><strong>lux</strong></span> 
     </span>
    </p>
   </div>
   <div class='ocr_carea' id='block_1_55' title="bbox 2248 3020 3837 3094">
    <p class='ocr_par' dir='ltr' id='par_1_55' title="bbox 2248 3022 3837 3094">
     <span class='ocr_line' id='line_1_55' title="bbox 2248 3022 3837 3094; baseline -0.006 -13"><span class='ocrx_word' id='word_1_408' title='bbox 2248 3039 2253 3075; x_wconf 84' lang='lat'><strong>‘.</strong></span> <span class='ocrx_word' id='word_1_409' title='bbox 2430 3045 2449 3079; x_wconf 81' lang='grc' dir='ltr'><strong>ι</strong></span> <span class='ocrx_word' id='word_1_410' title='bbox 2479 3027 2544 3080; x_wconf 70' lang='lat' dir='ltr'><strong>At</strong></span> <span class='ocrx_word' id='word_1_411' title='bbox 2579 3025 2690 3079; x_wconf 77' lang='grc' dir='ltr'>ὁδοὶ</span> <span class='ocrx_word' id='word_1_412' title='bbox 2748 3025 2858 3078; x_wconf 85' lang='grc' dir='ltr'><strong>τῶν</strong></span> <span class='ocrx_word' id='word_1_413' title='bbox 2908 3024 3134 3078; x_wconf 82' lang='grc' dir='ltr'>δικαίων</span> <span class='ocrx_word' id='word_1_414' title='bbox 3178 3022 3381 3093; x_wconf 79' lang='grc' dir='ltr'>ὁμοίως</span> <span class='ocrx_word' id='word_1_415' title='bbox 3429 3024 3573 3092; x_wconf 73' lang='grc' dir='ltr'>φωτὶ</span> <span class='ocrx_word' id='word_1_416' title='bbox 3627 3024 3837 3094; x_wconf 68' lang='grc' dir='ltr'>λάμποντι</span> 
     </span>
    </p>
   </div>
   <div class='ocr_carea' id='block_1_56' title="bbox 682 3113 2271 3202">
    <p class='ocr_par' dir='ltr' id='par_1_56' title="bbox 682 3114 2251 3188">
     <span class='ocr_line' id='line_1_56' title="bbox 682 3114 2251 3188; baseline -0.003 -17"><span class='ocrx_word' id='word_1_417' title='bbox 682 3116 1078 3188; x_wconf 87' lang='lat' dir='ltr'><strong>splendescunt</strong></span> <span class='ocrx_word' id='word_1_418' title='bbox 1113 3133 1125 3168; x_wconf 95' lang='lat'>:</span> <span class='ocrx_word' id='word_1_419' title='bbox 1166 3116 1631 3185; x_wconf 88' lang='lat' dir='ltr'><strong>antegradiuntur</strong></span> <span class='ocrx_word' id='word_1_420' title='bbox 1681 3125 1734 3170; x_wconf 93' lang='lat' dir='ltr'><strong>et</strong></span> <span class='ocrx_word' id='word_1_421' title='bbox 1767 3114 2100 3176; x_wconf 86' lang='lat' dir='ltr'><strong>illuminant,</strong></span> <span class='ocrx_word' id='word_1_422' title='bbox 2123 3115 2251 3168; x_wconf 91' lang='lat' dir='ltr'><strong>dum</strong></span> 
     </span>
    </p>
   </div>
   <div class='ocr_carea' id='block_1_57' title="bbox 2266 3113 3855 3202">
    <p class='ocr_par' dir='ltr' id='par_1_57' title="bbox 2282 3113 3855 3202">
     <span class='ocr_line' id='line_1_57' title="bbox 2282 3113 3855 3202; baseline -0.005 -30"><span class='ocrx_word' id='word_1_423' title='bbox 2282 3145 2324 3202; x_wconf 70' lang='grc' dir='ltr'>ο</span> <span class='ocrx_word' id='word_1_424' title='bbox 2358 3119 2789 3190; x_wconf 84' lang='grc' dir='ltr'>προπορεύονται</span> <span class='ocrx_word' id='word_1_425' title='bbox 2815 3117 2895 3180; x_wconf 79' lang='grc' dir='ltr'>δὲ,</span> <span class='ocrx_word' id='word_1_426' title='bbox 2947 3116 3041 3169; x_wconf 76' lang='grc' dir='ltr'>καὶ</span> <span class='ocrx_word' id='word_1_427' title='bbox 3070 3115 3402 3185; x_wconf 75' lang='grc' dir='ltr'>φωτίζουσιν</span> <span class='ocrx_word' id='word_1_428' title='bbox 3458 3117 3563 3180; x_wconf 71' lang='grc' dir='ltr'>ἓως</span> <span class='ocrx_word' id='word_1_429' title='bbox 3611 3113 3855 3184; x_wconf 63' lang='grc' dir='ltr'>κατορθώσῃ</span> 
     </span>
    </p>
   </div>
   <div class='ocr_carea' id='block_1_58' title="bbox 684 3207 2273 3282">
    <p class='ocr_par' dir='ltr' id='par_1_58' title="bbox 684 3207 1243 3279">
     <span class='ocr_line' id='line_1_58' title="bbox 684 3207 1243 3279; baseline -0.013 -16"><span class='ocrx_word' id='word_1_430' title='bbox 684 3207 919 3279; x_wconf 79' lang='lat' dir='ltr'><strong>perfecta</strong></span> <span class='ocrx_word' id='word_1_431' title='bbox 952 3209 1023 3262; x_wconf 90' lang='lat' dir='ltr'><strong>sit</strong></span> <span class='ocrx_word' id='word_1_432' title='bbox 1046 3207 1185 3261; x_wconf 92' lang='lat' dir='ltr'><strong>dies.</strong></span> <span class='ocrx_word' id='word_1_433' title='bbox 1224 3225 1243 3256; x_wconf 75' lang='grc' dir='ltr'><strong>ι</strong></span> 
     </span>
    </p>
   </div>
   <div class='ocr_carea' id='block_1_59' title="bbox 1100 3207 2689 3282">
    <p class='ocr_par' dir='ltr' id='par_1_59' title="bbox 1105 3209 2689 3282">
     <span class='ocr_line' id='line_1_59' title="bbox 1105 3209 2689 3282; baseline -0.001 -22"><span class='ocrx_word' id='word_1_434' title='bbox 1105 3221 1185 3261; x_wconf 90' lang='lat' dir='ltr'><strong>es.</strong></span> <span class='ocrx_word' id='word_1_435' title='bbox 1224 3225 1243 3256; x_wconf 74' lang='grc' dir='ltr'><strong>ι</strong></span> <span class='ocrx_word' id='word_1_436' title='bbox 2360 3209 2626 3282; x_wconf 72' lang='grc' dir='ltr'>ήήμέρα.</span> <span class='ocrx_word' id='word_1_437' title='bbox 2671 3227 2689 3259; x_wconf 74' lang='grc' dir='ltr'><strong>ι</strong></span> 
     </span>
    </p>
   </div>
   <div class='ocr_carea' id='block_1_60' title="bbox 761 3297 2350 3370">
    <p class='ocr_par' dir='ltr' id='par_1_60' title="bbox 761 3297 2258 3370">
     <span class='ocr_line' id='line_1_60' title="bbox 761 3297 2258 3370; baseline -0.001 -15"><span class='ocrx_word' id='word_1_438' title='bbox 761 3301 921 3356; x_wconf 88' lang='lat' dir='ltr'><strong>Prov.</strong></span> <span class='ocrx_word' id='word_1_439' title='bbox 949 3316 1062 3364; x_wconf 80' lang='lat' dir='ltr'><strong>xtv,</strong></span> <span class='ocrx_word' id='word_1_440' title='bbox 1102 3300 1184 3354; x_wconf 89' lang='lat' dir='ltr'><strong>l6.</strong></span> <span class='ocrx_word' id='word_1_441' title='bbox 1221 3316 1327 3350; x_wconf 83' lang='grc' dir='ltr'>-ι</span> <span class='ocrx_word' id='word_1_442' title='bbox 1361 3297 1580 3370; x_wconf 90' lang='lat' dir='ltr'><strong>Septies</strong></span> <span class='ocrx_word' id='word_1_443' title='bbox 1604 3301 1766 3354; x_wconf 89' lang='lat' dir='ltr'><strong>cadet</strong></span> <span class='ocrx_word' id='word_1_444' title='bbox 1799 3299 2010 3369; x_wconf 82' lang='lat' dir='ltr'><strong>justus,</strong></span> <span class='ocrx_word' id='word_1_445' title='bbox 2063 3308 2118 3353; x_wconf 90' lang='lat' dir='ltr'><strong>et</strong></span> <span class='ocrx_word' id='word_1_446' title='bbox 2173 3313 2258 3353; x_wconf 89' lang='lat' dir='ltr'><strong>re-</strong></span> 
     </span>
    </p>
   </div>
   <div class='ocr_carea' id='block_1_61' title="bbox 2263 3297 3852 3370">
    <p class='ocr_par' dir='ltr' id='par_1_61' title="bbox 2437 3297 3852 3367">
     <span class='ocr_line' id='line_1_61' title="bbox 2437 3297 3852 3367; baseline -0.004 -14"><span class='ocrx_word' id='word_1_447' title='bbox 2437 3319 2456 3353; x_wconf 83' lang='grc' dir='ltr'><strong>ι</strong></span> <span class='ocrx_word' id='word_1_448' title='bbox 2505 3299 2767 3362; x_wconf 83' lang='grc' dir='ltr'>Ἐπτάκις</span> <span class='ocrx_word' id='word_1_449' title='bbox 2791 3300 3041 3353; x_wconf 86' lang='grc' dir='ltr'>πεσεῖται</span> <span class='ocrx_word' id='word_1_450' title='bbox 3069 3299 3099 3350; x_wconf 92' lang='grc' dir='ltr'><strong>ὀ</strong></span> <span class='ocrx_word' id='word_1_451' title='bbox 3129 3298 3360 3362; x_wconf 88' lang='grc' dir='ltr'>δίκαιος,</span> <span class='ocrx_word' id='word_1_452' title='bbox 3393 3298 3494 3351; x_wconf 75' lang='grc' dir='ltr'>καὶ</span> <span class='ocrx_word' id='word_1_453' title='bbox 3514 3297 3852 3367; x_wconf 68' lang='grc' dir='ltr'>ἀναστήσεται.»</span> 
     </span>
    </p>
   </div>
   <div class='ocr_carea' id='block_1_62' title="bbox 687 3401 950 3465">
    <p class='ocr_par' dir='ltr' id='par_1_62' title="bbox 687 3401 950 3465">
     <span class='ocr_line' id='line_1_62' title="bbox 687 3401 950 3465; baseline -0.023 -14"><span class='ocrx_word' id='word_1_454' title='bbox 687 3401 898 3465; x_wconf 80' lang='lat' dir='ltr'><strong>surget.</strong></span> <span class='ocrx_word' id='word_1_455' title='bbox 932 3411 950 3444; x_wconf 78' lang='grc' dir='ltr'><strong>ι</strong></span> 
     </span>
    </p>
   </div>
   <div class='ocr_carea' id='block_1_63' title="bbox 759 3479 2348 3554">
    <p class='ocr_par' dir='ltr' id='par_1_63' title="bbox 759 3482 2258 3553">
     <span class='ocr_line' id='line_1_63' title="bbox 759 3482 2258 3553; baseline -0.003 -14"><span class='ocrx_word' id='word_1_456' title='bbox 759 3486 918 3540; x_wconf 88' lang='lat' dir='ltr'><strong>Prov.</strong></span> <span class='ocrx_word' id='word_1_457' title='bbox 952 3501 1026 3552; x_wconf 71' lang='grc' dir='ltr'><strong>ιι,</strong></span> <span class='ocrx_word' id='word_1_458' title='bbox 1065 3483 1146 3537; x_wconf 92' lang='grc'><strong>11.</strong></span> <span class='ocrx_word' id='word_1_459' title='bbox 1176 3502 1282 3534; x_wconf 88' lang='grc'><strong><em>--‹</em></strong></span> <span class='ocrx_word' id='word_1_460' title='bbox 1323 3482 1378 3536; x_wconf 88' lang='grc' dir='ltr'><strong>1η</strong></span> <span class='ocrx_word' id='word_1_461' title='bbox 1416 3483 1578 3538; x_wconf 86' lang='lat' dir='ltr'><strong>bonis</strong></span> <span class='ocrx_word' id='word_1_462' title='bbox 1602 3484 1881 3553; x_wconf 91' lang='lat' dir='ltr'><strong>juslorum</strong></span> <span class='ocrx_word' id='word_1_463' title='bbox 1913 3494 2108 3539; x_wconf 60' lang='lat' dir='ltr'><strong>erectae</strong></span> <span class='ocrx_word' id='word_1_464' title='bbox 2129 3491 2258 3537; x_wconf 92' lang='lat' dir='ltr'><strong>sunt</strong></span> 
     </span>
    </p>
   </div>
   <div class='ocr_carea' id='block_1_64' title="bbox 2265 3479 3854 3554">
    <p class='ocr_par' dir='ltr' id='par_1_64' title="bbox 2438 3479 3854 3554">
     <span class='ocr_line' id='line_1_64' title="bbox 2438 3479 3854 3554; baseline 0 -20"><span class='ocrx_word' id='word_1_465' title='bbox 2438 3502 2456 3534; x_wconf 82' lang='grc' dir='ltr'><strong>ι</strong></span> <span class='ocrx_word' id='word_1_466' title='bbox 2503 3482 2593 3536; x_wconf 90' lang='grc' dir='ltr'>Ἐν</span> <span class='ocrx_word' id='word_1_467' title='bbox 2645 3482 2871 3551; x_wconf 84' lang='grc' dir='ltr'>ἀγαθοῖς</span> <span class='ocrx_word' id='word_1_468' title='bbox 2936 3482 3164 3537; x_wconf 86' lang='grc' dir='ltr'>δικαίων</span> <span class='ocrx_word' id='word_1_469' title='bbox 3224 3482 3663 3554; x_wconf 84' lang='grc' dir='ltr'>κατωρθώθησαν</span> <span class='ocrx_word' id='word_1_470' title='bbox 3712 3479 3854 3539; x_wconf 70' lang='grc' dir='ltr'>πόλεις.</span> 
     </span>
    </p>
   </div>
   <div class='ocr_carea' id='block_1_65' title="bbox 687 3573 2276 3647">
    <p class='ocr_par' dir='ltr' id='par_1_65' title="bbox 687 3573 2119 3644">
     <span class='ocr_line' id='line_1_65' title="bbox 687 3573 2119 3644; baseline -0.003 -16"><span class='ocrx_word' id='word_1_471' title='bbox 687 3576 977 3641; x_wconf 88' lang='lat' dir='ltr'><strong>civitates;</strong></span> <span class='ocrx_word' id='word_1_472' title='bbox 1007 3589 1103 3629; x_wconf 92' lang='lat' dir='ltr'><strong>ore</strong></span> <span class='ocrx_word' id='word_1_473' title='bbox 1140 3582 1321 3628; x_wconf 91' lang='lat' dir='ltr'><strong>autem</strong></span> <span class='ocrx_word' id='word_1_474' title='bbox 1358 3573 1651 3644; x_wconf 85' lang='lat' dir='ltr'><strong>impiorum</strong></span> <span class='ocrx_word' id='word_1_475' title='bbox 1677 3575 1874 3630; x_wconf 66' lang='lat' dir='ltr'><strong>diruta:</strong></span> <span class='ocrx_word' id='word_1_476' title='bbox 1907 3583 2058 3628; x_wconf 91' lang='lat' dir='ltr'><strong>sunt.</strong></span> <span class='ocrx_word' id='word_1_477' title='bbox 2101 3592 2119 3624; x_wconf 74' lang='grc' dir='ltr'><strong>ι</strong></span> 
     </span>
    </p>
   </div>
   <div class='ocr_carea' id='block_1_66' title="bbox 1874 3573 3463 3647">
    <p class='ocr_par' dir='ltr' id='par_1_66' title="bbox 1907 3576 3463 3647">
     <span class='ocr_line' id='line_1_66' title="bbox 1907 3576 3463 3647; baseline 0.001 -19"><span class='ocrx_word' id='word_1_478' title='bbox 1907 3583 2058 3628; x_wconf 89' lang='lat' dir='ltr'><strong>sunt.</strong></span> <span class='ocrx_word' id='word_1_479' title='bbox 2101 3592 2119 3624; x_wconf 83' lang='grc'><strong>›</strong></span> <span class='ocrx_word' id='word_1_480' title='bbox 2365 3577 2593 3647; x_wconf 84' lang='grc' dir='ltr'>στόμασι</span> <span class='ocrx_word' id='word_1_481' title='bbox 2625 3576 2683 3630; x_wconf 84' lang='grc' dir='ltr'>δὲ</span> <span class='ocrx_word' id='word_1_482' title='bbox 2705 3576 2918 3630; x_wconf 84' lang='grc' dir='ltr'>ἀσεϐῶν</span> <span class='ocrx_word' id='word_1_483' title='bbox 2948 3577 3404 3646; x_wconf 81' lang='grc' dir='ltr'>κατεσκάφησαν.</span> <span class='ocrx_word' id='word_1_484' title='bbox 3446 3595 3463 3629; x_wconf 77' lang='grc' dir='ltr'><strong>ι</strong></span> 
     </span>
    </p>
   </div>
   <div class='ocr_carea' id='block_1_67' title="bbox 760 3664 2349 3740">
    <p class='ocr_par' dir='ltr' id='par_1_67' title="bbox 760 3665 2257 3737">
     <span class='ocr_line' id='line_1_67' title="bbox 760 3665 2257 3737; baseline -0.002 -15"><span class='ocrx_word' id='word_1_485' title='bbox 760 3668 919 3722; x_wconf 90' lang='lat' dir='ltr'><strong>Prov.</strong></span> <span class='ocrx_word' id='word_1_486' title='bbox 953 3683 1014 3731; x_wconf 88' lang='grc' dir='ltr'><strong>ιι,</strong></span> <span class='ocrx_word' id='word_1_487' title='bbox 1043 3667 1136 3722; x_wconf 87' lang='grc'><strong>22.</strong></span> <span class='ocrx_word' id='word_1_488' title='bbox 1167 3695 1238 3707; x_wconf 92' lang='lat'><strong>——</strong></span> <span class='ocrx_word' id='word_1_489' title='bbox 1268 3684 1288 3717; x_wconf 89' lang='grc'><em>‹</em></span> <span class='ocrx_word' id='word_1_490' title='bbox 1333 3665 1560 3737; x_wconf 86' lang='lat' dir='ltr'><strong>Benigni</strong></span> <span class='ocrx_word' id='word_1_491' title='bbox 1590 3677 1751 3722; x_wconf 92' lang='lat' dir='ltr'><strong>erunt</strong></span> <span class='ocrx_word' id='word_1_492' title='bbox 1780 3667 2122 3721; x_wconf 86' lang='lat' dir='ltr'><strong>habitatores</strong></span> <span class='ocrx_word' id='word_1_493' title='bbox 2149 3673 2257 3720; x_wconf 91' lang='lat' dir='ltr'><strong>ter-</strong></span> 
     </span>
    </p>
   </div>
   <div class='ocr_carea' id='block_1_68' title="bbox 2265 3664 3854 3740">
    <p class='ocr_par' dir='ltr' id='par_1_68' title="bbox 2438 3664 3854 3740">
     <span class='ocr_line' id='line_1_68' title="bbox 2438 3664 3854 3740; baseline -0.004 -21"><span class='ocrx_word' id='word_1_494' title='bbox 2438 3685 2457 3718; x_wconf 82' lang='grc' dir='ltr'><strong>ι</strong></span> <span class='ocrx_word' id='word_1_495' title='bbox 2492 3667 2736 3738; x_wconf 74' lang='grc' dir='ltr'>Χρηστοὶ</span> <span class='ocrx_word' id='word_1_496' title='bbox 2759 3666 2972 3721; x_wconf 82' lang='grc' dir='ltr'>ἔσονται</span> <span class='ocrx_word' id='word_1_497' title='bbox 3008 3668 3293 3740; x_wconf 77' lang='grc' dir='ltr'>οἰκήτορες</span> <span class='ocrx_word' id='word_1_498' title='bbox 3322 3671 3452 3739; x_wconf 80' lang='grc' dir='ltr'>γῆς,</span> <span class='ocrx_word' id='word_1_499' title='bbox 3488 3668 3671 3723; x_wconf 78' lang='grc' dir='ltr'>ἄκακοι</span> <span class='ocrx_word' id='word_1_500' title='bbox 3693 3666 3740 3720; x_wconf 83' lang='grc' dir='ltr'>δὲ</span> <span class='ocrx_word' id='word_1_501' title='bbox 3765 3664 3854 3716; x_wconf 69' lang='grc' dir='ltr'>ὑπο-</span> 
     </span>
    </p>
   </div>
   <div class='ocr_carea' id='block_1_69' title="bbox 690 3759 2279 3832">
    <p class='ocr_par' dir='ltr' id='par_1_69' title="bbox 690 3759 2060 3832">
     <span class='ocr_line' id='line_1_69' title="bbox 690 3759 2060 3832; baseline -0.004 -16"><span class='ocrx_word' id='word_1_502' title='bbox 690 3775 764 3816; x_wconf 71' lang='lat' dir='ltr'><strong>raa</strong></span> <span class='ocrx_word' id='word_1_503' title='bbox 793 3779 805 3814; x_wconf 90' lang='lat'>:</span> <span class='ocrx_word' id='word_1_504' title='bbox 837 3759 1158 3815; x_wconf 87' lang='lat' dir='ltr'><strong>innocentes</strong></span> <span class='ocrx_word' id='word_1_505' title='bbox 1184 3773 1370 3819; x_wconf 88' lang='lat' dir='ltr'><strong>autem</strong></span> <span class='ocrx_word' id='word_1_506' title='bbox 1402 3764 1783 3832; x_wconf 87' lang='lat' dir='ltr'><strong>relinquentur</strong></span> <span class='ocrx_word' id='word_1_507' title='bbox 1823 3760 1882 3814; x_wconf 90' lang='lat' dir='ltr'><strong>in</strong></span> <span class='ocrx_word' id='word_1_508' title='bbox 1913 3775 1996 3814; x_wconf 90' lang='lat' dir='ltr'><strong>ea.</strong></span> <span class='ocrx_word' id='word_1_509' title='bbox 2042 3779 2060 3811; x_wconf 74' lang='grc' dir='ltr'><strong>ι</strong></span> 
     </span>
    </p>
   </div>
   <div class='ocr_carea' id='block_1_70' title="bbox 1487 3759 3076 3832">
    <p class='ocr_par' dir='ltr' id='par_1_70' title="bbox 1487 3760 3076 3832">
     <span class='ocr_line' id='line_1_70' title="bbox 1487 3760 3076 3832; baseline -0.003 -16"><span class='ocrx_word' id='word_1_510' title='bbox 1487 3764 1783 3832; x_wconf 87' lang='lat' dir='ltr'><strong>inquentur</strong></span> <span class='ocrx_word' id='word_1_511' title='bbox 1823 3760 1882 3814; x_wconf 87' lang='lat' dir='ltr'><strong>in</strong></span> <span class='ocrx_word' id='word_1_512' title='bbox 1913 3775 1996 3814; x_wconf 84' lang='lat' dir='ltr'><strong>ea.</strong></span> <span class='ocrx_word' id='word_1_513' title='bbox 2042 3779 2060 3811; x_wconf 73' lang='grc' dir='ltr'><strong>ι</strong></span> <span class='ocrx_word' id='word_1_514' title='bbox 2365 3760 2748 3832; x_wconf 77' lang='grc' dir='ltr'>λειφθήσονται</span> <span class='ocrx_word' id='word_1_515' title='bbox 2773 3761 2831 3813; x_wconf 87' lang='lat' dir='ltr'><strong>tv</strong></span> <span class='ocrx_word' id='word_1_516' title='bbox 2857 3761 3018 3832; x_wconf 81' lang='grc' dir='ltr'>αὐτῇ.</span> <span class='ocrx_word' id='word_1_517' title='bbox 3057 3780 3076 3812; x_wconf 71' lang='grc' dir='ltr'><strong>ι</strong></span> 
     </span>
    </p>
   </div>
   <div class='ocr_carea' id='block_1_71' title="bbox 761 3851 2350 3924">
    <p class='ocr_par' dir='ltr' id='par_1_71' title="bbox 761 3851 2258 3924">
     <span class='ocr_line' id='line_1_71' title="bbox 761 3851 2258 3924; baseline 0.001 -17"><span class='ocrx_word' id='word_1_518' title='bbox 761 3852 923 3908; x_wconf 89' lang='lat' dir='ltr'><strong>Prov.</strong></span> <span class='ocrx_word' id='word_1_519' title='bbox 948 3869 1031 3922; x_wconf 89' lang='grc' dir='ltr'>ιιι,</span> <span class='ocrx_word' id='word_1_520' title='bbox 1061 3855 1152 3910; x_wconf 87' lang='grc'><strong>52.</strong></span> <span class='ocrx_word' id='word_1_521' title='bbox 1178 3887 1250 3896; x_wconf 94' lang='grc'><strong><em>-</em></strong></span> <span class='ocrx_word' id='word_1_522' title='bbox 1314 3874 1332 3910; x_wconf 85' lang='grc' dir='ltr'><strong>ι</strong></span> <span class='ocrx_word' id='word_1_523' title='bbox 1360 3854 1683 3909; x_wconf 84' lang='lat' dir='ltr'><strong>Habitacula</strong></span> <span class='ocrx_word' id='word_1_524' title='bbox 1736 3852 1874 3924; x_wconf 87' lang='lat' dir='ltr'><strong>justi</strong></span> <span class='ocrx_word' id='word_1_525' title='bbox 1923 3851 2258 3908; x_wconf 84' lang='lat' dir='ltr'><strong>benedicun-</strong></span> 
     </span>
    </p>
   </div>
   <div class='ocr_carea' id='block_1_72' title="bbox 1922 3851 3511 3924">
    <p class='ocr_par' dir='ltr' id='par_1_72' title="bbox 1923 3851 3511 3920">
     <span class='ocr_line' id='line_1_72' title="bbox 1923 3851 3511 3920; baseline 0 -14"><span class='ocrx_word' id='word_1_526' title='bbox 1923 3851 2258 3908; x_wconf 81' lang='lat' dir='ltr'><strong>benedicun-</strong></span> <span class='ocrx_word' id='word_1_527' title='bbox 2438 3872 2457 3905; x_wconf 83' lang='grc' dir='ltr'><strong>ι</strong></span> <span class='ocrx_word' id='word_1_528' title='bbox 2504 3852 2794 3918; x_wconf 80' lang='grc' dir='ltr'>Ἐπαύλεις</span> <span class='ocrx_word' id='word_1_529' title='bbox 2824 3853 3036 3906; x_wconf 85' lang='grc' dir='ltr'>δικαίου</span> <span class='ocrx_word' id='word_1_530' title='bbox 3065 3851 3443 3920; x_wconf 75' lang='grc' dir='ltr'>εὐλογοῦνται.</span> <span class='ocrx_word' id='word_1_531' title='bbox 3493 3873 3511 3906; x_wconf 71' lang='grc' dir='ltr'><strong>ι</strong></span> 
     </span>
    </p>
   </div>
   <div class='ocr_carea' id='block_1_73' title="bbox 691 3955 869 4002">
    <p class='ocr_par' dir='ltr' id='par_1_73' title="bbox 691 3955 869 4002">
     <span class='ocr_line' id='line_1_73' title="bbox 691 3955 869 4002; baseline -0.011 -2"><span class='ocrx_word' id='word_1_532' title='bbox 691 3955 805 4002; x_wconf 88' lang='lat' dir='ltr'><strong>tur.</strong></span> <span class='ocrx_word' id='word_1_533' title='bbox 852 3966 869 3998; x_wconf 74' lang='grc' dir='ltr'><strong>ι</strong></span> 
     </span>
    </p>
   </div>
   <div class='ocr_carea' id='block_1_74' title="bbox 761 4037 2350 4109">
    <p class='ocr_par' dir='ltr' id='par_1_74' title="bbox 761 4037 2256 4109">
     <span class='ocr_line' id='line_1_74' title="bbox 761 4037 2256 4109; baseline 0.001 -17"><span class='ocrx_word' id='word_1_534' title='bbox 761 4037 921 4092; x_wconf 90' lang='lat' dir='ltr'><strong>Prov.</strong></span> <span class='ocrx_word' id='word_1_535' title='bbox 954 4055 1010 4104; x_wconf 88' lang='lat' dir='ltr'><strong>x,</strong></span> <span class='ocrx_word' id='word_1_536' title='bbox 1040 4039 1130 4094; x_wconf 83' lang='grc'><strong>55.</strong></span> <span class='ocrx_word' id='word_1_537' title='bbox 1164 4069 1234 4078; x_wconf 92' lang='lat'><strong>——</strong></span> <span class='ocrx_word' id='word_1_538' title='bbox 1271 4057 1289 4090; x_wconf 86' lang='grc' dir='ltr'><strong>ι</strong></span> <span class='ocrx_word' id='word_1_539' title='bbox 1326 4037 1497 4092; x_wconf 87' lang='lat' dir='ltr'><strong>Labia</strong></span> <span class='ocrx_word' id='word_1_540' title='bbox 1526 4038 1774 4094; x_wconf 86' lang='lat' dir='ltr'><strong>virorum</strong></span> <span class='ocrx_word' id='word_1_541' title='bbox 1831 4039 2108 4109; x_wconf 88' lang='lat' dir='ltr'><strong>justorum</strong></span> <span class='ocrx_word' id='word_1_542' title='bbox 2173 4039 2256 4094; x_wconf 82' lang='lat' dir='ltr'><strong>di-</strong></span> 
     </span>
    </p>
   </div>
   <div class='ocr_carea' id='block_1_75' title="bbox 2172 4037 3761 4109">
    <p class='ocr_par' dir='ltr' id='par_1_75' title="bbox 2173 4037 3761 4109">
     <span class='ocr_line' id='line_1_75' title="bbox 2173 4037 3761 4109; baseline -0.004 -15"><span class='ocrx_word' id='word_1_543' title='bbox 2173 4039 2256 4094; x_wconf 82' lang='lat' dir='ltr'><strong>di-</strong></span> <span class='ocrx_word' id='word_1_544' title='bbox 2440 4059 2458 4090; x_wconf 84' lang='grc' dir='ltr'><strong>ι</strong></span> <span class='ocrx_word' id='word_1_545' title='bbox 2495 4038 2663 4106; x_wconf 84' lang='grc' dir='ltr'>Χείλη</span> <span class='ocrx_word' id='word_1_546' title='bbox 2693 4037 2904 4109; x_wconf 82' lang='grc' dir='ltr'>ἀνδρῶν</span> <span class='ocrx_word' id='word_1_547' title='bbox 2932 4037 3155 4093; x_wconf 89' lang='grc' dir='ltr'>δικαίων</span> <span class='ocrx_word' id='word_1_548' title='bbox 3176 4038 3476 4102; x_wconf 77' lang='grc' dir='ltr'>ἀποστάζει</span> <span class='ocrx_word' id='word_1_549' title='bbox 3500 4037 3720 4107; x_wconf 80' lang='grc' dir='ltr'>χάριτας.</span> <span class='ocrx_word' id='word_1_550' title='bbox 3747 4050 3761 4082; x_wconf 77' lang='grc' dir='ltr'><strong>ι</strong></span> 
     </span>
    </p>
   </div>
   <div class='ocr_carea' id='block_1_76' title="bbox 693 4131 1210 4200">
    <p class='ocr_par' dir='ltr' id='par_1_76' title="bbox 693 4131 1210 4200">
     <span class='ocr_line' id='line_1_76' title="bbox 693 4131 1210 4200; baseline -0.014 -13"><span class='ocrx_word' id='word_1_551' title='bbox 693 4132 905 4188; x_wconf 85' lang='lat' dir='ltr'><strong>stillant</strong></span> <span class='ocrx_word' id='word_1_552' title='bbox 928 4131 1156 4200; x_wconf 86' lang='lat' dir='ltr'><strong>gratias.</strong></span> <span class='ocrx_word' id='word_1_553' title='bbox 1191 4148 1210 4180; x_wconf 74' lang='grc' dir='ltr'><strong>ι</strong></span> 
     </span>
    </p>
   </div>
   <div class='ocr_carea' id='block_1_77' title="bbox 768 4219 2357 4293">
    <p class='ocr_par' dir='ltr' id='par_1_77' title="bbox 768 4220 2256 4292">
     <span class='ocr_line' id='line_1_77' title="bbox 768 4220 2256 4292; baseline 0.001 -15"><span class='ocrx_word' id='word_1_554' title='bbox 768 4225 925 4278; x_wconf 89' lang='lat' dir='ltr'><strong>Prov.</strong></span> <span class='ocrx_word' id='word_1_555' title='bbox 964 4240 1064 4286; x_wconf 88' lang='lat' dir='ltr'><strong>xu,</strong></span> <span class='ocrx_word' id='word_1_556' title='bbox 1096 4224 1151 4276; x_wconf 88' lang='grc'><strong>5.</strong></span> <span class='ocrx_word' id='word_1_557' title='bbox 1191 4253 1258 4262; x_wconf 90' lang='grc'><strong>-</strong></span> <span class='ocrx_word' id='word_1_558' title='bbox 1293 4240 1311 4273; x_wconf 88' lang='grc' dir='ltr'><strong>ι</strong></span> <span class='ocrx_word' id='word_1_559' title='bbox 1351 4220 1586 4278; x_wconf 80' lang='lat' dir='ltr'><strong>Radices</strong></span> <span class='ocrx_word' id='word_1_560' title='bbox 1611 4222 1888 4292; x_wconf 91' lang='lat' dir='ltr'><strong>justorum</strong></span> <span class='ocrx_word' id='word_1_561' title='bbox 1949 4239 2058 4277; x_wconf 93' lang='lat' dir='ltr'><strong>non</strong></span> <span class='ocrx_word' id='word_1_562' title='bbox 2107 4225 2256 4280; x_wconf 81' lang='lat' dir='ltr'><strong>evel-</strong></span> 
     </span>
    </p>
   </div>
   <div class='ocr_carea' id='block_1_78' title="bbox 2164 4219 3753 4293">
    <p class='ocr_par' dir='ltr' id='par_1_78' title="bbox 2164 4219 3753 4293">
     <span class='ocr_line' id='line_1_78' title="bbox 2164 4219 3753 4293; baseline -0.009 -13"><span class='ocrx_word' id='word_1_563' title='bbox 2164 4225 2256 4280; x_wconf 71' lang='grc' dir='ltr'><strong>ὀι-</strong></span> <span class='ocrx_word' id='word_1_564' title='bbox 2440 4242 2458 4274; x_wconf 87' lang='grc' dir='ltr'><strong>ι</strong></span> <span class='ocrx_word' id='word_1_565' title='bbox 2503 4222 2570 4274; x_wconf 84' lang='grc' dir='ltr'><strong>Αἱ</strong></span> <span class='ocrx_word' id='word_1_566' title='bbox 2608 4220 2756 4293; x_wconf 77' lang='grc' dir='ltr'>ῥίζαι</span> <span class='ocrx_word' id='word_1_567' title='bbox 2782 4219 2893 4273; x_wconf 80' lang='grc' dir='ltr'><strong>τῶν</strong></span> <span class='ocrx_word' id='word_1_568' title='bbox 2929 4219 3156 4273; x_wconf 73' lang='grc' dir='ltr'>δικαίων</span> <span class='ocrx_word' id='word_1_569' title='bbox 3184 4219 3284 4273; x_wconf 79' lang='grc' dir='ltr'><strong>οὐκ</strong></span> <span class='ocrx_word' id='word_1_570' title='bbox 3315 4219 3712 4293; x_wconf 77' lang='grc' dir='ltr'>ἐξαρθήσονται.</span> <span class='ocrx_word' id='word_1_571' title='bbox 3738 4233 3753 4264; x_wconf 75' lang='grc' dir='ltr'><strong>ι</strong></span> 
     </span>
    </p>
   </div>
   <div class='ocr_carea' id='block_1_79' title="bbox 689 4318 950 4373">
    <p class='ocr_par' dir='ltr' id='par_1_79' title="bbox 689 4318 950 4373">
     <span class='ocr_line' id='line_1_79' title="bbox 689 4318 950 4373; baseline -0.023 0"><span class='ocrx_word' id='word_1_572' title='bbox 689 4318 895 4373; x_wconf 89' lang='lat' dir='ltr'><strong>lentur.</strong></span> <span class='ocrx_word' id='word_1_573' title='bbox 931 4333 950 4367; x_wconf 72' lang='grc' dir='ltr'><strong>ι</strong></span> 
     </span>
    </p>
   </div>
   <div class='ocr_carea' id='block_1_80' title="bbox 765 4401 2354 4474">
    <p class='ocr_par' dir='ltr' id='par_1_80' title="bbox 765 4402 2257 4473">
     <span class='ocr_line' id='line_1_80' title="bbox 765 4402 2257 4473; baseline 0.002 -13"><span class='ocrx_word' id='word_1_574' title='bbox 765 4406 928 4461; x_wconf 90' lang='lat' dir='ltr'><strong>Prov.</strong></span> <span class='ocrx_word' id='word_1_575' title='bbox 955 4420 1072 4468; x_wconf 85' lang='lat' dir='ltr'><strong>xm,</strong></span> <span class='ocrx_word' id='word_1_576' title='bbox 1111 4402 1200 4458; x_wconf 89' lang='grc'><strong>15.</strong></span> <span class='ocrx_word' id='word_1_577' title='bbox 1234 4421 1344 4455; x_wconf 86' lang='grc' dir='ltr'>-ι</span> <span class='ocrx_word' id='word_1_578' title='bbox 1381 4402 1585 4460; x_wconf 92' lang='lat' dir='ltr'><strong>Domus</strong></span> <span class='ocrx_word' id='word_1_579' title='bbox 1612 4405 1883 4473; x_wconf 90' lang='lat' dir='ltr'><strong>justorum</strong></span> <span class='ocrx_word' id='word_1_580' title='bbox 1922 4406 2257 4463; x_wconf 83' lang='lat' dir='ltr'><strong>benedicun-</strong></span> 
     </span>
    </p>
   </div>
   <div class='ocr_carea' id='block_1_81' title="bbox 1747 4401 3336 4474">
    <p class='ocr_par' dir='ltr' id='par_1_81' title="bbox 1747 4401 3336 4474">
     <span class='ocr_line' id='line_1_81' title="bbox 1747 4401 3336 4474; baseline 0 -18"><span class='ocrx_word' id='word_1_581' title='bbox 1747 4418 1883 4459; x_wconf 77' lang='lat' dir='ltr'><strong>lrum</strong></span> <span class='ocrx_word' id='word_1_582' title='bbox 1922 4406 2257 4463; x_wconf 83' lang='lat' dir='ltr'><strong>benedicun-</strong></span> <span class='ocrx_word' id='word_1_583' title='bbox 2434 4425 2453 4456; x_wconf 84' lang='grc' dir='ltr'><strong>ι</strong></span> <span class='ocrx_word' id='word_1_584' title='bbox 2491 4401 2642 4458; x_wconf 82' lang='grc' dir='ltr'>υἷκοι</span> <span class='ocrx_word' id='word_1_585' title='bbox 2673 4405 2895 4458; x_wconf 89' lang='grc' dir='ltr'>δικαίων</span> <span class='ocrx_word' id='word_1_586' title='bbox 2912 4404 3273 4474; x_wconf 84' lang='grc' dir='ltr'>εὐλογοῦνται.</span> <span class='ocrx_word' id='word_1_587' title='bbox 3317 4420 3336 4456; x_wconf 71' lang='grc' dir='ltr'><strong>ι</strong></span> 
     </span>
    </p>
   </div>
   <div class='ocr_carea' id='block_1_82' title="bbox 690 4508 2333 4563">
    <p class='ocr_par' dir='ltr' id='par_1_82' title="bbox 690 4508 2333 4563">
     <span class='ocr_line' id='line_1_82' title="bbox 690 4508 2333 4563; baseline -0.004 -11"><span class='ocrx_word' id='word_1_588' title='bbox 690 4508 802 4552; x_wconf 93' lang='lat' dir='ltr'><strong>tur.</strong></span> <span class='ocrx_word' id='word_1_589' title='bbox 846 4515 864 4548; x_wconf 78' lang='grc' dir='ltr'><strong>ι</strong></span> <span class='ocrx_word' id='word_1_590' title='bbox 2289 4508 2333 4563; x_wconf 74' lang='grc' dir='ltr'>ι)</span> 
     </span>
    </p>
   </div>
   <div class='ocr_carea' id='block_1_83' title="bbox 765 4586 2354 4665">
    <p class='ocr_par' dir='ltr' id='par_1_83' title="bbox 765 4586 2258 4665">
     <span class='ocr_line' id='line_1_83' title="bbox 765 4586 2258 4665; baseline 0.002 -21"><span class='ocrx_word' id='word_1_591' title='bbox 765 4589 928 4644; x_wconf 89' lang='lat' dir='ltr'><strong>Prov.</strong></span> <span class='ocrx_word' id='word_1_592' title='bbox 957 4604 1068 4655; x_wconf 89' lang='lat' dir='ltr'><strong>xtv,</strong></span> <span class='ocrx_word' id='word_1_593' title='bbox 1110 4587 1165 4640; x_wconf 87' lang='lat'><strong>2.</strong></span> <span class='ocrx_word' id='word_1_594' title='bbox 1196 4617 1264 4627; x_wconf 89' lang='lat'><strong>—-</strong></span> <span class='ocrx_word' id='word_1_595' title='bbox 1293 4604 1311 4638; x_wconf 85' lang='grc' dir='ltr'><strong>ι</strong></span> <span class='ocrx_word' id='word_1_596' title='bbox 1341 4586 1443 4654; x_wconf 86' lang='lat' dir='ltr'><strong>Qui</strong></span> <span class='ocrx_word' id='word_1_597' title='bbox 1474 4591 1703 4662; x_wconf 88' lang='lat' dir='ltr'><strong>respicit</strong></span> <span class='ocrx_word' id='word_1_598' title='bbox 1728 4594 1909 4665; x_wconf 74' lang='lat' dir='ltr'><strong>plane.</strong></span> <span class='ocrx_word' id='word_1_599' title='bbox 1940 4591 2258 4647; x_wconf 90' lang='lat' dir='ltr'><strong>misericor-</strong></span> 
     </span>
    </p>
   </div>
   <div class='ocr_carea' id='block_1_84' title="bbox 1851 4586 3440 4665">
    <p class='ocr_par' dir='ltr' id='par_1_84' title="bbox 1851 4587 3440 4659">
     <span class='ocr_line' id='line_1_84' title="bbox 1851 4587 3440 4659; baseline -0.006 -12"><span class='ocrx_word' id='word_1_600' title='bbox 1851 4609 1909 4658; x_wconf 70' lang='grc' dir='ltr'>ιε,</span> <span class='ocrx_word' id='word_1_601' title='bbox 1940 4591 2258 4647; x_wconf 90' lang='lat' dir='ltr'><strong>misericor-</strong></span> <span class='ocrx_word' id='word_1_602' title='bbox 2437 4606 2455 4638; x_wconf 87' lang='grc' dir='ltr'><strong>ι</strong></span> <span class='ocrx_word' id='word_1_603' title='bbox 2499 4587 2560 4641; x_wconf 88' lang='lat'><strong>&#39;0</strong></span> <span class='ocrx_word' id='word_1_604' title='bbox 2582 4587 2800 4658; x_wconf 80' lang='grc' dir='ltr'>βλέπων</span> <span class='ocrx_word' id='word_1_605' title='bbox 2831 4587 2969 4654; x_wconf 88' lang='grc' dir='ltr'>λεῖα,</span> <span class='ocrx_word' id='word_1_606' title='bbox 3005 4587 3380 4659; x_wconf 83' lang='grc' dir='ltr'>ὲλεηθήσεται.</span> <span class='ocrx_word' id='word_1_607' title='bbox 3420 4603 3440 4637; x_wconf 77' lang='grc' dir='ltr'><strong>ι</strong></span> 
     </span>
    </p>
   </div>
   <div class='ocr_carea' id='block_1_85' title="bbox 692 4682 1317 4753">
    <p class='ocr_par' dir='ltr' id='par_1_85' title="bbox 692 4682 1317 4753">
     <span class='ocr_line' id='line_1_85' title="bbox 692 4682 1317 4753; baseline -0.008 -16"><span class='ocrx_word' id='word_1_608' title='bbox 692 4682 839 4737; x_wconf 87' lang='lat' dir='ltr'><strong>diam</strong></span> <span class='ocrx_word' id='word_1_609' title='bbox 871 4694 1258 4753; x_wconf 83' lang='lat' dir='ltr'><strong>consequetur.</strong></span> <span class='ocrx_word' id='word_1_610' title='bbox 1298 4699 1317 4733; x_wconf 74' lang='grc' dir='ltr'><strong>ι</strong></span> 
     </span>
    </p>
   </div>
   <div class='ocr_carea' id='block_1_86' title="bbox 761 4763 2350 4846">
    <p class='ocr_par' dir='ltr' id='par_1_86' title="bbox 761 4773 2256 4846">
     <span class='ocr_line' id='line_1_86' title="bbox 761 4773 2256 4846; baseline 0.003 -19"><span class='ocrx_word' id='word_1_611' title='bbox 761 4773 918 4830; x_wconf 83' lang='lat' dir='ltr'><strong>Prov.</strong></span> <span class='ocrx_word' id='word_1_612' title='bbox 944 4790 1036 4840; x_wconf 85' lang='lat' dir='ltr'><strong>xx,</strong></span> <span class='ocrx_word' id='word_1_613' title='bbox 1075 4776 1125 4830; x_wconf 92' lang='lat'><strong>7.</strong></span> <span class='ocrx_word' id='word_1_614' title='bbox 1155 4805 1224 4815; x_wconf 90' lang='lat'><strong>—</strong></span> <span class='ocrx_word' id='word_1_615' title='bbox 1261 4793 1279 4825; x_wconf 88' lang='grc' dir='ltr'><strong>ι</strong></span> <span class='ocrx_word' id='word_1_616' title='bbox 1319 4773 1424 4840; x_wconf 85' lang='lat' dir='ltr'><strong>Qui</strong></span> <span class='ocrx_word' id='word_1_617' title='bbox 1468 4784 1617 4831; x_wconf 87' lang='lat' dir='ltr'><strong>recte</strong></span> <span class='ocrx_word' id='word_1_618' title='bbox 1640 4777 1910 4846; x_wconf 87' lang='lat' dir='ltr'><strong>ambulat,</strong></span> <span class='ocrx_word' id='word_1_619' title='bbox 1944 4777 2100 4833; x_wconf 89' lang='lat' dir='ltr'><strong>timet</strong></span> <span class='ocrx_word' id='word_1_620' title='bbox 2146 4777 2256 4832; x_wconf 83' lang='lat' dir='ltr'><strong>Do-</strong></span> 
     </span>
    </p>
   </div>
   <div class='ocr_carea' id='block_1_87' title="bbox 2256 4763 3845 4846">
    <p class='ocr_par' dir='ltr' id='par_1_87' title="bbox 2432 4763 3845 4842">
     <span class='ocr_line' id='line_1_87' title="bbox 2432 4763 3845 4842; baseline -0.008 -19"><span class='ocrx_word' id='word_1_621' title='bbox 2432 4791 2450 4823; x_wconf 88' lang='grc' dir='ltr'><strong>ι</strong></span> <span class='ocrx_word' id='word_1_622' title='bbox 2498 4772 2558 4824; x_wconf 90' lang='lat'><strong>&#39;0</strong></span> <span class='ocrx_word' id='word_1_623' title='bbox 2589 4772 2956 4842; x_wconf 83' lang='grc' dir='ltr'>πορευόμενος</span> <span class='ocrx_word' id='word_1_624' title='bbox 2981 4769 3177 4842; x_wconf 84' lang='grc' dir='ltr'>ὀρθῶς,</span> <span class='ocrx_word' id='word_1_625' title='bbox 3205 4769 3453 4839; x_wconf 88' lang='grc' dir='ltr'>φοϐεῖται</span> <span class='ocrx_word' id='word_1_626' title='bbox 3500 4769 3588 4820; x_wconf 80' lang='grc' dir='ltr'><strong>τὸν</strong></span> <span class='ocrx_word' id='word_1_627' title='bbox 3635 4763 3805 4832; x_wconf 73' lang='grc' dir='ltr'>Κύριον.</span> <span class='ocrx_word' id='word_1_628' title='bbox 3836 4775 3845 4803; x_wconf 85' lang='grc' dir='ltr'><strong>ι</strong></span> 
     </span>
    </p>
   </div>
   <div class='ocr_carea' id='block_1_88' title="bbox 697 4867 982 4921">
    <p class='ocr_par' dir='ltr' id='par_1_88' title="bbox 697 4867 982 4921">
     <span class='ocr_line' id='line_1_88' title="bbox 697 4867 982 4921; baseline -0.007 -1"><span class='ocrx_word' id='word_1_629' title='bbox 697 4867 926 4921; x_wconf 88' lang='lat' dir='ltr'><strong>minum.</strong></span> <span class='ocrx_word' id='word_1_630' title='bbox 964 4885 982 4918; x_wconf 79' lang='grc' dir='ltr'><strong>ι</strong></span> 
     </span>
    </p>
   </div>
   <div class='ocr_carea' id='block_1_89' title="bbox 783 4950 2372 5032">
    <p class='ocr_par' dir='ltr' id='par_1_89' title="bbox 783 4954 2257 5032">
     <span class='ocr_line' id='line_1_89' title="bbox 783 4954 2257 5032; baseline 0.005 -25"><span class='ocrx_word' id='word_1_631' title='bbox 783 4973 802 5007; x_wconf 81' lang='grc' dir='ltr'><strong>ι</strong></span> <span class='ocrx_word' id='word_1_632' title='bbox 839 4954 943 5022; x_wconf 87' lang='lat' dir='ltr'><strong>Qui</strong></span> <span class='ocrx_word' id='word_1_633' title='bbox 971 4955 1111 5008; x_wconf 90' lang='lat' dir='ltr'><strong>citra</strong></span> <span class='ocrx_word' id='word_1_634' title='bbox 1149 4957 1636 5025; x_wconf 87' lang='lat' dir='ltr'><strong>reprehensionem</strong></span> <span class='ocrx_word' id='word_1_635' title='bbox 1687 4968 2051 5016; x_wconf 86' lang='lat' dir='ltr'><strong>conversatur</strong></span> <span class='ocrx_word' id='word_1_636' title='bbox 2084 4962 2140 5016; x_wconf 88' lang='lat' dir='ltr'><strong>itt</strong></span> <span class='ocrx_word' id='word_1_637' title='bbox 2167 4961 2257 5032; x_wconf 91' lang='lat' dir='ltr'><strong>ju-</strong></span> 
     </span>
    </p>
   </div>
   <div class='ocr_carea' id='block_1_90' title="bbox 2258 4950 3847 5032">
    <p class='ocr_par' dir='ltr' id='par_1_90' title="bbox 2435 4950 3847 5027">
     <span class='ocr_line' id='line_1_90' title="bbox 2435 4950 3847 5027; baseline -0.005 -17"><span class='ocrx_word' id='word_1_638' title='bbox 2435 4982 2453 5010; x_wconf 77' lang='grc' dir='ltr'><strong>ι</strong></span> <span class='ocrx_word' id='word_1_639' title='bbox 2500 4959 2595 5020; x_wconf 84' lang='grc' dir='ltr'>Ὃς</span> <span class='ocrx_word' id='word_1_640' title='bbox 2625 4958 3036 5027; x_wconf 81' lang='grc' dir='ltr'>ἀναστρέφεται</span> <span class='ocrx_word' id='word_1_641' title='bbox 3083 4957 3309 5026; x_wconf 83' lang='grc' dir='ltr'>ἄμωμος</span> <span class='ocrx_word' id='word_1_642' title='bbox 3348 4956 3405 5006; x_wconf 80' lang='grc' dir='ltr'><strong>έν</strong></span> <span class='ocrx_word' id='word_1_643' title='bbox 3433 4950 3738 5018; x_wconf 72' lang='grc' dir='ltr'>δικαιοσύνῃ,</span> <span class='ocrx_word' id='word_1_644' title='bbox 3781 4959 3847 5011; x_wconf 75' lang='grc' dir='ltr'><strong>μα·</strong></span> 
     </span>
    </p>
   </div>
   <div class='ocr_carea' id='block_1_91' title="bbox 695 5044 2284 5121">
    <p class='ocr_par' dir='ltr' id='par_1_91' title="bbox 695 5044 1698 5118">
     <span class='ocr_line' id='line_1_91' title="bbox 695 5044 1698 5118; baseline -0.001 -17"><span class='ocrx_word' id='word_1_645' title='bbox 695 5046 864 5109; x_wconf 88' lang='lat' dir='ltr'><strong>stitia,</strong></span> <span class='ocrx_word' id='word_1_646' title='bbox 901 5045 1090 5101; x_wconf 85' lang='lat' dir='ltr'><strong>beatos</strong></span> <span class='ocrx_word' id='word_1_647' title='bbox 1116 5044 1322 5100; x_wconf 88' lang='lat' dir='ltr'><strong>liberos</strong></span> <span class='ocrx_word' id='word_1_648' title='bbox 1351 5047 1646 5118; x_wconf 88' lang='lat' dir='ltr'><strong>relinquet.</strong></span> <span class='ocrx_word' id='word_1_649' title='bbox 1679 5067 1698 5100; x_wconf 76' lang='grc' dir='ltr'><strong>ι</strong></span> 
     </span>
    </p>
   </div>
   <div class='ocr_carea' id='block_1_92' title="bbox 1802 5044 3391 5121">
    <p class='ocr_par' dir='ltr' id='par_1_92' title="bbox 2358 5047 3391 5121">
     <span class='ocr_line' id='line_1_92' title="bbox 2358 5047 3391 5121; baseline -0.004 -19"><span class='ocrx_word' id='word_1_650' title='bbox 2358 5052 2580 5121; x_wconf 79' lang='grc' dir='ltr'>καρίους</span> <span class='ocrx_word' id='word_1_651' title='bbox 2611 5053 2739 5112; x_wconf 76' lang='grc' dir='ltr'>τοὺς</span> <span class='ocrx_word' id='word_1_652' title='bbox 2772 5049 2966 5112; x_wconf 82' lang='grc' dir='ltr'>παῖδας</span> <span class='ocrx_word' id='word_1_653' title='bbox 2992 5047 3325 5116; x_wconf 72' lang='grc' dir='ltr'>καταλείψει.</span> <span class='ocrx_word' id='word_1_654' title='bbox 3375 5066 3391 5098; x_wconf 79' lang='grc' dir='ltr'><strong>ι</strong></span> 
     </span>
    </p>
   </div>
   <div class='ocr_carea' id='block_1_93' title="bbox 761 5121 2350 5214">
    <p class='ocr_par' dir='ltr' id='par_1_93' title="bbox 761 5137 2254 5214">
     <span class='ocr_line' id='line_1_93' title="bbox 761 5137 2254 5214; baseline 0.005 -22"><span class='ocrx_word' id='word_1_655' title='bbox 761 5138 939 5193; x_wconf 86' lang='lat' dir='ltr'><strong>Eccle.</strong></span> <span class='ocrx_word' id='word_1_656' title='bbox 973 5153 1033 5204; x_wconf 89' lang='grc' dir='ltr'><strong>ιι,</strong></span> <span class='ocrx_word' id='word_1_657' title='bbox 1078 5137 1263 5192; x_wconf 87' lang='grc'><strong>26.-</strong></span> <span class='ocrx_word' id='word_1_658' title='bbox 1298 5155 1317 5189; x_wconf 80' lang='grc' dir='ltr'><strong>ι</strong></span> <span class='ocrx_word' id='word_1_659' title='bbox 1351 5139 1504 5194; x_wconf 81' lang='lat' dir='ltr'><strong>Bono</strong></span> <span class='ocrx_word' id='word_1_660' title='bbox 1571 5143 1778 5197; x_wconf 83' lang='lat' dir='ltr'><strong>homini</strong></span> <span class='ocrx_word' id='word_1_661' title='bbox 1832 5142 1889 5198; x_wconf 90' lang='lat' dir='ltr'><strong>in</strong></span> <span class='ocrx_word' id='word_1_662' title='bbox 1950 5153 2254 5214; x_wconf 87' lang='lat' dir='ltr'><strong>conspectu</strong></span> 
     </span>
    </p>
   </div>
   <div class='ocr_carea' id='block_1_94' title="bbox 2258 5121 3847 5214">
    <p class='ocr_par' dir='ltr' id='par_1_94' title="bbox 2427 5121 3847 5213">
     <span class='ocr_line' id='line_1_94' title="bbox 2427 5121 3847 5213; baseline -0.032 -18"><span class='ocrx_word' id='word_1_663' title='bbox 2427 5163 2446 5195; x_wconf 79' lang='grc' dir='ltr'><strong>ι</strong></span> <span class='ocrx_word' id='word_1_664' title='bbox 2488 5141 2579 5213; x_wconf 83' lang='grc' dir='ltr'><strong>Τῷ</strong></span> <span class='ocrx_word' id='word_1_665' title='bbox 2614 5142 2886 5213; x_wconf 82' lang='grc' dir='ltr'>ἀνθρώπῳ</span> <span class='ocrx_word' id='word_1_666' title='bbox 2925 5141 3003 5212; x_wconf 85' lang='grc' dir='ltr'>τῷ</span> <span class='ocrx_word' id='word_1_667' title='bbox 3055 5140 3241 5211; x_wconf 72' lang='grc' dir='ltr'>ἀγαθῷ</span> <span class='ocrx_word' id='word_1_668' title='bbox 3287 5139 3393 5210; x_wconf 69' lang='grc' dir='ltr'>πρὸ</span> <span class='ocrx_word' id='word_1_669' title='bbox 3432 5136 3702 5209; x_wconf 56' lang='grc' dir='ltr'><strong>προσώπου</strong></span> <span class='ocrx_word' id='word_1_670' title='bbox 3734 5121 3847 5183; x_wconf 51' lang='grc' dir='ltr'><strong>αὐτος</strong></span> 
     </span>
    </p>
   </div>
   <div class='ocr_carea' id='block_1_95' title="bbox 691 5229 2280 5310">
    <p class='ocr_par' dir='ltr' id='par_1_95' title="bbox 691 5229 2250 5300">
     <span class='ocr_line' id='line_1_95' title="bbox 691 5229 2250 5300; baseline 0.001 -13"><span class='ocrx_word' id='word_1_671' title='bbox 691 5247 794 5287; x_wconf 89' lang='lat' dir='ltr'><strong>suo</strong></span> <span class='ocrx_word' id='word_1_672' title='bbox 830 5230 978 5287; x_wconf 88' lang='lat' dir='ltr'><strong>dedit</strong></span> <span class='ocrx_word' id='word_1_673' title='bbox 1011 5229 1359 5300; x_wconf 88' lang='lat' dir='ltr'><strong>sapientiam,</strong></span> <span class='ocrx_word' id='word_1_674' title='bbox 1392 5241 1448 5286; x_wconf 90' lang='lat' dir='ltr'><strong>et</strong></span> <span class='ocrx_word' id='word_1_675' title='bbox 1500 5233 1808 5299; x_wconf 82' lang='lat' dir='ltr'><strong>scientiam,</strong></span> <span class='ocrx_word' id='word_1_676' title='bbox 1840 5243 1898 5291; x_wconf 88' lang='lat' dir='ltr'><strong>et</strong></span> <span class='ocrx_word' id='word_1_677' title='bbox 1927 5237 2197 5294; x_wconf 64' lang='lat' dir='ltr'><strong>lmtitiam.</strong></span> <span class='ocrx_word' id='word_1_678' title='bbox 2230 5255 2250 5289; x_wconf 74' lang='grc' dir='ltr'><strong>ι</strong></span> 
     </span>
    </p>
   </div>
   <div class='ocr_carea' id='block_1_96' title="bbox 2096 5229 3685 5310">
    <p class='ocr_par' dir='ltr' id='par_1_96' title="bbox 2096 5235 3685 5310">
     <span class='ocr_line' id='line_1_96' title="bbox 2096 5235 3685 5310; baseline -0.009 -15"><span class='ocrx_word' id='word_1_679' title='bbox 2096 5252 2197 5294; x_wconf 72' lang='lat' dir='ltr'><strong>am.</strong></span> <span class='ocrx_word' id='word_1_680' title='bbox 2230 5255 2250 5289; x_wconf 73' lang='grc' dir='ltr'><strong>ι</strong></span> <span class='ocrx_word' id='word_1_681' title='bbox 2357 5240 2521 5294; x_wconf 82' lang='grc' dir='ltr'>ἔδωκε</span> <span class='ocrx_word' id='word_1_682' title='bbox 2550 5240 2762 5310; x_wconf 80' lang='grc' dir='ltr'>σοφίαν,</span> <span class='ocrx_word' id='word_1_683' title='bbox 2791 5241 2883 5294; x_wconf 75' lang='grc' dir='ltr'>καὶ</span> <span class='ocrx_word' id='word_1_684' title='bbox 2904 5239 3124 5308; x_wconf 85' lang='grc' dir='ltr'>γνῶσιν,</span> <span class='ocrx_word' id='word_1_685' title='bbox 3164 5237 3259 5290; x_wconf 77' lang='grc' dir='ltr'>καὶ</span> <span class='ocrx_word' id='word_1_686' title='bbox 3288 5235 3637 5306; x_wconf 76' lang='grc' dir='ltr'>εὐφροσύνην.</span> <span class='ocrx_word' id='word_1_687' title='bbox 3671 5248 3685 5280; x_wconf 80' lang='grc' dir='ltr'><strong>ι</strong></span> 
     </span>
    </p>
   </div>
   <div class='ocr_carea' id='block_1_97' title="bbox 761 5318 2350 5401">
    <p class='ocr_par' dir='ltr' id='par_1_97' title="bbox 761 5320 2254 5396">
     <span class='ocr_line' id='line_1_97' title="bbox 761 5320 2254 5396; baseline 0.003 -17"><span class='ocrx_word' id='word_1_688' title='bbox 761 5323 888 5393; x_wconf 88' lang='lat' dir='ltr'><strong>Sap.</strong></span> <span class='ocrx_word' id='word_1_689' title='bbox 909 5322 1083 5387; x_wconf 82' lang='grc' dir='ltr'>ιιι,1-7</span> <span class='ocrx_word' id='word_1_690' title='bbox 1097 5339 1214 5378; x_wconf 79' lang='grc'><strong>.-‹</strong></span> <span class='ocrx_word' id='word_1_691' title='bbox 1235 5320 1514 5378; x_wconf 85' lang='lat' dir='ltr'><strong>Justorum</strong></span> <span class='ocrx_word' id='word_1_692' title='bbox 1538 5325 1733 5381; x_wconf 67' lang='lat' dir='ltr'><strong>animae</strong></span> <span class='ocrx_word' id='word_1_693' title='bbox 1748 5326 1804 5381; x_wconf 91' lang='lat' dir='ltr'><strong>in</strong></span> <span class='ocrx_word' id='word_1_694' title='bbox 1819 5343 1980 5383; x_wconf 90' lang='lat' dir='ltr'><strong>manu</strong></span> <span class='ocrx_word' id='word_1_695' title='bbox 1995 5329 2090 5384; x_wconf 90' lang='lat' dir='ltr'><strong>Dei</strong></span> <span class='ocrx_word' id='word_1_696' title='bbox 2105 5339 2254 5396; x_wconf 88' lang='lat' dir='ltr'><strong>sunt,</strong></span> 
     </span>
    </p>
   </div>
   <div class='ocr_carea' id='block_1_98' title="bbox 2254 5318 3843 5401">
    <p class='ocr_par' dir='ltr' id='par_1_98' title="bbox 2432 5318 3843 5401">
     <span class='ocr_line' id='line_1_98' title="bbox 2432 5318 3843 5401; baseline -0.005 -18"><span class='ocrx_word' id='word_1_697' title='bbox 2432 5352 2449 5383; x_wconf 85' lang='grc' dir='ltr'><strong>ι</strong></span> <span class='ocrx_word' id='word_1_698' title='bbox 2485 5332 2722 5386; x_wconf 88' lang='grc' dir='ltr'>Δικαίων</span> <span class='ocrx_word' id='word_1_699' title='bbox 2751 5329 2922 5401; x_wconf 80' lang='grc' dir='ltr'>ψυχαὶ</span> <span class='ocrx_word' id='word_1_700' title='bbox 2951 5333 3009 5383; x_wconf 89' lang='lat' dir='ltr'><strong>tv</strong></span> <span class='ocrx_word' id='word_1_701' title='bbox 3039 5329 3183 5401; x_wconf 75' lang='grc' dir='ltr'>χειρὶ</span> <span class='ocrx_word' id='word_1_702' title='bbox 3211 5326 3368 5390; x_wconf 83' lang='grc' dir='ltr'>Θεοῦ,</span> <span class='ocrx_word' id='word_1_703' title='bbox 3405 5327 3499 5378; x_wconf 77' lang='grc' dir='ltr'>καὶ</span> <span class='ocrx_word' id='word_1_704' title='bbox 3528 5325 3586 5376; x_wconf 74' lang='grc' dir='ltr'>οὗ</span> <span class='ocrx_word' id='word_1_705' title='bbox 3608 5324 3674 5392; x_wconf 71' lang='grc' dir='ltr'><strong>μὴ</strong></span> <span class='ocrx_word' id='word_1_706' title='bbox 3700 5318 3843 5386; x_wconf 68' lang='grc' dir='ltr'>ᾰψητιε</span> 
     </span>
    </p>
   </div>
   <div class='ocr_carea' id='block_1_99' title="bbox 692 5408 2281 5496">
    <p class='ocr_par' dir='ltr' id='par_1_99' title="bbox 692 5414 2254 5489">
     <span class='ocr_line' id='line_1_99' title="bbox 692 5414 2254 5489; baseline 0.001 -16"><span class='ocrx_word' id='word_1_707' title='bbox 692 5425 864 5473; x_wconf 90' lang='lat' dir='ltr'><strong>etnon</strong></span> <span class='ocrx_word' id='word_1_708' title='bbox 887 5425 1070 5489; x_wconf 86' lang='lat' dir='ltr'><strong>tanget</strong></span> <span class='ocrx_word' id='word_1_709' title='bbox 1091 5416 1216 5472; x_wconf 88' lang='lat' dir='ltr'><strong>illos</strong></span> <span class='ocrx_word' id='word_1_710' title='bbox 1247 5414 1731 5471; x_wconf 84' lang='lat' dir='ltr'><strong>tormentum.Visi</strong></span> <span class='ocrx_word' id='word_1_711' title='bbox 1760 5428 1893 5473; x_wconf 87' lang='lat' dir='ltr'><strong>sunt</strong></span> <span class='ocrx_word' id='word_1_712' title='bbox 1921 5421 2096 5477; x_wconf 88' lang='lat' dir='ltr'><strong>oculis</strong></span> <span class='ocrx_word' id='word_1_713' title='bbox 2115 5421 2254 5476; x_wconf 90' lang='lat' dir='ltr'><strong>insi-</strong></span> 
     </span>
    </p>
   </div>
   <div class='ocr_carea' id='block_1_100' title="bbox 2254 5408 3843 5496">
    <p class='ocr_par' dir='ltr' id='par_1_100' title="bbox 2355 5408 3843 5496">
     <span class='ocr_line' id='line_1_100' title="bbox 2355 5408 3843 5496; baseline -0.016 -16"><span class='ocrx_word' id='word_1_714' title='bbox 2355 5426 2532 5480; x_wconf 83' lang='grc' dir='ltr'>αὐτῶν</span> <span class='ocrx_word' id='word_1_715' title='bbox 2555 5426 2807 5496; x_wconf 75' lang='grc' dir='ltr'>βάσανος.</span> <span class='ocrx_word' id='word_1_716' title='bbox 2830 5423 3056 5489; x_wconf 79' lang='grc' dir='ltr'>Ἔδοξαν</span> <span class='ocrx_word' id='word_1_717' title='bbox 3077 5425 3134 5477; x_wconf 88' lang='lat' dir='ltr'><strong>tv</strong></span> <span class='ocrx_word' id='word_1_718' title='bbox 3154 5420 3450 5490; x_wconf 82' lang='grc' dir='ltr'>ὀφθαλμοῖς</span> <span class='ocrx_word' id='word_1_719' title='bbox 3465 5417 3696 5488; x_wconf 81' lang='grc' dir='ltr'>ἀφρόνων</span> <span class='ocrx_word' id='word_1_720' title='bbox 3712 5408 3843 5461; x_wconf 66' lang='grc' dir='ltr'>τεθναα</span> 
     </span>
    </p>
   </div>
   <div class='ocr_carea' id='block_1_101' title="bbox 693 5497 2282 5588">
    <p class='ocr_par' dir='ltr' id='par_1_101' title="bbox 693 5507 2250 5578">
     <span class='ocr_line' id='line_1_101' title="bbox 693 5507 2250 5578; baseline 0.005 -16"><span class='ocrx_word' id='word_1_721' title='bbox 693 5509 951 5578; x_wconf 86' lang='lat' dir='ltr'><strong>pientium</strong></span> <span class='ocrx_word' id='word_1_722' title='bbox 971 5510 1133 5572; x_wconf 89' lang='lat' dir='ltr'><strong>mori,</strong></span> <span class='ocrx_word' id='word_1_723' title='bbox 1151 5520 1204 5563; x_wconf 91' lang='lat' dir='ltr'><strong>et</strong></span> <span class='ocrx_word' id='word_1_724' title='bbox 1219 5507 1488 5564; x_wconf 74' lang='lat' dir='ltr'><strong>:estimata</strong></span> <span class='ocrx_word' id='word_1_725' title='bbox 1510 5516 1592 5563; x_wconf 90' lang='lat' dir='ltr'><strong>est</strong></span> <span class='ocrx_word' id='word_1_726' title='bbox 1605 5508 1827 5566; x_wconf 73' lang='lat' dir='ltr'><strong>afﬂictio</strong></span> <span class='ocrx_word' id='word_1_727' title='bbox 1838 5514 2016 5570; x_wconf 84' lang='lat' dir='ltr'><strong>exitus</strong></span> <span class='ocrx_word' id='word_1_728' title='bbox 2029 5531 2216 5570; x_wconf 90' lang='lat' dir='ltr'><strong>eorum</strong></span> <span class='ocrx_word' id='word_1_729' title='bbox 2237 5535 2250 5570; x_wconf 89' lang='lat'><strong>:</strong></span> 
     </span>
    </p>
   </div>
   <div class='ocr_carea' id='block_1_102' title="bbox 2250 5497 3839 5588">
    <p class='ocr_par' dir='ltr' id='par_1_102' title="bbox 2353 5497 3839 5588">
     <span class='ocr_line' id='line_1_102' title="bbox 2353 5497 3839 5588; baseline -0.011 -17"><span class='ocrx_word' id='word_1_730' title='bbox 2353 5536 2464 5580; x_wconf 87' lang='grc' dir='ltr'>ναι,</span> <span class='ocrx_word' id='word_1_731' title='bbox 2499 5517 2594 5572; x_wconf 79' lang='grc' dir='ltr'>καὶ</span> <span class='ocrx_word' id='word_1_732' title='bbox 2623 5517 2873 5588; x_wconf 76' lang='grc' dir='ltr'>ἐλογίσθη</span> <span class='ocrx_word' id='word_1_733' title='bbox 2903 5518 3148 5578; x_wconf 81' lang='grc' dir='ltr'>κάκωσις</span> <span class='ocrx_word' id='word_1_734' title='bbox 3196 5515 3230 5584; x_wconf 86' lang='grc' dir='ltr'><strong>ἡ</strong></span> <span class='ocrx_word' id='word_1_735' title='bbox 3272 5510 3448 5578; x_wconf 75' lang='grc' dir='ltr'>ἔξοδος</span> <span class='ocrx_word' id='word_1_736' title='bbox 3503 5506 3683 5570; x_wconf 71' lang='grc' dir='ltr'>αὐτῶν,</span> <span class='ocrx_word' id='word_1_737' title='bbox 3723 5497 3839 5561; x_wconf 74' lang='grc' dir='ltr'>κιὶή</span> 
     </span>
    </p>
   </div>
   <div class='ocr_carea' id='block_1_103' title="bbox 692 5593 2281 5683">
    <p class='ocr_par' dir='ltr' id='par_1_103' title="bbox 692 5599 2256 5674">
     <span class='ocr_line' id='line_1_103' title="bbox 692 5599 2256 5674; baseline 0.006 -22"><span class='ocrx_word' id='word_1_738' title='bbox 692 5599 856 5674; x_wconf 64' lang='grc'><strong>440</strong></span> <span class='ocrx_word' id='word_1_739' title='bbox 888 5608 941 5654; x_wconf 89' lang='lat' dir='ltr'><strong>et</strong></span> <span class='ocrx_word' id='word_1_740' title='bbox 970 5599 1117 5669; x_wconf 90' lang='lat' dir='ltr'><strong>quod</strong></span> <span class='ocrx_word' id='word_1_741' title='bbox 1147 5614 1176 5652; x_wconf 89' lang='lat' dir='ltr'><strong>a</strong></span> <span class='ocrx_word' id='word_1_742' title='bbox 1200 5599 1357 5654; x_wconf 88' lang='lat' dir='ltr'><strong>nobis</strong></span> <span class='ocrx_word' id='word_1_743' title='bbox 1381 5607 1465 5655; x_wconf 87' lang='lat' dir='ltr'><strong>est</strong></span> <span class='ocrx_word' id='word_1_744' title='bbox 1502 5599 1626 5665; x_wconf 88' lang='lat' dir='ltr'><strong>iter,</strong></span> <span class='ocrx_word' id='word_1_745' title='bbox 1681 5605 1943 5659; x_wconf 88' lang='lat' dir='ltr'><strong>contritio</strong></span> <span class='ocrx_word' id='word_1_746' title='bbox 1985 5623 1999 5660; x_wconf 90' lang='lat'><strong>:</strong></span> <span class='ocrx_word' id='word_1_747' title='bbox 2034 5607 2112 5661; x_wconf 89' lang='lat' dir='ltr'><strong>illi</strong></span> <span class='ocrx_word' id='word_1_748' title='bbox 2155 5621 2256 5662; x_wconf 91' lang='lat' dir='ltr'><strong>au-</strong></span> 
     </span>
    </p>
   </div>
   <div class='ocr_carea' id='block_1_104' title="bbox 2249 5593 3838 5683">
    <p class='ocr_par' dir='ltr' id='par_1_104' title="bbox 2249 5593 3838 5683">
     <span class='ocr_line' id='line_1_104' title="bbox 2249 5593 3838 5683; baseline -0.005 -18"><span class='ocrx_word' id='word_1_749' title='bbox 2249 5639 2256 5648; x_wconf 97' lang='lat'><strong><em>-</em></strong></span> <span class='ocrx_word' id='word_1_750' title='bbox 2352 5611 2446 5680; x_wconf 84' lang='grc' dir='ltr'>ἀφ’</span> <span class='ocrx_word' id='word_1_751' title='bbox 2475 5611 2632 5683; x_wconf 84' lang='grc' dir='ltr'>ἡμῶν</span> <span class='ocrx_word' id='word_1_752' title='bbox 2658 5611 2853 5680; x_wconf 82' lang='grc' dir='ltr'>πορεία</span> <span class='ocrx_word' id='word_1_753' title='bbox 2885 5609 3199 5680; x_wconf 83' lang='grc' dir='ltr'>σύντριμμα</span> <span class='ocrx_word' id='word_1_754' title='bbox 3223 5621 3237 5636; x_wconf 78' lang='grc'><strong><em>⁸</em></strong></span> <span class='ocrx_word' id='word_1_755' title='bbox 3266 5605 3314 5658; x_wconf 81' lang='grc' dir='ltr'>οἱ</span> <span class='ocrx_word' id='word_1_756' title='bbox 3335 5605 3393 5658; x_wconf 82' lang='grc' dir='ltr'><strong>δέ</strong></span> <span class='ocrx_word' id='word_1_757' title='bbox 3434 5605 3570 5656; x_wconf 76' lang='grc' dir='ltr'>εἰσιν</span> <span class='ocrx_word' id='word_1_758' title='bbox 3593 5602 3645 5653; x_wconf 83' lang='grc' dir='ltr'>ὲν</span> <span class='ocrx_word' id='word_1_759' title='bbox 3685 5593 3838 5683; x_wconf 63' lang='grc' dir='ltr'><strong>εξρῆνΐι·</strong></span> 
     </span>
    </p>
   </div>
   <div class='ocr_carea' id='block_1_105' title="bbox 695 5679 2284 5774">
    <p class='ocr_par' dir='ltr' id='par_1_105' title="bbox 695 5689 2254 5761">
     <span class='ocr_line' id='line_1_105' title="bbox 695 5689 2254 5761; baseline 0.005 -15"><span class='ocrx_word' id='word_1_760' title='bbox 695 5693 803 5748; x_wconf 85' lang='lat' dir='ltr'><strong>tem</strong></span> <span class='ocrx_word' id='word_1_761' title='bbox 838 5696 964 5749; x_wconf 86' lang='lat' dir='ltr'><strong>sunt</strong></span> <span class='ocrx_word' id='word_1_762' title='bbox 1002 5691 1056 5745; x_wconf 87' lang='lat' dir='ltr'><strong>in</strong></span> <span class='ocrx_word' id='word_1_763' title='bbox 1084 5705 1236 5761; x_wconf 88' lang='lat' dir='ltr'><strong>pace.</strong></span> <span class='ocrx_word' id='word_1_764' title='bbox 1271 5689 1406 5745; x_wconf 82' lang='lat' dir='ltr'><strong>Nam</strong></span> <span class='ocrx_word' id='word_1_765' title='bbox 1431 5691 1542 5745; x_wconf 90' lang='lat' dir='ltr'><strong>etsi</strong></span> <span class='ocrx_word' id='word_1_766' title='bbox 1586 5705 1770 5749; x_wconf 85' lang='lat' dir='ltr'><strong>coram</strong></span> <span class='ocrx_word' id='word_1_767' title='bbox 1796 5695 2110 5752; x_wconf 87' lang='lat' dir='ltr'><strong>hominibus</strong></span> <span class='ocrx_word' id='word_1_768' title='bbox 2142 5707 2254 5754; x_wconf 90' lang='lat' dir='ltr'><strong>tor-</strong></span> 
     </span>
    </p>
   </div>
   <div class='ocr_carea' id='block_1_106' title="bbox 2249 5679 3838 5774">
    <p class='ocr_par' dir='ltr' id='par_1_106' title="bbox 2249 5679 3838 5774">
     <span class='ocr_line' id='line_1_106' title="bbox 2249 5679 3838 5774; baseline -0.008 -16"><span class='ocrx_word' id='word_1_769' title='bbox 2249 5729 2254 5741; x_wconf 74' lang='grc' dir='ltr'><strong>ι</strong></span> <span class='ocrx_word' id='word_1_770' title='bbox 2353 5679 2464 5757; x_wconf 76' lang='grc' dir='ltr'><strong>Καὶ</strong></span> <span class='ocrx_word' id='word_1_771' title='bbox 2497 5679 2631 5774; x_wconf 22' lang='grc' dir='ltr'>ῡγὰρ</span> <span class='ocrx_word' id='word_1_772' title='bbox 2683 5679 2744 5756; x_wconf 82' lang='lat' dir='ltr'><strong>tv</strong></span> <span class='ocrx_word' id='word_1_773' title='bbox 2776 5702 2899 5768; x_wconf 74' lang='grc' dir='ltr'>ὕψει</span> <span class='ocrx_word' id='word_1_774' title='bbox 2944 5699 3245 5771; x_wconf 83' lang='grc' dir='ltr'>ἀνθρώπων</span> <span class='ocrx_word' id='word_1_775' title='bbox 3299 5701 3392 5752; x_wconf 74' lang='grc' dir='ltr'><strong>ἐὰν</strong></span> <span class='ocrx_word' id='word_1_776' title='bbox 3449 5691 3773 5749; x_wconf 74' lang='grc' dir='ltr'>κολασθῶσιν.</span> <span class='ocrx_word' id='word_1_777' title='bbox 3816 5679 3838 5745; x_wconf 77' lang='lat' dir='ltr'><strong>’l</strong></span> 
     </span>
    </p>
   </div>
   <div class='ocr_carea' id='block_1_107' title="bbox 693 5782 2282 5861">
    <p class='ocr_par' dir='ltr' id='par_1_107' title="bbox 693 5783 2252 5857">
     <span class='ocr_line' id='line_1_107' title="bbox 693 5783 2252 5857; baseline 0.005 -17"><span class='ocrx_word' id='word_1_778' title='bbox 693 5793 874 5841; x_wconf 83' lang='lat' dir='ltr'><strong>menta</strong></span> <span class='ocrx_word' id='word_1_779' title='bbox 904 5783 1051 5855; x_wconf 90' lang='lat' dir='ltr'><strong>passi</strong></span> <span class='ocrx_word' id='word_1_780' title='bbox 1079 5792 1230 5852; x_wconf 89' lang='lat' dir='ltr'><strong>sunt,</strong></span> <span class='ocrx_word' id='word_1_781' title='bbox 1265 5798 1393 5855; x_wconf 82' lang='lat' dir='ltr'><strong>spes</strong></span> <span class='ocrx_word' id='word_1_782' title='bbox 1423 5784 1648 5842; x_wconf 89' lang='lat' dir='ltr'><strong>illorum</strong></span> <span class='ocrx_word' id='word_1_783' title='bbox 1685 5787 2099 5848; x_wconf 80' lang='lat' dir='ltr'><strong>immortalitate</strong></span> <span class='ocrx_word' id='word_1_784' title='bbox 2135 5793 2252 5857; x_wconf 87' lang='lat' dir='ltr'><strong>ple-</strong></span> 
     </span>
    </p>
   </div>
   <div class='ocr_carea' id='block_1_108' title="bbox 2251 5782 3840 5861">
    <p class='ocr_par' dir='ltr' id='par_1_108' title="bbox 2251 5782 3840 5861">
     <span class='ocr_line' id='line_1_108' title="bbox 2251 5782 3840 5861; baseline -0.01 -12"><span class='ocrx_word' id='word_1_785' title='bbox 2251 5826 2252 5832; x_wconf 58' lang='grc' dir='ltr'><strong>η</strong></span> <span class='ocrx_word' id='word_1_786' title='bbox 2353 5796 2506 5859; x_wconf 70' lang='grc' dir='ltr'>ἐλπὶς</span> <span class='ocrx_word' id='word_1_787' title='bbox 2571 5795 2751 5852; x_wconf 76' lang='grc' dir='ltr'>αὐτῶν</span> <span class='ocrx_word' id='word_1_788' title='bbox 2805 5794 3106 5857; x_wconf 87' lang='grc' dir='ltr'>ἀθανασίας</span> <span class='ocrx_word' id='word_1_789' title='bbox 3163 5791 3391 5861; x_wconf 78' lang='grc' dir='ltr'>πλήρης.</span> <span class='ocrx_word' id='word_1_790' title='bbox 3454 5789 3562 5841; x_wconf 79' lang='grc' dir='ltr'><strong>Καὶ</strong></span> <span class='ocrx_word' id='word_1_791' title='bbox 3599 5782 3728 5849; x_wconf 76' lang='grc' dir='ltr'>ὀλίγα</span> <span class='ocrx_word' id='word_1_792' title='bbox 3751 5791 3840 5828; x_wconf 64' lang='grc' dir='ltr'>παι-</span> 
     </span>
    </p>
   </div>
  </div>
