3968 6418
104 347 221 410 ἴ385

1307 319 1565 398 Sileni
1607 337 2064 396 mmmam.

3189 334 3326 402 1386

98 453 365 513 ὀευθεντες,
409 447 623 518 μεγάλα
674 445 1200 517 εὐεργετηθήσονται
1232 460 1245 476 ·
1300 446 1382 498 ὅτι
1445 447 1473 497 ὁ
1511 446 1642 507 Θεὸς

1777 459 1817 498 ιο
1836 455 1938 500 est.
1961 445 2019 498 Et
2044 447 2096 498 in
2133 445 2324 514 paucis
2353 447 2556 510 vexati,
2573 445 2628 501 in
2654 445 2842 502 multis
2863 447 3002 503 bene
3021 425 3326 516 disponen-

101 546 358 614 ἐπείρασεν
387 541 603 601 αὐτοὺς,
634 538 728 591 καὶ
761 529 921 605 εὗρεν
952 535 1152 599 αὐτοὺς
1179 533 1365 599 ἀξίους
1423 533 1641 589 ἑαυτοῦ.

110 638 184 699 Ὡς
212 632 400 706 χρυσὸν
425 633 480 682 ὲν
515 629 868 700 χωνευτηρίῳ
892 627 1220 697 ἐδοκίμασεν
1274 626 1496 691 αὐτοὺς,
1551 626 1645 678 καὶ

100 730 163 790 ὡς
195 723 554 796 ὀλοκάρπωμα
577 720 764 784 θυσίας
781 719 1145 792 προσεδέξατο
1159 719 1395 786 αὐτοὺς,
1430 718 1526 773 καὶ
1585 721 1644 773 ἐν

100 817 255 888 καιρῷ
281 818 580 886 ἐπισκοπῆς
611 814 792 867 αὐτῶν
824 811 1220 882 ἀναλάμψουσι.
1253 830 1273 864 ι

163 930 177 961 ι
229 909 427 963 Δίκαιοι
473 910 554 970 εἰς
614 907 707 961 τὸν
746 906 920 961 αἰῶνα
955 903 1114 970 ζῶσι,
1161 904 1258 958 καὶ
1310 905 1367 957 ὲν
1394 901 1583 974 Κυρίῳ
1615 902 1644 953 δ

100 1001 267 1073 μισθὸς
287 1000 486 1067 αὐτῶν,
509 1001 601 1053 καὶ
625 1000 658 1069 ἡ
693 997 916 1070 φροντὶς
945 996 1126 1050 αὐτῶν
1166 994 1318 1066 παρὰ
1361 994 1638 1064 Ὑψίστου.

96 1093 180 1147 Διὰ
205 1093 354 1146 τοῦτο
382 1092 646 1163 λήψονται
686 1091 750 1145 τὸ
807 1090 1078 1162 βασίλειον
1118 1089 1221 1158 τῆς
1284 1087 1640 1160 εὐπρεπείας,

97 1188 177 1239 καὶ
200 1189 257 1238 τὸ
279 1185 515 1255 διάδημα
551 1184 653 1254 τῆς
704 1183 973 1252 καλλονῆς
1025 1182 1089 1234 ἐκ
1139 1177 1324 1250 χειρὸς
1382 1179 1591 1249 Κυρίου
1626 1195 1641 1210 ·

96 1279 164 1329 ὅτι
183 1279 240 1346 τῇ
271 1275 417 1347 δεξιᾷ
437 1275 603 1328 αὑτοῦ
633 1274 896 1328 σκεπὰσει
934 1273 1152 1337 αὐτοὺς,
1178 1271 1274 1325 καὶ
1302 1267 1380 1341 τῷ
1397 1269 1643 1340 βραχίονι

95 1370 398 1439 ὑπερασπιεί
425 1367 624 1421 αὐτῶν.
667 1387 686 1418 ι

156 1459 400 1520 «Δίκαιος
429 1456 527 1510 ἐὰν
584 1455 765 1528 φθάσῃ
821 1456 1166 1526 τελευτῆσαι,
1204 1458 1284 1511 ’ὲν
1333 1456 1642 1512 ἀναπαύσει

1746 546 1838 591 tur
1873 555 1886 591 :
1924 536 2187 605 quoniam
2226 536 2367 590 Deus
2395 536 2627 591 tentavit
2657 536 2813 604 illos.
2857 545 2912 593 et
2956 537 3167 594 invenit
3200 539 3323 595 illos

1746 629 1942 698 dignos
1980 643 2059 683 se.
2120 617 2407 696 Tanquam
2459 643 2654 684 aurum
2687 629 2740 684 in
2791 629 3013 688 fornace
3071 633 3324 702 probavit

1749 723 1898 788 illos,
1928 728 1982 778 et
2008 721 2166 788 quasi
2196 720 2582 775 holocaustum
2613 721 2808 778 hostiae
2837 724 3054 794 accepit
3077 725 3203 780 illos
3226 739 3242 780 :
3267 735 3324 782 et

1747 816 1801 870 in
1825 825 2070 886 tempore
2101 821 2386 884 respectus
2407 814 2492 868 sui
2516 813 2888 888 refulgebunt.
2925 833 2943 868 ι

1821 905 1996 961 Eccle.
2029 924 2082 974 v,
2120 905 2206 962 l6.
2234 936 2305 947 —-
2339 925 2357 958 ι
2400 905 2546 961 Justi
2596 907 2652 960 in
2689 916 3016 978 perpetuum
3040 908 3326 975 ‘vivent,et

1748 1001 1890 1070 apud
1950 998 2240 1053 Dominum
2277 1004 2361 1054 est
2413 1012 2623 1052 merces
2685 1013 2916 1061 eorum,
2951 1007 3007 1052 et
3057 1001 3325 1071 cogitatio

1746 1105 1936 1146 eorum
1995 1088 2138 1160 apud
2190 1088 2550 1142 Altissimtun.
2591 1087 2712 1141 Ideo
2774 1089 3046 1159 accipient
3096 1103 3325 1160 regnum

1721 1183 1988 1245 .decoris,
2025 1189 2082 1236 et
2128 1181 2378 1236 diadema
2439 1181 2640 1250 speciei
2695 1181 2762 1234 tle
2803 1195 2966 1235 manu
3023 1180 3238 1236 Domini
3309 1200 3323 1236 :

1747 1275 2005 1348 quoniam
2035 1274 2260 1330 dextera
2297 1287 2396 1328 sua
2432 1281 2577 1342 teget
2601 1277 2720 1334 eos,
2752 1281 2805 1326 et
2841 1273 3068 1328 brachio
3098 1291 3201 1329 suo
3229 1273 3327 1329 de-

1748 1369 1932 1424 l'cndet
1962 1368 2105 1424 illos.
2134 1386 2151 1418 ι

1820 1460 1996 1515 Eccle.
2031 1477 2106 1523 tv,
2135 1461 2188 1525 7,
2225 1460 2311 1512 15.
2343 1489 2412 1499 —-
2451 1476 2468 1510 ι
2503 1457 2717 1523 Justus,
2773 1459 2820 1512 si
2879 1469 3058 1515 morte
3114 1465 3324 1531 praeces

96 1547 243 1600 ἔσται.
274 1548 444 1618 Χάρις
471 1547 569 1601 καὶ
591 1547 740 1611 ἕλεος
765 1550 823 1600 ἐν
853 1551 965 1608 τοῖς
997 1548 1272 1614 ἐκλεκτοῖς
1314 1549 1502 1612 αὑτοῦ,
1550 1551 1643 1603 καὶ

1777 1561 1989 1624 ιιροιιιε
2012 1552 2202 1618 fuerit,
2239 1554 2292 1604 in
2333 1550 2623 1622 refrigerio
2651 1551 2778 1607 erit.
2829 1549 3021 1606 Gratia
3052 1562 3108 1607 et
3148 1553 3324 1608 mise-

94 1638 339 1710 ἐπισκοπῇ
377 1641 437 1692 ἐν
463 1641 576 1702 τοῖς
606 1639 776 1703 ὁσίοις
799 1639 987 1693 αὑτοῦ.
1030 1659 1047 1691 ι

161 1841 177 1873 ι
207 1821 372 1875 Θυσία
405 1821 595 1893 ἀνδρὸς
626 1814 839 1876 δικαίου
870 1823 1058 1894 δεκτή.
1095 1839 1116 1875 ›

159 2025 174 2056 ι
213 2007 268 2057 ὐ
314 2004 518 2074 ἀγαθὸς
547 2005 836 2078 ἄνθρωπος
881 2008 947 2060 ἐκ
975 2006 1069 2060 τοῦ
1117 2006 1324 2075 ἀγαθοί
1370 2005 1646 2079 θησαυροῦ

91 2097 176 2166 τῆς
203 2096 424 2168 καρδίας
458 2097 802 2152 ὲκδάλλειτὰ
832 2097 1035 2166 ἀγαθά.
1076 2115 1094 2149 t

163 2189 369 2254 Ῥάθδος
395 2188 605 2243 δικαίου
628 2189 900 2261 κρείσσων
928 2190 964 2261 ἢ
991 2190 1128 2262 τιμὴ
1152 2191 1324 2246 κακοῦ

151 2371 275 2425 Ἕνα
306 2370 540 2424 πλοῦτον
565 2371 871 2441 νομίζοντα
904 2373 1001 2444 τὴν
1037 2373 1139 2443 τῆς
1181 2373 1382 2444 ἀρετῆς
1431 2376 1646 2446 κτῆσιν,

95 2463 207 2532 μίαν
233 2463 512 2534 εὐγένειαν
542 2464 642 2535 τὴν
665 2465 803 2535 πρὸς
838 2465 925 2518 τὸν
953 2463 1085 2518 Θεὸν
1133 2466 1466 2536 οἰκειότητα,
1516 2467 1649 2536 μίαν

91 2556 228 2620 ἀξίαν
257 2558 346 2611 καὶ
370 2556 696 2611 δυναστείαν
721 2557 783 2610 τὸ
811 2559 1032 2628 κρατεῖν
1056 2557 1277 2622 ἑαυτοῦ,
1339 2559 1437 2614 καὶ
1488 2560 1648 2614 ἀδού-

91 2644 242 2700 λωτον
266 2645 541 2711 εἶναιτοῖς
569 2647 939 2719 ἀνθρωπίνοις
993 2647 1314 2719 παθήμασιν
1344 2664 1357 2678 ·
1413 2647 1650 2720 ἀχθόμε-

93 2755 172 2792 νον
201 2741 295 2810 μὲν
322 2743 389 2813 τῇ
420 2740 730 2812 παρατάσει
781 2742 882 2810 τῆς
929 2738 1024 2792 τοῦ
1067 2738 1253 2792 ὑλικοῦ
1308 2739 1426 2810 βίου
1480 2740 1647 2810 ζωῆς,

95 2834 372 2888 σπεύδοντα
396 2832 456 2887 δὲ
478 2833 731 2904 καθάπερ
761 2833 813 2885 οἱ
841 2832 928 2884 διὰ
963 2830 1235 2900 πελάγους
1263 2831 1652 2885 κακοπαθοῦν-

93 2941 171 2989 τες
198 2927 329 2998 πρὸς
346 2926 547 2997 λιμένα
570 2926 908 2995 καταντῆσαι
943 2923 1043 2994 τῆς
1075 2923 1445 2988 ἀναστάσεως.

157 3191 352 3264 Ὠσπερ
383 3191 457 3245 τὰ
485 3187 660 3258 εὐώδη
691 3187 800 3241 τῶν
847 3185 1156 3258 ἀρωμάτων
1213 3187 1312 3255 τῆς
1361 3181 1496 3246 ἰδίας
1563 3180 1656 3235 εὗ-

93 3283 260 3347 πνοίας
285 3287 374 3339 τὸν
405 3279 814 3352 παρακείμενον
846 3276 987 3347 ἀέρα
1042 3275 1228 3346 πλήρη
1261 3275 1408 3326 ποιεῖ
1436 3289 1448 3301 ·
1483 3271 1654 3333 οὕτως

91 3374 262 3444 ἀνδρὸς
289 3372 498 3443 ἀγαθοῦ
529 3369 800 3441 παρουσία
815 3369 941 3431 τοὺς
977 3367 1146 3430 πέλας
1175 3367 1434 3436 ὀνίνησιν.

360 3553 543 3607 Tl'l‘A.
572 3551 668 3604 lZ'.
701 3579 770 3592 -—-
794 3547 936 3618 Περὶ
969 3547 1337 3617 διγλώονσου.

159 3662 177 3697 ι
210 3647 564 3714 Κατὰγνωσις
597 3641 810 3713 πονηρὰ
845 3642 937 3693 ἐπὶ
967 3637 1292 3708 διγλώσσουι
1331 3655 1348 3687 ι

164 3843 180 3876 ι
213 3826 321 3888 Πᾶς
349 3819 674 3894 ἁμαρτωλὸς
719 3815 982 3889 φθονερὸς
1038 3816 1134 3868 καὶ
1180 3815 1480 3884 δίγλωσσος
1537 3818 1658 3870 ἀτι-

96 3916 210 3984 μίαν
235 3916 360 3981 ἓξει.
399 3933 418 3966 ι

160 4049 176 4080 ι
221 4030 456 4100 Ψίθυρον
481 4027 573 4079 καὶ
599 4023 898 4094 δίγλωσσον
957 4019 1378 4092 καταράσασθε’
1433 4018 1662 4084 πολλοὺς

92 4119 185 4191 γὰρ
213 4118 591 4192 εερηνεύοντας
617 4113 887 4170 ἀπώλεσε.
940 4111 1171 4166 Γλῶσσα
1221 4111 1374 4183 διττὴ
1433 4111 1662 4174 πολλοὺς

94 4211 355 4279 ὲσάλευσε,
385 4210 482 4264 καὶ
509 4206 803 4262 διέστειλεν
830 4204 1028 4268 αὐτοὺς
1061 4205 1170 4259 ἀπὸ
1197 4203 1383 4267 ἔθνους
1429 4206 1510 4268 εἰς
1569 4203 1660 4256 εο-

94 4320 192 4367 νος,
220 4307 312 4359 καὶ
345 4303 532 4365 πόλεις
559 4300 766 4370 ὀχυρᾶς
811 4295 1078 4360 καθεῖλεν,
1126 4297 1222 4349 καὶ
1271 4298 1443 4359 οἰκίας
1497 4311 1654 4366 μεγι-
1687 4283 1736 4343 D

95 4397 286 4450 στάνων
354 4392 718 4464 κατέστρεψε.
758 4389 982 4442 Γλῶσσα
1037 4389 1193 4458 διττὴ
1237 4392 1504 4458 γυναῖκας
1563 4391 1658 4442 ἁν-

92 4486 262 4557 δρείας
290 4487 512 4556 ἐξέϐαλε
545 4486 640 4539 καὶ
665 4483 960 4554 ὲστὲρησεν
987 4481 1160 4545 αὑτὰς
1187 4481 1293 4534 τῶν
1324 4481 1502 4534 πῦνων
1561 4482 1657 4533 αὑ-

91 4580 210 4637 τῶν.
249 4582 308 4636 ὐ
333 4580 620 4652 προσέχων
658 4578 819 4648 αὐτῇ,
890 4576 952 4628 οὐ
1007 4573 1082 4645 μὴ
1141 4573 1280 4644 εὕρῃ
1330 4574 1655 4636 ἀνάπαυσιν,

92 4672 199 4726 οὐδὲ
234 4670 648 4741 κατασκηνώσει
680 4666 822 4738 μετὰ
859 4665 1110 4737 ἡσυχίας.
1159 4681 1202 4716 ι·

90 4805 260 4862 ΤΙΤΛ.
294 4809 402 4862 ιη’.
430 4836 498 4848 ——
521 4805 660 4873 Περὶ
694 4801 1000 4873 δικαστῶν
1020 4799 1390 4873 ἀδεκάστων,
1434 4802 1532 4873 καί
1563 4820 1659 4854 ιτα-

153 4880 333 4947 θαρὰς
352 4871 618 4948 ἐχόντων
643 4876 751 4948 τὰς
802 4872 1021 4942 χεῖρας.
1063 4873 1162 4924 καί
1215 4871 1394 4939 κρῖμα
1439 4871 1534 4924 καὶ
1582 4873 1658 4922 δι·

154 4947 490 5015 καιοσύνην
511 4947 866 4999 ποιούντων.

160 5078 176 5110 ι
216 5059 418 5114 ’Δθῶον
454 5060 550 5112 καὶ
585 5045 804 5111 δίκαιον
862 5057 962 5108 οὐκ
1010 5057 1355 5119 ἀποκτενεῖς,
1408 5055 1502 5108 καὶ
1562 5055 1661 5107 οὐκ

90 5150 360 5214 ἁθωὼσεις
389 5151 480 5204 τὸν
511 5149 704 5218 ἁσεσῆ.
752 5167 769 5200 ι

160 5279 176 5312 ι
217 5264 402 5315 Πᾶσαν
435 5264 608 5332 χήραν
638 5261 728 5313 καί
752 5260 987 5330 ὀρῳανὸν
1018 5263 1078 5314 οὐ
1115 5260 1414 5314 κακώσετε.
1449 5282 1466 5311 ι

163 5475 181 5510 ι
219 5462 294 5513 Οὐ
325 5461 656 5532 προσθήσεις
687 5463 825 5532 μετὰ
871 5461 1112 5532 πλήθους
1161 5463 1406 5517 ἐκκλῖναι
1456 5463 1658 5532 κρίσιν.

90 5551 240 5624 Δῶρα
257 5556 318 5607 οὐ
345 5555 512 5626 λήψῃ.
555 5553 637 5608 Τὰ
682 5555 790 5625 γὰρ
839 5553 990 5623 δῶρα
1040 5555 1296 5624 ἐκτυφλοῖ
1350 5555 1663 5625 ὀρθαλμοῦς

93 5643 412 5714 βλεπόντων,
451 5650 546 5702 καὶ
569 5647 1132 5720 λυμαίνεταιρήματα
1170 5649 1373 5704 δίκαια.
1421 5668 1436 5700 ι

411 5847 676 5944 ΡΑτιιοι.
711 5845 827 5902 (in.
873 5843 1042 5905 XCV.

1745 1643 1990 1699 ricordia
2019 1653 2102 1699 est
2129 1643 2182 1697 in
2208 1650 2431 1696 sanctos
2460 1641 2606 1710 eius,
2635 1648 2690 1694 et
2717 1649 3010 1711 respectus
3038 1642 3091 1696 in
3114 1642 3324 1698 electos

1746 1736 1913 1791 illius.
1962 1741 1982 1787 ι

1820 1825 1988 1881 Εοείί.
2028 1842 2196 1891 xxxv,
2219 1826 2272 1881 9.
2296 1857 2364 1868 —
2398 1844 2416 1875 ι
2450 1821 2805 1880 Sacriﬁcium
2838 1824 2942 1878 viri
2967 1824 3108 1895 justi
3168 1838 3327 1881 acce-

1747 1927 1901 1988 ptum
1934 1927 2038 1974 est.
2079 1936 2096 1967 ι
3272 1953 3276 1959 ι

1745 2027 1774 2072 te
1819 2006 2021 2064 Matth.
2054 2024 2155 2070 xu,
2187 2008 2276 2062 35.
2311 2039 2378 2047 -—
2412 2014 2430 2058 t
2468 2006 2654 2062 Bonus
2685 2007 2850 2061 homo
2879 2007 2946 2061 de
3001 2006 3149 2062 bono
3207 2008 3329 2063 the-'-

1748 2117 1916 2160 sauro
1949 2102 2134 2158 cordis
2161 2103 2246 2156 sui
2278 2099 2499 2171 profert-
2524 2099 2690 2155 bona.
2731 2118 2749 2151 ι

1821 2195 1987 2266 Virga
2013 2194 2148 2266 justi
2178 2193 2372 2248 melior
2402 2199 2489 2247 est
2526 2206 2696 2262 quam
2741 2192 2918 2246 honor
2951 2191 3021 2244 ab
3073 2190 3326 2260 improbo

1749 2290 2027 2359 praestitus

1823 2377 2098 2450 Tlieologi.
2134 2410 2222 2428 --.
2243 2377 2441 2432 Nullas
2468 2377 2608 2432 alias
2645 2389 2780 2446 opes
2814 2388 2940 2431 esse
2967 2373 3190 2444 sapiens
3241 2387 3331 2427 ars

1749 2471 2008 2538 bitratur,
2057 2477 2256 2541 praeter
2321 2468 2548 2524 virtutis
2603 2465 3068 2538 possessionem:
3115 2465 3330 2522 .nullant

1751 2563 1915 2617 aliam
1949 2562 2317 2625 nobilitatem,
2367 2567 2737 2632 praeterquam
2799 2558 3250 2628 conjunctionem
3273 2561 3329 2611 et

1753 2645 2180 2701 familiaritatem
2223 2663 2347 2702 cum
2379 2647 2528 2714 Deo;
2581 2646 2785 2701 nullam
2803 2647 3042 2716 denique
3088 2644 3330 2716 dignita-

1753 2749 1857 2793 tem
1890 2744 1945 2793 et
1977 2740 2298 2809 potentiam,
2333 2739 2437 2794 nisi
2469 2739 2575 2795 sibi
2611 2739 2714 2808 ipsi
2747 2739 3048 2809 imperare,
3073 2753 3175 2793 nec
3232 2737 3334 2792 hir-

1753 2832 1931 2884 manis
1958 2828 2473 2899 perturbationibus
2521 2829 2734 2884 servire
2772 2845 2786 2883 :
2825 2829 2900 2882 ita
2933 2836 2992 2882 ut
3049 2837 3334 2899 corporea!

1681 2931 1725 2988 ο
1759 2920 1990 2991 huiusce
2016 2921 2141 2976 vita:
2170 2920 2590 2976 diuturnitatem
2642 2920 2872 2976 moleste
2893 2918 3056 2986 ferat,
3082 2929 3158 2986 et,
3183 2919 3335 2974 velut

1761 3013 1852 3082 qui
1897 3027 1996 3083 per
2046 3027 2200 3068 mare
2241 3009 2652 3076 conﬂictantur,
2697 3011 2765 3066 ad
2816 3020 3038 3080 portum
3085 3025 3336 3066 resurre-

1759 3105 1962 3158 ctionis
1992 3104 2283 3173 pervenire
2316 3102 2560 3159 festinet.

1832 3192 2106 3262 Ejusdem.
2190 3222 2262 3234 ——
2352 3192 2829 3260 Quemadmodum
2889 3194 3192 3265 fragrantia
3236 3209 3339 3248 una

1759 3295 1960 3354 guenta
2001 3286 2370 3356 propinquum
2431 3300 2614 3339 aerem
2670 3287 2944 3340 suavitate
2975 3301 3075 3342 sua
3109 3285 3339 3357 perfun-

1762 3379 1899 3430 dunt
1941 3397 1952 3431 :
1992 3378 2074 3432 sic
2105 3377 2271 3432 etiam
2296 3378 2400 3431 viri
2431 3378 2586 3447 probi
2626 3378 2917 3446 praesentia
2952 3379 3022 3432 iis
3068 3379 3164 3448 qui
3210 3394 3341 3449 pro-

1759 3471 1884 3539 pius
1915 3484 2040 3523 cum
2075 3470 2195 3539 ipso
2221 3478 2537 3534 versantur,
2563 3470 2994 3522 emolumentum
3036 3470 3222 3524 aﬂ'ert.

2117 3562 2252 3619 'rt'r.
2295 3561 2457 3616 xvtt.
2498 3593 2569 3604 -
2610 3561 2687 3616 De
2714 3562 2956 3633 bilingui.

1835 3655 2008 3711 Eccli.
2047 3672 2104 3720 v,
2135 3655 2224 3709 17.
2275 3685 2344 3694 -
2389 3672 2408 3704 ι
2458 3654 2861 3709 Condemnatio
2891 3656 3126 3724 pessima
3174 3671 3342 3725 super

1761 3747 2084 3820 biliugttem.
2127 3765 2147 3799 ι

1835 3839 2004 3896 Ιιῖετιί.
2063 3857 2138 3905 γι,
2174 3843 2323 3895 1.-
2362 3859 2380 3893 ‹
2427 3841 2620 3898 Omnis
2675 3854 2940 3912 peccator
3004 3844 3226 3902 invidus
3280 3851 3336 3901 et

1762 3931 2025 4004 bilinguis
2052 3933 2444 3988 contumeliam
2481 3933 2609 3990 fert.

1834 4043 2001 4099 Ereti.
2045 4059 2240 4109 xxviii,
2277 4046 2366 4110 14,
2405 4044 2493 4099 i9.
2533 4077 2603 4086 —
2635 4065 2654 4099 ι
2688 4045 3058 4103 Susurronem
3090 4055 3145 4102 et
3167 4046 3334 4103 bilin-

1763 4149 1922 4205 guent
1957 4135 2311 4191 maledicite:
2346 4136 2551 4191 multos
2579 4137 2724 4192 enim
2762 4136 3008 4208 perdidit
3060 4137 3333 4194 habentes

1765 4241 1976 4297 pacem.
2007 4225 2218 4298 Lingua
2247 4227 2445 4298 duplex
2466 4229 2672 4284 inultos
2694 4229 3018 4295 commovit,
3043 4239 3097 4285 et
3121 4229 3343 4301 disper-

1765 4319 1837 4373 sit
1873 4318 1998 4373 illos
2033 4319 2102 4374 de
2134 4328 2297 4390 gente
2325 4320 2614 4391 ingentem
2656 4339 2670 4374 :
2711 4330 2766 4377 et
2796 4323 3054 4380 civitates
3085 4332 3332 4378 moratas

1761 4412 2056 4477 destruxit,
2108 4418 2164 4465 et
2203 4412 2395 4466 domos
2428 4421 2826 4482 magnatorum
2877 4413 3084 4470 effodit.
3136 4413 3344 4484 Lingua

1760 4504 1962 4572 duplex
2029 4502 2291 4558 mulieres
2358 4504 2565 4559 viratas
2598 4504 2785 4573 ejecit,
2815 4517 2873 4559 et
2935 4507 3176 4578 privavit
3220 4508 3344 4562 illas

1762 4595 2048 4650 laboribus
2085 4594 2222 4649 suis.
2258 4594 2364 4660 Qui
2424 4597 2654 4667 respicit
2722 4597 2898 4662 illam,
2947 4616 3056 4654 non
3117 4599 3345 4655 habebit

1764 4686 2030 4756 requiem,
2067 4700 2170 4740 nec
2207 4685 2479 4741 habitabit
2517 4702 2643 4740 cum
2667 4687 2915 4743 silentio.
2953 4708 2972 4740 ι

1762 4821 1897 4876 Τιτ.
1937 4807 2226 4896 ιῗίιιη-
2263 4821 2334 4875 De
2365 4821 2641 4896 judicibus
2667 4822 3006 4893 incorruptis.
3040 4837 3088 4879 et
3127 4829 3216 4896 qui
3235 4842 3337 4895 pu-

1939 4908 2027 4945 ras
2058 4890 2247 4944 habent
2275 4907 2486 4955 manus,
2514 4901 2564 4944 et
2585 4892 2730 4960 juste
2756 4890 2892 4962 μιν-α’
2914 4890 3164 4952 reddunt.

1838 5065 2012 5122 Exod.
2042 5084 2198 5133 χχιιι,
2226 5069 2279 5121 7.
2309 5100 2379 5113 --
2411 5087 2429 5120 ι
2465 5073 2749 5127 Ιηεοιιιοῐη
2773 5083 2826 5129 et
2859 5069 3076 5144 justum
3115 5088 3222 5128 non
3250 5074 3334 5126 itt-

1766 5160 2024 5227 terlicies,
2052 5175 2235 5232 neque
2273 5163 2528 5219 absolves
2563 5165 2816 5236 impium.
2868 5185 2887 5217 ι

1843 5274 2018 5329 Exod.
2057 5291 2192 5340 xx",
2225 5276 2318 5333 22.
2348 5309 2416 5319 —
2460 5298 2478 5330 ι
2515 5278 2746 5334 Omnem
2803 5281 3024 5335 viduam
3057 5289 3108 5334 et
3156 5281 3338 5350 pupil-
3381 5283 3386 5288 ’

1765 5369 1878 5424 lum
1914 5385 2021 5422 non
2046 5370 2330 5440 'atiligctis.
2369 5385 2386 5423 ι

1842 5480 2014 5534 Exod.
2052 5483 2288 5546 xxm,2,
2323 5487 2378 5537 8.
2406 5514 2476 5523 —
2514 5503 2532 5536 ‹
2579 5486 2694 5539 Non
2744 5484 2973 5556 ailjicies
3026 5502 3152 5541 cum
3203 5484 3344 5542 mul-

1775 5573 2010 5627 titudine
2034 5575 2664 5646 subvet'lercjudicium.
2687 5575 2909 5642 Munera
2939 5593 3048 5634 non
3081 5581 3343 5648 accipies:

1778 5668 2003 5722 Munera
2045 5669 2191 5722 enim
2243 5680 2519 5726 excmcant
2571 5671 2760 5742 oculos
2787 5673 3193 5737 videntiutu,et
3227 5675 3350 5726 cor":

1775 5768 2042 5829 rumpunt
2071 5761 2232 5814 verba
2267 5761 2434 5831 justa.
2475 5780 2493 5813 ι
2661 5750 2664 5752 ’

2939 5842 3014 5914 ﬂ

3160 8 3865 36 ᾗ
