4024 6446
600 337 751 411 "1'387
1807 353 1865 413 s.
1905 338 2228 414 IOANNIS
2263 347 2698 415 DAM'ASCENI
3197 370 3213 375 ι
3707 368 3811 430 ηις

681 456 857 513 Exod.
894 448 1135 522 “111,3.
1159 490 1226 501 —
1263 478 1280 513 ι
1342 454 1614 533 Pauperis
1647 476 1758 518 non
1824 467 2128 522 misereber

2232 469 2253 522 ι
2361 482 2380 516 ι
2418 466 2633 536 Πένητα
2667 468 2767 520 οὐκ
2797 464 3042 539 ἐλεῆσεις
3074 471 3131 524 ὲν
3164 463 3368 541 κρίσει.
3418 462 3491 526 Οὔ
3522 471 3813 547 διαστρέψεις

602 552 659 608 in
686 555 917 625 iudicio.
949 554 1067 609 Non
1091 564 1369 626 pcrvertes
1391 550 1663 627 judicium
1691 561 1953 629 pauperis
1996 560 2051 613 in
2084 561 2134 614 lit

2282 560 2457 630 κρῖμα
2480 561 2711 630 πένητος
2739 561 2796 614 ἐν
2830 562 3009 633 κρίσει
3030 562 3221 616 αὐτοῦ.
3248 582 3267 615 ι
3453 570 3457 574 ’

601 652 800 722 Ipsius.
832 669 851 704 ι

667 742 834 798 Levit.
869 759 983 808 xu,
1025 744 1112 799 15.
1158 775 1227 787 --
1268 744 1427 816 ul
1472 763 1492 796 ι
1531 744 1649 801 Νοιι
1689 744 1907 803 facietis
1948 746 2178 817 injusti-

598 836 728 890 tiam
768 838 822 891 in
860 836 1088 906 judicio.
1126 834 1243 892 Non
1284 838 1526 905 accipies
1564 852 1856 907 personam
1888 839 2173 910 pauperis,
2208 840 2211 843 “

596 929 997 1013 ηροοειιερίοἰεε
1028 926 1220 983 faciem
1254 927 1523 997 potentis.
1556 926 1617 983 In
1647 927 1866 1000 iustitia
1893 929 2174 1000 iudicabis

594 1022 901 1093 proximum
932 1029 1109 1076 tuum.
1148 1039 1166 1073 ι

668 1110 831 1165 Leuit.
859 1125 1008 1172 xxuv.
1038 1108 1128 1163 22.
1150 1139 1215 1150 -ρ
1249 1130 1266 1161 ι
1299 1110 1481 1166 Unum
1506 1111 1777 1183 judicium
1807 1112 1918 1168 erit
1947 1112 2172 1168 advenae

590 1212 644 1259 et
684 1204 971 1273 indigenae.
1006 1220 1025 1255 ι

662 1296 831 1348 Num.
860 1290 1142 1365 xxxvii.
1171 1324 1244 1335 —
1282 1312 1301 1346 ι
1334 1290 1457 1348 Non
1498 1294 1788 1364 accipietis
1827 1293 2168 1365 redemptio-

589 1402 713 1441 ncm
748 1386 946 1440 anima:
975 1362 1409 1454 prdbomicida,
1443 1385 1535 1457 qui
1568 1401 1697 1441 reus
1726 1385 1922 1441 mortis
1950 1384 2117 1441 fuerit
2152 1404 2166 1441 :

543 1491 555 1539 ι
586 1478 733 1530 hunc
765 1484 943 1529 morte
978 1469 1251 1531 allicietis.
1292 1493 1313 1527 ι

659 1564 813 1621 Deut.
843 1562 1077 1629 “1.90.
1102 1597 1173 1607 —
1217 1584 1236 1616 ι
1266 1560 1432 1623 Iuste
1469 1566 1615 1635 quod
1646 1567 1857 1638 justum
1897 1576 2004 1634 est,
2045 1583 2170 1639 per-

546 1674 555 1723 !
583 1647 852 1731 sequeris.
894 1681 913 1714 ι

652 1744 812 1808 Βεάι.
852 1770 891 1817 ι,
932 1754 1019 1819 17,
1050 1752 1135 1808 l8.
1171 1782 1243 1794 -
1270 1747 1440 1823 gNon
1481 1767 1751 1824 agnosces
1782 1767 2077 1823 personam
2111 1754 2165 1808 in

579 1840 789 1915 iudicio
826 1863 839 1899 :
882 1844 1182 1901 secundum
1209 1860 1463 1915 parvum,
1486 1852 1547 1900 ‘et
1575 1844 1876 1901 secundum
1908 1860 2164 1915 magnum

576 1938 857 2008 iudicabis
891 1953 1039 1994 :non
1084 1938 1429 1995 revereberis
1468 1953 1763 2008 personam
1798 1934 2165 2008 cujusquam;

578 2031 709 2103 quia
737 2032 1009 2103 judicium
1053 2032 1145 2087 Dei
1184 2040 1293 2087 est.
1333 2050 1354 2085 ι

2267 2009 2435 2063 ἐστιν.
2475 2029 2494 2061 ι

647 2100 807 2179 Deut.
837 2138 988 2186 xxw,
1016 2124 1101 2177 ΓΙ.
1130 2153 1200 2164 -
1233 2142 1251 2174 ι
1272 2118 1401 2177 Non
1433 2122 1739 2178 declinabis
1760 2118 2039 2194 judicium
2068 2120 2134 2177 ad

2343 2119 2361 2154 ι
2401 2103 2515 2156 Οὐκ
2551 2100 2817 2167 ὲκκλινεῖς
2845 2102 3027 2172 κρίσιν
3044 2105 3409 2176 προσηλύτου,
3436 2106 3537 2159 καὶ
3592 2104 3811 2175 ὀρφανοῦ,

575 2230 753 2280 venae,
811 2223 865 2270 et
919 2214 1159 2286 pupilli,
1220 2225 1275 2271 et
1327 2214 1509 2270 viduae
1541 2232 1556 2271 :
1594 2230 1699 2270 nec
1768 2211 2129 2287 oppignerab‘i

2266 2194 2360 2246 καὶ
2392 2195 2591 2264 χήρας,
2624 2194 2718 2247 καὶ
2746 2195 2848 2248 οὐκ
2872 2196 3248 2266 ὲνεχυριάσεις
3270 2196 3492 2265 ἱμάτιον
3522 2196 3708 2267 χήρας.
3736 2214 3752 2247 ι

2338 2305 2356 2337 ι
2401 2286 2936 2359 Ἐπικατάρατος,ὃς
2965 2287 3060 2342 ὲὰν
3089 2288 3231 2361 λάϐῃ
3263 2289 3435 2360 δῶρα,
3480 2290 3579 2342 καὶ
3634 2287 3813 2359 πατάξῃ

645 2396 803 2451 Deut.
830 2408 1001 2462 xxvu,
1034 2392 1226 2461 19,21.
1264 2428 1337 2441 —
1377 2417 1397 2450 ι
1434 2390 1758 2453 Maledictus
1798 2398 1891 2469 qui
1934 2413 2134 2471 accepe

2260 2377 2439 2450 ψυχὴν
2500 2380 2733 2450 αἵματος
2760 2380 2975 2435 ἀθώου·
3024 2383 3118 2436 καὶ
3164 2383 3282 2446 ἐρεῖ
3312 2384 3422 2445 πᾶς
3477 2384 3509 2435 ό
3565 2380 3700 2444 λαὸς,
3741 2379 3814 2433 Γί·

573 2488 649 2543 rit
684 2504 911 2544 munera
933 2531 947 2555 ,
988 2498 1049 2545 ut
1087 2490 1364 2562 percutiat
1395 2491 1633 2545 animam
1666 2492 1956 2563 sanguinis
1994 2493 2134 2548 inno‘

2258 2488 2424 2526 νοιτο.
2478 2474 2913 2544 Ἐπικατάρατος
2957 2477 3067 2539 πᾶς
3130 2475 3191 2538 ὃς
3237 2474 3333 2528 ἐὰν
3392 2473 3624 2546 ὲκκλὶνῃ
3668 2472 3813 2545 κρίσιν

572 2581 777 2647 centis,
807 2591 861 2637 et
900 2582 1051 2637 dicet
1096 2582 1281 2639 omnis
1322 2582 1583 2654 populus,
1632 2582 1775 2638 Fiat.
1831 2583 2134 2641 Maledictu:

2259 2566 2627 2637 προσηλύτου,
2655 2569 2751 2621 καὶ
2768 2568 3033 2640 ὀρφανοῦ,
3058 2569 3155 2622 καὶ
3179 2568 3355 2641 χήρας
3378 2585 3392 2599 ο
3432 2568 3536 2621 καὶ
3593 2567 3702 2637 ὲρεῖ
3728 2566 3811 2627 πᾶς

569 2671 664 2741 qui
698 2672 962 2742 pervertit
995 2672 1266 2744 judicium
1304 2673 1555 2742 advenae,
1598 2682 1652 2729 et
1704 2675 1922 2747 pupilli,
1965 2682 2020 2731 et
2066 2676 2134 2730 vit

2256 2656 2284 2709 ό
2314 2656 2458 2722 λαὸς,
2492 2656 2727 2715 Γένοιτο.
2770 2678 2787 2711 ι

568 2763 691 2819 dua:
718 2782 731 2819 :
762 2774 818 2821 et
848 2764 996 2821 dicet
1025 2766 1209 2821 omnis
1246 2767 1508 2837 populus,
1534 2767 1677 2825 Fiat.
1720 2788 1739 2821 ι

634 2854 740 2910 Job
762 2871 838 2921 vr,
868 2856 961 2912 29.
990 2887 1060 2897 -
1098 2875 1117 2908 ι
1153 2855 1372 2925 Sedete,
1402 2866 1460 2914 et
1497 2874 1605 2914 non
1634 2859 1709 2915 sit
1738 2859 2017 2930 iniustitia
2052 2878 2064 2915 :
2097 2866 2151 2913 et

566 2964 691 3005 cum
714 2950 871 3018 justo
900 2951 1213 3006 convenite.
1248 2969 1267 3001 ι

2252 2933 2607 3006 συνέρχεσθε.
2653 2956 2672 2989 ι

631 3038 737 3094 Job
771 3054 906 3104 xvu,
935 3040 990 3095 9.
1013 3070 1084 3081 —
1107 3058 1125 3090 ι
1161 3038 1269 3106 Qui
1316 3056 1492 3111 purus
1535 3050 1622 3097 est
1667 3043 1945 3107 manibus,
1991 3058 2134 3099 assu-

2327 3043 2346 3077 ι
2382 3025 2638 3098 Καθαρὸς
2673 3027 2861 3099 χερσὶν
2909 3026 3169 3082 ἀναλάϐοι
3228 3026 3466 3098 θάρσος’
3507 3026 3699 3081 ἀδίκων
3736 3024 3809 3078 καὶ

561 3141 677 3187 mat
709 3132 964 3187 ﬁduciam
995 3151 1008 3186 :
1043 3131 1281 3201 iniustus
1315 3142 1370 3188 et
1398 3135 1618 3205 iniquos
1646 3134 1940 3192 deridebit.
1980 3157 1999 3189 ι

2250 3118 2467 3189 ἀνόμων
2500 3120 2888 3187 καταγελάσει.
2922 3138 2942 3172 ι

610 3222 734 3278 Job
777 3239 964 3288 χχχιι,
1005 3224 1095 3277 21.
1144 3254 1214 3264 —-
1259 3245 1277 3277 ‹
1316 3224 1607 3282 Hominem
1644 3242 1753 3283 non
1793 3229 2134 3296 erubescam,

2326 3228 2345 3261 ι
2397 3212 2717 3283 ’Ἄνθρωπον
2770 3212 2832 3265 οὐ
2881 3211 2955 3283 μὴ
3006 3210 3302 3281 αίηυνθῶ,
3359 3211 3506 3265 ἀλλὰ
3561 3207 3807 3282 μὴνόὀδὲ

544 3329 661 3368 nec
693 3314 984 3368 mortalem
1034 3317 1353 3371 revercbor.
1393 3315 1511 3371 Non
1546 3317 1694 3373 enim
1729 3319 1847 3375 scio
1878 3319 2134 3376 admirari

2250 3300 2439 3372 βροτὸν
2469 3304 2531 3356 οὐ
2564 3304 2639 3374 μὴ
2669 3303 2941 3373 ὲντραπῶ.
2968 3302 3105 3381 Οὐδὲ
3140 3303 3250 3373 γὰρ
3281 3301 3593 3372 ἐπίσταμαι
3634 3300 3806 3371 θαυμά·

541 3404 858 3462 Ίιοηιίηοηι.
896 3406 991 3461 Sin
1024 3422 1206 3474 secus,
1241 3411 1405 3465 tineae
1435 3426 1521 3465 mc
1546 3411 1830 3467 arrodant.
1873 3431 1891 3465 ι

2249 3408 2339 3446 σαι
2367 3393 2679 3462 πρόσωπον.
2714 3396 2774 3447 El
2805 3395 2861 3447 δὲ
2891 3396 2988 3465 μὴ,
3018 3393 3114 3447 καὶ
3140 3395 3164 3446 ὲ
3175 3394 3242 3463 μὲ
3263 3394 3425 3464 σῆτες
3452 3394 3682 3447 ἔδονται.
3705 3412 3720 3443 ι

629 3498 782 3552 Ρδαι.
825 3515 935 3563 xxv,
969 3499 1022 3554 5.
1055 3530 1124 3540 —
1157 3518 1175 3551 ι
1216 3500 1442 3557 Munera
1476 3518 1645 3573 super
1676 3504 2002 3561 innocentes
2030 3520 2134 3561 non

2322 3504 2340 3534 ι
2383 3484 2541 3556 Δῶρα
2570 3486 2657 3538 ἐπ’
2683 3485 2881 3550 ἀθώοις
2910 3487 3009 3539 οὐκ
3044 3485 3259 3541 ἐλαϐεν.
3310 3485 3369 3539 Ὀ
3420 3487 3601 3541 ποιῶν
3645 3486 3803 3547 ταῦτα,

553 3591 792 3662 accepit.
840 3590 945 3657 Qui
1004 3591 1136 3646 facit
1171 3594 1310 3658 lucc,
1353 3610 1459 3650 non
1502 3596 1817 3653 movebitur
1867 3598 1921 3652 in
1976 3608 2134 3654 aeter-

2243 3576 2303 3631 οὐ
2340 3576 2732 3647 σαλευθήσεται
2757 3579 2839 3642 εἰς
2866 3578 2958 3633 τὸν
2988 3576 3181 3635 αἰῶνα.
3230 3597 3248 3630 ι

551 3696 706 3737 num.
752 3701 771 3733 ι

2347 743 2373 785 ἰ
2410 724 2485 787 Οὐ
2516 734 2979 804 ποιήσετεᾶδικον
3018 736 3076 789 ἰν
3104 737 3311 808 κρίσει.
3343 738 3422 791 Οὐ
3470 737 3611 812 λήψῃ
3684 760 3789 815 πρυ..

2276 842 2425 878 ωπον
2451 827 2693 895 πτωχοῦ,
2724 827 2835 880 οὐδ’
2863 829 2924 881 οὐ
2957 828 3033 899 μὴ
3054 827 3357 903 θαυμάσῃς
3384 832 3670 901 πρόσωπον
3692 835 3817 891 δυνὰ-

2274 931 2422 968 στου.
2474 915 2561 968 Ἐν
2584 916 2900 991 δικαιοσύνῃ
2928 920 3137 990 κρινεῖς
3182 920 3278 974 τὸν
3324 920 3553 991 πλησίον
3582 940 3687 980 σου.
3716 945 3732 978 ι
3826 946 3830 951 θ

2349 1114 2368 1147 ι
2396 1097 2685 1162 Δικαίωσις
2713 1097 2816 1168 μία
2838 1096 2992 1152 ἐσται
3022 1094 3099 1170 τῷ
3124 1090 3449 1171 προσηλύτῳ
3470 1080 3661 1170 καὶντῷ
3687 1102 3817 1169 tm»-

2312 1183 2392 1238 ίω.
2423 1202 2442 1236 ι

2312 1200 2392 1238 ιω.
2423 1202 2442 1236 δ

2276 1200 2305 1253 ρ
2345 1235 2472 1329 λοι
2513 1276 2752 1347 λήψεσθε
2814 1277 2988 1351 λύτρα
3044 1278 3177 1349 περι
3224 1280 3325 1348 τῆς
3356 1280 3539 1351 ψυχῆς
3581 1281 3719 1352 παρά
3745 1282 3818 1335 τοῦ

2272 1366 2657 1435 φονεύσαντος,
2688 1370 2783 1424 τοῦ
2819 1371 3012 1442 ἐνόχου
3057 1372 3213 1436 ὄντος
3256 1373 3613 1445 ἀναιρεθῆναι
3638 1389 3652 1405 ⁸
3691 1372 3818 1427 θανά·

2271 1459 2348 1530 τῷ
2381 1460 2725 1517 θανατώσετε
2756 1464 2943 1520 αὐτόν.
2985 1484 3004 1519 ι

2348 1569 2367 1602 ι
2402 1552 2640 1617 Δικαίως
2668 1553 2728 1607 τὸ
2751 1555 2963 1611 δίκαιον
2990 1554 3225 1621 διώξεις.
3272 1577 3291 1610 ι

2232 1722 2239 1727 “
2349 1748 2369 1781 ι
2407 1730 2521 1784 οὐκ
2548 1729 2827 1804 ἐπιγνώσῃ
2862 1730 3154 1803 πρόσωπον
3192 1735 3251 1786 ὲν
3299 1734 3519 1804 κρίσει·
3582 1735 3709 1788 κατὰ
3747 1736 3815 1789 τὸν

2199 1807 2245 1866 Β
2277 1822 2495 1892 μικρὸν,
2531 1822 2791 1877 καὶκατὰ
2825 1823 2916 1877 τὸν
2951 1824 3128 1894 μέγαν
3167 1826 3375 1896 κρινεῖς
3403 1842 3417 1854 ·
3470 1826 3534 1879 οὐ
3596 1827 3665 1897 μὴ
3712 1828 3817 1880 ὑπο·

2274 1914 2460 1989 στείλῃ
2483 1915 2778 1986 πρόσωπον
2807 1914 3120 1986 ἀνθρώπου,
3154 1917 3236 1970 ὅτι
3278 1919 3312 1988 ἡ
3365 1917 3551 1988 κρίσις
3585 1917 3673 1972 τοῦ
3708 1918 3813 1972 Θεοῦ

576 2310 785 2358 vestem
818 2303 1019 2361 vidum.
1057 2323 1075 2355 ι

2330 2860 2348 2892 ι
2384 2840 2681 2909 Καθίσατε,
2748 2841 2841 2896 καὶ
2894 2842 2970 2915 μὴ
3000 2836 3085 2914 εἴη
3119 2839 3325 2907 ἄδικον,
3383 2842 3484 2896 καῖ⁷
3523 2842 3603 2913 τῷ
3651 2840 3811 2911 δικαίῳ

622 3774 775 3828 Psal.
800 3791 886 3839 ον,
928 3774 983 3829 5.
1022 3806 1093 3815 —
1128 3792 1146 3827 ι
1186 3773 1335 3830 Beati
1360 3775 1452 3846 qui
1487 3776 1809 3833 custodiunt
1837 3778 2134 3848 iudicium,

516 3864 1146 3938 .et‘l‘aciuntiustitiam
1182 3869 1331 3923 omni
1368 3877 1643 3939 tempore.
1677 3886 1697 3921 ι

620 3959 781 4015 Prov.
812 3975 964 4025 χιιι,
1004 3959 1057 4015 9.
1092 3989 1164 4001 —
1207 3978 1225 4011 ι
1264 3960 1428 4030 Aperi
1469 3975 1533 4015 os
1583 3967 1742 4016 tuum
1770 4003 1785 4028 ,
1838 3968 1892 4017 et
1946 3961 2134 4017 omnia

541 4053 693 4122 iuste
727 4051 937 4122 iudica.
974 4070 993 4104 ι

620 4142 777 4198 Prov.
802 4158 930 4205 xxv,
960 4140 1032 4195 27
1072 4156 1187 4198 sec.
1216 4136 1378 4196 LXX.
1400 4172 1485 4183 ν-
1515 4160 1533 4192 ι
1574 4140 1681 4209 Qui
1727 4140 2003 4198 donorum
2038 4156 2131 4198 ac-

542 4236 828 4304 ccptiones
868 4234 1007 4299 odit,
1052 4234 1242 4289 salvus
1269 4233 1399 4287 erit.
1436 4250 1455 4283 ι

624 4343 641 4373 ι
682 4324 933 4380 Pretiosa
968 4338 1060 4377 res
1098 4334 1182 4377 est
1223 4322 1309 4376 vir
1346 4337 1543 4391 purus.
1586 4341 1605 4372 ι

614 4416 774 4471 Prov.
809 4432 966 4483 xvm,
1003 4415 1058 4470 5.
1101 4445 1170 4456 -——
1205 4431 1223 4467 ι
1257 4413 1521 4470 Revereri
1568 4412 1764 4470 faciem
1802 4414 1859 4470 in
1888 4415 2122 4486 judicio,

537 4495 647 4564 non
687 4514 772 4564 est
810 4507 1038 4562 bonum.
1082 4522 1101 4559 ι
1532 4554 1535 4557 η

603 4599 803 4655 Jerem.
844 4615 920 4666 ιιι,
946 4601 1036 4656 24.
1060 4630 1127 4642 --
1163 4618 1182 4652 ι
1224 4600 1283 4655 ln
1326 4599 1434 4655 hoc
1465 4599 1738 4670 glorietur
1767 4600 1863 4671 qui
1906 4599 2117 4670 gloria-

535 4702 646 4757 tur,
673 4692 976 4760 intelligere
1012 4702 1065 4747 et
1098 4706 1269 4748 nosse
1301 4692 1625 4757 Dominum,
1664 4700 1720 4749 et
1754 4691 1938 4747 facere
1969 4690 2118 4761 iudi-

2318 3792 2335 3825 ι
2373 3775 2653 3847 Μακάριοι
2674 3777 2722 3830 οἱ
2755 3776 3127 3847 φυλάσσοντες
3170 3775 3373 3848 κρίσιν,
3426 3776 3530 3831 καὶ
3558 3773 3804 3835 ποιοῦντες

2236 3868 2587 3940 δικαιοσύνην
2612 3873 2669 3923 ἐν
2702 3871 2869 3925 παντὶ
2899 3869 3095 3941 καιρῷ.
3134 3889 3153 3922 ι

2314 3979 2332 4010 ι
2380 3962 2597 4029 Ἃνοιγε
2629 3961 2721 4015 σὺν
2747 3962 2946 4032 στόμα,
2980 3961 3074 4015 καὶ
3099 3961 3253 4032 κρίνε
3280 3960 3463 4016 πάντα
3514 3960 3746 4023 δικαίως.
3778 3975 3795 4009 ι

2309 4156 2325 4187 ι
2382 4137 2438 4191 '0
2469 4136 2642 4207 μισῶν
2673 4136 2863 4210 δώρων
2894 4137 3111 4210 λήψεις,
3142 4138 3400 4204 σώζεται.
3442 4160 3463 4193 ι

2309 4334 2327 4365 ι
2364 4315 2566 4386 κτῆμα
2600 4316 2783 4386 τίμιον
2811 4317 2949 4388 ἀνὴρ
2970 4316 3232 4388 καθαρός.
3276 4335 3293 4368 ι

2312 4426 2328 4458 ι
2358 4406 2635 4460 Δίδεῖσθαι
2666 4406 2965 4478 πρόσωπον
2992 4408 3051 4459 ὲν
3082 4406 3284 4477 κρίσει,
3317 4405 3380 4459 οὐ
3416 4406 3613 4462 καλόν.
3654 4425 3672 4458 ο

2304 4602 2322 4633 ι
2367 4582 2661 4654 Ἐντούτῳ
2690 4583 2988 4654 καυχάσθω
3009 4584 3037 4636 ό
3062 4584 3442 4654 καυχώμενος,
3494 4586 3558 4637 ὲν
3582 4582 3659 4655 τῷ
3691 4598 3795 4634 συν-

2229 4676 2327 4727 ιείν
2347 4675 2442 4728 καὶ
2467 4674 2761 4743 γινώσκειν
2785 4677 2877 4730 τὸν
2903 4675 3130 4746 Κύριον,
3155 4676 3252 4730 καὶ
3280 4678 3462 4729 ποιεῖν
3487 4678 3665 4748 κρῖμα
3715 4672 3792 4728 καὶ

2221 4764 2572 4836 δικαιοσύνην
2610 4767 2669 4819 ὲν
2692 4766 2847 4837 μέσῳ
2866 4767 2969 4837 τῆς
2994 4766 3119 4837 γῆς.
3158 4786 3176 4818 ι

534 4785 680 4840 cium
707 4793 761 4839 et
780 4782 1051 4854 iustitiam
1082 4782 1137 4838 in
1171 4782 1352 4839 medio
1383 4792 1572 4839 terrae.
1604 4801 1624 4835 ι

605 4875 634 4930 Ι
666 4875 792 4949 Reg.
816 4890 915 4940 nl,
946 4874 1077 4941 5,4.
1102 4900 1173 4916 —
1198 4894 1217 4926 ι
1248 4874 1398 4930 Dixit
1435 4874 1659 4931 Samuel
1692 4873 1759 4929 ad
1791 4875 2109 4931 universum

528 4969 698 5024 Israel
738 4965 1099 5036 :Loquimini
1134 4966 1203 5021 de
1238 4981 1328 5022 me
1378 4982 1566 5022 coram
1622 4966 1873 5031 Domino,
1916 4967 2107 5021 bovem

526 5061 689 5130 cujus
730 5059 979 5124 tulerim,
1029 5068 1127 5113 aut
1170 5057 1412 5125 asinum,
1449 5070 1545 5113 aut
1572 5059 1946 5130 oppresserim
1987 5074 2103 5115 vos.

528 5150 872 5221 Respondele
902 5149 1196 5205 adversum
1227 5165 1337 5205 me.
1366 5149 1432 5203 Et
1461 5149 1719 5205 dixerunt
1747 5150 1813 5204 ad
1838 5149 2063 5205 Samuel
2091 5168 2103 5205 :

524 5242 641 5297 Non
670 5241 832 5299 nobis
857 5241 1122 5311 iniuriam
1152 5240 1360 5307 fecisti,
1398 5257 1500 5299 nec
1542 5242 1807 5313 accepisti
1836 5242 1905 5298 de
1939 5258 2101 5299 manu

524 5343 713 5389 nostra
743 5333 1047 5404 quidpiam.
1090 5353 1108 5387 ι

2296 4878 2315 4909 ι
2362 4855 2500 4912 Εἶπε
2525 4859 2779 4931 Σαμουὴλ
2803 4860 2941 4932 πρὸς
2974 4858 3153 4913 πάντα
3173 4857 3415 4929 Ἰσραήλ·
3442 4848 3797 4931 Ἀποκρίθητί

2190 5010 2193 5013 λ
2219 4950 2343 5007 κατ’
2364 4950 2501 5023 ἐμοῦ
2533 4952 2764 5006 ἐνώπιον
2780 4951 2991 5023 Κυρίου
3023 4967 3037 4981 ·
3075 4950 3276 5021 μόσχον
3311 4951 3459 5014 τίνος
3509 4951 3726 5023 εἴληφα,
3754 4949 3783 5018 ἧ

2217 5043 2362 5108 ὄνον,
2396 5044 2429 5115 ἢ
2459 5042 2971 5107 καταδυναστεύσας
3024 5042 3190 5113 ὑμᾶς.
3258 5034 3629 5113 ’Δθςοκρίθητε
3676 5040 3783 5096 κατ’

2215 5136 2372 5207 ἐμοῦ.
2392 5137 2503 5191 Καὶ⁷
2526 5130 2687 5189 εἶπαν
2708 5135 2847 5207 πρὸς
2875 5134 3129 5205 Σαμουήλ
3160 5149 3174 5164 ⁸
3198 5133 3311 5187 Οὐκ
3337 5132 3613 5204 ἠδίκησας
3632 5136 3781 5207 ἡμᾶς.

2214 5228 2334 5282 οὐδὲ
2358 5227 2593 5299 εἴληφας
2628 5229 2691 5281 ὲκ
2715 5227 2899 5299 χειρὸς
2931 5227 3089 5299 ήμῶν
3108 5227 3283 5282 οὐδέν.
3321 5248 3338 5279 ι

2284 5443 2304 5476 ι
2352 5420 2488 5478 Eine
2530 5425 2735 5496 Κύριος
2794 5423 2933 5496 πρὸς
2990 5423 3280 5493 Σολομώνο
3317 5424 3459 5477 Ἀνθ’
3492 5417 3573 5477 ὧν
3614 5424 3780 5494 ᾐτήσω

2211 5517 2342 5589 παρ’
2400 5517 2535 5589 ἐμοῦ
2590 5518 2653 5572 τὸ
2696 5520 2846 5591 ῥῆμα
2894 5517 3075 5583 τοῦτο,
3121 5519 3216 5571 καὶ
3258 5518 3359 5570 οὐκ
3400 5518 3595 5588 ᾐτήσω
3622 5513 3780 5582 ἐαυτῷ

2209 5613 2423 5683 ἡμέρας
2465 5612 2697 5677 πολλὰς,
2747 5612 2870 5666 οὐδὲ
2902 5610 3156 5678 πλοῦτον,
3197 5611 3320 5666 οὐδὲ
3369 5610 3554 5681 ψυχὰς
3588 5606 3777 5680 ἐχθρῶν

2208 5723 2323 5769 σου,
2343 5706 2657 5778 ἀλλ’ῂτήσω
2688 5707 2865 5778 ἑαυτῷ
2894 5707 3111 5761 σύνεσιν
3126 5706 3218 5761 τοῦ
3236 5704 3550 5761 εἰσακούειν
3586 5707 3746 5775 κρίμα
3762 5719 3776 5735 ⁸

2210 5794 2319 5849 ἰδοὺ
2351 5796 2560 5851 δέδωκά
2583 5813 2665 5851 σοι
2696 5797 2922 5869 καρδίαν
2972 5800 3245 5871 φρονίμην
3312 5800 3406 5853 καὶ
3466 5799 3661 5869 σοφήν.
3702 5793 3778 5855 ἀς

543 5439 548 5442 ·
601 5422 694 5478 III
722 5423 850 5495 Reg.
880 5440 963 5491 ιιι,
994 5425 1079 5486 ll,
1118 5425 1206 5481 12.
1238 5454 1309 5466 -
1364 5443 1382 5478 ι
1432 5424 1584 5481 Dixit
1641 5424 1906 5482 Dominus
1945 5427 2101 5483 Salo-

522 5516 673 5570 moni
706 5530 719 5569 :
750 5515 890 5581 Quia
931 5517 1226 5588 postulasti
1260 5532 1289 5570 a
1327 5531 1417 5572 me
1442 5517 1669 5572 verbum
1710 5518 1837 5583 hoc,
1879 5534 1978 5574 nec
2010 5535 2102 5590 pe-

520 5606 639 5661 tisti
683 5606 785 5661 tibi
815 5606 937 5663 dies
970 5608 1204 5674 multos,
1251 5623 1353 5666 nec
1410 5607 1674 5672 divitias,
1733 5624 1837 5665 nec
1886 5611 2100 5668 animas

524 5698 875 5756 inimicorum
914 5708 1159 5766 tuorum,
1192 5700 1287 5758 sed
1318 5700 1611 5772 postulasti
1640 5702 1741 5757 tibi
1768 5703 2096 5774 sapientiam

522 5791 590 5845 ad
617 5790 1044 5848 discernendum
1081 5794 1385 5862 judicium;
1428 5808 1557 5850 ecce
1587 5793 1711 5850 dedi
1747 5795 1846 5849 tibi
1888 5810 1985 5851 cor
2012 5796 2095 5850 in-
