3968 6406
86 398 238 463 1389

1356 397 1595 461 SACRA
1635 388 2103 461 PARALLELA-

3236 384 3374 470 1390

82 510 161 562 σὺ
223 506 285 560 οὐ
343 504 569 574 γέγονεν
608 500 921 578 ἔμπροσθέν
970 515 1088 572 σου,
1134 504 1227 557 καὶ
1278 507 1419 574 μετὰ
1478 506 1537 558 σὲ
1587 508 1681 561 οὐκ

1809 506 2047 578 elligens
2071 515 2127 560 et
2170 506 2416 578 sapiens,
2465 506 2519 561 in
2568 516 2804 577 tantum,
2842 518 2899 564 ut
2933 512 3122 568 nullus
3162 526 3291 570 ante
3322 519 3375 571 ιε

80 601 272 655 ἔσται.
315 612 336 651 ι
1326 648 1333 656 .

170 713 190 745 ι
229 689 365 747 Εἷπε
395 695 516 757 ταῖς
536 692 784 762 γυναιξὶν
814 694 842 747 6
869 692 1124 764 βασιλεὺς
1170 691 1423 764 Σολομῶν
1448 709 1463 723 ·
1495 692 1570 745 Σὺ
1594 691 1683 745 λέ-

77 802 217 855 γεις
262 788 345 839 ὅτι
378 787 406 840 6
455 785 572 849 υίός
612 802 710 839 σου
759 786 789 839 6
842 784 971 850 ζῶν,
1005 785 1099 839 καὶ
1127 785 1334 856 ταύτης
1359 786 1388 838 6
1417 783 1533 847 υἱὸς
1556 785 1689 837 6:5-

80 880 314 949 θνηκώς
334 877 475 943 ;Καὶ
500 874 653 932 εἶπεν
679 879 707 931 6
732 877 985 949 βασιλεύς
1006 892 1020 908 ⁸
1044 876 1253 931 Λάϐετέ
1271 894 1363 947 μοι
1388 877 1682 947 μάχαιραν.

81 972 135 1023 Κ
146 971 207 1025 αἱ
224 971 604 1046 προσήνεγκαν
620 970 852 1023 ἐνώπιον
868 970 962 1024 τοῦ
981 969 1247 1041 βασιλέως
1264 968 1559 1038 μάχαιραν.
1576 967 1685 1021 Καὶ

78 1060 252 1117 εἶπεν
278 1064 307 1116 6
328 1061 845 1134 βασιλεύςοΔιέλετε
867 1062 929 1115 τὸ
971 1060 1187 1121 παιδίον
1232 1060 1295 1113 :6
1327 1060 1435 1125 ζῶν
1469 1058 1549 1122 είς
1568 1058 1683 1126 δύο,

78 1156 192 1210 καὶ
218 1154 337 1208 δότε
358 1154 419 1207 :6
439 1155 615 1225 ἥμισυ
648 1152 816 1207 αὐτοῦ
855 1152 1027 1225 ταύτῃ
1045 1195 1058 1219 ,
1092 1152 1189 1206 καὶ
1217 1151 1277 1205 :6
1304 1151 1483 1221 ἥμισυ
1513 1149 1679 1202 αὐτοῦ

76 1246 303 1318 ἐκείνῃ.
330 1246 442 1299 Καὶ
465 1245 742 1316 ἀπεκρίθη
767 1246 801 1315 ή
818 1245 959 1314 γυνὴ
971 1240 1039 1317 ἧς
1069 1240 1137 1316 ἦν
1162 1246 1190 1297 6
1211 1243 1324 1308 υίὸς
1354 1243 1382 1296 6
1408 1242 1540 1308 ζῶν,
1590 1242 1684 1295 καὶ

77 1332 222 1391 εἷπε
252 1337 387 1407 1:96;
421 1336 513 1389 τὸν
547 1337 795 1408 βασιλέα,
836 1337 918 1391 ὅτι
946 1336 1219 1407 ἐταράχθη
1268 1336 1303 1406 ή
1363 1336 1551 1407 μήτρα
1586 1334 1684 1388 αὑ-

76 1428 196 1499 τῆς
217 1446 233 1462 ο
264 1428 569 1499 Μηδαμῶς,
603 1427 782 1499 κύριε,
815 1428 903 1491 δὸς
930 1428 1066 1499 αὐτῇ
1100 1426 1162 1480 :6
1190 1424 1421 1490 παιδίον,
1459 1425 1553 1479 καὶ
1584 1423 1685 1477 θα-

78 1521 243 1590 νάτῳ
280 1519 357 1590 μὴ
387 1518 739 1589 θανατώσητε
800 1519 954 1573 αὐτό.
987 1520 1099 1573 Καὶ
1139 1518 1278 1589 αὕτη
1314 1511 1438 1570 εἷπε
1468 1532 1483 1547 ·
1523 1504 1682 1587 Μήτε

76 1612 253 1680 ἐμὸν,
311 1612 451 1683 μήτε
499 1611 670 1682 αὐτῆς
725 1610 901 1664 ἔστω·
948 1610 1152 1663 διέλετε
1214 1609 1367 1663 αύτό.
1413 1609 1523 1663 Καὶ
1570 1611 1680 1662 ἁπι-

75 1702 295 1775 εκρίθη
326 1703 356 1755 6
388 1702 661 1773 βασιλεύς·
700 1702 829 1756 Δότε
852 1702 913 1757 :6
935 1702 1145 1756 παιδίον
1176 1704 1243 1773 τῇ
1285 1702 1455 1772 μητρὶ
1487 1704 1554 1772 τῇ
1605 1702 1683 1753 εἰ·

78 1794 301 1866 πούσῃ,
330 1796 457 1848 Δότε
490 1796 629 1867 αὐτῇ
664 1794 843 1859 τοῦτο,
884 1794 981 1848 καὶ⁵
1041 1792 1259 1864 Θανάτῳ
1310 1791 1386 1864 μὴ
1439 1790 1682 1845 θανατώ-

83 1903 234 1956 σητε
254 1885 414 1973 αύτδ,
450 1886 531 1939 ὃτι
554 1884 695 1957 αὕτη
723 1885 756 1956 ή
788 1884 976 1955 μήτηρ
997 1882 1184 1938 αὐτοῦ.
1235 1901 1253 1935 ι

171 1997 191 2030 ι
229 1972 418 2048 Κρῖμα
434 1976 642 2029 δίκαιον
673 1976 911 2048 κρίνετε.
934 1976 1147 2046 Χήραν,
1180 1974 1275 2027 καὶ
1302 1972 1559 2042 ὀρφανὸν,
1594 1972 1689 2025 καὶ

80 2056 457 2143 προσήλυτον,
478 2067 573 2120 καὶ
610 2066 820 2138 πένητα
862 2064 937 2138 μὴ
968 2064 1492 2119 καταδυναστεύετε.
1523 2078 1541 2114 ι

175 2268 195 2297 ι
244 2247 387 2301 Τάδε
417 2246 568 2315 λέγει
604 2244 845 2317 Κύριος·
887 2244 1206 2312 Φυλάξασθε
1238 2243 1443 2315 κρίσιν,
1484 2244 1689 2295 ποιεῖτε

79 2340 189 2394 καὶ
218 2338 588 2409 δικαιοσύνην.
627 2338 913 2409 Μακάριος
940 2338 970 2390 6
1000 2336 1171 2390 ποιῶν
1203 2335 1396 2397 ταῦτα,
1428 2334 1521 2386 καὶ
1554 2334 1689 2386 ἀντ-ο

76 2432 357 2500 εχόμενος
421 2430 600 2484 αὐτῶν
660 2430 755 2483 καὶ
809 2427 1082 2501 διατηρῶν
1142 2427 1243 2491 τὰς
1294 2429 1480 2498 χεῖρας
1523 2424 1687 2478 αὑτοῦ

91 2523 185 2592 μὴ
220 2522 398 2574 ποιεῖν
436 2520 617 2575 ἄδικα.
657 2539 675 2571 ι

169 2632 191 2665 ε
239 2613 610 2684 Ἐκζητήσατε
633 2612 836 2683 κρίσιν,
864 2612 1104 2683 ῥύσασθε
1142 2613 1518 2683 ἀδικούμενον,
1562 2614 1686 2684 κρί-

76 2718 224 2757 νατε
277 2701 537 2771 ὀρφανὸν,
568 2703 664 2755 καὶ
718 2701 1048 2757 δικαιώσατε
1104 2703 1322 2774 χήραν,
1370 2705 1462 2757 καὶ
1507 2702 1683 2770 δεῦτε,

75 2798 192 2852 καὶ
226 2794 616 2867 διαλεχθῶμεν,
656 2794 803 2864 λέγει
834 2794 1058 2866 Κύριος.
1089 2812 1106 2844 ι

170 3002 192 3035 ι
232 2981 581 3052 Ἐνεπλήσθη
634 2978 777 3033 Σιὼν
838 2979 1076 3050 κρίσεως
1143 2978 1237 3031 καὶ
1296 2976 1681 3045 δικαιοσύνης

78 3078 217 3131 ὲκεῖ
250 3074 413 3144 σοφία
442 3074 538 3127 καὶ
567 3071 823 3126 εὐσέϐεια
854 3069 992 3141 πρὸς
1023 3068 1157 3122 Θεόν
1184 3084 1197 3098 ·
1246 3063 1394 3123 οὗτοί
1443 3069 1548 3121 είσι
1585 3068 1682 3137 θη-

80 3167 295 3239 σαυροὶ
313 3164 687 3236 δικαιοσύνης.
729 3182 748 3217 ι

170 3279 193 3311 ι
230 3258 532 3329 Εὐλογήσει
556 3274 617 3310 σε
646 3256 675 3308 6
708 3254 836 3317 λαὸς
868 3255 895 3307 6
934 3252 1169 3324 πτωχὸς,
1206 3253 1303 3305 καὶ
1349 3252 1536 3314 πόλεις
1592 3252 1684 3304 ἁν-

78 3347 730 3423 θρώπων,άδικουμὲνων
763 3345 1120 3417 εύλογήσουσί
1172 3361 1252 3397 σε.
1297 3343 1517 3412 Ἐγένου
1576 3344 1685 3415 γὰρ

78 3447 251 3514 πάσῃ
293 3443 444 3497 πόλει
474 3443 704 3512 ταπεινῇ
739 3440 955 3511 βοηθὸς,
987 3439 1081 3494 καὶ
1109 3441 1220 3503 τοῖς
1252 3439 1571 3509 ἀθυμήσασι
1618 3437 1684 3491 δι’

88 3538 319 3591 ἔνδειαν
354 3534 533 3604 σκέπη
559 3549 573 3563 '
599 3533 708 3586 ἀπὸ
740 3532 1045 3603 ἀνθρώπων
1089 3531 1340 3601 πονηρῶν
1390 3529 1551 3601 ῥῦσαι
1584 3528 1683 3582 αύ-

75 3630 247 3692 τούς.
282 3628 468 3696 Σκέπη
487 3625 765 3696 διψώντων
794 3626 889 3678 καὶ
944 3625 1163 3693 πνεῦμα
1208 3621 1515 3694 ἀνθρώπων
1568 3621 1685 3675 ἀδι-

77 3721 406 3792 κουμένων,
437 3717 795 3790 εὑλογήσουσί
828 3735 907 3770 σε.
952 3736 969 3769 ι

168 3918 192 3951 α
242 3895 384 3951 Τάδε
407 3896 555 3965 λέγει
590 3895 795 3967 Κύριος
821 3913 835 3927 ο
876 3893 1113 3967 Κρίνατε
1162 3892 1327 3963 πρωϊ,
1368 3892 1462 3946 καὶ
1523 3890 1684 3945 εὐθύ-

73 4008 249 4052 νοιτε,
316 3990 411 4043 καὶ
464 3988 714 4054 ὲξέλεσθε
766 3986 1177 4059 διηρπασμένον
1224 3987 1289 4038 ὲκ
1329 3984 1513 4055 χειρὸς
1570 3985 1684 4038 ἀδι-

74 4083 329 4145 κοῦντος
353 4080 514 4135 αὐτόν
539 4082 717 4144 ’ὅπως
746 4078 822 4151 μὴ
851 4078 1066 4148 ἀναφθῇ
1097 4078 1171 4141 ὡς
1198 4076 1311 4146 πῦρ
1330 4078 1364 4146 ή
1389 4076 1525 4147 ὀργή
1558 4092 1680 4146 μου,

72 4178 187 4233 καὶ
207 4174 566 4246 καυθήσεται,
591 4173 686 4227 καὶ
716 4173 818 4226 οὐκ
847 4170 1000 4226 ἔσται
1028 4171 1057 4224 6
1089 4169 1299 4237 σώζων.
1340 4188 1358 4221 ι

166 4372 191 4403 6
219 4351 591 4423 Προσήλυτον,
631 4351 725 4405 καὶ
753 4351 1010 4424 ὀρφανὸν,
1046 4354 1143 4406 καὶ
1178 4354 1357 4424 χήραν
1390 4352 1466 4423 μὴ
1514 4367 1682 4404 κατα-

66 4443 477 4509 δυναστεύετε,
504 4443 703 4517 καὶμὴ
745 4443 1014 4509 ἀσεϐεῖτε,
1063 4444 1158 4497 καὶ
1209 4438 1347 4513 αἷμα
1394 4442 1573 4495 ἀθῶον
1604 4441 1680 4512 μὴ

67 4536 341 4610 ἐκχέετε.
383 4555 403 4589 ι

159 4650 187 4684 ι
235 4628 476 4683 ’Δδικίαν
498 4629 593 4682 καὶ
616 4628 1000 4699 ταλαιπωρίαν
1022 4626 1311 4697 ἀφέλεσθε,
1373 4629 1549 4697 κρῖμα
1583 4626 1679 4679 καὶ

63 4722 447 4791 δικαιοσύνην
489 4723 696 4774 ποιεῖτε
734 4738 749 4752 ·
784 4720 995 4785 ὲξέλετε
1048 4717 1513 4773 καταδυναστείαν
1568 4717 1679 4771 ἀπὸ

63 4816 182 4871 τοῦ
212 4812 349 4867 λαοῦ
377 4830 500 4884 μου,
528 4812 675 4881 λέγει
700 4811 927 4883 Κύριος.
965 4832 984 4865 ι

157 4927 182 4960 ι
233 4903 442 4958 Ἀθῶον
475 4906 569 4959 καὶ
593 4903 801 4957 δίκαιον
828 4904 927 4957 ούκ
959 4905 1303 4968 ἀποκτενεῖς.
1326 4923 1345 4956 ι

153 5096 173 5129 ε
213 5076 335 5128 06x
373 5074 489 5129 ἔστι
517 5077 671 5149 παρὰ
703 5081 771 5149 τῇ
794 5076 1027 5149 ἀληθεία
1054 5077 1507 5151 προσωποληψῐα.
1542 5101 1559 5131 ι

151 5279 176 5311 ι
218 5258 576 5327 ’Δγαπήσατε
602 5258 952 5328 δικαιοσύνην
989 5261 1041 5314 el.
1077 5260 1358 5330 κρίνοντες
1378 5260 1477 5332 τὴν
1512 5261 1668 5332 γῆν.»

146 5459 173 5493 6
220 5436 472 5508 Λήψεται
507 5436 812 5492 πανοπλίαν
842 5438 934 5493 τὸν
972 5439 1133 5510 ζῆλον
1160 5438 1325 5493 αὐτοῦ
1346 5456 1361 5469 ·
1397 5439 1676 5494 ἐνδύσεται

54 5536 323 5605 θώρακα
351 5529 723 5601 δικαιοσύνην,
751 5532 848 5584 καὶ
879 5530 1245 5603 περιθήσεται
1290 5532 1496 5602 κόρυθα
1550 5532 1672 5599 κρί-

56 5645 160 5683 σιν
206 5622 602 5693 ἀνυπόκριτον.
636 5617 922 5692 ’Λήψεται
978 5623 1181 5678 ἀσπίδα
1239 5624 1671 5693 ἀκαταμάχητον

51 5718 366 5784 ὁσιότητα.
398 5732 418 5765 ι

144 5825 172 5860 ι
221 5804 325 5869 Μὴ
361 5803 535 5871 λάὸης
576 5806 866 5863 πρόσωπον
908 5807 1193 5863 δυνάστου.
1245 5808 1391 5871 Ἕως
1440 5807 1670 5863 θανάτου

1790 597 1989 652 similis
2026 597 2102 651 ιιιί
2133 596 2322 662 fuerit,
2348 613 2450 653 nec
2484 608 2608 669 post
2639 608 2693 655 te
2722 599 2944 657 futurus
2979 603 3073 658 sit.
3117 624 3137 656 ι

1860 687 1952 744 ιιι
1994 687 2209 759 Rngn,
2240 688 2434 744 25-27.
2462 712 2537 731 -ιι
2564 708 2583 741 ι
2621 689 2769 745 Dixit
2798 693 3124 750 mulieribus
3152 712 3245 751 rex
3268 697 3373 752 Sa-

1790 777 1976 835 lomon
2003 797 2016 833 :
2051 779 2133 834 Tu
2165 779 2336 844 dicis,
2375 780 2523 851 quod
2555 779 2700 837 filius
2725 793 2853 837 tuus
2885 783 3040 849 vivit,
3070 785 3217 843 illius
3243 803 3372 844 vero

1789 869 1934 925 filius
1961 870 2007 925 is
2040 877 2127 925 est
2163 870 2255 941 qui
2288 879 2541 926 mortuus
2572 871 2702 928 est?
2744 871 2807 926 Et
2842 873 2982 928 dixit
3014 893 3109 931 rex
3133 894 3148 932 :
3170 878 3378 936 Afferte

1789 966 1921 1021 mihi
1945 967 2211 1037 gladium.
2234 966 2297 1021 Et
2317 967 2621 1023 attulerunt
2648 969 2887 1038 gladium
2920 986 3109 1026 coram
3135 987 3285 1045 rege.
3310 971 3379 1029 Et

1785 1059 1927 1114 dixit
1952 1074 2047 1114 rex
2078 1076 2092 1113 :
2128 1059 2369 1114 Dividite
2401 1059 2667 1115 infantem
2696 1061 2883 1115 vivum
2912 1062 2966 1116 in
3004 1062 3143 1119 duas
3164 1073 3376 1135 partes,

1786 1162 1839 1207 et
1862 1151 1989 1207 date
2015 1150 2301 1207 dimidiam
2338 1161 2551 1222 partem
2589 1154 2707 1216 uni,
2749 1162 2804 1210 et
2842 1155 3132 1209 dimidiam
3164 1165 3377 1226 partem

1786 1242 1967 1297 alteri.
2000 1241 2065 1297 Et
2106 1244 2393 1314 respondit
2421 1244 2640 1308 mulier,
2672 1245 2833 1315 cujus
2860 1254 2983 1301 erat
3020 1247 3164 1303 filius
3189 1248 3375 1313 vivus.

1786 1332 1855 1386 ad
1894 1348 2078 1405 regem
2121 1336 2210 1402 (eo
2235 1336 2380 1406 quod
2416 1347 2692 1391 commota
2721 1346 2910 1393 essent
2936 1338 3155 1394 viscera
3187 1339 3332 1411 ejus)
3360 1357 3374 1393 :

1783 1424 2164 1497 Nequaquam,
2212 1426 2466 1495 domine;
2517 1428 2587 1481 da
2652 1429 2729 1482 illi
2767 1428 3033 1484 infantem
3066 1428 3276 1497 vivum,
3324 1439 3381 1486 et

1785 1516 1955 1571 nolite
1994 1516 2311 1573 interﬁcere
2337 1533 2487 1573 eum.
2513 1516 2607 1572 Illa
2639 1534 2769 1574 vero
2800 1519 2984 1575 aiebat
3018 1537 3032 1573 :
3065 1518 3178 1575 Nec
3210 1520 3373 1589 mihi,

1786 1622 1887 1661 nec
1915 1606 2013 1662 tibi
2042 1608 2138 1671 sit,
2166 1606 2397 1663 dividite
2426 1623 2572 1664 eum.
2617 1607 2684 1662 Et
2722 1609 3007 1679 respondit
3041 1625 3137 1665 rex
3172 1629 3187 1666 :
3230 1609 3366 1667 Date

1785 1698 2049 1754 infantem
2086 1700 2252 1754 matri
2299 1710 2424 1770 qua:
2457 1699 2637 1766 dixit,
2698 1700 2833 1757 Date
2871 1717 2993 1757 eum
3048 1700 3212 1774 “2
3247 1702 3357 1765 illi,

1787 1804 1889 1844 nec
1923 1797 2102 1846 morte
2155 1791 2503 1848 interliciatis
2531 1808 2678 1847 eum.
2723 1792 2847 1865 Ipsa
2878 1793 3025 1849 enim
3063 1802 3150 1849 est
3187 1805 3363 1850 mater

1860 1971 2027 2028 Zach.
2074 1989 2186 2037 vn,
2229 1977 2283 2029 9.
2330 2004 2398 2014 —-
2447 1993 2465 2023 ι
2503 1973 2725 2031 Justum
2777 1975 3049 2046 judicium
3108 1974 3376 2046 judicate.

1790 2064 2022 2118 Viduam
2047 2103 2061 2127 ,
2110 2073 2164 2118 et
2195 2065 2492 2134 pupillum,
2543 2074 2599 2121 et
2638 2066 2946 2133 advenam,
2987 2076 3041 2123 et
3080 2082 3378 2138 pauperem

1790 2173 1858 2213 ne
1888 2158 2235 2229 opprimatis.
2282 2178 2300 2211 ι

1859 2249 1974 2304 lsa.
2011 2256 2123 2315 Lvi,
2158 2252 2206 2304 1.
2241 2280 2304 2290 -
2341 2271 2361 2302 ι
2401 2248 2525 2307 Haec
2553 2252 2690 2309 dicit
2720 2252 2993 2310 Dominus
3030 2273 3043 2309 :
3079 2254 3377 2311 Custodite

1784 2341 2074 2413 judicium,
2111 2351 2166 2395 et
2199 2342 2367 2398 facite
2395 2344 2693 2413 justitiam.
2718 2344 2917 2400 Beatus
2944 2346 3039 2417 qui
3078 2346 3211 2402 facit
3239 2346 3375 2408 haec.

1787 2440 1843 2487 et
1872 2431 1964 2501 qni
1995 2431 2195 2485 retinet
2225 2432 2351 2496 ista,
2386 2442 2439 2487 et
2470 2441 2660 2502 servat
2691 2449 2892 2489 manus
2916 2450 3072 2502 suas,
3108 2450 3176 2491 ne
3210 2436 3380 2491 faciat

1787 2514 2157 2593 iniquitatem.
2196 2542 2213 2573 ι
2590 2500 2609 2518 ⁸

1859 2612 1975 2669 Isa.
2012 2631 2053 2680 ι,
2098 2615 2185 2668 17.
2221 2644 2291 2655 —-—
2325 2632 2343 2666 ι
2379 2616 2622 2681 Quaerite
2654 2615 2963 2686 judicium,
3000 2617 3201 2689 eripite
3247 2634 3374 2675 eum

1786 2707 1879 2778 qui
1913 2706 2174 2777 injuriam
2210 2706 2445 2778 patitur,
2471 2707 2713 2777 judicate
2736 2708 3032 2779 pupillum,
3069 2710 3379 2781 justificate

1788 2800 2006 2857 viduam
2043 2816 2058 2855 :
2095 2808 2150 2856 et
2183 2800 2388 2868 venite,
2419 2809 2474 2856 et
2512 2800 2887 2873 disceptemus
2910 2844 2926 2871 ,
2990 2803 3132 2859 dicit
3192 2804 3376 2861 Domi-

1786 2908 1911 2948 nus.
1950 2912 1969 2946 ι

1860 2980 1975 3036 Ιεα.
2013 2996 2207 3048 χχχιιι,
2249 2982 2302 3037 5.
2331 3013 2397 3021 -
2441 3001 2458 3033 ι
2500 2980 2725 3053 Repleta
2769 2990 2855 3038 est
2895 2982 3029 3040 Sion
3076 2985 3292 3055 judicio
3316 2999 3375 3044 et

1783 3072 1999 3144 justitia
2036 3089 2049 3124 :
2086 3072 2199 3126 illic
2236 3072 2509 3143 sapientia
2551 3080 2606 3128 et
2629 3076 2808 3143 pietas
2843 3075 2987 3146 apud
3026 3075 3219 3137 Deum.
3276 3077 3373 3137 isti

1710 3191 1755 3248 ο
1788 3171 1917 3220 sunt
1967 3164 2213 3219 thesauri
2242 3164 2492 3234 justitize.
2535 3182 2552 3215 ι

1865 3254 1981 3312 lsa.
2037 3272 2165 3321 xxv,
2200 3256 2256 3319 5,
2287 3257 2342 3311 4.
2376 3287 2446 3297 -
2480 3275 2497 3308 ι
2534 3256 2835 3316 Benedicet
2867 3268 2919 3315 te
2960 3262 3200 3334 populus
3235 3278 3375 3334 pau-

1793 3362 1915 3418 per,
1958 3354 2014 3403 et
2054 3346 2303 3403 civitates
2338 3349 2625 3404 hominum
2683 3352 3032 3423 iniquitatem
3084 3354 3372 3409 sustinen-

1792 3439 1930 3495 tium
1960 3439 2381 3495 benedicentte.
2421 3439 2596 3497 Fuisti
2638 3444 2787 3499 enim
2821 3444 2972 3499 omni
3016 3445 3229 3502 civitati
3268 3447 3372 3502 hu-

1792 3530 1911 3585 mili
1943 3530 2265 3597 auxiliator,
2313 3540 2369 3586 et
2402 3531 2658 3589 tristibus
2699 3543 2926 3604 propter
2962 3535 3206 3606 inopiam
3244 3552 3373 3608 pro-

1793 3622 1959 3676 lectio
1992 3637 2005 3675 :
2039 3622 2107 3676 ab
2134 3622 2455 3679 hominibus
2492 3625 2748 3692 pessimis
2784 3626 2954 3682 libera
2984 3642 3101 3682 eos.
3138 3626 3374 3684 Umbra-

1791 3712 1976 3768 culum
2006 3712 2334 3781 sitientium,
2361 3722 2415 3769 et
2443 3716 2670 3786 spiritus
2695 3716 2981 3772 hominum
3020 3718 3371 3791 iniquitatem

1792 3803 2188 3858 sustinentium
2217 3803 2547 3860 benedicent
2582 3813 2654 3860 te.
2694 3825 2713 3857 ι

1859 3894 2060 3950 Jerem.
2086 3911 2203 3961 χχι,
2249 3895 2337 3950 12.
2370 3925 2439 3938 -
2470 3915 2488 3947 ι
2524 3898 2652 3951 Haec
2692 3898 2827 3951 dicit
2861 3897 3171 3955 Dominus:
3211 3898 3373 3955 Judi-

1791 3991 1912 4035 cate
1945 3980 2126 4046 mane,
2174 3990 2231 4037 et
2263 3990 2415 4040 recte
2471 3984 2675 4047 facile,
2710 3995 2764 4039 et
2797 3984 2995 4055 eripite
3041 3996 3263 4056 raptum
3302 3988 3373 4044 de

1792 4087 1956 4125 manu
1986 4071 2405 4130 calumniatoris
2439 4092 2451 4127 :
2486 4084 2548 4130 ut
2596 4092 2704 4131 non
2737 4076 3074 4149 accendatur
3116 4087 3175 4131 ut
3227 4079 3372 4149 ignis

1792 4163 1875 4216 ira
1908 4178 2051 4228 mea,
2083 4170 2137 4219 et
2168 4163 2444 4230 ardescat,
2500 4173 2556 4221 et
2601 4182 2711 4222 non
2761 4148 2867 4223 erit
2896 4167 2991 4239 qui
3038 4148 3267 4225 salvum,
3290 4170 3373 4225 fa-

1789 4253 1917 4309 ciat.
1959 4272 1976 4306 ι

1858 4345 2059 4402 Jerem.
2106 4364 2241 4415 χχιι,
2274 4348 2328 4403 5.
2360 4378 2430 4389 -
2472 4368 2490 4401 ι
2529 4347 2830 4416 Advenam,
2865 4360 2922 4408 et
2969 4351 3263 4422 pupillum,
3317 4363 3374 4410 et

1789 4436 2010 4491 viduam
2041 4437 2211 4492 nolite
2239 4439 2575 4508 opprimere,
2627 4454 2801 4510 neque
2859 4441 3027 4512 impie
3070 4442 3273 4513 agatis,
3317 4453 3374 4500 et

1715 4543 1758 4600 υ
1788 4529 2110 4597 sanguinem
2153 4528 2501 4583 innocentem
2536 4545 2604 4584 ne
2634 4529 2953 4587 eﬂ‘uudatis.
2990 4550 3010 4583 ι

1855 4617 2049 4674 Ezech.
2086 4636 2211 4685 va,
2249 4620 2304 4675 9.
2336 4650 2407 4659 —
2436 4639 2454 4671 ι
2492 4619 2823 4690 lnjustitiam
2847 4632 2903 4679 et
2934 4638 3241 4682 mrumnam
3273 4639 3371 4679 au—

1784 4714 1940 4778 ferte,
1974 4714 2245 4784 jndicium
2284 4722 2339 4769 ct
2359 4714 2630 4785 justitiam
2655 4714 2844 4777 facite,
2878 4715 3094 4774 auferte
3132 4733 3369 4789 oppres-

1782 4803 1994 4859 sionem
2026 4820 2055 4857 ιι
2089 4804 2293 4874 papnlo
2325 4819 2469 4867 meo,
2491 4803 2626 4858 dicit
2658 4803 2947 4860 Dominus.
2982 4824 3002 4858 ι

1852 4892 1998 4950 Dan.
2043 4909 2164 4957 xm,
2211 4894 2391 4948 55.-—
2421 4912 2437 4943 ι
2473 4893 2751 4951 lnsontem
2789 4904 2845 4952 et
2876 4896 3091 4967 justum
3119 4915 3228 4955 non
3266 4914 3363 4953 oc-

1780 4983 1951 5038 cides.
1989 5003 2008 5036 ι

1855 5070 1951 5125 Ill
1978 5070 2141 5126 Esdr.
2183 5088 2257 5135 ιν.
2300 5072 2391 5127 39.
2421 5102 2489 5113 ——
2532 5093 2549 5125 ι
2582 5073 2701 5131 Non
2752 5085 2838 5132 cst
2876 5078 3022 5147 apud
3077 5077 3361 5133 veritatem

1782 5164 2033 5235 acceptio
2061 5178 2440 5234 personarum.
2471 5185 2491 5218 ι

1854 5256 1985 5325 Sap.
2017 5273 2055 5324 ι,
2098 5259 2149 5311 1.
2176 5288 2243 5299 -
2282 5278 2303 5313 ι
2335 5257 2555 5331 Diligite
2602 5259 2897 5329 justitiam,
2952 5260 3045 5330 qui
3090 5259 3358 5330 judicatis

1779 5356 2003 5403 terram.
2052 5367 2071 5401 ι
2992 5366 2995 5369 ·

1852 5439 1982 5510 Sep.
2037 5456 2104 5506 ν,
2165 5440 2253 5497 18.
2297 5470 2367 5482 -—
2419 5460 2439 5492 ι
2475 5441 2725 5512 Accipiet
2783 5450 3119 5497 armaturam
3180 5442 3357 5499 zelum

1782 5548 1987 5588 suum:
2029 5531 2218 5588 induet
2267 5548 2366 5603 pro
2402 5533 2632 5589 thorace
2682 5532 2982 5603 justitiam,
3031 5542 3086 5589 et
3120 5536 3360 5606 accipiet

1779 5640 1879 5694 pro
1934 5624 2088 5695 galea
2132 5623 2405 5693 judicium
2456 5633 2692 5681 certum.
2752 5620 2946 5680 Sumet
2985 5635 3205 5680 scutum
3272 5626 3355 5681 in-

1778 5716 2145 5787 expugnabile
2175 5716 2508 5786 aequitatem.
2560 5734 2578 5767 ι

1854 5808 2018 5864 Ecrli.
2043 5824 2114 5875 IV,
2141 5807 2478 5881 27.—«‘Noli
2504 5808 2756 5877 accipere
2774 5824 3065 5879 personam
3086 5806 3347 5875 potentis.
