4024 6408
532 450 535 451 ν
563 380 705 450 i391

1741 381 1800 443 S.
1840 382 2167 449 JOANNIS
2213 382 2648 449 DAMASCENI

3710 386 3835 452 1392

569 497 752 567 Usque
782 496 846 550 ad
894 503 1124 551 mortem
1161 502 1311 550 certa
1360 509 1463 565 pro
1492 493 1730 563 juslitia,
1789 503 1842 547 et
1878 492 2141 549 Dominus

2257 497 2513 565 ἠγώνισαι
2537 502 2677 572 ὑπὲρ
2707 502 2803 573 τῆς
2834 500 3113 575 ἀληθείας,
3140 505 3234 561 καὶ
3264 506 3468 578 Κύριος
3506 510 3533 561 6
3575 507 3709 571 Θεὸς
3741 527 3833 563 πο-

570 589 844 658 pugnabit
887 604 988 656 pro
1020 596 1096 641 te.
1139 607 1156 637 ι

642 678 807 732 Ecrli.
846 692 1000 742 xvm,
1039 679 1201 733 15,—
1233 696 1249 728 ι
1284 680 1339 730 lu
1377 676 1766 732 innocentibus
1800 692 1868 732 ne
1900 676 1996 732 des
2018 693 2152 747 que-

560 772 764 826 relam.
796 789 820 822 ι

644 861 808 915 Eccli.
842 878 912 925 iv,
950 861 1040 915 26.
1068 890 1138 903 -—
1184 879 1202 910 ι
1234 860 1311 913 Ne
1355 860 1595 927 accipias
1625 875 1918 930 personam
1952 861 2151 916 adver-

561 967 668 1006 sus
703 953 941 1005 animam
979 959 1149 1004 tuam.
1185 968 1203 1001 ι

644 1042 813 1096 Eccli.
855 1056 977 1104 vm,
1007 1040 1098 1093 26.
1135 1068 1205 1079 —-
1239 1057 1257 1089 ι
1289 1037 1367 1092 Ne
1399 1049 1515 1094 stes
1543 1048 1737 1094 contra
1779 1038 1981 1096 faciem
2021 1056 2152 1095 con-

569 1132 869 1186 tumeliosi.
912 1150 933 1183 ι

643 1224 810 1278 Ecrli.
852 1240 926 1285 ιν.
957 1223 1010 1279 9.
1040 1252 1110 1262 —-
1149 1241 1167 1273 ι
1202 1220 1399 1275 Libera
1433 1236 1557 1276 eum
1593 1222 1689 1293 qui
1721 1223 1979 1293 iujuriam
2010 1226 2152 1295 pati-

570 1317 744 1370 tur-tle
772 1330 935 1369 manu
967 1312 1364 1367 calumniantis
1399 1332 1411 1367 :
1446 1320 1502 1368 et
1543 1329 1608 1369 ne
1643 1313 1995 1385 despondeas
2027 1318 2152 1371 ani-

569 1423 713 1459 ιιιιιιιι
751 1406 879 1458 ιΙιιιιι
920 1404 1283 1474 judicaveris.
1326 1423 1345 1456 ι

641 1496 807 1550 Eccli.
839 1511 913 1559 su,
948 1495 1000 1550 7.
1024 1525 1098 1535 -
1130 1513 1148 1547 ι
1187 1494 1513 1568 Priusquam
1544 1497 1875 1568 interroges,
1902 1514 1971 1553 ne
2000 1500 2153 1554 vitu-

572 1603 750 1657 peres.
780 1588 1029 1658 lntellige
1061 1589 1321 1659 primum,
1360 1597 1414 1642 et
1447 1596 1579 1644 tunc
1609 1590 1855 1659 corripe.
1889 1608 1910 1641 ι

637 1676 804 1731 Errli.
848 1693 1040 1745 xxnu,
1094 1679 1184 1735 54.
1217 1708 1288 1722 --
1330 1697 1350 1730 ι
1387 1678 1520 1734 Sine
1568 1682 1826 1735 examine
1875 1681 2017 1737 nihil
2069 1682 2151 1736 fa-

563 1784 705 1824 CIBS.
743 1788 763 1821 ι

2256 590 2483 662 λεμήσει
2512 594 2651 665 ὑπὲρ
2685 596 2802 649 σοῦ.
2843 616 2861 648 ι

2332 702 2350 735 ι
2389 684 2479 736 Ἐν
2506 684 2705 749 ἀθώοις
2747 687 2822 757 μὴ
2856 687 2946 752 δὸς
2979 688 3190 759 μῶμον.
3222 709 3244 742 r

2333 881 2351 914 ι
2390 864 2481 935 Μὴ
2510 864 2681 937 λάϐῃς
2707 868 2998 939 πρόσωπον
3027 871 3173 926 κατὰ
3192 873 3292 944 τῆς
3322 873 3506 946 ψυχῆς
3528 893 3645 931 σου.
3680 895 3699 928 ι

2332 1064 2350 1097 ι
2370 1045 2461 1118 Μὴ
2492 1047 2797 1121 ἐξαναστῇς
2826 1051 2935 1106 ἀπὸ
2971 1054 3265 1124 προσώπου
3284 1055 3569 1127 ὑϐριστοῦ.
3597 1078 3619 1111 ι

2330 1244 2347 1276 ι
2382 1226 2602 1291 Ἐξελοῦ
2626 1228 2985 1300 ἀδικούμενον
3026 1233 3092 1286 ὲκ
3117 1236 3299 1306 χειρὸς
3345 1236 3689 1302 ἀδικοῦντος,
3751 1244 3838 1295 καὶ

2256 1314 2331 1383 μὴ
2357 1314 2763 1388 ὀλιγοψυχήσῃς
2791 1319 2850 1372 ἐν
2875 1320 2955 1391 τῷ
2977 1323 3188 1392 κρίνειν
3212 1342 3291 1379 σε.
3332 1344 3354 1377 ι

2330 1509 2349 1540 ι
2388 1491 2524 1561 Πρὶν
2558 1491 2590 1562 ἢ
2620 1492 2906 1566 ἐξετάσῃς,
2952 1497 3029 1568 μὴ
3071 1497 3287 1572 μέμψῃ.
3341 1502 3560 1573 Νὸησον
3600 1504 3838 1574 πρῶτον,

2253 1581 2347 1632 καὶ
2382 1580 2505 1633 τότε
2532 1582 2791 1653 ὲπιτίμα.
2834 1606 2851 1634 ι
3127 1617 3131 1621 >

2326 1686 2345 1718 ι
2374 1668 2539 1721 Ἀνευ
2562 1670 2803 1741 κρίσεως
2827 1673 2903 1744 μὴ
2939 1676 3180 1749 ποιήσῃς
3199 1678 3386 1750 μηδέν.
3428 1700 3447 1731 ι

644 1861 809 1916 Eccli.
839 1879 1014 1931 xxx",
1050 1865 1102 1918 Ι.
1146 1894 1218 1904 -
1258 1883 1275 1915 ι
1332 1863 1623 1920 {uectorem
1686 1875 1741 1920 te
1810 1867 2153 1935 posuerunt?

2330 1868 2348 1897 ι
2399 1850 2733 1920 ’ῐιγούμενόν
2763 1870 2821 1907 σε
2856 1855 3239 1927 κατέστησανς
3268 1858 3344 1929 μὴ
3375 1860 3632 1933 ἐπαξρου.
3690 1866 3839 1921 Fiam

559 1951 682 2005 noli
708 1954 929 2007 extolli.
966 1953 1097 2008 Esto
1126 1954 1179 2008 in
1224 1954 1335 2008 illis
1367 1954 1528 2024 quasi
1558 1966 1702 2010 unus
1729 1970 1794 2009 ex
1822 1956 1979 2025 ipsis.
2025 1976 2043 2008 ι

640 2044 793 2100 Rom.
826 2047 1021 2110 11:1,5.
1060 2075 1131 2086 —-
1173 2064 1191 2096 ι
1226 2043 1322 2098 Vis
1373 2059 1481 2099 non
1542 2046 1737 2101 timere
1790 2050 2157 2117 potestatem?

566 2136 788 2190 *Bnnum
831 2137 937 2203 fac,
966 2144 1021 2191 et
1047 2136 1279 2190 habebis
1309 2136 1528 2190 laudem
1558 2152 1627 2192 ex
1668 2140 1782 2195 illa.
1823 2156 1843 2190 ι

650 2231 673 2285 ι
701 2232 865 2287 Joan.
893 2247 974 2296 ιιι,
1007 2232 1148 2287 7.-
1175 2251 1194 2283 ι
1223 2231 1327 2298 Qui
1355 2231 1483 2287 facit
1503 2231 1811 2301 justitiam,
1842 2234 2029 2302 justus
2051 2243 2156 2301 est,

560 2322 1035 2396 quemadmodum
1080 2332 1135 2379 et
1168 2323 1263 2378 ille
1290 2324 1477 2395 justus
1528 2334 1632 2380 est.
1684 2322 1879 2383 Omnis
1918 2328 2013 2398 qui
2049 2343 2160 2384 non

568 2417 707 2471 facit
738 2416 1038 2486 justitiam,
1074 2431 1187 2471 non
1224 2426 1311 2472 est
1345 2432 1413 2472 ex
1441 2415 1571 2473 Deo.
1602 2435 1623 2469 ι

642 2507 702 2562 S.
737 2508 911 2562 Rasil.
945 2506 1103 2563 Orat.
1148 2506 1214 2562 de
1249 2502 1417 2565 ἱηυῗά.
1440 2538 1464 2545 -
1534 2509 1592 2564 Si
1635 2509 1828 2580 gloriae
1858 2512 2162 2583 cupiditate

564 2599 796 2670 flagras,
824 2599 1021 2669 visque
1059 2614 1230 2670 supra
1264 2600 1468 2671 vulgus
1509 2601 1719 2666 lucere,
1756 2611 1811 2657 et
1863 2603 1919 2657 in
1969 2604 2161 2661 mundi

570 2689 811 2761 negotiis
845 2689 1202 2758 splendorem
1240 2690 1490 2761 assequi,
1533 2690 1728 2761 justus
1761 2698 1903 2757 esto,
1950 2701 2161 2764 tempe.

571 2795 723 2847 rans,
754 2779 1021 2851 prudens,
1049 2788 1107 2836 et
1150 2779 1337 2846 fortis,
1368 2787 1533 2851 teque
1577 2795 1678 2852 pro
1726 2782 1929 2853 pietate
1970 2784 2161 2839 decer-

565 2873 761 2940 tando,
796 2874 1122 2931 tolerantem
1147 2872 1350 2941 prebe.
1376 2872 1540 2945 “3
1568 2873 1661 2929 Sic
1679 2876 1825 2930 enim
1842 2883 1898 2931 et
1920 2876 2158 2947 teipsum

570 2968 784 3023 salvum
816 2965 1011 3033 facies,
1034 2976 1089 3033 et
1112 2966 1183 3022 ob
1213 2965 1428 3037 majora
1460 2967 1606 3022 bona
1636 2967 1948 3023 claritatem
1986 2968 2164 3039 majo-

562 3072 686 3116 ‘rem
713 3057 1068 3130 adipisceris.

645 3150 841 3222 Ejusd.
871 3153 926 3204 in
951 3150 1122 3218 princ.
1159 3148 1323 3204 Prov.
1354 3176 1428 3190 —
1452 3146 1631 3204 Justa‘.
1651 3148 1823 3202 animi
1852 3147 2161 3205 affectionis

564 3250 961 3314 argumentum
984 3250 1068 3297 est
1098 3241 1387 3312 integritas
1416 3240 1470 3294 in
1494 3239 1896 3309 judicando.-——
1916 3238 1999 3294 Ad
2027 3240 2153 3305 hoc,

572 3343 633 3389 ut
670 3349 856 3392 veram
907 3335 1182 3404 justitiam
1212 3333 1488 3405 quispiam
1545 3334 1839 3404 intelligat,
1890 3350 2155 3405 magnum

572 3442 709 3491 sane
743 3426 1047 3497 ingenium,
1073 3435 1128 3482 et
1159 3440 1375 3482 summa
1429 3426 1633 3482 mentis
1664 3426 1931 3497 perfectio
1967 3429 2152 3497 requio

572 3518 737 3581 ritur.
765 3515 955 3586 Neque
978 3517 1123 3571 enim
1157 3516 1273 3572 fieri
1298 3523 1481 3588 potest
1506 3528 1564 3571 ut
1616 3518 1909 3589 quisquam
1931 3519 2000 3575 de
2020 3535 2155 3576 con-

574 3608 862 3661 troversiis
902 3617 1053 3662 recte
1088 3619 1143 3664 et
1180 3610 1395 3678 integre
1430 3610 1771 3678 pronuntiet,
1805 3611 1910 3666 nisi
1945 3611 2155 3671 doctri-

571 3715 699 3755 nam
733 3700 879 3768 juris
911 3709 1038 3756 aute
1088 3700 1412 3773 perceperit.
1449 3700 1584 3757 Nam
1620 3703 1716 3771 qui
1754 3718 1940 3759 veram
1986 3703 2154 3774 justi-

568 3793 704 3846 tiam
734 3792 918 3857 callet,
953 3807 1018 3847 ac
1051 3808 1149 3863 per
1181 3809 1302 3849 eam
1339 3807 1505 3849 suum
1535 3794 1739 3865 cuique
1789 3794 2035 3850 tribuere
2063 3793 2154 3849 di-

566 3883 730 3952 dicit,
757 3885 805 3954 is
831 3885 1053 3941 demum
1081 3885 1321 3955 dirigere
1344 3885 1617 3956 judicium
1645 3894 1848 3958 potest.
1873 3886 2154 3953 Quemad-

568 3976 795 4031 modum
820 3977 966 4032 enim
999 3978 1324 4048 sagittarius
1353 3981 1525 4033 telum
1571 3978 1642 4033 ad
1670 3978 1888 4050 signum
1920 3978 2150 4050 dirigit,

570 4067 654 4120 sic
682 4066 1093 4139 quoquejudex
1128 4068 1197 4123 ad
1226 4069 1278 4124 id
1306 4068 1455 4140 quod
1475 4069 1690 4140 justum
1724 4078 1810 4125 est
1869 4070 2150 4133 collineal,

570 4172 696 4217 cum
752 4149 1424 4230 rationem‘personarum
1488 4176 1597 4215 non
1652 4159 1848 4224 habet,
1891 4175 1993 4215 nec
2053 4174 2153 4230 per

570 4247 739 4301 animi
767 4251 1191 4319 propensionem
1224 4251 1527 4321 quidquam
1581 4250 1734 4314 facit,
1775 4249 1871 4304 sed
1922 4258 2070 4304 recta
2095 4259 2151 4305 et

572 4342 783 4419 integra
807 4340 1018 4412 judicia
1057 4343 1404 4412 pronuntiat.
1445 4342 1612 4411 Atqui
1656 4341 1874 4397 duobus
1904 4340 2049 4412 apud
2084 4342 2150 4395 il—

572 4431 683 4489 lum
718 4446 942 4487 causam
992 4431 1321 4497 dicentibus,
1365 4447 1605 4504 quorum
1637 4433 1775 4487 alter
1821 4434 1942 4502 plus
1968 4447 2147 4502 aequo,

2258 1942 2313 1994 ὲν
2348 1942 2534 2006 αὐτοῖς
2554 1942 2630 2007 ὡς
2664 1940 2745 2008 εἷς
2777 1945 2836 2010 ἐξ
2870 1948 3071 2001 αὐτῶν.
3112 1969 3129 2001 ι
3654 1984 3667 1999 ›

2334 2052 2352 2083 ι
2390 2033 2577 2098 Θέλεις
2615 2036 2690 2107 μὴ
2736 2039 3022 2106 φοϐεῖσθαι
3077 2042 3358 2109 ἐξουσίαν;
3421 2048 3649 2116 Ἀγαθὸν
3680 2051 3838 2113 σῦΞει,

2260 2125 2354 2177 καὶ
2384 2124 2528 2188 ἔξεις
2553 2126 2781 2181 ἔπαινον
2812 2129 2870 2196 ἐξ
2894 2131 3086 2202 αὐτῆς.
3128 2153 3147 2185 ι

2335 2231 2354 2268 ι
2395 2216 2455 2270 '0
2490 2218 2660 2272 ποιῶν
2692 2219 2790 2291 τὴν
2824 2222 3196 2296 δικαιοσύνην,
3232 2228 3446 2294 δίκαιός
3482 2232 3622 2294 ἔστι,
3662 2235 3836 2298 καθὼς

2225 2384 2236 2393 .
2260 2310 2352 2361 καὶ
2381 2310 2587 2375 ἐκεῖνος
2616 2311 2825 2376 δίκαιός
2852 2315 2991 2369 ἐστι.
3023 2318 3139 2382 Πᾶς
3177 2322 3205 2372 ὁ
3236 2320 3312 2393 μὴ
3345 2324 3519 2379 ποιῶν
3568 2325 3837 2381 δικαιοσῦ-

2260 2418 2380 2470 νην,
2404 2402 2507 2454 οὑκ
2529 2401 2680 2456 ἔστιν
2702 2406 2766 2458 ὲκ
2799 2406 2892 2460 τοῦ
2927 2408 3085 2466 Θεοῦ.
3137 2430 3157 2462 ι

2331 2493 2393 2546 El
2415 2492 2574 2564 δόξης
2607 2494 2916 2565 ἐπιθυμεῖς,
2942 2502 3038 2553 καὶ
3060 2501 3243 2571 βούλει
3263 2504 3375 2559 τῶν
3410 2506 3630 2561 πολλῶν
3681 2509 3839 2580 61:59-

2261 2582 2575 2651 φαίνεσθαι.
2616 2586 2710 2640 καὶ
2736 2588 3025 2659 εὐδόκιμος
3070 2593 3128 2645 ιν
3155 2596 3270 2657 τοῖς
3322 2600 3609 2667 κοσμικοῖς
3669 2600 3836 2671 arpi?-

2264 2692 2398 2752 μασι
2420 2677 2691 2745 γίνεσθαι,
2721 2677 2814 2734 ἔσο
2837 2680 3068 2751 δίκαιος,
3100 2683 3359 2757 σώφρων,
3403 2690 3694 2761 φρόνιμος,
3747 2695 3837 2746 ἀν-

2260 2768 2461 2839 δρεῖος,
2495 2772 2901 2842 ὑπομονητικὸς
2923 2777 2982 2830 ἐν
3010 2779 3126 2843 τοῖς
3167 2779 3308 2850 ὑπὲρ
3348 2782 3634 2846 εὐσεϐείας
3697 2785 3834 2854 ἀγῶ-

2266 2876 2370 2914 σιν.
2416 2861 2577 2916 Οὕτω
2603 2864 2713 2936 γᾶρ
2764 2869 2991 2922 σεαυτὸν
3042 2869 3261 2935 σώσεις,
3315 2875 3406 2927 καὶ
3449 2876 3544 2927 ἐπὶ
3605 2876 3835 2947 μείζοσιν

2262 2950 2490 3019 ἀγαθοῖς
2521 2953 2747 3024 μείζονα
2766 2956 2911 3024 ἕξεις
2936 2959 3036 3031 τὴν
3058 2962 3460 3033 περιφάνειαν.ξ

2337 3130 2602 3205 Ἔλεγχος
2624 3136 2726 3207 τῆς
2751 3136 2845 3190 τοῦ
2875 3138 3088 3194 δικαίου
3106 3140 3403 3207 διαθέσεως
3426 3144 3459 3214 ἡ
3479 3160 3547 3196 πε
3557 3144 3610 3213 pl
3639 3145 3701 3198 τὸ
3726 3141 3826 3215 xpl-

2263 3238 2374 3279 νειν
2402 3215 2652 3296 ὀρθότης.
2688 3229 2850 3281 -Τὸ
2884 3230 3077 3301 νοῆσαι
3122 3230 3221 3302 τὴν
3266 3234 3444 3303 ἀληθῆ
3497 3235 3830 3305 δικαιοσύνην

2267 3316 2512 3386 μεγάλης
2535 3317 2706 3380 ὅντως
2727 3318 2991 3383 διανοίας.
3019 3322 3115 3374 καὶ
3146 3324 3343 3392 φρενὸς
3371 3323 3723 3395 τελειοτάτης
3735 3325 3827 3379 δείο

2262 3422 2371 3456 sat.
2415 3405 2725 3476 ’Λμήχανον
2757 3409 2864 3480 γὰρ
2888 3410 2964 3481 μὴ
2991 3412 3465 3481 προπαιδευθέντα
3501 3415 3631 3486 περὶ
3654 3418 3741 3470 τοῦ
3760 3417 3826 3471 δι-

2263 3496 2418 3550 καίου
2446 3497 2707 3552 δύνασθαι
2731 3501 2828 3564 τάς
2844 3502 3168 3576 ἀμφισϐητή
3179 3522 3291 3569 σεις
3310 3506 3489 3576 ὀρθῶς
3519 3508 3825 3578 διακρίνειν.

2274 3588 2331 3639 Ὀ
2360 3590 2470 3659 γὰρ
2498 3590 2653 3656 εἰδὼς
2681 3592 2779 3663 τὴν
2810 3594 2985 3667 ἀληθῆ
3031 3596 3406 3670 δικαιοσύνην,
3444 3602 3537 3655 καὶ
3578 3602 3645 3655 δι’
3671 3603 3826 3671 uini;

2260 3679 2532 3751 διδαχθεὶς
2561 3684 2622 3736 τὸ
2645 3686 2847 3738 οἰκεῖον
2877 3687 3175 3759 ἀπονεῖμαι
3215 3692 3463 3763 ἑκάστῳ,
3495 3687 3651 3758 οὗτος
3687 3696 3823 3751 δύνα-

2260 3786 2350 3825 ται
2404 3768 2733 3828 κατευθῦναι
2781 3779 2972 3848 κρῖμα.
3019 3779 3231 3852 Ὠσπερ
3266 3778 3545 3855 ὀτοξότης
3575 3786 3707 3857 πρὸς
3744 3785 3824 3837 τὸν

2262 3868 2463 3921 σκοπὸν
2494 3869 2783 3925 ἐπευθύνει
2809 3872 2872 3926 τὸ
2896 3873 3071 3945 βέλος,
3110 3878 3285 3943 οὕτως
3330 3882 3360 3932 6
3388 3882 3585 3952 κριτὴς
3622 3882 3710 3937 τοῦ
3751 3884 3819 3935 δι-

2261 3960 2415 4018 καίου
2470 3964 2981 4035 καταστοχάζεται,
3036 3967 3161 4023 οὔτε
3215 3972 3491 4042 πρόσωπα
3528 3974 3819 4045 λαμϐάνων,

2259 4050 2381 4105 οὔτε
2417 4052 2588 4108 ποιῶν
2623 4056 2768 4110 κατά
2794 4058 3141 4129 πρόσκλισιν,
3167 4062 3283 4116 ἀλλ’
3306 4064 3529 4127 εὐθείας
3560 4066 3653 4120 καὶ
3689 4068 3821 4119 d611-

2262 4141 2527 4213 στρόφους
2556 4145 2808 4216 ἐκφέρων
2832 4148 2933 4213 τὰς
2958 4148 3191 4219 κρίσεις.
3238 4154 3347 4214 Καὶ
3379 4154 3477 4213 ᾶύο
3504 4158 3821 4226 κρινομένων

2261 4236 2392 4304 παρ’
2421 4235 2572 4306 αὐτῷ
2592 4282 2605 4301 ,
2638 4237 2733 4290 τοῦ
2760 4256 2819 4292 τε
2851 4240 3327 4307 πλεονεκτοῦντος,
3359 4248 3456 4299 καὶ
3492 4248 3586 4299 τοῦ
3621 4248 3817 4300 ἔλαττιν

2261 4326 2473 4393 ἔχοντος
2504 4329 2736 4399 ἔστηκεν
2783 4333 2812 4384 6
2863 4333 3078 4404 κριτὴς,
3126 4336 3404 4390 ἐπανισιῖνθ
3458 4338 3659 4403 αὐτοὺς
3702 4340 3816 4409 πρὶς

2259 4419 2537 4489 ἀλλήλους,
2576 4424 2670 4476 καὶ
2708 4425 2967 4480 τοσοῦτον
3012 4429 3265 4498 ἀφαιρῶν
3309 4430 3403 4483 τοῦ
3454 4432 3814 4505 ὑπερέχοντος.

572 4521 712 4576 alter
746 4523 932 4578 minus
979 4522 1200 4587 habeat,
1248 4533 1358 4581 stat
1400 4523 1567 4594 jiulcx
1625 4538 1723 4577 eos
1774 4524 1919 4578 inter
1949 4539 2009 4579 se
2053 4539 2150 4578 ex-

2259 4511 2382 4562 ὅςον
2409 4513 2800 4584 ἐλαττούμενον
2825 4516 3067 4587 εὑρίσκει
3099 4519 3190 4571 τὸν
3219 4521 3603 4592 ἀδικούμενον.

570 4628 817 4684 :equans,
853 4623 1176 4686 tantumque
1210 4616 1259 4671 ei
1291 4616 1385 4686 qui
1417 4615 1705 4677 exuberat,
1741 4615 2151 4683 adimit,quan-

573 4715 689 4765 tum
716 4709 789 4762 illi
826 4709 1152 4780 quiinjuria
1194 4708 1450 4770 afficitur,
1494 4707 1690 4763 deesse
1717 4709 2075 4776 compererit.

642 4798 834 4867 Ejusd.
860 4801 1002 4855 hom.
1047 4800 1168 4855 hab.
1204 4802 1260 4853 in
1293 4798 1536 4870 Laryzis.
1568 4822 1641 4839 —-
1672 4796 1777 4864 Qui
1813 4797 1994 4853 cernit
2032 4798 2152 4869 pla-

572 4908 662 4953 na,
700 4891 1140 4947 misericordiam
1197 4900 1594 4962 consequetur.
1656 4889 1798 4957 Quid
1859 4888 2049 4958 igitur,
2105 4888 2151 4944 si

569 4995 731 5040 terrae
765 4991 1017 5037 naturam
1072 4984 1301 5036 minime
1336 4984 1556 5053 planam
1591 4992 1648 5037 et
1700 4982 2029 5052 aequabilem
2080 4981 2154 5033 vi-

567 5075 705 5131 dero
737 5074 941 5143 (qualis
979 5072 1127 5127 enim
1180 5072 1299 5142 ipsa
1332 5083 1439 5143 est,
1469 5075 1597 5129 talis
1632 5088 1856 5144 quoque
1888 5079 2153 5127 cernatur

570 5181 797 5221 necesse
819 5163 947 5232 est),
986 5164 1090 5220 hoc
1124 5167 1348 5221 nomine
1377 5168 1833 5223 condemnabor?
1864 5167 1931 5221 At
1964 5176 2020 5219 tu
2053 5183 2150 5219 su-

570 5258 796 5319 blimius
828 5258 989 5313 velim
1029 5261 1319 5330 respicias.
1378 5261 1573 5317 Astant
1619 5261 1752 5315 mihi
1785 5261 2009 5316 diversa
2045 5260 2151 5314 fra-

568 5360 715 5404 trum
738 5364 936 5421 genera
969 5369 984 5406 :
1024 5368 1169 5409 unus
1210 5370 1423 5426 pauper
1452 5365 1557 5419 est,
1608 5354 1769 5409 dives
1810 5353 1979 5415 alter,
2004 5368 2149 5407 unus

549 5442 929 5511 peregrinus,
989 5444 1131 5501 alter
1192 5446 1507 5512 familiaris,
1563 5446 1660 5516 qui
1720 5444 1805 5500 vel
1862 5455 1913 5500 te
1964 5444 2150 5514 judice

565 5531 923 5603 disceptaturi
950 5538 1079 5604 sint,
1106 5539 1192 5593 vel
1229 5539 1563 5595 liberalitate
1584 5545 1680 5591 tua
1713 5552 1854 5606 opus
1881 5536 2146 5591 habituri.

566 5624 623 5678 Si
667 5641 767 5695 pro
820 5628 1080 5684 tribunali
1155 5631 1388 5697 sedeas,
1443 5647 1513 5685 ne
1577 5628 1929 5685 commiseris
1968 5634 2028 5681 ut
2066 5629 2148 5684 vel

568 5717 858 5787 inaequalia
898 5731 1134 5792 spectes,
1187 5724 1290 5779 hoc
1324 5732 1409 5779 est
1461 5723 1687 5777 divitem
1745 5720 2045 5784 excelsum,
2094 5728 2149 5774 et

567 5824 860 5880 Paupercm
889 5815 1183 5879 abiectum.
1216 5816 1273 5871 Si
1330 5816 1543 5871 foribus
1570 5816 1677 5869 tuis
1721 5820 1866 5867 astet
1915 5810 2139 5880 aliquis,

2336 4804 2394 4859 Ὅ
2428 4804 2640 4874 βλέπων
2677 4805 2815 4870 λεῖα,
2841 4805 3228 4877 ὲλεηθήσεται’
3263 4807 3361 4859 ἐὰν
3403 4805 3501 4858 ῐδω
3550 4805 3653 4876 τὴν
3675 4804 3815 4873 φύσιν

2254 4894 2351 4966 τῆς
2374 4896 2476 4966 γῆς
2507 4896 2813 4966 ἀνωμάλως
2835 4896 3065 4968 ἔχουσαν
3096 4897 3304 4968 (ἐπειδὴ
3328 4898 3440 4969 γὰρ
3474 4898 3563 4950 οἶα
3588 4895 3811 4965 ἐκτίσθη,

2253 4984 2479 5055 τοιαύτη
2522 4986 2761 5054 ὁρᾶται),
2812 4986 2906 5038 ἐπὶ
2945 4985 3155 5047 τούτοις
3195 4984 3308 5053 ἐγὼ
3359 4985 3811 5055 καταδικάξομαι;

2268 5077 2429 5131 Ἀ)λά
2468 5076 2580 5131 νόει
2638 5093 2727 5146 μοι
2764 5074 3005 5146 ὑψηλῶς.
3048 5072 3430 5147 Παρεστήκασί
3459 5091 3551 5145 μοι
3588 5074 3812 5142 ἀδελᾷῶν

2253 5169 2540 5242 διαφοραί⁶
2564 5172 2593 5223 6
2635 5170 2735 5240 μὲν
2768 5168 2959 5237 πένης,
2986 5171 3015 5222 6
3056 5169 3111 5222 δὲ
3143 5168 3432 5231 πλούσιος·
3467 5172 3496 5222 6
3527 5169 3629 5239 μὲν
3662 5167 3807 5232 ξένος,

2252 5266 2281 5316 6
2309 5263 2368 5316 δὲ
2397 5263 2626 5324 οἱκεϊος²
2676 5260 2708 5331 ἢ
2763 5260 3035 5324 δικάζοντί
3066 5277 3147 5313 σοι
3188 5259 3526 5329 κρινόμενοι,
3558 5259 3592 5329 ἢ
3617 5258 3809 5329 μεταδιο

2252 5355 2395 5407 δόντι
2457 5368 2539 5406 σοι
2597 5351 3055 5423 χρῄζοντες.Ἐάν
3085 5350 3233 5423 κάθῃ
3274 5352 3500 5423 κρίνων,
3548 5354 3624 5421 μὴ
3664 5350 3805 5420 βλέπε

2252 5445 2537 5518 ἀνώμαλα,
2570 5445 2705 5516 μηδὲ
2733 5444 2825 5497 τὸν
2860 5442 3121 5498 πλούσιον
3160 5442 3386 5513 ὑψηλὸν,
3410 5442 3503 5497 τὸν
3525 5443 3583 5497 δὲ
3625 5444 3804 5507 πένητα

2250 5540 2528 5595 ταπεινόν.
2567 5539 2693 5591 Ἐὰν
2718 5537 3043 5609 παρασταθῇ
3074 5540 3139 5608 τῇ
3168 5536 3428 5609 θύρᾳᾳσου
3460 5539 3489 5589 6
3512 5537 3611 5607 τὴν
3638 5534 3801 5604 χρείαν

2251 5632 2420 5687 αὐτοῦ
2459 5628 2912 5699 ἐπανορθωθῆναι
2946 5627 3145 5697 ζητῶν,
3195 5602 3342 5697 μηδέ
3370 5627 3544 5687 οὕτως
3565 5625 3797 5691 ἀνώμαλα

2253 5726 2387 5795 ἴδῃς,
2425 5724 2500 5793 μὴ
2536 5723 2699 5792 εἴπῃς
2720 5739 2733 5752 ·
2767 5714 2939 5784 Οὗτος
2971 5720 3144 5788 φίλος,
3166 5713 3323 5783 οὗτος
3358 5720 3647 5787 συγγενὴς,
3668 5710 3796 5772 οὗτος

2236 5814 2566 5878 εὐεργέτης,
2590 5814 2798 5875 ἐκεῖνος
2820 5809 2990 5876 ξένος,
3016 5810 3321 5874 ἀλλότριος,
3342 5810 3631 5874 ἄγνωστος.
3651 5800 3791 5857 Ἀνώ·
