4024 6412
217 449 350 517 ὶ393

1479 451 1716 513 SACRA
1752 454 2217 514 PARALLELA.

3350 438 3501 526 13943

213 564 359 635 μάλα
392 562 609 634 βλέπων
636 562 738 616 ούκ
768 561 1058 636 ὲλεηθήσῃ.
1091 564 1223 616 Λεία
1252 562 1415 632 βλέπε
1442 580 1455 593 ⁸
1489 563 1649 633 φύσις
1676 564 1795 634 μία,

1906 572 2086 619 tecum
2117 580 2287 636 agens
2318 571 2375 619 ut
2406 566 2831 623 necessitatibus
2859 567 3035 637 ipsius
3063 572 3386 639 subvenias,
3416 593 3484 631 ne

208 655 391 709 Mm
418 654 478 707 ἐν
500 655 833 725 ἀμφοτέροις
859 656 889 725 ή
919 655 1082 726 αὐτή.
1111 655 1211 719 Δὸς
1242 654 1321 726 τῷ
1348 656 1563 728 ἀδελφῷ
1596 658 1691 711 καὶ
1720 656 1798 728 τῷ

209 748 367 817 ξένῳ,
408 747 549 819 μήτε
580 746 674 799 τὸν
704 746 934 817 ἀδελφὸν
964 747 1326 819 ἀποστραφῇς
1347 788 1363 812 ,
1399 749 1491 803 κα)⁵
1523 750 1615 804 τὸν
1649 748 1798 815 ξένον

207 842 441 911 ἀδελφὺν
466 845 669 896 οἰκεῖον
695 842 943 915 ποίησαι.
977 839 1069 914 Μὴ
1097 842 1363 914 πρόκρινε
1389 843 1482 898 τὸν
1508 844 1662 914 φίλον
1690 844 1798 899 ἀπὸ

206 935 302 988 τοῦ
338 936 657 1008 ἀλλοτρίου,
709 935 810 1007 τὴν
844 937 1035 1008 χρείαν
1084 936 1252 992 αὐτοῦ
1301 937 1795 1010 ἐπανορθούμενος.

209 1022 470 1077 Βούλεταί
503 1041 560 1077 σε
586 1024 1046 1096 παραμυθητικὸν
1073 1022 1216 1080 εῖναι
1250 1027 1362 1081 τῶν
1390 1027 1688 1098 δεομένων,
1736 1028 1796 1082 ού

208 1117 690 1188 προσωπολήπτην
714 1156 729 1180 ,
761 1117 823 1171 ού
858 1116 937 1190 τῷ
966 1121 1224 1188 συγγενεί
1257 1119 1501 1184 διδόντα,
1524 1119 1615 1173 τὸν
1648 1119 1802 1185 ξένον

205 1208 625 1279 ἀπωθούμενον.
673 1211 1249 1281 Πάντεςίσυγγενεῖς,
1296 1214 1497 1278 πάντες
1554 1213 1797 1283 ἀδελφοὶ,

206 1300 327 1364 ἑνὸς
366 1300 574 1372 πατρὸς
605 1302 822 1371 ἔγγονοι
858 1303 1083 1369 πάντες.
1136 1306 1262 1359 Ἐάν
1301 1306 1391 1361 τὸν
1424 1307 1798 1377 πνευματικὸν

205 1392 371 1465 εἴπῃς
396 1396 632 1467 πατέρα,
657 1398 685 1450 6
715 1396 1000 1468 ούράνιοςσ
1033 1400 1129 1453 ὲάν
1164 1400 1233 1453 τά
1258 1401 1422 1471 γήϊνα
1461 1401 1654 1472 ζητῇς,
1694 1404 1799 1475 μή·

205 1486 371 1557 τηρή
410 1488 506 1558 γῆ,
545 1487 639 1540 καὶ
668 1486 783 1540 ἀπδ
836 1485 933 1541 τοῦ
988 1486 1157 1542 αὐτοῦ
1201 1488 1379 1559 πηλοῦ
1428 1488 1800 1561 διηρτίσμεθα

206 1577 432 1643 πάντες.
467 1580 630 1634 Ὠστε
657 1579 862 1652 ἀδελφή
908 1582 949 1653 ήν
980 1582 1149 1650 φύσις.
1170 1582 1314 1637 κατὰ
1347 1583 1550 1654 σάρκα,
1594 1583 1803 1657 ἀδελφὴ

205 1669 243 1738 ή
266 1669 483 1737 γένεσις
528 1671 735 1741 ήκατά
782 1672 1022 1743 πνεῦμα.
1055 1674 1130 1728 Τὸ
1168 1674 1301 1728 αὗτό
1333 1693 1417 1729 σοι
1460 1671 1602 1746 αἷμα
1642 1677 1804 1747 φορεῖ

205 1760 316 1814 ἀπὸ
347 1761 443 1816 τοῦ
481 1761 700 1832 πρώτου
746 1765 1076 1837 ἀνθρώπου·
1134 1767 1247 1836 τὴν,
1282 1768 1454 1837 αὑτήν
1509 1785 1592 1821 σοι
1639 1768 1801 1840 χάριν

206 1852 369 1908 ἔλαϐε
398 1856 551 1927 παρὰ
582 1856 675 1911 τοῦ
712 1858 1007 1913 Δεσπότου.
1033 1859 1212 1913 Βλέπε
1233 1855 1329 1914 οὖν
1358 1860 1498 1925 λεῖα,
1534 1860 1623 1915 ἵνα
1646 1861 1801 1931 ἐλεη-

205 1946 329 2018 θῇς.
367 1948 460 2019 Μὴ
503 1950 700 2021 εἴπῃς·
742 1946 916 2016 Οὗτος
970 1950 1229 2017 πλούσιος
1286 1957 1383 2007 καὶ
1416 1953 1586 2025 τιμῆς
1624 1953 1796 2021 ἄξιος,

206 2041 421 2105 ικεῖνος
447 2040 639 2113 πένης,
676 2041 774 2097 καὶ
804 2043 1085 2113 φαυλίζων
1114 2044 1207 2098 τὸν
1237 2044 1445 2117 πένητα
1465 2086 1481 2111 ,
1520 2045 1657 2117 μηδὲ
1678 2047 1809 2110 ταῖς

205 2132 513 2205 ὑπεροχαῖς
565 2135 795 2199 ταύταις
853 2136 1160 2206 ἀνωμάλως
1205 2137 1431 2209 διανεμε
1478 2139 1577 2202 τὰς
1604 2138 1797 2209 τιμάς.

207 2224 372 2278 Ἐστι
410 2225 521 2297 γὰρ
541 2228 570 2280 6
607 2226 866 2292 πλούσιος
894 2229 1162 2301 ψεύστης,
1193 2233 1222 2285 6
1252 2231 1511 2295 πλούσιος
1540 2231 1749 2302 ἅρπαξ,
1774 2234 1803 2285 6

202 2311 471 2378 πλούσιος
531 2315 755 2387 πόρνος,
812 2320 851 2372 6~
878 2319 1049 2389 πένης
1080 2320 1311 2384 δίκαιος.
1365 2320 1458 2391 Μὴ
1504 2321 1689 2375 τοίνυν
1732 2324 1801 2394 τῇ

200 2402 410 2469 ἔξωθεν
440 2409 737 2483 ἐπιφανείᾳ
762 2411 1022 2483 πρόσεχε,
1060 2412 1176 2467 ἀλλ’
1201 2415 1282 2476 είς
1313 2414 1375 2467 τὸ
1404 2415 1653 2485 κρυπτὸν
1686 2416 1801 2467 εἰσ-

200 2502 525 2574 ερχόμενος,
573 2507 694 2559 ἐκεῖ
720 2506 821 2571 τάς
848 2507 1112 2577 διαφορὰς
1143 2507 1389 2578 διάνεμε.
1427 2507 1575 2577 Τίμα
1612 2505 1705 2560 τὸν
1732 2507 1802 2559 τὰ

201 2593 366 2662 τίμια
387 2596 750 2666 κεκτημένον.
777 2597 843 2651 Τί
870 2595 1203 2671 τιμιώτερον
1223 2596 1438 2671 ςῆάρετὴ
1466 2597 1499 2669 ἢ
1530 2596 1762 2662 πλοῦτος
1784 2614 1811 2662 ς’

202 2686 255 2738 τί
290 2686 354 2741 ὲκ
386 2686 498 2741 τῶν
527 2687 727 2753 ἔξωθεν
761 2689 1086 2761 δοκιμάζεις
1138 2690 1212 2744 τά
1248 2688 1461 2761 κρύφια
1509 2687 1802 2759 διερευνώσ-

204 2794 408 2847 μενοςς
455 2779 619 2851 Ὁρᾷς
671 2782 753 2836 ὅτι
808 2782 837 2837 6
875 2780 1006 2854 Βὴλ,
1048 2780 1250 2849 ἔξωθεν
1282 2781 1383 2851 μὲν
1419 2781 1534 2852 ἔχει
1578 2780 1802 2851 χαλκὸν,

202 2868 421 2926 ἔνδοθεν
454 2872 513 2928 δὲ
545 2874 741 2945 πηλὸν,
772 2874 852 2945 τῷ
894 2874 1400 2948 περιαστράπτοντι
1450 2874 1638 2946 χαλκῷ
1668 2874 1802 2927 ὐπο-

202 2964 618 3036 κρυπτδμενονς
663 2967 790 3021 Ἐάν
821 2967 939 3041 ἴδῃς
963 2968 1093 3032 τοὺς
1126 2970 1185 3021 ὲν
1213 2965 1293 3038 τῷ
1325 2967 1425 3039 βίῳ
1455 2968 1816 3038 περιφανεῖςν,

202 3054 447 3121 γίνωσκε
472 3056 553 3109 ὅτι
581 3056 617 3110 6
640 3055 843 3126 χαλκὸς
878 3059 1064 3122 αὐτοῖς
1091 3058 1454 3129 περιλάμπει,
1481 3057 1695 3111 ἔνδοθεν
1745 3056 1805 3110 δὲ

202 3145 382 3217 πηλός
416 3148 574 3204 εἰσιν.
598 3148 794 3203 Πολλοὶ
818 3150 918 3221 μὲν
940 3150 1144 3221 χρυσὸν
1171 3149 1387 3221 ἔχουσιν
1414 3150 1583 3214 ἔνδον,
1602 3150 1801 3223 δστρα-

1900 658 1985 714 sic
2018 673 2240 729 quoque
2283 657 2574 729 inaequalia
2621 660 2953 731 prospicias,
3016 677 3082 718 ac
3129 664 3329 722 dicas:
3381 668 3482 726 Hic

1900 751 2136 813 amicus,
2173 751 2260 807 hic
2320 752 2608 824 cognatus,
2653 753 2743 809 hie
2786 752 2926 811 bene
2968 755 3037 818 de
3090 772 3177 814 me
3211 761 3482 829 meritus;

1901 843 1991 899 ille
2048 844 2409 915 peregrinus,
2472 846 2721 911 alienus,
2774 846 3020 917 ignotus.
3079 847 3141 905 Si
3193 849 3485 922 inaequalia

1903 934 2210 1003 aspexeris,
2257 935 2687 1008 haudquaquam
2727 938 3166 995 misericordiam
3216 956 3503 998 consecu-c

1903 1032 2063 1082 turus
2102 1042 2184 1084 es.
2233 1027 2404 1083 Plana
2447 1043 2633 1085 cerne.
2693 1028 2902 1085 Natura
2940 1046 3050 1087 una
3084 1042 3168 1088 est
3222 1052 3237 1088 :
3291 1050 3397 1090 una
3433 1044 3487 1091 et

1901 1116 2095 1173 eadem
2132 1120 2188 1173 in
2238 1127 2479 1190 utroque
2518 1118 2848 1193 indigentia.
2895 1123 2973 1179 Da
3034 1123 3189 1181 fratri
3235 1135 3291 1182 et
3339 1143 3487 1198 perc-

1901 1210 2083 1281 grino.
2120 1210 2214 1267 Sic
2247 1220 2301 1266 te
2335 1228 2623 1284 compara,
2658 1225 2719 1269 ut
2760 1231 2862 1271 nec
2912 1214 3141 1271 fratrem
3187 1220 3483 1283 averseris,

1904 1318 2005 1357 nec
2034 1311 2189 1358 tuum
2239 1302 2467 1359 fratrem
2512 1305 2865 1376 peregrinum
2908 1306 3103 1362 facias.
3135 1307 3389 1363 Amicum
3418 1309 3490 1367 ab

1902 1404 2168 1451 extraneo
2204 1411 2270 1452 ne
2312 1396 2644 1468 distinguas,
2678 1398 2811 1453 dum
2844 1398 3282 1455 necessitatibus
3314 1400 3487 1470 ipsius

1904 1488 2247 1544 subveneris.
2287 1487 2419 1543 V’ult
2474 1487 2619 1545 Deus
2658 1492 2935 1561 egentium
2991 1499 3044 1546 te
3080 1493 3486 1547 consolatorem

1902 1596 2048 1648 esse,
2068 1596 2177 1636 non
2196 1597 2557 1653 personarum
2584 1594 2929 1653 acceptorem
2953 1600 2967 1651 ;
3004 1598 3110 1638 non
3131 1586 3223 1654 qui
3255 1594 3489 1654 cognato

1903 1672 2135 1739 tribuat,
2170 1674 2409 1729 alienum
2443 1684 2626 1730 autem
2647 1676 2990 1731 submoveat.
3016 1675 3221 1732 Omnes
3245 1677 3464 1747 cognati
3500 1694 3539 1778 ἦ

1904 1780 2099 1822 omnes
2132 1766 2330 1823 fratres
2361 1784 2574 1834 sumus,
2607 1782 2673 1822 ex
2705 1780 2814 1821 υιιο
2844 1778 3000 1837 patre
3030 1783 3222 1826 onmes
3246 1770 3481 1828 oriundi.

1911 1858 1968 1914 Si
2008 1860 2358 1930 spiritualem
2394 1871 2609 1932 patrem
2660 1862 2889 1928 dixeris,
2943 1863 3034 1919 ille
3087 1864 3334 1920 caelestis
3363 1874 3487 1921 est:

1902 1952 1987 2006 sin
2019 1959 2238 2007 terrena
2268 1968 2506 2023 quaeras,
2552 1961 2698 2009 terra
2729 1964 2907 2009 mater
2944 1961 3051 2019 est,
3080 1959 3246 2026 atque
3280 1970 3347 2010 ex
3383 1970 3491 2009 uno

1901 2042 2207 2115 eodemque
2235 2059 2429 2100 omnes
2484 2045 2603 2100 luto
2644 2046 2914 2116 compacti
2964 2061 3183 2102 sumus.
3221 2044 3491 2112 Quocirca

1902 2143 1957 2193 et
1989 2144 2191 2191 natura
2224 2152 2390 2193 soror
2431 2138 2677 2193 carnalis
2702 2148 2787 2193 est
2822 2155 2843 2199 ι,
2866 2153 3027 2193 soror
3066 2139 3196 2193 item
3228 2139 3493 2194 nativitas

1904 2226 2239 2297 spiritualis.
2270 2226 2539 2282 Eumdem
2574 2228 2675 2283 tibi
2710 2227 2816 2283 fert
2843 2243 2872 2282 a
2905 2229 3086 2299 primo
3106 2227 3333 2285 homine
3363 2243 3495 2285 san-

1902 2318 2161 2388 guinem;
2199 2318 2448 2374 eamdem
2483 2318 2580 2374 tibi
2614 2335 2644 2373 a
2680 2318 2925 2374 Domino.
2942 2320 3179 2391 gratiam
3210 2320 3490 2377 conciliat.

1902 2407 2081 2463 Cerne
2110 2407 2277 2480 igitur
2303 2409 2486 2479 plana,
2527 2417 2587 2463 ut
2619 2408 3065 2466 misericordiam
3104 2410 3373 2467 invenias.
3412 2407 3493 2466 Ne

1903 2498 2117 2555 dixeris
2169 2512 2185 2553 :
2238 2497 2341 2554 Hic
2389 2499 2545 2556 dives
2596 2508 2720 2565 est,
2782 2505 2837 2554 et
2887 2500 3097 2558 honore
3147 2502 3387 2573 dignus;
3445 2502 3492 2558 is

1905 2608 2034 2649 vero
2101 2606 2337 2665 pauper,
2402 2603 2463 2649 ut
2520 2610 2819 2666 pauperem
2894 2603 3139 2667 spretum
3218 2595 3424 2651 habeas
3473 2614 3503 2659 εχ

1905 2702 1975 2741 ne
2004 2685 2277 2757 ejusmodi
2331 2687 2726 2758 praecellentiis
2782 2688 3023 2744 honores
3082 2687 3495 2758 inaequabiliter

1904 2779 2234 2836 distribuas.
2260 2778 2423 2838 Dives
2455 2782 2659 2852 quippe
2684 2781 2918 2837 mendax
2949 2788 3055 2847 est,
3084 2780 3239 2837 dives
3272 2789 3358 2837 est
3383 2780 3496 2835 for-

1906 2874 2148 2939 nicator,
2188 2876 2358 2944 rapax
2390 2881 2510 2938 est;
2547 2883 2743 2929 contra
2774 2888 2908 2929 vero
2938 2888 3148 2945 pauper
3178 2874 3362 2945 justus
3384 2882 3491 2930 est.

1904 2964 2264 3037 Nequaquam
2294 2964 2455 3036 igitur
2478 2965 2546 3021 ad
2565 2975 2854 3023 externum
2876 2966 3226 3039 splendorem
3247 2966 3495 3023 animum

1906 3058 2166 3129 adjicias,
2207 3059 2304 3115 sed
2346 3061 2399 3114 in
2440 3059 2717 3114 occultum
2758 3059 3099 3130 ingrediens,
3140 3058 3256 3113 illic
3289 3058 3494 3115 discri-

1906 3149 2053 3205 mina
2106 3149 2335 3220 partire.
2397 3148 2532 3204 Eum
2574 3150 2808 3216 honora,
2842 3150 2936 3221 qui
2975 3166 3064 3205 res
3094 3149 3283 3204 eximii
3335 3149 3494 3221 pretii

199 3256 305 3293 κον
332 3240 393 3294 δὲ
416 3240 618 3307 ἔξωθεν
649 3243 1057 3315 περικείμενον.
1097 3238 1267 3306 Οὗτος
1296 3246 1589 3317 σωφρονεῖ,
1615 3246 1800 3300 κάκεῖ-

1906 3243 2179 3313 possidet.
2227 3241 2424 3298 Utrum
2464 3259 2494 3299 e
2519 3242 2742 3299 duobus
2772 3244 3153 3314 praestantius,
3184 3242 3383 3308 virtus,
3424 3257 3493 3295 an

199 3348 298 3393 νος
322 3332 597 3404 πορνεύει.
635 3334 733 3398 Τίς
763 3334 1199 3408 πλουσιώτερος;
1230 3337 1259 3390 6
1292 3336 1393 3408 τήν
1438 3338 1799 3408 σωφροσύνην

1907 3337 2081 3408 opes?
2111 3337 2252 3404 Quid
2283 3336 2353 3391 ab
2376 3336 2621 3392 externis
2655 3350 2950 3392 censuram
2983 3334 3145 3399 facis,
3182 3333 3348 3407 444
3395 3349 3497 3390 nec

200 3423 370 3493 ἔχων,
422 3426 469 3496 ἢ»
499 3427 527 3479 6
570 3427 640 3481 τά
683 3429 947 3498 χρήματα
981 3429 1041 3495 ὲξ
1099 3428 1314 3493 ἀδικίας
1369 3428 1763 3499 συνειλεγμένα
1787 3448 1815 3496 ς,

196 3516 365 3572 τοῦτο
391 3519 451 3573 τὸ
478 3521 824 3591 μνημόσυνον
847 3522 1235 3593 ἀναφαίρετον,
1267 3524 1476 3585 ἐκεῖνος
1507 3524 1535 3575 6
1567 3522 1800 3586 πλοῦτος

201 3608 569 3681 πρόσκαιρος.
619 3611 824 3665 Τοῦτον
875 3612 1124 3683 κλέπτης
1161 3612 1222 3666 ού
1255 3612 1557 3682 διορύσσει,
1587 3614 1801 3676 ἐκεῖνος

202 3702 453 3773 σήμερον
508 3702 684 3769 ἀνθεῖ,
747 3704 940 3776 αύριον
1007 3706 1064 3759 δὲ
1112 3704 1576 3775 ἀπομαραίνεται.
1631 3705 1796 3758 Ὥστε

203 3790 379 3861 βλέπε
410 3792 552 3856 λεῖα.
574 3791 856 3866 δμοτίμως
880 3794 1024 3849 κατά
1048 3794 1109 3848 τὸ
1128 3794 1261 3847 αύτό
1280 3810 1309 3837 ’μ
1329 3794 1430 3863 τὴν
1466 3793 1651 3864 μέντοι
1676 3794 1795 3848 διά..

195 3902 392 3955 κρίσιν
434 3888 545 3941 τῶν
579 3889 782 3959 τιμίων
819 3887 895 3960 μὴ
936 3888 1229 3959 ἀφανίσῃς,
1259 3889 1345 3941 ἵνα
1376 3883 1442 3959 ᾗς
1472 3887 1790 3958 ὲλεημένος.

1902 3445 2026 3500 quae
2055 3430 2243 3484 abdita
2278 3438 2430 3494 sunt,
2472 3429 2691 3486 excutis
2714 3429 2968 3483 T‘Annon
3009 3429 3165 3483 vides
3192 3428 3283 3481 Bel
3316 3427 3494 3492 illum,

1904 3531 2132 3579 exterae
2162 3522 2386 3593 quidem
2418 3537 2645 3584 aereum,
2680 3522 2896 3575 interne
2921 3528 3104 3575 autem
3145 3521 3319 3574 lutum
3349 3534 3492 3584 esse,

1905 3617 2010 3673 sub
2030 3630 2138 3671 aere
2175 3615 2402 3685 fulgenti
2434 3615 2846 3671 delitescentem
2866 3614 2895 3665 Ti
2926 3612 2983 3667 Si
3012 3612 3262 3667 homines
3302 3611 3356 3665 in
3391 3610 3496 3665 hac

1908 3706 2022 3760 vita
2058 3704 2381 3776 splendidos
2416 3712 2470 3760 et
2512 3705 2765 3759 illustres
2814 3702 3047 3767 videris,
3095 3703 3201 3757 hoc
3252 3702 3493 3764 noveris,

1905 3814 2003 3855 eos
2034 3814 2144 3854 aere
2175 3798 2396 3869 quidem
2440 3798 2683 3868 undique
2722 3795 2953 3869 fulgere,
2992 3797 3143 3851 intus
3165 3810 3298 3850 vero
3321 3796 3494 3848 lutum

1903 3908 2047 3948 esse.
2094 3891 2301 3948 Contra
2333 3892 2579 3963 plerique
2622 3900 2750 3947 sunt
2815 3892 2909 3962 qui
2964 3905 3159 3946 aurum
3213 3889 3363 3943 intus
3400 3888 3499 3942 ha-
3542 3884 3545 3887 ⁷

196 3977 394 4042 beant,
423 3987 583 4034 extra
616 3986 801 4035 autem
835 3988 1032 4035 testam
1068 3987 1303 4051 geranta
1330 3976 1432 4034 Hic
1495 3979 1819 4050 pudicitiam
1855 3983 2006 4048 colit,
2042 3981 2132 4039 ille
2163 3991 2469 4038 scortntur.
2507 3981 2641 4038 Uter
2666 3982 2879 4037 ditior?
2930 3982 3050 4037 isne
3102 3981 3196 4049 qui
3240 3982 3497 4059 castitate

199 4074 474 4146 praeditus
512 4084 621 4139 est,
676 4090 747 4130 an
779 4074 875 4147 qui
920 4074 1187 4146 pecunias
1228 4074 1443 4146 iniquis
1485 4075 1797 4132 rationibus
1833 4078 2103 4134 collectas
2132 4078 2340 4133 habet?
2390 4080 2557 4149 hujus
2587 4081 2848 4134 lllt'mOl‘ia
2900 4078 3109 4134 auferri
3146 4080 3497 4133 'nullalenus

200 4176 389 4237 potest
424 4186 438 4222 :
492 4168 644 4225 illius
681 4182 813 4239 opes
852 4166 1077 4223 caduca:
1129 4175 1260 4222 sunt
1312 4176 1367 4222 et
1423 4165 1796 4247 temporariae.
1841 4168 1979 4223 Illud
2021 4169 2113 4224 fur
2154 4186 2266 4225 non
2320 4180 2503 4240 potest
2542 4168 2825 4225 eﬂ‘odere:

2909 4162 3015 4225 hoc
3086 4169 3351 4225 hodierna
3410 4170 3497 4223 die

199 4261 656 4329 ﬂoret,_crastina
686 4261 1004 4317 marcescit.
1026 4259 1162 4327 Quae
1203 4275 1327 4315 cum
1392 4259 1467 4315 ita
1502 4260 1639 4323 sint,
1704 4260 2086 4331 planascerne,
2128 4262 2233 4319 hoc
2284 4271 2370 4318 est
2419 4274 2716 4333 utrumque
2747 4262 3009 4332 perinde;
3054 4270 3113 4318 ut
3149 4278 3341 4318 eorum
3378 4277 3499 4332 quae

202 4357 394 4425 magni
445 4357 605 4427 pretii
648 4363 802 4418 sunt,
855 4356 1275 4411 distinctionem
1328 4355 1558 4411 minime
1590 4355 1799 4421 deleas,
1835 4373 1946 4429 quo
1982 4358 2427 4414 misericordiam
2471 4359 2859 4425 consequaris.

276 4446 439 4502 υύτω
460 4447 723 4519 δοκίμαζε
750 4448 842 4500 τὸν
875 4446 1125 4517 ἀδελφὺν,
1159 4445 1233 4509 ὡς
1263 4446 1361 4499 καὶ
1395 4446 1558 4511 αὐτὸς
1595 4446 1654 4501 ὲν
1682 4448 1796 4511 τοῖς

206 4538 398 4603 αὐτοῖς
434 4537 655 4610 μέτροις
681 4536 1026 4608 κρινόμενος.
1056 4566 1124 4575 --
1152 4537 1422 4607 Ποιήσατε
1453 4536 1801 4607 δικαιοσύνης

203 4626 396 4693 ὅπλον,
433 4626 509 4699 μή
548 4627 806 4693 θανάτου,
854 4628 953 4699 τὴν
1000 4628 1304 4683 παίδευσιν.
1330 4659 1401 4667 --
1443 4628 1587 4682 Ἰσθι
1618 4628 1801 4700 κρινό-

208 4738 380 4793 μενος
410 4721 438 4775 6
479 4722 695 4793 κριτὴς,
752 4724 847 4776 καὶ
878 4717 1043 4795 ἦττον
1087 4723 1450 4794 ἁμαρτήσεις.
1479 4754 1549 4764 --
1584 4723 1804 4776 Ἐναντι

206 4814 436 4868 πάντων
465 4814 745 4882 εἰσένεγκε
778 4814 876 4885 τὴν
926 4815 1364 4885 φιλανθρωπίαν,
1402 4809 1642 4889 ᾖχαίρει
1671 4816 1806 4880 Θεὸς

1984 4447 2045 4504 S.
2100 4448 2257 4519 Greg.
2317 4448 2549 4503 Naz.—
2583 4447 2679 4503 Sic
2732 4447 2957 4503 fratrem
3009 4454 3163 4502 tuum
3217 4447 3497 4515 examina,

1907 4539 2060 4595 velut
2097 4546 2154 4594 tu
2195 4555 2417 4610 quoque
2466 4540 2656 4595 eadem
2701 4539 2780 4594 sis
2832 4553 3095 4595 mensura
3133 4536 3495 4609 iudicandus.

1909 4662 1979 4673 —
2013 4632 2146 4688 Date
2173 4624 2422 4704 operam,
2467 4640 2525 4687 ut
2559 4631 2799 4687 eruditio
2838 4632 3087 4701 iustitiae.
3121 4647 3230 4685 non
3274 4631 3490 4697 mortis,

1912 4728 2071 4782 Vobis
2096 4735 2381 4781 armatura
2408 4728 2501 4782 sit.
2524 4757 2593 4765 —
2622 4724 2727 4791 Qui
2753 4724 2951 4793 judex,
2979 4740 3058 4788 es,
3088 4724 3169 4780 rei
3201 4739 3493 4794 personam

1913 4820 2157 4882 sustine;
2192 4830 2355 4889 atque
2384 4819 2457 4872 ita
2502 4818 2591 4873 fiet
2621 4827 2681 4872 ut
2721 4817 2905 4871 minus
2942 4831 3156 4887 pecces.
3188 4846 3258 4856 —
3295 4814 3493 4870 Coram

208 4906 424 4977 μᾶλλον
465 4906 498 4977 ἢ
552 4908 688 4960 πᾶσι
732 4909 845 4972 τοῖς
903 4907 1107 4971 ἄλλοις.
1163 4909 1335 4974 Μῖξον
1396 4908 1477 4979 τῷ
1522 4908 1672 4978 φόϐῳ
1704 4910 1800 4979 τὴν

1912 4909 2171 4964 omnibus
2204 4909 2595 4979 benignitatem
2626 4905 2848 4978 praefer,
2872 4922 2978 4977 qua
3018 4905 3161 4961 Deus
3192 4904 3496 4976 impensius

206 4997 540 5062 ἐπιείκειαν,
602 4997 835 5069 κέρασον
866 5001 930 5069 τῇ
978 4998 1177 5069 ἀπειλῇ
1228 4999 1327 5069 τὴν
1368 4998 1582 5053 ἐλπίδα.
1618 4998 1799 5052 Πολλὰ

208 5086 312 5141 καὶ
368 5087 716 5157 χρηστότητα
767 5088 1070 5158 κατορθοῦν
1121 5087 1267 5157 οἶδα,
1312 5091 1671 5145 δυσωποῦσαν
1718 5094 1797 5157 είς

206 5177 577 5247 ὀφειλομένην
615 5178 1011 5233 ἀνταπόδοσινο
1069 5182 1198 5235 ὅταν
1256 5182 1538 5252 βιάζεσθαι
1596 5181 1797 5254 παρὸν,

209 5268 678 5339 συγχωρήσαντες
696 5267 1111 5342 δυσωπήσωμεν
1132 5271 1319 5343 εὐνοίᾳ
1334 5271 1427 5325 τὸν
1454 5270 1796 5342 ἐλεούμενον.

1909 4999 2241 5065 delectatur,
2274 5012 2436 5069 quam
2471 4996 2599 5051 aliis
2628 4994 3058 5065 quibuscunque
3093 4993 3286 5049 rebus.
3332 4991 3496 5045 Leni-

1910 5100 2081 5147 tatem
2112 5092 2355 5148 admisce
2386 5089 2610 5153 terrori,
2647 5105 2744 5161 spe
2792 5090 2971 5143 minas
3019 5096 3280 5155 tempera.
3324 5082 3489 5139 Multa

1910 5194 2134 5251 quoque
2189 5180 2583 5251 benignitatem
2618 5181 2889 5235 coniicere
2920 5184 3263 5245 compertum
3292 5175 3489 5239 habeo,

1911 5279 1967 5325 ut
1993 5286 2117 5343 quae
2146 5270 2398 5327 homines
2422 5271 2489 5326 ad
2524 5269 2947 5339 persolvendam
2989 5268 3223 5338 gratiam
3248 5266 3490 5323 debitam

207 5379 456 5426 moveat.
493 5370 631 5424 Dmn
678 5369 762 5424 vis
796 5365 1099 5422 inferendae
1143 5376 1360 5438 tempus
1394 5376 1498 5435 est,
1553 5382 1822 5424 concessa
1854 5368 2040 5435 venia,
2076 5383 2203 5423 eum
2236 5368 2291 5422 in
2348 5384 2512 5439 quem
2562 5364 2958 5424 misericordes
3010 5380 3223 5429 sumus,
3256 5365 3494 5419 benevo-

208 5465 383 5523 lentia
419 5469 568 5524 velut
600 5466 801 5535 injecto
833 5464 1043 5536 pudore
1078 5464 1486 5535 pertrahamus.

295 5671 363 5723 Τὸ
401 5667 733 5735 δραστικὸν
770 5668 1031 5729 δείκνυε,
1058 5667 1144 5736 μὴ
1173 5664 1434 5736 τῷξδρᾷν
1460 5665 1679 5733 κακῶς.

295 5740 378 5804 Τῷ
404 5740 454 5790 δ’
478 5736 546 5794 εὗ
587 5757 641 5793 τι
676 5739 891 5806 ποιεῖν,
920 5742 970 5792 ει
1002 5734 1196 5804 θέλεις
1224 5734 1377 5791 εἶναι
1405 5738 1569 5804 Θεός.

292 5810 360 5867 T6
386 5809 439 5862 δ’
463 5810 637 5863 ἐστὶν
661 5809 883 5878 ἀνδρὸς
915 5808 1142 5874 ειδότος
1160 5809 1226 5861 τὸ
1256 5807 1569 5878 συγγενές.

291 5881 519 5940 Κτείιέι
556 5880 623 5934 δὲ
650 5878 864 5937 etiam.
893 5880 989 5935 καί
1027 5878 1277 5937 τρυγὼν.
1304 5879 1397 5934 καί
1417 5880 1729 5935 σκοοπίορ.

2464 5560 2653 5630 Ejusd.
2699 5568 2820 5612 tetr.
2856 5555 2945 5612 56.

2022 5657 2159 5712 Aliis
2192 5653 2424 5710 nocendo
2455 5653 2615 5707 robur
2635 5651 2779 5706 haud
2812 5658 3050 5705 monstra
3083 5658 3233 5704 tuum

2021 5728 2124 5783 Sed
2158 5724 2495 5788 demerendo,
2527 5727 2572 5779 si
2600 5724 2726 5778 velis
2764 5724 2880 5791 ﬁeri
2915 5721 3064 5775 deus.

2024 5799 2115 5865 Ειι
2140 5798 2254 5867 ejus
2281 5796 2444 5861 istud,
2475 5798 2562 5863 qui
2589 5811 2738 5848 sum»
2768 5794 2907 5846 norit
2931 5810 3113 5861 genus.

2023 5865 2205 5925 Facile
2238 5878 2293 5924 at
2331 5869 2586 5930 necarint,
2621 5877 2666 5919 ct
2702 5874 2904 5930 quqon,
2930 5876 2977 5919 et
3018 5865 3278 5919 scorvt’us.
