4024 6422
234 404 398 479 1:391

1520 388 1771 449 SA€RA‘
1796 383 2261 455 PARA‘LBELA'.

3387 369 3524 435 1893
3536 392 3537 395 ‘

333 536 354 570 ε
395 515 585 587 Ὑμεῖς
618 508 924 580 ὲξεκλίνατε
957 508 1019 561 ὲκ
1044 506 1143 577 τῆς
1174 502 1297 560 ὁδοῦ
1316 520 1332 536 ο
1357 502 1695 574 ήσθενήσατε
1718 499 1844 557 πολ-

2020 495 2253 550 Malach.
2288 507 2346 554 ιι,
2384 489 2435 556 8,
2453 489 2583 546 9.—
2613 505 2632 540 ι
2667 487 2778 542 V’os
2793 483 3164 541 declinastisa
3196 480 3281 542 via
3317 498 3331 535 :
3366 481 3523 535 infir-

253 610 405 673 λούς.
430 608 602 675 Κάγὼ
631 605 841 658 δέδωκα
871 601 1015 672 ὑμᾶς
1047 596 1528 667 ὲξουθενουμένους
1559 597 1639 658 είς
1660 592 1838 648 πάντα

249 689 329 756 ξά
355 701 506 771 ιονη,
535 697 650 753 ἀνθ’
670 690 746 751 ὧν
775 693 1103 766 ἐλαμϐάνετε
1142 689 1291 761 δῶρα
1316 690 1374 742 ἐν
1400 689 1566 758 νόμῳ.
1603 706 1620 739 ι

246 876 247 883 “
337 904 367 938 ι.
392 884 588 952 Γέγονε
619 881 825 955 κρίσις,
859 879 950 934 καὶ
977 879 1005 932 ὁ
1024 876 1218 949 κριτὴς
1238 875 1524 947 λαμϐάνει.
1559 874 1656 926 Διὰ
1685 870 1843 925 τοῦτο

252 975 639 1039 ’διεσκέδασται
664 972 847 1044 νόμος,
878 971 974 1026 καὶ
1009 971 1070 1024 ού
1106 968 1412 1037 διεξάγεται
1436 967 1515 1028 εἰς
1541 964 1691 1028 τέλος
1722 963 1842 1034 κρίι

263 1085 373 1134 σις,
400 1067 482 1121 ὅτι
508 1063 711 1134 ἀσεϐὴς
748 1058 1203 1125 καταδυναστεύει
1231 1057 1323 1112 τὸν
1346 1055 1571 1110 δίκαιον.
1609 1072 1635 1104 ι

341 1264 363 1300 ι
395 1247 460 1301 Oi
489 1246 751 1317 ἄρχοντες
770 1243 941 1313 αὐτῆς
976 1244 1034 1296 ὲν
1058 1243 1218 1314 αὐτῇ,
1238 1239 1315 1304 ὡς
1346 1239 1562 1301 λέοντες
1592 1237 1845 1308 ὠρυόμε-

264 1356 369 1408 νοι,
400 1339 451 1393 ei
478 1338 665 1409 κριτει)⁵
696 1337 866 1407 αὐτῆς
891 1336 967 1399 ὡς
994 1335 1150 1389 λύκοι
1171 1334 1272 1403 τῆς
1296 1331 1580 1402 Ἀραϐίας.
1618 1350 1654 1381 ι.

348 1541 367 1574 ι
396 1522 460 1575 Οί
490 1518 749 1591 ἄρχοντές
798 1534 891 1570 σου
920 1514 1246 1586 ἀπειθοῦσι,
1289 1512 1539 1568 κοινωνοὶ
1577 1511 1848 1578 κλεπτῶν,

267 1612 595 1681 ἀγαπῶντες
614 1610 784 1680 δῶρα,
820 1607 1107 1671 διώκοντες
1158 1606 1513 1677 ἀνταπόδομα
1536 1644 1551 1669 ,
1596 1605 1852 1677 ὀρφανοῖς

268 1704 333 1758 ού
359 1704 659 1776 κρίνοντες,
691 1702 788 1756 καὶ
814 1702 994 1772 κρίσει
1027 1698 1214 1771 χηρῶν
1237 1699 1297 1753 ού
1334 1697 1713 1770 προσέχοντες.
1757 1715 1777 1749 ι

352 1900 371 1931 ι
428 1878 741 1949 Ἐπιστήσω
764 1875 1079 1939 νεανίσκους
1099 1874 1367 1947 ἄρχοντας
1398 1872 1597 1939 αὐτῶν,
1625 1873 1723 1926 καὶ
1749 1874 1847 1943 ἐμ·

275 1973 502 2026 παῖκται
525 1969 904 2041 κυριεύσουσιν
925 1967 1125 2022 αὐτῶν.
1160 1986 1177 2017 ι

354 2081 373 2112 ι
406 2061 576 2116 Ὅταν
605 2059 887 2130 ὲκτείνητε
926 2057 1028 2123 τὰς
1064 2059 1258 2129 χεῖρας
1297 2056 1483 2127 ὑμῶν,
1524 2054 1858 2127 ἀποστρέψω

275 2152 339 2206 τὸ
367 2151 656 2221 πρόσωπόν
700 2167 803 2221 μου
860 2150 953 2219 ἀφῖ
982 2148 1155 2221 ὑμῶν.
1191 2148 1284 2213 ΪΑί
1320 2147 1430 2220 γὰρ
1463 2149 1645 2219 χεῖρες
1703 2144 1863 2217 ὑμῶνΔ

278 2244 515 2315 αἵματος
552 2241 802 2312 πλήρεις.
838 2261 856 2293 ι

360 2355 380 2387 ι
419 2334 557 2388 Οὐαὶ⁸
595 2336 643 2387 οί
668 2332 1007 2397 δικαιοῦντες
1038 2331 1130 2385 τὸν
1182 2330 1356 2401 ἀσεϐῆ
1404 2329 1593 2384 ἕνεκεν
1645 2330 1856 2401 δώρων,

279 2427 378 2480 καί
402 2425 693 2480 τὸδίκαιον
732 2427 827 2478 τοῦ
850 2424 1060 2478 δικαίου
1092 2422 1344 2494 αἴροντες
1398 2419 1492 2473 ἀπ’
1540 2417 1728 2475 αὑτοῦ.
1760 2423 1860 2474 Διὰ

281 2518 443 2572 τοῦτο
470 2517 531 2571 ὃν
571 2517 773 2589 τρόπον
807 2517 1146 2588 καυθήσεται
1179 2516 1404 2586 καλάμη
1452 2515 1558 2569 ὑπὸ
1589 2514 1863 2586 ἄνθρακος

284 2608 478 2680 πυρὸς,
524 2608 621 2663 καὶ
642 2598 643 2601 ¹
668 2607 1111 2679 συγκαυθήσεται
1144 2608 1252 2661 ὑπὸ
1292 2607 1492 2677 φλογὸς
1512 2605 1859 2677 ἁνημμὲνης,

182 2700 205 2705 Ρ
284 2702 321 2771 ἢ
353 2700 479 2773 ῥίζα
503 2700 683 2754 αὐτῶν
725 2699 801 2765 ὡς
842 2701 1034 2772 χόρτος
1070 2701 1246 2766 ἔσται,
1273 2699 1368 2753 καὶ
1406 2698 1467 2753 τὸ
1493 2698 1654 2763 ἄνθος
1687 2699 1864 2753 αὐτῶν

206 2810 209 2813 ·
285 2792 364 2856 ὡς
391 2793 669 2863 κονιορτὸς
690 2793 1047 2875 ἀναϐήσεται.
1073 2793 1148 2846 Ού
1168 2792 1275 2863 γὰρ
1295 2791 1567 2862 ἠθέλησαν
1591 2792 1681 2845 τὸν
1703 2793 1866 2863 νόμον

286 2884 496 2956 Κυρίου
535 2884 764 2940 Σαϐαὼθ
819 2886 1015 2949 ποιεῖν,
1068 2884 1207 2938 ἀλλά
1264 2882 1326 2937 τὸ
1359 2883 1539 2953 λόγιον
1565 2882 1660 2936 τοῦ
1707 2883 1865 2952 ἁγίου

286 2974 509 3046 Ἰσραὴλ
532 2976 881 3046 παρώξυναν.
922 2995 945 3026 ιη

370 3068 563 3121 ιιΟύαὶ
595 3072 708 3132 τοῖς
744 3069 1015 3140 γράφουσι
1062 3068 1349 3140 πονηρίαν.
1397 3068 1708 3139 Γράφοντες
1760 3068 1870 3139 γὰρ

1941 606 2061 647 mos
2093 586 2305 645 fecistis
2331 583 2557 640 multos.
2586 580 2653 636 Et
2672 596 2774 652 ego
2802 577 2927 636 dedi
2949 592 3049 633 vos
3077 573 3525 645 contemptibiles

1943 684 1997 737 in
2028 693 2219 736 omnes
2251 683 2466 748 gentes,
2488 689 2591 746 pro
2620 687 2687 729 eo
2716 670 2863 743 quod
2890 668 3183 740 accepistis
3211 681 3443 720 munera
3469 666 3525 718 in

1944 774 2085 845 lege.
2132 789 2150 824 ι
3068 774 3071 777 ⁷

2014 861 2225 919 Habac.
2260 875 2300 926 ι,
2330 859 2385 914 5.
2413 886 2484 898 —-
2510 874 2529 909 t
2566 856 2798 911 Factum
2837 859 2921 909 est
2945 849 3242 924 judicium,
3278 854 3334 903 et
3356 845 3527 916 iudet

1947 954 2170 1024 accipit.
2202 951 2504 1021 Propterea
2533 947 2800 1020 dissipata
2820 954 2909 1003 est
2938 945 3050 1009 lex,
3073 953 3256 997 etnon
3281 937 3531 1012 pervenit

1947 1047 2016 1102 ad
2046 1045 2205 1101 ﬁnem
2226 1041 2536 1114 judicium;
2569 1041 2701 1113 quia
2730 1040 2934 1111 impius
2964 1035 3226 1108 prmvalet
3267 1031 3533 1087 adversus

1945 1136 2172 1209 iustum.
2206 1156 2224 1189 ι
2463 1196 2466 1199 Α

2022 1231 2254 1301 Sophon.
2291 1247 2370 1294 ut,
2433 1231 2487 1285 '5.
2521 1258 2590 1269 —
2630 1223 2972 1291 «Principes
3002 1219 3136 1290 eius.
3180 1219 3235 1271 in
3287 1229 3351 1271 ea
3395 1213 3537 1269 sicut

1951 1323 2142 1380 leones
2176 1322 2483 1394 rugientes,
2517 1326 2572 1375 et
2613 1317 2831 1388 iudices
2871 1313 3005 1384 eius.
3039 1312 3187 1368 sicut
3232 1307 3347 1377 lupi
3401 1308 3537 1360 Ara-

1918 1480 1921 1483 ,
1951 1416 2075 1473 biae.
2113 1434 2151 1468 ι.

2026 1507 2146 1562 Isa.
2191 1522 2233 1574 ι,
2265 1506 2357 1561 2'5.
2387 1534 2455 1546 —
2491 1522 2523 1555 ι
2547 1501 2835 1572 Principes
2856 1494 3212 1554 tuiinfideles
3227 1499 3376 1553 sunt,
3404 1487 3534 1544 secii

1958 1599 2166 1664 furum,
2193 1596 2485 1667 diligentes
2517 1607 2772 1659 munera,
2804 1596 3198 1661 persequentes
3234 1580 3540 1637 retributioo
3569 1625 3577 1635 ,

1958 1706 2106 1759 nem,
2136 1688 2363 1761 pupillis
2394 1702 2504 1742 non
2540 1684 2879 1756 iudicantes,
2926 1689 2982 1736 et
3010 1676 3221 1748 judicio
3252 1672 3540 1729 viduarum
3578 1722 3583 1727 ,

1960 1800 2068 1839 non
2104 1781 2471 1837 attendentes.
2513 1798 2532 1831 ι

2037 1874 2147 1929 Isa.
2183 1890 2265 1939 ιιι,
2291 1872 2345 1927 4.
2366 1903 2436 1914 -
2469 1889 2487 1923 ι
2518 1870 2769 1926 Statuam
2799 1864 3244 1922 adolescentulos
3262 1857 3547 1932 principes

1962 1982 2177 2031 eet-um,
2210 1972 2263 2020 et
2294 1964 2548 2018 illusorcs
2575 1960 3007 2016 dominabuntur
3023 1956 3125 2010 eis.
3168 1974 3187 2006 ι

2039 2057 2153 2111 lsa.
2180 2073 2221 2120 t,
2257 2056 2346 2127 15.
2372 2083 2441 2094 -
2475 2074 2494 2105 ι
2532 2052 2668 2108 Cum
2702 2047 3287 2107 extenderitismanus
3308 2042 3545 2101 vestras,

1965 2160 2211 2205 avertam
2240 2147 2433 2202 faciem
2471 2160 2647 2201 meam
2679 2159 2707 2197 a
2750 2141 2925 2197 vobis.
2959 2138 3154 2194 Manus
3180 2134 3328 2190 enim
3351 2138 3549 2188 vestra:

1966 2242 2234 2314 sanguine
2265 2242 2436 2312 plenae
2458 2247 2604 2296 sunt.
2648 2259 2666 2290 ι

2040 2333 2153 2390 Isa.
2187 2349 2241 2398 v,
2266 2332 2336 2387 25
2364 2331 2453 2388 26.
2490 2363 2558 2374 -—
2602 2348 2620 2381 ι
2658 2328 2752 2383 Vte
2805 2328 2897 2396 qui
2944 2319 3263 2394 iustificatis
3320 2316 3547 2386 impium

1970 2441 2069 2499 pro
2100 2424 2441 2484 muneribus.
2472 2430 2528 2478 et
2560 2418 2806 2490 iusiusti
2835 2416 3067 2472 aufertis
3112 2413 3181 2468 ab
3210 2426 3298 2467 eo.
3320 2410 3551 2479 Propter

1971 2520 2075 2574 hoc
2128 2518 2273 2573 sicut
2318 2515 2618 2571 devoratur
2656 2510 2861 2581 stipula
2918 2525 2946 2562 a
2999 2506 3242 2562 carbone
3294 2500 3458 2572 ignis,
3494 2507 3551 2553 et

1971 2606 2327 2661 comburetur
2357 2620 2384 2658 a
2426 2602 2643 2656 finitima
2676 2612 2934 2661 accensa,
2975 2596 3132 2651 radix
3163 2608 3355 2648 eorum
3388 2590 3549 2660 quasi

1974 2698 2159 2752 fenum
2192 2697 2322 2758 erit,
2370 2703 2423 2750 et
2466 2694 2567 2749 ilus
2611 2706 2799 2747 eorum
2832 2690 2981 2745 velut
3034 2686 3214 2755 pulvis
3269 2681 3547 2738 ascendet.

1972 2788 2279 2844 Noluerunt
2310 2787 2453 2842 enim
2495 2786 2683 2839 facere
2714 2784 2885 2852 legem
2919 2776 3135 2834 Domini
3157 2773 3419 2837 Sabaoth,
3455 2772 3551 2829 sed

1975 2880 2260 2937 oraculum
2296 2878 2471 2935 sancti
2501 2875 2668 2931 Israel
2697 2879 3178 2944 exasperaverunt.
3220 2886 3238 2920 ι

2050 3057 2164 3113 Isa.
2195 3074 2251 3122 x,
2302 3058 2353 3122 l,
2386 3057 2442 3110 2.
2478 3084 2547 3095 --
2584 3071 2602 3105 ι
2644 3051 2733 3107 Vae
2763 3050 2857 3121 qui
2917 3047 3168 3104 scribunt
3224 3042 3550 3115 nequitiam.

291 3158 561 3229 πονηρίαν
605 3136 929 3230 γράφουσιν.
980 3136 1322 3223 ἐκκλίνοντες
1376 3136 1560 3230 κρίσιν
1613 3136 1868 3230 πτωχῶν,

1987 3150 2298 3205 Seribentes
2328 3146 2497 3211 enim,
2532 3143 2834 3214 nequitiam
2894 3139 3166 3200 scribunt,
3209 3136 3556 3192 declinantes

1987 3241 1990 3249 .
2055 3239 2091 3249 ..
2132 3239 2146 3249 .
2736 3234 2749 3246 ι
2830 3240 2843 3249 .
2890 3246 2901 3249 -
2959 3227 3337 3249 _-_----!-_--
3368 3224 3553 3249 ..ΑΜ-,ιζ

292 3248 637 3319 ἁρπάζοντες
677 3251 936 3320 κτήματα
985 3251 1235 3321 πενήτων
1266 3248 1362 3302 τοῦ
1395 3224 1526 3303 λαοῦ
1574 3267 1700 3320 μου,
1730 3224 1870 3302 ῶστε

1987 3239 2243 3307 iudicium
2274 3251 2599 3309 pauperum,
2632 3234 2910 3305 rapientes
2958 3227 3340 3301 possessiones
3368 3224 3571 3295 populi»

290 3336 437 3394 εἶναι
489 3341 676 3405 αὐτοῖς
714 3342 889 3413 χήραν
938 3342 1019 3405 είς
1073 3341 1356 3411 ἁρπαγὴν,
1400 3342 1495 3395 καὶ
1524 3343 1762 3412 ὀρφανὸν
1796 3343 1876 3404 είς

293 3432 596 3503 προνομήν.
632 3432 742 3489 Καὶ
773 3434 827 3486 τί
852 3434 1141 3503 ποιήσουσι
1172 3424 1456 3504 τῇ”ήμέρα
1503 3433 1603 3503 τῆς
1649 3434 1876 3486 ἐπισκο-

295 3521 443 3590 πῆς;
483 3522 547 3575 Ἦ
575 3519 686 3592 γὰρ
721 3522 900 3591 θλίψις
937 3522 1095 3592 ήμῶν
1122 3521 1409 3595 πόρρωθεν
1448 3521 1588 3593 ἥξει,
1611 3521 1705 3575 καὶ
1740 3521 1878 3592 πρὸς

294 3611 423 3666 τίνα
450 3611 857 3682 καταφεύξεσθε
889 3612 983 3666 τοῦ
1017 3613 1352 3684 βοηθηθῆναι
1379 3630 1393 3677 ;
1432 3632 1450 3663 ι

374 3722 407 3755 ι
427 3704 492 3756 Τί
516 3704 675 3773 ὑμεῖς
706 3704 940 3758 ἀδικεῖτε
965 3704 1057 3757 τὸν
1082 3704 1211 3758 λαόν
1241 3722 1366 3775 μου,
1385 3704 1479 3758 καὶ
1505 3704 1568 3759 τὸ
1587 3703 1881 3776 πρόσωπον

296 3796 409 3855 τῶν
432 3796 663 3868 πτωχῶν
691 3795 1087 3867 καταισχύνετε
1110 3813 1126 3862 ;
1164 3796 1299 3869 φησὶ
1325 3798 1547 3868 Κύριος.
1592 3816 1610 3848 ι

378 3987 397 4019 ι
432 3969 572 4022 Οὐαὶ
600 3970 649 4023 οί
674 3969 928 4038 λέγοντες
959 3970 1020 4022 τὸ
1049 3972 1287 4041 πονηρὸν
1314 3971 1503 4035 καλὸν,
1552 3971 1649 4025 καὶ
1691 3971 1752 4026 τὸ
1778 3990 1879 4027 κα-

300 4059 392 4113 λὸν
424 4059 662 4131 πονηρόν
680 4076 692 4090 ·
722 4061 772 4112 oi.
799 4059 1044 4124 τιθέντες
1064 4060 1126 4113 τὸ
1150 4060 1267 4129 φῶς
1300 4062 1512 4125 σκότος,
1539 4065 1637 4116 καὶ
1663 4062 1725 4117 τὸ
1762 4064 1887 4117 σκό-

300 4167 395 4214 τος
426 4150 541 4219 φῶς
564 4166 579 4184 ·
610 4151 924 4216 οίτιθέντες
949 4152 1010 4205 τὸ
1042 4152 1240 4224 πικρὸν
1270 4153 1466 4221 γλυκὺ,
1498 4155 1592 4207 καὶ
1625 4153 1687 4208 τὺ
1711 4154 1890 4224 γλυκίι

301 4243 519 4314 πικρόν.
552 4262 570 4294 ι

385 4354 404 4386 ι
446 4335 683 4403 Ἐνηταῖς
732 4335 889 4407 χερσί
940 4352 1035 4391 σου
1080 4336 1387 4409 εὑρέθησαν
1446 4339 1657 4409 αἵματα
1701 4338 1897 4411 ψυχῶν.

307 4420 519 4476 ἁθώων.
560 4440 578 4473 ι

1977 3330 2105 3392 mei,
2138 3338 2193 3384 ut
2222 3335 2370 3384 esset
2408 3328 2490 3382 eis
2539 3325 2696 3381 vidua
2729 3326 2783 3379 in
2832 3322 3097 3394 praedam,
3132 3328 3187 3377 et
3225 3317 3465 3389 pupillus
3500 3316 3566 3369 in

1978 3420 2368 3489 direptionem.
2402 3417 2467 3471 Et
2500 3417 2633 3487 quid
2682 3413 2885 3469 facient
2936 3412 2993 3466 in
3045 3410 3136 3466 die
3181 3404 3559 3464 visitationis?

1978 3510 2115 3565 Nam
2143 3509 2421 3564 tribulatio
2453 3518 2635 3564 vestra
2682 3505 2749 3561 de
2780 3506 2941 3576 longe
2978 3501 3185 3559 veniet.
3214 3499 3363 3555 Etad
3394 3512 3565 3570 quem

1981 3598 2315 3670 confugietis
2344 3607 2405 3654 ut
2436 3595 2812 3667 adiuvemini?
2850 3613 2869 3647 ι

2048 3691 2213 3764 446
2244 3690 2358 3745 ιεα.
2394 3704 2478 3754 ιιι,
2504 3689 2589 3742 15.
2624 3715 2693 3726 -—
2731 3705 2749 3736 ι
2785 3685 2969 3752 Quare
3004 3682 3218 3753 iniuste.
3239 3675 3404 3748 agitis
3434 3688 3557 3730 cum

1984 3783 2186 3854 populo
2218 3796 2362 3849 meo,
2399 3788 2454 3835 et
2487 3780 2679 3837 faciem
2721 3789 3024 3850 pauperum
3073 3766 3447 3831 confunditis?
3476 3765 3573 3821 di—.

1984 3875 2059 3930 cit
2089 3873 2370 3929 Dominus.
2409 3890 2441 3923 »ν

2056 3964 2173 4021 Isa.
2198 3982 2251 4032 ν,
2281 3964 2374 4020 20.
2410 3993 2481 4005 -
2517 3983 2535 4014 ε
2572 3960 2665 4017 ναι
2689 3961 2780 4032 qui
2819 3958 3003 4016 dicitis
3029 3953 3229 4010 malum
3252 3952 3480 4010 bonum,
3509 3954 3565 4001 et

1985 4055 2192 4112 bonum
2227 4054 2470 4120 malum;
2500 4053 2595 4123 qui
2624 4051 2834 4123 ponitis
2876 4049 3056 4103 lucem
3092 4042 3364 4104 tenebras,
3390 4048 3445 4092 et
3477 4046 3562 4090 te-

1987 4146 2190 4203 nebras
2220 4146 2432 4213 lucem;
2468 4145 2562 4215 qui
2598 4142 2803 4214 ponitis
2829 4152 3078 4198 amarum
3106 4134 3291 4198 dulce,
3323 4140 3377 4187 et
3407 4127 3567 4184 dulce

1988 4251 2254 4293 amarum.
2300 4255 2325 4289 ι
2566 4237 2570 4241 ’

2060 4327 2265 4383 larem.
2299 4342 2359 4392 ιι,
2385 4327 2473 4383 54.
2504 4359 2571 4371 --
2609 4344 2627 4378 ι
2656 4326 2713 4380 in
2748 4323 3007 4379 manibus
3038 4319 3149 4377 tuis
3177 4316 3435 4373 inventus
3481 4316 3570 4367 est

1990 4420 2215 4491 sanguis
2249 4420 2559 4474 animarum
2594 4414 2997 4473 innocentium.
3039 4430 3058 4465 ι

384 4529 419 4569 ι.
440 4514 556 4571 οὐκ
585 4512 807 4589 ἔκριναν
842 4516 1025 4587 κρίσιν
1055 4518 1292 4589 ὀρφανοῦ
1320 4559 1334 4584 ,
1374 4522 1469 4574 καὶ
1504 4522 1689 4594 κρίσιν
1714 4524 1870 4593 χήρας

2060 4511 2260 4568 letam.
2292 4529 2347 4577 v,
2390 4511 2481 4567 28.
2513 4541 2584 4552 —
2618 4529 2637 4562 ι
2684 4507 2804 4564 Non
2862 4506 3251 4577 iudicaverunt
3298 4496 3568 4569 iudicium

307 4603 411 4660 οὐκ
457 4606 761 4675 ἑκρίνοσαν.
818 4608 910 4677 Μὴ
963 4607 1067 4662 ἐπὶ
1102 4609 1311 4675 τούτοις
1340 4613 1441 4671 οὐκ
1471 4614 1885 4685 ιὲπισκέψομαι,

311 4696 463 4861 λέγῗ
480 4698 717 4770 Κύριος;
740 4700 774 4769 ἢ
810 4701 868 4760 ὲν
903 4700 1047 4761 εθνει
1069 4701 1149 4773 τῷ
1173 4703 1402 4775 τοιούτῳ
1430 4705 1534 4759 οὐκ
1554 4706 1828 4778 ἐκδικήσει
1855 4709 1888 4777 ή

311 4805 424 4861 ψυχ
486 4807 587 4861 μου
612 4806 626 4856 ;
666 4808 695 4843 ι.

390 4806 458 4861 χη
486 4807 587 4861 μου
612 4806 626 4856 ;
666 4808 695 4843 1.

392 4987 412 5021 ι
445 4968 509 5021 Οί
537 4967 809 5041 ὀφθαλμοὶ
832 4970 1012 5025 αὐτῶν
1039 4972 1102 5025 ού
1146 4974 1320 5040 καλοὶ,
1360 4975 1455 5028 καὶ
1502 4976 1537 5047 ή
1569 4976 1765 5046 καρδία
1794 4979 1893 5031 αύ-

314 5060 426 5115 τῶν
488 5061 693 5127 εὐθεῖα,
752 5062 871 5117 ἀλλ’
910 5066 1006 5121 ἐπὶ
1054 5065 1154 5137 τὴν
1205 5065 1543 5133 πλεονεξίαν,
1594 5068 1692 5121 καὶ
1720 5070 1814 5123 ἐπὶ
1833 5069 1896 5123 τὸ

317 5144 458 5222 αἷμα
483 5151 544 5205 τὸ
577 5151 755 5207 ἀθῶον
779 5153 872 5207 τοῦ
903 5154 1118 5226 ὲκχὲειν
1151 5156 1306 5220 αὐτὸ,
1333 5158 1431 5210 καὶ
1456 5158 1553 5212 ἐπὶ
1592 5158 1692 5230 τὴν
1737 5176 1897 5215 συκοο

319 5242 570 5315 φαντίαν,
600 5246 693 5299 καὶ
715 5246 797 5309 είς
815 5246 1083 5318 ἀδίκημα,
1118 5248 1215 5302 καὶ
1245 5249 1324 5312 είς
1347 5248 1507 5318 φόνον
1536 5249 1631 5304 τοῦ
1663 5253 1890 5307 ποιεῖν.»

397 5356 415 5388 ι
444 5335 855 5402 Ἐταπείνωσας
880 5339 972 5392 τὸν
1012 5339 1244 5411 ὑψηλὸν,
1289 5343 1385 5396 καὶ
1424 5341 1646 5413 ὖψωσας
1671 5343 1765 5396 τὸν
1804 5362 1898 5398 τα-

322 5428 529 5487 πεινόν.
576 5429 814 5486 Ἀδικίαν
849 5430 1088 5503 θήσομαι
1121 5433 1317 5504 αὐτὴν,
1350 5432 1501 5504 λέγει
1532 5434 1760 5505 Κύριος.
1804 5454 1820 5486 ι

400 5620 418 5654 ι
457 5603 522 5655 υἱ
551 5603 811 5673 ἄρχοντες
845 5604 1016 5676 αὐτῆς
1050 5607 1107 5660 ἐν
1131 5606 1284 5677 μέσῳ
1309 5606 1478 5677 αὐτῆς
1502 5608 1579 5670 ὡς
1620 5606 1774 5660 λύκοι
1804 5606 1907 5676 ἄρο.

327 5710 525 5762 παγες,
549 5694 891 5764 ἁρπάζοντες
920 5695 1191 5767 ἅρπαγμα
1221 5699 1316 5753 τοῦ
1346 5693 1722 5768 ὲκχέαιαῖμα,
1751 5699 1901 5761 ὅπως

329 5785 612 5851 πλεονεξία
645 5787 1026 5845 πλεονεκτῶσι.
1054 5792 1161 5846 Καὶ
1182 5794 1229 5846 οἱ
1250 5790 1519 5860 προφῆται
1557 5791 1727 5859 αὐτῆς
1754 5791 1899 5846 ἀλείς

1990 4604 2207 4674 pupilli,
2256 4612 2311 4658 et
2344 4602 2611 4672 iudicium
2661 4600 2840 4655 viduae
2886 4613 2995 4653 non
3045 4595 3388 4666 iudicarunt.
3418 4587 3573 4642 Nun-

1989 4695 2121 4766 quid
2162 4710 2330 4765 super
2356 4695 2446 4750 his
2492 4709 2597 4749 non
2640 4692 2915 4748 visitabo?
2948 4690 3079 4745 dicit
3136 4687 3430 4764 Dominus,
3474 4688 3571 4736 aut

1992 4802 2159 4858 super
2220 4794 2434 4855 gentem
2495 4785 2805 4856 huiusmodi
2857 4798 2964 4839 non
3028 4780 3329 4837 ulciscetur
3385 4774 3569 4830 anima

1994 4879 2150 4936 mea?
2186 4899 2203 4931 ι

2066 4969 2264 5025 Jerem.
2292 4985 2426 5034 xx",
2458 4970 2545 5023 l7.
2570 4996 2640 5008 —-
2666 4988 2683 5019 ι
2722 4966 2879 5023 Oculi
2905 4980 3097 5021 eorum
3149 4978 3256 5018 non
3288 4958 3439 5019 boni.
3471 4970 3571 5010 nec

1995 5063 2163 5119 corda
2189 5077 2378 5118 eorum
2404 5071 2573 5127 recta,
2596 5061 2692 5116 sed
2720 5061 2786 5115 ad
2818 5058 3109 5116 avaritiam
3161 5065 3216 5111 et
3249 5054 3314 5106 ad
3347 5050 3571 5120 sangui-

1996 5169 2121 5208 nem
2160 5153 2533 5218 innocentem,
2564 5157 2622 5206 ut
2641 5149 2924 5206 effundant
2964 5148 3138 5208 illum,
3168 5154 3224 5200 et
3249 5143 3315 5197 ad
3359 5141 3570 5195 calum—

1997 5244 2168 5309 niam,
2199 5252 2256 5299 et
2287 5243 2353 5298 ad
2381 5242 2729 5313 iniustitiam,
2757 5250 2811 5297 et
2840 5240 2909 5295 ad
2950 5238 3151 5293 caedem
3188 5233 3513 5290 faciendam.
3545 5250 3563 5284 ι

2072 5335 2265 5391 Ezech.
2299 5336 2516 5403 “1,26.
2539 5366 2613 5381 —
2635 5352 2655 5387 ι
2688 5332 2996 5388 Humiliasti
3027 5329 3330 5391 excelsum,
3356 5334 3413 5380 et
3436 5324 3570 5379 sub-

1998 5426 2188 5482 levasti
2243 5426 2524 5482 humilem.
2570 5424 2919 5496 luiquitatem
2991 5433 3191 5492 ponam
3240 5432 3391 5483 eam,
3438 5415 3570 5471 dicit

2000 5517 2279 5572 Dominus.
2313 5537 2331 5569 ι

2072 5609 2263 5664 Ezeclt.
2302 5626 2435 5675 xm,
2466 5608 2556 5675 27,
2583 5607 2673 5663 28.
2703 5635 2773 5647 -—
2795 5624 2812 5658 ι
2847 5604 3127 5675 Principes
3154 5602 3277 5674 eius
3307 5602 3361 5656 in
3391 5600 3572 5656 medio

2002 5700 2147 5757 illius
2194 5701 2349 5771 quasi
2400 5700 2507 5771 lupi
2559 5714 2787 5769 rapaces
2832 5718 2844 5753 :
2897 5697 3170 5768 rapientes
3217 5694 3451 5766 praedam
3501 5692 3569 5743 ad

2006 5790 2390 5846 effundendum
2470 5789 2829 5859 sanguinem,
2900 5789 2962 5843 ad
3042 5801 3206 5842 avare
3278 5781 3571 5842 sectandos
