3968 6402
94 389 227 453 1401

1355 395 1591 454 SACRA
1636 394 2094 459 PARALLELA.

3211 390 3348 471 1462

168 527 187 556 ι
223 507 314 576 Mi;
346 502 602 576 κακώσῃς
640 506 861 578 οἰκέτην
910 492 1280 578 ἐργαζόμενον
1328 511 1385 560 ὲν
1414 509 1659 579 ἀληθείᾳ.

1846 508 2009 560 εστιν.
2053 521 2146 573 vu,
2184 506 2272 560 29..
2300 536 2370 545 ——
2401 527 2417 557 ι
2459 506 2534 561 Ne
2568 510 2990 565 raedas'servum
3025 526 3340 581 operantem

90 598 327 663 Οἰκέτην
372 598 589 649 συνετὸν
622 599 892 665 ἀγαπάτω
921 616 1014 651 σου
1052 600 1274 670 ἡψυχὴ,
1308 602 1400 652 καὶ
1445 602 1519 671 μὴ
1553 618 1670 654 στε-

90 689 268 759 ρήσῃς
290 688 451 739 αὐτὸν
478 688 813 758 ἐλευθερίας.
842 708 859 740 ι

169 796 188 827 ι
230 778 431 847 Οίκέτῃ
460 778 663 849 συνετῴ
689 779 966 851 ἐλεύθεροι
991 782 1419 852 ὐπουργήσουσι.
1469 802 1487 833 ι

166 887 184 917 ι
240 869 303 921 Οί
335 868 531 933 δοῦλοι,
566 870 873 923 ὑπακούετε
905 873 1016 933 τοῖς
1057 872 1197 925 κατά
1240 876 1419 941 σάρκα
1458 874 1666 943 κυρίοις

90 960 268 1027 ὑμῶν,
304 961 441 1029 μετά
467 961 632 1027 φόϐου
670 962 764 1013 καὶ
813 962 1017 1032 τρόμου
1063 966 1119 1015 ἐν
1146 963 1413 1032 ἁπλότητι
1442 964 1668 1035 καρδίας

88 1050 247 1116 ὑμῶν
291 1051 367 1113 ώς
414 1052 657 1121 Χριστῷ.
720 1052 792 1122 μὴ
844 1053 970 1105 κατ’
1029 1054 1551 1121 όφθαλμοδουλείαν,
1593 1055 1668 1119 ώς

88 1143 575 1214 ἀνθρωπάρεσκοι,
606 1144 723 1197 ἀλλ’
753 1145 825 1208 ὡς
856 1145 1033 1199 δοῦλοι
1074 1147 1347 1217 Χριστοῦ·
1386 1150 1666 1213 ποιοῦντες

85 1234 146 1285 τὸ
177 1233 391 1304 θέλημα
418 1234 511 1287 τοῦ
538 1235 674 1288 Θεοῦ
702 1237 765 1288 ἐκ
792 1237 991 1305 ψυχῆς,
1022 1237 1138 1305 μετ’
1158 1237 1372 1301 εὐνοίας
1387 1238 1667 1291 δουλεύον-

84 1341 177 1385 τες
234 1324 311 1389 ώς
360 1325 437 1396 τῷ
470 1326 683 1397 Κυρίῳ,
724 1327 820 1381 καὶ
849 1328 949 1380 οὐκ
989 1327 1297 1399 ἀνθρώπῳ·
1333 1330 1534 1393 εἰδότες
1583 1331 1665 1384 ὅτι

87 1416 321 1479 ἕκαστος
349 1417 377 1470 ὃ
406 1416 503 1470 ἐάν
540 1420 738 1488 ποιήσῃ
766 1418 989 1485 ἀγαθὸν,
1022 1421 1179 1473 τοῦτο
1210 1424 1482 1492 κομιεῖται
1516 1423 1667 1493 παρά

85 1503 322 1575 Κυρίου,
352 1505 464 1559 εἴτε
498 1506 707 1571 δοῦλος,
737 1506 849 1559 εἴτε
883 1506 1191 1577 ἐλεύθερος.
1230 1528 1248 1560 ι

157 1700 176 1731 ι
225 1683 289 1735 Oi
321 1682 522 1748 δοῦλοι,
548 1684 859 1738 ὑπακούετε
900 1687 1013 1748 τοῖς
1044 1685 1187 1739 κατά
1211 1685 1390 1756 σάρκα
1425 1686 1659 1756 κυρίοις,

86 1774 159 1842 μὴ
191 1773 253 1826 ὲν
282 1773 773 1847 όφθαλμοδουλείᾳ,
822 1777 897 1840 ώς
944 1777 1422 1848 ἀνθρωπάρεσκοι,
1466 1779 1580 1831 ἀλλ’
1606 1781 1661 1831 ἐν

84 1865 352 1935 ἁπλότητι
413 1868 663 1937 καρδίας,
703 1868 1036 1938 φοϐούμενοι
1093 1869 1185 1923 τὸν
1214 1869 1441 1941 Κύριον.
1480 1873 1543 1923 Ὃ
1569 1870 1665 1923 ἐὰν

86 1958 299 2027 ποιῆτε,
332 1960 397 2011 ἐκ
433 1959 612 2029 ψυχῆς
643 1959 969 2030 ἐργάζεσθε,
999 1960 1074 2023 ώς
1103 1959 1181 2030 τῷ
1205 1962 1413 2031 Κυρίῳ,
1458 1961 1550 2013 καὶ
1568 1961 1666 2013 οὐκ

84 2048 392 2120 ἀνθρώπῳ.
451 2051 653 2114 εἰδότες
690 2052 772 2105 ὅτι
832 2051 985 2121 παρά
1048 2052 1255 2123 Κυρίου
1305 2050 1541 2121 λήψεσθε
1564 2054 1667 2123 τὴν

84 2140 465 2195 ἀνταπόδοσιν.
506 2159 525 2193 ι

156 2251 175 2284 ι
209 2234 367 2286 Ὅσοι
398 2234 538 2287 εἰσὶν
567 2234 673 2288 ὐπὸ
701 2234 864 2303 ζυγὸν
891 2233 1093 2297 δοῦλοι,
1124 2234 1251 2297 τοὺς
1283 2234 1445 2297 ίδίους
1482 2234 1664 2286 δεσπό-

84 2340 180 2389 τας
234 2325 417 2395 πάσης
463 2327 630 2396 τιμῆς
682 2327 865 2391 ἀξίους
917 2326 1288 2394 ἡγείσθωσαν,
1341 2326 1427 2378 ἵνα
1466 2325 1539 2393 μὴ
1604 2325 1665 2377 τὸ

83 2420 255 2487 δνομα
310 2419 405 2472 τοῦ
458 2419 617 2485 Θεοῦ,
671 2422 766 2472 καὶ
810 2422 845 2489 ἡ
884 2419 1205 2472 διδασκαλία
1247 2418 1661 2489 βλασφημῆται.

85 2512 145 2561 ΟΞ
177 2510 238 2562 δὲ
280 2510 501 2574 πιστοὺς
529 2510 743 2581 ἔχοντες
769 2510 1060 2572 δεσπότας,
1108 2509 1180 2576 μὴ
1222 2508 1665 2577 καταφρονείτω-

86 2618 200 2666 σαν,
236 2602 320 2655 ὅτι
346 2602 567 2670 ἀδελφοί
612 2604 750 2655 εἰσιν
771 2621 782 2633 ·
815 2602 951 2655 ἀλλά
1009 2601 1208 2671 μᾶλλον
1242 2598 1660 2661 δουλευέτωσαν,

84 2695 164 2747 δτι
196 2693 381 2746 πιστοί
426 2695 531 2747 εἰσι
586 2696 681 2748 καὶ
724 2695 1019 2764 ἀγαπητοὶ,
1065 2692 1157 2746 καὶ
1208 2691 1309 2761 τῆς
1340 2691 1662 2761 εὐεργεσίας

85 2786 632 2856 ἀντιλαμϐανόμενοι.
672 2804 690 2836 ι

157 2894 175 2925 ι
226 2875 295 2927 Οἱ
326 2876 557 2940 οἰκέται,
586 2874 1021 2943 ὑποτασσόμενοι
1066 2875 1124 2926 ἐν
1154 2874 1320 2928 παντὶ
1368 2875 1519 2943 φόϐῳ
1550 2878 1663 2938 τοῖς

85 2966 382 3029 δεσπόταις
433 2967 610 3036 ὐμῶν,
642 2967 702 3019 οὐ
737 2967 899 3038 μόνον
932 2966 1159 3034 ἀγαθοῖς
1188 2968 1283 3020 καὶ
1340 2968 1661 3029 ἐπιεικέσιν,

84 3057 218 3110 ἀλλά
254 3058 348 3109 καὶ
378 3060 489 3120 τοῖς
526 3058 780 3120 σκολιοῖς.
826 3057 997 3110 Τοῦτο
1052 3058 1160 3128 γὰρ
1197 3058 1357 3130 χάρις
1393 3060 1545 3129 παρά
1586 3058 1663 3129 τῷ

83 3148 219 3219 Θεῷ,
261 3150 308 3201 εἰ
335 3149 421 3202 διὰ
481 3149 785 3219 συνείδησιν
840 3149 978 3203 Θεοῦ
1024 3151 1287 3222 ὑποφέρει
1333 3168 1415 3214 τις
1461 3151 1660 3215 λύπας,

85 3242 313 3311 πάσχων
340 3241 561 3303 ἀδίκως.
599 3259 617 3292 ι

150 3334 210 3386 Οἱ
278 3333 483 3385 οἰκέται
530 3331 605 3403 μὴ
661 3332 1013 3401 φευγέτωσαν
1063 3332 1267 3385 εὐνοεῖν
1312 3334 1428 3395 τοῖς
1458 3331 1655 3385 δεσπό-

86 3442 225 3490 ταις.
277 3424 591 3496 Ἐλεύθερον
619 3426 714 3479 καὶ
735 3426 922 3478 δοῦλον
943 3427 970 3478 ὁ
994 3428 1194 3493 τρόπος
1217 3426 1440 3495 γράφει.

257 3659 436 3712 ΤΙΤΛ.
470 3661 600 3714 κΑν.
632 3688 699 3700 -
726 3661 865 3730 Περι
899 3660 1138 3715 δούλων
1167 3660 1463 3727 πονηρῶν.

160 3792 180 3837 ς
215 3772 410 3840 Λόγοις
438 3774 499 3827 οὐ
537 3772 949 3845 παιδευθησεται
974 3775 1193 3844 οἰκέτης
1233 3774 1486 3846 σκληρός,
1530 3776 1656 3830 Ἐὰν

80 3868 186 3940 γὰρ
212 3867 313 3920 καὶ⁸
338 3867 525 3938 νοήσῃ,
546 3867 659 3920 ἀλλ’
684 3868 783 3936 οὐχ
811 3866 1164 3921 ὐπακούεται.
1194 3885 1212 3918 ι

152 4067 171 4101 ι
202 4046 579 4118 Χορτάσματα
609 4046 704 4099 καὶ
738 4044 930 4115 ῥάϐδος
957 4044 1084 4114 ὄνῳ,
1126 4045 1292 4115 ἄρτος
1313 4044 1389 4109 δὲ,
1417 4048 1505 4097 καὶ
1532 4063 1655 4098 παι-

77 4138 215 4203 δεία,
281 4136 375 4189 καὶ
431 4136 592 4207 ἔργον
646 4134 851 4205 οἰκέτῃ.
888 4135 1162 4205 Ἐργασαι
1193 4137 1250 4187 ἐν
1287 4136 1526 4206 παιδεία,
1564 4138 1655 4191 καὶ

80 4230 336 4300 εὑρήσεις
386 4229 711 4281 ἀνάπαυσιν.
745 4228 906 4290 "Ave;
967 4228 1156 4296 χεῖρας
1186 4227 1335 4294 αὐτῷ
1364 4268 1378 4289 ,
1437 4230 1531 4281 καὶ
1559 4227 1655 4298 C1;-

78 4324 231 4392 τήσει
290 4321 623 4391 ἐλευθερίαν.
685 4320 858 4387 Ζυγὸς
907 4322 997 4372 καὶ
1041 4319 1172 4389 ίμάς
1199 4320 1471 4389 τράχηλον
1507 4321 1653 4389 κάμ-

76 4414 265 4482 ψουσι,
290 4415 385 4466 καὶ
411 4413 598 4484 οἰκέτῃ
622 4410 918 4482 κακούργῳ
974 4411 1232 4479 στρέϐλαι
1281 4414 1371 4463 καὶ
1405 4410 1648 4479 βάσανοι.

1776 600 1828 653 ἰιι
1864 601 2113 654 veritate.
2159 597 2389 653 Servum
2431 610 2714 653 sensatum
2777 601 2969 673 diligat
3009 605 3189 659 anima
3219 614 3334 663 tua.

1782 689 1860 745 Ne
1889 690 2181 745 defraudes
2206 690 2359 743 illum
2397 690 2670 745 libertate.
2717 710 2735 743 ι

1843 779 2009 834 Eccli.
2035 796 2090 842 ι,
2123 780 2289 834 28.-—
2320 798 2339 832 ι
2362 781 2527 835 Servo
2570 790 2792 837 scnsato
2825 784 2975 838 liceri
3022 787 3291 841 servient.
3323 808 3341 840 ι

1844 871 2033 939 Ephes.
2070 887 2145 934 vl.
2195 870 2308 926 6-7.
2341 902 2409 911 —
2444 889 2462 923 ι
2500 871 2677 939 Servi,
2711 871 2928 928 obedite
2961 874 3200 930 dominis
3249 891 3339 931 ve.

1771 964 1903 1018 stris
1954 964 2292 1024 carnalibus,
2358 978 2482 1017 cum
2521 963 2717 1017 timore
2747 973 2797 1017 et
2828 970 3088 1025 tremore,
3123 966 3176 1020 in
3209 967 3343 1021 sim-

1781 1056 2028 1125 plicitate
2093 1054 2278 1109 cordis
2334 1054 2531 1115 vestri,
2598 1056 2741 1108 sicut
2795 1054 3019 1109 Christo
3055 1097 3068 1115 .
3111 1072 3217 1111 non
3277 1060 3342 1112 ad

1770 1146 1990 1199 oculum
2025 1146 2349 1208 servientes,
2388 1154 2650 1212 tanquam
2683 1145 3004 1199 hominibus
3039 1145 3339 1215 placentes,

1768 1236 1863 1292 sed
1922 1245 1983 1290 ut
2020 1236 2163 1291 servi
2196 1236 2426 1298 Christi,
2482 1237 2747 1289 facientes
2789 1236 3124 1290 voluntatem
3154 1236 3341 1293 Deiex

1766 1330 1975 1393 animo,
2026 1344 2150 1382 cum
2189 1328 2327 1382 bona
2372 1328 2658 1382 voluntate
2692 1328 3002 1383 servientes
3034 1328 3178 1383 sicut
3234 1328 3343 1383 Do-

1765 1421 1937 1483 mino,
1986 1428 2040 1473 et
2070 1435 2177 1474 non
2209 1420 2414 1473 homini
2454 1438 2466 1473 :
2503 1420 2745 1473 scientes
2771 1416 2918 1488 quod
2965 1420 3342 1487 unusquisque

1764 1511 2136 1580 quodcunque
2160 1510 2352 1565 fecerit
2378 1512 2606 1573 bonum,
2630 1511 2733 1563 hoc
2764 1508 2994 1579 recipiet
3026 1522 3059 1563 a
3089 1509 3338 1575 Domino,

1764 1601 1878 1656 sive
1907 1618 2123 1665 servus,
2147 1602 2264 1658 sive
2295 1602 2451 1657 liber.
2492 1619 2511 1655 ι

1834 1693 2041 1752 Coloss.
2072 1711 2152 1762 ιιι,
2174 1696 2265 1759 Ἠ,
2297 1695 2387 1751 25.
2410 1724 2480 1733 ——
2508 1714 2525 1745 ι
2566 1694 2741 1759 Servi,
2778 1691 2993 1748 obedite
3029 1708 3125 1761 per
3156 1691 3338 1746 omnia

1763 1786 2005 1843 dominis
2066 1787 2414 1851 carnalibus,
2457 1800 2569 1841 non
2606 1786 2675 1841 ad
2737 1785 2958 1840 oculum
3009 1784 3335 1843 servientes.

1764 1880 1923 1950 quasi
1975 1879 2292 1934 hominibus
2356 1878 2661 1949 placentes,
2715 1874 2812 1932 sed
2868 1875 2934 1942 {in
2987 1874 3340 1944 simplicitate

1764 1971 1949 2027 cordis
2002 1973 2264 2027 timentes
2318 1970 2511 2028 Deum.
2572 1970 2956 2039 Quodcunque
3013 1966 3219 2031 facitis,
3271 1982 3340 2020 ex

1764 2064 1949 2119 animo
2006 2063 2336 2132 operamini,
2395 2064 2540 2117 sicut
2590 2061 2842 2125 Domino,
2872 2067 2926 2115 et
2959 2074 3072 2112 non
3097 2058 3332 2119 homini.

1764 2156 1997 2210 scientes
2027 2155 2170 2224 quod
2200 2170 2229 2207 a
2252 2153 2483 2210 Domino
2518 2152 2807 2222 accipietis
2839 2150 3277 2205 retributionem.
3314 2167 3332 2201 ι

1836 2244 1866 2298 I
1900 2245 2037 2301 Tim.
2064 2260 2137 2308 vi,
2180 2245 2232 2309 1,
2265 2247 2322 2301 2.
2351 2276 2423 2286 —
2454 2264 2471 2297 ι
2511 2245 2840 2313 Quicunque
2870 2253 2996 2297 sunt
3055 2243 3159 2296 sub
3205 2243 3338 2311 jugo

1764 2333 1935 2395 servi.
1962 2334 2219 2389 dominos
2243 2350 2373 2389 suos
2413 2334 2566 2387 omni
2599 2333 2809 2386 honore
2837 2329 3034 2397 dignos
3062 2330 3338 2383 arbitren-

1763 2432 1876 2487 tur,
1917 2440 1984 2479 ne
2016 2440 2215 2479 nomen
2253 2424 2471 2478 Domini
2524 2430 2580 2479 et
2610 2423 2862 2494 doctrina
2907 2422 3333 2490 blasphemetur.

1763 2515 2061 2581 Quiautem
2090 2515 2277 2570 ﬁdeles
2300 2516 2503 2570 habent
2527 2515 2800 2577 dominos,
2822 2529 2929 2568 non
2956 2519 3333 2572 contemnart,

1762 2603 1889 2672 quia
1933 2602 2133 2656 fratres
2193 2610 2361 2668 sunt;
2392 2601 2487 2657 sed
2525 2603 2695 2667 magis
2737 2600 3001 2664 serviant,
3046 2598 3173 2668 quia
3206 2595 3338 2651 ﬁde—

1765 2697 1842 2751 les
1867 2704 2016 2760 sunt,
2049 2704 2104 2749 ct
2135 2694 2320 2748 dilecti
2348 2704 2401 2747 et
2440 2692 2693 2748 beneficii
2720 2690 3040 2763 participes.
3071 2708 3090 2741 ι

1834 2861 1863 2915 Ι
1893 2861 2036 2915 Pelr.
2068 2877 2126 2923 ιι,
2178 2861 2262 2916 18.
2284 2892 2355 2901 -
2380 2879 2398 2913 ι
2431 2860 2609 2926 Servi,
2638 2860 2842 2916 subditi
2891 2866 3068 2915 estote
3100 2858 3153 2914 in
3184 2861 3332 2915 omni

1764 2953 1961 3007 timore
1993 2952 2236 3007 dominis
2270 2953 2492 3017 vestris,
2535 2968 2646 3006 non
2672 2960 2882 3006 tantum
2912 2950 3071 3006 bouis
3102 2958 3157 3005 et
3215 2966 3334 3005 mo-

1763 3044 1957 3109 destis,
2024 3044 2118 3097 sed
2188 3044 2351 3097 etiam
2410 3043 2615 3113 pravis.
2668 3040 2792 3097 Haec
2834 3050 2919 3097 est
2947 3043 3093 3098 enim
3157 3042 3333 3113 gratia

1766 3140 1910 3206 apud
1942 3134 2133 3198 Deum,
2177 3136 2222 3190 si
2278 3144 2506 3204 propter
2546 3136 2941 3190 conscientiam
2971 3135 3063 3191 Dei
3092 3135 3335 3192 sustinet

1765 3228 1893 3298 quis
1929 3226 2258 3294 iniustitiae,
2294 3226 2511 3295 patiens
2549 3226 2774 3299 injuste.
2812 3245 2831 3278 ι

1835 3316 1893 3372 S.
1954 3317 2109 3386 Creq.
2154 3316 2296 3371 Nat.
2356 3326 2478 3370 terr.
2518 3317 2879 3373 '55.—Scrvi
2936 3335 3004 3374 ne
3064 3317 3335 3387 refugiant

1764 3409 2203 3463 benevolentiam
2274 3408 2515 3463 dominis
2571 3409 2851 3463 exhibere.
2916 3407 3217 3479 Ingenuum
3279 3420 3335 3467 et

1765 3517 1986 3556 servum
2016 3516 2194 3555 mores
2224 3502 2561 3569 exprimunt.

2077 3653 2214 3707 TlT.
2242 3651 2384 3706 XXI.
2419 3682 2486 3691 —
2516 3651 2590 3705 De
2621 3652 2776 3705 malis
2809 3654 2990 3708 servis.

1835 3769 1973 3823 Prov
2033 3785 2187 3829 xxix.
2230 3766 2317 3821 i9.
2350 3796 2421 3805 —
2472 3783 2490 3816 ι
2520 3766 2726 3821 Servus
2760 3765 2935 3820 durus
2983 3765 3331 3821 sermonibus

1762 3877 1868 3915 non
1889 3859 2167 3914 eruditur.
2204 3856 2335 3911 Nam
2353 3855 2609 3926 quamvis
2637 3856 2988 3917 intellexerit.
3022 3864 3329 3911 nontamen

1765 3952 2005 4005 nbedict.
2042 3968 2060 4001 ι

1831 4042 2000 4096 Eccli.
2059 4056 2277 4104 χχχιιι,
2325 4038 2513 4094 25-Ξ9.
2567 4067 2638 4081 —-
2703 4058 2721 4091 ι
2774 4040 3011 4095 'Cibaria
3058 4048 3112 4094 et
3178 4040 3328 4109 virga

1758 4138 1939 4198 asino,
1984 4136 2143 4205 panis
2183 4141 2389 4199 autem,
2432 4143 2485 4187 et
2523 4132 2840 4201 disciplina,
2892 4140 3112 4201 etopus
3147 4148 3326 4191 servo.

1756 4229 1998 4298 Operare
2030 4228 2082 4280 in
2114 4240 2306 4295 puero,
2332 4236 2385 4280 et
2422 4225 2666 4279 invenies
2710 4222 2976 4293 requiem.
3027 4221 3172 4275 ιω
3218 4236 3332 4275 ma-

1756 4337 1863 4375 nus
1917 4320 2016 4379 illi.
2074 4328 2127 4371 et
2161 4325 2370 4388 quaeret
2421 4317 2759 4370 libertatem.
2797 4313 3006 4385 Jugum
3047 4324 3102 4367 et
3150 4314 3328 4372 lorum

1757 4413 1963 4465 collum
2014 4411 2415 4474 iucurvahunt,
2466 4416 2519 4462 et
2554 4421 2715 4461 servo
2754 4420 2987 4475 nequam
3024 4414 3253 4460 torturae
3274 4413 3329 4460 et

80 4476 359 4575 ;Ep65tilits
393 4504 556 4557 αὐτὸν
570 4476 657 4565 ἐἰς
687 4476 973 4572 ἐργασίαν,
1015 4476 1103 4554 ἵνα
1151 4502 1225 4571 μὴ
1252 4476 1415 4572 ἀργῇ.
1449 4501 1652 4571 Πολλὴν

1784 4501 2076 4571 :umpedes.
2138 4502 2285 4554 Mitte
2330 4500 2483 4553 illum
2522 4499 2575 4551 in
2609 4498 3015 4568 operationem,
3050 4512 3118 4551 ne
3151 4504 3321 4552 vacet.

86 4598 184 4668 γάρ
208 4598 409 4649 κακίαν
434 4594 672 4659 ἐδίδαξεν
702 4597 734 4663 ἡ
767 4594 956 4662 ἀργία.
992 4613 1009 4644 ι

150 4708 170 4741 ι
201 4690 429 4741 Οἰκέτου
485 4684 725 4756 πονηροῦ
778 4684 853 4755 μὴ
880 4682 1176 4753 αἰσχυνθῇς
1208 4682 1450 4753 πλευράν
1485 4684 1650 4753 αἱμά-

76 4781 184 4846 an.
251 4797 270 4831 ι

138 4873 355 4926 Δούλων
410 4871 647 4941 ὑπάρχει
695 4869 881 4923 κακῶν
928 4869 1141 4921 ἀθετεῖν
1171 4867 1515 4929 δεσποτείαν,
1557 4869 1649 4921 καὶ

73 4965 465 5018 ἐπανίστασθαι
490 4962 792 5033 κυριότητι,
810 4962 902 5015 καὶ
934 4960 1218 5035 ὁμόδουλον
1246 4961 1455 5023 ἑαυτοῖς
1478 4964 1651 5013 ποιεῖν

79 5060 159 5114 τὸν
191 5058 495 5129 ἐλεύθερον.

138 5235 329 5299 Οὐδεὶς
358 5235 533 5300 οὕτως
565 5236 829 5306 μέμηνεν,
895 5234 971 5299 ώς
1019 5233 1205 5297 δοῦλος
1238 5232 1333 5297 ὣν,
1378 5230 1648 5284 ἐναντιοῦ-

77 5326 191 5378 ιθαι
218 5326 476 5399 δεσπότῃ.

233 5485 416 5538 ΤῐΤΛ.
448 5486 577 5539 KB'.
605 5516 673 5525 -—
704 5484 843 5552 Περὶ
877 5482 1475 5552 δυσαρεστουμένων.

150 5614 169 5645 ι
211 5591 286 5647 Ὦ
313 5598 362 5649 οἱ
394 5599 817 5668 εὐφραινόμενοι
838 5599 923 5650 ἐπ’
955 5598 1131 5650 οὐδενὶ
1164 5596 1329 5666 λόγῳ.
1371 5615 1390 5647 ι

146 5704 165 5737 ι
201 5688 322 5740 Τίνι
354 5690 605 5759 ὁμοιώσω
635 5692 761 5752 τοὺς
790 5687 1109 5758 ἀνθρώπους
1151 5691 1249 5757 τῆς
1280 5689 1474 5757 γενεᾶς
1512 5684 1643 5738 ταύ-

79 5793 214 5837 1m;
253 5778 465 5843 Ὅμοιοί
513 5783 618 5835 είσι
677 5781 909 5841 παιδίοις
957 5782 1014 5833 ὲν
1067 5781 1241 5845 ἀγορᾷ
1288 5778 1641 5844 καθημένοις,

1758 4590 1982 4643 Multam
2011 4590 2156 4643 enim
2190 4589 2453 4641 malitiam
2486 4588 2673 4640 docuit
2710 4586 2984 4639 Otiositas.
3024 4604 3043 4637 ι

1826 4680 1994 4751 ﬁas
2028 4678 2193 4732 Ercli.
2224 4674 2396 4741 vau',
2450 4678 2503 4731 5.
2539 4707 2610 4717 υ-
2636 4694 2655 4727 ι
2695 4674 2865 4729 Servo
2905 4676 3146 4744 pessimo
3179 4691 3246 4732 ne
3278 4686 3331 4731 te

1757 4774 1960 4839 pudeat
1996 4771 2141 4823 latus
2173 4767 2527 4838 sanguinare.
2567 4785 2586 4818 ›

1826 4860 1883 4914 S.
1931 4861 2088 4929 (ἐι-ες.
2149 4858 2290 4912 Naz.
2347 4868 2488 4912 orat.
2544 4857 2984 4913 L—Malorum
3037 4875 3322 4915 servorum

1755 4962 1841 5006 est
1876 4953 2169 5023 imperium
2207 4950 2461 5019 rejicere.
2504 4958 2558 5005 et
2589 4952 2857 5006 adversus
2889 4951 3321 5005 dominationem

1756 5046 2070 5115 insurgere,
2097 5059 2333 5111 eumque
2365 5044 2457 5113 qui
2482 5044 2620 5099 liber
2647 5052 2754 5109 est,
2781 5044 2833 5097 in
2858 5043 3110 5098 servilem
3135 5057 3322 5097 secum

1754 5140 2007 5193 ordinem
2049 5137 2313 5205 redigere.

1823 5229 2087 5284 Philonis.
2123 5227 2407 5283 —-Nullus
2443 5229 2518 5282 ita
2551 5229 2783 5283 insanus
2834 5236 2939 5293 est,
2970 5224 3169 5294 utqui,
3202 5239 3320 5278 ser-

1758 5338 1858 5376 vus
1889 5336 2010 5375 cum
2037 5320 2134 5385 sit,
2159 5320 2440 5376 adversari
2475 5322 2701 5375 domino
2732 5335 2840 5373 non
2878 5331 3114 5373 veretur.

2124 5476 2257 5530 ΤΙΤ.
2290 5476 2453 5531 XXII.
2486 5504 2553 5520 --
2585 5476 2661 5529 De
2690 5475 2936 5529 morosis.

1822 5603 1982 5645 Amos
2013 5592 2193 5653 v1.14.
2216 5622 2284 5631 -—
2317 5610 2334 5640 ι
2362 5591 2515 5661 Oqui
2545 5590 2803 5645 laetemini
2830 5592 2883 5644 in
2914 5593 3066 5647 nullo
3085 5592 3271 5649 verbo.
3294 5608 3318 5643 ι

1826 5681 1955 5735 Luc.
2022 5698 2118 5747 vu,
2161 5683 2352 5737 51-34.
2392 5712 2460 5723 —
2497 5702 2515 5735 ι
2542 5684 2645 5739 Cui
2674 5685 2885 5743 similes
2927 5686 3106 5742 dicam
3140 5687 3321 5741 homi-

1755 5791 1851 5829 nes
1887 5774 2252 5844 generationis
2290 5775 2500 5843 hujus?
2523 5774 2744 5833 Similes
2766 5787 2893 5835 sunt
2918 5780 3102 5850 pueris
3125 5775 3321 5834 seden-
