4024 6412
649 362 785 447 1ω3

1798 374 1885 434 .s.
1925 365 2247 435 JOANNIS
2270 344 2700 430 DAMASCENI

3756 374 3874 443 H64

637 490 788 548 tibus
813 487 867 542 in
906 485 1049 551 toro,
1078 495 1137 542 et
1161 484 1522 558 loquentibus
1552 486 1623 542 ad
1646 486 1905 552 invicem,
1935 494 1992 542 et
2017 486 2192 540 dicen-

2312 480 2407 533 καὶ
2438 480 2858 551 προσφωνοῦσιν
2915 479 3201 554 ἀλλήλους,
3256 484 3355 537 καὶ
3386 483 3647 555 λέγουσιν
3666 502 3679 517 ·
3706 488 3869 562 Ηύλή-

638 579 790 636 tibus
831 595 847 635 :
876 576 1238 633 Cantavimus
1269 578 1426 634 vobis
1456 577 1630 642 tibiis,
1661 586 1715 633 et
1760 593 1868 633 non
1909 576 2159 633 saltastis
2188 593 2201 630 :

639 670 1084 732 lamentavimus,
1139 677 1336 725 etnon
1399 669 1737 740 ploravistis.
1778 667 1942 724 Venit
1962 668 2206 724 Joannes

640 760 907 832 Baptista,
942 775 1127 830 neque
1157 761 1523 826 manducans,
1576 776 1756 832 neque
1792 760 2011 826 bibens,
2041 769 2098 816 et
2122 761 2207 816 di-

638 858 821 907 cunt:
877 848 1217 905 Daemonium
1269 850 1452 905 habet.
1513 849 1674 906 Venit
1742 850 1913 906 Filius
1969 852 2207 908 hominis

640 938 982 1001 manducaui;
1021 948 1075 994 et
1111 938 1330 1006 bibens,
1359 950 1411 995 et
1456 938 1652 995 dicunt
1686 957 1700 995 :
1746 940 1884 997 Ecce
1912 941 2077 996 homo
2098 956 2201 996 vo-

640 1039 811 1094 rator,
864 1038 922 1085 et
954 1029 1154 1086 bibens
1202 1031 1414 1099 vinum,
1465 1033 1675 1094 amicus
1706 1032 2125 1103 publicanorum
2150 1044 2207 1094 et

641 1130 1011 1192 peccatorum.
1530 1120 1533 1123 ’

640 1275 778 1342 Τιτ.
801 1275 1087 1349 ΧΧΙΙῙ.τ-
1123 1276 1196 1331 De
1230 1278 1294 1332 iis
1319 1279 1619 1349 quiduplici
1655 1281 1833 1335 animo
1852 1290 1997 1346 sunt,
2030 1285 2208 1349 vario-

706 1362 806 1415 que
862 1346 1107 1413 consilio,
1143 1357 1192 1402 et
1222 1346 1546 1405 inconstanti
1580 1363 1771 1417 mente,
1797 1368 1862 1405 ac
1894 1353 2056 1421 facile
2092 1346 2209 1409 ma-

707 1424 909 1471 tantur.

711 1549 843 1605 Osee
870 1567 979 1619 vu,
1016 1553 1105 1609 ll.
1136 1583 1207 1592 —-
1242 1572 1260 1607 ι
1301 1552 1598 1627 Egyptum
1643 1555 1994 1625 invocabant,
2042 1569 2099 1616 et
2139 1563 2209 1623 ad

635 1640 898 1713 Assyrios
934 1642 1211 1699 abierunt.
1249 1663 1267 1697 ι

708 1730 876 1788 Eccli.
906 1749 969 1799 ιι,
1025 1735 1110 1789 tt.
1138 1766 1209 1776 —
1243 1754 1262 1788 ‹
1302 1734 1397 1801 Vae
1434 1737 1642 1808 duplict
1690 1741 1877 1806 corde.
1922 1750 1975 1800 et
2005 1757 2205 1815 pecca-

634 1822 745 1887 tori
772 1822 1103 1894 ingredienti
1136 1826 1277 1884 duas
1306 1828 1443 1884 vias.
1485 1850 1504 1883 ι

710 1910 878 1969 Eccli.
908 1928 948 1977 ι,
970 1913 1061 1969 36.
1089 1945 1160 1956 —
1198 1936 1215 1969 ι
1269 1915 1348 1973 Ne
1397 1920 1699 1980 accesseris
1734 1921 1800 1976 ad
1827 1938 1951 1979 eum
1997 1924 2202 1997 duplici

635 2002 819 2062 corde.
855 2021 875 2055 ι

708 2090 878 2157 Eccli.
903 2111 1076 2161 xxvn,
1111 2098 1198 2154 12.
1224 2130 1293 2140 --
1333 2118 1352 2155 ι
1392 2103 1605 2159 btultus
1639 2107 1845 2160 utluua
1877 2114 2140 2162 mutatur.
2183 2127 2201 2160 ι

708 2181 874 2242 Eccli.
914 2200 995 2252 ιιι,
1024 2187 1115 2253 28.
1138 2219 1207 2229 —
1241 2209 1259 2241 ι
1284 2190 1393 2247 Cor
1424 2193 1740 2270 ingrediens
1764 2196 1903 2253 duas
1930 2198 2070 2262 vias.
2097 2214 2206 2253 non

637 2270 862 2339 habebit
893 2292 1210 2336 successus.
1249 2301 1268 2334 ι

708 2359 880 2420 Eccli.
919 2383 1070 2434 χχιιι,
1104 2371 1268 2426 51.--
1304 2393 1322 2425 ι
1353 2373 1478 2429 Vita
1535 2391 1775 2448 nequam
1828 2381 1895 2435 de
1957 2382 2121 2437 domo
2152 2384 2207 2438 in

532 2510 541 2515 _
634 2453 859 2521 domum
895 2478 908 2514 :
940 2467 995 2515 et
1028 2477 1137 2527 non
1167 2462 1461 2546 habitabit,
1489 2483 1665 2541 neque
1692 2474 1901 2543 operiet
1922 2489 2004 2530 os.
2045 2495 2064 2528 ι

704 2545 866 2606 ΖαοΙι.
900 2567 1016 2616 νιιι,
1054 2552 1136 2607 10.
1174 2584 1245 2593 -
1273 2575 1291 2608 ι
1315 2556 1626 2628 Egredienti
1653 2574 1707 2617 et
1734 2563 2056 2635 ingredienti
2100 2582 2206 2629 non

629 2637 735 2693 erit
754 2655 863 2710 pax,
884 2656 992 2712 pne
1012 2645 1383 2705 tribulatione.
1414 2670 1445 2711 ι,

699 2728 827 2787 Jac.
878 2750 919 2800 ι,
953 2736 1006 2793 8.
1042 2767 1113 2781 ο-
1151 2758 1169 2792 (
1211 2741 1309 2797 Vir
1357 2744 1555 2817 duplex
1605 2750 1823 2818 animo,
1886 2752 2208 2811 inconstans

629 2830 714 2885 est
751 2823 806 2879 in
833 2827 1090 2886 omnibus
1117 2832 1222 2888 viis
1247 2836 1384 2890 suis.
1415 2857 1443 2889 ι,

701 2913 885 2971 Galat.
929 2934 983 2985 ν,
1006 2921 1150 2975 7.-
1187 2943 1206 2975 ι
1247 2925 1563 2985 Currebatis
1585 2930 1768 2989 bene:
1808 2934 1935 3005 quis
1969 2951 2068 2993 vos
2100 2936 2206 2993 im-

630 3003 841 3073 pedivit
872 3010 1099 3068 veritati
1132 3030 1240 3069 non
1280 3018 1551 3083 obedire?
1588 3040 1609 3075 ι

702 3094 765 3151 S.
793 3097 1011 3155 Basilii.
1034 3133 1106 3153 ——
1137 3104 1381 3170 Quorum
1410 3127 1565 3168 mens
1596 3115 1662 3168 ad
1695 3119 2053 3176 mutationem
2076 3136 2200 3191 pro—
2225 3144 2267 3205 (ς

630 3199 803 3254 pensa
844 3196 951 3255 est,
986 3204 1213 3261 nonest
1264 3213 1294 3251 a
1322 3200 1538 3257 ratione
1590 3203 2008 3267 dissentaneum
2062 3210 2197 3281 quin

627 3275 740 3332 vita
766 3292 988 3349 quoque
1023 3284 1267 3352 ipsorum
1303 3305 1411 3344 non
1451 3293 1521 3346 sit
1550 3294 1825 3350 ordinata.

706 3367 892 3437 Ejusd.
932 3372 1082 3443 Epist
1115 3379 1184 3429 ad
1219 3377 1475 3450 Patroph.
1528 3415 1599 3424 —
1632 3385 1894 3445 Homines
1951 3392 2198 3449 nubibus

514 3522 517 3525 _
627 3460 837 3518 similes
888 3460 1038 3531 sunt,
1072 3485 1193 3539 quae
1231 3482 1394 3541 prout
1426 3475 1794 3533 immutantur
1817 3483 1983 3549 venti,
2051 3502 2198 3541 nunc

626 3551 695 3605 ad
722 3552 887 3618 hanc,
922 3572 1071 3613 nunc
1110 3562 1175 3615 ad
1206 3562 1354 3618 illam
1419 3571 1565 3624 aeris
1608 3572 1886 3639 regionem
1922 3574 2195 3632 feruntur.

691 3642 754 3700 S.
820 3644 976 3717 Greg.
1041 3647 1185 3707 Naz.
1221 3664 1361 3709 orat.
1398 3657 1450 3723 1,
1502 3658 1578 3714 De
1646 3677 1794 3728 pace.
1829 3663 2091 3724 —Leves
2145 3678 2200 3724 et

625 3734 860 3793 stolidos
879 3754 976 3795 eos
1046 3758 1172 3799 esse
1205 3760 1520 3814 censemus,
1548 3753 1643 3822 qui
1689 3752 1848 3811 facile
1879 3757 1934 3812 in
1983 3766 2196 3813 utram-

624 3841 733 3895 que
761 3836 972 3896 partem
1004 3830 1283 3900 feruntur,
1342 3839 1775 3915 dilabunturque
1811 3862 1825 3898 :
1858 3863 1968 3903 non
2030 3866 2194 3908 secus

623 3932 687 3971 ac
719 3918 1103 3982 inconstantes
1151 3931 1326 3995 venti,
1380 3941 1476 3986 aut
1515 3936 1830 4007 euriporum
1862 3944 2194 4001 mutationes

620 4014 677 4060 et
708 4009 1201 4082 reciprocationes,
1226 4026 1321 4073 aut
1348 4020 1627 4079 instabilis
1655 4029 1828 4081 maris
1869 4028 2087 4089 ﬂuctus.

690 4098 956 4157 Philonis.
993 4135 1063 4146 —-
1093 4106 1310 4163 Stultus
1349 4112 1501 4167 nulla
1529 4128 1588 4169 re
1628 4117 1933 4174 c0nsistcre
1993 4130 2192 4190 potest,

620 4191 975 4264 pendulaque
1005 4205 1091 4252 est
1142 4199 1317 4269 ipsius
1351 4204 1536 4261 omnis
1586 4206 1721 4274 vita,
1760 4224 1862 4265 nec
1892 4210 2006 4266 ullo
2037 4213 2196 4269 iirmo

618 4282 791 4351 gradu
822 4285 1016 4342 densa.

692 4371 1027 4445 Evagrii.-—
1063 4378 1257 4436 Planta
1312 4399 1435 4453 qua:
1484 4386 1809 4459 frequenter
1855 4405 1910 4447 et
1971 4395 2195 4454 assidue

620 4463 743 4520 loco
774 4476 1043 4536 mutatur,
1068 4487 1179 4526 non
1205 4473 1330 4529 edet
1362 4476 1625 4535 fructum.

617 4619 782 4694 449
809 4624 1271 4721 ΤΙἸΖῖΔξὲΙγἌ-ο
1302 4636 1570 4721 De‘gloria
1594 4650 1643 4695 et
1677 4640 1915 4711 honore;
1948 4648 2190 4721 quodque

898 4698 1127 4765 gloriam
1160 4702 1295 4760 dare
1321 4698 1478 4762 αίιὲνὶ
1500 4727 1607 4764 non
1639 4698 1894 4781 oporteat.

688 4823 900 4881 Baruch
960 4846 1033 4897 ιν,
1056 4834 1111 4889 5.
1151 4867 1220 4878 —
1267 4857 1287 4891 ‹
1353 4840 1431 4898 Ne
1497 4846 1687 4903 tradas
1746 4850 1904 4908 alteri
1955 4855 2185 4923 gloriam

616 4921 789 4982 tuam,
824 4930 1016 4992 etquae
1042 4927 1140 4983 tibi
1180 4935 1518 4991 conveniunt
1549 4940 1699 5009 genti
1740 4921 2006 4999 aliena—1

686 5006 801 5061 lsa.
833 5014 1035 5078 “11,8.
1056 5048 1124 5058 --
1151 5037 1169 5070 ‹
1206 5020 1449 5078 Gloriam
1476 5043 1651 5082 meam
1676 5030 1833 5086 alteri
1853 5048 1962 5088 non
1986 5035 2180 5091 dabo.)

685 5119 854 5175 Eccli.
879 5141 1074 5191 xum,
1110 5129 1202 5197 21,
1226 5130 1318 5199 24,
1350 5133 1440 5189 20.
1487 5165 1543 5175 -
1582 5156 1600 5188 ι
1632 5136 1771 5192 Dum
1806 5138 1985 5195 adhuc
2023 5142 2183 5210 vivis,

612 5218 666 5265 et
688 5213 1026 5283 spiraculum
1049 5226 1134 5273 est
1165 5220 1221 5275 in
1246 5231 1319 5286 le,
1348 5238 1419 5280 ne
1449 5236 1628 5282 mutes
1656 5228 1896 5298 teipsum
1935 5232 1990 5287 in
2034 5235 2183 5290 omni

611 5318 797 5360 carne.
830 5305 1026 5364 Melius
1059 5319 1144 5366 est
1167 5313 1314 5368 enim
1346 5324 1407 5369 ut
1431 5316 1525 5371 filii
1582 5325 1637 5373 te
1672 5327 1888 5391 rogent,
1913 5338 2077 5392 quam
2119 5337 2179 5381 ut

537 5443 541 5447 .
613 5393 731 5462 ipse
772 5397 1042 5465 respicias
1076 5401 1132 5455 in
1189 5419 1389 5463 manus
1441 5406 1679 5462 ﬁliorum
1745 5419 1985 5481 tuorum,
2020 5423 2075 5470 et
2127 5417 2183 5473 in

613 5493 866 5552 tempore
920 5493 1118 5548 mortis
1176 5494 1448 5552 distribue
1494 5499 1889 5557 luereditatem.
1938 5503 2102 5571 Filio,
2129 5516 2184 5564 et

615 5576 857 5640 mulieri,
897 5587 954 5634 et
983 5586 1182 5650 amico,
1217 5596 1273 5641 et
1303 5588 1479 5656 fratri,
1514 5607 1580 5645 ne
1601 5592 1699 5647 des
1733 5602 2057 5663 potestatem
2086 5615 2182 5654 su-

619 5680 718 5733 per
743 5672 797 5720 te
825 5666 880 5722 in
915 5672 1025 5725 vita
1050 5682 1163 5730 tua.
1203 5676 1277 5733 Ne
1306 5679 1401 5735 des
1429 5681 1587 5735 alteri
1616 5680 1845 5751 gloriam
1888 5690 2061 5751 tuam,
2089 5704 2179 5752 ne,

612 5757 664 5817 si
708 5769 758 5815 te
782 5763 1064 5831 pcenitcat,
1106 5769 1416 5839 depreceris
1449 5791 1544 5845 pro
1574 5774 1700 5831 illis.
1735 5794 1752 5826 ι

2311 588 2483 641 σαμεν
2535 573 2702 642 ὑμῖν,
2775 574 2865 630 καὶ
2922 574 3032 627 οὐκ.
3090 574 3449 645 ὠρχήσασθε·
3507 577 3873 649 ἐθρηνήσαμεν

2307 663 2456 731 ὑμῖν,
2488 663 2580 716 καὶ
2605 662 2704 717 οὐκ
2752 662 3077 721 ἐκλαύσατε.
3125 665 3379 736 Ἐλήλυθε
3428 668 3540 740 γὰρ
3576 669 3823 738 Ἰωὶννης
3848 674 3873 725 ὁ

2306 754 2635 826 Βαπτιστὴς,
2675 756 2815 826 μήτε
2840 756 3057 820 ἐσθίων,
3096 759 3235 829 μήτε
3274 758 3466 826 πίνων,
3516 762 3615 813 καὶ
3636 761 3869 829 λέγουσι’

2305 848 2591 919 Δαιμόνιον
2618 848 2753 919 ἔχει.
2784 844 2989 903 τΗλθεν
3017 850 3046 901 ὁ
3090 850 3219 914 Υἱὸς
3246 851 3340 905 τοῦ
3371 852 3665 924 ἀνθρώπω
3697 854 3872 908 ἐσθίων

2305 940 2402 994 καὶ
2452 941 2623 994 πίνων
2649 981 2665 1006 ,
2736 942 2833 996 καὶ
2879 941 3163 1010 λέγουσιν’
3202 944 3335 998 Ἰδοὺ
3362 940 3657 1017 ἄνθρωπος
3696 948 3871 1015 eam

2305 1034 2401 1087 καὶ
2427 1034 2731 1107 οἰνοπότης,
2774 1034 3022 1090 τελωνῶν
3043 1035 3195 1106 φίλος
3224 1038 3319 1091 καὶ
3351 1038 3722 1109 ἁμαρτωλῶν.
3762 1057 3782 1091 ι

2308 1275 2492 1360 ΤῘΤΙξ.
2532 1276 2661 1360 iCI".
2692 1261 2929 1360 +_Hepl
2957 1282 3254 1360 διψ-ὐχων,
3293 1288 3390 1342 καί
3432 1292 3871 1360 παλιμϐούλωγ,

2378 1347 2477 1425 καὶ
2523 1347 2946 1406 ἀστατούντὼν
2992 1347 3417 1433 τῆήίγνῶμην,
3476 1347 3597 1414 καί
3636 1347 3875 1430 perdo;

2377 1433 2517 1471 των.
3010 1454 3011 1457 ‘

2384 1566 2402 1598 ι
2437 1549 2711 1617 Αἴγυπτον
2745 1553 3130 1625 ἐπεκαλοῦντο,
3161 1558 3256 1613 καὶ
3290 1562 3372 1625 είς
3410 1562 3740 1636 ’Δσσυρίους
3765 1568 3875 1621 ἐπὀ-

2314 1640 2605 1711 ρεύθησαν.
2636 1663 2656 1696 ι

2388 1750 2413 1785 ι,
2450 1733 2586 1786 0ὑαῖ⁵
2606 1735 2805 1806 καρδίᾳ
2829 1736 3009 1811 δισσῇ,
3051 1742 3144 1795 καὶ
3175 1743 3488 1819 ἀμαρτωλῷ
3532 1748 3874 1821 ὲπιϐεϐηιότι

2241 1810 2284 1867 Β
2311 1821 2402 1873 ἐπὶ
2424 1821 2517 1875 δύο
2545 1824 2786 1895 τρίϐους.
2819 1845 2839 1878 ι

2384 1934 2402 1967 ι
2433 1916 2522 1989 Μὴ
2546 1914 2855 1995 προσέλθῃς
2877 1922 3075 1995 καρδίᾳ
3101 1925 3280 1996 δισσῇ.
3318 1947 3337 1979 ι

2385 2112 2404 2147 ι
2438 2095 2661 2165 ’Ἄφρων
2683 2096 2758 2161 ὡς
2798 2098 2999 2170 σελήνη
3040 2099 3371 2171 ἀλλοιοῦται.
3407 2120 3427 2153 ι

2385 2205 2403 2237 ‹
2441 2188 2654 2260 Καρδίά
2678 2190 3035 2251 ὲπιϐαίνουσα
3085 2191 3239 2245 δυσὶν
3275 2193 3437 2258 ὁδοῖς,
3488 2195 3591 2248 οὐκ
3618 2197 3872 2269 εὐοδωθή-

2312 2289 2483 2327 σεται.
2520 2293 2539 2327 ι

2388 2380 2406 2411 ι
2449 2363 2570 2434 Ζωὴ
2597 2366 2813 2435 πονηρὰ
2835 2366 2894 2431 ἐξ
2921 2369 3098 2433 οἰκίας
3122 2372 3204 2434 εἰς
3228 2372 3410 2427 οἰκίαν
3431 2391 3444 2402 ·
3469 2375 3566 2428 καὶ
3591 2369 3655 2430 οὗ
3688 2394 3870 2451 παροι-

2310 2453 2489 2520 κήσει,
2518 2453 2618 2506 οὐκ
2646 2455 2847 2520 ἀνοίξει
2871 2459 3068 2529 στόμα.
3094 2479 3113 2512 ι

2385 2564 2402 2595 ‹
2442 2544 2531 2615 Τῷ
2559 2547 3005 2621 ἐκπορευομένῳ,
3052 2553 3148 2606 καὶ
3177 2553 3254 2626 τῷ
3281 2556 3751 2629 είσπορευομένῳ,
3782 2560 3870 2613 οὒκ

2306 2631 2375 2711 ἦν
2404 2637 2592 2708 εἰρήνη
2624 2639 2732 2691 ἀπὸ
2753 2643 2851 2711 τῆς
2877 2641 3128 2711 θλίψεως.
3158 2664 3176 2697 ι

2340 2710 2343 2713 ’
2381 2742 2400 2774 ι
2448 2724 2614 2797 Ἀνὴρ
2646 2710 2870 2798 δίψυχος
2894 2710 3268 2800 ἀκατάστατος
3290 2738 3350 2791 ὲν
3377 2740 3581 2806 πάσαις
3599 2744 3720 2806 ταῖς
3738 2744 3869 2807 ὁδοῖς

2308 2816 2511 2871 αὑτοῦῑε
2538 2836 2557 2872 ι
2632 2810 2633 2813 “

2387 2950 2411 2987 ι
2455 2931 2734 3004 Ἐτρέχετε
2765 2936 2948 3002 καλῶς
2969 2954 2982 2967 ·
3007 2939 3099 3003 τίς
3128 2941 3271 3010 ὑμᾶς
3298 2942 3522 3013 ὲνέκοψε
3556 2949 3623 3017 τῇ
3650 2946 3866 3019 ἀληθείᾳ

2311 3025 2384 3096 μὴ
2420 3026 2703 3081 πείθεσθαι
2729 3046 2746 3097 ;

2373 3110 2468 3179 Οἷς
2518 3116 2739 3182 εὔκολος
2783 3121 2918 3190 πρὸς
2959 3122 3268 3194 μεταϐολὴν
3330 3126 3382 3200 ἡ.
3410 3127 3640 3191 διανοία,
3669 3130 3865 3195 τοὺτοις

2299 3206 2454 3262 οὐδὲν
2483 3208 2711 3274 ἀπεικὸς
2740 3213 2835 3265 καὶ
2865 3212 2957 3267 τὸν
2982 3213 3096 3285 βίον
3137 3212 3277 3270 εἶναι
3305 3219 3381 3289 μὴ
3410 3220 3766 3291 τιτάγμενον.

2375 3368 2685 3440 Ἄνθρωποι
2724 3373 2846 3435 ταῖς
2891 3372 3146 3440 νεφέλαις
3174 3375 3439 3441 ἐοίκασιν,
3478 3379 3742 3447 πρδςέτάς
3762 3380 3862 3431 τῶν

2298 3458 2515 3528 ἀνέμων
2543 3461 2872 3531 μεταϐολὰς,
2920 3464 3108 3519 ἄλλοτε
3142 3467 3265 3520 κατ’
3293 3467 3423 3522 ἀλλο
3477 3470 3646 3540 μέρος
3666 3470 3756 3524 τοῦ
3780 3472 3863 3524 ἀέ-

2301 3568 2392 3619 ρος
2414 3553 2836 3624 ἐμφερομέναις.

2366 3642 2619 3711 Κούφους
2675 3646 2768 3698 καὶ
2798 3646 3082 3717 ἀνοήτους,
3116 3648 3342 3713 τούτους
3386 3651 3855 3722 ὑπολαμϐάνομεν,

2295 3734 2424 3797 τοὺς
2454 3735 2654 3806 ῥᾳδίως
2702 3738 2790 3790 ἐπ’
2822 3740 3108 3810 ἀμφότερα
3137 3742 3496 3812 φερομένους,
3550 3747 3644 3798 καὶ
3673 3749 3855 3818 μεταρ-

2295 3818 2545 3895 ῥέοντας,
2581 3827 2837 3899 καθάπερ
2884 3829 3057 3901 αὔρας
3107 3835 3587 3902 μεταπιπτούσας,
3635 3838 3669 3906 ἢ
3702 3855 3854 3908 μετα-

2297 3916 2478 3984 ϐολὰς,
2535 3918 2568 3991 ἢ
2603 3920 2927 3994 παλιρροίας
2955 3922 3218 3996 εὑρίπων,
3250 3926 3281 3997 ἢ
3329 3926 3608 4000 θαλάσσης
3635 3932 3855 3985 ἀστάτου

2297 4009 2365 4059 κύ
2374 4026 2542 4078 ματα.

2370 4100 2619 4169 Πέφυκεν
2658 4105 2686 4157 ὁ
2727 4105 2917 4175 ἄφρων
2946 4107 3041 4160 ἐπὶ
3078 4109 3306 4178 μηδενὸς
3351 4110 3581 4165 ὲττάναι
3610 4112 3851 4183 πράγματ-

2294 4207 2406 4253 τος.
2437 4193 2547 4244 Καὶ
2580 4192 2739 4255 ἔστιν,
2762 4196 2912 4267 αὐτῷ
2934 4200 3083 4254 πᾶσα
3113 4202 3145 4271 ἡ
3181 4199 3298 4273 ζωὴ
3325 4205 3677 4279 κρεμαμένη,
3710 4205 3849 4274 βάσις

2294 4282 2632 4353 ἀκράδαντον
2657 4286 2757 4340 οὐκ
2784 4286 3007 4357 ἔχουσα.

2359 4375 2528 4429 Φυτδν
2576 4379 3017 4450 μεταφερόμενον
3060 4383 3311 4453 πνεχῆς,
3344 4385 3406 4438 οὐ
3454 4388 3676 4457 ποιήσει
3727 4405 3839 4457 κιρ-

2228 4463 2274 4519 D
2297 4467 2414 4522 πὸν.

2298 4623 2483 4679 ΤΙΤΛ.
2511 4625 2737 4697 ΚΔἏΑ-τν
2764 4626 2903 4697 Περὶ
2937 4625 3141 4697 δόξης,
3174 4627 3270 4680 καὶ
3293 4627 3492 4697 τιμῆς·
3526 4631 3627 4685 καί
3659 4631 3743 4685 ὅτι
3779 4633 3836 4685 οὐ

2668 4653 2739 4707 -ῖ
2764 4645 2903 4761 ηεὲι
2937 4645 3141 4693 οοξης,
3174 4645 3270 4680 και
3293 4646 3492 4710 τιμης·

2643 4695 2731 4749 δει
2760 4695 2833 4773 δό
2872 4696 3508 4768 ανέτέρφπαρασχειν.

2366 4850 2387 4884 ι
2420 4830 2511 4901 Μὴ
2545 4831 2632 4895 δὸς
2655 4832 2829 4903 ἑτέρῳ
2851 4833 2949 4903 τὴν
2972 4830 3128 4898 δόξαν
3157 4850 3271 4900 σου,
3294 4834 3480 4889 καὶτὰ
3514 4833 3836 4907 συμφέροντά

2292 4939 2375 4977 σοι
2407 4923 2552 4977 ἔθνει
2583 4923 2870 4995 ἀλλοτρίῳ.
2900 4943 2919 4976 ι

2365 5034 2384 5066 c
2425 5014 2535 5087 Τὴν
2565 5016 2723 5083 δόξαν
2752 5033 2853 5087 μου
2886 5016 3058 5088 ἑτέρῳ
3092 5017 3154 5071 οὐ
3192 5017 3370 5072 δώσω.
3398 5038 3417 5070 ι

2368 5144 2386 5178 ι
2429 5127 2516 5190 Ὠς
2542 5125 2623 5179 ἔτι
2645 5125 2764 5196 ζῇς,
2794 5126 2888 5179 καὶ
2914 5126 3051 5196 πνοὴ
3082 5127 3141 5181 ὲν
3174 5128 3280 5193 σοὶ,
3316 5127 3393 5199 μὴ
3424 5128 3664 5201 magn;
3693 5145 3831 5181 σεαυο

2286 5220 2386 5272 τὸν.
2403 5219 2461 5271 ὲν
2488 5218 2640 5291 πάσῃ
2695 5218 2893 5288 σαρκί.
2934 5219 3203 5288 Κρεῖσσον
3251 5219 3363 5290 γάρ
3415 5219 3536 5273 ἐστι
3577 5222 3647 5274 τὰ
3690 5220 3829 5273 τέκνα

2283 5310 2542 5382 δεηθῆναί
2571 5328 2689 5377 σου,
2719 5309 2753 5381 ἥ
2784 5310 2845 5363 σὲ
2880 5310 3173 5381 ἐμϐλέπειν
3229 5312 3310 5376 είς
3342 5315 3533 5384 χεῖρας
3565 5312 3696 5366 υἱῶν
3724 5323 3825 5364 σου.⁶

2288 5402 2383 5457 καὶ
2409 5404 2468 5456 ὲν
2494 5404 2673 5475 καιρῷ
2696 5403 2955 5472 τελευτῆς
3002 5404 3181 5467 διάδος
3216 5404 3584 5475 κληρονομίαν
3606 5421 3716 5457 σου.
3735 5400 3825 5469 Titi:

2292 5496 2387 5549 καὶ
2417 5496 2657 5564 γυναικὶ,
2688 5496 2781 5548 καὶ
2814 5496 2973 5567 φίλῳ,
3013 5495 3110 5549 καὶ
3135 5495 3370 5565 ἀδελφῷ,
3392 5495 3469 5565 μὴ
3490 5495 3579 5559 δὸς
3605 5493 3822 5559 ἐξουσίαν

2291 5590 2385 5642 ἐπὶ
2406 5590 2464 5641 σὲ
2498 5589 2554 5641 ἐν
2589 5588 2701 5659 ζωῇ
2729 5605 2842 5642 σου.
2868 5587 2958 5658 Μὴ
2986 5587 3075 5650 δὸς
3102 5587 3274 5658 ἑτέρῳ
3298 5587 3398 5659 τὴν
3431 5587 3584 5653 δόξαν
3615 5603 3720 5651 σου,
3749 5584 3817 5637 ἵνα

2294 5680 2366 5751 μὴ
2403 5678 2803 5751 μεταμεληθεὶς
2842 5678 2936 5753 δέῃ
2961 5678 3087 5750 περὶ
3108 5679 3305 5734 αὐτῶν.
3338 5700 3358 5731 ι
