3968 6468
164 404 349 499 1405

1478 446 1713 508 SACRA
1752 449 2213 510 PARALLELA.

3325 449 3471 516 1406

152 542 383 598 TITA.
408 544 538 598 κε’.
571 574 638 619 e—
666 546 805 615 Περὶ
838 547 1157 631 διαϐόλου,
1219 550 1352 619 ἦτοι
1412 555 1650 610 Σατανᾶ
1691 574 1747 610 κι

1893 556 2028 611 ΤΙΤ.
2066 558 2235 613 XXV.
2266 592 2327 606 .-
2367 558 2442 615 De
2469 558 2707 631 diabolo,
2760 561 2869 617 sive
2894 559 3128 627 Salano,
3160 570 3210 619 at
3258 524 3462 631 dmino-

828 616 1149 687 δαιμόνων.

252 746 275 779 ι
303 728 583 801 Ἕγενήθη
617 732 675 785 ὲν
704 732 782 804 τῷ
806 730 947 789 εῖναι
979 733 1196 805 πνεῦμα
1227 736 1464 806 πονηρὸν
1478 737 1571 790 ἐπὶ
1586 739 1776 804 Σαοὺλ,

2578 630 2755 687 nibus.

1954 740 2134 811 IReg.
2166 756 2280 805 xvi,
2305 741 2398 796 2‘5.
2423 771 2480 781 -—
2522 759 2541 792 ι
2579 742 2648 796 Ει
2717 741 2922 797 factum
2977 751 3085 809 est,
3139 758 3268 798 cum
3315 750 3463 811 esset

148 818 472 891 ἐλάμϐανε
495 823 663 883 Δαϐὶδ
679 825 781 897 τὴν
807 826 1060 897 κινύραν,
1094 828 1189 884 καὶ
1220 826 1446 897 ἔψαλλεν
1469 831 1526 881 ὲν
1546 832 1610 901 τῇ
1638 848 1747 901 χειρ

1880 834 2109 903 spiritus
2165 833 2342 889 malus
2385 833 2438 888 in
2498 831 2653 899 Saul,
2691 832 2858 887 David
2905 820 3130 888 tollebat
3188 835 3454 904 cinyram.

145 911 385 976 αὐτοῦ,
436 915 531 968 καὶ
558 916 797 988 ἀνέψυχε
825 919 1017 984 Σαοὺλ,
1054 919 1148 974 καὶ
1182 921 1451 989 ἀφίστατο
1490 924 1587 977 ἀπ’
1610 923 1775 978 αὑτοῦ

145 996 234 1049 τὸ
274 996 508 1069 πνεῦμα
533 1001 595 1054 τὸ
622 1005 884 1075 πονηρόν.
925 1025 945 1059 ι

249 1108 272 1141 ι
326 1091 503 1162 Ἐστη
542 1093 790 1161 διάϐολος
827 1098 886 1152 ὲν
905 1097 983 1169 τῷ
1019 1100 1255 1173 Ἰσραὴλ,
1280 1102 1375 1155 καὶ
1404 1102 1653 1159 ἐπέσεισε
1682 1106 1774 1160 τὸν

144 1181 358 1235 Δαϐὶδ
387 1184 697 1257 ἀριθμῆσαι
734 1188 825 1244 τὸν
871 1190 1109 1262 Ἰσραήλ.
1150 1213 1168 1245 ι

248 1293 271 1326 σ
332 1275 402 1329 Ἠ
426 1276 659 1347 δύναμις
703 1280 798 1335 τοῦ
847 1282 1066 1339 Σατανᾶ
1106 1287 1194 1340 ἐπ’
1230 1288 1477 1357 ὀμφαλοῦ
1509 1289 1770 1360 γαστρός.

147 1365 459 1437 Ἐστησεν
511 1369 679 1439 οὐρὰν
731 1371 899 1426 αὑτοῦ
946 1375 1023 1439 ώς
1062 1378 1520 1447 κυπαρίσσου,τά
1544 1380 1601 1435 δὲ
1650 1379 1771 1435 νεῢο

144 1476 241 1529 ρα
270 1460 451 1514 αὐτοῦ
479 1462 905 1532 συμπέπλεκται
930 1465 1125 1538 ὥσπερ
1157 1469 1407 1539 σχοινίον;
1447 1490 1466 1523 ι

246 1569 269 1602 ι
316 1550 381 1603 Ἥ
435 1552 582 1625 ψυχή
632 1555 798 1613 αὑτοῦ
856 1557 1150 1629 ἄνθρακες,
1182 1561 1216 1631 ή
1250 1560 1306 1613 δὲ
1354 1562 1551 1633 καρδία
1602 1564 1769 1618 αὐτοῦ

139 1640 430 1713 πέπηγεν
455 1643 646 1716 ὥσπερ
677 1646 916 1717 σίδηρος.
956 1649 1052 1713 Τίς
1097 1650 1442 1722 ἀποκαλύψει
1473 1656 1770 1725 πρόσωπον

139 1731 444 1796 ἐνδύσεως
499 1734 699 1801 αὑτοῦ,
751 1739 832 1799 εἰς
879 1737 936 1791 δὲ
977 1740 1173 1810 πτῆξιν
1208 1741 1456 1813 θώρακος
1495 1744 1660 1797 αὐτοῦ
1686 1745 1770 1809 τίς

138 1824 440 1894 είσέλθοις
470 1827 653 1891 Πύλας
678 1830 949 1900 στόματος
990 1832 1097 1904 πρὸ
1145 1834 1438 1905 προσώπου
1474 1837 1639 1891 αὐτοῦ
1679 1838 1764 1901 τίς

137 1917 412 1985 ἀνοίξεις
444 1920 659 1993 εΚύκλῳ
714 1923 942 1978 ὀδόντων
997 1924 1162 1979 αὐτοῦ
1213 1927 1398 1996 φόϐος,
1444 1927 1512 1981 τά
1554 1928 1763 1997 ἔγκατα

141 2008 335 2077 αὑτοῦ
357 2011 581 2079 ἀσπίδες
603 2012 819 2083 χαλκαῖ.
846 2016 941 2069 Ἐκ
964 2016 1230 2087 στόματος
1252 2018 1418 2071 αὐτοῦ
1434 2019 1761 2090 ἐκπορεύον-

141 2118 252 2154 ται
278 2101 566 2173 λαμπάδες
590 2106 903 2175 καιόμεναι,
929 2108 1025 2160 καὶ
1054 2108 1503 2179 διαρῤιπτοῦνται
1529 2112 1759 2183 ἐσχάραι

140 2195 365 2263 πυρός.
428 2194 524 2247 Ἐκ
576 2198 872 2266 μυκτήρων
918 2197 1084 2250 αὑτοῦ
1149 2198 1510 2269 ἐκπορεύεται
1552 2200 1759 2262 καπνὸς

143 2285 403 2354 καμίνου
434 2287 734 2357 καιομένης
769 2288 903 2356 πυρὶ
958 2288 1272 2359 ἀνθράκων.
1315 2290 1381 2342 Ἦ
1412 2291 1560 2361 ψυχὴ
1593 2292 1756 2346 αὑτοῦ

144 2376 448 2448 ᾅνθρακας
473 2376 677 2459 φλέξει,
733 2378 866 2448 φλὸξ
888 2379 945 2433 δὲ
991 2380 1057 2433 ἐκ
1088 2381 1355 2451 στόματος
1383 2384 1549 2437 αὐτοῦ
1589 2387 1754 2439 ἐκπο-

149 2466 410 2539 ρεύεται.
439 2469 791 2540 Ἕμπροσθεν
822 2470 987 2525 αὐτοῦ
1036 2475 1330 2545 προτρέχει
1380 2476 1647 2532 ἀπώλεια.
1690 2480 1755 2532 Ἥ

149 2560 426 2631 στρωμνὴ
458 2560 624 2625 αὐτοῦ
655 2560 929 2616 ὀϐελίσκοι
978 2563 1142 2631 ὀξεῖς,
1185 2568 1293 2630 πᾶς
1321 2568 1378 2621 δὲ
1426 2569 1626 2639 χρυσὸς
1660 2569 1753 2625 θα-

144 2650 375 2722 λάσσης
422 2653 513 2705 ὑπ’
544 2652 709 2706 αὐτὸν
733 2652 921 2726 ὥσπερ
954 2656 1124 2727 πηλὸς
1169 2658 1466 2729 ἀμύθητος.
1506 2680 1525 2712 ι

240 2763 260 2796 ι
302 2744 509 2812 Ἔδειξὲ
543 2763 635 2814 μοι
680 2746 884 2819 Κύριος
955 2749 1166 2818 Ἰησοῦν
1224 2751 1316 2805 τὸν
1358 2753 1510 2824 ίερὲα
1541 2752 1751 2807 ἑστῶτα

149 2835 273 2905 πρὸ
322 2836 621 2907 προσώπου
676 2839 912 2908 ἀγγέλου
966 2841 1217 2912 Κυρίου,
1277 2844 1373 2897 καὶ
1423 2847 1451 2898 6
1506 2845 1752 2908 διάϐολος

148 2928 413 2998 εἱστήκει
438 2929 503 2983 ἐκ
528 2929 719 2995 δεξιῶν
752 2932 937 2989 αὑτοῦ.
969 2934 1077 2986 Καὶ
1119 2930 1271 2997 εἶπεν
1302 2937 1330 2989 6
1364 2935 1596 3005 ἄγγελος
1616 2937 1751 3008 πρὸς

146 3021 252 3074 τὴν
284 3020 531 3078 διάϐολον
557 3039 571 3067 ε
639 3025 991 3095 Ἐπιτιμήσει
1023 3025 1229 3098 Κύριος
1268 3030 1327 3081 ὲν
1378 3030 1480 3095 σοὶ,
1510 3029 1744 3097 διάϐολε,

148 3114 257 3166 καὶ
283 3113 688 3185 ὀὲκλεξάμενος
723 3116 820 3186 τὴν
863 3118 1244 3189 Ἰερουσαλήμ.
1281 3140 1299 3178 ι

1877 936 1933 982 et
1961 927 2230 997 psallebat
2254 941 2421 981 manu
2451 941 2572 992 sua,
2607 932 2662 979 et
2694 924 3122 981 refocillabatur
3155 924 3311 990 Saul,
3367 939 3457 981 re-

1877 1018 2213 1088 cedebatque
2242 1017 2316 1073 ab
2348 1033 2413 1073 eo
2444 1017 2672 1087 spiritus
2716 1032 2975 1087 nequam.
3009 1036 3027 1068 ι

1947 1103 1978 1159 ι
2006 1104 2196 1159 Paral.
2255 1121 2371 1168 ut,
2418 1106 2470 1158 1.
2506 1135 2573 1145 —-
2618 1125 2636 1156 ι
2664 1105 3025 1161 Consurrexit
3086 1106 3339 1161 diabolus
3400 1105 3453 1171 in

1874 1197 2062 1263 Israel,
2096 1204 2153 1253 et
2180 1196 2431 1252 incitavit
2457 1204 2517 1251 ut
2546 1206 2873 1253 numeraret
2904 1198 3094 1252 Israel.
3131 1216 3151 1249 ι

1945 1286 2048 1343 Job
2102 1305 2192 1355 xc,
2223 1289 2310 1356 11,
2346 1289 2565 1343 12.-’‹
2605 1287 2899 1346 Fortitudo
2927 1289 3149 1347 Satanae
3182 1290 3236 1344 in
3263 1293 3455 1357 umbi-

1873 1380 1987 1435 lico
2046 1381 2278 1437 ventris.
2323 1380 2561 1435 Strinxit
2619 1381 2856 1435 caudam
2907 1382 3057 1436 velut
3104 1396 3449 1453 cypressum,

1871 1475 2026 1530 nervi
2062 1474 2184 1545 ejus
2209 1475 2477 1543 complexi
2513 1485 2645 1530 sunt
2673 1474 2821 1530 velut
2858 1472 3025 1529 funis.
3071 1492 3090 1527 ι

1946 1566 2047 1621 Job
2112 1580 2233 1631 xu,
2265 1567 2360 1631 ει,
2417 1567 2510 1629 24,
2558 1568 2645 1629 14,
2681 1566 2767 1629 l9,
2799 1564 2888 1620 '50.
2928 1596 2995 1607 —
3031 1584 3050 1617 ι
3090 1564 3288 1618 Anima
3329 1564 3449 1633 ejus

1872 1660 2142 1717 carbones
2178 1676 2223 1728 ε,
2249 1675 2346 1714 cor
2376 1669 2556 1713 autem
2595 1660 2716 1728 ejus
2764 1657 2964 1713 durum
2989 1664 3071 1712 est
3096 1663 3156 1710 ut
3216 1653 3446 1711 ferrum.

1872 1751 2010 1818 Quis
2066 1751 2329 1807 revelabit
2352 1750 2547 1807 faciem
2576 1751 2884 1806 indumenti
2932 1750 3095 1820 ejus?
3126 1748 3179 1803 in
3216 1747 3449 1818 compli—

1872 1845 2145 1899 cationem
2200 1854 2384 1899 autem
2443 1842 2686 1899 thoracis
2736 1841 2857 1909 ejus
2887 1841 3010 1911 quis
3061 1837 3447 1910 ingredietur?

1869 1935 2070 1990 Portas
2097 1935 2213 1989 oris
2258 1942 2389 1989 ante
2440 1933 2639 1989 faciem
2676 1934 2797 2003 ejus
2821 1934 2948 2002 quis
2973 1930 3223 2000 aperiet?
3251 1929 3311 1983 lu
3335 1929 3445 1983 cir-

1864 2028 2020 2081 cuitu
2053 2027 2299 2080 dentium
2324 2026 2452 2095 ejus
2482 2026 2669 2079 timor.
2698 2025 2929 2079 Viscera
2948 2023 3067 2093 ejus
3090 2030 3248 2077 scuta
3273 2035 3441 2076 aerea.

1862 2119 1943 2173 Ex
1986 2133 2082 2174 ore
2126 2117 2249 2188 ejus
2280 2116 2644 2187 egrediuntur
2706 2115 2991 2184 lampades
3049 2114 3326 2179 ardentes,
3391 2120 3445 2165 et

1860 2208 2235 2280 projiciunlur
2304 2223 2513 2263 acerra:
2574 2207 2744 2279 ignis.
2779 2206 2855 2261 Ex
2908 2203 3141 2259 naribus
3165 2204 3288 2271 ejus
3338 2204 3445 2257 erit

1862 2300 2044 2355 fumus
2091 2300 2337 2355 fornacis
2402 2298 2651 2354 ardentis
2693 2299 2821 2368 igne
2863 2298 3187 2351 carbonum.
3244 2294 3440 2348 Anima

1858 2392 1979 2461 ejus
2034 2391 2309 2446 carbones
2365 2390 2679 2446 accendet:
2729 2390 2950 2443 flamma
2997 2396 3178 2443 autem
3222 2401 3291 2440 ex
3347 2400 3443 2441 ore

1858 2481 2032 2550 ipsius
2056 2479 2357 2551 egreditur.
2377 2479 2516 2533 Ante
2536 2480 2715 2548 ipsum
2741 2478 2916 2533 currit
2950 2475 3207 2546 perditio.
3234 2474 3440 2529 Lectus

1855 2572 1978 2641 ejus
2012 2571 2151 2626 obeli
2178 2571 2347 2626 acuti.
2381 2569 2555 2626 Omne
2588 2585 2787 2623 aurum
2840 2568 3014 2623 maris
3044 2566 3148 2621 sub
3193 2566 3315 2633 ipso
3353 2573 3439 2620 est

1854 2664 2002 2719 velut
2042 2664 2221 2717 lutum
2246 2662 2650 2734 inexplicabile.
2696 2681 2713 2712 ι

1923 2753 2086 2809 Zach.
2138 2772 2218 2821 ιιι,
2255 2756 2306 2821 1,
2338 2756 2395 2810 2.
2434 2785 2504 2795 —
2549 2773 2567 2806 ‹
2594 2755 2658 2807 Et
2691 2753 2935 2809 ostendit
2963 2752 3095 2807 mihi
3154 2750 3429 2805 Dominus

1853 2846 2037 2901 Jesum
2098 2846 2440 2901 sacerdotem
2479 2860 2734 2915 magnum
2784 2850 3024 2899 stantem
3062 2850 3187 2896 aute
3235 2839 3431 2893 faciem

1852 2938 2027 3009 angeli
2082 2937 2322 3001 Domini,
2356 2946 2409 2992 et
2440 2936 2698 2994 diabolus
2746 2935 2929 2991 stabat
2968 2950 3007 3013 δ
3049 2933 3259 2987 dextris
3286 2931 3429 2999 ejus.

1853 3029 1917 3083 Et
1963 3030 2102 3085 dixit
2141 3029 2372 3098 angelus
2406 3029 2473 3084 ad
2515 3027 2797 3083 diabolum
2834 3026 3126 3093 :lucrepet
3166 3022 3431 3077 Dominus

1852 3122 1906 3175 in
1948 3106 2023 3188 te,
2062 3120 2374 3186 diabole,et
2396 3120 2490 3189 qui
2524 3118 2685 3189 elegit
2717 3116 3044 3172 Jerusalem.
3087 3134 3105 3166 ι

238 3225 261 3268 ς
299 3205 419 3269 Πῶς
442 3206 637 3261 ἔπεσεν
687 3208 752 3261 ἐκ
810 3209 904 3262 τοῦ
941 3200 1176 3281 οὐρανοῦ
1208 3213 1508 3284 ἑωσφόρος,
1541 3218 1570 3269 6
1599 3216 1743 3288 πρωῒ

1922 3211 2035 3266 Isa.
2063 3211 2484 3279 xiv,12-20.—t
2504 3211 2789 3277 Quomodo
2821 3208 3024 3265 cecidit
3053 3208 3120 3262 de
3146 3206 3284 3261 cmlo
3314 3203 3427 3258 Lu-

148 3295 491 3361 ἁνατέλλων,
556 3298 845 3369 συνετρίϐη
904 3301 984 3363 είς
1014 3300 1111 3371 τὴν
1154 3301 1279 3371 γῆν,
1320 3305 1348 3356 6
1396 3306 1741 3361 ἀποστέλλων

152 3387 302 3457 πρὸς
337 3388 516 3442 πάντα
544 3388 610 3444 τά
633 3389 763 3458 ἔθνη
786 3408 801 3456 ;
828 3391 901 3443 Σὺ
933 3390 990 3443 δὲ
1019 3389 1179 3457 εἶπας
1207 3395 1264 3446 ἐν
1296 3398 1359 3465 τῇ
1387 3398 1583 3469 καρδίᾳ
1608 3417 1701 3452 σου
1724 3418 1737 3431 ο

148 3478 255 3540 Είς
275 3476 365 3529 τὸν
388 3478 617 3549 οὐρανὸν
645 3480 987 3552 ἀναϐήσομαι
1015 3500 1028 3513 ·
1059 3483 1245 3537 ἐπάνω
1266 3485 1373 3539 τῶν
1402 3488 1617 3558 ἄστρων
1646 3491 1739 3543 τοῦ

147 3565 385 3636 οὐρανοῦ
416 3566 565 3636 θήσω
582 3567 672 3620 τὸν
690 3567 879 3638 θρόνον
899 3584 1021 3640 μου.
1048 3571 1274 3625 Καθίσω
1301 3574 1357 3627 ἐν
1387 3574 1499 3647 ὄρει
1528 3575 1736 3648 ὑψηλῷ,

147 3658 251 3728 επὶ
293 3656 361 3709 τὰ
382 3656 480 3729 ὅρη
496 3657 565 3711 τά
587 3659 767 3731 ὑψηλά
782 3660 916 3732 πρὸς
943 3661 1146 3735 βορρᾶν
1171 3665 1536 3736 ἀναϐήσομαι,
1555 3670 1739 3724 ἐπάνω

146 3750 266 3803 τῶν
288 3749 522 3818 νεφελῶν
551 3767 564 3780 ·
597 3751 791 3823 ἔσομαι
828 3754 1030 3823 ὅμοιως
1048 3756 1126 3824 τῷ
1147 3754 1405 3827 Ὑψίστου.
1434 3759 1550 3813 Νῦν
1576 3759 1632 3813 δὲ
1659 3763 1739 3826 είς

148 3841 286 3913 ᾅδου
310 3841 615 3916 καταϐήσῃ,
636 3845 732 3897 καὶ
748 3846 828 3908 είς
847 3846 916 3897 τὰ
934 3846 1161 3915 θεμέλια
1181 3847 1278 3917 τῆς
1297 3848 1422 3918 γῆς.
1447 3852 1509 3903 Oi
1540 3851 1737 3918 ἰδόντες

152 3950 219 3987 σε
237 3931 602 4004 θαυμάσουσιν
618 3936 711 3990 ἐπὶ
731 3937 836 4003 σοὶ,
850 3939 945 3991 καὶ
960 3938 1177 4009 ἐροῦσιν
1192 3954 1205 3965 ·
1225 3935 1391 4005 Οὗτος
1406 3943 1433 3994 6
1454 3945 1549 3999 ἀνθ
1558 3963 1737 4016 ρωπος

149 4026 184 4095 6
211 4025 521 4097 παροξύνων
543 4027 639 4101 τὴν
653 4028 778 4098 γῆν,
803 4030 963 4089 σείων
992 4029 1249 4100 βασιλεῖς,
1273 4035 1301 4086 6
1318 4033 1429 4098 θεὶς
1447 4037 1738 4108 τὴνοίκου-

155 4116 327 4188 μένην
349 4118 474 4188 ὅλην
496 4118 938 4193 ἔρημον,καὶτάς
955 4124 1137 4189 πόλεις
1161 4125 1567 4192 καθεῖλεν,τοϋς
1588 4130 1644 4183 δὲ
1678 4133 1735 4184 ἐν

151 4211 422 4281 ᾴπαγωγῇ
456 4211 556 4263 οὐκ
614 4212 823 4267 ἔλυσεν.
884 4214 1093 4279 Πάντες
1129 4218 1179 4269 οἱ
1219 4216 1466 4287 βασιλεῖς
1498 4220 1601 4289 τῆς
1630 4221 1734 4289 γῆς

1859 3302 2018 3367 cil'er,
2038 3303 2129 3372 qui
2162 3318 2319 3357 mane
2340 3303 2660 3369 oriebatur;
2694 3300 2973 3355 contritus
3003 3306 3086 3354 est
3117 3298 3171 3352 in
3197 3307 3424 3362 terram,

1849 3394 1940 3463 qui
1978 3392 2229 3449 mittebat
2260 3395 2326 3448 ad
2352 3409 2540 3449 omnes
2558 3393 2793 3465 gentes?
2816 3392 2895 3446 Tu
2934 3399 3116 3445 autem
3161 3388 3345 3443 dixisti
3371 3389 3425 3442 in

1848 3468 2016 3540 corde
2039 3494 2135 3538 tuo
2170 3503 2181 3538 :
2205 3482 2261 3537 In
2286 3486 2485 3539 caelum
2505 3483 2877 3538 conscendam
2908 3498 2920 3533 :
2948 3496 3114 3550 super
3135 3491 3284 3534 astra
3298 3478 3423 3533 cmli

1848 3592 2044 3646 ponam
2085 3576 2344 3629 thronum
2378 3590 2582 3631 meum.
2619 3572 2831 3629 Sedebo
2858 3573 2914 3626 in
2956 3580 3144 3626 monte
3174 3570 3424 3632 sublimi,

1846 3682 2014 3737 super
2032 3674 2249 3721 montes
2262 3666 2508 3721 excelsos
2530 3666 2596 3719 ad
2613 3665 2925 3733 aquilonem
2949 3662 3242 3717 ascendam
3262 3674 3426 3729 super

1844 3758 2059 3824 nubes;
2082 3771 2177 3812 ero
2201 3754 2402 3810 similis
2438 3753 2746 3809 Altissimo.
2774 3750 2931 3805 Nunc
2960 3759 3141 3804 autem
3165 3749 3220 3802 in
3254 3747 3425 3802 infcr-

1844 3864 1975 3903 num
2031 3846 2357 3910 descendes,
2388 3852 2441 3899 et
2473 3844 2539 3898 ad
2573 3843 2937 3898 fundamenta
3001 3851 3178 3896 terrze.
3206 3842 3309 3908 Qui
3372 3850 3423 3896 te

1842 3938 2100 4003 viderint,
2140 3938 2492 3991 mirabuntur
2520 3951 2691 4006 super
2720 3944 2793 4001 te,
2838 3945 2893 3990 et
2938 3934 3122 3989 dicent
3159 3952 3172 3987 :
3212 3933 3313 3989 llic
3338 3942 3423 3989 est

1842 4033 2005 4087 homo
2037 4031 2265 4085 irritans
2298 4038 2524 4095 terram,
2558 4029 2652 4100 qui
2681 4028 2965 4084 concussit
2988 4043 3165 4097 reges,
3202 4028 3294 4097 qui
3324 4044 3420 4096 po-

1842 4123 1951 4177 suit
1977 4129 2153 4177 totum
2184 4121 2372 4175 orbem
2414 4120 2467 4174 in
2493 4120 2803 4184 desertum,
2835 4127 2889 4175 et
2920 4118 3173 4173 civitates
3225 4112 3416 4181 diruit‘,

1840 4228 1936 4269 eos
1960 4221 2141 4266 autem
2173 4210 2268 4281 qui
2299 4210 2651 4265 ducebantur
2674 4224 2785 4266 non
2808 4208 2996 4264 solvit.
3031 4207 3234 4263 Omnes
3261 4222 3418 4277 reges

152 4301 526 4373 ἐκοιμήθησαν
563 4302 620 4356 ἐν
651 4306 809 4375 τιμῇ,
849 4306 1141 4377 ἄνθρωπος
1166 4309 1224 4361 ὲν
1266 4310 1346 4380 τῷ
1375 4311 1511 4381 οἴκῳ
1540 4288 1728 4366 αὐτοῧ.

1864 4322 2001 4362 erm:
2027 4306 2375 4362 dormierunt
2407 4306 2462 4360 in
2505 4306 2737 4369 honore,
2786 4288 3036 4359 homoin
3063 4304 3228 4358 domo
3290 4317 3412 4359 sua.

154 4392 231 4463 Σὺ
257 4392 312 4445 δὲ
341 4394 545 4465 ριφήσῃ
573 4396 631 4448 ὲν
656 4398 770 4461 τοῖς
794 4398 980 4467 ὄρεσιν
1003 4399 1078 4463 ὡς
1094 4401 1291 4471 νεκρὸς
1316 4402 1731 4473 ὲϐδελυγμένος,

1864 4399 1921 4453 l‘u
1979 4407 2161 4453 autem
2220 4396 2531 4468 projicieris
2563 4396 2617 4450 in
2652 4396 2930 4450 montibus
2973 4395 3120 4451 sicut
3165 4403 3416 4449 mortuus

157 4483 298 4555 μετά
326 4483 535 4554 πολλῶν
578 4487 920 4556 τεθνηκότων
949 4492 1430 4562 ἐκκεκεντημένων
1464 4496 1727 4568 μαχαίρᾳ,

1864 4490 2250 4553 ιὶιοιιιίιιιιιιίιίε,
2277 4504 2402 4543 cum
2460 4488 2649 4544 multis
2675 4487 2953 4543 confossis
2982 4486 3163 4558 gladio
3187 4486 3415 4542 descenw

154 4576 590 4631 καταϐαινόντων
628 4579 709 4641 είς
738 4579 887 4651 ᾅδου.
926 4584 1022 4634 Ὃν
1060 4583 1262 4653 τρόπον
1287 4584 1395 4654 γὰρ
1430 4586 1647 4655 ἱμάτιον
1671 4589 1728 4641 ὲν

1864 4584 2101 4640 Ientibus
2154 4582 2210 4637 in
2286 4581 2589 4636 infernum.
2657 4580 2947 4646 Quomodo
3018 4580 3413 4637 vestimentum

152 4669 337 4739 αἵματι
353 4670 700 4741 πεφυρμένον
720 4673 820 4725 οὑκ
841 4672 995 4727 ἔσται
1018 4672 1278 4744 καθαρὴν,
1303 4675 1424 4727 οὐδὲ
1443 4675 1540 4748 ἔσῃ
1562 4678 1731 4732 καθα-

1866 4675 2187 4731 ommistum
2239 4674 2508 4743 sanguine
2562 4671 2727 4744 450
2775 4688 2884 4726 non
2936 4672 3044 4727 erit
3120 4672 3411 4733 mundum,

154 4759 281 4833 ρὸς·
318 4760 506 4833 διόπερ
538 4763 636 4833 τήν
706 4764 812 4834 γῆν
858 4782 962 4834 μου
997 4764 1310 4829 ἀπώλεσας,
1363 4767 1576 4821 καὶτὸν
1604 4768 1731 4823 λαόν

1866 4768 1914 4821 ic
1942 4782 2045 4822 nec
2066 4767 2182 4821 eris
2208 4763 2478 4829 mundus,
2518 4764 2649 4832 quia
2695 4773 2898 4817 terram
2933 4778 3108 4817 meam
3172 4763 3406 4833 perdidi-

158 4869 262 4923 μου
288 4852 631 4918 ἀπέκτεινας,
672 4853 824 4925 λέγει
860 4857 1087 4926 Κύριος.
1122 4877 1140 4907 ι

1865 4858 1929 4923 ti,
1951 4864 2006 4911 et
2035 4856 2299 4927 p0pulum
2332 4869 2513 4909 meum
2551 4852 2906 4918 interfecisti,
2936 4852 3405 4907 dicitDominus.»

173 4935 177 4938 ’
236 4962 254 4997 ι
292 4944 443 5009 Δόλος
470 4946 529 5000 ἐν
562 4948 628 5017 τῇ
658 4947 806 5017 χειρὶ
823 4947 1015 5015 αὑτοῦ,
1034 4948 1130 5003 καὶ
1154 4950 1211 5003 ὲν
1236 4954 1301 5022 τῇ
1334 4950 1531 5022 καρδίᾳ
1561 4952 1727 5006 αὑτοῦ

1902 4948 2061 5022 Dau._
2091 4963 2211 5012 vut,
2275 4946 2368 5001 ‘25.
2404 4977 2474 4986 —
2506 4965 2525 4997 ι
2562 4944 2729 5001 Dolus
2767 4946 2823 5000 in
2873 4961 3035 4999 manu
3066 4945 3213 5015 ejus.
3242 4951 3298 4999 et
3353 4945 3408 4997 in

1830 5042 1997 5096 corde
2038 5020 2142 5095 suo
2176 5037 2642 5108 magniﬁcabitur,
2682 5046 2738 5092 et
2785 5038 2913 5092 dolo
2949 5038 3153 5091 multos
3194 5035 3405 5103 perdet,

1828 5142 1883 5188 et
1914 5134 1966 5187 iu
2002 5131 2311 5203 perditione
2343 5130 2641 5183 multorum
2670 5130 2859 5185 stabit.
2886 5147 2904 5179 ι

1899 5223 2027 5292 Sap.
2064 5240 2123 5289 ιι,
2155 5222 2246 5276 24.
2274 5253 2344 5265 --
2380 5240 2398 5274 ι
2431 5220 2642 5276 Invidia
2674 5220 2880 5276 diaboli
2922 5231 3071 5274 mors
3096 5215 3319 5269 intravit
3349 5216 3403 5270 in

1829 5314 2117 5370 mundum.
2150 5332 2168 5365 ι

1901 5405 2095 5461 Matth.
2148 5422 2220 5470 Iv,
2254 5406 2405 5461 1-10.
2430 5436 2501 5447 —-
2539 5424 2557 5458 ι
2592 5403 2749 5459 Tunc
2793 5401 2957 5456 Jesus
3011 5399 3404 5453 adductusest

1826 5501 1881 5555 in
1913 5500 2190 5555 desertum
2217 5515 2246 5552 ιι
2279 5498 2509 5568 Spiritu,
2546 5504 2605 5550 ut
2651 5502 2958 5549 tentaretur
2985 5506 3015 5545 a
3055 5489 3307 5555 diabolo;
3347 5497 3403 5545 et

1830 5609 1954 5647 cum
1980 5592 2294 5661 jejuuasset
2324 5591 2693 5661 quadraginta
2722 5587 2916 5643 diebus
2948 5595 3003 5641 et
3035 5583 3400 5656 quadraginta

1826 5684 2108 5747 noctibus,
2141 5692 2327 5752 postea
2363 5682 2579 5736 esuriit.
2630 5679 2693 5733 Et
2720 5677 2988 5733 accedens
3023 5682 3284 5739 tentator,
3318 5675 3400 5730 di-

1828 5775 1903 5829 xit
1939 5774 2013 5830 illi
2046 5790 2062 5829 :
2103 5775 2158 5829 Si
2182 5774 2353 5830 Filius
2385 5774 2476 5829 Dei
2507 5790 2588 5839 es,
2615 5773 2704 5827 dic
2734 5780 2793 5826 ut
2838 5770 3043 5840 lapides
3074 5769 3164 5824 isti
3228 5783 3399 5838 panes

1828 5868 1975 5924 ﬁant.
2014 5869 2078 5924 At
2112 5866 2201 5927 ille
2252 5864 2591 5923 resoondcus
2624 5865 2699 5923 ait
2743 5884 2753 5919 :
2786 5864 3062 5927 Scriptum
3091 5874 3172 5923 est
3202 5881 3215 5917 :
3269 5863 3390 5919 Non

160 5034 637 5106 μεγαλυνθήσεται,
690 5040 787 5092 καὶ
844 5039 984 5109 δόλῳ
1026 5040 1311 5112 διαφθερεῖ
1351 5043 1599 5107 πολλοὺς,
1634 5046 1728 5099 καὶ

156 5126 246 5185 ἐπ’
269 5126 505 5198 ἀπωλείᾳ
528 5127 743 5182 πολλῶν
777 5130 1056 5199 στήσεται.
1102 5150 1119 5183 ι

236 5236 255 5270 ι
284 5219 455 5291 Φθόνῳ
492 5220 739 5291 διαϐόλου
793 5222 1025 5292 θάνατος
1079 5224 1161 5286 εἰς
1211 5222 1304 5276 τὸν
1350 5225 1564 5296 κόσμον
1610 5227 1725 5280 εἰσ-

157 5310 332 5383 ῆλθεν.
370 5331 388 5363 ι
968 5358 973 5361 λ

233 5419 254 5455 ι
295 5403 419 5457 Τότε
471 5404 682 5475 Ἰησοῦς
735 5405 947 5477 ἀνήχθη
996 5405 1103 5460 ὑπὸ
1158 5408 1255 5460 τοῦ
1295 5408 1611 5481 Πνεύματος
1645 5414 1723 5476 εἰς

156 5496 256 5567 τήν
288 5495 484 5567 ἔρημον
553 5497 922 5568 πειρασθῆναι
974 5498 1081 5552 ὑπὸ
1131 5499 1226 5552 τοῦ
1292 5500 1577 5555 διαϐόλου·
1630 5502 1725 5555 καὶ

158 5587 446 5657 νηστεύσας
489 5589 704 5660 ἡμέρας
746 5591 1178 5661 τεσσαράκοντα,
1243 5592 1338 5645 καὶ
1395 5599 1447 5662 μ’
1498 5594 1721 5661 νύκτας,

160 5678 373 5751 ὕστερον
414 5681 693 5735 ὲπείνασε.
720 5683 830 5735 Καὶ
852 5683 1165 5753 προσελθὼν
1194 5684 1342 5754 αὐτῷ
1368 5687 1394 5737 ὁ
1424 5686 1722 5756 πειράζων,

160 5765 329 5822 εἶπεν
360 5771 422 5823 Εἰ
449 5770 575 5835 Υἱὸς
606 5766 658 5824 εἴ
690 5771 788 5826 τοῦ
838 5771 998 5837 Θεοῦ,
1032 5773 1154 5827 εἰπὲ
1193 5774 1281 5828 ἵνα
1321 5776 1369 5827 οἱ
1394 5774 1531 5828 λίθοι
1578 5772 1722 5830 οὗτοι

162 5860 308 5937 ᾅρτοι
329 5861 609 5931 γένωνται.
660 5866 718 5919 Ὀ
753 5865 808 5920 δὲ
838 5866 1157 5941 ἀποκριθεὶς
1185 5862 1331 5920 εἴπε’
1369 5867 1682 5942 Γέγραπται
1705 5885 1717 5898 ο
