3968 6410
84 390 234 457 1409

1290 382 1295 387 ‘
1352 366 1585 429 SACRA
1624 362 2066 429 PARALLELA

3212 364 3347 429 1410

83 509 192 561 τὸν
229 504 331 576 μὲν
360 498 655 554 διεσώσατο
709 493 807 562 τῆς
842 488 1066 559 ἀγάπης
1100 488 1197 540 τοῦ
1226 485 1363 539 Θεοῦ
1394 482 1677 576 τδπὰχρρε-

1811 477 2183 534 'ot'e'r‘at'eriim
2218 477 2270 530 et
2299 474 2390 530 ille
2421 488 2449 528 a
2482 475 2590 531 Deo
2620 473 2956 541 desciscere,
3002 483 3058 530 et
3108 474 3197 533 hic
3238 495 3349 534 non

87 573 252 662 στον,
279 594 371 648 τὸν
397 591 454 646 δὲ
483 587 788 658 ἀπόϐλητον
832 581 1029 646 ἔδειξεν
1064 581 1097 651 ὴ
1128 582 1193 634 ὲκ
1231 576 1366 631 Θεοῦ
1392 573 1679 645 ἀναχώρη-

89 707 212 753 atq.

172 860 350 919 Πόθεν
388 852 483 915 οὗν
515 854 666 925 αὐτῷ
694 855 724 911 ὁ
753 854 889 924 πρὸς
936 850 1083 923 ἡμᾶς
1132 847 1370 917 πόλεμος
1396 864 1412 911 ;
1440 847 1561 898 Ὅτι
1596 844 1674 897 δο-

1779 571 2031 626 excidere
2067 588 2080 622 :
2121 577 2174 622 at
2207 568 2362 621 illum
2389 567 2609 638 quidem
2644 567 2993 637 inexplebilis
3018 582 3145 638 erga
3179 566 3350 623 Deum

1780 662 2027 715 charitas
2050 659 2396 714 conservavit
2428 676 2443 724 ;
2478 659 2607 715 huic
2636 674 2767 713 vero
2808 673 3003 713 rursus
3037 659 3279 713 secessio
3322 674 3354 712 a

1782 754 1892 808 Deo
1923 753 2029 807 hoc
2054 752 2261 816 attulit,
2291 759 2352 804 ut
2382 751 2701 821 cjiceretur.

1853 845 2044 914 Ejusd.
2067 846 2197 898 ibid.
2236 873 2303 884 —-
2324 843 2463 910 Quid
2492 859 2675 899 causae
2707 844 2874 913 igitur
2904 850 2988 899 est
3017 858 3116 898 cur
3136 843 3357 899 diabolu

89 911 342 1025 χεῖον
373 911 559 1020 πάσης
612 911 832 1009 κακίας,
865 911 1086 1008 ἐδέξατο
1116 942 1209 996 καὶ
1235 911 1332 994 τοῦ
1358 940 1554 1007 φθόνου
1581 936 1681 1007 τὴν

1811 952 1896 991 um
1928 937 2218 991 adversum
2254 950 2358 990 nos
2403 935 2745 1004 susceperit?
2790 933 2954 1000 Quia,
3001 950 3127 989 cum
3177 911 3401 999 omnis;

88 1048 285 1109 νόσον,
321 1044 417 1099 καὶ
442 1041 747 1110 ὶδάσκηνεν
775 1038 909 1108 ἡμῖν
945 1036 1045 1103 τῆς
1075 1034 1260 1104 τιμῆς.
1288 1032 1362 1085 Οὐ
1392 1031 1500 1098 γὰρ
1520 1028 1684 1098 ἤνεγ-

91 1156 171 1192 κε
203 1139 306 1207 τὴν
332 1136 541 1190 ἄλυπον
595 1131 751 1202 ἡμῶν
812 1128 955 1199 ζωὴν
987 1126 1086 1197 τὴν
1122 1127 1178 1179 ὲν
1202 1124 1278 1192 τῷ
1342 1122 1681 1191 παραδείσῳ,

88 1230 278 1292 δόλοις
293 1226 454 1281 δὲκαὶ
481 1223 698 1296 μηχανή
708 1238 871 1292 μασιν
900 1218 1250 1287 ἐξαπατήσας
1268 1214 1356 1267 τον
1374 1211 1682 1281 ἄνθρωπον,

94 1322 200 1374 καὶ
229 1319 329 1389 τὴν
359 1313 657 1385 ἐπιθυμίαν
680 1310 845 1365 αὑτοῦ
867 1310 936 1379 ἦν
966 1307 1125 1378 ἔσχεν
1162 1305 1296 1377 πρὸς
1322 1303 1382 1357 τὸ
1416 1299 1686 1371 ὁμοιωθῆ-

91 1429 196 1466 ναι
224 1410 366 1479 Θεῷ,
396 1407 570 1479 ταύτῃ
613 1404 750 1475 πρὸς
805 1400 907 1472 τὴν
957 1399 1173 1468 ἀπάτην
1204 1394 1682 1465 ἀποχρησάμενος,

92 1500 278 1566 ἔδειξε
313 1500 375 1553 τὸ
407 1498 586 1563 ξύλον,
632 1495 731 1549 καὶ
768 1490 1134 1562 ἐπηγγείλατο
1186 1488 1274 1541 διὰ
1305 1488 1403 1556 τῆς
1429 1484 1686 1557 βρώσεως

96 1594 275 1650 αὐτοῦ
305 1594 494 1663 ὅμοιον
518 1587 637 1658 Θεῷ
678 1585 1067 1656 καταστήσειν.
1126 1582 1261 1634 Ἐὰν
1286 1578 1395 1649 γὰρ
1433 1576 1682 1647 φάγητε,

99 1688 305 1759 φησὶν,
336 1685 555 1739 ἔσεσθε
593 1679 674 1745 ὡς
705 1677 852 1741 θεοὶ,
912 1676 1315 1745 γινώσκοντες
1352 1672 1547 1724 καλὸν
1588 1665 1690 1720 καί

98 1777 404 1847 πονηρόν.
434 1775 549 1828 Οὐκ
603 1770 797 1842 ἐχθρὸς
850 1769 1031 1821 τοίνυν
1078 1766 1212 1836 ἡμῖν
1247 1760 1684 1830 κατεσκευάσθη,

1786 1028 2100 1082 vitiositatis
2146 1026 2604 1097 conceptaculum
2679 1034 2843 1085 esset.
2898 1027 3091 1082 livoris
3139 1012 3397 1101 quoque,

1785 1120 2039 1174 morbum
2072 1121 2311 1189 excepit,
2347 1129 2401 1174 et
2447 1128 2696 1173 nostrum
2732 1118 2894 1171 nobis
2926 1117 3190 1172 honorem
3218 1118 3361 1172 invi-
3394 1110 3398 1117 ’

1786 1211 1881 1263 dit.
1924 1208 2110 1280 Neque
2155 1211 2301 1264 enim
2341 1218 2591 1265 nostram
2633 1209 2686 1263 in
2724 1208 2984 1279 paradiso
3017 1211 3188 1264 vitam
3239 1225 3362 1264 mo-
3394 1192 3406 1251 οξ

1786 1301 1956 1355 lestiae
1990 1300 2174 1356 omnis
2205 1308 2486 1371 expertem
2536 1299 2681 1355 l‘errc
2726 1301 2902 1370 potuit
2945 1316 2960 1354 :
2996 1315 3190 1356 verum
3216 1302 3362 1356 dolis

1786 1404 1840 1447 et
1865 1392 2024 1446 malis
2064 1394 2277 1448 artibus
2322 1393 2595 1448 hominem
2657 1392 2964 1447 ludilicatus
2999 1401 3103 1457 est,
3152 1408 3363 1462 suaque

1787 1483 1877 1537 illa
1910 1482 2237 1551 cupiditate,
2265 1500 2372 1553 qua
2405 1482 2517 1538 Deo
2544 1483 2664 1538 ﬁeri
2699 1483 2933 1537 similem
2960 1483 3361 1552 expetebat,ad

1788 1572 2036 1627 fraudem
2087 1574 2388 1639 abutendo,
2432 1573 2637 1645 lignum
2688 1573 3042 1639 monstravit,
3081 1589 3251 1644 seque
3291 1575 3365 1627 fa-

1789 1672 2009 1717 cturum
2042 1666 2325 1734 pollicitus
2359 1674 2444 1720 cst
2496 1674 2573 1727 ut,
2619 1665 2665 1720 si
2707 1681 2774 1720 ex
2812 1680 2879 1719 eo
2915 1665 3125 1732 ederet,
3158 1664 3252 1720 Dei
3288 1646 3367 1720 sil-

1791 1754 2180 1811 ntilitudinem-
2208 1757 2629 1827 adipisceretur.
2689 1754 2749 1809 Si
2803 1756 2948 1811 enim
3009 1756 3363 1819 comederitis,

98 1870 227 1924 ἀλλ’
255 1833 329 1923 ἐκ
373 1833 719 1938 ζηλοτυπίας⁷
744 1863 876 1933 ἡμῖν
911 1862 991 1923 εἰς
1040 1833 1243 1928 εχθραν
1296 1851 1686 1920 ἀντικατέστη.

1814 1848 1995 1915 nquit,
2047 1848 2197 1901 eritis
2230 1849 2366 1902 sicut
2419 1848 2519 1911 dii,
2555 1847 2778 1901 scientes
2817 1845 3009 1900 bonum
3067 1855 3118 1899 et
3164 1846 3367 1899 malum

112 1961 296 2030 Ὀρῶν
328 1959 436 2030 γὰρ
468 1956 660 2011 ἑαυτὸν
689 1957 753 2008 ὲκ
772 1953 880 2007 τῶν
926 1948 1178 2019 ἀγγέλων
1244 1943 1529 2016 ριφθέντα,
1585 1942 1685 1994 οὐκ

96 2054 276 2123 ἔφερε
296 2052 517 2123 βλέπειν
544 2051 635 2103 τον
659 2049 845 2118 γήϊνον
884 2052 963 2109 είς
984 2043 1082 2113 τὴν
1116 2040 1274 2105 ἀξίαν
1302 2036 1410 2090 τῶν
1440 2034 1690 2104 ἀγγέλων

96 2147 200 2202 διὰ
255 2142 542 2215 προκοπῆς
595 2139 990 2209 ἀνυψούμενον.
1052 2131 1273 2202 Ἐπειδὴ
1330 2124 1423 2183 οῦν
1465 2127 1688 2196 γέγονεν

102 2236 307 2309 ἐχθρὸς
339 2235 518 2306 ήμῶν,
553 2231 820 2301 ἐφύλαξεν
847 2230 979 2300 ἡμῖν
1002 2228 1030 2279 ὁ
1054 2225 1185 2287 Θεὸς
1220 2222 1319 2293 τὴν
1349 2217 1689 2309 πρὸςαὺτὸν

101 2306 454 2389 ἐναντίωσιν,
476 2324 543 2377 δι’
559 2324 627 2395 ἢν
651 2321 730 2390 τῷ
752 2314 1228 2388 ὑπηρετησαμένῳ
1253 2308 1403 2378 αὑτῷ
1418 2306 1687 2373 διελέγετο

103 2420 252 2489 πρὸς
281 2418 443 2472 αὑτὸν
485 2416 582 2487 τὴν
615 2411 869 2483 ἀπειλὴν,
902 2410 984 2463 ὃτι
1017 2408 1283 2476 Ἕχθραν
1334 2402 1501 2467 θήσω
1534 2399 1691 2489 diu-

102 2484 307 2575 μέσον
322 2520 459 2570 σου,
492 2484 589 2558 κάκ
617 2500 927 2570 ἀναμέσων
959 2491 1065 2551 τοῦ
1102 2493 1446 2562 σπέρματος
1478 2484 1688 2557 αὐτῆς.

1796 1936 1949 2007 (Gen.
1984 1954 2066 2003 ιιι,
2102 1939 2178 2009 5).
2224 1937 2496 2005 Quocirca
2543 1954 2649 1993 non
2701 1938 2865 1994 nobis
2901 1938 3078 1993 hostis
3110 1936 3368 1993 conditus

1792 2038 1900 2094 est,
1934 2031 2028 2087 sed
2073 2046 2142 2086 ex
2183 2030 2485 2087 invidentia
2532 2034 2589 2085 in
2633 2030 2820 2085 odium
2874 2030 3048 2084 nostri
3096 2027 3365 2098 prorupit.

1791 2116 1929 2172 Nam
1955 2133 2079 2173 cum
2108 2134 2169 2174 sc
2192 2119 2260 2175 ab
2286 2120 2602 2190 angelorum
2634 2120 2810 2174 classe
2836 2118 3075 2186 ejectum
3110 2118 3225 2187 ipse
3247 2130 3384 2170 cer-

1794 2218 1973 2279 neret,
2007 2226 2132 2266 eum
2164 2214 2257 2282 qui
2292 2220 2553 2268 terrenus
2577 2221 2723 2268 esset
2752 2210 2819 2265 ad
2853 2212 3169 2281 angelorum
3200 2207 3379 2278 digni-

1795 2311 1968 2356 tatem
1997 2314 2247 2360 evectum
2275 2305 2466 2361 videre
2501 2320 2607 2360 non
2632 2310 2877 2374 poterat.
2903 2303 3174 2369 Quoniam
3207 2301 3374 2370 igitur

1797 2394 1975 2452 hostis
2018 2407 2210 2453 noster
2247 2398 2477 2453 eﬂ‘ectus
2513 2405 2622 2463 est,
2676 2397 2886 2450 idcirco
2920 2394 3067 2450 Deus
3102 2393 3207 2447 hoc
3238 2391 3369 2461 egit,

1801 2493 1862 2541 ut
1887 2487 2008 2557 ejus
2042 2488 2345 2544 adversarii
2374 2502 2664 2554 essemus;
2716 2486 2847 2540 dum
2882 2485 3115 2541 bestiam
3147 2498 3270 2555 qua
3294 2482 3372 2543 itii

106 2611 336 2667 operam
396 2601 716 2659 navaverat,
747 2584 1157 2650 comminando.
1188 2583 1269 2642 sic
1297 2581 1453 2638 illum
1478 2577 1749 2632 allocutus
1782 2584 1871 2631 est
1913 2591 1929 2629 :
1981 2577 2305 2633 Inimicitias
2370 2594 2567 2648 ponam
2622 2578 2761 2631 inter
2804 2585 2877 2640 te,
2918 2584 2968 2630 et
3018 2577 3155 2629 inter
3202 2589 3375 2629 semen

105 2694 232 2763 ejus
262 2691 427 2763 (Ibid.
458 2690 572 2761 ts).

200 2788 429 2860 Ἐπειδῆ
444 2787 667 2855 γέγονεν
694 2778 1009 2850 ἀποστάτης
1026 2779 1055 2831 δ
1078 2775 1346 2839 διάϐολος,
1372 2768 1566 2842 ὲχθρδς
1592 2770 1692 2838 μὲν

108 2881 291 2947 Θεοῦ,
319 2880 512 2952 ἐχθρὸς
545 2877 605 2933 δὲ
634 2875 745 2930 τῶν
786 2870 1114 2944 ἀνθρώπων,
1166 2866 1277 2921 τῶν
1328 2863 1451 2919 κατ’
1507 2860 1695 2914 είκόνα

106 2971 255 3027 Θεοῦ
306 2967 715 3041 γεγενημένων,
769 2963 859 3017 διά
907 2960 1067 3016 τοῦτό
1126 2961 1243 3013 ἐστι
1287 2954 1693 3041 μισάνθρωπος·

111 3065 261 3121 διότι
284 3039 701 3131 καὶίθεομάχος,
730 3056 826 3113 καὶ
852 3056 1002 3127 μισεῖ
1024 3053 1174 3124 ἡμᾶς
1201 3049 1277 3113 ὡς
1300 3047 1576 3118 κτίσματα
1600 3039 1698 3096 τοῦ

1873 2761 2107 2816 Ibid.--
2128 2761 2403 2829 Quoniam
2442 2760 2696 2815 diabolus
2726 2759 2928 2814 defecit
2956 2757 3373 2828 rebellavitque,

1800 2867 1865 2908 ac
1897 2868 2021 2907 cum
2047 2852 2169 2921 Dei,
2198 2862 2311 2907 tum
2338 2855 2500 2907 etiam
2526 2852 2831 2917 hominum,
2854 2850 2949 2920 qui
2981 2848 3049 2903 ad
3083 2849 3375 2920 imaginem

1806 2943 1899 3000 Dei
1923 2945 2135 3000 conditi
2168 2952 2321 3011 sunt,
2356 2945 2566 2998 hostem
2598 2958 2657 2999 se
2688 2926 2981 3012 professus
3015 2949 3120 3006 est,
3150 2941 3222 2994 ob
3255 2955 3377 2995 eam

1803 3050 2027 3091 causam
2051 3036 2303 3091 homines
2329 3035 2469 3100 odit,
2505 3037 2636 3103 quia
2670 3033 2763 3089 Dei
2794 3050 3021 3104 quoque
3046 3043 3133 3089 est
3162 3033 3375 3097 hostis;

112 3152 419 3217 Δεσπότου,
461 3124 560 3203 καὶ
588 3124 665 3212 ti);
693 3124 948 3217 ὁμοίωμα
992 3139 1161 3195 Θεοῦ⁶
1188 3138 1283 3193 καὶ
1325 3133 1699 3230 συνεχρήσατο

1811 3141 2019 3197 nosque
2044 3141 2146 3183 ceu
2176 3124 2395 3181 Domini
2432 3134 2743 3192 creaturas,
2773 3127 2937 3196 cuius
2974 3135 3029 3181 et
3055 3124 3377 3181 similitudi-

111 3242 291 3298 αὐτοῦ
326 3244 393 3312 τῇ
425 3238 658 3309 πονηρίᾳ
681 3236 759 3299 είς
789 3233 1093 3304 γυμνάσιον
1124 3230 1235 3283 τῶν
1283 3227 1570 3299 ἡμετέρων
1593 3224 1699 3292 ψυ-

118 3334 243 3408 χῶν
263 3337 290 3388 ὁ
315 3333 493 3403 σοφῶς
514 3332 609 3385 καὶ
661 3324 1037 3400 προνοητικῶς
1075 3321 1377 3392 οἰκονομῶν
1398 3320 1468 3373 τὰ
1491 3315 1701 3386 ἀνθρὼ-

116 3446 280 3493 πινα,
308 3426 496 3496 ὥσπερ
531 3421 715 3493 ἰατρὸς
737 3420 827 3473 τὸν
853 3418 951 3489 τῆς
979 3416 1193 3485 ἐχίδνης
1247 3413 1325 3467 ιδν
1384 3411 1465 3474 είς
1521 3424 1700 3477 σωτη-

121 3521 268 3595 ρίων
322 3515 635 3588 φαρμάκων
678 3509 1023 3579 κατασκευὴν
1076 3501 1501 3595 ἀποχρωμενοςὶἶ
1527 3498 1702 3552 Σατᾶν

121 3590 231 3686 μὲν
248 3607 342 3666 οὖν
367 3610 609 3678 λέγεται,
643 3603 734 3659 διά
754 3602 817 3657 ea
837 3597 1175 3656 ἀντικεῖσθαι
1198 3594 1275 3665 τῷ
1301 3590 1512 3661 ἀγαθῷ.

202 3898 325 3952 Τῶν
383 3892 680 3963 ἀγγέλωνὸ
706 3886 997 3942 στασιάσαι
1046 3881 1347 3951 τολμήσας,
1417 3877 1511 3929 καὶ
1564 3872 1704 3942 ὑπὲρ

119 3992 231 4061 τὴν
251 3988 407 4053 ἀξίαν
437 3985 688 4056 ἀρθῆναι,
739 3977 1030 4034 κατέναντι
1070 3972 1278 4043 Κυρίου
1336 3965 1706 4061 παντοκράτο-

124 4058 230 4156 ρος
277 4078 673 4150 τραχηλιάσας,
729 4073 823 4125 καὶ
857 4068 998 4139 ὑπὲρ
1020 4065 1089 4118 τὲ
1110 4063 1248 4133 νέφη
1286 4059 1557 4127 καθέδραν
1572 4058 1706 4156 επι-

123 4150 295 4236 νοῶν.
320 4173 395 4236 ὡς
426 4174 453 4225 ὁ
480 4169 660 4235 λόγος,
686 4166 842 4234 δίκην
898 4162 1067 4214 ἔδωκε
1098 4156 1199 4225 τῆς
1237 4153 1493 4215 ἀπονοίας
1528 4150 1705 4213 ἀξίαν,

128 4263 330 4325 σκότος
356 4259 475 4313 ἀντὶ
500 4256 679 4325 φωτὸς
713 4249 851 4305 εἶναι
883 4243 1265 4317 κατακριθείς.

128 4594 325 4651 ΤΙΤΛ.
348 4593 492 4658 KG".
520 4586 659 4659 Περί
708 4582 1074 4659 δυσπιᾳτίας
1107 4595 1121 4608 ο
1146 4578 1278 4659 Λκρὶ
1331 4574 1420 4628 ὅτι
1451 4577 1483 4626 ό
1508 4572 1710 4659 eatea?-

215 4648 371 4735 λόγῳ
413 4648 1078 4727 ἀίτίᾳᾋυσπιστήσας,
1139 4648 1260 4713 Θεῷ
1300 4648 1713 4715 συγγινώσκε-

214 4751 329 4788 ται.

215 4891 239 4923 4
268 4857 433 4922 Εἶπεν
460 4868 489 4920 ὁ
519 4864 651 4928 Θεὸς
682 4862 761 4932 τῷ
796 4857 1049 4930 Ἀϐραάμ
1068 4871 1085 4888 ⁸
1117 4855 1268 4926 Σὰρα
1294 4853 1328 4923 ἡ
1350 4849 1488 4918 γυνή
1536 4863 1630 4900 σου
1654 4845 1712 4898 οῦ

132 4961 479 5032 κληθήσεται
500 4955 561 5009 τὸ
591 4954 763 5022 ὄνομα
793 4950 962 5019 αὐτῆς
989 4946 1159 5016 Σάρα,
1187 4940 1324 4997 ἀλλά
1562 4935 1716 4988 ἔσται

130 5054 203 5111 τὸ
236 5029 406 5120 δνομα
431 5045 618 5116 αὐτῆς.
658 5040 955 5113 Εὐλογήσω
980 5038 1038 5091 δὲ
1060 5035 1253 5106 αὐτὴν,
1306 5029 1593 5120 καιδωσω
1635 5042 1717 5120 σοι

134 5144 205 5209 ἐξ
224 5117 395 5210 αὐτῆς
430 5138 640 5198 τέκνον,
669 5132 765 5186 καὶ
803 5130 1083 5200 εὐλογήσω
1127 5123 1312 5188 αὐτὸν,
1346 5119 1442 5174 καὶ
1461 5117 1612 5210 ἔσται
1639 5117 1719 5181 είς

135 5207 325 5299 ἔθνος,
353 5207 461 5284 καὶ
509 5225 748 5298 βασιλεῖς
770 5222 829 5288 ἐξ
857 5217 1024 5275 αὑτοῦ
1081 5216 1313 5270 ἔσονται.
1362 5211 1473 5263 Καὶ
1520 5207 1718 5299 έπεσεν

153 5296 413 5395 Ἀδραάμ
471 5296 566 5371 ἐπὶ
624 5316 941 5387 πρόσωπον,
998 5309 1093 5362 καὶ
1142 5302 1299 5359 εἶπεν
1326 5302 1384 5353 ὲν
1405 5300 1470 5369 τῇ
1514 5296 1721 5368 διανοίᾳ

139 5414 314 5471 αὐτοῦ
333 5393 507 5479 λέγων
532 5427 545 5439 ·
566 5409 629 5460 Εἰ
657 5406 735 5477 τῷ
760 5403 1157 5463 ἑκατονταετεῖ,
1191 5399 1284 5452 καὶ
1314 5393 1501 5465 saepe
1531 5393 1722 5459 ἐνενή-

138 5523 316 5563 κοντα
359 5504 494 5557 ἐτῶν
527 5497 661 5553 οὖσα
713 5489 1128 5561 ﬁge-camillae
1157 5490 1215 5545 δὲ
1266 5488 1519 5557 Ἀϐραὰμ
1585 5485 1721 5555 πρὸς

137 5598 239 5650 τὸν
274 5593 405 5646 Θεόν
431 5608 445 5621 ⁸
491 5588 716 5661 Ἰσμαὴλ
741 5603 895 5649 ουτος
917 5584 1142 5655 ζήσεται
1171 5580 1411 5635 ἐναντίον
1442 5594 1555 5631 σου.
1586 5571 1722 5631 Εῐπε

140 5687 205 5741 δὲ
253 5688 283 5737 ὁ
314 5682 447 5744 Θεὸς
502 5681 580 5754 τῷ
624 5680 877 5751 Ἀϐραάμ
907 5694 921 5708 ο
980 5676 1111 5729 Ἰδοὺ
1173 5674 1359 5744 Σάρρα
1385 5673 1417 5741 ή
1445 5671 1582 5741 γυνή
1627 5686 1722 5723 σου

142 5774 370 5845 τέξεταί
388 5792 467 5829 σοι
498 5774 633 5840 υἱὸν,
659 5774 754 5827 καὶ
776 5771 1024 5832 καλέσεις
1039 5768 1098 5821 τὸ
1118 5768 1287 5837 ὄνομα
1313 5765 1478 5819 αὐτοῦ
1515 5766 1722 5819 Ἰσαάκ.

1805 3233 1928 3274 nem
1954 3233 2235 3289 geramus,
2266 3217 2465 3274 infesto
2504 3217 2632 3272 odio
2660 3216 2988 3273 insectatur.
3027 3216 3170 3274 Deus
3192 3232 3379 3287 porro,

1804 3311 1977 3381 utqui
2002 3311 2283 3381 sapienter
2303 3318 2359 3365 et
2381 3311 2607 3380 provide
2630 3326 2721 3365 res
2748 3309 3023 3365 humanas
3043 3308 3379 3373 moderetur,

1804 3402 1872 3456 ad
1923 3402 2242 3456 animorum
2312 3409 2631 3457 nostrorum
2686 3400 3141 3455 exercitationem
3210 3398 3382 3469 ipsius

1802 3491 2084 3560 impietate
2122 3506 2259 3546 usus
2286 3498 2394 3554 est,
2455 3490 2683 3561 perinde
2704 3500 2871 3560 atque
2912 3490 3160 3543 medicus
3177 3490 3383 3559 vipera:

1802 3595 2014 3635 veneno
2041 3580 2108 3635 ad
2139 3581 2465 3637 salutarium
2520 3580 3046 3634 medicamentorum
3081 3578 3385 3633 confectio-

1807 3684 1929 3725 nem
1957 3669 2112 3724 abuti
2146 3669 2306 3727 solet.
2351 3667 2519 3722 Satan
2567 3682 2698 3723 vero
2747 3667 2962 3722 idcirco
3006 3676 3379 3737 nuncupatur,

1804 3757 1953 3827 quod
1985 3759 2128 3815 bono
2154 3757 2473 3814 contrarius
2502 3756 2595 3813 sit.

1874 3872 1934 3929 S.
1961 3871 2176 3944 Gregar.
2213 3871 2356 3928 Naz.
2383 3881 2524 3927 erat.
2550 3871 2629 3926 De
2666 3888 2816 3938 pace.
2849 3903 2918 3913 —
2949 3871 3027 3926 Ex
3060 3872 3382 3943 angelorum

1806 3971 1952 4020 cmtu
2000 3964 2048 4019 is
2094 3964 2186 4035 qui
2217 3964 2548 4020 seditionem
2591 3978 2815 4017 movere
2846 3978 3018 4018 ausus
3056 3962 3386 4033 fuit,,seque

1807 4071 1974 4126 supra
2015 4055 2338 4126 dignitatem
2382 4068 2540 4109 suam
2600 4052 2816 4113 eﬂ‘erre,
2866 4054 2940 4107 ita
3003 4062 3061 4108 ut
3117 4055 3385 4109 adversus

1806 4147 2239 4215 omnipotentem
2291 4143 2583 4198 Dominum
2620 4144 2956 4213 superbiret,
2989 4153 3043 4198 et
3072 4158 3240 4215 supra
3284 4159 3388 4198 nu-

1809 4239 1927 4305 bes,
1963 4246 2019 4293 ιιι
2070 4236 2147 4290 ait
2190 4234 2498 4306 Scriptura,
2542 4249 2748 4303 ponere
2791 4233 3052 4286 thronum
3096 4233 3386 4304 cogitaret,

1811 4346 2003 4402 poenas
2051 4329 2367 4399 arrogantia
2408 4336 2507 4382 sua
2542 4326 2737 4397 dignas
2767 4324 2950 4389 dedit;
2994 4324 3095 4379 hoc
3130 4326 3390 4378 nimirum

1750 4428 1755 4433 ‘
1814 4421 2092 4493 supplicio
2126 4422 2417 4485 multatus,
2441 4426 2503 4472 ut
2534 4433 2635 4489 pro
2666 4418 2786 4471 luce
2814 4418 2991 4488 caligo
3020 4416 3192 4473 lieret.

1815 4578 1951 4635 TlT.
1987 4576 2177 4632 XXVI.
2210 4607 2278 4618 —
2318 4576 2394 4629 De
2422 4574 2832 4636 incredulitate;
2871 4582 2920 4625 et
2979 4572 3119 4639 quod
3147 4573 3239 4639 qui
3270 4587 3391 4639 pro-

1891 4649 2054 4703 babili
2087 4663 2152 4701 ea:
2181 4662 2344 4699 causa
2368 4645 2478 4699 Ι)εο
2511 4660 2614 4697 non
2647 4646 2829 4699 statim
2888 4644 3079 4705 credit,
3116 4644 3161 4695 is
3187 4646 3387 4697 reuium

1885 4728 2251 4786 consequatur.

1892 4847 2020 4903 Gen.
2055 4861 2187 4910 ιιι-ιι,
2236 4844 2424 4899 45-19.
2458 4872 2528 4882 --
2564 4860 2585 4894 ι
2628 4841 2777 4895 Dixit
2817 4839 3087 4898 Dominus
3117 4840 3185 4895 ad
3215 4842 3392 4895 Abra-

1819 4939 1943 4992 ham
1988 4955 2001 4990 :
2039 4937 2175 4991 Sara
2213 4951 2353 4990 uxor
2411 4943 2504 4987 tua
2537 4948 2649 4987 non
2707 4933 3001 4989 vocabitur
3049 4947 3246 4988 nomen
3272 4931 3395 5000 ejus

1819 5029 1981 5093 Sara,
2037 5028 2133 5085 sed
2167 5028 2337 5082 Sarra
2371 5026 2479 5080 erit
2529 5039 2729 5081 nomen
2794 5026 2993 5093 ipsius.
3028 5025 3181 5078 Hanc
3206 5031 3392 5081 autem

1822 5120 2161 5185 benedicam,
2196 5126 2251 5174 ct
2281 5118 2424 5173 dabo
2463 5116 2559 5171 tibi
2590 5132 2657 5171 ex
2681 5132 2746 5172 ea
2767 5116 2962 5180 ﬁlium,
2993 5121 3048 5169 et
3078 5112 3394 5168 benedicam

1825 5213 2005 5277 illum,
2034 5221 2087 5267 et
2115 5212 2222 5267 erit
2251 5210 2308 5266 in
2347 5219 2588 5281 gentem,
2619 5219 2674 5263 et
2707 5222 2864 5277 reges
2919 5222 2987 5262 ex
3034 5204 3158 5274 ipso
3209 5210 3392 5259 erunt.

1824 5304 1891 5364 Et
1943 5303 2145 5360 cecidit
2176 5303 2454 5358 Abraham
2485 5301 2648 5373 552
2678 5302 2734 5354 in
2788 5299 2985 5353 faciem
3018 5311 3201 5361 suam,
3235 5304 3289 5350 et
3318 5297 3399 5351 ait

1827 5396 1881 5451 in
1918 5403 2101 5451 mente
2126 5410 2224 5450 sua
2248 5394 2444 5450 dicens
2472 5413 2484 5449 :
2521 5393 2578 5447 Si
2615 5390 2954 5457 centenario,
2987 5390 3033 5446 si
3069 5389 3233 5444 Sarra
3256 5404 3397 5459 quo-

1826 5505 1933 5560 que
1960 5490 2334 5558 nonagenaria
2367 5486 2586 5558 pariet?
2622 5483 2765 5539 Dixit
2806 5498 2974 5554 porro
3020 5480 3295 5537 Abraham
3330 5481 3397 5535 ad

1830 5580 1997 5634 Deum
2029 5578 2260 5633 :lsmael
2293 5578 2397 5632 iste
2430 5578 2574 5631 vivat
2602 5590 2788 5631 coram
2821 5584 2895 5629 te.
2945 5572 3012 5626 Et
3048 5573 3122 5625 ait
3154 5570 3301 5626 Deus
3330 5569 3398 5624 ad

1828 5671 2104 5733 Abraham
2139 5686 2151 5721 :
2198 5672 2337 5725 Ecce
2374 5668 2540 5723 Sarra
2573 5682 2711 5721 uxor
2739 5675 2832 5721 tua
2870 5670 3045 5737 pariet
3069 5664 3164 5719 tibi
3201 5662 3397 5723 lilium,

1831 5773 1885 5820 et
1914 5764 2138 5820 vocabis
2171 5778 2366 5818 nomen
2401 5759 2724 5831 cjuslsaac.
2761 5758 2820 5811 Et
2872 5767 3109 5812 statuant
3174 5758 3397 5821 pactum
