3968 6446
518 397 652 467 1411

1707 391 1767 448 S.
1809 390 1842 450 J
1848 386 2050 448 OANN
2057 387 2128 447 IS
2167 387 2599 452 DAMASCENI

3702 389 3828 455 1412

514 530 696 573 meum
727 514 804 569 illi
836 512 890 567 in
923 514 1141 582 pactum
1170 505 1590 576 sempiternum,
1626 511 1684 558 ut
1716 506 1821 559 sim
1844 505 1895 560 ei
1939 504 2101 569 Deus,

2220 503 2323 556 Kal.
2361 521 2547 574 στησω
2567 503 2667 575 τὴν
2699 502 2967 573 διαθήκην
2998 520 3099 574 μου
3133 503 3275 575 πρὸς
3328 503 3502 559 αὐτὸν
3526 504 3620 567 εἷς
3644 506 3827 573 Guari-

515 618 571 665 et
595 606 795 665 semini
819 604 938 675 ejus
967 608 1091 673 post
1120 614 1269 656 eum.
1315 617 1333 650 ι

586 782 673 838 IV
708 782 836 851 Reg.
895 794 992 842 vn,
1028 777 1080 843 i,
1110 774 1164 829 2.
1209 804 1279 814 -
1318 793 1335 825 ι
1370 771 1517 826 Dixit
1575 769 1796 825 Eliseus
1835 788 1855 823 :
1887 767 2100 838 Duplex

515 890 776 932 mensura
840 872 979 928 siclo
1006 870 1134 932 erit,
1165 875 1220 922 et
1261 878 1518 920 mensura
1552 862 1748 917 similae
1783 860 1922 916 siclo
1989 873 2099 913 uno

515 968 627 1023 erit
653 967 755 1020 hac
820 964 939 1033 ipsa
975 962 1109 1016 hora
1142 958 1384 1014 crastina
1415 955 1505 1010 die
1543 954 1597 1007 in
1630 960 1784 1023 porta
1817 950 2096 1005 Samariae.

518 1061 585 1115 Et
608 1056 899 1129 respondit
925 1051 1219 1127 praefectus
1250 1047 1457 1111 Eliseo,
1505 1056 1561 1101 et
1591 1043 1730 1099 dixit
1765 1041 1953 1097 :Eece
1989 1041 2099 1097 Do-

517 1152 702 1206 minus
733 1147 903 1204 faciat
950 1150 1259 1200 cataractas
1289 1140 1342 1193 in
1376 1139 1541 1201 ctelo,
1574 1150 1687 1191 non
1721 1135 1827 1189 erit
1861 1134 2092 1190 verbum

412 1270 413 1273 η
516 1244 642 1299 hoc.
683 1239 750 1295 Et
788 1240 926 1296 dixit
981 1231 1409 1291 EliseuszEcce
1459 1227 1677 1285 videbis
1710 1225 1892 1281 oculis
1959 1227 2096 1295 tuis,

514 1343 571 1391 et
598 1331 797 1389 exinde
838 1340 1187 1398 nequaquam
1226 1322 1503 1378 comedes.
1540 1339 1558 1373 ι

587 1424 717 1478 Luc.
752 1438 793 1488 ι,
830 1420 1102 1476 18-20.-
1135 1436 1154 1469 ‹
1196 1414 1657 1472 DixitZacharias
1680 1415 1749 1470 ad
1788 1412 2042 1487 angelum
2079 1429 2094 1467 :

517 1514 805 1585 Quomodo
863 1513 969 1567 hoc
1028 1508 1243 1567 sciam?
1298 1507 1412 1579 Ego
1464 1507 1612 1562 enim
1661 1523 1783 1563 sum
1823 1521 2014 1572 senex,
2048 1513 2101 1559 et

516 1622 657 1661 uxor
688 1618 808 1659 mea
842 1600 1115 1674 processit
1149 1599 1202 1653 in
1232 1598 1428 1653 diebus
1462 1597 1604 1653 suis.
1645 1596 1713 1650 Et
1748 1595 2097 1667 respondens

516 1700 743 1770 angelus
772 1695 911 1750 dixit
956 1695 1007 1749 ei
1044 1711 1057 1747 :
1090 1690 1206 1762 Ego
1237 1707 1361 1747 sum
1394 1689 1643 1758 Gabriel,
1675 1690 1770 1761 qui
1806 1699 1929 1745 asto
1974 1695 2101 1742 ante

2124 625 2135 634 -
2205 608 2310 662 κην
2338 592 2579 656 αἰώνιον,
2604 590 2744 647 εἶναι
2767 590 2918 663 αὑτῷ
2968 592 3121 658 Θεὸς,
3152 594 3247 647 καὶ
3284 592 3369 665 τῷ
3399 594 3710 665 σπέρματι
3736 597 3825 647 air

2211 681 2298 736 τοῦ
2333 686 2453 754 μετ’
2486 684 2671 738 αὐτόν.
2705 704 2724 736 ι

2279 791 2299 826 t
2335 771 2505 829 Εἶπεν
2551 774 2827 830 ⁹Ελισαιέ⁶
2862 776 3130 849 Δίμετρον
3183 777 3391 849 κριθῆς
3448 778 3689 844 σίκλου,
3742 780 3828 834 καὶ

2206 865 2406 937 μέτρον
2464 867 2801 939 σεμιδάλεως
2846 868 3037 923 σίκλου
3096 869 3255 923 ἔσται
3294 868 3376 934 ὡς
3400 872 3437 940 ἠ
3485 870 3627 940 ὥρα
3656 881 3669 889 ·
3693 870 3827 939 αὕτη

2202 955 2394 1026 αὔριον
2410 959 2467 1011 ὲν
2502 959 2644 1032 πύλῃ
2664 960 2999 1030 Σαμαρείας.
3024 962 3135 1015 Καὶ
3156 962 3445 1032 ἀπεκρίθη
3468 965 3503 1015 6
3520 963 3828 1035 τρια-’.ἀπε

2203 1046 2282 1117 τῷ
2327 1047 2588 1114 Ἐλισαιὲ,
2643 1050 2755 1103 καῖ
2789 1046 2944 1105 εἶπεν
2969 1067 2981 1081 ’
3029 1050 3159 1105 Ἰδοὺ
3200 1051 3419 1123 Κύριος
3469 1055 3641 1105 ποιεῖ
3666 1070 3831 1105 κατι-

2205 1138 2411 1209 ράκτας
2440 1140 2498 1193 ὲν
2535 1139 2613 1211 τῷ
2644 1140 2883 1213 οὐρανῷ,
2913 1142 2972 1195 οὐ
3010 1140 3085 1212 μὴ
3116 1141 3270 1195 ἔσται
3316 1143 3380 1194 τὸ
3420 1142 3592 1213 ῥῆμα
3646 1142 3825 1197 τοῦτο.

2203 1230 2316 1284 Καὶ
2339 1226 2496 1285 εἶπεν
2550 1232 2787 1286 Ἐλισαιέ
2817 1248 2833 1264 ·
2872 1233 3003 1287 Ἰδοὺ
3034 1234 3155 1303 ὄψει
3202 1236 3317 1298 τοῖς
3347 1234 3690 1304 ὀφθαλμοξ
3716 1252 3825 1297 σου,

2203 1323 2295 1376 καὶ
2324 1323 2537 1376 ἐκεῖθεν
2555 1324 2615 1377 οὐ
2644 1326 2719 1395 μὴ
2755 1325 2957 1397 φάγῃς.
2984 1344 3003 1377 ι

2279 1432 2297 1465 ι
2326 1407 2463 1466 Eine
2512 1414 2791 1486 Ζαχαρίας
2843 1417 2982 1486 πρὸς
3036 1416 3129 1471 τὸν
3190 1417 3435 1487 ἄγγελον
3464 1433 3480 1447 ·
3546 1418 3729 1473 Κατά
3778 1423 3827 1471 τί

2202 1502 2485 1573 γνώσομαι
2523 1505 2716 1571 τοῦτο;
2759 1505 2905 1573 Ἐγὼ
2934 1506 3053 1577 γάρ
3090 1508 3204 1577 εἰμι
3257 1506 3645 1579 πρεσϐύτης,
3679 1509 3826 1575 καὶὴ

2202 1596 2339 1666 γυνή
2380 1614 2482 1666 μου
2519 1596 2903 1667 προϐεϐηκυῖα
2930 1598 2988 1651 ἐν
3010 1600 3131 1662 ταῖς
3161 1599 3405 1671 ἡμέραις
3463 1600 3685 1670 αὐτῆς.
3722 1601 3828 1653 Καὶ

2203 1687 2530 1758 ἀποκριθεὶς
2561 1688 2589 1739 ὁ
2626 1688 2881 1757 ἄγγελος,
2934 1684 3092 1744 εἶπεν
3118 1691 3299 1759 αὐτῷ·
3347 1691 3503 1759 Ἐγώ
3559 1694 3697 1761 εἰμι
3724 1693 3823 1745 Γα-

517 1791 713 1853 Deum,
746 1797 801 1844 et
854 1788 1055 1842 missus
1108 1800 1232 1841 sum
1292 1783 1442 1854 loqui
1475 1782 1541 1836 ad
1575 1795 1649 1847 tc,
1717 1790 1774 1838 ct
1831 1782 1949 1837 hinc
2001 1780 2098 1835 tibi

2220 1778 2392 1850 Βριὴλ,
2413 1780 2441 1833 ό
2463 1779 2833 1851 παρεστηκὼς
2855 1774 3089 1834 ἐνώπιον
3115 1781 3210 1835 τοῦ
3231 1782 3392 1849 Θεοῦ,
3430 1784 3538 1836 καὶ
3577 1785 3827 1838 ἀπεστά-

493 1880 914 1953 \evangelizare.
948 1878 1015 1933 Et
1043 1892 1175 1932 ecce
1207 1876 1316 1932 eris
1348 1884 1561 1941 tacens,
1592 1884 1649 1928 et
1706 1888 1819 1928 non
1886 1872 2095 1942 poteris

2220 1874 2309 1941 λην
2336 1870 2569 1941 λαλῆσαι
2599 1871 2733 1941 πρὸς
2764 1871 2845 1937 σὲ,
2875 1873 2970 1926 καὶ
2994 1873 3462 1941 εὐαγγελίσασθαί
3494 1893 3595 1929 σοι
3620 1876 3821 1929 ταῦτα.

516 1975 689 2044 loqui,
722 1988 899 2042 usque
938 1972 994 2026 in
1038 1970 1181 2025 diem
1217 1983 1326 2039 quo
1362 1969 1476 2023 [nec
1518 1968 1690 2031 (lant;
1721 1981 1823 2035 pro
1856 1979 1922 2021 eo
1954 1961 2101 2034 quod

2220 1963 2323 2015 Καὶ
2360 1962 2469 2016 ἰδοὺ
2502 1961 2603 2033 ἔσῃ
2661 1963 2905 2025 σιωπῶν,
2966 1966 3062 2017 καὶ
3092 1965 3167 2036 μὴ
3218 1965 3533 2036 δυνάμενος

518 2082 628 2121 non
681 2062 968 2119 credidisti
1001 2062 1185 2118 verbis
1218 2062 1391 2139 meis,
1412 2074 1567 2141 ‘qua:
1592 2057 2003 2137 vimplebuntur
2026 2057 2107 2126 ,ιιι

517 2167 764 2229 tempore
795 2171 922 2213 suo.
960 2173 981 2207 ι

587 2331 732 2389 Ibid.
764 2334 854 2397 54,
882 2330 972 2386 55.
998 2356 1068 2369 —
1098 2346 1117 2380 α
1142 2326 1291 2381 Dixit
1325 2332 1512 2380 autem
1545 2322 1717 2379 Maria
1755 2338 1769 2376 :
1798 2319 2089 2387 Quomodo
2111 2301 2125 2313 ’

514 2423 607 2478 ﬂet
658 2422 827 2485 istud,
858 2418 1121 2490 quoniam
1183 2416 1361 2470 virum
1402 2428 1512 2468 non
1578 2411 1893 2483 cognosco?
1927 2410 1993 2465 Et
2020 2426 2106 2466 re-

514 2510 795 2583 spondens
850 2507 1099 2578 angelus,
1133 2505 1273 2560 dixit
1309 2504 1357 2558 ei
1393 2521 1407 2557 :
1442 2502 1691 2573 Spiritus
1741 2510 1972 2557 sanctus
2006 2516 2106 2556 su-

514 2602 798 2671 perveniet
824 2599 880 2653 in
908 2608 981 2664 te,
1006 2604 1061 2652 et
1091 2597 1270 2651 virtus
1287 2594 1565 2650 Altissimi
1594 2592 1957 2648 obumbrabit
1980 2592 2101 2646 tibi.

513 2695 639 2750 Ideo
687 2703 741 2749 et
772 2691 919 2763 quod
962 2697 1222 2745 nascetur
1272 2696 1549 2753 sanetum,
1587 2686 1875 2741 vocabitur
1932 2684 2103 2742 Filius

516 2786 631 2844 Dei.
668 2806 689 2839 ι

582 2877 749 2932 Joan.
785 2892 879 2943 xx,
903 2873 1097 2929 24-29.
1128 2903 1198 2914 ——
1238 2891 1256 2924 ι
1294 2871 1540 2927 Thomas
1586 2878 1777 2926 autem
1840 2885 1985 2925 unus
2032 2886 2101 2926 ex

512 2968 826 3032 duodecim,
861 2966 957 3036 qui
980 2964 1185 3020 dicitur
1213 2961 1507 3033 Didymus,
1570 2977 1677 3016 non
1716 2973 1836 3016 erat
1858 2975 1987 3016 cum
2022 2961 2102 3018 eis

513 3058 735 3131 quando
785 3057 939 3112 venit
968 3055 1155 3112 Jeeus.
1190 3053 1466 3109 Dixerunt
1500 3068 1633 3121 ergo
1668 3054 1718 3108 ei
1768 3052 1863 3106 alii
1925 3052 2100 3107 disci-
2142 3096 2145 3099 η

513 3152 629 3221 puli
665 3167 681 3208 :
714 3148 965 3205 Vidimus
1008 3148 1327 3202 Dominum.
1387 3147 1513 3216 Ipse
1569 3154 1755 3200 autem
1789 3145 1937 3200 dixit
1966 3145 2048 3201 eis
2081 3160 2097 3198 :

2209 2054 2337 2125 ἄχρι
2365 2048 2433 2126 ἧς
2459 2054 2675 2125 ἡμέρας
2700 2055 2927 2124 γένηται
2950 2055 3280 2123 ταῦτα-,ἀνθ’
3306 2051 3381 2111 ὧν
3403 2060 3509 2111 οὐκ
3554 2061 3825 2114 exis-.59.

2214 2164 2312 2211 σας
2370 2151 2482 2211 τοῖς
2547 2147 2723 2214 λόγοις
2792 2165 2916 2218 μου,
2966 2149 3163 2212 οἵτινες
3218 2148 3706 2221 πληρωθήσονται
3750 2154 3825 2218 εις

2208 2237 2300 2291 τὸν
2325 2238 2515 2308 καιρὸν
2535 2238 2734 2291 αὐτῶν.
2781 2256 2800 2289 ι

2285 2349 2303 2381 ί
2344 2325 2479 2383 Eine
2517 2329 2753 2401 Μαριὰμ
2808 2329 2946 2401 πρὸς
2991 2328 3084 2383 τὸν
3132 2330 3364 2399 ἄγγελον
3400 2350 3416 2363 ·
3470 2334 3615 2398 Πῶς
3675 2336 3823 2393 ἔσται

2212 2439 2303 2493 μοι
2318 2422 2502 2486 τοῦτο,
2533 2423 2656 2475 ἐπεὶ
2705 2421 2876 2493 ἄνδρα
2914 2422 2974 2475 οὐ
3003 2420 3301 2489 γινώσκω;
3336 2424 3454 2477 Καὶ
3482 2425 3822 2497 ἀποκριθεὶς

2207 2516 2236 2568 ὁ
2265 2514 2497 2584 ἄγγελος
2553 2510 2707 2567 εἶπεν
2755 2513 2926 2584 αὐτῇ·
2960 2513 3190 2584 Πνεῦμα
3245 2514 3404 2582 ἆγιον
3438 2517 3821 2572 ἐπελεύσεται

2209 2606 2304 2659 ἐπὶ
2337 2606 2419 2672 σὲ,
2478 2606 2574 2660 καὶ
2630 2605 2859 2677 δύναμις
2898 2605 3157 2676 Ὑψίστου
3202 2608 3525 2662 ἐπισκιάσει
3568 2627 3689 2665 σοι.
3737 2613 3821 2662 Δεὺ

2206 2698 2376 2752 καὶτὸ
2397 2697 2739 2767 γεννώμενον
2770 2698 2925 2767 ἅγιον
2950 2697 3283 2768 κληθήσεται
3318 2700 3445 2765 Υἱὸς
3464 2701 3645 2757 Θεοῦ.
3692 2722 3714 2759 ι

2275 2865 2481 2937 Θωμᾶς
2509 2868 2567 2922 δὲ
2593 2864 2675 2932 εἷς
2710 2869 2775 2923 ἐκ
2804 2869 2915 2923 τῶν
2975 2872 3183 2926 δώδεκα
3205 2912 3220 2937 ,
3249 2876 3277 2927 6
3307 2873 3626 2945 λεγόμενος
3667 2881 3817 2935 Δίδυο

2208 2974 2330 3027 μος,
2352 2959 2454 3011 οὐκ
2482 2954 2697 3029 ἦν’μετ’
2727 2960 2909 3014 αὐτῶν
2936 2961 3023 3015 ὅτε
3047 2958 3213 3033 ἦλθεν
3239 2966 3267 3017 6
3299 2963 3540 3033 Ἰησοῦς.
3586 2970 3817 3038 Ἔλεγον

2205 3045 2296 3103 οὖν
2321 3050 2469 3119 αὐτῷ
2504 3053 2553 3103 οί
2572 3050 2724 3105 ἄλλοι
2755 3052 3031 3125 μαθηταί·
3066 3054 3429 3128 Ἑωράκαμεν
3455 3059 3554 3113 τὸν
3582 3062 3813 3133 Κύριον.

2218 3141 2276 3195 '0
2298 3142 2355 3195 δὲ
2380 3138 2533 3195 εἶπεν
2569 3143 2753 3207 αὐτοῖς
2782 3161 2798 3178 ο
2850 3145 2977 3200 Ἐὰν
3017 3146 3094 3217 μὴ
3129 3146 3224 3200 ἴδω
3252 3150 3311 3202 ὲν
3333 3151 3459 3213 ταῖς
3487 3154 3699 3222 χερσὶν
3728 3156 3815 3208 αὗ-

512 3240 631 3299 Nsi
680 3242 865 3297 videro
891 3241 949 3295 in
988 3239 1244 3294 manibus
1275 3238 1395 3306 ejus
1442 3239 1660 3308 signum
1703 3237 2014 3301 clavorum,
2041 3245 2097 3293 et

2220 3234 2300 3288 τοῦ
2336 3235 2429 3288 τὸν
2486 3234 2654 3289 τύπον
2701 3236 2810 3290 τῶν
2839 3236 3010 3305 ἥλων,
3042 3240 3138 3293 καὶ
3178 3239 3328 3309 βάλω
3379 3242 3479 3296 τὸν
3530 3246 3810 3300 δάκτυλόν

513 3336 727 3389 mittam
759 3346 982 3386 manum
1015 3344 1191 3385 meam
1228 3330 1286 3383 in
1323 3329 1468 3383 latus
1505 3327 1657 3398 ejus,
1701 3344 1807 3383 non
1850 3329 2097 3384 credam.

513 3422 582 3477 Et
618 3431 743 3491 post
770 3420 888 3475 dies
915 3427 1064 3485 octo,
1104 3419 1309 3473 iterum
1356 3427 1515 3473 erant
1552 3418 1814 3489 discipuli
1871 3421 1991 3491 ejus
2015 3421 2103 3475 in-

512 3522 622 3581 tus,
655 3522 710 3569 et
764 3514 1003 3568 Thomas
1032 3526 1157 3566 cum
1193 3512 1293 3566 eis.
1322 3509 1485 3566 Venit
1515 3510 1681 3567 Jesus
1705 3513 1899 3583 januis
1932 3514 2087 3568 clau-

514 3606 859 3673 sis,etstetit
890 3604 946 3658 in
979 3604 1183 3669 medio,
1217 3612 1271 3658 et
1298 3602 1439 3658 dixit
1472 3619 1485 3656 :
1521 3603 1634 3657 Pax
1680 3606 1858 3661 vobis.
1892 3605 2103 3660 Deinde

513 3702 649 3756 dicit
710 3697 936 3752 Thomas
970 3713 986 3750 :
1022 3693 1175 3750 Mitte
1199 3695 1432 3766 digitum
1481 3704 1637 3751 tuum
1698 3697 1828 3762 huc,
1867 3707 1923 3753 et
1977 3698 2103 3753 vide

515 3805 715 3846 manus
768 3804 943 3855 meas,
980 3795 1035 3843 et
1057 3785 1191 3841 aﬂ‘er
1232 3801 1456 3840 manum
1507 3795 1662 3841 tuam
1706 3806 1719 3842 :
1758 3795 1812 3844 ct
1846 3788 2003 3845 mitte
2045 3792 2100 3844 in

513 3884 663 3938 latus
691 3896 910 3950 meum;
944 3889 998 3935 et
1026 3879 1139 3934 noli
1172 3894 1297 3934 esse
1334 3878 1683 3943 incredulus,
1736 3879 1833 3935 sed
1898 3880 2097 3937 ﬁdelis.

515 3972 585 4028 Et
610 3970 894 4043 respondit
938 3968 1207 4035 Thomas,
1244 3975 1302 4024 et
1336 3968 1473 4023 dixit
1504 3969 1555 4024 ei
1591 3985 1605 4021 :
1638 3966 1911 4026 Dominus
1941 3986 2100 4030 meus

513 4078 569 4123 et
618 4066 763 4123 Deus
820 4080 1000 4121 meus.
1063 4064 1207 4118 Dicit
1234 4063 1286 4119 ei
1318 4061 1481 4119 Jesus
1519 4062 1705 4130 :Quia
1755 4064 1942 4122 vidisti
1995 4080 2103 4135 me,

513 4159 821 4217 credidisti.
847 4159 1035 4231 ‘Beati
1091 4156 1187 4230 qui
1223 4169 1334 4212 non
1399 4156 1682 4224 viderunt,
1721 4168 1777 4215 et
1841 4159 2096 4216 credide-

514 4260 668 4307 runl.
693 4270 713 4305 ›

724 4425 862 4480 ΤΙΤ.
884 4423 1099 4479 XXVII.
1148 4452 1216 4463 —
1252 4422 1330 4476 De
1359 4438 1506 4476 coma
1531 4433 1583 4477 et
1616 4424 1878 4481 convivio.

586 4519 745 4575 Prov.
781 4535 936 4582 χχιιι,
963 4516 1076 4570 1-6.
1102 4547 1171 4556 —
1207 4536 1225 4569 ι
1262 4516 1344 4572 Ne
1378 4530 1567 4572 cmnes
1596 4532 1721 4572 cum
1768 4517 1989 4575 homine
2013 4520 2097 4574 in-
2128 4551 2175 4607 Β

512 4614 661 4675 vitio,
692 4628 867 4681 neque
887 4611 1171 4666 desideres
1222 4609 1374 4664 cibos
1407 4608 1579 4664 illius.
1610 4608 2095 4676 Quemadmodum

514 4705 661 4761 enim
698 4704 744 4760 si
783 4704 907 4774 quis
956 4702 1181 4758 devoret
1201 4700 1443 4767 crinem,
1478 4703 1561 4756 sic
1592 4702 1897 4757 manducat
1932 4715 1986 4759 et
2014 4704 2098 4760 bi-

515 4797 614 4853 bit.
647 4794 882 4861 Quando
914 4794 1122 4851 sederis
1159 4794 1227 4849 ad
1267 4793 1601 4850 cmnandum
1640 4810 1805 4865 super
1838 4811 2089 4852 mensam

513 4888 776 4959 potentis,
842 4886 1141 4958 prudenter
1194 4886 1413 4942 attende
1464 4900 1586 4957 quae
1644 4887 1899 4958 apposita
1963 4898 2099 4944 sunt

512 4979 640 5037 tibi.
678 4997 698 5031 ι

589 5070 763 5126 Eccle.
814 5085 910 5127 vni
942 5109 957 5135 ,
998 5068 1088 5126 15.
1119 5097 1189 5110 -
1223 5088 1241 5121 ι
1280 5068 1399 5124 Νοιι
1455 5079 1541 5126 est
1582 5071 1788 5125 bonum
1847 5069 2093 5137 homini,

514 5162 627 5218 nisi
655 5161 785 5236 quid
812 5159 1113 5217 comederit
1150 5169 1204 5215 et
1244 5159 1469 5227 biberit,
1499 5169 1553 5216 et
1568 5160 1872 5217 ostenderit
1901 5162 2097 5219 animae

516 5267 633 5308 sua
664 5254 889 5308 bonum.
926 5251 992 5305 Et
1025 5252 1130 5307 hoc
1158 5250 1228 5306 de
1257 5265 1424 5306 manu
1458 5250 1553 5307 Dei
1575 5263 1682 5308 εει.
1717 5269 1735 5303 ›

585 5342 764 5400 Eccle.
828 5360 903 5410 ix,
934 5345 989 5398 7.
1022 5373 1093 5384 —
1125 5362 1143 5397 ι
1180 5339 1364 5411 Veni,
1396 5352 1453 5399 et
1519 5343 1747 5400 comede
1805 5360 1862 5399 in
1903 5343 2097 5400 latitia

513 5450 711 5507 panem
738 5444 915 5501 tuum,
944 5455 963 5489 ι
1750 5430 1755 5433 ⁴

586 5526 702 5581 Isa.
733 5543 848 5591 xxi,
883 5526 1031 5585 5.—
1065 5546 1084 5581 ι
1121 5526 1317 5584 Parate
1370 5544 1646 5593 mensam,
1681 5528 1976 5594 comedite,
2009 5529 2094 5585 bi-

513 5620 628 5675 bite
662 5635 675 5672 :
706 5619 935 5690 surgite,
970 5621 1266 5692 principes,
1300 5630 1492 5691 parate
1520 5622 1766 5692 clypeos.
1810 5641 1829 5673 ι

584 5700 861 5776 Εοειίιικ,
891 5711 981 5764 ετ.
1010 5743 1080 5752 -
1116 5731 1134 5764 ι
1173 5712 1289 5768 Viri
1322 5712 1465 5785 justi
1489 5713 1606 5768 sint
1636 5713 1886 5767 conviva:
1925 5715 2026 5769 tui.
2067 5733 2085 5769 ι

580 5801 744 5880 ‘53
773 5802 951 5879 _Eccli.
992 5820 1142 5873 xxxi,
1192 5806 1278 5873 12,
1329 5806 1423 5873 16,
1480 5804 1814 5875 19-21.-,«
1846 5804 1981 5861 Com
2003 5810 2085 5863 :de

2207 3343 2311 3395 μου
2339 3327 2418 3389 είς
2455 3326 2546 3379 τὸν
2585 3326 2757 3380 τύπον
2788 3329 2895 3380 τῶν
2923 3330 3092 3399 ἥλων,
3145 3333 3241 3384 καὶ
3299 3331 3454 3401 βάλω
3505 3336 3619 3405 τὴν
3654 3341 3812 3409 χεῖρά

2207 3436 2312 3489 μου
2347 3420 2427 3482 εἰς
2458 3420 2559 3490 τὴν
2601 3419 2844 3492 πλευρὰν
2905 3421 3095 3487 αὐτοῦ,
3129 3424 3190 3476 οὐ
3234 3425 3309 3496 μὴ
3342 3428 3665 3483 πιστεύσω.
3711 3434 3814 3485 Καὶ

2208 3510 2326 3580 μεθ’
2358 3510 2571 3580 ἡμέρας
2604 3511 2771 3577 ὀκτὼ,
2824 3513 2989 3567 πάλιν
3017 3509 3159 3585 ἦσαν
3182 3514 3288 3569 ἔσω
3319 3519 3371 3569 οἱ
3408 3518 3679 3591 μαθηταὶ
3719 3525 3813 3576 αὖ-

2203 3601 2320 3665 τοῦ,
2343 3604 2437 3656 καὶ
2462 3603 2665 3674 Θωμᾶς
2700 3605 2820 3675 μετ’
2853 3606 3055 3661 αὐτῶν.
3092 3608 3353 3678 Ἔρχεται
3387 3612 3416 3663 6
3452 3611 3685 3681 “13705;
3714 3617 3813 3668 τῶν

2206 3692 2386 3763 Θυρῶν
2420 3694 2851 3765 κεκλεισμένων,
2886 3697 2980 3749 καὶ
3012 3696 3145 3766 ἔστη
3187 3699 3266 3761 είς
3283 3698 3344 3751 τὸ
3369 3698 3566 3768 μέσον,
3608 3706 3713 3757 καὶ
3742 3702 3813 3757 εί-

2204 3804 2306 3839 πεν
2327 3804 2340 3817 ·
2373 3786 2583 3859 Εἰρήνη
2625 3788 2775 3855 ὑμῖν.
2805 3783 2940 3840 Εἶτα
2990 3786 3140 3855 λέγει
3170 3787 3250 3859 τῷ
3278 3788 3456 3860 Θωμᾷ
3476 3803 3494 3819 ·
3522 3793 3674 3864 Φέρε
3729 3795 3813 3848 τὸν

2205 3877 2471 3931 δάκτυλόν
2500 3895 2591 3930 σου
2624 3873 2749 3942 ὦδε,
2785 3879 2879 3930 καὶ
2914 3878 2990 3931 ἴδε
3028 3878 3128 3941 τὰς
3150 3879 3340 3948 χεῖράς
3370 3896 3506 3949 μου,
3554 3885 3662 3937 καὶ
3684 3885 3811 3956 φέρε

2205 3973 2304 4042 τὴν
2332 3974 2493 4045 χεῖρά
2527 3992 2621 4027 σου
2650 3991 2662 4003 '
2696 3974 2792 4027 καὶ
2820 3973 2950 4044 βάλε
2972 3975 3050 4038 εἰς
3107 3973 3207 4044 τὴν
3254 3974 3507 4045 πλευράν
3551 3997 3688 4048 μου,
3726 3984 3809 4034 καὶ

2209 4065 2285 4137 μὴ
2301 4067 2453 4135 γίνου
2503 4067 2754 4130 ἄπιστος,
2799 4065 2937 4120 ἀλλά
2964 4065 3177 4130 πιστός.
3213 4067 3325 4120 Καὶ
3364 4068 3662 4145 ἀπεκρίθη
3698 4077 3802 4127 8w-

2210 4158 2341 4227 μᾶς,
2372 4157 2466 4210 καὶ
2497 4151 2652 4210 εἶπεν
2674 4156 2824 4228 αὐτῷ
2847 4154 2938 4210 "0
2962 4155 3166 4228 Κύριός
3196 4174 3297 4227 μου
3324 4161 3423 4212 καὶ
3448 4162 3481 4213 6
3514 4162 3656 4227 Θεός
3688 4182 3803 4235 μου.

2208 4246 2370 4316 Λέγει
2400 4246 2550 4318 αὑτῷ
2576 4248 2605 4300 6
2646 4246 2855 4318 Ἰησοῦς
2885 4264 2900 4279 ο
2936 4248 3060 4302 Ὀτι
3087 4246 3340 4319 ἑώρακάς
3380 4268 3474 4321 με,
3510 4256 3805 4310 πεπίστευ-

2211 4356 2332 4403 κας.
2367 4338 2646 4411 Μακάριοι
2670 4339 2719 4391 ot
2756 4338 2831 4410 μὴ
2859 4338 3083 4407 ἰδόντες,
3112 4340 3208 4392 καὶ
3244 4342 3683 4410 πιστεύσαντες.
3718 4368 3738 4400 ι

2210 4431 2389 4487 ΤΙΤΛ.
2414 4433 2540 4486 KZ'.
2566 4460 2627 4475 —-
2656 4432 2799 4500 Περὶ
2832 4430 3105 4498 δείπνου,
3168 4431 3268 4486 καὶ
3320 4440 3801 4508 συνεστιάσεως.

2285 4540 2302 4576 ι
2341 4523 2435 4596 Μὴ
2474 4523 2777 4578 συνδείπνει
2827 4524 2983 4601 ἀνδρὶ
3030 4524 3310 4596 βασκάνῳ,
3350 4528 3498 4598 μηδὲ
3530 4531 3802 4605 ὲπιθυμή-

2205 4632 2303 4687 an;
2353 4614 2460 4668 τῶν
2507 4616 2825 4687 ἐδεσμάτων
2865 4600 3053 4671 αὑτοῦ.
3082 4617 3181 4669 Ὃν
3224 4616 3432 4688 τρόπον
3494 4621 3611 4693 γὰρ
3650 4600 3805 4690 sisi;

2201 4709 2460 4763 καταπίοι
2489 4710 2673 4781 τρίχα,
2709 4707 2884 4772 οὕτως
2935 4706 3227 4762 ὲσθίεικαὶ
3272 4709 3444 4765 πίνει.
3495 4713 3632 4769 Ἐὰν
3682 4719 3808 4772 καθ.

2205 4798 2325 4869 Eon;
2375 4799 2615 4853 δειπνεῖν
2656 4800 2751 4852 ἐπὶ
2781 4798 3063 4869 τραπέζης
3097 4798 3387 4867 δυνάστου,
3424 4807 3649 4875 νοητῶς
3705 4812 3803 4862 νάει

2200 4891 2267 4944 τὰ
2297 4891 2718 4961 παρατιθέμενά
2744 4907 2846 4943 σοι.
2878 4910 2894 4940 ι

2277 5090 2293 5119 ι
2332 5072 2446 5124 Οὐκ
2478 5071 2625 5125 ἔστιν
2670 5074 2878 5138 ἀγαθὸν
2908 5076 3215 5148 ἀνθρώπῳ,
3254 5081 3303 5132 εἰ
3351 5080 3432 5152 μὴ
3462 5080 3529 5145 ὃς
3564 5086 3798 5155 φάγεται

2201 5161 2295 5213 καὶ
2346 5161 2554 5227 πίεται,
2618 5165 2713 5216 καὶ
2733 5163 2811 5228 ὡς
2853 5165 3003 5238 δείξῃ
3066 5169 3361 5242 ἀγαθὸντῇ
3406 5173 3566 5245 ψυχῇ
3620 5177 3798 5231 ιιιῖιτσῖι⁸

2200 5251 2308 5305 Καί
2330 5269 2393 5321 γε
2423 5252 2583 5306 τοῦτο
2609 5256 2674 5307 ἐκ
2704 5255 2891 5325 χειρὸς
2920 5256 3059 5311 Θεοῦ
3090 5259 3262 5313 ἐστιν.
3309 5280 3327 5312 ι

2278 5363 2296 5394 ι
2324 5343 2515 5416 Δεῦρο,
2542 5345 2682 5415 φάγε
2715 5349 2773 5399 ἐν
2810 5349 3123 5422 εὐφροσύνῃ
3150 5351 3243 5404 τὸν
3280 5352 3452 5423 ἄρτον
3479 5375 3604 5413 σου.
3626 5381 3647 5413 ι

2278 5542 2295 5574 ι
2346 5524 2707 5595 Ἑτοιμάσατε
2773 5528 3055 5598 τράπεζαν
3084 5548 3099 5563 ·
3134 5533 3366 5602 φάγετε,
3442 5538 3605 5591 πίει-ε
3633 5555 3647 5570 ⁶
3674 5540 3791 5596 hi-

2202 5632 2387 5685 στητε,
2411 5616 2460 5667 οἱ
2490 5615 2771 5688 ἄρχοντες,
2812 5619 3141 5691 ἑτοιμάσατε
3174 5624 3431 5696 θυρεούς.

2280 5727 2297 5758 ι
2338 5708 2565 5778 ’Ἄνδρες
2595 5709 2795 5764 δίκαιοι
2824 5710 3071 5767 ἔστωσαν
3106 5716 3418 5773 σύνδειπνοι
3456 5738 3580 5778 σου.
3614 5743 3634 5775 ι

2277 5818 2294 5852 ι
2326 5800 2471 5869 Φάγε
2502 5801 2576 5865 ὡς
2606 5801 2914 5874 ἄνθρωπος,
2944 5807 3039 5861 ἐὰν
3078 5812 3171 5863 ἐπὶ
3205 5812 3496 5885 τραπέζης
3551 5819 3784 5889 μεγάλης
