4052 6404
209 338 338 409 1413

1450 330 1692 400 SACRA
1730 338 2195 399 PARALLELA.

3317 343 3451 413 1414

210 454 479 514 suam“.
515 448 607 519 Μὴ
636 448 857 521 ἀνοίξῃς
881 450 968 502 ἐπ’
993 449 1167 521 αὐτὴν
1215 450 1476 520 φάρυγγά
1537 467 1654 511 σου,
1685 450 1778 503 καὶ

1880 452 2037 514 quasi
2071 450 2257 514 homo,
2295 448 2341 505 si
2372 448 2439 504 ad
2478 464 2727 509 mensam
2763 466 3017 524 magnam
3045 455 3282 514 sederis.
3330 460 3452 517 Non

213 547 285 618 μὴ
335 543 522 612 dum.
556 537 734 592 Πολλά
761 555 826 607 γε
858 537 946 591 ἐπ’
967 540 1157 609 αὐτῆς.
1203 533 1277 592 Οὐ
1309 539 1404 593 ἐὰν
1450 539 1773 611 ὲπιδλέψῃς,

213 636 285 706 μὴ
306 629 553 699 ὲκτείνῃς
604 626 705 699 τὴν
753 630 916 700 χεῖρά
940 645 1059 693 σου,
1086 630 1181 683 καὶ
1212 631 1288 702 μὴ
1318 630 1600 684 συνθλίσου
1628 632 1777 702 αὐτῷ

209 730 265 779 ὲν
310 719 563 793 τρυϐλίῳ.
616 719 763 787 Φάγε
814 717 891 783 ὡς
946 718 1234 790 ἄνθρωπος
1284 720 1353 774 τά
1391 722 1777 794 παρακείμενά

211 832 310 880 σοι,
342 811 433 865 καὶ
475 808 551 881 μὴ
577 808 890 880 διαμασσῶ,
920 810 996 881 μὴ
1018 811 1279 881 μισηθῇς.
1310 811 1524 866 Παῦσαι
1560 812 1777 882 πρῶτος

207 908 359 977 χάριν
391 901 660 969 παιδείας,
708 901 802 955 καὶ
828 899 907 972 μὴ
930 901 1298 972 ἀπληστεύου,
1339 902 1602 976 μή[πο]τε
1638 921 1774 976 προ-

209 996 426 1066 σκάφης.
458 994 568 1047 Καὶ
598 995 646 1046 εί
688 993 963 1065 ἀναμέσον
1005 993 1266 1048 πλειόνων
1305 996 1590 1062 ὲκάθισας,
1643 996 1776 1068 πρό-

206 1104 354 1159 τερος
382 1084 561 1138 αὐτῶν
592 1086 667 1157 μὴ
695 1085 941 1159 ὲκτείνῃς
972 1086 1071 1154 τὴν
1100 1088 1261 1158 χεῖρά
1295 1103 1412 1141 σου.
1441 1106 1459 1138 ι

275 1281 294 1315 ι
323 1262 546 1329 Ἔλεγεν
580 1262 610 1315 ὁ
666 1262 873 1335 Κύριος
905 1264 984 1336 τῷ
1026 1265 1318 1335 κεκληκότι
1377 1263 1539 1318 αὐτόν
1560 1281 1575 1296 υ
1606 1264 1776 1318 Ὅταν

207 1358 360 1424 ποιῇς
383 1354 606 1424 ἄριστον
630 1354 663 1425 ἢ
690 1355 926 1421 δεῖπνον,
961 1358 1037 1429 μὴ
1070 1357 1238 1425 φώνει
1284 1357 1411 1420 τοὺς
1439 1356 1626 1425 φίλους
1654 1373 1772 1422 σου,

210 1446 336 1516 μηδὲ
362 1444 609 1513 γείτονας
638 1447 969 1513 πλουσίους,
1008 1449 1143 1521 μηδὲ
1180 1449 1307 1513 τοὺς
1338 1451 1621 1518 συγγενεῖς
1656 1466 1773 1516 σου,

208 1538 334 1609 μηδὲ
364 1538 489 1600 τοὺς
518 1538 784 1608 ἀδελφούς
838 1557 954 1605 σου,
996 1544 1209 1612 μήποτε
1241 1544 1337 1595 καὶ
1364 1542 1519 1595 αὐτοὶ
1552 1544 1777 1594 ἀντικα-

205 1627 397 1683 λέσωσί
432 1643 514 1693 σε,
557 1630 649 1683 καὶ
688 1630 913 1701 γένηταί
943 1648 1027 1684 σοι
1070 1632 1440 1704 ἀνταπόδομα.
1482 1632 1622 1687 Ἀλλ’
1646 1633 1775 1687 ὅταν

206 1722 360 1791 ποιῇς
390 1719 573 1791 δοχὴν,
633 1721 788 1776 κάλει
844 1724 1116 1792 πτωχοὺς,
1152 1725 1496 1796 ἀναπήρους,
1544 1724 1773 1795 χωλοὺς,

1879 540 2097 608 aperias
2146 555 2313 609 super
2366 540 2517 595 illam
2550 543 2765 600 faucem
2810 552 2959 600 tuam
3015 546 3451 616 prior:et,non

1874 631 2076 711 dicas:
2126 631 2294 686 Multa
2352 639 2480 687 sunt
2531 650 2701 706 super
2758 637 2929 691 illam.
2962 637 3041 693 Ad
3078 638 3453 713 quodcunque
3510 676 3518 679 Α

1876 723 2214 793 respexeris,
2256 738 2326 780 ne
2351 726 2618 783 extendas
2641 742 2866 783 manum
2902 737 3060 783 tuum
3091 730 3267 800 prior,
3303 740 3361 788 et
3380 749 3451 790 ne

1875 813 2270 884 comprimaris
2334 816 2390 870 in
2454 819 2665 874 catino.
2716 819 2957 879 Comede
2994 830 3058 877 ut
3102 825 3266 879 homo
3328 841 3452 897 qua

1874 915 2234 976 apponuntur
2256 907 2382 971 tibi,
2432 924 2502 963 ne
2525 910 2760 965 multum
2785 912 2941 977 edas,
2970 929 3041 970 ne
3080 915 3208 970 odio
3244 907 3483 973 babea-I

1875 998 1979 1053 ris.
2010 997 2178 1055 Cessa
2217 1000 2373 1067 prior
2399 1014 2569 1057 causa
2608 1002 2921 1075 disciplina:
2956 1025 2971 1062 :
3009 1016 3065 1063 et
3102 1009 3213 1063 noli
3246 1006 3484 1068 nimius'

1874 1103 2019 1153 esse,
2062 1105 2131 1146 ne
2194 1090 2334 1147 forte
2363 1092 2633 1150 olfendas.
2672 1094 2791 1151 Etsi
2842 1098 2898 1152 in
2939 1099 3120 1154 medio
3152 1103 3451 1157 multorum

1876 1178 2092 1244 sedisti,
2126 1184 2279 1251 prior
2305 1182 2414 1237 illis
2451 1198 2521 1239 ne
2549 1185 2818 1243 extendas
2848 1202 3070 1242 manum
3104 1198 3278 1245 tuam.
3322 1210 3341 1242 ι
3477 1190 3482 1252 ἓ

1946 1268 2077 1325 Luc.
2148 1288 2257 1337 xiv,
2296 1273 2390 1327 l2—
2421 1275 2509 1330 M.
2539 1305 2611 1315 -—
2646 1295 2665 1328 ι
2700 1276 2926 1333 Dicebat
2977 1278 3140 1337 Jesus
3186 1282 3235 1336 ei
3270 1281 3362 1352 qui
3394 1298 3455 1339 se

1876 1362 2211 1418 invitaverat
2244 1380 2258 1417 :
2296 1363 2438 1420 Cum
2471 1366 2607 1423 facis
2633 1368 2927 1438 prandium
2957 1379 3050 1425 aut
3076 1354 3309 1438 coenam,
3341 1375 3453 1429 noli

1874 1469 2076 1511 vocare
2104 1455 2313 1512 amicos
2345 1465 2493 1522 tuos,
2520 1474 2702 1530 neque
2728 1462 2945 1518 vicinos
2972 1472 3119 1527 tuos,
3148 1480 3331 1535 neque
3359 1479 3456 1522 co-

1875 1553 2075 1617 gnatos
2108 1554 2255 1612 tuos,
2286 1564 2464 1619 neque
2496 1548 2702 1606 fratres
2729 1559 2875 1619 tuos,
2909 1554 2980 1608 ne
3009 1554 3151 1609 forte
3174 1564 3232 1609 et
3263 1556 3365 1626 ipsi
3399 1564 3454 1612 te

1876 1636 2200 1704 reinvitent,
2240 1648 2295 1695 et
2350 1640 2446 1695 ﬁat
2494 1640 2593 1695 tibi
2630 1642 2951 1699 retributio.
2985 1645 3125 1699 Cum
3158 1656 3343 1702 autem
3372 1646 3455 1701 fa-

1877 1729 1958 1783 cis
2007 1730 2328 1799 prandium,
2383 1746 2518 1811 voca
2571 1747 2872 1804 pauperes,
2899 1734 3134 1803 debiles,
3194 1738 3450 1805 claudos,

204 1810 450 1881 τυφλούς·
473 1812 569 1865 καὶ
616 1814 887 1885 μακάριος
912 1817 1031 1885 ἔσῃ,
1065 1815 1261 1870 ὅτιούκ
1291 1816 1504 1887 ἔχουσιν
1536 1819 1777 1871 ἀνταπο-

1884 1830 2063 1873 caecos
2104 1834 2118 1872 :
2158 1829 2213 1874 et
2234 1819 2428 1876 beatus
2456 1809 2588 1888 eris,
2617 1823 2751 1892 quia
2773 1837 2884 1879 non
2912 1824 3117 1881 habent
3146 1828 3456 1884 retribuere

203 1902 378 1956 δοῦναί
402 1919 505 1958 σοι.
524 1904 1043 1978 Ἀνταποδοθήσεται
1070 1908 1179 1979 γάρ
1200 1925 1282 1961 σοι
1302 1910 1359 1961 ὲν
1384 1910 1448 1979 τῇ
1481 1909 1774 1963 ἀναστάσει

202 1996 305 2051 τῶν
338 1995 586 2050 δικαίων.
623 2016 642 2049 ι

275 2088 361 2152 Ὠς
381 2088 437 2141 δὲ
466 2091 728 2161 ἁρμόδιον
763 2094 870 2165 πρὸ
898 2097 998 2166 τῆς
1030 2097 1237 2167 τροφῆς
1264 2096 1507 2167 εὐλογεῖν
1528 2097 1621 2151 τὸν
1640 2098 1775 2153 Θεὸν

210 2179 312 2233 τῶν
344 2181 602 2238 ἁπάντων
632 2201 646 2215 ·
682 2186 825 2240 οὕτω
856 2188 950 2241 καὶ
1000 2190 1151 2259 παρὰ
1184 2190 1346 2243 πότον
1372 2190 1606 2262 καθήκει
1633 2190 1772 2260 ψάλι-

203 2269 255 2323 λε
265 2288 329 2325 ιν.

268 2362 528 2433 Τράπεζα
561 2366 633 2439 ui)
663 2367 863 2440 ἔχουσα
904 2372 1128 2444 μνήμην
1146 2371 1305 2441 Θεοῦ,
1332 2374 1543 2446 φάτνης
1560 2374 1773 2445 ἀλόγων

202 2452 349 2511 οὐδὲν
370 2455 697 2528 διενήνοχεν.

214 2696 384 2785 ΡΙΤᾼ.
402 2699 757 2772 ΚΗ’.-Περὶ
779 2703 1053 2829 δικὲζωνο
1078 2705 1169 2762 ὅτι
1188 2708 1475 2778 φυλάττει
1496 2709 1719 2774 αὐτοὺς
1742 2712 1776 2766 ὁ

910 2793 1096 2829 υοιοο.

910 2793 1096 2844 υριος.

278 2897 302 2937 ,ι
328 2881 444 2935 Οὐκ
474 2883 667 2953 ἀφελεῖ
711 2885 821 2940 ἀπὸ
853 2886 1068 2941 δικαίου
1100 2888 1414 2960 ὀφθαλμοὺς
1460 2890 1652 2956 αὐτοῦ,
1682 2893 1777 2945 καὶ

210 2969 463 3026 ιαθιεῖται
505 2974 702 3038 αὐτοὺς
734 2978 816 3040 είς
842 2980 1012 3044 νῖκος,
1055 2980 1149 3031 καὶ
1178 2980 1576 3051 ὐψωθήσονται.
1610 3000 1628 3033 ι

1878 1907 2001 1961 tibi.
2035 1906 2403 1965 Retribuetur
2433 1911 2584 1966 enim
2615 1911 2718 1968 tibi
2755 1914 2810 1969 in
2838 1915 3251 1972 resurrectione
3270 1916 3457 1987 justo-

1875 2013 2022 2052 l‘lllll.
2062 2019 2081 2051 I
2172 2028 2179 2035 ο
2896 2025 2899 2028 ’
3447 2025 3450 2028 ’

1886 2126 1890 2129 -
1944 2088 2003 2143 S.
2034 2089 2293 2146 Clemens.
2335 2119 2409 2133 —
2431 2090 2503 2148 Ut
2532 2100 2718 2149 autem
2741 2103 3179 2152 consentaneum
3211 2107 3299 2153 est
3321 2106 3453 2153 ante

1873 2182 2067 2252 epulas
2108 2183 2282 2239 Deum
2312 2185 2700 2241 universorum
2760 2187 3129 2256 benedicere;
3164 2190 3249 2245 sic
3284 2190 3454 2246 etiam

1873 2274 2137 2328 convenit
2177 2274 2323 2329 inter
2354 2276 2557 2345 pocula
2582 2276 2777 2334 laudes
2808 2278 2987 2348 ipsius
3018 2295 3239 2336 canere.

1945 2362 2032 2416 Ea:
2062 2361 2227 2418 Patre
2255 2364 2415 2435 (Rup.
2447 2380 2512 2419 ea:
2541 2378 2729 2421 sancto
2752 2368 2916 2431 sene).
2945 2399 3016 2409 —
3048 2370 3234 2425 Mensa
3261 2371 3316 2425 in
3347 2384 3455 2441 qua

1875 2454 2029 2508 nulla
2068 2455 2163 2509 Dei
2189 2456 2406 2510 mentio
2436 2454 2519 2522 ﬁt,
2566 2470 2599 2511 a
2639 2457 2928 2514 brutorutu
2999 2463 3266 2531 praesepio
3316 2461 3455 2518 nihil

1874 2544 2163 2603 dissimilis
2202 2556 2306 2603 est.

1876 2701 2013 2760 TIT.
2050 2700 2285 2758 XXVIII.
2314 2732 2385 2743 —-
2420 2700 2725 2827 Πεῃὲιᾶεξὶἒ
2746 2719 2765 2767 ;
2796 2704 3035 2776 quodque
3064 2705 3328 2764 Dominus
3359 2723 3457 2763 cu-

2629 2790 2643 2826 ι
2729 2792 2810 2827 os.

2629 2790 2668 2826 ιι
2698 2790 2810 2827 €08.

1949 2886 2053 2941 Job
2134 2901 2319 2951 xxxvi,
2355 2884 2407 2942 7.
2437 2916 2509 2926 —
2551 2903 2571 2937 ι
2603 2885 2721 2941 Non
2757 2885 2969 2942 auferet
2998 2903 3027 2942 a
3047 2888 3200 2958 justo
3240 2890 3434 2946 oculos

1879 2994 2048 3047 suos,
2084 2988 2138 3035 et
2159 2979 2459 3035 collocabit
2487 2993 2582 3034 eos
2620 2978 2677 3033 in
2721 2978 2980 3045 victoria,
3019 2988 3075 3036 ct
3127 2981 3458 3036 exaltabun-

1882 3080 1994 3125 tur.
2022 3088 2041 3121 ι

282 3168 301 3202 ι
334 3151 468 3206 Ἰδοὺ
493 3154 542 3207 οί
563 3153 831 3226 ὀφθαλμώ⁵
872 3157 1077 3230 Κυρίου
1107 3161 1208 3214 ἐπὶ
1251 3160 1378 3225 τοὺς
1408 3161 1776 3234 φοϐουμένους

1954 3160 2109 3217 Psal.
2161 3175 2337 3224 xxxii,
2376 3159 2463 3217 I8.
2494 3190 2564 3201 ——
2607 3180 2625 3212 ι
2664 3159 2807 3216 Ecce
2857 3150 3007 3215 oculi
3046 3160 3268 3217 Domini
3292 3179 3459 3234 super

210 3241 386 3297 αὐτὸν.
410 3261 431 3296 ι

283 3352 302 3386 ι
338 3335 673 3408 Ὲκέκραξαν
696 3339 746 3391 oi
769 3339 991 3405 δίκαιοι,
1032 3343 1127 3399 καὶ
1156 3343 1184 3396 ὁ
1221 3341 1427 3414 Κύριος
1456 3344 1778 3415 εἰσήκουσεν

212 3426 402 3483 ιύτῶν.
447 3430 652 3484 Πολλαὶ
682 3432 739 3484 αἱ
767 3432 977 3502 θλίψεις
1006 3433 1116 3488 τῶν
1177 3434 1423 3500 δικαίων,
1469 3436 1565 3488 καὶ
1586 3438 1649 3489 ὲκ
1675 3454 1779 3492 πα-

211 3517 313 3571 σῶν
337 3521 523 3576 αὐτῶν
548 3524 775 3593 ῥύσεται
815 3526 1015 3588 αὐτοὺς
1047 3527 1076 3579 ὁ
1104 3526 1329 3598 Κύριος.
1361 3526 1629 3580 Φυλάσσει
1663 3527 1779 3581 Κύ-

212 3627 319 3680 ριος
370 3614 553 3669 πάντα
577 3617 647 3670 τὰ
678 3616 815 3670 ὀστᾶ
841 3618 1046 3683 αὐτῶν,
1080 3617 1140 3672 ἓν
1173 3617 1234 3684 ἐξ
1265 3618 1446 3672 αὐτῶν
1468 3619 1528 3672 οὐ
1560 3637 1779 3691 συντρι-

212 3701 453 3773 ϐήσεται.
487 3726 508 3759 ι

282 3812 303 3849 ι
340 3798 596 3868 Σωτηρία
620 3798 730 3854 τῶν
781 3800 1003 3855 δίκαιων
1042 3801 1195 3873 παρά
1236 3801 1468 3874 Κυρίου.
1509 3802 1782 3875 Ὑποστη-

214 3885 347 3957 ρίζει
375 3891 508 3955 τοὺς
533 3890 776 3956 δικαίους
806 3895 834 3946 ὁ
864 3893 1090 3964 Κύριος.
1124 3912 1143 3945 ι

289 3981 601 4037 «Φυλάσσει
652 3983 856 4055 Κύριος
896 3986 1107 4050 πάντας
1156 3986 1285 4051 τούς
1335 3985 1664 4056 ἀγαπῶντας
1691 3987 1784 4041 αὐ·-

219 4072 318 4128 εόν.
346 4093 365 4126 ι

283 4184 303 4219 ι
341 4168 635 4234 Ἐπαύλεις
652 4168 878 4225 δικαίων
927 4169 1265 4239 ὐλογοῧνται.
1292 4189 1310 4223 ι

286 4357 304 4393 ι
343 4338 511 4409 οἶκος
547 4342 773 4399 δικαίων
801 4344 1127 4416 εὐλογεῖται.
1156 4365 1176 4399 ι

288 4543 309 4577 ι
334 4520 497 4592 Οἶκος
508 4525 737 4581 δικαίων
753 4525 908 4596 ἰσχὺς
934 4527 1128 4597 πολλή.
1158 4544 1177 4579 ι

288 4718 307 4751 ι
342 4701 580 4771 Εὐλογία
624 4701 833 4773 Κυρίου
872 4702 968 4755 ἐπὶ
1007 4701 1252 4773 κεφαλὴν
1283 4698 1515 4757 δικαίου.
1563 4700 1788 4772 Ἐγχρο-

223 4790 351 4857 νίζει
372 4795 605 4858 δικαίοις
632 4793 962 4865 εὐφροσύνη.
992 4812 1012 4847 ι

296 4904 314 4937 ι
345 4886 464 4952 Φῶς
486 4886 717 4949 δικαίοις
750 4886 839 4940 διὰ
867 4884 1091 4949 παντός.
1123 4903 1142 4939 ι

294 4993 312 5025 ι
343 4978 554 5030 Δίκαιοι
578 4975 823 5029 ποιοῦσιν
854 4977 910 5029 ὲν
932 4974 1147 5046 πλούτῳ
1169 4974 1265 5046 ἐτη
1298 4972 1489 5030 πολλά.
1523 4993 1542 5027 ι

299 5084 317 5117 ι
356 5068 572 5132 Δίκαιος
596 5068 655 5122 ὲν
683 5067 827 5138 χαρᾷ
850 5068 944 5119 καὶ
965 5066 1276 5138 εὐφροσύνῃ
1306 5065 1484 5121 ἔσται.
1518 5084 1536 5118 ι

302 5282 320 5315 ι
354 5265 572 5327 Δίκαιος
597 5265 662 5316 ἐκ
691 5256 869 5334 θήρας
894 5258 1135 5315 ὲκδύνειο
1173 5259 1292 5314 ἀντ’
1320 5256 1488 5313 αὐτοῦ
1518 5257 1578 5311 δὲ
1606 5271 1788 5327 παρα-

226 5353 423 5410 δίδοται
453 5356 484 5410 ὁ
508 5354 732 5427 ἀσεϐής.
764 5372 784 5406 ι

300 5492 319 5525 ι
356 5476 449 5546 Μὴ
491 5472 680 5545 φοϐοῦ,
708 5474 790 5528 ὅτι
842 5470 1236 5545 ὲλυτρωσάμην
1259 5485 1355 5524 σε·
1386 5466 1620 5523 ὲκάλεσά
1652 5485 1712 5521 σε
1737 5467 1798 5521 τὸ

231 5564 401 5637 δνομά
458 5584 551 5622 σου
572 5584 587 5600 ο
622 5566 754 5639 ἐμὸς
778 5559 829 5620 εί
852 5567 939 5630 σύ,
996 5565 1091 5619 καὶ
1138 5562 1379 5634 ποταμοὶ
1425 5561 1485 5614 οὐ
1547 5559 1800 5629 συγκλείο

235 5657 382 5711 σουσί
413 5676 496 5727 σε,
534 5660 629 5717 καὶ
657 5659 751 5715 ἐὰν
811 5655 1026 5729 διέλθῃς
1080 5654 1167 5710 διὰ
1226 5654 1418 5725 πυρὸς,
1439 5653 1501 5706 οὐ
1528 5650 1602 5723 μὴ
1635 5666 1802 5707 κατα·

233 5749 457 5823 καυθῇς.
498 5771 516 5804 ι

1879 3260 2195 3310 ιιιεῑυθιιιεε
2225 3267 2373 3308 eum.
2404 3270 2422 3304 ι

1958 3343 2115 3398 Paal.
2145 3360 2337 3409 χχχιιι,
2367 3344 2455 3408 18,
2482 3342 2573 3407 ‘20,
2600 3342 2693 3398 21.
2729 3375 2798 3386 -
2835 3362 2853 3395 ι
2881 3342 3273 3400 Clamaverunt
3303 3346 3456 3416 justi,

1880 3445 1936 3494 et
1973 3436 2242 3492 Dominus
2273 3435 2557 3490 exaudivit
2590 3450 2710 3490 eos.
2737 3434 2918 3490 Multae
2948 3435 3339 3493 tribulationes
3362 3438 3459 3507 ju-

1882 3537 2119 3593 storum,
2154 3536 2210 3583 et
2240 3526 2309 3582 de
2341 3526 2606 3581 omnibus
2650 3526 2718 3580 iis
2747 3524 3003 3581 liberabit
3041 3540 3137 3579 eos
3168 3525 3452 3582 Dominus.

1881 3620 2136 3676 Custodit
2166 3617 2435 3673 Dominus
2462 3616 2645 3671 omnia
2670 3630 2795 3671 ossa
2829 3629 3044 3682 eorum,
3081 3630 3250 3669 unum
3283 3632 3346 3672 ex
3374 3617 3460 3672 his

1885 3727 1995 3768 non
2032 3717 2373 3765 conteretur.
2409 3725 2428 3758 ι

1953 3800 2104 3854 Psal.
2139 3815 2329 3863 xxxvn,
2363 3796 2455 3860 '59,
2485 3795 2578 3851 40.
2608 3826 2677 3835 -
2703 3811 2721 3846 ι
2767 3794 2932 3852 Salus
2974 3795 3459 3867 autem‘justorum

1886 3906 1917 3947 a
1946 3890 2197 3945 Domino.
2233 3888 2535 3943 Conﬁrmat
2576 3893 2762 3940 autem
2793 3886 2975 3955 justos
3006 3886 3293 3944 Dominus.
3330 3904 3348 3939 ι

1957 3980 2110 4036 Ρδαι.
2144 3996 2326 4047 cxuv,
2386 3979 2478 4034 20.
2499 4006 2569 4019 —
2601 3995 2619 4029 ι
2655 3977 2913 4033 Custodit
2963 3978 3238 4035 Dominus
3269 3992 3461 4033 omnes

1888 4072 2185 4139 diligentes
2216 4084 2296 4124 se.
2332 4088 2351 4121 ι

1958 4161 2119 4215 Prov.
2151 4176 2231 4227 ιιι,
2271 4159 2362 4215 55.
2402 4188 2473 4199 -
2515 4176 2533 4211 ι
2558 4157 2886 4214 Habitacula
2914 4159 3195 4229 justorum
3238 4156 3463 4212 benedi-

1890 4262 2109 4308 Cllllllll‘.
2144 4270 2164 4303 ι

1964 4342 2123 4399 Prov.
2158 4358 2261 4407 xu,
2319 4341 2382 4395 7.‘
2418 4372 2487 4382 —
2525 4361 2543 4394 ι
2580 4340 2786 4397 Domus
2848 4342 3130 4413 justorutu
3183 4338 3463 4395 benedici-

1893 4444 2004 4491 tur.
2046 4454 2065 4487 ι

1819 4488 1864 4544 D
1962 4526 2124 4581 Prov.
2216 4542 2304 4593 xv,
2360 4527 2415 4580 6.
2474 4555 2544 4565 —-
2597 4546 2614 4576 ι
2678 4527 2881 4580 Domus
2941 4524 3252 4595 justoruml
3287 4523 3464 4583 virtus

1890 4619 2083 4671 multa.
2124 4636 2143 4668 ι

1961 4708 2124 4762 Prov.
2182 4723 2237 4771 Χ,
2268 4706 2323 4769 6,
2372 4705 2465 4761 28.
2491 4736 2563 4746 —
2591 4725 2609 4758 ι
2644 4704 2968 4761 Benedictio
3026 4706 3241 4764 Domini
3298 4724 3467 4781 super

1891 4809 2058 4870 caput
2086 4799 2240 4868 justi.
2272 4796 2484 4851 Laetitia
2521 4812 2647 4852 cum
2679 4796 2850 4867 justis
2883 4805 3156 4853 moratur.
3194 4818 3212 4851 ι

1966 4890 2125 4947 Prov.
2150 4909 2267 4957 xm,
2300 4892 2354 4946 9.
2382 4921 2453 4930 --
2488 4908 2506 4942 ι
2548 4889 2667 4943 Lux
2718 4889 2891 4959 justis
2950 4890 3006 4945 in
3058 4900 3404 4962 perpetuum.
3443 4911 3461 4943 ι

1976 5000 1993 5032 ι
2028 4981 2171 5037 Justi
2206 4988 2375 5050 agunt
2410 4981 2463 5033 in
2495 4979 2710 5035 divitiis
2735 4993 2914 5034 annos
2946 4981 3170 5035 multos.
3213 5000 3231 5031 ι

1966 5075 2127 5131 Prov.
2163 5091 2315 5140 xxix,
2349 5075 2404 5129 6.
2433 5103 2503 5114 —
2539 5091 2558 5125 ι
2589 5071 2782 5128 Justus
2816 5072 2872 5126 iu
2911 5072 3111 5142 gaudio
3141 5080 3195 5125 et
3224 5070 3461 5126 oblecta.

1896 5166 2047 5220 tione
2085 5167 2213 5221 erit.
2254 5185 2272 5216 ι

1976 5256 2129 5311 Prov.
2168 5272 2244 5320 ιι,
2271 5258 2324 5311 8.
2360 5275 2380 5308 ι
2415 5254 2605 5311 Justus
2642 5268 2711 5310 ex
2742 5252 2940 5324 laqueo
2970 5249 3194 5307 evadit:
3232 5249 3471 5305 traditur

1899 5358 2079 5402 autem
2121 5362 2222 5419 pro
2249 5362 2316 5403 eo
2369 5348 2595 5417 impius.
2644 5363 2664 5398 ι

1971 5459 2107 5516 lsat’.
2170 5468 2326 5524 nm,
2365 5461 2420 5516 2.
2453 5490 2524 5501 -
2556 5478 2577 5512 ι
2613 5458 2735 5515 Noli
2789 5457 3021 5525 timere,
3067 5453 3329 5528 quoniam
3374 5468 3468 5508 re-

1901 5552 2045 5608 demi
2080 5559 2135 5608 te
2166 5570 2180 5607 :
2236 5554 2430 5609 vocavi
2478 5559 2531 5607 te
2561 5549 2788 5606 nomine
2845 5557 2981 5605 tuo:
3008 5563 3163 5604 meus
3196 5561 3257 5603 es
3287 5554 3384 5613 tu;
3416 5556 3472 5600 et

1901 5644 2127 5699 ﬂumina
2176 5629 2291 5699 non
2354 5644 2675 5714 cooperient
2714 5653 2789 5709 te,
2856 5642 2985 5700 etsi
3026 5639 3316 5698 transieris
3374 5652 3471 5707 per

1905 5739 2109 5810 ignem,
2139 5752 2250 5793 non
2284 5724 2653 5793 icombureris.
2689 5754 2709 5787 ι
