3968 6400
80 396 107 439 ¹
119 396 227 463 417

1345 389 1587 450 SACRA
1622 383 1966 447 PARALLE
1974 382 2081 443 LA.

3213 376 3352 441 1418

79 531 183 584 μοι
235 509 362 572 λαὸς
404 504 722 579 περιούσιος
755 502 867 559 ἀπὸ
926 503 1146 556 πάντων
1168 499 1277 554 τῶν
1299 501 1491 555 ὲθνῶν.
1548 503 1669 571 Eni]

1791 513 1977 562 neum,
2012 493 2171 550 eritis
2207 491 2345 547 mihi
2379 490 2617 562 populus
2647 490 2949 562 peculiaris
2994 506 3059 546 ex
3089 494 3351 547 omnibus

69 607 194 675 γάρ
233 606 350 657 ἐστι
381 602 532 654 πᾶσα
555 600 589 669 ή
610 599 683 668 γῆ
718 612 730 625 ·
763 596 923 666 ὑμεῖς
950 594 1009 647 δὲ
1028 591 1221 647 ἔσεσθέ
1259 608 1351 662 μοι
1389 590 1665 661 βασίλειον

69 699 404 768 ἱεράτευμα,
440 693 535 745 καὶ
559 692 713 753 ἔθνος
748 689 924 758 ἅγιον.
965 705 984 737 ι

154 807 174 839 ι
224 788 350 841 Ἐὰν
381 787 519 855 ἀκοῇ
565 782 779 854 ἀκούσῃ
803 781 906 850 τῆς
945 779 1132 847 φωνῆς
1164 794 1291 847 μου,
1351 776 1448 829 καλ⁴
1505 774 1666 843 ποιή-

69 898 187 952 σῃς
215 881 391 932 πάντα
418 878 520 930 ὅσα
547 875 613 929 ἂν
644 875 785 927 εἴπω
816 890 900 925 σοι
924 912 939 934 ,
972 869 1253 941 ἐχθρεύσω
1282 871 1397 931 τοῖς
1446 866 1665 938 ἐχθροῖς

70 989 207 1039 σου,
237 971 332 1024 καὶ
351 968 733 1038 ἀντικείσομαι
752 968 867 1029 τοῖς
887 962 1315 1033 ἀντικειμένοις.
1360 979 1379 1012 ι

162 1175 183 1209 ι
228 1156 353 1210 Ἐὰν
391 1156 450 1208 ἐν
479 1155 593 1217 τοῖς
625 1147 1016 1223 προστάγμασί
1058 1165 1163 1217 μου
1206 1144 1538 1217 πορεύησθε,
1574 1145 1667 1197 καὶ

71 1252 188 1315 τὰς
245 1249 467 1312 ἐντολάς
506 1265 609 1318 μου
665 1242 1038 1315 φυλάσσησθε,
1078 1240 1173 1294 καὶ
1203 1241 1471 1310 ποιήσητε
1502 1238 1664 1302 αὐτὰ,

72 1346 249 1399 δώσω
268 1345 360 1398 τὸν
389 1343 550 1396 ὐετόν
585 1356 689 1412 μου
717 1340 775 1391 ὲν
803 1337 984 1409 καιρῷ
1020 1334 1186 1388 αὐτοῦ
1216 1335 1347 1404 ὑμῖν
1365 1374 1380 1398 ,
1413 1334 1508 1385 καὶ
1532 1332 1566 1401 ἡ
1593 1330 1666 1401 γῆ

70 1438 251 1491 δώσει
283 1436 351 1489 τὰ
388 1435 707 1504 γεννήματα
724 1431 917 1500 αὐτῆς,
955 1430 1049 1483 καὶ
1080 1428 1150 1480 τὰ
1172 1428 1307 1495 ξύλα
1335 1426 1445 1479 τῶν
1467 1424 1667 1478 πεδίων

73 1529 358 1583 ἀποδώσει
378 1529 467 1581 τδν
485 1525 697 1596 καρπὸν
712 1522 914 1576 αὐτῶν.
940 1520 1049 1575 Καὶ
1072 1519 1452 1588 καταλήψεται
1487 1519 1615 1588 ὑμῖν
1641 1518 1669 1569 ὁ

74 1624 315 1690 ἁλοητὸς
343 1621 436 1673 τὸν
466 1619 691 1689 σπόρον,
722 1616 819 1670 καὶ
845 1614 1085 1684 φάγεσθε
1110 1613 1201 1667 τὸν
1221 1613 1385 1683 ἄρτον
1406 1612 1435 1663 ὐ
1444 1610 1563 1681 μῶν
1586 1612 1667 1672 εἰς

77 1715 438 1786 πλησμονὴν,
499 1710 860 1780 κατοικήσετε
912 1707 1052 1778 μετὰ
1079 1705 1382 1774 ἀσφαλείας
1419 1704 1513 1756 ἐπὶ
1567 1707 1667 1773 τῆς

82 1810 200 1879 γῆς
230 1808 406 1877 ὐμῶν,
470 1805 566 1858 καὶ
610 1800 1037 1873 κοιμηθήσεσθε,
1061 1800 1155 1851 καὶ
1191 1796 1291 1851 οὐκ
1319 1796 1475 1849 ἔσται
1523 1795 1668 1865 ὑμᾶς

1772 588 2056 659 gentibus.
2102 583 2219 638 Mea
2254 592 2341 639 est
2388 584 2535 638 enim
2572 583 2756 638 omnis
2784 590 2952 636 terra.
2994 581 3101 638 ‘v'os
3162 592 3349 638 autem

1769 682 1926 736 eritis
1962 678 2096 732 mihi
2141 678 2327 748 regale
2362 674 2762 737 sacerdotium,
2814 683 2869 729 et
2899 690 3035 745 gens
3064 688 3283 732 sancta.
3326 697 3344 730 ι

1838 773 2015 827 Exod.
2086 788 2244 833 χχιιι,
2276 772 2367 825 9.2.
2402 802 2472 812 --
2504 788 2517 821 ι
2551 768 2610 823 Si
2643 769 2835 823 auditu
2871 769 3113 824 audieris
3158 785 3352 826 vocem

1769 882 1968 930 meam,
2019 876 2073 920 et
2123 864 2323 919 feceris
2363 863 2553 916 omnia
2603 878 2953 933 quaecunque
2984 864 3179 918 dixero
3223 844 3350 930 tibi,

1770 958 2030 1012 inimicus
2084 971 2180 1011 ero
2236 956 2478 1011 inimicis
2501 955 2635 1021 tuis,
2672 968 2725 1011 et
2754 957 3109 1013 adversarius
3134 973 3230 1013 ero
3257 958 3355 1012 ad-

1770 1048 2028 1104 versariis
2055 1050 2181 1104 tuis.
2217 1068 2236 1100 ι

1838 1141 2002 1213 455
2033 1140 2203 1196 Leuit.
2227 1158 2383 1207 xxvi,
2408 1132 2656 1198 5423——
2676 1163 2693 1195 ι
2723 1144 2781 1199 Si
2816 1146 2868 1199 in
2896 1147 3187 1217 praeceptis
3213 1146 3352 1203 meis

1772 1237 2220 1300 ambulaveritis,
2268 1245 2323 1291 et
2359 1237 2619 1292 mandata
2668 1254 2787 1294 mea
2826 1239 3245 1307 custodieritis,
3296 1250 3354 1296 et

1771 1326 2017 1383 feceritis
2050 1344 2149 1391 ea,
2182 1328 2327 1383 dabo
2361 1330 2517 1384 vobis
2548 1330 2764 1400 pluvias
2796 1347 2945 1387 meas
2980 1332 3036 1385 in
3087 1332 3352 1403 tempori-

1770 1424 1875 1478 bus
1933 1423 2083 1486 suis,
2129 1433 2183 1479 et
2228 1434 2372 1477 terra
2416 1424 2567 1477 dabit
2618 1424 2867 1494 germina
2912 1440 3014 1479 sua
3041 1464 3056 1489 ,
3102 1434 3157 1480 et
3204 1425 3353 1497 ligna

1770 1532 2026 1587 agrorum
2080 1515 2312 1571 reddent
2364 1514 2601 1571 fructum
2638 1534 2822 1573 suum.
2873 1517 2940 1571 Et
2979 1519 3355 1589 appreltendct

1770 1612 1927 1666 vobis
1959 1611 2156 1664 tritura
2187 1620 2528 1677 sementem,
2572 1620 2626 1667 et
2668 1613 2970 1669 comedetis
3009 1629 3204 1684 panem
3257 1630 3353 1671 ve-

1770 1713 1948 1759 strum
1985 1706 2039 1759 in
2066 1707 2384 1771 saturitate,
2421 1717 2475 1760 et
2505 1706 2830 1762 habitabitis
2860 1723 2982 1762 cum
3016 1708 3351 1771 securitate,

1772 1814 1939 1869 super
1965 1808 2169 1854 terram
2206 1812 2445 1855 veSIram
2475 1818 2489 1865 ;
2522 1809 2577 1855 et
2608 1801 2894 1858 dormietis
2919 1842 2935 1866 ,
2986 1811 3040 1857 et
3090 1818 3200 1857 non
3245 1804 3355 1858 erit

76 1900 362 1969 ἐκφοϐῶν.
410 1898 520 1951 Καὶ
572 1894 760 1949 ἀπολῶ
809 1893 976 1964 θηρία
1031 1890 1244 1960 πονηρὰ
1299 1889 1365 1940 ὲκ
1418 1887 1521 1956 τῆς
1566 1885 1670 1956 γῆς

1790 1893 1864 1961 iui
1892 1900 2185 1947 exterreat.
2210 1891 2276 1947 Et
2305 1894 2528 1963 perdam
2556 1896 2732 1950 malas
2763 1896 2968 1951 bestias
2995 1900 3062 1951 de
3089 1907 3231 1951 terra
3262 1910 3356 1951 vc-

78 1996 115 2047 ὑ
126 1993 267 2063 μῶν,
298 1992 391 2044 καὶ
412 1987 707 2041 πεσοῦνται
737 1984 808 2058 [οἱ
840 1984 1024 2055 ἐχθροὶ
1056 1979 1232 2052 ὐμῶν]
1257 1979 1488 2034 ἐνώπιον
1513 1978 1666 2047 ὐμῶν

78 2087 258 2156 φόνῳ,
313 2084 406 2136 καὶ
458 2078 736 2144 διώξονται
796 2078 951 2147 ὐμῶν
986 2074 1149 2129 πέντε
1174 2072 1390 2138 ἑκατὸν,
1416 2072 1511 2125 καὶ
1541 2072 1667 2123 ἐκα-

76 2184 181 2233 τδν
226 2177 377 2248 ὐμῶν
430 2173 678 2238 διώξουσι
737 2172 964 2242 μυρίους
996 2184 1011 2200 ·
1040 2169 1137 2220 καὶ
1170 2165 1464 2219 πεσοῦνται
1499 2166 1548 2216 οἱ
1577 2165 1669 2233 ὲχ-

78 2274 209 2343 θροὶ
239 2270 389 2342 ὐμῶν
420 2268 652 2323 ἐνώπιον
700 2264 854 2335 ὐμῶν
928 2260 1191 2333 μαχαίρᾳ.
1228 2260 1339 2312 Καὶ
1393 2258 1668 2325 ὲπιὸλέψω

78 2366 257 2435 ὑμᾶς,
312 2363 406 2417 καὶ
446 2360 667 2431 αὐξήσω
705 2358 870 2428 ὐμᾶς,
933 2357 1030 2407 καὶ
1099 2354 1284 2422 στήσω
1324 2368 1422 2420 την
1477 2350 1666 2420 διαθή-

78 2477 194 2530 κην
222 2473 323 2528 μου
379 2454 495 2526 μεθ’
535 2453 712 2524 ὐμῶν.
770 2450 878 2504 Καὶ
920 2445 1159 2518 φάγεσθε
1193 2444 1401 2498 παλαιά
1431 2445 1525 2497 καὶ
1565 2461 1669 2496 πασ-

77 2548 219 2601 λαιά
257 2545 519 2611 παλαιῶν,
579 2544 671 2597 καὶ
712 2540 919 2595 παλαιά
957 2540 1022 2592 ὲκ
1062 2536 1355 2609 προσώπου
1406 2537 1541 2590 νέων
1578 2535 1667 2599 ἐξ·

78 2642 288 2695 σίσετε.
330 2641 436 2693 Καὶ
467 2639 620 2709 θήσω
656 2636 753 2707 τὴν
798 2634 1065 2705 διαθήκην
1121 2648 1220 2702 μου
1276 2632 1336 2683 ὲν
1368 2629 1518 2699 ὐμῖν,
1575 2629 1670 2681 καὶ

78 2735 153 2788 οὐ
189 2732 494 2804 βᾶλύξεται
529 2732 563 2802 ή
588 2730 732 2801 ψυχή
768 2745 867 2799 μου
897 2728 1064 2797 ὑμᾶς.
1097 2725 1207 2778 Καὶ
1235 2723 1669 2793 ὲμπεριπατήσω

78 2825 441 2897 ὲν,ὐμίν,καὶ
464 2824 658 2893 ἔσομαι
697 2821 852 2892 ὐμῶν
884 2820 1037 2882 Θεός.
1076 2836 1095 2869 ι

168 2939 187 2972 ‹
225 2919 466 2990 Πρόσεχε
511 2916 745 2987 σεαυτῷ,
781 2916 876 2969 καὶ
904 2913 1144 2984 φύλαξον
1204 2913 1305 2983 τὴν
1356 2912 1539 2983 ψυχήν
1572 2927 1668 2964 σου

82 3013 319 3084 σφόδρα.
348 3014 441 3082 Μὴ
501 3010 735 3081 ὲπιλάθῃ
787 3009 1001 3072 πάντας
1042 3009 1169 3071 τούς
1202 3006 1418 3077 λόγους,
1449 3006 1540 3069 οὐ,
1575 3007 1672 3058 ἑω-

85 3107 327 3179 ράκασιν
371 3102 641 3173 ὀφθαλμοί
700 3118 820 3167 σου,
876 3104 970 3155 καὶ
1002 3101 1078 3172 μὴ
1099 3100 1497 3170 ἀποστήτωσαν
1563 3099 1672 3152 ἀπὸ

79 3201 191 3271 τῆς
226 3197 452 3268 καρδίας
483 3212 599 3248 σου.
625 3212 645 3245 ι

1777 1992 1927 2047 stra,
1964 1994 2018 2039 et
2050 1985 2249 2041 cadent
2284 2000 2468 2040 coram
2517 1988 2676 2042 vobis
2718 1987 2933 2063 inimici
2986 1991 3155 2044 vestri
3201 1989 3355 2044 occi-

1777 2076 1969 2138 sione,
2018 2084 2073 2131 et
2117 2086 2517 2146 persequentur
2562 2078 2807 2149 quinque
2835 2079 2903 2134 de
2932 2081 3138 2136 vestris
3167 2093 3354 2136 cente-

1776 2185 1902 2229 nos,
1921 2178 1978 2224 et
2004 2179 2223 2224 centum
2243 2186 2308 2224 ex
2326 2172 2483 2226 vobis
2509 2187 2914 2243 persequentur
2932 2174 3117 2231 decem
3145 2175 3352 2242 millia;

1776 2271 1832 2317 et
1856 2266 2049 2320 cadent
2079 2265 2293 2319 inimici
2319 2266 2489 2320 vestri
2517 2281 2701 2320 coram
2738 2266 2895 2323 vobis
2925 2268 3126 2339 gladio.
3176 2270 3241 2323 Et
3269 2286 3360 2326 re.

1777 2358 2005 2426 spiciam
2033 2373 2152 2422 vos,
2173 2366 2227 2412 et
2246 2372 2496 2415 crescere
2527 2358 2727 2415 faciam
2753 2378 2768 2428 ;
2798 2372 2851 2417 et
2872 2371 3111 2419 statuam
3134 2375 3355 2437 pactum

1777 2466 1958 2505 meum
1982 2452 2293 2507 vobiscum.
2323 2450 2388 2505 Et
2416 2453 2719 2509 comedetis
2741 2463 2983 2523 vetusta,
3012 2468 3067 2513 et
3094 2461 3357 2515 vetustis-

1777 2544 1919 2599 sima
1952 2552 2203 2599 veterum
2227 2585 2242 2609 ,
2277 2553 2331 2600 et
2361 2553 2547 2600 vetera
2572 2561 2603 2600 a
2634 2546 2771 2601 facie
2798 2563 3067 2603 novorum
3094 2548 3355 2620 ejicietis.

1780 2637 1844 2691 Et
1874 2652 2073 2708 ponam
2108 2645 2327 2709 pactum
2361 2655 2545 2695 meum
2576 2641 2632 2693 in
2665 2641 2852 2706 vobis,
2893 2652 2948 2698 et
2990 2659 3101 2699 non
3140 2644 3356 2699 abomi-

1778 2732 2000 2785 nabitur
2031 2746 2133 2787 vos
2163 2732 2351 2787 anima
2382 2746 2525 2788 mea.
2560 2731 2625 2787 Et
2660 2734 2955 2791 ambulabo
2984 2737 3041 2790 in
3073 2737 3232 2793 vobis
3253 2778 3269 2804 ,
3299 2746 3357 2792 et

1774 2839 1872 2880 ero
1897 2822 2041 2878 Deus
2069 2833 2301 2879 veStem

1854 2917 2009 2971 Deut.
2044 2932 2122 2980 IV,
2148 2918 2287 2972 9.—
2308 2936 2327 2968 ι
2354 2916 2589 2974 Attende
2617 2917 2756 2984 tibi,
2790 2928 2845 2975 et
2872 2920 3089 2976 custodi
3117 2921 3358 2977 animam

1779 3018 1928 3066 tuam
1978 3010 2234 3066 sollicite.
2284 2996 2361 3065 Ne
2405 3009 2754 3066 obliviscaris
2782 3012 3024 3068 omnium
3059 3013 3360 3069 verborum

1778 3120 1901 3174 qua:
1920 3104 2178 3160 viderunt
2197 3105 2343 3159 oculi
2367 3104 2481 3170 tui,
2508 3111 2564 3159 et
2589 3118 2658 3159 ne
2682 3104 2942 3160 excidant
2961 3121 2993 3161 e
3015 3105 3183 3161 corde
3203 3116 3352 3162 tuo.»

168 3254 189 3343 λ
216 3254 504 3344 Φυλάττων
526 3285 764 3357 φύλαξαι
793 3285 891 3349 τὰς
914 3284 1138 3348 ἐντολὰς
1162 3283 1373 3356 Κυρίου
1404 3282 1500 3337 τοῦ
1529 3281 1666 3336 Θεοῦ

1851 3291 2009 3345 Deut.
2043 3306 2128 3356 vi,
2160 3289 2250 3344 17.
2274 3317 2340 3329 -—-
2373 3306 2391 3340 ι
2424 3287 2806 3345 Custodiendo
2837 3289 3052 3345 custodi
3089 3300 3361 3363 praecepta

84 3401 222 3450 σου,
254 3383 322 3436 τὰ
358 3379 637 3453 μαρτύρια
689 3378 785 3433 καλ⁵
827 3377 900 3431 τὰ
934 3376 1281 3447 δικαιώματα
1330 3376 1430 3429 ὃσα
1475 3374 1677 3429 ἐνετεί-

83 3475 225 3530 λατὸ
256 3490 338 3527 σοι

171 3587 193 3622 ι
221 3568 334 3623 οὐκ
381 3566 652 3628 ἐκκλινεϊς
704 3562 876 3634 δεξιᾷ,
908 3562 1031 3615 ουδὲ
1062 3562 1351 3631 ἀριστερᾷ,
1417 3576 1557 3613 κατα
1573 3559 1680 3611 πᾶ-

87 3680 199 3718 σαν
220 3661 316 3733 τὴν
335 3659 477 3729 ὁδὸν,
506 3659 574 3732 ἢν
594 3656 902 3711 ἐνετείλατό
936 3671 1018 3708 σοι
1042 3655 1072 3707 ὁ
1099 3652 1325 3722 Κύριος.
1351 3669 1372 3704 ι

173 3867 194 3902 ι
242 3848 367 3902 Ἐὰν
397 3847 667 3916 ἀκούσητε
688 3842 759 3897 τὰ
785 3840 1134 3911 δικαιώματά
1185 3856 1285 3910 μου
1336 3836 1532 3900 ταῦτα,
1586 3836 1681 3890 καὶ

84 3942 393 4014 φυλάξητε,
425 3940 521 3994 καλ⁸
556 3938 846 4009 ποιήσητε,
906 3933 1225 4006 διαφυλάξει
1256 3933 1466 4005 Κύριος
1496 3935 1526 3986 ὁ
1547 3932 1681 3995 Θεὸς

86 4038 232 4107 ὑμῖν
284 4034 385 4104 τὴν
415 4032 700 4103 διαθήκην,
731 4031 827 4086 καὶ
857 4030 920 4083 τὸ
968 4029 1138 4094 ἔλεος,
1174 4028 1203 4081 ὃ
1236 4027 1404 4098 ὥρισε
1434 4028 1546 4089 τοῖς
1576 4044 1681 4078 πα-

86 4128 296 4196 τράσιν
323 4122 499 4194 ὑμῶν,
531 4128 625 4175 καὶ
676 4120 953 4191 ἀγαπήσει
985 4136 1046 4171 σε
1072 4116 1296 4189 Κύριος,
1328 4118 1423 4169 καὶ
1452 4115 1678 4184 εὐλογήο

92 4239 190 4275 σει
233 4218 305 4273 τὰ
350 4217 548 4286 ἔγγονα
604 4216 703 4285 τῆς
749 4212 961 4275 κοιλίας
1003 4228 1121 4274 σου,
1156 4210 1262 4269 ,καὶ
1314 4208 1407 4261 τὸν
1464 4204 1680 4276 καρπὸν

88 4312 203 4381 τῆς
228 4310 332 4381 γῆς
360 4326 474 4375 σου,
499 4307 595 4361 καὶ
622 4306 714 4359 τὸν
762 4305 908 4358 σιτόν
939 4320 1057 4363 σου,
1102 4301 1196 4355 καὶ
1250 4300 1343 4354 τὸν
1386 4298 1529 4352 οἶνόν
1560 4314 1681 4364 σου,

92 4407 201 4462 καὶ
223 4407 285 4458 τὸ
312 4404 493 4458 ἔλαιόν
518 4418 612 4454 σου
642 4415 656 4429 ·
688 4398 785 4452 καὶ
814 4396 1108 4465 εὐλογητὸς
1164 4393 1264 4465 ἔσῃ
1324 4392 1477 4464 παρά
1505 4392 1683 4446 πάντα

89 4501 172 4555 τὰ
212 4497 375 4568 ἔθνηδ
398 4516 417 4549 ι

1783 3382 2000 3437 Domini
2026 3382 2120 3435 Dei
2154 3382 2231 3435 tui
2261 3421 2276 3447 ,
2306 3381 2625 3436 testimonia
2653 3389 2709 3435 et
2729 3380 3189 3452 iustiﬁcationes,
3215 3400 3364 3453 qua:-

1778 3487 1997 3541 cunque
2029 3472 2308 3527 mandavit
2337 3472 2457 3527 tibi.
2488 3490 2510 3524 ι

1850 3562 2007 3618 Deut.
2039 3579 2151 3618 xvn
2175 3605 2191 3630 ,
2220 3565 2391 3618 ll.—
2416 3582 2434 3616 ι
2464 3561 2583 3619 Νοη
2610 3564 2915 3620 declinabis
2943 3564 3007 3620 ad
3038 3568 3320 3621 dexteram
3344 3606 3360 3627 ,

1780 3669 1959 3725 neque
1984 3656 2054 3710 ad
2085 3656 2394 3720 sinistram,
2414 3653 2721 3710 secundum
2744 3670 2963 3710 omnem
2995 3656 3163 3720 viam,
3194 3671 3361 3727 quam

1782 3751 2030 3824 praecipit
2059 3750 2157 3805 tibi
2190 3748 2474 3804 Dominus.
2506 3766 2525 3799 ι

1852 3844 2010 3897 Deut.
2043 3859 2152 3907 vn,
2192 3841 2279 3895 M.
2310 3872 2381 3880 —
2416 3858 2435 3891 ι
2479 3841 2535 3895 Si
2588 3838 2879 3897 audieritis
2935 3840 3362 3911 iustificationes

1784 3954 1935 3993 ineas
1964 3938 2097 4003 bas,
2134 3946 2188 3991 et
2231 3933 2609 3990 custodieritis
2632 3976 2647 4002 ,
2684 3942 2741 3991 et
2772 3934 3016 3991 fet-eritis
3037 3977 3053 4002 ,
3087 3937 3362 3992 custodiet

1783 4032 1941 4087 vobis
1959 4029 2228 4085 Dominus
2247 4029 2393 4084 Deus
2415 4038 2635 4099 pactum
2660 4035 2715 4084 et
2737 4028 3174 4083 misericordiam
3198 4045 3362 4098 quam

1786 4123 2119 4196 praescripsit
2165 4123 2414 4195 patribus
2464 4122 2699 4187 vestris,
2748 4132 2803 4178 et
2828 4121 3021 4192 diliget
3068 4130 3125 4176 te
3175 4120 3360 4176 Domi-

1784 4235 1929 4284 nus,
1976 4227 2032 4275 et
2074 4216 2359 4273 benedicet
2410 4214 2555 4271 fetus
2609 4214 2823 4270 ventris
2868 4215 2992 4277 tui,
3038 4223 3095 4270 et
3148 4214 3361 4268 fructus

1786 4323 1945 4369 terra:
1974 4321 2117 4375 tuae,
2146 4320 2202 4367 et
2232 4309 2570 4365 frumentum
2610 4319 2765 4363 tuum
2789 4346 2806 4373 ,
2853 4316 2909 4363 et
2951 4307 3141 4361 vinum
3184 4315 3361 4365 tuum.

1784 4415 1839 4463 et
1883 4408 2066 4462 oleum
2118 4412 2317 4459 tuum:
2349 4412 2405 4458 et
2447 4401 2777 4458 benedictus
2808 4399 2921 4456 eris
2970 4414 3135 4471 super
3171 4413 3361 4455 omnes

1785 4507 1995 4571 gentes.
2024 4517 2044 4551 ι

181 4620 201 4652 ι
227 4600 352 4653 Ἐὰν
368 4598 504 4667 ἀκοῇ
523 4592 733 4665 ἀκούσῃ
749 4592 848 4661 τῆς
869 4587 1056 4658 φωνῆς
1071 4585 1298 4657 Κυρίου,
1323 4584 1674 4654 εὐλογημένος

1859 4587 2017 4642 Deut.
2052 4602 2244 4652 xxvnt,
2268 4584 2399 4649 5-6,
2425 4585 2478 4650 8,
2506 4584 2837 4651 12,1’5.-‹
2862 4582 2922 4637 Si
2952 4583 3143 4638 auditu
3174 4582 3362 4637 audie-

87 4694 171 4748 σὺ
203 4694 263 4744 ὲν
283 4688 459 4759 ἀγρῷ,
512 4686 606 4739 καὶ
632 4679 1034 4752 εὐλογημένηή
1063 4676 1317 4748 ἀποθήκη
1347 4692 1464 4742 σου,
1492 4676 1587 4728 καὶ
1616 4674 1685 4727 τά

93 4778 600 4853 ὲγκαταλείμματά
640 4795 760 4833 σου.
793 4773 1166 4843 Εὐλογημένος
1192 4770 1258 4823 σὺ
1298 4771 1356 4823 ὲν
1391 4768 1469 4839 τῷ
1498 4770 1686 4821 εἰσπο-

94 4870 363 4948 ρεύεσθαι
402 4886 461 4922 σε
479 4884 493 4899 ⁸
538 4866 837 4937 ἀποστείλῃ
855 4862 1061 4934 Κύριος
1090 4861 1184 4914 ἐπὶ
1207 4861 1267 4915 σὲ
1288 4859 1387 4933 τὴν
1411 4859 1684 4927 εὐλογίαν,

90 4958 165 5021 οὗ
191 4963 288 5018 ὲάν
325 4960 622 5031 ἐπιϐάλλῃς
653 4958 752 5030 τὴν
779 4957 940 5027 χεῖρὰ
970 4972 1088 5021 σου,
1120 4955 1217 5007 καὶ
1243 4952 1527 5024 εὐλογήσει
1559 4950 1689 5004 πάν-

90 5076 175 5113 τα
207 5057 277 5111 τὰ
308 5054 446 5127 ἔργα
500 5053 609 5106 τῶν
662 5050 865 5123 χειρῶν
927 5064 1046 5111 σου,
1098 5046 1196 5099 καὶ
1241 5044 1447 5109 δανιεῖς
1507 5041 1687 5096 ἔθνεσι

90 5149 346 5213 πολλοῖς,
379 5146 444 5199 σύ
482 5146 539 5200 δὲ
557 5145 617 5197 οὐ
644 5140 947 5214 δανιῇσκαὶ
987 5138 1174 5209 ἄρξεις
1228 5135 1400 5190 ἐθνῶν
1447 5134 1683 5187 πολλῶν.

90 5245 219 5300 Καὶ
252 5239 584 5311 καταστήσει
603 5254 662 5289 σε
690 5235 897 5307 Κύριος
930 5233 1012 5296 εἰς
1041 5229 1307 5301 κεφαλὴν,
1364 5228 1462 5282 καὶ
1494 5226 1571 5299 μὴ
1607 5228 1687 5289 εἰς

91 5336 300 5408 οὐρὰν,
342 5333 455 5404 καὶ,
481 5330 642 5387 δώσει
679 5329 771 5383 τὸν
804 5326 958 5381 ὐετδν
1010 5324 1111 5396 τῆς
1147 5323 1250 5395 γῆς
1302 5339 1395 5376 σου
1445 5322 1550 5386 ’ἐως
1574 5338 1690 5375 και-

97 5428 232 5503 ροῦ.
261 5446 279 5479 ι

187 5554 205 5584 ι
243 5527 379 5586 Εἷπε
412 5523 668 5598 Σαμουὴλ
688 5538 701 5552 ⁸
726 5524 788 5576 Εἰ
815 5522 1038 5592 θελητδν
1071 5520 1148 5591 τῷ
1172 5519 1363 5590 Κυρίῳ
1394 5517 1689 5570 ὁλοκαυτώ-

99 5642 263 5699 ματα
311 5622 406 5676 καὶ
457 5619 663 5683 θυσίαι,
700 5619 773 5680 ὡς
799 5616 861 5668 τὸ
895 5613 1128 5668 ἀκοῦσαι
1197 5611 1381 5682 φωνῆς
1438 5610 1686 5682 Κυρίου;

111 5718 258 5773 Ἰδοὺ
292 5714 429 5786 ἀκοὴ
460 5713 598 5783 ὑπὲρ
631 5710 843 5763 θυσίαν.
891 5726 909 5759 ι

186 5828 210 5864 ς
262 5810 327 5862 Ἥ.
360 5806 575 5876 ὐπακοή
619 5820 712 5855 σου
760 5799 1027 5855 ἐπλήθυνὲ
1071 5817 1136 5853 ue
1167 5798 1248 5863 εἰς
1287 5795 1624 5869 πλατυσμόν.
1663 5814 1681 5846 ι

436 5972 712 6033 ΡΑτιιοι..
759 5967 878 6029 Gn.
929 5963 1109 6026 XCV.

1785 4681 1864 4736 ris
1898 4677 2332 4735 vocem'Domini
2356 4718 2372 4744 ,
2403 4675 2729 4731 benedictus
2757 4683 2813 4728 tu
2848 4674 2904 4728 in
2936 4689 3092 4745 agro.
3120 4684 3174 4729 et
3203 4674 3365 4729 bene-

1787 4772 1994 4826 dictum
2028 4771 2281 4824 horreum
2316 4776 2470 4821 tuum
2493 4807 2507 4827 .
2540 4776 2595 4821 et
2622 4766 2926 4822 benedictae
2958 4766 3208 4835 reliquiae
3238 4774 3365 4820 tuae.

1788 4861 2118 4916 Benedictus
2147 4867 2205 4913 tu
2238 4858 2291 4911 in
2334 4856 2708 4927 egrediendo;
2745 4857 2925 4911 mittat
2969 4855 3234 4910 Dominus
3276 4870 3361 4908 su:

1788 4967 1885 5023 per
1919 4961 1973 5008 te
2000 4950 2476 5011 benedictionem,
2513 4948 2830 5017 ubicunque
2859 4948 3117 5017 inieceris
3147 4960 3363 4999 manqu

1787 5057 1939 5100 tuam
1969 5064 1984 5112 ;
2014 5055 2071 5100 et
2101 5043 2395 5099 benedicat
2425 5042 2609 5095 omnia
2644 5056 2811 5113 opera
2834 5054 3094 5094 manuum
3124 5047 3363 5098 tuarum,

1788 5149 1843 5195 et
1866 5138 2146 5195 fenerabis
2169 5135 2424 5209 gentibus
2454 5135 2642 5190 multis
2670 5177 2684 5201 ,
2727 5144 2782 5189 et
2815 5135 2931 5203 ipse
2960 5146 2991 5185 a
3023 5131 3176 5185 nullo
3208 5130 3362 5183 t‘enua

1792 5235 2031 5303 accipies
2059 5251 2074 5300 ;
2103 5242 2161 5288 et
2191 5230 2568 5286 dominaberis
2598 5229 2854 5301 gentibus
2880 5226 3091 5280 multis.
3138 5222 3206 5276 Et
3234 5239 3364 5277 con-

1791 5331 1985 5387 stitnet
2021 5336 2074 5383 te
2109 5326 2375 5380 Dominus
2413 5325 2467 5377 in
2505 5335 2707 5393 caput,
2757 5330 2812 5376 et
2845 5335 2954 5374 non
3006 5319 3061 5372 in
3111 5316 3369 5371 caudam.

1790 5423 1855 5479 Et
1885 5423 2038 5478 dabit
2067 5420 2298 5475 imbrem
2328 5427 2487 5473 terra:
2512 5420 2566 5471 in
2603 5429 2845 5485 tempore
2887 5426 3010 5467 suo.
3046 5431 3066 5463 ι

1863 5515 1891 5570 Ῑ
1921 5516 2047 5585 Reg.
2080 5530 2166 5575 xv,
2195 5511 2370 5566 21-—
2395 5531 2412 5563 ι
2445 5510 2591 5564 Dixit
2615 5507 2867 5562 Samuel:
2892 5504 3152 5575 hunquid
3180 5502 3368 5560 Domt~

1791 5624 1899 5665 nus
1927 5608 2047 5662 vult
2080 5606 2404 5660 holocausta
2435 5614 2490 5658 et
2520 5602 2775 5656 victimas
2797 5642 2811 5667 ,
2856 5600 3001 5654 sicut
3033 5598 3227 5652 audire
3265 5611 3366 5649 vo-

1790 5721 1908 5762 ccm
1938 5702 2195 5756 domini?
2218 5700 2355 5754 Ecce
2417 5697 2693 5753 bedientia
2720 5709 2885 5765 supra
2913 5693 3191 5748 victimam
3226 5696 3363 5743 εσυ

1861 5793 1926 5848 tl
1960 5792 2090 5860 Reg.
2124 5806 2273 5854 xxn,
2302 5788 2374 5842 20
2434 5817 2500 5827 -—
2530 5807 2548 5839 ι
2578 5785 2900 5844 Οιιοᾱὶθιιιὶη
2951 5792 3046 5839 tua
3096 5779 3364 5850 multipli-

1792 5890 1936 5948 cavit
1964 5902 2051 5944 me
2084 5886 2140 5942 in
2169 5884 2539 5943 latitudinem.
2569 5901 2587 5934 ι

2964 5948 3040 6010 45
