3968 6412
612 392 739 456 *419

1782 391 1845 452 S.
1881 391 2198 452 JOANNIS
2236 391 2666 454 DAMASCENI

3742 395 3853 459 “Sil

675 508 771 563 Job
810 518 985 571 χχιιι,
1026 504 1111 558 11.
1149 533 1204 544 —-
1254 522 1271 555 ‹
1302 503 1432 559 Vias
1482 504 1599 573 ejus
1641 503 1947 569 custodivi,
1979 512 2034 558 et
2067 519 2171 558 non

2355 521 2373 554 ι
2423 502 2607 567 Ὁδοὺς
2651 502 2817 557 αὐτοῦ
2866 503 3132 574 ἐφύλαξα,
3164 524 3257 560 και
3286 508 3347 561 οὐ
3379 510 3459 581 μὴ
3483 510 3732 564 ὲκκλῖνω
3767 516 3853 566 ἀπὸ

607 599 891 653 declinabo
922 612 951 651 a
985 597 1263 652 mandatis
1294 596 1418 666 ejus
1439 638 1451 661 ,
1493 612 1561 651 ne
1590 596 1818 650 moriar.
1852 616 1869 648 ι

665 690 767 743 .lob
806 706 1005 753 xxxvi,
1041 690 1129 743 11.
1165 719 1233 728 -
1273 707 1291 740 ι
1324 689 1380 743 Si
1418 686 1730 753 audierint,
1760 694 1814 743 ct
1846 686 2172 749 servierint,

603 780 886 849 perficient
914 779 1031 835 dies
1063 794 1194 834 suos
1223 778 1278 834 in
1306 778 1502 843 bonis,
1536 784 1590 834 et
1623 791 1799 834 annos
1832 792 1963 832 suos
1993 777 2047 831 in
2082 777 2175 831 de-

603 885 745 923 core.
782 888 799 920 ι

670 971 817 1045 Psal.
854 987 987 1025 mn
1008 1012 1023 1035 ,
1053 970 1106 1025 9.
1135 998 1199 1008 -—
1230 988 1249 1020 ι
1280 966 1617 1037 Praeceptum
1649 965 1863 1021 Domini
1898 965 2136 1020 lucidum
2168 1004 2174 1023 ι

602 1072 649 1117 ει
679 1046 998 1117 illuminans
1029 1062 1243 1117 oculos.
1278 1079 1297 1113 ι

672 1155 821 1209 Psat.
851 1172 922 1210 cn
947 1196 961 1220 ,
997 1155 1081 1209 Γ.
1112 1184 1183 1193 ——-
1218 1173 1235 1205 ι
1267 1140 1590 1223 Ει’]ιιειῑιιιι
1638 1153 1788 1207 illius
1818 1152 1875 1207 in
1906 1152 2047 1208 ﬁlios
2075 1152 2175 1206 lto-

601 1249 807 1303 minum
829 1289 843 1312 ,
877 1249 963 1301 his
994 1249 1085 1317 qui
1119 1257 1339 1303 servant
1369 1252 1762 1301 testamentum
1792 1245 1939 1316 ejus.
1971 1263 1990 1297 ι

658 1340 808 1393 Psal.
841 1356 1001 1395 cxvm
1026 1380 1040 1402 ,
1070 1339 1124 1393 5.
1145 1369 1214 1379 —
1237 1358 1254 1391 ‹
1282 1338 1500 1395 Utinam
1530 1338 1840 1409 dirigantur
1870 1338 1971 1393 viae
2002 1352 2133 1393 meae
2157 1377 2171 1403 ,

600 1432 661 1486 ad
698 1431 1115 1496 custodiendas,
1146 1452 1162 1483 ι
1193 1440 1305 1487 etc.

667 1522 809 1575 Ibid.
842 1522 963 1575 142.
991 1552 1059 1561 -
1086 1542 1104 1573 ‹
1134 1522 1244 1576 Lex
1280 1532 1369 1576 tua
1399 1522 1625 1577 veritas.
1658 1539 1678 1573 ›

678 1610 834 1664 Prov.
896 1626 1041 1671 χχχ,
1104 1610 1161 1664 5.

600 1704 775 1773 Lgniti.
815 1704 1093 1758 Pretector
1118 1711 1299 1757 autem
1330 1711 1413 1757 est
1441 1701 1687 1756 omnium
1718 1702 2026 1757 timentium
2053 1717 2166 1757 se.»

672 1792 844 1847 Eccle.
880 1810 985 1857 χιι,
1018 1795 1199 1847 15.-‹
1221 1792 1373 1848 Finis
1397 1792 1702 1857 (sermonis,
1737 1792 1865 1846 attdi
1901 1806 2168 1863 prorsus:

599 1882 763 1937 Deum
796 1885 927 1937 time
948 1925 960 1943 .
996 1895 1049 1937 et
1087 1884 1343 1937 mandata
1375 1884 1499 1953 ejus
1531 1884 1772 1939 custodi.
1804 1903 1821 1934 ι

667 1974 829 2045 456
875 1974 1032 2029 Prov.
1093 1992 1218 2040 χιν,
1269 1976 1359 2030 27.
1391 2006 1459 2014 -
1496 1994 1514 2027 ι
1552 1974 1889 2045 Praeceptum
1950 1975 2168 2031 Domini

598 2066 721 2120 fons
762 2069 906 2120 vitae.
941 2086 959 2117 ι

674 2179 691 2210 ι
719 2158 820 2225 Qui
858 2159 1097 2229 diligunt
1128 2161 1335 2232 legem,
1369 2176 1525 2215 muro
1557 2176 1617 2216 se
1645 2163 2114 2233 circumcingunt.
2145 2182 2163 2214 ι

662 2347 822 2405 Zach.
859 2366 956 2414 ιιι,
997 2352 1046 2403 7.
1084 2378 1148 2388 —-
1185 2365 1203 2397 ι
1233 2345 1361 2401 litec
1390 2346 1525 2400 dicit
1554 2345 1818 2402 Dominus
1847 2364 1860 2400 :
1896 2345 1953 2400 Si
1984 2346 2041 2400 in
2068 2347 2172 2401 viis

597 2442 731 2497 meis
763 2442 1166 2507 ambulaveris,
1204 2448 1259 2495 et
1297 2447 1571 2510 praecepta
1629 2454 1749 2494 mea
1801 2440 2131 2496 custodieris
2154 2479 2169 2504 ,

596 2548 651 2588 ιιι
682 2535 1015 2605 dijudicabis
1044 2535 1269 2589 domum
1299 2548 1496 2587 meam.
1529 2552 1546 2582 ι

664 2626 778 2681 Isa.
815 2644 901 2693 LV,
965 2627 1021 2681 2.
1051 2656 1121 2666 ——
1148 2644 1166 2677 ‹
1195 2625 1395 2680 Audite
1428 2640 1513 2679 me
1536 2664 1550 2689 ,
1580 2633 1637 2677 et
1669 2622 1946 2679 comedite
1996 2624 2171 2689 bona,

595 2728 644 2772 vt
676 2721 977 2774 delectetur
1010 2720 1062 2773 in
1092 2718 1250 2773 bonis
1282 2719 1462 2771 anima
1497 2725 1699 2771 vestra.
1734 2738 1751 2769 ι

665 2808 831 2863 Eccli.
866 2826 954 2862 χιχ
978 2849 992 2872 ,
1031 2809 1123 2864 21.
1155 2840 1224 2848 -
1262 2826 1280 2858 ι
1317 2807 1509 2861 Melior
1537 2817 1622 2862 est
1656 2808 1821 2864 homo
1846 2825 1940 2880 qui
1974 2808 2176 2863 minui-

594 2919 683 2955 llll‘
710 2902 982 2971 sapientia
1015 2916 1139 2955 cum
1169 2901 1405 2962 timore,
1445 2914 1608 2970 quam
1642 2900 1733 2969 qui
1764 2900 2009 2955 abundat
2046 2914 2173 2955 sen-

594 3009 661 3046 su
683 3032 698 3052 .
730 3002 784 3047 et
818 2990 1222 3061 transgreditur
1256 2990 1453 3060 legem.
1480 3007 1498 3040 ›

666 3080 829 3134 Ecrti.
868 3096 1039 3146 χχιιι,
1072 3081 1125 3134 5.
1159 3111 1230 3119 -
1264 3098 1282 3129 ι
1320 3078 1470 3133 Nihil
1506 3079 1725 3134 dulcius
1748 3123 1762 3147 ,
1799 3095 1964 3150 quam
1996 3080 2173 3150 respi-

594 3188 719 3228 cere
750 3173 807 3227 in
838 3171 1112 3226 mandatis
1145 3170 1384 3226 Domini.
1414 3190 1432 3223 ι

671 3262 836 3315 Eccti.
869 3277 1057 3325 χχχιι,
1094 3260 1182 3316 19.
1216 3292 1283 3300 -
1323 3281 1341 3314 ι
1375 3260 1479 3327 Qui
1514 3262 1710 3332 quaerit
1740 3262 1915 3333 legem
1940 3302 1955 3326 ,
1992 3261 2172 3331 reple-

596 3358 748 3410 bitur
780 3371 864 3409 ea.
903 3374 921 3406 ι

666 3447 838 3501 Εεειὶ.
871 3462 996 3500 χχιχ
1024 3486 1039 3511 ,
1068 3445 1157 3499 14.
1190 3475 1259 3484 -
1291 3463 1309 3497 ι
1342 3443 1490 3499 Ροιιε
1539 3444 1863 3500 thesaurum
1912 3453 2067 3498 tuum
2121 3444 2173 3497 in

596 3538 883 3611 praeceptis
919 3537 1192 3593 Altissimi
1216 3577 1230 3603 ,
1267 3547 1320 3593 et
1354 3537 1599 3607 proderit
1629 3538 1731 3591 tibi
1784 3536 1960 3608 magis
2008 3550 2174 3607 quam

600 3649 822 3689 aurum.
862 3652 880 3685 ι

668 3730 862 3785 Matth.
893 3746 964 3783 vn
986 3771 1001 3795 ,
1028 3727 1219 3782 21-24.
1241 3757 1311 3767 -
1334 3743 1352 3777 ι
1378 3724 1494 3780 Non
1523 3724 1705 3780 omnis
1734 3725 1829 3794 qui
1856 3724 1993 3778 dicit
2017 3723 2173 3788 mihi,

599 3824 863 3888 Domine,
897 3824 1159 3885 Domine,
1193 3821 1426 3875 intrabit
1476 3821 1527 3874 in
1581 3834 1812 3889 regnum
1862 3818 2128 3872 caelorum
2159 3833 2172 3881 ;

596 3917 688 3970 sed
713 3916 805 3986 qui
838 3916 970 3970 facit
989 3916 1329 3971 voluntatem
1359 3912 1544 3968 Patris
1565 3912 1670 3966 mei
1698 3911 1789 3980 qui
1812 3911 1865 3963 in
1889 3909 2045 3966 caelis
2071 3919 2173 3965 est.

595 4008 787 4065 Omnis
815 4009 909 4079 qui
936 4008 1090 4062 audit
1118 4008 1283 4062 verba
1316 4021 1435 4060 mea
1455 4046 1469 4070 ,
1495 4013 1548 4060 et
1578 4004 1709 4058 facit
1736 4019 1799 4058 ea
1824 4042 1838 4067 ,
1861 4002 2179 4058 assimilabo

596 4102 753 4156 illum
789 4103 908 4157 viro
942 4101 1220 4171 sapienti,
1271 4099 1363 4169 qui
1415 4097 1709 4153 :cdificavit
1751 4098 1971 4151 domum
2021 4110 2177 4149 suam

596 4209 762 4263 supra
790 4202 1021 4264 petram.
1051 4191 1116 4245 Et
1141 4191 1423 4245 descendit
1448 4190 1630 4259 pluvia
1651 4228 1666 4251 ,
1691 4198 1745 4242 et
1778 4194 2050 4243 venerunt
2073 4186 2178 4239 ﬂu-

596 4287 780 4349 mina,
815 4293 870 4340 et
902 4284 1173 4338 flaverunt
1207 4282 1391 4344 venti,
1429 4291 1483 4336 et
1516 4282 1803 4335 irrucrunt
1854 4280 1907 4332 in
1945 4278 2169 4332 domum

596 4377 747 4430 illam
768 4417 783 4442 ,
811 4384 866 4431 et
894 4390 1003 4429 non
1035 4374 1254 4428 cecidit.
1282 4372 1534 4427 Fundata
1560 4371 1705 4426 enim
1729 4378 1847 4426 erat
1878 4384 2046 4440 supra
2080 4384 2176 4439 pe-

598 4478 759 4521 tram.
793 4486 811 4517 ι

667 4559 864 4614 Matth.
898 4575 1011 4625 χιι,
1047 4557 1134 4613 50.
1165 4589 1237 4600 -
1272 4577 1290 4610 ι
1328 4557 1657 4629 Quicunque
1697 4554 1891 4613 fecerit
1920 4556 2174 4611 volunta-
2206 4567 2249 4622 D

594 4664 703 4708 tem
732 4651 915 4707 Patris
943 4652 1049 4708 mei
1077 4652 1170 4722 qui
1212 4652 1267 4706 in
1295 4651 1454 4706 cretis
1487 4659 1601 4715 est,
1636 4650 1725 4706 bic
1754 4650 1928 4707 frater
1949 4665 2131 4722 ,meus
2156 4691 2173 4717 ,

594 4753 651 4802 ct
677 4760 858 4810 soror,
889 4753 944 4801 et
971 4753 1146 4800 mater
1173 4751 1278 4800 est.
1316 4761 1336 4795 ι

661 4838 823 4894 Joan.
861 4846 992 4906 vnn,
1020 4838 1109 4894 47.
1137 4868 1206 4878 -
1240 4855 1258 4888 ι
1295 4836 1399 4903 Qui
1448 4852 1516 4893 εχ
1562 4835 1672 4892 1)εο
1718 4844 1836 4907 εει,
1870 4835 2038 4893 verba
2081 4837 2175 4891 Dei

594 4931 764 4986 audit.
799 4950 819 4982 ›

662 5022 824 5077 Joan.
858 5039 980 5088 xw,
1017 5022 1107 5077 15.
1134 5052 1199 5062 -
1227 5041 1245 5073 ι
1277 5021 1334 5076 Si
1363 5022 1593 5093 diligitis
1622 5036 1732 5088 me,
1763 5020 2022 5076 mandata
2053 5036 2173 5076 mea

594 5125 831 5170 servate.
855 5117 912 5170 Si
944 5116 1070 5186 quis
1098 5114 1274 5185 diligit
1292 5130 1401 5181 me,
1430 5128 1739 5169 sermonem
1766 5128 1945 5168 meum
1979 5128 2171 5192 serva-

594 5208 692 5272 bit,
717 5218 770 5263 et
796 5209 956 5263 Pater
981 5225 1137 5277 meus
1159 5208 1347 5278 diliget
1377 5215 1595 5271 eum,et
1619 5205 1687 5259 ad
1714 5222 1838 5261 eum
1862 5207 2172 5271 veniemus,

594 5312 647 5356 et
703 5303 1047 5357 mansionem
1108 5301 1248 5371 apud
1307 5316 1431 5356 eum
1467 5300 1755 5355 faciemus.
1792 5319 1811 5350 ι

558 5430 569 5477 ἰ
671 5390 694 5443 1
727 5391 852 5447 Cor.
879 5409 993 5459 vn,
1026 5394 1114 5447 19.
1138 5422 1206 5432 -
1230 5412 1247 5443 ι
1278 5392 1648 5447 Circumcisio
1674 5391 1810 5444 nihil
1843 5400 1962 5455 est,
1995 5408 2173 5461 neque

568 5484 573 5533 ‘.
594 5485 919 5550 praeputium
941 5523 958 5549 ,
992 5484 1089 5540 sed
1118 5484 1436 5539 observatio
1473 5482 1860 5535 mandatorum
1892 5483 2009 5537 Dei.
2042 5503 2061 5534 ›

558 5554 580 5617 ἶ
671 5571 696 5624 1
729 5572 887 5627 Joan.
918 5591 1007 5639 ιιι,
1036 5577 1123 5629 14.
1159 5607 1221 5617 —
1251 5594 1270 5626 ι
1306 5576 1410 5640 Qui
1439 5582 1621 5629 servat
1657 5575 1915 5630 mandata
1945 5575 2088 5645 ejus,
2116 5577 2168 5629 in

597 5665 691 5721 illo
723 5672 938 5730 manet,
970 5678 1024 5721 ct
1053 5668 1171 5737 ipse
1208 5670 1262 5721 in
1290 5684 1377 5722 eo.
1415 5687 1433 5719 ι

670 5757 731 5813 8.
766 5756 1039 5829 Chrysost.
1066 5790 1136 5799 —
1164 5761 1322 5826 Quod
1357 5777 1449 5817 ars
1479 5762 1533 5815 in
1563 5762 1793 5816 citnara:
1825 5771 1992 5817 cantu
2018 5800 2035 5829 ,
2069 5762 2171 5818 hoc

598 5849 652 5906 in
691 5849 782 5905 Dei
819 5851 1031 5923 legibus
1060 5862 1143 5909 est
1168 5853 1560 5909 demonstratio
1591 5867 1847 5923 operum.

1198 1641 1267 1650 --
1305 1628 1323 1663 ι
1362 1608 1565 1665 Omnes
1615 1624 1898 1665 sermones
1954 1608 2174 1664 Domini

2276 592 2383 647 τῶν
2410 594 2647 649 ἐντολῶν
2674 594 2865 663 αὐτοῦ,
2901 598 2989 652 ἵνα
3018 599 3094 670 μὴ
3124 600 3410 657 ἀποθάνω.
3443 622 3464 655 ι

2360 708 2377 741 ι
2411 690 2538 745 Ἐὰν
2596 690 2872 746 ἀκούσωσι
2928 693 3024 747 καὶ
3078 693 3435 762 δουλεύσωσι,
3483 697 3851 750 συντελέσωσι

2273 780 2376 845 τὰς
2403 781 2615 853 ἡμέρας
2656 782 2837 837 αὐτῶν
2866 784 2927 837 ὲν
2950 783 3199 850 ἀγαθοῖς,
3228 786 3325 839 καὶ
3343 785 3418 839 τὰ
3465 784 3578 857 ἐτη
3610 787 3785 840 αὐτῶν
3809 792 3851 839 ἑο,

2278 875 2661 939 εὐποεπείαις.
2687 893 2706 927 ι

2358 984 2377 1019 ι
2429 966 2495 1020 Ἦ
2534 966 2721 1037 ἐντολὴ
2777 965 2873 1019 τοῦ
2924 967 3128 1037 Κυρίου
3186 967 3502 1040 τηλαυγης,
3569 970 3851 1037 φωτίζουςι

2275 1056 2609 1128 ὀφθαλμους.
2640 1075 2658 1108 ›

2350 1169 2369 1201 ι
2412 1149 2476 1203 Ἦ
2506 1150 2825 1221 δικαιοσύνη
2870 1149 3036 1204 αὐτοῦ
3067 1151 3161 1204 ἐπὶ
3187 1152 3341 1215 υἱοὺς
3389 1150 3540 1204 υἱῶν
3634 1151 3745 1213 τοῖς
3774 1166 3847 1215 ςτα

2276 1242 2535 1296 λάσσουσι
2562 1241 2661 1312 τὴν
2685 1242 2953 1314 διαθήκην
2972 1242 3156 1298 αὐτοῦ.
3179 1263 3197 1295 ι

2351 1350 2369 1383 ι
2394 1331 2626 1400 Ὄφελον
2661 1332 3163 1404 κατευθυνθείησαν
3194 1334 3252 1386 αἱ
3282 1333 3397 1386 ὁδοί
3466 1350 3605 1403 μου,
3662 1333 3750 1385 τοῦ
3776 1352 3849 1401 ζυ-

2276 1424 2561 1491 λάξασθαι.
2590 1445 2607 1476 ι

2352 1535 2370 1567 ι
2400 1517 2458 1569 Ὀ
2491 1518 2654 1586 νόμος
2688 1533 2783 1569 σου
2811 1514 3058 1585 ἀλήθεια.
3098 1534 3118 1567 ι

2356 1625 2374 1658 ι
2420 1607 2630 1669 Πάντες
2658 1607 2709 1658 οἱ
2743 1606 2892 1674 λόγοι
2928 1606 3136 1677 Κυρίου
3199 1608 3643 1678 πεπυρωμένοι.
3689 1606 3849 1675 Ὑπερ-

2277 1698 2497 1762 ασπίζει
2528 1699 2585 1752 δὲ
2615 1698 2723 1752 τῶν
2758 1699 3174 1770 εὐλαϐουμένων
3201 1699 3389 1753 αὐτόν.
3422 1720 3443 1751 ›

2351 1810 2369 1842 ι
2412 1791 2578 1856 Τέλος
2607 1792 2794 1861 λόγου,
2818 1792 2879 1844 τὸ
2912 1794 3022 1846 πᾶν
3048 1793 3213 1846 ἄκουε
3232 1808 3244 1821 ·
3277 1793 3372 1846 τὸν
3398 1792 3546 1847 Θεὸν
3568 1792 3755 1862 φοϐοῦ,
3782 1798 3850 1845 καὶ

2269 1883 2367 1949 τὰς
2394 1885 2619 1948 ἐντολὰς
2648 1884 2814 1938 αὐτοῦ
2839 1884 3100 1954 φύλασσε.
3130 1904 3149 1936 ι

2355 1994 2373 2027 ι
2411 1974 2755 2046 Πρόσταγμα
2776 1976 2985 2046 Κυρίου
3020 1975 3171 2047 πηγὴ
3197 1975 3368 2045 ζωῆς.
3406 1995 3427 2027 ›

2325 2178 2345 2211 ι
2370 2160 2431 2212 υἱ
2459 2158 2784 2228 ἀγαπῶντες
2838 2159 2930 2213 τὸν
2978 2160 3158 2231 νόμον,
3216 2158 3636 2231 περιϐαλοῦσιν
3676 2158 3850 2220 ἑαυτοῖς

2286 2255 2483 2322 τεῖχος.
2511 2270 2528 2303 ι

2346 2363 2364 2395 ι
2387 2345 2525 2399 Τάδε
2574 2344 2722 2413 λέγει
2772 2342 2976 2415 Κύριος
3014 2361 3029 2375 ο
3075 2344 3198 2398 Ἐὰν
3229 2345 3287 2397 ὲν
3321 2346 3440 2408 τοῖς
3470 2345 3629 2408 6801;
3660 2363 3757 2415 μου
3781 2362 3852 2395 πμ

2275 2438 2430 2510 ρεύῃ,
2491 2438 2588 2491 καὶ
2619 2439 2677 2491 ὲν
2712 2439 2826 2500 τοῖς
2880 2436 3269 2508 προστάγμασι
3322 2455 3429 2508 μου
3482 2438 3847 2509 φυλάσσῃ,σῦ

2270 2531 2571 2602 διακρινεῖς
2601 2529 2691 2584 τὸν
2714 2526 2862 2583 οἶκόν
2887 2548 3011 2601 μου.
3039 2549 3058 2581 ι

2351 2642 2369 2674 ι
2410 2622 2707 2675 Ἀκούσατὲ
2746 2639 2872 2692 μου,
2900 2621 2997 2675 καὶ
3023 2621 3262 2690 φάγεσοε
3304 2620 3519 2689 ἀγαθὰ,
3555 2625 3663 2677 καὶ
3694 2625 3853 2689 ἔνερθε

2273 2711 2469 2783 φηθείη
2503 2714 2559 2767 ὲν
2583 2710 2809 2779 ἀγαθοῖς
2838 2713 2871 2781 ἡ
2897 2710 3042 2782 ψυχὴ
3068 2711 3240 2782 ὑμῶν.
3264 2730 3284 2761 ι

2345 2805 2675 2875 «Κρείττων
2735 2804 3054 2875 ἡττώμενος
3108 2804 3165 2856 ἐν
3225 2802 3444 2856 συνέσει
3507 2804 3853 2875 ἔμφοὸος,ἢ

2277 2897 2618 2970 περισσεύων
2644 2896 2940 2968 Ιφρονήσει,
2974 2896 3070 2949 καὶ
3100 2896 3462 2965 παραϐαίνων
3492 2897 3698 2965 νόμον.
3723 2919 3742 2949 ι

2365 3098 2384 3132 ι
2426 3077 2595 3133 Οὐδὲν
2635 3077 2971 3148 γλυκύτερον
3000 3075 3095 3131 τοῦ
3135 3077 3425 3148 προσέχειν
3475 3079 3741 3142 ἐντολαῖς
3768 3078 3853 3131 Κυ-

2205 3202 2248 3261 C
2284 3174 2424 3246 ρίου.
2450 3192 2469 3225 ι

2350 3285 2369 3318 ι
2421 3266 2479 3319 '0
2502 3262 2683 3336 ζητῶν
2710 3264 2898 3337 νόμον,
2928 3264 3381 3336 ἐμπλησθήσεται
3409 3264 3620 3320 αὑτοῦ.
3657 3284 3678 3316 ι

2356 3468 2373 3501 ι
2412 3451 2516 3515 Θὲς
2545 3453 2635 3504 τὸν
2662 3450 2936 3523 θησαυρόν
2993 3468 3087 3505 σου
3146 3454 3269 3506 κατ’
3315 3453 3550 3517 ἐντολὰς
3591 3455 3854 3525 ⁹Υῷἔςτω.

2278 3543 2371 3595 καὶ
2399 3543 2729 3597 λυσιτελέσει
2756 3561 2837 3597 σοι
2871 3543 3081 3614 μᾶλλον
3111 3545 3145 3615 ἢ
3176 3544 3236 3597 τὸ
3265 3544 3518 3615 χρυσίον.
3542 3566 3563 3597 ι

2350 3746 2370 3779 ι
2394 3728 2469 3780 Οὐ
2497 3728 2605 3790 πᾶς
2629 3727 2657 3778 ὁ
2682 3727 2857 3795 λέγων
2888 3746 2999 3798 μοι,
3026 3726 3221 3797 Κύριε,
3256 3728 3457 3797 Κύριε,
3490 3729 3850 3783 είσελειὶσετιη

2278 3822 2358 3882 εἰς
2407 3821 2507 3889 τὴν
2559 3818 2841 3889 βασιλείαν
2889 3820 2996 3872 τῶν
3053 3818 3324 3889 οὐρανῶν,
3385 3818 3511 3872 ἀλλ’
3548 3821 3579 3872 ὁ
3616 3821 3787 3873 ποιῶν
3809 3824 3855 3871 τῇ

2280 3912 2493 3982 θέλημα
2521 3911 2613 3964 τοῦ
2646 3910 2861 3982 Πατρός
2902 3929 3004 3981 μου
3032 3910 3127 3963 τοῦ
3160 3912 3216 3963 ἐν
3239 3910 3519 3979 οὐρανοῖς.
3555 3913 3679 3976 Πᾶς
3731 3916 3848 3966 Est:

2279 4008 2470 4062 ἀκούει
2508 4026 2611 4078 μου
2637 4012 2765 4073 τοὺς
2801 4009 3016 4078 λόγους,
3054 4009 3145 4062 καὶ
3198 4010 3344 4061 ποιεῖ
3362 4009 3593 4073 αὐτοὺς,
3626 4012 3859 4079 ὁμοιώσει

2279 4102 2442 4156 αὑτὸν
2475 4103 2628 4174 ἀνδρὶ
2675 4103 2944 4175 φρονίμῳ,
2981 4104 3133 4166 ὅστις
3171 4102 3499 4173 ᾠκοδόμησε
3528 4103 3635 4174 τὴν
3698 4106 3854 4155 οὰέεγ

2280 4194 2446 4248 αὑτοῦ
2496 4196 2590 4247 ἐπὶ
2616 4196 2717 4266 τὴν
2771 4197 2979 4267 πέτραν
3022 4211 3035 4224 θ
3086 4193 3180 4249 καὶ
3213 4195 3422 4264 κατέὸη
3448 4198 3484 4265 ἡ
3521 4195 3719 4267 βροχὴ,
3774 4196 3845 4246 καὶ

2279 4283 2441 4358 ἦλθον
2466 4290 2514 4340 οἱ
2546 4289 2806 4359 ποταμοὶ,
2834 4290 2930 4342 κα)⁸
2954 4286 3225 4342 ἔπνευσαν
3246 4288 3297 4338 οἱ
3321 4288 3551 4357 ἄνεμοι,
3569 4291 3673 4341 καὶ
3706 4303 3847 4356 τρεῖς·

2280 4380 2483 4433 έπεσαν
2516 4381 2582 4450 τῇ
2612 4380 2759 4451 οἰκίᾳ
2811 4376 3018 4452 ἐκείνῃ,
3070 4380 3166 4433 καὶ
3205 4380 3305 4433 οὐκ
3356 4379 3583 4435 ἔπεσεν.
3637 4382 3848 4450 T282512-

2280 4468 2442 4522 λίωτο
2478 4468 2588 4538 γὰρ
2616 4471 2709 4522 ἐπὶ
2731 4470 2958 4541 πέτραν.
2990 4489 3009 4521 ι

2360 4579 2379 4612 ι
2420 4562 2517 4624 Ὃς
2544 4562 2610 4614 ἂν
2636 4563 2836 4633 ποιήσῃ
2864 4562 2926 4615 τὸ
2961 4561 3177 4633 θέλημα
3205 4560 3296 4614 τοῦ
3328 4561 3499 4627 Θεοῦ,
3528 4560 3694 4628 οὗτος
3721 4564 3848 4617 ἀδελ-

2278 4657 2378 4727 φός
2406 4677 2531 4731 μου,
2564 4662 2657 4713 καὶ
2677 4656 2905 4728 ἀδελφὴ,
2937 4656 3031 4710 καὶ
3064 4656 3254 4727 μήτηρ
3277 4656 3451 4710 ἐστίν.
3486 4677 3505 4707 ι

2347 4860 2367 4892 ι
2408 4830 2467 4896 '0
2498 4840 2574 4896 ὣν
2604 4843 2667 4895 ὲκ
2691 4840 2852 4906 Θεοῦ,
2882 4838 2953 4893 τὰ
2974 4840 3198 4910 ῥήματα
3227 4838 3366 4892 θεοῦ
3395 4840 3620 4894 ἀκούει.
3652 4861 3675 4894 ι

2353 5041 2373 5074 ι
2424 5023 2551 5078 Ἐάν
2580 5040 2664 5085 τις
2691 5023 2880 5093 ἀγαπᾷ
2912 5038 3001 5091 με,
3032 5021 3123 5073 τὸν
3169 5020 3327 5088 λόγον
3358 5036 3460 5090 μου
3489 5023 3751 5091 τηρήσει,
3776 5021 3851 5071 χχι

2276 5118 2304 5171 ὁ
2330 5118 2520 5188 Πατήρ
2560 5133 2660 5186 μου
2690 5117 2964 5185 ἀγαπήσει
2990 5114 3172 5175 αὐτὸν,
3214 5116 3312 5167 καὶ
3351 5113 3494 5182 πρὸς
3532 5115 3703 5167 αὑτὸν
3727 5116 3841 5166 sm

2278 5207 2505 5276 σόμεθα,
2537 5206 2633 5259 καὶ
2661 5206 2830 5276 μονὴν
2859 5205 2989 5273 παρ’
3022 5202 3172 5273 αὐτῷ
3204 5204 3541 5272 ποιήσομεν.
3573 5223 3591 5255 ι

2354 5389 2683 5461 ιῐΙεριτομὴ
2742 5387 2895 5442 οὐδέν
2961 5388 3098 5453 ἐστι,
3146 5387 3237 5439 καὶ
3291 5385 3667 5457 ἁκρυδυστὶα,
3737 5387 3847 5441 an:

2275 5483 2508 5554 τήρησις
2531 5481 2760 5535 ἐντολῶν
2780 5478 2937 5533 Θεοῦ.
2964 5498 2982 5530 ι

2353 5591 2371 5624 ι
2415 5573 2473 5626 'U
2506 5572 2689 5643 τηρῶν
2749 5572 2848 5643 τὴν
2914 5571 3137 5642 ἐντολὴν
3179 5569 3372 5633 αὐτοῦ,
3406 5570 3467 5623 ἐν
3503 5571 3659 5641 αὐτῷ
3694 5572 3841 5640 μέγα.

2275 5666 2369 5719 καὶ
2396 5664 2559 5727 αὐτὸς
2585 5666 2641 5716 ἐν
2664 5664 2836 5735 αὐτῷ.
2860 5684 2878 5716 ›

2350 5760 2527 5829 Ὅπερ
2574 5758 2666 5811 ἐπὶ
2712 5757 2812 5826 τῆς
2858 5756 3192 5828 κιθαρῳδίας
3223 5757 3258 5826 ἡ
3287 5755 3496 5825 τέχνη,
3559 5755 3720 5809 τοῦτο

2274 5852 2380 5906 τῶν
2418 5850 2512 5905 τοῦ
2544 5850 2679 5904 Θεοῦ
2708 5850 2889 5920 νόμων
2911 5852 2945 5920 ἡ
2976 5848 3065 5905 διὰ
3095 5848 3201 5904 τῶν
3229 5847 3414 5918 ἔργων
3441 5846 3755 5919 ἐπίδειξις..
