4052 6444
212 438 234 501 1
250 437 323 500 ί21

1443 430 1674 491 SACRA
1719 431 2175 493 PARALLELA.

3301 442 3435 506 1422

274 554 409 607 Ὅσα
446 551 768 626 προστάττει
818 547 953 619 ἡμῖν
981 546 1010 598 ὁ
1055 562 1237 616 νυμος,
1285 544 1460 598 ταῦτα
1509 546 1587 599 δεῖ
1642 548 1760 598 κατ’

1932 549 2165 620 Evagrii.
2193 578 2262 588 —-
2293 549 2645 621 Quaecunque
2676 550 2835 608 nobis
2862 553 2980 623 lege
3012 560 3428 627 prtec'l‘p'nlntur,

166 612 441 719 \dvdyxnv
484 612 780 717 φυλάσσειν
806 612 1034 695 ’.ταῦτα
1049 612 1304 709 δὲ-φόρου
1344 638 1499 707 λόγον
1554 638 1758 708 ἐπέχει.

207 743 338 796 Ὅσα
368 740 425 793 δὲ
441 740 505 793 ὲκ
529 750 927 808 προαιρεσεως,
949 726 1060 786 οἷον
1082 730 1369 801 παρθενία,
1391 728 1761 801 ἀναχώρησις,

207 833 343 904 δῶρά
388 832 514 897 εἱσι,
568 828 663 883 καὶ
707 826 878 894 ξενίου
911 825 1069 890 λόγον
1112 822 1321 892 ὲπέχει.
1377 820 1562 873 Ξένιον
1610 819 1665 872 δὲ
1701 820 1763 872 οὺ

207 923 569 997 προσφέρεται
616 919 735 974 κατ’
766 918 1013 987 ἀνάγκην
1039 934 1051 948 ·
1097 917 1145 968 εί
1177 913 1235 966 δὲ
1286 912 1379 983 μὴ,
1409 913 1509 965 οὐκ
1535 910 1649 963 ἔστι
1679 909 1763 975 ξέ-

204 1034 326 1071 νιον.

202 1220 375 1274 ΤΙΤΛ.
403 1219 479 1272 B'.
504 1247 573 1258 -—
596 1213 733 1283 Περὶ
758 1209 1021 1267 ἐντολῶν
1037 1209 1208 1283 Θεοῦ,
1231 1207 1329 1261 καὶ
1358 1204 1476 1260 τῶν
1495 1206 1580 1276 μὴ
1601 1208 1756 1275 ρυλ-

677 1280 995 1337 ὶισσόντων
1033 1280 1240 1344 αὐτάς.

268 1402 286 1435 ι
327 1381 615 1436 Ἑκάλεσεν
653 1382 681 1432 ὁ
725 1376 858 1439 Θεὸς
885 1373 975 1427 τὸν
1017 1373 1209 1442 Ἀδὰμ,
1253 1372 1346 1425 καὶ
1394 1366 1547 1424 εἶπεν
1593 1368 1765 1438 αὐτῷ·

213 1477 400 1547 Ἀδὰμ,
426 1472 528 1529 ποῦ
561 1468 642 1538 εῐ;
666 1467 830 1523 Εἶπεν
878 1464 1028 1537 αὐτῷ
1058 1465 1231 1535 Ἀδάμ
1262 1481 1277 1495 ·
1312 1464 1422 1535 Τῆς
1458 1461 1643 1533 φωνῆς
1670 1478 1763 1513 σου

201 1574 404 1642 ἥκουσα
451 1562 881 1638 περιπατοῦντος
913 1562 972 1613 ἐν
1007 1558 1085 1629 τῷ
1108 1557 1421 1627 παραδείσῳ
1442 1596 1458 1621 ,
1506 1557 1602 1609 καὶ
1640 1557 1766 1623 ἐφο-

200 1663 391 1733 ϐήθην,
428 1661 510 1713 ὅτι
546 1655 750 1727 γυμνός
793 1655 932 1724 εἰμι,
984 1651 1080 1704 καὶ
1130 1649 1389 1722 ἐκρύϐην.
1446 1648 1557 1701 Καὶ
1612 1642 1765 1699 εἶπεν

199 1754 374 1825 αὐτῷ·
402 1752 497 1815 Τίς
563 1745 853 1816 ἀνήγγειλέ
912 1762 994 1798 σοι
1014 1744 1096 1796 ὅτι
1126 1742 1335 1812 γυμνὸς
1369 1736 1438 1804 εἷ,
1467 1741 1516 1792 εί
1553 1739 1627 1809 μὴ
1659 1736 1766 1791 ἀπὸ

198 1848 292 1901 τοῦ
347 1834 500 1910 ξύλου
537 1836 598 1896 οὗ
624 1836 975 1907 ἐνετειλάμην
1029 1851 1110 1887 σοι
1176 1832 1249 1904 μὴ
1310 1832 1504 1900 φαγεῖν
1554 1831 1766 1882 ἀπἀὐ-

186 1937 313 1998 «ob,
344 1936 579 2003 ἓφαγες;
618 1950 636 1982 ι

273 2049 290 2081 ε
328 2028 450 2082 Ἐὰν
487 2025 561 2096 μὴ
593 2021 863 2092 ἀκούσητε
891 2036 1013 2090 μου,
1042 2016 1178 2089 μηδὲ
1204 2015 1469 2086 ποιήσητε
1505 2012 1573 2067 τά
1598 2029 1768 2084 προσ-

197 2120 450 2191 τάγματά
501 2134 623 2187 μου,
654 2115 937 2184 ἐπιστήσω
962 2110 1045 2180 ἐφ’
1080 2110 1223 2179 ὑμᾶς
1246 2109 1344 2178 τὴν
1371 2106 1639 2177 ἀπορίαν,
1666 2106 1767 2177 τήν

197 2234 258 2269 τε
281 2214 468 2285 ψώραν
489 2212 586 2266 καὶ
607 2208 697 2262 τὸν
730 2209 963 2276 ἴκτερον,
996 2201 1393 2273 σφακελίζοντα
1420 2201 1546 2263 τοὺς
1562 2198 1765 2266 ὀφθαλ-

203 2309 338 2379 μοὺς
368 2304 542 2376 ὑμῶν,
568 2303 664 2356 καὶ
691 2301 788 2369 τὴν
835 2298 1013 2368 ψυχὴν
1047 2295 1201 2366 ὑμῶν
1251 2295 1612 2365 ἐκτήκουσα-θ.
1662 2291 1771 2344 Καὶ

200 2401 450 2471 σπερεῖτε
476 2396 565 2449 διὰ
593 2393 754 2462 κενῆς
778 2391 846 2444 τὰ
876 2390 1167 2459 σπέρματα
1209 2386 1384 2457 ὑμῶν,
1427 2385 1521 2437 καὶ
1565 2383 1769 2436 ἔδονται

193 2496 248 2546 οἱ
313 2488 620 2543 ὑπεναντίοι
678 2482 851 2555 ὑμῶν,
901 2481 995 2534 καὶ
1042 2476 1298 2531 πεσεῖσθε
1360 2474 1601 2528 ἐναντίον
1663 2474 1772 2526 τῶν

198 2583 412 2657 ἐχθρῶν
432 2580 584 2653 ὑμῶν
608 2593 622 2609 ⁸
657 2578 750 2631 καὶ
776 2572 1037 2646 φεύξεσθε
1054 2570 1268 2634 οὐδενὸς
1294 2567 1581 2628 διώκοντος
1606 2567 1768 2636 ὑμᾶς,

199 2683 299 2736 καὶ
339 2676 609 2748 συντρίψω
658 2674 756 2742 τὴν
806 2670 965 2741 ὓϐριν
1003 2668 1101 2739 τῆς
1154 2663 1530 2735 ὑπερηφανίας
1583 2660 1767 2733 ὑμῶν·

198 2775 298 2826 καὶ
330 2771 478 2843 θήσω
521 2768 611 2820 τὸν
634 2763 861 2836 οὐρανὸν
901 2758 1057 2832 ὑμῶν
1094 2755 1369 2827 σιδηροῦν,
1410 2754 1505 2806 καὶ
1539 2752 1637 2824 τὴν
1672 2752 1775 2843 γῆν

197 2863 355 2935 ὑμῶν
376 2863 451 2924 ὡς
479 2859 704 2930 χαλκῆν,
737 2854 830 2908 καὶ
862 2853 922 2905 οὐ
961 2849 1123 2905 δώσει
1154 2850 1188 2917 ἡ
1216 2848 1287 2914 γῆ
1322 2847 1411 2899 τὸν
1452 2844 1652 2935 σπόρον
1682 2842 1776 2895 αὐ-

196 2953 324 3022 τῆς,
357 2950 452 3003 καὶ
485 2948 546 3001 τὸ
572 2947 725 3012 ξύλον
759 2944 854 2998 τοῦ
916 2941 1087 3015 ἀγροῦ
1142 2939 1297 3009 ὑμῶν
1353 2936 1412 2989 οὺ
1461 2934 1623 2989 δωσει
1685 2934 1777 2986 τὸν

198 3045 416 3117 καρπὸν
446 3042 608 3097 αὐτοῦ
642 3057 657 3073 ο
689 3040 784 3094 καὶ
819 3037 1060 3109 φάγεσθε
1111 3035 1211 3097 τὰς
1254 3031 1463 3104 σάρκας
1500 3031 1608 3084 τῶν
1645 3028 1778 3082 υἱῶν

198 3138 359 3190 ὑμῶν
388 3137 484 3189 καὶ
511 3133 620 3186 τῶν
648 3131 983 3200 θυγατέρων.
1012 3146 1030 3177 ›

280 3248 298 3279 ι
344 3226 772 3296 Ἐπικατάρατος
820 3222 1129 3290 ἄνθρωπος,
1182 3218 1243 3279 ὃς
1289 3216 1387 3267 οὐκ
1446 3212 1677 3283 ἐμμένει
1720 3212 1778 3264 ἐν

206 3324 342 3375 πᾶσι
367 3324 479 3383 τοῖς
512 3318 691 3385 λόγοις
717 3315 808 3369 τοῦ
839 3314 1005 3384 νόμου
1034 3311 1129 3365 τοῦ
1172 3310 1395 3380 ποιῆσαι
1421 3308 1618 3369 αὐτούς
1642 3323 1656 3337 ’
1686 3306 1781 3359 καὶ

204 3418 325 3474 ἐρεῖ
353 3416 459 3467 ’τᾶτ
488 3414 515 3465 ὀ
540 3412 662 3472 λαός
692 3427 704 3440 ·
740 3409 974 3461 Γένοιτο.
1009 3425 1028 3455 ι

285 3529 304 3559 ε
356 3506 782 3575 Ἐπικατάρατος
810 3503 873 3555 σὺ
910 3504 966 3554 ἐν
994 3502 1061 3570 τῇ
1094 3498 1266 3563 πόλει,
1312 3513 1409 3549 κα.
1440 3495 1778 3564 ὲπικατάρα-

203 3618 301 3663 τος
334 3601 398 3653 σὺ
433 3599 490 3651 ἐν
520 3595 692 3669 ἀγρῷ.
720 3592 1180 3662 ιἘπικατάρατος
1227 3591 1292 3642 σὺ
1334 3591 1392 3641 ὲν
1422 3590 1544 3649 ταῖς
1573 3585 1783 3655 ἀποθή-

207 3708 339 3754 καις
387 3706 503 3752 σου,
532 3687 627 3740 καὶ
681 3685 751 3738 τά
804 3683 1310 3753 ὲγκαταλείμματα.
1373 3677 1784 3748 Ἐπικατάρατα

202 3784 283 3836 ’τά
310 3782 507 3851 ἔγγονα
534 3778 633 3848 τῆς
673 3776 879 3839 κοιλίας
914 3792 1031 3838 σου,
1064 3773 1158 3826 καὶ
1205 3770 1275 3823 τά
1321 3770 1639 3838 γεννήματα
1686 3765 1787 3836 τῆς

206 3878 317 3948 γῆς
347 3892 462 3936 σου,
492 3874 559 3924 τὰ
591 3870 845 3941 βουκόλια
867 3867 975 3919 τῶν
1015 3866 1153 3936 βοῶν
1181 3880 1297 3930 σου,
1334 3862 1427 3916 καὶ
1463 3861 1531 3914 τὰ
1557 3859 1787 3929 ποίμνια

206 3970 324 4023 ’τῶν
368 3967 656 4031 προὸάτων
706 3980 821 4015 σου.
864 3960 1292 4027 Ἐπικατάρατος
1347 3958 1409 4008 σὺ
1453 3957 1511 4007 ὲν
1542 3954 1617 4023 τῷ
1672 3953 1786 4004 είσ-

208 4060 566 4133 πορεύεσθαι,
583 4057 676 4110 καὶ
694 4055 1093 4123 ἐπικατάρατος
1116 4051 1180 4103 σὺ
1195 4052 1253 4103 ἐν
1270 4045 1785 4135 τῷιέκπορεύεσθαι.

226 4151 607 4218 Ἐξαποστελεῖ
626 4165 705 4200 σοι
722 4144 921 4217 Κύριος
936 4143 1033 4214 τὴν
1052 4142 1279 4205 ἔνδειαν,
1294 4140 1387 4192 καὶ
1402 4141 1499 4209 τὴν
1517 4137 1632 4189 ὲκλι
1640 4137 1789 4207 μίαν,

211 4247 316 4301 καὶ
331 4246 428 4315 τὴν
445 4242 710 4296 ἀνάλωσιν
728 4238 821 4291 ἐπὶ
851 4237 1027 4290 πάντα
1044 4228 1106 4288 οὗ
1124 4234 1217 4287 ἐὰν
1243 4231 1506 4302 ὲπιὸάλῃς
1522 4229 1617 4301 τὴν
1633 4228 1793 4299 χεῖρά

212 4357 317 4392 σου
346 4336 433 4389 διά
450 4334 518 4388 τὰ
546 4332 754 4403 πονηρὰ
773 4326 1177 4398 ἐπιτηδεύματά
1197 4344 1312 4380 σου.
1340 4324 1577 4390 Πατάξει
1605 4340 1663 4376 σε
1688 4321 1795 4375 Κύ-

213 4448 340 4504 ριος
367 4426 592 4497 ἀπορίᾳ,
632 4424 725 4476 καὶ
772 4420 992 4491 πυρετῷ
1025 4421 1117 4472 καὶ
1151 4419 1316 4489 ῥίγει,
1364 4418 1455 4491 καὶ
1493 4415 1794 4487 ἐρεθισμῷ,

211 4523 320 4576 καὶ
346 4520 512 4588 φόνῳ,
536 4516 629 4569 καὶ
657 4510 1048 4583 ἀνεμοφθορίᾳ.
1085 4510 1196 4561 Καὶ
1225 4508 1379 4560 ἔσται
1409 4524 1490 4560 σοι
1514 4509 1541 4558 ὁ
1569 4506 1795 4576 οὐρανὸς

1863 655 1927 695 ea
1961 641 2185 711 exsequi
2219 657 2446 698 necesse
2476 653 2598 710 est;
2643 644 2865 715 haecque
2920 646 3115 701 tributi
3165 652 3434 704 rationem

1865 730 2085 787 habent.
2117 733 2250 798 Qua:
2289 744 2469 789 autem
2517 735 2585 789 ab
2633 735 2954 792 inductione
2998 739 3168 793 animi
3214 743 3437 810 prolici-

1865 835 2120 890 scunlur,
2142 826 2313 881 veluti
2346 828 2656 898 virginitas,
2686 844 2941 887 secessus
2977 846 3007 885 a
3037 832 3262 896 mundo,
3289 834 3435 888 dona

1864 935 1928 973 ea
1959 930 2125 982 sunt,
2162 930 2216 975 et
2252 922 2400 975 xenii
2430 922 2693 977 rationem
2733 924 2952 979 habent.
2987 924 3224 980 Xenium
3263 941 3435 997 porro

1866 1022 1974 1061 non
2023 1010 2351 1065 necessitate
2377 1009 2652 1065 offertur:
2699 1012 2904 1085 alioqui
2950 1016 3173 1072 xenium
3225 1032 3439 1088 nequa-

1864 1115 2048 1170 quam.

1866 1212 2002 1267 Tl'l‘.
2044 1213 2108 1269 ll.
2138 1244 2202 1254 —
2236 1214 2311 1268 De
2362 1215 2624 1269 mandatis
2663 1217 2810 1289 ADei,
2859 1227 2908 1271 et
2958 1220 3025 1272 iis
3080 1222 3171 1289 qui
3218 1238 3279 1275 ea
3333 1240 3438 1275 non

2485 1287 2810 1342 custodiunt.

1938 1377 2068 1433 Gen.
2102 1395 2194 1444 ιιι,
2226 1379 2379 1432 9-H.
2406 1407 2474 1417 —
2501 1397 2520 1429 ι
2541 1377 2769 1434 Vocavit
2798 1378 2943 1437 Deus
2971 1382 3146 1437 Adam
3165 1423 3180 1447 ,
3213 1391 3268 1438 et
3298 1383 3441 1437 dixit

1864 1486 1915 1526 ei
1945 1489 1959 1524 :
1992 1471 2201 1533 Adam,
2237 1471 2326 1524 ubi
2357 1470 2456 1525 es?
2483 1468 2588 1536 Qui
2623 1471 2701 1524 ait
2734 1490 2746 1525 :
2797 1470 2999 1527 Vocem
3046 1485 3195 1529 tuam
3247 1475 3435 1529 audivn

1866 1561 2267 1617 deambulantis
2298 1562 2353 1615 in
2384 1561 2671 1631 paradiso,
2702 1570 2756 1616 et
2802 1564 2961 1617 timui
2992 1604 3005 1630 ,
3043 1580 3109 1618 eo
3140 1564 3287 1634 quod
3331 1582 3440 1619 nu-

1866 1657 1967 1710 dus
2000 1670 2196 1718 essem,
2231 1664 2283 1709 et
2315 1655 2571 1710 abscondi
2608 1671 2712 1710 me.
2747 1656 2812 1710 Et
2841 1656 2979 1711 dixit
3008 1657 3095 1713 ei:
3131 1658 3266 1724 Quis
3300 1673 3442 1711 nun-

1867 1749 2023 1802 tiavit
2065 1749 2167 1803 tibi
2215 1747 2363 1818 quod
2395 1750 2576 1804 nudus
2623 1764 2812 1817 esses,
2861 1751 2969 1804 nisi
3018 1753 3165 1818 quod
3198 1752 3263 1806 de
3291 1752 3439 1822 ligno

1868 1844 1936 1895 de
1964 1854 2071 1909 quo
2100 1855 2461 1910 praeceperam
2490 1840 2589 1896 tibi
2618 1856 2685 1895 ne
2714 1841 3068 1907 comederes,
3114 1859 3182 1899 ex
3227 1858 3293 1899 eo
3339 1859 3440 1899 co-

1795 1911 1842 1970 Β
1870 1932 2132 1988 medisti?
2163 1953 2180 1984 ›

1939 2024 2102 2080 Levii.
2139 2042 2265 2080 xxvn
2291 2066 2305 2090 ,
2340 2026 2506 2080 14-16
2530 2067 2543 2091 ,
2588 2027 2650 2082 l9
2674 2068 2688 2093 ,
2722 2027 2811 2094 20,
2837 2027 2926 2082 29.
2957 2059 3028 2068 —
3061 2047 3080 2079 ‹
3115 2028 3172 2081 Si
3204 2043 3309 2083 non
3343 2045 3444 2083 au-

1869 2117 2083 2172 dieritis
2113 2133 2233 2185 me,
2268 2133 2443 2189 neque
2473 2118 2712 2173 feceritis
2747 2130 3018 2189 praecepta
3051 2134 3167 2174 mea
3197 2159 3212 2183 ,
3242 2121 3447 2173 immit-

1872 2220 1980 2265 tam
2016 2212 2066 2265 in
2094 2226 2193 2266 vos
2223 2212 2547 2266 anxietatem
2568 2254 2582 2278 ,
2615 2219 2670 2266 et
2700 2211 2971 2275 scabiem,
3018 2222 3073 2267 et
3100 2212 3406 2284 auriginem
3427 2254 3445 2280 ,

1871 2321 1992 2374 quae
2017 2305 2313 2360 conﬁciant
2347 2305 2541 2360 oculos
2574 2315 2810 2370 vestros,
2843 2313 2896 2360 et
2926 2304 3107 2359 anima
3146 2315 3330 2361 vestra
3362 2317 3447 2360 ta-

1872 2399 2053 2453 beliet.
2085 2396 2153 2450 Et
2178 2398 2375 2453 scretis
2402 2397 2455 2451 in
2482 2412 2684 2451 vanum
2715 2397 2925 2451 semina
2952 2407 3172 2464 vestra,
3204 2406 3258 2452 et
3284 2399 3450 2454 edent

1874 2490 2169 2545 adversarii
2200 2488 2405 2553 vestri,
2439 2498 2494 2542 et
2524 2488 2734 2543 cadetis
2764 2503 2949 2542 coram
2988 2489 3322 2544 adversariis
3355 2506 3449 2545 ve-

1875 2582 2027 2647 stris,
2048 2582 2399 2651 fugietisque,
2432 2582 2652 2635 nemine
2676 2596 2774 2635 vos
2808 2590 3191 2652 persequente.
3229 2583 3293 2634 lit
3319 2598 3437 2638 con-

1880 2683 2049 2727 teram
2078 2674 2449 2743 arrogantiam
2475 2671 2750 2741 superbiae
2782 2680 3009 2733 vestrae,
3045 2684 3099 2725 et
3127 2672 3323 2726 C(Blmn
3354 2688 3451 2724 vo-

1878 2764 1962 2819 bis
1988 2780 2182 2833 ponam
2216 2766 2455 2818 ferreum
2477 2804 2491 2828 ,
2524 2772 2579 2818 et
2612 2771 2815 2817 terram
2846 2771 3083 2818 vestram
3118 2764 3263 2819 velut
3287 2762 3448 2835 457

1877 2873 2081 2912 :eneam
2101 2900 2115 2923 ,
2140 2868 2192 2912 et
2222 2872 2332 2911 non
2368 2857 2516 2911 dabit
2543 2866 2684 2910 terra
2716 2872 2900 2911 semen
2933 2872 3093 2912 suum
3116 2899 3131 2923 ,
3161 2864 3215 2912 et
3244 2857 3452 2927 lignum

1880 2952 1992 3022 agri
2027 2951 2192 3005 vestri
2226 2965 2337 3004 non
2371 2948 2523 3004 dabit
2556 2948 2795 3004 fructum
2828 2965 2986 3005 suum
3011 2989 3025 3014 ,
3057 2960 3106 3003 et
3143 2950 3450 3005 comedetis

1881 3058 2074 3099 carnes
2103 3043 2336 3096 ﬁliorum
2368 3050 2675 3097 vestrorum
2721 3054 2775 3097 et
2805 3042 3065 3096 ﬁliarum.
3095 3061 3114 3093 ι

1959 3218 2111 3278 Deut.
2146 3233 2293 3271 xxvn
2318 3257 2331 3280 ,
2365 3216 2457 3270 26.
2481 3246 2552 3256 -—-
2579 3235 2597 3268 ι
2627 3217 2957 3272 Maledictus
2998 3218 3164 3273 homo
3203 3217 3299 3289 qui
3334 3233 3454 3274 'non

1883 3308 2253 3379 permanserit
2285 3309 2341 3362 in
2377 3309 2640 3363 omnibus
2682 3308 3036 3363 sermonibus
3075 3308 3244 3380 legis,
3276 3316 3334 3363 ut
3373 3308 3460 3363 fa-

1883 3402 1995 3455 ciat
2021 3416 2083 3455 ea
2111 3419 2125 3467 ;
2158 3411 2213 3455 et
2239 3400 2389 3455 dicet
2420 3400 2603 3455 omnis
2637 3400 2873 3470 populus
2902 3418 2916 3453 :
2949 3401 3093 3456 Fiat.
3124 3421 3141 3452 ι
3514 3388 3521 3429 ί

1956 3491 2109 3544 Deut.
2152 3506 2358 3551 xxvnt,
2401 3488 2468 3543 16
2521 3506 2659 3559 seqq.
2693 3518 2763 3527 —
2798 3507 2816 3540 ε
2865 3488 3192 3546 Maledictus
3230 3492 3343 3546 eris
3402 3493 3462 3546 in

1885 3583 2108 3637 civitate
2128 3596 2151 3645 ,λ
2187 3591 2241 3636 et
2284 3581 2617 3636 maledictus
2656 3582 2710 3634 in
2750 3596 2902 3651 agro.
2948 3581 3268 3639 Maledictus
3308 3594 3363 3637 tu
3404 3586 3462 3639 in

1886 3675 2103 3730 horreis
2136 3677 2245 3729 tuis
2266 3714 2279 3733 ,
2313 3684 2365 3727 et
2396 3674 2648 3744 reliquiae
2680 3684 2807 3728 tua}.
2841 3672 3112 3729 Maledicti
3146 3676 3293 3731 fetus
3324 3691 3461 3731 ven-

1889 3770 1989 3823 tris
2044 3768 2160 3832 tui,
2205 3779 2260 3821 et
2308 3769 2585 3837 genimina
2628 3774 2787 3821 terra:
2828 3777 2965 3833 tua},
3011 3779 3256 3824 armenta
3295 3770 3461 3825 boum

1890 3871 2147 3924 tuorum,
2191 3869 2246 3913 et
2284 3873 2477 3929 greges
2521 3858 2705 3913 ovium
2748 3866 2991 3911 tuarum.
3034 3857 3363 3915 Maledictus
3402 3869 3461 3913 tu

1889 3954 1947 4007 in
1983 3952 2370 4022 ingrediendo,
2404 3961 2457 4004 et
2491 3949 2823 4004 ntalerlictus
2860 3950 2916 4003 in
2950 3950 3305 4018 egrediendo.
3343 3951 3465 4005 Mit-

1891 4052 1968 4099 tet
1998 4045 2096 4098 tibi
2131 4043 2400 4098 Dominus
2432 4051 2728 4111 egestatem
2751 4085 2765 4107 ,
2797 4050 2851 4096 ct
2884 4041 3082 4097 famem
3120 4058 3342 4113 gravem
3365 4082 3382 4108 ,
3413 4052 3468 4099 et

1892 4137 2373 4206 consumptionem
2414 4136 2472 4188 in
2515 4136 2701 4189 omnia
2741 4136 2808 4190 ad
2843 4152 2966 4205 quas
2998 4137 3316 4192 extenderis
3348 4152 3467 4192 ma-

1893 4248 2024 4286 num
2062 4240 2247 4296 tuam,
2282 4237 2504 4299 propter
2538 4228 2959 4283 adinventiones
2998 4237 3124 4285 tuas
3164 4230 3464 4300 pessimas.

1894 4323 2174 4379 Percntiet
2213 4331 2266 4379 te
2306 4322 2449 4377 Deus
2488 4331 2766 4390 egestate,
2811 4332 2865 4376 et
2905 4321 3098 4388 febre,
3130 4332 3185 4378 et
3222 4323 3466 4395 frigore,

1895 4428 1951 4471 et
1978 4415 2296 4471 corrosione
2316 4455 2330 4479 ,
2357 4424 2410 4467 et
2439 4414 2587 4468 crede
2610 4456 2623 4477 ,
2652 4422 2706 4467 et
2738 4413 3032 4468 adustione
3062 4415 3209 4468 venti
3238 4433 3251 4480 ;
3286 4425 3339 4469 et
3372 4417 3477 4470 erit

1897 4510 2097 4563 malum
2136 4507 2283 4578 quod
2324 4522 2491 4577 supra
2534 4515 2585 4560 te
2623 4514 2737 4567 est,
2779 4520 2990 4560 aeneum
3015 4545 3030 4570 ,
3073 4513 3127 4560 et
3170 4515 3314 4561 terra
3358 4522 3479 4576 qua:

212 4618 244 4668 ὸ
266 4612 415 4681 ὑπὲρ
448 4607 690 4676 κεφαλῆς
718 4622 812 4658 σου
842 4599 1103 4672 χαλκοῦς,
1149 4600 1244 4651 καὶ⁹
1282 4600 1315 4669 ἡ
1362 4599 1433 4668 γῆ
1466 4600 1499 4667 ή
1538 4598 1779 4650 ὑποκάτω

1900 4606 1986 4653 est
2023 4597 2166 4652 infra
2201 4608 2289 4663 te,
2331 4596 2530 4651 ferrea.
2578 4596 2676 4650 Det
2719 4595 2984 4650 Dominus
3026 4598 3259 4654 imbrem
3319 4608 3479 4653 terra:

216 4723 322 4759 σου
364 4702 579 4772 σιδηρᾶ.
606 4698 691 4768 Δῴ
729 4696 930 4767 Κύριος
960 4693 1054 4769 τὸν
1087 4692 1239 4745 ὑετὸν
1280 4691 1377 4761 τῆς
1416 4691 1518 4761 γῆς
1565 4707 1658 4742 σου
1708 4706 1801 4742 κο-

216 4796 470 4867 νιορτόν·
505 4793 600 4846 καὶ
628 4790 727 4863 ἔσῃ
762 4790 820 4842 ὲν
865 4786 1136 4855 διασπορᾷ
1162 4787 1218 4839 ἐν
1252 4784 1455 4845 πάσαις
1483 4784 1602 4843 ταῖς
1649 4781 1802 4850 βασι-

218 4891 398 4950 λείαις
452 4886 549 4956 τῆς
596 4884 719 4953 γῆς.
774 4880 1009 4943 Πατάξει
1054 4894 1113 4930 σε
1175 4875 1379 4946 Κύριος
1422 4872 1800 4944 παραπληξίᾳ,

217 4974 484 5054 ἁορασίᾳ,
511 4977 763 5031 ἐκστάσει
810 4972 1067 5035 διανοίας,
1116 4970 1210 5023 καὶ
1254 4968 1351 5039 ἔσῃ
1395 4966 1664 5036 ψηλαφῶν
1703 4981 1804 5034 με-

219 5076 530 5145 σημϐρίας,
582 5069 656 5133 ὡς
710 5067 1021 5139 ψηλαφήσει
1069 5065 1098 5117 ὁ
1137 5061 1334 5131 τυφλὸς
1381 5062 1438 5112 ὲν
1484 5056 1563 5129 τῷ
1598 5058 1801 5119 σκότει,

216 5168 325 5225 καὶ
353 5168 454 5220 οὐκ
492 5162 745 5218 εὐοδώσει
798 5158 897 5222 τὰς
934 5156 1088 5220 ὁδούς
1139 5172 1253 5209 σου.
1289 5153 1399 5206 Καὶ
1447 5152 1548 5224 ἔσῃ
1597 5149 1805 5204 ἀδικού-

224 5278 394 5334 μενος
426 5260 519 5312 καὶ
549 5255 948 5328 ἁρπαζόμενος,
990 5252 1086 5304 καὶ
1139 5249 1238 5303 οὐκ
1277 5247 1430 5299 ἕσται
1457 5262 1539 5298 σοι
1570 5243 1799 5314 βοηθῶν.

1904 4699 2015 4745 tua:
2052 4691 2354 4759 pulverem.
2394 4689 2459 4742 Et
2489 4690 2601 4743 eris
2638 4689 2695 4742 in
2727 4689 3076 4758 dispersione
3118 4690 3174 4744 in
3217 4692 3479 4745 omnibus

1904 4786 2089 4854 regnis
2121 4793 2302 4837 terrae.
2335 4781 2619 4836 Percutict
2660 4792 2713 4836 te
2756 4780 2903 4837 Deus
2941 4784 3182 4837 amentia
3205 4824 3220 4849 ,
3266 4785 3483 4839 caecita-

1906 4888 1990 4939 te,
2019 4874 2234 4930 insania
2263 4874 2464 4929 mentis
2485 4916 2500 4939 ,
2534 4881 2588 4928 et
2612 4874 2724 4927 eris
2753 4873 2984 4944 palpans
3012 4874 3065 4929 in
3096 4877 3324 4931 meridie
3345 4920 3359 4943 ,
3403 4882 3480 4932 si-

1906 4978 2001 5021 cut
2044 4968 2267 5037 palpare
2305 4966 2445 5020 solet
2481 4980 2660 5020 czecus
2696 4966 2751 5020 in
2785 4967 3067 5031 tenebris,
3107 4978 3163 5022 et
3194 4983 3303 5021 non
3337 4968 3479 5021 diri-

1910 5069 1998 5132 get
2031 5062 2149 5114 vias
2186 5069 2327 5114 tuas.
2366 5058 2433 5112 Et
2466 5058 2577 5113 eris
2613 5058 2946 5114 calumniam
2985 5059 3301 5123 sustinens,
3337 5068 3392 5112 et
3425 5052 3505 5113 inw

1910 5153 2279 5222 direptionem
2304 5194 2320 5217 ,
2352 5162 2407 5207 et
2438 5166 2547 5206 non
2577 5151 2684 5205 erit
2719 5152 2812 5221 qui
2854 5152 3061 5205 auxilio
3100 5151 3173 5205 sit
3202 5168 3217 5216 ;
3253 5166 3483 5205 uxorem

1913 5246 2084 5300 duces
2107 5284 2122 5308 ,
2158 5251 2214 5298 et
2248 5243 2390 5297 alius
2424 5243 2659 5313 accipiet
2688 5258 2811 5299 eam
2843 5260 2857 5309 ;
2895 5242 3115 5297 domum
3145 5242 3482 5308 aediﬁcabis,

220 5332 474 5408 Ῐ¹υναῖκα
534 5348 701 5421 λήψῃ,
757 5348 851 5400 καὶ
893 5344 1032 5415 ἀνὴρ
1082 5343 1266 5413 ἕτερος
1313 5339 1544 5409 λήψεται
1593 5337 1762 5406 αὑτήν

1914 5346 1967 5391 ct
2006 5352 2116 5390 non
2158 5334 2433 5390 habitabis
2474 5335 2529 5387 in
2560 5332 2644 5389 ea.
2686 5352 2704 5384 ›

224 5443 411 5498 οἰκίαν
442 5440 840 5511 οἰκοδομήσεις,
878 5437 968 5489 καὶ
997 5435 1095 5488 οὐκ
1124 5434 1389 5504 οἰκήσεις.
1430 5450 1446 5481 ο

306 5554 329 5587 ι
364 5532 500 5588 Εῐπε
549 5530 802 5602 Σαμουὴλ
840 5528 972 5600 πρὸς
1029 5526 1239 5579 Σαούλ·
1274 5524 1410 5592 Οὐχὶ
1470 5522 1666 5593 μικρὸς
1718 5522 1804 5583 σὺ,

225 5630 331 5686 καὶ
363 5625 548 5698 ἔχρισέ
584 5643 643 5679 σε
676 5625 880 5695 Κύριος
912 5622 992 5684 εἰς
1029 5618 1253 5691 βασιλέα
1284 5620 1379 5670 ἐπὶ
1420 5613 1668 5685 Ἰσραήλς
1700 5614 1812 5666 Καὶ
1916 5613 2111 5663 Nonne
2134 5622 2258 5661 cum
2284 5613 2551 5675 parvulus
2572 5619 2747 5668 esses,
2772 5613 2929 5656 unxit
2952 5613 3004 5655 te
3021 5613 3286 5698 uox-mnus
3303 5613 3416 5698 regi

226 5691 532 5776 ἀπέστειλέ
561 5735 620 5771 σε
647 5691 851 5787 Κύριος
871 5716 929 5768 ὲν
948 5712 1072 5782 ὀδῷ,
1099 5714 1192 5765 καὶ
1215 5708 1337 5764 εἷπέ
1363 5726 1465 5772 σοι,
1486 5704 1779 5777 Πορεύθητι

1919 5714 2082 5769 super
2110 5698 2314 5753 Israel?
2346 5696 2411 5750 Et
2440 5697 2590 5753 misit
2620 5705 2672 5750 te
2698 5693 2964 5749 Dominus
2994 5693 3046 5745 in
3074 5691 3250 5755 viam,
3284 5699 3338 5743 et
3368 5691 3485 5742 ait:

225 5812 621 5883 ὲξολὸθρευσον
660 5813 751 5862 τὸν
800 5805 1065 5877 Ἀμαλὴκ,
1112 5804 1207 5856 καὶ
1241 5804 1363 5865 τοὺς
1398 5800 1779 5871 ἁμαρτάνοντα

1923 5793 2094 5856 Vade,
2122 5801 2177 5847 et
2208 5792 2329 5847 dele
2358 5791 2652 5853 Amalech,
2688 5798 2737 5843 et
2765 5788 2857 5858 qui
2888 5795 3254 5857 peccaverunt
3281 5785 3334 5836 in
3367 5797 3486 5844 Ine;

229 5909 318 5969 εἰς
372 5905 502 5976 ἐμέ⁸
553 5903 647 5958 καὶ
698 5900 1033 5971 πολεμήσεις
1080 5896 1278 5959 αὐτοὺς
1334 5893 1436 5959 ἕως
1492 5889 1779 5963 συντελέσῃ

1883 5952 1899 5968 ρ
1928 5897 1981 5944 et
2014 5884 2285 5953 Dugnabis
2320 5892 2514 5940 contra
2553 5896 2684 5949 eos,
2720 5895 2894 5936 usoue
2927 5879 2991 5934 ad
3030 5876 3538 5970 internecionem.”

1990 5513 2019 5567 1
2054 5513 2179 5584 Reg.
2206 5530 2299 5577 xv,
2324 5513 2525 5575 17-19,
2554 5512 2717 5566 ﬁlim—-
2742 5529 2760 5560 ι
2790 5508 2937 5561 Dixit
2963 5505 3183 5562 Samuel
3215 5504 3282 5559 ad
3311 5501 3443 5558 Sau.
3468 5510 3505 5556 εί

1916 5607 2111 5663 Nonne
2134 5622 2258 5661 cum
2284 5606 2551 5675 parvulus
2572 5619 2747 5668 esses,
2772 5602 2929 5656 unxit
2952 5610 3004 5655 te
3021 5598 3286 5653 Dominus
3303 5612 3488 5668 regem
