4052 6412
605 390 743 454 1423

1707 393 1767 453 S.
1811 389 2132 450 JOANNIS
2172 389 2603 450 DAMASCENI

3716 388 3841 452 “Si

598 510 660 562 Et
702 523 871 580 quare
910 524 1019 562 non
1067 508 1269 562 audisti
1313 521 1503 560 vocem
1548 504 1806 568 Domini,
1844 504 1939 557 sed
1983 517 2175 556 versus

2283 501 2498 564 αὐτούς.
2533 500 2642 555 Καὶ
2671 501 2756 555 ἵνα
2789 500 2841 553 τί
2870 501 2973 555 οὐκ
3002 500 3242 572 ἡκούσας
3264 504 3447 573 φωνῆς
3471 501 3701 573 Κυρίου,
3732 506 3842 557 ἀλλ’

595 601 658 656 ad
696 601 931 671 praedam
961 616 1051 662 es,
1078 607 1141 667 ,ct
1170 597 1350 653 fecisti
1378 598 1579 650 malum
1613 594 1666 648 in
1698 595 1873 649 oculis
1914 590 2175 649 Domini?

598 696 657 745 lit
700 691 839 747 dixit
869 692 999 745 Saal
1032 710 1044 746 :
1084 690 1223 757 Quia
1256 689 1442 744 audivi
1476 688 1759 759 pepulum.
1794 706 1813 739 ι

675 875 836 931 Zach.
877 894 983 939 vn,
1023 877 1104 930 15.
1135 904 1197 916 -
1237 894 1253 924 ‹
1290 873 1406 927 Erit
1441 873 1585 927 sicut
1614 872 1756 926 dixit
1790 870 2090 936 Dominus,
2121 881 2176 927 et

603 986 706 1022 non
736 970 1033 1023 audierunt
1064 983 1188 1020 cum
1217 984 1229 1029 ε
1268 966 1348 1019 sic
1381 964 1735 1027 clamabunt,
1774 972 1827 1017 et
1856 980 1964 1017 non
2003 980 2173 1018 exau-

605 1063 750 1115 diam
786 1076 915 1122 eos,
944 1060 1078 1113 dicit
1107 1059 1395 1112 Dominus.
1433 1077 1451 1109 ι

680 1176 695 1206 ι
726 1153 954 1209 Factum
988 1164 1075 1206 est
1113 1167 1300 1205 semen
1335 1150 1770 1204 inobedientium
1819 1150 1872 1201 in
1914 1148 2175 1220 perditio-

604 1264 752 1301 ιιοιιι.
788 1267 805 1297 Ι

672 1337 788 1392 lsa.
838 1354 997 1390 XLVIII
1024 1377 1037 1399 ,
1076 1335 1160 1391 1'2.
1188 1366 1255 1376 —-
1284 1356 1301 1387 ι
1335 1336 1390 1389 Si
1419 1337 1695 1392 audiisses
1728 1336 1984 1391 mandata
2015 1350 2135 1391 mea
2158 1379 2173 1401 ,

604 1430 745 1483 facta
786 1430 980 1484 fuisset
1014 1430 1111 1483 tibi
1148 1430 1287 1483 sicut
1321 1428 1474 1483 fluvii
1530 1445 1633 1499 pax
1676 1437 1800 1494 tua,
1858 1438 1912 1483 et
1958 1428 2174 1500 justitia

604 1532 691 1575 tua
729 1524 873 1577 sicut
906 1522 1106 1577 fluctus
1140 1522 1331 1577 maris.
1368 1541 1385 1573 ι

684 1612 795 1667 Isa.
831 1630 991 1677 χειν,
1032 1613 1117 1667 lli.
1167 1644 1237 1654 —
1274 1633 1289 1663 ι
1326 1612 1519 1668 Dicent
1552 1633 1565 1667 :
1606 1611 1697 1667 Vae
1727 1612 2175 1683 praevaricatori-

605 1709 739 1761 bus:
769 1707 861 1775 qui
894 1707 1329 1776 prazvarieamini
1358 1708 1567 1779 legem;
1596 1707 1784 1771 timor,
1811 1715 1866 1763 et
1893 1707 2051 1763 fovea
2122 1716 2177 1764 et

604 1804 831 1868 laqueus
861 1816 1029 1869 super
1060 1815 1181 1853 vos.
1216 1820 1233 1852 ι

2275 592 2541 663 ὥρμησας
2586 593 2678 646 ἐπὶ
2705 592 2775 647 τά
2802 592 2997 660 σκύλα,
3046 594 3144 647 καὶ
3194 594 3456 665 ἐποίησας
3512 596 3575 647 τὸ
3622 595 3845 665 πονηρὸν

2276 686 2520 741 ἐναντίον
2552 687 2796 759 Κυρίους
2832 687 2945 740 Καὶ
2982 682 3106 741 εἷπε
3150 686 3358 741 Σαούλο
3399 686 3502 741 Διά
3536 687 3600 739 τὸ
3624 686 3847 740 ἀκοῦσαί

2278 798 2346 852 με
2368 780 2461 833 τὸν
2486 780 2636 835 λαόν.
2681 800 2700 832 ι

2353 893 2370 925 ι
2417 874 2611 927 Ἔσται
2666 874 2726 926 ὃν
2774 872 2982 943 τρόπον
3017 867 3141 926 εἷπε
3181 871 3421 943 Κύριος,
3461 872 3560 925 καὶ
3608 872 3711 927 οὐκ
3744 876 3850 927 sia-

2276 964 2518 1027 ήκουσαν
2557 964 2746 1030 αὑτοῦ,
2785 964 2961 1029 οὓτως
3001 964 3381 1035 κεκράξονται,
3418 966 3514 1019 καὶ
3540 964 3607 1018 οὐ
3647 964 3721 1035 μὴ
3747 967 3849 1017 εἰσι

2278 1057 2584 1128 ἀκούσομαι
2611 1057 2813 1119 αὐτῶν,
2842 1058 2991 1124 λέγει
3016 1056 3238 1127 Κύριος.
3272 1075 3291 1106 ι

2351 1167 2369 1199 ‹
2416 1148 2682 1219 Ἐγενήθη
2707 1149 2769 1203 τὸ
2803 1150 3026 1221 σπέρμα
3070 1166 3177 1203 των
3214 1146 3593 1203 ἀπειθούντων
3638 1148 3719 1211 εἰς
3764 1147 3853 1200 ἀπ-

2275 1241 2493 1295 ώλειαν.
2532 1261 2551 1292 ι

2354 1358 2371 1389 ι
2414 1340 2476 1392 Ei
2502 1339 2743 1410 ἡκούσας
2786 1338 2895 1391 τῶν
2945 1337 3178 1391 ἐντολῶν
3232 1353 3358 1407 μου,
3402 1334 3632 1403 ἐγένετο
3680 1334 3748 1388 ἂν
3787 1333 3856 1397 ὡς

2274 1429 2515 1501 ποταμοὶ
2536 1433 2569 1501 ἡ
2590 1430 2779 1502 είρήνη
2808 1447 2926 1485 σου.
2961 1429 3056 1483 καὶ
3073 1432 3107 1501 ἡ
3130 1426 3444 1499 δικαιοσύνη
3478 1444 3576 1481 σου
3608 1428 3686 1491 ῶς
3712 1426 3855 1495 κῦμα

2279 1521 2577 1593 θαλάσσης.
2628 1540 2646 1572 ι

2354 1634 2374 1666 ‹
2420 1614 2704 1685 Ἐροῦσιν,
2758 1613 2899 1666 Οὐαὶ
2950 1614 3064 1677 τοῖς
3136 1610 3451 1666 ἀθετοῦσιν
3506 1612 3559 1665 οἱ
3605 1608 3855 1663 ἀθετοῦν-

2276 1724 2370 1771 τες
2409 1707 2502 1761 τὸν
2546 1708 2741 1777 νόμον,
2799 1704 2965 1774 φόϐος
3014 1704 3109 1760 καὶ
3164 1704 3385 1775 βόθυνος
3422 1706 3521 1759 xal.
3570 1704 3744 1772 παγὶς
3780 1704 3857 1771 ἐφ’

2280 1816 2461 1869 υμων.
2503 1816 2522 1849 ›

674 1860 867 1946 itan/4.
897 1860 971 1946 νίι
997 1932 1010 1955 ,
1041 1892 1141 1953 eo,
1168 1892 1353 1948 21'.—
1379 1910 1395 1941 ι
1430 1891 1621 1947 Omnis
1655 1895 1749 1961 qui
1785 1892 1938 1946 audit
1970 1894 2136 1947 verba
2163 1933 2179 1958 ,

2322 1860 2377 1944 ἰ
2412 1894 2527 1958 Πᾶς
2575 1894 2604 1946 ό
2646 1892 2861 1947 ἀκούων
2898 1908 3000 1960 μου
3049 1890 3173 1955 τοὺς
3219 1889 3431 1959 λόγους,
3464 1888 3670 1958 καὶμὴ
3700 1887 3858 1940 ποιῶν

603 1992 655 2033 et
690 1998 799 2034 non
837 1980 970 2035 facit
1004 1997 1065 2034 ea
1093 2022 1107 2046 ,
1146 1982 1349 2035 similis
1384 1982 1491 2036 erit
1530 1981 1648 2035 viro
1685 1983 1892 2048 stulto,
1924 1982 2018 2052 qui
2048 1984 2181 2038 mdi-

608 2074 788 2128 Iicavit
831 2074 1049 2127 domum
1088 2088 1241 2128 suam
1274 2089 1439 2142 super
1469 2089 1738 2141 arenam;
1794 2085 1849 2131 et
1898 2076 2184 2132 descendit

604 2168 782 2235 pluvia
812 2186 825 2233 ;
861 2177 916 2220 et
946 2178 1208 2221 venerunt
1236 2165 1461 2221 ﬂumina
1486 2210 1499 2232 ,
1531 2177 1586 2222 et
1615 2168 1883 2223 [laverunt
1911 2179 2060 2225 venti
2085 2210 2099 2233 ,
2128 2178 2185 2225 et

606 2259 887 2312 irruerunt
938 2258 992 2310 in
1044 2258 1267 2312 domum
1322 2258 1510 2325 illam,
1568 2268 1621 2313 et
1679 2261 1928 2329 cecidit;
1973 2271 2026 2318 et
2079 2262 2183 2317 fuit

606 2349 761 2402 ruina
797 2349 945 2402 illius
976 2363 1197 2418 magna.
1231 2368 1249 2398 ι

676 2436 825 2491 Rom.
873 2454 942 2501 ιι,
986 2438 1042 2490 ll
1071 2478 1085 2501 ,
1132 2438 1215 2491 12.
1245 2470 1313 2478 -
1347 2458 1365 2490 ι
1401 2440 1729 2512 Quicunque
1760 2444 1879 2498 sine
1910 2446 2031 2516 lege
2060 2461 2183 2517 pec-

606 2538 899 2592 caverunt,
961 2530 1079 2584 sine
1127 2531 1246 2601 lege
1292 2534 1593 2602 peribunt;
1649 2545 1699 2591 et
1753 2538 2073 2609 quicunque
2125 2540 2182 2595 in

606 2623 721 2693 lege
776 2631 1181 2692 peccaverunt,
1218 2640 1314 2695 per
1364 2626 1539 2697 legem
1589 2627 2017 2698 iudicabuntur.
2062 2634 2182 2689 Non

604 2714 748 2767 enim
805 2713 1088 2771 auditores
1140 2716 1275 2785 legis
1305 2718 1445 2788 justi
1487 2732 1621 2776 sunt
1659 2724 1802 2792 apud
1835 2725 2007 2781 Deum
2032 2765 2047 2790 ,
2087 2728 2181 2783 sed

606 2806 845 2860 factores
878 2807 1014 2876 legis
1042 2809 1520 2875 justiﬁcabuntur.
1558 2832 1577 2863 ι

675 2896 797 2949 Jac.
832 2916 877 2961 ι,
904 2898 1094 2955 2234.
1124 2930 1192 2938 —
1222 2920 1239 2957 ι
1271 2900 1460 2958 Estote
1488 2903 1730 2963 factores
1758 2910 1910 2963 verbi
1935 2949 1949 2973 ,
1985 2918 2041 2965 et
2072 2926 2181 2966 non

605 2988 887 3044 auditores
931 2998 1174 3056 tantum,
1220 2992 1475 3050 fallentes
1513 2999 1927 3070 vosmetipsos:
1965 3003 2094 3073 quia
2132 3005 2181 3058 si

605 3081 730 3149 quis
769 3083 986 3136 auditor
1017 3092 1102 3138 est
1134 3085 1305 3153 legis,
1340 3094 1396 3141 et
1435 3103 1544 3142 non
1584 3087 1787 3158 factor,
1840 3092 1933 3148 hic
1981 3094 2181 3151 similis

2282 1987 2501 2052 αὐτοὺς,
2531 1986 2925 2057 ὁμοιωθήσεται
2956 1983 3111 2054 ἀνδρὶ
3142 1982 3329 2055 μωρῷ,
3364 1984 3514 2046 ὅστις
3546 1982 3858 2053 ᾠκοδόμησε

2280 2079 2381 2149 τὴν
2434 2080 2608 2133 οίκίαν
2666 2076 2831 2132 αὑτοῦ
2880 2077 2973 2130 ἐπὶ
3022 2076 3124 2147 τὴν
3166 2076 3374 2146 ἄμμον.
3424 2075 3539 2128 Καὶ
3586 2074 3855 2143 κατέσηή

2285 2170 2473 2242 βροχὴ,
2508 2170 2603 2225 καὶ
2628 2165 2791 2241 ἦλθον
2824 2169 2873 2222 οἱ
2906 2167 3173 2239 παταμοὶ,
3205 2168 3304 2221 καὶ
3334 2167 3609 2222 ἔπνευσαν
3648 2168 3700 2220 oi
3744 2169 3859 2221 ἀνε-

2286 2280 2395 2333 μοι,
2430 2262 2524 2315 καὶ
2566 2260 2914 2333 προσέκοψαν
2962 2260 3029 2330 τῇ
3078 2258 3229 2329 οἰκίᾳ.
3273 2257 3485 2329 ἐκείνῃ,
3518 2259 3616 2311 καὶ
3651 2257 3841 2310 ἔπεσεν

2282 2357 2393 2408 Καὶ
2410 2350 2479 2425 ἦν
2509 2357 2542 2427 ἡ
2575 2353 2780 2417 πτῶσις
2804 2354 2975 2423 αὐτῆς
3002 2351 3235 2423 μεγάλη.
3275 2370 3294 2402 ι

2361 2466 2379 2498 ι
2420 2448 2576 2500 Ὅσοι
2630 2447 2848 2517 ἀνόμως
2906 2446 3173 2515 ἥμαρτον,
3230 2444 3451 2514 ἀνόμως
3497 2442 3858 2498 ἀπολοῦνται·

2284 2541 2379 2594 καὶ
2419 2540 2533 2593 ὅσοι
2580 2541 2638 2592 ὲν
2680 2540 2831 2609 νόμῳ
2862 2539 3135 2608 ἥμαρτον,
3166 2536 3254 2589 διὰ
3283 2538 3451 2608 νόμου
3488 2536 3859 2609 κριθήσονται.

2284 2629 2359 2682 Οὐ
2409 2630 2519 2699 γὰρ
2559 2630 2609 2681 oi
2660 2628 2927 2699 ἀκροαταὶ
2974 2626 3068 2680 τοῦ
3117 2628 3280 2697 νόμου
3333 2627 3537 2681 δίκαιοι
3591 2630 3745 2699 παρὰ
3790 2629 3863 2697 τῷ

2281 2719 2420 2790 Θεῷ,
2468 2719 2584 2774 ἀλλ’
2630 2722 2677 2773 oi
2726 2720 2948 2791 ποιηταί
2980 2718 3073 2773 τοῦ
3118 2720 3283 2791 νόμου
3324 2719 3803 2792 δικαιωθήσονται.
3836 2740 3857 2773 ι

2359 2920 2377 2953 ι
2416 2902 2636 2956 Γίνεσθε
2665 2903 2890 2974 ποιηταὶ
2916 2903 3103 2973 νόμου,
3140 2904 3234 2957 καὶ
3277 2904 3354 2974 μὴ
3384 2903 3551 2973 μόνον
3575 2904 3860 2975 ἀκροαταὶ,

2282 2996 2777 3066 παραλογιζόμενοι
2823 2996 3082 3060 ἑαυτούς·
3118 2996 3198 3048 ὃτι
3240 2996 3295 3048 εῐ
3330 3012 3418 3059 τις
3463 2997 3748 3068 ἀκροατὴς
3779 2996 3860 3047 v6-

2286 3104 2387 3158 μου
2439 3087 2580 3153 ἐστὶ,
2612 3088 2708 3141 καὶ
2731 3089 2793 3141 οὐ
2820 3089 3071 3159 ποιητὴς,
3108 3084 3261 3151 οὗτος
3298 3088 3475 3141 ἔοικεν
3512 3088 3671 3160 ἀνδρὶ
3694 3106 3861 3142 κατα⁸

606 3182 688 3225 est
740 3173 857 3225 viro
911 3174 1289 3230 consideranti
1344 3178 1559 3233 vultum
1611 3182 1922 3241 nativitatis
1972 3200 2089 3240 suae
2123 3187 2177 3241 in

2283 3178 2491 3232 νοοῦντι
2517 3179 2579 3232 τὸ
2602 3178 2893 3251 πρόσωπον
2917 3180 3014 3251 τῆς
3034 3179 3303 3248 γενέσεως
3318 3180 3484 3234 αὐτοῦ
3509 3184 3569 3234 ὲν
3590 3184 3857 3252 ἐσόπτρῳ,

607 3265 849 3329 speculo.
878 3265 1266 3324 Consideravit
1301 3271 1449 3324 enim
1484 3286 1577 3338 se,
1611 3282 1664 3329 et
1700 3276 1867 3341 abiit,
1902 3285 1958 3333 et
1992 3280 2179 3335 statim

606 3357 809 3411 oblitus
841 3368 923 3412 est
954 3360 1135 3429 qualis
1163 3362 1255 3417 sit.
1286 3380 1305 3413 ι

677 3447 735 3503 S.
767 3449 942 3504 Basil.
986 3452 1123 3507 hom.
1169 3455 1198 3507 7
1238 3456 1290 3507 in
1336 3454 1595 3511 Hexaem.
1623 3487 1691 3499 -—
1721 3460 1846 3516 Vidi
1891 3462 2181 3535 hmccgo,

608 3538 813 3610 Deique
865 3542 915 3594 in
970 3545 1230 3599 omnibus
1288 3544 1615 3616 sapientiam
1658 3547 1825 3620 458
1872 3551 2181 3610 admiratus

608 3650 752 3687 sum.
788 3635 976 3704 Atqui,
999 3651 1123 3690 cum
1160 3636 1320 3692 bruta
1351 3653 1415 3693 ea
1452 3638 1718 3697 facultate
1751 3644 1983 3713 przedita
2024 3647 2177 3709 sint,

607 3742 713 3794 qua
756 3728 857 3781 sibi
899 3729 1231 3797 consulant,
1285 3746 1557 3803 suamque
1605 3734 1841 3790 salutem
1892 3744 2179 3803 tueantur,

608 3834 671 3872 ac
705 3820 873 3889 piscis
907 3822 1073 3876 etiam
1109 3824 1355 3890 noverit,
1386 3825 1517 3895 quid
1553 3828 1855 3897 amplexari
1877 3868 1891 3891 ,
1922 3831 2055 3899 quid
2090 3831 2177 3888 fu-

608 3927 736 3982 gere
770 3912 1003 3968 debeat:
1039 3914 1175 3985 quid
1202 3915 1453 3973 dicemus
1488 3934 1591 3974 nos
1614 3962 1628 3985 ,
1664 3922 1799 3990 qui,
1831 3937 1959 3977 cum
1999 3926 2180 3980 ornati

608 4005 854 4071 ratione,
887 4021 952 4060 ac
990 4007 1161 4077 legem
1196 4008 1422 4075 edocti,
1463 4011 1791 4085 incitatique
1823 4017 2183 4086 pollicitatio-

606 4096 803 4163 nibus,
832 4106 886 4152 et
914 4113 945 4152 a
976 4096 1185 4170 Spiritu
1214 4102 1417 4156 eruditi
1456 4104 1671 4174 simus,
1715 4107 1965 4176 piscibus
1994 4119 2179 4165 tamen

606 4194 836 4248 rationis
863 4196 1180 4263 expertibus
1206 4198 1435 4253 stultius
1460 4216 1548 4255 res
1573 4212 1797 4259 nostras
1823 4204 2180 4263 administra-

606 4284 777 4340 mus?
812 4286 1043 4351 Quando
1080 4287 1158 4341 illi
1196 4288 1416 4357 quidem
1458 4290 1632 4347 futuri
1669 4298 1964 4363 quamdam
2002 4300 2180 4355 ratio-

605 4393 728 4431 nem
757 4377 992 4441 habent,
1022 4393 1121 4434 nos
1150 4387 1335 4435 autem
1370 4396 1464 4450 per
1494 4384 1829 4454 voluptatem
1858 4389 2024 4444 vitam
2060 4407 2183 4461 quae

606 4469 911 4538 pecudibus
939 4479 1206 4541 congruat
1235 4487 1652 4531 consumamus.
1682 4476 1860 4535 Piscis
1896 4488 1977 4535 tot
2006 4485 2181 4538 maria

2288 3274 2380 3326 καὶ
2411 3271 2613 3338 εὐθέως
2647 3272 2944 3327 ἐπελάθετο
2975 3273 3159 3337 ὁποῖός
3178 3274 3317 3327 ἐστι.
3356 3292 3377 3323 ι

2357 3453 2510 3511 Εἶδον
2549 3454 2724 3511 ταῦτα
2769 3454 2911 3524 ἐγὼ,
2972 3456 3065 3509 καὶ
3114 3454 3211 3526 τὴν
3263 3456 3355 3509 ἐπὶ
3407 3458 3548 3510 πᾶσι
3586 3456 3681 3510 τοῦ
3724 3458 3859 3512 Θεοῦ

2286 3551 2477 3619 σοφίαν
2510 3548 2819 3619 ἐθαύμασα.
2855 3550 2917 3601 Ei
2961 3549 3031 3602 τὰ
3071 3548 3244 3616 ἀλογα
3282 3550 3608 3621 ὲπινοητικά
3638 3555 3734 3603 καὶ
3764 3569 3858 3619 φυ-

2284 3640 2517 3695 λακτικά
2548 3642 2647 3711 τῆς
2702 3640 2838 3703 [δίας
2882 3640 3064 3692 αὐτῶν
3112 3639 3388 3710 σωτηρίας
3439 3642 3577 3702 toti,
3618 3644 3714 3694 καὶ
3753 3639 3855 3695 οἶδε

2280 3730 2344 3784 τὸ
2380 3729 2602 3803 αἱρετὸν
2631 3729 2794 3783 αὑτοῦ
2829 3730 3010 3783 καὶτὸ
3036 3731 3267 3800 φευκτὸν
3317 3731 3490 3801 ἰχθὺς,
3533 3732 3587 3784 τί
3628 3734 3859 3803 ἐροῦμεν

2282 3826 2463 3895 ἡμεῖς,
2507 3826 2557 3877 οἱ
2604 3824 2750 3894 λόγῳ
2806 3824 3185 3895 τετιμημένοι,
3232 3825 3325 3878 καὶ
3366 3825 3519 3895 νόμῳ
3574 3827 3857 3879 arma”.

2286 3919 2459 3989 μένοι,
2518 3918 2853 3989 ἐπαγγελίας
2916 3919 3351 3989 προτραπέντες,
3409 3918 3687 3990 πνεύματι
3770 3938 3855 3972 σοι

2282 4012 2586 4081 φισθέντες,
2628 4012 2677 4065 οί
2736 4011 2847 4064 τῶν
2885 4011 3095 4079 ἀλόγων
3165 4011 3366 4081 ἰχθύων
3415 4010 3753 4083 ἀλογώτερον
3798 4014 3858 4063 τὸ

2281 4105 2402 4159 κατ’
2443 4106 2669 4167 ἑαυτοὺς
2710 4096 3131 4176 ἀδιατιθέμενοις
3176 4104 3435 4175 Ἐπείπερ
3474 4106 3527 4156 οί
3576 4105 3677 4175 μὲν
3711 4107 3853 4157 ἴσασι

2278 4196 2373 4249 τοῦ
2430 4196 2717 4266 μέλλοντός
2768 4214 2892 4251 τινα
2956 4197 3230 4250 ποιεῖσθαι
3273 4196 3556 4266 πρόνοιαν,
3604 4199 3764 4268 lipsi;
3800 4199 3853 4250 δὲ

2278 4287 2345 4341 δι’
2386 4288 2582 4359 ἡδονῆς
2624 4289 3079 4361 βοσκηματώδους
3137 4288 3235 4359 τὴν
3278 4288 3425 4361 ζωὴν
3475 4288 3851 4359 ἀναλίσκομεν.

2294 4382 2466 4451 ’ἰχθὺς
2486 4381 2708 4435 τοιαῦτα
2740 4382 3008 4453 διαμείϐει
3038 4382 3248 4452 πελάγη
3278 4382 3418 4453 ὑπὲρ
3452 4380 3551 4434 τοῦ
3595 4380 3854 4453 εὕρασθαί

2280 4493 2400 4529 τινα
2426 4475 2713 4543 ὠφέλειαν.
2738 4475 2803 4526 Τί
2825 4477 2969 4546 ἐρεῖς
3000 4474 3065 4527 σὺ
3095 4477 3124 4527 ὁ
3152 4478 3217 4545 τῇ
3252 4476 3423 4547 ἀργίᾳ
3450 4475 3665 4540 συξῶν;
3693 4476 3853 4544 ἀργία

605 4571 861 4630 peragrat
886 4601 899 4624 ,
939 4570 998 4615 ut
1029 4564 1282 4619 nonnihil
1320 4565 1577 4623 utilitatis
1606 4570 1969 4627 nanciscatur
2003 4592 2017 4628 :
2049 4576 2180 4645 quid

2288 4569 2395 4639 γὰρ
2438 4568 2777 4640 κακουργίας
2826 4570 2991 4641 ἀρχή.
3046 4569 3254 4640 Μηδεὶς
3300 4570 3524 4639 ἄγνοιαν
3584 4587 3852 4641 προφασι-

606 4660 663 4705 tu
694 4652 948 4709 dicturus
982 4670 1073 4717 es,
1109 4656 1202 4724 qui
1242 4656 1413 4711 vitam
1467 4659 1580 4714 otio
1629 4662 1941 4734 transigis?
1992 4666 2180 4723 Otium

605 4742 748 4797 enim
788 4744 974 4813 flagitii
1012 4746 1228 4800 initium
1260 4758 1368 4803 est.
1406 4747 1519 4806 Nec
1558 4768 1689 4807 vero
1720 4763 1807 4809 est
1840 4763 1990 4827 quod
2027 4762 2183 4830 quis-

605 4850 769 4902 quam
808 4835 1101 4889 amentiam
1144 4847 1423 4895 causetur.
1462 4838 1751 4900 Naturalis
1791 4846 2001 4917 quippe
2039 4852 2182 4904 ratio

607 4928 766 4981 nobis
800 4928 966 4980 insita
998 4936 1114 4993 est,
1144 4946 1266 4998 qum
1296 4940 1413 4986 tum
1444 4935 1898 5005 conjunctionem
1926 4956 2054 4995 cum
2084 4942 2182 4996 bo-

606 5034 710 5083 no,
744 5029 861 5072 tum
895 5016 1243 5074 aversion‘em
1284 5024 1354 5077 ab
1393 5024 1463 5079 iis
1500 5042 1622 5097 qua:
1660 5030 1977 5098 perniciosa
2011 5044 2179 5100 sunt,

602 5112 863 5165 ostendit.
914 5110 1100 5166 Pisces
1154 5112 1259 5183 legi
1310 5115 1401 5169 Dei
1458 5118 1682 5173 minimc
1716 5124 2086 5188 reluctantur,
2118 5141 2181 5180 ae

605 5218 704 5256 nos
738 5202 991 5257 homines
1017 5202 1286 5257 salutaria
1310 5204 1639 5261 documenta
1669 5226 1781 5265 non
1811 5214 2181 5271 sustinemus.

2289 4660 2484 4725 ζέσθω.
2511 4660 2741 4723 Φυσικὸς
2778 4659 2937 4729 λόγος
2964 4660 3239 4715 οίκείωσιν
3266 4662 3396 4732 ἡμῖν
3419 4662 3516 4715 τοῦ
3547 4662 3733 4723 καλοῦ,
3760 4662 3851 4714 καὶ

2286 4753 2640 4826 ἀλλοτρίωσιν
2699 4753 2808 4807 ἀπὸ
2868 4754 2977 4807 τῶν
3040 4753 3317 4824 βλαϐερῶν
3386 4754 3707 4819 ὑποδεικνὺς
3758 4757 3849 4822 ἐγ-

2288 4844 2685 4915 κατέσπαρται.
2728 4843 2944 4914 ’ἰχθύες
2976 4845 3077 4897 οὐκ
3120 4844 3462 4911 ἀντιλέγουσι
3512 4846 3661 4916 νόμῳ
3696 4845 3847 4906 Θεοῦ,

2288 4939 2382 4990 καὶ
2423 4935 2699 5005 ἄνθρωποι
2751 4937 3039 5007 σωτηρίων
3080 4936 3467 5005 διαταγμάτων
3504 4938 3607 4990 οὐκ
3664 4937 3848 5006 ἀνεχό-

2293 5028 2453 5100 μεθα.
2475 5028 2567 5098 Μὴ
2601 5028 2937 5099 καταφρόνει
2964 5028 3073 5081 τῶν
3104 5029 3322 5098 ἰχθύων,
3352 5028 3542 5100 ἐπειδὴ
3568 5030 3734 5096 ἄλογα
3760 5031 3851 5080 καὶ

2290 5124 2481 5192 ἄφωνα
2514 5121 2831 5185 παντελῶς·
2878 5120 3015 5175 ἀλλὰ
3053 5122 3148 5175 καὶ
3187 5121 3392 5175 τούτων
3423 5121 3751 5190 ἀλογώτερος
3779 5115 3851 5180 εἷ,

2291 5217 2358 5286 τῇ
2384 5212 2627 5278 διατάξει
2647 5212 2740 5265 τοῦ
2772 5212 3074 5276 Κτίσαντος
3094 5213 3506 5284 ἀνθιστάμενος.

602 5300 681 5353 Ne
713 5316 777 5353 eo
811 5300 1034 5353 nomine
1074 5298 1253 5367 pisces
1295 5310 1621 5358 contemnas
1645 5349 1661 5370 ,
1708 5308 1857 5376 quod
1905 5310 2127 5365 ratione
2151 5354 2166 5379 ,
2201 5309 2348 5375 quod
2383 5323 2519 5363 voce
2551 5313 2799 5361 careant.
2843 5304 2926 5360 Tu
2960 5307 3133 5361 enim
3166 5308 3249 5363 bis
3298 5324 3517 5379 quoque
3565 5309 3843 5363 irrationa-

599 5393 768 5465 bilior
804 5407 864 5446 es
886 5430 899 5453 ,
936 5390 1030 5459 qui
1068 5388 1359 5473 Creatoris.
1388 5393 1567 5451 edicto
1602 5397 1928 5454 adverseris.

676 5483 910 5553 impium
966 5492 1055 5539 est
1108 5486 1357 5554 profiteri
1413 5489 1781 5559 impossibilia
1838 5508 1998 5563 esse,
2058 5513 2183 5566 quae

606 5576 852 5645 Spiritus
888 5578 1161 5648 praecipit.

676 5667 733 5722 S.
779 5665 933 5736 (ἕης.
976 5668 1141 5737 Nysa.
1171 5701 1243 5713 —
1269 5671 1583 5728 Admistum
1614 5682 1824 5729 natura:
1861 5678 2062 5731 malum
2099 5689 2184 5735 est

608 5780 707 5833 per
735 5777 831 5815 eos
855 5762 949 5831 qui
980 5763 1047 5814 ab
1083 5764 1241 5817 initio
1275 5766 1470 5819 vitium
1507 5767 1888 5834 admiserunt,
1918 5772 2048 5827 dum
2086 5790 2183 5843 per

608 5853 1088 5922 inobsequentiat‘:
1122 5855 1332 5913 aditum
1368 5858 1559 5914 morbo
1594 5871 1951 5929 aperuerunt.

2370 5493 2593 5552 Ἀσεϐὲς
2622 5493 2685 5544 τὸ
2710 5490 2887 5559 λέγειν
2912 5488 3148 5543 ἀδύνατα
3172 5490 3240 5543 τὰ
3271 5490 3364 5542 τοῦ
3384 5491 3695 5561 Πνεύματος
3715 5506 3843 5559 παρ-

2288 5590 2629 5661 ἀγγέλματα.

2372 5684 2764 5753 ’Λνακέκραται
2794 5681 2856 5734 τδ
2898 5679 3067 5734 κακὸν
3123 5679 3260 5748 πρὸς
3298 5680 3397 5752 τὴν
3438 5686 3602 5749 φύσιν
3630 5680 3712 5735 διὲ
3738 5679 3840 5730 τῶν

2289 5776 2350 5841 ἐξ
2371 5776 2547 5846 ἀρχῆς
2572 5772 3037 5844 παραδεξαμένων
3061 5771 3122 5824 τὸ
3139 5770 3333 5837 πάθος,
3354 5771 3466 5825 τῶν
3488 5774 3576 5827 διὰ
3595 5773 3684 5842 τῆς
3712 5786 3841 5834 παρ-

2292 5864 2460 5935 ακοῆς
2485 5864 2930 5935 εἰσοικισαμένων
2968 5864 3066 5935 τὴν
3087 5864 3260 5918 νόσον.
