3968 6408
98 393 252 460 T425

1366 401 1601 460 SACRA
1647 400 2107 463 PARALLELA.

3222 411 3354 473 1426

180 520 336 573 Πᾶσα
356 518 390 590 ἡ
410 516 674 591 κτίσιςτῷ
691 518 1187 592 προστάγματιτοῦ
1207 519 1345 574 Θεοῦ
1368 519 1654 590 πειθαρχεί
1673 535 1683 548 ·

1867 520 1974 576 Res
2010 538 2203 575 omnes
2238 522 2474 576 conditze
2505 522 2600 578 Dei
2631 535 2902 597 praecepto
2935 535 3128 596 parent
3155 547 3169 584 :
3203 532 3355 585 soius

86 616 127 665 ὁ
161 613 223 668 δὲ
250 613 536 685 ἄνθρωπος
581 614 741 686 μόνος
774 613 1010 680 ἀπειθεῖ,
1044 613 1111 667 δι’
1140 614 1199 667 ὃν
1244 614 1338 668 καὶ
1374 614 1563 682 γέγονε
1609 614 1677 665 τὰ

86 706 307 760 πάντα.

171 797 299 851 Τῶν
330 798 420 853 τὸν
447 799 661 870 πατέρα
692 798 769 871 μὴ
800 797 1154 870 μιμουμένων
1187 797 1216 850 ὁ
1242 798 1427 870 πατὴρ
1465 798 1677 863 πατέρα

92 888 420 943 καλούντων
441 891 543 945 οὐκ
576 891 930 946 ὲπακούεται.
959 890 1114 945 Μετὰ
1140 890 1211 944 τὰ
1235 890 1345 944 τῶν
1368 889 1679 960 γνωρισμά-

90 998 217 1034 των
273 982 366 1037 οὖν
419 983 686 1055 πρόσελθε
744 983 821 1054 τῷ
882 984 1151 1056 Δεσπότῃ,
1206 982 1303 1036 καὶ
1363 983 1439 1048 ὡς
1488 984 1678 1037 τέκνον

85 1076 415 1131 ἀσπάσεται
447 1094 528 1132 σε.

176 1170 308 1234 Τοῖς
364 1171 463 1241 μὲν
512 1170 649 1225 Θεοῦ
695 1170 889 1243 γνώμῃ
919 1170 1429 1236 κατακολουθοῦσιν,
1476 1171 1569 1223 καὶ
1611 1187 1681 1223 τα

89 1259 295 1323 καλῶς
354 1260 787 1332 νομοθετηθέντα
853 1260 928 1332 μὴ
992 1260 1229 1331 τολμῶσι
1294 1260 1677 1332 παραϐαίνειν,

94 1352 293 1406 πάντα
330 1351 723 1425 κατορθοῦνται
773 1352 927 1423 παρά
970 1352 1227 1416 πίστεως,
1260 1352 1355 1406 καὶ
1380 1352 1550 1424 γέρας
1588 1354 1679 1406 εύ-

86 1445 395 1516 δαιμονίας
442 1447 731 1516 πρόκειται
762 1446 917 1517 παρὰ
955 1447 1111 1501 Θεοῦ.
1158 1445 1297 1499 Καθ’
1344 1447 1466 1500 ὅσον
1501 1446 1559 1499 δὲ
1610 1445 1678 1502 αὖ

88 1538 391 1591 ἀποστῶσι
432 1539 536 1610 τῆς
573 1540 776 1598 τούτων
802 1543 1063 1616 ἀκριϐοῦς
1108 1545 1444 1617 ἐπιμελείας,
1496 1546 1680 1617 ἄπορα

100 1630 216 1687 μὲν
255 1630 460 1699 γίνεται
489 1632 557 1685 τὰ
582 1633 815 1706 πόριμα,
864 1637 1125 1708 τρέπεται
1162 1638 1219 1692 δὲ
1267 1640 1348 1702 εἰς
1394 1639 1682 1709 συμφορὰς

96 1722 449 1793 ἀνηκέστους
500 1724 530 1777 ὃ
559 1742 611 1779 τι
645 1725 767 1779 ποτ’
816 1725 885 1782 ἂν
937 1728 1012 1793 ὡς
1044 1728 1245 1798 ἀγαθὸν
1283 1730 1418 1801 δρᾷν
1446 1729 1677 1783 σπουδά-

95 1828 229 1864 σωσ
234 1828 281 1865 ιν

96 1925 294 2006 TITA_.
316 1923 407 2006 _F'.
435 1956 505 2006 ιτ-
530 1931 687 2006 ⁸Περὶ
720 1931 1103 2006 εὐδαιμονίας
1143 1936 1240 1989 καὶ
1264 1936 1646 2006 μακαρισμοῦ
1664 1950 1677 1963 ’

179 1996 280 2051 καὶ
307 1996 395 2051 ὅτι
419 2000 492 2054 οὑ
519 1996 749 2070 ὃεῖπρὸ
776 1996 1061 2071 τελευτῆς
1078 1996 1607 2076 μακαρίζεηίτιᾶά.

190 2105 211 2139 ε
236 2087 359 2159 ΠρὸΙ
380 2090 641 2163 τελευτῆς
677 2093 752 2165 μὴ
786 2094 1059 2168 μακάριζε
1102 2097 1334 2168 μηδένα.
1381 2099 1473 2168 Μὴ
1505 2116 1683 2169 μακα-

100 2179 273 2267 ρίζῃς
298 2182 466 2255 ἄνδρα
483 2184 592 2256 πρὸ
610 2185 711 2256 τῆς
729 2187 991 2259 τελευτῆς
1010 2188 1196 2244 αὐτοῦ.
1236 2212 1255 2244 ι

198 2368 257 2422 ’0
300 2369 400 2438 μὲν
452 2371 511 2425 ἐν
553 2370 632 2445 τῷ
680 2373 779 2445 βίῳ
818 2374 1124 2447 τυγχάνων,
1166 2376 1318 2432 οὔπω
1350 2380 1687 2451 μακαριστὸς

95 2460 201 2513 διὰ
221 2460 284 2515 τὸ
310 2462 505 2534 ἄδηλον
529 2465 631 2535 τῆς
664 2468 967 2535 ἐκϐάσεως.
1001 2470 1059 2525 ’0
1087 2472 1144 2526 δὲ
1180 2473 1590 2545 συμπληρώσας
1615 2476 1684 2530 τὰ

98 2552 489 2621 ἐπιϐάλλοντα,
540 2559 637 2613 καὶ
681 2560 1060 2635 ἀναντιρῥήτῳ
1100 2564 1243 2617 τέλει
1273 2564 1373 2636 τὴν
1406 2566 1551 2638 ζωὴν
1581 2584 1683 2620 κα-

95 2643 427 2712 τακλείσας,
458 2640 613 2714 οὗτος
632 2651 732 2724 ἤδη
760 2652 1018 2723 ἀσφαλῶς
1052 2656 1433 2727 μακαρίζεται.

99 2825 494 2909 ﬁngentis?”
513 2832 690 2909 εῑξεῃς
710 2833 988 2909 εὐπλοῶν
1001 2837 1130 2909 ξπρό
1142 2840 1505 2909 πείσματος.

98 2900 374 2981 [ἰσθμοῖς
389 2901 538 2968 πρὸς
560 2902 744 2981 ὅρμοις
761 2900 1071 2981 εὐπλοοῦῦ
1095 2908 1201 2964 ἔδυ
1231 2900 1487 2981 σθὶάφοξ,

100 2968 339 3023 Πολλοὶ
359 2968 907 3043 προσωρμίσθησαν
934 2977 1002 3032 ἐκ
1030 2968 1365 3050 τρικυμίαςξ

445 3154 624 3213 ΤΙΤΛ.
653 3160 729 3215 A'.
750 3189 821 3200 —
842 3162 981 3231 Περὶ
1022 3163 1343 3219 ἐνυπνίων.

1788 610 1955 664 homo
1990 612 2150 681 cujus
2183 626 2353 667 causa
2385 621 2585 668 cuncta
2618 612 2763 669 facta
2797 622 2960 679 sunt.
2994 632 3055 675 se
3084 617 3357 675 refracta-

1784 702 1927 755 rium
1963 703 2190 771 praebet.

1862 794 1921 850 S.
1957 794 2232 867 Chrysast.
2259 828 2328 837 —
2351 797 2453 863 QUI
2488 806 2696 867 patrem
2743 814 2851 854 non
2877 809 3211 865 'im.tautur,
3260 818 3356 856 eos

1788 888 1881 943 ille
1914 902 2041 943 cum
2077 899 2296 959 patrem
2329 899 2560 956 vocant,
2595 892 2820 946 minime
2867 892 3111 948 exaudit.
3148 891 3355 962 itaque

1804 980 1978 1033 certis
2008 996 2136 1035 cum
2174 983 2321 1036 notis
2353 983 2417 1035 ad
2468 981 2765 1037 Dominum
2801 984 3032 1050 accede,
3085 993 3247 1055 teque
3296 994 3354 1039 ut

1784 1069 1954 1124 ﬁlium
1996 1072 2413 1141 amplexabitur.
2996 1078 2999 1079 ⁷

1854 1162 2093 1232 Iosephi.
2138 1194 2210 1204 —
2251 1164 2355 1231 Qui
2394 1165 2487 1219 Dei
2520 1166 2858 1222 voluntatem
2890 1176 3219 1237 sequuntur,
3253 1182 3353 1222 nec

1786 1270 1849 1311 ea
1881 1272 2006 1326 quae
2033 1257 2297 1326 praeclare
2327 1261 2539 1314 sancita
2567 1269 2732 1327 sunt,
2761 1260 2970 1316 violare
3000 1260 3238 1324 audent,
3272 1260 3354 1313 his

1790 1347 1975 1402 omnia
2032 1364 2101 1403 ex
2157 1352 2436 1404 sententia
2488 1351 2828 1417 succedunt,
2881 1367 2947 1407 ac
2998 1352 3353 1408 beatitudinis

1788 1441 2077 1510 praemium
2106 1456 2135 1495 a
2162 1440 2274 1498 Deo
2304 1444 2656 1514 proponitur.
2685 1443 2963 1521 Quantum
2994 1454 3177 1499 autem
3211 1460 3241 1497 a
3271 1444 3355 1498 di-

1787 1533 1978 1602 ligenti
2017 1548 2212 1588 eorum
2248 1549 2381 1588 cura
2412 1549 2472 1589 se
2503 1542 2825 1599 removent,
2878 1543 3091 1590 tantum
3137 1549 3355 1605 quoque

1786 1626 1871 1679 eis
1907 1625 2157 1680 diﬂicilia
2194 1626 2370 1689 fiunt,
2426 1643 2547 1697 qua:
2594 1629 2748 1697 prius
2798 1628 2986 1682 facilia
3042 1638 3231 1691 erant,
3288 1642 3352 1681 ac

1785 1720 2056 1790 quidquid
2083 1722 2209 1776 boni
2238 1722 2421 1778 facere
2449 1726 2708 1788 student,
2735 1725 2790 1778 in
2817 1724 3067 1779 exitiales
3097 1723 3233 1793 ipsis
3262 1738 3356 1777 ca-

1787 1814 2065 1870 lamitates
2094 1817 2347 1873 vertitur.

1786 1927 1920 1983 TIT.
1959 1926 2050 1983 Ill.
2078 1960 2147 1969 —
2184 1929 2259 1983 De
2299 1931 2549 1997 felicitate
2580 1949 2597 1984 :
2631 1941 2681 1986 et
2709 1932 2846 1997 quod
2879 1948 3026 1985 nemo
3058 1942 3178 1986 ante
3210 1948 3355 1986 mor-

2178 2010 2276 2054 tem
2315 2001 2497 2055 beatus
2536 2002 2732 2055 censeri
2762 2002 2965 2057 debeat.

1857 2092 2025 2149 Eccli.
2066 2111 2118 2149 xu
2142 2135 2155 2159 ,
2198 2095 2287 2149 50.
2319 2125 2389 2135 —
2423 2116 2441 2146 ι
2472 2094 2616 2150 Ante
2645 2103 2876 2150 mortem
2910 2111 2978 2149 ne
3014 2095 3232 2149 beatum
3273 2094 3357 2147 di-

1785 2186 1934 2242 xeris
1957 2202 2316 2257 quemquam.
2338 2186 2415 2242 Ne
2438 2189 2655 2243 beatum
2680 2189 2857 2243 virum
2882 2188 3036 2242 dicas
3059 2196 3185 2242 ante
3212 2202 3358 2240 mor-

1785 2286 1893 2334 tem
1922 2278 2119 2349 ipsius.
2151 2299 2169 2331 ι

1857 2369 1914 2425 8.
1958 2370 2174 2424 Basilii.
2205 2401 2274 2410 —
2301 2370 2404 2437 Qui
2454 2371 2508 2424 in
2553 2371 2693 2426 vivis
2725 2379 2996 2435 versatur,
3032 2371 3082 2423 is
3113 2369 3355 2424 nondum

1786 2457 1980 2514 beatus
2011 2459 2401 2529 praedicandus
2433 2468 2517 2515 est
2543 2501 2559 2526 ,
2594 2460 2725 2530 quia
2764 2460 2888 2531 quis
2924 2460 3103 2514 exitus
3132 2460 3252 2529 ejus
3282 2460 3355 2513 sit

1785 2551 2044 2617 futurus,
2095 2568 2205 2607 non
2255 2560 2343 2608 est
2395 2553 2767 2623 exploratum.
2826 2550 2931 2618 Qui
2974 2566 3101 2606 vero
3130 2567 3357 2605 munere

1785 2657 1888 2698 suo
1920 2641 2081 2714 plene
2112 2643 2439 2715 perfunctus
2471 2655 2593 2713 est,
2622 2654 2677 2701 et
2725 2644 3201 2716 irrepreliensibili
3250 2645 3357 2699 fine

1784 2735 1954 2790 vitam
1982 2736 2222 2799 clausit,
2255 2736 2351 2791 ille
2382 2736 2602 2793 demum
2635 2744 2757 2791 tuto
2784 2735 2979 2793 beatus
3010 2736 3235 2790 dicitur.

1962 2825 2045 2880 Ne
2073 2836 2119 2881 te
2148 2838 2271 2881 ante
2298 2826 2469 2895 jactes
2494 2866 2510 2892 ,
2539 2844 2700 2897 quam
2730 2828 2911 2895 funem
2947 2827 3214 2896 ligaveris.
3245 2881 3248 2885 ,

1964 2898 2173 2967 Periere
2208 2898 2361 2951 multi
2389 2898 2505 2966 jam
2538 2898 2817 2967 propinqui
2853 2898 3017 2950 littori
3042 2914 3081 2963 :5

1964 2966 2182 3024 Subiere
2214 2979 2425 3037 portum
2461 2966 2665 3023 turbine
2699 2966 2802 3021 acti
2832 2969 3071 3036 plurimi.

2662 3040 2680 3108 (
2709 3039 2768 3094 S.
2802 3037 2956 3106 Greg.
2996 3049 3115 3092 tetr.
3152 3037 3284 3104 27.)

2179 3152 2315 3208 TIT.
2356 3154 2445 3210 IV.
2472 3184 2539 3193 —-—
2571 3154 2645 3207 De
2684 3156 2977 3208 insomniis.

193 3284 213 3318 ι
264 3267 522 3323 Ἐνύπνια
565 3271 963 3345 ἀναπτεροῦσιν
1006 3276 1267 3349 ἄφρονας.
1325 3281 1415 3345 Ὠς
1452 3284 1480 3336 ὁ
1516 3283 1681 3354 δρασ-

1864 3269 2031 3325 Eccli.
2066 3275 2311 3335 xxxrvﬂ
2337 3308 2352 3333 ,
2380 3272 2437 3323 ‘2.
2462 3302 2531 3309 —
2559 3289 2577 3321 ι
2608 3269 2833 3324 Somnia
2860 3270 3130 3325 extollunt
3175 3284 3361 3339 mpru-

100 3358 341 3428 σόμενος
375 3363 531 3426 σκιᾶς
575 3364 667 3417 καὶ
696 3364 905 3422 διώκων
942 3369 1199 3440 ἀνέμους,
1248 3373 1421 3436 οὕτως
1461 3376 1490 3427 ὁ
1516 3393 1685 3446 προσ-

102 3449 259 3518 έχων
307 3449 614 3517 ἐνυπνίοις,
655 3454 751 3509 καὶ
794 3456 870 3521 ὡς
922 3458 1188 3521 ὠδίνουσα
1241 3465 1572 3532 φαντάζεται
1614 3470 1681 3538 τῇ

102 3541 334 3614 καρδίᾳ.
375 3545 500 3599 Ἐὰν
547 3546 624 3618 μὴ
669 3549 824 3620 παρὰ
862 3549 1119 3622 Ὑψίστου
1154 3556 1431 3629 ἀποσταλῇ
1465 3559 1520 3613 ὲν
1565 3561 1685 3613 ἐπι-

102 3638 317 3706 σκοπῇ,
348 3638 423 3708 μὴ
452 3638 646 3706 δώσεις
687 3643 766 3707 είς
820 3645 959 3700 αύτά
1007 3647 1234 3717 καρδίαν
1284 3667 1401 3705 σου.
1449 3652 1684 3717 Πολλοὺς

100 3725 229 3795 γὰρ
254 3727 560 3802 ὲπλάνησαν
584 3733 652 3788 τὰ
684 3735 931 3804 ἐνύπνια,
980 3741 1082 3796 καὶ
1116 3742 1422 3815 ἠσθένησαν
1448 3748 1498 3799 οἱ
1532 3746 1687 3819 ἐλπί-Δ

99 3820 305 3884 ζοντες
328 3823 408 3887 είς
432 3824 585 3880 αὑτά.
613 3827 876 3885 Μαντεῖαι
903 3831 1001 3887 καὶ
1018 3834 1322 3907 οίωνισμοὶ,
1344 3839 1436 3891 καὶ
1458 3837 1683 3893 ἐνύπνια

106 3912 364 3992 ζμαρτία
390 3920 543 3979 tari.”
561 3937 583 3978 ι

189 4105 473 4175 Πεφύκασί
503 4126 619 4173 πως
658 4110 715 4162 αἱ
768 4109 889 4164 καθ’
936 4110 1103 4166 ῦπνον
1143 4118 1459 4183 φαντασίαι,
1506 4116 1581 4179 ὡς
1619 4118 1690 4170 τὰ

109 4197 293 4250 πολλὰ
323 4201 678 4271 ἁποιχήματα
699 4197 839 4257 εἶναι
884 4204 995 4257 τῶν
1041 4204 1427 4279 καθημερινῶν
1474 4210 1689 4280 φροντί-

108 4291 251 4344 δων.
288 4291 477 4347 Ὀποῖα
514 4294 621 4366 γὰρ
733 4295 804 4349 τὰ
852 4297 993 4352 κατὰ
1040 4299 1130 4352 τὸν
1165 4299 1279 4370 βίον
1307 4301 1465 4371 ἡμῶν
1494 4303 1686 4373 ἐπιτη-

108 4382 388 4453 δεύματα,
412 4385 637 4441 τοιαῦτα
662 4388 875 4458 ἀνάγκη
902 4385 1044 4443 εἶναι
1074 4392 1168 4444 καὶ
1206 4391 1272 4445 τὰ
1306 4393 1552 4447 ἐνύπνια.

1788 3364 2033 3419 dentem.
2064 3362 2236 3429 Quasi
2268 3363 2362 3434 qui
2398 3363 2765 3434 apprehendit
2797 3362 3027 3417 umbras
3048 3402 3061 3423 ,
3096 3368 3150 3415 et
3182 3375 3361 3430 perse-

1790 3458 1980 3526 quitur
2040 3464 2273 3520 ventos,
2334 3455 2415 3509 sic
2474 3454 2567 3524 qui
2626 3453 2861 3507 attendit
2917 3452 3254 3517 insomniis;
3309 3460 3363 3504 ct

1791 3546 2256 3619 quemadmodum
2299 3547 2661 3616 parturientis
2702 3562 2802 3601 cor
2850 3548 3174 3618 pliautasras
3223 3562 3363 3616 pau-

1791 3647 1905 3695 tur.
1942 3639 2059 3695 Nisi
2089 3642 2158 3695 ab
2183 3640 2475 3695 Altissimo
2502 3639 2713 3695 fuerint
2743 3640 2913 3695 missa
2942 3640 2998 3694 in
3027 3640 3361 3704 visitatioum,

1793 3748 1862 3788 ne
1892 3732 1959 3786 ad
1990 3732 2085 3817 illa
2116 3732 2394 3802 adieceris
2427 3746 2525 3786 cor
2559 3732 2722 3804 459
2758 3740 2934 3788 tuum.
2963 3733 3164 3789 Multos
3214 3735 3359 3788 enim

1791 3840 1983 3882 errare
2017 3825 2269 3882 fecerunt
2294 3827 2569 3883 insomnia
2590 3868 2604 3892 ,
2634 3837 2689 3882 et
2721 3827 3045 3882 exciderunt
3078 3838 3367 3897 sperantes

1795 3918 1849 3973 in
1881 3934 1966 3974 ea.
1997 3918 2410 3985 Divinationes,
2440 3929 2493 3975 et
2521 3920 2750 3991 auguria
2774 3960 2789 3985 ,
2818 3928 2876 3975 et
2906 3922 3176 3977 insomnia
3199 3961 3213 3986 ,
3240 3936 3366 3991 pec-

1792 4014 1986 4067 catmn‘
2009 4019 2157 4065 sunt.
2193 4031 2213 4064 ι
3160 4024 3163 4027 ·

1865 4103 1925 4158 S.
1951 4104 2121 4159 Basil.
2149 4106 2205 4158 in
2244 4104 2304 4160 S.
2351 4104 2509 4160 Julit.
2532 4136 2602 4145 -
2633 4106 2826 4161 Solent
2866 4106 3190 4175 plerumque
3240 4121 3363 4174 spc-

1795 4198 1908 4253 cies
1964 4198 2069 4253 illae
2132 4214 2255 4269 qua:
2287 4199 2429 4254 inter
2456 4200 2837 4255 dormiendum
2899 4200 3096 4253 animis
3157 4200 3367 4253 nostris
3426 4220 3446 4245 ο

1796 4292 2185 4361 obversantur,
2229 4293 2553 4350 diurnarum
2617 4308 2874 4349 curarum
2912 4294 3159 4362 reliquize
3223 4309 3367 4348 esse.

1797 4385 1929 4440 Nam
1955 4388 2143 4457 qualia
2174 4388 2300 4443 vitae
2342 4397 2546 4443 nostrae
2593 4389 2775 4444 studia
2815 4387 3040 4454 fuerint,
3070 4388 3201 4441 talia
3233 4403 3369 4458 quo-

1796 4497 1904 4550 que
1938 4496 2061 4536 esse
2081 4482 2299 4536 somnia
2339 4483 2713 4538 necessarium
2742 4492 2846 4537 est.

111 4591 306 4667 TiTA.
337 4591 408 4645 E'.
438 4594 673 4667 ς-οΑΠερὶ
705 4595 981 4667 ἐλπίὁξοςέ
1019 4596 1260 4667 eum
1292 4602 1379 4665 είς
1423 4602 1571 4655 Θεὸν
1598 4604 1683 4657 ἐλ-

1811 4594 1941 4648 ῙΊΤ.
2005 4594 2072 4648 V.
2102 4626 2169 4634 —
2205 4596 2277 4650 De
2308 4614 2395 4665 spe
2426 4615 2444 4651 :
2494 4598 2631 4666 quod
2684 4598 2995 4651 collocanda
3027 4600 3081 4650 in
3120 4599 3225 4651 Deo
3277 4599 3364 4659 sit,

109 4659 334 4726 πίζῑειν,
356 4663 552 4734 καὶμὴ
575 4659 662 4731 εἷς
678 4666 782 4733 τὰς
810 4659 1273 4736 τῶν⁷ἀνθρώᾶἷωῶο
1296 4659 1692 4739 προστασίας.

199 4769 219 4803 ι
266 4749 324 4805 Ὀ
354 4753 627 4818 πεποιθὼς
653 4756 745 4809 ἐπὶ
766 4758 993 4827 Κύριον,
1030 4757 1351 4830 σωθήσεται.
1389 4780 1408 4811 ι

199 4955 223 4990 ι
257 4936 729 5008 Εὑφρανθήτωσαν
762 4939 961 5005 πάντες
990 4943 1040 4995 οἱ
1078 4941 1392 5009 ἐλπίζοντες
1443 4946 1535 4999 ἐπὶ
1589 4947 1697 5010 σοί,

112 5031 205 5093 είς
226 5028 419 5093 αἰῶνα,
455 5048 474 5082 ι
509 5030 604 5083 καὶ
634 5030 703 5085 τὰ
728 5030 910 5088 λοιπά.

202 5161 227 5194 ι
269 5142 716 5216 ’Υπερασπιστὴς
747 5146 841 5199 ἐπὶ
870 5144 1089 5201 πάντων
1117 5148 1225 5202 τῶν
1250 5148 1582 5215 ἐλπιζόντων
1612 5154 1683 5207 ἐπ

114 5236 313 5293 αὐτόν.
354 5256 375 5288 ι

204 5367 225 5401 ι
266 5344 423 5405 Οὗτοι
450 5352 508 5405 ὲν
541 5351 775 5422 ἅρμασι,
801 5352 895 5406 καὶ
924 5345 1068 5406 οὗτοι
1108 5354 1165 5407 ἐν
1201 5354 1412 5419 ἵπποις⁸
1454 5358 1617 5427 ἡμεῖς
1644 5358 1700 5412 δὲ

118 5447 185 5498 ἐν
206 5440 451 5511 ὀνόματι,
494 5461 513 5493 ι
547 5443 641 5497 καὶ
670 5444 740 5497 τὰ
763 5444 946 5499 λοιπά.

200 5574 225 5609 τ
280 5558 403 5611 Ἐπὶ
450 5559 534 5612 σοὶ
578 5559 816 5631 ἦλπισαν
856 5561 905 5613 oi
946 5563 1182 5635 πατέρες
1226 5564 1402 5634 ἡμῶν,
1438 5564 1695 5637 ἤλπισαν,

119 5649 227 5703 καὶ
258 5648 490 5720 ὲῤῥύσω.
533 5670 553 5703 ι

211 5780 233 5814 ι
268 5764 329 5816 Οί
355 5765 627 5837 ὀφθαλμοί
656 5785 756 5839 μου
792 5769 892 5827 ,διὰ
940 5770 1139 5835 παντὸς
1171 5772 1309 5843 πρὸς
1351 5774 1441 5828 τὸν
1472 5774 1676 5846 Κύριον

129 5857 223 5911 ὅτι
253 5856 437 5927 αὐτὸς,
472 5876 489 5912 ι
519 5860 612 5914 καὶ
637 5861 704 5916 τά
732 5861 913 5916 λοιπά.

2198 4685 2300 4721 non
2332 4672 2384 4721 in
2416 4669 2663 4720 humanis
2696 4669 2981 4735 prasidiis.

1864 4763 1965 4818 Job
2006 4779 2138 4827 XXII,
2176 4763 2228 4817 8.
2262 4793 2329 4801 ——
2372 4781 2388 4811 ι
2423 4762 2523 4826 Qui
2577 4760 2801 4813 confidit
2842 4761 2893 4812 in
2959 4760 3185 4814 Domino
3266 4761 3370 4814 sal-

1798 4872 1896 4911 vus
1933 4857 2056 4911 erit.
2092 4874 2108 4905 ι

1901 4949 2051 5005 Psal.
2092 4966 2144 5013 v,
2180 4948 2269 5003 12.
2303 4979 2368 4987 -
2401 4968 2417 4997 ι
2447 4948 2720 5001 Laztentur
2773 4964 2963 5003 omnes
3020 4964 3111 5018 qu.
3148 4953 3370 5015 sperant

1801 5042 1853 5096 in
1888 5051 1959 5106 te,
1990 5043 2044 5094 in
2078 5051 2362 5101 internum,
2404 5058 2422 5089 ι
2461 5050 2568 5093 etc.

1881 5153 2033 5207 Psal.
2076 5167 2209 5215 xvn,
2245 5153 2334 5206 51.
2360 5183 2428 5192 -
2471 5174 2486 5203 ι
2524 5155 2813 5208 Protector
2840 5163 2924 5207 est
2962 5151 3206 5204 ninnium
3250 5164 3374 5217 spe-

1801 5247 2040 5301 rantium
2070 5245 2123 5299 in
2154 5261 2234 5301 se.
2269 5266 2285 5296 ι

1876 5359 2029 5413 Psal.
2066 5374 2181 5424 xu,
2219 5358 2273 5412 5.
2300 5389 2369 5397 »-
2408 5379 2425 5409 ι
2466 5358 2532 5411 lli
2566 5359 2617 5411 in
2645 5358 2921 5418 currious,
2944 5363 2996 5409 et
3028 5355 3078 5408 hi
3101 5356 3154 5407 in
3174 5357 3373 5423 equis;

1806 5466 1907 5505 nos
1935 5463 2115 5505 autem
2150 5452 2203 5503 in
2237 5452 2477 5515 nomine,
2518 5471 2535 5501 ι
2565 5459 2669 5504 etc.

1875 5562 2025 5620 Psal.
2059 5581 2174 5625 xm,
2296 5596 2367 5606 —
2405 5586 2422 5617 ι
2459 5564 2515 5619 lu
2570 5575 2619 5619 te
2659 5574 3019 5632 speraverant
3064 5574 3247 5635 patres
3272 5578 3375 5618 no-

1805 5660 1928 5724 stri,
1961 5671 2315 5715 soeraveruut
2373 5668 2427 5713 et
2461 5659 2701 5714 liberastt
2736 5674 2851 5713 eos.
2896 5679 2912 5709 ι

1889 5768 2053 5831 Ριαίέ
2082 5792 2227 5840 xxrv,
2265 5778 2351 5834 15.
2378 5808 2445 5815 —
2473 5795 2491 5828 ι
2522 5776 2678 5832 Oculi
2717 5778 2818 5831 lllCi
2861 5774 3373 5849 setnpcr'adﬁonm

1811 5887 1962 5936 num,
1984 5870 2240 5941 quoniam
2274 5870 2408 5939 ipsc,
2442 5889 2459 5921 ι
2496 5876 2601 5924 etc.
2789 5895 2817 5922 ο
