3968 6410
562 414 699 481 1427

1730 410 1788 474 S.
1817 411 2143 473 JOANNIS
2174 406 2605 471 DAMASCENI

3683 390 3806 452 1428

634 528 798 595 PsaM
834 540 990 593 ιιιιιιι,
1026 527 1080 580 1.
1115 555 1177 568 --
1212 544 1230 576 ι
1280 525 1337 579 ln
1382 524 1611 580 Domino
1644 539 1872 596 sperans
1904 540 2012 578 non
2035 524 2121 578 in-

2301 542 2318 573 ι
2366 521 2497 574 Ἐπὶ
2524 519 2602 589 τῷ
2630 516 2819 588 Κυρίῳ
2856 514 3089 579 ἐλπίζων
3114 511 3173 566 οὐ
3199 510 3276 583 μὴ
3297 506 3616 577 ἀσθενήσω.
3655 525 3675 556 ι

560 622 841 678 ﬁrmabor.
865 640 883 673 ι

629 713 781 767 Psal.
846 730 1017 777 xxvn,
1063 747 1107 770 ο.
1131 738 1203 754 -ι
1236 732 1254 764 ι
1281 710 1337 765 In
1373 710 1491 780 ipso
1527 710 1768 781 speravit
1798 724 1895 764 cor
1922 724 2127 774 meum,

556 813 608 859 et
637 805 859 874 adjutus
882 819 1024 859 sum.
1065 823 1084 855 ι

630 896 780 951 Psal.
813 911 944 961 sxx,
980 897 1032 949 l.
1064 924 1132 936 --
1160 912 1179 945 ι
1216 893 1275 948 lu
1322 888 1395 955 te,
1441 890 1689 955 Domine,
1734 888 1969 960 speravi,
2022 903 2131 941 non

552 988 862 1044 confundar
892 990 946 1044 in
979 994 1294 1043 aeternum.»

679 1084 785 1135 sal.
820 1097 972 1145 xm,
1003 1079 1195 1143 10.,—
1232 1098 1250 1131 ι
1299 1078 1624 1149 Sperantem
1656 1075 1710 1128 in
1752 1072 1980 1127 Domino
2032 1072 2134 1124 mi—

561 1172 856 1226 sericordia
888 1170 1269 1226 circumdabit.
1311 1189 1328 1221 ι

634 1262 785 1341 Psal.
827 1278 1017 1329 xxxvt,
1049 1264 1104 1329 5,
1130 1263 1184 1317 4.
1218 1292 1290 1301 -
1322 1280 1339 1312 ι
1366 1261 1537 1331 Spera
1596 1260 1651 1313 in
1687 1258 1939 1318 Domino,
1966 1262 2022 1310 et
2052 1253 2136 1308 fac

563 1355 863 1410 bonitatem
914 1366 968 1411 et
989 1355 1239 1410 inhabita
1258 1363 1484 1407 terram.
1510 1351 1711 1406 Revela
1738 1349 1971 1405 Domino
1992 1347 2135 1401 viam

565 1459 729 1502 tuam.
774 1469 791 1498 I

636 1543 783 1597 P:al.
824 1558 1012 1607 xxxux,
1051 1542 1104 1597 5.
1130 1572 1200 1581 ——
1234 1560 1251 1592 ι
1287 1542 1488 1595 Beatus
1523 1537 1607 1592 vir
1641 1536 1802 1606 cujus
1833 1544 1919 1590 est
1940 1548 2136 1589 nomen

562 1638 779 1693 Domini
812 1652 939 1707 spes
969 1636 1110 1704 ejus.
1142 1654 1159 1685 ι

635 1730 786 1784 l’sal.
817 1744 923 1791 LIV,
975 1729 1068 1782 25.
1096 1757 1167 1767 —
1200 1744 1218 1777 ι
1245 1725 1399 1780 Jacta
1443 1740 1607 1794 super
1634 1722 1922 1777 Dominum
1950 1735 2139 1776 curam

560 1833 734 1887 tuam,
766 1831 819 1876 ct
851 1837 971 1889 ipse
1006 1829 1060 1876 te
1084 1821 1342 1879 enutrict.
1383 1840 1401 1869 ο

634 1916 787 1969 I’sal.
821 1931 935 1980 va,
977 1916 1030 1968 l.
1056 1944 1128 1953 --
1170 1934 1189 1967 ι
1218 1913 1478 1967 Miserere
1504 1914 1634 1979 mei,
1666 1912 1831 1972 Deus.
1867 1922 2132 1966 m.serere

558 2008 700 2071 mei;
741 2005 1004 2075 quoniam
1037 2005 1091 2058 in
1122 2012 1175 2059 te
1198 2002 1420 2059 conﬁdit
1448 2003 1633 2056 anima
1666 2016 1803 2057 mea.
1834 2019 1852 2052 ι

629 2100 776 2154 Psal.
816 2114 902 2164 ιν,
938 2099 1024 2153 Η.
1059 2129 1128 2140 --
1169 2115 1190 2148 (
1226 2096 1279 2150 ln
1314 2096 1422 2152 Deo
1472 2094 1722 2166 speravi;
1785 2108 1895 2169 non
1929 2092 2129 2147 timebo

557 2195 683 2263 quid
708 2192 873 2247 faciet
898 2191 1253 2246 mihihomo.»

626 2286 776 2343 Psal.
815 2301 1018 2349 Lxxvu,
1042 2284 1130 2339 5'5.
1156 2315 1228 2324 —
1270 2303 1288 2335 ι
1321 2283 1554 2339 Deduxit
1594 2296 1689 2337 eos
1720 2282 1775 2335 in
1804 2296 1918 2350 spe,
1947 2286 2129 2334 etnon

555 2383 878 2435 timuerunt.
928 2399 947 2430 ι

626 2471 775 2527 Psal.
809 2486 980 2532 cxvu,
1008 2471 1060 2526 8.
1094 2500 1164 2510 --
1198 2489 1215 2520 ί
1255 2470 1467 2523 Bonum
1500 2474 1585 2522 est
1626 2465 1906 2521 conlidere
1941 2466 1992 2519 in
2023 2463 2130 2519 Do-

550 2567 722 2630 mino,
747 2581 907 2634 quam
938 2562 1212 2619 conﬁdere
1239 2564 1293 2616 in
1331 2559 1570 2616 homine.
1608 2579 1626 2611 ι

621 2660 771 2713 Psal.
823 2674 1007 2725 cxxiv,
1037 2659 1090 2711 1.
1122 2687 1191 2697 —-
1223 2677 1240 2706 ‹
1290 2656 1393 2721 Qui
1459 2654 1741 2708 conﬁdunt
1790 2656 1846 2706 in
1902 2651 2131 2706 Domino

550 2754 690 2807 sicut
718 2767 873 2806 mons
896 2751 1050 2811 Sion.
1085 2770 1104 2801 ι
1139 2758 1243 2805 etc.

628 2844 780 2898 Psal.
823 2858 982 2908 chv,
1012 2843 1129 2897 2-4.
1163 2873 1231 2883 -
1274 2859 1292 2892 ι
1330 2840 1508 2895 Nolite
1531 2838 1807 2894 conﬁdere
1836 2837 1890 2891 in
1924 2836 2129 2908 princi-

547 2936 733 3005 pibus,
765 2935 816 2988 in
858 2934 984 2990 ﬁliis
1020 2934 1321 2989 hominum.
1357 2931 1413 2987 In
1438 2933 1529 2987 illa
1568 2932 1656 2986 die
1714 2930 1969 3002 peribunt
2014 2943 2129 2983 om-

554 3046 654 3083 nes
685 3028 1052 3098 cogitationes
1078 3040 1295 3081 eorum.
1326 3046 1344 3076 ι

621 3119 781 3173 Prov.
808 3135 887 3181 ιιι,
955 3120 1103 3173 5.-
1131 3135 1149 3167 ι
1188 3118 1320 3169 Esto
1366 3115 1649 3170 conﬁdens
1685 3114 1738 3167 in
1781 3112 2013 3167 Domino
2070 3111 2127 3163 in

549 3221 671 3266 toto
700 3213 870 3267 corde
907 3220 1025 3265 tuo.
1063 3228 1082 3260 ι

624 3304 782 3359 Prov.
818 3319 1014 3367 xxvm,
1049 3302 1141 3356 ‘25.
1180 3331 1248 3340 —
1281 3319 1298 3350 ‹
1334 3300 1439 3365 Qui
1474 3297 1704 3353 conﬁdit
1752 3298 1806 3351 in
1866 3296 2119 3360 Domino,

551 3398 606 3453 in
651 3411 784 3450 cura
814 3396 985 3465 ipsius
1013 3394 1137 3449 erit.
1180 3412 1198 3444 ι

620 3490 774 3545 Prov.
802 3505 913 3550 ιινι,
934 3487 1028 3541 20.
1055 3516 1123 3528 υ-
1150 3506 1168 3538 (
1193 3485 1296 3552 Qui
1326 3482 1551 3539 conﬁdit
1570 3481 1623 3537 in
1648 3478 1901 3545 Domino,
1930 3477 2121 3533 beatus

552 3580 818 3637 dicendus
851 3589 954 3636 cst.
993 3598 1011 3630 ι

614 3673 773 3728 Prov.
807 3688 932 3726 xxxx
988 3670 1080 3725 25η
1112 3702 1178 3710 -—
1212 3688 1231 3721 ‹
1267 3668 1369 3736 Qui
1401 3667 1630 3723 conﬁdit
1662 3665 1717 3720 in
1743 3664 1992 3729 Domino,
2027 3664 2119 3719 lae-

547 3769 778 3821 labitur.
827 3782 848 3818 ι

624 3860 734 3914 Isa.
767 3876 958 3921 xxxui,
992 3857 1083 3915 2...
1117 3887 1187 3897 ——
1220 3873 1239 3908 ι
1272 3854 1538 3909 Dominus
1562 3851 1727 3922 judex
1761 3860 1970 3913 noster,
2013 3847 2119 3900 Do-

548 3950 733 4004 minus
766 3950 1020 4020 princeps
1062 3957 1271 4002 noster.
1324 3944 1591 3999 Dominus
1638 3956 1734 3996 rex
1772 3949 1982 4021 noster,
2013 3937 2120 3992 Do-

544 4044 728 4098 minus
753 4043 996 4097 salvator
1024 4049 1234 4105 noster,
1278 4037 1395 4110 ipse
1427 4036 1663 4094 salvabit
1684 4050 1806 4089 nos.
1843 4052 1862 4085 ι

618 4134 729 4187 Isa.
758 4134 855 4200 χιι,
877 4133 930 4187 2.
963 4163 1033 4173 --
1070 4150 1089 4183 ι
1130 4131 1271 4187 Ecce
1310 4130 1454 4185 Deus
1487 4129 1727 4185 salvator
1758 4140 1913 4181 meus
1940 4145 1954 4194 ;
1987 4140 2118 4181 con-

497 4214 512 4289 ξ
544 4226 706 4279 ﬁdam
742 4227 796 4280 in
830 4241 979 4288 eum,
1012 4233 1066 4279 et
1092 4224 1279 4278 salvus
1302 4238 1417 4277 cro.
1450 4240 1467 4272 ι

615 4316 813 4369 Jerem.
870 4331 1002 4380 xvii,
1063 4313 1115 4376 7,
1148 4313 1200 4366 8.
1233 4343 1302 4352 ——
1339 4331 1357 4361 ι
1397 4310 1731 4365 Benedictus
1793 4311 1959 4365 homo
2020 4310 2114 4379 qui

477 4412 482 4417 '
544 4409 773 4461 conﬁdit.
805 4408 859 4460 in
888 4405 1142 4470 Domino,
1191 4412 1246 4459 et
1275 4404 1381 4459 erit
1424 4402 1691 4457 Dominus
1727 4418 1851 4471 spes
1882 4402 2031 4471 ejus;
2063 4410 2117 4457 et

542 4503 648 4555 erit
711 4509 971 4567 tanquam
1014 4498 1221 4569 lignum
1255 4496 1607 4552 fructiferum
1648 4496 1804 4566 juxta
1838 4510 2032 4565 aquas,
2061 4502 2114 4549 et

541 4596 610 4647 ad
649 4592 934 4645 humorem
976 4592 1152 4645 mittet
1177 4590 1415 4645 radicem
1454 4605 1615 4645 suum

614 4683 752 4738 Dan.
782 4698 863 4747 ιιι,
889 4682 977 4736 50.
1000 4711 1069 4724 —-
1105 4702 1123 4733 ‹
1152 4681 1270 4737 Νοιι
1302 4690 1387 4739 est
1415 4680 1672 4738 confusio
1717 4680 2116 4736 conﬁdentibus

539 4792 595 4831 ιιι
621 4782 692 4827 te.
741 4796 759 4826 ι

613 4867 782 4922 Eccli.
820 4884 879 4932 ιι,
918 4868 1112 4922 11-15.
1144 4898 1213 4907 -
1248 4887 1265 4919 ι
1298 4868 1573 4937 Respicite
1600 4867 1983 4938 generationes
2016 4883 2117 4921 an-

537 4962 722 5031 tiquas
778 4969 833 5014 et
879 4959 1062 5014 videte
1111 4960 1285 5029 :quis
1340 4960 1504 5032 460
1571 4958 1823 5015 credidit
1862 4959 2114 5024 Domino,

536 5064 593 5109 et
648 5052 917 5109 confusus
974 5052 1092 5107 est?
1130 5060 1226 5106 aut
1276 5053 1405 5123 quis
1440 5052 1744 5122 permansit
1819 5052 1874 5105 in
1919 5052 2117 5107 timore

535 5146 681 5215 ejus,
735 5154 792 5202 et
826 5146 1130 5202 derelictus
1182 5145 1308 5200 est?
1355 5152 1450 5198 aut
1509 5144 1785 5200 invocavit
1848 5144 2027 5210 illum,
2063 5152 2117 5199 et

538 5238 834 5308 despectus
890 5239 959 5292 ab
986 5252 1053 5293 eo
1095 5238 1218 5293 est?
1252 5236 1518 5304 Quoniam
1545 5239 1670 5308 pius
1699 5246 1753 5292 et
1796 5237 2115 5294 misericors

540 5339 626 5386 est
659 5330 947 5393 Dominus,
974 5338 1027 5383 et
1063 5328 1291 5382 dimittit
1325 5336 1570 5399 peccata.
1599 5349 1615 5379 ι

615 5420 767 5474 Rom.
797 5437 919 5485 vm,
952 5421 1047 5475 26.
1081 5452 1151 5463 -—
1186 5443 1204 5474 ι
1245 5423 1351 5491 Spe
1388 5421 1526 5477 salvi
1561 5422 1689 5476 lacti
1721 5437 1935 5476 sumus.
1975 5420 2111 5491 Spes

529 5521 718 5566 autem
774 5528 896 5582 quae
953 5515 1189 5577 videtur,
1219 5530 1326 5568 non
1361 5523 1445 5569 est
1477 5530 1623 5582 spes,
1661 5514 1806 5583 quod
1840 5515 1986 5569 enim
2020 5514 2105 5568 vi-

534 5609 621 5661 det
646 5608 797 5676 quis,
838 5607 971 5676 quid
1014 5617 1068 5665 ct
1104 5609 1326 5678 sperat?
1357 5608 1412 5661 Si
1468 5607 1818 5680 autemquod
1846 5622 1961 5661 non
2024 5608 2111 5661 vi-

529 5700 734 5754 demus
804 5714 1113 5767 speramus,
1148 5716 1245 5770 per
1273 5700 1593 5770 patientiam
1640 5709 2042 5769 exspectamus.
2086 5718 2105 5750 )

602 5791 798 5856 Ephes.
853 5809 927 5857 γι,
964 5792 1049 5845 ll.
1078 5823 1145 5834 --
1184 5813 1201 5844 ‹
1235 5793 1387 5848 State
1407 5811 1537 5866 ergo
1579 5796 1845 5852 succincti
1898 5794 2113 5851 lumbos

529 5880 735 5933 uiculis
764 5886 985 5939 vestrae.
1017 5880 1332 5942 vigilantes.
1369 5902 1386 5933 ι
1849 5886 1879 5905 ’τ

2316 728 2332 759 ι
2380 708 2498 761 Ἐπ’
2527 704 2676 775 αύτῷ
2704 702 2931 774 ἤλπισεν
2979 701 3015 771 ἡ
3064 696 3264 770 καρδία
3294 710 3422 766 μου,
3462 691 3570 745 καὶ
3596 687 3811 758 samiae.

2234 803 2351 872 θην.
2399 818 2417 852 ι

2315 894 2443 947 Ἔπὶ
2486 890 2592 955 σοι,
2635 887 2833 957 Κύριε,
2869 885 3092 956 ἤλπισα,
3129 881 3204 952 μὴ
3235 873 3709 945 καταισχυνθεξην
3743 873 3815 933 εἰς

2239 987 2333 1040 τὸν
2362 983 2554 1039 αἰῶνα.
2595 1002 2614 1036 ι
3348 1046 3377 1061 ν

2320 1099 2338 1131 ι
2380 1077 2491 1132 Τὸν
2524 1075 2813 1140 ἐλπίζοντα
2885 1074 2978 1127 ἐπὶ
3021 1069 3224 1142 Κύριον
3264 1067 3421 1131 ἕλεος
3467 1061 3807 1118 κυκλώσει.ι

2318 1281 2335 1313 ι
2377 1261 2639 1314 Ἕλπισον
2664 1259 2757 1312 ἐπὶ
2777 1258 3000 1327 Κύριον,
3034 1253 3129 1308 καὶ
3150 1252 3291 1306 ποίει
3315 1250 3707 1323 χρηστότητα,
3735 1244 3813 1296 καὶ

2240 1354 2590 1424 κατασκήνου
2612 1350 2713 1421 τὴν
2741 1349 2863 1418 γῖεν.
2907 1345 3276 1416 Ἀποκάλυῴον
3310 1343 3459 1415 πρὸς
3489 1341 3705 1411 Κύριον
3732 1335 3814 1407 τὴν

2238 1446 2354 1500 ὁδόν
2378 1461 2469 1498 σου
2481 1484 2493 1498 .
2530 1461 2549 1495 ι

2311 1557 2330 1589 ι
2365 1534 2651 1604 Μακάριος
2686 1533 2825 1605 ἀνὴρ
2856 1525 2919 1586 οὗ
2966 1533 3082 1585 ἔστι
3111 1530 3173 1583 τὸ
3198 1529 3375 1598 ὄνομα
3410 1526 3635 1598 Κυρίου
3679 1522 3813 1583 ἐλπὶς

2240 1631 2430 1687 αὐτοῦ.
2462 1651 2481 1683 ι

2319 1748 2338 1777 ι
2395 1724 2714 1797 Ἐπίρῤιψον
2755 1722 2848 1775 ἐπὶ
2878 1722 3079 1792 Κύριον
3122 1717 3219 1789 τὴν
3260 1712 3553 1789 μὲριμνάν
3590 1727 3706 1775 σου,
3736 1706 3814 1760 καὶ

2242 1818 2403 1881 αὑτός
2426 1835 2483 1871 σε
2516 1815 2815 1887 διαθρέψει.
2861 1832 2879 1865 ι

2310 1933 2329 1966 ι
2379 1913 2629 1985 Ἐλέησόν
2654 1929 2746 1980 με,
2775 1910 2804 1964 6
2829 1907 2984 1974 Θεὸς,
3010 1902 3227 1975 ἐλέησόν
3253 1920 3323 1973 με
3368 1901 3464 1955 ὅτι
3483 1898 3587 1953 ἐπὶ
3622 1896 3705 1950 σοὶ
3730 1910 3813 1946 π.-

2235 2007 2423 2061 ποιθεν
2450 2005 2651 2077 ἡψυχὴ
2685 2020 2808 2075 μου.
2846 2020 2865 2053 ι

2312 2118 2330 2150 ι
2380 2097 2505 2151 Ἐπὶ
2530 2096 2607 2156 τῶ
2629 2095 2746 2166 Θεῷ
2768 2095 2995 2166 ἤλπισα,
3025 2109 3086 2146 ου
3116 2087 3516 2160 φοϐηθήσομαι
3544 2082 3604 2137 τι
3621 2081 3811 2149 ποιήσει

2238 2206 2326 2260 μοι
2359 2188 2459 2243 ἄνθ
2469 2204 2667 2258 ρωπος.
2708 2204 2727 2238 ι

2306 2300 2326 2331 ‹
2375 2280 2700 2351 Ὧδήγησενι
2720 2278 2917 2341 αὐτοὺς
2964 2272 3265 2339 ἐπ’ὲὶπίδι,
3305 2272 3407 2326 καὶ
3452 2274 3564 2323 οὑκ
3599 2264 3811 2321 eaea-1.»:-

2233 2391 2351 2428 σαν.

2314 2486 2333 2518 ι
2379 2467 2608 2535 Ἀγαθὸν
2653 2465 2972 2520 πεποιθέναι
2998 2462 3110 2535 ιὲπὶ
3143 2460 3369 2532 Κύριον,
3420 2458 3455 2528 ἢ
3494 2455 3814 2510 πεποιθέναι

2233 2561 2322 2614 ἐπ’
2350 2558 2655 2631 ἄνθρωπον.
2695 2577 2713 2609 ι

2313 2672 2332 2705 ›
2373 2654 2436 2707 Οἱ
2465 2651 2784 2714 πεποιθότες
2807 2650 2898 2705 ἐπὶ
2922 2649 3123 2719 Κύριον
3149 2648 3227 2711 ὡς
3242 2645 3368 2714 ὄρος
3399 2641 3574 2696 Σιιῖιν.
3610 2659 3633 2693 ι

2306 2855 2325 2889 ι
2358 2835 2450 2907 Μὴ
2485 2834 2773 2889 πεποίθετε
2820 2834 2906 2887 ἐπ’
2946 2830 3246 2904 ἀρχόντων,
3279 2827 3371 2881 ἐπὶ
3407 2825 3571 2887 υἱοὺς
3612 2821 3814 2891 ἀνθρώ·

2230 2946 2375 2983 πωνο
2410 2930 2469 2983 ὲν
2518 2928 2703 3001 ἐκείνῃ
2756 2926 2939 2998 ἡμέρᾳ
2993 2919 3435 2978 ἀπολοῦνται-ου
3465 2916 3811 2985 διαλογισμοὶ

2234 3021 2435 3075 αὐτῶν.
2475 3040 2493 3073 ι

2264 3130 2270 3177 ;
2308 3133 2327 3167 ι
2367 3115 2506 3169 Ἵσθι
2534 3114 2809 3178 πεποιθὼς
2833 3113 2927 3166 ἐπὶ
2954 3112 3156 3183 Κύριον
3192 3111 3247 3162 ὲν
3264 3109 3361 3178 ὅλῃ
3392 3105 3610 3177 καρδιᾳ
3643 3120 3755 3157 σου.
3792 3121 3805 3149 ι

2303 3320 2323 3353 ι
2371 3303 2468 3365 Ὃς
2499 3301 2761 3355 πέποιθεν
2787 3301 2879 3354 ἐπὶ
2908 3298 3127 3369 Κύριον,
3162 3297 3220 3348 ὲν
3250 3291 3550 3363 ἐπιμελείᾳ
3580 3292 3758 3345 ἔσται.
3790 3308 3805 3339 ι

2298 3509 2317 3541 ι
2368 3489 2425 3543 Ὀ
2451 3486 2728 3551 πεποιθὼς
2758 3485 2851 3538 ἐπὶ
2877 3483 3103 3555 Κύριον.
3136 3480 3494 3554 μακαριστός.
3538 3498 3559 3530 ι

2303 3693 2320 3725 ι
2370 3673 2428 3727 Ὀ
2452 3669 2730 3733 πεποιθὼς
2760 3669 2855 3723 ἐπὶ
2880 3668 3107 3741 Κύριον,
3134 3664 3604 3737 εὐφρανθήσεται.
3651 3682 3669 3713 ι

2238 3844 2240 3846 ⁷
2301 3880 2319 3912 ι
2361 3861 2566 3931 Κύριος
2595 3874 2791 3931 κριτης
2821 3854 3000 3927 ἡμῶν,
3038 3853 3244 3925 Κύριος
3274 3852 3465 3921 ἄρχων
3491 3849 3685 3921 ημῶν,
3708 3846 3785 3901 Κύ

2225 3972 2340 4027 ριος
2357 3953 2609 4025 βασιλεὺς
2629 3950 2807 4024 ἡμῶν,
2825 3948 3027 4016 Κύριος
3048 3943 3230 4016 σωτὴρ
3250 3942 3407 4016 ἡμῶν
3421 3960 3437 3973 ·
3458 3941 3635 4005 αὐτὸς
3654 3940 3808 3995 σώσει

2220 4049 2389 4118 ἡμᾶς.
2446 4064 2465 4098 ι

2297 4158 2315 4190 ι
2368 4138 2499 4192 Ἰδοὺ
2545 4138 2572 4191 6
2603 4136 2735 4189 Θεὸς
2765 4131 2967 4206 σωτήρ)
2987 4151 3090 4204 μου
3146 4130 3427 4191 πεποιθὼς
3455 4131 3687 4201 ἶὲαομαι
3726 4131 3807 4182 ἐξ·

2218 4231 2386 4300 αὐτῷ,
2416 4229 2508 4283 καὶ
2532 4228 2867 4299 σωθήσομαι.
2906 4245 2926 4278 ι

2297 4342 2315 4373 ι
2364 4319 2745 4390 Εὐλογημένος
2788 4317 3073 4389 ἄνθρωπος
3106 4316 3255 4378 ὅστις
3291 4316 3557 4369 πεποιθεν
3606 4318 3701 4369 ἐπὶ
3734 4316 3803 4382 τῷ

2220 4413 2412 4484 Κυρίῳ
2431 4426 2445 4439 ’
2472 4412 2566 4466 καὶ
2591 4411 2746 4464 ἔσται
2768 4410 2972 4481 Κύριος
2994 4407 3147 4471 ἐλπὶς
3176 4406 3342 4461 αὑτοῦ
3362 4424 3378 4439 ο
3415 4410 3516 4463 καὶ
3549 4409 3711 4462 ἔσται
3735 4409 3801 4469 ὡς

2223 4504 2378 4567 ξύλον
2418 4501 2680 4574 εὐθηνοῢν
2724 4500 2855 4571 παρ’
2893 4499 3081 4562 ὕδατα,
3124 4500 3218 4552 καὶ
3260 4499 3354 4551 ἐπὶ
3383 4500 3605 4569 ἰκμάδα
3660 4501 3800 4571 βε.λά

2147 4577 2197 4637 D
2226 4595 2571 4668 ριζανάύτοῦ
2634 4614 2653 4647 ›

2297 4708 2315 4739 ι
2354 4689 2469 4741 Οὐκ
2508 4687 2656 4740 ἔστιν
2687 4683 2916 4755 αἱσχύιῒη
2947 4686 3061 4747 τοῖς
3089 4681 3404 4735 πεπύιθόσιν
3426 4690 3527 4735 επ.
3551 4681 3640 4737 σέ.
3688 4702 3706 4733 ι

2303 4902 2321 4933 ι
2380 4878 2722 4951 Ἐμϐλέψατε
2749 4879 2829 4940 εἰς
2861 4892 3093 4948 αρχαιας
3131 4872 3342 4942 γενεὰς,
3385 4872 3487 4925 καὶ
3526 4873 3703 4925 ἴδετε’
3732 4872 3805 4933 τίς

2225 4970 2517 5024 ἐπίστευσε
2564 4967 2643 5037 τῷ
2692 4967 2901 5037 Κυρίῳ,
2956 4967 3051 5019 καὶ
3090 4960 3479 5035 κατῃσχύνθης
3529 4963 3563 5032 ἢ
3599 4963 3687 5024 τῖς
3730 4964 3804 5014 ὲν-

2219 5061 2405 5134 ἐμεινε
2455 5059 2533 5131 τῷ
2600 5059 2751 5129 φὸὅῳ
2796 5058 2984 5119 αὑτοῦ,
3037 5056 3133 5109 καὶ
3184 5053 3693 5125 ἐγκαταλείφθη;ἦ
3730 5054 3805 5113 τίς

2221 5152 2601 5207 ἐπεκαλέσατο
2653 5149 2837 5213 αὑτὸν,
2904 5150 2999 5203 καὶ
3070 5146 3355 5219 ὑπερεῖδεν
3404 5146 3609 5214 αὑτόν;
3667 5146 3803 5199 Διότι

2221 5246 2520 5316 οἰκτίρμων
2553 5242 2645 5297 καὶ
2664 5242 2914 5313 ἐλεήμων
2941 5244 2969 5295 ὁ
2995 5242 3221 5313 Κύριος,
3249 5238 3348 5292 καὶ
3364 5237 3602 5311 ἀφίησιν
3635 5240 3804 5311 ἁμαρ-

2216 5355 2356 5401 τιας.
2399 5355 2417 5386 ι

2294 5448 2312 5480 ι
2353 5429 2432 5499 Τῇ
2463 5428 2640 5481 ἐλπίδι
2682 5426 2991 5497 ἐσώθημεν.
3039 5423 3225 5487 Ἐλπὶς
3254 5422 3311 5475 δὲ
3342 5421 3665 5493 βλεπομένη
3709 5420 3798 5473 οὐκ

2216 5519 2363 5571 ἔστιν
2412 5516 2585 5580 ἐλπίς.
2624 5517 2689 5570 Ὃ
2730 5515 2839 5589 γὰρ
2892 5504 3079 5585 βλέπει
3112 5531 3217 5581 τις,
3257 5512 3310 5566 τί
3339 5512 3435 5564 καὶ
3468 5512 3717 5576 ἐλπίζεις
3742 5507 3794 5560 ΕΞ

2214 5611 2270 5664 δὲ
2312 5611 2340 5663 ὃ
2381 5610 2441 5662 οὑ
2467 5608 2738 5679 βλέπομεν
2766 5606 3081 5679 ἐλπίζομεν,
3121 5606 3188 5659 δι’
3240 5606 3529 5676 ὑπομονῆς
3572 5602 3791 5657 61:16:-

2214 5702 2439 5773 χόμεθα.

2296 5814 2312 5845 ι
2361 5796 2528 5863 Στῆτε
2559 5789 2653 5846 οὖν
2687 5791 3251 5865 περιζωσάμενοι“τὰ;
3289 5792 3505 5861 ὀσφύας
3547 5804 3650 5858 της
3689 5801 3789 5840 πα·

2219 5886 2367 5951 νοέας
2393 5884 2547 5957 ὑμῶν
2575 5886 2861 5957 νήφοντες.
2904 5904 2921 5937 ι
