3968 6434
42 381 230 448 1429

1371 400 1601 461 SACRA
1635 400 2098 461 PARALLELA.

3206 372 3367 464 uiae

157 515 180 547 ι
224 496 479 563 Τελεῖως
520 498 776 555 ἐλπίσατε
826 503 919 557 ἐπὶ
971 505 1072 561 τῦν
1090 507 1398 579 Ιδεδομένην
1433 510 1565 579 ὑμῖν
1583 509 1692 579 ’χά-

1874 509 1903 563 Ι
1930 510 2081 564 Pctr.
2143 523 2182 573 ι,
2214 508 2297 563 13.
2332 536 2403 546 —-
2434 523 2451 556 ι
2480 503 2732 561 Perfecto
2773 514 2989 575 sperate
3012 505 3065 560 in
3105 520 3225 562 eam
3250 522 3373 577 qua:

55 605 202 647 ριν.
244 609 268 634 ³

159 685 474 757 Πείσωμεν
504 690 755 755 ι-αυτοὺς,
786 690 1029 759 ἀδελφοὶ,
1062 693 1120 745 ἐν
1155 693 1332 764 καιρῷ
1364 693 1690 767 πειρασμοῦ,

53 780 164 847 μὴ
194 778 352 851 πρὸς
387 780 736 851 ἀνθρωπίνας
783 782 1005 848 ἐλπίδας
1049 785 1397 856 ἀποτρέχειν,
1442 787 1534 840 καὶ
1562 788 1693 840 ἐαυ-ο

50 871 207 932 τοῖς
249 870 358 932 τὰς
412 870 666 941 βοηθείας
711 872 1006 944 θηρᾶσθαι,
1050 875 1164 928 ἀλλ’
1210 878 1267 929 ἐν
1326 878 1558 948 δάκρυσι
1598 878 1694 930 καὶ

58 964 464 1031 στεναγμοῖς,
502 964 596 1016 καὶ
630 964 903 1036 φιλοπόνῳ
946 970 1246 1039 προσευχῇ,
1289 969 1384 1022 καὶ
1418 970 1694 1041 ἀγρυπνίᾳ

58 1054 314 1124 εὖτόνῳ
349 1054 448 1117 τὰς
470 1056 686 1127 δεήσεις
730 1059 1021 1115 ποιεῖσθαι.
1056 1058 1244 1122 Οὕτως
1278 1061 1386 1133 γὰρ
1427 1061 1693 1130 λαμϐάνει

65 1146 373 1217 βοήθειαν
424 1148 489 1202 ἐκ
537 1148 790 1221 θλίψεως,
827 1153 855 1205 6
897 1153 996 1222 τῆς
1033 1136 1383 1225 ἀνθρωπίνης
1439 1153 1692 1225 βοηθείας

63 1236 173 1300 ὡς
223 1238 475 1307 ματαίας
503 1242 885 1313 καταφρονῶν.

180 1330 503 1400 Ἀμήχανόν
544 1332 663 1385 ἐστι
700 1332 793 1386 τοῦ
839 1334 1026 1399 τέλους
1050 1336 1304 1389 ἐκπεσεῖν
1331 1335 1423 1390 τὸν
1448 1336 1545 1408 ὅλῃ
1575 1336 1691 1391 δια-

68 1420 224 1492 νοίᾳ
276 1422 363 1486 είς
406 1422 497 1475 τὸν
540 1423 672 1477 Θεὸν
697 1424 1005 1491 ἐλπίζοντα,
1055 1428 1151 1481 καὶ
1190 1427 1259 1482 τά
1313 1428 1441 1501 παρ’
1499 1428 1694 1483 ἐαυτοῦ

74 1511 293 1565 πάντα
342 1513 687 1585 εἰσφέροντα·
712 1572 713 1575 η
740 1515 1001 1573 ἀδύνατόν
1041 1535 1165 1573 τινα
1212 1522 1413 1591 σπουδῇ
1471 1520 1694 1592 χρώμε-

75 1620 217 1668 νον,
245 1604 346 1657 καὶ
375 1606 727 1677 μεριμνῶντα
756 1608 897 1681 ὑπὲρ
920 1609 1019 1679 τῆς
1044 1612 1239 1665 ἑαυτοῦ
1268 1613 1566 1684 σωτηρίας,
1600 1614 1695 1666 καὶ

77 1695 172 1747 τὰ
218 1698 357 1766 παρ’
393 1697 585 1750 ἐαυτοῦ
636 1699 815 1753 πάντα
864 1701 1329 1775 ἐπιδεικνύμενον,
1372 1705 1695 1772 ἐγκαταλει-

82 1788 321 1859 φθῆναι
379 1807 507 1843 ποτε
566 1791 673 1845 ὑπὸ
720 1792 815 1845 τοῦ
847 1794 1005 1847 Θεοῦ.
1041 1795 1207 1850 Ὅταν
1248 1797 1557 1867 μηδαμόθεν
1602 1800 1696 1852 ἁν-

86 1880 398 1952 θρωπξνης
432 1881 682 1953 βοηθείας
724 1885 882 1949 ἐλπὶς
938 1888 1070 1957 ἡμῖν
1131 1888 1373 1962 ὑπάρχῃ,
1432 1890 1505 1958 μὴ
1556 1892 1693 1943 ἁπο-

90 1976 359 2046 γνῶμεν,
415 1977 489 2049 μὴ
544 1980 915 2050 ἀτονήσωμεν,
956 1980 1091 2035 ἀλλὰ
1134 1983 1233 2053 τὴν
1297 1984 1545 2054 ἄγκυραν
1595 1985 1696 2055 τῆς

94 2068 355 2130 πίστεως
406 2070 835 2141 ἀναρπάσωμεν.
884 2072 1159 2144 Ῥίψωμεν
1188 2074 1249 2128 τὸ
1284 2076 1567 2145 ἐργαλεῖον
1596 2078 1695 2145 τῆς

94 2158 351 2223 ἐλπίδος,
391 2159 464 2229 μὴ
496 2162 575 2223 εἰς
605 2161 903 2227 θάλασσαν,
934 2164 1049 2217 ἀλλ’
1079 2166 1159 2227 είς
1186 2164 1278 2218 τὸν
1316 2166 1565 2237 οὐρανὸν,
1599 2168 1695 2222 καὶ

94 2252 172 2304 τδ
231 2250 631 2324 Χειμαξόμενον
674 2255 879 2325 σκάφος
916 2255 1027 2310 τῶν
1071 2256 1331 2311 κινδύνων
1376 2260 1695 2332 ἀπαλλαγή-

100 2360 295 2397 σεται.

182 2434 286 2503 Μὴ
330 2438 640 2494 πεποίθετε
668 2439 760 2493 ἐπ’
788 2440 1116 2509 ἄρχοντας·
1156 2443 1230 2514 μὴ
1262 2444 1557 2515 ἐπαίρεσθε
1600 2446 1695 2501 ἐπὶ

100 2528 352 2581 πλούτου
386 2529 701 2601 ἀδηλότητι·
752 2530 826 2603 μὴ
864 2536 1113 2604 φρονεῖτε
1166 2536 1259 2588 ἐπὶ
1308 2536 1535 2606 δυνάμει
1590 2538 1694 2591 σώ-

107 2635 319 2686 ματος·
391 2618 465 2689 μὴ
512 2620 612 2689 τῆς
661 2620 1009 2692 ἀνθρωπίνης
1060 2622 1218 2694 δόξης
1274 2624 1335 2677 τὸ
1398 2626 1694 2697 περιφανὲς

98 2706 365 2763 διώκετε.
398 2708 568 2765 Οὐδὲν
615 2711 825 2765 τούτων
874 2713 1057 2779 σώζει.
1116 2715 1300 2769 Πάντα
1344 2717 1690 2789 πρόσκαιραο

104 2802 297 2855 πάντα
340 2802 627 2873 ἀπατηλάο
682 2805 780 2875 μία
822 2806 1113 2879 καταφυγὴ
1143 2809 1171 2861 6
1202 2807 1355 2873 Θεός.
1396 2807 1691 2865 Ἐπικατά-

107 2911 304 2964 ρατος,
333 2894 391 2959 ὃς
410 2894 507 2967 τὴν
536 2897 726 2953 ἐλπίδα
747 2897 859 2969 ἔχει
887 2900 976 2952 ἐπ’
996 2899 1283 2957 ἄνθρωπον

194 3079 366 3133 Ὅταν
398 3081 457 3132 ἐν
489 3083 611 3145 ταῖς
636 3081 882 3153 θλίψεσιν
924 3077 1093 3154 ῶμεν,
1138 3086 1232 3139 ἐπὶ
1265 3088 1441 3142 πάντα
1492 3089 1693 3161 μᾶλλον

1796 603 1962 657 datur
1990 601 2145 656 vobis
2174 600 2429 671 gratiam.
2470 617 2489 649 ι

1874 694 1933 750 S.
1972 696 2142 749 Basil.
2166 696 2221 748 in
2251 692 2401 748 Psal.
2430 707 2547 747 th.
2574 722 2643 733 —
2674 692 2787 747 Hoc
2848 693 3011 749 nobis
3039 696 3371 765 persuadeao

1799 803 1942 849 mus,
1980 786 2201 848 fratres,
2251 793 2311 839 ut
2350 784 2676 840 tentationis
2714 793 2962 856 tempore
3000 786 3065 839 ad
3103 786 3370 839 lmmanas

1799 895 1926 948 spes
1957 878 2185 933 minime
2210 877 2620 949 confugiamus,
2651 878 2890 948 hincque
2926 878 3092 932 nobis
3123 877 3369 932 subsidia

1795 985 2077 1035 venemur,
2109 970 2203 1025 sed
2236 986 2361 1024 cum
2398 970 2652 1041 lacrymis
2676 979 2729 1025 et
2750 970 3061 1041 gemitibus,
3096 985 3160 1024 ac
3183 970 3370 1025 sedula

1797 1062 2071 1128 oratione,
2129 1061 2475 1131 intentisque
2527 1062 2734 1131 vigiliis
2785 1068 2912 1117 vota
2956 1060 3241 1117 faciamus.
3278 1062 3368 1116 Sic

1795 1154 1942 1208 enim
1973 1152 2240 1207 auxilium
2267 1152 2335 1206 de
2366 1152 2726 1207 tribulatione
2749 1152 2973 1222 accipit,
2994 1166 3153 1222 opem
3176 1154 3369 1206 huma-

1797 1261 1945 1309 nam,
1980 1245 2059 1299 uti
2097 1258 2313 1300 cassam
2347 1253 2696 1314 aspernatur.

1872 1335 1933 1391 S.
1965 1334 2242 1406 Chrysa“.
2270 1363 2341 1376 ——
2368 1334 2511 1390 Fieri
2549 1351 2656 1390 non
2689 1342 2873 1406 potest
2902 1343 2964 1389 ut
2988 1335 3239 1406 optatois
3269 1350 3366 1389 ex-

1796 1427 1945 1483 cidat
1974 1427 2102 1493 fine,
2137 1428 2231 1498 qui
2262 1434 2377 1483 tota
2417 1437 2599 1482 mente
2628 1427 2682 1482 in
2708 1427 2816 1481 Deo
2836 1435 3042 1497 sperat,
3066 1434 3120 1481 et
3153 1441 3214 1480 ea
3246 1442 3367 1495 qum

1797 1534 2023 1574 suorum
2062 1528 2191 1574 sunt
2222 1522 2461 1589 partium
2484 1519 2647 1573 obeat
2692 1517 2830 1573 Fieri
2856 1536 2964 1574 non
2988 1526 3166 1587 potest
3190 1528 3248 1571 ut
3270 1521 3365 1587 qui

1798 1612 2037 1668 studium
2069 1620 2123 1667 et
2149 1611 2494 1682 diligentiam
2517 1610 2829 1666 adhibendo
2855 1611 3052 1666 salutis
3078 1627 3191 1665 suae
3214 1606 3367 1666 solli-

1798 1704 1944 1758 citus
1967 1712 2070 1769 est,
2107 1718 2171 1757 ac
2206 1703 2389 1757 omnia
2423 1708 2646 1772 praestat
2682 1718 2802 1771 qua:
2827 1701 3070 1757 muneris
3103 1702 3188 1755 sui
3212 1709 3367 1760 sunt.

1799 1811 1828 1849 a
1864 1796 1969 1850 Deo
2001 1810 2240 1865 unquam
2275 1795 2587 1850 deseratur.
2614 1793 2714 1850 Ubi
2749 1793 2973 1849 humani
3003 1794 3199 1848 auxilii
3238 1809 3365 1863 spes

1798 1886 1949 1939 nulla
1999 1900 2067 1940 ex
2100 1896 2255 1954 parte
2287 1883 2450 1939 nobis
2506 1883 2750 1955 aﬂ‘ulget,
2780 1898 2847 1939 ne
2884 1892 3171 1953 propterea
3213 1897 3365 1951 spem

1798 1979 2148 2048 ahjiciamus,
2212 1976 2524 2045 animisque
2560 1975 2877 2047 frangamur
2913 1984 2967 2029 et
2992 1974 3366 2037 debilitemur,

1797 2084 1984 2123 verum
2044 2068 2168 2123 fidei
2218 2066 2522 2121 anchoram
2575 2066 2934 2149 arripiamus.
3003 2064 3367 2135 Projiciamus

1797 2163 2225 2218 instrumentum
2259 2161 2397 2231 spei,
2433 2177 2543 2217 non
2587 2162 2644 2215 in
2693 2176 2866 2226 mare,
2900 2161 2995 2215 sed
3039 2161 3093 2213 in
3130 2162 3363 2223 emlum;

1796 2271 1860 2310 ac
1922 2256 2125 2325 scapha
2158 2263 2371 2319 nostra,
2426 2268 2549 2324 qua:
2587 2259 2915 2323 tempestate
2938 2251 3198 2321 jactatur,
3222 2266 3251 2305 e
3277 2255 3387 2319 μοι’

1795 2347 1985 2401 riculis
2011 2355 2281 2416 emerget.

1868 2438 2149 2507 Ejusdem.
2171 2468 2243 2478 —-—
2266 2437 2447 2492 Nolite
2464 2437 2727 2507 conﬁdere
2769 2438 2823 2490 in
2840 2436 3162 2505 principibus
3179 2437 3194 2490 (
3214 2434 3365 2487 Psal.

1793 2547 1951 2596 CXLV,
1982 2532 2017 2584 ‘2
2038 2533 2084 2601 );
2117 2531 2285 2585 nolite
2341 2530 2410 2585 ob
2438 2530 2678 2584 incertas
2740 2544 2872 2598 opes
2902 2528 3103 2582 animis
3140 2527 3320 2581 extolli
3349 2544 3362 2589 ;

1794 2625 1864 2679 ob
1889 2624 2034 2678 vires
2073 2623 2328 2692 corporis
2386 2622 2554 2677 nolite
2582 2621 2872 2691 magnifice
2895 2620 2965 2676 de
2986 2620 3144 2675 vobis
3177 2621 3369 2674 existi—

1794 2732 1986 2782 mare;
2042 2716 2295 2769 humanae
2339 2714 2527 2786 gloria:
2576 2713 2920 2783 splendorem
2958 2712 3125 2766 nolite
3172 2727 3372 2766 conse-

1793 2809 1955 2863 ctari.
2000 2806 2145 2860 Nihil
2207 2806 2403 2860 horum
2446 2805 2680 2860 salutem
2714 2802 2897 2859 affert.
2930 2802 3127 2857 Omnia
3157 2802 3366 2857 caduca

1794 2907 1958 2964 sunt,
1992 2898 2207 2952 fallacia
2239 2898 2443 2952 omnia.
2476 2896 2713 2952 Unicum
2746 2894 3056 2966 perfugium
3094 2894 3235 2951 Deus
3259 2904 3373 2950 est.

1797 2992 2121 3047 llaledictus
2149 2992 2311 3047 homo
2342 2992 2437 3062 qui
2461 3008 2614 3062 spem
2641 2992 2695 3045 in
2729 2991 2954 3046 homine
2988 2990 3147 3043 lixam
3176 2990 3361 3045 habet.

1857 3084 2132 3154 Ejusdem.
2154 3115 2223 3124 ——
2253 3085 2389 3139 Cum
2419 3085 2478 3139 in
2510 3084 2923 3139 calamitatibus
2956 3098 3263 3145 versamur,
3296 3083 3377 3136 ad'

108 3173 406 3243 τρέχομεν,
434 3173 468 3245 ἢ
495 3173 589 3227 τὸν
621 3174 777 3229 Θεόν.
805 3177 973 3230 Νοσεῖ
1004 3177 1064 3231 τὸ
1096 3178 1344 3246 παιδίον;
1370 3180 1466 3234 καὶ
1506 3183 1571 3236 σὺ
1602 3182 1692 3237 τὸν

1804 3178 2019 3249 quidvis
2093 3178 2277 3247 potius
2311 3193 2476 3249 quam
2503 3177 2571 3232 ad
2629 3176 2798 3232 Deum
2849 3177 3152 3233 currimus.
3194 3176 3363 3247 .1Eger

111 3265 363 3335 ἐπαῳὸὸν
401 3270 777 3336 περισκοπεῖς,
825 3268 857 3338 ἢ
898 3269 989 3323 τὸν
1038 3270 1166 3334 τοὺς
1224 3274 1551 3343 περιεργοὺς
1597 3293 1697 3346 χαε

117 3357 397 3425 ρακτῆρας
418 3359 529 3420 τοῖς
556 3358 848 3429 τραχήλοις
863 3363 971 3414 τῶν
994 3362 1252 3421 ἀναιτίων
1283 3366 1510 3421 παιδίων
1536 3385 1696 3439 περι-

110 3446 336 3501 τιθέντα
368 3488 382 3511 ,
420 3447 453 3519 ἢ
496 3449 558 3503 τὸ
597 3451 903 3506 τελευταῖον
953 3454 1044 3506 ἐπὶ
1082 3456 1172 3508 τὸν
1228 3456 1413 3527 ἰατρὸν
1439 3457 1594 3531 ἔρχῃ,
1626 3459 1695 3514 τά

113 3538 388 3609 φάρμακα
421 3540 517 3594 τοῦ
561 3541 865 3613 δυναμένου
906 3543 1100 3609 σώζειν
1131 3548 1540 3619 καταμελήσας.
1575 3551 1694 3605 Κᾶν

113 3630 367 3685 ἐνύπνιόν
420 3649 480 3685 σε
523 3634 828 3708 ἐκταράξῃ,
864 3636 1002 3709 πρὸς
1030 3637 1120 3693 τὸν
1149 3640 1527 3711 ὀνειροκρίτην
1565 3643 1693 3713 τρέ-

113 3739 259 3791 χεις.
285 3722 398 3777 Κᾶν
427 3725 672 3797 φοϐηθῇς
701 3727 914 3799 ἐχθρὸν,
967 3730 1278 3802 προστάτην
1311 3731 1407 3785 ἕνα
1452 3734 1558 3786 τῶν
1604 3735 1694 3786 ἀνο

116 3813 352 3885 Θρώπων
402 3822 711 3890 περινοεῖς·
764 3821 860 3874 καὶ
912 3820 1049 3886 ὅλως
1102 3823 1186 3893 ἐφ’
1238 3825 1474 3895 ἑκάστης
1504 3826 1693 3896 χρείας

116 3905 345 3979 ἐλέγχῃ,
382 3908 589 3978 ῥήματι
627 3909 728 3978 μὲν
762 3911 1046 3981 ὀνομάζων
1075 3913 1165 3966 τὸν
1193 3914 1325 3967 Θεὸν
1348 3916 1692 3987 καταφυγὴν,

117 3997 271 4067 ἔργῳ
295 3997 350 4050 δέ
368 3998 467 4069 τὴν
488 4001 554 4052 ἐκ
578 4000 687 4054 τῶν
716 4001 1007 4071 ἀνωφελῶν
1036 4005 1129 4057 καὶ
1160 4006 1405 4075 ματαίων
1439 4006 1695 4077 βοήθειαν

118 4087 526 4159 ἐπισπώμενος.
563 4094 717 4146 Ἔστι
760 4094 818 4147 δὲ
849 4093 929 4165 τῷ
959 4094 1151 4168 δικαίῳ
1201 4097 1429 4169 ἀληθινὴ
1470 4098 1692 4171 βοήθεια

117 4182 153 4233 ὁ
197 4180 346 4245 Θεὸς,
394 4182 583 4253 ὥσπερ
633 4202 719 4249 τις
768 4188 1076 4259 στρατηγὸς
1121 4190 1400 4245 ὁπλιτικὸν
1446 4193 1691 4259 γενναῖον

119 4270 219 4343 ὲξη
230 4274 505 4345 ρτημένος,
526 4277 741 4349 ἕτοιμος
771 4280 859 4332 ἀεὶ
888 4280 1103 4352 βοηθεῖν
1128 4283 1207 4355 τῷ
1231 4285 1693 4358 καταπονουμένῳ

125 4367 303 4437 μέρει,
322 4366 494 4432 οὓτως
512 4371 541 4423 ὁ
564 4369 697 4435 Θεὸς
725 4371 916 4443 βοηθὸς
942 4374 1099 4446 ἡμῶν
1140 4379 1310 4432 ἐστιν.

1798 3284 1882 3328 est
1910 3273 2097 3329 filius?
2149 3274 2550 3329 incantatorem
2614 3272 3064 3335 circumlustras,
3118 3278 3214 3326 aut
3242 3287 3367 3326 eum

1798 3368 1892 3437 qui
1926 3383 2099 3422 vanos
2134 3369 2401 3437 quosdam
2434 3367 2788 3422 characteres
2821 3365 3196 3441 innocentium
3233 3379 3365 3433 pue-

1799 3476 1987 3514 rorum
2039 3459 2198 3515 collis
2251 3460 2517 3529 imponat,
2567 3466 2662 3513 aut
2685 3460 2877 3514 saltem
2907 3458 2976 3511 ad
3008 3457 3279 3511 medicum
3315 3465 3371 3510 et

1796 3553 2086 3621 pharmaca
2113 3568 2373 3624 properas
2406 3570 2418 3605 :
2457 3551 2703 3622 neglecto
2735 3551 2949 3606 interim
3006 3564 3072 3605 eo
3096 3551 3188 3618 qui
3222 3550 3371 3604 salu-

1796 3649 1866 3699 tis
1900 3645 2213 3700 asserenda:
2244 3652 2569 3713 potcstatcm
2612 3642 2802 3696 habet.
2835 3640 2892 3696 Si
2951 3641 3286 3697 insomnium
3318 3653 3369 3693 te

1792 3736 2067 3808 quoddam
2093 3735 2470 3799 conturbavit,
2527 3734 2593 3787 ad
2629 3734 2975 3788 somniorum
3012 3726 3369 3802 interpretem

1795 3834 1848 3882 te
1879 3825 2121 3881 confers.
2156 3823 2211 3878 Si
2246 3824 2457 3879 hostem
2511 3822 2882 3894 pertimescis,
2919 3822 3159 3877 hominis
3195 3822 3369 3876 alicu-

1791 3918 1882 3988 jus
1912 3916 2287 3986 patrocinium
2318 3916 2549 3985 cogitas.
2581 3915 2780 3984 Atque,
2815 3923 2874 3967 ut
2906 3914 3096 3983 paucis
3128 3915 3369 3983 comple~

1795 4021 1936 4072 ctar,
1994 4009 2048 4063 in
2114 4008 2357 4078 qualibet
2408 4008 2743 4063 necessitate
2784 4004 3143 4076 compereris,
3203 4007 3370 4061 verbo

1796 4101 2019 4172 quidem
2054 4099 2223 4155 Deum
2247 4099 2555 4170 perfugium
2582 4107 2733 4153 tuum
2758 4099 3058 4169 appellare,
3096 4114 3157 4154 re
3185 4105 3368 4152 autem

1796 4193 1913 4264 ipsa
1944 4208 2205 4247 vanarum
2237 4200 2291 4247 et
2323 4192 2602 4246 inutilium
2636 4206 2818 4247 rerum
2854 4191 2951 4245 tibi
2984 4190 3248 4244 auxilium
3277 4204 3369 4242 ac-

1796 4303 2033 4345 cersere.
2070 4288 2138 4342 At
2191 4304 2321 4345 vero
2367 4288 2517 4360 justo
2574 4288 2783 4342 homini
2843 4286 3115 4341 auxilium
3170 4301 3367 4338 verum

1800 4379 1946 4436 Deus
1978 4388 2085 4437 est.
2121 4380 2284 4437 Velut
2317 4384 2463 4437 enim
2500 4382 2801 4453 imperator
2834 4379 3109 4434 exercitus
3131 4376 3366 4447 egregiis

123 4459 294 4516 armis
346 4461 672 4531 instructus,
723 4480 940 4537 semper
968 4459 1168 4538 praesto
1206 4478 1291 4525 est
1341 4471 1605 4526 auxilium
1637 4470 1784 4527 ferre
1829 4488 2168 4544 suppresso,
2232 4473 2311 4528 sic
2375 4487 2595 4544 quoque
2644 4471 2786 4527 Deus
2841 4470 2999 4524 nobis
3052 4468 3367 4538 adjumeuto

121 4564 231 4611 ρει.

196 4647 408 4717 Noack;
431 4650 676 4723 εύθύμει.
689 4654 797 4706 Ὃν
818 4654 1143 4725 γὰρζάγαπᾷ
1161 4658 1393 4724 Κύριος,
1408 4658 1692 4715 παιδεύει.

1870 4660 1928 4715 S.
1981 4660 2195 4714 Basilii.
2218 4692 2286 4700 —
2316 4659 2505 4713 Morbo
2560 4657 2816 4711 laboras?
2862 4671 3020 4724 aequo
3052 4655 3237 4708 animo
3267 4656 3364 4708 sis.

123 4742 461 4813 Πτωχεύεις;
501 4745 818 4815 εὐφραίνου,
872 4746 953 4798 ὅτι
1007 4746 1260 4818 Λαζάρου
1303 4765 1361 4801 σε
1398 4751 1466 4803 τὰ
1512 4750 1692 4817 ἀγαθά

122 4833 434 4897 διαδέξεται.
475 4836 742 4909 Ἀτιμάζῃ
784 4837 875 4891 διὰ
907 4839 969 4892 τὸ
998 4839 1170 4910 ὄνομα
1206 4840 1444 4912 Χριστοῦ
1473 4859 1488 4907 ;
1519 4842 1694 4914 μακά-

126 4944 245 4999 ριος
273 4924 336 4992 εἴ,
365 4928 444 4982 ὅτι
472 4946 555 4982 σοι
580 4930 615 5000 ὴ
650 4930 879 5001 αἰσχύνη
932 4934 1012 4997 είς
1061 4933 1217 4998 δόξαν
1266 4935 1499 5004 ἀγγέλου
1534 4953 1693 5007 μετα-

125 5016 469 5090 ϐληθήσεται.

201 5206 333 5271 Κᾶν,
377 5209 453 5273 ὡς
481 5211 612 5281 φὴς,
637 5212 956 5284 τελευτήσαι
983 5209 1136 5277 οὗτος
1173 5217 1201 5268 6
1244 5215 1488 5286 πάτρων,
1533 5216 1691 5269 πάλιν

128 5298 311 5369 ἓτερον
339 5300 597 5373 πάτρωνά
616 5320 699 5357 σοι
723 5306 1069 5377 ἀγαθώτερον
1094 5306 1308 5373 τούτου,
1338 5307 1434 5360 κα)⁸
1461 5308 1692 5377 μεγαλο-

128 5390 416 5462 ψυχότερον
447 5395 476 5446 δ
500 5394 705 5465 Κύριος
742 5396 992 5468 παρέξει,
1039 5398 1137 5452 ἐὰν
1174 5400 1273 5470 τὴν
1326 5401 1510 5452 πίστιν
1553 5400 1690 5472 πρὸς

132 5479 291 5533 αὑτὸν
318 5481 465 5555 ἔχῃς.
904 5536 913 5551 ί

217 5573 271 5626 Ὀ
306 5574 390 5627 ἐπ’
417 5574 703 5631 ἄνθοωπον
729 5577 983 5643 ἐλπίζων,
1006 5580 1038 5651 ἢ
1065 5581 1137 5633 ἐπ
1178 5580 1304 5634 ἀλλο
1327 5598 1379 5633 τι
1408 5580 1518 5634 τῶν
1548 5582 1689 5637 κατά

138 5666 247 5738 βίον
293 5670 764 5739 μετεωριζόμενος,
831 5667 940 5725 οἷον
992 5674 1085 5725 ἐπὶ
1127 5672 1443 5727 δυναστείαν
1486 5673 1519 5744 ἢ
1554 5675 1688 5745 χρή-

138 5776 298 5830 ματα,
345 5761 377 5814 ἥ
426 5778 479 5815 τι
536 5762 645 5816 τῶν
695 5764 844 5823 παρὰ
905 5764 1119 5830 πολλοῖς
1148 5765 1520 5836 νομιζομένων
1543 5773 1688 5822 εἰναι

136 5854 415 5924 λαμπρῶν,
467 5856 526 5909 ού
588 5856 811 5913 δύναται
852 5860 1059 5913 εἰπεῖν’
1126 5860 1257 5914 Ἐπί
1321 5861 1428 5930 σὲ,
1492 5861 1685 5930 Κύριε,

1798 4751 1965 4818 Quem
1989 4753 2128 4806 enim
2160 4751 2302 4805 Deus
2334 4749 2528 4818 diligit,
2562 4748 2697 4800 hunc
2744 4747 2996 4817 castigat.
3034 4748 3051 4813 (
3073 4746 3232 4801 Hebr.
3270 4763 3363 4807 xn,

1797 4844 1829 4897 6
1857 4844 1899 4911 ).
1931 4843 2189 4914 Egestate
2218 4841 2525 4912 premeris?
2549 4839 2749 4911 gaude,
2773 4841 2900 4910 quia
2933 4851 2983 4894 te
3005 4837 3197 4893 Lazari
3225 4838 3369 4893 bona

1796 4944 2098 5006 exceptura
2129 4946 2278 4990 sunt.
2316 4931 2622 5004 Ignominia
2658 4932 2727 4987 ob
2757 4932 2963 4987 Christi
2991 4947 3188 4985 nomen
3248 4930 3367 4983 alii-

1798 5029 1980 5083 ceris?
2002 5028 2195 5082 beatus
2226 5041 2286 5083 es
2318 5043 2332 5079 :
2367 5026 2500 5096 quia
2532 5025 2831 5097 ignominia
2862 5033 2953 5079 tua
2980 5025 3035 5078 in
3063 5024 3365 5093 angelicam

1798 5120 2024 5190 gloriam
2053 5126 2424 5174 convertetur.

1868 5206 1926 5261 S.
1971 5205 2200 5260 Nili.-——
2232 5206 2517 5275 Quamvis,
2562 5217 2621 5263 ut
2673 5209 2777 5272 ais,
2811 5216 3073 5277 patronus
3102 5206 3207 5259 iste
3236 5212 3362 5259 tuus

1794 5308 1971 5355 morte
2029 5302 2194 5353 vitam
2249 5301 2619 5365 commutarit,
2677 5314 2869 5354 rursus
2914 5306 3098 5351 tamen
3130 5297 3365 5350 alterum

1798 5392 1895 5447 tibi
1926 5401 2221 5463 patronum
2277 5394 2369 5449 illo
2409 5394 2694 5449 meliorem
2728 5390 3369 5462 magnificentioretmlue

1792 5484 2062 5540 Dominus
2085 5486 2370 5551 nrmbebit,
2398 5486 2443 5540 si
2471 5485 2629 5539 fidem
2664 5484 2717 5537 in
2744 5484 2925 5553 ipsum
2961 5482 3209 5558 liabcas.‘

1861 5577 2020 5651 E61
2051 5577 2302 5633 S.Basil.
2343 5579 2398 5631 in
2453 5577 2608 5632 Psal.
2668 5593 2875 5649 νην-ο
2910 5574 3015 5641 Qui
3049 5575 3104 5629 in
3146 5574 3368 5629 homine

1793 5687 1943 5742 spem
1986 5672 2219 5727 collocat
2260 5686 2439 5745 suam,
2467 5670 2553 5725 vel
2578 5669 2649 5724 ob
2685 5670 2849 5724 ullam
2888 5685 3005 5725 rem
3060 5670 3223 5723 aliam
3263 5669 3364 5721 hu-

1788 5765 1946 5836 jusce
1983 5764 2110 5819 vitae
2139 5764 2389 5829 enertur,
2420 5772 2548 5835 puta
2598 5763 2667 5817 ob
2710 5762 3034 5834 potentiam,
3084 5771 3177 5817 aut
3206 5776 3361 5831 opes,

1794 5869 1885 5915 aut
1920 5858 2215 5931 quidquam
2232 5874 2418 5917 eorum
2451 5872 2569 5931 qua)
2620 5857 2781 5927 vulgo
2827 5857 3095 5928 przeclara
3129 5870 3382 5949 consona.
