4052 6412
604 350 739 419 M31

1744 357 1805 417 S.
1845 354 2166 416 JOANNIS
2201 356 2633 421 DAMASCENI

3727 369 3843 435 1L3!

600 475 711 526 tur,
756 462 803 518 is
836 461 1023 517 dicere
1059 477 1412 533 nequaquam
1451 463 1671 533 possit:
1716 461 1781 516 In
1820 473 1887 530 te,
1930 462 2172 527 Domine,

2282 463 2536 533 ἤλπισα.
2576 469 2950 541 Παράγγελμα
2978 471 3088 543 γάρ
3139 473 3295 538 ἐστι,
3342 473 3428 543 μὴ
3479 474 3747 539 ἐλπίζειν
3764 481 3845 533 ἐπ’

603 557 809 621 speravi
860 554 1035 625 (Psal.
1072 572 1179 610 xxx
1202 596 1218 621 ,
1270 557 1351 627 2).
1387 558 1602 613 Domini
1640 558 1790 613 enim
1826 565 2178 628 praeceptum

602 658 687 704 est
720 667 734 704 :
773 647 957 703 Nolite
985 665 1195 718 sperare
1243 651 1296 704 in
1330 651 1657 719 principibus
1687 650 1863 721 (Psal.
1905 666 2065 717 CXLV,
2097 648 2175 721 2).

602 739 670 794 Et
699 755 712 791 :
746 737 1069 796 Malcdictus
1098 740 1252 796 homo
1282 743 1372 812 qui
1391 740 1609 811 conﬁdit
1645 742 1700 795 in
1726 742 1932 795 homine
1959 740 2174 807 (Jerem.

602 848 735 895 xv",
767 833 840 901 5).

674 925 899 983 S.Nili.
940 928 1135 995 -Qui
1190 928 1434 982 divinam
1487 928 1657 983 animi
1720 927 2177 997 tranquillitatem

603 1021 866 1089 consequi
898 1021 1101 1083 studet,
1136 1018 1191 1074 id
1221 1018 1385 1075 debet
1422 1036 1604 1090 agere,
1659 1031 1719 1075 ut
1749 1028 1986 1075 mentem
2018 1034 2178 1074 suam

602 1111 672 1166 ab
730 1114 880 1167 omni
932 1115 1156 1168 turbida
1226 1113 1517 1169 allectione
1578 1114 1811 1169 liberam
1875 1111 2176 1167 custodiat.

603 1202 872 1268 Quocirca
910 1204 1013 1257 hoc
1050 1204 1152 1258 tibi
1186 1204 1293 1274 ipsi
1327 1204 1620 1275 persuade,
1659 1212 1720 1260 ut
1750 1212 1976 1275 propter
1995 1204 2177 1265 .Deum

601 1294 801 1359 solum,
846 1308 910 1350 ac
934 1311 1043 1350 non
1076 1305 1301 1366 propter
1326 1298 1592 1352 caducam
1622 1305 1676 1352 et
1709 1296 1998 1353 confestim
2049 1310 2181 1351 exo-

488 1431 504 1445 ,
600 1384 893 1440 lescentem
925 1386 1154 1458 gloriam
1188 1387 1502 1452 hominum,
1534 1388 1679 1459 quod
1712 1387 1915 1443 bonum
1948 1398 2032 1443 est
2062 1385 2179 1442 elli—

599 1475 737 1530 cias.

601 1589 739 1646 TI'I'.
774 1590 855 1648 Vl.
885 1623 955 1665 -έ-
980 1593 1054 1648 De
1081 1595 1325 1661 ecclesia,
1374 1604 1424 1649 et
1453 1597 1609 1649 domo
1638 1595 1757 1660 Dei,
1805 1605 1962 1665 atque
1992 1594 2177 1659 altari,

670 1679 870 1717 necnon
901 1664 965 1718 de
994 1664 1167 1718 hostia
1188 1665 1510 1720 sacerdotali
1532 1684 1552 1732 ;
1588 1676 1641 1720 et
1666 1670 1807 1736 quod
1841 1664 1897 1719 in
1945 1665 2179 1719 ecclesiis

669 1737 984 1789 commercia
1008 1751 1252 1791 exercere
1283 1752 1386 1791 non
1425 1746 1685 1806 oporteat.

671 1844 848 1900 Exod.
884 1863 1037 1913 xxix,
1065 1849 1156 1904 57.
1186 1880 1256 1890 —
1289 1867 1310 1902 ι
1344 1849 1464 1905 Erit
1485 1851 1657 1906 altare
1684 1858 1937 1906 sanctum
1959 1858 2180 1906 sancto-

596 1954 753 2006 rum;
783 1947 839 1994 et
866 1941 1050 1997 omnis
1077 1943 1170 2013 qui
1205 1944 1381 2014 tangit
1416 1944 1612 2011 altare,
1654 1943 2110 1999 sanctilicabitur.
2153 1962 2173 1995 ι

669 2030 846 2086 Exod.
905 2048 1108 2099 xxxiv,
1164 2032 1255 2089 26.
1336 2067 1410 2078 ——
1456 2054 1476 2088 ι
1542 2035 1824 2093 Primitias
1866 2036 2177 2107 primarum

599 2120 819 2194 frugum
872 2132 1035 2181 terra:
1082 2135 1192 2183 tuae
1237 2127 1440 2185 inferes
1481 2129 1539 2184 in
1581 2129 1804 2185 domum
1834 2128 2051 2185 Domini
2080 2127 2177 2184 Dei

596 2217 697 2271 iui.
742 2236 761 2269 ι

670 2307 845 2365 Exod.
878 2327 974 2377 xx,
1005 2312 1096 2368 26.
1121 2343 1191 2353 -—
1225 2332 1243 2364 ι
1279 2311 1398 2368 Non
1445 2313 1709 2369 ascendes
1730 2328 1827 2384 per
1864 2312 2071 2384 gradus
2106 2313 2175 2366 ad

596 2402 771 2459 altare
794 2419 1003 2469 meum,
1030 2420 1099 2461 ne
1121 2405 1337 2462 reveles
1363 2404 1762 2477 turpitudinem
1786 2412 1939 2459 tuam
1972 2405 2026 2459 in
2050 2419 2168 2459 eo.»

666 2588 843 2644 Exod.
905 2607 1034 2659 xxv,
1092 2592 1182 2648 '50.
1229 2626 1298 2634 —
1336 2612 1355 2645 ι
1407 2595 1663 2666 lmponcs
1697 2610 1868 2667 super
1925 2610 2174 2652 mensam

592 2696 772 2737 meam
796 2697 992 2754 panem
1024 2700 1212 2740 coram
1245 2701 1332 2741 me
1352 2702 1588 2759 semper.
1624 2708 1643 2742 ι

664 2773 831 2831 ι.ευὶι.
872 2776 1051 2842 νι,18.
1078 2809 1146 2821 ——
1176 2797 1195 2829 ‹
1232 2776 1422 2835 Omnis
1454 2780 1773 2851 quicunque
1806 2789 1995 2853 tanget
2015 2781 2173 2837 victi-

590 2880 716 2923 mas
745 2868 1116 2935 sacerdotum,
1143 2872 1605 2943 sanctificabitur.
1650 2892 1670 2925 ι
1770 2944 1777 2949 ἱ

663 2955 831 3013 Leuit.
855 2974 968 3023 xvn,
1002 2960 1052 3014 l.
1083 2991 1153 3001 —
1190 2979 1208 3013 ι
1248 2960 1399 3017 Dixit
1453 2963 1723 3020 Dominus
1765 2964 1836 3020 ad
1892 2965 2116 3038 Moysen
2154 2986 2168 3022 :

592 3045 846 3119 Loquere
879 3050 950 3105 ad
982 3052 1169 3107 Aaron
1192 3051 1423 3108 fratrem
1474 3062 1658 3120 tuum,
1693 3064 1748 3111 et
1787 3072 1898 3111 non
1930 3058 2171 3114 introeat

2280 553 2594 621 ἄρχοντας.
2613 556 2744 621 Καὶ,
2782 557 3256 627 Ἐπικατάρατος,
3288 559 3620 630 ἄνθρωπος,
3655 562 3722 616 ὃς
3747 566 3847 634 τὴν

2278 646 2497 703 ἐλπίδα
2526 650 2648 718 ἔχει
2671 649 2764 703 ἐπ’
2784 650 3113 719 ἄνθρωπον.

2361 923 2419 976 Ὀ
2471 922 2568 995 τὴν
2616 923 2771 977 θείαν
2818 924 3091 979 ἀπάθειαν
3129 926 3479 998 κατορθῶσαι
3516 928 3854 997 stuariam,

2279 1014 2580 1068 ἀδούλωτον
2610 1016 2773 1071 παντὶ
2800 1016 2966 1071 πάθει
3016 1018 3223 1088 ὀφείλει
3259 1020 3496 1088 φυλάξαι
3534 1020 3631 1073 τὸν
3663 1023 3856 1075 ἑαυτου

2278 1105 2558 1177 λογισμόν.
2590 1108 2785 1160 Πεῖσον
2843 1107 3024 1162 τοίνυν
3077 1110 3302 1164 σεαυτὸν
3332 1110 3422 1164 διά
3470 1111 3567 1164 τὸν
3595 1112 3731 1163 Θεὸν
3764 1114 3855 1179 μό.

2278 1216 2391 1265 νον,
2423 1200 2517 1252 καὶ
2555 1201 2630 1271 μὴ
2651 1200 2721 1254 δι’
2747 1200 3104 1273 ἀνθρωπίνην
3135 1201 3447 1275 εὐωθαρτον
3482 1208 3581 1259 καὶ
3614 1205 3855 1271 ἐξίτηλον

2277 1290 2457 1358 δόξαν,
2485 1292 2547 1345 τὸ
2573 1292 2778 1360 ἀγαθὸν
2807 1294 3069 1350 ἐκτελεῖν.

2279 1587 2460 1643 ΤΙΤΛ.
2486 1591 2579 1656 ς’.
2603 1619 2675 1629 -
2696 1591 2834 1659 Περὶ
2856 1591 3211 1658 ἐκκλησίας,
3231 1594 3329 1646 καί
3351 1592 3524 1647 οἷκον
3555 1591 3733 1653 Θεοῦ,
3761 1594 3850 1645 καὶ

2348 1663 2807 1732 θυσιαστηρίου,
2872 1662 2969 1715 καὶ
3002 1664 3220 1728 θυσίας
3260 1661 3553 1732 ἱερατικῆς
3574 1678 3591 1692 ⁸
3630 1664 3735 1717 καὶ
3770 1663 3849 1717 ὅτι

2349 1732 2422 1783 οὐ
2447 1729 2540 1783 δεῖ
2565 1731 2636 1784 ἐν
2659 1733 3016 1801 ἐκκλησίαις
3045 1733 3214 1803 θήειν⁵
3243 1729 3682 1807 [καπηλεύειν].

2360 1866 2379 1899 ι
2416 1848 2613 1902 Ἔσται
2684 1849 2744 1901 τὸ
2804 1849 3227 1920 θυσιαστήριονί
3261 1850 3417 1919 ἆγιον
3474 1850 3681 1918 άγίων·
3763 1850 3850 1902 καὶ

2286 1943 2394 2005 πᾶς
2419 1943 2448 1994 ὁ
2482 1941 2790 2011 ἁπτόμενος
2816 1942 2911 1995 τοῦ
2940 1943 3354 2013 θυσιαστηρίου,
3381 1943 3794 2013 άγιασθήσεται.
3822 1962 3842 1994 ι

2360 2054 2377 2085 ι
2407 2034 2518 2097 Τάς
2578 2033 2831 2105 ἀπαρχὰς
2879 2034 2989 2087 τῶν
3044 2035 3593 2107 πρωτογεννημάτων
3623 2034 3727 2103 τῆς
3756 2036 3849 2106 γῆς

2284 2143 2378 2180 σου
2400 2124 2656 2189 εἰσοίσεις
2686 2125 2765 2189 είς
2780 2124 2871 2178 τδν
2899 2120 3049 2179 οἷκον
3076 2124 3171 2179 τοῦ
3204 2124 3341 2179 Θεοῦ
3371 2141 3488 2180 σου.
3515 2145 3535 2179 ι

2358 2333 2376 2365 ι
2415 2314 2530 2367 Οὐκ
2580 2312 2830 2383 ἀναϐήσῃ
2889 2313 2947 2365 ὲν
2997 2309 3367 2380 άναϐαθμίσιν
3422 2310 3517 2363 ἐπὶ
3557 2309 3622 2362 τὸ
3677 2297 3851 2361 Busta.-

2283 2404 2505 2477 στήριόν
2533 2421 2661 2470 μου,
2687 2405 2834 2468 ὅπως
2864 2404 2938 2475 μί’
2961 2401 3319 2474 ἀποκαλύψεις
3342 2402 3441 2475 τὴν
3465 2401 3848 2473 ἀσχημοσύνην

2282 2516 2375 2552 σου
2410 2499 2497 2550 ἐπ’
2528 2498 2694 2569 αὐτῷ.
2719 2517 2738 2550 ι

2357 2612 2375 2645 ι
2420 2592 2734 2663 Ἐπιθήσεις
2770 2591 2864 2645 ἐπὶ
2902 2589 3003 2663 τὴν
3032 2586 3313 2659 τράπεζάν
3348 2603 3450 2658 μου
3498 2586 3668 2657 ἄρτον
3700 2586 3847 2639 ἐναν-

2278 2689 2390 2742 τίον
2420 2703 2524 2758 μου
2558 2684 2648 2739 διὰ
2676 2684 2899 2748 παντός.
2936 2701 2955 2735 ι

2355 2798 2374 2831 ι
2412 2779 2528 2841 Πᾶς
2555 2777 2615 2842 ὃς
2639 2775 2704 2832 ἂν
2732 2774 2942 2846 ἅψηται
2972 2773 3070 2844 τῆς
3099 2773 3293 2836 θυσίας
3329 2771 3439 2825 τῶν
3470 2768 3667 2840 ἱερέων
3700 2770 3850 2837 ἁγια-

2280 2871 2561 2944 σθήσεται.
2593 2889 2612 2922 ι

2354 2986 2373 3018 ι
2399 2962 2533 3018 Eine
2555 2963 2761 3037 Κύριος
2779 2962 2916 3036 πρὸς
2937 2960 3145 3030 Μωσῆν
3164 2975 3179 2989 ⁶
3202 2959 3449 3031 Δάλησον
3481 2956 3620 3027 πρὸς
3646 2952 3850 3024 Ἀαρὼν

2276 3059 2369 3112 τὸν
2394 3056 2626 3126 ἀδελφόν
2656 3074 2772 3121 σου,
2802 3055 2898 3109 καὶ
2934 3053 3010 3125 μὴ
3029 3049 3364 3123 είσερχέσθω
3384 3050 3569 3102 πᾶσαν
3600 3046 3753 3117 ὤραν
3777 3047 3846 3108 εἰς

590 3142 820 3197 inomni
854 3145 993 3199 hora
1020 3144 1080 3200 in
1128 3154 1387 3203 sanctum
1436 3147 1674 3205 interius
1722 3151 2013 3206 velaminis
2044 3160 2172 3208 ante

2276 3152 2338 3207 τὸ
2376 3151 2534 3222 ἅγιον
2586 3150 2858 3221 ἐσώτερον
2904 3147 2999 3202 τοῦ
3030 3143 3524 3214 καταπετάσματος
3562 3140 3655 3209 ,είς
3692 3138 3847 3191 ποοσ-

592 3236 1057 3306 propitiatorium.
1099 3258 1120 3292 ι

666 3326 818 3384 Ρεαι.
850 3345 907 3396 ν,
928 3329 1086 3386 8.-‹
1108 3331 1223 3405 Ego
1252 3341 1436 3389 autem
1474 3334 1530 3389 in
1562 3336 1917 3393 multitudine
1950 3314 2169 3394 ιῑῖίέθτί-

2275 3265 2424 3302 ωπον
2453 3246 2547 3301 τοῦ
2578 3246 2767 3315 ἱλαστη
2775 3244 2915 3315 ρίου.

2352 3362 2370 3393 ι
2416 3341 2557 3409 Ἐγὼ
2577 3340 2635 3394 δὲ
2661 3341 2720 3393 ὲν
2749 3338 2829 3409 τῷ
2846 3336 3042 3408 πλήθει
3072 3335 3167 3389 τοῦ
3198 3333 3383 3398 ὲλεούς
3420 3350 3517 3386 σου
3545 3330 3843 3385 εἰσελευσο-

593 3418 797 3475 cordiae
822 3430 928 3477 tua:
964 3424 1207 3481 introibo
1235 3426 1293 3481 in
1322 3429 1549 3482 domum
1585 3439 1733 3483 tuam
1772 3447 1787 3484 :
1821 3430 2061 3486 adorabo
2100 3431 2169 3487 ad

2279 3453 2375 3505 μαι
2402 3434 2483 3497 είς
2517 3433 2608 3486 τὸν
2639 3428 2788 3485 οἶκόν
2813 3448 2909 3484 σου
2935 3445 2950 3460 ⁸
2982 3432 3353 3500 προσκυνήσω
3373 3427 3514 3500 πρὸς
3542 3426 3672 3479 ναὸν
3702 3424 3844 3493 ἅγιόν

593 3513 856 3581 templum
891 3525 1144 3573 sanctum
1178 3528 1334 3575 tuum
1371 3521 1426 3576 in
1464 3522 1665 3577 timore
1697 3530 1815 3587 tuo,
1859 3542 1878 3575 ι
1905 3534 2014 3578 etc.

663 3606 817 3664 Psat.
851 3626 965 3677 xxI,
998 3611 1090 3668 25.
1121 3646 1191 3654 —
1232 3634 1250 3667 ι
1289 3615 1347 3671 ln
1409 3617 1596 3673 medio
1642 3619 1897 3673 ecclesia:
1931 3620 2169 3675 laudabo

590 3704 665 3754 te.
692 3697 800 3765 Qui
841 3701 1045 3775 timetis
1083 3705 1401 3773 Dominum,
1433 3708 1653 3765 laudate
1676 3724 1828 3765 eum.
1863 3730 1884 3764 ι

574 3848 577 3865 Α
663 3786 817 3846 Psal.
858 3808 985 3859 xxv,
1016 3794 1070 3850 8.
1104 3826 1172 3838 -
1203 3816 1222 3849 ι
1260 3797 1513 3867 Domine,
1559 3802 1730 3858 dilexi
1774 3804 2030 3860 decorem
2069 3806 2167 3862 do-

590 3896 718 3937 mus
745 3891 874 3951 tuae,
901 3894 956 3941 et
985 3888 1168 3942 locum
1200 3889 1563 3949 habitationis
1589 3894 1779 3961 gloriae
1814 3905 1940 3952 tuae.
1968 3915 1987 3948 ι

664 3975 814 4059 Ρεαί.
846 3994 995 4045 xxvr,
1024 3981 1076 4035 4.
1111 4014 1181 4059 τ
1215 4003 1234 4035 ι
1268 3980 1450 4041 Unum
1502 3990 1633 4059 petii
1671 4004 1701 4043 a
1732 3989 2167 4048 Domin0°hanc

589 4054 893 4117 requiram,
928 4069 948 4101 ›
987 4061 1036 4105 et
1067 4054 1293 4125 reliqua.

662 4141 815 4197 Psal.
848 4160 1021 4211 xxvn,
1052 4147 1110 4201 2.
1139 4179 1209 4189 -ο
1245 4169 1263 4201 ι
1300 4151 1538 4207 Adorate
1594 4152 1889 4211 Dominum
1932 4157 1989 4211 in
2023 4159 2167 4213 atrio

486 4310 487 4313 η
588 4245 785 4291 sancto
818 4236 958 4306 ejus.
1004 4257 1026 4289 ι

663 4326 817 4383 Psal.
848 4346 996 4394 thv,
1032 4332 1085 4386 5.
1117 4364 1187 4373 —
1223 4354 1242 4386 ι
1282 4336 1639 4407 Replebimur
1674 4340 1731 4393 in
1777 4340 1938 4396 bonis
1966 4343 2166 4402 domus

588 4428 714 4475 tuae.
765 4443 785 4475 ι

2278 3547 2373 3582 σου
2397 3529 2457 3581 ἐν
2487 3526 2639 3597 φόϐῳ
2655 3543 2772 3593 σου,
2806 3544 2826 3578 ι
2844 3522 3029 3579 καὶτὰ
3058 3523 3242 3577 λοιπά.
3261 3540 3279 3574 ι

2352 3641 2371 3672 ι
2420 3621 2510 3674 Ἐν
2536 3619 2688 3690 μέσῳ
2708 3617 3013 3689 ἐκκλησίας
3040 3616 3268 3688 ὑμνήσω
3289 3632 3373 3669 σε.
3427 3614 3493 3667 Oi
3522 3610 3840 3682 φοὸοὐμενω

2273 3715 2366 3768 τὸν
2393 3712 2617 3785 Κύριον,
2645 3713 2898 3767 αἱνέσατε
2936 3709 3121 3764 αὐτόν.
3152 3727 3173 3760 ι

2350 3827 2369 3859 ι
2412 3805 2608 3877 Κύριε,
2634 3806 2901 3876 ἠγάπησα
2926 3803 3261 3873 εὐπρέπειαν
3285 3818 3437 3856 οικου
3474 3816 3598 3861 σου,
3642 3797 3733 3850 καὶ
3756 3796 3837 3848 τό·

2274 3918 2376 3955 πον
2404 3899 2766 3971 σκηνώματος
2802 3897 2961 3969 δόξης
2991 3914 3109 3950 σου.
3138 3916 3157 3948 ι

2349 4010 2369 4042 ι
2404 3991 2550 4045 Μίαν
2578 3988 2875 4061 ᾐτησάμην
2900 3987 3053 4058 παρὰ
3080 3986 3308 4059 Κυρίου,
3337 3983 3548 4055 ταύτην
3571 3982 3831 4051 ζητήσω.)

2273 4083 2370 4136 καὶ
2400 4081 2467 4133 τά
2496 4080 2680 4138 λοιπά.
3324 4096 3329 4101 ‘

2350 4191 2369 4224 ι
2404 4172 2829 4243 Προσκυνήσατε
2862 4170 2940 4243 τῷ
2972 4167 3165 4241 Κυρίω
3198 4170 3257 4222 ἐν
3277 4167 3415 4239 αὐλῇ
3445 4167 3579 4237 ἁγίᾳ,
3609 4164 3789 4218 αὐτοῦ.
3813 4183 3831 4215 ι

2350 4378 2368 4409 ι
2410 4356 2842 4428 Πλησθησόμεθα
2866 4357 2926 4408 ὲν
2960 4352 3071 4417 ιινίε
3098 4351 3323 4420 ἀγαθοῖς
3356 4349 3451 4405 τοῦ
3489 4352 3644 4404 οἴκου
3674 4365 3765 4401 σου
3810 4366 3827 4397 ι

663 4514 814 4569 Psal.
840 4533 1009 4583 vau,
1033 4516 1213 4573 27.—-
1239 4538 1260 4571 ι
1299 4519 1357 4574 1n
1400 4520 1659 4577 ecclesiis
1704 4524 2016 4585 benedicite
2053 4529 2165 4588 Deo

2348 4564 2366 4595 ι
2421 4544 2509 4597 Ἐν
2563 4540 2883 4610 ἐκκλησίαις
2906 4537 3181 4606 εὐλογεῖτε
3234 4535 3327 4588 τὸν
3372 4535 3509 4588 Θεὸν
3545 4533 3747 4604 Κύριον
3776 4534 3829 4583 ἐκ

588 4608 824 4664 Domino
847 4611 911 4665 dc
947 4611 1193 4669 fontibus
1225 4613 1414 4670 Israel.
1461 4634 1481 4666 ι

659 4702 816 4758 Psal.
845 4720 1080 4773 Lxxxm,
1109 4708 1161 4770 ι,
1188 4706 1243 4761 4.
1275 4740 1343 4748 -
1372 4728 1390 4759 ι
1422 4709 1599 4775 Quam
1644 4712 1845 4769 dilecta
1900 4716 2164 4771 taberna-

586 4797 709 4850 cula
743 4807 863 4861 tua,
900 4796 1130 4853 Domine
1177 4799 1467 4856 virtutum.
1517 4804 1726 4860 Altaria
1774 4814 1892 4869 tua,
1938 4806 2166 4865 Domine

583 4892 877 4955 virtutum,
909 4891 1025 4946 Rex
1050 4908 1226 4949 meus.
1270 4893 1463 4950 Melior
1491 4909 1577 4953 est
1631 4900 1751 4956 dies
1789 4916 1898 4954 una
1924 4902 1980 4955 in
2005 4901 2164 4957 atriis

589 4986 698 5039 tuis
738 5000 904 5055 super
931 4987 1124 5042 millia.
1167 5006 1185 5038 ι

652 5097 805 5153 Psal.
828 5116 957 5166 xcu,
989 5102 1043 5157 5.
1062 5134 1132 5142 --
1159 5122 1180 5155 ι
1210 5104 1443 5163 Domum
1465 5120 1611 5162 tuam
1644 5110 1802 5165 decet
1830 5111 2162 5179 sanctitudo,

584 5188 837 5260 Domine,
867 5193 922 5248 in
957 5195 1349 5265 longitudinem
1387 5201 1623 5257 dierum.
1664 5222 1685 5255 ι

657 5304 810 5362 Psal.
845 5325 993 5376 xcrx,
1035 5313 1089 5375 4.
1127 5344 1195 5353 --
1226 5335 1243 5365 ι
1292 5316 1518 5371 lntroite
1551 5327 1739 5388 portas
1776 5320 1895 5389 ejus
1930 5320 1983 5373 in
2024 5336 2164 5375 con-

582 5398 850 5457 fessione.
891 5422 910 5454 ι

622 5507 813 5653 lPsai.
841 5527 953 5583 cvr,
1025 5517 1117 5573 52.
1154 5550 1224 5559 —-
1257 5540 1275 5572 ι
1314 5520 1568 5577 Exaltcut
1621 5539 1749 5578 eum
1810 5526 1865 5579 in
1926 5526 2164 5582 ecclesia

642 5600 779 5653 ebis.
820 5620 843 5653 ›

582 5600 779 5669 plebis.
820 5620 843 5655 ›

656 5714 805 5771 Psal.
845 5734 988 5774 cxvn
1012 5762 1027 5785 ,
1065 5724 1150 5778 19.
1183 5758 1247 5767 —-
1282 5747 1300 5780 ι
1331 5704 1548 5801 Aperite
1593 5739 1780 5804 portas
1815 5732 2076 5805 ‘justitiaz,
2113 5744 2165 5792 ct

590 5809 867 5881 ingressus
897 5828 1011 5881 eas,
1047 5834 1065 5867 ›
1103 5828 1207 5874 etc.

2271 4637 2468 4707 πηγῶν
2507 4632 2742 4706 Ἰσραήλ.
2780 4652 2798 4683 ι

2345 4749 2363 4780 ι
2409 4730 2496 4793 Ὠς
2545 4726 2805 4797 ἀγαπητά
2862 4723 2932 4776 τά
2978 4720 3313 4792 σκηνώματά
3346 4736 3461 4782 σου,
3524 4719 3697 4789 Κύριε
3733 4717 3827 4769 τῶν

2266 4820 2572 4890 δυνάμεων,
2603 4821 2630 4871 ὁ
2652 4817 2905 4888 βασιλεύς
2952 4833 3076 4887 μου.
3128 4813 3415 4883 Κρείσσων
3445 4810 3633 4881 ἡμέρα
3664 4809 3755 4880 μία
3776 4811 3827 4861 ἐν

2269 4916 2391 4967 ταῖς
2411 4912 2602 4975 αὐλαῖς
2631 4928 2726 4964 σου
2760 4907 3198 4980 ὐπὲρζχιλιάὸας.
3233 4926 3253 4959 ι

2346 5138 2364 5169 ι
2400 5117 2493 5187 Τῷ
2514 5119 2648 5186 οἴκῳ
2684 5134 2779 5170 σου
2849 5117 3049 5189 πρέπει
3078 5116 3351 5187 ἀνίασμα,
3379 5114 3577 5186 Κύριε,
3626 5116 3703 5175 εἰς
3729 5128 3823 5180 μα·

2268 5214 2511 5282 κρότητα
2534 5211 2566 5279 ἡ
2574 5226 2639 5280 με
2649 5210 2775 5277 ρῶν.
2818 5228 2835 5259 ι

2343 5342 2363 5374 ε
2396 5321 2681 5376 Εἰσὲλθετε
2728 5323 2807 5384 εἰς
2860 5322 2959 5385 τὰς
2996 5322 3169 5387 πύλας
3208 5321 3374 5376 αὐτοῦ
3415 5322 3475 5372 ὲν
3508 5317 3820 5390 ἐξομολοτή-

2269 5433 2373 5467 σει.
2409 5434 2427 5464 Ι

2345 5548 2365 5580 ι
2418 5528 2821 5597 ’Υψωσάτωσαν
2849 5530 3007 5583 αὐτὸν
3037 5531 3094 5581 ἐν
3124 5528 3388 5600 ἐκκλησίᾳ
3411 5527 3569 5583 λαοῦ.

2234 5746 2281 5800 ἦ
2347 5756 2365 5788 ι
2421 5738 2695 5804 Ἀνοίξατέ
2723 5756 2813 5807 μοι
2843 5740 3017 5809 πύλας
3069 5740 3438 5814 δικαιοσύνης,
3476 5735 3719 5793 εἰσελθὼν
3754 5734 3811 5785 ὲν

2268 5830 2473 5896 αὐταῖς,
2511 5848 2528 5880 ι
2568 5847 2619 5884 κ.
2645 5848 2693 5885 τ.
2727 5830 2775 5886 λ.
