3968 6400
118 366 267 434 1433

1384 374 1623 436 SACBA
1661 373 2121 435 PABALLELA.

3215 367 3354 436 1434

193 504 211 534 ι
252 484 581 556 Εὐφράνθην
614 486 707 540 ἐπὶ
732 489 846 552 τοῖς
864 488 1111 560 εἰρηκὸσι
1151 506 1263 561 μοι,
1293 490 1384 554 Εἰς
1403 484 1551 544 οἷκον
1576 491 1691 543 Κυ-

1867 486 2019 542 Ρειιί.
2055 504 2203 554 cm,
2253 494 2308 545 l.
2377 521 2445 533 —
2502 512 2521 545 ‹
2560 492 2802 547 Lanatus
2858 503 2978 544 sum
3034 488 3089 542 in
3121 489 3189 546 iis
3232 505 3353 560 qua:

116 575 244 644 ρίου
276 577 673 647 πορευσόμεθα.
710 600 729 631 ι

194 685 215 718 ί
253 667 454 739 Κύριος
474 670 530 721 ἐν
545 669 656 739 ναῷ
684 671 823 742 ἁγίῳ
844 671 1030 737 αὐτοῦ,
1054 671 1383 727 εὐλαϐείσθω
1402 672 1510 725 ἀπὸ
1524 688 1691 742 προσ-

114 758 272 811 ώπου
303 760 467 813 αὐτοῦ
485 763 633 815 πᾶσα
662 764 695 833 ἡ
721 763 809 834 γῆ.
840 783 859 816 ι

196 868 218 901 ι
284 852 514 923 Μεγάλη
582 855 735 908 ἔσται
790 858 823 926 ἡ
887 856 1013 922 δόξα
1059 856 1247 911 τούτου
1299 854 1394 909 τοῦ
1452 857 1603 910 οίκου
1655 855 1689 925 ή

114 938 331 1011 ἐσχάτη
388 942 527 1013 ὑπὲρ
580 944 681 1014 τὴν
714 945 957 1017 πρώτην,
1009 946 1159 1015 λέγει
1203 946 1462 1018 Κύριοςὸ
1491 961 1691 1001 παντο-ι

113 1048 369 1104 κρατωρ.
402 1054 419 1085 ι

200 1142 222 1175 ι
254 1124 457 1188 Δεῦτε,
521 1127 812 1200 ἀναδῶμεν
874 1133 955 1195 εἰς
1021 1132 1083 1185 τὸ
1131 1131 1257 1202 ὅρος
1306 1132 1545 1202 Κυρίου,
1591 1130 1690 1184 καὶ

112 1218 207 1283 εἰς
237 1220 327 1273 τὸν
358 1217 506 1275 οἶκον
566 1221 661 1275 τοῦ
696 1222 832 1278 Θεοῦ
885 1225 1099 1280 Ἰακώϐ.
1142 1225 1391 1295 Ἀγγελεῐ
1426 1228 1555 1298 ἡμῖν
1589 1227 1690 1297 τὴν

112 1311 245 1366 ὁδὸν
263 1314 449 1367 αὐτοῦ.
478 1335 498 1368 ι

199 1426 223 1461 ε
271 1409 329 1462 '0
353 1404 500 1474 οἶκός
535 1428 635 1482 μου
675 1407 825 1477 οἶκος
860 1412 1167 1483 προσευχῆς
1193 1412 1528 1484 κληθήσεται
1556 1414 1689 1467 πᾶσι

107 1501 237 1562 τοῖς
264 1500 493 1555 ἔθνεσιν.
528 1521 549 1553 ι

196 1607 219 1641 ι
271 1590 358 1653 Ὠς
417 1593 593 1662 μέγας
624 1595 652 1646 ὁ
683 1589 831 1657 οἶκος
862 1595 954 1647 τοῦ
1009 1594 1171 1661 Θεοῦ,
1227 1598 1321 1650 καὶ
1366 1597 1615 1668 εὐμήκης
1658 1599 1688 1651 ὁ

108 1684 288 1746 τόπος
324 1684 423 1755 τῆς
458 1685 687 1749 κτίσεως
716 1687 913 1741 αὐτοῦι
963 1689 1174 1757 Μέγας,
1202 1689 1297 1742 καὶ
1332 1690 1432 1742 οὐκ
1453 1689 1567 1761 ἔχει
1596 1706 1687 1743 τε·

107 1774 319 1844 λευτήν
337 1792 350 1804 ·
380 1776 581 1847 ὑψηλὸς
607 1779 699 1831 καὶ
719 1780 1047 1851 ἀμέτρητος.
1084 1800 1101 1831 ι

198 1886 219 1921 ι
258 1868 329 1921 Σὺ
361 1864 411 1921 εἷ
434 1869 662 1942 Πέτρος,
711 1872 806 1924 καὶ
838 1872 931 1924 ἐπὶ
962 1871 1137 1945 ταύτῃ
1165 1876 1230 1944 τῇ
1274 1874 1451 1945 πέτρᾳ
1480 1874 1687 1926 οἰκοδο-

112 1961 419 2033 μήσωιμου
452 1960 551 2034 τὴν
587 1962 937 2033 Ἐκκλησίαν,
991 1964 1083 2017 καὶ
1111 1963 1274 2017 πύλαι
1303 1964 1430 2037 ᾅδου
1469 1965 1532 2019 οὐ
1560 1981 1689 2019 κατ-

111 2054 437 2127 ισχύσουσιν
463 2055 659 2125 αὐτῆς.

250 2146 510 2218 Εἰσῆλθεν
564 2150 593 2201 ὀ
653 2148 864 2220 Ἰησοῦς
913 2151 993 2212 είς
1045 2148 1106 2202 τὸ
1137 2149 1302 2220 ἱερὸν,
1338 2149 1434 2202 καὶ
1462 2148 1685 2213 ἐξέϐαλε

108 2240 328 2302 ’πάντας
343 2240 468 2302 τοὺς
486 2239 801 2304 πωλοῦντας
817 2242 910 2296 καὶ
939 2241 1307 2312 ἀγοράζοντας
1345 2243 1403 2295 ὲν
1426 2241 1506 2311 τῷ
1536 2240 1684 2313 ἱερῷ,

106 2335 216 2387 καὶ
249 2333 346 2397 τὰς
367 2332 647 2404 τραπέζας
675 2333 785 2388 τῶν
836 2333 1201 2388 κολλυϐιστῶν
1241 2334 1556 2405 ἀνέτρεψεν,
1590 2336 1688 2389 καὶ

107 2430 216 2492 τὰς
240 2428 512 2499 καθέδρας
545 2427 653 2481 τῶν
684 2428 991 2481 πολούντων
1044 2427 1145 2491 τὰς
1191 2429 1542 2498 περιστεράς.
1579 2427 1688 2481 Καὶ

105 2522 265 2591 λέγει
294 2522 474 2584 αὐτοῖς
493 2541 508 2556 ο
534 2522 874 2591 Γέγραπται,
933 2521 990 2576 Ὀ
1018 2517 1166 2583 οἶκός
1202 2539 1305 2591 μου
1345 2518 1492 2585 οἶκος
1520 2539 1689 2594 προσ-

104 2614 285 2685 ευχῆς
342 2612 706 2684 κληθήσεται·
764 2614 923 2684 ὑμεῖς
983 2613 1039 2667 δὲ
1084 2615 1377 2686 ἐποιήσατε
1422 2615 1689 2685 σπήλαιον

105 2712 347 2785 λῃστῶν.
387 2732 407 2765 ι

191 2824 214 2858 ι
243 2806 333 2876 Μὴ
374 2805 552 2870 οἰκίας
589 2806 689 2859 οὐκ
737 2805 891 2876 ἔχετε
922 2808 1000 2868 είς
1026 2807 1085 2860 τὸ
1131 2804 1333 2859 ἐσθίειν
1362 2807 1455 2859 καί
1480 2806 1687 2871 πίνειν;

102 2900 149 2971 ἢ
177 2899 275 2968 τῆς
320 2898 643 2968 Ἐκκλησίας
655 2898 749 2952 τοῦ
766 2898 900 2953 Θεοῦ
919 2900 1348 2970 καταφρονεῖτες
1386 2899 1690 2953 Ἐπαινέσω

104 2994 296 3064 ὑμᾶς
332 2994 390 3047 έν
417 2992 628 3056 τούτοις
649 2993 750 3047 οὐκ
769 2993 998 3048 ἐπαινῶ.
1038 3013 1057 3046 ι

187 3087 487 3151 Εὐσεϐεῐας
538 3090 784 3159 σημεῖον,
823 3089 884 3141 τὸ
933 3089 1135 3159 συνεχῆ
1172 3090 1393 3163 μνήμην
1418 3089 1689 3143 ποιεῖσθαι

1793 583 2053 637 dixerunt
2078 584 2209 637 mihi
2239 602 2251 637 :
2297 582 2352 637 In
2385 584 2610 637 domum
2635 583 2850 637 Domini
2887 583 3107 638 ibimus.
3136 602 3155 635 ι

1864 680 2070 732 Ilabac.
2097 694 2155 741 ιι,
2186 678 2269 732 lt).
2310 708 2380 718 --
2406 697 2423 729 ι
2460 676 2729 732 Dominus
2790 678 2844 730 in
2903 675 3103 746 templo
3161 685 3359 732 sancto

1792 786 1914 834 suo,
1948 772 2137 826 timeat
2164 786 2194 824 ει
2226 772 2367 825 facie
2400 771 2519 841 ejus
2557 771 2736 825 omnis
2772 778 2939 825 terra.
2980 787 2998 822 ι

1868 861 2029 932 462
2057 861 2184 932 Agg.
2243 876 2304 922 ιι,
2330 862 2384 915 9.
2409 891 2476 901 -—
2510 880 2527 912 ι
2564 860 2751 930 Magna
2803 869 2888 915 est
2939 861 3112 930 gloria
3160 862 3357 918 donms

1791 954 1953 1010 istius
1972 955 2276 1010 novissima
2312 969 2476 1024 super
2506 955 2760 1024 primatu,
2797 953 2934 1008 dicit
2958 952 3220 1011 Dominus
3240 970 3357 1010 om-

1789 1049 2068 1116 nipotens.
2111 1066 2132 1099 ι

1864 1139 1998 1193 luti.
2031 1139 2165 1205 ",2.
2189 1170 2258 1180 —
2282 1156 2301 1188 ι
2342 1137 2556 1200 Venite.
2606 1139 2971 1195 ascendamus
3026 1139 3078 1193 in
3112 1148 3354 1195 montem

1790 1232 2028 1297 Domini,
2061 1242 2116 1288 et
2137 1232 2204 1287 ad
2235 1233 2458 1287 domum
2515 1231 2606 1288 Dei
2646 1232 2838 1289 Jacob.
2876 1233 3142 1289 ludicabit
3198 1234 3356 1289 nobis

1787 1326 1932 1380 viam
1964 1340 2139 1379 suam.
2176 1344 2196 1377 ι

1860 1417 2056 1474 Jerem.
2088 1436 2185 1484 vn,
2220 1419 2306 1474 ll.
2333 1449 2401 1460 —
2438 1437 2457 1471 ‹
2489 1419 2698 1475 Domus
2738 1434 2882 1478 mea.
2928 1419 3124 1477 domus
3149 1421 3356 1476 oratiu-

1794 1511 1882 1565 nis
1906 1510 2197 1565 vocabitur
2228 1508 2449 1564 cunctis
2473 1510 2752 1580 gentibus.
2785 1529 2804 1563 ι

1861 1602 2071 1657 Baruch
2105 1604 2200 1669 ιιιῗ,
2251 1602 2344 1658 24.
2376 1633 2447 1643 -
2485 1621 2504 1655 ι
2544 1602 2720 1670 Quam
2779 1619 2978 1675 magna
3036 1617 3121 1659 est
3159 1605 3357 1661 dooms

1794 1698 1910 1763 Dei,
1934 1706 1990 1753 et
2026 1699 2220 1768 ingens
2279 1697 2435 1753 locus
2501 1697 2874 1767 possessionis
2904 1697 3060 1769 eius!
3104 1698 3355 1771 Magnus.

1787 1799 1842 1845 et
1869 1804 1980 1845 non
2009 1790 2176 1846 habet
2205 1791 2390 1859 linem,
2431 1792 2691 1848 excelsus
2719 1800 2774 1847 et
2806 1792 3129 1849 immensus.

1858 1881 2053 1938 Matth.
2100 1899 2216 1949 χιιι,
2256 1884 2346 1938 l7.
2390 1913 2458 1923 —
2514 1903 2534 1937 ι
2575 1884 2655 1939 Tu
2697 1899 2756 1940 es
2811 1884 3031 1952 Petrus,
3087 1894 3141 1942 et
3190 1902 3359 1957 super

1791 1975 1934 2030 hanc
1964 1984 2178 2046 petram
2213 1976 2499 2031 aediﬁcabo
2535 1975 2837 2031 Ecclesium
2864 1992 3075 2044 meam;
3108 1990 3160 2032 et
3187 1988 3359 2049 portae

1790 2068 1951 2122 inferi
1988 2083 2097 2123 non
2137 2069 2512 2138 prmvalebunt
2544 2068 2815 2124 adversus
2840 2084 2982 2125 eam.
3028 2088 3047 2122 ι

1860 2163 2051 2218 Matth.
2072 2180 2187 2231 XXI,
2230 2164 2491 2224 15.14.-
2516 2182 2534 2215 ι
2564 2162 2850 2233 Ingressus
2873 2173 2953 2219 est
2970 2162 3133 2220 Jesns
3169 2180 3201 2218 ιι
3221 2175 3360 2219 ιεηι-

1789 2259 1962 2328 plum,
1991 2264 2047 2311 et
2078 2256 2240 2325 ejecit
2270 2271 2465 2311 omnes
2487 2254 2786 2312 vendentes
2799 2264 2851 2311 et
2871 2264 3116 2311 ementes
3148 2258 3200 2311 in
3221 2266 3360 2312 tem-

1790 2349 1881 2417 plo
1910 2364 1924 2399 :
1953 2355 2009 2401 et
2046 2361 2265 2402 mensas
2305 2347 2802 2400 nummulariorum
2832 2346 3048 2411 evertit,
3087 2355 3142 2401 et
3170 2347 3360 2402 cathe-

1788 2442 1916 2495 dras
1945 2439 2299 2495 vendentium
2332 2438 2638 2495 columbas.
2668 2438 2890 2493 Etdixit
2922 2438 3003 2494 eis
3030 2458 3045 2494 :
3080 2437 3356 2509 Scriptum

1788 2538 1875 2586 est
1904 2549 1917 2586 :
1955 2529 2159 2585 Domus
2180 2545 2324 2595 mea,
2360 2528 2559 2585 domus
2596 2530 2865 2584 orationis
2910 2529 3213 2583 vocabitur.
3248 2527 3359 2585 Vos

1788 2632 1968 2679 autem
1996 2623 2207 2679 fecistis
2230 2639 2353 2679 eam
2383 2623 2702 2695 speluncam
2726 2621 3020 2676 latronum.
3055 2642 3074 2674 ι

1860 2716 1888 2770 1
1921 2716 2043 2772 Cor.
2077 2733 2139 2779 ιι,
2165 2715 2256 2770 22.
2281 2748 2350 2759 ——
2390 2734 2410 2767 ι
2444 2713 2704 2785 Nunquid
2764 2713 2956 2770 domos
2998 2729 3109 2768 non
3143 2713 3360 2769 habetis

1790 2812 1856 2865 ad
1903 2810 2347 2865 manducandum
2397 2818 2453 2864 et
2513 2807 2868 2863 bibendum?
2906 2814 3001 2861 aut
3050 2805 3358 2862 Ecclesiam

1789 2903 1885 2960 Dei
1909 2903 2306 2960 contemnitis?
2332 2901 2589 2957 Laudabo
2613 2900 2747 2956 vos?
2772 2901 2827 2954 in
2860 2900 2965 2956 hoc
2998 2917 3108 2957 non
3134 2900 3354 2955 laudo.»

1863 3089 1920 3143 S.
1957 3089 2228 3159 Chrysost.
2264 3120 2331 3128 —
2361 3087 2589 3142 Pietatis
2615 3096 2993 3157 argumentum
3014 3095 3116 3149 est,
3142 3085 3361 3141 assidue

103 3182 228 3236 τῶν
280 3182 566 3254 θειοτέρων
623 3182 827 3244 τόπων,
875 3184 970 3235 καὶ
1012 3181 1072 3233 τὸ
1111 3185 1345 3245 πυκναῖς
1374 3182 1681 3248 ὲντεύξεσιν

1816 3191 1973 3237 aucta
2022 3184 2139 3236 loca
2174 3182 2436 3235 memoria
2486 3194 2731 3243 versare,
2765 3188 2819 3233 et
2851 3178 3061 3233 crebris
3105 3178 3360 3249 precibus

105 3276 457 3343 ἐξιλεοῦσθαι
506 3276 595 3329 τὸν
653 3275 804 3328 Θεὸν.
868 3274 1126 3327 Βούλεται
1162 3274 1271 3343 γὰρ
1305 3275 1433 3338 τούς
1476 3271 1687 3344 ἀνθρὼ-

106 3386 256 3431 πους
300 3370 329 3422 ὁ
379 3366 510 3430 Θεὸς
560 3366 692 3437 περὶ
737 3366 866 3427 τοὺς
908 3365 1017 3419 τῶν
1079 3365 1248 3434 ἁγίων
1274 3365 1437 3419 οἴκων
1463 3364 1689 3432 λιμένας

106 3458 573 3530 καθορμίξεσθαι.

190 3553 266 3604 Τὸ
299 3550 684 3623 θυσιαστήριον
713 3549 964 3621 οὐράνιός
999 3553 1114 3604 ἐστι
1151 3551 1423 3623 τράπεζα,
1481 3553 1549 3607 τά
1582 3550 1690 3606 ἀπὸ

106 3642 226 3710 γῆς
255 3641 562 3711 δεχόμενον,
624 3641 720 3693 καὶ
770 3641 986 3711 οὐρανῷ
1031 3639 1418 3711 παραπέμπων
1443 3656 1456 3669 ’
1498 3639 1559 3691 τὸ
1595 3638 1690 3692 ἀπ’

105 3735 367 3805 οὐρανῶν
390 3734 700 3805 δεχόμενον,
767 3735 862 3788 καὶ
908 3737 975 3805 τῇ
1021 3732 1416 3805 γῇχορηγοῦνο
1459 3733 1550 3785 ἐπὶ
1588 3732 1691 3800 γῆς

109 3827 542 3898 ὲρηρεισμένον,
574 3826 669 3880 καὶ
689 3825 767 3896 τῷ
792 3827 904 3889 ἄνω
938 3824 1342 3896 παρακείμενον
1363 3823 1559 3895 θρόνῳ.
1583 3822 1691 3874 Θυο

111 3917 443 3987 σιαστήριον
474 3915 584 3989 γάρ
636 3917 821 3980 αὐτοῖς
878 3914 1109 3986 φοϐερὸν
1141 3917 1252 3977 τοῖς
1280 3914 1555 3983 ἀγγέλοις,
1581 3916 1693 3976 τοῖς

107 4011 221 4081 τὴν
249 4010 497 4081 οὐράνιον
535 4007 1002 4079 ύπερπετομένοις
1028 4007 1211 4076 ἁψῖδα.

206 4101 340 4153 Ἀπὸ
366 4100 465 4170 τῆς
490 4101 732 4171 πλευρᾶς
758 4099 869 4172 ἄρα
898 4101 1001 4170 τὴν
1041 4098 1372 4167 Ἐκκλησίαν
1402 4095 1695 4167 ἐδημιούρ-

109 4209 295 4263 γησεν
327 4194 356 4245 ὁ
386 4192 641 4262 Χριστὸς,
695 4191 949 4261 καθάπερ
1007 4190 1117 4243 ἀπὸ
1167 4192 1268 4260 τῆς
1322 4188 1560 4258 πλευρᾶς
1598 4186 1693 4240 τοῦ

128 4288 308 4357 Ἀδάμ
332 4288 430 4356 τὴν
464 4282 606 4340 Εὕαν
637 4277 916 4353 ἐποίησεν.
938 4282 1038 4336 Διὰ
1066 4282 1226 4335 τοῦτο
1249 4280 1463 4343 Ιῖαῦλὸς
1490 4295 1656 4349 φησιν
1675 4294 1690 4308 ·

128 4381 241 4433 Ἐκ
269 4375 380 4445 τῆς
403 4377 630 4444 σαρκὸς
659 4375 866 4439 αὑτοῦ,
896 4373 995 4427 καὶ
1020 4373 1089 4426 ἐκ
1112 4371 1230 4425 τῶν
1255 4369 1483 4425 ὀστέων
1510 4368 1695 4423 αὐτοῦ

114 4472 335 4540 ἐσμεν,
358 4469 457 4538 τὴν
483 4466 727 4538 πλευρὰν
757 4465 1148 4533 αἰνιττόμενος.
1183 4463 1400 4532 ’Ὠσπερ
1432 4462 1541 4531 γὰρ
1574 4460 1695 4513 τότε

116 4562 289 4618 ἔλαϐε
322 4562 419 4632 τὴν
443 4561 685 4632 πλευράν
728 4560 755 4612 ὁ
784 4558 937 4619 Θεὸς,
962 4557 1057 4609 καὶ
1084 4554 1284 4608 ἔπλασε
1318 4553 1417 4623 τὴν
1440 4555 1691 4620 γυναῖκα,
1726 4545 1771 4599 D

112 4657 301 4720 οὕτως
352 4656 552 4709 ἔδωκεν
603 4655 736 4722 ἡμῖν
800 4646 941 4721 αἷμα
986 4650 1080 4702 καὶ
1108 4646 1252 4717 ὕδωρ
1279 4648 1344 4699 ἐκ
1382 4645 1482 4715 τῆς
1526 4645 1696 4698 αὐτοῦ

113 4753 392 4821 πλευρᾶς,
433 4752 527 4802 καὶ
558 4748 832 4801 ἀνέπλασε
856 4747 956 4817 τὴν
1002 4743 1353 4813 Ἐκκλησίαν.
1377 4740 1487 4795 Καὶ
1508 4740 1698 4809 ῶσπερ

114 4846 251 4899 τότε
286 4845 343 4895 ἐν
391 4842 647 4895 ἐκστάσει
701 4839 857 4893 ἔλαϐε
905 4838 1004 4909 τὴν
1053 4835 1293 4906 πλευρὰν
1346 4833 1698 4895 καθεύδοντος

111 4937 223 4992 τοῦ
264 4935 457 5007 Ἀδάμ,
488 4933 630 4986 οὐτω
663 4933 757 4986 καὶ
785 4932 881 4984 νῦν
928 4930 1077 5000 μετὰ
1093 4928 1319 4982 θάνατον
1346 4929 1406 4979 τὸ
1435 4921 1574 4997 αἷμα
1603 4924 1699 4977 καὶ

111 5034 185 5085 τὸ
217 5028 364 5100 ὓδωρ
401 5028 658 5094 δέδωκεν,
687 5026 783 5080 καὶ
811 5025 949 5095 ὅπερ
977 5023 1098 5076 τότε
1126 5022 1381 5084 ἔκστασις
1419 5016 1507 5090 ἦν,
1539 5018 1699 5072 τοῦτο

112 5126 225 5181 νῦν
248 5124 498 5186 θάνατος.

196 5216 467 5287 Καθάπερ
496 5216 719 5286 λιμένας
770 5216 829 5268 ὲν
872 5215 1122 5282 πελάγει,
1167 5212 1308 5265 οὕτω
1354 5212 1455 5275 τὰς
1504 5211 1700 5282 ἐκκλη-

119 5314 256 5373 σίας
292 5312 351 5365 ὲν
403 5311 626 5364 πόλεσιν
674 5310 873 5379 ἔπηξεν
906 5312 933 5362 ὁ
959 5308 1112 5371 Θεὸς,
1144 5307 1229 5359 ἵνα
1267 5305 1376 5358 ἀπὸ
1403 5309 1504 5376 τῆς
1530 5305 1700 5374 ζάλης

117 5406 243 5458 τῶν
274 5402 540 5473 βιωτικῶν
571 5404 911 5472 πραγμάτων
933 5399 1168 5456 ἐνταῦθα
1191 5400 1505 5471 φεύγοντες,
1534 5397 1701 5467 γαλή-

116 5513 229 5565 νης
255 5494 638 5564 ἀπολαύωμεν.
671 5492 806 5547 Οὐδὲ
833 5492 943 5563 γὰρ
977 5492 1236 5562 κυμάτων
1282 5491 1428 5543 ἔστιν
1468 5486 1703 5543 ἐνταῦθα

119 5586 542 5654 καταφυγόντες
595 5586 768 5638 δεῖσαι
809 5582 1189 5655 καταδρομὴν,
1258 5583 1317 5637 οὐ
1377 5581 1701 5652 κακουργῶν

121 5678 342 5748 ἔφοδον,
391 5679 451 5732 οὐ
504 5678 833 5748 πνευμάτων
889 5677 1030 5748 βίας,
1076 5677 1136 5730 οὐ
1176 5676 1383 5746 θηρίων
1419 5674 1699 5737 ἐπιϐολάς.

124 5772 315 5841 Λιμὴν
337 5774 445 5842 γάρ
470 5774 588 5825 ἐστι
627 5772 831 5827 τούτων
871 5772 1088 5825 πάντων
1130 5771 1567 5839 ἀπηλλαγμένος.
1608 5767 1703 5819 Λι-

132 5864 248 5936 μὴν
276 5863 387 5918 άοα
432 5863 551 5919 ἐστὶ
610 5863 799 5934 ψυχῶν
848 5866 881 5933 ἠ
931 5862 1243 5920 Ἐκκλησία.
1273 5864 1456 5920 Πάντα
1482 5862 1590 5933 γὰρ
1617 5861 1702 5916 διὰ

1789 3274 1958 3330 Deum
1994 3276 2232 3341 placare.
2264 3271 2395 3327 Vult
2434 3272 2580 3326 enim
2636 3271 2780 3326 Deus
2828 3270 3081 3326 homines
3128 3271 3193 3323 ad
3226 3278 3363 3324 tem-

1790 3369 2007 3440 plorum
2054 3377 2249 3437 portus
2284 3367 2635 3422 continenter
2667 3365 2962 3436 appellere.

1861 3552 2138 3621 Ejusdem.
2162 3581 2232 3592 —
2264 3552 2454 3605 Altarc
2503 3550 2751 3605 caelestis
2780 3556 2864 3604 est
2918 3565 3132 3612 mensa,
3167 3549 3221 3603 in
3251 3564 3362 3619 quo

1792 3656 2008 3698 terrena
2033 3646 2174 3697 dona
2229 3643 2592 3712 recipiuntur,
2651 3651 2705 3695 et
2743 3642 2795 3695 in
2837 3642 3038 3695 cmlum
3072 3642 3361 3695 transmit-

1793 3746 1985 3789 tuntur
2009 3755 2024 3804 ;
2050 3737 2299 3791 emlestia
2333 3751 2575 3804 superne
2602 3734 2937 3807 suscipiens,
2962 3743 3017 3789 et
3048 3742 3205 3787 terra:
3227 3733 3361 3787 sub-

1796 3831 2118 3884 ministrans
2153 3846 2165 3880 :
2200 3830 2253 3883 in
2295 3838 2443 3882 terra
2476 3829 2666 3892 fixum,
2698 3836 2753 3881 et
2792 3827 3003 3882 cmlcsti
3046 3828 3245 3882 throno
3269 3827 3362 3879 ad-

1790 3918 2006 3989 jacens.
2032 3919 2222 3975 Altare
2248 3922 2391 3974 cnim
2448 3920 2654 3989 angelis
2694 3919 2849 3988 ipsis,
2911 3920 3003 3988 qui
3041 3935 3205 3988 supra
3238 3918 3363 3974 coeli

1794 4028 1949 4065 axem
1982 4014 2193 4076 volant,
2218 4011 2568 4065 formidabile
2602 4018 2708 4065 est.

1867 4103 2146 4173 Ejusdem,
2171 4104 2355 4157 homiL
2390 4104 2458 4156 ad
2516 4103 2840 4173 neaphyt.-—
2874 4102 3129 4157 Christus
3166 4102 3234 4156 de
3261 4117 3364 4155 suo

1795 4195 1967 4249 latere
2012 4194 2312 4248 Ecclesiam
2345 4192 2624 4260 condidit,
2679 4192 3141 4262 quemadmodum
3200 4191 3360 4244 Evam

1795 4306 1859 4343 ex
1913 4289 2085 4341 latere
2124 4287 2297 4340 Adam
2351 4286 2739 4340 fabricaverat.
2774 4283 2926 4339 Unde
2971 4286 3131 4338 etiam
3164 4283 3363 4338 Paulus

1796 4382 1874 4435 ait
1908 4399 1921 4434 :
1959 4379 2045 4432 Ea:
2077 4396 2235 4433 carne
2266 4380 2475 4447 eius,'et
2498 4395 2563 4432 ea:
2584 4379 2788 4435 ossibus
2804 4379 2917 4446 eius
2940 4394 3120 4433 sumus
3149 4377 3361 4446 (Ep/tes.

1797 4490 1856 4536 ν,
1917 4472 2034 4542 50),
2083 4473 2227 4527 latus
2279 4471 2535 4525 videlicet
2588 4470 2973 4525 subindicans.
3028 4468 3162 4522 Nam
3220 4469 3365 4523 velut

1800 4575 1932 4619 tunc
1967 4564 2105 4619 Deus
2165 4574 2374 4619 costam
2430 4563 2686 4631 sumpsit,
2716 4577 2780 4615 ac
2826 4562 3080 4615 feminam
3118 4560 3363 4625 efﬂuxit;

1799 4659 1880 4714 sic
1908 4658 2068 4712 nobis
2101 4657 2425 4726 sanguinem
2460 4664 2515 4708 et
2547 4668 2742 4721 aquam
2763 4653 2913 4705 dedit
2943 4670 3008 4707 ex
3050 4654 3217 4708 latere
3241 4668 3363 4715 sum,

1798 4758 1852 4806 et
1904 4750 2210 4804 Ecclesiam
2262 4746 2544 4801 formavit.
2602 4745 2667 4799 Et
2714 4745 3173 4814 quemadmodum
3236 4756 3364 4799 tunc

1799 4851 2010 4899 costam
2063 4843 2120 4896 in
2176 4842 2268 4896 illo
2304 4856 2503 4910 sapore
2542 4839 2868 4893 dormientis
2899 4840 3070 4892 Adam
3098 4841 3309 4909 accepit
3348 4856 3360 4891 :

1800 4936 1875 4989 ita
1900 4950 2045 4988 nunc
2076 4948 2296 5004 quoque
2324 4943 2450 5003 post
2474 4939 2699 4986 mortem
2724 4932 3047 5003 sanguinem
3077 4940 3129 4985 et
3170 4945 3362 4999 aquam

1800 5028 1968 5084 dedit.
2018 5026 2152 5081 Nam
2196 5026 2341 5096 quod
2368 5034 2503 5079 tunc
2534 5040 2701 5095 sopor
2724 5034 2864 5091 erat,
2900 5024 3004 5079 hoc
3026 5026 3079 5076 in
3110 5022 3363 5093 praesenti

1801 5134 1951 5173 IIIOI'S
1980 5126 2086 5173 est.

1873 5210 2148 5279 Ejusdem.
2190 5239 2260 5248 —-
2290 5208 2761 5274 Quemadmodum
2802 5203 3165 5275 portusjuxta
3192 5216 3361 5268 mare,

1802 5304 1965 5359 sicin
2011 5304 2241 5358 urbibus
2290 5302 2571 5357 Ecclesias
2611 5301 2801 5356 statuit
2846 5299 3014 5359 Deus,
3048 5304 3109 5349 ut
3137 5310 3166 5349 a
3202 5311 3367 5367 nego-

1803 5397 2005 5450 tiorum
2032 5397 2262 5467 hujusce
2315 5395 2440 5448 vita:
2490 5393 2749 5446 ﬂuctibus
2815 5390 2919 5442 huc
2962 5388 3363 5459 confugientes,

1801 5490 2206 5560 tranquillitate
2259 5490 2627 5560 perfruamur.
2688 5489 2877 5560 Neque
2933 5488 3077 5543 enim
3142 5486 3211 5542 iis
3270 5486 3365 5556 qui

1804 5584 1938 5639 illuc
1974 5584 2353 5653 confugerint,
2396 5583 2655 5639 fluctuum
2698 5584 2936 5651 impetus
2970 5582 3364 5652 pertimescen-
3402 5635 3412 5661 ζ

1802 5678 1907 5735 dus
1961 5686 2068 5743 est,
2113 5693 2223 5732 non
2268 5676 2591 5747 prtedonum
2630 5676 2895 5739 assultus,
2925 5690 3031 5729 non
3054 5674 3139 5729 vis
3171 5682 3364 5727 vento-

1804 5785 1948 5828 rum.
1973 5784 2083 5823 non
2118 5767 2454 5822 belluarum.
2476 5765 2675 5820 Portus
2706 5766 2905 5835 quippe
2935 5774 3017 5820 cst
3043 5764 3111 5819 ab
3134 5763 3225 5817 his
3247 5776 3365 5814 om-

1805 5863 1971 5920 nibus
2004 5862 2281 5925 immunis.
2338 5859 2476 5914 Nam
2522 5866 2715 5929 portus
2765 5858 3074 5914 animorum
3118 5852 3380 5931 Ecclesia
