4052 6430
528 400 551 465 1
575 398 668 461 £35

1720 400 1778 457 S.
1816 396 2132 459 JOANNIS
2170 394 2597 457 DAMASCENI

3670 391 3790 457 H36

523 519 632 565 est.
682 509 787 566 Per
823 510 967 566 hanc
1036 510 1308 581 siquidem
1361 511 1491 566 ferte
1532 526 1723 565 omnes
1781 522 2109 579 compressae

2214 507 2417 578 ταύτης
2459 504 2770 573 κατεστάλη
2822 502 2893 557 τά
2943 502 3127 575 θηρία,
3175 504 3430 575 καθάπερ
3462 504 3617 568 θείας
3656 506 3794 560 τινὸς

528 611 663 656 sunt
700 621 713 657 :
754 604 904 659 velut
933 604 1195 658 nimirum
1219 604 1591 658 iucantotione
1621 600 1881 672 quadam,
1905 600 2111 654 divina-

532 710 658 749 rum
714 695 1134 767 Scripturarum
1187 695 1473 751 auditione
1522 708 1619 764 per
1678 693 2112 762 uniuscujusque

534 803 721 843 aurem
752 789 807 843 in
840 789 1086 843 animum
1120 787 1408 852 influente,
1436 802 1639 856 easque
1668 802 1697 840 a
1726 787 1936 841 ratione
1958 800 2113 839 aver-

536 896 629 934 sas
662 880 983 936 aﬂeetiones
1014 879 1393 949 consomente.

609 969 666 1026 S.
699 971 974 1041 Chrysost.
997 970 1183 1025 homil.
1206 972 1258 1022 in
1280 969 1430 1023 Psal.
1453 985 1595 1033 ιιιιν,
1625 971 1689 1023 de
1722 967 1945 1033 Eutrop.
1965 965 2114 1021 —Ne

534 1062 791 1120 discedas
812 1066 880 1119 ab
908 1062 1171 1117 Ecclesia.
1199 1060 1343 1115 Nihil
1381 1062 1623 1117 Ecclesia
1646 1062 1937 1116 valentius.
1961 1060 2116 1131 Rupe

538 1155 729 1210 fortior
754 1165 874 1221 est;
910 1154 1073 1208 latior
1098 1162 1184 1209 est
1218 1153 1381 1209 caalo.
1429 1153 1601 1219 Quem
1629 1152 1773 1207 enim
1824 1167 1923 1207 nec
1957 1167 2117 1220 supe-

535 1251 706 1312 riora,
738 1264 839 1303 nec
868 1247 1130 1311 inferiora
1184 1262 1380 1317 capere
1431 1254 1704 1317 poterant,
1745 1247 1893 1301 hunc
1926 1252 2117 1301 venter

537 1342 726 1411 erepit,
760 1355 862 1395 nec
888 1347 1158 1411 angustus
1176 1347 1432 1411 repertus
1462 1349 1567 1396 est.
1608 1338 1905 1409 Nunquam
1932 1352 2121 1393 senes-

536 1435 613 1488 cit
642 1432 902 1497 Ecclesia,
922 1431 1018 1488 sed
1049 1447 1263 1502 semper
1300 1433 1466 1503 viget.
1488 1432 1598 1487 Cur
1617 1432 1777 1504 4.63
1809 1446 1926 1486 eam
1967 1428 2119 1484 Scri—

536 1532 697 1589 ptura
755 1531 991 1576 montem
1029 1522 1368 1592 appellavit?
1412 1523 1602 1593 utique
1633 1524 1761 1593 quia
1810 1521 1978 1577 everti
2011 1536 2120 1575 non

536 1623 739 1683 potest.
777 1613 920 1681 Quin
948 1615 1089 1669 hanc
1122 1630 1340 1685 quoque
1394 1628 1601 1686 petram
1635 1626 1833 1680 vocat,
1869 1616 1996 1685 quia
2040 1616 2121 1668 la-

536 1706 799 1763 befactari
832 1710 1047 1778 nequit.

537 1824 671 1880 TIT.
707 1823 821 1881 Vll.
854 1824 1014 1878 —-De
1045 1826 1324 1887 oratione;
1356 1834 1404 1878 et
1425 1836 1624 1895 quanta
1652 1824 1764 1893 ejus
1794 1839 1953 1893 opera
1983 1837 2106 1889 per-

1183 1896 1457 1963 ﬁciuntur.

613 1987 783 2042 Exod.
815 2005 886 2053 ix,
915 1989 1003 2042 55.
1037 2020 1105 2027 —-
1133 2007 1151 2038 ‹
1178 1988 1452 2058 Egressus
1506 1988 1721 2059 Moyses
1752 2002 1781 2041 a
1822 1986 2111 2041 Pharaone

534 2096 603 2134 ex
661 2080 815 2144 urbe,
872 2080 1103 2135 tetendit
1160 2095 1352 2135 manus
1405 2095 1535 2136 suas
1585 2080 1651 2134 ad
1702 2079 2015 2144 Dominum,
2059 2088 2114 2135 et

534 2187 892 2234 cessaverunt
919 2194 1082 2233 voces
1112 2187 1165 2233 et
1200 2178 1427 2248 grando.

600 2269 785 2324 Judic.
810 2285 925 2334 xvi,
958 2271 1150 2325 28-50.
1178 2301 1247 2310 --
1268 2291 1285 2321 ι
1323 2270 1593 2324 Clamavit
1624 2269 1861 2325 Samson
1903 2270 1968 2323 ad
2004 2270 2109 2323 Do-

535 2363 768 2425 minum,
799 2371 853 2417 et
891 2363 1028 2416 dixit
1059 2382 1073 2417 :
1104 2363 1332 2417 Domine
1368 2361 1532 2427 Deus,
1568 2372 1842 2417 memento
1880 2363 1983 2417 mei
2008 2363 2110 2417 hac

535 2469 643 2506 una
667 2454 805 2516 vice,
846 2462 901 2507 et
932 2453 1234 2508 retribuam
1300 2454 1720 2508 retributionem
1784 2468 1947 2507 unam
2012 2469 2109 2523 pro

532 2541 752 2598 duobus
799 2544 978 2598 oculis
1049 2544 1186 2598 meis
1256 2544 1569 2615 allophylis.
1638 2544 1702 2598 Et
1749 2547 2109 2615 apprehendit

536 2635 770 2690 Samson
801 2636 990 2691 ambas
1018 2636 1306 2691 columnas
1329 2635 1561 2700 medias,
1597 2637 1800 2706 quibus
1834 2638 2109 2692 inniteba-

534 2736 628 2782 tur
648 2730 868 2795 domus,
892 2738 946 2785 et
968 2729 1106 2784 dixit
1144 2745 1157 2782 :
1197 2729 1464 2783 Moriatur
1495 2730 1674 2783 anima
1713 2745 1831 2784 mea
1863 2745 1989 2784 cum
2025 2731 2107 2783 al-

535 2822 805 2894 lophylis;
836 2830 890 2878 et
921 2823 1125 2878 cecidit
1154 2822 1376 2887 domus,
1412 2823 1696 2892 multoque
1720 2822 1902 2892 plures
1936 2823 2107 2878 inter-

535 2916 662 2971 fecit
694 2932 858 2987 quam
900 2916 1328 2972 interleceratin
1353 2917 1464 2970 vita
1506 2932 1627 2970 sua.
1673 2934 1691 2966 ι

607 3009 667 3063 II
696 3010 889 3067 Paral.
926 3026 1100 3073 χχχιι,
1134 3011 1224 3065 20.
1266 3041 1337 3054 —
1373 3030 1393 3062 ι
1430 3009 1615 3065 Oravit
1663 3009 1928 3067 Ezechias
1988 3026 2106 3075 rex,

534 3109 590 3155 et
646 3102 799 3158 misit
850 3100 1121 3156 Dominus
1180 3102 1453 3172 angelum,
1502 3101 1597 3171 qui
1641 3102 1862 3157 extrivit
1892 3117 2105 3157 omnem

2212 600 2446 671 ὲπῳδῆς,
2481 599 2582 667 τῆς
2608 596 2719 650 τῶν
2749 595 2911 649 θείων
2959 594 3192 666 Γραφῶν
3230 596 3551 667 ἀκροάσεως
3582 594 3671 647 διὰ
3702 597 3795 665 τῆς

2213 695 2383 763 ἀκοῆς
2411 692 2641 746 ἑκάστου
2674 691 2809 762 πρὸς
2867 688 2966 758 τὴν
3003 688 3183 760 ψυχὴν
3226 687 3526 758 εἰσιούσης,
3558 686 3653 741 καὶ
3687 704 3795 740 κοι-

2218 783 2487 855 μιζούσης
2513 783 2688 838 ταῦτα
2720 781 2788 835 τὰ
2814 781 2987 849 ἄλογα
3005 780 3176 852 πάθη.

2286 968 2377 1039 Μὴ
2422 968 2628 1039 ἀπέχου
2687 966 2796 1021 ἀπὸ
2850 966 3179 1037 Ἐκκλησίας
3205 980 3221 998 ⁸
3268 966 3422 1019 οὐδὲν
3466 965 3797 1036 Ἐκκλησὶεις

2221 1062 2588 1133 ἰσχυρότερον.
2622 1061 2733 1131 Τῆς
2758 1059 2965 1130 πέτρας
2993 1060 3326 1131 ἰσχυροτέρα
3350 1058 3489 1124 ἐστὶ,
3518 1058 3615 1111 τοῦ
3635 1058 3795 1127 ούρα-

2218 1154 2308 1207 νοῦ
2344 1153 2654 1225 ὑψηλοτέρα
2683 1152 2822 1218 ἐστὶ,
2876 1151 2977 1221 τῆς
3005 1151 3109 1220 γῆς
3142 1149 3459 1220 πλατυτέρα
3495 1146 3665 1201 ἐστίν.
3705 1149 3798 1200 Ὀν

2219 1248 2328 1316 γὰρ
2361 1246 2462 1300 οὐκ
2490 1245 2739 1317 ἐχώρησε
2789 1244 2857 1297 τὰ
2884 1244 2995 1298 ἄνω
3019 1244 3115 1296 καὶ
3144 1242 3213 1295 τὰ
3251 1242 3421 1305 κάτω,
3451 1241 3669 1310 γαστὴρ
3700 1240 3798 1293 οὐκ

2218 1338 2626 1409 ὲστενοχωρήθη
2647 1337 2797 1409 χωρή
2807 1354 2967 1390 σασα.
2990 1334 3259 1389 Οὐδέποτε
3273 1335 3441 1406 γηρᾷ,
3463 1332 3604 1387 ἀλλὰ
3621 1333 3798 1385 πάντα

2221 1428 2480 1500 ἀκμάζει.
2514 1430 2611 1484 Διὰ
2634 1429 2685 1483 τί
2718 1430 2843 1501 ὅρος
2863 1430 3035 1500 αὐτὴν
3064 1428 3325 1484 ἐκάλεσεν
3360 1428 3392 1498 ἡ
3437 1426 3669 1496 Γραφή;
3703 1426 3797 1478 Διὰ

2221 1524 2281 1576 τὸ
2305 1523 2728 1594 ἀπερίτρεπτον.
2763 1524 2871 1577 Καὶ
2929 1522 3137 1593 πέτραν
3185 1521 3338 1575 καλεῖ
3386 1519 3578 1589 αὐτὴν,
3615 1519 3703 1571 διὰ
3739 1519 3795 1571 τὸ

2222 1616 2475 1689 ἄφθορον.

2225 1827 2404 1880 ΤΙΤΛ.
2460 1826 2536 1881 Z'.
2590 1825 2830 1895 -Περὶ
2872 1823 3093 1894 εὐχῆςο
3149 1826 3257 1895 καὶᾷ
3299 1823 3417 1877 ὅσα
3473 1818 3548 1873 δι’
3607 1817 3794 1888 εὐχῆς

2711 1893 3136 1965 κατορθοῦνται
3156 1893 3315 1963 ὑμῖν.

2288 2009 2305 2041 ι
2350 1990 2569 2060 Ἐξῆλθε
2624 1991 2827 2062 Μωσῆς
2880 1989 2986 2043 ἀπὸ
3038 1986 3239 2059 Φαραὼ
3276 1986 3380 2051 ἔξω
3406 1984 3511 2054 τῆς
3552 1983 3778 2047 πόλεως,

2212 2087 2305 2140 καὶ
2338 2085 2632 2151 ἐξεπέτασε
2677 2085 2777 2149 τὰς
2833 2087 3023 2157 χεῖρας
3055 2082 3220 2138 αὐτοῦ
3274 2081 3411 2152 πρὸς
3438 2081 3667 2153 Κύριον,
3698 2081 3789 2135 καὶ

2212 2180 2517 2233 ἐπαύσαντο
2542 2180 2596 2233 ai
2628 2179 2807 2249 φωναὶ
2836 2178 2933 2232 καὶ
2966 2180 2999 2249 ἠ
3031 2175 3262 2247 χάλαζα.
3298 2195 3315 2227 ι

2285 2290 2305 2322 ι
2352 2272 2640 2343 Ἀνεϐόησε
2698 2270 2937 2342 Σαμψὼν
2984 2271 3120 2341 πρὸς
3174 2268 3378 2341 Κύριον
3406 2308 3421 2333 ,
3482 2268 3580 2321 καὶ⁵
3633 2262 3786 2319 εἶπε’

2210 2367 2405 2439 Κύριε,
2459 2367 2726 2439 μνήσθητι
2760 2367 2824 2438 δή
2861 2384 2964 2437 μου
3003 2364 3067 2419 τὸ
3127 2363 3275 2429 ἅπαξ
3304 2363 3484 2426 τοῦτο,
3526 2362 3623 2416 καὶ
3670 2364 3791 2415 ἀντ-

2211 2459 2478 2514 αποδώσω
2511 2460 2868 2515 ἀνταπόδοσιν
2905 2460 3034 2531 μίαν
3062 2459 3190 2530 περὶ
3223 2457 3329 2512 τῶν
3361 2457 3455 2510 δύο
3498 2454 3793 2525 ὀφθαλμῶν

2214 2570 2314 2622 μου
2347 2555 2455 2615 τοῖς
2484 2551 2829 2621 ἀλλοφύλοις.
2879 2552 2989 2606 Kal
3040 2549 3333 2623 περιέλαϐε
3383 2548 3625 2620 Σαμψὼν
3671 2549 3792 2611 τοὺς

2209 2643 2302 2697 δύο
2330 2642 2552 2706 στύλους
2574 2644 2699 2707 τοὺς
2730 2644 3051 2714 μέσους,ὲφ’
3068 2640 3150 2706 οἷς
3182 2644 3210 2695 6
3236 2632 3382 2705 οἶκος
3408 2640 3790 2710 ὲπεστήρικτο.

2212 2734 2305 2787 καὶ
2336 2730 2488 2787 εἶπεν
2511 2751 2529 2767 ·
2570 2734 2915 2789 Ἀποθανέτω
2946 2737 2979 2804 ἡ
3004 2734 3150 2804 ψυχή
3192 2752 3293 2803 μου
3328 2731 3466 2803 μετὰ
3501 2732 3613 2784 τῶν
3640 2731 3788 2783 ἀλλο-

2212 2825 2412 2894 φύλων.
2448 2826 2559 2879 Kal
2585 2826 2779 2879 ἔπεσεν
2831 2828 2859 2879 6
2916 2822 3085 2890 οἶκος,
3135 2826 3229 2879 καὶ
3258 2824 3604 2878 ἐθανάτωσεν
3657 2823 3791 2891 ὑπὲρ

2209 2918 2301 2982 οὓς
2338 2919 2676 2973 ἐθανάτωσεν
2704 2921 2760 2972 ἐν
2790 2921 2856 2989 τῇ
2892 2917 3005 2990 ζωῇ
3035 2918 3219 2972 αὑτοῦ.
3267 2937 3286 2969 ι

2286 3030 2303 3061 ι
2337 3010 2691 3082 Προσηύξατο
2732 3010 2981 3076 Ἐζεκίας
3006 3012 3034 3063 6
3063 3010 3336 3080 βασιλεὺς,
3355 3010 3449 3062 καί
3475 3008 3791 3061 ἀπέστειλεν

2210 3104 2238 3155 6
2263 3102 2466 3173 Κύριος
2491 3103 2744 3171 ἄγγελον,
2784 3103 2882 3157 καὶ
2914 3100 3167 3173 ὲξέτριψε
3202 3102 3381 3155 πάντα
3415 3101 3668 3163 δυνατὸν,
3702 3101 3790 3151 καὶ

536 3193 849 3256 robustum,
884 3200 938 3247 et
971 3192 1296 3263 principem,
1317 3202 1374 3248 et
1411 3193 1606 3248 ducem
1638 3193 1694 3247 in
1729 3193 1931 3250 castris
1962 3194 2108 3265 regis

2214 3194 2566 3264 πολεμιστὴν,
2632 3195 2731 3248 καὶ
2790 3196 3059 3267 ἄρχοντα,
3120 3194 3215 3248 καὶ
3268 3192 3577 3264 στρατηγὸν
3626 3193 3685 3245 ἐν
3728 3196 3787 3261 τῇ

536 3286 731 3339 Assur.
766 3304 784 3337 ι

611 3374 673 3428 11
704 3374 892 3430 Paral.
920 3393 1113 3441 χχχιιι,
1176 3377 1364 3432 10-15.
1398 3409 1465 3417 -—
1516 3396 1533 3429 ι
1562 3377 1802 3436 Locutus
1837 3385 1921 3434 est
1967 3378 2109 3434 Deus

518 3468 710 3537 super
742 3466 1063 3535 Manassen;
1111 3478 1166 3523 et
1202 3468 1742 3539 comprehenderunt
1793 3469 2105 3537 Manassen,

534 3569 593 3615 et
627 3560 870 3615 vinctum
897 3564 1107 3618 catenis
1137 3570 1191 3618 et
1229 3563 1593 3632 compedibus
1623 3563 1901 3617 duxerunt
1934 3560 2111 3633 Baby-

538 3656 739 3711 lonem.
773 3657 837 3711 Et
861 3659 1041 3712 oravit
1073 3658 1142 3713 ad
1178 3658 1494 3725 Dominum,
1521 3652 1575 3715 et
1609 3660 1890 3714 exaudivit
1922 3674 2110 3713 vocem

538 3749 680 3820 ejus.
724 3768 743 3801 ι
854 3804 871 3818 ο

520 3916 525 3923 θ
610 3839 787 3896 Schol.
812 3842 1085 3900 Memoriae
1111 3845 1386 3916 proditum
1417 3853 1502 3901 est
1524 3845 1591 3899 ab
1622 3844 1904 3910 Africano,
1939 3843 2109 3913 quod,

539 3936 671 3989 dum
697 3937 1003 3992 orationem
1028 3937 1309 3993 Manasses
1360 3936 1641 4003 funderet,
1678 3936 1897 3992 vincula
1929 3935 2106 3991 ferrea

537 4026 823 4082 confracta
864 4030 997 4096 sint,
1040 4038 1095 4084 et
1138 4030 1256 4099 ipse
1286 4029 1509 4099 fugerit.

612 4120 708 4175 III
744 4121 870 4193 Reg.
909 4121 1283 4187 xvu.,36.—i
1313 4120 1585 4176 Clamavit
1614 4120 1762 4177 Elias
1791 4121 1857 4177 ad
1887 4120 2110 4188 coelum,

536 4225 592 4271 et
622 4215 797 4270 dixit:
834 4216 1062 4270 Domine
1104 4213 1247 4269 Deus
1278 4214 1577 4279 Abraham,
1616 4215 1792 4278 Isaac,
1821 4223 1876 4268 et
1916 4212 2108 4279 Jacol),

538 4309 734 4363 exaudi
756 4324 839 4362 me
869 4309 922 4362 in
945 4306 1164 4378 igne.Et
1182 4305 1387 4361 cecidit
1408 4306 1550 4376 ignis
1569 4322 1599 4358 a
1621 4305 1855 4361 Domino
1869 4306 2109 4371 decwlo,

537 4408 593 4455 et
624 4400 910 4454 devoravit
972 4400 1376 4464 holocaustum,
1422 4409 1476 4453 et
1514 4398 1661 4468 ligna
1697 4400 1894 4466 scissa,
1936 4407 1990 4454 et
2031 4400 2113 4451 la-

543 4491 717 4561 pides,
742 4499 796 4546 et
826 4491 1106 4560 pulverem
1157 4509 1170 4545 :
1206 4491 1340 4561 quin
1386 4500 1443 4547 et
1495 4507 1691 4562 aquam
1727 4507 1852 4562 quae
1895 4501 2013 4547 erat
2054 4491 2111 4546 in

540 4584 738 4647 canali,
771 4583 1037 4638 elainbuit
1071 4583 1238 4654 ignis.
1266 4603 1284 4635 ι

614 4673 695 4728 ιγ
730 4673 851 4744 Reg.
882 4692 956 4739 vn,
991 4675 1174 4733 15-18.
1210 4706 1282 4716 ——
1310 4695 1327 4727 ι
1364 4674 1724 4732 Consurrexit
1780 4693 1942 4732 mane
2002 4675 2106 4730 mi-

541 4768 711 4821 nister
768 4767 958 4834 Elisei,
1007 4777 1061 4822 et
1092 4783 1220 4824 ecce
1252 4769 1530 4823 exercitus
1566 4768 1921 4825 circumdans
1971 4769 2107 4823 civi-

541 4865 727 4916 tatem.
776 4866 831 4911 et
879 4858 1118 4928 equites,
1152 4867 1206 4914 et
1246 4874 1467 4915 currus.
1502 4859 1571 4913 Et
1605 4859 1741 4914 dixit
1772 4876 1909 4930 puer
1942 4860 2008 4915 ad
2040 4861 2107 4915 il-

539 4948 650 5002 lum
689 4962 703 4998 :
736 4945 880 5013 Quid
906 4947 1193 5003 faciemus.
1217 4946 1435 5002 Etdixit
1463 4945 1810 5005 EliseuszNe
1832 4946 2103 5010 timueris,

501 5044 505 5061 ³
538 5041 801 5110 quoniam
835 5041 1017 5110 plures
1055 5048 1186 5095 sunt
1219 5041 1528 5097 nobiscum.
1561 5039 1629 5093 Et
1657 5040 1837 5097 oravit
1866 5039 2105 5106 Eliseus,

537 5144 592 5187 et
617 5133 753 5187 dixit
784 5148 799 5186 :
836 5132 1086 5188 Domine.
1124 5133 1274 5204 aperi
1303 5133 1494 5188 oculos
1516 5134 1694 5203 pueri,
1728 5139 1783 5187 et
1806 5132 2006 5188 videat.
2040 5131 2106 5185 Et

540 5226 756 5294 aperuit
784 5227 975 5282 oculos
995 5226 1173 5297 pueri,
1198 5236 1252 5281 et
1292 5226 1449 5291 vidit,
1473 5235 1527 5281 et
1556 5240 1683 5281 ecce
1725 5240 1884 5279 mons
1914 5224 2108 5294 plenus

539 5335 825 5389 equorum,
843 5328 898 5376 et
920 5320 1269 5392 currusignis
1296 5320 1350 5374 in
1367 5319 1602 5375 circuitu
1630 5318 1816 5375 Elisei.
1844 5318 1910 5373 Et
1933 5320 2109 5375 oravit

538 5410 788 5476 Eliseus,
821 5418 875 5466 et
895 5410 1063 5467 dixit:
1090 5411 1321 5467 Percute
1343 5417 1558 5480 gentem
1592 5412 1731 5465 hanc
1767 5411 2031 5466 caecitate.
2081 5430 2099 5461 ι

613 5502 696 5557 ιγ
720 5502 845 5574 Reg.
877 5521 969 5570 xx,
989 5505 1111 5559 4-6.
1142 5534 1215 5544 —
1246 5521 1265 5555 ι
1306 5504 1439 5557 Erat
1476 5502 1647 5559 Isaias
1670 5505 1723 5558 in
1752 5502 1932 5558 medio
1959 5503 2103 5568 atrii,

540 5606 595 5653 et
624 5612 809 5652 sermo
842 5596 1055 5652 Domini
1085 5595 1265 5651 factus
1293 5605 1376 5651 est
1411 5596 1479 5651 ad
1510 5611 1631 5650 eum
1668 5613 1682 5650 :
1710 5593 2024 5660 Revertere,
2052 5602 2107 5651 et

540 5691 693 5745 dices
730 5690 797 5745 ad
832 5689 1165 5745 Ezecliiam:
1199 5688 1325 5744 llaec
1356 5688 1491 5743 dicit
1539 5687 1805 5745 Dominus
1861 5690 2105 5759 omnipo-

543 5793 667 5837 tells
700 5800 714 5837 :
750 5782 951 5836 Audivi
1002 5782 1307 5838 orationem
1368 5791 1542 5847 tuam,
1573 5794 1627 5837 et
1672 5783 1783 5838 vidi
1832 5786 2103 5856 lacrymas

527 5881 695 5952 “tuas,
727 5882 783 5928 et
820 5872 1014 5932 addam
1047 5874 1113 5930 ad
1154 5889 1329 5930 annos
1357 5885 1479 5931 tuos
1513 5875 1771 5933 sedecim.
1818 5896 1837 5930 ι
1925 5929 1932 5938 ,

2211 3288 2533 3359 παρεμϐολῇ
2569 3286 2833 3358 βασιλέως
2874 3287 3126 3358 Ἀσσούρ.

2285 3400 2305 3434 ί
2342 3382 2603 3452 Ἐλάλησε
2639 3381 2845 3453 Κύριος
2881 3380 2974 3434 ἐπὶ
3004 3382 3327 3450 Μανασσῆν,
3363 3380 3458 3432 καὶ
3495 3380 3788 3433 κατέλαϐον

2208 3475 2300 3529 τὸν
2356 3476 2678 3544 Μανασσῆν,
2728 3474 2825 3529 καὶ⁵
2891 3474 3087 3545 ἔδησαν
3140 3473 3304 3526 αὑτὸν
3352 3474 3410 3525 ἐν
3453 3473 3667 3536 πέδαις,
3700 3475 3791 3525 καὶ

2209 3570 2416 3640 ἥγαγον
2439 3570 2519 3632 εἰς
2545 3567 2860 3622 Βαϐυλῶνα.
2889 3568 3003 3621 Kal
3044 3565 3391 3639 προσηύξατο
3430 3567 3568 3636 πρὸς
3610 3567 3788 3627 αὐτὸν.

2211 3665 2305 3718 καὶ
2338 3665 2539 3735 ἤκουσε
2569 3663 2671 3734 τῆς
2710 3662 2837 3734 βοῆς
2866 3662 3051 3718 αὑτοῦ.
3093 3682 3112 3715 ι

2282 3848 2463 3916 Σχόλ.
2529 3846 2831 3919 Ἱστόρηται
2890 3846 3042 3917 παρὰ
3080 3844 3419 3916 ’Δφρικανῷ,
3458 3845 3543 3898 ὅτι
3600 3847 3659 3899 ἐν
3715 3845 3790 3915 τῷ

2211 3936 2392 4004 λέγειν
2411 3935 2554 4008 ᾠδὴν
2595 3938 2689 3990 τὸν
2732 3936 3025 4006 Μανασσῆ,
3080 3933 3153 3988 τὰ
3200 3934 3377 4005 δεσμά
3406 3934 3678 4006 διερράγη
3710 3951 3790 3987 σι-

2210 4029 2351 4099 δηρᾶ
2374 4028 2524 4095 ὄντα,
2557 4028 2652 4082 καὶ
2682 4027 2905 4097 ἔφυγεν.

2289 4141 2309 4173 ‹
2352 4121 2668 4191 Ἀνεϐόησεν
2706 4119 2885 4173 Ἦλιοῦ
2951 4120 3033 4181 εἰς
3078 4118 3171 4172 τὸν
3212 4118 3466 4191 οὐρανὸν,
3506 4119 3602 4173 καὶ
3629 4114 3784 4172 εἷπε·

2212 4214 2386 4284 Κύριε
2423 4217 2451 4267 ὁ
2480 4214 2611 4278 Θεὸς
2667 4212 2938 4284 Ἀϐραὰμ,
2984 4212 3080 4266 καὶ¹
3146 4213 3352 4279 Ἰσαὰκ,
3416 4215 3512 4266 καὶ
3569 4212 3785 4277 Ἰακὼϐ,

2213 4306 2515 4360 ἐπάκουσον
2549 4323 2649 4377 μου
2672 4308 2729 4359 ὲν
2749 4306 2910 4378 πυρί·
2943 4306 3039 4359 καὶ
3074 4304 3237 4358 ἔπεσε
3262 4284 3376 4369 πῐῖρ
3398 4306 3553 4375 παρὰ
3582 4306 3785 4376 Κυρίου

2214 4400 2276 4451 ἐκ
2300 4399 2392 4452 τοῦ
2425 4396 2677 4468 οὐρανοῦ,
2713 4399 2811 4452 καὶ
2874 4399 3152 4469 κατέφαγε
3194 4400 3256 4453 τὸ
3298 4398 3666 4467 ὁλοκαύτωμα
3700 4399 3788 4449 καὶ

2211 4493 2311 4553 τὰς
2348 4490 2558 4560 σχίζας,
2592 4491 2686 4544 καὶ
2734 4492 2864 4556 τοὺς
2910 4491 3111 4556 λίθους,
3147 4492 3243 4545 καὶ
3279 4491 3371 4545 τὸν
3404 4489 3558 4561 χοῦν,
3604 4490 3701 4542 καὶ
3730 4489 3787 4541 τὸ

2141 4576 2189 4635 D
2215 4584 2358 4656 ὕδωρ
2374 4584 2436 4637 τὸ
2466 4585 2599 4655 ἐντῇ
2636 4583 2881 4655 θαλάσσῃ
2913 4583 3147 4649 ἑξέλειξε
3179 4584 3238 4637 τὸ
3261 4581 3394 4655 πῦρ.
3438 4603 3458 4636 ι

2290 4697 2310 4729 ι
2354 4675 2644 4748 Ὠρθρισεν
2676 4678 2705 4729 ὁ
2731 4675 3045 4746 λειτουργὸς
3093 4675 3383 4738 Ἐλισσαιὲ,
3414 4676 3511 4728 καὶ
3550 4675 3661 4728 ἰδοὺ
3694 4674 3783 4727 δύ-

2214 4787 2378 4839 ναμις
2401 4768 2677 4823 κυκλοῦσα
2728 4768 2829 4838 τὴν
2856 4769 3035 4830 πόλιν,
3071 4769 3164 4821 καὶ
3200 4768 3379 4832 ἵπποι,
3410 4768 3506 4820 καὶ
3541 4769 3781 4838 ἅρματα.

2214 4862 2324 4915 Kal
2351 4859 2471 4914 εἶπε
2499 4860 2559 4914 τὸ
2587 4860 2872 4931 παιδάριον
2927 4859 3065 4931 πρὸς
3110 4861 3274 4913 αὐτόν
3292 4878 3306 4892 ·
3336 4859 3402 4912 Τί
3446 4862 3782 4930 ποιήσομενς

2214 4953 2324 5009 Kal
2340 4950 2491 5006 εἶπεν
2530 4952 2842 5006 Ἐλισσαιέ’
2890 4953 2982 5024 Μὴ
3023 4953 3212 5021 φοϐοῦ,
3270 4953 3353 5004 ὅτι
3422 4951 3519 5003 τοῦ
3571 4952 3785 5014 πλείους

2213 5046 2262 5100 οἱ
2297 5044 2412 5116 μεθ’
2444 5042 2620 5116 ἡμῶν.
2654 5044 2765 5097 Kal
2804 5043 3151 5115 προσηύξατο
3194 5039 3488 5105 Ἐλισσαιὲζ
3522 5043 3617 5095 καὶ
3644 5038 3781 5095 εἶπε·

2212 5138 2406 5211 Κύριε,
2445 5136 2708 5203 διάνοιξον
2758 5139 2892 5200 ’τοὺς
2945 5136 3256 5207 ὀφθαλμοὺς
3310 5134 3404 5187 τοῦ
3460 5135 3781 5206 παιδαρίου·

2213 5230 2309 5284 καὶ
2336 5224 2466 5295 εἶδε,
2523 5229 2617 5282 καὶ
2650 5228 2760 5283 ἰδοὺ
2796 5229 2856 5282 τὸ
2885 5227 3009 5299 ὅρος
3039 5227 3246 5298 πλῆρες
3281 5227 3485 5291 ἵππων,
3510 5229 3604 5280 καὶ
3634 5230 3784 5299 ἅρμα

2214 5323 2385 5394 πυρὸς
2416 5322 2604 5393 κύκλῳ
2638 5320 2913 5377 Ἐλισσαιέ
2936 5336 2950 5349 ⁸
2992 5320 3089 5375 καὶ
3110 5318 3456 5391 προσηύξατο
3489 5318 3779 5379 Ἐλισσαιὲ,

2212 5414 2307 5468 καὶ
2328 5410 2451 5466 εἷπε
2471 5429 2486 5445 ο
2518 5411 2761 5476 Πάταξον
2791 5411 2854 5465 τὸ
2882 5410 3037 5474 ἔθνος
3067 5408 3227 5462 τοῦτο
3248 5406 3507 5476 ἀορασία.
3546 5425 3566 5457 ι

2289 5524 2309 5558 ε
2341 5500 2449 5558 Ἦν
2487 5505 2716 5567 Ἡσαΐας
2744 5504 2803 5558 ὲν
2824 5505 2891 5575 τῇ
2944 5501 3082 5573 αὐλῇ
3126 5501 3290 5574 μέσῃ,
3342 5501 3439 5555 καὶ
3480 5500 3633 5570 ῥῆμα
3670 5500 3775 5551 Κυο

2217 5598 2330 5669 ρίου
2357 5596 2572 5665 ἐγένετο
2594 5598 2733 5667 πρὸς
2796 5596 2957 5653 αὐτόν
2980 5611 2996 5627 ⁶
3062 5591 3446 5663 Ἐπίστρεψον,
3502 5594 3601 5645 καὶ
3638 5593 3778 5663 lipsi;

2213 5691 2349 5759 πρὸς
2384 5691 2664 5757 Ἐζεκίαν·
2708 5690 2848 5745 Τάδε
2909 5689 3057 5759 λέγει
3099 5689 3306 5760 Κύριος
3362 5686 3768 5758 παντοκράτωρ.

2218 5785 2463 5837 Ἤκουσα
2501 5782 2597 5853 τῆς
2643 5781 2953 5853 προσευχῆς
2998 5797 3114 5845 σου,
3177 5782 3272 5832 καὶ
3301 5773 3440 5832 εἶδον
3476 5780 3544 5833 τὰ
3570 5775 3772 5849 δάκρυὲ

2115 5926 2133 5935 -
2214 5896 2327 5948 σου⁹
2351 5877 2447 5932 καὶ
2477 5874 2769 5947 προσθήσω
2790 5875 2881 5929 ἐπὶ
2914 5873 2980 5931 τὰ
3000 5873 3095 5945 ἔτη
3128 5891 3220 5927 σου
3255 5873 3349 5945 ἔτη
3382 5879 3477 5940 ις’.
3509 5890 3531 5925 ι
