3968 6402
84 407 227 473 .1437

1333 408 1571 470 SACRA
1599 407 2060 470 PARALLELA.

3183 402 3327 465 1438

223 512 481 587 Ὀρθριζε
512 513 647 587 πρὸς
680 515 883 588 Κύριον
915 517 1326 591 παντοκράτορα
1378 519 1650 581 δεόμενος.

1825 515 1924 571 Job
1985 532 2096 579 vm,
2125 515 2176 570 5.
2208 544 2279 555 -
2306 533 2325 567 ι
2360 512 2610 569 Diluculo
2639 527 2906 583 consurge
2938 514 3001 566 ad
3037 511 3324 569 Dominum

78 608 153 663 Εἰ
176 606 417 677 καθαρὸς
443 602 496 660 εἶ
524 607 617 660 καὶ
674 607 944 674 ἀληθινὸς,
996 609 1361 664 ἐπακούσεται
1401 610 1504 681 τῆς
1531 612 1654 681 δεη-

80 700 230 764 σεὼς
263 716 381 753 σου.
427 718 446 751 ι

165 815 183 847 ι
222 794 396 849 Θύσον
446 794 523 867 τῷ
557 795 685 867 Θεῷ
712 796 900 852 Θυσίαν
914 798 1195 863 αἰνέσεως,
1228 798 1319 851 καὶ
1349 797 1545 861 ἀπόδος
1575 797 1655 868 τῷ

92 886 342 959 ’Υψίπῳ
377 888 475 952 τὰς
508 889 673 960 εὐχάς
708 907 819 945 σου.
865 909 884 943 ι

163 998 182 1031 ι
223 979 336 1046 Τὰς
383 982 546 1052 εὐχάς
597 1001 701 1054 μου
757 983 835 1056 τῷ
882 984 1072 1056 Κυρίῳ
1113 984 1378 1040 ἀποδώσω
1411 984 1655 1041 ἐναντίον

76 1076 293 1139 παντὸς
312 1075 406 1130 τοῦ
439 1076 571 1131 λαοῦ
598 1077 783 1132 αὑτοῦ.
809 1098 827 1131 ι

166 1188 184 1220 ι
214 1168 594 1240 Προσεύξασθε
624 1171 764 1243 πρός
794 1189 885 1242 με,
914 1173 1009 1228 καὶ
1045 1172 1435 1245 είσακούσομαι
1476 1171 1649 1245 ὑμῶν,

75 1260 183 1314 καὶ
207 1261 544 1334 ἐκζητήσατέ
574 1279 640 1335 με
662 1265 721 1319 ὲν
765 1265 860 1337 ὅλῃ
892 1266 1089 1339 καρδία
1117 1267 1291 1337 ὑμῶν,
1326 1267 1419 1322 καὶ
1448 1267 1653 1336 ἐπιφα-

74 1352 285 1425 νοῦμαι
312 1353 459 1425 ὑμῖν.
492 1373 510 1406 ι

165 1465 185 1497 ι
220 1445 393 1518 Κύριε
442 1448 820 1522 παντοκράτορ
877 1453 907 1505 ὁ
959 1450 1091 1515 Θεὸς
1143 1451 1393 1524 Ἰσραήλ’
1421 1449 1565 1521 ψυχὴ
1596 1451 1653 1503 ἐν

75 1537 435 1605 στεναγμοῖς,
462 1538 554 1591 καὶ
582 1539 799 1611 πνεῦμα
837 1540 1075 1612 ἀκηδιῶν
1114 1540 1375 1613 ὲκέκραξε
1396 1540 1533 1613 πρὸς
1567 1540 1651 1597 σέ.

76 1625 379 1692 Ἀκουσον,
396 1627 589 1702 Κύριε,
620 1629 860 1702 ὲλέησον,
897 1632 978 1687 ὅτι
1018 1632 1151 1697 Θεὸς
1182 1632 1431 1703 ὲλέημων
1456 1626 1527 1699 εἴ,
1556 1631 1653 1684 καὶ

72 1716 330 1788 ἐλέησον.
368 1738 389 1771 ι
682 1734 683 1743 ‘

162 1829 181 1861 ι
228 1811 315 1864 Ἐν
362 1811 508 1884 ψυχῇ
550 1814 1021 1887 συντετριμμένῃ,
1083 1815 1178 1869 καὶ
1233 1814 1510 1886 πνεύματι
1559 1834 1655 1870 τα-

1765 610 2202 681 omnipotentem
2226 623 2393 663 orans
2431 627 2444 663 :
2484 607 2529 663 si
2558 622 2733 677 purus
2760 613 2813 661 et
2840 621 3004 660 verus
3032 621 3112 669 es,
3144 607 3327 661 audiet

1766 704 2071 758 orationem
2103 710 2270 755 tuam.
2638 700 2641 709 ‘

1823 795 1977 849 Psal.
2014 811 2160 859 xux,
2191 794 2277 848 14.
2297 825 2368 835 -
2395 812 2413 844 ι
2444 791 2669 847 Immola
2695 790 2805 846 Deo
2840 789 3169 846 sacriﬁcium
3206 789 3327 844 lau-

1754 887 1865 952 dis,
1901 898 1956 943 et
1988 886 2155 943 redde
2182 886 2470 942 Altissimo
2497 895 2620 939 vota
2651 893 2764 948 tua,
2804 902 2822 935 ι
2863 893 2953 938 etc

1835 981 1984 1037 Psal.
2016 997 2143 1044 cxv,
2186 981 2363 1035 M.—
2399 997 2417 1031 ι
2459 975 2595 1033 Vota
2639 992 2759 1031 mea
2828 974 3054 1032 reddam
3098 973 3328 1029 Domino

1754 1088 1937 1131 coram
1968 1072 2119 1127 omni
2158 1070 2358 1143 pepulo
2396 1071 2539 1140 ejus.
2584 1087 2604 1121 ι

1823 1165 2021 1222 Jerem.
2050 1181 2199 1228 xxxx,
2236 1163 2323 1219 12.
2348 1193 2416 1205 —
2447 1181 2465 1214 ι
2503 1161 2667 1219 Orate
2716 1160 2781 1215 ad
2814 1176 2920 1227 me,
2960 1168 3013 1215 et
3036 1173 3136 1229 ego
3163 1172 3333 1219 exalb-

1753 1259 1900 1316 diam
1941 1273 2061 1322 vos,
2099 1269 2153 1314 et
2196 1257 2428 1328 quaerite
2458 1270 2545 1310 me
2594 1254 2650 1309 in
2688 1262 2805 1308 toto
2852 1251 3018 1309 corde
3044 1261 3252 1317 vestro,
3279 1263 3333 1308 et

1754 1351 2025 1422 apparebo
2051 1350 2227 1405 vobis.
2268 1368 2287 1402 ι

1829 1444 2045 1498 Baruch
2104 1459 2185 1508 nr,
2216 1443 2267 1510 1,
2297 1442 2351 1497 2.
2374 1473 2445 1482 —
2472 1460 2490 1494 ι
2528 1441 2755 1496 Domine
2806 1440 3148 1510 omnipotens
3192 1438 3334 1494 Deus

1755 1537 1946 1600 Israel,
1983 1518 2165 1591 anima
2195 1536 2249 1590 in
2283 1536 2573 1606 angustiis,
2609 1544 2663 1590 et
2713 1534 2943 1604 spiritus
2976 1534 3174 1587 anxius
3223 1535 3335 1586 cla-

1756 1638 1868 1683 mat
1907 1628 1975 1682 ad
2023 1636 2097 1683 te.
2132 1628 2296 1693 Audi,
2350 1625 2600 1689 Domine,
2646 1625 2809 1698 464
2861 1626 3154 1691 miserere;
3206 1626 3333 1695 quia

1756 1719 1900 1775 Deus
1936 1719 2255 1775 misericors
2282 1733 2365 1781 es,
2402 1726 2455 1773 et
2484 1718 2749 1772 miserere
2781 1717 2975 1770 nostri.
3004 1735 3021 1766 ι

1829 1812 1970 1866 Dan.
1998 1827 2077 1875 ιιι,
2109 1811 2196 1867 59.
2225 1842 2295 1852 -
2321 1830 2341 1863 ‹
2377 1810 2435 1865 In
2484 1813 2674 1865 animo
2721 1810 2981 1870 contrito,
3027 1816 3081 1862 et
3135 1807 3333 1877 spiritu

74 1903 402 1969 πεινώσεως
431 1906 917 1978 προσδεχθείημεν,
950 1909 1106 1995 ὼςξν
1134 1909 1601 1981 ὁλοκαυτώμασιν.
1634 1930 1653 1963 ν

1786 1902 2094 1958 iumilitatis
2140 1902 2536 1973 suscipiantur,
2587 1901 2731 1956 sicut
2788 1900 2843 1953 in
2896 1900 3259 1951 holocausu's.
3310 1916 3329 1948 ›

164 2015 183 2047 ι
218 1996 313 2071 Μὴ
340 1997 739 2071 ὀλιγοψυχήσῃς
771 2002 829 2053 ἐν
866 2003 933 2073 τῇ
976 2005 1250 2073 προσευχῇ
1284 2020 1410 2056 σουο
1446 2004 1521 2075 μὴ
1560 2004 1658 2075 ἑμ-

76 2087 315 2160 ποδίσῃς
345 2090 439 2143 τοῦ
474 2089 764 2144 ἀποδοῦναι
791 2092 956 2163 εὐχὴν
984 2092 1041 2144 ὲν
1072 2093 1268 2165 καιρῷ.
1306 2114 1325 2145 ι

168 2198 185 2231 ι
220 2181 386 2234 Ὅταν
401 2181 697 2255 προσεύχῃ,
730 2184 831 2238 οὐκ
862 2186 963 2257 ἔσῃ
991 2184 1179 2257 ὥσπερ
1210 2186 1501 2257 ὑποκριταὶ
1530 2203 1661 2239 σκυ-

80 2270 324 2342 θρωποὶ,
370 2273 454 2326 ὅτι
507 2274 750 2342 φιλοῦσιν
807 2279 864 2330 ὲν
909 2279 1030 2339 ταῖς
1085 2281 1427 2346 συναγωγαῖς
1472 2280 1565 2332 καὶ
1603 2280 1661 2332 ὲν

74 2367 205 2427 ταῖς
242 2366 462 2433 γωνίαις
494 2366 604 2420 τῶν
668 2368 939 2423 πλατειῶν
982 2371 1215 2435 ἑστῶτες
1240 2371 1656 2442 προσεύχεσθαι,

74 2457 241 2521 ὅπως
290 2458 500 2526 φανῶσι
548 2462 664 2525 τοῖς
721 2462 1049 2534 ἀνθρώποις.
1095 2463 1266 2535 Ἀμὴν
1298 2464 1441 2532 λέγω
1489 2465 1656 2534 ύμῖν·

74 2548 355 2619 ἀπέχουσι
380 2551 472 2605 τὸν
509 2554 699 2622 μισθὸν
729 2554 925 2609 αὐτῶν.
968 2557 1040 2609 Σὺ
1083 2556 1139 2610 δὲ
1190 2558 1319 2610 ὅταν
1360 2557 1658 2627 προσεύχῃ,

75 2641 299 2696 εἴσελθε
350 2646 433 2708 εἰς
480 2644 541 2699 τὸ
587 2649 810 2719 ταμεῖόν
841 2667 958 2703 σου.
1018 2649 1447 2721 Προσευχόμενοι
1477 2649 1554 2714 δὲ,
1587 2649 1660 2721 μὴ

78 2734 546 2809 βαττολογήσητε,
580 2739 767 2811 ὥσπερ
809 2743 858 2794 οῖ
919 2741 1120 2795 ἐθνικοί
1143 2759 1157 2773 σ
1199 2742 1415 2796 δοκοῦσι
1443 2742 1551 2812 γὰρ
1580 2743 1661 2797 ὃτι

75 2828 147 2881 ὲν
178 2829 244 2899 τῇ
286 2828 578 2902 πολυλογίᾳ
610 2832 788 2887 αὐτῶν
841 2834 1379 2906 εἰσακουσθήσονται.
1430 2836 1521 2907 Μὴ
1569 2829 1662 2890 οὖν

76 2917 394 2990 ὀμοιώθητε
445 2921 648 2985 αὐτοῖς.
712 2918 833 2977 Οἷδὲ
874 2924 983 2996 γὰρ
1024 2927 1052 2978 ὁ
1114 2924 1301 2996 Πατὴρ
1358 2925 1534 2995 ὑμῶν,
1586 2919 1660 2980 ὧν

74 3011 282 3081 χρείαν
313 3012 484 3082 ἔχετε,
539 3017 644 3089 πρὸ
675 3016 770 3071 τοῦ
817 3020 963 3090 ὑμᾶς
1011 3021 1232 3090 αἰτῆσαι
1262 3021 1444 3074 αὐτόν.
1471 3019 1660 3085 Οὕτως

78 3098 184 3156 οὖν
244 3105 614 3177 προσεύχεσθε
666 3111 860 3180 ὑμεῖς’
914 3112 1094 3182 Πάτερ
1143 3112 1333 3182 ὑμῶν,
1386 3131 1405 3164 ›
1454 3112 1546 3166 καὶ
1592 3112 1661 3166 τὰ

78 3195 242 3266 ἑξῆς.

166 3304 187 3337 σ
219 3286 453 3348 Αἰτεῖτε.
487 3286 583 3340 καὶ
612 3287 896 3358 δοθήσεται
936 3308 1090 3361 υμων
1111 3310 1125 3323 ο
1178 3295 1410 3363 ζητεῖτε,
1447 3296 1541 3348 καὶ
1569 3298 1661 3349 εύ-

81 3380 333 3451 ρήσετε’
369 3378 615 3450 κρούετε,
657 3381 755 3435 καὶ
813 3384 1165 3455 ἀνοιγήσεται
1214 3386 1363 3457 ὑμῖν.
1407 3388 1522 3452 Πᾶς
1554 3388 1663 3460 γὰρ

79 3470 261 3525 αἰτῶν
275 3469 559 3540 λαμϐάνει.
599 3489 617 3522 ι

168 3581 187 3613 ι
230 3561 628 3633 Προσελθόντες
652 3562 702 3615 οἱ
737 3561 977 3634 μαθηταὶ
1022 3563 1097 3634 τῷ
1134 3564 1309 3634 Ἰησοῦ
1353 3564 1471 3617 κατ’
1504 3564 1659 3631 ἰδίαν,

80 3650 283 3707 εἷπονο
316 3654 414 3707 Διά
442 3653 495 3706 τί
554 3652 654 3706 ούκ
710 3653 1051 3725 ἐδυνήθημεν
1101 3654 1353 3708 ἐκϐαλεῖν
1388 3656 1558 3721 αύτό;
1607 3658 1664 3711 Ὀ

79 3746 148 3799 δὲ
186 3744 400 3815 Ἰησοῦς
436 3741 588 3798 εἶπεν
646 3746 828 3809 αὐτοῖς
854 3764 869 3777 ο
914 3740 1020 3799 Διά
1068 3745 1167 3817 τὴν
1201 3747 1459 3800 ἀπιστίαν
1489 3747 1660 3817 ὑμῶν.

95 3837 282 3907 Ἀμὴν
305 3837 414 3908 γὰρ
442 3837 585 3905 λέγω
636 3838 763 3908 ύμῖν
782 3856 795 3868 ·
838 3839 931 3892 ἐὰν
962 3839 1124 3909 ἔχητε
1154 3839 1336 3891 πίστιν
1365 3839 1440 3902 ὡς
1468 3840 1664 3893 κόκκον

84 3930 392 3994 σινάπεως,
420 3932 595 4000 ἐρεῖτε
621 3930 698 4002 τῷ
722 3931 839 4003 ὄρει
869 3932 1072 4001 τούτῳο
1099 3931 1383 4003 Μετάϐηθι
1414 3931 1665 3985 ἐντεῦθεν

80 4024 231 4083 ἐκεῖ,
265 4024 358 4076 καὶ
390 4023 780 4093 μεταϐήσεται,
821 4024 915 4077 καὶ
966 4024 1116 4077 οὐδὲν
1158 4024 1478 4094 ἀδυνατήσει
1511 4024 1664 4095 ύμῖν.

81 4114 271 4168 Τοῦτο
303 4114 359 4167 δὲ
387 4114 618 4183 τὸγένος
647 4116 748 4169 οὐκ
773 4117 1190 4188 ὲκπορεύσεται,
1222 4119 1271 4170 εί
1306 4118 1379 4191 μὴ
1414 4120 1471 4172 ἐν
1501 4136 1668 4184 προσ-

83 4204 229 4271 ευχῇ
249 4202 342 4253 καὶ
357 4203 596 4274 νηστεία.
619 4222 637 4254 ι

170 4313 189 4345 ι
227 4295 583 4366 Γρηγορεῖτε,
620 4298 716 4352 καὶ
745 4301 1138 4372 προσεύχεσθε,
1161 4304 1247 4358 ἵνα
1282 4302 1356 4375 μὴ
1386 4303 1667 4377 εἰσέλθητε

84 4390 175 4451 εἰς
199 4388 536 4460 πειρασμόν.
560 4408 579 4439 ι

171 4522 191 4554 r
240 4503 436 4574 Ἀμὴν,
478 4504 623 4575 ἀμὴν
670 4504 815 4574 λέγω
855 4506 1003 4576 ὑμῖν,
1035 4507 1063 4559 ὃ
1101 4524 1153 4559 τι
1198 4505 1264 4559 ἂν
1292 4503 1668 4574 αἰτήσετειτὸν

84 4594 321 4665 Πατέρα
349 4596 406 4649 ἐν
434 4596 511 4667 τῷ
533 4597 757 4663 ὀνόματί
782 4616 906 4671 μου,
935 4599 1095 4652 δώσει
1121 4598 1268 4670 ὑμῖν.
1306 4618 1325 4651 ι

172 4730 193 4763 ι
228 4710 426 4781 Ἔλεγε
449 4714 770 4788 παραϐολὴν
825 4718 1010 4779 αυτοῖς
1040 4716 1177 4789 πρὸς
1206 4716 1268 4769 τὸ
1302 4715 1411 4769 δεῖν
1443 4716 1673 4770 πάντοτε

86 4802 524 4875 προσεύχεσθαι,
561 4808 655 4861 καὶ
692 4808 767 4879 μὴ
800 4810 1075 4864 ὲκκακεῖν.
1108 4811 1325 4874 Κοιτής
1353 4827 1435 4873 τις
1465 4808 1522 4862 ἕν
1567 4826 1674 4863 τινι

86 4901 278 4965 πόλει,
318 4919 339 4953 ›
365 4918 418 4957 κ.
447 4920 498 4955 τ.
524 4903 569 4956 ὲ.

176 5030 197 5064 ‹
254 5011 607 5082 Ἀγρυπνεῖτε
637 5012 695 5065 ὲν
721 5012 885 5066 παντὶ
921 5010 1096 5081 καιρῷ
1133 5010 1395 5080 δεόμενοι,
1426 5008 1513 5062 ἵνα
1544 5024 1675 5061 κατ-

88 5099 375 5171 αξιωθῆτε
403 5103 662 5170 ἐκφυγεῖν
689 5103 867 5156 πάντα
888 5102 954 5157 τὰ
990 5101 1254 5172 μέλλοντα
1275 5099 1539 5163 γίνεσθαι,
1579 5117 1598 5149 ›

177 5326 198 5360 ι
239 5307 537 5377 Γενόμενος
565 5309 659 5363 ἐπὶ
683 5309 776 5365 τοῦ
814 5310 1004 5375 τόπου,
1041 5305 1195 5363 εἶπεν
1244 5308 1460 5372 αὐτοῖς’
1509 5308 1678 5379 Προσ-

89 5400 334 5472 εύχεσθε
383 5402 456 5472 μὴ
509 5401 772 5487 εἰσελθεῖν
845 5404 925 5467 εἰς
980 5400 1302 5473 πειρασμόν.
1349 5401 1459 5454 Καὶ
1515 5401 1678 5464 αὐτὸς

92 5492 429 5562 ἀνεσπάσθη
478 5493 571 5547 ἀπ’
624 5493 802 5548 αὐτῶν
861 5494 992 5547 ὡσεὶ
1042 5493 1189 5547 λίθου
1224 5491 1404 5564 βολήν,
1444 5492 1538 5546 καλ¹
1562 5491 1678 5557 θεὶς

90 5584 169 5638 τὰ
208 5582 417 5650 γόνατα
472 5584 837 5655 προσηύξατο,
870 5584 1078 5653 λέγων’
1122 5584 1326 5655 Πάτερ,
1369 5586 1417 5637 εί
1474 5582 1675 5653 βούλει,

96 5674 423 5743 παρένεγκε
451 5676 513 5728 τὸ
536 5677 792 5746 ποτήριον
815 5675 973 5729 τοῦτο
1016 5676 1111 5728 ἀπ’
1143 5674 1298 5746 ἐμοῦ.
1338 5675 1484 5744 Πλὴν
1522 5674 1594 5746 μὴ
1618 5675 1679 5728 τὸ

94 5765 241 5820 Θέλτπ
254 5783 331 5835 μα
354 5766 413 5820 τὸ
438 5767 593 5839 ἐμὸν,
616 5768 752 5829 ἀλλὰ
779 5770 840 5822 τὸ
860 5770 951 5822 σὺν
970 5769 1229 5837 γενέσθω.
1258 5770 1367 5822 Καὶ
1396 5768 1563 5822 ἐλθὼν
1586 5770 1678 5823 ἐπὶ

96 5874 239 5921 τους
279 5858 552 5930 μαθητὰς,
583 5861 740 5933 εἰ)ρἐ
767 5862 963 5926 αὐτοὺς
994 5858 1369 5928 καθεύδοντας,
1396 5862 1488 5916 καὶ
1527 5858 1680 5917 εἶπεν

1836 1995 2000 2049 Eccli.
2039 2011 2112 2059 iv,
2143 1995 2231 2049 '56.
2262 2025 2331 2036 -ο
2372 2015 2389 2045 ‹
2431 1993 2507 2047 Ne
2550 1991 2753 2063 pusillo
2788 1991 2971 2044 animo
3000 1990 3075 2043 sis
3128 1990 3181 2043 in
3214 2004 3337 2042 ora-

1760 2090 1908 2146 tione
1942 2098 2054 2153 tua,
2092 2103 2191 2142 nec
2222 2087 2407 2142 tardes
2439 2086 2673 2140 reddere
2703 2090 2889 2138 votum
2916 2082 2971 2134 in
3005 2090 3275 2150 tempore.
3312 2099 3332 2131 ι

1833 2179 2027 2234 Matth.
2065 2196 2135 2241 vr,
2167 2180 2284 2233 5-9.
2310 2208 2381 2218 —
2413 2198 2429 2229 ι
2456 2178 2593 2230 Cum
2620 2174 2886 2232 oraveris.
2919 2189 3026 2226 non
3062 2172 3173 2225 eris
3196 2173 3339 2224 sicut

1764 2271 2059 2342 hypocrrtae
2092 2271 2301 2324 tristes.
2349 2268 2488 2334 Quia
2525 2276 2713 2320 amant
2755 2266 2810 2319 in
2857 2263 3153 2335 synagogis
3196 2271 3249 2315 et
3283 2262 3336 2314 in

1762 2365 1977 2436 angulis
2014 2364 2317 2433 platearum
2354 2370 2565 2415 stantes
2603 2373 2785 2424 orare,
2832 2366 2893 2409 ut
2941 2355 3232 2409 videantur
3269 2352 3339 2404 ab

1762 2456 2106 2511 hominibus.
2159 2456 2332 2508 Amen
2384 2453 2509 2507 dico
2567 2452 2749 2513 vobis,
2821 2448 2951 2518 quia
3004 2454 3337 2515 receperunt

1762 2548 2067 2604 mercedem
2094 2563 2274 2602 suam.
2308 2547 2388 2601 Tu
2441 2552 2624 2599 autem
2654 2558 2777 2597 cum
2835 2539 3104 2601 oraveris,
3162 2540 3336 2605 ingre-

1762 2641 1889 2696 dere
1915 2641 1967 2694 in
1996 2639 2311 2693 cubiculum
2340 2646 2519 2700 tuum,
2559 2643 2664 2690 etc.
2703 2632 2937 2687 Orantes
2970 2639 3145 2683 autem
3170 2628 3337 2681 nolite

1763 2735 1991 2789 multum
2036 2733 2213 2802 loqui,
2256 2733 2402 2787 sicut
2458 2728 2661 2785 ethnici
2699 2746 2713 2782 :
2758 2735 2954 2798 putant
3011 2726 3154 2778 enim
3192 2720 3336 2790 quml

1762 2828 1816 2881 in
1845 2824 2195 2895 multiloquio
2235 2839 2338 2877 suo
2377 2820 2766 2876 exaudiantur.
2812 2815 2995 2870 Nolite
3027 2830 3158 2883 ergo
3198 2816 3328 2867 assi-

1761 2919 1942 2973 milari
1975 2918 2075 2973 eis.
2112 2916 2229 2970 Scit
2266 2915 2411 2971 enim
2464 2912 2627 2967 Pater
2689 2918 2877 2965 vester
2927 2907 3058 2978 quid
3105 2921 3247 2976 opus
3270 2907 3337 2959 sit

1759 3011 1939 3073 vobis,
1964 3018 2253 3078 antequam
2294 3005 2494 3077 petatis
2533 3020 2679 3060 eum.
2739 3003 2831 3057 Sic
2870 3016 3003 3071 ergo
3032 3014 3127 3054 vos
3155 3007 3337 3052 orate:

1766 3107 1928 3161 "ater
1957 3111 2143 3160 uoster
2210 3122 2229 3157 ι
2262 3110 2368 3158 etc.

1835 3290 2158 3353 llauh.vu,
2218 3289 2272 3343 7.
2321 3319 2389 3330 -
2436 3306 2454 3338 ι
2497 3285 2695 3351 Petite,
2752 3291 2806 3339 et
2861 3281 3088 3336 dabitur
3144 3277 3339 3331 vobis:

1764 3385 2011 3456 quzerite,
2047 3391 2101 3438 et
2133 3382 2435 3437 invenietis
2462 3396 2475 3432 :
2512 3381 2751 3449 pulsate,
2780 3384 2834 3431 et
2857 3374 3136 3445 aperietur
3164 3370 3338 3425 vobis.

1764 3478 1955 3533 Omnis
1989 3477 2134 3531 enim
2172 3476 2266 3544 qui
2296 3474 2452 3545 petit,
2486 3471 2708 3541 accipit,
2743 3488 2761 3519 ι
2807 3476 2916 3523 etc.

1836 3569 2033 3625 Hauh.
2073 3584 2205 3632 xvn,
2268 3565 2457 3622 18-20.
2491 3596 2557 3605 —
2590 3582 2609 3616 ι
2649 3563 3022 3617 Accesserant
3077 3552 3338 3623 discipuli

1764 3665 1832 3720 ad
1861 3664 2046 3720 Jesum
2076 3668 2316 3725 secreto,
2372 3665 2427 3713 et
2473 3646 2736 3712 dixerunt
2762 3671 2776 3707 :
2799 3653 2980 3718 Quare
3011 3664 3119 3702 non
3156 3646 3311 3716 potui

1764 3773 1888 3814 mus
1913 3757 2113 3825 ejicere
2164 3752 2367 3809 illum?
2421 3750 2570 3804 Dixit
2602 3749 2715 3803 illis
2752 3745 2916 3801 Jesus
2949 3760 2962 3795 :
3001 3741 3234 3809 Propter
3266 3739 3346 3792 in.

1767 3848 2150 3904 credulitatem
2175 3851 2443 3899 vestram.
2473 3840 2648 3895 Amen
2698 3838 2903 3907 quippe
2928 3832 3053 3888 dico
3080 3832 3256 3894 vobis,
3295 3829 3337 3882 si

1767 3939 2070 3995 habueritis
2096 3937 2254 3992 ﬁdem
2275 3936 2422 3991 sicut
2440 3947 2671 4005 granum
2701 3929 2931 3997 sinapis,
2956 3926 3152 3981 dicetis
3172 3926 3342 3979 monti

1768 4034 1896 4087 huic
1932 4052 1945 4086 :
1979 4031 2179 4085 Transi
2217 4031 2345 4084 hinc
2371 4027 2523 4089 illuc,
2556 4035 2612 4080 et
2638 4020 2938 4087 transibit;
2974 4026 3029 4072 et
3063 4016 3201 4070 nihil
3239 4016 3343 4067 im-

1768 4124 2035 4195 possibile
2054 4124 2161 4178 erit
2196 4121 2370 4177 vobis.
2409 4118 2521 4173 Hoc
2536 4124 2715 4171 autem
2743 4129 2917 4185 genus
2947 4108 3345 4167 daamoniorum

1766 4231 1876 4271 non
1908 4214 2185 4285 ejicietur,
2227 4212 2336 4267 nisi.
2368 4211 2423 4265 in
2455 4208 2707 4265 oratione
2741 4213 2795 4261 et
2825 4204 3065 4274 jejunio.
3105 4221 3123 4252 ι

1840 4305 2036 4361 Matth.
2064 4321 2213 4369 xxvr,
2251 4304 2343 4359 tl.
2378 4332 2450 4343 —
2476 4319 2495 4351 ί
2534 4297 2792 4370 Vigilate,
2836 4302 2892 4351 et
2936 4301 3113 4351 orate.
3149 4301 3345 4344 utnon

1769 4401 1989 4456 intretis
2018 4399 2075 4453 iu
2107 4396 2490 4454 tentationem.
2529 4413 2547 4445 ι

1839 4510 1999 4567 Ιοιη.
2031 4528 2147 4576 xw,
2176 4510 2267 4566 2'5.
2301 4540 2372 4550 —
2401 4528 2418 4560 ι
2453 4509 2625 4561 Amen
2662 4504 2786 4559 dico
2839 4502 2997 4559 vobis
3032 4518 3046 4554 :
3079 4498 3343 4570 quidquid

1696 4586 2041 4675 Dpetieritis
2066 4601 2281 4657 Patrem
2314 4601 2370 4655 in
2422 4598 2646 4654 nomine
2695 4610 2842 4660 meo,
2902 4593 3055 4648 dabit
3104 4590 3282 4646 vobis.
3322 4607 3337 4639 ι

1850 4715 1976 4771 Luc.
2002 4731 2156 4782 xvm,
2194 4715 2249 4781 1,
2281 4714 2338 4768 2.
2373 4741 2444 4753 -
2484 4731 2502 4763 ι
2543 4710 2771 4765 Dicebat
2830 4709 2894 4763 ad
2954 4708 3079 4763 illos
3115 4705 3352 4776 parabo-

1774 4808 1906 4873 lam,
1936 4807 2196 4877 quoniam
2253 4812 2473 4875 oportet
2507 4817 2726 4872 semper
2763 4815 2944 4865 orare,
2981 4806 3173 4854 etnon
3214 4796 3353 4851 deii-

1774 4918 1921 4958 cere.
1951 4901 2123 4957 Judex
2150 4897 2379 4970 quidam
2411 4904 2534 4953 erat
2566 4895 2622 4949 in
2652 4893 2887 4964 quadam
2912 4891 3154 4953 civitate,
3187 4907 3207 4941 ι
3233 4896 3341 4943 etc.

1846 5015 1974 5070 Luc.
2010 5030 2123 5077 χχι,
2159 5012 2250 5068 56.
2274 5043 2345 5052 --
2371 5028 2392 5061 ‹
2421 4992 2655 5080 ῨίεὶΙοῑο
2676 5006 2732 5061 in
2750 5004 3159 5071 omnitempore
3184 5014 3336 5053 oran-

1774 5120 1883 5176 tes,
1912 5118 1974 5165 ut
2002 5107 2154 5179 digni
2174 5102 2487 5162 habeamini
2524 5100 2712 5173 fugere
2746 5098 2930 5155 omnia
2962 5110 3083 5167 quae
3117 5103 3349 5150 ventura

1775 5212 1925 5268 sunt,
1955 5221 1974 5255 ι
2006 5207 2114 5259 etc.

1846 5316 2134 5379 Luc.xxu,
2192 5311 2535 5369 40-42.—«
2573 5309 2639 5363 Et
2702 5321 2827 5362 cum
2884 5301 3226 5373 pervenisset
3278 5288 3345 5357 ad

1771 5408 1979 5471 locum,
2051 5405 2153 5463 ixit
2187 5402 2299 5457 illis
2332 5418 2346 5455 :
2382 5399 2637 5470 Vigilate,
2694 5410 2765 5450 ne
2820 5389 3038 5445 intretis
3085 5389 3139 5443 in
3170 5394 3353 5440 tenta-

1778 5500 2001 5555 tionem.
2023 5494 2090 5551 Et
2117 5496 2235 5567 ipse
2260 5493 2486 5548 avulsus
2511 5498 2596 5547 est
2654 5487 2722 5542 ab
2751 5486 2835 5542 eis
2874 5490 3137 5552 quantum
3167 5480 3350 5549 jactus

1776 5599 1861 5648 est
1890 5589 2119 5661 lapidis;
2178 5597 2232 5644 et
2294 5584 2491 5657 positis
2552 5580 2784 5651 genibus
2827 5577 3072 5639 orabat,
3107 5573 3338 5632 dicens:

1779 5687 1961 5753 Pater,
2002 5683 2049 5740 si
2071 5681 2177 5747 vis,
2209 5678 2446 5736 transfer
2476 5674 2703 5730 calicem
2736 5671 2906 5726 istum
2940 5683 3092 5723 ante.
3113 5664 3341 5720 Verum-

1780 5787 1958 5831 tamen
2003 5790 2125 5833 non;
2166 5773 2295 5828 mea
2345 5768 2623 5830 voluntas,
2670 5761 2763 5817 sed
2805 5770 2893 5815 tua
2959 5761 3072 5813 liat.
3114 5754 3179 5809 Et
3222 5767 3343 5806 cum

1780 5869 2021 5945 venisset
2048 5863 2468 5945 auatrscipulos,
2493 5855 2716 5941 invenit
2746 5870 2848 5912 eos
2876 5851 3209 5935 dormientes
3236 5858 3348 5916 pne
