4052 6458
622 400 760 468 1439

1824 416 1883 475 S.
1920 413 2243 475 JOANNIS
2284 414 2712 475 DAMASCENI

3689 410 3798 478 tuo

620 520 867 577 tristitia.
900 522 967 578 Et
1000 524 1075 580 ait
1102 526 1211 582 illis
1251 527 1477 592 :Orate,
1532 545 1599 583 ne
1656 529 1874 583 intretis
1916 529 1972 582 iu
2006 537 2183 584 tenta—

2298 530 2476 594 αὐτοῖς
2503 547 2516 561 ο
2582 528 2975 603 Προσεύχεσθε,
3028 529 3116 583 ἴνα
3163 526 3239 599 μὴ
3296 526 3576 597 εἰσέλθητε
3610 527 3681 588 είς
3706 544 3799 579 πει.

622 610 849 665 tionem.
889 630 911 663 ι

691 699 866 757 Marc.
897 720 973 771 χι,
1004 707 1196 763 25-25.
1217 740 1287 749 —-
1315 728 1334 760 ι
1363 710 1534 765 Amen
1561 710 1683 763 dico
1707 711 1887 773 vobis,
1912 713 2004 781 qui
2038 713 2186 767 dixe-

622 792 847 851 rithuic
878 800 1050 853 monti
1087 820 1099 856 :
1134 801 1374 868 Tollere,
1422 812 1474 857 et
1538 803 1685 870 jacta
1735 813 1788 858 te
1826 806 1881 858 in
1923 821 2093 867 mare,
2131 815 2187 860 et

620 899 730 938 non
756 886 1090 947 lmsitaverit
1127 894 1180 947 in
1214 896 1545 959 corde"suo,
1586 895 1677 950 ﬁet
1709 896 1755 950 ei
1786 897 1930 965 quod
1963 898 2185 951 dixerit.

623 975 757 1032 Cum
790 982 1013 1039 stabitis
1040 985 1106 1039 ad
1132 986 1422 1050 orandum,
1444 988 1703 1042 dimittite
1732 989 1779 1043 si
1808 989 1941 1059 quid
1974 990 2187 1045 habetis

624 1070 889 1129 adversus
916 1076 1178 1145 aliquem,
1212 1088 1271 1132 ut
1309 1089 1363 1134 et
1394 1079 1555 1135 Pater
1583 1090 1785 1145 vester,
1818 1082 1910 1152 qui
1945 1083 2000 1137 in
2032 1083 2188 1138 cmlis

622 1170 725 1224 est.
761 1164 999 1221 dimittat
1029 1169 1187 1224 vobis
1210 1170 1407 1225 delicta
1442 1180 1652 1227 vestra.
1693 1193 1712 1224 ι

693 1257 810 1310 Act.
866 1274 905 1323 ι,
944 1259 1031 1314 14.
1061 1292 1129 1302 --
1167 1280 1188 1313 ι
1222 1262 1391 1318 Erant
1436 1264 1492 1319 lii
1535 1280 1728 1320 omnes
1775 1274 2190 1336 perseverantes

624 1350 960 1407 unanimiter
994 1354 1048 1408 in
1084 1356 1334 1412 oratione
1365 1365 1419 1411 et
1446 1358 1853 1412 obsecratione.
1900 1377 1918 1409 ι

696 1440 814 1496 Act.
873 1460 949 1509 xl,
989 1444 1208 1500 2-4.—
1279 1468 1298 1500 ι
1359 1447 1426 1503 Ει
1467 1458 1839 1504 convocantes
1901 1450 2189 1506 duodecim

2322 634 2511 680 ασμόν.
2561 644 2579 675 ι

2290 645 2602 786 ραῒμῗέμίῖν
2664 712 2807 780 λέγω
2853 711 2999 781 ὑμῖν,
3028 709 3086 773 ὃς
3113 707 3181 763 ἂν
3218 710 3346 779 εἴπῃ
3378 707 3458 778 τῷ
3490 706 3795 777 ῦρειτηύτῳ·

2291 807 2542 877 Ἀρθητι,
2572 805 2663 857 καὶ
2690 802 2912 873 βλήθητι
2936 802 3017 864 είς
3045 800 3144 870 τὴν
3173 799 3473 862 θάλασσαν,
3507 798 3600 851 καὶ
3623 798 3687 869 μὴ
3706 799 3797 855 δια-
3826 852 3827 855 η

2287 900 2450 972 κριθῇ
2476 901 2533 952 ἐν
2567 901 2631 970 τῇ
2650 897 2845 969 καρδίᾳ
2898 893 3083 957 αὐτοῦ,
3139 893 3292 948 ἔσται
3320 892 3477 962 αὐτῷ
3502 892 3531 946 δ
3562 892 3652 946 ὲάν
3678 896 3798 968 stag.

2289 994 2456 1046 Ὅταν
2481 992 2715 1059 στήκητε
2765 987 3211 1059 προσευχόμενοι,
3274 986 3469 1057 ἀφίετε
3519 985 3573 1038 εῐ
3604 1004 3655 1041 τι
3680 988 3800 1059 ἔχετε

2288 1082 2429 1136 κατά
2450 1097 2613 1146 τινος,
2636 1079 2722 1133 ἴνα
2752 1079 2848 1133 καὶ
2878 1079 2906 1132 ό
2934 1077 3122 1148 Πατὴρ
3152 1077 3181 1130 ὐ
3190 1076 3307 1148 μῶν
3326 1080 3354 1130 ὁ
3383 1079 3445 1130 ὲν
3471 1080 3582 1141 τοῖς
3603 1079 3807 1151 οὐρανοζς

2289 1172 2398 1242 ἀφῇ
2427 1171 2554 1241 ύμῖν
2576 1170 2647 1223 τὰ
2670 1169 3094 1242 παραπτώματα
3126 1170 3299 1240 ὑμῶν.
3321 1188 3339 1220 ι

2366 1282 2384 1315 ι
2422 1257 2581 1317 Οὗτοι
2611 1263 2815 1326 πάντες
2836 1257 2978 1332 ἦσαν
3001 1260 3545 1333 προσκαρτεροῦντες
3576 1262 3809 1334 ὁμοθυμαο

2292 1359 2381 1412 δὸν
2401 1362 2466 1430 τῇ
2493 1360 2766 1429 προσευχῇ
2792 1357 2885 1410 καὶ
2905 1359 2970 1427 τῇ
2997 1356 3197 1426 δεήσει.
3247 1374 3265 1406 ν

2373 1468 2391 1500 ι
2428 1448 2540 1501 Καὶ
2561 1445 3067 1519 προσκαλεσάμενοι
3100 1446 3149 1498 οἱ
3194 1445 3405 1499 δώδεκα
3431 1445 3495 1498 τὸ
3526 1445 3711 1513 πλῆθος
3732 1446 3814 1499 τῶν

628 1533 1036 1593 multitudinem
1094 1539 1515 1609 discipulorum,
1572 1541 1830 1597 dixerunt
1874 1559 1889 1596 :
1937 1542 2056 1597 Non
2110 1551 2197 1599 est

2297 1541 2552 1613 μαθητῶν
2597 1536 2780 1595 εἷπον·
2829 1541 2941 1595 Οὐκ
2999 1541 3227 1614 ἀρεστόν
3264 1542 3383 1595 ἐστι
3431 1540 3815 1602 καταλείποντας

624 1639 845 1695 mquam
905 1629 1297 1702 derelinquere
1339 1635 1567 1690 verbum
1623 1635 1741 1702 Dei,
1773 1644 1827 1691 et
1878 1637 2195 1693 ministrare

2297 1637 2442 1707 ἡμᾶς
2465 1634 2556 1688 τὸν
2585 1634 2743 1704 λόγον
2766 1633 2861 1687 τοῦ
2877 1634 3036 1700 Θεοῦ,
3066 1635 3331 1689 διακονεῖν
3358 1633 3673 1705 τραπέζαις.
3700 1634 3815 1686 Ἐπιέ

624 1720 853 1775 mensis.
880 1723 1240 1780 Considerate
1294 1741 1449 1797 ergo,
1482 1726 1709 1793 fratres,
1752 1729 1901 1784 viros
1930 1745 1997 1785 ex
2038 1730 2194 1786 vobis

2298 1727 2570 1798 σκέψασθε
2596 1726 2711 1795 οὖν,
2744 1727 2980 1795 ἀδελφοὶ,
3029 1727 3228 1797 ἄνδρας
3257 1726 3317 1792 ἐξ
3347 1725 3506 1796 ὑμῶν
3550 1742 3805 1796 μαρτυρον

626 1807 754 1862 boni
794 1811 1101 1868 testimonii
1150 1824 1385 1885 septem,
1439 1818 1631 1888 plenos
1672 1818 1881 1891 Spiritu
1913 1830 2107 1876 sancto
2140 1830 2195 1878 et

2301 1821 2493 1892 μένους
2528 1821 2687 1885 ἑπτὰ,
2743 1820 2974 1891 πλήρεις
3018 1819 3336 1890 Πνεῦματος
3381 1820 3483 1873 καὶ
3524 1819 3722 1887 σοφίας,
3747 1820 3815 1887 υἷας

624 1900 912 1970 sapientia,
954 1921 1093 1977 quos
1153 1910 1555 1967 constituamus
1602 1928 1767 1980 super
1789 1913 1912 1985 {hoc
1950 1914 2191 1984 negotio.

2298 1913 2711 1983 καταστήσομεν
2756 1913 2851 1981 ἐπὶ
2897 1912 2997 1979 τῆς
3043 1912 3234 1983 χρείας
3278 1912 3511 1982 ταύτης.
3577 1913 3748 1981 Ἡμεῖς
3774 1912 3819 1965 δὲ

624 1990 734 2045 Nos
764 2003 947 2051 autem
970 1999 1212 2056 orationi
1273 2010 1328 2059 et
1361 2002 1674 2060 ministerio
1718 2006 1876 2060 verbi
1927 2006 2197 2063 instantes

624 2084 893 2155 erimus.»

697 2174 859 2248 465
904 2181 1025 2236 Act.
1087 2198 1143 2247 κ,
1198 2184 1419 2240 1-4.-
1456 2204 1476 2239 ι
1530 2187 1626 2244 Vir
1675 2190 1904 2259 quidam
1962 2200 2085 2247 erat
2139 2193 2197 2248 in

629 2268 878 2328 Caesarea
933 2275 1156 2332 nomine
1202 2277 1522 2345 Cornelius,
1560 2284 1819 2337 centurio
1866 2299 1933 2339 ex
1968 2285 2197 2342 cohorte

629 2378 752 2430 qua:
809 2365 1015 2421 dicitur
1065 2366 1276 2436 Italica,
1327 2374 1627 2443 religiosus
1653 2390 1721 2430 ac
1769 2376 1972 2432 timens
2028 2377 2199 2432 Deum

628 2471 756 2509 cum
791 2458 943 2513 omni
975 2459 1143 2516 domo
1174 2477 1294 2529 sua,
1333 2463 1544 2521 faciens
1576 2468 1959 2539 eleemosynas
1996 2471 2201 2527 multas

631 2548 685 2601 in
713 2548 892 2619 plebe,
947 2558 1002 2607 et
1063 2552 1367 2624 deprecans
1424 2556 1594 2612 Deum
1649 2574 1890 2629 semper.
1938 2557 2094 2615 Vidit
2142 2561 2199 2617 in

629 2642 750 2696 visu
785 2643 1081 2701 manifeste
1118 2647 1265 2703 circa
1308 2650 1501 2705 horam
1538 2651 1646 2706 diei
1693 2667 1894 2708 nonam
1944 2654 2200 2725 angelum

631 2734 727 2790 Dei
766 2737 1139 2797 introeuntem
1172 2741 1239 2795 ad
1281 2758 1361 2807 se,
1394 2751 1451 2799 et
1482 2744 1757 2800 dicentem
1783 2746 1889 2801 sibi
1917 2765 1932 2801 :
1958 2746 2199 2803 Corneli.

630 2828 699 2880 At
732 2828 823 2884 ille
848 2829 1069 2887 intuens
1101 2833 1155 2887 in
1188 2849 1339 2897 eum,
1372 2842 1426 2889 et
1460 2836 1654 2892 timore
1684 2846 1999 2908 correptus,
2037 2839 2199 2895 dixit:

629 2919 773 2985 Quid
808 2931 912 2990 est,
948 2925 1215 2982 Domine?
1253 2928 1400 2982 Dixit
1432 2938 1612 2984 autem
1648 2929 1699 2984 ei
1730 2950 1743 2984 :
1776 2930 2069 2986 Orationes
2098 2940 2204 2986 tute

630 3021 687 3067 et
747 3014 1112 3089 eleemosyna:
1180 3029 1291 3075 tua:
1339 3022 1717 3077 ascenderunt
1780 3023 1837 3078 in
1900 3032 2203 3095 conspectu

635 3104 751 3160 Dei.
794 3124 814 3157 ι

709 3198 897 3254 Enhes.
934 3216 1009 3269 vt,
1058 3202 1145 3258 18.
1198 3234 1264 3248 -ο
1310 3222 1330 3255 ι
1376 3203 1479 3258 Per
1541 3220 1758 3259 omnem
1797 3206 2107 3260 orationem
2148 3214 2270 3296 etc

631 3292 1074 3347 obsecrationem
1130 3304 1355 3352 orantes
1406 3296 1557 3351 omni
1600 3305 1848 3367 tempore
1892 3298 1950 3351 in
1982 3297 2201 3367 spiritu,

631 3383 766 3437 etin
800 3384 919 3452 ipso
956 3386 1245 3456 vigilantes
1278 3390 1332 3443 in
1373 3390 1523 3443 omni
1561 3390 1823 3445 instantia
1855 3402 1910 3445 et
1941 3392 2205 3447 obsecra-

636 3475 789 3528 tione
816 3491 915 3544 pro
948 3479 1206 3534 omnibus
1237 3481 1472 3545 sanctis,
1502 3489 1557 3535 et
1585 3496 1686 3551 pro
1720 3497 1828 3537 me.
1863 3501 1881 3533 ι
1919 3489 1931 3548 ξ

707 3567 736 3621 1
764 3564 900 3620 Tim.
940 3583 1001 3632 ιι,
1048 3570 1102 3631 1,
1137 3569 1189 3624 8.
1217 3601 1285 3610 —
1313 3588 1332 3621 ι
1390 3569 1635 3627 Obsecro
1664 3574 1907 3641 primum
1960 3576 2207 3631 omnium

638 3657 756 3711 ﬁeri
781 3658 1220 3724 obsecrationes,
1269 3663 1576 3729 orationes,
1609 3664 2038 3733 postulationes,
2078 3682 2207 3737 gra-

640 3751 837 3802 tiarum
874 3751 1123 3808 actiones
1172 3768 1270 3822 pro
1299 3755 1560 3811 omnibus
1592 3756 1946 3826 hominibus;
1981 3774 2081 3829 pro
2122 3776 2210 3815 re-

638 3843 819 3912 gibus,
839 3852 893 3898 et
920 3846 1181 3902 omnibus
1213 3847 1307 3917 qui
1340 3848 1394 3901 in
1427 3849 1769 3905 sublimitate
1798 3860 1930 3907 sunt
1959 3860 2019 3906 ut
2048 3853 2207 3922 quie-

643 3945 752 3988 tam
783 3945 838 3990 et
868 3939 1218 4008 tranquillam
1246 3941 1416 3994 vitam
1451 3957 1679 4009 agamus
1725 3943 1778 3997 in
1810 3945 1962 3999 omni
2003 3946 2209 4016 pietate

642 4037 696 4081 et
725 4030 999 4084 castitate.
1025 4031 1140 4084 lloc
1171 4034 1315 4087 enim
1345 4033 1547 4088 bonum
1574 4044 1658 4090 est
1686 4050 1872 4090 coram
1903 4037 2035 4093 Deo.
2075 4037 2206 4093 Volo

641 4119 791 4174 viros
844 4137 1005 4177 orare
1062 4126 1116 4178 in
1163 4127 1312 4180 omni
1343 4126 1489 4191 loco,
1524 4127 1771 4182 levantes
1806 4143 1974 4197 puras
2006 4144 2207 4185 manus

642 4212 764 4266 sine
791 4212 871 4267 ira
900 4223 954 4269 et
984 4215 1411 4287 disceptatione.
1446 4217 1736 4283 Similiter,
1776 4227 1831 4273 et
1860 4220 2139 4286 mulieres,
2183 4241 2203 4273 ι

546 4310 557 4315 “
639 4313 748 4360 etc.

712 4395 837 4451 Jac.
870 4415 921 4463 ν,
960 4398 1045 4463 15,
1079 4398 1164 4462 14,
1195 4400 1281 4453 15.
1310 4430 1380 4439 -
1411 4418 1429 4451 ι
1464 4399 1743 4456 Tristatur
1762 4402 1887 4471 quis
1921 4403 1976 4458 in
2013 4404 2209 4458 vobis?

643 4501 786 4544 oret.
830 4489 1013 4559 Aiquo
1053 4491 1237 4545 animo
1285 4493 1420 4547 est?
1458 4494 1675 4563 psallat.
1731 4495 2047 4550 Inﬁrmatur
2086 4499 2211 4566 quis

2298 2007 2579 2076 προσευχῇ
2614 2005 2708 2059 καὶ¹
2736 2007 2802 2077 τῇ
2832 2004 3079 2075 διακονίᾳ
3103 2005 3197 2058 τοῦ
3231 2005 3393 2073 λόγου
3422 2003 3658 2073 ἐσόμεθα
3679 2019 3814 2073 προσ·

2297 2114 2368 2149 κα
2377 2113 2465 2168 ρτε
2474 2096 2711 2165 ροῦντες.
2750 2115 2768 2148 ι

2374 2209 2392 2241 ι
2438 2188 2603 2260 Ἀνήρ
2626 2206 2709 2253 τις
2740 2184 2809 2259 ἦν
2837 2187 2895 2242 ἐν
2925 2184 3236 2257 Καισαρείᾳ
3254 2226 3269 2250 ,
3292 2184 3526 2253 ὀνόματι
3546 2183 3817 2252 Κορνήλιος,

2297 2281 2721 2352 ἑκατοντάρχης,
2742 2281 2807 2334 ὲκ
2827 2279 3058 2351 σπείρης
3085 2280 3185 2348 τῆς
3210 2276 3558 2347 καλουμένης
3582 2274 3819 2343 Ἰταλικῆς,

2298 2373 2550 2445 εὐσεϐὴς,
2588 2373 2684 2426 καὶ
2722 2372 3059 2443 φοϐούμενος
3100 2370 3236 2424 Θεὸν
3268 2370 3363 2423 σὺν
3416 2370 3579 2422 παντὶ
3622 2366 3692 2437 τῷ
3717 2367 3820 2429 οἴκῳ

2299 2464 2487 2531 αὐτοῦ,
2531 2464 2701 2519 ποιῶν
2750 2463 3120 2535 ἐλεημοσύνας
3150 2462 3353 2525 πολλὰς
3399 2463 3461 2514 ὲν
3489 2459 3567 2531 τῷ
3604 2459 3725 2528 λαῷ,
3749 2461 3816 2513 παὶ

2298 2559 2550 2629 δεόμενος
2582 2557 2717 2611 Θεοῦ
2755 2557 2846 2611 διὰ
2886 2554 3108 2620 παντός.
3144 2551 3297 2608 Εἷδεν
3329 2557 3389 2607 ὲν
3430 2554 3661 2624 ὁράματι
3693 2568 3818 2619 «adv:-

2304 2652 2429 2725 ρῶς,
2468 2651 2544 2713 ὡς
2575 2650 2705 2721 περὶ
2748 2649 2899 2721 ὥραν
2945 2649 3175 2721 ὲννάτην
3215 2650 3316 2719 τῆς
3357 2647 3598 2717 ἡμέρας,
3637 2644 3823 2713 ἄγγελον

2301 2743 2395 2798 τοῦ
2420 2744 2556 2797 Θεοῦ
2582 2742 2895 2798 εἰσελθόντα
2930 2742 3068 2813 πρὸς
3094 2741 3279 2806 αὐτὸν,
3317 2740 3419 2794 καὶ
3445 2739 3660 2793 εἰπόντα
3685 2737 3813 2806 αὐτῷ.

2302 2835 2589 2907 Κορνήλιε.
2628 2834 2686 2889 Ὀ
2728 2834 2788 2887 δὲ
2829 2834 3083 2896 ἀτενίσας
3119 2832 3289 2904 αὐτῷ,
3318 2833 3419 2887 καὶ
3456 2830 3682 2901 ἔμφοϐος
3701 2831 3821 2897 γενό-

2307 2945 2493 2999 μενος,
2543 2924 2698 2981 εἷπε·
2730 2927 2796 2980 Τί
2848 2928 2997 2993 ἐστι,
3026 2925 3216 2996 κύριες
3261 2921 3399 2979 Eine:
3450 2923 3510 2978 δὲ
3561 2924 3726 2993 αὐτῷ’
3769 2917 3822 2976 Αἱ

2305 3020 2604 3091 προσευχαί
2642 3039 2737 3075 σου
2786 3022 2881 3075 καὶ
2920 3022 3281 3093 ἐλεημοσύναι
3332 3037 3432 3074 σου
3482 3017 3731 3089 ἀνέϐησαν
3757 3016 3825 3069 ὲν-

2302 3112 2474 3168 ὠπιον
2501 3114 2595 3167 τοῦ
2624 3113 2782 3170 Θεοῦ.
2814 3133 2832 3167 ι

2381 3223 2398 3255 ι
2431 3204 2533 3258 Διὰ
2568 3204 2749 3274 πάσης
2777 3205 2944 3276 εὐχῆς
2968 3205 3062 3258 καὶ
3098 3205 3336 3276 δεήσεως
3361 3202 3759 3277 προσευχόμενοι
3776 3201 3815 3253 ἐν

2308 3295 2470 3349 παντὶ
2494 3294 2671 3366 καιρῷ
2699 3298 2757 3349 ὲν
2777 3296 3068 3366 πνεύματι,
3092 3298 3186 3350 καὶ
3206 3298 3287 3361 είς
3311 3297 3448 3350 αὐτὸ
3469 3294 3813 3368 ἀγρυπνοῦντες

2306 3386 2365 3440 ὲν
2409 3385 2560 3460 πάσῃ
2608 3388 3105 3458 προσκαρτερήσει,
3138 3387 3233 3441 καὶ
3262 3388 3449 3460 δεήσει
3498 3388 3623 3459 περὶ
3648 3386 3815 3439 πάντων

2308 3475 2415 3529 τῶν
2445 3476 2637 3545 ἁγίων,
2661 3478 2755 3531 καὶ
2785 3477 2925 3549 ὑπὲρ
2954 3478 3114 3547 ἐμοῦ.
3144 3496 3164 3529 ι

2389 3586 2406 3619 ι
2447 3568 2755 3639 Παρακαλῶ
2811 3568 2918 3639 πρὸ
2966 3570 3198 3638 ,πάντων
3228 3609 3245 3636 ,
3292 3569 3570 3623 ποιεῖσθαι
3620 3568 3814 3638 δεήσεις,

2308 3658 2639 3729 προσευχὰς,
2674 3659 2964 3724 ἐντεύξεις,
2998 3661 3347 3732 εὐχαριστίας
3366 3662 3509 3731 ὑπὲρ
3535 3661 3725 3715 πάντων
3745 3661 3812 3713 ἀνι

2309 3749 2561 3820 θρώπων,
2581 3751 2722 3822 ὑπὲρ
2751 3751 3034 3822 βασιλέων,
3054 3754 3146 3806 καὶ
3170 3754 3387 3808 πάντων
3410 3754 3522 3806 τῶν
3546 3754 3601 3807 ὲν
3624 3752 3813 3821 ὑπεροχῇ

2308 3843 2498 3909 ὄντων,
2530 3844 2598 3898 ἵν’
2650 3845 2859 3915 ἤρεμον
2912 3846 3005 3899 καὶ
3059 3845 3281 3916 ήσύχιον
3313 3845 3433 3916 βίον
3486 3846 3733 3915 διάγωμεν
3773 3843 3818 3893 ἐν

2309 3935 2456 4006 πάσῃ
2505 3936 2757 4007 εὐσεϐείᾳ
2818 3937 2915 3990 καὶ
2973 3936 3283 4007 σεμνότητι.
3336 3936 3512 3991 Τοῦτο
3555 3936 3655 4006 γὰρ
3690 3933 3813 3987 καλὸν

2310 4026 2540 4082 ἐνώπιον
2566 4028 2660 4083 τοῦ
2705 4029 2863 4083 Θεοῦ.
2897 4028 3171 4101 Βούλομαι
3201 4029 3600 4102 προσεύχεσθαι
3626 4028 3734 4090 τοὺς
3750 4028 3812 4080 ἀν-

2309 4120 2440 4193 δρας
2476 4122 2533 4173 ὲν
2553 4123 2720 4175 παντὶ
2742 4122 2912 4193 τόπῳ,
2944 4122 3263 4193 ἐπαίροντες
3290 4123 3447 4186 ὁσίας
3472 4124 3663 4193 χεῖρας,
3688 4120 3811 4189 χωρὶς

2309 4212 2481 4283 ὀργῆς
2510 4214 2604 4266 καὶ
2633 4212 3005 4286 διαλογισμοῦ.
3042 4214 3315 4278 Ὡσαύτως
3334 4216 3433 4267 καὶ
3463 4217 3759 4284 γυναῖκας.»

2388 4413 2406 4446 ι
2434 4394 2753 4451 Κακοπαθεῖ
2775 4416 2860 4461 τις
2881 4397 2956 4467 [sv
2989 4370 3153 4469 ὑμῖνς
3188 4398 3593 4469 προσευχέσθω.
3628 4395 3816 4460 Erimus?

2310 4500 2428 4551 τις;
2451 4485 2720 4555 ψαλλέτω.
2758 4488 3001 4543 Ἀσθενεί
3025 4507 3108 4553 τις
3134 4491 3191 4542 ἐν
3222 4491 3381 4561 ὐμῖν;
3407 4484 3815 4561 προσκαλεσάσθω

646 4581 703 4634 in
734 4581 934 4636 vobis?
970 4582 1196 4636 inducat
1248 4584 1599 4655 presbyteros
1640 4587 1925 4652 Ecclesia},
1965 4599 2019 4642 et
2049 4598 2205 4643 orent

2311 4579 2434 4640 τοὺς
2466 4578 2871 4651 πρεσϐυτέρους
2908 4580 3009 4650 τῆς
3043 4581 3400 4652 Ἐκκλησίας,
3435 4583 3527 4634 καὶ
3571 4575 3810 4649 προσευξάο

647 4686 812 4739 super
844 4688 992 4738 eum,
1040 4681 1309 4741 ungentes
1356 4690 1481 4728 eum
1510 4676 1630 4733 oleo
1670 4687 1864 4733 sancto
1898 4679 1951 4732 in
1987 4681 2213 4735 nomine

648 4761 860 4816 Domini
890 4780 903 4829 ;
935 4771 988 4818 et
1028 4765 1207 4820 oratio
1240 4765 1367 4821 ﬁdei
1413 4768 1645 4823 salvabit
1696 4770 1995 4838 inﬁrmum,
2045 4791 2064 4826 ι
2098 4780 2208 4829 etc.

719 4946 746 5000 Ι
777 4946 921 5002 Ρειν.
975 4966 1048 5015 ιν,
1078 4952 1131 5005 7.
1160 4981 1231 4991 —
1264 4970 1282 5004 ι
1322 4950 1512 5010 Estote
1545 4954 1863 5025 prudentes,
1909 4964 1963 5013 et
1992 4957 2213 5028 vigilate

642 5038 702 5092 in
729 5043 1098 5101 orationibus.
1140 5064 1157 5095 ι

718 5133 775 5187 S.
811 5132 1033 5205 Cregor.
1066 5136 1210 5196 Naz.
1236 5169 1308 5179 ——
1354 5139 1435 5196 Ne
1495 5142 1676 5212 exigui
1707 5142 1915 5213 ingenii
1941 5154 2210 5210 taxemur,

646 5240 813 5293 parva
850 5227 1103 5285 videlicet
1128 5231 1483 5298 postulando,
1519 5246 1581 5287 ac
1612 5232 1857 5287 donante
1893 5233 2138 5302 indigna.

723 5317 779 5372 S.
813 5318 1037 5389 Gregor.
1087 5321 1262 5394 Nysa.
1285 5354 1356 5363 —
1386 5322 1598 5379 Sonora
1625 5334 1714 5380 est
1746 5342 1809 5381 ea
1849 5343 1955 5382 vox
1991 5344 2113 5398 quae
2142 5328 2212 5383 ad

652 5407 868 5465 divinas
898 5426 1060 5467 aures
1110 5413 1357 5469 ascendit
1391 5432 1404 5468 :
1443 5429 1548 5467 non
1581 5415 1788 5469 clamor
1829 5416 1917 5471 ille
1951 5419 2043 5487 qui
2084 5432 2212 5472 cum

652 5491 838 5571 aliqua
887 5507 1238 5561 contentione
1302 5507 1503 5573 editur,
1560 5507 1659 5561 sed
1702 5508 1966 5577 cogitatio
2016 5526 2137 5579 qua:
2183 5525 2215 5564 a

654 5609 789 5663 pura
821 5597 1160 5652 conscientia
1200 5598 1499 5652 emittitur.

728 5686 922 5757 Ejusd.
956 5699 1096 5741 erat.
1138 5690 1161 5742 1
1197 5692 1251 5743 in
1286 5691 1439 5745 Orat.
1497 5688 1711 5744 Domin.
1766 5721 1829 5730 -
1894 5689 2215 5762 Sejungitnr

657 5798 689 5835 a
723 5780 831 5836 Deo
855 5781 948 5851 qui
979 5782 1218 5851 scipsnm
1268 5784 1319 5837 ei
1362 5798 1459 5851 per
1504 5782 1815 5840 orationem
1863 5784 2088 5842 minime
2119 5800 2214 5840 co-

663 5876 835 5945 pulat.
883 5875 1070 5946 Itaque
1104 5875 1236 5931 illud
1262 5876 1495 5945 primum
1524 5891 1589 5931 ex
1625 5874 1910 5933 Scriptura
1939 5876 2214 5934 discamus

2317 4668 2535 4723 σθωσαν
2573 4671 2661 4723 ἐπ’
2702 4672 2883 4738 αὐτὸν,
2915 4672 3235 4743 ἀλείψαντες
3268 4675 3427 4727 αὐτὸν
3460 4672 3617 4740 ἐλαίῳ
3655 4674 3705 4723 ἐν
3730 4667 3804 4719 όνό

2317 4777 2450 4830 ματι
2492 4760 2589 4814 τοῦ
2624 4763 2865 4835 κυρίου*
2910 4762 3004 4817 καὶ
3055 4766 3088 4835 ἠ
3125 4763 3257 4834 εὐχὴ
3291 4764 3391 4833 τῆς
3424 4763 3649 4821 πίστεως
3691 4756 3818 4809 σώσει

2312 4852 2403 4905 τὸν
2425 4852 2724 4922 κάμνοντα.
2762 4870 2782 4903 ι

2390 4963 2409 4997 ι
2441 4944 2857 5015 Σωφρονήσατε,
2892 4947 2987 4998 καὶ
3013 4944 3220 5016 νήψατε
3243 4945 3323 5007 εἰς
3349 4938 3662 5013 προσευχάς.
3689 4957 3705 4989 ι

2390 5130 2481 5202 Μὴ
2532 5128 2887 5203 μικρολογίαν
2942 5126 3449 5197 καταγνωσθιῦμεν,
3484 5129 3541 5181 ἐν
3584 5126 3653 5197 τῷ
3683 5124 3814 5196 μικρὰ

2316 5226 2492 5279 αἰτεῖν
2526 5225 2698 5296 ἡμᾶς,
2730 5223 2823 5279 καὶ
2851 5223 2945 5277 τοῦ
2977 5223 3210 5286 διδόντος
3240 5221 3453 5287 ἀνάξια.

2385 5316 2595 5387 Εῦηχός
2652 5316 2802 5369 ἐστιν
2862 5313 3043 5384 ἐκείνη
3095 5316 3129 5385 ή
3175 5314 3362 5385 φωνὴ,
3419 5312 3510 5367 καὶ
3562 5308 3702 5382 μέχᾷι
3741 5303 3818 5369 τῆς

2320 5409 2472 5473 θείας
2504 5407 2872 5462 ἀναϐαίνουσα
2924 5405 3113 5476 ἀκοῆς,
3143 5405 3241 5475 οὐχ
3268 5406 3302 5475 ἡ
3335 5403 3471 5475 μετά
3510 5418 3642 5462 τινος
3666 5394 3812 5450 διατά-

2318 5519 2455 5565 σεως
2481 5500 2741 5571 γινομένη
2791 5499 3026 5570 κραυγὴ,
3053 5497 3166 5551 ἀλλ’
3196 5499 3229 5567 ή
3269 5498 3375 5551 ἀπὸ
3418 5495 3650 5565 καθαρᾶς
3679 5502 3803 5542 συνει-

2315 5596 2524 5665 δήσεως
2551 5590 2989 5663 ἀναπεμπομένη
3020 5589 3336 5660 ὲνθύμησις.

2388 5686 2703 5758 Χωρίζεται
2733 5683 2893 5748 Θεοῦ,
2914 5684 2943 5737 ὁ
2974 5681 3049 5753 μὴ
3078 5683 3363 5735 συνάπτων
3386 5677 3569 5733 ἑαυτὸν
3593 5674 3671 5727 διὰ.

2320 5755 2587 5847 ευχῆςτῷ
2623 5775 2761 5831 Θεῶ.
2800 5771 3014 5829 Οὐκοῦν
3052 5769 3210 5825 τοῦτο
3262 5772 3366 5841 χρὴ
3417 5764 3659 5855 πρότερον
3698 5755 3811 5855 inti;

2319 5872 2629 5943 διδαχθῆναι
2667 5862 2744 5942 τῷ
2767 5869 2928 5939 λόγῳ,
2956 5869 3036 5923 ὅτι
3080 5874 3163 5929 δεῖ
3196 5870 3421 5928 πάντοτε
3454 5851 3800 5935 προσεύχεσθαι.
