3968 6414
146 363 280 429 11.41

1396 365 1633 426 SACRA
1678 366 2143 430 PARALLELA.

3229 373 3372 442 1442

142 481 238 534 καὶ
269 479 346 551 μὴ
384 478 665 532 ἐκκακεῖν.
701 476 797 531 Ἐκ
836 478 945 548 γὰρ
978 476 1072 531 τοῦ
1116 480 1512 551 προσεύχεσθαι
1553 500 1709 553 περι-

1829 492 2069 551 iportere
2133 498 2352 554 semper
2409 501 2602 551 orare,
2670 504 2771 545 nec
2829 506 3071 561 unquam
3139 492 3374 552 deﬁcere

148 576 353 641 γίνεται
401 572 462 626 rb
506 572 645 643 μετά
692 571 786 625 τοῦ
836 571 970 625 Θεοῦ
1004 568 1177 625 εἶναι·
1213 575 1241 626 ὁ
1272 574 1326 627 δὲ
1381 576 1518 643 μετὰ
1565 576 1703 630 Θεοῦ

143 668 239 733 ὢν,
274 664 369 719 τοῦ
399 664 782 735 ἀντικειμένου
816 664 1171 735 κεχώρισται.

213 850 500 923 Προσευχὴ
532 848 610 920 τῷ
644 850 744 919 μὲν
776 850 933 921 Ἰωνᾷ
963 849 1024 903 rb
1061 849 1227 921 κῆτος
1255 846 1402 905 οἷκον
1428 854 1704 924 ἐποίησεν,

141 945 234 999 τὸν
263 944 320 997 δὲ
361 942 609 1008 Ἐζεκίαν
652 944 718 996 ἐκ
763 943 874 997 τῶν
908 941 1092 996 πυλῶν
1152 943 1245 997 τοῦ
1290 944 1521 999 θανάτου
1569 944 1707 1017 πρὸς

137 1034 290 1108 ζωὴν
320 1036 659 1107 ἐπανήγαγε,
715 1037 828 1098 τοῖς
880 1035 937 1088 δέ
980 1036 1129 1107 τρισὶ
1180 1036 1321 1100 νέοις
1369 1038 1449 1101 εἰς
1489 1036 1709 1108 πνεῦμα

141 1128 413 1202 δροσῶδες
438 1128 540 1198 τὴν
568 1127 741 1197 φλόγα
772 1127 1019 1198 ἔτρεψεν.

222 1220 286 1273 Ὅ
315 1220 373 1273 ἐν
400 1217 579 1289 καιρῷ
610 1218 915 1289 προσευχῆς
946 1218 1021 1288 μὴ
1057 1217 1194 1287 πρὸς
1228 1216 1295 1270 τὰ
1326 1218 1710 1273 λυσιτελοῦντα

136 1315 211 1385 τῇ
234 1312 377 1384 ψυχῇ
400 1311 711 1383 τεταμένος,
738 1309 874 1364 ἀλλά
897 1309 1031 1382 πρὸς
1054 1311 1153 1373 τὰς
1182 1310 1448 1380 ἐμπαθεῖς
1471 1312 1569 1383 τῆς
1596 1312 1711 1367 δια-

141 1405 294 1468 νοίας
326 1404 567 1474 κινήσεις
592 1399 1028 1455 συνδιατίθεσθαι
1048 1402 1140 1453 τὸν
1168 1400 1302 1453 Θεὸν
1330 1401 1517 1468 ἀξιῶν,
1545 1401 1711 1473 λῆρός

140 1494 230 1558 τίς
252 1496 397 1547 ἐστιν
419 1495 492 1557 ὡς
514 1492 754 1562 ἀληθῶς,
772 1492 868 1544 καὶ
901 1490 1247 1561 βαττολόγος,
1274 1490 1369 1543 καὶ
1399 1491 1709 1561 φλήνάφης,

142 1589 244 1642 καὶ
273 1586 529 1657 φλυαρὸς,
556 1586 649 1639 καὶ
675 1585 729 1637 εἴ
754 1602 806 1637 τι
849 1583 977 1637 ἄλλο
1003 1583 1103 1653 τῆς
1140 1582 1397 1652 τοιαύτης
1433 1584 1709 1654 σημασίας

140 1677 284 1731 ἐστί.
316 1677 476 1747 Παρὰ
506 1675 600 1728 σοῦ
636 1692 725 1745 μοι
757 1673 893 1745 ζωὴ,
930 1674 1079 1745 παρά
1135 1674 1229 1727 σοῦ
1260 1674 1505 1744 γενέσθω
1543 1676 1641 1729 καὶ
1675 1677 1710 1747 ἡ

142 1769 284 1841 πρὸς
308 1768 369 1821 rb
394 1767 493 1838 ζῇν
517 1767 765 1837 ἀφορμή.

1804 575 1966 645 (Luc.
2004 592 2157 639 xvm,
2193 577 2283 648 1).
2318 578 2603 653 Siquidem
2637 597 2732 650 per
2761 584 3069 639 oralionem
3115 586 3218 642 hoc
3246 595 3374 658 quis

1807 669 2193 738 consequitur,
2232 678 2291 724 ut
2318 685 2448 725 cum
2481 672 2588 725 lleo
2616 674 2724 739 sit;
2762 675 2856 743 qui
2883 684 3067 731 autem
3102 693 3228 733 cum
3264 681 3375 737 Deo

1805 768 1910 825 est,
1949 762 2017 813 ab
2046 762 2371 816 adversario
2401 764 2625 818 avulsus
2653 774 2759 820 est.

1880 851 2026 907 Ibid.
2056 855 2330 909 —Oratlo
2360 853 2512 910 Jonae
2543 856 2761 926 quidem
2793 869 2974 915 cetum
3000 862 3224 918 domum
3252 879 3377 922 esse

1806 942 1983 1013 ipsius
2031 947 2279 1014 paravit;
2345 946 2633 1003 Ezechiam
2688 966 2820 1005 vero
2864 967 2930 1007 ex
2970 955 3146 1023 portis
3178 959 3378 1013 mortis

1809 1035 1879 1090 ad
1913 1037 2081 1091 vitam
2111 1037 2364 1107 reduxit;
2400 1041 2581 1098 tribus
2618 1043 3069 1102 adolescentibus
3096 1046 3376 1104 ﬂammant

1809 1128 1863 1183 in
1896 1132 2171 1185 roscidam
2205 1148 2394 1187 auram
2421 1136 2717 1191 convertit.

1884 1218 2024 1274 Ibid.
2049 1252 2119 1262 —
2150 1221 2255 1287 Qui
2281 1223 2336 1277 in
2363 1234 2604 1294 tempore
2636 1227 2910 1283 orationis
2938 1245 3048 1284 non
3076 1230 3142 1285 ad
3166 1246 3227 1286 ea
3258 1248 3380 1302 qum

1810 1314 2007 1368 anima:
2051 1316 2391 1380 conducunt,
2432 1327 2668 1373 mentem
2726 1322 2987 1385 attendit,
3022 1323 3118 1378 sed
3161 1324 3380 1379 vitiosis

1809 1406 2167 1477 cogitationis
2200 1424 2318 1464 suae
2352 1411 2587 1466 motibus
2622 1411 2790 1468 Deum
2835 1414 3065 1485 obsequi
3109 1418 3378 1487 postulat,

1811 1498 1900 1552 hic
1961 1508 2200 1569 nugator
2246 1502 2404 1571 plane
2452 1511 2507 1557 et
2558 1504 2860 1560 blaterator
2903 1516 3012 1572 est,
3044 1523 3107 1562 ac
3136 1510 3381 1563 multilo-

1811 1604 1978 1659 quus,
2025 1597 2081 1644 et
2116 1591 2161 1645 si
2211 1593 2345 1661 quid
2408 1594 2557 1648 aliud
2616 1596 2862 1651 eamdem
2916 1598 3377 1668 signiﬁcationem

1813 1679 1998 1734 habet.
2037 1681 2148 1737 Abs
2180 1690 2232 1735 te
2278 1684 2408 1737 milii
2462 1686 2574 1740 vita
2606 1694 2732 1742 est:
2779 1688 2878 1744 abs
2906 1696 2959 1744 te
2989 1705 3211 1761 quoque
3246 1690 3380 1744 mihi

1813 1771 1887 1827 sit
1911 1772 2038 1827 vitm
2064 1775 2391 1832 subsidium.

236 1859 461 1932 Ἐπειδὴ
486 1860 585 1931 τῆς
614 1859 708 1913 τοῦ
738 1855 947 1927 ἀγαθοῦ
977 1858 1213 1930 κρίσεως
1237 1858 1596 1930 ἀπεπλανήθη
1624 1860 1711 1914 διὰ

1885 1862 2078 1933 Ejusd.
2111 1878 2252 1920 orat.
2283 1870 2337 1923 '5.
2371 1899 2442 1909 —-
2464 1868 2733 1935 Quoniam
2772 1887 2869 1942 per
2899 1873 3101 1929 diaboli
3136 1874 3381 1930 fraudem

143 1958 251 2028 τῆς
273 1954 489 2026 ἀπάτης
513 1955 545 2026 ή
582 1951 897 2025 ἀνθρωπίνη
925 1951 1110 2022 φύσις,
1151 1952 1249 2006 καὶ
1279 1952 1415 2024 πρὸς
1443 1952 1505 2006 rb
1524 1956 1713 2031 χεῖρον

144 2051 182 2119 ή
235 2047 349 2119 ζωὴ
396 2046 507 2099 τῶν
540 2043 843 2116 ἀνθρώπων
892 2044 1301 2117 κατεκρατήθη,
1332 2046 1511 2110 καλῶς
1560 2044 1713 2117 εὐχό-

145 2139 290 2208 μεθα
323 2137 419 2190 τοῦ
458 2134 593 2190 Θεοῦ
635 2134 733 2201 τὴν
768 2133 1048 2205 βασιλείαν
1084 2135 1283 2191 ἐλθεῖν.
1325 2138 1399 2192 Οὐ
1432 2138 1540 2209 γὰρ
1565 2138 1714 2193 ἔστιν

140 2229 324 2292 ἄλλως
354 2227 572 2281 ἐκδῦναι
612 2225 711 2298 τὴν
739 2227 984 2299 πονηρὰν
1006 2228 1106 2297 τῆς
1139 2229 1343 2299 φθορᾶς
1375 2229 1711 2295 δυναστείαν,

144 2324 227 2392 μὴ
261 2321 357 2390 τῆς
386 2317 649 2384 ξωοποιοῦ
688 2318 970 2390 δυνάμεως
1010 2320 1095 2388 ἐφ’
1132 2320 1287 2391 ἡμῶν
1316 2322 1715 2393 ἀπιλαὸούσης

138 2411 209 2463 τὺ
247 2412 466 2480 κράτος.
515 2410 639 2463 Ἐὰν
669 2405 760 2462 οῦν
790 2409 1241 2481 προσευξώμεθα,
1273 2414 1446 2484 ταύτῃ
1474 2416 1538 2485 τῇ
1564 2413 1717 2466 δυνά-

149 2521 244 2574 μει
269 2500 359 2555 τὸν
384 2502 516 2555 Θεὸν
542 2502 894 2573 ίκετεύωμεν·
940 2502 1332 2575 Ἀπαλλαγείην
1362 2507 1462 2576 τῆς
1487 2506 1714 2578 φθορᾶς·

144 2594 577 2666 ἑλευθερωθείην
596 2594 691 2647 τοῦ
718 2595 946 2648 θανάτου
970 2611 985 2626 ⁸
1024 2596 1223 2666 μηκέτι
1257 2594 1380 2649 κατ’
1409 2597 1544 2667 ἐμοῦ
1570 2598 1717 2668 βασι-

144 2688 358 2741 λευέτω
394 2688 463 2741 τά
528 2686 622 2742 νῦν
675 2686 1078 2757 ἐπικρατοῦντα
1127 2687 1305 2757 πάθη,
1349 2688 1482 2758 μηδέ
1538 2691 1717 2759 ἀγέτω

148 2797 221 2850 με
248 2781 278 2832 ὁ
310 2779 565 2848 πολέμιος
610 2778 697 2831 διὰ
727 2780 830 2849 τῆς
872 2778 1146 2849 ἁμαρτίας
1194 2777 1569 2850 αἰχμάλωτονο
1600 2781 1715 2836 ἀλλ’

144 2870 352 2923 ἐλθέτω
381 2870 467 2923 ἐπ’
500 2869 599 2941 ἐμὲ
648 2871 681 2941 ἡ
732 2867 978 2940 βασιλεία
1023 2887 1140 2936 σου,
1173 2870 1261 2923 ἵνα
1304 2872 1641 2945 ἀποχωρήσῃ
1682 2877 1715 2946 ὴ

143 2962 248 3016 τοῦ
283 2961 524 3015 ἐναντίου
557 2961 835 3031 τυραννίς.
876 2961 950 3014 οὐ
988 2962 1097 3033 γὰρ
1126 2962 1386 3033 ὑπομένει
1416 2966 1476 3018 τὸ
1526 2967 1717 3030 σκότος

144 3053 253 3125 ’τὴν
290 3051 384 3105 τοῦ
425 3050 600 3121 φωτὸς
638 3051 968 3119 παρουσίαν,
1008 3052 1070 3104 οὐ
1101 3052 1254 3117 νόσος
1304 3053 1494 3122 ὑγείας
1537 3054 1719 3107 ἐπιλα-

150 3144 367 3215 δούσης·
384 3143 620 3207 ἵσταται,
653 3142 755 3195 οὐκ
781 3143 994 3212 ἐνεργεῖ
1020 3142 1088 3195 τὰ
1121 3142 1290 3212 πάθη,
1324 3143 1427 3214 τῆς
1447 3144 1716 3209 ἀπαθείας

1815 1969 1845 2008 a
1872 1953 2000 2010 boni
2048 1958 2409 2015 mstimatione
2441 1960 2686 2016 humana
2723 1973 2925 2019 natura
2958 1966 3256 2031 aberravit,
3295 1978 3386 2021 at-

1816 2060 1924 2116 que
1953 2062 1983 2099 a
2018 2047 2152 2103 vitio
2184 2050 2293 2103 vita
2325 2059 2513 2106 nostra
2557 2063 2819 2124 superata
2865 2063 2972 2118 est,
3014 2064 3165 2111 recte
3192 2072 3387 2126 preca-

1815 2154 1941 2193 mur
1976 2147 2035 2194 ut
2084 2156 2314 2212 regnum
2366 2143 2457 2199 Dei
2516 2147 2720 2200 veniat.
2758 2144 2950 2217 Neque
2979 2148 3131 2202 enim
3160 2150 3266 2204 alia
3301 2166 3390 2204 ra-

1816 2230 1967 2287 tione
2031 2247 2062 2286 a
2113 2248 2282 2302 prava
2347 2236 2726 2305 corruptionis
2780 2238 3159 2294 dominatione
3221 2241 3388 2297 eximi

1817 2336 2136 2401 possumus,
2176 2323 2280 2377 nisi
2335 2325 2550 2380 viviﬁca
2588 2328 2834 2397 potentia
2882 2329 3172 2399 imperium
3200 2332 3255 2385 in
3287 2348 3391 2389 nos

1816 2402 2135 2484 arripiente.
2177 2415 2449 2481 Quocirca
2500 2433 2624 2472 cum
2674 2420 2979 2484 orabimus,
3038 2422 3141 2477 hac
3190 2424 3392 2479 verbo-

1816 2518 1940 2558 rum
1974 2505 2027 2559 vi
2074 2504 2261 2583 Deum.
2290 2523 2547 2579 rogemus
2582 2528 2595 2561 :
2649 2510 2897 2577 Eximar,
2951 2528 3162 2582 quaeso,
3196 2530 3226 2568 a
3272 2530 3394 2570 cor-

1816 2597 2105 2667 ruptione;
2138 2598 2345 2655 liberer
2377 2599 2545 2672 “6
2581 2616 2610 2654 a
2643 2610 2849 2669 morte;
2887 2619 2994 2658 non
3029 2605 3083 2659 in
3120 2620 3207 2660 me
3232 2606 3393 2662 dein-

1818 2702 1944 2758 ceps
2003 2698 2235 2759 regnent
2286 2691 2418 2745 vitia
2448 2707 2573 2762 quae
2623 2693 2787 2747 modo
2841 2694 2973 2748 mihi
3006 2696 3387 2762 dominantur,

1820 2798 1921 2838 nec
1946 2799 2032 2839 me
2064 2785 2243 2841 hostis
2275 2801 2367 2854 per
2404 2797 2689 2857 peccatum
2738 2789 2794 2841 in
2842 2789 3227 2858 captivitatem
3278 2802 3395 2847 tra-

1817 2873 1944 2939 hat;
1976 2891 2168 2930 verum
2217 2878 2403 2932 veniat
2454 2879 2510 2932 in
2553 2893 2640 2933 me
2672 2893 2903 2948 regnum
2952 2889 3129 2948 tuum,
3162 2898 3274 2952 quo
3306 2884 3399 2939 ad-

1818 2968 2046 3022 versarii
2097 2971 2346 3041 tyrannis
2398 2972 2681 3027 abscedat.
2722 2970 2842 3027 Non
2896 2974 3042 3027 enim
3086 2976 3229 3032 lucis
3266 2993 3398 3047 prm-

1821 3061 2055 3113 sentiam
2104 3062 2279 3132 caligo
2333 3063 2617 3129 sustinet;
2671 3079 2782 3119 non
2832 3065 3061 3121 morbus
3113 3067 3401 3126 oboriente

1821 3152 2057 3208 sanitate
2096 3156 2393 3223 consistit;
2459 3172 2569 3211 non
2618 3156 2763 3213 vires
2794 3172 2929 3213 suas
2981 3169 3245 3215 exserunt
3273 3156 3400 3232 per?

149 3235 460 3307 παρούσης.
487 3232 720 3306 Φροῦδος
744 3235 772 3287 ὁ
804 3232 1283 3307 θάνατος,ἀφανὴς
1302 3237 1337 3307 ή
1367 3235 1564 3307 φθορὰ,
1597 3238 1719 3291 ὅταν

1829 3244 2201 3313 turbatioues,
2239 3247 2369 3302 dum
2403 3250 2785 3320 tranquillitas
2820 3249 3000 3306 adest.
3032 3250 3180 3307 Mors
3212 3254 3400 3311 inanis

152 3332 216 3382 ἐν
248 3331 380 3399 ἡμῖν
412 3327 726 3399 βασιλεύῃή
764 3325 897 3398 ζωὴ,
929 3326 1025 3380 καὶ
1056 3329 1088 3399 ή
1118 3330 1397 3399 ἀφθαοσία
1434 3332 1495 3384 rb
1522 3331 1725 3403 κράτος

152 3424 260 3494 ἔχῃ
271 3466 285 3479 .

223 3443 524 3589 ΐίςενηθήτω
549 3520 606 3573 ἐν
633 3518 759 3591 ἐμοὶ
792 3519 854 3571 rb
883 3517 1096 3589 θέλημὰ
1130 3534 1248 3580 σου,
1277 3516 1366 3571 ἵνα
1400 3516 1601 3589 σ6εσθῇ
1624 3517 1724 3571 τοῦ

150 3613 405 3667 διαϐόλου
424 3613 484 3665 τὸ
509 3610 957 3681 θέλημα.”Ωσπερ
974 3610 1085 3681 γὰρ
1116 3610 1173 3662 ἐν
1190 3612 1305 3672 τοῖς
1335 3608 1599 3679 ζοφώδεσι
1618 3609 1728 3662 τῶν

154 3706 446 3776 σπηλαίων
485 3705 657 3774 φωτὸς
681 3703 1118 3775 είσκομισθέντος
1146 3704 1174 3755 ὁ
1200 3701 1360 3773 ζόφος
1382 3701 1725 3771 ἀφανίζεται,

151 3800 306 3855 οῦτω
329 3798 423 3853 τοῦ
455 3798 548 3851 σοῦ
577 3798 882 3869 θελήματος
912 3797 970 3850 ἐν
996 3796 1123 3866 ἐμοὶ
1153 3795 1470 3866 γενομένου,
1511 3796 1659 3847 πᾶσα
1693 3796 1727 3866 ή

156 3892 381 3965 πονηρά
404 3892 500 3947 καὶ
543 3892 745 3954 ἄτοπος
774 3891 873 3960 τῆς
909 3889 1283 3961 προαιρέσεως
1310 3886 1523 3956 κίνησις
1552 3889 1633 3973 ei;
1666 3886 1729 3940 rb

158 3988 244 4061 μὴ
266 3986 327 4041 ὃν
353 3986 722 4059 περιΐσταται.
753 3984 978 4057 Θέλημα
1016 3984 1123 4054 γάρ
1161 4000 1254 4036 σου
1283 3983 1317 4053 ή
1351 3982 1594 4053 σωτηρία
1621 3981 1731 4036 τῶν

157 4080 472 4153 ἀνθρώπων
499 4079 670 4135 ἐστίν.

1824 3348 1928 3402 eSI,
1962 3338 2250 3409 corruptio
2281 3342 2460 3397 oculis
2508 3357 2622 3397 non
2665 3344 2990 3413 percipitur,
3036 3345 3256 3414 quando
3288 3348 3401 3403 vita

1825 3438 2019 3500 regnat
2048 3431 2101 3485 in
2132 3433 2321 3500 nobis,
2358 3442 2412 3489 et
2449 3435 2801 3505 incorruptio
2826 3438 3120 3508 imperium
3156 3448 3327 3503 tenet,

1897 3521 2090 3593 Ejusd.
2138 3538 2279 3581 orat.
2320 3527 2377 3581 4.
2435 3526 2626 3582 ~Fiat
2668 3528 2723 3583 in
2769 3545 2857 3585 me
2889 3530 3146 3586 voluntas
3185 3541 3298 3597 tua,
3340 3542 3402 3588 ut

1828 3614 2030 3670 diaboli
2073 3618 2328 3674 voluntas
2358 3622 2766 3690 exstinguatur.
2799 3620 2959 3686 Nam,
2994 3624 3140 3678 sicut
3172 3624 3225 3678 in
3259 3625 3398 3679 cali-

1828 3702 2040 3771 ginosis
2095 3706 2270 3763 antris
2323 3708 2476 3761 illata
2538 3709 2663 3764 luce
2716 3711 2961 3766 tenebrae
3003 3713 3399 3782 dispelluntur,

1830 3794 1928 3861 ita,
1958 3796 2005 3850 si
2058 3798 2316 3855 voluntas
2360 3810 2453 3856 tua
2488 3802 2540 3855 in
2575 3817 2663 3858 me
2709 3802 2854 3858 facta
2887 3805 2982 3870 sit,
3022 3808 3204 3862 omnis
3236 3824 3401 3876 prava

1832 3897 1888 3943 et
1916 3899 2249 3960 praepostera
2286 3894 2592 3952 voluntatis
2625 3895 2852 3965 agitatio
2883 3897 2936 3951 in
2979 3899 3215 3954 nihilum
3256 3902 3405 3956 redi-

1831 3979 2001 4049 gitur.
2062 3980 2178 4037 Tua
2239 3983 2513 4055 siquidem
2573 3986 2828 4044 voluntas
2878 3991 3194 4045 mortalium
3254 3994 3405 4051 salus

1830 4082 1935 4129 CSl.

244 4176 308 4229 ‘0
332 4173 427 4228 τοῦ
451 4170 694 4243 πονηροῦ
719 4169 984 4244 ρυσθῆναι
1012 4166 1325 4240 εὐχόμενος,
1354 4166 1460 4233 ἔξω
1482 4167 1591 4221 τῶν
1622 4183 1733 4221 πει-

162 4262 400 4336 ρασμῶν
433 4259 685 4330 γενέσθαι
718 4259 1052 4330 παρακαλεῖ.

238 4354 412 4406 Ὅταν
440 4353 507 4406 δι’
548 4351 712 4423 εὐχῆς
752 4349 1108 4422 αἰτησώμεθά
1138 4367 1191 4403 τι
1220 4348 1311 4403 τὸν
1334 4348 1628 4421 Δεσπότην,
1659 4349 1735 4421 μὴ
1785 4420 1803 4441 ⁹

157 4442 380 4514 ταχέως
416 4442 858 4513 ἐξατονήσωμεν,
893 4440 1032 4494 ἀλλά
1063 4439 1123 4493 τὸ
1165 4440 1386 4510 συνεχὲς
1417 4438 1515 4510 τῆς
1542 4441 1737 4494 ἀποτυ-

159 4539 295 4612 χίας
324 4538 393 4610 τῇ
424 4536 677 4607 συνεχείᾳ
704 4537 801 4607 τῆς
826 4534 1097 4605 αἰτήσεως
1128 4533 1526 4603 ἐκνικήσωμεν.

1904 4161 1966 4219 S.
1998 4162 2275 4235 Chrysost.
2324 4194 2363 4201 —
2402 4165 2504 4233 Qui
2554 4176 2817 4239 precatur
2864 4177 2924 4223 ut
2957 4183 2987 4222 a
3024 4170 3171 4224 man
3204 4170 3343 4227 liber
3378 4202 3406 4217 -

1833 4264 1943 4323 tur,
1983 4256 2087 4310 hoc
2119 4258 2392 4327 postulat,
2425 4269 2485 4313 ut
2512 4274 2541 4313 a
2575 4260 2974 4315 tentationibus
3001 4260 3300 4317 eximatur.

1909 4345 2189 4417 Ejusdem.
2213 4378 2286 4389 —
2311 4347 2544 4415 Quando
2584 4351 2870 4421 quidpiam
2922 4351 3133 4405 orando
3181 4354 3411 4423 petieri-

1836 4456 1960 4496 mus
2000 4457 2031 4495 a
2097 4440 2352 4508 Domino,
2411 4458 2481 4497 ne
2535 4443 2718 4499 statim
2773 4444 3263 4514 elanguescamus;
3315 4447 3410 4503 sed

1762 4573 1810 4631 Β
1838 4534 2074 4603 repulsae
2112 4535 2516 4600 assiduitatem,
2569 4536 2898 4592 assiduitate
2929 4538 3219 4607 petitionis
3250 4554 3413 4611 supe-

1843 4645 1954 4683 rem
1965 4645 2051 4683 US.

251 4725 344 4777 Ἐν
372 4724 491 4787 ταῖς
538 4719 824 4783 ἀναϐολαῖς
859 4718 952 4773 καὶ
987 4719 1107 4781 ταῖς
1137 4716 1469 4788 ὑπερθέσεσι
1508 4716 1616 4771 τῶν
1644 4716 1719 4770 δω

1917 4720 2193 4791 Ejusdem.
2225 4720 2455 4777 —Cunt
2501 4723 2646 4777 Deus
2692 4723 2961 4778 beneﬁcia
2994 4724 3202 4791 diﬁ‘ert,
3245 4733 3419 4797 atque

167 4817 318 4889 ρεῶν
359 4815 452 4869 τοῦ
500 4813 635 4868 Θεοῦ
686 4813 761 4884 μὴ
815 4811 1214 4883 προκάμωμεν,
1254 4809 1389 4879 μήδέ
1444 4808 1719 4880 προαναπί

1845 4814 1900 4868 in
1931 4814 2149 4883 longius
2185 4815 2478 4885 protrahit,
2509 4831 2578 4870 ne
2611 4814 2935 4886 frangantur
2978 4818 3199 4883 animis,
3236 4834 3418 4888 neque

161 4926 418 4978 πτωμεν.
464 4904 733 4970 Πολλάκις
778 4903 889 4975 γὰρ
925 4904 954 4956 ὁ
996 4901 1271 4973 Δεσπότης
1313 4901 1413 4971 τὴν
1471 4899 1719 4955 δοκοῦσαη

1845 4908 2221 4963 concidamus.
2253 4908 2409 4978 Saepe
2447 4910 2592 4964 enim
2646 4907 2914 4964 Dominus
2954 4909 3276 4966 dilationem
3309 4910 3421 4967 hu-

163 5002 442 5074 ἀναϐολὴν
463 5005 544 5066 είς
582 5000 816 5063 πίστεως
842 4996 1147 5070 γυμνασίαν
1175 4995 1457 5067 παρέλκει.

1844 4998 2086 5070 jusmodi
2126 4998 2196 5054 ad
2228 5000 2547 5055 exercitium
2584 5000 2709 5056 ﬁdei
2744 5002 3025 5071 producit.

248 5098 429 5153 Καλὸν
452 5097 684 5151 πάντοτε
710 5093 800 5149 διὰ
826 5092 1135 5166 προσευχῆς
1164 5091 1373 5162 ὁμιλεῖν
1399 5090 1476 5162 τῷ
1503 5091 1640 5163 Θεῷ.
1678 5092 1719 5146 Ε

1923 5091 2200 5162 Ejusdem.
2231 5122 2301 5133 -—
2338 5091 2669 5148 Praeclarum
2714 5105 2799 5150 est
2843 5112 2968 5149 cum
3026 5094 3139 5151 Deo
3198 5105 3423 5166 semper

168 5196 293 5265 γὰρ
320 5190 576 5261 συντυχία
617 5186 808 5261 ἀνδρὸς
830 5186 1037 5256 ἀγαθοῦ
1079 5184 1279 5255 βελτιοῖ
1306 5183 1398 5237 τὸν
1445 5186 1719 5256 συντυγχά

1849 5204 1940 5260 per
1996 5187 2298 5242 orationem
2354 5186 2813 5242 consuetudinem
2879 5186 3106 5242 habere.
3168 5184 3310 5241 Nam
3373 5186 3418 5242 si

170 5301 366 5347 νοντα,
409 5284 558 5352 πόσῳ
611 5280 811 5353 μᾶλλον
848 5279 956 5350 iam).
1010 5279 1069 5332 ἐν
1113 5275 1295 5348 ἡμέρᾳ
1338 5276 1435 5331 καὶ
1480 5279 1540 5331 ἐν
1588 5282 1719 5332 νυκτ

1852 5294 2190 5352 congressus
2226 5293 2354 5333 cum
2386 5277 2507 5332 viro
2540 5278 2686 5333 bono
2717 5278 2995 5333 meliorem
3050 5278 3233 5334 reddit
3264 5279 3418 5334 illum

175 5377 540 5450 προσομιλεῖν
560 5374 637 5445 τῷ
665 5372 804 5444 Θεῷ.
1324 5362 1327 5367 ’

1852 5375 2106 5445 quicum
2164 5387 2228 5427 eo
2278 5371 2652 5442 congreditur,
2687 5366 2896 5436 quan‘to
2948 5370 3125 5440 magis
3175 5371 3319 5427 idem
3369 5371 3418 5427 ei

1851 5460 2196 5531 usuvenefit,
2251 5466 2344 5536 qui
2390 5465 2485 5520 diu
2532 5473 2803 5533 noctuque
2832 5478 2958 5516 cum
2992 5461 3104 5520 Deo
3131 5466 3416 5521 versatur!

247 5563 417 5633 Μέγα
442 5562 646 5631 ἀγαθὸν
678 5562 834 5633 εὐχὴ,
863 5559 959 5614 ἐὰν
990 5559 1129 5631 μετά
1158 5558 1395 5623 διανοίας
1430 5559 1717 5632 εὐχαριστο

1926 5558 2200 5628 Ejusdem.
2220 5555 2561 5627 —Magnum
2591 5556 2799 5611 bonum
2840 5564 2926 5609 est
2960 5557 3159 5621 oratio,
3192 5559 3238 5613 si
3266 5568 3424 5629 grato

177 5654 435 5725 γένηται,
471 5653 566 5706 ἐάν
600 5651 982 5721 παιδεύσωμεν
1014 5650 1265 5714 ἑαυτοὺς,
1298 5650 1373 5721 μὴ
1409 5650 1566 5721 μόνον
1607 5648 1719 5719 λαμ

1858 5655 2043 5709 animo
2078 5653 2189 5719 ﬁat,
2231 5666 2446 5730 nosque
2491 5650 2643 5720 ipsos
2690 5650 2766 5703 ila
2813 5649 3156 5714 erudiamus.
3208 5658 3271 5704 ut
3306 5650 3422 5705 sive

182 5747 475 5812 ϐάνοντας,
506 5746 641 5800 ἀλλὰ
675 5746 770 5799 καὶ
799 5742 1271 5812 ἀποτυγχάνοντας
1306 5742 1648 5814 εὐχαριστεῖν
1676 5744 1719 5797 ri

1857 5754 2109 5802 votorum
2136 5740 2427 5817 compotes‘
2463 5742 2661 5817 simus,
2696 5742 2811 5797 sive
2838 5741 3114 5812 repulsam
3158 5740 3422 5806 feramus,

178 5842 330 5909 Θεῷ.
363 5843 476 5898 Καὶ
501 5842 609 5907 γὰο
640 5843 771 5897 ποτέ
811 5843 907 5898 μὲν
947 5840 1151 5911 δίδωσι,
1181 5838 1312 5893 ποτέ
1342 5839 1400 5893 δέ
1424 5840 1485 5894 οὐ
1516 5838 1719 5894 δίδωσιι

1862 5840 1975 5899 Deo
2027 5840 2232 5913 gratias
2280 5852 2532 5899 aramus.
2579 5836 2792 5892 Etenim
2827 5837 3161 5906 quandoque
3190 5834 3427 5906 largitur
