4052 6406
612 400 748 464 1443
1766 393 1827 453 S.
1868 388 2110 452 JOANN
2118 388 2188 449 IS

2229 384 2643 449 DAMASCENI
3712 381 3829 449 1M4

608 508 938 581 quandoque
968 520 1161 562 rursus
1201 515 1407 577 negat:
1448 498 1744 575 utrumque
1792 502 2023 556 utiliter.
2059 498 2172 553 lta-
2202 547 2208 557 .

2226 500 2560 572 tdpcpérspa
2610 498 2918 570 χρησίμως.
2955 498 3118 551 Ὥστε
3154 497 3257 552 κάν
3290 495 3483 569 λάϐῃς,
3520 496 3627 549 κᾶν
3659 497 3727 566 μὴ
3752 497 3826 551 λά-

607 616 734 668 que,
767 600 990 654 etiamsi
1033 612 1143 653 non
1190 597 1460 667 accipias,
1517 610 1626 650 non
1664 592 1986 663 accipiendo
2024 604 2180 645 acco-

2284 593 2408 666 ϐῃς,
2466 592 2657 657 ἔλαϐες
2686 592 2745 645 ἐν
2768 590 2846 662 τῷ
2871 590 2945 663 μὴ
2979 591 3277 645 ἀπολαϐεῖν
3302 609 3315 621 ·
3341 590 3445 644 κάν
3470 590 3547 661 μὴ
3574 590 3831 659 ἐπιτύχῃς,

606 693 768 763 pisti;
798 691 1021 746 etiamsi
1048 690 1197 761 quod
1231 687 1533 759 optaveris,
1576 686 1806 740 minime
1843 691 2181 740 consecutus

2281 688 2543 759 ἐπέτυχες
2570 688 2628 740 ἐν
2666 685 2747 757 τῷ
2783 684 2859 758 μὴ
2895 686 3193 756 ἐπιτυχεῖν.
3221 686 3379 739 Ἐστι
3410 684 3522 755 γάρ
3567 684 3659 736 ὅτε
3696 684 3754 735 τό
3776 685 3834 754 μὴ

605 783 709 847 sis,
742 797 853 837 non
905 781 1304 852 consequendo
1365 786 1701 834 consecutus
1757 792 1842 833 es.
1896 775 2179 830 Interdum

2278 779 2464 835 λαϐεῖν
2505 781 2643 851 ὅπερ
2683 777 2977 851 αἰτοῦμεν,
3011 778 3105 832 τοῦ
3156 777 3344 832 λαϐεῖν
3386 775 3835 846 λυσιτελέστερον.

603 878 751 929 enim
805 890 915 931 non
972 875 1224 944 accipere
1277 871 1425 943 quod
1476 870 1842 940 postulamus,
1881 868 2057 923 satius
2095 874 2181 923 est

2279 873 2345 928 Εί
2378 874 2487 946 γὰρ
2517 872 2796 946 συμφέρον
2826 875 2960 944 ἡμῖν
3002 872 3261 938 πολλάκις
3289 872 3349 926 τὸ
3394 870 3607 935 λαϐεῖν,
3642 870 3838 931 πάντως

606 984 772 1037 quam
824 968 1100 1037 accipere.
1161 964 1296 1018 Nam
1337 963 1385 1019 si
1438 961 1575 1016 utile
1627 968 1774 1016 esset
1818 959 2089 1029 accipere,
2124 956 2180 1011 id

2278 966 2478 1021 ἔδωκεν
2506 966 2593 1021 ἀν.
2629 965 2704 1018 Τὸ
2728 965 2785 1019 δὲ
2817 966 3201 1037 συμφερόντως
3233 965 3550 1035 ἀποτυχεῖν,
3581 963 3840 1030 ἐπιτυχεῖν

606 1078 835 1131 prorsus
869 1060 1135 1115 dedisset.
1196 1056 1373 1111 Porro
1427 1064 1522 1109 tuo
1576 1053 1723 1108 bono
1758 1066 1869 1107 non
1911 1049 2178 1121 consequi
2278 1057 2413 1111 ἐστι.

605 1152 749 1222 quod
784 1158 955 1221 petas,
999 1149 1102 1203 boc
1140 1148 1303 1217 plane
1329 1144 1603 1215 consequi
1635 1152 1741 1200 est.
2282 1214 2287 1217 _

690 1243 965 1312 Ejusdem.
994 1271 1066 1280 —
1089 1243 1288 1312 Ingens
1311 1248 1594 1293 armatura
1628 1246 1711 1292 est
1742 1235 1943 1298 oratio,
1982 1235 2177 1305 ingens

2348 1242 2506 1312 Μέγα
2539 1243 2705 1298 ὅπλον
2740 1243 2897 1314 εὐχὴ,
2938 1242 3108 1314 μέγας
3159 1242 3385 1313 κόσμος,
3422 1241 3640 1313 μεγάλη
3681 1241 3842 1309 ἀσφά-

601 1346 1007 1400 ornamentum,
1038 1334 1356 1405 praesidium
1405 1332 1621 1403 ingens.
1663 1329 1797 1384 Nam
1832 1345 1958 1384 cum
1989 1329 2175 1384 homi-

2277 1336 2413 1391 λεια.
2478 1336 2808 1408 Ἀνθρώπων
2845 1335 2944 1405 μὲν
2990 1336 3099 1407 γάρ
3129 1336 3408 1407 δεόμενοι,
3444 1336 3563 1403 ικαὶ
3611 1333 3842 1404 δαπάνης

602 1443 699 1482 ues
734 1442 982 1491 oramus,
1049 1425 1364 1496 sumptibus
1425 1431 1482 1479 et
1531 1422 1779 1492 pecuniis
1817 1435 1957 1491 opus
2006 1420 2177 1475 habe-

2277 1430 2371 1483 καὶ
2415 1427 2712 1502 χρημάτων
2768 1426 3035 1497 δεόμεθα,
3090 1428 3183 1481 καλ⁸
3234 1427 3528 1490 κολακείας
3562 1426 3843 1497 δουλοπρε-

602 1534 747 1577 mus.
804 1518 1104 1587 servilique
1159 1517 1560 1580 assentatione,
1604 1521 1657 1568 et
1693 1527 1891 1584 magno
1939 1511 2175 1567 circuitu

2276 1519 2435 1585 πούς,
2491 1522 2588 1573 καὶ
2640 1520 2841 1590 πολλῆς
2883 1519 3133 1591 περιόδου
3175 1518 3268 1571 καὶ
3320 1518 3733 1589 πραγματείας.
3774 1516 3838 1569 υύ

600 1609 1117 1679 acnegotiatione.
1181 1606 1373 1677 Neque
1428 1607 1575 1660 enim
1609 1617 1991 1674 saepenumero
2047 1602 2177 1657 licet

2276 1614 2387 1686 γὰρ
2417 1614 2476 1681 ἐξ
2502 1614 2721 1677 εὐθείας
2768 1614 2950 1677 αὐτοῖς
2988 1615 3101 1676 τοῖς
3133 1611 3345 1682 κύριοις
3395 1610 3493 1663 τοῦ
3540 1609 3730 1662 δοῦναι
3754 1608 3840 1681 τὴν

601 1716 702 1756 eos
731 1712 880 1758 recta
927 1700 1154 1771 alloqui,
1199 1715 1367 1769 penes
1404 1715 1544 1770 quos
1574 1697 1740 1753 dandi
1778 1706 2022 1766 potestas
2051 1703 2175 1760 est;

2276 1709 2434 1781 χάριν
2480 1708 2560 1761 ἔνι
2597 1708 2947 1778 διαλεχθῆναι
3003 1704 3286 1770 πολλάκις,
3322 1704 3438 1759 ἀλλ’
3469 1706 3690 1775 ἀνάγκη
3718 1704 3836 1774 πρό-

602 1809 791 1848 νοιύηιι
838 1795 998 1864 prius
1037 1793 1276 1847 famulos
1313 1806 1532 1857 eorum,
1586 1796 2093 1860 procuratoresque
2120 1794 2177 1841 et

2276 1818 2435 1872 τερον
2471 1799 2777 1863 διακόνους,
2804 1800 2899 1854 καὶ
2919 1799 3236 1868 οἰκονόμους
3263 1799 3468 1866 αὐτῶν,
3507 1800 3607 1853 καὶ
3637 1799 3838 1869 ἐπιτρόο

599 1884 1108 1952 administratores,
1158 1894 1273 1939 tum
1320 1884 1593 1953 pecuniis,
1644 1891 1759 1937 tum
1798 1881 2169 1947 sermonibus,

2235 1882 2250 1934 ι
2280 1910 2433 1957 πους,
2465 1893 2711 1964 χρήμασι
2750 1892 2844 1945 καὶ
2905 1892 3135 1963 ῥήμασι,
3172 1892 3267 1945 καὶ
3312 1892 3479 1944 παντὶ⁵
3513 1890 3835 1962 Θεραπεύσαι

600 1989 763 2047 atque
793 1979 943 2032 omni
987 1993 1193 2049 genere
1225 1977 1389 2032 oﬂicii
1430 1976 1695 2031 demereri
1733 1988 2022 2030 necessum
2053 1982 2170 2042 est;

2275 1985 2485 2055 τρόπῳ,
2519 1984 2614 2035 καὶ
2651 1982 2771 2035 τότε
2799 1983 2866 2035 δι’
2901 1982 3127 2035 ἐκείνων
3160 1982 3260 2052 τὴν
3302 1982 3520 2052 αἴτησιν
3563 1982 3835 2052 δυνηθῆναι

601 2086 665 2123 ac
722 2079 837 2124 tum
888 2087 1080 2125 eorum
1143 2085 1314 2139 opera
1388 2068 1534 2139 quod
1594 2069 1833 2138 petimus
1880 2068 2176 2136 impetrare

2272 2076 2482 2129 λαϐεῖν.
2516 2075 2640 2128 Ἐπὶ
2672 2075 2729 2127 δὲ
2759 2072 2894 2127 Θεοῦ
2924 2074 3024 2127 οὐκ
3049 2072 3195 2126 ἔστιν
3218 2072 3411 2137 οὕτως.
3440 2074 3518 2127 Οὐ
3544 2074 3658 2145 γὰρ
3686 2074 3836 2126 δεῖται

602 2178 782 2231 posse.
815 2164 883 2216 At
915 2164 968 2216 in
1017 2162 1129 2218 Deo
1164 2178 1329 2219 secus
1363 2178 1423 2219 se
1456 2176 1544 2218 res
1587 2162 1770 2217 habet.
1805 2158 1995 2230 Neque
2027 2159 2174 2215 enim

2278 2168 2519 2239 μεσιτῶν
2540 2165 2755 2221 ἐπὶτῶν
2775 2166 3091 2234 ἀξιούντων,
3109 2167 3231 2221 οὐδὲ
3254 2166 3427 2231 οὕτως
3443 2167 3514 2220 δι’
3534 2166 3741 2239 ἐτέρων
3758 2183 3837 2219 πα-

602 2255 1063 2313 itttercessoribus
1108 2258 1333 2328 indiget,
1389 2272 1486 2327 per
1537 2272 1677 2327 quos
1719 2256 1825 2311 sibi
1861 2271 2052 2327 preces
2096 2254 2176 2310 fe-

2280 2260 2704 2332 ρακαλούμενος,
2730 2259 2807 2323 ὡς
2826 2259 2892 2313 δι’
2923 2258 3081 2330 ἡμῶν
3102 2258 3281 2312 αὐτῶν
3306 2260 3416 2312 τῶν
3443 2258 3720 2330 δεομένων
3737 2260 3838 2311 ἑπι-

602 2358 813 2410 rantur,
881 2365 982 2403 uec
1036 2356 1147 2402 tam
1187 2364 1302 2418 per
1336 2350 1477 2403 alios
1530 2363 1694 2418 quam
1738 2363 1835 2418 per
1887 2363 1990 2402 nos
2026 2347 2176 2416 ipsos

2276 2352 2418 2406 νεύει
2447 2354 2513 2423 τῇ
2544 2352 2748 2422 χάριτι.
2773 2352 2883 2404 Καὶ
2908 2348 3145 2404 ἐνταῦθα
3174 2350 3296 2421 μὲν,
3319 2351 3415 2404 καί
3449 2346 3851 2421 ).αμϐάνοντας,’

597 2452 882 2504 exoratus,
917 2441 984 2495 ad
1035 2441 1299 2497 beneﬁcia
1351 2441 1532 2497 danda
1591 2440 1856 2510 proclivis
1894 2448 2000 2495 est.
2029 2439 2174 2505 Quin

2276 2445 2369 2497 καὶ
2388 2446 2461 2515 μὴ
2476 2444 2855 2515 λαμϐάνοντας
2869 2442 2981 2497 ἔστι
2999 2443 3323 2516 κερδαίνειν,
3338 2444 3431 2498 ἐπὶ
3446 2444 3505 2497 δὲ
3522 2444 3636 2496 τῶν
3654 2443 3842 2515 ἀνθρώ-

598 2541 654 2585 et
682 2533 770 2586 hic
820 2532 1078 2602 quidem,
1136 2534 1255 2589 sive
1311 2532 1677 2603 accipiamus,
1730 2532 1845 2588 sive
1897 2532 2173 2602 repulsam

2274 2553 2393 2589 πων
2417 2538 2472 2588 ἐν
2487 2536 2647 2589 ἐκατέ
2658 2553 2734 2607 ρῳ
2754 2536 3014 2600 πολλάκις
3032 2536 3232 2607 ἐϐλάϐη
3242 2553 3359 2608 μεν.
3379 2537 3535 2590 Ἐπεὶ
3552 2533 3652 2590 οὖν
3675 2537 3842 2608 μεῖζον

598 2625 892 2693 patiantur,
944 2634 1209 2697 quaestum
1263 2624 1451 2681 facere
1505 2626 1657 2680 licet.
1700 2622 1863 2695 Apud
1916 2623 2174 2679 homines

2273 2628 2335 2681 τὸ
2356 2628 2567 2700 κέρδος,
2593 2630 2689 2683 καὶ
2730 2627 2931 2681 πλείων
2956 2628 2989 2699 ὴ
3020 2627 3241 2682 εὐκολία
3268 2629 3381 2691 τοῖς
3406 2627 3486 2698 τῷ
3519 2627 3645 2699 Θεῷ
3685 2646 3841 2699 προσ·

599 2735 729 2774 vero
764 2719 1085 2790 frequenter
1117 2719 1321 2776 accidit
1352 2732 1409 2776 ut
1461 2732 1761 2790 utrumque
1803 2718 1967 2775 nobis
2003 2718 2175 2774 detri-

2280 2721 2437 2788 ιοῦσι,
2466 2722 2542 2793 μὴ
2573 2720 3001 2793 καταφρονῶμεν
3027 2721 3211 2791 εὐχῆς.
3238 2722 3370 2774 Τότε
3401 2722 3513 2793 γάρ
3541 2739 3625 2775 σοι
3659 2720 3841 2791 μᾶλλον

599 2821 844 2866 mentum
910 2812 1121 2867 all‘erat.
1188 2812 1463 2879 Quoniam
1519 2814 1686 2884 igitur
1735 2812 1803 2867 iis
1849 2811 1944 2882 qui
1999 2810 2171 2867 Deum

2274 2813 2489 2867 δίδωσιν
2520 2813 2553 2868 ἀ
2596 2814 2792 2878 αἰτεῖς,
2826 2812 2892 2867 ἂν
2937 2814 2999 2867 σὺ
3034 2813 3123 2867 διὰ
3157 2814 3387 2867 σεαυτοῦ
3431 2816 3618 2885 αἰτῇς,
3654 2814 3745 2866 ἐὰν
3777 2813 3841 2884 μὴ

612 2906 839 2969 adeunt,
870 2913 985 2958 tum
1010 2904 1174 2976 467
1212 2906 1425 2960 lucrum
1469 2905 1645 2974 majus
1680 2912 1782 2968 est,
1838 2911 1955 2957 tum
1998 2903 2175 2971 major

2276 2902 2570 2975 παρέργως
2587 2904 2765 2973 αἰτῇς,
2795 2902 2932 2974 ὅπερ
2962 2902 3207 2956 ποιοῦσιν
3236 2905 3285 2956 οἰ
3309 2902 3515 2956 πολλοί.
3550 2904 3619 2956 Ἡ
3637 2902 3841 2970 γλῶσσα

608 2997 847 3052 facilitas
884 3016 897 3051 :
927 2999 1231 3052 orationem
1269 3012 1400 3067 ergo
1428 3012 1495 3051 ue
1537 3005 1981 3051 contemnamus.
2018 2993 2174 3050 Tunc

2278 2997 2378 3067 μὲν
2398 2995 2547 3065 λέγει
2575 2996 2643 3050 τά
2664 2996 2905 3067 ῥήματα,
2928 2996 2962 3065 ἡ
2995 2994 3052 3047 δὲ
3077 2993 3224 3065 ψυχὴ
3252 2993 3352 3065 τῆς
3378 2994 3557 3056 οἰκίας
3585 2994 3619 3063 ἢ
3653 2994 3839 3061 ἀγορᾶς

596 3089 744 3142 enim
797 3089 893 3142 tibi
955 3089 1258 3158 proclivius
1291 3090 1384 3143 dat
1421 3104 1545 3159 qua:
1577 3088 1824 3158 postulas
1854 3127 1869 3151 ,
1925 3103 2049 3142 cum
2077 3103 2173 3159 per

2273 3088 2372 3152 τάς
2415 3087 2569 3151 ὁδοὺς
2603 3086 2972 3158 περιέρχεται.
3012 3086 3184 3138 Τοῦτο
3217 3085 3273 3138 δὲ
3326 3084 3446 3138 ὅλον
3476 3084 3573 3137 τοῦ
3605 3083 3838 3136 διαϐόλου

598 3180 837 3248 teipsum
869 3184 1147 3250 postulas;
1202 3181 1369 3235 modo
1416 3188 1599 3234 tamen
1655 3195 1764 3233 non
1799 3178 2173 3248 perfunctorie

2238 3182 2334 3280 ἰτὸ
2383 3180 2840 3251 κατασκεύασμα.
2901 3178 3119 3250 Ἐπειδὴ
3170 3178 3278 3249 γὰρ
3341 3175 3483 3231 οἶδεν
3532 3179 3685 3247 ἡμᾶς
3733 3175 3838 3229 κατ’

598 3272 844 3341 postules
872 3289 886 3325 :
912 3272 963 3327 id
999 3273 1145 3343 quod
1185 3273 1435 3343 plerique
1476 3274 1714 3327 faciunt.
1753 3270 2025 3326 Nimirum
2061 3273 2172 3327 lin-

2238 3270 2242 3280 ’
2274 3275 2483 3326 ἐκεῖνον
2523 3273 2612 3327 τὸν
2654 3272 2844 3343 καιρὸν
2890 3272 3237 3343 διαλεχθῆναι
3267 3272 3404 3342 πρὸς
3447 3270 3543 3323 τὸν
3583 3270 3738 3332 Θεὸν,
3768 3270 3838 3322 ὅτι

598 3378 708 3432 gua
743 3363 961 3431 quidem
1023 3366 1185 3419 verba
1238 3365 1589 3434 pronuntiat;
1652 3365 1871 3419 animus
1927 3379 2057 3419 vero
2088 3365 2176 3421 vel

2274 3364 2554 3434 δυνάμεθα
2600 3364 2696 3418 καὶ
2753 3365 3003 3434 ἀφέσεως
3035 3364 3452 3436 ἁμαρτημάτων
3482 3365 3694 3434 τυχεῖν,
3729 3362 3852 3431 βου-π

600 3455 822 3520 domus,
885 3457 970 3510 vel
1026 3456 1127 3510 fori
1178 3457 1295 3511 vias
1369 3456 1755 3511 circumvadit.
1807 3454 1923 3511 Hoc
1992 3466 2174 3513 autem

2274 3457 2502 3527 λόμενος
2528 3458 2659 3527 ἡμῖν
2692 3456 2784 3509 τὸν
2814 3457 2916 3527 τῆς
2947 3457 3110 3527 εὐχῆς
3145 3454 3465 3526 προσχῶσαι
3497 3455 3823 3525 λιμένα,κατ

599 3556 770 3600 totum
805 3548 1007 3602 diaboli
1037 3555 1409 3603 commentum
1449 3558 1553 3603 cst.
1601 3547 1737 3603 Nam
1787 3549 2050 3620 quoniam
2077 3565 2173 3604 ex-

2275 3552 2439 3605 αὐτὸν
2468 3550 2745 3603 ἐνίσταται
2776 3550 2865 3603 τὸν
2890 3551 3100 3620 καιρὸν,
3126 3549 3403 3619 ἐκκρούων
3424 3548 3583 3619 ἡμῶν
3620 3548 3718 3617 τὴν
3738 3546 3837 3599 διὰ-

598 3640 872 3709 ploratutn
904 3641 1089 3707 habet,
1121 3655 1242 3705 nos,
1273 3655 1385 3710 quo
1414 3647 1659 3710 tempore
1696 3656 1821 3695 cum
1856 3640 1962 3696 Deo
1986 3642 2166 3696 collo-

2274 3658 2425 3695 νοιαν
2453 3641 2560 3694 τῶν
2586 3640 2915 3711 λεγομένων,
2944 3638 3085 3722 ῶστε
3120 3637 3503 3710 ζημιωθέντας
3535 3638 3687 3708 ἡμᾶς
3718 3635 3838 3705 μᾶλα

596 3734 839 3803 quimur,
892 3743 1246 3803 peccatorum
1281 3733 1496 3788 veniam
1547 3734 1843 3803 impetrare
1882 3748 2068 3803 posse,
2104 3743 2167 3788 ut

2272 3732 2363 3785 λον
2396 3733 2430 3803 ἢ
2464 3731 2865 3803 κερδαίνοντας,
2895 3729 3173 3785 ἀπελθεῖν.
3207 3728 3393 3783 Ταῦτα
3419 3724 3515 3781 οὖν
3552 3726 3729 3790 εἰδὼς,
3754 3724 3838 3777 άν-

597 3827 757 3881 nobis
789 3828 1064 3881 orationis
1094 3837 1310 3896 portum
1352 3827 1501 3881 velut
1549 3835 1770 3897 aggesta
1808 3834 1955 3881 terra
1990 3826 2167 3881 inter-

2274 3824 2484 3894 Θρωπε,
2518 3826 2645 3878 ὅταν
2677 3824 2910 3895 προσίῃς
2941 3822 3082 3893 Θεῷ.
3114 3823 3368 3876 ἐννόησον
3402 3820 3512 3874 τίνι
3545 3819 3856 3906 προσέρχῃ.

596 3918 804 3980 cludat,
871 3926 1004 3972 tunc
1054 3917 1109 3971 in
1172 3918 1275 3971 hoc
1330 3916 1616 3981 incumbit,
1652 3930 1761 3988 quo
1797 3925 2034 3972 mentem
2071 3933 2168 3972 no-

1395 3916 1616 3981 cumbit,
1652 3930 1761 3988 quo
1797 3925 2034 3972 mentem
2071 3933 2168 3972 no-
2277 3920 2375 3973 καὶ
2402 3920 2564 3989 ἀρκεῖ
2596 3935 2678 3970 σοι
2711 3918 2791 3977 εἰς
2815 3916 2995 3987 νῆψιν.

594 4016 769 4061 stram
805 4009 873 4063 ab
913 4010 982 4063 iis
1017 4024 1140 4078 qua:
1191 4009 1637 4077 pronuntiamus,
1690 4008 1910 4074 avellat,
1948 4008 2024 4063 uti
2077 4009 2287 4080 majore
2318 4009 2856 4077 detrimentoquam
2907 4006 3195 4062 commodo
3249 4004 3429 4061 aﬂecti
3497 4006 3837 4061 recedamus.

596 4099 721 4155 Haec
757 4100 923 4171 igitur
974 4100 1196 4171 quando
1233 4109 1517 4171 comperta
1565 4109 1696 4155 sunt
1736 4100 1859 4165 tibi,
1908 4115 1942 4155 ο
1991 4100 2178 4167 homo,
2221 4101 2350 4157 dum
2384 4100 2604 4158 accedis
2650 4099 2719 4155 ad
2771 4099 2964 4167 Deum,
3014 4097 3307 4155 considera
3340 4097 3408 4153 ad
3469 4113 3637 4166 quem
3692 4113 3837 4154 acce-

592 4194 724 4249 das:
781 4193 998 4264 ltocque
1053 4193 1151 4247 tibi
1203 4193 1271 4247 ad
1330 4190 1673 4264 vigilantiam
1727 4192 2155 4262 comparandam
2196 4194 2451 4249 sulIiciat.

666 4288 941 4357 Ejusdem,
997 4289 1186 4343 Ιιοηιὶί.
1220 4288 1282 4353 7,
1333 4287 1397 4341 de
1452 4288 1646 4341 divers.
1698 4289 1903 4355 spuria.
1972 4319 2027 4328 —
2068 4287 2168 4344 Se-

2357 4289 2611 4361 Ἐξῆλθεν
2633 4290 2661 4342 ὁ
2702 4287 2908 4359 Ἰησοῦς
2936 4290 3016 4352 εἰς
3055 4290 3125 4341 τά
3157 4288 3295 4359 μέρη
3332 4287 3513 4358 Τύρου
3557 4287 3656 4341 καὶ
3686 4288 3852 4340 Σιδῶο’

592 4384 760 4437 cessit
789 4380 950 4437 Jesus
981 4381 1035 4433 in
1065 4388 1249 4449 partes
1279 4379 1409 4451 Tyri
1432 4386 1485 4434 et
1515 4378 1756 4444 Sidonis,
1789 4389 1843 4435 et
1879 4394 2009 4435 ecce
2050 4395 2169 4435 mu-

2275 4400 2383 4445 νος,
2414 4382 2509 4434 καὶ
2542 4380 2649 4434 ἰδοὺ
2681 4380 2839 4450 γυνὴ,
2868 4380 2929 4432 τὸ
2979 4378 3209 4432 παλαιὸν
3239 4377 3401 4431 ὅπλον
3445 4377 3542 4431 τοῦ
3572 4379 3836 4442 διαϐόλου,

594 4474 718 4538 lier,
768 4473 973 4527 diaboli
1020 4482 1175 4527 vetus
1214 4482 1510 4534 armatura,
1561 4486 1681 4541 qua:
1726 4486 1811 4527 me
1850 4486 1880 4525 e
1914 4462 2169 4542 paradiso

2238 4523 2249 4569 ’
2274 4474 2307 4543 ἠ
2334 4474 2427 4527 τού
2448 4472 2778 4544 παραδείσου
2816 4489 2884 4543 με
2913 4472 3294 4543 ἐκϐαλοῦσα,ή
3329 4472 3515 4543 μήτηρ
3538 4474 3637 4543 τῆς
3672 4490 3838 4542 παρα-

592 4566 823 4635 expulit,
857 4574 1029 4620 mater
1063 4563 1562 4635 praevaricationis,
1593 4564 1748 4634 origo
1789 4564 2017 4633 peccati,
2059 4563 2175 4618 haec

2237 4563 2243 4569 ’
2274 4566 2489 4636 νομίας,
2522 4568 2557 4637 ἡ
2598 4564 2738 4637 ἀρχὴ
2764 4566 2867 4633 τῆς
2899 4565 3173 4636 ἁμαρτίας
3194 4580 3211 4596 ·
3250 4564 3389 4635 αὐτὴ
3432 4564 3621 4635 ἐκείνη
3653 4567 3687 4635 ἡ
3710 4565 3837 4635 γυνὴ

590 4654 684 4713 illa
726 4659 921 4713 mulier
960 4660 1127 4712 venit.
1172 4657 1321 4713 Nova
1352 4672 1441 4712 res
1494 4664 1548 4712 et
1590 4656 1948 4712 admiranda!
2000 4655 2170 4711 διιόωί

2273 4657 2511 4729 ἔρχεται.
2555 4657 2755 4711 Καινὸν
2806 4659 3041 4728 πρᾶγμα
3090 4657 3182 4709 καὶ
3217 4655 3558 4727 παράδοξονί
3600 4658 3836 4711 Ἰουδαῖοι

591 4750 831 4821 fugiunt,
862 4750 1059 4804 mulier
1084 4758 1457 4806 consectatur.
1500 4748 1735 4819 Haecque
1763 4748 1992 4819 rogabat
2018 4764 2168 4813 eum,

2272 4750 2568 4821 φεύγουσι,
2629 4751 2721 4803 καὶ
2767 4749 2907 4819 γυνὴ
2956 4748 3302 4803 καταδιώκει.
3366 4750 3477 4804 Καὶ
3545 4750 3834 4822 παρεκάλει

588 4842 782 4896 dicens
808 4860 821 4896 :
849 4841 1094 4905 Domine,
1112 4840 1224 4896 Fili
1246 4841 1437 4903 David,
1459 4842 1707 4896 miserere
1729 4843 1826 4895 mei
1846 4842 2060 4913 (Matth.
2078 4856 2168 4905 xv,

2271 4842 2433 4896 αὐτὸν
2489 4842 2755 4911 λέγουσα·
2800 4843 3010 4909 Κύριε,
3057 4842 3151 4896 Υἱὲ
3179 4842 3387 4908 Δαόὶδ,
3439 4842 3705 4910 ἐλέησόν
3742 4860 3829 4913 με.

585 4935 699 5003 22).
736 4933 1082 5005 Evangelista
1110 4935 1307 4989 mulier
1336 4934 1593 5000 eﬂicitur,
1628 4949 1869 5004 unaque,
1898 4944 2013 4989 tum
2054 4934 2172 4990 dei-

2271 4933 2709 5005 Εὐαγγελίστρια
2758 4933 2967 5002 γίνεται
3011 4934 3045 5005 ἡ
3100 4932 3259 5005 γυνὴ,
3309 4935 3405 4987 καὶ
3454 4934 3558 5004 τὴν
3591 4934 3828 5005 θεότητα.

586 5036 781 5091 tatem,
812 5037 929 5081 tum
964 5027 1216 5081 humana:
1255 5027 1438 5082 carnis
1471 5029 1908 5097 assumptionem
1941 5028 2171 5083 conﬁte-

2270 5027 2365 5080 καὶ
2392 5026 2494 5097 τὴν
2520 5026 2832 5095 οἰκονομίαν
2859 5026 3142 5098 ὀμολογεῖ’
3176 5028 3374 5095 Κύριε,
3400 5028 3496 5081 καὶ
3528 5027 3628 5099 τὴν
3648 5028 3831 5082 δεσποο

585 5129 719 5175 tur:
762 5119 998 5174 dicendo
1049 5119 1329 5182 nimirum,
1385 5117 1638 5183 Domine,
1696 5118 2167 5187 dominationem;

2269 5117 2419 5171 τείαν
2439 5133 2453 5146 ⁸
2493 5117 2589 5171 Υίέ
2614 5117 2815 5184 Δαϐὶδ,
2843 5120 2942 5189 τῆς
2963 5118 3165 5188 σαρκὸς
3189 5118 3287 5188 τὴν
3314 5119 3609 5189 ἀνάληψιν.
3648 5120 3829 5183 Ἐ’,ιέηο

585 5210 820 5263 dicendo
847 5224 1092 5273 rursum,
1126 5208 1237 5261 Fili
1284 5206 1472 5272 David,
1522 5208 1954 5279 assumptionem
1984 5210 2168 5264 carnis

2269 5211 2387 5265 σόν
2402 5227 2499 5281 με.
2532 5211 2645 5264 Οὐκ
2668 5209 2775 5281 έχω
2801 5211 3136 5283 κατόρθωμα
3173 5212 3287 5283 βίου
3307 5228 3322 5245 ·
3354 5213 3453 5283 οὐχ
3489 5213 3598 5282 ἔχω
3624 5213 3829 5282 mpm-

541 5349 545 5357 ,
586 5298 871 5366 praedicat.
907 5296 1160 5353 Miserere
1182 5299 1301 5351 mei.
1338 5297 1583 5360 Nullum,
1619 5298 1818 5368 inquit,
1844 5300 2141 5369 praeclarun

2272 5304 2389 5356 σίαν
2438 5301 2733 5367 πολιτείας.
2772 5304 2896 5357 Ἐπὶ
2941 5303 3088 5357 ἔλεον
3134 5302 3467 5373 καταφύγω,
3513 5304 3645 5357 ὅπου
3680 5301 3826 5366 ἀνεξ-

590 5392 806 5459 lacinus
828 5390 1028 5457 habeo,
1061 5392 1265 5447 nullam
1290 5408 1356 5446 ex
1389 5391 1558 5460 proba
1581 5393 2001 5467 conversatione
2031 5393 2167 5448 ﬁdu-

2270 5394 2494 5459 έταστος
2536 5395 2801 5467 σωτηρία.
2838 5397 2948 5450 Καὶ
2991 5399 3044 5449 τί
3079 5393 3215 5459 εἶδες
3254 5396 3417 5461 οὕτω,
3455 5398 3667 5467 πονηρά
3698 5393 3821 5449 οὖσα

589 5480 752 5535 ciam.
791 5481 872 5534 Ad
900 5482 1336 5538 misericordiam
1364 5480 1643 5550 confugio,
1676 5484 1767 5537 ubi
1802 5464 1954 5539 saitts
1983 5499 2012 5537 a
2042 5499 2170 5540 cen-

2269 5487 2365 5541 καὶ
2407 5464 2758 5559 παράνομος;
2788 5489 2911 5552 Πῶς
2956 5490 3258 5561 ἐτόλμησας
3315 5464 3669 5558 προσελθεῖνς
3722 5487 3820 5539 Καὶ

590 5587 717 5626 sura
740 5574 911 5626 libera
936 5583 1040 5628 cst.
1080 5574 1144 5629 Et
1174 5584 1233 5629 tu
1266 5574 1509 5645 quidem,
1540 5589 1668 5629 cum
1702 5576 1949 5646 improba
1980 5584 2033 5631 et
2072 5575 2170 5631 ila-

2269 5579 2370 5650 ὂρα
2412 5578 2669 5646 γυναικὸς
2703 5578 3045 5647 φιλοσοφίαν.
3076 5579 3151 5632 Οὐ
3200 5580 3513 5650 παρακαλεῖ
3546 5578 3814 5633 Ἰάκωϐον·

590 5664 787 5734 gitiosa
809 5679 982 5729 esses,
1011 5682 1121 5737 qua
1157 5667 1336 5723 fronte
1360 5670 1624 5724 accedere
1658 5683 1790 5724 ausa
1817 5669 1916 5723 es?
1945 5668 2025 5724 Ac
2048 5668 2169 5725 vide

2268 5670 2327 5723 οὐ
2359 5669 2536 5723 δέεται
2577 5671 2848 5735 Ἰωάννου,
2889 5671 3015 5724 οὐδὲ
3042 5672 3405 5742 προσέρχεται
3440 5672 3663 5743 Πέτρον,
3694 5669 3815 5723 άλλά

591 5759 839 5813 mulieris
877 5759 1303 5829 philosophiam.
1356 5760 1474 5816 Non
1531 5771 1688 5833 rogat
1728 5761 2016 5829 Iacobum,
2056 5778 2165 5817 non

2267 5760 2484 5832 διέτεμε
2526 5762 2617 5815 τὸν
2667 5762 2845 5834 χορόν.
2879 5764 2993 5817 Οὐκ
3050 5763 3159 5835 ἔχω
3190 5762 3415 5834 μεσίτου
3455 5765 3661 5835 χρείαν,
3690 5762 3813 5816 ἀλλά

590 5857 712 5900 orat
741 5846 1026 5904 Joannem.
1063 5866 1168 5909 non
1194 5850 1305 5906 adit
1339 5852 1588 5921 Petrum;
1622 5855 1714 5910 sed
1749 5854 1975 5909 chorum
2014 5854 2163 5909 illum

2269 5854 2509 5910 λαϐοῦσα
2541 5855 2639 5927 τὴν
2671 5856 2962 5926 μετάνοιαν
3008 5858 3340 5929 συνήγορον,
3386 5858 3525 5939 αὐτῇ
3561 5862 3624 5931 τῇ
3675 5858 3806 5927 πηγῇ
