  <div class='ocr_page' id='page_1' title='image "/cluster/home/n/w/nwhite01/storage/ocr_20150623/95/hvd.32044019208057/728.png"; bbox 0 0 4052 6416; ppageno 0'>
   <div class='ocr_carea' id='block_1_1' title="bbox 266 382 403 449">
    <p class='ocr_par' dir='ltr' id='par_1_1' title="bbox 266 382 403 449">
     <span class='ocr_line' id='line_1_1' title="bbox 266 382 403 449; baseline 0.022 -3"><span class='ocrx_word' id='word_1_1' title='bbox 266 382 289 446; x_wconf 79' lang='grc'>1</span> <span class='ocrx_word' id='word_1_2' title='bbox 302 385 403 449; x_wconf 71' lang='grc'><strong>445</strong></span> 
     </span>
    </p>
   </div>
   <div class='ocr_carea' id='block_1_2' title="bbox 1508 393 2238 456">
    <p class='ocr_par' dir='ltr' id='par_1_2' title="bbox 1508 393 2238 456">
     <span class='ocr_line' id='line_1_2' title="bbox 1508 393 2238 456; baseline 0.001 -2"><span class='ocrx_word' id='word_1_3' title='bbox 1508 394 1743 455; x_wconf 81' lang='lat' dir='ltr'><strong>SACRA</strong></span> <span class='ocrx_word' id='word_1_4' title='bbox 1780 393 2238 456; x_wconf 85' lang='lat' dir='ltr'><strong>PARALLELA.</strong></span> 
     </span>
    </p>
   </div>
   <div class='ocr_carea' id='block_1_3' title="bbox 3375 393 3515 460">
    <p class='ocr_par' dir='ltr' id='par_1_3' title="bbox 3375 393 3515 460">
     <span class='ocr_line' id='line_1_3' title="bbox 3375 393 3515 460; baseline -0.05 0"><span class='ocrx_word' id='word_1_5' title='bbox 3375 393 3515 460; x_wconf 75' lang='grc'>1446</span> 
     </span>
    </p>
   </div>
   <div class='ocr_carea' id='block_1_4' title="bbox 259 486 1818 581">
    <p class='ocr_par' dir='ltr' id='par_1_4' title="bbox 259 486 1818 581">
     <span class='ocr_line' id='line_1_4' title="bbox 259 486 1818 581; baseline 0.005 -26"><span class='ocrx_word' id='word_1_6' title='bbox 259 486 660 574; x_wconf 76' lang='grc' dir='ltr'>προσέρχομαι.</span> <span class='ocrx_word' id='word_1_7' title='bbox 696 505 796 558; x_wconf 83' lang='grc' dir='ltr'><strong>Διὰ</strong></span> <span class='ocrx_word' id='word_1_8' title='bbox 832 505 994 559; x_wconf 90' lang='grc' dir='ltr'>τοῦτο</span> <span class='ocrx_word' id='word_1_9' title='bbox 1039 508 1242 580; x_wconf 89' lang='grc' dir='ltr'>κατέϐη</span> <span class='ocrx_word' id='word_1_10' title='bbox 1264 550 1279 573; x_wconf 90' lang='grc'><strong>,</strong></span> <span class='ocrx_word' id='word_1_11' title='bbox 1328 507 1419 563; x_wconf 81' lang='grc' dir='ltr'><strong>διὰ</strong></span> <span class='ocrx_word' id='word_1_12' title='bbox 1450 510 1608 563; x_wconf 90' lang='grc' dir='ltr'>τοῦτο</span> <span class='ocrx_word' id='word_1_13' title='bbox 1653 511 1818 581; x_wconf 81' lang='grc' dir='ltr'>σάρκα</span> 
     </span>
    </p>
   </div>
   <div class='ocr_carea' id='block_1_5' title="bbox 1920 486 3506 581">
    <p class='ocr_par' dir='ltr' id='par_1_5' title="bbox 1934 504 3506 580">
     <span class='ocr_line' id='line_1_5' title="bbox 1934 504 3506 580; baseline 0.001 -16"><span class='ocrx_word' id='word_1_14' title='bbox 1934 510 2198 579; x_wconf 88' lang='lat' dir='ltr'><strong>pervasit.</strong></span> <span class='ocrx_word' id='word_1_15' title='bbox 2234 507 2377 573; x_wconf 89' lang='lat' dir='ltr'><strong>Non,</strong></span> <span class='ocrx_word' id='word_1_16' title='bbox 2430 507 2633 580; x_wconf 87' lang='lat' dir='ltr'><strong>inquit,</strong></span> <span class='ocrx_word' id='word_1_17' title='bbox 2680 504 2946 562; x_wconf 78' lang='lat' dir='ltr'><strong>mediator</strong></span> <span class='ocrx_word' id='word_1_18' title='bbox 2992 506 3127 562; x_wconf 89' lang='lat' dir='ltr'><strong>mihi</strong></span> <span class='ocrx_word' id='word_1_19' title='bbox 3156 515 3278 576; x_wconf 88' lang='lat' dir='ltr'><strong>est;</strong></span> <span class='ocrx_word' id='word_1_20' title='bbox 3315 525 3506 565; x_wconf 86' lang='lat' dir='ltr'><strong>verum</strong></span> 
     </span>
    </p>
   </div>
   <div class='ocr_carea' id='block_1_6' title="bbox 256 594 1835 673">
    <p class='ocr_par' dir='ltr' id='par_1_6' title="bbox 256 594 1835 673">
     <span class='ocr_line' id='line_1_6' title="bbox 256 594 1835 673; baseline 0.004 -24"><span class='ocrx_word' id='word_1_21' title='bbox 256 594 540 660; x_wconf 84' lang='grc' dir='ltr'>ἀνέλαϐεν,</span> <span class='ocrx_word' id='word_1_22' title='bbox 578 596 663 647; x_wconf 79' lang='grc' dir='ltr'>ἵνα</span> <span class='ocrx_word' id='word_1_23' title='bbox 690 594 801 664; x_wconf 82' lang='grc' dir='ltr'><strong>ἐγὼ</strong></span> <span class='ocrx_word' id='word_1_24' title='bbox 830 597 978 667; x_wconf 75' lang='grc' dir='ltr'>αὑτῷ</span> <span class='ocrx_word' id='word_1_25' title='bbox 1002 598 1288 671; x_wconf 87' lang='grc' dir='ltr'>διαλεχθῶ.</span> <span class='ocrx_word' id='word_1_26' title='bbox 1333 602 1481 655; x_wconf 82' lang='grc' dir='ltr'>Ἀνω</span> <span class='ocrx_word' id='word_1_27' title='bbox 1530 602 1598 655; x_wconf 85' lang='grc' dir='ltr'>τὰ</span> <span class='ocrx_word' id='word_1_28' title='bbox 1629 604 1835 673; x_wconf 89' lang='grc' dir='ltr'>Χερου-</span> 
     </span>
    </p>
   </div>
   <div class='ocr_carea' id='block_1_7' title="bbox 256 688 1835 767">
    <p class='ocr_par' dir='ltr' id='par_1_7' title="bbox 256 688 1835 767">
     <span class='ocr_line' id='line_1_7' title="bbox 256 688 1835 767; baseline 0.006 -28"><span class='ocrx_word' id='word_1_29' title='bbox 256 689 360 760; x_wconf 82' lang='grc' dir='ltr'><strong>ϐὶμ</strong></span> <span class='ocrx_word' id='word_1_30' title='bbox 393 688 556 743; x_wconf 77' lang='grc' dir='ltr'>αὑτὸν</span> <span class='ocrx_word' id='word_1_31' title='bbox 587 692 879 761; x_wconf 84' lang='grc' dir='ltr'><strong>τρέμουσι,</strong></span> <span class='ocrx_word' id='word_1_32' title='bbox 907 693 1001 745; x_wconf 77' lang='grc' dir='ltr'><strong>καὶ</strong></span> <span class='ocrx_word' id='word_1_33' title='bbox 1028 693 1178 747; x_wconf 85' lang='grc' dir='ltr'>κάτω</span> <span class='ocrx_word' id='word_1_34' title='bbox 1202 694 1352 766; x_wconf 81' lang='grc' dir='ltr'>αὐτῷ</span> <span class='ocrx_word' id='word_1_35' title='bbox 1391 696 1564 767; x_wconf 86' lang='grc' dir='ltr'><strong>πόρνη</strong></span> <span class='ocrx_word' id='word_1_36' title='bbox 1592 696 1835 765; x_wconf 84' lang='grc' dir='ltr'>διαλέγε-</span> 
     </span>
    </p>
   </div>
   <div class='ocr_carea' id='block_1_8' title="bbox 254 778 1834 858">
    <p class='ocr_par' dir='ltr' id='par_1_8' title="bbox 254 778 1834 858">
     <span class='ocr_line' id='line_1_8' title="bbox 254 778 1834 858; baseline 0.006 -27"><span class='ocrx_word' id='word_1_37' title='bbox 254 797 365 834; x_wconf 91' lang='grc' dir='ltr'>ται.</span> <span class='ocrx_word' id='word_1_38' title='bbox 406 778 694 849; x_wconf 77' lang='grc' dir='ltr'>Ἐλέησόν</span> <span class='ocrx_word' id='word_1_39' title='bbox 718 799 795 851; x_wconf 86' lang='grc' dir='ltr'><strong>με</strong></span> <span class='ocrx_word' id='word_1_40' title='bbox 816 798 830 813; x_wconf 69' lang='grc' dir='ltr'><strong>ο</strong></span> <span class='ocrx_word' id='word_1_41' title='bbox 860 782 1015 852; x_wconf 79' lang='grc' dir='ltr'>ψιλὸν</span> <span class='ocrx_word' id='word_1_42' title='bbox 1045 785 1219 855; x_wconf 82' lang='grc' dir='ltr'><strong>ρἧα,</strong></span> <span class='ocrx_word' id='word_1_43' title='bbox 1256 788 1350 840; x_wconf 81' lang='grc' dir='ltr'>καὶ</span> <span class='ocrx_word' id='word_1_44' title='bbox 1373 787 1613 856; x_wconf 86' lang='grc' dir='ltr'>πέλαγος</span> <span class='ocrx_word' id='word_1_45' title='bbox 1635 787 1834 858; x_wconf 83' lang='grc' dir='ltr'>ἀχανὲς</span> 
     </span>
    </p>
   </div>
   <div class='ocr_carea' id='block_1_9' title="bbox 258 872 1832 953">
    <p class='ocr_par' dir='ltr' id='par_1_9' title="bbox 258 872 1832 953">
     <span class='ocr_line' id='line_1_9' title="bbox 258 872 1832 953; baseline 0.008 -31"><span class='ocrx_word' id='word_1_46' title='bbox 258 872 555 943; x_wconf 85' lang='grc' dir='ltr'>σωτηρίας.</span> <span class='ocrx_word' id='word_1_47' title='bbox 600 872 893 941; x_wconf 73' lang='grc' dir='ltr'>Ἐλέησόν</span> <span class='ocrx_word' id='word_1_48' title='bbox 916 893 993 944; x_wconf 83' lang='grc' dir='ltr'><strong>με</strong></span> <span class='ocrx_word' id='word_1_49' title='bbox 1015 892 1028 906; x_wconf 82' lang='lat'><strong><em>°</em></strong></span> <span class='ocrx_word' id='word_1_50' title='bbox 1063 877 1150 931; x_wconf 83' lang='grc' dir='ltr'><strong>διὰ</strong></span> <span class='ocrx_word' id='word_1_51' title='bbox 1192 878 1351 933; x_wconf 90' lang='grc' dir='ltr'>τοῦτο</span> <span class='ocrx_word' id='word_1_52' title='bbox 1388 880 1711 953; x_wconf 81' lang='grc' dir='ltr'><strong>παρεγένου,</strong></span> <span class='ocrx_word' id='word_1_53' title='bbox 1745 880 1832 935; x_wconf 85' lang='grc' dir='ltr'>διὰ</span> 
     </span>
    </p>
   </div>
   <div class='ocr_carea' id='block_1_10' title="bbox 254 963 1828 1043">
    <p class='ocr_par' dir='ltr' id='par_1_10' title="bbox 254 963 1828 1043">
     <span class='ocr_line' id='line_1_10' title="bbox 254 963 1828 1043; baseline 0.008 -30"><span class='ocrx_word' id='word_1_54' title='bbox 254 963 416 1016; x_wconf 87' lang='grc' dir='ltr'>τοῦτο</span> <span class='ocrx_word' id='word_1_55' title='bbox 451 966 631 1037; x_wconf 82' lang='grc' dir='ltr'>σάρκα</span> <span class='ocrx_word' id='word_1_56' title='bbox 658 966 944 1030; x_wconf 85' lang='grc' dir='ltr'>άνέλαϐες,</span> <span class='ocrx_word' id='word_1_57' title='bbox 976 967 1065 1021; x_wconf 83' lang='grc' dir='ltr'>διὰ</span> <span class='ocrx_word' id='word_1_58' title='bbox 1107 968 1266 1022; x_wconf 84' lang='grc' dir='ltr'>τοῦτο</span> <span class='ocrx_word' id='word_1_59' title='bbox 1295 971 1482 1039; x_wconf 82' lang='grc' dir='ltr'><strong>ἐγένου</strong></span> <span class='ocrx_word' id='word_1_60' title='bbox 1512 972 1648 1042; x_wconf 85' lang='grc' dir='ltr'>ὅπερ</span> <span class='ocrx_word' id='word_1_61' title='bbox 1694 972 1828 1043; x_wconf 80' lang='grc' dir='ltr'>εἰμί.</span> 
     </span>
    </p>
   </div>
   <div class='ocr_carea' id='block_1_11' title="bbox 260 1056 1827 1133">
    <p class='ocr_par' dir='ltr' id='par_1_11' title="bbox 260 1056 1827 1133">
     <span class='ocr_line' id='line_1_11' title="bbox 260 1056 1827 1133; baseline 0.006 -26"><span class='ocrx_word' id='word_1_62' title='bbox 260 1056 408 1108; x_wconf 82' lang='grc' dir='ltr'><strong>Ἀνω</strong></span> <span class='ocrx_word' id='word_1_63' title='bbox 436 1056 662 1126; x_wconf 86' lang='grc' dir='ltr'><strong>τρόμος,</strong></span> <span class='ocrx_word' id='word_1_64' title='bbox 705 1059 801 1112; x_wconf 79' lang='grc' dir='ltr'><strong>καὶ</strong></span> <span class='ocrx_word' id='word_1_65' title='bbox 848 1058 998 1112; x_wconf 86' lang='grc' dir='ltr'>κάτω</span> <span class='ocrx_word' id='word_1_66' title='bbox 1047 1060 1351 1133; x_wconf 77' lang='grc' dir='ltr'>παρρησία.</span> <span class='ocrx_word' id='word_1_67' title='bbox 1395 1062 1685 1131; x_wconf 76' lang='grc' dir='ltr'>Ἐλέησόν</span> <span class='ocrx_word' id='word_1_68' title='bbox 1710 1078 1827 1132; x_wconf 80' lang='grc' dir='ltr'>με’</span> 
     </span>
    </p>
   </div>
   <div class='ocr_carea' id='block_1_12' title="bbox 252 1145 1829 1225">
    <p class='ocr_par' dir='ltr' id='par_1_12' title="bbox 252 1145 1829 1225">
     <span class='ocr_line' id='line_1_12' title="bbox 252 1145 1829 1225; baseline 0.008 -28"><span class='ocrx_word' id='word_1_69' title='bbox 252 1146 308 1197; x_wconf 92' lang='grc' dir='ltr'><strong>τί</strong></span> <span class='ocrx_word' id='word_1_70' title='bbox 336 1145 511 1217; x_wconf 79' lang='grc' dir='ltr'>ἔχεις;</span> <span class='ocrx_word' id='word_1_71' title='bbox 546 1147 734 1202; x_wconf 79' lang='grc' dir='ltr'>Ἐλεον</span> <span class='ocrx_word' id='word_1_72' title='bbox 759 1148 925 1221; x_wconf 83' lang='grc' dir='ltr'>ζητῶ.</span> <span class='ocrx_word' id='word_1_73' title='bbox 955 1150 1019 1202; x_wconf 87' lang='grc' dir='ltr'><strong>Τί</strong></span> <span class='ocrx_word' id='word_1_74' title='bbox 1042 1153 1303 1223; x_wconf 87' lang='grc' dir='ltr'>πάσχεις;</span> <span class='ocrx_word' id='word_1_75' title='bbox 1341 1154 1411 1209; x_wconf 86' lang='grc' dir='ltr'><em>Ἡ</em></span> <span class='ocrx_word' id='word_1_76' title='bbox 1428 1154 1689 1225; x_wconf 82' lang='grc' dir='ltr'><strong>θυγάτηρ</strong></span> <span class='ocrx_word' id='word_1_77' title='bbox 1710 1174 1829 1225; x_wconf 86' lang='grc' dir='ltr'>μου</span> 
     </span>
    </p>
   </div>
   <div class='ocr_carea' id='block_1_13' title="bbox 253 1236 1824 1321">
    <p class='ocr_par' dir='ltr' id='par_1_13' title="bbox 253 1236 1824 1321">
     <span class='ocr_line' id='line_1_13' title="bbox 253 1236 1824 1321; baseline 0.008 -32"><span class='ocrx_word' id='word_1_78' title='bbox 253 1236 451 1303; x_wconf 78' lang='grc' dir='ltr'>κακῶς</span> <span class='ocrx_word' id='word_1_79' title='bbox 480 1237 894 1308; x_wconf 77' lang='grc' dir='ltr'><strong>δαιμονίζεται.</strong></span> <span class='ocrx_word' id='word_1_80' title='bbox 953 1242 1017 1295; x_wconf 82' lang='grc' dir='ltr'><strong><em>Ἠ</em></strong></span> <span class='ocrx_word' id='word_1_81' title='bbox 1061 1244 1373 1313; x_wconf 87' lang='grc' dir='ltr'>συμπαθεία</span> <span class='ocrx_word' id='word_1_82' title='bbox 1405 1248 1761 1317; x_wconf 76' lang='grc' dir='ltr'><strong>γυμνάζεται,</strong></span> <span class='ocrx_word' id='word_1_83' title='bbox 1791 1251 1824 1321; x_wconf 88' lang='grc' dir='ltr'><strong>ή</strong></span> 
     </span>
    </p>
   </div>
   <div class='ocr_carea' id='block_1_14' title="bbox 254 1328 1827 1407">
    <p class='ocr_par' dir='ltr' id='par_1_14' title="bbox 254 1328 1827 1407">
     <span class='ocr_line' id='line_1_14' title="bbox 254 1328 1827 1407; baseline 0.008 -27"><span class='ocrx_word' id='word_1_84' title='bbox 254 1328 418 1398; x_wconf 79' lang='grc' dir='ltr'>φύσις</span> <span class='ocrx_word' id='word_1_85' title='bbox 469 1329 840 1399; x_wconf 77' lang='grc' dir='ltr'>βασανίζεται.</span> <span class='ocrx_word' id='word_1_86' title='bbox 901 1332 1120 1403; x_wconf 80' lang='grc' dir='ltr'>Ἐξῆλθε</span> <span class='ocrx_word' id='word_1_87' title='bbox 1173 1338 1468 1405; x_wconf 81' lang='grc' dir='ltr'>συνήγορος</span> <span class='ocrx_word' id='word_1_88' title='bbox 1517 1336 1612 1389; x_wconf 90' lang='grc' dir='ltr'><strong>τοῦ</strong></span> <span class='ocrx_word' id='word_1_89' title='bbox 1662 1338 1827 1407; x_wconf 91' lang='grc' dir='ltr'>θυγα-</span> 
     </span>
    </p>
   </div>
   <div class='ocr_carea' id='block_1_15' title="bbox 248 1422 1822 1499">
    <p class='ocr_par' dir='ltr' id='par_1_15' title="bbox 248 1422 1822 1499">
     <span class='ocr_line' id='line_1_15' title="bbox 248 1422 1822 1499; baseline 0.007 -26"><span class='ocrx_word' id='word_1_90' title='bbox 248 1423 432 1492; x_wconf 80' lang='grc' dir='ltr'>τρίου’</span> <span class='ocrx_word' id='word_1_91' title='bbox 455 1422 513 1476; x_wconf 81' lang='grc' dir='ltr'><strong>οὐ</strong></span> <span class='ocrx_word' id='word_1_92' title='bbox 548 1423 703 1495; x_wconf 82' lang='grc' dir='ltr'>φέρει</span> <span class='ocrx_word' id='word_1_93' title='bbox 730 1423 830 1495; x_wconf 82' lang='grc' dir='ltr'><strong>τὴν</strong></span> <span class='ocrx_word' id='word_1_94' title='bbox 860 1425 1142 1488; x_wconf 89' lang='grc' dir='ltr'>νοσοῦσαν,</span> <span class='ocrx_word' id='word_1_95' title='bbox 1163 1427 1298 1482; x_wconf 84' lang='grc' dir='ltr'>ἀλλὰ</span> <span class='ocrx_word' id='word_1_96' title='bbox 1325 1427 1594 1499; x_wconf 83' lang='grc' dir='ltr'>φέρειτὴν</span> <span class='ocrx_word' id='word_1_97' title='bbox 1622 1429 1822 1485; x_wconf 86' lang='grc' dir='ltr'>πίστιν.</span> 
     </span>
    </p>
   </div>
   <div class='ocr_carea' id='block_1_16' title="bbox 250 1515 1823 1593">
    <p class='ocr_par' dir='ltr' id='par_1_16' title="bbox 250 1515 1823 1593">
     <span class='ocr_line' id='line_1_16' title="bbox 250 1515 1823 1593; baseline 0.007 -26"><span class='ocrx_word' id='word_1_98' title='bbox 250 1516 385 1578; x_wconf 88' lang='grc' dir='ltr'>Θεός</span> <span class='ocrx_word' id='word_1_99' title='bbox 419 1518 533 1568; x_wconf 81' lang='grc' dir='ltr'>ἐστι</span> <span class='ocrx_word' id='word_1_100' title='bbox 566 1517 659 1569; x_wconf 76' lang='grc' dir='ltr'><strong>καὶ</strong></span> <span class='ocrx_word' id='word_1_101' title='bbox 688 1515 757 1569; x_wconf 75' lang='grc' dir='ltr'><strong>τά</strong></span> <span class='ocrx_word' id='word_1_102' title='bbox 802 1516 983 1570; x_wconf 87' lang='grc' dir='ltr'>πάντα</span> <span class='ocrx_word' id='word_1_103' title='bbox 1035 1518 1245 1589; x_wconf 85' lang='grc' dir='ltr'>βλέπει.</span> <span class='ocrx_word' id='word_1_104' title='bbox 1297 1519 1360 1575; x_wconf 88' lang='grc' dir='ltr'>Ἡ</span> <span class='ocrx_word' id='word_1_105' title='bbox 1410 1522 1673 1593; x_wconf 79' lang='grc' dir='ltr'>θυγάτηρ</span> <span class='ocrx_word' id='word_1_106' title='bbox 1704 1540 1823 1592; x_wconf 87' lang='grc' dir='ltr'><strong>μου</strong></span> 
     </span>
    </p>
   </div>
   <div class='ocr_carea' id='block_1_17' title="bbox 250 1607 1822 1688">
    <p class='ocr_par' dir='ltr' id='par_1_17' title="bbox 250 1607 1822 1688">
     <span class='ocr_line' id='line_1_17' title="bbox 250 1607 1822 1688; baseline 0.004 -26"><span class='ocrx_word' id='word_1_107' title='bbox 250 1607 447 1673; x_wconf 78' lang='grc' dir='ltr'>κακῶς</span> <span class='ocrx_word' id='word_1_108' title='bbox 475 1608 887 1679; x_wconf 82' lang='grc' dir='ltr'>δαιμονίζεται.</span> <span class='ocrx_word' id='word_1_109' title='bbox 924 1610 1129 1675; x_wconf 83' lang='grc' dir='ltr'>Πένθος</span> <span class='ocrx_word' id='word_1_110' title='bbox 1185 1612 1422 1683; x_wconf 77' lang='grc' dir='ltr'>χαλεπὸν</span> <span class='ocrx_word' id='word_1_111' title='bbox 1446 1655 1460 1679; x_wconf 91' lang='grc'><strong>,</strong></span> <span class='ocrx_word' id='word_1_112' title='bbox 1506 1616 1566 1667; x_wconf 87' lang='grc' dir='ltr'><strong>τὸ</strong></span> <span class='ocrx_word' id='word_1_113' title='bbox 1600 1619 1822 1688; x_wconf 79' lang='grc' dir='ltr'>κέντρον</span> 
     </span>
    </p>
   </div>
   <div class='ocr_carea' id='block_1_18' title="bbox 250 1701 1821 1775">
    <p class='ocr_par' dir='ltr' id='par_1_18' title="bbox 250 1701 1821 1775">
     <span class='ocr_line' id='line_1_18' title="bbox 250 1701 1821 1775; baseline 0.004 -22"><span class='ocrx_word' id='word_1_114' title='bbox 250 1701 350 1771; x_wconf 81' lang='grc' dir='ltr'>τῆς</span> <span class='ocrx_word' id='word_1_115' title='bbox 383 1701 619 1767; x_wconf 83' lang='grc' dir='ltr'>φύσεως,</span> <span class='ocrx_word' id='word_1_116' title='bbox 662 1702 760 1773; x_wconf 81' lang='grc' dir='ltr'>τὴν</span> <span class='ocrx_word' id='word_1_117' title='bbox 799 1705 1013 1775; x_wconf 81' lang='grc' dir='ltr'>μήτραν</span> <span class='ocrx_word' id='word_1_118' title='bbox 1060 1704 1344 1775; x_wconf 79' lang='grc' dir='ltr'>διεσχίζει,</span> <span class='ocrx_word' id='word_1_119' title='bbox 1390 1705 1679 1759; x_wconf 83' lang='grc' dir='ltr'>κλυδώνιον</span> <span class='ocrx_word' id='word_1_120' title='bbox 1708 1709 1821 1770; x_wconf 88' lang='grc' dir='ltr'>τοῖς</span> 
     </span>
    </p>
   </div>
   <div class='ocr_carea' id='block_1_19' title="bbox 251 1794 1818 1869">
    <p class='ocr_par' dir='ltr' id='par_1_19' title="bbox 251 1794 1818 1869">
     <span class='ocr_line' id='line_1_19' title="bbox 251 1794 1818 1869; baseline 0.003 -24"><span class='ocrx_word' id='word_1_121' title='bbox 251 1794 582 1865; x_wconf 79' lang='grc' dir='ltr'>σπλάγχνοις</span> <span class='ocrx_word' id='word_1_122' title='bbox 606 1794 927 1865; x_wconf 74' lang='grc' dir='ltr'>εἰργάσατο.</span> <span class='ocrx_word' id='word_1_123' title='bbox 964 1795 1029 1848; x_wconf 91' lang='grc' dir='ltr'>Τί</span> <span class='ocrx_word' id='word_1_124' title='bbox 1051 1798 1291 1867; x_wconf 83' lang='grc' dir='ltr'>ποιήσω;</span> <span class='ocrx_word' id='word_1_125' title='bbox 1328 1798 1679 1869; x_wconf 80' lang='grc' dir='ltr'>Ἀπόλλυμαι.</span> <span class='ocrx_word' id='word_1_126' title='bbox 1710 1799 1818 1851; x_wconf 82' lang='grc' dir='ltr'><strong>Καὶ</strong></span> 
     </span>
    </p>
   </div>
   <div class='ocr_carea' id='block_1_20' title="bbox 1934 601 3508 674">
    <p class='ocr_par' dir='ltr' id='par_1_20' title="bbox 1934 601 3508 674">
     <span class='ocr_line' id='line_1_20' title="bbox 1934 601 3508 674; baseline -0.001 -18"><span class='ocrx_word' id='word_1_127' title='bbox 1934 611 2223 672; x_wconf 82' lang='lat' dir='ltr'><strong>patronam</strong></span> <span class='ocrx_word' id='word_1_128' title='bbox 2286 601 2664 674; x_wconf 69' lang='lat' dir='ltr'><strong>pmnitentiam</strong></span> <span class='ocrx_word' id='word_1_129' title='bbox 2725 612 2906 665; x_wconf 90' lang='lat' dir='ltr'><strong>nacta,</strong></span> <span class='ocrx_word' id='word_1_130' title='bbox 2946 601 3012 655; x_wconf 91' lang='lat' dir='ltr'><strong>ad</strong></span> <span class='ocrx_word' id='word_1_131' title='bbox 3062 601 3271 656; x_wconf 84' lang='lat' dir='ltr'><strong>fontem</strong></span> <span class='ocrx_word' id='word_1_132' title='bbox 3326 601 3508 673; x_wconf 90' lang='lat' dir='ltr'><strong>ipsum</strong></span> 
     </span>
    </p>
   </div>
   <div class='ocr_carea' id='block_1_21' title="bbox 1934 693 3508 765">
    <p class='ocr_par' dir='ltr' id='par_1_21' title="bbox 1934 693 3508 765">
     <span class='ocr_line' id='line_1_21' title="bbox 1934 693 3508 765; baseline -0.001 -16"><span class='ocrx_word' id='word_1_133' title='bbox 1934 696 2159 751; x_wconf 89' lang='lat' dir='ltr'><strong>accedo.</strong></span> <span class='ocrx_word' id='word_1_134' title='bbox 2218 694 2517 765; x_wconf 84' lang='lat' dir='ltr'><strong>Propterea</strong></span> <span class='ocrx_word' id='word_1_135' title='bbox 2569 693 2880 760; x_wconf 84' lang='lat' dir='ltr'><strong>descendit,</strong></span> <span class='ocrx_word' id='word_1_136' title='bbox 2936 702 3229 763; x_wconf 87' lang='lat' dir='ltr'><strong>propterea</strong></span> <span class='ocrx_word' id='word_1_137' title='bbox 3284 708 3508 747; x_wconf 89' lang='lat' dir='ltr'><strong>carnem</strong></span> 
     </span>
    </p>
   </div>
   <div class='ocr_carea' id='block_1_22' title="bbox 1933 780 3510 855">
    <p class='ocr_par' dir='ltr' id='par_1_22' title="bbox 1933 780 3510 855">
     <span class='ocr_line' id='line_1_22' title="bbox 1933 780 3510 855; baseline -0.003 -16"><span class='ocrx_word' id='word_1_138' title='bbox 1933 785 2254 855; x_wconf 86' lang='lat' dir='ltr'><strong>assumpsit,</strong></span> <span class='ocrx_word' id='word_1_139' title='bbox 2286 796 2346 839; x_wconf 93' lang='lat' dir='ltr'><strong>ut</strong></span> <span class='ocrx_word' id='word_1_140' title='bbox 2382 800 2481 855; x_wconf 85' lang='lat' dir='ltr'><strong>ego</strong></span> <span class='ocrx_word' id='word_1_141' title='bbox 2520 784 2699 853; x_wconf 92' lang='lat' dir='ltr'><strong>ipsum</strong></span> <span class='ocrx_word' id='word_1_142' title='bbox 2736 783 3066 851; x_wconf 85' lang='lat' dir='ltr'><strong>alloquerer.</strong></span> <span class='ocrx_word' id='word_1_143' title='bbox 3099 780 3335 836; x_wconf 88' lang='lat' dir='ltr'><strong>Sursum</strong></span> <span class='ocrx_word' id='word_1_144' title='bbox 3362 780 3510 836; x_wconf 78' lang='lat' dir='ltr'><strong>Clie-</strong></span> 
     </span>
    </p>
   </div>
   <div class='ocr_carea' id='block_1_23' title="bbox 1931 874 3509 949">
    <p class='ocr_par' dir='ltr' id='par_1_23' title="bbox 1931 874 3509 949">
     <span class='ocr_line' id='line_1_23' title="bbox 1931 874 3509 949; baseline -0.004 -17"><span class='ocrx_word' id='word_1_145' title='bbox 1931 879 2110 933; x_wconf 90' lang='lat' dir='ltr'><strong>rubim</strong></span> <span class='ocrx_word' id='word_1_146' title='bbox 2172 895 2294 934; x_wconf 89' lang='lat' dir='ltr'><strong>eum</strong></span> <span class='ocrx_word' id='word_1_147' title='bbox 2348 887 2755 949; x_wconf 76' lang='lat' dir='ltr'><strong>expavescunt;</strong></span> <span class='ocrx_word' id='word_1_148' title='bbox 2817 875 2959 931; x_wconf 79' lang='lat' dir='ltr'><strong>infra</strong></span> <span class='ocrx_word' id='word_1_149' title='bbox 3016 875 3278 930; x_wconf 82' lang='lat' dir='ltr'><strong>meretrix</strong></span> <span class='ocrx_word' id='word_1_150' title='bbox 3329 874 3509 944; x_wconf 87' lang='lat' dir='ltr'><strong>ipsum</strong></span> 
     </span>
    </p>
   </div>
   <div class='ocr_carea' id='block_1_24' title="bbox 1931 966 3510 1036">
    <p class='ocr_par' dir='ltr' id='par_1_24' title="bbox 1931 966 3510 1036">
     <span class='ocr_line' id='line_1_24' title="bbox 1931 966 3510 1036; baseline -0.003 -13"><span class='ocrx_word' id='word_1_151' title='bbox 1931 970 2207 1023; x_wconf 85' lang='lat' dir='ltr'><strong>convenit.</strong></span> <span class='ocrx_word' id='word_1_152' title='bbox 2271 967 2526 1023; x_wconf 75' lang='lat' dir='ltr'><strong>Miserere</strong></span> <span class='ocrx_word' id='word_1_153' title='bbox 2572 969 2679 1025; x_wconf 78' lang='lat' dir='ltr'><strong>mei</strong></span> <span class='ocrx_word' id='word_1_154' title='bbox 2722 983 2740 1020; x_wconf 93' lang='lat'><em>:</em></span> <span class='ocrx_word' id='word_1_155' title='bbox 2779 968 3013 1036; x_wconf 81' lang='lat' dir='ltr'><strong>simplex</strong></span> <span class='ocrx_word' id='word_1_156' title='bbox 3050 967 3300 1030; x_wconf 89' lang='lat' dir='ltr'><strong>verbum,</strong></span> <span class='ocrx_word' id='word_1_157' title='bbox 3344 966 3510 1036; x_wconf 76' lang='lat' dir='ltr'><strong>idque</strong></span> 
     </span>
    </p>
   </div>
   <div class='ocr_carea' id='block_1_25' title="bbox 1928 1058 3510 1130">
    <p class='ocr_par' dir='ltr' id='par_1_25' title="bbox 1928 1058 3510 1130">
     <span class='ocr_line' id='line_1_25' title="bbox 1928 1058 3510 1130; baseline -0.003 -15"><span class='ocrx_word' id='word_1_158' title='bbox 1928 1061 2258 1117; x_wconf 89' lang='lat' dir='ltr'><strong>immensum</strong></span> <span class='ocrx_word' id='word_1_159' title='bbox 2306 1062 2502 1116; x_wconf 80' lang='lat' dir='ltr'><strong>salutis</strong></span> <span class='ocrx_word' id='word_1_160' title='bbox 2544 1062 2793 1130; x_wconf 80' lang='lat' dir='ltr'><strong>pelagus.</strong></span> <span class='ocrx_word' id='word_1_161' title='bbox 2830 1059 3082 1113; x_wconf 81' lang='lat' dir='ltr'><strong>Miserere</strong></span> <span class='ocrx_word' id='word_1_162' title='bbox 3112 1060 3232 1113; x_wconf 85' lang='lat' dir='ltr'><strong>mei.</strong></span> <span class='ocrx_word' id='word_1_163' title='bbox 3271 1058 3399 1112; x_wconf 86' lang='lat' dir='ltr'><strong>Eam</strong></span> <span class='ocrx_word' id='word_1_164' title='bbox 3438 1058 3510 1111; x_wconf 86' lang='lat' dir='ltr'><strong>ob</strong></span> 
     </span>
    </p>
   </div>
   <div class='ocr_carea' id='block_1_26' title="bbox 1929 1152 3507 1218">
    <p class='ocr_par' dir='ltr' id='par_1_26' title="bbox 1929 1152 3507 1218">
     <span class='ocr_line' id='line_1_26' title="bbox 1929 1152 3507 1218; baseline -0.003 -9"><span class='ocrx_word' id='word_1_165' title='bbox 1929 1170 2152 1209; x_wconf 84' lang='lat' dir='ltr'><strong>causam</strong></span> <span class='ocrx_word' id='word_1_166' title='bbox 2176 1154 2485 1218; x_wconf 86' lang='lat' dir='ltr'><strong>acccssisti,</strong></span> <span class='ocrx_word' id='word_1_167' title='bbox 2520 1153 2725 1206; x_wconf 88' lang='lat' dir='ltr'><strong>idcirco</strong></span> <span class='ocrx_word' id='word_1_168' title='bbox 2764 1168 2986 1205; x_wconf 86' lang='lat' dir='ltr'><strong>carnem</strong></span> <span class='ocrx_word' id='word_1_169' title='bbox 3014 1152 3265 1216; x_wconf 86' lang='lat' dir='ltr'><strong>induisti,</strong></span> <span class='ocrx_word' id='word_1_170' title='bbox 3301 1152 3507 1204; x_wconf 90' lang='lat' dir='ltr'><strong>idcirco</strong></span> 
     </span>
    </p>
   </div>
   <div class='ocr_carea' id='block_1_27' title="bbox 1927 1245 3506 1317">
    <p class='ocr_par' dir='ltr' id='par_1_27' title="bbox 1927 1245 3506 1317">
     <span class='ocr_line' id='line_1_27' title="bbox 1927 1245 3506 1317; baseline -0.003 -17"><span class='ocrx_word' id='word_1_171' title='bbox 1927 1246 2107 1303; x_wconf 85' lang='lat' dir='ltr'><strong>factus</strong></span> <span class='ocrx_word' id='word_1_172' title='bbox 2157 1263 2216 1302; x_wconf 91' lang='lat' dir='ltr'><strong>es</strong></span> <span class='ocrx_word' id='word_1_173' title='bbox 2258 1248 2311 1301; x_wconf 90' lang='lat' dir='ltr'><strong>id</strong></span> <span class='ocrx_word' id='word_1_174' title='bbox 2344 1246 2493 1317; x_wconf 89' lang='lat' dir='ltr'><strong>quod</strong></span> <span class='ocrx_word' id='word_1_175' title='bbox 2539 1262 2684 1300; x_wconf 91' lang='lat' dir='ltr'><strong>sum.</strong></span> <span class='ocrx_word' id='word_1_176' title='bbox 2748 1245 2839 1299; x_wconf 86' lang='lat' dir='ltr'><strong>Sic</strong></span> <span class='ocrx_word' id='word_1_177' title='bbox 2887 1246 3137 1299; x_wconf 81' lang='lat' dir='ltr'><strong>videlicet</strong></span> <span class='ocrx_word' id='word_1_178' title='bbox 3189 1252 3400 1299; x_wconf 88' lang='lat' dir='ltr'><strong>tremor</strong></span> <span class='ocrx_word' id='word_1_179' title='bbox 3450 1245 3506 1296; x_wconf 91' lang='lat' dir='ltr'><strong>in</strong></span> 
     </span>
    </p>
   </div>
   <div class='ocr_carea' id='block_1_28' title="bbox 1927 1335 3507 1408">
    <p class='ocr_par' dir='ltr' id='par_1_28' title="bbox 1927 1335 3507 1408">
     <span class='ocr_line' id='line_1_28' title="bbox 1927 1335 3507 1408; baseline -0.003 -13"><span class='ocrx_word' id='word_1_180' title='bbox 1927 1338 2182 1408; x_wconf 87' lang='lat' dir='ltr'><strong>supernis</strong></span> <span class='ocrx_word' id='word_1_181' title='bbox 2217 1346 2323 1402; x_wconf 89' lang='lat' dir='ltr'><strong>est,</strong></span> <span class='ocrx_word' id='word_1_182' title='bbox 2350 1339 2404 1392; x_wconf 93' lang='lat' dir='ltr'><strong>in</strong></span> <span class='ocrx_word' id='word_1_183' title='bbox 2433 1337 2785 1392; x_wconf 77' lang='lat' dir='ltr'><strong>inferioribus</strong></span> <span class='ocrx_word' id='word_1_184' title='bbox 2828 1338 2965 1393; x_wconf 89' lang='lat' dir='ltr'><strong>locis</strong></span> <span class='ocrx_word' id='word_1_185' title='bbox 3001 1337 3220 1393; x_wconf 86' lang='lat' dir='ltr'><strong>ﬁducia.</strong></span> <span class='ocrx_word' id='word_1_186' title='bbox 3254 1335 3507 1390; x_wconf 80' lang='lat' dir='ltr'><strong>Miserere</strong></span> 
     </span>
    </p>
   </div>
   <div class='ocr_carea' id='block_1_29' title="bbox 1925 1430 3504 1499">
    <p class='ocr_par' dir='ltr' id='par_1_29' title="bbox 1925 1430 3504 1499">
     <span class='ocr_line' id='line_1_29' title="bbox 1925 1430 3504 1499; baseline -0.002 -14"><span class='ocrx_word' id='word_1_187' title='bbox 1925 1433 2045 1487; x_wconf 82' lang='lat' dir='ltr'><strong>mei.</strong></span> <span class='ocrx_word' id='word_1_188' title='bbox 2076 1433 2216 1497; x_wconf 92' lang='lat' dir='ltr'><strong>Quid</strong></span> <span class='ocrx_word' id='word_1_189' title='bbox 2248 1431 2461 1487; x_wconf 83' lang='lat' dir='ltr'><strong>habes?</strong></span> <span class='ocrx_word' id='word_1_190' title='bbox 2507 1431 2943 1485; x_wconf 76' lang='lat' dir='ltr'><strong>misericordiam</strong></span> <span class='ocrx_word' id='word_1_191' title='bbox 2976 1446 3179 1499; x_wconf 64' lang='lat' dir='ltr'><strong>quaero.</strong></span> <span class='ocrx_word' id='word_1_192' title='bbox 3213 1430 3351 1495; x_wconf 83' lang='lat' dir='ltr'><strong>Quid</strong></span> <span class='ocrx_word' id='word_1_193' title='bbox 3407 1445 3504 1498; x_wconf 84' lang='lat' dir='ltr'><strong>pa-</strong></span> 
     </span>
    </p>
   </div>
   <div class='ocr_carea' id='block_1_30' title="bbox 1924 1515 3499 1588">
    <p class='ocr_par' dir='ltr' id='par_1_30' title="bbox 1924 1515 3499 1588">
     <span class='ocr_line' id='line_1_30' title="bbox 1924 1515 3499 1588; baseline -0.004 -13"><span class='ocrx_word' id='word_1_194' title='bbox 1924 1521 2103 1576; x_wconf 84' lang='lat' dir='ltr'><strong>teris?</strong></span> <span class='ocrx_word' id='word_1_195' title='bbox 2143 1520 2293 1575; x_wconf 83' lang='lat' dir='ltr'><strong>Filia</strong></span> <span class='ocrx_word' id='word_1_196' title='bbox 2338 1538 2453 1574; x_wconf 85' lang='lat' dir='ltr'><strong>mea</strong></span> <span class='ocrx_word' id='word_1_197' title='bbox 2486 1538 2519 1574; x_wconf 89' lang='lat' dir='ltr'><strong>a</strong></span> <span class='ocrx_word' id='word_1_198' title='bbox 2562 1520 2824 1573; x_wconf 73' lang='lat' dir='ltr'><strong>dwmonio</strong></span> <span class='ocrx_word' id='word_1_199' title='bbox 2861 1519 2999 1572; x_wconf 84' lang='lat' dir='ltr'><strong>male</strong></span> <span class='ocrx_word' id='word_1_200' title='bbox 3034 1528 3253 1571; x_wconf 70' lang='lat' dir='ltr'><strong>vexatur</strong></span> <span class='ocrx_word' id='word_1_201' title='bbox 3284 1515 3499 1588; x_wconf 83' lang='lat' dir='ltr'><strong>(Ibid.).</strong></span> 
     </span>
    </p>
   </div>
   <div class='ocr_carea' id='block_1_31' title="bbox 1923 1602 3520 1676">
    <p class='ocr_par' dir='ltr' id='par_1_31' title="bbox 1923 1602 3520 1676">
     <span class='ocr_line' id='line_1_31' title="bbox 1923 1602 3520 1676; baseline -0.003 -12"><span class='ocrx_word' id='word_1_202' title='bbox 1923 1612 2434 1667; x_wconf 73' lang='lat' dir='ltr'><strong>(Intnmiserationis</strong></span> <span class='ocrx_word' id='word_1_203' title='bbox 2463 1612 2521 1665; x_wconf 84' lang='lat' dir='ltr'><strong>ﬁt</strong></span> <span class='ocrx_word' id='word_1_204' title='bbox 2556 1612 2912 1676; x_wconf 79' lang='lat' dir='ltr'><strong>exercitatio;</strong></span> <span class='ocrx_word' id='word_1_205' title='bbox 2966 1619 3163 1663; x_wconf 89' lang='lat' dir='ltr'><strong>natura</strong></span> <span class='ocrx_word' id='word_1_206' title='bbox 3212 1602 3520 1663; x_wconf 50' lang='lat' dir='ltr'><strong>excrucia-5</strong></span> 
     </span>
    </p>
   </div>
   <div class='ocr_carea' id='block_1_32' title="bbox 1923 1701 3501 1772">
    <p class='ocr_par' dir='ltr' id='par_1_32' title="bbox 1923 1701 3501 1772">
     <span class='ocr_line' id='line_1_32' title="bbox 1923 1701 3501 1772; baseline -0.005 -15"><span class='ocrx_word' id='word_1_207' title='bbox 1923 1712 2034 1757; x_wconf 90' lang='lat' dir='ltr'><strong>tur.</strong></span> <span class='ocrx_word' id='word_1_208' title='bbox 2065 1703 2208 1757; x_wconf 79' lang='lat' dir='ltr'><strong>Exiit</strong></span> <span class='ocrx_word' id='word_1_209' title='bbox 2241 1704 2363 1757; x_wconf 71' lang='lat' dir='ltr'><strong>lilize</strong></span> <span class='ocrx_word' id='word_1_210' title='bbox 2394 1712 2624 1772; x_wconf 87' lang='lat' dir='ltr'><strong>patrona</strong></span> <span class='ocrx_word' id='word_1_211' title='bbox 2661 1722 2675 1755; x_wconf 88' lang='lat'><strong><em>:</em></strong></span> <span class='ocrx_word' id='word_1_212' title='bbox 2721 1717 2830 1755; x_wconf 87' lang='lat' dir='ltr'><strong>non</strong></span> <span class='ocrx_word' id='word_1_213' title='bbox 2865 1701 3085 1769; x_wconf 80' lang='lat' dir='ltr'><strong>quidem</strong></span> <span class='ocrx_word' id='word_1_214' title='bbox 3145 1706 3501 1769; x_wconf 57' lang='lat' dir='ltr'><strong>aegrotantem</strong></span> 
     </span>
    </p>
   </div>
   <div class='ocr_carea' id='block_1_33' title="bbox 1925 1794 3500 1868">
    <p class='ocr_par' dir='ltr' id='par_1_33' title="bbox 1925 1794 3500 1868">
     <span class='ocr_line' id='line_1_33' title="bbox 1925 1794 3500 1868; baseline -0.003 -19"><span class='ocrx_word' id='word_1_215' title='bbox 1925 1804 2131 1868; x_wconf 80' lang='lat' dir='ltr'><strong>gestat,</strong></span> <span class='ocrx_word' id='word_1_216' title='bbox 2158 1797 2251 1851; x_wconf 88' lang='lat' dir='ltr'><strong>sed</strong></span> <span class='ocrx_word' id='word_1_217' title='bbox 2287 1796 2469 1851; x_wconf 81' lang='lat' dir='ltr'><strong>tidem.</strong></span> <span class='ocrx_word' id='word_1_218' title='bbox 2494 1794 2636 1850; x_wconf 90' lang='lat' dir='ltr'><strong>Deus</strong></span> <span class='ocrx_word' id='word_1_219' title='bbox 2657 1804 2762 1862; x_wconf 90' lang='lat' dir='ltr'><strong>cst,</strong></span> <span class='ocrx_word' id='word_1_220' title='bbox 2795 1803 2955 1864; x_wconf 86' lang='lat' dir='ltr'><strong>atque</strong></span> <span class='ocrx_word' id='word_1_221' title='bbox 2981 1794 3166 1847; x_wconf 87' lang='lat' dir='ltr'><strong>omnia</strong></span> <span class='ocrx_word' id='word_1_222' title='bbox 3192 1802 3500 1846; x_wconf 82' lang='lat' dir='ltr'><strong>cutituelur.</strong></span> 
     </span>
    </p>
   </div>
   <div class='ocr_carea' id='block_1_34' title="bbox 246 1869 1818 1960">
    <p class='ocr_par' dir='ltr' id='par_1_34' title="bbox 246 1882 1815 1960">
     <span class='ocr_line' id='line_1_34' title="bbox 246 1882 1815 1960; baseline 0.002 -21"><span class='ocrx_word' id='word_1_223' title='bbox 246 1886 337 1939; x_wconf 77' lang='grc' dir='ltr'>διὰ</span> <span class='ocrx_word' id='word_1_224' title='bbox 367 1888 417 1939; x_wconf 88' lang='grc' dir='ltr'><strong>τί</strong></span> <span class='ocrx_word' id='word_1_225' title='bbox 451 1887 550 1940; x_wconf 80' lang='grc' dir='ltr'><strong>οὑκ</strong></span> <span class='ocrx_word' id='word_1_226' title='bbox 578 1882 751 1953; x_wconf 78' lang='grc' dir='ltr'>εἶπεν,</span> <span class='ocrx_word' id='word_1_227' title='bbox 798 1888 1047 1958; x_wconf 85' lang='grc' dir='ltr'>Ἐλέησον</span> <span class='ocrx_word' id='word_1_228' title='bbox 1068 1887 1164 1959; x_wconf 86' lang='grc' dir='ltr'>τὴν</span> <span class='ocrx_word' id='word_1_229' title='bbox 1196 1889 1470 1960; x_wconf 85' lang='grc' dir='ltr'>θυγατέρα</span> <span class='ocrx_word' id='word_1_230' title='bbox 1502 1907 1626 1960; x_wconf 87' lang='grc' dir='ltr'>μου,</span> <span class='ocrx_word' id='word_1_231' title='bbox 1656 1889 1815 1953; x_wconf 84' lang='grc' dir='ltr'>ἀλλὰ,</span> 
     </span>
    </p>
   </div>
   <div class='ocr_carea' id='block_1_35' title="bbox 1920 1869 3495 1960">
    <p class='ocr_par' dir='ltr' id='par_1_35' title="bbox 1923 1884 3495 1951">
     <span class='ocr_line' id='line_1_35' title="bbox 1923 1884 3495 1951; baseline -0.006 -8"><span class='ocrx_word' id='word_1_232' title='bbox 1923 1889 2073 1943; x_wconf 81' lang='lat' dir='ltr'><strong>Filia</strong></span> <span class='ocrx_word' id='word_1_233' title='bbox 2102 1904 2218 1942; x_wconf 84' lang='lat' dir='ltr'><strong>mea</strong></span> <span class='ocrx_word' id='word_1_234' title='bbox 2249 1906 2281 1941; x_wconf 93' lang='lat' dir='ltr'><strong>a</strong></span> <span class='ocrx_word' id='word_1_235' title='bbox 2305 1889 2569 1941; x_wconf 76' lang='lat' dir='ltr'><strong>dwmonio</strong></span> <span class='ocrx_word' id='word_1_236' title='bbox 2596 1887 2733 1940; x_wconf 89' lang='lat' dir='ltr'><strong>male</strong></span> <span class='ocrx_word' id='word_1_237' title='bbox 2768 1895 3007 1939; x_wconf 75' lang='lat' dir='ltr'><strong>vexatur.</strong></span> <span class='ocrx_word' id='word_1_238' title='bbox 3046 1886 3253 1939; x_wconf 87' lang='lat' dir='ltr'><strong>Luctus</strong></span> <span class='ocrx_word' id='word_1_239' title='bbox 3291 1884 3495 1951; x_wconf 80' lang='lat' dir='ltr'><strong>gravis,</strong></span> 
     </span>
    </p>
   </div>
   <div class='ocr_carea' id='block_1_36' title="bbox 262 1978 1817 2052">
    <p class='ocr_par' dir='ltr' id='par_1_36' title="bbox 262 1978 1817 2052">
     <span class='ocr_line' id='line_1_36' title="bbox 262 1978 1817 2052; baseline 0.004 -21"><span class='ocrx_word' id='word_1_240' title='bbox 262 1978 561 2045; x_wconf 78' lang='grc' dir='ltr'>Ἐλέησόν</span> <span class='ocrx_word' id='word_1_241' title='bbox 570 1994 683 2048; x_wconf 81' lang='grc' dir='ltr'>με;</span> <span class='ocrx_word' id='word_1_242' title='bbox 713 1979 893 2050; x_wconf 91' lang='grc' dir='ltr'>ἐκείνη</span> <span class='ocrx_word' id='word_1_243' title='bbox 916 1980 1025 2052; x_wconf 86' lang='grc' dir='ltr'><strong>γὰρ</strong></span> <span class='ocrx_word' id='word_1_244' title='bbox 1044 1982 1099 2033; x_wconf 87' lang='grc' dir='ltr'><strong>ἐν</strong></span> <span class='ocrx_word' id='word_1_245' title='bbox 1125 1980 1377 2051; x_wconf 73' lang='grc' dir='ltr'>ἀσθενείᾳ</span> <span class='ocrx_word' id='word_1_246' title='bbox 1396 1981 1507 2051; x_wconf 78' lang='grc' dir='ltr'>ἔχει</span> <span class='ocrx_word' id='word_1_247' title='bbox 1534 1982 1594 2034; x_wconf 85' lang='grc' dir='ltr'><strong>τὸ</strong></span> <span class='ocrx_word' id='word_1_248' title='bbox 1627 1982 1817 2046; x_wconf 85' lang='grc' dir='ltr'>πάθος.</span> 
     </span>
    </p>
   </div>
   <div class='ocr_carea' id='block_1_37' title="bbox 247 2066 1819 2145">
    <p class='ocr_par' dir='ltr' id='par_1_37' title="bbox 247 2066 1819 2145">
     <span class='ocr_line' id='line_1_37' title="bbox 247 2066 1819 2145; baseline 0.003 -22"><span class='ocrx_word' id='word_1_249' title='bbox 247 2072 362 2125; x_wconf 65' lang='grc' dir='ltr'>Οὐκ</span> <span class='ocrx_word' id='word_1_250' title='bbox 386 2066 491 2123; x_wconf 83' lang='grc' dir='ltr'>οἶδε</span> <span class='ocrx_word' id='word_1_251' title='bbox 518 2071 569 2123; x_wconf 86' lang='grc' dir='ltr'><strong>τί</strong></span> <span class='ocrx_word' id='word_1_252' title='bbox 611 2072 833 2142; x_wconf 83' lang='grc' dir='ltr'>πάσχει,</span> <span class='ocrx_word' id='word_1_253' title='bbox 866 2074 963 2124; x_wconf 83' lang='grc' dir='ltr'><strong>καὶ</strong></span> <span class='ocrx_word' id='word_1_254' title='bbox 993 2074 1091 2126; x_wconf 85' lang='grc' dir='ltr'><strong>οὐκ</strong></span> <span class='ocrx_word' id='word_1_255' title='bbox 1132 2072 1452 2127; x_wconf 82' lang='grc' dir='ltr'>αἰσθάνεται</span> <span class='ocrx_word' id='word_1_256' title='bbox 1473 2074 1572 2145; x_wconf 84' lang='grc' dir='ltr'>τῆς</span> <span class='ocrx_word' id='word_1_257' title='bbox 1604 2075 1819 2145; x_wconf 80' lang='grc' dir='ltr'>ἡδονῆς,</span> 
     </span>
    </p>
   </div>
   <div class='ocr_carea' id='block_1_38' title="bbox 246 2161 1817 2234">
    <p class='ocr_par' dir='ltr' id='par_1_38' title="bbox 246 2161 1817 2234">
     <span class='ocr_line' id='line_1_38' title="bbox 246 2161 1817 2234; baseline 0.004 -21"><span class='ocrx_word' id='word_1_258' title='bbox 246 2161 657 2231; x_wconf 78' lang='grc' dir='ltr'>παραπέτασμα</span> <span class='ocrx_word' id='word_1_259' title='bbox 706 2162 804 2232; x_wconf 85' lang='grc' dir='ltr'><strong>τῆς</strong></span> <span class='ocrx_word' id='word_1_260' title='bbox 862 2164 1152 2233; x_wconf 81' lang='grc' dir='ltr'>συμφορᾶς</span> <span class='ocrx_word' id='word_1_261' title='bbox 1205 2162 1403 2234; x_wconf 75' lang='grc' dir='ltr'>ἔχουσα</span> <span class='ocrx_word' id='word_1_262' title='bbox 1434 2164 1496 2217; x_wconf 84' lang='grc' dir='ltr'>τὸ</span> <span class='ocrx_word' id='word_1_263' title='bbox 1546 2165 1817 2231; x_wconf 87' lang='grc' dir='ltr'>άνόδυνον,</span> 
     </span>
    </p>
   </div>
   <div class='ocr_carea' id='block_1_39' title="bbox 250 2254 1820 2329">
    <p class='ocr_par' dir='ltr' id='par_1_39' title="bbox 250 2254 1820 2329">
     <span class='ocr_line' id='line_1_39' title="bbox 250 2254 1820 2329; baseline 0.005 -24"><span class='ocrx_word' id='word_1_264' title='bbox 250 2254 451 2323; x_wconf 81' lang='grc' dir='ltr'>μᾶλλον</span> <span class='ocrx_word' id='word_1_265' title='bbox 482 2254 538 2307; x_wconf 84' lang='grc' dir='ltr'>δὲ</span> <span class='ocrx_word' id='word_1_266' title='bbox 566 2254 628 2306; x_wconf 86' lang='grc' dir='ltr'>τὸ</span> <span class='ocrx_word' id='word_1_267' title='bbox 660 2254 1007 2325; x_wconf 87' lang='grc' dir='ltr'>ἀναίσθητον.</span> <span class='ocrx_word' id='word_1_268' title='bbox 1046 2256 1174 2326; x_wconf 84' lang='grc' dir='ltr'><strong>Ἐμὲ</strong></span> <span class='ocrx_word' id='word_1_269' title='bbox 1200 2256 1257 2309; x_wconf 83' lang='grc' dir='ltr'>δὲ</span> <span class='ocrx_word' id='word_1_270' title='bbox 1289 2257 1530 2329; x_wconf 89' lang='grc' dir='ltr'>ἐλέησον,</span> <span class='ocrx_word' id='word_1_271' title='bbox 1554 2259 1653 2329; x_wconf 81' lang='grc' dir='ltr'>τὴν</span> <span class='ocrx_word' id='word_1_272' title='bbox 1685 2258 1820 2313; x_wconf 87' lang='grc' dir='ltr'>θεω-</span> 
     </span>
    </p>
   </div>
   <div class='ocr_carea' id='block_1_40' title="bbox 249 2347 1820 2422">
    <p class='ocr_par' dir='ltr' id='par_1_40' title="bbox 249 2347 1820 2422">
     <span class='ocr_line' id='line_1_40' title="bbox 249 2347 1820 2422; baseline 0.003 -23"><span class='ocrx_word' id='word_1_273' title='bbox 249 2348 347 2419; x_wconf 80' lang='grc' dir='ltr'>ρὸν</span> <span class='ocrx_word' id='word_1_274' title='bbox 369 2347 475 2399; x_wconf 80' lang='grc' dir='ltr'>τῶν</span> <span class='ocrx_word' id='word_1_275' title='bbox 502 2347 887 2419; x_wconf 83' lang='grc' dir='ltr'>καθημερινῶν</span> <span class='ocrx_word' id='word_1_276' title='bbox 910 2348 1117 2402; x_wconf 84' lang='grc' dir='ltr'>κακῶν.</span> <span class='ocrx_word' id='word_1_277' title='bbox 1140 2347 1380 2420; x_wconf 85' lang='grc' dir='ltr'>Θέατρον</span> <span class='ocrx_word' id='word_1_278' title='bbox 1402 2350 1509 2421; x_wconf 82' lang='grc' dir='ltr'>ἔχω</span> <span class='ocrx_word' id='word_1_279' title='bbox 1537 2368 1599 2403; x_wconf 89' lang='grc' dir='ltr'><strong>συ</strong></span> <span class='ocrx_word' id='word_1_280' title='bbox 1608 2354 1820 2422; x_wconf 82' lang='grc' dir='ltr'>μφορᾶς</span> 
     </span>
    </p>
   </div>
   <div class='ocr_carea' id='block_1_41' title="bbox 246 2438 1817 2512">
    <p class='ocr_par' dir='ltr' id='par_1_41' title="bbox 246 2438 1817 2512">
     <span class='ocr_line' id='line_1_41' title="bbox 246 2438 1817 2512; baseline 0.004 -24"><span class='ocrx_word' id='word_1_281' title='bbox 246 2439 307 2488; x_wconf 84' lang='grc' dir='ltr'>ὲν</span> <span class='ocrx_word' id='word_1_282' title='bbox 340 2442 405 2508; x_wconf 81' lang='grc' dir='ltr'>τῇ</span> <span class='ocrx_word' id='word_1_283' title='bbox 436 2439 604 2509; x_wconf 75' lang='grc' dir='ltr'>οἰκίᾳ.</span> <span class='ocrx_word' id='word_1_284' title='bbox 638 2438 747 2492; x_wconf 89' lang='grc' dir='ltr'>Ποῦ</span> <span class='ocrx_word' id='word_1_285' title='bbox 795 2439 1047 2506; x_wconf 83' lang='grc' dir='ltr'>ἁπέλθω;</span> <span class='ocrx_word' id='word_1_286' title='bbox 1074 2441 1153 2503; x_wconf 82' lang='grc' dir='ltr'>εἰς</span> <span class='ocrx_word' id='word_1_287' title='bbox 1185 2441 1285 2510; x_wconf 87' lang='grc' dir='ltr'>τὴν</span> <span class='ocrx_word' id='word_1_288' title='bbox 1319 2441 1564 2512; x_wconf 80' lang='grc' dir='ltr'>ἕρημον;</span> <span class='ocrx_word' id='word_1_289' title='bbox 1607 2442 1721 2495; x_wconf 86' lang='grc' dir='ltr'>ἀλλ’</span> <span class='ocrx_word' id='word_1_290' title='bbox 1757 2444 1817 2495; x_wconf 81' lang='grc' dir='ltr'><strong>οὐ</strong></span> 
     </span>
    </p>
   </div>
   <div class='ocr_carea' id='block_1_42' title="bbox 245 2530 1819 2606">
    <p class='ocr_par' dir='ltr' id='par_1_42' title="bbox 245 2530 1819 2606">
     <span class='ocr_line' id='line_1_42' title="bbox 245 2530 1819 2606; baseline 0.005 -26"><span class='ocrx_word' id='word_1_291' title='bbox 245 2530 430 2600; x_wconf 85' lang='grc' dir='ltr'>τολμῶ</span> <span class='ocrx_word' id='word_1_292' title='bbox 462 2530 632 2599; x_wconf 81' lang='grc' dir='ltr'>αὐτὴν</span> <span class='ocrx_word' id='word_1_293' title='bbox 658 2531 1000 2586; x_wconf 70' lang='grc' dir='ltr'>καταλιπεῖν</span> <span class='ocrx_word' id='word_1_294' title='bbox 1042 2534 1230 2603; x_wconf 88' lang='grc' dir='ltr'>μόνην.</span> <span class='ocrx_word' id='word_1_295' title='bbox 1287 2533 1427 2585; x_wconf 81' lang='grc' dir='ltr'>Ἀλλ’</span> <span class='ocrx_word' id='word_1_296' title='bbox 1466 2536 1547 2597; x_wconf 85' lang='grc' dir='ltr'><strong>είς</strong></span> <span class='ocrx_word' id='word_1_297' title='bbox 1598 2534 1696 2606; x_wconf 79' lang='grc' dir='ltr'>τὴν</span> <span class='ocrx_word' id='word_1_298' title='bbox 1737 2538 1819 2588; x_wconf 88' lang='grc' dir='ltr'><strong>οἰ-</strong></span> 
     </span>
    </p>
   </div>
   <div class='ocr_carea' id='block_1_43' title="bbox 247 2620 1820 2696">
    <p class='ocr_par' dir='ltr' id='par_1_43' title="bbox 247 2620 1820 2696">
     <span class='ocr_line' id='line_1_43' title="bbox 247 2620 1820 2696; baseline 0.006 -25"><span class='ocrx_word' id='word_1_299' title='bbox 247 2620 410 2686; x_wconf 85' lang='grc' dir='ltr'>κίαν;</span> <span class='ocrx_word' id='word_1_300' title='bbox 438 2620 551 2672; x_wconf 83' lang='grc' dir='ltr'>ἀλλ’</span> <span class='ocrx_word' id='word_1_301' title='bbox 580 2621 820 2690; x_wconf 81' lang='grc' dir='ltr'>εὑρίσκω</span> <span class='ocrx_word' id='word_1_302' title='bbox 848 2622 939 2675; x_wconf 85' lang='grc' dir='ltr'><strong>τὸν</strong></span> <span class='ocrx_word' id='word_1_303' title='bbox 960 2622 1196 2693; x_wconf 86' lang='grc' dir='ltr'>πόλεμον</span> <span class='ocrx_word' id='word_1_304' title='bbox 1225 2622 1394 2691; x_wconf 79' lang='grc' dir='ltr'>ἔνδον,</span> <span class='ocrx_word' id='word_1_305' title='bbox 1426 2625 1494 2678; x_wconf 86' lang='grc' dir='ltr'><strong>τά</strong></span> <span class='ocrx_word' id='word_1_306' title='bbox 1520 2624 1737 2696; x_wconf 81' lang='grc' dir='ltr'>κύματα</span> <span class='ocrx_word' id='word_1_307' title='bbox 1762 2628 1820 2680; x_wconf 85' lang='grc' dir='ltr'><strong>ἐν</strong></span> 
     </span>
    </p>
   </div>
   <div class='ocr_carea' id='block_1_44' title="bbox 245 2709 1818 2786">
    <p class='ocr_par' dir='ltr' id='par_1_44' title="bbox 245 2709 1818 2786">
     <span class='ocr_line' id='line_1_44' title="bbox 245 2709 1818 2786; baseline 0.006 -25"><span class='ocrx_word' id='word_1_308' title='bbox 245 2710 325 2779; x_wconf 78' lang='grc' dir='ltr'>τῷ</span> <span class='ocrx_word' id='word_1_309' title='bbox 350 2709 549 2779; x_wconf 90' lang='grc' dir='ltr'>λιμένι.</span> <span class='ocrx_word' id='word_1_310' title='bbox 570 2712 633 2764; x_wconf 89' lang='grc' dir='ltr'>Τί</span> <span class='ocrx_word' id='word_1_311' title='bbox 665 2712 835 2784; x_wconf 80' lang='grc' dir='ltr'>αὐτὴν</span> <span class='ocrx_word' id='word_1_312' title='bbox 857 2712 1107 2778; x_wconf 86' lang='grc' dir='ltr'>καλέσω;</span> <span class='ocrx_word' id='word_1_313' title='bbox 1138 2716 1339 2786; x_wconf 86' lang='grc' dir='ltr'>νεκράν</span> <span class='ocrx_word' id='word_1_314' title='bbox 1362 2732 1377 2781; x_wconf 87' lang='lat'><strong>;</strong></span> <span class='ocrx_word' id='word_1_315' title='bbox 1404 2714 1541 2768; x_wconf 85' lang='grc' dir='ltr'>ἀλλὰ</span> <span class='ocrx_word' id='word_1_316' title='bbox 1569 2720 1818 2772; x_wconf 86' lang='grc' dir='ltr'>κινεῖται.</span> 
     </span>
    </p>
   </div>
   <div class='ocr_carea' id='block_1_45' title="bbox 258 2802 1821 2877">
    <p class='ocr_par' dir='ltr' id='par_1_45' title="bbox 258 2802 1821 2877">
     <span class='ocr_line' id='line_1_45' title="bbox 258 2802 1821 2877; baseline 0.006 -24"><span class='ocrx_word' id='word_1_317' title='bbox 258 2802 419 2857; x_wconf 81' lang='grc' dir='ltr'>Ἀλλά</span> <span class='ocrx_word' id='word_1_318' title='bbox 464 2804 679 2869; x_wconf 63' lang='lat' dir='ltr'><strong>Cmam;</strong></span> <span class='ocrx_word' id='word_1_319' title='bbox 733 2806 849 2858; x_wconf 84' lang='grc' dir='ltr'>ἀλλ’</span> <span class='ocrx_word' id='word_1_320' title='bbox 898 2807 997 2858; x_wconf 80' lang='grc' dir='ltr'><strong>οὑκ</strong></span> <span class='ocrx_word' id='word_1_321' title='bbox 1034 2802 1143 2858; x_wconf 80' lang='grc' dir='ltr'>οἶδε</span> <span class='ocrx_word' id='word_1_322' title='bbox 1188 2806 1239 2859; x_wconf 88' lang='grc' dir='ltr'><strong>τί</strong></span> <span class='ocrx_word' id='word_1_323' title='bbox 1279 2808 1500 2877; x_wconf 89' lang='grc' dir='ltr'>πάσχει.</span> <span class='ocrx_word' id='word_1_324' title='bbox 1535 2809 1648 2862; x_wconf 81' lang='grc' dir='ltr'>Οὐκ</span> <span class='ocrx_word' id='word_1_325' title='bbox 1704 2805 1821 2865; x_wconf 74' lang='grc' dir='ltr'>οἶδα</span> 
     </span>
    </p>
   </div>
   <div class='ocr_carea' id='block_1_46' title="bbox 244 2894 1817 2969">
    <p class='ocr_par' dir='ltr' id='par_1_46' title="bbox 244 2894 1817 2969">
     <span class='ocr_line' id='line_1_46' title="bbox 244 2894 1817 2969; baseline 0.006 -24"><span class='ocrx_word' id='word_1_326' title='bbox 244 2894 425 2964; x_wconf 86' lang='grc' dir='ltr'>εὑρεῖν</span> <span class='ocrx_word' id='word_1_327' title='bbox 455 2896 625 2965; x_wconf 76' lang='grc' dir='ltr'>ὄνομα</span> <span class='ocrx_word' id='word_1_328' title='bbox 676 2897 979 2968; x_wconf 85' lang='grc' dir='ltr'>ἐρμηνεῦον</span> <span class='ocrx_word' id='word_1_329' title='bbox 1011 2898 1071 2949; x_wconf 85' lang='grc' dir='ltr'><strong>τὸ</strong></span> <span class='ocrx_word' id='word_1_330' title='bbox 1119 2898 1312 2961; x_wconf 81' lang='grc' dir='ltr'>πάθος.</span> <span class='ocrx_word' id='word_1_331' title='bbox 1358 2898 1487 2967; x_wconf 78' lang='grc' dir='ltr'><strong>Ἐμὲ</strong></span> <span class='ocrx_word' id='word_1_332' title='bbox 1537 2902 1817 2969; x_wconf 80' lang='grc' dir='ltr'>ἐλέησον.</span> 
     </span>
    </p>
   </div>
   <div class='ocr_carea' id='block_1_47' title="bbox 244 2986 1819 3059">
    <p class='ocr_par' dir='ltr' id='par_1_47' title="bbox 244 2986 1819 3059">
     <span class='ocr_line' id='line_1_47' title="bbox 244 2986 1819 3059; baseline 0.006 -22"><span class='ocrx_word' id='word_1_333' title='bbox 244 2986 311 3038; x_wconf 73' lang='lat' dir='ltr'><strong>Et</strong></span> <span class='ocrx_word' id='word_1_334' title='bbox 336 2986 589 3056; x_wconf 80' lang='grc' dir='ltr'>τεθνήκει</span> <span class='ocrx_word' id='word_1_335' title='bbox 623 2988 684 3040; x_wconf 81' lang='grc' dir='ltr'><strong>τὸ</strong></span> <span class='ocrx_word' id='word_1_336' title='bbox 712 2988 1004 3059; x_wconf 85' lang='grc' dir='ltr'>θυγάτριόν</span> <span class='ocrx_word' id='word_1_337' title='bbox 1035 3007 1155 3059; x_wconf 89' lang='grc' dir='ltr'>μου,</span> <span class='ocrx_word' id='word_1_338' title='bbox 1193 2991 1292 3043; x_wconf 81' lang='grc' dir='ltr'><strong>οὐκ</strong></span> <span class='ocrx_word' id='word_1_339' title='bbox 1328 2991 1392 3044; x_wconf 86' lang='grc' dir='ltr'>ἂν</span> <span class='ocrx_word' id='word_1_340' title='bbox 1421 2992 1646 3045; x_wconf 91' lang='grc' dir='ltr'>τοιαῦτα</span> <span class='ocrx_word' id='word_1_341' title='bbox 1684 2994 1819 3046; x_wconf 80' lang='grc' dir='ltr'>ἐπα-</span> 
     </span>
    </p>
   </div>
   <div class='ocr_carea' id='block_1_48' title="bbox 246 3078 1817 3156">
    <p class='ocr_par' dir='ltr' id='par_1_48' title="bbox 246 3078 1817 3156">
     <span class='ocr_line' id='line_1_48' title="bbox 246 3078 1817 3156; baseline 0.007 -26"><span class='ocrx_word' id='word_1_342' title='bbox 246 3078 359 3132; x_wconf 86' lang='grc' dir='ltr'>θον.</span> <span class='ocrx_word' id='word_1_343' title='bbox 392 3079 688 3150; x_wconf 84' lang='grc' dir='ltr'>Παρέδωκα</span> <span class='ocrx_word' id='word_1_344' title='bbox 723 3079 790 3133; x_wconf 83' lang='grc' dir='ltr'>ἂν</span> <span class='ocrx_word' id='word_1_345' title='bbox 823 3082 884 3134; x_wconf 87' lang='grc' dir='ltr'>τὸ</span> <span class='ocrx_word' id='word_1_346' title='bbox 929 3081 1091 3153; x_wconf 83' lang='grc' dir='ltr'>σῶμα</span> <span class='ocrx_word' id='word_1_347' title='bbox 1133 3085 1248 3146; x_wconf 87' lang='grc' dir='ltr'>τοῖς</span> <span class='ocrx_word' id='word_1_348' title='bbox 1292 3084 1516 3150; x_wconf 87' lang='grc' dir='ltr'>κόλποις</span> <span class='ocrx_word' id='word_1_349' title='bbox 1564 3086 1662 3155; x_wconf 84' lang='grc' dir='ltr'><strong>τῆς</strong></span> <span class='ocrx_word' id='word_1_350' title='bbox 1696 3087 1817 3156; x_wconf 81' lang='grc' dir='ltr'>γῆς,</span> 
     </span>
    </p>
   </div>
   <div class='ocr_carea' id='block_1_49' title="bbox 245 3170 1815 3249">
    <p class='ocr_par' dir='ltr' id='par_1_49' title="bbox 245 3170 1815 3249">
     <span class='ocr_line' id='line_1_49' title="bbox 245 3170 1815 3249; baseline 0.006 -27"><span class='ocrx_word' id='word_1_351' title='bbox 245 3171 341 3222; x_wconf 76' lang='grc' dir='ltr'>καὶ</span> <span class='ocrx_word' id='word_1_352' title='bbox 368 3170 446 3241; x_wconf 84' lang='grc' dir='ltr'>τῷ</span> <span class='ocrx_word' id='word_1_353' title='bbox 475 3172 655 3243; x_wconf 80' lang='grc' dir='ltr'>χρόνῳ</span> <span class='ocrx_word' id='word_1_354' title='bbox 682 3171 779 3243; x_wconf 80' lang='grc' dir='ltr'>τὴν</span> <span class='ocrx_word' id='word_1_355' title='bbox 802 3172 993 3245; x_wconf 55' lang='grc' dir='ltr'>ίλήθην</span> <span class='ocrx_word' id='word_1_356' title='bbox 1034 3176 1349 3247; x_wconf 76' lang='grc' dir='ltr'>εἰσήγαγον,</span> <span class='ocrx_word' id='word_1_357' title='bbox 1381 3178 1475 3231; x_wconf 72' lang='grc' dir='ltr'>καὶ</span> <span class='ocrx_word' id='word_1_358' title='bbox 1516 3178 1815 3249; x_wconf 90' lang='grc' dir='ltr'>διεφόρησα</span> 
     </span>
    </p>
   </div>
   <div class='ocr_carea' id='block_1_50' title="bbox 241 3263 1815 3344">
    <p class='ocr_par' dir='ltr' id='par_1_50' title="bbox 241 3263 1815 3344">
     <span class='ocr_line' id='line_1_50' title="bbox 241 3263 1815 3344; baseline 0.006 -28"><span class='ocrx_word' id='word_1_359' title='bbox 241 3264 307 3316; x_wconf 85' lang='grc' dir='ltr'><strong>τὸ</strong></span> <span class='ocrx_word' id='word_1_360' title='bbox 334 3263 511 3328; x_wconf 73' lang='grc' dir='ltr'>ἕλκος.</span> <span class='ocrx_word' id='word_1_361' title='bbox 560 3266 673 3319; x_wconf 88' lang='grc' dir='ltr'>Νῦν</span> <span class='ocrx_word' id='word_1_362' title='bbox 707 3266 763 3319; x_wconf 88' lang='grc' dir='ltr'>δὲ</span> <span class='ocrx_word' id='word_1_363' title='bbox 799 3267 990 3338; x_wconf 83' lang='grc' dir='ltr'>νεκρὸν</span> <span class='ocrx_word' id='word_1_364' title='bbox 1033 3268 1143 3338; x_wconf 77' lang='grc' dir='ltr'><strong>ἔχω</strong></span> <span class='ocrx_word' id='word_1_365' title='bbox 1182 3268 1408 3339; x_wconf 84' lang='grc' dir='ltr'>διηνεκῆ</span> <span class='ocrx_word' id='word_1_366' title='bbox 1456 3288 1549 3341; x_wconf 88' lang='grc' dir='ltr'><strong>μοι</strong></span> <span class='ocrx_word' id='word_1_367' title='bbox 1582 3271 1815 3344; x_wconf 83' lang='grc' dir='ltr'>θεωρίαν</span> 
     </span>
    </p>
   </div>
   <div class='ocr_carea' id='block_1_51' title="bbox 244 3360 1815 3434">
    <p class='ocr_par' dir='ltr' id='par_1_51' title="bbox 244 3360 1815 3434">
     <span class='ocr_line' id='line_1_51' title="bbox 244 3360 1815 3434; baseline 0.004 -21"><span class='ocrx_word' id='word_1_368' title='bbox 244 3360 632 3433; x_wconf 79' lang='grc' dir='ltr'>ἐργαζόμενον,</span> <span class='ocrx_word' id='word_1_369' title='bbox 665 3361 960 3431; x_wconf 83' lang='grc' dir='ltr'>ῦφαίνοντά</span> <span class='ocrx_word' id='word_1_370' title='bbox 992 3380 1082 3433; x_wconf 86' lang='grc' dir='ltr'><strong>μοι</strong></span> <span class='ocrx_word' id='word_1_371' title='bbox 1122 3362 1191 3415; x_wconf 84' lang='grc' dir='ltr'><strong>τά</strong></span> <span class='ocrx_word' id='word_1_372' title='bbox 1229 3363 1544 3434; x_wconf 85' lang='grc' dir='ltr'>τραύματα,</span> <span class='ocrx_word' id='word_1_373' title='bbox 1588 3366 1815 3421; x_wconf 86' lang='grc' dir='ltr'>πλεονά-</span> 
     </span>
    </p>
   </div>
   <div class='ocr_carea' id='block_1_52' title="bbox 242 3449 1815 3528">
    <p class='ocr_par' dir='ltr' id='par_1_52' title="bbox 242 3449 1815 3528">
     <span class='ocr_line' id='line_1_52' title="bbox 242 3449 1815 3528; baseline 0.004 -23"><span class='ocrx_word' id='word_1_374' title='bbox 242 3453 408 3517; x_wconf 78' lang='grc' dir='ltr'>ζοντά</span> <span class='ocrx_word' id='word_1_375' title='bbox 440 3472 531 3524; x_wconf 88' lang='grc' dir='ltr'><strong>μοι</strong></span> <span class='ocrx_word' id='word_1_376' title='bbox 578 3454 637 3506; x_wconf 84' lang='grc' dir='ltr'><strong>τὸ</strong></span> <span class='ocrx_word' id='word_1_377' title='bbox 671 3453 849 3517; x_wconf 75' lang='grc' dir='ltr'>ἕλκος.</span> <span class='ocrx_word' id='word_1_378' title='bbox 886 3453 1011 3517; x_wconf 83' lang='grc' dir='ltr'><strong>Πῶς</strong></span> <span class='ocrx_word' id='word_1_379' title='bbox 1040 3449 1180 3507; x_wconf 77' lang='grc' dir='ltr'>εἶδον</span> <span class='ocrx_word' id='word_1_380' title='bbox 1222 3455 1538 3525; x_wconf 82' lang='grc' dir='ltr'>ὀφθαλμοὺς</span> <span class='ocrx_word' id='word_1_381' title='bbox 1563 3457 1815 3528; x_wconf 87' lang='grc' dir='ltr'>διαστρε-</span> 
     </span>
    </p>
   </div>
   <div class='ocr_carea' id='block_1_53' title="bbox 243 3546 1816 3620">
    <p class='ocr_par' dir='ltr' id='par_1_53' title="bbox 243 3546 1816 3620">
     <span class='ocr_line' id='line_1_53' title="bbox 243 3546 1816 3620; baseline 0.004 -22"><span class='ocrx_word' id='word_1_382' title='bbox 243 3547 533 3615; x_wconf 85' lang='grc' dir='ltr'>φομένους,</span> <span class='ocrx_word' id='word_1_383' title='bbox 561 3549 748 3617; x_wconf 84' lang='grc' dir='ltr'>χεῖρας</span> <span class='ocrx_word' id='word_1_384' title='bbox 782 3546 1323 3617; x_wconf 87' lang='grc' dir='ltr'>στραγγαλουμένας,</span> <span class='ocrx_word' id='word_1_385' title='bbox 1357 3548 1671 3620; x_wconf 83' lang='grc' dir='ltr'>πλοκάμους</span> <span class='ocrx_word' id='word_1_386' title='bbox 1694 3551 1816 3605; x_wconf 86' lang='grc' dir='ltr'>λυο-</span> 
     </span>
    </p>
   </div>
   <div class='ocr_carea' id='block_1_54' title="bbox 247 3639 1815 3711">
    <p class='ocr_par' dir='ltr' id='par_1_54' title="bbox 247 3639 1815 3711">
     <span class='ocr_line' id='line_1_54' title="bbox 247 3639 1815 3711; baseline 0.004 -20"><span class='ocrx_word' id='word_1_387' title='bbox 247 3639 463 3709; x_wconf 85' lang='grc' dir='ltr'>μένους,</span> <span class='ocrx_word' id='word_1_388' title='bbox 500 3640 673 3711; x_wconf 85' lang='grc' dir='ltr'>ἀφρὸν</span> <span class='ocrx_word' id='word_1_389' title='bbox 717 3640 1073 3711; x_wconf 85' lang='grc' dir='ltr'>προϊεμένην,</span> <span class='ocrx_word' id='word_1_390' title='bbox 1106 3639 1197 3692; x_wconf 88' lang='grc' dir='ltr'><strong>τὸν</strong></span> <span class='ocrx_word' id='word_1_391' title='bbox 1234 3640 1422 3711; x_wconf 88' lang='grc' dir='ltr'>δήμιον</span> <span class='ocrx_word' id='word_1_392' title='bbox 1476 3640 1622 3696; x_wconf 76' lang='grc' dir='ltr'>ἔνδον</span> <span class='ocrx_word' id='word_1_393' title='bbox 1666 3642 1815 3709; x_wconf 72' lang='grc' dir='ltr'>ὄντα,</span> 
     </span>
    </p>
   </div>
   <div class='ocr_carea' id='block_1_55' title="bbox 244 3732 1813 3805">
    <p class='ocr_par' dir='ltr' id='par_1_55' title="bbox 244 3732 1813 3805">
     <span class='ocr_line' id='line_1_55' title="bbox 244 3732 1813 3805; baseline 0.004 -22"><span class='ocrx_word' id='word_1_394' title='bbox 244 3733 340 3784; x_wconf 80' lang='grc' dir='ltr'><strong>καὶ</strong></span> <span class='ocrx_word' id='word_1_395' title='bbox 400 3732 473 3803; x_wconf 85' lang='grc' dir='ltr'>μὴ</span> <span class='ocrx_word' id='word_1_396' title='bbox 536 3732 901 3803; x_wconf 89' lang='grc' dir='ltr'>φαινόμενον,</span> <span class='ocrx_word' id='word_1_397' title='bbox 960 3732 1060 3794; x_wconf 75' lang='grc' dir='ltr'>τὰς</span> <span class='ocrx_word' id='word_1_398' title='bbox 1124 3732 1397 3803; x_wconf 87' lang='grc' dir='ltr'>μάστιγας</span> <span class='ocrx_word' id='word_1_399' title='bbox 1452 3735 1813 3805; x_wconf 86' lang='grc' dir='ltr'>φαινομένας;</span> 
     </span>
    </p>
   </div>
   <div class='ocr_carea' id='block_1_56' title="bbox 245 3825 1816 3897">
    <p class='ocr_par' dir='ltr' id='par_1_56' title="bbox 245 3825 1816 3897">
     <span class='ocr_line' id='line_1_56' title="bbox 245 3825 1816 3897; baseline 0.001 -19"><span class='ocrx_word' id='word_1_400' title='bbox 245 3826 494 3896; x_wconf 84' lang='grc' dir='ltr'>Ἕστηκα</span> <span class='ocrx_word' id='word_1_401' title='bbox 526 3826 729 3897; x_wconf 82' lang='grc' dir='ltr'>θεωρὸς</span> <span class='ocrx_word' id='word_1_402' title='bbox 758 3825 864 3879; x_wconf 86' lang='grc' dir='ltr'>τῶν</span> <span class='ocrx_word' id='word_1_403' title='bbox 894 3825 1193 3895; x_wconf 84' lang='grc' dir='ltr'>ἀλλοτρίων</span> <span class='ocrx_word' id='word_1_404' title='bbox 1238 3826 1448 3892; x_wconf 83' lang='grc' dir='ltr'>κακῶν,</span> <span class='ocrx_word' id='word_1_405' title='bbox 1476 3827 1576 3897; x_wconf 88' lang='grc' dir='ltr'><strong>τῆς</strong></span> <span class='ocrx_word' id='word_1_406' title='bbox 1605 3827 1816 3897; x_wconf 82' lang='grc' dir='ltr'>φύσεώς</span> 
     </span>
    </p>
   </div>
   <div class='ocr_carea' id='block_1_57' title="bbox 250 3915 1817 3986">
    <p class='ocr_par' dir='ltr' id='par_1_57' title="bbox 250 3915 1817 3986">
     <span class='ocr_line' id='line_1_57' title="bbox 250 3915 1817 3986; baseline 0.002 -18"><span class='ocrx_word' id='word_1_407' title='bbox 250 3933 319 3985; x_wconf 87' lang='grc' dir='ltr'><strong>με</strong></span> <span class='ocrx_word' id='word_1_408' title='bbox 366 3916 779 3986; x_wconf 78' lang='grc' dir='ltr'>κεντριζοῦσης.</span> <span class='ocrx_word' id='word_1_409' title='bbox 840 3915 1134 3983; x_wconf 76' lang='grc' dir='ltr'>Ἐλέησόν</span> <span class='ocrx_word' id='word_1_410' title='bbox 1160 3932 1255 3983; x_wconf 82' lang='grc' dir='ltr'><strong>με.</strong></span> <span class='ocrx_word' id='word_1_411' title='bbox 1299 3916 1551 3970; x_wconf 77' lang='grc' dir='ltr'>Χαλεπὸν</span> <span class='ocrx_word' id='word_1_412' title='bbox 1586 3920 1645 3971; x_wconf 79' lang='grc' dir='ltr'><strong>τὸ</strong></span> <span class='ocrx_word' id='word_1_413' title='bbox 1690 3925 1817 3971; x_wconf 78' lang='grc' dir='ltr'>κλυ-</span> 
     </span>
    </p>
   </div>
   <div class='ocr_carea' id='block_1_58' title="bbox 243 4006 1817 4077">
    <p class='ocr_par' dir='ltr' id='par_1_58' title="bbox 243 4006 1817 4077">
     <span class='ocr_line' id='line_1_58' title="bbox 243 4006 1817 4077; baseline 0 -16"><span class='ocrx_word' id='word_1_414' title='bbox 243 4009 453 4073; x_wconf 85' lang='grc' dir='ltr'>δώνιον,</span> <span class='ocrx_word' id='word_1_415' title='bbox 492 4008 664 4070; x_wconf 81' lang='grc' dir='ltr'>πάθος</span> <span class='ocrx_word' id='word_1_416' title='bbox 701 4007 793 4059; x_wconf 78' lang='grc' dir='ltr'><strong>καὶ</strong></span> <span class='ocrx_word' id='word_1_417' title='bbox 834 4006 1018 4075; x_wconf 86' lang='grc' dir='ltr'>φόϐος.</span> <span class='ocrx_word' id='word_1_418' title='bbox 1054 4006 1233 4070; x_wconf 87' lang='grc' dir='ltr'>Πάθος</span> <span class='ocrx_word' id='word_1_419' title='bbox 1264 4006 1499 4076; x_wconf 82' lang='grc' dir='ltr'>φύσεως,</span> <span class='ocrx_word' id='word_1_420' title='bbox 1533 4009 1625 4061; x_wconf 82' lang='grc' dir='ltr'><strong>καὶ</strong></span> <span class='ocrx_word' id='word_1_421' title='bbox 1658 4009 1817 4077; x_wconf 86' lang='grc' dir='ltr'>φόϐος</span> 
     </span>
    </p>
   </div>
   <div class='ocr_carea' id='block_1_59' title="bbox 242 4097 1813 4169">
    <p class='ocr_par' dir='ltr' id='par_1_59' title="bbox 242 4097 1813 4169">
     <span class='ocr_line' id='line_1_59' title="bbox 242 4097 1813 4169; baseline 0.001 -18"><span class='ocrx_word' id='word_1_422' title='bbox 242 4099 517 4168; x_wconf 86' lang='grc' dir='ltr'>δαίμονος.</span> <span class='ocrx_word' id='word_1_423' title='bbox 548 4098 893 4169; x_wconf 76' lang='grc' dir='ltr'>Προσελθεῖνο</span> <span class='ocrx_word' id='word_1_424' title='bbox 940 4098 1001 4150; x_wconf 81' lang='grc' dir='ltr'><strong>οὐ</strong></span> <span class='ocrx_word' id='word_1_425' title='bbox 1049 4097 1309 4167; x_wconf 86' lang='grc' dir='ltr'>δύναμαι,</span> <span class='ocrx_word' id='word_1_426' title='bbox 1351 4098 1471 4150; x_wconf 76' lang='grc' dir='ltr'>οὐδὲ</span> <span class='ocrx_word' id='word_1_427' title='bbox 1502 4102 1813 4169; x_wconf 85' lang='grc' dir='ltr'>κατασχεῖν.</span> 
     </span>
    </p>
   </div>
   <div class='ocr_carea' id='block_1_60' title="bbox 258 4187 1814 4260">
    <p class='ocr_par' dir='ltr' id='par_1_60' title="bbox 258 4187 1814 4260">
     <span class='ocr_line' id='line_1_60' title="bbox 258 4187 1814 4260; baseline 0 -16"><span class='ocrx_word' id='word_1_428' title='bbox 258 4191 403 4244; x_wconf 85' lang='grc' dir='ltr'>Ὠθεῖ</span> <span class='ocrx_word' id='word_1_429' title='bbox 461 4208 525 4260; x_wconf 91' lang='grc' dir='ltr'><strong>με</strong></span> <span class='ocrx_word' id='word_1_430' title='bbox 577 4190 638 4242; x_wconf 87' lang='grc' dir='ltr'><strong>τὸ</strong></span> <span class='ocrx_word' id='word_1_431' title='bbox 696 4189 887 4253; x_wconf 84' lang='grc' dir='ltr'>πάθος,</span> <span class='ocrx_word' id='word_1_432' title='bbox 934 4189 1027 4240; x_wconf 77' lang='grc' dir='ltr'><strong>καὶ</strong></span> <span class='ocrx_word' id='word_1_433' title='bbox 1074 4187 1424 4259; x_wconf 81' lang='grc' dir='ltr'>διακρούεταί</span> <span class='ocrx_word' id='word_1_434' title='bbox 1462 4206 1529 4257; x_wconf 87' lang='grc' dir='ltr'><strong>με</strong></span> <span class='ocrx_word' id='word_1_435' title='bbox 1560 4192 1587 4243; x_wconf 90' lang='lat'><strong>6</strong></span> <span class='ocrx_word' id='word_1_436' title='bbox 1628 4190 1814 4259; x_wconf 78' lang='grc' dir='ltr'>φόϐος.</span> 
     </span>
    </p>
   </div>
   <div class='ocr_carea' id='block_1_61' title="bbox 257 4285 1812 4357">
    <p class='ocr_par' dir='ltr' id='par_1_61' title="bbox 257 4285 1812 4357">
     <span class='ocr_line' id='line_1_61' title="bbox 257 4285 1812 4357; baseline 0 -16"><span class='ocrx_word' id='word_1_437' title='bbox 257 4288 557 4355; x_wconf 78' lang='grc' dir='ltr'>Ἐλέησόν</span> <span class='ocrx_word' id='word_1_438' title='bbox 582 4304 678 4357; x_wconf 79' lang='grc' dir='ltr'><strong>με.</strong></span> <span class='ocrx_word' id='word_1_439' title='bbox 718 4286 860 4339; x_wconf 84' lang='grc' dir='ltr'>Ἀλλ’</span> <span class='ocrx_word' id='word_1_440' title='bbox 890 4286 1146 4354; x_wconf 81' lang='grc' dir='ltr'>ἐννόησον</span> <span class='ocrx_word' id='word_1_441' title='bbox 1184 4286 1442 4354; x_wconf 87' lang='grc' dir='ltr'>γυναικὸς</span> <span class='ocrx_word' id='word_1_442' title='bbox 1475 4285 1812 4355; x_wconf 77' lang='grc' dir='ltr'>φιλοσοφίαν.</span> 
     </span>
    </p>
   </div>
   <div class='ocr_carea' id='block_1_62' title="bbox 244 4375 1824 4451">
    <p class='ocr_par' dir='ltr' id='par_1_62' title="bbox 244 4375 1824 4451">
     <span class='ocr_line' id='line_1_62' title="bbox 244 4375 1824 4451; baseline -0.003 -16"><span class='ocrx_word' id='word_1_443' title='bbox 244 4382 361 4434; x_wconf 75' lang='grc' dir='ltr'><strong>Οὐκ</strong></span> <span class='ocrx_word' id='word_1_444' title='bbox 398 4380 607 4451; x_wconf 80' lang='grc' dir='ltr'>ἀπῆλθε</span> <span class='ocrx_word' id='word_1_445' title='bbox 643 4380 780 4450; x_wconf 84' lang='grc' dir='ltr'>πρὸς</span> <span class='ocrx_word' id='word_1_446' title='bbox 824 4380 1067 4450; x_wconf 84' lang='grc' dir='ltr'>μάντεις·</span> <span class='ocrx_word' id='word_1_447' title='bbox 1098 4379 1157 4431; x_wconf 82' lang='grc' dir='ltr'><strong>οῦ</strong></span> <span class='ocrx_word' id='word_1_448' title='bbox 1207 4380 1487 4449; x_wconf 75' lang='grc' dir='ltr'>περίαπτα</span> <span class='ocrx_word' id='word_1_449' title='bbox 1525 4375 1824 4449; x_wconf 79' lang='grc' dir='ltr'>ἐποίησεν·’</span> 
     </span>
    </p>
   </div>
   <div class='ocr_carea' id='block_1_63' title="bbox 244 4470 1817 4543">
    <p class='ocr_par' dir='ltr' id='par_1_63' title="bbox 244 4470 1817 4543">
     <span class='ocr_line' id='line_1_63' title="bbox 244 4470 1817 4543; baseline -0.003 -15"><span class='ocrx_word' id='word_1_450' title='bbox 244 4475 307 4531; x_wconf 78' lang='grc' dir='ltr'>οὐ</span> <span class='ocrx_word' id='word_1_451' title='bbox 343 4473 779 4543; x_wconf 73' lang='grc' dir='ltr'>μαγγανιστρίας</span> <span class='ocrx_word' id='word_1_452' title='bbox 811 4473 1076 4540; x_wconf 86' lang='grc' dir='ltr'>γυναῖκας</span> <span class='ocrx_word' id='word_1_453' title='bbox 1107 4470 1470 4540; x_wconf 85' lang='grc' dir='ltr'>ἐμισθώσατο,</span> <span class='ocrx_word' id='word_1_454' title='bbox 1497 4472 1695 4534; x_wconf 83' lang='grc' dir='ltr'>ταύτας</span> <span class='ocrx_word' id='word_1_455' title='bbox 1720 4472 1817 4534; x_wconf 74' lang='grc' dir='ltr'>τὰς</span> 
     </span>
    </p>
   </div>
   <div class='ocr_carea' id='block_1_64' title="bbox 1921 1972 3500 2032">
    <p class='ocr_par' dir='ltr' id='par_1_64' title="bbox 1921 1972 3500 2032">
     <span class='ocr_line' id='line_1_64' title="bbox 1921 1972 3500 2032; baseline -0.005 -1"><span class='ocrx_word' id='word_1_456' title='bbox 1921 1977 2185 2032; x_wconf 90' lang='lat' dir='ltr'><strong>stimulus</strong></span> <span class='ocrx_word' id='word_1_457' title='bbox 2227 1985 2439 2031; x_wconf 68' lang='lat' dir='ltr'><strong>natura:</strong></span> <span class='ocrx_word' id='word_1_458' title='bbox 2496 1984 2805 2030; x_wconf 87' lang='lat' dir='ltr'><strong>maternum</strong></span> <span class='ocrx_word' id='word_1_459' title='bbox 2838 1982 3054 2026; x_wconf 86' lang='lat' dir='ltr'><strong>uterum</strong></span> <span class='ocrx_word' id='word_1_460' title='bbox 3105 1972 3500 2031; x_wconf 83' lang='lat' dir='ltr'><strong>diverberavit,</strong></span> 
     </span>
    </p>
   </div>
   <div class='ocr_carea' id='block_1_65' title="bbox 1922 2064 3501 2146">
    <p class='ocr_par' dir='ltr' id='par_1_65' title="bbox 1922 2064 3501 2146">
     <span class='ocr_line' id='line_1_65' title="bbox 1922 2064 3501 2146; baseline -0.008 -16"><span class='ocrx_word' id='word_1_461' title='bbox 1922 2076 2086 2146; x_wconf 75' lang='lat' dir='ltr'><strong>inque</strong></span> <span class='ocrx_word' id='word_1_462' title='bbox 2110 2072 2416 2129; x_wconf 84' lang='lat' dir='ltr'><strong>visceribus</strong></span> <span class='ocrx_word' id='word_1_463' title='bbox 2451 2069 2625 2138; x_wconf 89' lang='lat' dir='ltr'><strong>ipsius</strong></span> <span class='ocrx_word' id='word_1_464' title='bbox 2655 2076 3029 2137; x_wconf 86' lang='lat' dir='ltr'><strong>tempestatem</strong></span> <span class='ocrx_word' id='word_1_465' title='bbox 3050 2066 3331 2119; x_wconf 78' lang='lat' dir='ltr'><strong>excitavit.</strong></span> <span class='ocrx_word' id='word_1_466' title='bbox 3360 2064 3501 2130; x_wconf 84' lang='lat' dir='ltr'><strong>Quid</strong></span> 
     </span>
    </p>
   </div>
   <div class='ocr_carea' id='block_1_66' title="bbox 1921 2158 3502 2225">
    <p class='ocr_par' dir='ltr' id='par_1_66' title="bbox 1921 2158 3502 2225">
     <span class='ocr_line' id='line_1_66' title="bbox 1921 2158 3502 2225; baseline -0.009 0"><span class='ocrx_word' id='word_1_467' title='bbox 1921 2168 2161 2225; x_wconf 82' lang='lat' dir='ltr'><strong>faciam?</strong></span> <span class='ocrx_word' id='word_1_468' title='bbox 2192 2166 2387 2222; x_wconf 88' lang='lat' dir='ltr'><strong>Pereo.</strong></span> <span class='ocrx_word' id='word_1_469' title='bbox 2430 2164 2541 2218; x_wconf 88' lang='lat' dir='ltr'><strong>Cur</strong></span> <span class='ocrx_word' id='word_1_470' title='bbox 2590 2177 2721 2217; x_wconf 86' lang='lat' dir='ltr'><strong>vero</strong></span> <span class='ocrx_word' id='word_1_471' title='bbox 2774 2177 2883 2215; x_wconf 88' lang='lat' dir='ltr'><strong>non</strong></span> <span class='ocrx_word' id='word_1_472' title='bbox 2937 2161 3033 2223; x_wconf 90' lang='lat' dir='ltr'><strong>ait,</strong></span> <span class='ocrx_word' id='word_1_473' title='bbox 3072 2160 3333 2214; x_wconf 85' lang='lat' dir='ltr'><strong>Miserere</strong></span> <span class='ocrx_word' id='word_1_474' title='bbox 3379 2158 3502 2211; x_wconf 65' lang='lat' dir='ltr'><strong>tiliae</strong></span> 
     </span>
    </p>
   </div>
   <div class='ocr_carea' id='block_1_67' title="bbox 1922 2248 3502 2322">
    <p class='ocr_par' dir='ltr' id='par_1_67' title="bbox 1922 2248 3502 2322">
     <span class='ocr_line' id='line_1_67' title="bbox 1922 2248 3502 2322; baseline -0.01 -6"><span class='ocrx_word' id='word_1_475' title='bbox 1922 2276 2076 2317; x_wconf 77' lang='lat' dir='ltr'><strong>meae.</strong></span> <span class='ocrx_word' id='word_1_476' title='bbox 2112 2257 2231 2322; x_wconf 92' lang='lat' dir='ltr'><strong>sed,</strong></span> <span class='ocrx_word' id='word_1_477' title='bbox 2264 2256 2515 2310; x_wconf 81' lang='lat' dir='ltr'><strong>Miserere</strong></span> <span class='ocrx_word' id='word_1_478' title='bbox 2545 2254 2688 2308; x_wconf 87' lang='lat' dir='ltr'><strong>mei?</strong></span> <span class='ocrx_word' id='word_1_479' title='bbox 2719 2251 3016 2318; x_wconf 88' lang='lat' dir='ltr'><strong>Quoniam,</strong></span> <span class='ocrx_word' id='word_1_480' title='bbox 3050 2250 3250 2319; x_wconf 84' lang='lat' dir='ltr'><strong>inquit,</strong></span> <span class='ocrx_word' id='word_1_481' title='bbox 3274 2248 3502 2302; x_wconf 88' lang='lat' dir='ltr'><strong>morbus</strong></span> 
     </span>
    </p>
   </div>
   <div class='ocr_carea' id='block_1_68' title="bbox 1922 2342 3499 2423">
    <p class='ocr_par' dir='ltr' id='par_1_68' title="bbox 1922 2342 3499 2423">
     <span class='ocr_line' id='line_1_68' title="bbox 1922 2342 3499 2423; baseline -0.01 -16"><span class='ocrx_word' id='word_1_482' title='bbox 1922 2354 2094 2423; x_wconf 88' lang='lat' dir='ltr'><strong>ipsam</strong></span> <span class='ocrx_word' id='word_1_483' title='bbox 2132 2351 2186 2405; x_wconf 93' lang='lat' dir='ltr'><strong>in</strong></span> <span class='ocrx_word' id='word_1_484' title='bbox 2220 2349 2538 2404; x_wconf 87' lang='lat' dir='ltr'><strong>inﬁrmitate</strong></span> <span class='ocrx_word' id='word_1_485' title='bbox 2585 2346 2816 2400; x_wconf 89' lang='lat' dir='ltr'><strong>detinet.</strong></span> <span class='ocrx_word' id='word_1_486' title='bbox 2868 2342 3056 2398; x_wconf 84' lang='lat' dir='ltr'><strong>Nescit</strong></span> <span class='ocrx_word' id='word_1_487' title='bbox 3088 2342 3216 2412; x_wconf 93' lang='lat' dir='ltr'><strong>quid</strong></span> <span class='ocrx_word' id='word_1_488' title='bbox 3254 2342 3499 2411; x_wconf 88' lang='lat' dir='ltr'><strong>patitur;</strong></span> 
     </span>
    </p>
   </div>
   <div class='ocr_carea' id='block_1_69' title="bbox 1920 2436 3503 2511">
    <p class='ocr_par' dir='ltr' id='par_1_69' title="bbox 1920 2436 3503 2511">
     <span class='ocr_line' id='line_1_69' title="bbox 1920 2436 3503 2511; baseline -0.008 -11"><span class='ocrx_word' id='word_1_489' title='bbox 1920 2460 2032 2500; x_wconf 89' lang='lat' dir='ltr'><strong>non</strong></span> <span class='ocrx_word' id='word_1_490' title='bbox 2079 2444 2250 2499; x_wconf 82' lang='lat' dir='ltr'><strong>sentit</strong></span> <span class='ocrx_word' id='word_1_491' title='bbox 2297 2457 2408 2511; x_wconf 91' lang='lat' dir='ltr'><strong>quo</strong></span> <span class='ocrx_word' id='word_1_492' title='bbox 2459 2441 2512 2494; x_wconf 92' lang='lat' dir='ltr'><strong>in</strong></span> <span class='ocrx_word' id='word_1_493' title='bbox 2566 2438 2760 2493; x_wconf 89' lang='lat' dir='ltr'><strong>dolore</strong></span> <span class='ocrx_word' id='word_1_494' title='bbox 2794 2447 3073 2503; x_wconf 88' lang='lat' dir='ltr'><strong>versetur;</strong></span> <span class='ocrx_word' id='word_1_495' title='bbox 3107 2444 3169 2489; x_wconf 93' lang='lat' dir='ltr'><strong>ut</strong></span> <span class='ocrx_word' id='word_1_496' title='bbox 3204 2451 3325 2503; x_wconf 75' lang='lat' dir='ltr'><strong>qua:</strong></span> <span class='ocrx_word' id='word_1_497' title='bbox 3354 2436 3503 2490; x_wconf 82' lang='lat' dir='ltr'><strong>velut</strong></span> 
     </span>
    </p>
   </div>
   <div class='ocr_carea' id='block_1_70' title="bbox 1921 2528 3497 2609">
    <p class='ocr_par' dir='ltr' id='par_1_70' title="bbox 1921 2528 3497 2609">
     <span class='ocr_line' id='line_1_70' title="bbox 1921 2528 3497 2609; baseline -0.008 -17"><span class='ocrx_word' id='word_1_498' title='bbox 1921 2535 2195 2609; x_wconf 87' lang='lat' dir='ltr'><strong>quoddam</strong></span> <span class='ocrx_word' id='word_1_499' title='bbox 2254 2533 2588 2589; x_wconf 88' lang='lat' dir='ltr'><strong>calamitatis</strong></span> <span class='ocrx_word' id='word_1_500' title='bbox 2638 2532 2819 2585; x_wconf 80' lang='lat' dir='ltr'><strong>velum</strong></span> <span class='ocrx_word' id='word_1_501' title='bbox 2868 2530 3227 2583; x_wconf 86' lang='lat' dir='ltr'><strong>indolentiam</strong></span> <span class='ocrx_word' id='word_1_502' title='bbox 3281 2528 3497 2591; x_wconf 82' lang='lat' dir='ltr'><strong>habeat,</strong></span> 
     </span>
    </p>
   </div>
   <div class='ocr_carea' id='block_1_71' title="bbox 1923 2620 3497 2700">
    <p class='ocr_par' dir='ltr' id='par_1_71' title="bbox 1923 2620 3497 2700">
     <span class='ocr_line' id='line_1_71' title="bbox 1923 2620 3497 2700; baseline -0.01 -13"><span class='ocrx_word' id='word_1_503' title='bbox 1923 2633 2005 2687; x_wconf 90' lang='lat' dir='ltr'><strong>vel</strong></span> <span class='ocrx_word' id='word_1_504' title='bbox 2062 2630 2249 2700; x_wconf 89' lang='lat' dir='ltr'><strong>potius</strong></span> <span class='ocrx_word' id='word_1_505' title='bbox 2284 2637 2589 2697; x_wconf 91' lang='lat' dir='ltr'><strong>stuporem.</strong></span> <span class='ocrx_word' id='word_1_506' title='bbox 2624 2624 2700 2679; x_wconf 91' lang='lat' dir='ltr'><strong>Te</strong></span> <span class='ocrx_word' id='word_1_507' title='bbox 2737 2639 2870 2678; x_wconf 91' lang='lat' dir='ltr'><strong>vero</strong></span> <span class='ocrx_word' id='word_1_508' title='bbox 2913 2624 3014 2676; x_wconf 77' lang='lat' dir='ltr'><strong>mei</strong></span> <span class='ocrx_word' id='word_1_509' title='bbox 3046 2620 3497 2690; x_wconf 85' lang='lat' dir='ltr'><strong>quotidianorum</strong></span> 
     </span>
    </p>
   </div>
   <div class='ocr_carea' id='block_1_72' title="bbox 1920 2714 3495 2792">
    <p class='ocr_par' dir='ltr' id='par_1_72' title="bbox 1920 2714 3495 2792">
     <span class='ocr_line' id='line_1_72' title="bbox 1920 2714 3495 2792; baseline -0.01 -12"><span class='ocrx_word' id='word_1_510' title='bbox 1920 2726 2187 2781; x_wconf 88' lang='lat' dir='ltr'><strong>malorum</strong></span> <span class='ocrx_word' id='word_1_511' title='bbox 2231 2720 2580 2792; x_wconf 86' lang='lat' dir='ltr'><strong>spectatricis</strong></span> <span class='ocrx_word' id='word_1_512' title='bbox 2607 2719 2885 2775; x_wconf 88' lang='lat' dir='ltr'><strong>misereat.</strong></span> <span class='ocrx_word' id='word_1_513' title='bbox 2917 2715 3304 2785; x_wconf 88' lang='lat' dir='ltr'><strong>Spectaculum</strong></span> <span class='ocrx_word' id='word_1_514' title='bbox 3346 2714 3495 2783; x_wconf 79' lang='lat' dir='ltr'><strong>cala-</strong></span> 
     </span>
    </p>
   </div>
   <div class='ocr_carea' id='block_1_73' title="bbox 1921 2808 3497 2881">
    <p class='ocr_par' dir='ltr' id='par_1_73' title="bbox 1921 2808 3497 2881">
     <span class='ocr_line' id='line_1_73' title="bbox 1921 2808 3497 2881; baseline -0.011 -6"><span class='ocrx_word' id='word_1_515' title='bbox 1921 2820 2130 2875; x_wconf 87' lang='lat' dir='ltr'><strong>mitatis</strong></span> <span class='ocrx_word' id='word_1_516' title='bbox 2154 2819 2302 2873; x_wconf 89' lang='lat' dir='ltr'><strong>domi</strong></span> <span class='ocrx_word' id='word_1_517' title='bbox 2333 2816 2531 2870; x_wconf 86' lang='lat' dir='ltr'><strong>habeo.</strong></span> <span class='ocrx_word' id='word_1_518' title='bbox 2560 2815 2679 2881; x_wconf 87' lang='lat' dir='ltr'><strong>Quo</strong></span> <span class='ocrx_word' id='word_1_519' title='bbox 2722 2829 2807 2867; x_wconf 89' lang='lat' dir='ltr'><strong>me</strong></span> <span class='ocrx_word' id='word_1_520' title='bbox 2857 2809 3183 2866; x_wconf 85' lang='lat' dir='ltr'><strong>conferam?</strong></span> <span class='ocrx_word' id='word_1_521' title='bbox 3214 2808 3266 2861; x_wconf 90' lang='lat' dir='ltr'><strong>in</strong></span> <span class='ocrx_word' id='word_1_522' title='bbox 3296 2808 3497 2863; x_wconf 88' lang='lat' dir='ltr'><strong>solitu-</strong></span> 
     </span>
    </p>
   </div>
   <div class='ocr_carea' id='block_1_74' title="bbox 1921 2902 3495 2973">
    <p class='ocr_par' dir='ltr' id='par_1_74' title="bbox 1921 2902 3495 2973">
     <span class='ocr_line' id='line_1_74' title="bbox 1921 2902 3495 2973; baseline -0.01 -6"><span class='ocrx_word' id='word_1_523' title='bbox 1921 2912 2150 2967; x_wconf 89' lang='lat' dir='ltr'><strong>dinem?</strong></span> <span class='ocrx_word' id='word_1_524' title='bbox 2195 2921 2249 2964; x_wconf 87' lang='lat' dir='ltr'><strong>at</strong></span> <span class='ocrx_word' id='word_1_525' title='bbox 2279 2924 2397 2964; x_wconf 91' lang='lat' dir='ltr'><strong>eam</strong></span> <span class='ocrx_word' id='word_1_526' title='bbox 2449 2908 2624 2962; x_wconf 89' lang='lat' dir='ltr'><strong>solam</strong></span> <span class='ocrx_word' id='word_1_527' title='bbox 2685 2906 2997 2973; x_wconf 84' lang='lat' dir='ltr'><strong>relinquere</strong></span> <span class='ocrx_word' id='word_1_528' title='bbox 3054 2918 3160 2956; x_wconf 92' lang='lat' dir='ltr'><strong>non</strong></span> <span class='ocrx_word' id='word_1_529' title='bbox 3221 2902 3495 2958; x_wconf 88' lang='lat' dir='ltr'><strong>sustineo.</strong></span> 
     </span>
    </p>
   </div>
   <div class='ocr_carea' id='block_1_75' title="bbox 1922 2995 3493 3061">
    <p class='ocr_par' dir='ltr' id='par_1_75' title="bbox 1922 2995 3493 3061">
     <span class='ocr_line' id='line_1_75' title="bbox 1922 2995 3493 3061; baseline -0.008 -3"><span class='ocrx_word' id='word_1_530' title='bbox 1922 3002 2264 3058; x_wconf 89' lang='lat' dir='ltr'><strong>Domumne?</strong></span> <span class='ocrx_word' id='word_1_531' title='bbox 2311 3010 2366 3054; x_wconf 87' lang='lat' dir='ltr'><strong>at</strong></span> <span class='ocrx_word' id='word_1_532' title='bbox 2406 3002 2557 3055; x_wconf 84' lang='lat' dir='ltr'><strong>intus</strong></span> <span class='ocrx_word' id='word_1_533' title='bbox 2590 2999 2791 3053; x_wconf 83' lang='lat' dir='ltr'><strong>bellum</strong></span> <span class='ocrx_word' id='word_1_534' title='bbox 2837 2997 3085 3061; x_wconf 90' lang='lat' dir='ltr'><strong>invenio,</strong></span> <span class='ocrx_word' id='word_1_535' title='bbox 3124 3006 3176 3051; x_wconf 92' lang='lat' dir='ltr'><strong>et</strong></span> <span class='ocrx_word' id='word_1_536' title='bbox 3201 2995 3401 3051; x_wconf 81' lang='lat' dir='ltr'><strong>ﬂuctus</strong></span> <span class='ocrx_word' id='word_1_537' title='bbox 3440 2998 3493 3048; x_wconf 91' lang='lat' dir='ltr'><strong>in</strong></span> 
     </span>
    </p>
   </div>
   <div class='ocr_carea' id='block_1_76' title="bbox 1922 3087 3495 3168">
    <p class='ocr_par' dir='ltr' id='par_1_76' title="bbox 1922 3087 3495 3168">
     <span class='ocr_line' id='line_1_76' title="bbox 1922 3087 3495 3168; baseline -0.008 -17"><span class='ocrx_word' id='word_1_538' title='bbox 1922 3106 2102 3168; x_wconf 91' lang='lat' dir='ltr'><strong>portu.</strong></span> <span class='ocrx_word' id='word_1_539' title='bbox 2133 3094 2406 3160; x_wconf 81' lang='lat' dir='ltr'><strong>Quidnam</strong></span> <span class='ocrx_word' id='word_1_540' title='bbox 2448 3108 2576 3147; x_wconf 90' lang='lat' dir='ltr'><strong>vero</strong></span> <span class='ocrx_word' id='word_1_541' title='bbox 2613 3107 2732 3146; x_wconf 90' lang='lat' dir='ltr'><strong>eam</strong></span> <span class='ocrx_word' id='word_1_542' title='bbox 2790 3090 3007 3144; x_wconf 82' lang='lat' dir='ltr'><strong>dicam?</strong></span> <span class='ocrx_word' id='word_1_543' title='bbox 3065 3087 3377 3143; x_wconf 86' lang='lat' dir='ltr'><strong>mortuam?</strong></span> <span class='ocrx_word' id='word_1_544' title='bbox 3425 3088 3495 3140; x_wconf 87' lang='lat' dir='ltr'><strong>At</strong></span> 
     </span>
    </p>
   </div>
   <div class='ocr_carea' id='block_1_77' title="bbox 1922 3178 3491 3256">
    <p class='ocr_par' dir='ltr' id='par_1_77' title="bbox 1922 3178 3491 3256">
     <span class='ocr_line' id='line_1_77' title="bbox 1922 3178 3491 3256; baseline -0.008 -16"><span class='ocrx_word' id='word_1_545' title='bbox 1922 3194 2073 3240; x_wconf 90' lang='lat' dir='ltr'><strong>motu</strong></span> <span class='ocrx_word' id='word_1_546' title='bbox 2104 3186 2365 3256; x_wconf 80' lang='lat' dir='ltr'><strong>agitatur.</strong></span> <span class='ocrx_word' id='word_1_547' title='bbox 2396 3181 2626 3235; x_wconf 84' lang='lat' dir='ltr'><strong>Vivam?</strong></span> <span class='ocrx_word' id='word_1_548' title='bbox 2665 3180 2799 3251; x_wconf 92' lang='lat' dir='ltr'><strong>quid</strong></span> <span class='ocrx_word' id='word_1_549' title='bbox 2835 3178 3001 3250; x_wconf 68' lang='grc'><strong>468</strong></span> <span class='ocrx_word' id='word_1_550' title='bbox 3046 3193 3178 3233; x_wconf 90' lang='lat' dir='ltr'><strong>vero</strong></span> <span class='ocrx_word' id='word_1_551' title='bbox 3231 3178 3491 3246; x_wconf 88' lang='lat' dir='ltr'><strong>patiatur,</strong></span> 
     </span>
    </p>
   </div>
   <div class='ocr_carea' id='block_1_78' title="bbox 1922 3271 3494 3348">
    <p class='ocr_par' dir='ltr' id='par_1_78' title="bbox 1922 3271 3494 3348">
     <span class='ocr_line' id='line_1_78' title="bbox 1922 3271 3494 3348; baseline -0.01 -15"><span class='ocrx_word' id='word_1_552' title='bbox 1922 3278 2268 3348; x_wconf 75' lang='lat' dir='ltr'><strong>exploratum</strong></span> <span class='ocrx_word' id='word_1_553' title='bbox 2319 3290 2430 3328; x_wconf 91' lang='lat' dir='ltr'><strong>non</strong></span> <span class='ocrx_word' id='word_1_554' title='bbox 2477 3273 2662 3326; x_wconf 83' lang='lat' dir='ltr'><strong>habet.</strong></span> <span class='ocrx_word' id='word_1_555' title='bbox 2723 3272 2932 3325; x_wconf 87' lang='lat' dir='ltr'><strong>Nomen</strong></span> <span class='ocrx_word' id='word_1_556' title='bbox 2991 3271 3236 3323; x_wconf 87' lang='lat' dir='ltr'><strong>invenire</strong></span> <span class='ocrx_word' id='word_1_557' title='bbox 3276 3281 3494 3336; x_wconf 82' lang='lat' dir='ltr'><strong>nequeo</strong></span> 
     </span>
    </p>
   </div>
   <div class='ocr_carea' id='block_1_79' title="bbox 1921 3361 3487 3441">
    <p class='ocr_par' dir='ltr' id='par_1_79' title="bbox 1921 3361 3487 3441">
     <span class='ocr_line' id='line_1_79' title="bbox 1921 3361 3487 3441; baseline -0.007 -17"><span class='ocrx_word' id='word_1_558' title='bbox 1921 3371 2067 3441; x_wconf 92' lang='lat' dir='ltr'><strong>quod</strong></span> <span class='ocrx_word' id='word_1_559' title='bbox 2097 3366 2413 3437; x_wconf 72' lang='lat' dir='ltr'><strong>huiusmodi</strong></span> <span class='ocrx_word' id='word_1_560' title='bbox 2440 3366 2807 3420; x_wconf 88' lang='lat' dir='ltr'><strong>calamitatem</strong></span> <span class='ocrx_word' id='word_1_561' title='bbox 2826 3364 3081 3432; x_wconf 72' lang='lat' dir='ltr'><strong>explicet.</strong></span> <span class='ocrx_word' id='word_1_562' title='bbox 3102 3361 3207 3415; x_wconf 87' lang='lat' dir='ltr'><strong>Mei</strong></span> <span class='ocrx_word' id='word_1_563' title='bbox 3223 3362 3487 3415; x_wconf 80' lang='lat' dir='ltr'><strong>miserere.</strong></span> 
     </span>
    </p>
   </div>
   <div class='ocr_carea' id='block_1_80' title="bbox 1921 3452 3493 3521">
    <p class='ocr_par' dir='ltr' id='par_1_80' title="bbox 1921 3452 3493 3521">
     <span class='ocr_line' id='line_1_80' title="bbox 1921 3452 3493 3521; baseline -0.007 -5"><span class='ocrx_word' id='word_1_564' title='bbox 1921 3463 1975 3517; x_wconf 92' lang='lat' dir='ltr'><strong>Si</strong></span> <span class='ocrx_word' id='word_1_565' title='bbox 2017 3462 2128 3515; x_wconf 86' lang='lat' dir='ltr'><strong>ﬁlia</strong></span> <span class='ocrx_word' id='word_1_566' title='bbox 2158 3476 2278 3515; x_wconf 87' lang='lat' dir='ltr'><strong>mea</strong></span> <span class='ocrx_word' id='word_1_567' title='bbox 2315 3476 2344 3513; x_wconf 91' lang='lat' dir='ltr'><strong>e</strong></span> <span class='ocrx_word' id='word_1_568' title='bbox 2384 3460 2496 3512; x_wconf 86' lang='lat' dir='ltr'><strong>vita</strong></span> <span class='ocrx_word' id='word_1_569' title='bbox 2531 3457 2883 3521; x_wconf 78' lang='lat' dir='ltr'><strong>excessisSct,</strong></span> <span class='ocrx_word' id='word_1_570' title='bbox 2919 3471 3042 3509; x_wconf 92' lang='lat' dir='ltr'><strong>cum</strong></span> <span class='ocrx_word' id='word_1_571' title='bbox 3089 3455 3255 3509; x_wconf 90' lang='lat' dir='ltr'><strong>tantis</strong></span> <span class='ocrx_word' id='word_1_572' title='bbox 3286 3452 3493 3507; x_wconf 88' lang='lat' dir='ltr'><strong>dolori-</strong></span> 
     </span>
    </p>
   </div>
   <div class='ocr_carea' id='block_1_81' title="bbox 1917 3546 3490 3619">
    <p class='ocr_par' dir='ltr' id='par_1_81' title="bbox 1917 3546 3490 3619">
     <span class='ocr_line' id='line_1_81' title="bbox 1917 3546 3490 3619; baseline -0.009 -6"><span class='ocrx_word' id='word_1_573' title='bbox 1917 3557 2022 3613; x_wconf 86' lang='lat' dir='ltr'><strong>bus</strong></span> <span class='ocrx_word' id='word_1_574' title='bbox 2056 3570 2163 3611; x_wconf 88' lang='lat' dir='ltr'><strong>non</strong></span> <span class='ocrx_word' id='word_1_575' title='bbox 2202 3552 2569 3608; x_wconf 82' lang='lat' dir='ltr'><strong>conﬂictarer.</strong></span> <span class='ocrx_word' id='word_1_576' title='bbox 2626 3549 2761 3603; x_wconf 89' lang='lat' dir='ltr'><strong>Nam</strong></span> <span class='ocrx_word' id='word_1_577' title='bbox 2810 3564 3014 3619; x_wconf 81' lang='lat' dir='ltr'><strong>corpus</strong></span> <span class='ocrx_word' id='word_1_578' title='bbox 3068 3556 3229 3601; x_wconf 69' lang='lat' dir='ltr'><strong>terra:</strong></span> <span class='ocrx_word' id='word_1_579' title='bbox 3280 3546 3490 3616; x_wconf 82' lang='lat' dir='ltr'><strong>gremio</strong></span> 
     </span>
    </p>
   </div>
   <div class='ocr_carea' id='block_1_82' title="bbox 1916 3637 3492 3711">
    <p class='ocr_par' dir='ltr' id='par_1_82' title="bbox 1916 3637 3492 3711">
     <span class='ocr_line' id='line_1_82' title="bbox 1916 3637 3492 3711; baseline -0.005 -11"><span class='ocrx_word' id='word_1_580' title='bbox 1916 3646 2291 3707; x_wconf 82' lang='lat' dir='ltr'><strong>tradidissem,</strong></span> <span class='ocrx_word' id='word_1_581' title='bbox 2328 3658 2392 3697; x_wconf 88' lang='lat' dir='ltr'><strong>ac</strong></span> <span class='ocrx_word' id='word_1_582' title='bbox 2439 3658 2536 3711; x_wconf 89' lang='lat' dir='ltr'><strong>per</strong></span> <span class='ocrx_word' id='word_1_583' title='bbox 2583 3641 2844 3710; x_wconf 86' lang='lat' dir='ltr'><strong>temporis</strong></span> <span class='ocrx_word' id='word_1_584' title='bbox 2897 3640 3310 3694; x_wconf 84' lang='lat' dir='ltr'><strong>diuturnitatem</strong></span> <span class='ocrx_word' id='word_1_585' title='bbox 3349 3637 3492 3692; x_wconf 87' lang='lat' dir='ltr'><strong>obli-</strong></span> 
     </span>
    </p>
   </div>
   <div class='ocr_carea' id='block_1_83' title="bbox 1917 3728 3491 3799">
    <p class='ocr_par' dir='ltr' id='par_1_83' title="bbox 1917 3728 3491 3799">
     <span class='ocr_line' id='line_1_83' title="bbox 1917 3728 3491 3799; baseline -0.005 -9"><span class='ocrx_word' id='word_1_586' title='bbox 1917 3737 2078 3791; x_wconf 87' lang='lat' dir='ltr'><strong>vione</strong></span> <span class='ocrx_word' id='word_1_587' title='bbox 2112 3743 2421 3799; x_wconf 86' lang='lat' dir='ltr'><strong>contracta,</strong></span> <span class='ocrx_word' id='word_1_588' title='bbox 2470 3734 2631 3787; x_wconf 89' lang='lat' dir='ltr'><strong>ulcus</strong></span> <span class='ocrx_word' id='word_1_589' title='bbox 2692 3732 3103 3786; x_wconf 87' lang='lat' dir='ltr'><strong>discussissem.</strong></span> <span class='ocrx_word' id='word_1_590' title='bbox 3160 3728 3317 3783; x_wconf 86' lang='lat' dir='ltr'><strong>Nunc</strong></span> <span class='ocrx_word' id='word_1_591' title='bbox 3358 3745 3491 3784; x_wconf 75' lang='lat' dir='ltr'><strong>vero</strong></span> 
     </span>
    </p>
   </div>
   <div class='ocr_carea' id='block_1_84' title="bbox 1918 3822 3489 3895">
    <p class='ocr_par' dir='ltr' id='par_1_84' title="bbox 1918 3822 3489 3895">
     <span class='ocr_line' id='line_1_84' title="bbox 1918 3822 3489 3895; baseline -0.006 -12"><span class='ocrx_word' id='word_1_592' title='bbox 1918 3829 2149 3883; x_wconf 88' lang='lat' dir='ltr'><strong>cadaver</strong></span> <span class='ocrx_word' id='word_1_593' title='bbox 2184 3826 2380 3891; x_wconf 89' lang='lat' dir='ltr'><strong>habeo,</strong></span> <span class='ocrx_word' id='word_1_594' title='bbox 2406 3824 2551 3895; x_wconf 88' lang='lat' dir='ltr'><strong>quod</strong></span> <span class='ocrx_word' id='word_1_595' title='bbox 2582 3834 2899 3895; x_wconf 89' lang='lat' dir='ltr'><strong>perpetuum</strong></span> <span class='ocrx_word' id='word_1_596' title='bbox 2948 3824 3080 3877; x_wconf 86' lang='lat' dir='ltr'><strong>mihi</strong></span> <span class='ocrx_word' id='word_1_597' title='bbox 3113 3822 3489 3893; x_wconf 88' lang='lat' dir='ltr'><strong>spectaculum</strong></span> 
     </span>
    </p>
   </div>
   <div class='ocr_carea' id='block_1_85' title="bbox 1917 3916 3491 3991">
    <p class='ocr_par' dir='ltr' id='par_1_85' title="bbox 1917 3916 3491 3991">
     <span class='ocr_line' id='line_1_85' title="bbox 1917 3916 3491 3991; baseline -0.003 -18"><span class='ocrx_word' id='word_1_598' title='bbox 1917 3921 2145 3991; x_wconf 60' lang='lat' dir='ltr'><strong>praebet,</strong></span> <span class='ocrx_word' id='word_1_599' title='bbox 2195 3919 2341 3990; x_wconf 89' lang='lat' dir='ltr'><strong>quod</strong></span> <span class='ocrx_word' id='word_1_600' title='bbox 2391 3919 2621 3973; x_wconf 85' lang='lat' dir='ltr'><strong>vulnera</strong></span> <span class='ocrx_word' id='word_1_601' title='bbox 2671 3918 2807 3971; x_wconf 87' lang='lat' dir='ltr'><strong>mihi</strong></span> <span class='ocrx_word' id='word_1_602' title='bbox 2865 3916 3085 3986; x_wconf 82' lang='lat' dir='ltr'><strong>inﬂigit,</strong></span> <span class='ocrx_word' id='word_1_603' title='bbox 3133 3917 3491 3985; x_wconf 87' lang='lat' dir='ltr'><strong>doloremque</strong></span> 
     </span>
    </p>
   </div>
   <div class='ocr_carea' id='block_1_86' title="bbox 1919 4009 3491 4078">
    <p class='ocr_par' dir='ltr' id='par_1_86' title="bbox 1919 4009 3491 4078">
     <span class='ocr_line' id='line_1_86' title="bbox 1919 4009 3491 4078; baseline -0.004 -9"><span class='ocrx_word' id='word_1_604' title='bbox 1919 4012 2153 4069; x_wconf 88' lang='lat' dir='ltr'><strong>subinde</strong></span> <span class='ocrx_word' id='word_1_605' title='bbox 2190 4027 2371 4067; x_wconf 89' lang='lat' dir='ltr'><strong>meum</strong></span> <span class='ocrx_word' id='word_1_606' title='bbox 2427 4011 2728 4066; x_wconf 78' lang='lat' dir='ltr'><strong>exulcerat.</strong></span> <span class='ocrx_word' id='word_1_607' title='bbox 2785 4009 3031 4076; x_wconf 87' lang='lat' dir='ltr'><strong>Quonam</strong></span> <span class='ocrx_word' id='word_1_608' title='bbox 3092 4019 3250 4078; x_wconf 87' lang='lat' dir='ltr'><strong>pacto</strong></span> <span class='ocrx_word' id='word_1_609' title='bbox 3306 4009 3491 4063; x_wconf 86' lang='lat' dir='ltr'><strong>videre</strong></span> 
     </span>
    </p>
   </div>
   <div class='ocr_carea' id='block_1_87' title="bbox 1917 4101 3488 4177">
    <p class='ocr_par' dir='ltr' id='par_1_87' title="bbox 1917 4101 3488 4177">
     <span class='ocr_line' id='line_1_87' title="bbox 1917 4101 3488 4177; baseline -0.003 -18"><span class='ocrx_word' id='word_1_610' title='bbox 1917 4121 2111 4177; x_wconf 88' lang='lat' dir='ltr'><strong>queam</strong></span> <span class='ocrx_word' id='word_1_611' title='bbox 2150 4115 2491 4159; x_wconf 85' lang='lat' dir='ltr'><strong>transversos</strong></span> <span class='ocrx_word' id='word_1_612' title='bbox 2525 4104 2745 4167; x_wconf 92' lang='lat' dir='ltr'><strong>oculos,</strong></span> <span class='ocrx_word' id='word_1_613' title='bbox 2793 4102 3058 4157; x_wconf 91' lang='lat' dir='ltr'><strong>distortas</strong></span> <span class='ocrx_word' id='word_1_614' title='bbox 3088 4117 3305 4162; x_wconf 89' lang='lat' dir='ltr'><strong>manus,</strong></span> <span class='ocrx_word' id='word_1_615' title='bbox 3336 4101 3488 4156; x_wconf 86' lang='lat' dir='ltr'><strong>solu—</strong></span> 
     </span>
    </p>
   </div>
   <div class='ocr_carea' id='block_1_88' title="bbox 1919 4193 3487 4269">
    <p class='ocr_par' dir='ltr' id='par_1_88' title="bbox 1919 4193 3487 4269">
     <span class='ocr_line' id='line_1_88' title="bbox 1919 4193 3487 4269; baseline -0.004 -17"><span class='ocrx_word' id='word_1_616' title='bbox 1919 4211 2005 4255; x_wconf 91' lang='lat' dir='ltr'><strong>tos</strong></span> <span class='ocrx_word' id='word_1_617' title='bbox 2064 4200 2315 4269; x_wconf 88' lang='lat' dir='ltr'><strong>capillos,</strong></span> <span class='ocrx_word' id='word_1_618' title='bbox 2376 4212 2625 4267; x_wconf 86' lang='lat' dir='ltr'><strong>spumam</strong></span> <span class='ocrx_word' id='word_1_619' title='bbox 2686 4212 2778 4249; x_wconf 90' lang='lat' dir='ltr'><strong>ore</strong></span> <span class='ocrx_word' id='word_1_620' title='bbox 2829 4196 3111 4261; x_wconf 86' lang='lat' dir='ltr'><strong>emissam,</strong></span> <span class='ocrx_word' id='word_1_621' title='bbox 3166 4193 3487 4247; x_wconf 85' lang='lat' dir='ltr'><strong>intestinum</strong></span> 
     </span>
    </p>
   </div>
   <div class='ocr_carea' id='block_1_89' title="bbox 1916 4289 3489 4359">
    <p class='ocr_par' dir='ltr' id='par_1_89' title="bbox 1916 4289 3489 4359">
     <span class='ocr_line' id='line_1_89' title="bbox 1916 4289 3489 4359; baseline -0.006 -12"><span class='ocrx_word' id='word_1_622' title='bbox 1916 4293 2252 4356; x_wconf 88' lang='lat' dir='ltr'><strong>carnilicem,</strong></span> <span class='ocrx_word' id='word_1_623' title='bbox 2282 4305 2381 4345; x_wconf 89' lang='lat' dir='ltr'><strong>nec</strong></span> <span class='ocrx_word' id='word_1_624' title='bbox 2406 4290 2787 4359; x_wconf 86' lang='lat' dir='ltr'><strong>conspicuum,</strong></span> <span class='ocrx_word' id='word_1_625' title='bbox 2834 4289 3121 4357; x_wconf 87' lang='lat' dir='ltr'><strong>perspicua</strong></span> <span class='ocrx_word' id='word_1_626' title='bbox 3155 4297 3333 4340; x_wconf 88' lang='lat' dir='ltr'><strong>autem</strong></span> <span class='ocrx_word' id='word_1_627' title='bbox 3365 4300 3489 4339; x_wconf 87' lang='lat' dir='ltr'><strong>ver—</strong></span> 
     </span>
    </p>
   </div>
   <div class='ocr_carea' id='block_1_90' title="bbox 1918 4376 3490 4447">
    <p class='ocr_par' dir='ltr' id='par_1_90' title="bbox 1918 4376 3490 4447">
     <span class='ocr_line' id='line_1_90' title="bbox 1918 4376 3490 4447; baseline -0.006 -8"><span class='ocrx_word' id='word_1_628' title='bbox 1918 4382 2089 4439; x_wconf 86' lang='lat' dir='ltr'><strong>bera?</strong></span> <span class='ocrx_word' id='word_1_629' title='bbox 2121 4384 2254 4436; x_wconf 89' lang='lat' dir='ltr'><strong>Asto</strong></span> <span class='ocrx_word' id='word_1_630' title='bbox 2304 4381 2574 4434; x_wconf 85' lang='lat' dir='ltr'><strong>malorum</strong></span> <span class='ocrx_word' id='word_1_631' title='bbox 2616 4380 2918 4433; x_wconf 88' lang='lat' dir='ltr'><strong>alienorum</strong></span> <span class='ocrx_word' id='word_1_632' title='bbox 2951 4378 3275 4447; x_wconf 80' lang='lat' dir='ltr'><strong>spectatrix.</strong></span> <span class='ocrx_word' id='word_1_633' title='bbox 3316 4376 3490 4430; x_wconf 79' lang='lat' dir='ltr'><strong>lanci-</strong></span> 
     </span>
    </p>
   </div>
   <div class='ocr_carea' id='block_1_91' title="bbox 1918 4468 3485 4543">
    <p class='ocr_par' dir='ltr' id='par_1_91' title="bbox 1918 4468 3485 4543">
     <span class='ocr_line' id='line_1_91' title="bbox 1918 4468 3485 4543; baseline -0.004 -15"><span class='ocrx_word' id='word_1_634' title='bbox 1918 4486 2085 4529; x_wconf 91' lang='lat' dir='ltr'><strong>nante</strong></span> <span class='ocrx_word' id='word_1_635' title='bbox 2120 4489 2207 4528; x_wconf 91' lang='lat' dir='ltr'><strong>me</strong></span> <span class='ocrx_word' id='word_1_636' title='bbox 2235 4481 2288 4528; x_wconf 87' lang='lat' dir='ltr'><strong>et</strong></span> <span class='ocrx_word' id='word_1_637' title='bbox 2323 4481 2599 4543; x_wconf 81' lang='lat' dir='ltr'><strong>pungente</strong></span> <span class='ocrx_word' id='word_1_638' title='bbox 2629 4482 2847 4525; x_wconf 86' lang='lat' dir='ltr'><strong>natura.</strong></span> <span class='ocrx_word' id='word_1_639' title='bbox 2882 4470 3134 4525; x_wconf 85' lang='lat' dir='ltr'><strong>Miserere</strong></span> <span class='ocrx_word' id='word_1_640' title='bbox 3169 4471 3287 4524; x_wconf 87' lang='lat' dir='ltr'><strong>mei.</strong></span> <span class='ocrx_word' id='word_1_641' title='bbox 3322 4468 3485 4524; x_wconf 83' lang='lat' dir='ltr'><strong>Tem-</strong></span> 
     </span>
    </p>
   </div>
   <div class='ocr_carea' id='block_1_92' title="bbox 242 4561 1818 4637">
    <p class='ocr_par' dir='ltr' id='par_1_92' title="bbox 242 4561 1813 4637">
     <span class='ocr_line' id='line_1_92' title="bbox 242 4561 1813 4637; baseline -0.003 -17"><span class='ocrx_word' id='word_1_642' title='bbox 242 4564 631 4637; x_wconf 80' lang='grc' dir='ltr'>γυμναζούσας</span> <span class='ocrx_word' id='word_1_643' title='bbox 656 4566 781 4626; x_wconf 81' lang='grc' dir='ltr'>τοὺς</span> <span class='ocrx_word' id='word_1_644' title='bbox 808 4563 1088 4634; x_wconf 89' lang='grc' dir='ltr'>δαίμονας,</span> <span class='ocrx_word' id='word_1_645' title='bbox 1119 4564 1213 4616; x_wconf 69' lang='grc' dir='ltr'>καὶ</span> <span class='ocrx_word' id='word_1_646' title='bbox 1243 4561 1510 4626; x_wconf 81' lang='grc' dir='ltr'>αῦξούσας</span> <span class='ocrx_word' id='word_1_647' title='bbox 1538 4564 1599 4615; x_wconf 88' lang='grc' dir='ltr'><strong>τὸ</strong></span> <span class='ocrx_word' id='word_1_648' title='bbox 1635 4564 1813 4627; x_wconf 79' lang='grc' dir='ltr'>ἕλκος,</span> 
     </span>
    </p>
   </div>
   <div class='ocr_carea' id='block_1_93' title="bbox 1920 4561 3486 4637">
    <p class='ocr_par' dir='ltr' id='par_1_93' title="bbox 1920 4562 3486 4635">
     <span class='ocr_line' id='line_1_93' title="bbox 1920 4562 3486 4635; baseline -0.003 -16"><span class='ocrx_word' id='word_1_649' title='bbox 1920 4578 2101 4635; x_wconf 87' lang='lat' dir='ltr'><strong>pestas</strong></span> <span class='ocrx_word' id='word_1_650' title='bbox 2137 4565 2348 4634; x_wconf 87' lang='lat' dir='ltr'><strong>gravis,</strong></span> <span class='ocrx_word' id='word_1_651' title='bbox 2379 4562 2596 4618; x_wconf 81' lang='lat' dir='ltr'><strong>aﬂ‘ectio</strong></span> <span class='ocrx_word' id='word_1_652' title='bbox 2623 4571 2677 4617; x_wconf 88' lang='lat' dir='ltr'><strong>et</strong></span> <span class='ocrx_word' id='word_1_653' title='bbox 2726 4564 2909 4617; x_wconf 86' lang='lat' dir='ltr'><strong>timor.</strong></span> <span class='ocrx_word' id='word_1_654' title='bbox 2952 4562 3179 4617; x_wconf 66' lang='lat' dir='ltr'><strong>Aﬂ‘ectio</strong></span> <span class='ocrx_word' id='word_1_655' title='bbox 3222 4562 3486 4616; x_wconf 84' lang='lat' dir='ltr'><strong>nimirum</strong></span> 
     </span>
    </p>
   </div>
   <div class='ocr_carea' id='block_1_94' title="bbox 244 4654 1815 4731">
    <p class='ocr_par' dir='ltr' id='par_1_94' title="bbox 244 4654 1815 4731">
     <span class='ocr_line' id='line_1_94' title="bbox 244 4654 1815 4731; baseline -0.004 -17"><span class='ocrx_word' id='word_1_656' title='bbox 244 4661 363 4715; x_wconf 80' lang='grc' dir='ltr'>ἀλλ’</span> <span class='ocrx_word' id='word_1_657' title='bbox 397 4660 577 4731; x_wconf 82' lang='grc' dir='ltr'>ἀφῆκε</span> <span class='ocrx_word' id='word_1_658' title='bbox 616 4657 710 4712; x_wconf 93' lang='grc' dir='ltr'><strong>τοῦ</strong></span> <span class='ocrx_word' id='word_1_659' title='bbox 740 4657 986 4712; x_wconf 88' lang='grc' dir='ltr'>διαϐόλου</span> <span class='ocrx_word' id='word_1_660' title='bbox 1011 4656 1071 4710; x_wconf 88' lang='grc' dir='ltr'>τὸ</span> <span class='ocrx_word' id='word_1_661' title='bbox 1092 4657 1490 4727; x_wconf 60' lang='grc' dir='ltr'>ιέργαστήριον.</span> <span class='ocrx_word' id='word_1_662' title='bbox 1528 4654 1815 4723; x_wconf 75' lang='grc' dir='ltr'>Ἐλέησόν</span> 
     </span>
    </p>
   </div>
   <div class='ocr_carea' id='block_1_95' title="bbox 238 4746 1814 4823">
    <p class='ocr_par' dir='ltr' id='par_1_95' title="bbox 238 4746 1814 4823">
     <span class='ocr_line' id='line_1_95' title="bbox 238 4746 1814 4823; baseline -0.005 -16"><span class='ocrx_word' id='word_1_663' title='bbox 238 4770 343 4823; x_wconf 83' lang='grc' dir='ltr'>με·</span> <span class='ocrx_word' id='word_1_664' title='bbox 395 4754 433 4819; x_wconf 77' lang='grc' dir='ltr'><strong><em>ἡ</em></strong></span> <span class='ocrx_word' id='word_1_665' title='bbox 481 4750 741 4821; x_wconf 75' lang='grc' dir='ltr'>θυγάτηρ</span> <span class='ocrx_word' id='word_1_666' title='bbox 793 4767 913 4818; x_wconf 84' lang='grc' dir='ltr'><strong>μου</strong></span> <span class='ocrx_word' id='word_1_667' title='bbox 960 4746 1159 4814; x_wconf 82' lang='grc' dir='ltr'>κακῶς</span> <span class='ocrx_word' id='word_1_668' title='bbox 1203 4747 1613 4815; x_wconf 82' lang='grc' dir='ltr'>δαιμονίζεται.</span> <span class='ocrx_word' id='word_1_669' title='bbox 1663 4747 1814 4800; x_wconf 85' lang='grc' dir='ltr'>Ὅσοι</span> 
     </span>
    </p>
   </div>
   <div class='ocr_carea' id='block_1_96' title="bbox 244 4836 1813 4913">
    <p class='ocr_par' dir='ltr' id='par_1_96' title="bbox 244 4836 1813 4913">
     <span class='ocr_line' id='line_1_96' title="bbox 244 4836 1813 4913; baseline -0.004 -18"><span class='ocrx_word' id='word_1_670' title='bbox 244 4842 481 4913; x_wconf 87' lang='grc' dir='ltr'>πατέρες</span> <span class='ocrx_word' id='word_1_671' title='bbox 526 4840 777 4909; x_wconf 83' lang='grc' dir='ltr'>ἐγένεσθε</span> <span class='ocrx_word' id='word_1_672' title='bbox 802 4879 818 4905; x_wconf 93' lang='grc'><strong>,</strong></span> <span class='ocrx_word' id='word_1_673' title='bbox 868 4838 1168 4909; x_wconf 83' lang='grc' dir='ltr'>βοηθήσατε</span> <span class='ocrx_word' id='word_1_674' title='bbox 1209 4836 1287 4907; x_wconf 85' lang='grc' dir='ltr'>τῷ</span> <span class='ocrx_word' id='word_1_675' title='bbox 1336 4836 1478 4907; x_wconf 86' lang='grc' dir='ltr'>λόγῳ</span> <span class='ocrx_word' id='word_1_676' title='bbox 1501 4874 1516 4900; x_wconf 92' lang='grc'><strong>,</strong></span> <span class='ocrx_word' id='word_1_677' title='bbox 1552 4836 1646 4889; x_wconf 73' lang='grc' dir='ltr'><strong>καὶ</strong></span> <span class='ocrx_word' id='word_1_678' title='bbox 1691 4836 1813 4889; x_wconf 80' lang='grc' dir='ltr'>ὅσαι</span> 
     </span>
    </p>
   </div>
   <div class='ocr_carea' id='block_1_97' title="bbox 249 4925 1812 5004">
    <p class='ocr_par' dir='ltr' id='par_1_97' title="bbox 249 4925 1812 5004">
     <span class='ocr_line' id='line_1_97' title="bbox 249 4925 1812 5004; baseline -0.004 -18"><span class='ocrx_word' id='word_1_679' title='bbox 249 4933 484 5004; x_wconf 78' lang='grc' dir='ltr'>μητέρες</span> <span class='ocrx_word' id='word_1_680' title='bbox 518 4930 1017 5001; x_wconf 85' lang='grc' dir='ltr'>κατεσκευάσθητε.</span> <span class='ocrx_word' id='word_1_681' title='bbox 1061 4929 1135 4982; x_wconf 80' lang='grc' dir='ltr'><strong>Οὐ</strong></span> <span class='ocrx_word' id='word_1_682' title='bbox 1188 4929 1426 4999; x_wconf 84' lang='grc' dir='ltr'>δύναμαι</span> <span class='ocrx_word' id='word_1_683' title='bbox 1472 4925 1812 4998; x_wconf 76' lang='grc' dir='ltr'>ἑρμηνεῦσαι</span> 
     </span>
    </p>
   </div>
   <div class='ocr_carea' id='block_1_98' title="bbox 242 5017 1815 5096">
    <p class='ocr_par' dir='ltr' id='par_1_98' title="bbox 242 5017 1815 5096">
     <span class='ocr_line' id='line_1_98' title="bbox 242 5017 1815 5096; baseline -0.003 -17"><span class='ocrx_word' id='word_1_684' title='bbox 242 5028 337 5079; x_wconf 83' lang='grc' dir='ltr'><strong>τὸν</strong></span> <span class='ocrx_word' id='word_1_685' title='bbox 358 5026 604 5096; x_wconf 84' lang='grc' dir='ltr'>χειμῶνα</span> <span class='ocrx_word' id='word_1_686' title='bbox 634 5023 694 5076; x_wconf 86' lang='grc' dir='ltr'>ὂν</span> <span class='ocrx_word' id='word_1_687' title='bbox 727 5023 990 5093; x_wconf 82' lang='grc' dir='ltr'>ὑπέμεινε</span> <span class='ocrx_word' id='word_1_688' title='bbox 1019 5020 1082 5075; x_wconf 82' lang='grc' dir='ltr'><strong>τὸ</strong></span> <span class='ocrx_word' id='word_1_689' title='bbox 1104 5024 1346 5091; x_wconf 90' lang='grc' dir='ltr'>γυναῖον.</span> <span class='ocrx_word' id='word_1_690' title='bbox 1366 5017 1521 5083; x_wconf 72' lang='grc' dir='ltr'>Εἶδες</span> <span class='ocrx_word' id='word_1_691' title='bbox 1544 5022 1645 5092; x_wconf 85' lang='grc' dir='ltr'>τὴν</span> <span class='ocrx_word' id='word_1_692' title='bbox 1678 5037 1815 5091; x_wconf 89' lang='grc' dir='ltr'>καρ-</span> 
     </span>
    </p>
   </div>
   <div class='ocr_carea' id='block_1_99' title="bbox 240 5110 1813 5186">
    <p class='ocr_par' dir='ltr' id='par_1_99' title="bbox 240 5110 1813 5186">
     <span class='ocr_line' id='line_1_99' title="bbox 240 5110 1813 5186; baseline -0.001 -18"><span class='ocrx_word' id='word_1_693' title='bbox 240 5115 461 5186; x_wconf 86' lang='grc' dir='ltr'>τερίαν,</span> <span class='ocrx_word' id='word_1_694' title='bbox 517 5116 616 5185; x_wconf 78' lang='grc' dir='ltr'>τὴν</span> <span class='ocrx_word' id='word_1_695' title='bbox 680 5113 970 5184; x_wconf 83' lang='grc' dir='ltr'>ἀνδρείαν,</span> <span class='ocrx_word' id='word_1_696' title='bbox 1002 5112 1103 5183; x_wconf 80' lang='grc' dir='ltr'>τὴν</span> <span class='ocrx_word' id='word_1_697' title='bbox 1151 5112 1447 5181; x_wconf 81' lang='grc' dir='ltr'>ὑπομονήν.</span> <span class='ocrx_word' id='word_1_698' title='bbox 1485 5110 1546 5164; x_wconf 85' lang='lat'><strong>&#39;0</strong></span> <span class='ocrx_word' id='word_1_699' title='bbox 1586 5110 1655 5163; x_wconf 83' lang='grc' dir='ltr'><em>δὲ</em></span> <span class='ocrx_word' id='word_1_700' title='bbox 1699 5113 1813 5166; x_wconf 82' lang='grc' dir='ltr'>οὐκ</span> 
     </span>
    </p>
   </div>
   <div class='ocr_carea' id='block_1_100' title="bbox 243 5199 1814 5273">
    <p class='ocr_par' dir='ltr' id='par_1_100' title="bbox 243 5199 1814 5273">
     <span class='ocr_line' id='line_1_100' title="bbox 243 5199 1814 5273; baseline -0.006 -12"><span class='ocrx_word' id='word_1_701' title='bbox 243 5206 536 5273; x_wconf 82' lang='grc' dir='ltr'>ἀπεκρίθη</span> <span class='ocrx_word' id='word_1_702' title='bbox 564 5201 719 5270; x_wconf 79' lang='grc' dir='ltr'>αὐτῇ</span> <span class='ocrx_word' id='word_1_703' title='bbox 758 5202 964 5272; x_wconf 78' lang='grc' dir='ltr'>λόγον.</span> <span class='ocrx_word' id='word_1_704' title='bbox 994 5200 1174 5255; x_wconf 84' lang='grc' dir='ltr'>Καινὰ</span> <span class='ocrx_word' id='word_1_705' title='bbox 1213 5200 1283 5252; x_wconf 85' lang='grc' dir='ltr'>τὰ</span> <span class='ocrx_word' id='word_1_706' title='bbox 1322 5199 1664 5272; x_wconf 73' lang='grc' dir='ltr'>πράγματαῑ</span> <span class='ocrx_word' id='word_1_707' title='bbox 1698 5199 1814 5252; x_wconf 89' lang='grc' dir='ltr'><strong>Πα-</strong></span> 
     </span>
    </p>
   </div>
   <div class='ocr_carea' id='block_1_101' title="bbox 247 5290 1814 5369">
    <p class='ocr_par' dir='ltr' id='par_1_101' title="bbox 247 5290 1814 5369">
     <span class='ocr_line' id='line_1_101' title="bbox 247 5290 1814 5369; baseline -0.003 -19"><span class='ocrx_word' id='word_1_708' title='bbox 247 5297 500 5369; x_wconf 81' lang='grc' dir='ltr'>ρακαλεϊ,</span> <span class='ocrx_word' id='word_1_709' title='bbox 536 5296 738 5360; x_wconf 81' lang='grc' dir='ltr'>δέεται,</span> <span class='ocrx_word' id='word_1_710' title='bbox 787 5295 963 5348; x_wconf 89' lang='grc' dir='ltr'>κλαίει</span> <span class='ocrx_word' id='word_1_711' title='bbox 1005 5292 1104 5365; x_wconf 85' lang='grc' dir='ltr'><strong>τὴν</strong></span> <span class='ocrx_word' id='word_1_712' title='bbox 1148 5293 1464 5363; x_wconf 84' lang='grc' dir='ltr'>συμφοράν·</span> <span class='ocrx_word' id='word_1_713' title='bbox 1513 5290 1669 5358; x_wconf 75' lang='grc' dir='ltr'>αὔξει</span> <span class='ocrx_word' id='word_1_714' title='bbox 1714 5292 1814 5363; x_wconf 80' lang='grc' dir='ltr'>τὴν</span> 
     </span>
    </p>
   </div>
   <div class='ocr_carea' id='block_1_102' title="bbox 244 5383 1816 5462">
    <p class='ocr_par' dir='ltr' id='par_1_102' title="bbox 244 5383 1816 5462">
     <span class='ocr_line' id='line_1_102' title="bbox 244 5383 1816 5462; baseline -0.001 -24"><span class='ocrx_word' id='word_1_715' title='bbox 244 5388 553 5462; x_wconf 83' lang='grc' dir='ltr'>τραγῳδίαν</span> <span class='ocrx_word' id='word_1_716' title='bbox 575 5404 588 5417; x_wconf 89' lang='grc'><strong>·</strong></span> <span class='ocrx_word' id='word_1_717' title='bbox 626 5388 894 5455; x_wconf 86' lang='grc' dir='ltr'>διηγεῖται</span> <span class='ocrx_word' id='word_1_718' title='bbox 928 5386 990 5439; x_wconf 81' lang='grc' dir='ltr'><strong>τὸ</strong></span> <span class='ocrx_word' id='word_1_719' title='bbox 1020 5384 1213 5450; x_wconf 85' lang='grc' dir='ltr'>πάθος,</span> <span class='ocrx_word' id='word_1_720' title='bbox 1248 5386 1342 5439; x_wconf 77' lang='grc' dir='ltr'><strong>καὶ</strong></span> <span class='ocrx_word' id='word_1_721' title='bbox 1372 5387 1400 5437; x_wconf 97' lang='lat'><strong>6</strong></span> <span class='ocrx_word' id='word_1_722' title='bbox 1436 5383 1816 5454; x_wconf 84' lang='grc' dir='ltr'>φιλάνθρωπος</span> 
     </span>
    </p>
   </div>
   <div class='ocr_carea' id='block_1_103' title="bbox 242 5478 1815 5550">
    <p class='ocr_par' dir='ltr' id='par_1_103' title="bbox 242 5478 1815 5550">
     <span class='ocr_line' id='line_1_103' title="bbox 242 5478 1815 5550; baseline -0.003 -17"><span class='ocrx_word' id='word_1_723' title='bbox 242 5482 345 5533; x_wconf 79' lang='grc' dir='ltr'><strong>οὐκ</strong></span> <span class='ocrx_word' id='word_1_724' title='bbox 385 5479 765 5550; x_wconf 83' lang='grc' dir='ltr'>ἀποκρίνεται,</span> <span class='ocrx_word' id='word_1_725' title='bbox 794 5480 823 5531; x_wconf 92' lang='lat'><strong>6</strong></span> <span class='ocrx_word' id='word_1_726' title='bbox 849 5478 1017 5546; x_wconf 87' lang='grc' dir='ltr'>Λόγος</span> <span class='ocrx_word' id='word_1_727' title='bbox 1067 5479 1214 5548; x_wconf 80' lang='grc' dir='ltr'>σιγᾷ,</span> <span class='ocrx_word' id='word_1_728' title='bbox 1264 5480 1296 5547; x_wconf 81' lang='grc' dir='ltr'><strong>ἡ</strong></span> <span class='ocrx_word' id='word_1_729' title='bbox 1332 5478 1481 5549; x_wconf 85' lang='grc' dir='ltr'>πηγὴ</span> <span class='ocrx_word' id='word_1_730' title='bbox 1525 5478 1815 5531; x_wconf 85' lang='grc' dir='ltr'>ἀποκλείε-</span> 
     </span>
    </p>
   </div>
   <div class='ocr_carea' id='block_1_104' title="bbox 242 5570 1812 5642">
    <p class='ocr_par' dir='ltr' id='par_1_104' title="bbox 242 5570 1812 5642">
     <span class='ocr_line' id='line_1_104' title="bbox 242 5570 1812 5642; baseline -0.001 -17"><span class='ocrx_word' id='word_1_731' title='bbox 242 5590 359 5637; x_wconf 70' lang='grc' dir='ltr'>ται,</span> <span class='ocrx_word' id='word_1_732' title='bbox 388 5574 415 5624; x_wconf 91' lang='lat'><strong>6</strong></span> <span class='ocrx_word' id='word_1_733' title='bbox 456 5573 638 5642; x_wconf 78' lang='grc' dir='ltr'>ἰατρὸς</span> <span class='ocrx_word' id='word_1_734' title='bbox 669 5572 738 5624; x_wconf 86' lang='grc' dir='ltr'>τὰ</span> <span class='ocrx_word' id='word_1_735' title='bbox 775 5572 1041 5641; x_wconf 87' lang='grc' dir='ltr'>φάρμακα</span> <span class='ocrx_word' id='word_1_736' title='bbox 1072 5571 1371 5627; x_wconf 87' lang='grc' dir='ltr'>συστέλλει.</span> <span class='ocrx_word' id='word_1_737' title='bbox 1410 5570 1473 5624; x_wconf 88' lang='grc' dir='ltr'><strong>Τί</strong></span> <span class='ocrx_word' id='word_1_738' title='bbox 1504 5570 1565 5624; x_wconf 83' lang='grc' dir='ltr'><strong>τὸ</strong></span> <span class='ocrx_word' id='word_1_739' title='bbox 1587 5572 1812 5637; x_wconf 89' lang='grc' dir='ltr'>καινόν;</span> 
     </span>
    </p>
   </div>
   <div class='ocr_carea' id='block_1_105' title="bbox 242 5661 1815 5735">
    <p class='ocr_par' dir='ltr' id='par_1_105' title="bbox 242 5661 1815 5735">
     <span class='ocr_line' id='line_1_105' title="bbox 242 5661 1815 5735; baseline 0.001 -18"><span class='ocrx_word' id='word_1_740' title='bbox 242 5669 298 5717; x_wconf 81' lang='grc' dir='ltr'><strong>τί</strong></span> <span class='ocrx_word' id='word_1_741' title='bbox 341 5665 403 5715; x_wconf 85' lang='grc' dir='ltr'><strong>τὸ</strong></span> <span class='ocrx_word' id='word_1_742' title='bbox 456 5661 793 5735; x_wconf 72' lang='grc' dir='ltr'>παράδοξον;</span> <span class='ocrx_word' id='word_1_743' title='bbox 826 5663 1041 5726; x_wconf 76' lang='grc' dir='ltr'>Ἀλλοις</span> <span class='ocrx_word' id='word_1_744' title='bbox 1092 5665 1425 5734; x_wconf 83' lang='grc' dir='ltr'>ἐπιτρέχεις,</span> <span class='ocrx_word' id='word_1_745' title='bbox 1470 5666 1565 5719; x_wconf 73' lang='grc' dir='ltr'><strong>καὶ</strong></span> <span class='ocrx_word' id='word_1_746' title='bbox 1611 5666 1815 5735; x_wconf 85' lang='grc' dir='ltr'>ταύτην</span> 
     </span>
    </p>
   </div>
   <div class='ocr_carea' id='block_1_106' title="bbox 245 5756 1813 5829">
    <p class='ocr_par' dir='ltr' id='par_1_106' title="bbox 245 5756 1813 5829">
     <span class='ocr_line' id='line_1_106' title="bbox 245 5756 1813 5829; baseline -0.001 -17"><span class='ocrx_word' id='word_1_747' title='bbox 245 5758 641 5829; x_wconf 84' lang='grc' dir='ltr'>ἐπιτρέχουσαν</span> <span class='ocrx_word' id='word_1_748' title='bbox 678 5756 1024 5820; x_wconf 84' lang='grc' dir='ltr'>ἀπελαύνεις.</span> <span class='ocrx_word' id='word_1_749' title='bbox 1054 5757 1191 5810; x_wconf 82' lang='grc' dir='ltr'>Ἀλλ’</span> <span class='ocrx_word' id='word_1_750' title='bbox 1229 5758 1481 5827; x_wconf 82' lang='grc' dir='ltr'>ἐννόησον</span> <span class='ocrx_word' id='word_1_751' title='bbox 1508 5758 1600 5811; x_wconf 88' lang='grc' dir='ltr'><strong>τοῦ</strong></span> <span class='ocrx_word' id='word_1_752' title='bbox 1631 5756 1813 5829; x_wconf 75' lang='grc' dir='ltr'>ἰατροῦ</span> 
     </span>
    </p>
   </div>
   <div class='ocr_carea' id='block_1_107' title="bbox 244 5851 1810 5926">
    <p class='ocr_par' dir='ltr' id='par_1_107' title="bbox 244 5851 1810 5926">
     <span class='ocr_line' id='line_1_107' title="bbox 244 5851 1810 5926; baseline 0.001 -19"><span class='ocrx_word' id='word_1_753' title='bbox 244 5854 349 5925; x_wconf 73' lang='grc' dir='ltr'><strong>τὴν</strong></span> <span class='ocrx_word' id='word_1_754' title='bbox 378 5852 609 5926; x_wconf 69' lang='grc' dir='ltr'><strong>σοφίαν.⁹</strong></span> <span class='ocrx_word' id='word_1_755' title='bbox 657 5856 699 5906; x_wconf 91' lang='lat'><em>0</em></span> <span class='ocrx_word' id='word_1_756' title='bbox 730 5852 800 5906; x_wconf 78' lang='grc' dir='ltr'>δὲ</span> <span class='ocrx_word' id='word_1_757' title='bbox 836 5854 948 5907; x_wconf 82' lang='grc' dir='ltr'>οὐκ</span> <span class='ocrx_word' id='word_1_758' title='bbox 984 5851 1348 5920; x_wconf 79' lang='grc' dir='ltr'>ἀπεκρίνατο</span> <span class='ocrx_word' id='word_1_759' title='bbox 1404 5851 1558 5921; x_wconf 77' lang='grc' dir='ltr'>αὐτῇ</span> <span class='ocrx_word' id='word_1_760' title='bbox 1603 5852 1810 5923; x_wconf 74' lang='grc' dir='ltr'>λόγον.</span> 
     </span>
    </p>
   </div>
   <div class='ocr_carea' id='block_1_108' title="bbox 1916 4654 3484 4724">
    <p class='ocr_par' dir='ltr' id='par_1_108' title="bbox 1916 4654 3484 4724">
     <span class='ocr_line' id='line_1_108' title="bbox 1916 4654 3484 4724; baseline -0.003 -13"><span class='ocrx_word' id='word_1_761' title='bbox 1916 4667 2145 4720; x_wconf 65' lang='grc' dir='ltr'>παίω-αξ,</span> <span class='ocrx_word' id='word_1_762' title='bbox 2173 4664 2226 4710; x_wconf 86' lang='lat' dir='ltr'><strong>et</strong></span> <span class='ocrx_word' id='word_1_763' title='bbox 2253 4656 2421 4709; x_wconf 91' lang='lat' dir='ltr'><strong>timor</strong></span> <span class='ocrx_word' id='word_1_764' title='bbox 2450 4655 2736 4711; x_wconf 77' lang='lat' dir='ltr'><strong>daemonis.</strong></span> <span class='ocrx_word' id='word_1_765' title='bbox 2781 4654 3057 4709; x_wconf 85' lang='lat' dir='ltr'><strong>Accedere</strong></span> <span class='ocrx_word' id='word_1_766' title='bbox 3087 4670 3195 4708; x_wconf 93' lang='lat' dir='ltr'><strong>non</strong></span> <span class='ocrx_word' id='word_1_767' title='bbox 3236 4668 3484 4724; x_wconf 91' lang='lat' dir='ltr'><strong>possum,</strong></span> 
     </span>
    </p>
   </div>
   <div class='ocr_carea' id='block_1_109' title="bbox 1915 4745 3485 4816">
    <p class='ocr_par' dir='ltr' id='par_1_109' title="bbox 1915 4745 3485 4816">
     <span class='ocr_line' id='line_1_109' title="bbox 1915 4745 3485 4816; baseline -0.004 -12"><span class='ocrx_word' id='word_1_768' title='bbox 1915 4764 2018 4805; x_wconf 90' lang='lat' dir='ltr'><strong>nec</strong></span> <span class='ocrx_word' id='word_1_769' title='bbox 2061 4765 2147 4804; x_wconf 90' lang='lat' dir='ltr'><strong>me</strong></span> <span class='ocrx_word' id='word_1_770' title='bbox 2178 4749 2481 4803; x_wconf 88' lang='lat' dir='ltr'><strong>continere.</strong></span> <span class='ocrx_word' id='word_1_771' title='bbox 2525 4745 2688 4816; x_wconf 87' lang='lat' dir='ltr'><strong>Urget</strong></span> <span class='ocrx_word' id='word_1_772' title='bbox 2723 4761 2811 4801; x_wconf 89' lang='lat' dir='ltr'><strong>me</strong></span> <span class='ocrx_word' id='word_1_773' title='bbox 2858 4745 3109 4813; x_wconf 79' lang='lat' dir='ltr'><strong>all‘ectio;</strong></span> <span class='ocrx_word' id='word_1_774' title='bbox 3145 4757 3201 4801; x_wconf 86' lang='lat' dir='ltr'><strong>at</strong></span> <span class='ocrx_word' id='word_1_775' title='bbox 3232 4746 3485 4816; x_wconf 86' lang='lat' dir='ltr'><strong>propellit</strong></span> 
     </span>
    </p>
   </div>
   <div class='ocr_carea' id='block_1_110' title="bbox 1915 4837 3485 4897">
    <p class='ocr_par' dir='ltr' id='par_1_110' title="bbox 1915 4837 3485 4897">
     <span class='ocr_line' id='line_1_110' title="bbox 1915 4837 3485 4897; baseline -0.004 0"><span class='ocrx_word' id='word_1_776' title='bbox 1915 4843 2102 4897; x_wconf 87' lang='lat' dir='ltr'><strong>timor.</strong></span> <span class='ocrx_word' id='word_1_777' title='bbox 2136 4838 2387 4893; x_wconf 82' lang='lat' dir='ltr'><strong>Miserere</strong></span> <span class='ocrx_word' id='word_1_778' title='bbox 2416 4839 2535 4891; x_wconf 84' lang='lat' dir='ltr'><strong>mei.</strong></span> <span class='ocrx_word' id='word_1_779' title='bbox 2572 4837 2773 4892; x_wconf 85' lang='lat' dir='ltr'><strong>Verum</strong></span> <span class='ocrx_word' id='word_1_780' title='bbox 2826 4837 2915 4893; x_wconf 89' lang='lat' dir='ltr'><strong>hic</strong></span> <span class='ocrx_word' id='word_1_781' title='bbox 2955 4839 3365 4893; x_wconf 86' lang='lat' dir='ltr'><strong>animadvertas</strong></span> <span class='ocrx_word' id='word_1_782' title='bbox 3395 4855 3485 4891; x_wconf 81' lang='lat' dir='ltr'><strong>ve-</strong></span> 
     </span>
    </p>
   </div>
   <div class='ocr_carea' id='block_1_111' title="bbox 1914 4929 3480 5013">
    <p class='ocr_par' dir='ltr' id='par_1_111' title="bbox 1914 4929 3480 5013">
     <span class='ocr_line' id='line_1_111' title="bbox 1914 4929 3480 5013; baseline -0.008 -21"><span class='ocrx_word' id='word_1_783' title='bbox 1914 4937 2009 4993; x_wconf 90' lang='lat' dir='ltr'><strong>lim</strong></span> <span class='ocrx_word' id='word_1_784' title='bbox 2027 4934 2276 4990; x_wconf 86' lang='lat' dir='ltr'><strong>mulieris</strong></span> <span class='ocrx_word' id='word_1_785' title='bbox 2303 4930 2732 5013; x_wconf 60' lang='lat' dir='ltr'><strong>philosotihiam.</strong></span> <span class='ocrx_word' id='word_1_786' title='bbox 2750 4929 2866 4987; x_wconf 88' lang='lat' dir='ltr'><strong>Non</strong></span> <span class='ocrx_word' id='word_1_787' title='bbox 2884 4932 2949 4986; x_wconf 90' lang='lat' dir='ltr'><strong>ad</strong></span> <span class='ocrx_word' id='word_1_788' title='bbox 2974 4932 3192 4986; x_wconf 87' lang='lat' dir='ltr'><strong>divinos</strong></span> <span class='ocrx_word' id='word_1_789' title='bbox 3216 4931 3480 5000; x_wconf 79' lang='lat' dir='ltr'><strong>perrexit;</strong></span> 
     </span>
    </p>
   </div>
   <div class='ocr_carea' id='block_1_112' title="bbox 1914 5011 3482 5094">
    <p class='ocr_par' dir='ltr' id='par_1_112' title="bbox 1914 5011 3482 5094">
     <span class='ocr_line' id='line_1_112' title="bbox 1914 5011 3482 5094; baseline -0.004 -11"><span class='ocrx_word' id='word_1_790' title='bbox 1914 5043 2026 5083; x_wconf 91' lang='lat' dir='ltr'><strong>non</strong></span> <span class='ocrx_word' id='word_1_791' title='bbox 2068 5025 2307 5081; x_wconf 88' lang='lat' dir='ltr'><strong>amuleta</strong></span> <span class='ocrx_word' id='word_1_792' title='bbox 2356 5011 2616 5094; x_wconf 80' lang='lat' dir='ltr'><strong>appendit</strong></span> <span class='ocrx_word' id='word_1_793' title='bbox 2660 5011 2821 5086; x_wconf 71' lang='lat' dir='ltr'><strong>ﬁliae,</strong></span> <span class='ocrx_word' id='word_1_794' title='bbox 2872 5038 2984 5076; x_wconf 91' lang='lat' dir='ltr'><strong>non</strong></span> <span class='ocrx_word' id='word_1_795' title='bbox 3040 5021 3482 5093; x_wconf 63' lang='lat' dir='ltr'><strong>praestigiatriees</strong></span> 
     </span>
    </p>
   </div>
   <div class='ocr_carea' id='block_1_113' title="bbox 1912 5113 3483 5184">
    <p class='ocr_par' dir='ltr' id='par_1_113' title="bbox 1912 5113 3483 5184">
     <span class='ocr_line' id='line_1_113' title="bbox 1912 5113 3483 5184; baseline -0.008 -9"><span class='ocrx_word' id='word_1_796' title='bbox 1912 5118 2266 5174; x_wconf 89' lang='lat' dir='ltr'><strong>mulierculas</strong></span> <span class='ocrx_word' id='word_1_797' title='bbox 2311 5114 2619 5181; x_wconf 80' lang='lat' dir='ltr'><strong>conduxit;</strong></span> <span class='ocrx_word' id='word_1_798' title='bbox 2658 5129 2773 5180; x_wconf 89' lang='lat' dir='ltr'><strong>eas,</strong></span> <span class='ocrx_word' id='word_1_799' title='bbox 2820 5113 3070 5184; x_wconf 88' lang='lat' dir='ltr'><strong>inquam,</strong></span> <span class='ocrx_word' id='word_1_800' title='bbox 3126 5127 3247 5181; x_wconf 71' lang='lat' dir='ltr'><strong>quae</strong></span> <span class='ocrx_word' id='word_1_801' title='bbox 3282 5113 3483 5164; x_wconf 69' lang='lat' dir='ltr'><strong>daemo-</strong></span> 
     </span>
    </p>
   </div>
   <div class='ocr_carea' id='block_1_114' title="bbox 1913 5201 3481 5274">
    <p class='ocr_par' dir='ltr' id='par_1_114' title="bbox 1913 5201 3481 5274">
     <span class='ocr_line' id='line_1_114' title="bbox 1913 5201 3481 5274; baseline -0.007 -7"><span class='ocrx_word' id='word_1_802' title='bbox 1913 5227 2012 5267; x_wconf 81' lang='lat' dir='ltr'><strong>nes</strong></span> <span class='ocrx_word' id='word_1_803' title='bbox 2040 5217 2320 5273; x_wconf 82' lang='lat' dir='ltr'><strong>exercent,</strong></span> <span class='ocrx_word' id='word_1_804' title='bbox 2379 5217 2432 5261; x_wconf 91' lang='lat' dir='ltr'><strong>et</strong></span> <span class='ocrx_word' id='word_1_805' title='bbox 2479 5205 2680 5261; x_wconf 87' lang='lat' dir='ltr'><strong>vulnus</strong></span> <span class='ocrx_word' id='word_1_806' title='bbox 2713 5206 3091 5274; x_wconf 90' lang='lat' dir='ltr'><strong>amplilicant:</strong></span> <span class='ocrx_word' id='word_1_807' title='bbox 3136 5202 3232 5256; x_wconf 86' lang='lat' dir='ltr'><strong>sed</strong></span> <span class='ocrx_word' id='word_1_808' title='bbox 3274 5201 3481 5257; x_wconf 88' lang='lat' dir='ltr'><strong>diaboli</strong></span> 
     </span>
    </p>
   </div>
   <div class='ocr_carea' id='block_1_115' title="bbox 1914 5291 3481 5368">
    <p class='ocr_par' dir='ltr' id='par_1_115' title="bbox 1914 5291 3481 5368">
     <span class='ocr_line' id='line_1_115' title="bbox 1914 5291 3481 5368; baseline -0.006 -12"><span class='ocrx_word' id='word_1_809' title='bbox 1914 5300 2185 5357; x_wconf 75' lang='lat' dir='ltr'><strong>omcinam</strong></span> <span class='ocrx_word' id='word_1_810' title='bbox 2222 5298 2404 5354; x_wconf 85' lang='lat' dir='ltr'><strong>valere</strong></span> <span class='ocrx_word' id='word_1_811' title='bbox 2432 5297 2625 5368; x_wconf 85' lang='lat' dir='ltr'><strong>jussit.</strong></span> <span class='ocrx_word' id='word_1_812' title='bbox 2678 5294 2930 5349; x_wconf 81' lang='lat' dir='ltr'><strong>Miserere</strong></span> <span class='ocrx_word' id='word_1_813' title='bbox 2978 5295 3101 5357; x_wconf 83' lang='lat' dir='ltr'><strong>mei,</strong></span> <span class='ocrx_word' id='word_1_814' title='bbox 3136 5291 3251 5362; x_wconf 78' lang='lat' dir='ltr'><strong>ﬁlia</strong></span> <span class='ocrx_word' id='word_1_815' title='bbox 3302 5309 3415 5345; x_wconf 84' lang='lat' dir='ltr'><strong>mea</strong></span> <span class='ocrx_word' id='word_1_816' title='bbox 3448 5310 3481 5347; x_wconf 88' lang='lat' dir='ltr'><strong>a</strong></span> 
     </span>
    </p>
   </div>
   <div class='ocr_carea' id='block_1_116' title="bbox 1913 5384 3478 5457">
    <p class='ocr_par' dir='ltr' id='par_1_116' title="bbox 1913 5384 3478 5457">
     <span class='ocr_line' id='line_1_116' title="bbox 1913 5384 3478 5457; baseline -0.01 -6"><span class='ocrx_word' id='word_1_817' title='bbox 1913 5396 2169 5451; x_wconf 68' lang='lat' dir='ltr'><strong>daemonio</strong></span> <span class='ocrx_word' id='word_1_818' title='bbox 2202 5392 2338 5445; x_wconf 90' lang='lat' dir='ltr'><strong>male</strong></span> <span class='ocrx_word' id='word_1_819' title='bbox 2383 5400 2620 5444; x_wconf 74' lang='lat' dir='ltr'><strong>vexatur.</strong></span> <span class='ocrx_word' id='word_1_820' title='bbox 2652 5390 2979 5457; x_wconf 86' lang='lat' dir='ltr'><strong>Quicunque</strong></span> <span class='ocrx_word' id='word_1_821' title='bbox 3025 5394 3279 5457; x_wconf 87' lang='lat' dir='ltr'><strong>parentes</strong></span> <span class='ocrx_word' id='word_1_822' title='bbox 3308 5384 3478 5437; x_wconf 78' lang='lat' dir='ltr'><strong>exsti-</strong></span> 
     </span>
    </p>
   </div>
   <div class='ocr_carea' id='block_1_117' title="bbox 1914 5482 3479 5556">
    <p class='ocr_par' dir='ltr' id='par_1_117' title="bbox 1914 5482 3479 5556">
     <span class='ocr_line' id='line_1_117' title="bbox 1914 5482 3479 5556; baseline -0.009 -14"><span class='ocrx_word' id='word_1_823' title='bbox 1914 5488 2087 5550; x_wconf 88' lang='lat' dir='ltr'><strong>tistis,</strong></span> <span class='ocrx_word' id='word_1_824' title='bbox 2116 5502 2270 5556; x_wconf 91' lang='lat' dir='ltr'><strong>opem</strong></span> <span class='ocrx_word' id='word_1_825' title='bbox 2309 5486 2446 5539; x_wconf 92' lang='lat' dir='ltr'><strong>meis</strong></span> <span class='ocrx_word' id='word_1_826' title='bbox 2478 5483 2825 5539; x_wconf 90' lang='lat' dir='ltr'><strong>sermonibus</strong></span> <span class='ocrx_word' id='word_1_827' title='bbox 2859 5482 3045 5535; x_wconf 82' lang='lat' dir='ltr'><strong>all&#39;erte</strong></span> <span class='ocrx_word' id='word_1_828' title='bbox 3082 5500 3094 5534; x_wconf 96' lang='lat'>:</span> <span class='ocrx_word' id='word_1_829' title='bbox 3134 5492 3479 5550; x_wconf 63' lang='lat' dir='ltr'><strong>quaecunque</strong></span> 
     </span>
    </p>
   </div>
   <div class='ocr_carea' id='block_1_118' title="bbox 1915 5572 3479 5644">
    <p class='ocr_par' dir='ltr' id='par_1_118' title="bbox 1915 5572 3479 5644">
     <span class='ocr_line' id='line_1_118' title="bbox 1915 5572 3479 5644; baseline -0.006 -11"><span class='ocrx_word' id='word_1_830' title='bbox 1915 5580 2042 5633; x_wconf 89' lang='lat' dir='ltr'><strong>item</strong></span> <span class='ocrx_word' id='word_1_831' title='bbox 2074 5585 2299 5631; x_wconf 87' lang='lat' dir='ltr'><strong>matres.</strong></span> <span class='ocrx_word' id='word_1_832' title='bbox 2327 5574 2516 5644; x_wconf 89' lang='lat' dir='ltr'><strong>Neque</strong></span> <span class='ocrx_word' id='word_1_833' title='bbox 2546 5579 2689 5629; x_wconf 89' lang='lat' dir='ltr'><strong>enim</strong></span> <span class='ocrx_word' id='word_1_834' title='bbox 2721 5575 2847 5628; x_wconf 90' lang='lat' dir='ltr'><strong>huic</strong></span> <span class='ocrx_word' id='word_1_835' title='bbox 2876 5572 3144 5642; x_wconf 66' lang='lat' dir='ltr'><strong>procellae,</strong></span> <span class='ocrx_word' id='word_1_836' title='bbox 3174 5586 3335 5641; x_wconf 86' lang='lat' dir='ltr'><strong>quam</strong></span> <span class='ocrx_word' id='word_1_837' title='bbox 3362 5587 3479 5624; x_wconf 85' lang='lat' dir='ltr'><strong>mu-</strong></span> 
     </span>
    </p>
   </div>
   <div class='ocr_carea' id='block_1_119' title="bbox 1916 5664 3478 5738">
    <p class='ocr_par' dir='ltr' id='par_1_119' title="bbox 1916 5664 3478 5738">
     <span class='ocr_line' id='line_1_119' title="bbox 1916 5664 3478 5738; baseline -0.006 -14"><span class='ocrx_word' id='word_1_838' title='bbox 1916 5671 2015 5724; x_wconf 87' lang='lat' dir='ltr'><strong>lier</strong></span> <span class='ocrx_word' id='word_1_839' title='bbox 2042 5683 2297 5738; x_wconf 83' lang='lat' dir='ltr'><strong>perpessa</strong></span> <span class='ocrx_word' id='word_1_840' title='bbox 2336 5676 2440 5733; x_wconf 91' lang='lat' dir='ltr'><strong>est,</strong></span> <span class='ocrx_word' id='word_1_841' title='bbox 2475 5668 2813 5737; x_wconf 75' lang='lat' dir='ltr'><strong>explicanda:</strong></span> <span class='ocrx_word' id='word_1_842' title='bbox 2848 5681 2944 5736; x_wconf 91' lang='lat' dir='ltr'><strong>par</strong></span> <span class='ocrx_word' id='word_1_843' title='bbox 2971 5680 3114 5719; x_wconf 88' lang='lat' dir='ltr'><strong>sum.</strong></span> <span class='ocrx_word' id='word_1_844' title='bbox 3143 5664 3304 5717; x_wconf 84' lang='lat' dir='ltr'><strong>Vides</strong></span> <span class='ocrx_word' id='word_1_845' title='bbox 3352 5678 3478 5732; x_wconf 81' lang='lat' dir='ltr'><strong>per-</strong></span> 
     </span>
    </p>
   </div>
   <div class='ocr_carea' id='block_1_120' title="bbox 1915 5754 3472 5827">
    <p class='ocr_par' dir='ltr' id='par_1_120' title="bbox 1915 5754 3472 5827">
     <span class='ocr_line' id='line_1_120' title="bbox 1915 5754 3472 5827; baseline -0.007 -11"><span class='ocrx_word' id='word_1_846' title='bbox 1915 5757 2318 5823; x_wconf 87' lang='lat' dir='ltr'><strong>severantiam,</strong></span> <span class='ocrx_word' id='word_1_847' title='bbox 2380 5757 2811 5827; x_wconf 85' lang='lat' dir='ltr'><strong>magnitudinem</strong></span> <span class='ocrx_word' id='word_1_848' title='bbox 2864 5756 3071 5817; x_wconf 89' lang='lat' dir='ltr'><strong>animi,</strong></span> <span class='ocrx_word' id='word_1_849' title='bbox 3133 5754 3472 5824; x_wconf 80' lang='lat' dir='ltr'><strong>patientiam.</strong></span> 
     </span>
    </p>
   </div>
   <div class='ocr_carea' id='block_1_121' title="bbox 1916 5843 3474 5917">
    <p class='ocr_par' dir='ltr' id='par_1_121' title="bbox 1916 5843 3474 5917">
     <span class='ocr_line' id='line_1_121' title="bbox 1916 5843 3474 5917; baseline -0.003 -12"><span class='ocrx_word' id='word_1_850' title='bbox 1916 5850 2019 5905; x_wconf 82' lang='lat' dir='ltr'><strong>Ille</strong></span> <span class='ocrx_word' id='word_1_851' title='bbox 2058 5860 2232 5905; x_wconf 85' lang='lat' dir='ltr'><strong>autem</strong></span> <span class='ocrx_word' id='word_1_852' title='bbox 2290 5865 2391 5904; x_wconf 82' lang='lat' dir='ltr'><strong>non</strong></span> <span class='ocrx_word' id='word_1_853' title='bbox 2434 5849 2699 5917; x_wconf 80' lang='lat' dir='ltr'><strong>respondit</strong></span> <span class='ocrx_word' id='word_1_854' title='bbox 2750 5850 2797 5903; x_wconf 84' lang='lat' dir='ltr'><strong>ei</strong></span> <span class='ocrx_word' id='word_1_855' title='bbox 2856 5846 3063 5902; x_wconf 68' lang='lat' dir='ltr'><strong>verbum</strong></span> <span class='ocrx_word' id='word_1_856' title='bbox 3124 5844 3302 5913; x_wconf 81' lang='lat' dir='ltr'><strong>(Ibid.</strong></span> <span class='ocrx_word' id='word_1_857' title='bbox 3348 5843 3474 5915; x_wconf 62' lang='lat'><strong>93).</strong></span> 
     </span>
    </p>
   </div>
  </div>
