  <div class='ocr_page' id='page_1' title='image "/cluster/home/n/w/nwhite01/storage/ocr_20150623/95/hvd.32044019208057/729.png"; bbox 0 0 3968 6410; ppageno 0'>
   <div class='ocr_carea' id='block_1_1' title="bbox 566 367 699 435">
    <p class='ocr_par' dir='ltr' id='par_1_1' title="bbox 566 367 699 435">
     <span class='ocr_line' id='line_1_1' title="bbox 566 367 699 435; baseline 0.015 -2"><span class='ocrx_word' id='word_1_1' title='bbox 566 369 589 433; x_wconf 87' lang='grc'>1</span> <span class='ocrx_word' id='word_1_2' title='bbox 608 367 699 435; x_wconf 66' lang='grc' dir='ltr'><strong>ΞΠ</strong></span> 
     </span>
    </p>
   </div>
   <div class='ocr_carea' id='block_1_2' title="bbox 1744 370 2625 435">
    <p class='ocr_par' dir='ltr' id='par_1_2' title="bbox 1744 370 2625 435">
     <span class='ocr_line' id='line_1_2' title="bbox 1744 370 2625 435; baseline -0.003 -1"><span class='ocrx_word' id='word_1_3' title='bbox 1744 375 1805 435; x_wconf 93' lang='lat' dir='ltr'><strong>S.</strong></span> <span class='ocrx_word' id='word_1_4' title='bbox 1840 372 2162 435; x_wconf 84' lang='lat' dir='ltr'><strong>JOANNIS</strong></span> <span class='ocrx_word' id='word_1_5' title='bbox 2192 370 2625 435; x_wconf 85' lang='lat' dir='ltr'><strong>DAMASCENI</strong></span> 
     </span>
    </p>
   </div>
   <div class='ocr_carea' id='block_1_3' title="bbox 3677 366 3799 430">
    <p class='ocr_par' dir='ltr' id='par_1_3' title="bbox 3677 366 3799 430">
     <span class='ocr_line' id='line_1_3' title="bbox 3677 366 3799 430; baseline 0 0"><span class='ocrx_word' id='word_1_6' title='bbox 3677 366 3799 430; x_wconf 67' lang='lat' dir='ltr'><strong>Hi8</strong></span> 
     </span>
    </p>
   </div>
   <div class='ocr_carea' id='block_1_4' title="bbox 551 478 2133 557">
    <p class='ocr_par' dir='ltr' id='par_1_4' title="bbox 551 484 2131 557">
     <span class='ocr_line' id='line_1_4' title="bbox 551 484 2131 557; baseline -0.002 -18"><span class='ocrx_word' id='word_1_7' title='bbox 551 484 599 539; x_wconf 89' lang='grc'>0</span> <span class='ocrx_word' id='word_1_8' title='bbox 630 500 742 539; x_wconf 88' lang='lat' dir='ltr'><strong>rem</strong></span> <span class='ocrx_word' id='word_1_9' title='bbox 787 486 1012 540; x_wconf 84' lang='lat' dir='ltr'><strong>novaml</strong></span> <span class='ocrx_word' id='word_1_10' title='bbox 1050 484 1226 557; x_wconf 77' lang='lat' dir='ltr'><strong>Rogat</strong></span> <span class='ocrx_word' id='word_1_11' title='bbox 1272 485 1385 547; x_wconf 87' lang='lat' dir='ltr'><strong>illa,</strong></span> <span class='ocrx_word' id='word_1_12' title='bbox 1422 485 1719 551; x_wconf 90' lang='lat' dir='ltr'><strong>obsecrat,</strong></span> <span class='ocrx_word' id='word_1_13' title='bbox 1759 486 2131 540; x_wconf 75' lang='lat' dir='ltr'><strong>calamitatem</strong></span> 
     </span>
    </p>
   </div>
   <div class='ocr_carea' id='block_1_5' title="bbox 2234 478 3802 557">
    <p class='ocr_par' dir='ltr' id='par_1_5' title="bbox 2235 478 3802 551">
     <span class='ocr_line' id='line_1_5' title="bbox 2235 478 3802 551; baseline -0.004 -15"><span class='ocrx_word' id='word_1_14' title='bbox 2235 485 2299 536; x_wconf 90' lang='grc' dir='ltr'>Τί</span> <span class='ocrx_word' id='word_1_15' title='bbox 2332 479 2456 549; x_wconf 84' lang='grc' dir='ltr'>οὖν;</span> <span class='ocrx_word' id='word_1_16' title='bbox 2490 482 2679 551; x_wconf 77' lang='grc' dir='ltr'>ἐπειδὴ</span> <span class='ocrx_word' id='word_1_17' title='bbox 2718 481 2821 534; x_wconf 84' lang='grc' dir='ltr'>οὐκ</span> <span class='ocrx_word' id='word_1_18' title='bbox 2867 479 3159 549; x_wconf 82' lang='grc' dir='ltr'>Ἑπέτυχεν</span> <span class='ocrx_word' id='word_1_19' title='bbox 3204 478 3599 549; x_wconf 76' lang='grc' dir='ltr'>ἀποκρίσεως,</span> <span class='ocrx_word' id='word_1_20' title='bbox 3632 493 3802 546; x_wconf 76' lang='grc' dir='ltr'>προσ-</span> 
     </span>
    </p>
   </div>
   <div class='ocr_carea' id='block_1_6' title="bbox 554 573 2127 647">
    <p class='ocr_par' dir='ltr' id='par_1_6' title="bbox 554 573 2127 647">
     <span class='ocr_line' id='line_1_6' title="bbox 554 573 2127 647; baseline 0.001 -19"><span class='ocrx_word' id='word_1_21' title='bbox 554 587 711 628; x_wconf 90' lang='lat' dir='ltr'><strong>suam</strong></span> <span class='ocrx_word' id='word_1_22' title='bbox 763 573 1045 643; x_wconf 90' lang='lat' dir='ltr'><strong>deplorat,</strong></span> <span class='ocrx_word' id='word_1_23' title='bbox 1103 576 1426 646; x_wconf 78' lang='lat' dir='ltr'><strong>tragmdiam</strong></span> <span class='ocrx_word' id='word_1_24' title='bbox 1481 584 1814 647; x_wconf 79' lang='lat' dir='ltr'><strong>exaggerat,</strong></span> <span class='ocrx_word' id='word_1_25' title='bbox 1871 576 2127 630; x_wconf 87' lang='lat' dir='ltr'><strong>morbum</strong></span> 
     </span>
    </p>
   </div>
   <div class='ocr_carea' id='block_1_7' title="bbox 552 666 2132 734">
    <p class='ocr_par' dir='ltr' id='par_1_7' title="bbox 552 666 2132 734">
     <span class='ocr_line' id='line_1_7' title="bbox 552 666 2132 734; baseline 0.004 -16"><span class='ocrx_word' id='word_1_26' title='bbox 552 666 846 730; x_wconf 83' lang='lat' dir='ltr'><strong>edisserit;</strong></span> <span class='ocrx_word' id='word_1_27' title='bbox 885 677 939 722; x_wconf 86' lang='lat' dir='ltr'><strong>et</strong></span> <span class='ocrx_word' id='word_1_28' title='bbox 971 668 1206 723; x_wconf 84' lang='lat' dir='ltr'><strong>Verbum</strong></span> <span class='ocrx_word' id='word_1_29' title='bbox 1239 677 1405 733; x_wconf 88' lang='lat' dir='ltr'><strong>tacet,</strong></span> <span class='ocrx_word' id='word_1_30' title='bbox 1442 668 1567 724; x_wconf 89' lang='lat' dir='ltr'><strong>fons</strong></span> <span class='ocrx_word' id='word_1_31' title='bbox 1601 667 1956 734; x_wconf 88' lang='lat' dir='ltr'><strong>oceluditur;</strong></span> <span class='ocrx_word' id='word_1_32' title='bbox 2018 684 2132 724; x_wconf 87' lang='lat' dir='ltr'><strong>me-</strong></span> 
     </span>
    </p>
   </div>
   <div class='ocr_carea' id='block_1_8' title="bbox 551 759 2132 828">
    <p class='ocr_par' dir='ltr' id='par_1_8' title="bbox 551 759 2132 828">
     <span class='ocr_line' id='line_1_8' title="bbox 551 759 2132 828; baseline 0.002 -17"><span class='ocrx_word' id='word_1_33' title='bbox 551 759 717 812; x_wconf 87' lang='lat' dir='ltr'><strong>dicus</strong></span> <span class='ocrx_word' id='word_1_34' title='bbox 743 759 1040 828; x_wconf 82' lang='lat' dir='ltr'><strong>pharmaca</strong></span> <span class='ocrx_word' id='word_1_35' title='bbox 1089 776 1186 816; x_wconf 86' lang='lat' dir='ltr'><strong>sua</strong></span> <span class='ocrx_word' id='word_1_36' title='bbox 1222 760 1521 814; x_wconf 90' lang='lat' dir='ltr'><strong>contrahit.</strong></span> <span class='ocrx_word' id='word_1_37' title='bbox 1553 761 1696 826; x_wconf 79' lang='lat' dir='ltr'><strong>Quid</strong></span> <span class='ocrx_word' id='word_1_38' title='bbox 1730 760 1837 814; x_wconf 87' lang='lat' dir='ltr'><strong>sibi</strong></span> <span class='ocrx_word' id='word_1_39' title='bbox 1875 761 1990 814; x_wconf 83' lang='lat' dir='ltr'><strong>vult</strong></span> <span class='ocrx_word' id='word_1_40' title='bbox 2014 761 2132 815; x_wconf 84' lang='lat' dir='ltr'><strong>haec</strong></span> 
     </span>
    </p>
   </div>
   <div class='ocr_carea' id='block_1_9' title="bbox 556 832 2132 921">
    <p class='ocr_par' dir='ltr' id='par_1_9' title="bbox 556 832 2132 921">
     <span class='ocr_line' id='line_1_9' title="bbox 556 832 2132 921; baseline 0.004 -20"><span class='ocrx_word' id='word_1_41' title='bbox 556 832 698 904; x_wconf 70' lang='lat' dir='ltr'><strong>nova</strong></span> <span class='ocrx_word' id='word_1_42' title='bbox 743 868 853 916; x_wconf 88' lang='lat' dir='ltr'><strong>res,</strong></span> <span class='ocrx_word' id='word_1_43' title='bbox 896 863 1060 921; x_wconf 87' lang='lat' dir='ltr'><strong>atque</strong></span> <span class='ocrx_word' id='word_1_44' title='bbox 1118 854 1186 907; x_wconf 91' lang='lat' dir='ltr'><strong>ab</strong></span> <span class='ocrx_word' id='word_1_45' title='bbox 1244 853 1488 906; x_wconf 90' lang='lat' dir='ltr'><strong>humano</strong></span> <span class='ocrx_word' id='word_1_46' title='bbox 1547 868 1713 909; x_wconf 87' lang='lat' dir='ltr'><strong>sensu</strong></span> <span class='ocrx_word' id='word_1_47' title='bbox 1776 853 1996 907; x_wconf 87' lang='lat' dir='ltr'><strong>aliena?</strong></span> <span class='ocrx_word' id='word_1_48' title='bbox 2049 852 2132 907; x_wconf 87' lang='lat' dir='ltr'><strong>Ad</strong></span> 
     </span>
    </p>
   </div>
   <div class='ocr_carea' id='block_1_10' title="bbox 556 944 2134 1015">
    <p class='ocr_par' dir='ltr' id='par_1_10' title="bbox 556 944 2134 1015">
     <span class='ocr_line' id='line_1_10' title="bbox 556 944 2134 1015; baseline 0.003 -19"><span class='ocrx_word' id='word_1_49' title='bbox 556 944 695 998; x_wconf 91' lang='lat' dir='ltr'><strong>alios</strong></span> <span class='ocrx_word' id='word_1_50' title='bbox 726 946 1001 1008; x_wconf 88' lang='lat' dir='ltr'><strong>accurris,</strong></span> <span class='ocrx_word' id='word_1_51' title='bbox 1061 946 1313 1015; x_wconf 86' lang='lat' dir='ltr'><strong>hancque</strong></span> <span class='ocrx_word' id='word_1_52' title='bbox 1368 955 1744 1000; x_wconf 90' lang='lat' dir='ltr'><strong>accurrentem</strong></span> <span class='ocrx_word' id='word_1_53' title='bbox 1796 945 2134 1000; x_wconf 82' lang='lat' dir='ltr'><strong>submoves?</strong></span> 
     </span>
    </p>
   </div>
   <div class='ocr_carea' id='block_1_11' title="bbox 558 1030 2133 1104">
    <p class='ocr_par' dir='ltr' id='par_1_11' title="bbox 558 1030 2133 1104">
     <span class='ocr_line' id='line_1_11' title="bbox 558 1030 2133 1104; baseline 0.003 -19"><span class='ocrx_word' id='word_1_54' title='bbox 558 1030 762 1087; x_wconf 78' lang='lat' dir='ltr'><strong>Verum</strong></span> <span class='ocrx_word' id='word_1_55' title='bbox 806 1034 1001 1088; x_wconf 85' lang='lat' dir='ltr'><strong>medici</strong></span> <span class='ocrx_word' id='word_1_56' title='bbox 1055 1036 1383 1104; x_wconf 85' lang='lat' dir='ltr'><strong>sapientiam</strong></span> <span class='ocrx_word' id='word_1_57' title='bbox 1442 1034 1757 1089; x_wconf 91' lang='lat' dir='ltr'><strong>considera.</strong></span> <span class='ocrx_word' id='word_1_58' title='bbox 1802 1032 1904 1087; x_wconf 88' lang='lat' dir='ltr'><strong>Ille</strong></span> <span class='ocrx_word' id='word_1_59' title='bbox 1957 1045 2133 1089; x_wconf 85' lang='lat' dir='ltr'><strong>autem</strong></span> 
     </span>
    </p>
   </div>
   <div class='ocr_carea' id='block_1_12' title="bbox 560 1125 2133 1196">
    <p class='ocr_par' dir='ltr' id='par_1_12' title="bbox 560 1125 2133 1196">
     <span class='ocr_line' id='line_1_12' title="bbox 560 1125 2133 1196; baseline 0.001 -18"><span class='ocrx_word' id='word_1_60' title='bbox 560 1140 661 1178; x_wconf 87' lang='lat' dir='ltr'><strong>non</strong></span> <span class='ocrx_word' id='word_1_61' title='bbox 694 1126 961 1196; x_wconf 75' lang='lat' dir='ltr'><strong>respondit</strong></span> <span class='ocrx_word' id='word_1_62' title='bbox 979 1128 1026 1180; x_wconf 88' lang='lat' dir='ltr'><strong>ei</strong></span> <span class='ocrx_word' id='word_1_63' title='bbox 1050 1126 1280 1181; x_wconf 83' lang='lat' dir='ltr'><strong>verbum.</strong></span> <span class='ocrx_word' id='word_1_64' title='bbox 1304 1126 1445 1193; x_wconf 85' lang='lat' dir='ltr'><strong>Quid</strong></span> <span class='ocrx_word' id='word_1_65' title='bbox 1470 1126 1671 1196; x_wconf 82' lang='lat' dir='ltr'><strong>igitur?</strong></span> <span class='ocrx_word' id='word_1_66' title='bbox 1688 1125 2133 1195; x_wconf 87' lang='lat' dir='ltr'><strong>quandoquidem</strong></span> 
     </span>
    </p>
   </div>
   <div class='ocr_carea' id='block_1_13' title="bbox 564 1217 2133 1289">
    <p class='ocr_par' dir='ltr' id='par_1_13' title="bbox 564 1217 2133 1289">
     <span class='ocr_line' id='line_1_13' title="bbox 564 1217 2133 1289; baseline 0.001 -20"><span class='ocrx_word' id='word_1_67' title='bbox 564 1231 894 1285; x_wconf 84' lang='lat' dir='ltr'><strong>responsum</strong></span> <span class='ocrx_word' id='word_1_68' title='bbox 937 1234 997 1272; x_wconf 88' lang='lat' dir='ltr'><strong>ea</strong></span> <span class='ocrx_word' id='word_1_69' title='bbox 1056 1234 1166 1272; x_wconf 92' lang='lat' dir='ltr'><strong>non</strong></span> <span class='ocrx_word' id='word_1_70' title='bbox 1200 1219 1543 1289; x_wconf 83' lang='lat' dir='ltr'><strong>impetravit,</strong></span> <span class='ocrx_word' id='word_1_71' title='bbox 1574 1220 1831 1272; x_wconf 81' lang='lat' dir='ltr'><strong>accedunt</strong></span> <span class='ocrx_word' id='word_1_72' title='bbox 1860 1217 2133 1287; x_wconf 77' lang='lat' dir='ltr'><strong>discipuli,</strong></span> 
     </span>
    </p>
   </div>
   <div class='ocr_carea' id='block_1_14' title="bbox 556 1310 2133 1382">
    <p class='ocr_par' dir='ltr' id='par_1_14' title="bbox 556 1310 2133 1382">
     <span class='ocr_line' id='line_1_14' title="bbox 556 1310 2133 1382; baseline 0.001 -17"><span class='ocrx_word' id='word_1_73' title='bbox 556 1320 610 1365; x_wconf 88' lang='lat' dir='ltr'><strong>et</strong></span> <span class='ocrx_word' id='word_1_74' title='bbox 635 1310 815 1363; x_wconf 86' lang='lat' dir='ltr'><strong>dicunt</strong></span> <span class='ocrx_word' id='word_1_75' title='bbox 852 1310 935 1364; x_wconf 87' lang='lat' dir='ltr'><strong>illi</strong></span> <span class='ocrx_word' id='word_1_76' title='bbox 970 1327 988 1365; x_wconf 90' lang='lat'><strong><em>:</em></strong></span> <span class='ocrx_word' id='word_1_77' title='bbox 1021 1310 1243 1366; x_wconf 80' lang='lat' dir='ltr'><strong>Dimitte</strong></span> <span class='ocrx_word' id='word_1_78' title='bbox 1279 1328 1433 1375; x_wconf 89' lang='lat' dir='ltr'><strong>eam,</strong></span> <span class='ocrx_word' id='word_1_79' title='bbox 1476 1314 1603 1382; x_wconf 85' lang='lat' dir='ltr'><strong>quia</strong></span> <span class='ocrx_word' id='word_1_80' title='bbox 1650 1311 1849 1366; x_wconf 86' lang='lat' dir='ltr'><strong>clamat</strong></span> <span class='ocrx_word' id='word_1_81' title='bbox 1891 1323 2009 1381; x_wconf 84' lang='lat' dir='ltr'><strong>post</strong></span> <span class='ocrx_word' id='word_1_82' title='bbox 2041 1328 2133 1367; x_wconf 88' lang='lat' dir='ltr'><strong>nos</strong></span> 
     </span>
    </p>
   </div>
   <div class='ocr_carea' id='block_1_15' title="bbox 562 1401 2133 1474">
    <p class='ocr_par' dir='ltr' id='par_1_15' title="bbox 562 1401 2133 1474">
     <span class='ocr_line' id='line_1_15' title="bbox 562 1401 2133 1474; baseline 0.003 -20"><span class='ocrx_word' id='word_1_83' title='bbox 562 1401 779 1472; x_wconf 76' lang='lat' dir='ltr'><strong>(Matth.</strong></span> <span class='ocrx_word' id='word_1_84' title='bbox 813 1419 914 1468; x_wconf 88' lang='lat' dir='ltr'><strong>xv,</strong></span> <span class='ocrx_word' id='word_1_85' title='bbox 947 1402 1059 1473; x_wconf 77' lang='lat'><strong>25).</strong></span> <span class='ocrx_word' id='word_1_86' title='bbox 1100 1402 1180 1459; x_wconf 81' lang='lat' dir='ltr'><strong>Tu</strong></span> <span class='ocrx_word' id='word_1_87' title='bbox 1208 1413 1495 1459; x_wconf 82' lang='lat' dir='ltr'><strong>externum</strong></span> <span class='ocrx_word' id='word_1_88' title='bbox 1547 1405 1843 1458; x_wconf 89' lang='lat' dir='ltr'><strong>clamorem</strong></span> <span class='ocrx_word' id='word_1_89' title='bbox 1896 1413 2133 1474; x_wconf 84' lang='lat' dir='ltr'><strong>spectas,</strong></span> 
     </span>
    </p>
   </div>
   <div class='ocr_carea' id='block_1_16' title="bbox 560 1496 2138 1567">
    <p class='ocr_par' dir='ltr' id='par_1_16' title="bbox 560 1496 2138 1567">
     <span class='ocr_line' id='line_1_16' title="bbox 560 1496 2138 1567; baseline 0.001 -19"><span class='ocrx_word' id='word_1_90' title='bbox 560 1504 673 1563; x_wconf 69' lang='lat' dir='ltr'><strong>ego;</strong></span> <span class='ocrx_word' id='word_1_91' title='bbox 699 1506 878 1549; x_wconf 89' lang='lat' dir='ltr'><strong>autem</strong></span> <span class='ocrx_word' id='word_1_92' title='bbox 935 1498 1234 1553; x_wconf 88' lang='lat' dir='ltr'><strong>internum.</strong></span> <span class='ocrx_word' id='word_1_93' title='bbox 1265 1497 1462 1567; x_wconf 85' lang='lat' dir='ltr'><strong>Magna</strong></span> <span class='ocrx_word' id='word_1_94' title='bbox 1511 1513 1614 1551; x_wconf 88' lang='lat' dir='ltr'><strong>vox</strong></span> <span class='ocrx_word' id='word_1_95' title='bbox 1646 1498 1762 1551; x_wconf 90' lang='lat' dir='ltr'><strong>oris</strong></span> <span class='ocrx_word' id='word_1_96' title='bbox 1804 1514 1818 1551; x_wconf 89' lang='lat'><strong>:</strong></span> <span class='ocrx_word' id='word_1_97' title='bbox 1871 1506 1925 1551; x_wconf 87' lang='lat' dir='ltr'><strong>at</strong></span> <span class='ocrx_word' id='word_1_98' title='bbox 1963 1496 2138 1566; x_wconf 87' lang='lat' dir='ltr'><strong>major</strong></span> 
     </span>
    </p>
   </div>
   <div class='ocr_carea' id='block_1_17' title="bbox 561 1588 2135 1659">
    <p class='ocr_par' dir='ltr' id='par_1_17' title="bbox 561 1588 2135 1659">
     <span class='ocr_line' id='line_1_17' title="bbox 561 1588 2135 1659; baseline 0.003 -18"><span class='ocrx_word' id='word_1_99' title='bbox 561 1596 645 1641; x_wconf 85' lang='lat' dir='ltr'><strong>est</strong></span> <span class='ocrx_word' id='word_1_100' title='bbox 672 1588 864 1641; x_wconf 88' lang='lat' dir='ltr'><strong>animi.</strong></span> <span class='ocrx_word' id='word_1_101' title='bbox 899 1588 1118 1643; x_wconf 79' lang='lat' dir='ltr'><strong>Dimitte</strong></span> <span class='ocrx_word' id='word_1_102' title='bbox 1148 1606 1286 1655; x_wconf 90' lang='lat' dir='ltr'><strong>eam,</strong></span> <span class='ocrx_word' id='word_1_103' title='bbox 1318 1591 1443 1659; x_wconf 86' lang='lat' dir='ltr'><strong>quia</strong></span> <span class='ocrx_word' id='word_1_104' title='bbox 1472 1591 1668 1642; x_wconf 88' lang='lat' dir='ltr'><strong>clamat</strong></span> <span class='ocrx_word' id='word_1_105' title='bbox 1692 1599 1808 1657; x_wconf 89' lang='lat' dir='ltr'><strong>post</strong></span> <span class='ocrx_word' id='word_1_106' title='bbox 1835 1606 1951 1643; x_wconf 87' lang='lat' dir='ltr'><strong>nos.</strong></span> <span class='ocrx_word' id='word_1_107' title='bbox 1980 1591 2135 1645; x_wconf 86' lang='lat' dir='ltr'><strong>Alius</strong></span> 
     </span>
    </p>
   </div>
   <div class='ocr_carea' id='block_1_18' title="bbox 559 1680 2132 1751">
    <p class='ocr_par' dir='ltr' id='par_1_18' title="bbox 559 1680 2132 1751">
     <span class='ocr_line' id='line_1_18' title="bbox 559 1680 2132 1751; baseline 0.001 -19"><span class='ocrx_word' id='word_1_108' title='bbox 559 1680 894 1747; x_wconf 80' lang='lat' dir='ltr'><strong>evangelista</strong></span> <span class='ocrx_word' id='word_1_109' title='bbox 918 1680 1072 1746; x_wconf 87' lang='lat' dir='ltr'><strong>dicit,</strong></span> <span class='ocrx_word' id='word_1_110' title='bbox 1103 1695 1225 1735; x_wconf 86' lang='lat' dir='ltr'><strong>ante</strong></span> <span class='ocrx_word' id='word_1_111' title='bbox 1254 1698 1368 1735; x_wconf 89' lang='lat' dir='ltr'><strong>nos.</strong></span> <span class='ocrx_word' id='word_1_112' title='bbox 1404 1681 1654 1751; x_wconf 78' lang='lat' dir='ltr'><strong>Pugnant</strong></span> <span class='ocrx_word' id='word_1_113' title='bbox 1688 1682 1802 1735; x_wconf 60' lang='lat' dir='ltr'><strong>haec</strong></span> <span class='ocrx_word' id='word_1_114' title='bbox 1834 1681 2003 1744; x_wconf 86' lang='lat' dir='ltr'><strong>dicta,</strong></span> <span class='ocrx_word' id='word_1_115' title='bbox 2039 1681 2132 1736; x_wconf 88' lang='lat' dir='ltr'><strong>sed</strong></span> 
     </span>
    </p>
   </div>
   <div class='ocr_carea' id='block_1_19' title="bbox 563 1767 2132 1839">
    <p class='ocr_par' dir='ltr' id='par_1_19' title="bbox 563 1767 2132 1839">
     <span class='ocr_line' id='line_1_19' title="bbox 563 1767 2132 1839; baseline 0.002 -19"><span class='ocrx_word' id='word_1_116' title='bbox 563 1776 745 1821; x_wconf 89' lang='lat' dir='ltr'><strong>tamen</strong></span> <span class='ocrx_word' id='word_1_117' title='bbox 781 1767 916 1822; x_wconf 86' lang='lat' dir='ltr'><strong>falsa</strong></span> <span class='ocrx_word' id='word_1_118' title='bbox 938 1784 1044 1823; x_wconf 87' lang='lat' dir='ltr'><strong>non</strong></span> <span class='ocrx_word' id='word_1_119' title='bbox 1073 1778 1225 1824; x_wconf 90' lang='lat' dir='ltr'><strong>sunt.</strong></span> <span class='ocrx_word' id='word_1_120' title='bbox 1256 1769 1562 1839; x_wconf 87' lang='lat' dir='ltr'><strong>Utrumque</strong></span> <span class='ocrx_word' id='word_1_121' title='bbox 1591 1770 1735 1825; x_wconf 87' lang='lat' dir='ltr'><strong>enim</strong></span> <span class='ocrx_word' id='word_1_122' title='bbox 1768 1770 1857 1822; x_wconf 89' lang='lat' dir='ltr'><strong>illa</strong></span> <span class='ocrx_word' id='word_1_123' title='bbox 1883 1769 2132 1825; x_wconf 83' lang='lat' dir='ltr'><strong>faciebat.</strong></span> 
     </span>
    </p>
   </div>
   <div class='ocr_carea' id='block_1_20' title="bbox 2230 567 3810 645">
    <p class='ocr_par' dir='ltr' id='par_1_20' title="bbox 2230 567 3810 645">
     <span class='ocr_line' id='line_1_20' title="bbox 2230 567 3810 645; baseline -0.007 -13"><span class='ocrx_word' id='word_1_124' title='bbox 2230 580 2508 643; x_wconf 79' lang='grc' dir='ltr'>ελθόντες</span> <span class='ocrx_word' id='word_1_125' title='bbox 2536 579 2589 629; x_wconf 81' lang='lat' dir='ltr'><strong>oi</strong></span> <span class='ocrx_word' id='word_1_126' title='bbox 2612 573 2871 645; x_wconf 79' lang='grc' dir='ltr'>μαθηταὶ</span> <span class='ocrx_word' id='word_1_127' title='bbox 2901 570 3424 641; x_wconf 77' lang='grc' dir='ltr'>αὑτοῦ,μέγουσιν</span> <span class='ocrx_word' id='word_1_128' title='bbox 3446 567 3637 633; x_wconf 79' lang='grc' dir='ltr'>αὐτῷ,</span> <span class='ocrx_word' id='word_1_129' title='bbox 3656 569 3810 622; x_wconf 67' lang='grc' dir='ltr'>Ἀπο-</span> 
     </span>
    </p>
   </div>
   <div class='ocr_carea' id='block_1_21' title="bbox 2230 662 3811 735">
    <p class='ocr_par' dir='ltr' id='par_1_21' title="bbox 2230 662 3811 735">
     <span class='ocr_line' id='line_1_21' title="bbox 2230 662 3811 735; baseline -0.007 -11"><span class='ocrx_word' id='word_1_130' title='bbox 2230 673 2431 724; x_wconf 83' lang='grc' dir='ltr'>λυσον</span> <span class='ocrx_word' id='word_1_131' title='bbox 2475 667 2693 735; x_wconf 84' lang='grc' dir='ltr'>αὐτὴν,</span> <span class='ocrx_word' id='word_1_132' title='bbox 2724 667 2814 720; x_wconf 81' lang='grc' dir='ltr'>ὅτι</span> <span class='ocrx_word' id='word_1_133' title='bbox 2842 665 3037 733; x_wconf 80' lang='grc' dir='ltr'><strong>κράζει</strong></span> <span class='ocrx_word' id='word_1_134' title='bbox 3086 664 3344 720; x_wconf 77' lang='grc' dir='ltr'>ὄπισθεν</span> <span class='ocrx_word' id='word_1_135' title='bbox 3374 662 3581 733; x_wconf 74' lang='grc' dir='ltr'><strong>ἡμῶν.</strong></span> <span class='ocrx_word' id='word_1_136' title='bbox 3636 662 3811 724; x_wconf 60' lang='lat' dir='ltr'><strong>&#39;Ane;</strong></span> 
     </span>
    </p>
   </div>
   <div class='ocr_carea' id='block_1_22' title="bbox 2232 756 3814 833">
    <p class='ocr_par' dir='ltr' id='par_1_22' title="bbox 2232 756 3814 833">
     <span class='ocr_line' id='line_1_22' title="bbox 2232 756 3814 833; baseline -0.007 -16"><span class='ocrx_word' id='word_1_137' title='bbox 2232 762 2629 833; x_wconf 83' lang='grc' dir='ltr'>εὐαγγελιστὴς</span> <span class='ocrx_word' id='word_1_138' title='bbox 2662 761 2837 829; x_wconf 81' lang='grc' dir='ltr'><strong>λέγει,</strong></span> <span class='ocrx_word' id='word_1_139' title='bbox 2857 760 3203 829; x_wconf 76' lang='grc' dir='ltr'>ἔμπροσθεν</span> <span class='ocrx_word' id='word_1_140' title='bbox 3231 757 3428 826; x_wconf 74' lang='grc' dir='ltr'><strong>ἡμῶν.</strong></span> <span class='ocrx_word' id='word_1_141' title='bbox 3476 756 3737 809; x_wconf 77' lang='grc' dir='ltr'>Ἐναντία</span> <span class='ocrx_word' id='word_1_142' title='bbox 3760 758 3814 806; x_wconf 68' lang='grc' dir='ltr'>τὰ</span> 
     </span>
    </p>
   </div>
   <div class='ocr_carea' id='block_1_23' title="bbox 2233 849 3814 928">
    <p class='ocr_par' dir='ltr' id='par_1_23' title="bbox 2233 849 3814 928">
     <span class='ocr_line' id='line_1_23' title="bbox 2233 849 3814 928; baseline -0.008 -17"><span class='ocrx_word' id='word_1_143' title='bbox 2233 856 2525 928; x_wconf 81' lang='grc' dir='ltr'><strong>εἰρημένα,</strong></span> <span class='ocrx_word' id='word_1_144' title='bbox 2566 855 2705 909; x_wconf 79' lang='grc' dir='ltr'>ἀλλὰ</span> <span class='ocrx_word' id='word_1_145' title='bbox 2761 855 2822 908; x_wconf 86' lang='grc' dir='ltr'>οὐ</span> <span class='ocrx_word' id='word_1_146' title='bbox 2868 854 3063 924; x_wconf 77' lang='grc' dir='ltr'>ψευδῆ.</span> <span class='ocrx_word' id='word_1_147' title='bbox 3105 853 3425 923; x_wconf 71' lang='grc' dir='ltr'>’Δμφότερα</span> <span class='ocrx_word' id='word_1_148' title='bbox 3462 850 3585 920; x_wconf 82' lang='grc' dir='ltr'>γὰρ</span> <span class='ocrx_word' id='word_1_149' title='bbox 3637 849 3814 902; x_wconf 73' lang='grc' dir='ltr'>ἐποίει.</span> 
     </span>
    </p>
   </div>
   <div class='ocr_carea' id='block_1_24' title="bbox 2235 942 3816 1022">
    <p class='ocr_par' dir='ltr' id='par_1_24' title="bbox 2235 942 3816 1022">
     <span class='ocr_line' id='line_1_24' title="bbox 2235 942 3816 1022; baseline -0.008 -18"><span class='ocrx_word' id='word_1_150' title='bbox 2235 951 2349 1022; x_wconf 86' lang='grc' dir='ltr'><strong>Πρὸ</strong></span> <span class='ocrx_word' id='word_1_151' title='bbox 2394 950 2592 1003; x_wconf 87' lang='grc' dir='ltr'>τούτου</span> <span class='ocrx_word' id='word_1_152' title='bbox 2630 949 2857 1002; x_wconf 78' lang='grc' dir='ltr'>ὄπισθεν</span> <span class='ocrx_word' id='word_1_153' title='bbox 2889 946 3143 1018; x_wconf 68' lang='grc' dir='ltr'>ἔκραζεν.</span> <span class='ocrx_word' id='word_1_154' title='bbox 3191 946 3322 999; x_wconf 80' lang='grc' dir='ltr'><strong>Ὅτε</strong></span> <span class='ocrx_word' id='word_1_155' title='bbox 3370 946 3482 998; x_wconf 79' lang='grc' dir='ltr'>οὐκ</span> <span class='ocrx_word' id='word_1_156' title='bbox 3526 942 3816 1012; x_wconf 74' lang='grc' dir='ltr'>ἁπεκρξθη,</span> 
     </span>
    </p>
   </div>
   <div class='ocr_carea' id='block_1_25' title="bbox 2234 1038 3817 1115">
    <p class='ocr_par' dir='ltr' id='par_1_25' title="bbox 2234 1038 3817 1115">
     <span class='ocr_line' id='line_1_25' title="bbox 2234 1038 3817 1115; baseline -0.006 -18"><span class='ocrx_word' id='word_1_157' title='bbox 2234 1044 2547 1115; x_wconf 81' lang='grc' dir='ltr'>ἔμπροσθεν</span> <span class='ocrx_word' id='word_1_158' title='bbox 2596 1038 2784 1113; x_wconf 79' lang='grc' dir='ltr'>ἦλθεν,</span> <span class='ocrx_word' id='word_1_159' title='bbox 2831 1043 3086 1111; x_wconf 81' lang='grc' dir='ltr'>καθάπερ</span> <span class='ocrx_word' id='word_1_160' title='bbox 3123 1039 3271 1093; x_wconf 82' lang='grc' dir='ltr'>κύων</span> <span class='ocrx_word' id='word_1_161' title='bbox 3322 1038 3673 1107; x_wconf 83' lang='grc' dir='ltr'>περιλείχων</span> <span class='ocrx_word' id='word_1_162' title='bbox 3713 1038 3817 1097; x_wconf 63' lang='grc' dir='ltr'>τοὺς</span> 
     </span>
    </p>
   </div>
   <div class='ocr_carea' id='block_1_26' title="bbox 2236 1127 3817 1196">
    <p class='ocr_par' dir='ltr' id='par_1_26' title="bbox 2236 1127 3817 1196">
     <span class='ocr_line' id='line_1_26' title="bbox 2236 1127 3817 1196; baseline -0.006 -9"><span class='ocrx_word' id='word_1_163' title='bbox 2236 1134 2405 1196; x_wconf 82' lang='grc' dir='ltr'><strong>πόδας</strong></span> <span class='ocrx_word' id='word_1_164' title='bbox 2447 1131 2543 1186; x_wconf 84' lang='grc' dir='ltr'>τοῦ</span> <span class='ocrx_word' id='word_1_165' title='bbox 2591 1130 2875 1184; x_wconf 85' lang='grc' dir='ltr'>δεσπότου.</span> <span class='ocrx_word' id='word_1_166' title='bbox 2923 1130 3259 1183; x_wconf 76' lang='grc' dir='ltr'><strong>Ἀπόλυσον</strong></span> <span class='ocrx_word' id='word_1_167' title='bbox 3312 1127 3545 1193; x_wconf 73' lang='grc' dir='ltr'>αὐτὴν.</span> <span class='ocrx_word' id='word_1_168' title='bbox 3591 1127 3817 1195; x_wconf 77' lang='grc' dir='ltr'>Θέατρσν</span> 
     </span>
    </p>
   </div>
   <div class='ocr_carea' id='block_1_27' title="bbox 2236 1218 3815 1297">
    <p class='ocr_par' dir='ltr' id='par_1_27' title="bbox 2236 1218 3815 1297">
     <span class='ocr_line' id='line_1_27' title="bbox 2236 1218 3815 1297; baseline -0.005 -18"><span class='ocrx_word' id='word_1_169' title='bbox 2236 1225 2608 1297; x_wconf 84' lang='grc' dir='ltr'>περιέσεισεν,</span> <span class='ocrx_word' id='word_1_170' title='bbox 2638 1224 2812 1293; x_wconf 80' lang='grc' dir='ltr'>δῆμον</span> <span class='ocrx_word' id='word_1_171' title='bbox 2846 1223 3177 1293; x_wconf 86' lang='grc' dir='ltr'>συνήγαγεν.</span> <span class='ocrx_word' id='word_1_172' title='bbox 3230 1222 3595 1274; x_wconf 73' lang='grc' dir='ltr'><strong>Ἀπόλυσον</strong></span> <span class='ocrx_word' id='word_1_173' title='bbox 3620 1218 3815 1286; x_wconf 67' lang='grc' dir='ltr'>αὐτὴν,</span> 
     </span>
    </p>
   </div>
   <div class='ocr_carea' id='block_1_28' title="bbox 2237 1307 3818 1383">
    <p class='ocr_par' dir='ltr' id='par_1_28' title="bbox 2237 1307 3818 1383">
     <span class='ocr_line' id='line_1_28' title="bbox 2237 1307 3818 1383; baseline -0.003 -16"><span class='ocrx_word' id='word_1_174' title='bbox 2237 1313 2327 1368; x_wconf 84' lang='grc' dir='ltr'>ὅτι</span> <span class='ocrx_word' id='word_1_175' title='bbox 2357 1312 2550 1383; x_wconf 79' lang='grc' dir='ltr'><strong>κράζει</strong></span> <span class='ocrx_word' id='word_1_176' title='bbox 2580 1313 2833 1369; x_wconf 80' lang='grc' dir='ltr'>ὄπισθεν</span> <span class='ocrx_word' id='word_1_177' title='bbox 2861 1311 3049 1381; x_wconf 75' lang='grc' dir='ltr'><strong>ἡμῶν.</strong></span> <span class='ocrx_word' id='word_1_178' title='bbox 3074 1313 3138 1365; x_wconf 88' lang='grc' dir='ltr'><strong>Τί</strong></span> <span class='ocrx_word' id='word_1_179' title='bbox 3164 1307 3258 1365; x_wconf 79' lang='grc' dir='ltr'>οὖν</span> <span class='ocrx_word' id='word_1_180' title='bbox 3312 1312 3489 1373; x_wconf 79' lang='grc' dir='ltr'>αὑτός</span> <span class='ocrx_word' id='word_1_181' title='bbox 3512 1328 3527 1375; x_wconf 88' lang='grc'>;</span> <span class='ocrx_word' id='word_1_182' title='bbox 3571 1312 3699 1364; x_wconf 72' lang='grc' dir='ltr'><strong>Οὐκ</strong></span> <span class='ocrx_word' id='word_1_183' title='bbox 3724 1312 3818 1363; x_wconf 67' lang='grc' dir='ltr'><strong>ἀε-</strong></span> 
     </span>
    </p>
   </div>
   <div class='ocr_carea' id='block_1_29' title="bbox 2236 1402 3817 1474">
    <p class='ocr_par' dir='ltr' id='par_1_29' title="bbox 2236 1402 3817 1474">
     <span class='ocr_line' id='line_1_29' title="bbox 2236 1402 3817 1474; baseline -0.003 -14"><span class='ocrx_word' id='word_1_184' title='bbox 2236 1406 2527 1473; x_wconf 84' lang='grc' dir='ltr'>εστὰλην,</span> <span class='ocrx_word' id='word_1_185' title='bbox 2558 1408 2612 1459; x_wconf 81' lang='grc' dir='ltr'><strong>εί</strong></span> <span class='ocrx_word' id='word_1_186' title='bbox 2643 1404 2729 1474; x_wconf 76' lang='grc' dir='ltr'><strong>μὴ</strong></span> <span class='ocrx_word' id='word_1_187' title='bbox 2778 1407 2867 1470; x_wconf 81' lang='grc' dir='ltr'><strong>είς</strong></span> <span class='ocrx_word' id='word_1_188' title='bbox 2898 1405 2971 1459; x_wconf 86' lang='grc' dir='ltr'>τὰ</span> <span class='ocrx_word' id='word_1_189' title='bbox 3025 1405 3289 1472; x_wconf 85' lang='grc' dir='ltr'>πρόϐατα</span> <span class='ocrx_word' id='word_1_190' title='bbox 3332 1402 3409 1456; x_wconf 84' lang='grc' dir='ltr'>τὰ</span> <span class='ocrx_word' id='word_1_191' title='bbox 3465 1402 3817 1455; x_wconf 77' lang='grc' dir='ltr'>ἀπολωλότα</span> 
     </span>
    </p>
   </div>
   <div class='ocr_carea' id='block_1_30' title="bbox 2237 1491 3818 1565">
    <p class='ocr_par' dir='ltr' id='par_1_30' title="bbox 2237 1491 3818 1565">
     <span class='ocr_line' id='line_1_30' title="bbox 2237 1491 3818 1565; baseline -0.008 -14"><span class='ocrx_word' id='word_1_192' title='bbox 2237 1499 2408 1551; x_wconf 85' lang='grc' dir='ltr'>οῑκου</span> <span class='ocrx_word' id='word_1_193' title='bbox 2471 1495 2741 1565; x_wconf 78' lang='grc' dir='ltr'>Ἰσραήλ.</span> <span class='ocrx_word' id='word_1_194' title='bbox 2788 1495 2917 1547; x_wconf 68' lang='lat' dir='ltr'><strong>&quot;Ore</strong></span> <span class='ocrx_word' id='word_1_195' title='bbox 2971 1492 3279 1563; x_wconf 81' lang='grc' dir='ltr'>ἀπεκρίθη,</span> <span class='ocrx_word' id='word_1_196' title='bbox 3330 1494 3525 1561; x_wconf 82' lang='grc' dir='ltr'>χεῖρον</span> <span class='ocrx_word' id='word_1_197' title='bbox 3581 1491 3818 1558; x_wconf 60' lang='grc' dir='ltr'>ἐποίησεν</span> 
     </span>
    </p>
   </div>
   <div class='ocr_carea' id='block_1_31' title="bbox 2239 1579 3816 1658">
    <p class='ocr_par' dir='ltr' id='par_1_31' title="bbox 2239 1579 3816 1658">
     <span class='ocr_line' id='line_1_31' title="bbox 2239 1579 3816 1658; baseline -0.008 -16"><span class='ocrx_word' id='word_1_198' title='bbox 2239 1589 2410 1658; x_wconf 79' lang='grc' dir='ltr'>αὐτῆς</span> <span class='ocrx_word' id='word_1_199' title='bbox 2436 1587 2497 1641; x_wconf 83' lang='grc' dir='ltr'>τὸ</span> <span class='ocrx_word' id='word_1_200' title='bbox 2520 1587 2701 1649; x_wconf 72' lang='grc' dir='ltr'>ἕλκος.</span> <span class='ocrx_word' id='word_1_201' title='bbox 2730 1583 2796 1637; x_wconf 86' lang='grc' dir='ltr'>Τί</span> <span class='ocrx_word' id='word_1_202' title='bbox 2818 1579 2911 1637; x_wconf 80' lang='grc' dir='ltr'>οὖν</span> <span class='ocrx_word' id='word_1_203' title='bbox 2934 1600 2949 1648; x_wconf 87' lang='lat'><strong>;</strong></span> <span class='ocrx_word' id='word_1_204' title='bbox 2972 1582 3059 1636; x_wconf 83' lang='grc' dir='ltr'>διὰ</span> <span class='ocrx_word' id='word_1_205' title='bbox 3090 1581 3249 1635; x_wconf 82' lang='grc' dir='ltr'>τοῦτο</span> <span class='ocrx_word' id='word_1_206' title='bbox 3280 1581 3593 1651; x_wconf 72' lang='grc' dir='ltr'>ἅνθρωπος</span> <span class='ocrx_word' id='word_1_207' title='bbox 3628 1579 3816 1647; x_wconf 58' lang='grc' dir='ltr'>ὲγὲνοεδ,</span> 
     </span>
    </p>
   </div>
   <div class='ocr_carea' id='block_1_32' title="bbox 2241 1674 3819 1753">
    <p class='ocr_par' dir='ltr' id='par_1_32' title="bbox 2241 1674 3819 1753">
     <span class='ocr_line' id='line_1_32' title="bbox 2241 1674 3819 1753; baseline -0.008 -18"><span class='ocrx_word' id='word_1_208' title='bbox 2241 1683 2422 1753; x_wconf 82' lang='grc' dir='ltr'>σάρκα</span> <span class='ocrx_word' id='word_1_209' title='bbox 2453 1680 2735 1743; x_wconf 79' lang='grc' dir='ltr'>ἀνέλαϐες,</span> <span class='ocrx_word' id='word_1_210' title='bbox 2768 1675 3082 1746; x_wconf 81' lang='grc' dir='ltr'>οἰκονομίας</span> <span class='ocrx_word' id='word_1_211' title='bbox 3111 1674 3383 1736; x_wconf 76' lang='grc' dir='ltr'><strong>τοσαύτας</strong></span> <span class='ocrx_word' id='word_1_212' title='bbox 3428 1674 3722 1743; x_wconf 76' lang='grc' dir='ltr'>εἰργάσω,</span> <span class='ocrx_word' id='word_1_213' title='bbox 3751 1674 3819 1724; x_wconf 70' lang='grc' dir='ltr'>ἵνα</span> 
     </span>
    </p>
   </div>
   <div class='ocr_carea' id='block_1_33' title="bbox 2244 1765 3810 1845">
    <p class='ocr_par' dir='ltr' id='par_1_33' title="bbox 2244 1765 3810 1845">
     <span class='ocr_line' id='line_1_33' title="bbox 2244 1765 3810 1845; baseline -0.01 -15"><span class='ocrx_word' id='word_1_214' title='bbox 2244 1776 2371 1845; x_wconf 87' lang='grc' dir='ltr'>μίαν</span> <span class='ocrx_word' id='word_1_215' title='bbox 2400 1775 2604 1843; x_wconf 78' lang='grc' dir='ltr'><strong>γωνίαν</strong></span> <span class='ocrx_word' id='word_1_216' title='bbox 2649 1772 2865 1844; x_wconf 76' lang='grc' dir='ltr'>σώσῃςς</span> <span class='ocrx_word' id='word_1_217' title='bbox 2909 1769 3299 1840; x_wconf 80' lang='grc' dir='ltr'>Ἀπειρημένοι</span> <span class='ocrx_word' id='word_1_218' title='bbox 3349 1768 3693 1828; x_wconf 73' lang='grc' dir='ltr'><strong>Χαναναῖοι,</strong></span> 
     </span>
    </p>
   </div>
   <div class='ocr_carea' id='block_1_34' title="bbox 561 1851 2133 1937">
    <p class='ocr_par' dir='ltr' id='par_1_34' title="bbox 561 1859 2133 1932">
     <span class='ocr_line' id='line_1_34' title="bbox 561 1859 2133 1932; baseline 0.002 -18"><span class='ocrx_word' id='word_1_219' title='bbox 561 1859 701 1914; x_wconf 80' lang='lat' dir='ltr'><strong>Ante</strong></span> <span class='ocrx_word' id='word_1_220' title='bbox 729 1862 831 1915; x_wconf 89' lang='lat' dir='ltr'><strong>hoc</strong></span> <span class='ocrx_word' id='word_1_221' title='bbox 859 1863 1004 1915; x_wconf 88' lang='lat' dir='ltr'><strong>enim</strong></span> <span class='ocrx_word' id='word_1_222' title='bbox 1036 1878 1065 1915; x_wconf 89' lang='lat' dir='ltr'><strong>a</strong></span> <span class='ocrx_word' id='word_1_223' title='bbox 1100 1872 1254 1932; x_wconf 91' lang='lat' dir='ltr'><strong>tergo</strong></span> <span class='ocrx_word' id='word_1_224' title='bbox 1287 1864 1560 1917; x_wconf 82' lang='lat' dir='ltr'><strong>clamabat</strong></span> <span class='ocrx_word' id='word_1_225' title='bbox 1590 1882 1601 1917; x_wconf 94' lang='lat'>:</span> <span class='ocrx_word' id='word_1_226' title='bbox 1639 1878 1762 1915; x_wconf 90' lang='lat' dir='ltr'><strong>cum</strong></span> <span class='ocrx_word' id='word_1_227' title='bbox 1799 1875 1979 1917; x_wconf 87' lang='lat' dir='ltr'><strong>autem</strong></span> <span class='ocrx_word' id='word_1_228' title='bbox 2001 1864 2133 1917; x_wconf 87' lang='lat' dir='ltr'><strong>nihil</strong></span> 
     </span>
    </p>
   </div>
   <div class='ocr_carea' id='block_1_35' title="bbox 2234 1851 3816 1937">
    <p class='ocr_par' dir='ltr' id='par_1_35' title="bbox 2238 1859 3816 1937">
     <span class='ocr_line' id='line_1_35' title="bbox 2238 1859 3816 1937; baseline -0.006 -17"><span class='ocrx_word' id='word_1_229' title='bbox 2238 1867 2423 1920; x_wconf 74' lang='grc' dir='ltr'>λυκτοὶ</span> <span class='ocrx_word' id='word_1_230' title='bbox 2467 1868 2565 1937; x_wconf 84' lang='grc' dir='ltr'>τῆς</span> <span class='ocrx_word' id='word_1_231' title='bbox 2594 1864 2870 1927; x_wconf 78' lang='grc' dir='ltr'>ἀσεϐείας.</span> <span class='ocrx_word' id='word_1_232' title='bbox 2923 1863 3172 1930; x_wconf 85' lang='grc' dir='ltr'>ἐναγεῖς,</span> <span class='ocrx_word' id='word_1_233' title='bbox 3231 1859 3451 1930; x_wconf 75' lang='grc' dir='ltr'>μιαροὶ,</span> <span class='ocrx_word' id='word_1_234' title='bbox 3505 1860 3816 1929; x_wconf 66' lang='grc' dir='ltr'>ἀκάθαρτοι,</span> 
     </span>
    </p>
   </div>
   <div class='ocr_carea' id='block_1_36' title="bbox 558 1953 2134 2023">
    <p class='ocr_par' dir='ltr' id='par_1_36' title="bbox 558 1953 2134 2023">
     <span class='ocr_line' id='line_1_36' title="bbox 558 1953 2134 2023; baseline 0.002 -17"><span class='ocrx_word' id='word_1_235' title='bbox 558 1953 610 2006; x_wconf 91' lang='lat' dir='ltr'><strong>ei</strong></span> <span class='ocrx_word' id='word_1_236' title='bbox 659 1953 905 2023; x_wconf 91' lang='lat' dir='ltr'><strong>responsi</strong></span> <span class='ocrx_word' id='word_1_237' title='bbox 939 1954 1193 2009; x_wconf 80' lang='lat' dir='ltr'><strong>Christus</strong></span> <span class='ocrx_word' id='word_1_238' title='bbox 1252 1955 1428 2017; x_wconf 83' lang='lat' dir='ltr'><strong>dedit,</strong></span> <span class='ocrx_word' id='word_1_239' title='bbox 1487 1970 1518 2008; x_wconf 90' lang='lat' dir='ltr'><strong>a</strong></span> <span class='ocrx_word' id='word_1_240' title='bbox 1580 1954 1762 2009; x_wconf 90' lang='lat' dir='ltr'><strong>fronte</strong></span> <span class='ocrx_word' id='word_1_241' title='bbox 1810 1955 1984 2018; x_wconf 90' lang='lat' dir='ltr'><strong>venit,</strong></span> <span class='ocrx_word' id='word_1_242' title='bbox 2026 1970 2134 2010; x_wconf 91' lang='lat' dir='ltr'><strong>non</strong></span> 
     </span>
    </p>
   </div>
   <div class='ocr_carea' id='block_1_37' title="bbox 561 2046 2136 2116">
    <p class='ocr_par' dir='ltr' id='par_1_37' title="bbox 561 2046 2136 2116">
     <span class='ocr_line' id='line_1_37' title="bbox 561 2046 2136 2116; baseline 0.003 -18"><span class='ocrx_word' id='word_1_243' title='bbox 561 2058 722 2100; x_wconf 86' lang='lat' dir='ltr'><strong>secus</strong></span> <span class='ocrx_word' id='word_1_244' title='bbox 777 2060 841 2097; x_wconf 92' lang='lat' dir='ltr'><strong>ae</strong></span> <span class='ocrx_word' id='word_1_245' title='bbox 889 2046 1043 2100; x_wconf 92' lang='lat' dir='ltr'><strong>cauis</strong></span> <span class='ocrx_word' id='word_1_246' title='bbox 1099 2046 1313 2100; x_wconf 90' lang='lat' dir='ltr'><strong>domini</strong></span> <span class='ocrx_word' id='word_1_247' title='bbox 1364 2048 1529 2116; x_wconf 85' lang='lat' dir='ltr'><strong>pedes</strong></span> <span class='ocrx_word' id='word_1_248' title='bbox 1581 2047 1859 2103; x_wconf 89' lang='lat' dir='ltr'><strong>lambens.</strong></span> <span class='ocrx_word' id='word_1_249' title='bbox 1916 2048 2136 2102; x_wconf 84' lang='lat' dir='ltr'><strong>Dimitte</strong></span> 
     </span>
    </p>
   </div>
   <div class='ocr_carea' id='block_1_38' title="bbox 560 2137 2133 2196">
    <p class='ocr_par' dir='ltr' id='par_1_38' title="bbox 560 2137 2133 2196">
     <span class='ocr_line' id='line_1_38' title="bbox 560 2137 2133 2196; baseline 0.004 -8"><span class='ocrx_word' id='word_1_250' title='bbox 560 2153 700 2189; x_wconf 88' lang='lat' dir='ltr'><strong>eam.</strong></span> <span class='ocrx_word' id='word_1_251' title='bbox 761 2137 1059 2192; x_wconf 88' lang='lat' dir='ltr'><strong>Theatrum</strong></span> <span class='ocrx_word' id='word_1_252' title='bbox 1123 2140 1176 2192; x_wconf 94' lang='lat' dir='ltr'><strong>in</strong></span> <span class='ocrx_word' id='word_1_253' title='bbox 1246 2139 1434 2194; x_wconf 89' lang='lat' dir='ltr'><strong>orbem</strong></span> <span class='ocrx_word' id='word_1_254' title='bbox 1511 2141 1778 2195; x_wconf 85' lang='lat' dir='ltr'><strong>excitavit</strong></span> <span class='ocrx_word' id='word_1_255' title='bbox 1832 2160 1846 2196; x_wconf 92' lang='lat'><strong>:</strong></span> <span class='ocrx_word' id='word_1_256' title='bbox 1919 2142 2133 2195; x_wconf 90' lang='lat' dir='ltr'><strong>turbam</strong></span> 
     </span>
    </p>
   </div>
   <div class='ocr_carea' id='block_1_39' title="bbox 563 2229 2136 2303">
    <p class='ocr_par' dir='ltr' id='par_1_39' title="bbox 563 2229 2136 2303">
     <span class='ocr_line' id='line_1_39' title="bbox 563 2229 2136 2303; baseline 0.004 -22"><span class='ocrx_word' id='word_1_257' title='bbox 563 2230 803 2299; x_wconf 84' lang='lat' dir='ltr'><strong>collegit.</strong></span> <span class='ocrx_word' id='word_1_258' title='bbox 845 2229 1067 2285; x_wconf 85' lang='lat' dir='ltr'><strong>Dimitte</strong></span> <span class='ocrx_word' id='word_1_259' title='bbox 1088 2231 1260 2293; x_wconf 84' lang='lat' dir='ltr'><strong>illam,</strong></span> <span class='ocrx_word' id='word_1_260' title='bbox 1288 2234 1414 2302; x_wconf 84' lang='lat' dir='ltr'><strong>quia</strong></span> <span class='ocrx_word' id='word_1_261' title='bbox 1448 2233 1649 2286; x_wconf 85' lang='lat' dir='ltr'><strong>clamat</strong></span> <span class='ocrx_word' id='word_1_262' title='bbox 1682 2242 1800 2303; x_wconf 85' lang='lat' dir='ltr'><strong>post</strong></span> <span class='ocrx_word' id='word_1_263' title='bbox 1840 2249 1955 2287; x_wconf 85' lang='lat' dir='ltr'><strong>nos.</strong></span> <span class='ocrx_word' id='word_1_264' title='bbox 1992 2232 2136 2299; x_wconf 84' lang='lat' dir='ltr'><strong>Quid</strong></span> 
     </span>
    </p>
   </div>
   <div class='ocr_carea' id='block_1_40' title="bbox 561 2320 2137 2395">
    <p class='ocr_par' dir='ltr' id='par_1_40' title="bbox 561 2320 2137 2395">
     <span class='ocr_line' id='line_1_40' title="bbox 561 2320 2137 2395; baseline 0.003 -21"><span class='ocrx_word' id='word_1_265' title='bbox 561 2334 692 2389; x_wconf 86' lang='lat' dir='ltr'><strong>ergo</strong></span> <span class='ocrx_word' id='word_1_266' title='bbox 715 2320 847 2375; x_wconf 85' lang='lat' dir='ltr'><strong>ille?</strong></span> <span class='ocrx_word' id='word_1_267' title='bbox 877 2320 1002 2375; x_wconf 87' lang='lat' dir='ltr'><strong>Non</strong></span> <span class='ocrx_word' id='word_1_268' title='bbox 1025 2339 1141 2375; x_wconf 89' lang='lat' dir='ltr'><strong>sum</strong></span> <span class='ocrx_word' id='word_1_269' title='bbox 1173 2324 1391 2388; x_wconf 89' lang='lat' dir='ltr'><strong>missus,</strong></span> <span class='ocrx_word' id='word_1_270' title='bbox 1434 2326 1537 2379; x_wconf 80' lang='lat' dir='ltr'><strong>nisi</strong></span> <span class='ocrx_word' id='word_1_271' title='bbox 1569 2324 1637 2378; x_wconf 87' lang='lat' dir='ltr'><strong>ad</strong></span> <span class='ocrx_word' id='word_1_272' title='bbox 1679 2342 1793 2379; x_wconf 81' lang='lat' dir='ltr'><strong>ores</strong></span> <span class='ocrx_word' id='word_1_273' title='bbox 1824 2342 1941 2395; x_wconf 69' lang='lat' dir='ltr'><strong>quia</strong></span> <span class='ocrx_word' id='word_1_274' title='bbox 1966 2326 2137 2395; x_wconf 83' lang='lat' dir='ltr'><strong>perie-</strong></span> 
     </span>
    </p>
   </div>
   <div class='ocr_carea' id='block_1_41' title="bbox 561 2412 2137 2487">
    <p class='ocr_par' dir='ltr' id='par_1_41' title="bbox 561 2412 2137 2487">
     <span class='ocr_line' id='line_1_41' title="bbox 561 2412 2137 2487; baseline 0.004 -24"><span class='ocrx_word' id='word_1_275' title='bbox 561 2422 684 2465; x_wconf 86' lang='lat' dir='ltr'><strong>runt</strong></span> <span class='ocrx_word' id='word_1_276' title='bbox 717 2412 907 2468; x_wconf 88' lang='lat' dir='ltr'><strong>domus</strong></span> <span class='ocrx_word' id='word_1_277' title='bbox 950 2412 1123 2469; x_wconf 78' lang='lat' dir='ltr'><strong>Israel</strong></span> <span class='ocrx_word' id='word_1_278' title='bbox 1156 2414 1323 2487; x_wconf 89' lang='lat' dir='ltr'><strong>(Ibid.</strong></span> <span class='ocrx_word' id='word_1_279' title='bbox 1363 2416 1476 2485; x_wconf 66' lang='lat'><strong>24).</strong></span> <span class='ocrx_word' id='word_1_280' title='bbox 1525 2415 1814 2486; x_wconf 84' lang='lat' dir='ltr'><strong>Responso</strong></span> <span class='ocrx_word' id='word_1_281' title='bbox 1862 2418 2137 2471; x_wconf 88' lang='lat' dir='ltr'><strong>acerbita-</strong></span> 
     </span>
    </p>
   </div>
   <div class='ocr_carea' id='block_1_42' title="bbox 564 2506 2137 2579">
    <p class='ocr_par' dir='ltr' id='par_1_42' title="bbox 564 2506 2137 2579">
     <span class='ocr_line' id='line_1_42' title="bbox 564 2506 2137 2579; baseline 0.003 -22"><span class='ocrx_word' id='word_1_282' title='bbox 564 2512 670 2557; x_wconf 87' lang='lat' dir='ltr'><strong>tem</strong></span> <span class='ocrx_word' id='word_1_283' title='bbox 723 2506 893 2576; x_wconf 88' lang='lat' dir='ltr'><strong>magis</strong></span> <span class='ocrx_word' id='word_1_284' title='bbox 945 2507 1096 2561; x_wconf 82' lang='lat' dir='ltr'><strong>auxit</strong></span> <span class='ocrx_word' id='word_1_285' title='bbox 1133 2508 1397 2563; x_wconf 88' lang='lat' dir='ltr'><strong>vulneris.</strong></span> <span class='ocrx_word' id='word_1_286' title='bbox 1441 2509 1585 2574; x_wconf 85' lang='lat' dir='ltr'><strong>Quid</strong></span> <span class='ocrx_word' id='word_1_287' title='bbox 1644 2508 1854 2579; x_wconf 82' lang='lat' dir='ltr'><strong>igitur?</strong></span> <span class='ocrx_word' id='word_1_288' title='bbox 1908 2507 2137 2562; x_wconf 87' lang='lat' dir='ltr'><strong>hoccine</strong></span> 
     </span>
    </p>
   </div>
   <div class='ocr_carea' id='block_1_43' title="bbox 566 2599 2137 2672">
    <p class='ocr_par' dir='ltr' id='par_1_43' title="bbox 566 2599 2137 2672">
     <span class='ocr_line' id='line_1_43' title="bbox 566 2599 2137 2672; baseline 0.003 -21"><span class='ocrx_word' id='word_1_289' title='bbox 566 2599 785 2653; x_wconf 86' lang='lat' dir='ltr'><strong>nomina</strong></span> <span class='ocrx_word' id='word_1_290' title='bbox 819 2599 997 2656; x_wconf 83' lang='lat' dir='ltr'><strong>faetus</strong></span> <span class='ocrx_word' id='word_1_291' title='bbox 1019 2616 1079 2657; x_wconf 91' lang='lat' dir='ltr'><strong>es</strong></span> <span class='ocrx_word' id='word_1_292' title='bbox 1106 2601 1291 2665; x_wconf 88' lang='lat' dir='ltr'><strong>homo,</strong></span> <span class='ocrx_word' id='word_1_293' title='bbox 1328 2618 1553 2658; x_wconf 89' lang='lat' dir='ltr'><strong>carnem</strong></span> <span class='ocrx_word' id='word_1_294' title='bbox 1582 2602 1887 2672; x_wconf 84' lang='lat' dir='ltr'><strong>sumpsisti,</strong></span> <span class='ocrx_word' id='word_1_295' title='bbox 1931 2611 2011 2656; x_wconf 90' lang='lat' dir='ltr'><strong>tot</strong></span> <span class='ocrx_word' id='word_1_296' title='bbox 2047 2617 2137 2656; x_wconf 87' lang='lat' dir='ltr'><strong>res</strong></span> 
     </span>
    </p>
   </div>
   <div class='ocr_carea' id='block_1_44' title="bbox 566 2694 2139 2768">
    <p class='ocr_par' dir='ltr' id='par_1_44' title="bbox 566 2694 2139 2768">
     <span class='ocr_line' id='line_1_44' title="bbox 566 2694 2139 2768; baseline 0 -20"><span class='ocrx_word' id='word_1_297' title='bbox 566 2698 805 2763; x_wconf 75' lang='lat' dir='ltr'><strong>gessisti,</strong></span> <span class='ocrx_word' id='word_1_298' title='bbox 831 2708 890 2751; x_wconf 94' lang='lat' dir='ltr'><strong>ut</strong></span> <span class='ocrx_word' id='word_1_299' title='bbox 922 2697 1015 2751; x_wconf 92' lang='lat' dir='ltr'><strong>uni</strong></span> <span class='ocrx_word' id='word_1_300' title='bbox 1050 2698 1323 2752; x_wconf 84' lang='lat' dir='ltr'><strong>duntaxat</strong></span> <span class='ocrx_word' id='word_1_301' title='bbox 1359 2698 1562 2768; x_wconf 81' lang='lat' dir='ltr'><strong>angulo</strong></span> <span class='ocrx_word' id='word_1_302' title='bbox 1602 2698 1838 2753; x_wconf 88' lang='lat' dir='ltr'><strong>salutem</strong></span> <span class='ocrx_word' id='word_1_303' title='bbox 1873 2694 2139 2749; x_wconf 77' lang='lat' dir='ltr'><strong>aﬂ‘errcs?</strong></span> 
     </span>
    </p>
   </div>
   <div class='ocr_carea' id='block_1_45' title="bbox 564 2786 2136 2860">
    <p class='ocr_par' dir='ltr' id='par_1_45' title="bbox 564 2786 2136 2860">
     <span class='ocr_line' id='line_1_45' title="bbox 564 2786 2136 2860; baseline -0.003 -18"><span class='ocrx_word' id='word_1_304' title='bbox 564 2786 835 2843; x_wconf 86' lang='lat' dir='ltr'><strong>Nimirum</strong></span> <span class='ocrx_word' id='word_1_305' title='bbox 865 2789 1157 2860; x_wconf 87' lang='lat' dir='ltr'><strong>proscripti</strong></span> <span class='ocrx_word' id='word_1_306' title='bbox 1210 2789 1507 2844; x_wconf 72' lang='lat' dir='ltr'><strong>Chananaai</strong></span> <span class='ocrx_word' id='word_1_307' title='bbox 1564 2798 1743 2853; x_wconf 89' lang='lat' dir='ltr'><strong>erant,</strong></span> <span class='ocrx_word' id='word_1_308' title='bbox 1784 2789 1855 2842; x_wconf 90' lang='lat' dir='ltr'><strong>ob</strong></span> <span class='ocrx_word' id='word_1_309' title='bbox 1886 2786 2136 2856; x_wconf 84' lang='lat' dir='ltr'><strong>impieta-</strong></span> 
     </span>
    </p>
   </div>
   <div class='ocr_carea' id='block_1_46' title="bbox 566 2876 2139 2949">
    <p class='ocr_par' dir='ltr' id='par_1_46' title="bbox 566 2876 2139 2949">
     <span class='ocr_line' id='line_1_46' title="bbox 566 2876 2139 2949; baseline -0.001 -17"><span class='ocrx_word' id='word_1_310' title='bbox 566 2889 673 2935; x_wconf 87' lang='lat' dir='ltr'><strong>tem</strong></span> <span class='ocrx_word' id='word_1_311' title='bbox 705 2881 1054 2948; x_wconf 84' lang='lat' dir='ltr'><strong>exsecrandi,</strong></span> <span class='ocrx_word' id='word_1_312' title='bbox 1092 2881 1374 2946; x_wconf 89' lang='lat' dir='ltr'><strong>scelerati,</strong></span> <span class='ocrx_word' id='word_1_313' title='bbox 1417 2880 1636 2947; x_wconf 83' lang='lat' dir='ltr'><strong>nefarii,</strong></span> <span class='ocrx_word' id='word_1_314' title='bbox 1665 2878 1866 2949; x_wconf 88' lang='lat' dir='ltr'><strong>impuri</strong></span> <span class='ocrx_word' id='word_1_315' title='bbox 1903 2896 1916 2931; x_wconf 87' lang='lat'><strong>:</strong></span> <span class='ocrx_word' id='word_1_316' title='bbox 1947 2876 2139 2946; x_wconf 90' lang='lat' dir='ltr'><strong>nequi-</strong></span> 
     </span>
    </p>
   </div>
   <div class='ocr_carea' id='block_1_47' title="bbox 564 2970 2140 3041">
    <p class='ocr_par' dir='ltr' id='par_1_47' title="bbox 564 2970 2140 3041">
     <span class='ocr_line' id='line_1_47' title="bbox 564 2970 2140 3041; baseline -0.002 -14"><span class='ocrx_word' id='word_1_317' title='bbox 564 2974 686 3029; x_wconf 86' lang='lat' dir='ltr'><strong>dem</strong></span> <span class='ocrx_word' id='word_1_318' title='bbox 721 2974 913 3029; x_wconf 87' lang='lat' dir='ltr'><strong>audire</strong></span> <span class='ocrx_word' id='word_1_319' title='bbox 945 2989 1042 3029; x_wconf 87' lang='lat' dir='ltr'><strong>eos</strong></span> <span class='ocrx_word' id='word_1_320' title='bbox 1075 2975 1428 3029; x_wconf 87' lang='lat' dir='ltr'><strong>sustinebant</strong></span> <span class='ocrx_word' id='word_1_321' title='bbox 1476 2972 1670 3036; x_wconf 68' lang='lat' dir='ltr'><strong>Judaei,</strong></span> <span class='ocrx_word' id='word_1_322' title='bbox 1709 2971 1809 3041; x_wconf 92' lang='lat' dir='ltr'><strong>qui</strong></span> <span class='ocrx_word' id='word_1_323' title='bbox 1838 2971 2009 3040; x_wconf 80' lang='lat' dir='ltr'><strong>legem</strong></span> <span class='ocrx_word' id='word_1_324' title='bbox 2039 2970 2140 3024; x_wconf 90' lang='lat' dir='ltr'><strong>ob-</strong></span> 
     </span>
    </p>
   </div>
   <div class='ocr_carea' id='block_1_48' title="bbox 565 3061 2137 3137">
    <p class='ocr_par' dir='ltr' id='par_1_48' title="bbox 565 3061 2137 3137">
     <span class='ocr_line' id='line_1_48' title="bbox 565 3061 2137 3137; baseline -0.006 -14"><span class='ocrx_word' id='word_1_325' title='bbox 565 3076 850 3123; x_wconf 79' lang='lat' dir='ltr'><strong>servarent</strong></span> <span class='ocrx_word' id='word_1_326' title='bbox 886 3074 943 3123; x_wconf 85' lang='lat' dir='ltr'><strong>et</strong></span> <span class='ocrx_word' id='word_1_327' title='bbox 994 3068 1307 3137; x_wconf 90' lang='lat' dir='ltr'><strong>implerent.</strong></span> <span class='ocrx_word' id='word_1_328' title='bbox 1363 3065 1561 3120; x_wconf 84' lang='lat' dir='ltr'><strong>Mulier</strong></span> <span class='ocrx_word' id='word_1_329' title='bbox 1611 3079 1779 3136; x_wconf 87' lang='lat' dir='ltr'><strong>porro</strong></span> <span class='ocrx_word' id='word_1_330' title='bbox 1824 3061 2137 3117; x_wconf 72' lang='lat' dir='ltr'><strong>Chanantea</strong></span> 
     </span>
    </p>
   </div>
   <div class='ocr_carea' id='block_1_49' title="bbox 563 3154 2139 3229">
    <p class='ocr_par' dir='ltr' id='par_1_49' title="bbox 563 3154 2139 3229">
     <span class='ocr_line' id='line_1_49' title="bbox 563 3154 2139 3229; baseline -0.005 -15"><span class='ocrx_word' id='word_1_331' title='bbox 563 3168 703 3222; x_wconf 79' lang='lat' dir='ltr'><strong>erat,</strong></span> <span class='ocrx_word' id='word_1_332' title='bbox 733 3160 800 3213; x_wconf 88' lang='lat' dir='ltr'><strong>de</strong></span> <span class='ocrx_word' id='word_1_333' title='bbox 821 3161 1041 3229; x_wconf 82' lang='lat' dir='ltr'><strong>regione</strong></span> <span class='ocrx_word' id='word_1_334' title='bbox 1072 3159 1175 3214; x_wconf 88' lang='lat' dir='ltr'><strong>hac</strong></span> <span class='ocrx_word' id='word_1_335' title='bbox 1203 3156 1519 3222; x_wconf 87' lang='lat' dir='ltr'><strong>interdicta,</strong></span> <span class='ocrx_word' id='word_1_336' title='bbox 1563 3158 1622 3211; x_wconf 92' lang='lat' dir='ltr'><strong>in</strong></span> <span class='ocrx_word' id='word_1_337' title='bbox 1654 3169 1761 3226; x_wconf 89' lang='lat' dir='ltr'><strong>qua</strong></span> <span class='ocrx_word' id='word_1_338' title='bbox 1787 3162 1841 3210; x_wconf 89' lang='lat' dir='ltr'><strong>et</strong></span> <span class='ocrx_word' id='word_1_339' title='bbox 1868 3154 2042 3218; x_wconf 90' lang='lat' dir='ltr'><strong>furor,</strong></span> <span class='ocrx_word' id='word_1_340' title='bbox 2084 3160 2139 3207; x_wconf 87' lang='lat' dir='ltr'><strong>et</strong></span> 
     </span>
    </p>
   </div>
   <div class='ocr_carea' id='block_1_50' title="bbox 566 3244 2139 3319">
    <p class='ocr_par' dir='ltr' id='par_1_50' title="bbox 566 3244 2139 3319">
     <span class='ocr_line' id='line_1_50' title="bbox 566 3244 2139 3319; baseline -0.002 -17"><span class='ocrx_word' id='word_1_341' title='bbox 566 3250 771 3311; x_wconf 85' lang='lat' dir='ltr'><strong>rabies,</strong></span> <span class='ocrx_word' id='word_1_342' title='bbox 826 3257 880 3305; x_wconf 88' lang='lat' dir='ltr'><strong>et</strong></span> <span class='ocrx_word' id='word_1_343' title='bbox 926 3250 1178 3319; x_wconf 87' lang='lat' dir='ltr'><strong>impietas</strong></span> <span class='ocrx_word' id='word_1_344' title='bbox 1229 3258 1618 3319; x_wconf 81' lang='lat' dir='ltr'><strong>grassaretur;</strong></span> <span class='ocrx_word' id='word_1_345' title='bbox 1680 3247 1736 3301; x_wconf 90' lang='lat' dir='ltr'><strong>in</strong></span> <span class='ocrx_word' id='word_1_346' title='bbox 1776 3260 1885 3316; x_wconf 91' lang='lat' dir='ltr'><strong>qua</strong></span> <span class='ocrx_word' id='word_1_347' title='bbox 1935 3244 2139 3300; x_wconf 90' lang='lat' dir='ltr'><strong>diaboli</strong></span> 
     </span>
    </p>
   </div>
   <div class='ocr_carea' id='block_1_51' title="bbox 566 3340 2138 3412">
    <p class='ocr_par' dir='ltr' id='par_1_51' title="bbox 566 3340 2138 3412">
     <span class='ocr_line' id='line_1_51' title="bbox 566 3340 2138 3412; baseline -0.002 -17"><span class='ocrx_word' id='word_1_348' title='bbox 566 3344 816 3412; x_wconf 80' lang='lat' dir='ltr'><strong>tyrannis</strong></span> <span class='ocrx_word' id='word_1_349' title='bbox 845 3342 1074 3412; x_wconf 87' lang='lat' dir='ltr'><strong>vigeret,</strong></span> <span class='ocrx_word' id='word_1_350' title='bbox 1104 3351 1158 3398; x_wconf 92' lang='lat' dir='ltr'><strong>et</strong></span> <span class='ocrx_word' id='word_1_351' title='bbox 1183 3343 1491 3397; x_wconf 63' lang='lat' dir='ltr'><strong>damonum</strong></span> <span class='ocrx_word' id='word_1_352' title='bbox 1518 3340 1855 3397; x_wconf 85' lang='lat' dir='ltr'><strong>bacchantes</strong></span> <span class='ocrx_word' id='word_1_353' title='bbox 1882 3346 2138 3410; x_wconf 79' lang='lat' dir='ltr'><strong>agerent;</strong></span> 
     </span>
    </p>
   </div>
   <div class='ocr_carea' id='block_1_52' title="bbox 567 3435 2139 3505">
    <p class='ocr_par' dir='ltr' id='par_1_52' title="bbox 567 3435 2139 3505">
     <span class='ocr_line' id='line_1_52' title="bbox 567 3435 2139 3505; baseline -0.002 -18"><span class='ocrx_word' id='word_1_354' title='bbox 567 3436 621 3487; x_wconf 90' lang='lat' dir='ltr'><strong>in</strong></span> <span class='ocrx_word' id='word_1_355' title='bbox 661 3450 772 3504; x_wconf 73' lang='lat' dir='ltr'><strong>qua</strong></span> <span class='ocrx_word' id='word_1_356' title='bbox 817 3444 1010 3488; x_wconf 88' lang='lat' dir='ltr'><strong>natura</strong></span> <span class='ocrx_word' id='word_1_357' title='bbox 1065 3435 1384 3505; x_wconf 88' lang='lat' dir='ltr'><strong>proculcata</strong></span> <span class='ocrx_word' id='word_1_358' title='bbox 1419 3443 1588 3503; x_wconf 87' lang='lat' dir='ltr'><strong>esset,</strong></span> <span class='ocrx_word' id='word_1_359' title='bbox 1650 3442 1813 3504; x_wconf 90' lang='lat' dir='ltr'><strong>atque</strong></span> <span class='ocrx_word' id='word_1_360' title='bbox 1857 3435 1911 3486; x_wconf 93' lang='lat' dir='ltr'><strong>in</strong></span> <span class='ocrx_word' id='word_1_361' title='bbox 1947 3446 2139 3486; x_wconf 87' lang='lat' dir='ltr'><strong>amen-</strong></span> 
     </span>
    </p>
   </div>
   <div class='ocr_carea' id='block_1_53' title="bbox 566 3522 2141 3597">
    <p class='ocr_par' dir='ltr' id='par_1_53' title="bbox 566 3522 2141 3597">
     <span class='ocr_line' id='line_1_53' title="bbox 566 3522 2141 3597; baseline -0.003 -17"><span class='ocrx_word' id='word_1_362' title='bbox 566 3526 698 3580; x_wconf 91' lang='lat' dir='ltr'><strong>tiam</strong></span> <span class='ocrx_word' id='word_1_363' title='bbox 728 3526 1042 3589; x_wconf 91' lang='lat' dir='ltr'><strong>brutorum,</strong></span> <span class='ocrx_word' id='word_1_364' title='bbox 1075 3528 1186 3581; x_wconf 93' lang='lat' dir='ltr'><strong>imo</strong></span> <span class='ocrx_word' id='word_1_365' title='bbox 1211 3526 1264 3580; x_wconf 92' lang='lat' dir='ltr'><strong>in</strong></span> <span class='ocrx_word' id='word_1_366' title='bbox 1291 3526 1591 3597; x_wconf 89' lang='lat' dir='ltr'><strong>nequitiam</strong></span> <span class='ocrx_word' id='word_1_367' title='bbox 1626 3524 1935 3580; x_wconf 58' lang='lat' dir='ltr'><strong>damonum</strong></span> <span class='ocrx_word' id='word_1_368' title='bbox 1973 3522 2141 3576; x_wconf 80' lang='lat' dir='ltr'><strong>devo-</strong></span> 
     </span>
    </p>
   </div>
   <div class='ocr_carea' id='block_1_54' title="bbox 567 3616 2139 3690">
    <p class='ocr_par' dir='ltr' id='par_1_54' title="bbox 567 3616 2139 3690">
     <span class='ocr_line' id='line_1_54' title="bbox 567 3616 2139 3690; baseline -0.003 -18"><span class='ocrx_word' id='word_1_369' title='bbox 567 3620 697 3672; x_wconf 90' lang='lat' dir='ltr'><strong>luta.</strong></span> <span class='ocrx_word' id='word_1_370' title='bbox 739 3618 849 3675; x_wconf 82' lang='lat' dir='ltr'><strong>Lex</strong></span> <span class='ocrx_word' id='word_1_371' title='bbox 888 3635 1050 3689; x_wconf 93' lang='lat' dir='ltr'><strong>porro</strong></span> <span class='ocrx_word' id='word_1_372' title='bbox 1080 3627 1460 3690; x_wconf 62' lang='lat' dir='ltr'><strong>praeceperat:</strong></span> <span class='ocrx_word' id='word_1_373' title='bbox 1493 3617 1649 3672; x_wconf 81' lang='lat' dir='ltr'><strong>Nihil</strong></span> <span class='ocrx_word' id='word_1_374' title='bbox 1691 3617 1857 3690; x_wconf 64' lang='lat'><strong>469</strong></span> <span class='ocrx_word' id='word_1_375' title='bbox 1898 3616 1994 3669; x_wconf 85' lang='lat' dir='ltr'><strong>tibi</strong></span> <span class='ocrx_word' id='word_1_376' title='bbox 2018 3630 2139 3669; x_wconf 87' lang='lat' dir='ltr'><strong>cum</strong></span> 
     </span>
    </p>
   </div>
   <div class='ocr_carea' id='block_1_55' title="bbox 564 3708 2139 3782">
    <p class='ocr_par' dir='ltr' id='par_1_55' title="bbox 564 3708 2139 3782">
     <span class='ocr_line' id='line_1_55' title="bbox 564 3708 2139 3782; baseline -0.003 -17"><span class='ocrx_word' id='word_1_377' title='bbox 564 3708 882 3765; x_wconf 75' lang='lat' dir='ltr'><strong>Chananteis</strong></span> <span class='ocrx_word' id='word_1_378' title='bbox 912 3714 1211 3766; x_wconf 82' lang='lat' dir='ltr'><strong>commercii</strong></span> <span class='ocrx_word' id='word_1_379' title='bbox 1252 3712 1321 3766; x_wconf 90' lang='lat' dir='ltr'><strong>sit</strong></span> <span class='ocrx_word' id='word_1_380' title='bbox 1352 3726 1371 3765; x_wconf 88' lang='lat'><strong><em>:</em></strong></span> <span class='ocrx_word' id='word_1_381' title='bbox 1410 3728 1474 3765; x_wconf 92' lang='lat' dir='ltr'><strong>ne</strong></span> <span class='ocrx_word' id='word_1_382' title='bbox 1502 3710 1627 3782; x_wconf 85' lang='lat' dir='ltr'><strong>quid</strong></span> <span class='ocrx_word' id='word_1_383' title='bbox 1656 3712 1731 3765; x_wconf 88' lang='lat' dir='ltr'><strong>eis</strong></span> <span class='ocrx_word' id='word_1_384' title='bbox 1768 3709 1999 3772; x_wconf 86' lang='lat' dir='ltr'><strong>dederis,</strong></span> <span class='ocrx_word' id='word_1_385' title='bbox 2047 3721 2139 3761; x_wconf 83' lang='lat' dir='ltr'><strong>nec</strong></span> 
     </span>
    </p>
   </div>
   <div class='ocr_carea' id='block_1_56' title="bbox 564 3802 2138 3874">
    <p class='ocr_par' dir='ltr' id='par_1_56' title="bbox 564 3802 2138 3874">
     <span class='ocr_line' id='line_1_56' title="bbox 564 3802 2138 3874; baseline -0.002 -19"><span class='ocrx_word' id='word_1_386' title='bbox 564 3802 630 3855; x_wconf 85' lang='lat' dir='ltr'><strong>ab</strong></span> <span class='ocrx_word' id='word_1_387' title='bbox 678 3803 804 3869; x_wconf 87' lang='lat' dir='ltr'><strong>ipsis</strong></span> <span class='ocrx_word' id='word_1_388' title='bbox 850 3803 1137 3874; x_wconf 87' lang='lat' dir='ltr'><strong>quidquam</strong></span> <span class='ocrx_word' id='word_1_389' title='bbox 1171 3804 1474 3873; x_wconf 86' lang='lat' dir='ltr'><strong>acceperis;</strong></span> <span class='ocrx_word' id='word_1_390' title='bbox 1519 3820 1626 3858; x_wconf 88' lang='lat' dir='ltr'><strong>non</strong></span> <span class='ocrx_word' id='word_1_391' title='bbox 1685 3803 1981 3862; x_wconf 86' lang='lat' dir='ltr'><strong>mulierem.</strong></span> <span class='ocrx_word' id='word_1_392' title='bbox 2034 3816 2138 3853; x_wconf 88' lang='lat' dir='ltr'><strong>non</strong></span> 
     </span>
    </p>
   </div>
   <div class='ocr_carea' id='block_1_57' title="bbox 562 3892 2133 3967">
    <p class='ocr_par' dir='ltr' id='par_1_57' title="bbox 562 3892 2133 3967">
     <span class='ocr_line' id='line_1_57' title="bbox 562 3892 2133 3967; baseline -0.001 -20"><span class='ocrx_word' id='word_1_393' title='bbox 562 3903 860 3964; x_wconf 83' lang='lat' dir='ltr'><strong>pactorum,</strong></span> <span class='ocrx_word' id='word_1_394' title='bbox 887 3912 989 3950; x_wconf 88' lang='lat' dir='ltr'><strong>non</strong></span> <span class='ocrx_word' id='word_1_395' title='bbox 1009 3905 1379 3951; x_wconf 82' lang='lat' dir='ltr'><strong>contractuum</strong></span> <span class='ocrx_word' id='word_1_396' title='bbox 1408 3906 1635 3951; x_wconf 85' lang='lat' dir='ltr'><strong>tesseras</strong></span> <span class='ocrx_word' id='word_1_397' title='bbox 1660 3894 1839 3967; x_wconf 90' lang='lat' dir='ltr'><strong>(Deut.</strong></span> <span class='ocrx_word' id='word_1_398' title='bbox 1857 3909 1954 3955; x_wconf 83' lang='lat' dir='ltr'><strong>vn,</strong></span> <span class='ocrx_word' id='word_1_399' title='bbox 1980 3894 2036 3958; x_wconf 83' lang='lat'><strong>2,</strong></span> <span class='ocrx_word' id='word_1_400' title='bbox 2058 3892 2133 3963; x_wconf 78' lang='lat'><strong>5).</strong></span> 
     </span>
    </p>
   </div>
   <div class='ocr_carea' id='block_1_58' title="bbox 561 3985 2137 4061">
    <p class='ocr_par' dir='ltr' id='par_1_58' title="bbox 561 3985 2137 4061">
     <span class='ocr_line' id='line_1_58' title="bbox 561 3985 2137 4061; baseline 0.001 -20"><span class='ocrx_word' id='word_1_401' title='bbox 561 3985 934 4053; x_wconf 82' lang='lat' dir='ltr'><strong>Quamobrem</strong></span> <span class='ocrx_word' id='word_1_402' title='bbox 971 4005 1155 4059; x_wconf 89' lang='lat' dir='ltr'><strong>sepem</strong></span> <span class='ocrx_word' id='word_1_403' title='bbox 1190 3990 1489 4061; x_wconf 74' lang='lat' dir='ltr'><strong>interiecit.</strong></span> <span class='ocrx_word' id='word_1_404' title='bbox 1522 3987 1601 4044; x_wconf 85' lang='lat' dir='ltr'><strong>Ne</strong></span> <span class='ocrx_word' id='word_1_405' title='bbox 1629 4004 1761 4060; x_wconf 88' lang='lat' dir='ltr'><strong>ergo</strong></span> <span class='ocrx_word' id='word_1_406' title='bbox 1784 3986 1955 4042; x_wconf 73' lang='lat' dir='ltr'><strong>Judzei</strong></span> <span class='ocrx_word' id='word_1_407' title='bbox 1988 3987 2137 4042; x_wconf 84' lang='lat' dir='ltr'><strong>dice-</strong></span> 
     </span>
    </p>
   </div>
   <div class='ocr_carea' id='block_1_59' title="bbox 562 4078 2137 4145">
    <p class='ocr_par' dir='ltr' id='par_1_59' title="bbox 562 4078 2137 4145">
     <span class='ocr_line' id='line_1_59' title="bbox 562 4078 2137 4145; baseline 0.001 -13"><span class='ocrx_word' id='word_1_408' title='bbox 562 4085 725 4133; x_wconf 90' lang='lat' dir='ltr'><strong>rent:</strong></span> <span class='ocrx_word' id='word_1_409' title='bbox 764 4078 903 4145; x_wconf 87' lang='lat' dir='ltr'><strong>Quia</strong></span> <span class='ocrx_word' id='word_1_410' title='bbox 936 4083 1098 4137; x_wconf 89' lang='lat' dir='ltr'><strong>nobis</strong></span> <span class='ocrx_word' id='word_1_411' title='bbox 1120 4082 1333 4137; x_wconf 87' lang='lat' dir='ltr'><strong>relictis</strong></span> <span class='ocrx_word' id='word_1_412' title='bbox 1366 4081 1514 4137; x_wconf 90' lang='lat' dir='ltr'><strong>foras</strong></span> <span class='ocrx_word' id='word_1_413' title='bbox 1547 4080 1890 4145; x_wconf 90' lang='lat' dir='ltr'><strong>abscessisti,</strong></span> <span class='ocrx_word' id='word_1_414' title='bbox 1926 4079 2137 4135; x_wconf 89' lang='lat' dir='ltr'><strong>ideirco</strong></span> 
     </span>
    </p>
   </div>
   <div class='ocr_carea' id='block_1_60' title="bbox 562 4170 2135 4244">
    <p class='ocr_par' dir='ltr' id='par_1_60' title="bbox 562 4170 2135 4244">
     <span class='ocr_line' id='line_1_60' title="bbox 562 4170 2135 4244; baseline 0.003 -20"><span class='ocrx_word' id='word_1_415' title='bbox 562 4170 664 4225; x_wconf 87' lang='lat' dir='ltr'><strong>tibi</strong></span> <span class='ocrx_word' id='word_1_416' title='bbox 711 4189 819 4227; x_wconf 91' lang='lat' dir='ltr'><strong>non</strong></span> <span class='ocrx_word' id='word_1_417' title='bbox 869 4175 1230 4238; x_wconf 89' lang='lat' dir='ltr'><strong>credidimus,</strong></span> <span class='ocrx_word' id='word_1_418' title='bbox 1288 4175 1469 4239; x_wconf 85' lang='lat' dir='ltr'><strong>Ecce,</strong></span> <span class='ocrx_word' id='word_1_419' title='bbox 1517 4174 1712 4244; x_wconf 90' lang='lat' dir='ltr'><strong>inquit,</strong></span> <span class='ocrx_word' id='word_1_420' title='bbox 1761 4189 1827 4228; x_wconf 84' lang='lat' dir='ltr'><strong>ex</strong></span> <span class='ocrx_word' id='word_1_421' title='bbox 1880 4173 2135 4243; x_wconf 77' lang='lat' dir='ltr'><strong>gentibus</strong></span> 
     </span>
    </p>
   </div>
   <div class='ocr_carea' id='block_1_61' title="bbox 562 4263 2135 4333">
    <p class='ocr_par' dir='ltr' id='par_1_61' title="bbox 562 4263 2135 4333">
     <span class='ocr_line' id='line_1_61' title="bbox 562 4263 2135 4333; baseline 0.002 -17"><span class='ocrx_word' id='word_1_422' title='bbox 562 4264 791 4318; x_wconf 81' lang='lat' dir='ltr'><strong>veniunt</strong></span> <span class='ocrx_word' id='word_1_423' title='bbox 818 4264 882 4317; x_wconf 89' lang='lat' dir='ltr'><strong>ad</strong></span> <span class='ocrx_word' id='word_1_424' title='bbox 919 4281 1025 4328; x_wconf 90' lang='lat' dir='ltr'><strong>me,</strong></span> <span class='ocrx_word' id='word_1_425' title='bbox 1059 4276 1114 4321; x_wconf 92' lang='lat' dir='ltr'><strong>et</strong></span> <span class='ocrx_word' id='word_1_426' title='bbox 1143 4282 1239 4320; x_wconf 90' lang='lat' dir='ltr'><strong>eos</strong></span> <span class='ocrx_word' id='word_1_427' title='bbox 1268 4265 1496 4333; x_wconf 88' lang='lat' dir='ltr'><strong>repudio</strong></span> <span class='ocrx_word' id='word_1_428' title='bbox 1534 4282 1547 4317; x_wconf 90' lang='lat'>:</span> <span class='ocrx_word' id='word_1_429' title='bbox 1576 4281 1672 4319; x_wconf 85' lang='lat' dir='ltr'><strong>vos</strong></span> <span class='ocrx_word' id='word_1_430' title='bbox 1699 4278 1828 4319; x_wconf 91' lang='lat' dir='ltr'><strong>vero</strong></span> <span class='ocrx_word' id='word_1_431' title='bbox 1862 4263 2135 4331; x_wconf 75' lang='lat' dir='ltr'><strong>fugientes</strong></span> 
     </span>
    </p>
   </div>
   <div class='ocr_carea' id='block_1_62' title="bbox 564 4355 2133 4426">
    <p class='ocr_par' dir='ltr' id='par_1_62' title="bbox 564 4355 2133 4426">
     <span class='ocr_line' id='line_1_62' title="bbox 564 4355 2133 4426; baseline 0.002 -22"><span class='ocrx_word' id='word_1_432' title='bbox 564 4366 703 4408; x_wconf 85' lang='lat' dir='ltr'><strong>voco</strong></span> <span class='ocrx_word' id='word_1_433' title='bbox 738 4372 752 4407; x_wconf 90' lang='lat'>:</span> <span class='ocrx_word' id='word_1_434' title='bbox 807 4355 982 4410; x_wconf 83' lang='lat' dir='ltr'><strong>Venite</strong></span> <span class='ocrx_word' id='word_1_435' title='bbox 1011 4356 1079 4409; x_wconf 86' lang='lat' dir='ltr'><strong>ad</strong></span> <span class='ocrx_word' id='word_1_436' title='bbox 1111 4373 1211 4420; x_wconf 90' lang='lat' dir='ltr'><strong>me,</strong></span> <span class='ocrx_word' id='word_1_437' title='bbox 1247 4373 1425 4410; x_wconf 89' lang='lat' dir='ltr'><strong>omnes</strong></span> <span class='ocrx_word' id='word_1_438' title='bbox 1450 4358 1540 4426; x_wconf 89' lang='lat' dir='ltr'><strong>qui</strong></span> <span class='ocrx_word' id='word_1_439' title='bbox 1564 4356 1822 4409; x_wconf 79' lang='lat' dir='ltr'><strong>laboratis</strong></span> <span class='ocrx_word' id='word_1_440' title='bbox 1848 4364 1899 4408; x_wconf 85' lang='lat' dir='ltr'><strong>et</strong></span> <span class='ocrx_word' id='word_1_441' title='bbox 1933 4364 2133 4408; x_wconf 79' lang='lat' dir='ltr'><strong>onerati</strong></span> 
     </span>
    </p>
   </div>
   <div class='ocr_carea' id='block_1_63' title="bbox 561 4447 2130 4520">
    <p class='ocr_par' dir='ltr' id='par_1_63' title="bbox 561 4447 2130 4520">
     <span class='ocr_line' id='line_1_63' title="bbox 561 4447 2130 4520; baseline 0.001 -22"><span class='ocrx_word' id='word_1_442' title='bbox 561 4447 710 4509; x_wconf 82' lang='lat' dir='ltr'><strong>estis,</strong></span> <span class='ocrx_word' id='word_1_443' title='bbox 754 4455 805 4500; x_wconf 89' lang='lat' dir='ltr'><strong>et</strong></span> <span class='ocrx_word' id='word_1_444' title='bbox 840 4463 931 4518; x_wconf 90' lang='lat' dir='ltr'><strong>ego</strong></span> <span class='ocrx_word' id='word_1_445' title='bbox 966 4450 1205 4519; x_wconf 83' lang='lat' dir='ltr'><strong>reﬁciam</strong></span> <span class='ocrx_word' id='word_1_446' title='bbox 1237 4465 1325 4504; x_wconf 85' lang='lat' dir='ltr'><strong>vos</strong></span> <span class='ocrx_word' id='word_1_447' title='bbox 1369 4449 1587 4520; x_wconf 80' lang='lat' dir='ltr'><strong>(Matth.</strong></span> <span class='ocrx_word' id='word_1_448' title='bbox 1625 4465 1702 4512; x_wconf 73' lang='grc' dir='ltr'><strong>ιι,</strong></span> <span class='ocrx_word' id='word_1_449' title='bbox 1751 4447 1880 4519; x_wconf 86' lang='lat'><strong>28);</strong></span> <span class='ocrx_word' id='word_1_450' title='bbox 1915 4462 2018 4503; x_wconf 91' lang='lat' dir='ltr'><strong>nec</strong></span> <span class='ocrx_word' id='word_1_451' title='bbox 2045 4456 2130 4501; x_wconf 83' lang='lat' dir='ltr'><strong>ta-</strong></span> 
     </span>
    </p>
   </div>
   <div class='ocr_carea' id='block_1_64' title="bbox 564 4540 2128 4601">
    <p class='ocr_par' dir='ltr' id='par_1_64' title="bbox 564 4540 2128 4601">
     <span class='ocr_line' id='line_1_64' title="bbox 564 4540 2128 4601; baseline 0.003 -11"><span class='ocrx_word' id='word_1_452' title='bbox 564 4551 689 4591; x_wconf 88' lang='lat' dir='ltr'><strong>men</strong></span> <span class='ocrx_word' id='word_1_453' title='bbox 723 4540 1007 4596; x_wconf 87' lang='lat' dir='ltr'><strong>acceditis.</strong></span> <span class='ocrx_word' id='word_1_454' title='bbox 1061 4541 1214 4597; x_wconf 86' lang='lat' dir='ltr'><strong>llane</strong></span> <span class='ocrx_word' id='word_1_455' title='bbox 1248 4550 1429 4597; x_wconf 88' lang='lat' dir='ltr'><strong>autem</strong></span> <span class='ocrx_word' id='word_1_456' title='bbox 1469 4541 1790 4601; x_wconf 81' lang='lat' dir='ltr'><strong>submoveo,</strong></span> <span class='ocrx_word' id='word_1_457' title='bbox 1838 4548 1893 4595; x_wconf 91' lang='lat' dir='ltr'><strong>et</strong></span> <span class='ocrx_word' id='word_1_458' title='bbox 1944 4549 2128 4595; x_wconf 89' lang='lat' dir='ltr'><strong>tamen</strong></span> 
     </span>
    </p>
   </div>
   <div class='ocr_carea' id='block_1_65' title="bbox 563 4632 2132 4706">
    <p class='ocr_par' dir='ltr' id='par_1_65' title="bbox 563 4632 2132 4706">
     <span class='ocr_line' id='line_1_65' title="bbox 563 4632 2132 4706; baseline 0 -19"><span class='ocrx_word' id='word_1_459' title='bbox 563 4649 831 4689; x_wconf 77' lang='lat' dir='ltr'><strong>remanet.</strong></span> <span class='ocrx_word' id='word_1_460' title='bbox 890 4632 1071 4688; x_wconf 83' lang='lat' dir='ltr'><strong>Palam</strong></span> <span class='ocrx_word' id='word_1_461' title='bbox 1122 4635 1353 4706; x_wconf 88' lang='lat' dir='ltr'><strong>apparui</strong></span> <span class='ocrx_word' id='word_1_462' title='bbox 1402 4635 1486 4690; x_wconf 91' lang='lat' dir='ltr'><strong>eis</strong></span> <span class='ocrx_word' id='word_1_463' title='bbox 1524 4634 1618 4705; x_wconf 89' lang='lat' dir='ltr'><strong>qui</strong></span> <span class='ocrx_word' id='word_1_464' title='bbox 1657 4648 1742 4688; x_wconf 93' lang='lat' dir='ltr'><strong>me</strong></span> <span class='ocrx_word' id='word_1_465' title='bbox 1778 4647 1887 4688; x_wconf 90' lang='lat' dir='ltr'><strong>non</strong></span> <span class='ocrx_word' id='word_1_466' title='bbox 1917 4647 2132 4703; x_wconf 64' lang='lat' dir='ltr'><strong>quaere-</strong></span> 
     </span>
    </p>
   </div>
   <div class='ocr_carea' id='block_1_66' title="bbox 563 4725 2131 4799">
    <p class='ocr_par' dir='ltr' id='par_1_66' title="bbox 563 4725 2131 4799">
     <span class='ocr_line' id='line_1_66' title="bbox 563 4725 2131 4799; baseline -0.001 -16"><span class='ocrx_word' id='word_1_467' title='bbox 563 4728 714 4783; x_wconf 88' lang='lat' dir='ltr'><strong>bant.</strong></span> <span class='ocrx_word' id='word_1_468' title='bbox 748 4727 959 4782; x_wconf 89' lang='lat' dir='ltr'><strong>Dimitte</strong></span> <span class='ocrx_word' id='word_1_469' title='bbox 986 4742 1126 4793; x_wconf 86' lang='lat' dir='ltr'><strong>eam,</strong></span> <span class='ocrx_word' id='word_1_470' title='bbox 1157 4728 1285 4799; x_wconf 88' lang='lat' dir='ltr'><strong>quia</strong></span> <span class='ocrx_word' id='word_1_471' title='bbox 1315 4728 1511 4782; x_wconf 86' lang='lat' dir='ltr'><strong>clamat</strong></span> <span class='ocrx_word' id='word_1_472' title='bbox 1547 4736 1664 4797; x_wconf 82' lang='lat' dir='ltr'><strong>post</strong></span> <span class='ocrx_word' id='word_1_473' title='bbox 1688 4743 1801 4781; x_wconf 88' lang='lat' dir='ltr'><strong>nos.</strong></span> <span class='ocrx_word' id='word_1_474' title='bbox 1833 4725 2131 4781; x_wconf 80' lang='lat' dir='ltr'><strong>Videamus</strong></span> 
     </span>
    </p>
   </div>
   <div class='ocr_carea' id='block_1_67' title="bbox 561 4817 2130 4892">
    <p class='ocr_par' dir='ltr' id='par_1_67' title="bbox 561 4817 2130 4892">
     <span class='ocr_line' id='line_1_67' title="bbox 561 4817 2130 4892; baseline -0.003 -16"><span class='ocrx_word' id='word_1_475' title='bbox 561 4821 748 4892; x_wconf 88' lang='lat' dir='ltr'><strong>itaque</strong></span> <span class='ocrx_word' id='word_1_476' title='bbox 780 4821 911 4891; x_wconf 91' lang='lat' dir='ltr'><strong>quid</strong></span> <span class='ocrx_word' id='word_1_477' title='bbox 944 4830 1177 4892; x_wconf 87' lang='lat' dir='ltr'><strong>regerat.</strong></span> <span class='ocrx_word' id='word_1_478' title='bbox 1206 4820 1329 4874; x_wconf 87' lang='lat' dir='ltr'><strong>Non</strong></span> <span class='ocrx_word' id='word_1_479' title='bbox 1354 4837 1471 4875; x_wconf 85' lang='lat' dir='ltr'><strong>sum</strong></span> <span class='ocrx_word' id='word_1_480' title='bbox 1502 4821 1718 4884; x_wconf 84' lang='lat' dir='ltr'><strong>missus,</strong></span> <span class='ocrx_word' id='word_1_481' title='bbox 1765 4819 1870 4871; x_wconf 91' lang='lat' dir='ltr'><strong>nisi</strong></span> <span class='ocrx_word' id='word_1_482' title='bbox 1907 4817 1976 4871; x_wconf 88' lang='lat' dir='ltr'><strong>ad</strong></span> <span class='ocrx_word' id='word_1_483' title='bbox 2015 4834 2130 4871; x_wconf 84' lang='lat' dir='ltr'><strong>oves</strong></span> 
     </span>
    </p>
   </div>
   <div class='ocr_carea' id='block_1_68' title="bbox 557 4910 2128 4983">
    <p class='ocr_par' dir='ltr' id='par_1_68' title="bbox 557 4910 2128 4983">
     <span class='ocr_line' id='line_1_68' title="bbox 557 4910 2128 4983; baseline -0.004 -16"><span class='ocrx_word' id='word_1_484' title='bbox 557 4930 675 4982; x_wconf 75' lang='lat' dir='ltr'><strong>qua:</strong></span> <span class='ocrx_word' id='word_1_485' title='bbox 701 4914 970 4983; x_wconf 86' lang='lat' dir='ltr'><strong>perierunt</strong></span> <span class='ocrx_word' id='word_1_486' title='bbox 998 4913 1185 4967; x_wconf 87' lang='lat' dir='ltr'><strong>domus</strong></span> <span class='ocrx_word' id='word_1_487' title='bbox 1216 4912 1410 4967; x_wconf 87' lang='lat' dir='ltr'><strong>Israel.</strong></span> <span class='ocrx_word' id='word_1_488' title='bbox 1443 4911 1540 4967; x_wconf 85' lang='lat' dir='ltr'><strong>His</strong></span> <span class='ocrx_word' id='word_1_489' title='bbox 1579 4912 1669 4965; x_wconf 88' lang='lat' dir='ltr'><strong>illa</strong></span> <span class='ocrx_word' id='word_1_490' title='bbox 1704 4910 1929 4973; x_wconf 90' lang='lat' dir='ltr'><strong>auditis,</strong></span> <span class='ocrx_word' id='word_1_491' title='bbox 1970 4911 2128 4975; x_wconf 82' lang='lat' dir='ltr'><strong>venit,</strong></span> 
     </span>
    </p>
   </div>
   <div class='ocr_carea' id='block_1_69' title="bbox 557 5001 2127 5074">
    <p class='ocr_par' dir='ltr' id='par_1_69' title="bbox 557 5001 2127 5074">
     <span class='ocr_line' id='line_1_69' title="bbox 557 5001 2127 5074; baseline -0.004 -12"><span class='ocrx_word' id='word_1_492' title='bbox 557 5019 605 5062; x_wconf 87' lang='lat' dir='ltr'><strong>et</strong></span> <span class='ocrx_word' id='word_1_493' title='bbox 634 5007 899 5071; x_wconf 82' lang='lat' dir='ltr'><strong>adoravit,</strong></span> <span class='ocrx_word' id='word_1_494' title='bbox 931 5006 1148 5061; x_wconf 88' lang='lat' dir='ltr'><strong>dicens:</strong></span> <span class='ocrx_word' id='word_1_495' title='bbox 1176 5005 1383 5071; x_wconf 82' lang='lat' dir='ltr'><strong>Etiam,</strong></span> <span class='ocrx_word' id='word_1_496' title='bbox 1406 5003 1632 5059; x_wconf 85' lang='lat' dir='ltr'><strong>Domine</strong></span> <span class='ocrx_word' id='word_1_497' title='bbox 1657 5001 1874 5074; x_wconf 82' lang='lat' dir='ltr'><strong>(Matth.</strong></span> <span class='ocrx_word' id='word_1_498' title='bbox 1903 5017 1990 5065; x_wconf 77' lang='lat' dir='ltr'><strong>xv,</strong></span> <span class='ocrx_word' id='word_1_499' title='bbox 2012 5001 2127 5071; x_wconf 81' lang='lat'><strong>25).</strong></span> 
     </span>
    </p>
   </div>
   <div class='ocr_carea' id='block_1_70' title="bbox 560 5095 2130 5170">
    <p class='ocr_par' dir='ltr' id='par_1_70' title="bbox 560 5095 2130 5170">
     <span class='ocr_line' id='line_1_70' title="bbox 560 5095 2130 5170; baseline -0.004 -16"><span class='ocrx_word' id='word_1_500' title='bbox 560 5102 665 5165; x_wconf 80' lang='lat' dir='ltr'><strong>Qui</strong></span> <span class='ocrx_word' id='word_1_501' title='bbox 694 5101 959 5170; x_wconf 82' lang='lat' dir='ltr'><strong>respondit</strong></span> <span class='ocrx_word' id='word_1_502' title='bbox 985 5116 1002 5154; x_wconf 89' lang='lat'><em>:</em></span> <span class='ocrx_word' id='word_1_503' title='bbox 1024 5100 1148 5154; x_wconf 84' lang='lat' dir='ltr'><strong>Non</strong></span> <span class='ocrx_word' id='word_1_504' title='bbox 1185 5107 1263 5153; x_wconf 86' lang='lat' dir='ltr'><strong>est</strong></span> <span class='ocrx_word' id='word_1_505' title='bbox 1301 5098 1491 5151; x_wconf 82' lang='lat' dir='ltr'><strong>bonum</strong></span> <span class='ocrx_word' id='word_1_506' title='bbox 1521 5113 1725 5152; x_wconf 87' lang='lat' dir='ltr'><strong>sumere</strong></span> <span class='ocrx_word' id='word_1_507' title='bbox 1766 5111 1953 5164; x_wconf 84' lang='lat' dir='ltr'><strong>panem</strong></span> <span class='ocrx_word' id='word_1_508' title='bbox 1986 5095 2130 5165; x_wconf 83' lang='lat' dir='ltr'><strong>ﬁlio-</strong></span> 
     </span>
    </p>
   </div>
   <div class='ocr_carea' id='block_1_71' title="bbox 556 5187 2131 5262">
    <p class='ocr_par' dir='ltr' id='par_1_71' title="bbox 556 5187 2131 5262">
     <span class='ocr_line' id='line_1_71' title="bbox 556 5187 2131 5262; baseline -0.003 -16"><span class='ocrx_word' id='word_1_509' title='bbox 556 5209 698 5254; x_wconf 86' lang='lat' dir='ltr'><strong>rum,</strong></span> <span class='ocrx_word' id='word_1_510' title='bbox 748 5203 797 5248; x_wconf 86' lang='lat' dir='ltr'><strong>et</strong></span> <span class='ocrx_word' id='word_1_511' title='bbox 856 5195 1061 5247; x_wconf 86' lang='lat' dir='ltr'><strong>mittere</strong></span> <span class='ocrx_word' id='word_1_512' title='bbox 1090 5191 1308 5247; x_wconf 83' lang='lat' dir='ltr'><strong>canibus</strong></span> <span class='ocrx_word' id='word_1_513' title='bbox 1355 5189 1522 5262; x_wconf 84' lang='lat' dir='ltr'><strong>(Ibid.</strong></span> <span class='ocrx_word' id='word_1_514' title='bbox 1570 5188 1696 5258; x_wconf 88' lang='lat'><strong>26).</strong></span> <span class='ocrx_word' id='word_1_515' title='bbox 1736 5187 1879 5255; x_wconf 79' lang='lat' dir='ltr'><strong>Quid</strong></span> <span class='ocrx_word' id='word_1_516' title='bbox 1928 5188 2131 5257; x_wconf 87' lang='lat' dir='ltr'><strong>igitur?</strong></span> 
     </span>
    </p>
   </div>
   <div class='ocr_carea' id='block_1_72' title="bbox 560 5285 2131 5355">
    <p class='ocr_par' dir='ltr' id='par_1_72' title="bbox 560 5285 2131 5355">
     <span class='ocr_line' id='line_1_72' title="bbox 560 5285 2131 5355; baseline -0.002 -16"><span class='ocrx_word' id='word_1_517' title='bbox 560 5286 761 5355; x_wconf 83' lang='lat' dir='ltr'><strong>Etiam,</strong></span> <span class='ocrx_word' id='word_1_518' title='bbox 806 5287 1052 5351; x_wconf 87' lang='lat' dir='ltr'><strong>Domine,</strong></span> <span class='ocrx_word' id='word_1_519' title='bbox 1107 5285 1287 5354; x_wconf 90' lang='lat' dir='ltr'><strong>inquit</strong></span> <span class='ocrx_word' id='word_1_520' title='bbox 1319 5301 1337 5339; x_wconf 92' lang='lat'><strong>:</strong></span> <span class='ocrx_word' id='word_1_521' title='bbox 1370 5298 1459 5338; x_wconf 89' lang='lat' dir='ltr'><strong>me</strong></span> <span class='ocrx_word' id='word_1_522' title='bbox 1488 5297 1680 5337; x_wconf 89' lang='lat' dir='ltr'><strong>canem</strong></span> <span class='ocrx_word' id='word_1_523' title='bbox 1722 5296 1912 5344; x_wconf 89' lang='lat' dir='ltr'><strong>vocas,</strong></span> <span class='ocrx_word' id='word_1_524' title='bbox 1945 5296 2047 5350; x_wconf 85' lang='lat' dir='ltr'><strong>ego</strong></span> <span class='ocrx_word' id='word_1_525' title='bbox 2079 5291 2131 5336; x_wconf 89' lang='lat' dir='ltr'><strong>te</strong></span> 
     </span>
    </p>
   </div>
   <div class='ocr_carea' id='block_1_73' title="bbox 557 5374 2131 5449">
    <p class='ocr_par' dir='ltr' id='par_1_73' title="bbox 557 5374 2131 5449">
     <span class='ocr_line' id='line_1_73' title="bbox 557 5374 2131 5449; baseline -0.001 -18"><span class='ocrx_word' id='word_1_526' title='bbox 557 5378 847 5432; x_wconf 90' lang='lat' dir='ltr'><strong>Dominum</strong></span> <span class='ocrx_word' id='word_1_527' title='bbox 885 5379 1098 5449; x_wconf 88' lang='lat' dir='ltr'><strong>appello</strong></span> <span class='ocrx_word' id='word_1_528' title='bbox 1123 5394 1137 5439; x_wconf 89' lang='lat'><strong>;</strong></span> <span class='ocrx_word' id='word_1_529' title='bbox 1167 5385 1222 5431; x_wconf 90' lang='lat' dir='ltr'><strong>tu</strong></span> <span class='ocrx_word' id='word_1_530' title='bbox 1248 5393 1333 5433; x_wconf 90' lang='lat' dir='ltr'><strong>me</strong></span> <span class='ocrx_word' id='word_1_531' title='bbox 1362 5374 1697 5431; x_wconf 83' lang='lat' dir='ltr'><strong>contumelia</strong></span> <span class='ocrx_word' id='word_1_532' title='bbox 1722 5374 1915 5435; x_wconf 82' lang='lat' dir='ltr'><strong>aﬂicis.</strong></span> <span class='ocrx_word' id='word_1_533' title='bbox 1948 5390 2049 5444; x_wconf 85' lang='lat' dir='ltr'><strong>ego</strong></span> <span class='ocrx_word' id='word_1_534' title='bbox 2076 5384 2131 5429; x_wconf 87' lang='lat' dir='ltr'><strong>te</strong></span> 
     </span>
    </p>
   </div>
   <div class='ocr_carea' id='block_1_74' title="bbox 557 5466 2132 5533">
    <p class='ocr_par' dir='ltr' id='par_1_74' title="bbox 557 5466 2132 5533">
     <span class='ocr_line' id='line_1_74' title="bbox 557 5466 2132 5533; baseline -0.002 -11"><span class='ocrx_word' id='word_1_535' title='bbox 557 5469 744 5523; x_wconf 86' lang='lat' dir='ltr'><strong>laudo.</strong></span> <span class='ocrx_word' id='word_1_536' title='bbox 779 5468 981 5533; x_wconf 87' lang='lat' dir='ltr'><strong>Etiam,</strong></span> <span class='ocrx_word' id='word_1_537' title='bbox 1002 5468 1221 5522; x_wconf 86' lang='lat' dir='ltr'><strong>Domine</strong></span> <span class='ocrx_word' id='word_1_538' title='bbox 1250 5483 1270 5522; x_wconf 90' lang='lat'><strong><em>:</em></strong></span> <span class='ocrx_word' id='word_1_539' title='bbox 1308 5484 1434 5521; x_wconf 91' lang='lat' dir='ltr'><strong>nam</strong></span> <span class='ocrx_word' id='word_1_540' title='bbox 1469 5475 1517 5521; x_wconf 90' lang='lat' dir='ltr'><strong>et</strong></span> <span class='ocrx_word' id='word_1_541' title='bbox 1559 5467 1735 5520; x_wconf 80' lang='lat' dir='ltr'><strong>catelli</strong></span> <span class='ocrx_word' id='word_1_542' title='bbox 1767 5466 2041 5519; x_wconf 85' lang='lat' dir='ltr'><strong>comedunt</strong></span> <span class='ocrx_word' id='word_1_543' title='bbox 2068 5468 2132 5519; x_wconf 86' lang='lat' dir='ltr'><strong>de</strong></span> 
     </span>
    </p>
   </div>
   <div class='ocr_carea' id='block_1_75' title="bbox 558 5557 2127 5630">
    <p class='ocr_par' dir='ltr' id='par_1_75' title="bbox 558 5557 2127 5630">
     <span class='ocr_line' id='line_1_75' title="bbox 558 5557 2127 5630; baseline -0.003 -16"><span class='ocrx_word' id='word_1_544' title='bbox 558 5562 706 5615; x_wconf 85' lang='lat' dir='ltr'><strong>micis</strong></span> <span class='ocrx_word' id='word_1_545' title='bbox 724 5577 838 5630; x_wconf 66' lang='lat' dir='ltr'><strong>quia</strong></span> <span class='ocrx_word' id='word_1_546' title='bbox 859 5562 1054 5615; x_wconf 80' lang='lat' dir='ltr'><strong>cadunt</strong></span> <span class='ocrx_word' id='word_1_547' title='bbox 1068 5561 1136 5616; x_wconf 84' lang='lat' dir='ltr'><strong>de</strong></span> <span class='ocrx_word' id='word_1_548' title='bbox 1155 5577 1337 5615; x_wconf 88' lang='lat' dir='ltr'><strong>mensa</strong></span> <span class='ocrx_word' id='word_1_549' title='bbox 1362 5560 1697 5615; x_wconf 88' lang='lat' dir='ltr'><strong>dominorum</strong></span> <span class='ocrx_word' id='word_1_550' title='bbox 1714 5574 1933 5612; x_wconf 89' lang='lat' dir='ltr'><strong>suorum</strong></span> <span class='ocrx_word' id='word_1_551' title='bbox 1960 5557 2127 5625; x_wconf 85' lang='lat' dir='ltr'><strong>(Ibid.</strong></span> 
     </span>
    </p>
   </div>
   <div class='ocr_carea' id='block_1_76' title="bbox 553 5648 2130 5721">
    <p class='ocr_par' dir='ltr' id='par_1_76' title="bbox 553 5648 2130 5721">
     <span class='ocr_line' id='line_1_76' title="bbox 553 5648 2130 5721; baseline -0.003 -14"><span class='ocrx_word' id='word_1_552' title='bbox 553 5651 670 5721; x_wconf 88' lang='lat'><strong>27).</strong></span> <span class='ocrx_word' id='word_1_553' title='bbox 702 5651 746 5704; x_wconf 84' lang='grc' dir='ltr'><strong>Ο</strong></span> <span class='ocrx_word' id='word_1_554' title='bbox 786 5652 1111 5720; x_wconf 88' lang='lat' dir='ltr'><strong>sapientiam</strong></span> <span class='ocrx_word' id='word_1_555' title='bbox 1136 5650 1389 5705; x_wconf 86' lang='lat' dir='ltr'><strong>mulieris</strong></span> <span class='ocrx_word' id='word_1_556' title='bbox 1414 5652 1427 5703; x_wconf 70' lang='grc' dir='ltr'><strong>ί</strong></span> <span class='ocrx_word' id='word_1_557' title='bbox 1462 5648 1665 5704; x_wconf 80' lang='lat' dir='ltr'><strong>Canem</strong></span> <span class='ocrx_word' id='word_1_558' title='bbox 1694 5663 1780 5702; x_wconf 88' lang='lat' dir='ltr'><strong>me</strong></span> <span class='ocrx_word' id='word_1_559' title='bbox 1810 5648 2017 5703; x_wconf 86' lang='lat' dir='ltr'><strong>vocas?</strong></span> <span class='ocrx_word' id='word_1_560' title='bbox 2044 5661 2130 5702; x_wconf 90' lang='lat' dir='ltr'><strong>me</strong></span> 
     </span>
    </p>
   </div>
   <div class='ocr_carea' id='block_1_77' title="bbox 556 5739 2130 5804">
    <p class='ocr_par' dir='ltr' id='par_1_77' title="bbox 556 5739 2130 5804">
     <span class='ocr_line' id='line_1_77' title="bbox 556 5739 2130 5804; baseline -0.004 0"><span class='ocrx_word' id='word_1_561' title='bbox 556 5751 703 5804; x_wconf 81' lang='lat' dir='ltr'><strong>sicut</strong></span> <span class='ocrx_word' id='word_1_562' title='bbox 737 5762 929 5804; x_wconf 89' lang='lat' dir='ltr'><strong>canem</strong></span> <span class='ocrx_word' id='word_1_563' title='bbox 976 5747 1083 5801; x_wconf 89' lang='lat' dir='ltr'><strong>ale.</strong></span> <span class='ocrx_word' id='word_1_564' title='bbox 1118 5745 1388 5801; x_wconf 88' lang='lat' dir='ltr'><strong>Probrum</strong></span> <span class='ocrx_word' id='word_1_565' title='bbox 1433 5746 1537 5799; x_wconf 81' lang='lat' dir='ltr'><strong>hoc</strong></span> <span class='ocrx_word' id='word_1_566' title='bbox 1587 5758 1703 5798; x_wconf 93' lang='lat' dir='ltr'><strong>non</strong></span> <span class='ocrx_word' id='word_1_567' title='bbox 1756 5756 1973 5797; x_wconf 87' lang='lat' dir='ltr'><strong>recuso.</strong></span> <span class='ocrx_word' id='word_1_568' title='bbox 2019 5739 2130 5798; x_wconf 88' lang='lat' dir='ltr'><strong>Fac</strong></span> 
     </span>
    </p>
   </div>
   <div class='ocr_carea' id='block_1_78' title="bbox 557 5832 2125 5910">
    <p class='ocr_par' dir='ltr' id='par_1_78' title="bbox 557 5832 2125 5910">
     <span class='ocr_line' id='line_1_78' title="bbox 557 5832 2125 5910; baseline -0.003 -16"><span class='ocrx_word' id='word_1_569' title='bbox 557 5840 725 5910; x_wconf 88' lang='lat' dir='ltr'><strong>igitur</strong></span> <span class='ocrx_word' id='word_1_570' title='bbox 753 5840 910 5896; x_wconf 89' lang='lat' dir='ltr'><strong>canis</strong></span> <span class='ocrx_word' id='word_1_571' title='bbox 959 5839 1273 5894; x_wconf 89' lang='lat' dir='ltr'><strong>alimoniam</strong></span> <span class='ocrx_word' id='word_1_572' title='bbox 1332 5836 1619 5907; x_wconf 85' lang='lat' dir='ltr'><strong>accipiam.</strong></span> <span class='ocrx_word' id='word_1_573' title='bbox 1670 5832 1872 5890; x_wconf 85' lang='lat' dir='ltr'><strong>Canem</strong></span> <span class='ocrx_word' id='word_1_574' title='bbox 1910 5848 1997 5903; x_wconf 85' lang='lat' dir='ltr'><strong>me</strong></span> <span class='ocrx_word' id='word_1_575' title='bbox 2029 5847 2125 5889; x_wconf 64' lang='lat' dir='ltr'><strong>voo</strong></span> 
     </span>
    </p>
   </div>
   <div class='ocr_carea' id='block_1_79' title="bbox 2235 1951 3819 2023">
    <p class='ocr_par' dir='ltr' id='par_1_79' title="bbox 2235 1951 3819 2023">
     <span class='ocr_line' id='line_1_79' title="bbox 2235 1951 3819 2023; baseline -0.009 -12"><span class='ocrx_word' id='word_1_576' title='bbox 2235 1958 2359 2012; x_wconf 83' lang='grc' dir='ltr'>ούτε</span> <span class='ocrx_word' id='word_1_577' title='bbox 2381 1956 2614 2011; x_wconf 83' lang='grc' dir='ltr'>ἀκοῦσαι</span> <span class='ocrx_word' id='word_1_578' title='bbox 2648 1954 2827 2008; x_wconf 84' lang='grc' dir='ltr'>αὐτῶν</span> <span class='ocrx_word' id='word_1_579' title='bbox 2847 1953 3127 2023; x_wconf 77' lang='grc' dir='ltr'><strong>ἠνείχοντο</strong></span> <span class='ocrx_word' id='word_1_580' title='bbox 3148 1952 3197 2004; x_wconf 83' lang='grc' dir='ltr'>οἱ</span> <span class='ocrx_word' id='word_1_581' title='bbox 3233 1951 3514 2015; x_wconf 80' lang='grc' dir='ltr'>Ἰουδαῖοι,</span> <span class='ocrx_word' id='word_1_582' title='bbox 3544 1951 3649 2002; x_wconf 77' lang='grc' dir='ltr'>τὸν</span> <span class='ocrx_word' id='word_1_583' title='bbox 3679 1952 3819 2017; x_wconf 58' lang='grc' dir='ltr'>νόμω</span> 
     </span>
    </p>
   </div>
   <div class='ocr_carea' id='block_1_80' title="bbox 2233 2041 3819 2117">
    <p class='ocr_par' dir='ltr' id='par_1_80' title="bbox 2233 2041 3819 2117">
     <span class='ocr_line' id='line_1_80' title="bbox 2233 2041 3819 2117; baseline -0.008 -13"><span class='ocrx_word' id='word_1_584' title='bbox 2233 2050 2534 2113; x_wconf 78' lang='grc' dir='ltr'><strong>τελοῦντες,</strong></span> <span class='ocrx_word' id='word_1_585' title='bbox 2557 2049 2650 2102; x_wconf 77' lang='grc' dir='ltr'>καὶ</span> <span class='ocrx_word' id='word_1_586' title='bbox 2665 2045 3003 2117; x_wconf 80' lang='grc' dir='ltr'>πληροῦντες</span> <span class='ocrx_word' id='word_1_587' title='bbox 3026 2043 3210 2098; x_wconf 84' lang='grc' dir='ltr'>αὐτόν.</span> <span class='ocrx_word' id='word_1_588' title='bbox 3239 2043 3469 2111; x_wconf 81' lang='grc' dir='ltr'><strong>Ἐπειδὴ</strong></span> <span class='ocrx_word' id='word_1_589' title='bbox 3499 2044 3532 2111; x_wconf 79' lang='grc' dir='ltr'><strong>ἠ</strong></span> <span class='ocrx_word' id='word_1_590' title='bbox 3571 2041 3715 2109; x_wconf 73' lang='grc' dir='ltr'>γυνὴ</span> <span class='ocrx_word' id='word_1_591' title='bbox 3732 2041 3819 2092; x_wconf 76' lang='lat' dir='ltr'><strong>Xa-</strong></span> 
     </span>
    </p>
   </div>
   <div class='ocr_carea' id='block_1_81' title="bbox 2235 2132 3814 2213">
    <p class='ocr_par' dir='ltr' id='par_1_81' title="bbox 2235 2132 3814 2213">
     <span class='ocr_line' id='line_1_81' title="bbox 2235 2132 3814 2213; baseline -0.008 -17"><span class='ocrx_word' id='word_1_592' title='bbox 2235 2144 2429 2198; x_wconf 87' lang='grc' dir='ltr'>ναναία</span> <span class='ocrx_word' id='word_1_593' title='bbox 2452 2138 2540 2213; x_wconf 84' lang='grc' dir='ltr'>ἧν,</span> <span class='ocrx_word' id='word_1_594' title='bbox 2594 2140 2692 2193; x_wconf 72' lang='grc' dir='ltr'><strong>καὶ</strong></span> <span class='ocrx_word' id='word_1_595' title='bbox 2719 2136 2816 2193; x_wconf 80' lang='grc' dir='ltr'>τοῦ</span> <span class='ocrx_word' id='word_1_596' title='bbox 2844 2138 2998 2209; x_wconf 87' lang='grc' dir='ltr'>ὁρίου</span> <span class='ocrx_word' id='word_1_597' title='bbox 3029 2136 3244 2189; x_wconf 82' lang='grc' dir='ltr'>ἐκείνου</span> <span class='ocrx_word' id='word_1_598' title='bbox 3286 2134 3385 2187; x_wconf 76' lang='grc' dir='ltr'>τοῦ</span> <span class='ocrx_word' id='word_1_599' title='bbox 3418 2132 3814 2204; x_wconf 68' lang='grc' dir='ltr'>ἀπειρημένου,</span> 
     </span>
    </p>
   </div>
   <div class='ocr_carea' id='block_1_82' title="bbox 2235 2226 3815 2302">
    <p class='ocr_par' dir='ltr' id='par_1_82' title="bbox 2235 2226 3815 2302">
     <span class='ocr_line' id='line_1_82' title="bbox 2235 2226 3815 2302; baseline -0.008 -11"><span class='ocrx_word' id='word_1_600' title='bbox 2235 2237 2365 2290; x_wconf 76' lang='grc' dir='ltr'>ἔνθα</span> <span class='ocrx_word' id='word_1_601' title='bbox 2386 2236 2483 2290; x_wconf 74' lang='grc' dir='ltr'>καὶ</span> <span class='ocrx_word' id='word_1_602' title='bbox 2513 2235 2707 2299; x_wconf 87' lang='grc' dir='ltr'><strong>λύσσα,</strong></span> <span class='ocrx_word' id='word_1_603' title='bbox 2736 2231 2833 2286; x_wconf 67' lang='grc' dir='ltr'>καὶ</span> <span class='ocrx_word' id='word_1_604' title='bbox 2858 2230 3155 2302; x_wconf 72' lang='grc' dir='ltr'>μανία,καὶ</span> <span class='ocrx_word' id='word_1_605' title='bbox 3181 2228 3410 2282; x_wconf 77' lang='grc' dir='ltr'>ἀσέϐεια</span> <span class='ocrx_word' id='word_1_606' title='bbox 3431 2229 3723 2288; x_wconf 69' lang='grc' dir='ltr'>ἐπέκειτο,</span> <span class='ocrx_word' id='word_1_607' title='bbox 3741 2226 3815 2279; x_wconf 67' lang='grc' dir='ltr'>καὶ</span> 
     </span>
    </p>
   </div>
   <div class='ocr_carea' id='block_1_83' title="bbox 2234 2320 3815 2398">
    <p class='ocr_par' dir='ltr' id='par_1_83' title="bbox 2234 2320 3815 2398">
     <span class='ocr_line' id='line_1_83' title="bbox 2234 2320 3815 2398; baseline -0.008 -15"><span class='ocrx_word' id='word_1_608' title='bbox 2234 2330 2482 2383; x_wconf 80' lang='grc' dir='ltr'>διαῦόλου</span> <span class='ocrx_word' id='word_1_609' title='bbox 2519 2325 2798 2398; x_wconf 75' lang='grc' dir='ltr'>τυραννὶς,</span> <span class='ocrx_word' id='word_1_610' title='bbox 2824 2324 2919 2377; x_wconf 78' lang='grc' dir='ltr'>καὶ</span> <span class='ocrx_word' id='word_1_611' title='bbox 2957 2323 3227 2393; x_wconf 82' lang='grc' dir='ltr'>δαιμόνων</span> <span class='ocrx_word' id='word_1_612' title='bbox 3270 2320 3507 2391; x_wconf 80' lang='grc' dir='ltr'><strong>βάκχαι,</strong></span> <span class='ocrx_word' id='word_1_613' title='bbox 3541 2320 3647 2373; x_wconf 79' lang='grc' dir='ltr'>καὶ</span> <span class='ocrx_word' id='word_1_614' title='bbox 3674 2320 3815 2388; x_wconf 65' lang='grc' dir='ltr'>φύσις</span> 
     </span>
    </p>
   </div>
   <div class='ocr_carea' id='block_1_84' title="bbox 2236 2413 3814 2493">
    <p class='ocr_par' dir='ltr' id='par_1_84' title="bbox 2236 2413 3814 2493">
     <span class='ocr_line' id='line_1_84' title="bbox 2236 2413 3814 2493; baseline -0.01 -16"><span class='ocrx_word' id='word_1_615' title='bbox 2236 2422 2573 2493; x_wconf 81' lang='grc' dir='ltr'>πατουμένη,</span> <span class='ocrx_word' id='word_1_616' title='bbox 2613 2421 2708 2475; x_wconf 79' lang='grc' dir='ltr'>καὶ</span> <span class='ocrx_word' id='word_1_617' title='bbox 2753 2420 2834 2482; x_wconf 83' lang='grc' dir='ltr'><strong>είς</strong></span> <span class='ocrx_word' id='word_1_618' title='bbox 2877 2416 3088 2485; x_wconf 82' lang='grc' dir='ltr'>ἀλόγων</span> <span class='ocrx_word' id='word_1_619' title='bbox 3132 2414 3359 2483; x_wconf 79' lang='grc' dir='ltr'>ἀλογίαν</span> <span class='ocrx_word' id='word_1_620' title='bbox 3404 2413 3814 2482; x_wconf 73' lang='grc' dir='ltr'>κατενεχθεῖσα,</span> 
     </span>
    </p>
   </div>
   <div class='ocr_carea' id='block_1_85' title="bbox 2237 2502 3816 2586">
    <p class='ocr_par' dir='ltr' id='par_1_85' title="bbox 2237 2502 3816 2586">
     <span class='ocr_line' id='line_1_85' title="bbox 2237 2502 3816 2586; baseline -0.009 -16"><span class='ocrx_word' id='word_1_621' title='bbox 2237 2519 2317 2580; x_wconf 85' lang='grc' dir='ltr'><strong>είς</strong></span> <span class='ocrx_word' id='word_1_622' title='bbox 2349 2515 2618 2586; x_wconf 83' lang='grc' dir='ltr'>δαιμόνων</span> <span class='ocrx_word' id='word_1_623' title='bbox 2648 2512 2870 2567; x_wconf 76' lang='grc' dir='ltr'>κακίαν.</span> <span class='ocrx_word' id='word_1_624' title='bbox 2891 2509 3235 2582; x_wconf 80' lang='grc' dir='ltr'>Προσέτασσε</span> <span class='ocrx_word' id='word_1_625' title='bbox 3261 2507 3319 2559; x_wconf 83' lang='grc' dir='ltr'><strong>δέ</strong></span> <span class='ocrx_word' id='word_1_626' title='bbox 3344 2508 3372 2559; x_wconf 85' lang='grc' dir='ltr'>ὁ</span> <span class='ocrx_word' id='word_1_627' title='bbox 3399 2506 3595 2576; x_wconf 80' lang='grc' dir='ltr'>νόμος,</span> <span class='ocrx_word' id='word_1_628' title='bbox 3625 2502 3816 2571; x_wconf 66' lang='grc' dir='ltr'>Μηδέν</span> 
     </span>
    </p>
   </div>
   <div class='ocr_carea' id='block_1_86' title="bbox 2235 2597 3816 2671">
    <p class='ocr_par' dir='ltr' id='par_1_86' title="bbox 2235 2597 3816 2671">
     <span class='ocr_line' id='line_1_86' title="bbox 2235 2597 3816 2671; baseline -0.008 -10"><span class='ocrx_word' id='word_1_629' title='bbox 2235 2624 2336 2661; x_wconf 87' lang='grc' dir='ltr'><strong>σοι</strong></span> <span class='ocrx_word' id='word_1_630' title='bbox 2359 2607 2457 2661; x_wconf 83' lang='grc' dir='ltr'>καὶ</span> <span class='ocrx_word' id='word_1_631' title='bbox 2486 2604 2874 2667; x_wconf 74' lang='grc' dir='ltr'>Χαναναίοις·</span> <span class='ocrx_word' id='word_1_632' title='bbox 2892 2599 2979 2671; x_wconf 82' lang='grc' dir='ltr'><strong>μὴ</strong></span> <span class='ocrx_word' id='word_1_633' title='bbox 3010 2599 3147 2666; x_wconf 86' lang='grc' dir='ltr'>δῷς,</span> <span class='ocrx_word' id='word_1_634' title='bbox 3177 2598 3263 2667; x_wconf 81' lang='grc' dir='ltr'><em>μὴ</em></span> <span class='ocrx_word' id='word_1_635' title='bbox 3294 2597 3493 2663; x_wconf 78' lang='grc' dir='ltr'>λάϐῃς</span> <span class='ocrx_word' id='word_1_636' title='bbox 3510 2598 3652 2666; x_wconf 78' lang='grc' dir='ltr'>μετ’</span> <span class='ocrx_word' id='word_1_637' title='bbox 3681 2597 3816 2649; x_wconf 72' lang='grc' dir='ltr'>ἐκεί·</span> 
     </span>
    </p>
   </div>
   <div class='ocr_carea' id='block_1_87' title="bbox 2235 2688 3814 2767">
    <p class='ocr_par' dir='ltr' id='par_1_87' title="bbox 2235 2688 3814 2767">
     <span class='ocr_line' id='line_1_87' title="bbox 2235 2688 3814 2767; baseline -0.009 -12"><span class='ocrx_word' id='word_1_638' title='bbox 2235 2717 2376 2755; x_wconf 86' lang='grc' dir='ltr'>νων.</span> <span class='ocrx_word' id='word_1_639' title='bbox 2402 2698 2498 2767; x_wconf 80' lang='grc' dir='ltr'><strong>Μὴ</strong></span> <span class='ocrx_word' id='word_1_640' title='bbox 2520 2696 2779 2767; x_wconf 78' lang='grc' dir='ltr'>γυναῖκα</span> <span class='ocrx_word' id='word_1_641' title='bbox 2799 2694 3010 2762; x_wconf 81' lang='grc' dir='ltr'>λάϐῃς,</span> <span class='ocrx_word' id='word_1_642' title='bbox 3042 2691 3128 2762; x_wconf 79' lang='grc' dir='ltr'><strong>μὴ</strong></span> <span class='ocrx_word' id='word_1_643' title='bbox 3168 2690 3533 2759; x_wconf 78' lang='grc' dir='ltr'>συμϐόλαια.</span> <span class='ocrx_word' id='word_1_644' title='bbox 3562 2688 3659 2757; x_wconf 79' lang='grc' dir='ltr'><em>μὴ</em></span> <span class='ocrx_word' id='word_1_645' title='bbox 3682 2704 3814 2742; x_wconf 74' lang='grc' dir='ltr'>συν-</span> 
     </span>
    </p>
   </div>
   <div class='ocr_carea' id='block_1_88' title="bbox 2235 2780 3814 2862">
    <p class='ocr_par' dir='ltr' id='par_1_88' title="bbox 2235 2780 3814 2862">
     <span class='ocr_line' id='line_1_88' title="bbox 2235 2780 3814 2862; baseline -0.009 -17"><span class='ocrx_word' id='word_1_646' title='bbox 2235 2792 2611 2862; x_wconf 79' lang='grc' dir='ltr'>αλλάγματα.</span> <span class='ocrx_word' id='word_1_647' title='bbox 2664 2788 2775 2841; x_wconf 82' lang='grc' dir='ltr'><strong>Διὰ¹</strong></span> <span class='ocrx_word' id='word_1_648' title='bbox 2802 2785 2962 2839; x_wconf 79' lang='grc' dir='ltr'>τοῦτο</span> <span class='ocrx_word' id='word_1_649' title='bbox 3006 2783 3260 2856; x_wconf 79' lang='grc' dir='ltr'>φραγμὸν</span> <span class='ocrx_word' id='word_1_650' title='bbox 3290 2780 3665 2852; x_wconf 77' lang='grc' dir='ltr'>περιέθηκεν.</span> <span class='ocrx_word' id='word_1_651' title='bbox 3715 2780 3814 2832; x_wconf 75' lang='grc' dir='ltr'>ἰνα</span> 
     </span>
    </p>
   </div>
   <div class='ocr_carea' id='block_1_89' title="bbox 2236 2876 3818 2957">
    <p class='ocr_par' dir='ltr' id='par_1_89' title="bbox 2236 2876 3818 2957">
     <span class='ocr_line' id='line_1_89' title="bbox 2236 2876 3818 2957; baseline -0.009 -16"><span class='ocrx_word' id='word_1_652' title='bbox 2236 2884 2329 2942; x_wconf 83' lang='grc' dir='ltr'>οὖν</span> <span class='ocrx_word' id='word_1_653' title='bbox 2363 2885 2439 2957; x_wconf 83' lang='grc' dir='ltr'>μὴ</span> <span class='ocrx_word' id='word_1_654' title='bbox 2464 2885 2696 2952; x_wconf 80' lang='grc' dir='ltr'>λέγωσιν</span> <span class='ocrx_word' id='word_1_655' title='bbox 2722 2884 2773 2935; x_wconf 84' lang='grc' dir='ltr'>οἱ</span> <span class='ocrx_word' id='word_1_656' title='bbox 2823 2880 3087 2943; x_wconf 84' lang='grc' dir='ltr'>Ἰουδαῖοι,</span> <span class='ocrx_word' id='word_1_657' title='bbox 3124 2880 3245 2931; x_wconf 86' lang='grc' dir='ltr'>’Ότι</span> <span class='ocrx_word' id='word_1_658' title='bbox 3271 2876 3499 2946; x_wconf 74' lang='grc' dir='ltr'>ἀφῆκας</span> <span class='ocrx_word' id='word_1_659' title='bbox 3527 2878 3709 2947; x_wconf 79' lang='grc' dir='ltr'>ἡμᾶς,</span> <span class='ocrx_word' id='word_1_660' title='bbox 3733 2880 3818 2927; x_wconf 69' lang='grc' dir='ltr'>καὶ</span> 
     </span>
    </p>
   </div>
   <div class='ocr_carea' id='block_1_90' title="bbox 2239 2968 3816 3061">
    <p class='ocr_par' dir='ltr' id='par_1_90' title="bbox 2239 2968 3816 3061">
     <span class='ocr_line' id='line_1_90' title="bbox 2239 2968 3816 3061; baseline -0.009 -28"><span class='ocrx_word' id='word_1_661' title='bbox 2239 2978 2483 3049; x_wconf 82' lang='grc' dir='ltr'><strong>ἀπῆλθες</strong></span> <span class='ocrx_word' id='word_1_662' title='bbox 2508 2976 2637 3041; x_wconf 74' lang='grc' dir='ltr'>ἔξω,</span> <span class='ocrx_word' id='word_1_663' title='bbox 2667 2974 2757 3028; x_wconf 82' lang='grc' dir='ltr'>διὰ</span> <span class='ocrx_word' id='word_1_664' title='bbox 2782 2972 2941 3026; x_wconf 82' lang='grc' dir='ltr'>τοῦτο</span> <span class='ocrx_word' id='word_1_665' title='bbox 2974 2972 3076 3061; x_wconf 46' lang='lat' dir='ltr'><strong>aint</strong></span> <span class='ocrx_word' id='word_1_666' title='bbox 3103 2968 3518 3037; x_wconf 73' lang='grc' dir='ltr'>ἐπιστεύσαμεν</span> <span class='ocrx_word' id='word_1_667' title='bbox 3550 2985 3665 3019; x_wconf 82' lang='grc' dir='ltr'>σοι.</span> <span class='ocrx_word' id='word_1_668' title='bbox 3697 2969 3816 3020; x_wconf 63' lang='grc' dir='ltr'>Ἰδοὺ</span> 
     </span>
    </p>
   </div>
   <div class='ocr_carea' id='block_1_91' title="bbox 2238 3062 3815 3140">
    <p class='ocr_par' dir='ltr' id='par_1_91' title="bbox 2238 3062 3815 3140">
     <span class='ocr_line' id='line_1_91' title="bbox 2238 3062 3815 3140; baseline -0.007 -14"><span class='ocrx_word' id='word_1_669' title='bbox 2238 3072 2346 3127; x_wconf 87' lang='grc' dir='ltr'><strong>ἀπὸ</strong></span> <span class='ocrx_word' id='word_1_670' title='bbox 2376 3069 2547 3125; x_wconf 85' lang='grc' dir='ltr'>ὲθνῶν</span> <span class='ocrx_word' id='word_1_671' title='bbox 2598 3068 2876 3140; x_wconf 75' lang='grc' dir='ltr'>ἔρχονται,</span> <span class='ocrx_word' id='word_1_672' title='bbox 2925 3065 3020 3118; x_wconf 66' lang='grc' dir='ltr'><strong>κα)⁵</strong></span> <span class='ocrx_word' id='word_1_673' title='bbox 3057 3063 3118 3117; x_wconf 84' lang='grc' dir='ltr'><strong>ού</strong></span> <span class='ocrx_word' id='word_1_674' title='bbox 3146 3062 3377 3133; x_wconf 83' lang='grc' dir='ltr'>δέχομαι</span> <span class='ocrx_word' id='word_1_675' title='bbox 3402 3062 3644 3124; x_wconf 75' lang='grc' dir='ltr'>αὐτοὺς,</span> <span class='ocrx_word' id='word_1_676' title='bbox 3685 3063 3815 3131; x_wconf 70' lang='grc' dir='ltr'>ὑμᾶς</span> 
     </span>
    </p>
   </div>
   <div class='ocr_carea' id='block_1_92' title="bbox 2237 3153 3818 3233">
    <p class='ocr_par' dir='ltr' id='par_1_92' title="bbox 2237 3153 3818 3233">
     <span class='ocr_line' id='line_1_92' title="bbox 2237 3153 3818 3233; baseline -0.008 -15"><span class='ocrx_word' id='word_1_677' title='bbox 2237 3165 2295 3218; x_wconf 80' lang='grc' dir='ltr'>δὲ</span> <span class='ocrx_word' id='word_1_678' title='bbox 2350 3162 2652 3233; x_wconf 84' lang='grc' dir='ltr'>φεύγοντας</span> <span class='ocrx_word' id='word_1_679' title='bbox 2685 3157 2869 3213; x_wconf 82' lang='grc' dir='ltr'>καλῶ·</span> <span class='ocrx_word' id='word_1_680' title='bbox 2905 3155 3083 3210; x_wconf 82' lang='grc' dir='ltr'>Δεῦτε</span> <span class='ocrx_word' id='word_1_681' title='bbox 3144 3156 3297 3222; x_wconf 86' lang='grc' dir='ltr'>πρός</span> <span class='ocrx_word' id='word_1_682' title='bbox 3349 3168 3453 3222; x_wconf 80' lang='grc' dir='ltr'>με,</span> <span class='ocrx_word' id='word_1_683' title='bbox 3506 3153 3743 3217; x_wconf 75' lang='grc' dir='ltr'>πάντες</span> <span class='ocrx_word' id='word_1_684' title='bbox 3770 3156 3818 3206; x_wconf 77' lang='lat' dir='ltr'><strong>cl</strong></span> 
     </span>
    </p>
   </div>
   <div class='ocr_carea' id='block_1_93' title="bbox 2239 3240 3818 3319">
    <p class='ocr_par' dir='ltr' id='par_1_93' title="bbox 2239 3240 3818 3319">
     <span class='ocr_line' id='line_1_93' title="bbox 2239 3240 3818 3319; baseline -0.01 -9"><span class='ocrx_word' id='word_1_685' title='bbox 2239 3253 2567 3319; x_wconf 77' lang='grc' dir='ltr'>κοπιῶντες</span> <span class='ocrx_word' id='word_1_686' title='bbox 2602 3250 2704 3306; x_wconf 77' lang='grc' dir='ltr'>καὶ</span> <span class='ocrx_word' id='word_1_687' title='bbox 2738 3244 3229 3319; x_wconf 71' lang='grc' dir='ltr'>πεφορτισμένοι,</span> <span class='ocrx_word' id='word_1_688' title='bbox 3278 3240 3445 3313; x_wconf 79' lang='grc' dir='ltr'><strong>κάγὼ</strong></span> <span class='ocrx_word' id='word_1_689' title='bbox 3487 3243 3818 3297; x_wconf 70' lang='grc' dir='ltr'>ἀναπαύσω</span> 
     </span>
    </p>
   </div>
   <div class='ocr_carea' id='block_1_94' title="bbox 2237 3335 3821 3419">
    <p class='ocr_par' dir='ltr' id='par_1_94' title="bbox 2237 3335 3821 3419">
     <span class='ocr_line' id='line_1_94' title="bbox 2237 3335 3821 3419; baseline -0.012 -14"><span class='ocrx_word' id='word_1_690' title='bbox 2237 3346 2415 3419; x_wconf 83' lang='grc' dir='ltr'>ὑμᾶς,</span> <span class='ocrx_word' id='word_1_691' title='bbox 2446 3346 2543 3399; x_wconf 77' lang='grc' dir='ltr'>καὶ</span> <span class='ocrx_word' id='word_1_692' title='bbox 2576 3344 2677 3397; x_wconf 77' lang='grc' dir='ltr'>οὐκ</span> <span class='ocrx_word' id='word_1_693' title='bbox 2708 3340 2959 3413; x_wconf 74' lang='grc' dir='ltr'>ἔρχεσθε.</span> <span class='ocrx_word' id='word_1_694' title='bbox 3006 3337 3225 3410; x_wconf 83' lang='grc' dir='ltr'>Ταύτην</span> <span class='ocrx_word' id='word_1_695' title='bbox 3250 3336 3308 3390; x_wconf 79' lang='grc' dir='ltr'>δὲ</span> <span class='ocrx_word' id='word_1_696' title='bbox 3341 3335 3708 3407; x_wconf 68' lang='grc' dir='ltr'>ἀπορρίπτει»,</span> <span class='ocrx_word' id='word_1_697' title='bbox 3734 3336 3821 3387; x_wconf 68' lang='grc' dir='ltr'>καὶ</span> 
     </span>
    </p>
   </div>
   <div class='ocr_carea' id='block_1_95' title="bbox 2239 3431 3820 3516">
    <p class='ocr_par' dir='ltr' id='par_1_95' title="bbox 2239 3431 3820 3516">
     <span class='ocr_line' id='line_1_95' title="bbox 2239 3431 3820 3516; baseline -0.011 -17"><span class='ocrx_word' id='word_1_698' title='bbox 2239 3443 2570 3516; x_wconf 86' lang='grc' dir='ltr'>παραμένει.</span> <span class='ocrx_word' id='word_1_699' title='bbox 2618 3438 2901 3511; x_wconf 84' lang='grc' dir='ltr'>Ἐμφανὴς</span> <span class='ocrx_word' id='word_1_700' title='bbox 2935 3435 3208 3505; x_wconf 77' lang='grc' dir='ltr'>ἐγενόμην</span> <span class='ocrx_word' id='word_1_701' title='bbox 3235 3435 3350 3496; x_wconf 84' lang='grc' dir='ltr'>τοῖς</span> <span class='ocrx_word' id='word_1_702' title='bbox 3376 3432 3485 3503; x_wconf 74' lang='grc' dir='ltr'>ἐμὲ</span> <span class='ocrx_word' id='word_1_703' title='bbox 3515 3433 3600 3504; x_wconf 78' lang='grc' dir='ltr'>μὴ</span> <span class='ocrx_word' id='word_1_704' title='bbox 3639 3431 3820 3502; x_wconf 68' lang='grc' dir='ltr'>ζητοιί-</span> 
     </span>
    </p>
   </div>
   <div class='ocr_carea' id='block_1_96' title="bbox 2240 3522 3818 3598">
    <p class='ocr_par' dir='ltr' id='par_1_96' title="bbox 2240 3522 3818 3598">
     <span class='ocr_line' id='line_1_96' title="bbox 2240 3522 3818 3598; baseline -0.01 -8"><span class='ocrx_word' id='word_1_705' title='bbox 2240 3554 2345 3590; x_wconf 90' lang='grc' dir='ltr'>σιν.</span> <span class='ocrx_word' id='word_1_706' title='bbox 2401 3535 2744 3592; x_wconf 74' lang='grc' dir='ltr'><strong>Ἀπόλυσον</strong></span> <span class='ocrx_word' id='word_1_707' title='bbox 2768 3529 2985 3598; x_wconf 82' lang='grc' dir='ltr'>αὐτὴν,</span> <span class='ocrx_word' id='word_1_708' title='bbox 3017 3527 3108 3581; x_wconf 84' lang='grc' dir='ltr'>ὅτι</span> <span class='ocrx_word' id='word_1_709' title='bbox 3129 3525 3318 3595; x_wconf 78' lang='grc' dir='ltr'>κράζει</span> <span class='ocrx_word' id='word_1_710' title='bbox 3345 3525 3613 3580; x_wconf 81' lang='grc' dir='ltr'>ὄπισθεν</span> <span class='ocrx_word' id='word_1_711' title='bbox 3638 3522 3818 3592; x_wconf 63' lang='grc' dir='ltr'><strong>ἡμῶν.</strong></span> 
     </span>
    </p>
   </div>
   <div class='ocr_carea' id='block_1_97' title="bbox 2241 3617 3820 3700">
    <p class='ocr_par' dir='ltr' id='par_1_97' title="bbox 2241 3617 3820 3700">
     <span class='ocr_line' id='line_1_97' title="bbox 2241 3617 3820 3700; baseline -0.009 -16"><span class='ocrx_word' id='word_1_712' title='bbox 2241 3629 2471 3700; x_wconf 85' lang='grc' dir='ltr'>ἰδωμεν</span> <span class='ocrx_word' id='word_1_713' title='bbox 2501 3623 2595 3681; x_wconf 80' lang='grc' dir='ltr'>οὖν</span> <span class='ocrx_word' id='word_1_714' title='bbox 2622 3626 2677 3679; x_wconf 87' lang='grc' dir='ltr'><strong>τί</strong></span> <span class='ocrx_word' id='word_1_715' title='bbox 2714 3625 2864 3694; x_wconf 81' lang='grc' dir='ltr'>λέγει</span> <span class='ocrx_word' id='word_1_716' title='bbox 2887 3640 2904 3655; x_wconf 74' lang='grc' dir='ltr'><strong>ο</strong></span> <span class='ocrx_word' id='word_1_717' title='bbox 2938 3625 3060 3678; x_wconf 78' lang='grc' dir='ltr'><strong>Οὐκ</strong></span> <span class='ocrx_word' id='word_1_718' title='bbox 3110 3617 3493 3685; x_wconf 83' lang='grc' dir='ltr'>ἀπεστάλην,</span> <span class='ocrx_word' id='word_1_719' title='bbox 3521 3620 3577 3671; x_wconf 82' lang='grc' dir='ltr'>ει</span> <span class='ocrx_word' id='word_1_720' title='bbox 3603 3618 3697 3687; x_wconf 78' lang='grc' dir='ltr'><strong>μὴ</strong></span> <span class='ocrx_word' id='word_1_721' title='bbox 3740 3621 3820 3677; x_wconf 74' lang='grc' dir='ltr'>εἰς</span> 
     </span>
    </p>
   </div>
   <div class='ocr_carea' id='block_1_98' title="bbox 2235 3709 3819 3788">
    <p class='ocr_par' dir='ltr' id='par_1_98' title="bbox 2235 3709 3819 3788">
     <span class='ocr_line' id='line_1_98' title="bbox 2235 3709 3819 3788; baseline -0.011 -13"><span class='ocrx_word' id='word_1_722' title='bbox 2235 3721 2309 3775; x_wconf 85' lang='grc' dir='ltr'>τὰ</span> <span class='ocrx_word' id='word_1_723' title='bbox 2336 3720 2598 3788; x_wconf 87' lang='grc' dir='ltr'>πρόϐατα</span> <span class='ocrx_word' id='word_1_724' title='bbox 2632 3718 2706 3772; x_wconf 79' lang='grc' dir='ltr'>τὰ</span> <span class='ocrx_word' id='word_1_725' title='bbox 2751 3714 3106 3771; x_wconf 71' lang='grc' dir='ltr'>ἀπολωλότα</span> <span class='ocrx_word' id='word_1_726' title='bbox 3147 3712 3318 3765; x_wconf 80' lang='grc' dir='ltr'>οἴκου</span> <span class='ocrx_word' id='word_1_727' title='bbox 3357 3709 3633 3777; x_wconf 79' lang='grc' dir='ltr'>Ἰσραήλ.</span> <span class='ocrx_word' id='word_1_728' title='bbox 3677 3710 3741 3763; x_wconf 81' lang='grc' dir='ltr'><strong>Ἥ</strong></span> <span class='ocrx_word' id='word_1_729' title='bbox 3768 3710 3819 3761; x_wconf 73' lang='grc' dir='ltr'>δὲ</span> 
     </span>
    </p>
   </div>
   <div class='ocr_carea' id='block_1_99' title="bbox 2236 3802 3820 3881">
    <p class='ocr_par' dir='ltr' id='par_1_99' title="bbox 2236 3802 3820 3881">
     <span class='ocr_line' id='line_1_99' title="bbox 2236 3802 3820 3881; baseline -0.009 -13"><span class='ocrx_word' id='word_1_730' title='bbox 2236 3815 2538 3879; x_wconf 85' lang='grc' dir='ltr'>ἀκούσασα,</span> <span class='ocrx_word' id='word_1_731' title='bbox 2572 3809 2740 3881; x_wconf 82' lang='grc' dir='ltr'>ἦλθε,</span> <span class='ocrx_word' id='word_1_732' title='bbox 2775 3808 2879 3862; x_wconf 77' lang='grc' dir='ltr'>καὶ</span> <span class='ocrx_word' id='word_1_733' title='bbox 2910 3806 3335 3875; x_wconf 75' lang='grc' dir='ltr'><strong>προσεκύνησε</strong></span> <span class='ocrx_word' id='word_1_734' title='bbox 3359 3802 3647 3871; x_wconf 76' lang='grc' dir='ltr'>λέγουσα</span> <span class='ocrx_word' id='word_1_735' title='bbox 3668 3820 3684 3832; x_wconf 85' lang='grc'><strong>·</strong></span> <span class='ocrx_word' id='word_1_736' title='bbox 3715 3804 3820 3857; x_wconf 70' lang='grc' dir='ltr'><strong>Ναὶ</strong></span> 
     </span>
    </p>
   </div>
   <div class='ocr_carea' id='block_1_100' title="bbox 2235 3896 3821 3974">
    <p class='ocr_par' dir='ltr' id='par_1_100' title="bbox 2235 3896 3821 3974">
     <span class='ocr_line' id='line_1_100' title="bbox 2235 3896 3821 3974; baseline -0.009 -12"><span class='ocrx_word' id='word_1_737' title='bbox 2235 3908 2433 3974; x_wconf 76' lang='grc' dir='ltr'>Κύριε.</span> <span class='ocrx_word' id='word_1_738' title='bbox 2475 3906 2530 3959; x_wconf 91' lang='lat'><strong>&#39;0</strong></span> <span class='ocrx_word' id='word_1_739' title='bbox 2573 3905 2640 3959; x_wconf 83' lang='grc' dir='ltr'>δέ</span> <span class='ocrx_word' id='word_1_740' title='bbox 2669 3919 2879 3974; x_wconf 76' lang='grc' dir='ltr'>φησιν,</span> <span class='ocrx_word' id='word_1_741' title='bbox 2912 3903 3032 3955; x_wconf 84' lang='grc' dir='ltr'><strong>Οὐκ</strong></span> <span class='ocrx_word' id='word_1_742' title='bbox 3069 3901 3203 3954; x_wconf 82' lang='grc' dir='ltr'>ἐστι</span> <span class='ocrx_word' id='word_1_743' title='bbox 3225 3896 3418 3951; x_wconf 81' lang='grc' dir='ltr'>καλὸν</span> <span class='ocrx_word' id='word_1_744' title='bbox 3451 3896 3677 3950; x_wconf 75' lang='grc' dir='ltr'>λαϐεῖν</span> <span class='ocrx_word' id='word_1_745' title='bbox 3719 3898 3821 3949; x_wconf 62' lang='grc' dir='ltr'>τίὲν</span> 
     </span>
    </p>
   </div>
   <div class='ocr_carea' id='block_1_101' title="bbox 2235 3988 3821 4066">
    <p class='ocr_par' dir='ltr' id='par_1_101' title="bbox 2235 3988 3821 4066">
     <span class='ocr_line' id='line_1_101' title="bbox 2235 3988 3821 4066; baseline -0.009 -12"><span class='ocrx_word' id='word_1_746' title='bbox 2235 3999 2418 4066; x_wconf 81' lang='grc' dir='ltr'>ἄρτον</span> <span class='ocrx_word' id='word_1_747' title='bbox 2440 3997 2560 4052; x_wconf 86' lang='grc' dir='ltr'>τῶν</span> <span class='ocrx_word' id='word_1_748' title='bbox 2580 3998 2824 4059; x_wconf 85' lang='grc' dir='ltr'>τέκνων,</span> <span class='ocrx_word' id='word_1_749' title='bbox 2848 3992 2946 4048; x_wconf 84' lang='grc' dir='ltr'>καὶ</span> <span class='ocrx_word' id='word_1_750' title='bbox 2959 3991 3225 4058; x_wconf 79' lang='grc' dir='ltr'>,βάλλειν</span> <span class='ocrx_word' id='word_1_751' title='bbox 3244 3988 3372 4054; x_wconf 81' lang='grc' dir='ltr'>τοῖς</span> <span class='ocrx_word' id='word_1_752' title='bbox 3397 3990 3738 4058; x_wconf 75' lang='grc' dir='ltr'>κυναρίοις.</span> <span class='ocrx_word' id='word_1_753' title='bbox 3760 3989 3821 4039; x_wconf 78' lang='grc' dir='ltr'>ΤΞ</span> 
     </span>
    </p>
   </div>
   <div class='ocr_carea' id='block_1_102' title="bbox 2235 4079 3821 4157">
    <p class='ocr_par' dir='ltr' id='par_1_102' title="bbox 2235 4079 3821 4157">
     <span class='ocr_line' id='line_1_102' title="bbox 2235 4079 3821 4157; baseline -0.008 -12"><span class='ocrx_word' id='word_1_754' title='bbox 2235 4090 2359 4155; x_wconf 72' lang='grc' dir='ltr'>οὗνς</span> <span class='ocrx_word' id='word_1_755' title='bbox 2389 4089 2519 4153; x_wconf 80' lang='grc' dir='ltr'>Ναί,</span> <span class='ocrx_word' id='word_1_756' title='bbox 2550 4089 2746 4157; x_wconf 84' lang='grc' dir='ltr'>Κύριε.</span> <span class='ocrx_word' id='word_1_757' title='bbox 2800 4085 2953 4140; x_wconf 83' lang='grc' dir='ltr'>Κύνα</span> <span class='ocrx_word' id='word_1_758' title='bbox 3000 4102 3067 4154; x_wconf 89' lang='grc' dir='ltr'><strong>με</strong></span> <span class='ocrx_word' id='word_1_759' title='bbox 3098 4082 3302 4151; x_wconf 87' lang='grc' dir='ltr'>λέγεις,</span> <span class='ocrx_word' id='word_1_760' title='bbox 3350 4079 3469 4148; x_wconf 79' lang='grc' dir='ltr'>ἐγὼ</span> <span class='ocrx_word' id='word_1_761' title='bbox 3502 4097 3563 4133; x_wconf 87' lang='grc' dir='ltr'><strong>σε</strong></span> <span class='ocrx_word' id='word_1_762' title='bbox 3620 4082 3821 4151; x_wconf 60' lang='grc' dir='ltr'>Κύριον</span> 
     </span>
    </p>
   </div>
   <div class='ocr_carea' id='block_1_103' title="bbox 2235 4174 3817 4249">
    <p class='ocr_par' dir='ltr' id='par_1_103' title="bbox 2235 4174 3817 4249">
     <span class='ocr_line' id='line_1_103' title="bbox 2235 4174 3817 4249; baseline -0.004 -15"><span class='ocrx_word' id='word_1_763' title='bbox 2235 4180 2417 4235; x_wconf 62' lang='grc' dir='ltr'>καλᾶν</span> <span class='ocrx_word' id='word_1_764' title='bbox 2452 4178 2516 4232; x_wconf 89' lang='grc' dir='ltr'><strong>σύ</strong></span> <span class='ocrx_word' id='word_1_765' title='bbox 2550 4196 2618 4249; x_wconf 85' lang='grc' dir='ltr'><strong>με</strong></span> <span class='ocrx_word' id='word_1_766' title='bbox 2666 4177 2930 4249; x_wconf 79' lang='grc' dir='ltr'>ὑϐρίζεις,</span> <span class='ocrx_word' id='word_1_767' title='bbox 2964 4174 3076 4245; x_wconf 83' lang='grc' dir='ltr'>ἐγώ</span> <span class='ocrx_word' id='word_1_768' title='bbox 3105 4192 3165 4229; x_wconf 87' lang='grc' dir='ltr'><strong>σε</strong></span> <span class='ocrx_word' id='word_1_769' title='bbox 3198 4174 3357 4228; x_wconf 78' lang='grc' dir='ltr'>αἰνῶ.</span> <span class='ocrx_word' id='word_1_770' title='bbox 3424 4174 3566 4237; x_wconf 79' lang='lat' dir='ltr'><strong>Nai,</strong></span> <span class='ocrx_word' id='word_1_771' title='bbox 3610 4176 3817 4241; x_wconf 67' lang='grc' dir='ltr'>Κύριε·</span> 
     </span>
    </p>
   </div>
   <div class='ocr_carea' id='block_1_104' title="bbox 2234 4264 3819 4345">
    <p class='ocr_par' dir='ltr' id='par_1_104' title="bbox 2234 4264 3819 4345">
     <span class='ocr_line' id='line_1_104' title="bbox 2234 4264 3819 4345; baseline -0.008 -16"><span class='ocrx_word' id='word_1_772' title='bbox 2234 4276 2331 4329; x_wconf 74' lang='grc' dir='ltr'>καὶ</span> <span class='ocrx_word' id='word_1_773' title='bbox 2361 4274 2471 4345; x_wconf 76' lang='grc' dir='ltr'>γὰρ</span> <span class='ocrx_word' id='word_1_774' title='bbox 2511 4272 2583 4327; x_wconf 80' lang='grc' dir='ltr'>τὰ</span> <span class='ocrx_word' id='word_1_775' title='bbox 2607 4270 2862 4340; x_wconf 79' lang='grc' dir='ltr'>κυνάρια</span> <span class='ocrx_word' id='word_1_776' title='bbox 2887 4270 3075 4325; x_wconf 80' lang='grc' dir='ltr'>ἐσθίει</span> <span class='ocrx_word' id='word_1_777' title='bbox 3111 4269 3231 4322; x_wconf 82' lang='grc' dir='ltr'><strong>ἀπὸ</strong></span> <span class='ocrx_word' id='word_1_778' title='bbox 3269 4267 3391 4322; x_wconf 81' lang='grc' dir='ltr'><strong>τῶν</strong></span> <span class='ocrx_word' id='word_1_779' title='bbox 3430 4267 3671 4335; x_wconf 67' lang='grc' dir='ltr'>ψιχίων</span> <span class='ocrx_word' id='word_1_780' title='bbox 3710 4264 3819 4318; x_wconf 71' lang='grc' dir='ltr'>τέτ</span> 
     </span>
    </p>
   </div>
   <div class='ocr_carea' id='block_1_105' title="bbox 2233 4358 3816 4431">
    <p class='ocr_par' dir='ltr' id='par_1_105' title="bbox 2233 4358 3816 4431">
     <span class='ocr_line' id='line_1_105' title="bbox 2233 4358 3816 4431; baseline -0.007 -10"><span class='ocrx_word' id='word_1_781' title='bbox 2233 4367 2571 4420; x_wconf 80' lang='grc' dir='ltr'>πιπτόντων</span> <span class='ocrx_word' id='word_1_782' title='bbox 2596 4362 2714 4419; x_wconf 84' lang='grc' dir='ltr'><strong>ἀπὸ</strong></span> <span class='ocrx_word' id='word_1_783' title='bbox 2730 4362 2840 4431; x_wconf 84' lang='grc' dir='ltr'>τῆς</span> <span class='ocrx_word' id='word_1_784' title='bbox 2881 4360 3173 4431; x_wconf 79' lang='grc' dir='ltr'><strong>τραπέζης</strong></span> <span class='ocrx_word' id='word_1_785' title='bbox 3190 4358 3307 4413; x_wconf 84' lang='grc' dir='ltr'>τῶν</span> <span class='ocrx_word' id='word_1_786' title='bbox 3331 4359 3564 4427; x_wconf 79' lang='grc' dir='ltr'>κυρίων</span> <span class='ocrx_word' id='word_1_787' title='bbox 3592 4358 3816 4414; x_wconf 64' lang='grc' dir='ltr'>αὐτῶν.</span> 
     </span>
    </p>
   </div>
   <div class='ocr_carea' id='block_1_106' title="bbox 2233 4451 3817 4527">
    <p class='ocr_par' dir='ltr' id='par_1_106' title="bbox 2233 4451 3817 4527">
     <span class='ocr_line' id='line_1_106' title="bbox 2233 4451 3817 4527; baseline -0.005 -15"><span class='ocrx_word' id='word_1_788' title='bbox 2233 4455 2303 4512; x_wconf 88' lang='grc' dir='ltr'><strong><em>Ὦ</em></strong></span> <span class='ocrx_word' id='word_1_789' title='bbox 2355 4459 2522 4527; x_wconf 80' lang='grc' dir='ltr'>σοφία</span> <span class='ocrx_word' id='word_1_790' title='bbox 2553 4456 2849 4526; x_wconf 74' lang='grc' dir='ltr'>γυναικόςί</span> <span class='ocrx_word' id='word_1_791' title='bbox 2880 4453 3041 4508; x_wconf 83' lang='grc' dir='ltr'>Κύνα</span> <span class='ocrx_word' id='word_1_792' title='bbox 3069 4470 3137 4523; x_wconf 86' lang='grc' dir='ltr'><strong>με</strong></span> <span class='ocrx_word' id='word_1_793' title='bbox 3185 4454 3414 4520; x_wconf 85' lang='grc' dir='ltr'>λέγεις;</span> <span class='ocrx_word' id='word_1_794' title='bbox 3446 4453 3528 4516; x_wconf 78' lang='grc' dir='ltr'><strong>ὡς</strong></span> <span class='ocrx_word' id='word_1_795' title='bbox 3569 4451 3721 4505; x_wconf 75' lang='grc' dir='ltr'>κύνα</span> <span class='ocrx_word' id='word_1_796' title='bbox 3756 4468 3817 4521; x_wconf 71' lang='grc' dir='ltr'><strong>με</strong></span> 
     </span>
    </p>
   </div>
   <div class='ocr_carea' id='block_1_107' title="bbox 2238 4540 3821 4623">
    <p class='ocr_par' dir='ltr' id='par_1_107' title="bbox 2238 4540 3821 4623">
     <span class='ocr_line' id='line_1_107' title="bbox 2238 4540 3821 4623; baseline -0.006 -17"><span class='ocrx_word' id='word_1_797' title='bbox 2238 4550 2457 4623; x_wconf 80' lang='grc' dir='ltr'>θρέψον.</span> <span class='ocrx_word' id='word_1_798' title='bbox 2487 4549 2563 4603; x_wconf 82' lang='grc' dir='ltr'><strong>Οὐ</strong></span> <span class='ocrx_word' id='word_1_799' title='bbox 2608 4545 2987 4620; x_wconf 81' lang='grc' dir='ltr'>παραιτοῦμαι</span> <span class='ocrx_word' id='word_1_800' title='bbox 3017 4546 3081 4599; x_wconf 82' lang='grc' dir='ltr'>τὸ</span> <span class='ocrx_word' id='word_1_801' title='bbox 3125 4544 3329 4602; x_wconf 78' lang='grc' dir='ltr'>δνειδος</span> <span class='ocrx_word' id='word_1_802' title='bbox 3349 4560 3364 4576; x_wconf 83' lang='lat'><strong><em>°</em></strong></span> <span class='ocrx_word' id='word_1_803' title='bbox 3392 4543 3553 4597; x_wconf 75' lang='grc' dir='ltr'>λάϐω</span> <span class='ocrx_word' id='word_1_804' title='bbox 3595 4540 3699 4598; x_wconf 76' lang='grc' dir='ltr'>οὖν</span> <span class='ocrx_word' id='word_1_805' title='bbox 3727 4545 3821 4612; x_wconf 63' lang='grc' dir='ltr'>τὴν</span> 
     </span>
    </p>
   </div>
   <div class='ocr_carea' id='block_1_108' title="bbox 2230 4636 3819 4717">
    <p class='ocr_par' dir='ltr' id='par_1_108' title="bbox 2230 4636 3819 4717">
     <span class='ocr_line' id='line_1_108' title="bbox 2230 4636 3819 4717; baseline -0.006 -19"><span class='ocrx_word' id='word_1_806' title='bbox 2230 4644 2437 4717; x_wconf 75' lang='grc' dir='ltr'>τροφὴν</span> <span class='ocrx_word' id='word_1_807' title='bbox 2451 4641 2545 4696; x_wconf 75' lang='grc' dir='ltr'><strong>τοῦ</strong></span> <span class='ocrx_word' id='word_1_808' title='bbox 2575 4640 2756 4703; x_wconf 88' lang='grc' dir='ltr'>κυνός.</span> <span class='ocrx_word' id='word_1_809' title='bbox 2776 4637 2934 4692; x_wconf 82' lang='grc' dir='ltr'>Κύνα</span> <span class='ocrx_word' id='word_1_810' title='bbox 2959 4655 3025 4708; x_wconf 88' lang='grc' dir='ltr'><strong>με</strong></span> <span class='ocrx_word' id='word_1_811' title='bbox 3054 4636 3325 4699; x_wconf 83' lang='grc' dir='ltr'>ἐκάλεσας</span> <span class='ocrx_word' id='word_1_812' title='bbox 3349 4655 3365 4702; x_wconf 88' lang='grc'>;</span> <span class='ocrx_word' id='word_1_813' title='bbox 3386 4636 3479 4699; x_wconf 78' lang='grc' dir='ltr'><strong>δός</strong></span> <span class='ocrx_word' id='word_1_814' title='bbox 3506 4653 3601 4704; x_wconf 84' lang='grc' dir='ltr'><strong>μοι</strong></span> <span class='ocrx_word' id='word_1_815' title='bbox 3618 4636 3819 4706; x_wconf 56' lang='lat' dir='ltr'><strong>tinxi-aa.</strong></span> 
     </span>
    </p>
   </div>
   <div class='ocr_carea' id='block_1_109' title="bbox 2231 4729 3821 4804">
    <p class='ocr_par' dir='ltr' id='par_1_109' title="bbox 2231 4729 3821 4804">
     <span class='ocr_line' id='line_1_109' title="bbox 2231 4729 3821 4804; baseline -0.007 -17"><span class='ocrx_word' id='word_1_816' title='bbox 2231 4734 2537 4804; x_wconf 84' lang='grc' dir='ltr'>Συνήγορος</span> <span class='ocrx_word' id='word_1_817' title='bbox 2562 4732 2752 4800; x_wconf 86' lang='grc' dir='ltr'>ἐγένου</span> <span class='ocrx_word' id='word_1_818' title='bbox 2786 4747 2875 4801; x_wconf 90' lang='grc' dir='ltr'><strong>μοι</strong></span> <span class='ocrx_word' id='word_1_819' title='bbox 2908 4733 2974 4801; x_wconf 83' lang='grc' dir='ltr'><strong>τῇ</strong></span> <span class='ocrx_word' id='word_1_820' title='bbox 3004 4729 3240 4798; x_wconf 74' lang='grc' dir='ltr'>αἰτήσει,</span> <span class='ocrx_word' id='word_1_821' title='bbox 3274 4730 3334 4780; x_wconf 89' lang='grc' dir='ltr'><strong>ἐν</strong></span> <span class='ocrx_word' id='word_1_822' title='bbox 3365 4730 3434 4798; x_wconf 76' lang='grc' dir='ltr'>τῇ</span> <span class='ocrx_word' id='word_1_823' title='bbox 3470 4732 3703 4799; x_wconf 78' lang='grc' dir='ltr'>παροχῇ</span> <span class='ocrx_word' id='word_1_824' title='bbox 3732 4730 3821 4795; x_wconf 71' lang='grc' dir='ltr'>τὴν</span> 
     </span>
    </p>
   </div>
   <div class='ocr_carea' id='block_1_110' title="bbox 2234 4820 3819 4896">
    <p class='ocr_par' dir='ltr' id='par_1_110' title="bbox 2234 4820 3819 4896">
     <span class='ocr_line' id='line_1_110' title="bbox 2234 4820 3819 4896; baseline -0.005 -16"><span class='ocrx_word' id='word_1_825' title='bbox 2234 4824 2638 4896; x_wconf 84' lang='grc' dir='ltr'>συγκατάθεσιν</span> <span class='ocrx_word' id='word_1_826' title='bbox 2692 4821 2983 4889; x_wconf 81' lang='grc' dir='ltr'>ἐπίδειξον.</span> <span class='ocrx_word' id='word_1_827' title='bbox 3026 4821 3161 4885; x_wconf 80' lang='grc' dir='ltr'>Ναί,</span> <span class='ocrx_word' id='word_1_828' title='bbox 3200 4820 3408 4889; x_wconf 83' lang='grc' dir='ltr'>Κύριε·</span> <span class='ocrx_word' id='word_1_829' title='bbox 3465 4821 3571 4874; x_wconf 76' lang='grc' dir='ltr'><strong>καί</strong></span> <span class='ocrx_word' id='word_1_830' title='bbox 3604 4822 3725 4889; x_wconf 72' lang='grc' dir='ltr'>γὰρ</span> <span class='ocrx_word' id='word_1_831' title='bbox 3756 4821 3819 4872; x_wconf 72' lang='grc' dir='ltr'>τὰ</span> 
     </span>
    </p>
   </div>
   <div class='ocr_carea' id='block_1_111' title="bbox 2230 4912 3819 4987">
    <p class='ocr_par' dir='ltr' id='par_1_111' title="bbox 2230 4912 3819 4987">
     <span class='ocr_line' id='line_1_111' title="bbox 2230 4912 3819 4987; baseline -0.005 -14"><span class='ocrx_word' id='word_1_832' title='bbox 2230 4918 2483 4987; x_wconf 79' lang='grc' dir='ltr'>κυνάρια</span> <span class='ocrx_word' id='word_1_833' title='bbox 2522 4918 2709 4973; x_wconf 80' lang='grc' dir='ltr'>ἐσθίει</span> <span class='ocrx_word' id='word_1_834' title='bbox 2742 4916 2862 4970; x_wconf 79' lang='grc' dir='ltr'><strong>ἀπὸ</strong></span> <span class='ocrx_word' id='word_1_835' title='bbox 2906 4914 3026 4968; x_wconf 83' lang='grc' dir='ltr'>τῶν</span> <span class='ocrx_word' id='word_1_836' title='bbox 3053 4918 3279 4983; x_wconf 69' lang='grc' dir='ltr'>ψιχίων</span> <span class='ocrx_word' id='word_1_837' title='bbox 3310 4912 3433 4967; x_wconf 81' lang='grc' dir='ltr'>τῶν</span> <span class='ocrx_word' id='word_1_838' title='bbox 3475 4916 3819 4967; x_wconf 65' lang='grc' dir='ltr'>πιπτόντων</span> 
     </span>
    </p>
   </div>
   <div class='ocr_carea' id='block_1_112' title="bbox 2230 5002 3819 5077">
    <p class='ocr_par' dir='ltr' id='par_1_112' title="bbox 2230 5002 3819 5077">
     <span class='ocr_line' id='line_1_112' title="bbox 2230 5002 3819 5077; baseline -0.007 -12"><span class='ocrx_word' id='word_1_839' title='bbox 2230 5011 2347 5066; x_wconf 82' lang='grc' dir='ltr'><strong>ἀπὸ</strong></span> <span class='ocrx_word' id='word_1_840' title='bbox 2403 5008 2511 5075; x_wconf 80' lang='grc' dir='ltr'>τῆς</span> <span class='ocrx_word' id='word_1_841' title='bbox 2549 5006 2840 5077; x_wconf 81' lang='grc' dir='ltr'>τραπέζης</span> <span class='ocrx_word' id='word_1_842' title='bbox 2884 5004 3003 5061; x_wconf 85' lang='grc' dir='ltr'>τῶν</span> <span class='ocrx_word' id='word_1_843' title='bbox 3040 5005 3267 5074; x_wconf 79' lang='grc' dir='ltr'>κυρίων</span> <span class='ocrx_word' id='word_1_844' title='bbox 3301 5003 3532 5058; x_wconf 81' lang='grc' dir='ltr'>αὐτῶν.</span> <span class='ocrx_word' id='word_1_845' title='bbox 3570 5006 3643 5058; x_wconf 85' lang='lat' dir='ltr'><strong>Ti</strong></span> <span class='ocrx_word' id='word_1_846' title='bbox 3676 5002 3769 5058; x_wconf 66' lang='grc' dir='ltr'>οὖν</span> <span class='ocrx_word' id='word_1_847' title='bbox 3793 5003 3819 5054; x_wconf 77' lang='grc' dir='ltr'>ὁ</span> 
     </span>
    </p>
   </div>
   <div class='ocr_carea' id='block_1_113' title="bbox 2232 5092 3819 5170">
    <p class='ocr_par' dir='ltr' id='par_1_113' title="bbox 2232 5092 3819 5170">
     <span class='ocr_line' id='line_1_113' title="bbox 2232 5092 3819 5170; baseline -0.01 -15"><span class='ocrx_word' id='word_1_848' title='bbox 2232 5100 2690 5170; x_wconf 82' lang='grc' dir='ltr'>παραιτούμενος,</span> <span class='ocrx_word' id='word_1_849' title='bbox 2714 5100 2744 5150; x_wconf 85' lang='grc' dir='ltr'>ὁ</span> <span class='ocrx_word' id='word_1_850' title='bbox 2763 5096 2997 5157; x_wconf 83' lang='grc' dir='ltr'>διώκων,</span> <span class='ocrx_word' id='word_1_851' title='bbox 3018 5095 3244 5161; x_wconf 44' lang='grc' dir='ltr'>ὁνλέγων</span> <span class='ocrx_word' id='word_1_852' title='bbox 3270 5108 3285 5122; x_wconf 83' lang='lat'><strong><em>°</em></strong></span> <span class='ocrx_word' id='word_1_853' title='bbox 3310 5094 3437 5145; x_wconf 81' lang='grc' dir='ltr'><strong>Οὐκ</strong></span> <span class='ocrx_word' id='word_1_854' title='bbox 3467 5094 3607 5145; x_wconf 78' lang='grc' dir='ltr'>ἐστι</span> <span class='ocrx_word' id='word_1_855' title='bbox 3631 5092 3819 5145; x_wconf 63' lang='grc' dir='ltr'>καλὸν</span> 
     </span>
    </p>
   </div>
   <div class='ocr_carea' id='block_1_114' title="bbox 2229 5180 3818 5259">
    <p class='ocr_par' dir='ltr' id='par_1_114' title="bbox 2229 5180 3818 5259">
     <span class='ocr_line' id='line_1_114' title="bbox 2229 5180 3818 5259; baseline -0.01 -10"><span class='ocrx_word' id='word_1_856' title='bbox 2229 5193 2437 5250; x_wconf 80' lang='grc' dir='ltr'>λαϐεῖν</span> <span class='ocrx_word' id='word_1_857' title='bbox 2474 5192 2582 5245; x_wconf 85' lang='grc' dir='ltr'>τὸν</span> <span class='ocrx_word' id='word_1_858' title='bbox 2613 5191 2799 5259; x_wconf 81' lang='grc' dir='ltr'>ἄρτον</span> <span class='ocrx_word' id='word_1_859' title='bbox 2844 5187 2963 5242; x_wconf 84' lang='grc' dir='ltr'>τῶν</span> <span class='ocrx_word' id='word_1_860' title='bbox 3019 5186 3268 5250; x_wconf 82' lang='grc' dir='ltr'>τέκνων,</span> <span class='ocrx_word' id='word_1_861' title='bbox 3302 5182 3406 5237; x_wconf 76' lang='grc' dir='ltr'>καὶ</span> <span class='ocrx_word' id='word_1_862' title='bbox 3436 5182 3665 5238; x_wconf 78' lang='grc' dir='ltr'>δοῦναι</span> <span class='ocrx_word' id='word_1_863' title='bbox 3706 5180 3818 5243; x_wconf 68' lang='grc' dir='ltr'>τοῖς</span> 
     </span>
    </p>
   </div>
   <div class='ocr_carea' id='block_1_115' title="bbox 2230 5272 3817 5350">
    <p class='ocr_par' dir='ltr' id='par_1_115' title="bbox 2230 5272 3817 5350">
     <span class='ocr_line' id='line_1_115' title="bbox 2230 5272 3817 5350; baseline -0.01 -12"><span class='ocrx_word' id='word_1_864' title='bbox 2230 5283 2564 5350; x_wconf 85' lang='grc' dir='ltr'>κυναρίοις;</span> <span class='ocrx_word' id='word_1_865' title='bbox 2590 5281 2619 5332; x_wconf 87' lang='grc' dir='ltr'><strong>ό</strong></span> <span class='ocrx_word' id='word_1_866' title='bbox 2650 5280 2847 5348; x_wconf 82' lang='grc' dir='ltr'>λέγων’</span> <span class='ocrx_word' id='word_1_867' title='bbox 2884 5279 3006 5332; x_wconf 83' lang='grc' dir='ltr'><strong>Οὐκ</strong></span> <span class='ocrx_word' id='word_1_868' title='bbox 3041 5274 3403 5341; x_wconf 75' lang='grc' dir='ltr'>ἀπεστάλην</span> <span class='ocrx_word' id='word_1_869' title='bbox 3426 5276 3481 5327; x_wconf 79' lang='grc' dir='ltr'>ει</span> <span class='ocrx_word' id='word_1_870' title='bbox 3501 5272 3592 5341; x_wconf 77' lang='grc' dir='ltr'><strong>μὴ</strong></span> <span class='ocrx_word' id='word_1_871' title='bbox 3634 5275 3726 5338; x_wconf 70' lang='grc' dir='ltr'>εἰς</span> <span class='ocrx_word' id='word_1_872' title='bbox 3756 5274 3817 5323; x_wconf 77' lang='grc' dir='ltr'>τὰ</span> 
     </span>
    </p>
   </div>
   <div class='ocr_carea' id='block_1_116' title="bbox 2230 5362 3811 5442">
    <p class='ocr_par' dir='ltr' id='par_1_116' title="bbox 2230 5362 3811 5442">
     <span class='ocr_line' id='line_1_116' title="bbox 2230 5362 3811 5442; baseline -0.006 -16"><span class='ocrx_word' id='word_1_873' title='bbox 2230 5375 2493 5442; x_wconf 82' lang='grc' dir='ltr'>πρόϐατα</span> <span class='ocrx_word' id='word_1_874' title='bbox 2518 5371 2592 5426; x_wconf 85' lang='grc' dir='ltr'>τὰ</span> <span class='ocrx_word' id='word_1_875' title='bbox 2623 5369 2980 5425; x_wconf 84' lang='grc' dir='ltr'>ἀπολωλότα</span> <span class='ocrx_word' id='word_1_876' title='bbox 2998 5367 3169 5420; x_wconf 75' lang='grc' dir='ltr'>οἴκου</span> <span class='ocrx_word' id='word_1_877' title='bbox 3205 5362 3457 5431; x_wconf 78' lang='grc' dir='ltr'>Ἰσραὴλ</span> <span class='ocrx_word' id='word_1_878' title='bbox 3482 5381 3500 5428; x_wconf 85' lang='grc'><em>;</em></span> <span class='ocrx_word' id='word_1_879' title='bbox 3528 5365 3597 5417; x_wconf 84' lang='grc' dir='ltr'>Τί</span> <span class='ocrx_word' id='word_1_880' title='bbox 3625 5380 3811 5433; x_wconf 64' lang='grc' dir='ltr'>φησιν.</span> 
     </span>
    </p>
   </div>
   <div class='ocr_carea' id='block_1_117' title="bbox 2229 5454 3812 5533">
    <p class='ocr_par' dir='ltr' id='par_1_117' title="bbox 2229 5454 3812 5533">
     <span class='ocr_line' id='line_1_117' title="bbox 2229 5454 3812 5533; baseline -0.009 -16"><span class='ocrx_word' id='word_1_881' title='bbox 2229 5460 2304 5518; x_wconf 77' lang='grc' dir='ltr'><strong><em>Ὠ</em></strong></span> <span class='ocrx_word' id='word_1_882' title='bbox 2330 5463 2528 5533; x_wconf 72' lang='grc' dir='ltr'>γνῦναι,</span> <span class='ocrx_word' id='word_1_883' title='bbox 2555 5460 2845 5530; x_wconf 85' lang='grc' dir='ltr'>ἐπαινέτης</span> <span class='ocrx_word' id='word_1_884' title='bbox 2891 5458 3111 5527; x_wconf 80' lang='grc' dir='ltr'>ὲγένου;</span> <span class='ocrx_word' id='word_1_885' title='bbox 3145 5454 3558 5526; x_wconf 79' lang='grc' dir='ltr'>ἁνακηρύττεις</span> <span class='ocrx_word' id='word_1_886' title='bbox 3592 5456 3695 5525; x_wconf 77' lang='grc' dir='ltr'>τήν</span> <span class='ocrx_word' id='word_1_887' title='bbox 3726 5471 3812 5520; x_wconf 64' lang='grc' dir='ltr'>γυ-</span> 
     </span>
    </p>
   </div>
   <div class='ocr_carea' id='block_1_118' title="bbox 2231 5542 3805 5622">
    <p class='ocr_par' dir='ltr' id='par_1_118' title="bbox 2231 5542 3805 5622">
     <span class='ocr_line' id='line_1_118' title="bbox 2231 5542 3805 5622; baseline -0.018 -1"><span class='ocrx_word' id='word_1_888' title='bbox 2231 5558 2414 5617; x_wconf 70' lang='grc' dir='ltr'>ναῖκα,</span> <span class='ocrx_word' id='word_1_889' title='bbox 2450 5553 2551 5606; x_wconf 71' lang='grc' dir='ltr'>οὐκ</span> <span class='ocrx_word' id='word_1_890' title='bbox 2580 5551 2812 5622; x_wconf 72' lang='grc' dir='ltr'>ᾔσχυνες</span> <span class='ocrx_word' id='word_1_891' title='bbox 2840 5549 3047 5618; x_wconf 85' lang='grc' dir='ltr'>αὑτήν;</span> <span class='ocrx_word' id='word_1_892' title='bbox 3081 5547 3183 5599; x_wconf 72' lang='grc' dir='ltr'>οὐκ</span> <span class='ocrx_word' id='word_1_893' title='bbox 3229 5545 3500 5609; x_wconf 57' lang='lat' dir='ltr'><strong>tatam;</strong></span> <span class='ocrx_word' id='word_1_894' title='bbox 3537 5544 3628 5597; x_wconf 71' lang='grc' dir='ltr'>διὰ</span> <span class='ocrx_word' id='word_1_895' title='bbox 3664 5542 3805 5595; x_wconf 71' lang='grc' dir='ltr'>τούτς</span> 
     </span>
    </p>
   </div>
   <div class='ocr_carea' id='block_1_119' title="bbox 2231 5632 3805 5712">
    <p class='ocr_par' dir='ltr' id='par_1_119' title="bbox 2231 5632 3805 5712">
     <span class='ocr_line' id='line_1_119' title="bbox 2231 5632 3805 5712; baseline -0.011 -11"><span class='ocrx_word' id='word_1_896' title='bbox 2231 5647 2473 5702; x_wconf 83' lang='grc' dir='ltr'>ἐδιώκον.</span> <span class='ocrx_word' id='word_1_897' title='bbox 2507 5644 2570 5697; x_wconf 84' lang='lat' dir='ltr'><strong>Ei</strong></span> <span class='ocrx_word' id='word_1_898' title='bbox 2600 5643 2709 5712; x_wconf 85' lang='grc' dir='ltr'>γὰρ</span> <span class='ocrx_word' id='word_1_899' title='bbox 2755 5642 2814 5708; x_wconf 78' lang='grc' dir='ltr'>ἐξ</span> <span class='ocrx_word' id='word_1_900' title='bbox 2848 5639 3025 5711; x_wconf 84' lang='grc' dir='ltr'>ἀρχῆς</span> <span class='ocrx_word' id='word_1_901' title='bbox 3060 5640 3234 5709; x_wconf 77' lang='grc' dir='ltr'>αὐτὴν</span> <span class='ocrx_word' id='word_1_902' title='bbox 3285 5638 3568 5698; x_wconf 73' lang='grc' dir='ltr'>ἀπέλυσα.</span> <span class='ocrx_word' id='word_1_903' title='bbox 3612 5636 3711 5689; x_wconf 75' lang='grc' dir='ltr'><strong>οὐκ</strong></span> <span class='ocrx_word' id='word_1_904' title='bbox 3746 5632 3805 5683; x_wconf 60' lang='lat' dir='ltr'><strong>is</strong></span> 
     </span>
    </p>
   </div>
   <div class='ocr_carea' id='block_1_120' title="bbox 2229 5724 3804 5812">
    <p class='ocr_par' dir='ltr' id='par_1_120' title="bbox 2229 5724 3804 5812">
     <span class='ocr_line' id='line_1_120' title="bbox 2229 5724 3804 5812; baseline -0.01 -18"><span class='ocrx_word' id='word_1_905' title='bbox 2229 5739 2433 5812; x_wconf 73' lang='grc' dir='ltr'>ἔμαθες</span> <span class='ocrx_word' id='word_1_906' title='bbox 2461 5735 2633 5805; x_wconf 79' lang='grc' dir='ltr'>αὐτῆς</span> <span class='ocrx_word' id='word_1_907' title='bbox 2659 5733 2760 5805; x_wconf 80' lang='grc' dir='ltr'>τὴν</span> <span class='ocrx_word' id='word_1_908' title='bbox 2785 5732 2989 5786; x_wconf 85' lang='grc' dir='ltr'>πίστιν.</span> <span class='ocrx_word' id='word_1_909' title='bbox 3023 5733 3086 5785; x_wconf 86' lang='lat' dir='ltr'><strong>Ei</strong></span> <span class='ocrx_word' id='word_1_910' title='bbox 3128 5732 3194 5784; x_wconf 82' lang='grc' dir='ltr'><strong>ἐκ</strong></span> <span class='ocrx_word' id='word_1_911' title='bbox 3232 5729 3546 5801; x_wconf 82' lang='grc' dir='ltr'>προοιμίων</span> <span class='ocrx_word' id='word_1_912' title='bbox 3597 5724 3804 5781; x_wconf 58' lang='lat' dir='ltr'><strong>ﬁatﬁat.</strong></span> 
     </span>
    </p>
   </div>
   <div class='ocr_carea' id='block_1_121' title="bbox 2230 5821 3798 5906">
    <p class='ocr_par' dir='ltr' id='par_1_121' title="bbox 2230 5821 3798 5906">
     <span class='ocr_line' id='line_1_121' title="bbox 2230 5821 3798 5906; baseline -0.01 -18"><span class='ocrx_word' id='word_1_913' title='bbox 2230 5831 2518 5906; x_wconf 81' lang='grc' dir='ltr'>ἀνεχώρει,</span> <span class='ocrx_word' id='word_1_914' title='bbox 2553 5829 2651 5883; x_wconf 75' lang='grc' dir='ltr'>καὶ</span> <span class='ocrx_word' id='word_1_915' title='bbox 2698 5828 2792 5882; x_wconf 69' lang='grc' dir='ltr'><strong>τὸν</strong></span> <span class='ocrx_word' id='word_1_916' title='bbox 2826 5825 3101 5897; x_wconf 70' lang='lat' dir='ltr'><strong>Oroatipr</strong></span> <span class='ocrx_word' id='word_1_917' title='bbox 3152 5824 3329 5894; x_wconf 79' lang='grc' dir='ltr'>αὐτῆς</span> <span class='ocrx_word' id='word_1_918' title='bbox 3368 5823 3472 5877; x_wconf 80' lang='grc' dir='ltr'>οὐκ</span> <span class='ocrx_word' id='word_1_919' title='bbox 3521 5821 3798 5892; x_wconf 50' lang='lat' dir='ltr'><strong>intissam.</strong></span> 
     </span>
    </p>
   </div>
  </div>
