4052 6420
257 349 392 416 1M9

1513 350 1754 410 SACRA
1795 334 2262 408 PARALLELA.

3377 355 3511 422 1450

242 471 344 526 Διὰ
401 466 560 522 τοῦτο
596 465 942 538 άνεϐαλόμην
977 467 1077 538 τὴν
1126 468 1294 533 δόσιν,
1329 468 1418 523 ἵνα
1446 467 1606 533 δείξω
1635 471 1821 531 αὐτοῖς

1931 460 2108 515 casti?
2142 461 2339 514 micam
2369 461 2505 516 mibi
2555 465 2759 521 tribue.
2799 466 3057 526 Petitioni
3091 488 3222 528 mete
3247 482 3362 530 tute
3395 477 3514 548 ipse

243 563 342 636 τὴν
366 561 574 620 πίστιν.
591 554 666 614 Ὦ
694 559 888 630 γύναι.
914 559 1046 622 Θεὸς
1063 558 1231 630 λέγει,
1257 555 1332 613 *Ω
1359 561 1568 630 γύναι]
1604 561 1826 615 Ἀκουέ-

242 672 426 711 τωσαν
453 655 504 706 oi
558 653 848 724 εὐχόμενοι
895 653 1036 723 μετὰ
1083 653 1404 722 βαναυσίας.
1451 654 1624 706 Ὅταν
1655 655 1820 720 εἴπω,

243 748 636 822 Παρακάλεσον
693 747 788 799 τὸν
827 745 983 808 Θεὸν,
1039 745 1260 817 δεήθητι
1303 745 1494 811 αὐτοῦ,
1541 746 1824 802 ἱκέτευσον

244 840 444 895 αὐτόν’
480 840 650 908 λέγει,
687 837 1048 918 Παρεκάλεσοα
1086 836 1238 902 ἅπαξ
1265 839 1360 891 καὶ
1388 837 1664 909 δεύτερον,
1700 837 1822 909 τρί-

242 949 356 996 τον,
388 932 640 998 δέκατον,
671 931 766 984 καὶ
796 931 898 984 οὐκ
919 929 1132 984 ἔλαϐον.
1160 928 1252 1000 Μὴ
1290 931 1557 1000 ἀποστῇς,
1589 930 1696 994 ἕως
1728 931 1823 984 ἐὰν

216 1023 437 1096 λάϐῃς.
465 1024 601 1078 Τότε
642 1021 916 1094 ἀπόστηθί
945 1024 1073 1076 ὅταν
1105 1021 1304 1093 λάϐῃς·
1336 1021 1538 1092 μᾶλλον
1572 1021 1629 1076 δὲ
1661 1023 1785 1077 τότε
1806 1039 1818 1052 ·

241 1116 380 1171 ἀλλὰ
413 1117 510 1170 καὶ
539 1115 663 1170 τότε
691 1114 998 1186 παράμενε.
1027 1113 1146 1168 Κᾶν
1178 1114 1373 1187 λάϐῃς,
1402 1114 1545 1168 αἴτει
1563 1131 1576 1145 ·
1607 1115 1738 1167 ὅταν
1765 1115 1824 1167 δὲ

241 1210 434 1283 λάϐῃς,
484 1210 906 1281 εὐχαρίστησον,
939 1209 1021 1262 ὅτι
1057 1207 1270 1271 ἔλαϐες.
1304 1207 1662 1279 Είσέρχονται
1693 1208 1826 1261 πολο

241 1303 327 1360 λο“ν⁸
351 1303 434 1366 είς
477 1302 576 1373 τὴν
617 1301 966 1372 Ἐκκλησίαν,
1026 1301 1123 1356 καὶ
1177 1299 1548 1371 ἁπαρτίζουσι
1595 1299 1824 1369 μυρίους

241 1394 461 1467 στίχους
517 1396 704 1466 εὐχῆς,
756 1396 850 1448 καὶ
902 1391 1238 1464 ἐξέρχονται.
1297 1392 1389 1463 Μὴ
1442 1391 1552 1462 γὰρ
1611 1389 1823 1444 πολλῶν

241 1487 431 1558 χρείαν
457 1484 569 1555 ἔχει
597 1488 624 1538 ὁ
653 1485 786 1548 Θεὸς
811 1484 1022 1553 λόγωνς
1050 1485 1149 1554 τῆς
1179 1483 1348 1554 εὐχῆς
1376 1499 1472 1535 σου
1510 1481 1670 1552 μόνον
1697 1481 1825 1552 χρῄ-

240 1579 345 1642 ζει.
387 1579 500 1632 Καὶ
543 1577 616 1639 τί,
654 1577 822 1648 φησί·
862 1576 1072 1642 ἔκλινα,
1111 1576 1206 1630 καὶ
1231 1574 1532 1646 ηὑξάμηνς
1566 1573 1825 1637 Ἐκλινας

239 1669 310 1721 τὰ
345 1669 568 1736 γόνατα,
594 1667 708 1721 ἀλλ’
734 1669 766 1738 ἡ
788 1666 997 1721 διάνοια
1030 1684 1125 1720 σου
1151 1665 1256 1732 ἔξω
1287 1666 1539 1719 ὲπέτατο.
1569 1664 1638 1716 Τὸ
1664 1663 1825 1735 σῶμά

242 1779 336 1814 σου
371 1761 500 1820 ἔσω,
527 1760 676 1831 καὶὴ
705 1760 850 1830 ψυχή
884 1777 978 1813 σου
1007 1758 1128 1824 ἔξω.
1170 1758 1244 1811 Τὸ
1276 1758 1452 1829 στόμα
1489 1773 1581 1810 σου
1615 1756 1820 1824 ἔλεγεν,

1931 553 2441 623 patrocinatuses;
2497 553 2585 610 fac
2641 557 2696 611 in
2753 559 3043 631 largiendo
3085 575 3417 622 annuentem
3462 578 3516 624 te

1933 644 2197 714 praebeas.
2229 643 2436 710 Etiam,
2479 645 2705 702 Domine
2737 666 2756 704 :
2789 667 2915 706 nam
2949 663 2998 707 et
3029 657 3210 710 catelli
3240 660 3515 714 comedunt

1930 735 1996 790 de
2028 736 2180 790 micis
2214 753 2330 807 qua:
2363 737 2562 793 cadunt
2591 739 2655 794 de
2685 758 2864 798 mensa
2900 744 3237 802 dominorum
3273 767 3513 808 suorum.

1932 829 2074 896 Quid
2114 831 2284 900 igitur
2315 831 2408 885 ille
2449 832 2545 902 qui
2609 837 2925 901 recusabat,
2969 839 3062 908 qui
3115 841 3390 913 abigebat,
3422 849 3514 916 qni

1931 925 2152 980 dicebat
2183 943 2197 981 :
2236 925 2362 981 Non
2392 939 2469 982 est
2496 927 2690 984 bonum
2724 947 2928 988 tumere
2955 949 3144 1003 partem
3174 938 3431 1006 ﬁliorum,
3466 951 3517 996 et

1931 1017 2061 1072 dare
2091 1017 2308 1072 canibus
2334 1021 2360 1074 7
2398 1021 2490 1090 qui
2533 1021 2755 1077 dicebat
2787 1043 2800 1079 :
2839 1024 2965 1080 Non
3000 1043 3118 1082 sum
3160 1031 3379 1098 "tinus,
3415 1034 3518 1087 nisi

1933 1107 2002 1160 ad
2050 1123 2168 1162 oves
2220 1123 2338 1178 qua:
2391 1111 2661 1178 perierunt
2699 1115 2888 1170 domus
2944 1115 3161 1174 Israel?
3210 1121 3352 1186 Quid
3390 1124 3514 1177 ait:

1935 1196 1980 1252 0
2013 1197 2203 1251 mulier
2235 1198 2404 1266 (Ibid.
2424 1199 2516 1273 28)
2541 1203 2553 1255 !
2583 1201 2725 1268 Quid
2754 1213 2838 1260 est
2860 1207 2996 1260 hoc?
3021 1209 3273 1264 laudator
3291 1212 3520 1268 ell‘cctus

1931 1289 2036 1344 es?
2077 1291 2368 1347 mulierem
2396 1295 2706 1363 praedicas?
2738 1312 2808 1352 an
2860 1314 2969 1354 non
3018 1317 3137 1356 eam
3179 1306 3395 1374 probris
3431 1309 3518 1361 in-

1931 1381 2236 1436 ccssebas?
2271 1398 2342 1438 an
2385 1400 2495 1440 non
2549 1386 2962 1446 insectabaris?
3017 1392 3256 1456 idcirco.
3315 1397 3517 1467 inquit,

1933 1475 2270 1530 insectabar.
2307 1476 2445 1532 Nam
2485 1479 2530 1534 si
2571 1483 2761 1537 statim
2808 1498 2928 1538 eam
2964 1486 3192 1543 missam
3241 1489 3514 1555 fecissem,

1932 1566 2106 1637 ipsius
2167 1568 2325 1624 [idem
2389 1572 2618 1628 minime
2680 1585 3026 1646 perspectam
3085 1580 3402 1640 habuisses.
3460 1584 3517 1639 Si

1931 1659 2114 1713 statim
2146 1661 2472 1730 accepisset,
2504 1663 2696 1731 pedem
2723 1667 3024 1735 retulisset,
3063 1686 3164 1727 nec
3195 1673 3514 1731 thesaurum

1933 1747 2105 1816 ipsius
2156 1752 2530 1819 cognovisses.
2585 1753 2713 1810 ldeo
2768 1756 2901 1813 dare
2952 1758 3182 1828 distuli,
3242 1774 3299 1818 ut
3357 1767 3514 1821 tidem

240 1869 338 1906 και
372 1851 638 1923 ἠδιάνοιά
667 1867 765 1903 σου
795 1850 1023 1920 ἠρίθμει
1064 1847 1193 1911 τοὺς
1232 1846 1452 1911 τόκους,
1489 1845 1821 1914 συμϐόλαια,

1931 1837 2105 1908 ipsius
2175 1850 2541 1898 OSIentarem.
2594 1845 2638 1901 0
2674 1849 2898 1904 mulier!
2941 1851 3084 1908 Deus
3117 1854 3251 1910 dicit
3283 1874 3297 1911 :
3331 1857 3377 1913 0
3401 1875 3518 1912 mu-

243 1943 689 2011 συναλλάγματα,
721 1941 922 2012 χωρία,
983 1940 1261 2010 κτήματα.
1312 1940 1372 1991 '0
1430 1937 1538 2008 γὰρ
1577 1934 1824 1999 διάϐολος

241 2037 478 2109 πονηρὸς
523 2036 621 2102 ὢν,
651 2036 744 2088 καὶ
774 2033 931 2098 εἰδὼς
963 2034 1046 2087 ὅτι
1078 2034 1136 2085 ἐν
1183 2030 1362 2103 καιρῷ
1397 2031 1564 2102 εὐχῆς
1602 2027 1826 2099 μεγάλα

239 2129 499 2199 άνύομεν,
529 2129 650 2181 τότε
683 2127 995 2197 ἐπέρχεται.
1035 2122 1303 2184 Πολλάκις
1345 2119 1582 2190 κείμεθα
1611 2118 1823 2182 ὕπτιοι,

241 2222 338 2275 καὶ
365 2221 517 2274 οὐδὲν
549 2218 901 2291 λογιζόμεθα,
944 2217 1040 2271 καὶ
1069 2219 1098 2270 6
1139 2214 1263 2278 νοῦς
1297 2215 1515 2284 ἠρεμεῖ.
1548 2211 1827 2280 Ἤλθομεν

239 2313 522 2379 εὔξασθαι,
549 2313 642 2367 καὶ
667 2312 850 2384 μυρίοι
883 2307 1142 2379 λογισμοὶ
1167 2306 1520 2378 ἐπέρχονται,
1551 2303 1639 2358 ἵνα
1673 2306 1704 2372 ἡ
1716 2303 1826 2373 μᾶς

238 2407 454 2479 ἐκϐάλῃ
481 2403 695 2468 κενούς.
714 2401 904 2458 Ταῦτα
936 2399 1094 2464 εἰδὼς
1125 2401 1183 2453 ὲν
1208 2401 1326 2461 ταῖς
1352 2398 1562 2467 εὐχαῖς,
1587 2395 1825 2464 γίνωσκε

239 2498 340 2568 τὴν
370 2495 710 2550 Χαναναίαν.
770 2492 908 2548 Ἀλλ’
941 2491 1042 2544 οὐκ
1088 2489 1234 2559 ἔχεις
1270 2486 1546 2557 θυγατέρα
1577 2485 1826 2556 δαιμονι-

240 2590 499 2660 ζομένην.
553 2587 619 2642 Τί
651 2581 806 2639 εἶπεν
853 2585 888 2655 ἡ
918 2580 1234 2646 Χαναναία;
1293 2578 1590 2647 Ἐλέησόν
1626 2593 1740 2648 με·
1788 2578 1825 2645 ἡ

239 2681 505 2752 θυγάτηρ
534 2698 654 2752 μου
685 2678 885 2745 κακῶς
920 2673 1340 2747 δαιμονίζεται.
1400 2671 1594 2740 Μέγας
1641 2672 1670 2724 6
1717 2669 1828 2723 δαί-

244 2767 671 2847 μον,’άμαρτία
690 2791 705 2806 ο
731 2774 760 2826 ὁ
815 2769 1113 2842 δαιμονιῶν
1145 2767 1399 2828 ὲλεεῖται,
1429 2766 1456 2818 ὁ
1496 2763 1827 2835 ἁμαρτάνων

243 2872 506 2939 μισεῖται.
545 2868 783 2928 Ἐκεῖνος
803 2862 1140 2933 συγγνώμην
1172 2860 1310 2932 ἔχει,
1342 2852 1500 2922 οὗτος
1525 2856 1827 2924 ἀπολογίας

242 2963 558 3032 ἐστέρηται.
606 2957 898 3026 Ἐλέησόν
938 2973 1015 3025 με
1042 2972 1055 2986 ·
1085 2954 1260 3026 βραχὺ
1295 2951 1356 3005 τὸ
1401 2950 1571 3022 ῥῆμα,
1603 2948 1700 3002 καὶ
1733 2947 1829 3000 πέ-

241 3056 412 3124 λαγος
471 3050 907 3123 φιλανθρωπίας.
947 3051 1122 3104 Ὅπου
1164 3048 1275 3117 γὰρ
1306 3045 1476 3109 ἕλεος,
1533 3043 1712 3130 πάντα
1758 3039 1828 3092 τά

243 3145 450 3217 ἀγαθά.
484 3146 604 3200 Κᾶν
635 3141 742 3208 ἔξω
777 3141 864 3216 ᾖς,
896 3142 1070 3213 κράζε
1113 3141 1208 3194 καὶ
1240 3139 1390 3207 λέγε,
1437 3134 1697 3205 Ἐλέησόν
1722 3151 1787 3203 με
1809 3149 1821 3160 ·

1931 1927 2028 1982 lier
2046 1928 2067 1981 .'
2091 1931 2321 1986 audiant
2345 1936 2439 2004 qui
2479 1936 2740 1992 illiberali
2789 1941 2975 1995 animo
3024 1955 3338 2011 precantur.
3381 1950 3515 2005 Cum

1929 2019 2141 2088 dixero,
2175 2023 2344 2078 Deum
2382 2043 2534 2098 roga,
2569 2045 2664 2083 ora
2696 2047 2848 2097 eunt,
2883 2037 3136 2104 supplica
3164 2040 3252 2106 ei;
3289 2057 3518 2112 respon-

1929 2113 2019 2168 det
2045 2116 2175 2172 ille:
2219 2117 2399 2174 Semel
2445 2129 2610 2189 atque
2661 2124 2884 2190 iterum,
2927 2131 3205 2199 tertioque
3247 2147 3311 2187 ac
3339 2134 3518 2191 decies

1928 2207 2143 2276 rogavi,
2195 2223 2298 2263 nec
2355 2211 2559 2279 accepi.
2599 2213 2668 2266 At
2724 2215 2884 2268 velim
2948 2229 3018 2272 ne
3054 2217 3298 2286 desinas,
3345 2222 3520 2277 donec

1929 2301 2231 2370 acceperis.
2282 2300 2440 2359 Tunc
2477 2304 2698 2358 demum
2737 2305 2976 2376 absiste,
3023 2323 3151 2364 cum
3196 2313 3519 2382 acceperis;

1930 2391 2041 2445 imo
2082 2408 2150 2447 ne
2184 2401 2299 2448 tum
2358 2396 2608 2465 quidem,
2661 2398 2760 2452 sed
2804 2401 2983 2470 magis
3041 2403 3207 2456 etiam
3257 2404 3517 2474 persiste.

1931 2482 2057 2538 Sive
2088 2501 2199 2541 non
2234 2487 2497 2557 accipias,
2530 2497 2685 2558 pete;
2719 2490 2838 2546 sive
2879 2493 3150 2563 accipias,
3187 2495 3393 2564 gratias
3421 2511 3523 2566 age

1929 2574 2076 2643 quod
2106 2576 2706 2646 acceperis.,Permulti
2756 2578 3061 2635 Ecclesium
3106 2581 3519 2653 ingrediuntur,

1928 2674 1984 2722 et
2047 2668 2373 2724 innumeros
2433 2672 2816 2739 precationutn
2875 2666 3187 2730 versiculos
3239 2676 3520 2737 evolvunt,

1929 2765 2094 2826 atque
2126 2758 2200 2811 ita
2231 2758 2530 2814 excedunt.
2582 2759 2845 2832 Nunquid
2887 2761 3035 2820 Dens
3068 2764 3362 2820 verborum
3397 2781 3522 2835 prn-

1931 2852 2142 2905 Iixitate
2190 2867 2333 2922 opus
2383 2853 2597 2908 habet?
2637 2856 3015 2926 precationem
3051 2866 3201 2912 tuam
3252 2859 3524 2914 duntaxat

1930 2948 2145 3015 quaerit.
2180 2945 2413 3016 Ecquid,
2443 2948 2542 3012 ait,
2587 2948 2848 3003 inclinavi
2881 2964 2990 3014 me,
3019 2956 3076 3004 et
3099 2951 3294 3004 oravi?
3333 2950 3524 3006 Genua

1930 3036 2171 3103 ﬂexisti;
2211 3051 2366 3092 mens
2391 3053 2520 3093 vero
2548 3046 2643 3092 tua
2669 3048 2824 3095 extra
2859 3042 3086 3096 volavit.
3121 3035 3336 3112 Curpus
3370 3052 3521 3096 tuum

1931 3127 2082 3182 intus
2104 3131 2484 3192 erat,animus
2509 3127 2760 3185 loris.Os
2791 3141 2946 3184 tuum
2984 3131 3346 3200 loquebatur;
3371 3147 3525 3185 inens

244 3241 322 3312 μὴ
356 3240 525 3294 κινῶν
548 3237 615 3291 τὰ
639 3237 818 3308 χείλη,
855 3235 993 3289 ἀλλὰ
1017 3237 1084 3306 τῇ
1127 3232 1339 3302 διανοίᾳ
1371 3229 1542 3300 βοῶν·
1572 3227 1667 3281 καὶ
1701 3244 1827 3280 σιω-

1939 3235 2069 3274 vero
2131 3219 2360 3284 fenora,
2421 3229 2783 3288 contractus,
2844 3224 3219 3288 commercia,
3296 3224 3525 3293 praedia,

243 3335 473 3388 πώντων
497 3331 690 3386 ἀκούει
711 3333 739 3384 6
757 3329 912 3393 Θεὸς.
939 3328 1015 3382 Οὐ
1045 3327 1293 3398 ζητεῖται
1317 3324 1500 3386 τόπος,
1527 3321 1642 3374 ἀλλ’
1669 3320 1835 3390 ἀρκεῖ

241 3428 466 3499 τρόπος.
507 3426 567 3480 Ὀ
615 3422 890 3495 Ἱερεμίας
942 3421 1000 3474 ὲν
1061 3418 1311 3489 βορϐόρῳ
1337 3412 1427 3487 ἦν,
1463 3415 1556 3468 καὶ
1581 3413 1674 3466 τὸν
1700 3412 1832 3466 Θεὸν

241 3509 618 3572 ἐπεσπάσατο.
663 3516 723 3568 '0
757 3511 957 3583 Δανιὴλ
989 3513 1046 3563 ὲν
1078 3510 1268 3580 λάκκῳ
1313 3506 1571 3568 λεόντων,
1601 3504 1700 3558 καλ.
1741 3504 1831 3556 τὸν

241 3611 378 3666 Θεὸν
427 3607 849 3680 ὲξευμενίσατο·
883 3607 933 3658 oi
980 3605 1132 3675 τρεῖς
1163 3600 1355 3662 παῖδες
1403 3600 1461 3651 ὲν
1514 3599 1582 3667 τῇ
1615 3596 1832 3665 καμίνῳ

241 3705 408 3781 ἦσαν,
445 3705 540 3758 καὶ
562 3707 652 3758 τὸν
681 3705 815 3757 Θεὸν
860 3699 1248 3769 ὲδυσώπησαν.
1293 3695 1351 3746 Ὀ
1377 3693 1582 3764 λῃστὴς
1630 3692 1829 3743 ἐσταυο

244 3801 419 3872 ρώθη,
451 3799 548 3852 καὶ
572 3801 599 3850 6
625 3793 860 3866 σταυρὸς
885 3794 986 3846 οὐκ
1007 3790 1308 3850 ἐκώλυσεν,
1334 3785 1468 3840 ἀλλά
1498 3781 1829 3853 παράδεισον

242 3892 477 3964 ἡνοιξεν.
539 3889 598 3943 '0
640 3887 762 3943 Ἰὼϐ
809 3889 868 3938 ὲν
918 3882 1123 3954 κοπρίᾳ
1151 3877 1240 3952 ἦν,
1281 3880 1375 3930 καὶ
1408 3877 1500 3930 τὸν
1523 3874 1658 3928 Θεὸν
1690 3874 1831 3926 ἵλεον

242 3985 674 4044 κατεσκεύασεν.
713 3984 890 4036 Ὅπου
927 3981 1024 4034 ἐὰν
1066 3975 1154 4053 ᾗς,
1207 3973 1389 4045 εὔχου.
1446 3973 1566 4024 Κᾶν
1599 3969 1830 4038 δικαστῇ

243 4082 562 4155 παραστῇς,
620 4075 802 4148 εὔχου.
861 4074 1033 4127 "Mdv
1076 4067 1369 4142 ὀργίζηταί
1420 4082 1503 4117 σοι
1542 4060 1829 4155 δικαστὴς,

242 4151 428 4244 εὔχου.
460 4172 720 4225 Θάλασσα
745 4163 812 4238 ἦν
836 4163 1169 4236 ἔμπροσθεν,
1195 4157 1422 4212 ὄπισθεν
1447 4156 1496 4210 οί
1541 4151 1830 4220 Αίγύπτιοι

243 4266 490 4329 ἐδίωκον,
525 4262 687 4332 μέσος
716 4261 743 4312 ὀ
778 4257 1004 4326 Μωσῆς.
1037 4251 1216 4322 Πολλὴ
1262 4250 1395 4320 εὐχὴ
1433 4252 1490 4302 ὲν
1537 4250 1604 4320 τῇ
1651 4263 1831 4299 στενο-

243 4357 442 4430 χωρίᾳ·
472 4353 608 4408 ἀλλὰ
650 4355 796 4424 μέγα
824 4349 886 4403 τὸ
937 4347 1176 4413 πέλαγος
1213 4343 1313 4413 τῆς
1355 4342 1542 4412 εὐχῆς.
1565 4337 1830 4393 Ὀπισθεν

241 4455 294 4506 οί
326 4449 616 4518 Αἰγύπτιοι
652 4446 900 4508 ἐδίωκον,
943 4441 1038 4495 καί
1082 4439 1221 4510 μέση
1253 4439 1285 4508 ἡ
1319 4437 1475 4506 εὐχή.
1511 4435 1620 4488 Καὶ
1676 4432 1829 4486 οὐδὲν

1940 3311 2206 3382 pecunias
2240 3312 2588 3366 munerabat.’
2615 3311 2881 3368 Diabolus
2914 3312 3215 3383 siquidem,
3245 3313 3374 3382 quia
3409 3326 3527 3365 ma-

1939 3403 2120 3473 lignus
2150 3412 2258 3470 est,
2314 3420 2531 3476 nosque
2560 3407 2704 3460 inter
2746 3405 3020 3460 orandum
3055 3405 3229 3460 multa
3262 3405 3527 3475 perﬁcere

1937 3497 2111 3560 novit,
2155 3503 2290 3550 tunc
2333 3498 2388 3552 in
2425 3513 2525 3552 nos
2577 3498 2810 3553 invadit.
2843 3495 3042 3567 Supini
3081 3512 3225 3566 saepe
3249 3497 3522 3566 jacenms,

1935 3597 1989 3644 et
2028 3589 2163 3642 nihil
2208 3590 2524 3660 cogitando,
2567 3591 2863 3659 tranquilla
2915 3601 3097 3644 mente
3137 3589 3518 3651 consistimus.

1868 3700 1877 3710 -
1933 3681 2289 3736 Accessimus
2317 3683 2552 3744 oraturi,
2591 3683 2889 3751 statimque
2926 3691 3198 3735 sexcenta:
3229 3680 3523 3749 cogitatio-

1935 3785 2034 3824 nes
2065 3771 2352 3841 ingruunt,
2388 3781 2449 3825 ut
2479 3785 2578 3826 nos
2604 3771 2695 3825 ille
2723 3785 2926 3824 vacuos
2955 3771 3212 3839 expellat.
3249 3767 3374 3824 Haec
3395 3785 3519 3823 cum

1936 3860 2045 3916 tuis
2088 3861 2139 3914 in
2171 3861 2515 3915 orationibus
2565 3862 2797 3924 sentias,
2861 3861 3079 3914 intuere
3126 3859 3520 3940 Clnananaaam.

1932 3954 2033 4009 Ast
2081 3953 2243 4008 tiliam
2287 3971 2314 4008 a
2367 3954 2618 4008 dannone
2671 3964 2926 4008 vexatam
2969 3969 3078 4006 non
3132 3952 3322 4007 babes.
3379 3951 3522 4016 Quid

1932 4047 2444 4103 dixitChananwa?
2483 4046 2736 4102 Miserere
2784 4049 2883 4101 mei
2925 4061 2944 4100 :
2994 4047 3114 4115 ﬁlia
3165 4061 3281 4098 mea
3327 4045 3521 4099 malea

1933 4141 2194 4195 dwmonio
2226 4140 2392 4212 470
2422 4150 2714 4212 torquetur.
2736 4138 2967 4210 Magnus
2991 4139 3202 4194 daemon
3225 4144 3310 4193 est
3332 4151 3518 4207 pecca-

1933 4243 2071 4294 tum.
2108 4233 2212 4299 Qui
2263 4232 2565 4287 obsidetur.
2604 4247 2632 4285 a
2683 4232 2956 4295 daemone,
2996 4228 3363 4285 miserationi
3412 4237 3520 4290 est,

1933 4329 2080 4394 odio,
2116 4327 2210 4398 qui
2249 4335 2457 4397 peccat.
2503 4328 2598 4382 Ille
2630 4327 2846 4381 veniam
2880 4326 3116 4387 obtinet,
3159 4323 3250 4377 hic
3296 4337 3524 4378 excusa-

1934 4421 2084 4476 tione
2132 4427 2307 4474 carct.
2363 4417 2616 4473 Miserere
2665 4418 2784 4473 mei.
2832 4417 3101 4488 Exiguum
3145 4415 3417 4479 verbum;
3467 4423 3522 4467 at

243 4505 426 4602 ἐλάλει
446 4543 682 4612 Μωσῆς-ο
710 4539 806 4593 καὶ
829 4505 978 4601 λέγει
1006 4505 1156 4606 αὑτῷ
1175 4505 1220 4584 ὁ⁷
1237 4505 1389 4592 Θεὸς,
1422 4505 1480 4582 Tl
1499 4525 1655 4594 βοᾷς
1677 4527 1827 4593 πρός

1937 4514 2295 4584 benignitatis
2348 4523 2432 4565 est
2463 4513 2710 4581 pelagus.
2765 4509 2864 4565 Ubi
2912 4510 3059 4565 enim
3117 4505 3520 4574 misericordia,

237 4657 347 4712 lis;
381 4638 503 4693 Κᾶν
535 4636 594 4689 τὸ
647 4636 828 4704 στόμα
881 4646 977 4683 σου
1041 4626 1202 4698 σιγᾷ,
1251 4622 1367 4676 ἀλλ’
1399 4623 1432 4691 ἡ
1486 4619 1686 4690 καρδία
1733 4633 1828 4671 σου

248 4739 370 4809 βοᾷ.
410 4735 522 4790 Καὶ
557 4733 626 4787 σὺ
648 4733 780 4786 ὅταν
835 4726 1126 4798 παραστῇς
1155 4721 1384 4789 δικαστῇ
1425 4715 1699 4809 μεμηνότι
1735 4713 1830 4809 κα]

244 4803 624 4900 τυραννοῦντι,
657 4824 751 4878 καὶ
788 4821 874 4874 ἐπ’
905 4817 1086 4872 αὐτῶν
1121 4815 1234 4868 τῶν
1281 4810 1513 4880 δημίων,
1547 4805 1710 4876 εὔχου
1751 4803 1831 4874 τῷ

246 4898 388 4992 Θεῷ.
417 4916 730 4990 Εὑχομένου
760 4913 818 4967 δέ
851 4928 973 4974 σου,
1007 4909 1077 4963 τὰ
1121 4905 1344 4975 κύματα
1375 4898 1830 4992 καταστέλλεται.

256 5017 319 5069 '0
340 4990 603 5082 δικαστὴς
629 5009 722 5064 ἐπὶ
751 5006 809 5060 σέ
835 5023 849 5072 ;
873 5003 1011 5075 πρὸς
1035 5002 1126 5055 τὸν
1148 4997 1283 5052 Θεὸν
1311 4994 1518 5082 φεῦγεξ
1562 4991 1619 5044 Ὀ
1644 4990 1830 5082 ἄρχων

245 5105 483 5175 πλησίον
509 5080 644 5169 ceu;
703 5101 771 5153 σὺ
803 5099 895 5152 τὸν
940 5092 1219 5160 Δεσπότην
1274 5081 1684 5158 παρακάλεσον.
1738 5080 1830 5175 Mi)

245 5171 358 5270 γὰρ
391 5193 680 5266 ἄνθρωπός
701 5195 888 5259 ὲστιν;
923 5185 1012 5243 ἀεῖ.
1037 5182 1208 5254 ἐγγύς
1239 5181 1379 5245 ἐστι,
1413 5175 1512 5229 καί⁵
1547 5171 1830 5270 παν-ιαχοῦ

247 5265 386 5352 ἔστι,
415 5265 513 5342 καί
559 5286 740 5340 πάντα
786 5282 1000 5354 πληροῖ.
1051 5276 1182 5330 Ἐὰν
1233 5271 1396 5342 θέλῃς
1443 5265 1832 5339 παρακαλέσαι

245 5381 559 5454 ἄνθρωπον,
592 5379 685 5432 καὶ
739 5376 936 5446 μαθεῖν
968 5372 1020 5426 τί
1052 5368 1213 5432 ποιεῖ,
1256 5359 1524 5416 διακονῶν
1553 5357 1653 5412 οὐκ
1696 5357 1831 5410 ἀπο-

247 5451 518 5546 κρίνεται.
561 5472 689 5523 Ἐπὶ
735 5469 791 5522 δὲ
825 5466 914 5520 τοῦ
966 5463 1103 5518 Θεοῦ
1156 5458 1309 5514 οὐδὲν
1353 5453 1618 5508 τοιοῦτον.
1654 5451 1832 5502 Ὅπου

244 5541 299 5622 δ’.
328 5568 396 5622 ἂν
423 5563 665 5635 ἀπέλθῃς
697 5563 793 5615 καὶ
829 5559 1022 5630 καλῇς.
1070 5551 1282 5609 ἀκούει.
1315 5548 1391 5602 Οὐ
1427 5543 1694 5616 θυρωρὸς,
1730 5541 1833 5594 οὐκ

243 5663 553 5728 οἰκονόμος,
609 5655 675 5708 οὐ
707 5653 956 5724 μεσίτης,
989 5649 1050 5701 οὐ
1101 5647 1372 5704 διάκονος,
1405 5638 1558 5692 οὐδὲν
1599 5635 1827 5689 τούτων.

247 5754 409 5808 Εἰπέ·
437 5727 744 5816 νἘλέησόν
773 5761 866 5812 με,
913 5744 1009 5796 καὶ
1058 5742 1086 5792 6
1125 5738 1257 5799 Θεὸς
1289 5731 1677 5804 παραγίνεται.
1711 5727 1830 5778 Ἔτι

245 5841 542 5904 λαλοῦν-ἑός
592 5855 686 5892 σου
736 5837 884 5906 ἐρεῖ·
939 5831 1072 5885 Ἰδοὒ
1114 5829 1367 5897 πάρειμι.
1405 5818 1473 5873 Ὠ
1516 5820 1667 5890 ῥῆμα
1696 5819 1831 5886 ἡμε-

577 5931 852 5991 ΡΑτιιοι..
900 5926 1019 5985 (in.
1069 5920 1254 5981 ΜΝ.

1936 4605 2048 4657 illic
2067 4603 2250 4657 omnia
2285 4602 2427 4655 bona
2460 4609 2610 4654 sunt.
2635 4599 2746 4655 Etsi
2773 4609 2925 4654 extra
2961 4596 3226 4668 templum
3255 4595 3518 4655 versaris,

1935 4695 2302 4751 nihilominus
2319 4695 2588 4762 clama,et
2610 4692 2699 4746 dic
2731 4711 2744 4746 :
2777 4691 3036 4746 Miserere
3059 4691 3196 4756 mei;
3230 4703 3340 4742 non
3371 4688 3520 4741 labra

1935 4804 2183 4852 movens,
2221 4787 2318 4842 sed
2368 4796 2554 4841 mente
2604 4786 2899 4840 clamitans
2936 4803 2950 4839 :
2989 4799 3116 4838 nam
3169 4795 3223 4838 et
3274 4789 3521 4836 tacentes
3565 4777 3568 4780 ί

1935 4883 2089 4938 audit
2144 4882 2312 4938 Deus.
2359 4879 2475 4934 Non
2525 4877 2789 4949 quan-itur
2843 4877 3019 4942 locus,
3066 4873 3260 4930 modus
3296 4871 3518 4928 sullicit.

1933 4973 2204 5030 Jeremias
2254 4975 2310 5028 in
2359 4987 2522 5028 emno
2570 4980 2710 5029 erat.
2749 4982 2802 5024 et
2838 4967 2984 5023 Dens
3043 4968 3221 5036 ipsum
3259 4962 3520 5018 extraxit.

1935 5067 2129 5122 Daniel
2160 5068 2217 5120 in
2249 5065 2653 5124 lacu'leonum,
2685 5072 2764 5128 let
2826 5061 2994 5114 Deum
3048 5056 3287 5130 placavit
3339 5071 3354 5107 :
3407 5061 3522 5108 tres

1935 5158 2094 5232 pueri
2153 5159 2210 5212 in
2270 5156 2493 5211 fornace
2551 5162 2730 5217 erant,
2783 5160 2838 5206 et
2899 5151 3066 5206 Deum
3123 5133 3518 5201 exoravcrunt.

1934 5253 2103 5308 Latro
2141 5249 2193 5304 in
2227 5261 2451 5302 crucem
2492 5255 2653 5300 actus
2704 5252 2846 5307 erat,
2882 5256 2981 5294 nec
3020 5247 3202 5292 tamen
3246 5247 3384 5288 crux
3419 5247 3523 5284 im-

1936 5343 2252 5415 pedimento
2274 5340 2398 5405 fuit,
2420 5337 2552 5410 quin
2583 5337 2763 5406 potius
2804 5331 3122 5404 paradisum
3160 5320 3521 5415 aperuit..lob

1937 5413 1992 5490 in
2027 5431 2373 5502 sterquilinio
2417 5427 2677 5490 sedebat,
2731 5425 3015 5490 Deumque
3053 5419 3158 5474 sibi
3218 5413 3520 5487 propitium

1937 5527 2196 5586 reddidit.
2234 5522 2562 5592 Ubicunque
2591 5518 2786 5576 fueris.
2827 5531 2945 5568 ora.
2981 5511 3095 5567 Etsi
3129 5525 3314 5565 coram
3337 5505 3525 5577 judice

1934 5623 2170 5682 sisteris,
2208 5631 2327 5672 ora.
2361 5613 2479 5668 Etsi
2523 5611 2691 5678 judex
2733 5610 3014 5666 irascitur,
3065 5618 3184 5656 era.
3242 5601 3286 5654 A
3344 5600 3524 5651 fronte

1937 5723 2056 5770 erat
2087 5722 2314 5770 inare,,a
2353 5714 2505 5774 tergo
2539 5701 2786 5771 Aigyptii
2829 5695 3265 5766 insequebantur
3300 5711 3313 5745 :
3348 5691 3524 5774 inter-7

1942 5777 2153 5863 medius
2185 5799 2400 5869 Moyses
2433 5803 2573 5852 erat.
2605 5793 2781 5846 Μυιιιυ
2811 5806 3000 5861 prcccs
3033 5789 3085 5842 in
3119 5782 3396 5850 angustia,
3427 5773 3524 5833 sed

3129 5877 3199 5938 46
