3968 6406
553 352 685 418 ιιδι

1728 345 1787 404 S.
1829 342 2149 404 JOANNIS
2172 338 2609 402 DAMASCENI

3696 328 3819 393 115s!

549 477 739 544 ingens
778 478 860 524 est
897 466 1274 539 precationum
1308 462 1551 534 pelagus.
1585 461 1627 515 Α
1659 469 1813 532 tergo
1850 461 2128 515 instabant

2244 459 2468 530 ρότητος
2503 458 2708 527 γέμον,
2758 454 2859 508 οὐκ
2901 451 3174 524 ἁναμένον
3212 448 3442 503 τελέσαι
3501 447 3614 518 τὴν
3650 446 3820 515 sip-gr.

548 562 812 633 Egyptii,
830 560 1067 613 medium
1086 557 1266 611 locum
1289 553 1532 625 precatio
1553 552 1853 607 obtinebat.
1876 551 2020 617 Quin
2044 565 2143 605 nec

548 656 771 708 verbum
809 653 979 706 ullum
1016 663 1112 702 ore
1129 646 1341 718 Moyses
1368 644 1673 715 promebat,
1707 650 1762 698 et
1793 650 1978 697 tamen
2000 641 2142 697 Deus

546 744 764 799 dicebat
790 761 804 796 :
828 740 968 807 Quid
991 740 1194 793 clamas
1217 736 1287 790 ad
1314 752 1392 789 me
1422 734 1620 806 (Exod.
1647 750 1755 799 τιν,
1785 734 1871 803 15)
1891 734 1913 787 ?
1935 733 2050 789 Etsi
2081 748 2142 789 os

548 849 699 892 tuum
715 833 1113 900 silet,attamen
1137 844 1234 885 cor
1266 836 1420 882 tuum
1445 824 1797 882 vociferatur.
1819 824 1901 879 Tu
1923 841 2143 896 quoque

546 928 765 985 tametsi
791 923 1177 995 coramiudice
1210 922 1425 976 furente
1456 928 1511 975 et
1532 919 1739 975 crudeli
1761 919 2005 982 sistaris,
2033 919 2142 977 imo

544 1016 1054 1076 etintercarnit‘tces
1074 1014 1333 1076 verseris,
1355 1011 1523 1068 Deum
1546 1026 1663 1065 ora.
1687 1009 1761 1065 Te
1778 1011 1923 1065 enim
1947 1022 2141 1067 orante

546 1113 738 1166 lluctu's
767 1106 1231 1178 comprimuntur.
1254 1102 1428 1158 Judex
1459 1102 1629 1158 instat
1653 1101 1677 1155 ί
1700 1102 1766 1156 ad
1795 1101 1964 1157 Deum
1991 1102 2135 1175 fuge.

546 1203 795 1256 Imminet
812 1197 1130 1269 praefectus?
1147 1205 1205 1250 tu
1228 1194 1521 1250 Dominum
1541 1209 1693 1265 roga.
1718 1194 1973 1265 Nunquid
1993 1196 2136 1250 enim

547 1292 707 1345 homo
720 1291 837 1345 est?
854 1304 1066 1359 semper
1084 1300 1257 1357 prope
1272 1296 1377 1351 est,
1392 1286 1595 1355 ubique
1612 1285 1912 1355 est,omnia
1928 1286 2134 1356 implet.

546 1383 602 1437 Si
636 1384 720 1437 vis
761 1382 1040 1437 hominem
1077 1395 1293 1453 rogare,
1322 1388 1375 1434 et
1398 1380 1529 1450 quid
1556 1395 1742 1434 rerum
1782 1386 1905 1451 agat
1940 1394 2133 1446 nosse;

546 1476 798 1531 minister
823 1491 933 1531 non
996 1472 1313 1546 respondet.
1344 1474 1412 1527 At
1450 1474 1508 1528 in
1558 1472 1669 1529 Deo
1706 1473 1846 1527 nihil
1884 1472 1993 1527 tale
2028 1478 2134 1528 est.

543 1568 882 1639 Quocunque
906 1568 1053 1625 enim
1111 1567 1340 1634 abieris,
1393 1576 1445 1623 et
1500 1583 1625 1622 eum
1682 1567 1927 1632 invoces,
1958 1565 2130 1620 audit.

540 1658 660 1713 Non
694 1658 920 1729 ianitor,
956 1674 1061 1712 non
1113 1664 1464 1727 procurator,
1515 1670 1624 1710 non
1677 1663 1987 1724 sequester,
2024 1671 2131 1710 non

543 1752 784 1807 famulus
837 1751 994 1806 adest
1028 1767 1043 1805 :
1076 1750 1212 1804 nihil
1267 1750 1518 1805 istorum.
1565 1748 1679 1815 Die,
1720 1747 1969 1803 Miserere
2008 1751 2129 1811 mei,

2243 549 2471 602 Οὐδέπω
2500 547 2677 611 τελεῖς
2704 547 2804 617 τὴν
2838 544 3030 615 εὐχὴν,
3061 542 3158 596 καὶ⁵
3184 540 3496 611 λαμὸἀνεις
3532 536 3643 605 τὴν
3674 536 3821 588 δόσιν.

2258 641 2554 708 Ἐλέησόν
2570 657 2646 710 με
2668 657 2681 670 ·
2718 638 2928 707 ταύτην
2962 632 3338 707 μιμησώμεθα
3357 631 3463 702 τὴν
3499 630 3825 683 Χαναναίαν.

2257 734 2555 803 Ἐλέησόν
2570 750 2647 803 με
2667 750 2681 765 ο
2708 735 2747 803 ὴ
2766 730 3030 801 θυγάτηρ
3044 747 3164 799 μου
3186 726 3384 791 κακῶς
3418 722 3827 793 δαιμονίζεται.

2244 830 2355 883 Καὶ
2383 829 2435 883 τί
2460 829 2697 899 ἤκουσεν
2722 842 2735 892 ;
2765 822 2841 880 Ὦ
2885 824 3083 895 γύναι,
3110 818 3345 892 μεγάλη
3377 833 3504 871 σου
3534 816 3580 882 ἡ
3609 816 3826 879 πίστις·

2240 921 2546 992 γενηθήτω
2594 936 2693 975 σοι
2732 919 2813 985 ὡς
2841 917 3055 981 θέλεις.
3117 911 3532 983 Ἐξηπορήθης,
3580 906 3833 976 ὑδρίτθιῑς

2242 1016 2374 1085 παρ’
2405 1012 2563 1085 ἐμοῦ.
2599 1008 2905 1074 ’Λπεδίωξά
2932 1026 3013 1071 σε,
3034 1007 3131 1061 καὶ
3157 1005 3258 1059 οὐκ
3286 1002 3693 1075 ἀνεχώρησας.

2242 1106 2606 1178 παρέμεινας.
2656 1102 2922 1174 Ἀληθῶς,
2965 1097 3041 1154 Ὠ
3095 1100 3293 1169 γύναι.
3342 1094 3596 1165 μεγάλη
3646 1090 3830 1153 σσυιῖ

2239 1199 2463 1263 πίστις.
2514 1196 2815 1249 ’Λπέοανεν
2848 1197 2881 1265 ἠ
2908 1192 3066 1263 γυνὴ,
3094 1191 3188 1244 καὶ
3220 1190 3281 1242 τὸ
3332 1184 3636 1256 ἐγκώμιον
3684 1180 3834 1248 αὐτῆς

2242 1266 2393 1360 μένει
2414 1289 2747 1359 διαδήματος
2774 1284 3157 1356 λαμπρότερον
3195 1283 3276 1343 εἰς
3311 1280 3450 1347 ὅσην
3485 1276 3659 1347 ἥλιος
3682 1272 3834 1342 ἐφορᾷ

2237 1386 2361 1456 γῆν.
2399 1385 2648 1449 Ἀκούεις
2672 1382 2767 1437 τοῦ
2803 1380 3043 1454 Χριστοῦ
3069 1378 3343 1446 λέγοντοφ
3376 1372 3449 1427 Ὦ
3489 1372 3710 1442 γύναι,
3740 1370 3834 1420 ﬂeo

2236 1475 2391 1547 Ίτὶλη
2431 1493 2547 1529 σου
2579 1477 2612 1544 ἡ
2645 1476 2852 1540 πίστις
2914 1472 3219 1543 maestith
3241 1486 3343 1523 σοι
3371 1469 3460 1533 ὠς
3493 1466 3714 1530 θέλεις
3744 1462 3832 1514 σύ.

2238 1566 2347 1619 Καὶ
2375 1565 2563 1635 ἐξῆλθε
2588 1564 2649 1618 τὸ
2667 1564 2968 1635 δαιμόνιον,
2988 1564 3082 1617 καὶ
3107 1562 3241 1629 ὶάθη
3269 1562 3303 1627 ὴ
3327 1558 3617 1627 θυγάτηρ
3639 1550 3833 1616 αὐτῆς.

2238 1654 2374 1707 Πότε
2399 1672 2413 1719 ;
2448 1653 2567 1707 ἀπὸ
2592 1653 2747 1723 ὥρας
2771 1654 3032 1720 ἐκείνης.
3064 1652 3177 1705 Dim
3207 1648 3267 1713 ἐξ
3288 1643 3354 1719 ἧς
3384 1643 3569 1717 ἦλθεν
3606 1646 3645 1714 ἡ
3673 1646 3839 1712 μήτηρ

2235 1746 2429 1815 αὐτῆς,
2463 1744 2581 1798 ἀλλ’
2615 1745 2676 1810 ἐξ
2705 1741 2773 1818 ἦς
2801 1746 3007 1815 ἤκουσε
3043 1743 3190 1812 παρὰ
3226 1739 3322 1793 τοῦ
3355 1737 3636 1805 Σωτῆρος
3676 1732 3838 1801 ἡμῶν,

534 1854 593 1899 et
632 1845 771 1899 Deus
802 1852 1006 1914 prmsto
1027 1852 1133 1899 est.
1166 1842 1357 1896 Adhuc
1390 1843 1648 1910 loquente
1677 1852 1728 1895 te
1763 1842 1909 1895 dicet
1939 1861 1952 1895 :
1992 1841 2128 1896 Ecce

2244 1833 2308 1892 Ὠ
2328 1839 2525 1908 γύναι.
2552 1838 2788 1909 μεγάλη
2817 1852 2933 1891 σου
2960 1838 2994 1905 ἡ
3028 1836 3254 1899 πίστις’
3281 1830 3613 1903 γενηθήτω
3644 1844 3745 1880 σει
3774 1828 3841 1887 ὡς

540 1936 755 1991 adsum.
823 1934 867 1989 Ο
933 1949 1121 1989 vocem
1198 1932 1644 1987 mansuetudinis
1706 1932 1955 2002 plenam!
2016 1948 2124 1987 non

539 2034 823 2095 exspectat
873 2025 1001 2079 dum
1047 2024 1352 2077 orationem
1408 2022 1734 2077 absolveris.
1780 2020 2023 2076 Necdum
2062 2022 2125 2075 ii-

542 2117 711 2179 niisti,
747 2124 801 2171 cl
831 2116 1033 2170 donum
1069 2116 1300 2183 accipis.
1325 2113 1571 2169 Miserere
1600 2114 1697 2167 ntei
1718 2129 1736 2166 :
1757 2111 2123 2167 Clmuanwam

2232 1931 2446 1997 θέλεις.
2472 1932 2581 1984 Καὶ
2612 1931 2800 1985 λοιπὸν
2830 1926 2996 2001 ἦλθεν
3020 1925 3402 1998 προσδοκοῦσα
3424 1922 3632 1992 εὑρεῖν
3659 1920 3839 1986 δαιμο-

2231 2023 2543 2094 νιζομένην,
2572 2025 2667 2077 καὶ
2686 2017 2847 2095 εὗρεν
2869 2021 3239 2091 ὑγιαίνουσαν,
3263 2017 3342 2087 τῷ
3364 2014 3664 2086 θελήματι
3690 2013 3841 2079 nimi;

2236 2115 2678 2186 Θεραπευθεῖσαν
2708 2116 2850 2169 κατὰ
2873 2117 2972 2185 τὴν
3000 2114 3251 2168 κέλευσιν
3286 2109 3381 2162 τοῦ
3418 2106 3751 2160 Δεσπὸτου.

542 2213 683 2261 hanc
720 2208 1015 2261 imitemur.
1044 2203 1300 2259 Miserere
1335 2206 1470 2268 mei;
1510 2204 1626 2274 ﬁlia
1658 2220 1823 2257 mean
1853 2203 2116 2258 dannonio
2158 2206 2295 2259 male
2337 2217 2627 2276 torquetur.
2664 2206 2729 2261 Ει
2752 2208 2883 2277 quid
2930 2206 3018 2260 illa
3062 2203 3307 2259 audivit?
3363 2200 3609 2265 Mulier,
3662 2207 3846 2267 magna

541 2309 616 2351 cst
649 2298 779 2366 ﬁdes
816 2306 907 2349 tua
934 2311 952 2349 :
983 2297 1079 2365 ﬁat
1115 2294 1211 2349 tibi
1258 2296 1396 2350 sicut
1429 2296 1507 2351 vis
1544 2294 1764 2364 (Matth.
1800 2312 1889 2355 xv.
1949 2290 2063 2365 28).
2127 2296 2185 2351 ln
2228 2312 2445 2352 summa
2483 2298 2658 2353 animi
2700 2300 2978 2353 anxietate
3028 2296 3202 2359 fuisti,
3242 2295 3387 2349 male
3445 2307 3478 2347 a
3527 2308 3631 2345 me
3667 2292 3844 2344 habita

539 2405 631 2456 es;
660 2391 816 2460 abegi
849 2398 922 2455 te,
950 2405 1052 2445 nec
1076 2388 1380 2453 recessisti,
1405 2389 1499 2444 sed
1542 2390 1921 2460 permansisti.
1958 2387 2117 2452 Vere.
2164 2390 2208 2445 0
2236 2392 2448 2451 mulier,
2490 2409 2683 2463 magna
2703 2402 2781 2447 est
2812 2391 2943 2461 ﬁdes
2976 2400 3087 2445 tua.
3110 2388 3340 2443 Mortem
3396 2385 3551 2440 obiit.
3625 2385 3845 2447 mulier,

540 2493 593 2537 ct
644 2484 760 2537 laus
803 2482 978 2552 ipsius
1018 2490 1206 2537 manet
1242 2480 1557 2537 diademate
1601 2482 1801 2551 quovis
1838 2481 2128 2546 illustrior,
2166 2498 2614 2555 quaquaversum
2642 2486 2725 2541 sol
2758 2493 2966 2541 terram
3000 2481 3245 2550 inspicit.
3316 2478 3505 2533 Audis
3553 2476 3849 2531 Christum

540 2577 809 2631 dicentem
841 2592 855 2628 :
898 2574 944 2630 0
973 2577 1171 2655 mulier.
1210 2577 1449 2648 !magna
1476 2586 1553 2629 est
1584 2575 1717 2646 ﬁdes
1758 2584 1847 2629 tua
1884 2590 1899 2628 :
1947 2578 2044 2645 ﬁat
2079 2576 2174 2631 tibi
2211 2579 2346 2631 sicut
2372 2580 2468 2633 eis.
2500 2580 2646 2634 Exiit
2692 2577 2933 2633 subinde
2982 2574 3337 2633 daatnouiutn,
3391 2580 3731 2639 sanataque
3782 2578 3850 2619 est

539 2669 653 2736 ﬁlia
691 2669 881 2737 ipsius.
914 2668 1185 2734 Quando?
1206 2682 1271 2723 ex
1296 2668 1393 2722 illa
1413 2670 1546 2721 liora
1580 2665 1794 2737 (Ibid.).
1824 2666 1941 2722 Non
1972 2684 2035 2723 ex
2070 2683 2133 2723 ea
2176 2669 2311 2723 hora
2343 2687 2451 2740 qua
2501 2680 2675 2725 mater
2702 2670 2964 2732 accessit,
3002 2665 3100 2722 sed
3132 2680 3198 2719 ex
3229 2678 3292 2718 ea
3320 2676 3437 2732 qua
3502 2675 3539 2715 a
3620 2659 3850 2714 Domino

541 2766 825 2819 Salvatore
856 2774 1047 2819 nostro
1079 2765 1290 2820 audivit
1321 2783 1335 2819 :
1368 2763 1413 2820 0
1441 2764 1667 2817 mulier!
1700 2780 1892 2834 magna
1922 2773 1998 2817 est
2021 2764 2153 2830 ﬁdes
2192 2773 2282 2818 tua
2308 2782 2325 2819 :
2350 2766 2448 2834 ﬁat
2482 2765 2576 2819 tibi
2612 2768 2751 2819 sicut
2782 2756 2904 2819 vis.‘
2932 2764 3013 2816 Ac
3058 2763 3318 2829 deinceps
3374 2759 3634 2813 domum
3686 2756 3849 2817 venit,

538 2858 859 2912 existimans
892 2855 1009 2912 fore
1050 2864 1107 2911 ut
1142 2857 1309 2912 tiliam
1360 2856 1540 2911 adhuc
1575 2870 1890 2926 possessam
1970 2870 1999 2909 a
2048 2857 2298 2911 άιειιιοιιο
2364 2857 2703 2923 oii‘enderct;
2760 2868 2926 2926 atque
2978 2857 3313 2909 incolumem
3394 2866 3530 2905 eam
3621 2852 3848 2919 reperit,

539 2949 836 3002 Vulunlatis
865 2948 1126 3001 nimirum
1162 2962 1276 3001 sua:
1323 2960 1491 3017 opera
1546 2946 1844 3000 secundum
1904 2944 2118 2999 Domini
2153 2947 2370 3015 jussum
2409 2940 2647 3002 sanitati'
2672 2949 3003 3002 restitutam.

614 3036 671 3093 S.
696 3037 886 3109 Cyrill.
911 3064 978 3078 -α
1003 3036 1220 3107 Oportet
1252 3052 1454 3105 semper
1484 3051 1642 3089 orare
1667 3033 1821 3106 (Luc.
1856 3051 2013 3098 xvm,
2046 3036 2119 3104 l),
2150 3054 2193 3110 ο

540 3130 643 3184 hoc
666 3139 772 3196 est,
802 3137 857 3185 et
889 3135 1016 3183 ante
1041 3129 1365 3193 certamina,
1397 3134 1451 3182 et
1480 3126 1534 3180 in
1574 3127 1828 3196 ipsismet
1861 3126 2124 3180 certami-

540 3222 741 3282 nibus;
778 3233 841 3272 ae
881 3218 1101 3273 caelitus
1134 3216 1397 3270 auxilium
1433 3228 1755 3285 exposcere.

611 3309 803 3364 Euseb.
841 3338 911 3348 —
942 3308 1049 3361 Pro
1097 3306 1377 3363 communi
1412 3306 1699 3361 hominum
1730 3305 1913 3361 salute
1942 3306 2119 3377 prius.

540 3416 654 3459 tum
693 3402 890 3459 deinde
925 3382 1151 3473 pro‘sua
1178 3400 1417 3471 quisque
1440 3399 1603 3456 debet
1645 3414 1826 3456 orare.
1866 3400 1923 3454 In
1948 3401 2127 3456 socie-

539 3509 703 3552 tatem
734 3497 881 3551 enim
916 3494 1047 3549 facti
1085 3509 1313 3560 smnus;
1349 3500 1403 3548 et
1436 3492 1530 3563 qui
1559 3507 1682 3547 eam
1714 3492 1957 3563 propriis
2006 3492 2126 3547 suis

537 3585 842 3641 commodis
895 3583 1144 3655 praefert,
1193 3583 1284 3638 ille
1338 3583 1635 3638 admodum
1685 3592 1954 3653 acceptus
2013 3582 2125 3638 Deo

538 3679 725 3733 fuerit.

605 3770 766 3842 47],
806 3770 862 3827 S.
904 3767 1041 3823 Nili.
1068 3767 1456 3838 —lmperavit
1497 3765 1787 3833 Dominus,
1828 3776 1889 3821 ut
1943 3766 2121 3837 ipsum

538 3864 760 3919 iuvoces
794 3864 848 3918 in
901 3863 991 3918 die
1041 3861 1428 3917 tribulationis.
1482 3858 1665 3927 Quare
1711 3859 1965 3914 cunctari
2014 3874 2123 3914 non

537 3956 823 4021 debemus,
872 3958 965 4011 scd
1006 3971 1130 4011 cum
1190 3970 1406 4025 semper
1455 3954 1623 4018 alias,
1660 3961 1774 4006 tum
1820 3954 2121 4022 praesertim

537 4048 846 4103 alllictionis
896 4056 1146 4117 tempore
1179 4046 1422 4099 divinam
1462 4060 1619 4114 opem
1653 4044 1979 4112 implorare;
2015 4059 2124 4112 quo

539 4134 886 4211 perSpicuum
918 4140 1167 4195 hostibus
1190 4137 1464 4192 faciamus
1488 4135 1713 4189 minime
1748 4149 1849 4190 nos
1876 4135 2124 4189 adversis

539 4234 703 4290 rebus
731 4236 1023 4302 absorptos
1051 4247 1193 4295 esse,
1220 4230 1315 4285 sed
1352 4229 1536 4283 ﬁdenti
1586 4228 1771 4281 animo
1804 4240 2025 4281 sursum
2052 4224 2122 4279 ad

2309 3038 2415 3090 Ἀεὶ
2458 3037 2911 3105 προσεύχεσθαι
2951 3034 3062 3100 δεῖ,
3119 3034 3215 3087 καὶ
3255 3033 3362 3104 πρὸ
3418 3033 3542 3087 τῶν
3590 3034 3847 3103 ἀγώνων.

2234 3130 2327 3181 καὶ
2355 3132 2411 3182 ἐν
2445 3131 2631 3193 αὐτοῖς
2653 3132 2770 3194 τοῖς
2816 3128 3019 3197 ἀγῶσι,
3070 3131 3165 3182 καὶ
3194 3128 3291 3199 τὴν
3334 3129 3566 3183 ἄνωθεν
3614 3132 3844 3183 ἐπικου-

2234 3221 2356 3293 ρίαν
2389 3222 2581 3275 αἰτεῖν.

2314 3313 2489 3385 ’Υπὲρ
2518 3315 2621 3385 τῆς
2678 3316 2867 3384 κοινῆς
2896 3313 3007 3367 τῶν
3028 3312 3357 3385 ἀνθρώπων,
3400 3314 3520 3386 χρὴ
3582 3317 3841 3387 εὔχεσθαι

2232 3406 2499 3477 πρότερον
2548 3406 2847 3478 σωτηρίας,
2874 3401 2977 3460 εἷθ’
3010 3406 3182 3470 οὕτως
3216 3407 3359 3477 ὑπὲρ
3412 3409 3687 3463 ἑαυτῶν.
3735 3413 3843 3465 Ἐπὶ

2231 3498 2339 3569 γὰρ
2366 3498 2656 3552 κοινωνίαν
2696 3500 3030 3569 γεγόναμεν,
3068 3500 3162 3553 καὶ
3213 3500 3428 3569 ταύτην
3463 3504 3493 3554 ὁ
3541 3506 3841 3574 προτιμῶν

2229 3589 2326 3641 τοῦ
2384 3589 2507 3644 καθ’
2555 3591 2747 3645 ἑαυτὸν
2799 3592 2951 3659 ἰδίου,
3004 3594 3243 3664 μάλιστα
3287 3595 3377 3664 εἴη
3422 3594 3559 3665 Θεῷ
3624 3615 3845 3667 κεχαρεο

2234 3682 2450 3752 σμένος.

2304 3774 2614 3844 Προσὲταξε
2645 3776 2993 3851 Κύριοςηίνα
3014 3776 3319 3847 ἐπικαλέσας]
3352 3778 3531 3831 αὑτὸν
3572 3782 3641 3833 ὲν
3666 3784 3838 3853 ἡμέρᾳ

2232 3866 2482 3936 θλίψεως.
2509 3869 2601 3921 Διὸ
2622 3870 2682 3922 οὐ
2705 3870 2810 3940 χρὴ
2828 3874 3136 3935 κατοκνεῖν,
3165 3870 3302 3924 ἀλλὰ
3325 3873 3506 3925 παντὶ
3531 3877 3651 3943 μὲν
3674 3879 3839 3945 καιριῷ

2230 3960 2609 4014 ἐπικαλεῖσθαι
2647 3960 2737 4014 τὸν
2770 3962 2922 4028 Θεὸν,
2959 3962 3197 4033 μάλιστα
3238 3963 3297 4015 δὲ
3332 3964 3392 4016 ὲν
3452 3969 3584 4029 τοῖς
3635 3973 3837 4039 καιροίς

2229 4053 2336 4106 τῶν
2360 4052 2613 4123 θλίψεων,
2646 4055 2732 4107 ἵνα
2762 4054 3027 4126 δείξωμεν
3056 4058 3169 4119 τοῖς
3196 4055 3440 4126 ἐχθροῖς,
3477 4059 3569 4111 ὅτι
3601 4064 3837 4114 κατεταὰ⁸

2230 4146 2403 4217 θημεν
2440 4144 2544 4199 ὑπὸ
2582 4146 2690 4199 τῶν
2740 4148 3145 4217 περιστάσεων.
3182 4148 3320 4202 ἀλλὰ
3358 4150 3512 4219 μετὰ
3567 4154 3831 4222 uersabi-

2232 4254 2370 4301 σεως
2403 4239 2540 4309 πρὸς
2559 4239 2651 4293 τὸν
2682 4238 2815 4293 Θεὸν
2850 4239 2964 4293 ἅνω
2988 4240 3278 4311 βλέπομεν.

541 4329 709 4383 Deum
741 4326 935 4380 oculos
968 4322 1250 4391 conjectos
1286 4320 1508 4374 habere.

616 4418 806 4488 Ejusd.
835 4446 906 4457 —
934 4416 1070 4470 Cum
1104 4426 1483 4483 saepenumero
1525 4410 1692 4466 Deum
1718 4420 1977 4481 precatus
2006 4409 2125 4466 fue-

2301 4419 2628 4484 Πλειστάκις
2653 4417 2889 4489 δεηθεὶς,
2914 4420 3011 4471 καὶ
3036 4417 3351 4489 ἀποτυχὼν,
3387 4420 3472 4490 μὴ
3503 4421 3828 4492 ἀποκάμῃς.

538 4511 641 4578 ris,
670 4525 770 4566 nec
795 4507 1196 4578 impetraveris,
1215 4520 1284 4560 ne
1309 4514 1594 4577 propterea
1621 4502 1983 4574 deSponderis
2012 4504 2127 4557 aui-

2244 4512 2370 4583 ubi:
2415 4514 2748 4584 ἁπελπίσῃς,
2788 4510 2928 4564 ἀλλὰ
2983 4511 3344 4576 ἁνακαινίσας
3393 4515 3536 4577 τοὺς
3578 4517 3727 4586 πρὸς
3749 4518 3827 4567 τὸν

539 4620 688 4659 mum
723 4620 737 4657 :
771 4603 904 4674 quin
945 4602 1129 4672 potius
1164 4598 1442 4669 supplices
1468 4596 1535 4652 ad
1566 4596 1746 4665 ipsum
1788 4596 2005 4653 libellos
2040 4612 2125 4653 re-

2244 4605 2359 4659 Rabv
2382 4605 2680 4670 λιεέλ).ους,
2710 4604 2876 4676 πάλιν
2894 4604 3160 4679 πρόσελθε
3190 4603 3430 4666 ἀναιδῶς
3461 4605 3548 4674 τῷ
3569 4606 3824 4677 δεσπότῃ.

536 4711 770 4763 novans,
800 4697 1146 4766 impudenter
1177 4692 1393 4747 accede.
1421 4688 1558 4745 Nam
1593 4692 1647 4745 in
1679 4689 1912 4746 summis
1939 4704 2123 4745 rerum

2244 4701 2569 4773 Ἱροτιμᾶται
2599 4700 2708 4771 γὰρ
2739 4702 2795 4752 ὲν
2812 4703 2934 4763 ταῖς
2951 4700 3222 4766 ἀνάγκαις
3249 4696 3353 4765 τῆς
3382 4696 3588 4761 αἰδοῦς
3622 4700 3658 4769 ἡ
3685 4699 3825 4750 dui-

534 4787 945 4843 dimcultatibus
971 4786 1180 4858 pudore
1211 4783 1554 4856 impudentia
1584 4784 1762 4853 potior
1792 4792 1897 4837 est.
1917 4780 2122 4848 Quem-

533 4880 826 4936 admodum
855 4882 999 4935 enim
1038 4877 1304 4935 Dominus
1330 4876 1465 4930 dicit
1504 4893 1517 4929 :
1552 4875 1784 4929 Dabitur
1812 4875 1861 4928 ei
1906 4885 2123 4944 propter

535 4974 961 5030 inuerecundiam
990 4971 1248 5045 quidquid
1278 4970 1503 5026 voluerit
1539 4969 1694 5041 (Luc.
1728 4985 1807 5033 xl,
1837 4967 1914 5039 8).

606 5067 796 5138 Ejusd.
828 5097 897 5107 -
925 5064 1106 5121 Veluti
1142 5064 1419 5134 respirare
1449 5078 1733 5133 nunquam
1774 5061 2119 5131 intempesti-

534 5176 661 5216 vum
687 5169 791 5226 est,
829 5160 910 5215 sic
943 5172 1043 5212 nec
1069 5156 1301 5228 mystica
1333 5171 1563 5211 munera
1596 5171 1626 5209 a
1661 5154 1897 5208 Domino
1926 5164 2117 5223 postu-

533 5252 669 5317 lare,
696 5254 759 5304 ad
791 5259 1093 5305 extremum
1117 5262 1292 5319 usque
1323 5247 1599 5319 spiritum.

603 5341 670 5398 In
702 5343 807 5407 die,
844 5340 1043 5411 inquit,
1092 5338 1344 5403 ctamavi,
1390 5347 1438 5392 et
1484 5346 1635 5392 nocte
1680 5353 1858 5391 coram
1903 5346 1971 5403 te,
2004 5336 2114 5394 Do-

533 5435 669 5487 mine
700 5432 839 5485 Deus
874 5447 1020 5485 meus
1061 5427 1237 5496 (Psal.
1270 5444 1513 5497 Lxxxvu,
1545 5427 1627 5499 2).
1660 5426 1827 5484 Vides
1852 5431 2116 5501 quemad-

531 5522 754 5579 modum
779 5524 999 5579 divinus
1034 5524 1126 5579 ille
1161 5521 1330 5578 David
1363 5522 1526 5578 nobis
1557 5524 1610 5576 in
1659 5525 1969 5593 exemplum
2005 5531 2112 5591 cst,

534 5626 590 5670 ut
636 5616 753 5669 sine
804 5618 1214 5672 intermissione
1252 5632 1499 5682 oremus,
1537 5632 1637 5670 nec
1692 5617 1746 5670 in
1792 5617 2111 5687 languorem

534 5725 595 5765 ac
626 5709 845 5765 taedium
881 5708 1279 5766 devolvamur?

2223 4794 2362 4847 δεια.
2425 4794 2529 4849 Διὰ
2552 4794 2661 4863 γὰρ
2723 4793 2837 4860 τὴν
2889 4791 3201 4848 ἀναίδειαν
3245 4789 3439 4843 αὑτοῦ
3496 4790 3823 4861 δοθήσεται

2222 4886 2383 4953 αὐτῷ
2408 4884 2562 4986 ὅσοις
2581 4884 2763 4953 θέλει,
2803 4884 2991 4947 καθὼς
3020 4878 3178 4936 εἶπεν
3206 4884 3235 4934 ὁ
3266 4880 3506 4951 Κύριος.

2293 5066 2510 5137 Ὠσπερ
2540 5066 2600 5119 τὸ
2622 5064 2883 5119 ἀναπνεῖν
2914 5061 3173 5116 οὐδέποτε
3204 5061 3472 5130 ἄκαιρον,
3508 5061 3698 5129 opto»;
3714 5062 3819 5115 οὺδὲ

2219 5159 2280 5212 τὸ
2304 5158 2573 5212 αἰτεῖσθαι
2595 5158 2744 5229 παρὰ
2772 5156 2977 5227 Κυρίου
3000 5154 3071 5208 τὰ
3100 5154 3386 5225 αἰτήματα
3417 5159 3706 5224 μυστικὰ.
3738 5156 3819 5225 μὲ-

2219 5268 2341 5324 χρις
2380 5250 2617 5321 ἐσχάτης
2650 5248 2945 5318 ἀναπνοῆς.

2301 5344 2565 5414 Ἡμέρας,
2597 5343 2780 5413 φησιν,
2828 5339 3146 5409 ἐκέκραξα,
3185 5338 3279 5391 καί
3306 5338 3382 5391 ἐν
3409 5341 3599 5393 νυκτί
3657 5341 3814 5392 eam.

2220 5438 2349 5492 τίον
2376 5438 2715 5505 o'ov,-Ki'vpte
2758 5438 2790 5490 ὀ
2840 5434 2983 5499 Θεός
3021 5450 3164 5502 μου.
3219 5433 3387 5503 Ὁρᾷς
3416 5433 3544 5496 πῶς
3602 5433 3764 5485 Διεδ
3790 5433 3814 5480 ὁ

2218 5531 2506 5594 Θεσπέσιος
2546 5529 2897 5590 ὑποτύπωσις
2946 5527 3076 5595 ὑμῖν
3120 5525 3337 5593 γίνεται
3392 5525 3545 5594 πρὸς
3573 5527 3640 5579 τὸ
3675 5524 3810 5579 ἀδια-

2216 5624 2451 5686 λείπτως
2475 5621 2751 5693 εὔχεσθαι,
2779 5620 2873 5675 καὶ
2895 5618 2969 5689 μὴ
2996 5614 3418 5690 καταφέρεσῦαι
3441 5618 3529 5681 εἰς
3564 5617 3807 5686 ἀκηδᾲεν.
