3968 6412
163 389 336 456 1153-

1403 406 1642 467 SACRA
1683 408 2156 470 PARALLELA.

3268 407 3404 477 1454

223 509 280 561 Et
320 505 610 574 πλεονάκις
665 509 1028 583 ὠφελήθημεν
1083 513 1241 585 ἀνδρὶ
1289 515 1481 586 ἀγαθῷ
1513 534 1714 570 συντυ-

1891 519 1951 573 Si
1989 535 2055 574 ex
2096 517 2256 589 probi
2302 519 2403 574 viri
2448 533 2751 590 congressu
2807 535 3052 591 persmpe
3107 522 3401 579 utilitatem

154 598 348 669 χόντες,
373 599 579 671 πηλίκα
594 601 966 673 κερδανοῦμεν
995 603 1118 658 καθ’
1143 605 1358 678 ἡμέραν
1380 609 1476 661 καὶ
1500 609 1716 680 νύκτωρ

151 691 657 762 προσδιαλεγόμενοι
688 695 755 748 δι’
797 696 988 767 εὐχῆς,
1020 698 1116 751 καὶ
1149 697 1472 771 ψαλμῳὸίας
1509 699 1588 772 τῷ
1617 703 1718 754 Δεέ

152 787 316 854 σπότη
336 784 445 836 τῶν
475 786 613 839 ὅλων
635 788 646 840 l

220 876 289 928 Οὐ
319 876 378 929 τὺ
405 878 566 948 τυχὸν
596 879 823 948 ἀγαθὸν,
853 881 988 937 ἀλλὰ
1019 883 1112 938 καὶ
1137 885 1277 960 ἄγαν
1315 886 1460 956 μέγα
1486 887 1548 940 τὸ
1579 889 1716 942 πάν-

146 983 266 1021 τοτε
287 967 371 1021 διά
397 968 498 1040 τῆς
526 970 760 1036 ἱκετείας
791 975 1018 1040 ἑαυτοὺς
1058 976 1136 1048 τῷ
1167 977 1444 1050 κρείττονι
1478 983 1718 1051 παρατί-

147 1059 350 1115 θεσθαι.

219 1153 290 1205 οὐ
320 1153 513 1226 μικρὸν
558 1157 671 1219 τοῖς
719 1156 1023 1227 ἐλαχίστοις
1076 1162 1263 1215 καὶτὸ
1309 1163 1441 1234 μίαν
1481 1164 1717 1236 βαθμίδα

145 1244 249 1315 τῆς
278 1245 387 1299 τῶν
414 1247 626 1318 ἀρετῶν
661 1248 930 1320 κλίμακος
961 1253 1248 1324 ἀναθῆναι,
1287 1257 1383 1309 καὶ
1412 1257 1548 1322 τέως
1605 1259 1718 1315 ἄνω

144 1337 396 1405 γενέσθαι
429 1338 528 1407 τῆς
557 1340 680 1410 γῆς.

217 1422 492 1502 Τόλμησον
523 1433 845 1503 προσελθεῖν
881 1435 1026 1506 μετά
1068 1437 1352 1510 κλαυθμοῦ
1376 1441 1454 1512 τῷ
1479 1443 1720 1515 οὐρανίῳ

143 1522 420 1594 ἀρχιάτρῳ
464 1522 658 1596 Ἰησοῦ,
688 1525 784 1579 καὶ
829 1528 1007 1580 πάντα
1037 1531 1135 1600 τῆς
1173 1530 1355 1602 ψυχῆς
1387 1533 1722 1604 ἀπογυμνῶ-

145 1627 242 1666 σαι
267 1613 330 1666 τὰ
351 1614 661 1686 τραύματα.
692 1615 859 1670 Οὐδὲν
891 1619 1001 1689 γὰρ
1038 1619 1103 1672 ἂν
1131 1622 1216 1691 εἴη
1248 1622 1441 1687 πάθος,
1469 1625 1607 1697 ὅπερ
1641 1626 1718 1697 μὴ

146 1703 319 1772 ἰσχύει
341 1702 678 1775 θεραπεῦσαι
703 1707 940 1778 Χριστὸς
970 1710 998 1761 ὁ
1039 1711 1392 1781 φιλανθρωπό
1407 1732 1578 1779 τατος.

1821 613 2160 680 accepimus,
2205 619 2472 681 quantum
2517 612 2737 669 tandem
2785 624 3060 685 questum
3116 617 3402 683 faciemus,

1821 713 1987 758 noctu
2023 703 2227 775 diuque
2259 721 2356 774 per
2389 706 2698 762 oralionem
2753 716 2811 763 et
2872 709 3231 779 psalmodiam
3278 725 3406 766 cum

1821 791 1934 849 Deo
1972 795 2352 866 colloquentes
2371 798 2384 850 !
2803 785 2811 796 ’

1889 883 2010 940 Non
2054 888 2297 959 vulgare,
2351 887 2448 944 sed
2505 905 2863 961 permagnum
2926 891 3130 947 bonum
3183 901 3270 950 est
3314 908 3410 964 per

1821 979 2124 1036 orationem
2155 979 2267 1036 Deo
2292 995 2510 1052 semper
2541 994 2602 1037 se
2639 981 3048 1038 commendare.

1893 1150 2010 1205 Non
2069 1167 2296 1222 parvum
2352 1160 2440 1207 est
2488 1152 2693 1210 inlimis
2746 1154 3065 1210 hominilms
3115 1156 3200 1211 vel
3239 1173 3408 1212 unum

1823 1245 2015 1300 Saltem
2046 1247 2274 1316 gradum
2330 1246 2489 1302 scalae
2535 1247 2803 1302 virtutum
2855 1247 3199 1312 ascendisse,
3243 1257 3412 1321 atque

1824 1337 1898 1392 ita
1932 1354 2096 1408 supra
2129 1346 2330 1394 terram
2364 1355 2422 1395 se
2451 1324 2768 1396 sustulisse.

1893 1430 2032 1485 Cum
2067 1433 2218 1486 luctu
2265 1441 2319 1487 et
2354 1433 2616 1504 lacrymis
2651 1434 2716 1488 ad
2757 1434 3042 1491 caelestem
3080 1436 3230 1490 illum
3256 1450 3410 1490 sum-

1823 1519 2086 1591 mumque
2140 1523 2414 1578 medicum
2478 1520 2668 1578 Jesum
2723 1538 2793 1578 ne
2839 1523 3056 1580 dubites
3109 1525 3409 1588 accedere,

1823 1615 2121 1689 omniaque
2153 1618 2258 1688 ipsi
2287 1619 2488 1675 animae
2518 1628 2626 1674 tua:
2673 1620 2904 1676 vulnera
2951 1621 3192 1691 aperire.
3227 1619 3411 1691 Neque

1823 1704 1969 1758 enim
1997 1706 2225 1762 morbus
2256 1706 2402 1762 ullus
2431 1721 2556 1763 esse
2572 1718 2947 1779 queat,quem
2973 1709 3411 1766 humanissimus

1825 1794 1918 1850 ille
1947 1794 2200 1852 Christus
2236 1812 2345 1852 non
2379 1797 2660 1869 dispellat.

216 1883 352 1947 Τοὺς
380 1863 667 1953 σκώληκας
692 1885 791 1954 τῆς
828 1884 1068 1952 διανοίας
1121 1889 1468 1968 ἐξαφανίζειν
1521 1892 1720 1948 σπεῦδε

1900 1885 2133 1944 Vermes
2163 1889 2333 1944 animi
2364 1904 2464 1960 per
2497 1892 2806 1946 orationem
2833 1899 2889 1947 et
2923 1891 3198 1962 jejunium
3227 1892 3412 1949 inten-

143 1971 215 2026 δι’
246 1973 428 2043 εὐχῆς,
456 1973 552 2026 καὶ
575 1973 854 2044 νηστείας,
881 1976 975 2028 καὶ
1005 1975 1318 2048 ἀγρυπνίας
1349 1983 1589 2038 εὐτόνου.

216 2064 290 2118 Εὐ
327 2063 460 2130 ἴσθι,
493 2065 589 2118 καὶ
613 2068 691 2130 εἰς
722 2066 782 2120 τὸ
817 2069 994 2137 γῆρας
1027 2070 1158 2123 αὐτὸ
1195 2072 1534 2144 ἐληλακότας
1570 2079 1722 2143 τινὰς

142 2157 408 2226 ἔγνωμεν,
439 2157 507 2210 δι’
534 2158 698 2230 εὐχῆς
725 2163 818 2216 καὶ
849 2163 1068 2226 ἐλπίδος
1101 2163 1364 2233 μέγιστον
1391 2162 1725 2240 λελογχόθας

144 2249 469 2320 ἐπουρανίου
500 2252 868 2322 χαρίσματος.

221 2342 382 2397 Οὐδὲν
409 2345 691 2408 παντελῶς
724 2345 1116 2412 ἀντιτάξασθαι
1153 2347 1378 2404 δύναται
1404 2351 1480 2422 τῷ
1509 2355 1722 2426 Κυρίῳ,

141 2436 206 2488 οὐ
240 2435 446 2507 χρόνος,
478 2437 540 2490 οὐ
573 2439 761 2505 τόπος,
809 2440 867 2492 οὐ
901 2441 1160 2511 πρᾶγμα,
1207 2443 1269 2495 οὐ
1313 2443 1561 2510 διάϐολος
1599 2447 1728 2521 βρέ-

147 2546 285 2598 μων,
311 2529 372 2582 ού
398 2529 654 2600 δαίμονες
686 2531 1077 2602 πολεμοῦντες,
1103 2534 1204 2588 οὐκ
1242 2535 1494 2591 ἀσθένεια
1517 2539 1726 2614 ψυχικὴ

140 2624 175 2691 ἣ
206 2623 512 2695 σωματικὴ,
543 2625 605 2677 οὐ
643 2626 921 2696 λογισμῶν
947 2626 1290 2698 στειρώσεις,
1317 2631 1380 2684 οὐ
1411 2633 1580 2702 νόμος
1625 2653 1726 2705 με,

141 2715 253 2767 λῶν
283 2717 480 2786 σαρκός
509 2735 567 2771 τε
593 2719 689 2772 καὶ
712 2720 965 2789 αἵματος,
994 2713 1070 2776 ὧν
1119 2727 1540 2795 κατακαυχᾶται
1567 2728 1596 2780 6
1619 2730 1728 2782 Σα-

135 2807 308 2868 τανᾶς
329 2807 424 2858 καὶ
457 2806 693 2876 δράκων,
721 2808 750 2859 ὁ
779 2808 878 2878 τὴν
928 2809 1083 2879 ἰσχὺν
1141 2809 1229 2862 ἐπ’
1281 2811 1485 2880 ὀσφύος
1517 2830 1722 2886 κεκτη-

143 2897 327 2967 μένος.
361 2895 458 2969 τὴν
488 2898 544 2952 δὲ
569 2897 801 2970 δύναμιν
827 2900 992 2954 αὐτοῦ
1012 2901 1111 2972 τὴν
1137 2902 1344 2974 μεστὴν
1369 2903 1723 2976 βδελυγμίας,

137 2993 232 3043 ἐπ’
281 2991 526 3061 ὀμφαλοῦ
564 2992 660 3062 τῆς
692 2995 966 3064 γαστρόςο
1002 2995 1104 3067 οὐχ
1147 2993 1263 3060 ἕξις
1292 2999 1527 3070 κακίστη
1562 3001 1728 3054 πολυ-

137 3079 323 3151 παθής
349 3097 363 3112 '
394 3082 455 3136 οὐ
491 3085 749 3155 συνήθεια
779 3087 1050 3158 πολυετὴς
1086 3104 1147 3142 τε
1181 3091 1275 3145 καὶ
1307 3089 1546 3160 χρόνιος.

1830 1985 2050 2049 tamque
2082 1980 2327 2051 vigiliam
2359 1981 2554 2038 tollere
2583 1982 2654 2038 de
2693 1983 2876 2038 medio
2910 1982 3165 2039 festines.

1897 2070 2016 2127 Hoc
2058 2073 2267 2129 rescias
2301 2074 2485 2138 velim,
2523 2089 2612 2130 me
2657 2074 2927 2144 quosdam
2962 2076 3032 2131 ad
3073 2081 3414 2142 senectutem

1828 2181 2006 2235 usque
2037 2175 2329 2236 provectos
2361 2181 2548 2231 nosse,
2577 2167 2671 2238 qui
2709 2182 2806 2238 per
2839 2168 3152 2223 orationem
3184 2174 3240 2223 et
3261 2181 3416 2237 spem

1829 2257 1998 2312 robur
2027 2258 2324 2313 maximum
2361 2259 2629 2315 divinitus
2663 2261 2944 2316 consecuti
2977 2270 3129 2316 sunt.

1899 2349 2044 2404 Nihil
2089 2364 2320 2418 prorsus
2346 2349 2460 2406 Deo
2506 2351 2771 2406 reluctari
2805 2360 3002 2421 potest,
3034 2365 3145 2406 non
3175 2356 3412 2421 tempus,

1830 2451 1940 2490 non
1976 2437 2152 2501 locus,
2187 2452 2297 2492 non
2335 2439 2616 2508 negotium
2655 2441 2853 2506 ullum,
2881 2455 2990 2494 nou
3032 2439 3274 2496 fremens
3293 2441 3417 2495 dia-

1829 2527 2009 2592 bolus,
2055 2542 2163 2582 non
2203 2529 2590 2598 belligerantes
2631 2529 2933 2596 daemones,
2970 2545 3082 2584 non
3123 2529 3419 2586 inﬁrmitas

1831 2621 2001 2676 animi
2034 2621 2118 2677 vel
2157 2623 2432 2693 corporis,
2466 2639 2576 2679 non
2612 2623 2845 2680 rationis
2876 2623 3138 2696 privatio,
3192 2637 3300 2678 non
3334 2623 3418 2678 lex

1831 2715 2016 2771 carnis
2044 2723 2100 2770 ct
2133 2716 2526 2780 membrorum,
2583 2716 2784 2786 quibus
2833 2716 3057 2788 gloriari
3089 2716 3230 2772 solet
3264 2716 3423 2772 Sata-

1833 2820 1934 2862 nas
1963 2815 2019 2862 et
2064 2807 2250 2873 draco,
2302 2809 2460 2879 cujus
2493 2809 2639 2864 vires
2675 2809 2729 2863 in
2780 2808 2987 2864 lumbis
3031 2808 3154 2864 sitae
3181 2807 3321 2874 sint,
3365 2806 3435 2863 et'

1833 2901 2006 2956 robur
2044 2901 2453 2957 abominatione
2491 2901 2718 2970 plenum
2759 2901 2813 2955 in
2865 2900 3129 2956 umbilico
3166 2900 3422 2966 ventris;

1834 3009 1944 3049 non
1979 3009 2198 3050 rursum
2236 2994 2471 3050 vitiosus
2514 2993 2902 3064 multiplicium
2938 2992 3292 3048 allectionum
3325 2991 3425 3046 ha-

1837 3089 2007 3152 bitus,
2041 3102 2147 3141 non
2184 3085 2443 3142 diuturna
2481 3094 2651 3156 atque
2701 3086 3006 3140 inveterata
3055 3083 3424 3140 consuetudo.

213 3174 291 3226 Οὐ
329 3177 713 3246 περιποιητέον
735 3178 867 3248 ἡμῖν
889 3180 1012 3242 τοὺς
1039 3179 1374 3251 ἀρέσκοντας
1395 3181 1471 3252 τῷ
1490 3182 1725 3255 διαϐόλῳ

1908 3179 2097 3248 Ejusd.
2119 3209 2176 3219 —-
2221 3176 2578 3248 Nequaquam
2601 3176 2762 3232 nobis
2796 3175 3040 3232 fovenda:
3062 3175 3424 3247 cogitationes

133 3267 456 3338 λογισμοὺς,
487 3267 623 3323 ἀλλά
658 3270 977 3341 ἀναιρετέον
1009 3274 1080 3343 τῇ.
1107 3272 1204 3327 τοῦ
1234 3272 1382 3327 θείου
1413 3273 1577 3344 λόγου
1621 3294 1727 3330 πα-

136 3358 406 3432 ραξιφίδι.

227 3455 284 3509 Ἡ
313 3456 484 3526 ψυχὴ
524 3457 713 3525 ἡμῶν,
761 3457 948 3527 φησὶν,
981 3459 1060 3522 ὡς
1109 3458 1436 3526 στρουθίον
1462 3459 1727 3528 ἐῤῥύσθη

132 3549 209 3602 ἐκ
235 3547 344 3617 τῆς
377 3549 630 3621 παγίδος
662 3550 782 3603 τῶν·
801 3551 1178 3619 θηρευόντων
1200 3551 1492 3623 δαιμόνων.
1521 3553 1729 3628 ’Ὠσπερ

134 3641 255 3712 γὰρ
274 3640 342 3694 τὰ
371 3640 634 3712 στρουθία
662 3640 752 3694 διὰ
780 3642 876 3710 τῆς
898 3641 1010 3694 τῶν
1039 3641 1256 3711 πτερῶν
1298 3642 1568 3714 κινήσεως
1599 3635 1728 3715 μἐτο

131 3732 314 3802 ἀρσια
345 3731 554 3800 γίνεται
606 3731 719 3784 ἀνω
754 3731 855 3802 τῆς
907 3732 1031 3801 γῆς,
1085 3730 1230 3785 οὕτω
1262 3733 1358 3786 καὶ
1397 3734 1425 3785 ὁ
1470 3731 1731 3806 θεοσεϐὴς

132 3823 436 3892 ἄνθρωπος
479 3824 586 3878 ἀπὸ
616 3823 725 3876 τῶν
759 3825 1022 3892 ἐπιγείων
1052 3825 1192 3895 πρὸς
1217 3825 1287 3878 τὰ
1313 3825 1612 3898 ἐπουράνια
1643 3827 1731 3882 διὰ

134 3916 466 3989 προσευχῶν
493 3917 850 3989 μετατίθησιν
881 3894 1110 3973 ἑαυτόν.
1427 3894 1463 3915 ’ν
1669 3978 1681 3986 ,

216 4009 330 4077 Τὴν
359 4009 587 4080 δύναμιν
618 4009 891 4082 πληροῦτε
921 4009 1024 4080 τῆς
1061 4013 1397 4083 προσευχῆς.
1451 4015 1589 4068 Εἴτε
1622 4015 1732 4085 γὰρ

129 4101 397 4167 ἐσθίετε,
427 4105 613 4174 φησὶν,
639 4103 760 4157 εττε
780 4104 1006 4167 πίνετε,
1034 4103 1155 4158 εἴτε
1178 4106 1234 4158 τί
1262 4106 1502 4172 ποιεῖτε,
1537 4108 1734 4162 πάντα

127 4199 232 4262 εἰς
255 4196 446 4260 δόξαν
465 4195 613 4250 Θεοῦ
636 4197 877 4250 ποιεῖτε.
896 4197 1282 4266 Καθεζόμενος
1308 4198 1400 4250 ἐπὶ
1423 4195 1732 4270 τραπέζης,

131 4287 484 4360 προσεύχουο
517 4289 966 4358 προσφερόμενος
1001 4289 1094 4342 τὸν
1142 4290 1331 4360 ἀρτον,
1366 4291 1445 4362 τῷ
1475 4291 1731 4344 δεδωκότι

127 4381 245 4451 τὴν
273 4381 435 4450 χάριν
463 4380 808 4450 ἀποπλὴρου.
842 4381 1130 4451 Παρῆλθεν
1177 4383 1210 4452 ἡ
1243 4383 1402 4454 χρεία
1432 4383 1541 4437 τῶν
1589 4382 1732 4454 βρω-

133 4471 339 4544 μάτων
369 4491 382 4535 ;
417 4473 449 4540 ἡ
486 4476 670 4540 μέντοι
715 4473 907 4544 μνήμη
939 4473 1032 4526 τοῦ
1087 4475 1380 4547 εὐεργέτου
1419 4475 1492 4545 μὴ
1520 4493 1721 4545 παρερ-

1836 3280 1966 3327 sunt
1999 3287 2119 3342 qua:
2149 3269 2369 3325 diabolo
2397 3269 2672 3340 placeant,
2709 3269 2802 3324 sed
2830 3267 3002 3322 divini
3045 3268 3197 3323 verbi
3241 3265 3426 3338 gladio

1832 3361 2202 3432 amputandae.

1908 3451 2096 3521 Ejusd.
2120 3482 2190 3492 —
2227 3453 2421 3506 Anima
2453 3460 2644 3506 nostra
2696 3450 2834 3505 sicut
2868 3465 3056 3519 passer
3101 3459 3284 3517 erepta
3323 3458 3422 3512 est,

1833 3546 2030 3615 inquit,
2066 3544 2129 3598 de
2163 3544 2350 3615 laqueo
2401 3543 2703 3598 venantium
2736 3540 2914 3610 (Psal.
2956 3555 3151 3604 cum,
3190 3539 3242 3610 7)
3268 3580 3282 3605 ,
3315 3538 3427 3592 daa-

1832 3650 2055 3690 monum
2090 3635 2322 3690 scilicet.
2349 3634 2507 3690 Velut
2547 3633 2692 3687 enim
2734 3645 2990 3700 passeres
3021 3630 3137 3684 alas
3165 3628 3426 3698 agitando

1833 3741 1999 3798 supra
2032 3735 2240 3782 terram
2277 3741 2338 3781 se
2389 3725 2662 3788 ederunt;
2725 3721 2808 3783 sic
2867 3735 3090 3790 quoque
3131 3719 3424 3789 religiosus

1835 3819 1996 3875 homo
2028 3817 2120 3888 qui
2158 3815 2250 3871 Dei
2287 3816 2468 3870 cultor
2507 3822 2612 3880 est,
2646 3827 2746 3884 per
2792 3811 3074 3867 orationes
3110 3827 3139 3865 a
3189 3810 3426 3866 terrenis

1833 3910 1899 3965 ad
1933 3909 2178 3967 cmlestia
2212 3923 2272 3963 se
2307 3905 2595 3961 transfert.

1907 4005 1966 4060 S.
2005 4003 2178 4059 Basil.
2208 4000 2397 4057 Itomil.
2426 4001 2481 4054 in
2527 3997 2586 4055 S.
2619 3997 2780 4053 Julit.
2805 3995 2999 4052 —Vim
3031 3995 3298 4050 orationis
3326 4009 3427 4050 ex-

1836 4095 2002 4165 plete.
2037 4093 2160 4150 Sive
2189 4091 2665 4154 enim'comeditis,
2698 4089 2898 4158 inquit,
2939 4088 3045 4142 sive
3071 4086 3277 4153 bibitis,
3321 4086 3429 4141 sive

1834 4184 1961 4256 quid
1997 4184 2151 4238 aliud
2183 4185 2392 4254 facitis,
2423 4184 2604 4237 omnia
2631 4181 2796 4254 472
2828 4180 2884 4233 in
2926 4179 3158 4251 gloriam
3200 4177 3301 4233 Dei
3340 4177 3429 4246 [a-

1838 4274 1939 4327 cite
1973 4273 2026 4344 (1
2059 4274 2183 4329 Cor.
2205 4291 2258 4338 κ,
2288 4274 2401 4342 ⁸51).
2434 4274 2569 4328 Cum
2603 4274 2764 4328 sedes
2794 4271 2848 4325 in
2882 4285 3100 4336 mensa,
3129 4285 3266 4337 ora;
3298 4284 3425 4324 cum

1837 4383 2034 4438 panem
2067 4367 2260 4434 sumis,
2307 4367 2515 4438 gratias
2546 4382 2644 4438 age
2674 4365 2872 4434 illiqui
2908 4364 3150 4434 largitus
3182 4369 3285 4418 est.
3317 4360 3427 4417 Nco-

1840 4460 2072 4516 cessitas
2102 4461 2353 4517 ciborum
2383 4458 2651 4515 transiit?
2682 4466 2737 4512 at
2769 4455 3024 4513 beneﬁcii
3058 4456 3134 4510 tui
3164 4455 3427 4529 memoria

127 4564 346 4635 χέσθω.
377 4563 482 4615 Τὸν
520 4563 726 4633 χιτῶνα
763 4563 1104 4633 ἐνδυόμενος,
1171 4564 1487 4634 εὐχαρίστει
1533 4564 1608 4633 τῷ
1654 4565 1725 4617 δε·

1845 4571 1952 4610 non
1983 4565 2248 4612 transeat.
2275 4555 2408 4610 Cum
2446 4554 2686 4610 tunicam
2728 4553 2937 4615 induis,
2962 4549 3214 4606 donatori
3246 4561 3431 4622 grates

121 4656 362 4710 δωκότι.
391 4655 466 4706 Τὸ
488 4655 704 4724 ἱμάτιον
736 4653 1219 4726 περιϐαλλόμενος,
1245 4655 1483 4726 αὔξησον
1515 4658 1614 4725 τὴν
1646 4658 1726 4719 εἰς

123 4751 278 4804 Θεὸν
307 4749 553 4818 ἀγάπην,
582 4748 641 4812 ὃς
686 4749 779 4802 καὶ
823 4749 1072 4820 χειμῶνι,
1112 4750 1205 4802 καὶ
1239 4748 1419 4819 θέρει.
1443 4750 1729 4820 ἐπιτήδεια

1833 4647 1995 4702 habe.
2025 4647 2158 4702 Cum
2191 4659 2241 4703 te
2274 4656 2424 4703 veste
2469 4645 2703 4716 ohtegis,
2755 4643 2840 4698 fac
2887 4654 3015 4698 tuus
3061 4658 3191 4714 erga
3241 4641 3412 4698 Deum

1834 4752 1988 4793 amor
2020 4750 2254 4804 crescat,
2307 4741 2398 4810 qui
2436 4738 2760 4792 indumenta
2821 4747 2874 4791 et
2907 4735 3110 4802 aestati,
3153 4742 3208 4790 et
3253 4734 3416 4790 hiemi

125 4844 278 4914 ἡμῖν
327 4841 694 4913 σκεπάσματα
741 4842 1058 4914 ἐχαρίσατο,
1117 4842 1218 4911 τήν
1273 4859 1332 4894 τε
1368 4842 1514 4911 ζωὴν
1572 4841 1725 4911 ἡμῶν

1845 4834 2247 4890 accommodata
2271 4832 2430 4888 nobis
2451 4829 2704 4900 praebuit,
2732 4829 2936 4900 quibus
2957 4843 3082 4883 cum
3105 4827 3216 4882 vita
3236 4835 3417 4880 nostra

127 4935 546 5007 συντηροῦντα,
569 4941 662 4988 καὶ
683 4935 752 4989 τὸ.
769 4934 1017 5005 ἄσχημον
1037 4935 1484 5006 περιστέλλοντα.
1531 4935 1732 5005 Ἑπληο

128 5031 300 5106 ρώοη
332 5034 364 5102 ἡ
402 5029 618 5102 ήμέρα;
645 5027 961 5100 εὐχαρίστει
991 5028 1070 5099 τῷ
1104 5029 1196 5081 τὸν
1231 5028 1386 5100 ἥλιον
1413 5029 1496 5092 είς
1522 5029 1735 5100 ὑπηρε-

122 5125 269 5180 σίαν
298 5125 409 5178 τῶν
429 5123 706 5196 ἡμερινῶν
731 5121 908 5192 ἔργων
939 5121 1294 5193 χαρισαμένῳ
1332 5123 1488 5193 ἡμῖν,
1524 5121 1635 5192 πῦρ
1674 5120 1731 5172 δὲ

122 5217 558 5290 παρασχομένῳ
584 5215 678 5268 τοῦ
714 5213 972 5284 φωτίζειν
1002 5213 1101 5285 τὴν
1132 5212 1328 5278 νύκτα,
1352 5213 1450 5265 καὶ
1485 5214 1606 5276 ταῖς
1629 5211 1737 5265 λοι-

121 5313 278 5373 παῖς
314 5309 524 5380 χρείαις
570 5311 689 5370 ταῖς
723 5305 865 5360 κατὰ
897 5307 988 5359 τὸν
1042 5304 1155 5375 βίον
1211 5305 1526 5374 ὑπηρετεῖν.
1564 5304 1735 5357 Ὅταν

121 5399 462 5470 ἀναϐλέψῃς
494 5399 630 5469 πρὸς
660 5397 909 5467 οὐρανὸν,
939 5396 1036 5450 καὶ
1062 5395 1201 5467 πρὸς
1234 5394 1302 5446 τὰ
1336 5394 1446 5447 τῶν
1485 5393 1736 5464 ἀστέρων

121 5494 468 5563 ὲνατενίσῃς
499 5492 693 5561 κάλλη.
728 5490 1033 5560 προσεύχου
1071 5488 1149 5559 τῷ
1178 5487 1427 5560 Δεσπότῃ
1449 5486 1562 5539 τῶν
1595 5487 1736 5556 ὁρω-

125 5588 354 5661 μένων,
389 5588 484 5639 καὶ
531 5583 826 5652 προσκύνει
865 5582 957 5634 τὸν
1013 5582 1407 5652 ἀριστοτέχνην
1454 5578 1564 5632 τῶν
1593 5579 1734 5632 ὅλων

118 5680 306 5743 Θεὸν,
347 5679 404 5742 ὃς
432 5681 488 5732 ὲν
513 5677 674 5747 σοφίᾳ
699 5677 766 5730 τὰ
798 5674 973 5730 πάντα
993 5675 1272 5743 εποίησεν.

209 5841 396 5922 ’0ταῖ
433 5865 562 5934 περί
585 5879 728 5920 τινος
761 5856 966 5927 ἀγαθοῦ
1011 5853 1402 5926 παρακαλέσῃς
1437 5849 1526 5903 τὸν
1573 5847 1730 5915 Θεὸν,

1834 4933 2211 4988 conservatur,
2259 4935 2372 4977 tum
2421 4922 2734 4977 obscenitas
2797 4931 2990 4975 nostra
3044 4918 3262 4990 tegitur.
3301 4913 3430 4968 Dies

1838 5035 1975 5090 pene
2019 5015 2239 5072 illuxit?
2279 5013 2326 5069 ei
2361 5013 2595 5085 gratiam
2635 5012 2778 5067 habe
2806 5011 2904 5081 qui
2944 5010 3127 5072 nobis,
3157 5014 3210 5061 et
3259 5005 3427 5060 solem

1836 5110 1902 5164 ad
1941 5108 2264 5164 diurnorum
2298 5120 2525 5176 operum
2554 5103 2947 5164 ministerium,
2976 5106 3030 5155 et
3071 5100 3274 5167 ignem,
3311 5103 3426 5149 tum

1838 5201 1903 5255 ad
1936 5197 2318 5254 illustrandam
2356 5205 2598 5264 noctem,
2629 5204 2743 5250 tum
2785 5193 2851 5248 ad
2903 5191 3145 5259 reliquas
3177 5189 3302 5241 vitae
3334 5205 3429 5241 uc-

1837 5293 2127 5349 ccssitates
2180 5289 2485 5360 explendas
2527 5287 2824 5343 concessit.
2881 5281 2998 5337 Nox
3036 5296 3232 5335 rursus
3288 5279 3428 5332 alias

1839 5382 2098 5454 precandi
2133 5381 2395 5437 materias
2424 5379 2755 5452 suppeditet.
2786 5375 2921 5431 Cum
2957 5375 3012 5428 in
3050 5373 3250 5429 coelum
3294 5387 3428 5428 ocu-

1841 5477 1924 5531 los
1955 5475 2181 5540 attollis,
2227 5489 2292 5529 ac
2322 5473 2564 5529 siderum
2595 5467 3062 5542 pulchritudinem
3098 5465 3304 5533 cernis,
3331 5481 3426 5521 ora

1842 5568 2130 5623 Dominum
2180 5583 2371 5623 eorum
2421 5581 2544 5637 quae.
2596 5562 2897 5628 conlueris,
2931 5570 2986 5617 et
3040 5559 3423 5633 prmstautissi-

1843 5675 1989 5713 tuum
2043 5660 2286 5713 omnium
2344 5672 2526 5712 rerum
2563 5655 2826 5709 artiﬁcem
2866 5651 3061 5717 Deum,
3113 5649 3205 5720 qui
3242 5648 3428 5702 omnia

1844 5754 2120 5822 sapienter
2155 5751 2418 5814 condidit,
2462 5749 2652 5803 adora.

1917 5842 1974 5898 S.
2010 5841 2148 5898 Nili.
2184 5872 2252 5884 —
2291 5841 2430 5898 Cum
2477 5837 2609 5895 boni
2661 5835 2970 5907 cujnspiam
3031 5845 3199 5888 causa
3255 5827 3427 5882 Deum
