4052 6480
574 394 713 462 1455
1763 394 1823 453 s.
1850 392 2174 455 JOANNIS
2214 392 2647 457 DAMASCENI
3706 397 3830 463 ηδε

566 512 854 573 obsecras.
886 520 990 565 nec
1022 514 1075 563 te
1128 504 1217 560 ille
1252 505 1435 562 statim
1469 504 1712 571 exaudit,
1759 520 1833 563 ne
1861 514 2139 575 proptere:

2252 507 2353 587 _xai.
2385 506 2460 579 μὴ
2495 507 2796 582 εἰσακούσῃ
2825 526 2921 563 σου
2956 512 3295 581 παραυτίκα,
3346 512 3421 581 μὴ
3473 512 3828 587 ὀλιγωρήσῃς,

567 604 812 669 fatiscas,
860 607 955 659 aut
996 598 1199 671 pusillo
1254 598 1583 668 abjectoque
1636 596 1822 651 animo
1868 597 1966 652 sis.
2017 595 2139 651 Fre-

2252 580 2395 670 ⁸μηδὲ
2428 580 2869 673 μικροψυχήσῃς.
2899 580 3167 666 Πολλάκις
3196 605 3305 676 γὰρ
3332 580 3468 674 πρὸς
3495 580 3830 676 τὸ

566 703 800 765 quenter
820 692 969 751 enim
998 691 1052 749 id
1084 689 1231 767 quod
1255 688 1523 759 postulas,
1551 688 1606 742 in
1643 702 1884 756 praesens
1911 688 2012 743 tibi
2044 703 2139 743 nor

2258 693 2529 764 συμφέρει
2559 711 2643 748 σοι
2672 694 2733 748 τὸ
2783 696 3012 765 αἴτημα.
3056 694 3182 761 Πᾶς
3218 700 3250 749 ό
3302 697 3486 751 αἰτῶν
3529 700 3829 767 λαμϐάνει,

566 782 848 843 conducit.
877 780 1087 849 Omnis,
1112 780 1311 851 inquit,
1335 780 1425 849 qui
1452 779 1577 846 petit
1602 778 1793 846 accipit
1812 777 2031 848 (Matth.
2056 796 2139 837 Vll.

2258 786 2412 857 φησί.
2448 786 2733 858 Λαμϐάνει
2765 787 2841 852 δὲ,
2880 787 3039 859 εἴπερ
3070 788 3258 859 ζητοίη
3284 790 3353 843 τὰ
3385 792 3742 861 συμφέροντα
3775 796 3831 863 τῇ

566 878 643 949 8).
668 877 749 939 lta
771 876 995 935 demum
1027 881 1210 932 autem
1244 871 1471 940 accipit,
1499 870 1548 926 si
1580 869 1671 925 illa
1697 880 1851 939 petat
1880 888 2004 943 quae
2036 872 2155 927 ani-
2254 877 2423 948 ψυχῇ.

565 982 672 1023 mae
705 980 819 1022 suae
853 961 1220 1021 conducibilia
1260 961 1394 1019 sint.

638 1057 829 1130 Ejusd.
864 1086 930 1098 —-
958 1057 1106 1110 inter
1133 1053 1425 1116 orandum,
1461 1069 1564 1111 nec
1597 1070 1751 1126 opes,
1782 1069 1884 1109 nec
1924 1068 2139 1125 pl‘OSpe.

2327 1058 2419 1130 Μὴ
2450 1058 2681 1114 πλούτον
2716 1061 2774 1115 ἐν
2805 1064 3080 1132 προσευχῇ
3114 1059 3379 1133 ζητήσῃς.
3416 1065 3492 1136 μὴ
3525 1064 3738 1133 ὑγείαν.
3770 1068 3833 1135 μὴ

564 1165 684 1209 nm
709 1147 1099 1212 valetudinem,
1128 1162 1228 1203 nec
1257 1146 1500 1202 hostium
1534 1147 1802 1203 ultionem
1839 1155 2028 1217 petas;
2058 1146 2139 1201 ser

2256 1150 2362 1205 τῶν
2394 1150 2606 1223 ἐχθρῶν
2654 1152 2891 1222 ἄμυναν,
2947 1153 3022 1224 μὴ
3072 1154 3235 1221 δόξαν
3285 1155 3670 1226 ἀνθρωπίνην,
3713 1158 3836 1211 ἀλλὰ

564 1257 631 1300 ea
668 1243 936 1301 duntaxat
983 1254 1109 1310 qua:
1166 1237 1234 1293 ad
1298 1239 1495 1294 anima:
1537 1238 1773 1295 salutem
1832 1238 2139 1308 adjumentc

2260 1242 2419 1313 μόνον
2449 1243 2516 1297 τὰ
2538 1243 2900 1303 συντελοῦντα
2930 1246 3069 1316 πρὸς
3123 1248 3402 1318 σωτηρίαν
3430 1249 3636 1319 ψυχῆς.

634 1426 774 1481 Cum
811 1423 954 1482 male
976 1431 1031 1479 et
1057 1423 1223 1477 noxie
1255 1419 1463 1491 aliquid
1489 1420 1653 1491 petis,
1692 1418 1891 1475 similis
1923 1417 2139 1477 ellicerit

2268 1478 2277 1489 η
2339 1418 2467 1473 Ἐὰν
2523 1419 2708 1483 κακῶς
2744 1422 2839 1475 καὶ
2888 1421 3226 1493 ἀξυμφόρως
3275 1425 3470 1489 αἰτεῖς,
3526 1426 3781 1499 καθάπερ
3810 1429 3835 1477 6

567 1517 777 1576 homini
809 1515 958 1572 febre
1009 1514 1310 1579 laboranti,
1358 1513 1452 1583 qui
1486 1512 1648 1568 enixe
1681 1512 1883 1580 rogitet
1932 1519 1989 1565 ut
2046 1511 2139 1567 sib

2266 1512 2556 1581 πυρέττων
2609 1512 2900 1585 ἄνθρωπος
2943 1516 3255 1585 παρακαλεῖ
3320 1522 3633 1589 παρασχεῖν
3697 1522 3836 1589 αύτῷ

565 1614 756 1670 vinum
796 1609 1160 1685 porrigatur.
1210 1606 1355 1664 Deus
1383 1621 1535 1670 vero,
1572 1606 1667 1677 qui
1726 1606 1910 1665 futura
1943 1606 2139 1677 prospi-

2256 1597 2423 1669 οἶνον,
2454 1604 2819 1675 προσϐλέπων
2850 1607 2879 1659 6
2922 1606 3056 1670 Θεὸς
3080 1607 3149 1661 τὰ
3187 1607 3475 1675 μέλλοντα,
3505 1608 3567 1665 ού
3614 1614 3761 1665 ποιεῖ
3784 1613 3837 1663 τὸ

566 1706 665 1771 cit,
699 1702 978 1774 cupiditati
1037 1708 1144 1757 tua:
1199 1714 1408 1755 morem
1443 1713 1552 1754 non
1612 1698 1784 1770 gerit,
1844 1711 1946 1753 nec
2005 1696 2139 1767 quod

2258 1696 2473 1769 θέλημά
2500 1714 2594 1751 σου
2621 1714 2634 1727 ο
2668 1698 2729 1753 οὐ
2753 1698 2983 1771 παρέχει
3020 1699 3120 1770 τὴν
3150 1700 3436 1770 ἀλόγιστον
3470 1705 3713 1774 αἴτησιν.

565 1796 733 1851 stulte
758 1793 1029 1864 postulas,
1054 1792 1302 1863 largitur.

632 1886 697 1944 S.
730 1855 924 1942 έιιιεὸ.
950 1855 1343 1943 -έΡῐθοῖίὶιοτὶθ
1371 1882 1526 1938 inda:
1553 1883 1929 1946 recordemur,
1954 1892 2013 1938 ut
2045 1897 2139 1937 nor

2329 1876 2676 1949 Μνησθῶμεν
2704 1877 2800 1931 τοῦ
2838 1877 3101 1949 προδότου
3163 1879 3356 1944 Ἰούδα.
3389 1880 3484 1935 καὶ
3508 1880 3585 1951 μὴ
3618 1881 3835 1946 ἐξέλθω-

560 1992 627 2032 ex
650 1978 882 2033 ecclesia
917 1977 1112 2048 pedem
1164 1975 1643 2034 referamus.Jioc
1692 1975 1839 2031 enim
1872 1976 1950 2031 illi
1978 1976 2139 2031 ruina

2259 1990 2357 2043 μεν
2386 1972 2485 2041 τῆς
2536 1970 2861 2035 ἐκκλησίας.
2919 1970 3147 2041 Ἐκείνῳ
3198 1972 3313 2041 γὰρ
3368 1973 3515 2043 ἀρχὴ
3563 1975 3835 2029 ἀπωλείας

562 2068 776 2126 initium
808 2069 931 2131 fuit.
954 2068 1102 2139 quod
1132 2070 1190 2123 in
1221 2068 1472 2124 oratione
1505 2082 1619 2123 non
1653 2068 1991 2138 perstiterit.
2015 2067 2139 2122 Nam

2254 2065 2466 2133 γέγονε,
2504 2062 2564 2118 τὸ
2597 2064 2671 2134 μὴ
2702 2062 3048 2134 παραμένειν
3080 2068 3149 2135 τῇ
3191 2065 3344 2135 εὐχῇ.
3389 2065 3587 2119 Λαϐὼν
3610 2067 3721 2136 γὰρ
3753 2068 3835 2119 τζν

562 2174 690 2217 cum
718 2160 933 2229 primus
963 2160 1210 2218 omnium
1240 2175 1435 2229 panem
1483 2160 1815 2239 accepisset,
1852 2158 2111 2216 discessit
2136 2179 2139 2213 :

2256 2156 2422 2228 ἄρτον
2457 2160 2677 2225 πρῶτος
2702 2154 2813 2207 τῶν
2848 2154 3054 2210 λοιπῶν
3088 2156 3308 2226 ἐξῆλθε,
3340 2157 3439 2210 καὶ
3468 2157 3675 2221 εὐθέως
3705 2159 3833 2227 Exib-

562 2250 865 2321 statimque
889 2251 1123 2308 Satanas
1147 2251 1205 2306 in
1239 2264 1367 2307 eum
1395 2250 1642 2315 intravit,
1673 2251 1834 2320 isque
1869 2251 1935 2306 ad
1966 2249 2124 2320 prodi

2260 2269 2425 2321 ρησεν
2461 2252 2540 2314 είς
2571 2250 2734 2303 αὑτὸν
2768 2252 2795 2302 ὁ
2839 2250 3107 2313 Σατανᾶς,
3156 2252 3253 2304 καὶ
3285 2253 3365 2313 είς
3415 2251 3516 2319 τὴν
3551 2252 3833 2321 προδοσίαν

560 2342 766 2401 tionem
812 2343 1146 2412 properavit.
1202 2339 1499 2408 Quocirca,
1560 2340 1608 2397 si
1664 2342 1818 2412 quis.
1860 2349 2139 2411 antequan

2254 2343 2608 2399 ἐσπούδασεν.
2653 2342 2778 2397 Ἐὰν
2807 2340 2901 2399 οὖν
2917 2359 3001 2405 τις
3025 2342 3135 2412 πρὸ
3155 2345 3252 2413 τῆς
3281 2341 3604 2403 ἀπολύσεως
3626 2341 3831 2413 ἐξέλθῃ.

560 2433 796 2491 abeundi
828 2442 1077 2505 potestas
1132 2433 1249 2511 fiat,
1295 2434 1513 2500 abierit,
1567 2434 1811 2501 easdem,
1868 2449 1933 2489 ac
1981 2433 2139 2489 Judat

2253 2436 2352 2500 τὰς
2380 2436 2475 2491 τοῦ
2524 2434 2693 2489 Ἰούδα
2734 2434 2969 2498 εὐθύνας
3011 2432 3284 2491 ἀποτίσει.
3318 2434 3411 2503 Μὴ
3453 2428 3547 2487 οὖν
3580 2433 3670 2486 διὰ
3713 2433 3833 2501 μίαν

560 2540 752 2597 pinnas
785 2526 1084 2597 persolvet.
1136 2525 1217 2583 Ne
1254 2526 1422 2598 igitur
1460 2527 1875 2581 committamus
1915 2534 1975 2581 ut
2026 2541 2154 2596 pro-

2253 2528 2404 2599 ῶραν
2436 2528 2723 2613 μέλλωμεν
2767 2527 2906 2598 μετὰ
2971 2526 3143 2583 Ἰούδα
3181 2524 3631 2597 κατακρίνεσθαι.
3674 2524 3831 2577 Οὐδὲν

561 2627 689 2687 pter
715 2632 878 2675 uuam
919 2620 1111 2677 horam
1153 2631 1282 2675 cum
1328 2616 1470 2673 Juda
1508 2617 1968 2677 condemnemur.
2007 2617 2139 2674 Nihi.

2252 2624 2401 2694 ἡμᾶς
2429 2622 2665 2694 βαρήσει
2690 2624 2725 2692 ἡ
2756 2620 3050 2694 παραμονή
3074 2637 3087 2653 ·
3124 2620 3187 2672 ού
3222 2619 3501 2690 χειμῶνας
3532 2617 3680 2674 ἔνδον
3705 2617 3829 2686 ἔχει,

558 2703 722 2763 nobis
780 2703 1049 2763 molestias
1089 2704 1501 2775 permansionis
1550 2720 1705 2765 mora
1759 2706 1997 2763 allatura
2045 2716 2149 2765 est.

557 2792 678 2849 Non
704 2802 1005 2866 tempestas
1033 2796 1184 2853 intus
1217 2806 1322 2859 est,
1371 2811 1483 2852 non
1516 2796 1683 2867 ignis,
1719 2812 1830 2852 non
1873 2798 1982 2853 alia
2015 2814 2149 2869 sup-

558 2876 747 2960 plicia.
1438 2888 1443 2891 “

626 2974 688 3033 S.
724 2973 1123 3037 Niti.-—-Cum
1165 2974 1433 3033 Dominus
1484 2977 1540 3031 in
1582 2975 1897 3049 Evangeliis
1938 2980 2149 3037 homini

556 3063 746 3123 dicat:
782 3064 941 3122 Omni
986 3066 1183 3134 petenti
1218 3074 1268 3120 te
1311 3066 1383 3120 da
1433 3065 1820 3137 eleemosynam
1852 3068 1871 3137 (
1890 3066 2020 3125 Luc.
2071 3084 2145 3133 vr,

556 3154 703 3227 '50);
734 3163 943 3226 quanto
977 3156 1153 3228 magis
1208 3154 1477 3213 Dominus
1530 3157 1650 3227 ipse
1687 3159 1917 3215 cuilibet
1969 3160 2148 3215 oranti

555 3244 933 3317 amplissimas
962 3244 1398 3309 misericordias,
1425 3254 1481 3301 et
1522 3259 1876 3319 peccatorum
1910 3252 2145 3315 veniam,

555 3338 1047 3407 molestiarumque
1092 3336 1497 3407 depulsionem,
1550 3340 1661 3395 imo
1701 3350 1964 3397 sexcenta
2002 3344 2145 3400 bona

556 3430 794 3486 daturus
819 3435 907 3491 est
934 3429 949 3491 ξ

624 3518 882 3579 (Ξιιι-ἰθῑιιε
906 3518 1151 3574 omnium
1177 3518 1293 3579 Rex
1320 3528 1375 3578 et
1400 3519 1565 3589 Deus,
1594 3522 1663 3580 iis
1686 3525 1779 3595 qui
1815 3540 1879 3580 ex
1908 3540 2011 3598 ope
2046 3541 2147 3582 sua

554 3610 815 3683 pendent.
850 3620 904 3668 et
936 3610 1132 3668 intimo
1156 3619 1384 3684 pectore
1414 3614 1810 3686 ingemiscant,
1841 3616 2148 3687 quamlibet

555 3699 743 3761 multis
790 3707 1143 3772 peccatorum
1206 3702 1441 3761 sarcinis
1490 3705 1677 3761 onusti
1729 3706 1861 3775 sint,
1918 3707 2146 3762 minime

556 3797 743 3848 tamen
773 3789 1099 3849 adversatur
1129 3808 1145 3848 :
1175 3793 1312 3865 quin
1358 3795 1543 3864 potius
1592 3796 1829 3868 benigne
1883 3806 2145 3871 acceptos

554 3890 772 3955 purgat,
796 3883 1111 3955 adoptionis
1140 3885 1346 3941 donum
1371 3886 1453 3942 eis
1481 3887 1733 3961 largitur,
1755 3896 1814 3943 et
1842 3905 2145 3962 progressu

555 3975 825 4047 temporis
845 3976 1114 4037 virtutum
1146 3978 1371 4048 Opiﬁces
1412 3980 1612 4036 reddit.

550 4163 715 4243 L73
753 4163 1052 4225 TlT.VIIl.
1080 4199 1161 4251 -χ
1178 4168 1257 4223 De
1308 4172 1662 4243 eleemosyna,
1710 4184 1761 4229 et
1802 4175 2142 4245 beneﬁcentia

1142 4255 1195 4292 ιιι
1232 4256 1506 4309 pauperes.

616 4302 782 4377 Deut.
823 4340 916 4389 xv,
975 4325 1063 4378 il.
1094 4354 1166 4365 —
1196 4302 1375 4381 «'No'n
1408 4329 1586 4385 deerit
1639 4347 1846 4403 pauper
1876 4336 1931 4390 in
1966 4344 2135 4393 terra.

552 4411 847 4483 Propterea
879 4428 983 4485 ego
1040 4415 1305 4486 praecipio
1352 4418 1451 4472 tibi
1487 4418 1668 4479 facere
1698 4426 1924 4480 verbum
1969 4428 2136 4495 istud,

2252 2716 2312 2770 οὐ
2351 2716 2486 2786 πῦρ,
2520 2716 2620 2786 οὐχ
2648 2716 2815 2784 ἕτερα
2841 2713 3197 2783 κολαστήρια.

2323 2971 2383 3024 EE
2404 2969 2555 3039 λέγει
2575 2968 2653 3041 τῷ
2676 2967 2951 3045 ἀνθρώπῳ
2972 2970 3000 3021 6
3018 2968 3223 3039 Κύριος
3244 2969 3301 3021 ἐν
3318 2971 3431 3030 τοῖς
3458 2965 3824 3035 Εὑαγγελίοις,

2250 3064 2354 3125 ὅτι,
2382 3062 2566 3117 Παντὶ
2590 3060 2669 3127 τῷ
2689 3060 2957 3117 αἰτοῦντί
2975 3077 3048 3115 σε
3063 3060 3235 3116 δίδου
3258 3060 3372 3129 τὴν
3390 3062 3823 3133 ἐλεημοσύνην,

2254 3155 2433 3226 πολλῴ
2490 3155 2690 3225 μᾶλλον
2750 3154 2911 3217 αὐτὸς
2968 3156 2995 3209 6
3028 3153 3235 3228 Κύριος
3272 3154 3439 3207 παντὶ
3476 3154 3556 3227 τῷ
3600 3154 3825 3224 δεομένῳ

2251 3248 2412 3302 δώσει
2444 3247 2679 3301 πλούσια
2708 3245 2778 3300 τὰ
2826 3245 2975 3317 ἐλέη,
3009 3248 3105 3301 καὶ
3140 3245 3248 3300 τῶν
3289 3246 3705 3317 ἁμαρτημάτων
3734 3246 3824 3317 τὴν

2250 3339 2467 3408 ἄφεσιν,
2500 3338 2596 3391 καὶ
2617 3338 2727 3390 τῶν
2750 3336 3011 3407 λυπηρῶν
3039 3336 3138 3408 τὴν
3178 3336 3354 3402 λύσιν,
3376 3338 3446 3391 τὰ
3477 3339 3647 3409 μυρία
3671 3338 3815 3395 καλά.

2321 3515 2557 3587 Χριστὸς
2595 3518 2623 3569 6
2680 3516 3060 3586 παμϐασιλεὺς
3093 3514 3229 3580 Θεὸς
3268 3515 3526 3587 οὐδαμῶς
3567 3516 3818 3584 ἀποστρέ-

2250 3626 2409 3680 φεται
2441 3609 2567 3673 τοὺς
2612 3609 2753 3681 πρὸς
2800 3608 2961 3663 αὑτὸν
2992 3610 3314 3679 κεχηνότας,
3349 3610 3444 3663 καὶ
3485 3610 3595 3663 ἀπὸ
3634 3608 3815 3680 βάθους

2248 3701 2477 3773 καρδίας
2507 3702 2889 3766 στενάζοντας,
2942 3701 3049 3755 κᾶν
3095 3702 3315 3766 πολλοῖς
3339 3704 3700 3773 ἁμαρτήμασι
3724 3719 3810 3753 πε-

2248 3794 2601 3865 φορτισμένοι
2645 3794 3011 3863 τυγχάνωσιν,
3059 3792 3198 3847 ἀλλὰ
3244 3793 3339 3846 καὶ
3390 3794 3697 3863 προσίεται,
3729 3792 3811 3845 καὶ

2246 3883 2806 3956 καθαρίζειοτούτους,
2833 3884 2932 3954 τῆς
2962 3884 3236 3945 υἱοθεσίας
3266 3884 3524 3954 δωρεῖται
3554 3884 3807 3953 χάρισμα,

2245 3978 2339 4031 καὶ
2412 3977 2626 4048 ἀρετῶν
2699 3977 2941 4048 ἐργάτας
2993 3976 3290 4045 ἀποφαίνει
3367 3976 3652 4046 προίόντος
3727 3973 3809 4027 τοῦ

2245 4069 2458 4140 χρόνου.
3436 4146 3439 4147 ν

2244 4182 2427 4238 ΤΙΤΛ.
2457 4182 2539 4236 Il'.
2572 4209 2644 4222 —
2664 4180 2805 4251 Περὶ
2830 4180 3270 4259 ἐλετυιοσξύνης,
3295 4179 3395 4233 καὶ
3414 4181 3683 4247 εὐποιΐας
3708 4178 3809 4235 τῶν

2898 4264 3173 4320 πτωχῶν.

2320 4364 2337 4397 ι
2369 4344 2443 4398 Οὐ
2505 4343 2581 4415 μὴ
2638 4342 2868 4416 ἐκλείπῃ
2913 4342 3097 4412 ἐνδεὴς
3126 4343 3235 4397 ἀπὸ
3258 4343 3359 4415 τῆς
3389 4344 3516 4414 γῆς.
3548 4344 3647 4396 Διὰ
3670 4342 3809 4396 τοῦτο

2242 4435 2353 4505 ἐγώ
2388 4454 2469 4489 σοι
2488 4435 2806 4507 ἐντέλλομαι
2834 4438 3011 4491 ποιεῖν
3044 4436 3108 4489 τὸ
3162 4437 3313 4509 ῥῆμα
3366 4437 3555 4504 τοῦτο,
3606 4438 3769 4507 λέγων
3795 4452 3807 4463 ’

550 4503 789 4560 dicens:
830 4506 1102 4577 Aperiens
1138 4508 1356 4578 aperies
1406 4526 1602 4569 manus
1662 4524 1783 4572 tuas
1835 4520 1992 4575 fratri
2042 4529 2137 4577 tuo

2256 4503 2514 4597 ’Ᾰνοίγων
2568 4503 2805 4594 ἀνοίξεις
2856 4528 2955 4593 τὰς
3008 4503 3322 4600 χεῖρᾶςνσου
3353 4529 3433 4600 τῷ
3464 4503 3810 4600 ἀδελφῷ-σου.

550 4594 777 4664 pauperi
837 4606 892 4650 et
939 4596 1231 4667 indigenti.
1279 4619 1298 4651 ι
1330 4632 1395 4640 -
1438 4601 1487 4657 7.
1529 4622 1546 4655 ι
1590 4603 1709 4660 Non
1747 4620 1965 4666 avertes
2020 4629 2138 4667 ma-

550 4700 682 4739 num
718 4693 866 4739 tuam
895 4700 925 4741 a
963 4685 1133 4744 fratre
1161 4698 1276 4745 tuo.
1319 4711 1339 4743 ι

620 4775 780 4831 Deut.
814 4792 870 4843 ι,
905 4778 992 4833 l9.
1029 4808 1097 4819 —
1129 4800 1147 4831 ι
1188 4778 1299 4851 Ego
1324 4782 1424 4838 tibi
1459 4786 1723 4856 praecipio
1753 4804 1940 4846 amare
1972 4791 2137 4848 adve-

549 4883 702 4933 nam,
729 4876 785 4923 et
815 4870 949 4926 dare
979 4869 1028 4926 ei
1061 4886 1257 4944 panem
1285 4885 1339 4929 et
1374 4880 1791 4936 vestimentum.
1825 4906 1851 4931 ι

617 4957 723 5015 Job
778 4976 932 5026 xui,
966 4961 1036 5017 3‘2
1066 4970 1122 5018 et
1157 4962 1354 5035 16-20;
1391 4973 1668 5039 xxtx,15.
1712 5004 1781 5013 -
1805 4972 1980 5030 Janua
2014 4993 2133 5034 mea

550 5053 704 5108 omni
740 5054 992 5110 venienti
1023 5063 1219 5127 aperta
1250 5069 1391 5114 erat.
1423 5059 1734 5121 lmbecilles
1762 5081 1830 5122 eo
1863 5084 1974 5139 quo
1999 5085 2137 5141 Opus

553 5141 850 5211 habebant,
888 5143 1147 5203 frustrati
1201 5163 1309 5203 non
1347 5158 1476 5206 sunt
1508 5172 1520 5207 :
1570 5154 1753 5211 viduae
1785 5167 1970 5215 autem
2003 5175 2137 5216 ocu-

552 5236 663 5290 lum
699 5253 805 5293 non
839 5235 1094 5295 tabefe'ci.
1130 5239 1187 5295 Si
1219 5246 1274 5296 et
1306 5257 1503 5312 panem
1558 5261 1736 5300 meum
1784 5252 2000 5306 comedi
2030 5254 2136 5320 {so-

554 5326 660 5391 lus,
688 5334 742 5383 et
774 5344 882 5386 non
934 5331 1208 5402 pupillum
1242 5334 1568 5405 participem
1625 5338 1745 5408 ejus
1776 5337 1931 5396 feci?
1961 5356 2054 5399 aut
2088 5346 2135 5401 si

553 5420 777 5489 despexi
831 5422 1039 5477 nudum
1089 5436 1433 5495 pereuntem,
1476 5436 1531 5483 et
1566 5445 1676 5486 non
1720 5436 1914 5490 vestivi
1971 5440 2135 5493 eum?

552 5513 882 5584 impotentes
918 5526 1102 5572 autem
1135 5520 1181 5573 si
1226 5535 1336 5574 non
1388 5516 1799 5581 'benedixerunt
1852 5530 2028 5585 mihi?
2066 5534 2134 5589 de

542 5615 782 5662 tonsura
810 5608 991 5663 ovium
1032 5624 1277 5667 mearum
1313 5614 1572 5670 calefarti
1625 5626 1758 5672 sunt
1790 5622 2005 5676 humeri
2039 5641 2133 5678 eo-

549 5704 693 5751 rum.
728 5695 933 5753 Oculus
986 5715 1136 5753 eram
1192 5716 1493 5762 caecorum.
1526 5718 1603 5779 _et
1644 5724 1737 5780 pes
1778 5711 2124 5770 claudorum.

546 5784 707 5843 Pater
739 5804 889 5843 iram
920 5789 1287 5849 infirmorum.
1326 5817 1343 5847 ›
2080 5794 2083 5795 ⁷

2240 4619 2317 4689 τῷ
2350 4620 2543 4689 πένητι
2576 4617 2653 4689 τῷ
2687 4617 3043 4689 ἐπιδεομένῳ.
3094 4637 3113 4672 ι
3146 4648 3216 4660 -—
3251 4638 3269 4672 ι
3309 4620 3424 4675 Ούκ
3462 4620 3811 4693 ἀποστρέψεις

2237 4709 2336 4780 τὴν
2358 4710 2518 4780 χεῖρά
2552 4726 2646 4762 σου
2684 4706 2914 4763 ἐνώπιον
2942 4710 3038 4763 τοῦ
3073 4709 3327 4780 ἀδελφοῦ.
3371 4731 3389 4764 ι

2316 4820 2335 4852 ι
2373 4801 2515 4869 Ἐγώ
2540 4818 2622 4855 σοι
2664 4801 2989 4872 ἐντέλλομαι
3039 4802 3259 4874 ἀγαπᾷν
3308 4803 3402 4857 τδν
3462 4803 3808 4876 προσήλυτον,

2236 4893 2420 4948 δοῦναι
2450 4896 2599 4965 αὐτῷ
2624 4895 2789 4966 ἄρτον
2814 4896 2910 4948 καὶ
2940 4896 3172 4967 ίμάτιον.
3204 4916 3224 4948 ι

2313 5006 2332 5039 ι
2372 4986 2438 5040 Ἦ
2473 4986 2614 5058 θύρα
2638 5005 2738 5058 μου
2784 4989 2947 5042 παντὶ
2980 4988 3189 5042 ἐλθόντι
3239 4989 3507 5060 ἡνέῳκτο.
3549 4989 3810 5045 Ἀδύνατοι

2238 5079 2427 5150 χρείαν
2457 5081 2523 5149 ἦν
2553 5097 2685 5132 ποτε
2703 5076 2871 5152 εἶχον,
2910 5082 3010 5134 οὐκ
3041 5081 3316 5152 ἀπέτυχον
3343 5099 3355 5111 ·
3399 5084 3578 5155 χήρας
3632 5083 3686 5135 δὲ
3734 5082 3810 5134 τὸν

2237 5174 2516 5244 όφθαλμδν
2540 5174 2641 5228 οὐκ
2666 5171 2917 5242 ἐξέτηξα.
2940 5172 3001 5224 Ei
3036 5171 3093 5224 δέ
3114 5172 3211 5224 καὶ
3240 5172 3331 5225 τὸν
3366 5173 3533 5243 ἄρτον
3562 5190 3665 5243 μου
3694 5173 3809 5239 ἔσα-

2237 5281 2334 5333 γον
2360 5264 2542 5334 μόνος,
2574 5265 2671 5318 καὶ
2700 5265 2821 5333 οὐχὶ
2838 5264 2933 5317 καὶ
2968 5263 3193 5335 ὀρφανῷ
3215 5264 3535 5333 μετέδωκα;
3571 5266 3618 5315 εξ
3650 5264 3703 5315 δὲ
3727 5263 3807 5315 καὶ

2239 5357 2496 5427 παρεῖδον
2526 5357 2735 5428 γυμνὸν
2780 5356 3176 5425 ἀπολλύμενον,
3234 5358 3330 5410 καὶ
3389 5361 3489 5411 οὐκ
3537 5358 3800 5427 ἡμφίασα;

2236 5449 2490 5502 ἀδύνατοι
2536 5447 2592 5500 δέ
2655 5449 2702 5501 εί
2758 5448 2833 5519 μὴ
2890 5447 3203 5519 ηὑλόγησάν
3232 5465 3333 5519 με,
3380 5448 3487 5501 ἀπὸ
3534 5449 3589 5501 δὲ
3625 5447 3800 5515 κουρᾶς

2235 5539 2425 5609 ἀμνῶν
2458 5539 2559 5606 μοῦ
2592 5539 3009 5610 ἐθερμάνθησαν
3064 5540 3111 5592 οἱ
3164 5532 3309 5609 ὦμοι
3345 5538 3546 5592 αὐτῶν.
3588 5536 3783 5607 Ὀφθαλι

2238 5631 2333 5700 μὸς
2358 5632 2505 5701 ἤμην
2526 5632 2765 5700 τυφλῶν,
2797 5633 2931 5696 ποῦς
2960 5632 3012 5685 δέ
3037 5631 3227 5701 χωλῶν
3246 5633 3259 5652 ⁶
3298 5630 3409 5701 ἐγὼ
3452 5632 3599 5702 ἥμην
3630 5628 3791 5697 Πατὴρ

2234 5722 2528 5779 ἀδυνάτων.
2576 5745 2593 5775 ι
