3968 6412
170 432 307 501 1457

252 570 270 603 ι
322 552 380 605 '0
408 549 614 614 δίκαιος
639 550 921 620 οἰκτείρει,
953 548 1040 601 καὶ
1068 547 1268 601 δίδωσι.
1320 567 1339 599 ι

246 746 263 779 ι
299 726 588 798 Μακάριος
620 728 649 781 ὁ
679 710 909 794 συνιὼνη
924 725 1017 780 ἐπὶ
1052 725 1271 795 πτωχὸν
1319 725 1414 779 καὶ
1450 725 1679 795 πένητα.
1727 743 1745 777 ι

246 925 265 958 ‹
294 906 545 977 Χρηστδς
572 905 709 977 ἀνὴρ
741 907 770 958 ὁ
794 907 1081 975 οἰκτείρων
1124 909 1218 961 καὶ
1260 909 1469 981 κιχρῶν
1495 926 1506 937 ·
1559 909 1752 981 ἐσκόρ-

163 1014 349 1061 πισεν,
381 998 600 1058 ἔδωκεν,
643 1018 662 1050 ι
689 998 785 1051 καὶ
808 998 877 1051 τὰ
901 998 1084 1053 λοιπά.

243 1108 263 1141 ι
300 1088 697 1161 Ἑλεημοσὺναι
723 1090 814 1146 καὶ
856 1090 1041 1154 πίστις
1082 1088 1155 1163 μή
1200 1090 1610 1147 ὲκλειπετωσάν
1654 1110 1749 1147 σε’

160 1180 374 1250 ἔφαψαι
413 1181 470 1234 δὲ
488 1181 657 1245 αὐτας
681 1181 775 1235 ἐπὶ
798 1180 875 1251 σῷ
906 1180 1183 1254 τραχήλῳ,
1216 1183 1313 1237 καὶ
1344 1184 1602 1255 εὑρήσεις
1653 1185 1752 1255 χά-

165 1291 275 1345 ριν.
301 1274 393 1344 Μὴ
415 1273 631 1347 ἀπόσχῃ
654 1273 893 1328 εὐποιεῖν
919 1274 1109 1336 ἐνδεεῖ,
1145 1274 1308 1347 ήνίκα
1332 1275 1399 1331 ἂν
1444 1276 1542 1350 ἔχῃ
1568 1280 1601 1350 ή
1627 1279 1751 1350 χείρ

162 1380 264 1417 σου
294 1362 528 1435 βοηθεῖν.
552 1364 642 1433 Μὴ
674 1364 835 1438 εἴπῃς
857 1382 870 1395 ·
909 1364 1185 1419 Ἀπελθὼν
1223 1366 1491 1437 ἐπανῆκε,
1514 1368 1607 1423 καὶ
1653 1368 1751 1424 αὖ-

160 1470 283 1523 ριον
309 1453 487 1517 δώσω,
513 1455 744 1509 δυνατοῦ
780 1472 875 1509 σου
900 1455 1051 1521 ὄντος
1079 1457 1341 1513 εὐποιεῖν.
1363 1458 1439 1514 Οὐ
1466 1459 1575 1533 γὰρ
1601 1458 1750 1528 οἶδας

152 1540 212 1593 τί
248 1540 525 1613 τέξεταιὴ
552 1542 800 1599 ἐπιοῦσα.
833 1564 852 1597 ι
1024 1548 1028 1551 Α

237 1739 257 1771 ι
280 1719 511 1790 Εὐλογία
543 1723 624 1786 είς
650 1724 892 1796 κεφαλὴν
928 1727 1024 1781 τοῦ
1058 1730 1449 1801 μεταδιδόντος.
1492 1732 1569 1805 Τῇ
1599 1734 1744 1807 ψυχῇ

150 1810 330 1866 αὐτοῦ
357 1813 679 1883 ἀγαθοποιεῖ
703 1817 842 1891 ἀνὴρ
876 1819 1144 1893 ἐλεήμων.
1178 1842 1196 1873 ι

238 2009 257 2041 ι
290 1968 499 2065 Λύτρον
526 1995 704 2067 ψυχῆς
736 1998 949 2071 ἀνδρὸς,
981 2002 1011 2055 ὁ
1046 2002 1180 2067 ἴδιος
1231 2003 1477 2070 πλοῦτος.
1537 2005 1749 2062 Δίκαιοι

144 2081 490 2154 οἰκτείρουσι
530 2089 624 2142 καὶ
654 2088 915 2147 ἐλεοῦσιν.
945 2108 964 2143 ι

234 2278 255 2310 ι
309 2262 367 2314 '0
384 2261 551 2317 ἐλεῶν
586 2266 824 2337 πτωχὸν,
856 2273 1220 2339 μακαριστός.
1263 2290 1281 2323 ι

188 2535 204 2588 ι
232 2461 252 2492 ι
303 2418 674 2520 Ἑλεημοσύνῃ
702 2448 796 2503 καὶ
821 2449 1070 2506 πίστεσιν
1084 2452 1748 2529 ἁποκαθαίρονταιὰμαρ-

210 2553 290 2588 αι.
332 2556 352 2588 ι

139 2552 290 2589 τιαι.
332 2556 352 2588 ι

230 2648 252 2681 ι
292 2630 349 2685 '0
374 2631 872 2705 σπλαγχνιζόμενος
904 2637 1277 2711 ὲλεηΟήσεται.
1309 2662 1328 2693 ι

231 2831 251 2863 ι
300 2810 358 2866 Ὀ
415 2813 581 2867 ἐλεῶν
633 2816 882 2887 πτωχὸν,
938 2817 1176 2883 δανείζει
1218 2821 1375 2894 Θεῷ’
1406 2824 1546 2879 κατὰ
1596 2826 1746 2882 δὲτὸ

141 2904 300 2974 δόμα
315 2904 482 2959 αὑτοῦ
504 2907 875 2962 ἁνταποδὼσει
908 2910 1076 2981 αὐτῷ.
1118 2931 1137 2964 ι

231 2997 418 3052 «Ὅσοι
447 2997 648 3053 διδοῦσι
680 3002 939 3073 πτωχοῖς,
973 3002 1071 3057 οὐκ
1102 3004 1538 3077 ὲνδεηθὴσονται.
1576 3029 1595 3062 ι

230 3192 249 3223 ι
317 3171 465 3238 Ὀδὺς
525 3174 876 3249 δικαιοσύνης
930 3180 1024 3234 καὶ
1083 3180 1457 3259 ὲλεημοσύνῃς
1520 3187 1739 3260 εὑρήσει

140 3262 301 3334 ζωὴν
331 3264 426 3317 καὶ
456 3264 634 3332 δόξαν.
679 3286 698 3317 ι

226 3375 247 3407 ι
277 3356 485 3429 Ἄνδρα
520 3358 703 3431 ἱλαρὸν
730 3362 826 3416 καὶ
855 3362 1013 3434 δότην
1036 3365 1225 3437 ἀγαπᾷ
1257 3368 1285 3420 ὁ
1320 3366 1474 3431 Θεός.
1515 3388 1533 3420 ι

231 3553 251 3587 ι
284 3534 400 3591 Πᾶν
432 3538 461 3591 ὃ
497 3539 593 3592 ἐὰν
625 3537 763 3613 εὕρῃ
787 3541 908 3614 χείρ
941 3560 1034 3597 σου
1058 3543 1152 3598 τοῦ
1206 3544 1453 3617 ποιῆσαι,
1512 3547 1611 3619 ὅση
1658 3547 1741 3602 δύο

138 3626 319 3699 ναμίς
346 3645 439 3681 σου
462 3630 710 3701 ποίησον.
750 3652 768 3684 ι

291 3718 504 3788 Ἐγνων
553 3722 635 3776 ὅτι
692 3724 794 3777 οὐκ
827 3722 976 3778 ἔστιν
1013 3726 1219 3795 ἀγαθὸν
1252 3730 1311 3783 ὲν
1340 3730 1546 3795 αὐτοῖς,
1578 3734 1626 3787 εἰ
1663 3733 1738 3807 μὴ

139 3811 249 3921 τοῦ
284 3812 679 3915 εὐφρανθῆναι,
704 3816 798 3870 καὶ
836 3816 932 3871 τοῦ
972 3816 1195 3892 ποιῆσαι
1247 3821 1453 3891 ἀγαθὸν
1516 3825 1574 3879 ὲν
1623 3827 1735 3899 ζωῇ

140 3922 342 3959 αυτου.
383 3923 401 3957 ι

226 4015 247 4049 ι
288 3998 362 4051 Τὸ
383 3999 560 4072 κρῖμά
579 4017 682 4071 μου
710 3966 950 4073 ῶςήφλὺξ
996 4004 1361 4073 ἐξελεύσεται,
1410 4008 1543 4063 διότι
1590 4007 1737 4066 ἔλεον

138 4088 313 4155 Θέλω,
346 4088 441 4142 καὶ
457 4089 518 4143 οὐ
540 4089 759 4146 ουσίαν.
792 4110 810 4142 ι

225 4288 247 4321 ι
280 4269 588 4341 ΔιάΘρυπτε
635 4271 895 4327 πεινῶντι
942 4273 1034 4328 τὸν
1066 4275 1258 4344 ’ἄρτον
1294 4294 1414 4343 σου,
1451 4277 1548 4333 καὶ
1595 4294 1739 4339 πτω-

133 4364 280 4436 χοὺς
310 4364 577 4433 ἀστέγους
602 4365 869 4434 εἰσάγαγε
894 4367 975 4432 εἰς
1001 4368 1095 4422 τὸν
1121 4366 1270 4424 οἶκόν
1295 4388 1410 4426 σου.
1457 4371 1589 4425 Ἐὰν
1623 4373 1738 4444 ἴδῃς

131 4478 166 4528 η
188 4460 379 4527 ἀμνὸν,
406 4459 691 4530 περίϐαλε.
720 4459 846 4515 Ἐὰν
875 4460 982 4532 δῷς
1007 4463 1263 4516 πεινῶντι
1309 4463 1401 4517 τὸν
1447 4465 1611 4536 ἄρτον
1643 4481 1736 4519 σου

1445 436 1683 497 δΛΟΒΛ
1722 430 2161 494 PARALLELA
2173 428 2208 487 .’

1738 588 1751 598 .
1776 549 1821 603 Α
1921 540 2078 594 Psai.
2112 552 2299 600 χχιιι,
2340 533 2431 588 21.
2460 559 2532 572 -
2564 549 2583 584 ι
2627 525 2835 597 ,Ιιιείιιεζ
2866 525 3182 592 miseretur,
3226 530 3284 580 et
3328 520 3434 577 tri-

3296 400 3436 473 1458

1858 632 2079 776 bui’tsai.
2132 738 2220 787 ιι,
2287 720 2437 774 1.-
2469 735 2489 770 ι
2553 714 2755 771 Beatus
2807 711 2903 783 qui
2954 706 3434 783 inteiligit.super

1856 832 2091 887 egenum
2122 823 2177 871 et
2205 812 2525 886 pauperem.
2564 828 2583 862 ι

1927 906 2079 963 Psat.
2109 921 2191 973 ιιι,
2220 908 2309 962 15.
2331 932 2404 951 -
2435 923 2455 957 ι
2491 900 2781 958 Iucundus
2819 897 2986 953 homo
3016 893 3110 967 qui
3141 894 3434 951 miseretur

1855 1006 1911 1054 et
1943 996 2293 1064 commodat;
2346 991 2631 1064 dispersit,
2677 988 2831 1045 dedit
2862 983 3229 1058 pauperibus,
3259 999 3281 1035 ι
3316 989 3426 1037 etc.

1930 1087 2089 1143 Prov.
2120 1099 2201 1153 In,
2234 1088 2291 1154 5,
2323 1086 2378 1151 4,
2404 1083 2496 1149 27,
2529 1080 2623 1138 28.
2654 1106 2725 1124 -ο
2758 1098 2778 1133 ι
2810 1077 3189 1148 Eleemosynae
3215 1081 3273 1129 et
3301 1069 3434 1128 iides

1853 1189 1909 1236 te
1942 1192 2052 1235 non
2078 1178 2343 1234 deseram
2373 1192 2388 1232 :
2422 1175 2586 1244 alliga
2623 1184 2723 1228 eas
2753 1169 2900 1227 collo
2940 1175 3061 1233 tuo,
3090 1174 3150 1222 et
3185 1160 3436 1218 invenies

1853 1273 2112 1343 gratiam.
2160 1269 2241 1326 Ne
2285 1267 2512 1325 desinas
2563 1263 2894 1321 benefacere
2919 1255 3211 1328 indigenti,
3250 1267 3429 1343 quan-

1854 1341 1951 1419 diu
1977 1370 2162 1433 potest
2205 1373 2403 1414 manus
2437 1364 2534 1412 tua
2586 1352 2844 1409 auxiliari
2874 1350 2948 1407 ei.
2986 1347 3067 1404 Ne
3101 1345 3294 1402 dicas:
3323 1341 3429 1397 Bo-

1855 1453 2013 1509 diens
2068 1459 2373 1518 revertere,
2429 1457 2665 1505 et.cras
2719 1444 2865 1500 dabo
2911 1440 3033 1504 tibi,
3078 1452 3204 1494 cum
3236 1435 3427 1491 statim

1852 1546 2036 1618 possis
2069 1544 2418 1601 benefacere.
2452 1539 2570 1597 Non
2603 1539 2753 1595 enim
2788 1536 2903 1593 scis
2934 1532 3069 1606 quid
3123 1541 3428 1602 superven-

1854 1649 1976 1694 tura
2014 1636 2193 1708 pariet
2225 1637 2362 1693 dies.
2398 1653 2418 1687 ι

1928 1731 2088 1785 Prov.
2142 1747 2220 1796 xI,
2262 1728 2356 1795 26,
2410 1727 2497 1780 17.
2524 1753 2596 1766 --
2628 1742 2647 1776 ι
2704 1718 3019 1776 Benedictio
3065 1727 3232 1786 super
3263 1717 3432 1783 caput

1851 1824 2005 1879 illius
2032 1822 2123 1893 qui
2168 1817 2565 1876 communicat.
2621 1813 2835 1870 Anima
2880 1824 2997 1867 sua
3044 1803 3321 1864 benefacit
3345 1801 3431 1856 vir

1778 1889 1821 1947 Β
1854 1914 2197 1972 misericors.
2248 1932 2268 1964 ι

1928 2006 2091 2060 Prov.
2151 2019 2271 2068 χιιι,
2335 2001 2390 2056 8.
2414 2029 2483 2042 -—
2520 2018 2537 2051 ι
2583 1993 2915 2066 Redemptio
2961 1990 3159 2045 anima
3186 1984 3312 2051 viri,
3343 1981 3430 2037 di-

1851 2097 2004 2152 vitia:
2036 2104 2174 2152 suae.
2210 2092 2357 2148 Justl
2396 2096 2757 2151 mIseraIItur,
2798 2091 2856 2142 et
2884 2082 3289 2149 eleemosynsm
3316 2082 3431 2129 tar-

1853 2198 2096 2334 sugg.
2136 2207 2269 2342 θην,
2333 2275 2424 2331 li.
2456 2290 2572 2325 -ι
2640 2269 2747 2337 Qui
2797 2268 3093 2322 miseretur
3149 2254 3431 2330 pauperih

1850 2371 2049 2428 beatus
2078 2367 2343 2425 dicendus
2376 2376 2483 2422 est.
2519 2383 2541 2417 ι

1923 2464 2087 2519 Prov.
2123 2478 2218 2527 xv,
2251 2460 2339 2514 t7.
2366 2487 2436 2498 —
2466 2476 2484 2508 ι
2522 2449 2904 2511 Misericordia
2934 2455 2989 2503 et
3009 2443 3115 2501 iide
3142 2438 3427 2497 redimun-

1849 2569 1941 2613 tur
1976 2562 2227 2627 peecata.
2260 2572 2278 2604 ι

1921 2621 2082 2702 Prov.
2130 2659 2269 2710 xvn,
2318 2643 2374 2697 5.
2406 2671 2477 2682 ——
2506 2658 2525 2691 ι
2568 2636 2673 2704 Qui
2734 2632 3050 2693 miseratur,
3108 2621 3428 2678 misericor-

1848 2742 1995 2799 diam
2030 2746 2426 2809 consequetur.
2462 2755 2481 2788 ι

1917 2835 2079 2890 Prov.
2105 2848 2223 2900 xIx,
2255 2830 2417 2886 17.-—
2442 2846 2461 2880 ι
2493 2826 2600 2881 Deo
2635 2822 2917 2879 ieneratur
2961 2813 3059 2887 qui
3129 2811 3435 2865 miseretur

1846 2928 2148 3001 Pauperis;
2179 2934 2234 2981 et
2266 2924 2428 2994 juxta
2458 2919 2668 2976 donum
2707 2928 2871 2973 suum
2918 2904 3194 2965 retribuet
3226 2901 3299 2957 ei.
3335 2918 3355 2952 ι

1918 2992 2076 3074 Prov.
2122 2992 2321 3082 ιιιινιιι,
2367 3016 2459 3071 17.
2487 3045 2558 3057 ——-
2590 3032 2608 3065 ι
2642 3011 2972 3080 Quicunque
3007 3002 3144 3059 dant
3170 2992 3429 3071 pauperi—
3477 3010 3481 3013 ·

1846 3112 1973 3175 bus,
2004 3125 2118 3165 non
2153 3107 2498 3179 indigebunt.
2530 3123 2552 3158 ι

1767 3230 1813 3295 C
1920 3201 2080 3257 Prov.
2113 3176 2233 3265 ut,
2279 3175 2372 3253 il.
2403 3228 2471 3243 -
2507 3213 2527 3248 ι
2559 3190 2663 3249 Via
2694 3187 2927 3265 justitiat
2963 3192 3018 3244 et
3036 3175 3431 3242 misericoﬂiz

1843 3293 2086 3350 inveniet
2114 3293 2285 3349 vitam
2317 3298 2374 3347 et
2403 3287 2659 3363 gloriam.
2700 3304 2721 3339 ι

1913 3381 2073 3437 Prov.
2125 3397 2265 3447 ml,
2315 3379 2370 3434 8.
2402 3361 2475 3420 ὲ-
2511 3397 2529 3430 ‹
2568 3374 2764 3432 Virum
2816 3370 3051 3429 hilarem
3089 3368 3146 3422 et
3174 3361 3422 3419 datorem

1841 3472 2026 3543 diligit
2055 3470 2227 3527 Deus.
2268 3490 2286 3521 ι

1912 3563 2091 3619 Eccle.
2122 3579 2200 3631 Ix,
2226 3562 2315 3618 10.
2350 3591 2419 3601 -—
2454 3578 2475 3611 ι
2514 3556 2899 3625 Quodcunque
2924 3545 3200 3606 invenerit
3228 3553 3441 3598 manus-

1842 3663 1935 3711 tua
1965 3654 2033 3711 ad
2065 3653 2408 3718 faciendum,
2442 3665 2544 3722 pro
2582 3647 2733 3705 virili
2763 3644 2952 3702 facito.
2986 3663 3009 3696 ι

1914 3747 2089 3803 Eccle.
2126 3764 2213 3813 ιιι,
2246 3745 2335 3801 12.
2360 3775 2431 3784 —
2468 3762 2489 3798 ι
2529 3738 2774 3814 Cognovi
2805 3734 2955 3810 quod
3002 3748 3115 3791 non
3145 3741 3296 3791 esset
3323 3731 3424 3789 bo-

1840 3856 1970 3897 num
1997 3841 2055 3896 in
2096 3839 2227 3905 illis,
2276 3838 2384 3893 nisi
2415 3834 2615 3900 lactari,
2662 3839 2720 3889 et
2753 3827 2934 3888 facere
2974 3827 3182 3884 bonum
3216 3825 3273 3880 in
3306 3818 3422 3881 vita

1841 3947 1959 3988 sua.
1993 3950 2013 3985 ι

1913 4024 2047 4080 Osee
2096 4038 2171 4089 v1,
2207 4023 2263 4077 6.
2297 4050 2364 4060 -—
2394 4038 2411 4072 ι
2450 4017 2729 4074 Iudicium
2764 4019 2966 4069 ‘meum
3011 4011 3160 4069 sicut
3203 4005 3431 4064 ﬂamma

1839 4117 2162 4191 egredietur
2193 4134 2206 4169 :
2242 4111 2513 4185 quoniam
2548 4105 2999 4165 misericordiam
3038 4103 3186 4169 volo,
3230 4110 3287 4157 et
3306 4116 3415 4156 non

1840 4208 2201 4267 sacriﬁcium.
2239 4225 2257 4259 ι

1912 4301 2030 4358 Ira.
2084 4316 2238 4367 LVIII,
2288 4298 2344 4365 7,
2378 4296 2433 4353 8.
2470 4308 2583 4345 -ι
2622 4284 2839 4364 Frange
2888 4286 3164 4347 esurienti
3218 4296 3432 4358 panem.

1842 4406 2018 4460 Iunm,
2079 4400 2135 4447 et
2186 4398 2391 4460 egenos
2450 4382 2571 4442 sine
2614 4391 2765 4439 tecto
2810 4378 3069 4437 introduc
3104 4379 3160 4434 in
3191 4376 3418 4433 domum

1843 4498 2016 4543 tuam.
2067 4483 2384 4539 Si‘videris
2436 4478 2668 4540 nudum,
2720 4476 2874 4547 operi
2922 4488 3070 4529 eum.
3105 4468 3167 4527 Si
3196 4466 3420 4525 dederis

131 4553 209 4605 ὲκ
238 4549 439 4644 ψυχῆς,
459 4550 554 4604 xui.
581 4550 760 4621 ψυχὴν
786 4553 1262 4625 τεταπεινωμένην
1283 4553 1588 4626 ὲμπλήσῃς,
1618 4555 1739 4610 τότε

1880 4574 2113 4630 surienti
2163 4588 2359 4644 panem
2394 4579 2551 4625 tuum
2586 4581 2652 4621 ex
2683 4566 2897 4630 animo,
2930 4573 2985 4622 et
3028 4563 3269 4619 animam
3308 4559 3420 4615 hu-

131 4640 396 4698 ἀνατελεί
420 4640 479 4695 ἐν
514 4642 592 4713 τῷ
616 4643 798 4697 σκότει
825 4644 887 4697 τὸ
912 4643 1026 4713 φῶς
1050 4660 1165 4709 σου,
1194 4644 1372 4698 καὶτὸ
1401 4646 1593 4710 σκότος
1640 4664 1734 4700 σου

129 4734 221 4798 ὡς
282 4734 620 4807 μεσημϐρία,
652 4737 749 4791 καὶ
779 4736 931 4791 ἔσται
959 4736 1137 4800 όΘεδς
1170 4736 1306 4809 μετὰ
1335 4738 1429 4791 σοῦ
1474 4738 1564 4792 διὰ
1610 4756 1740 4793 παν-

130 4824 257 4888 τός.
292 4842 310 4875 ι

220 4933 240 4966 ι
272 4916 529 4983 Βασιλεῦ,
569 4920 604 4990 ή
634 4919 799 4991 βουλή
835 4937 939 4990 μου
972 4921 1227 4991 ἀρεσάτω
1258 4936 1340 4975 σοι
1373 4938 1388 4954 ο
1423 4921 1523 4986 τὰς
1551 4922 1734 4996 ἁμαρ-

130 5008 273 5073 τίας
300 5025 392 5062 σου
422 5012 481 5065 ὲν
506 5012 900 5084 ὲλεημοσύναις
921 5015 1223 5086 λύτρωσαι,
1252 5016 1472 5081 καὶτὰς
1502 5017 1737 5089 ἀνομίας

132 5114 267 5159 σου,
304 5098 363 5151 ὲν
383 5101 689 5172 οἰκτιρμοῖς
720 5104 991 5174 πενήτων.
1034 5123 1053 5156 ι

224 5209 245 5241 ι
287 5191 491 5256 Παντὸς
523 5193 871 5266 δυνατωτέρα
903 5197 1102 5270 ἐστὶνὴ
1128 5197 1402 5254 εὐσέϐεια.
1438 5220 1457 5250 ι

217 5388 241 5444 ὰ
282 5391 400 5465 Πῦρ
430 5393 827 5467 φλογιζόμενον
851 5397 1182 5453 κατασϐέσει
1221 5398 1387 5471 ὕδωρ,
1440 5401 1533 5454 καὶ
1585 5401 1738 5471 ἐλεη-

137 5482 356 5555 μοσύνη
389 5484 663 5549 ὲξιλάσκει
694 5488 993 5561 ἁμαρτίας.
1031 5508 1051 5542 ι

219 5594 241 5626 ι
281 5574 507 5643 Τέκνον,
532 5578 631 5650 τὴν
664 5580 809 5652 ζωὴν
841 5581 935 5636 τοῦ
964 5582 1185 5653 πτωχοῦ
1220 5583 1295 5655 μὴ
1324 5586 1732 5657 ἀποστερήσῃς,

129 5664 239 5719 καὶ
280 5667 353 5737 μή
388 5669 745 5744 παρελκύσῃς
778 5672 1096 5743 ὀφθαλμοὺς
1126 5674 1219 5727 ἐπὶ
1257 5675 1476 5739 ἐνδεεῖς.
1541 5678 1733 5749 Ψυχὴν

132 5756 428 5811 πεινῶσαν
463 5760 537 5831 μὴ
585 5761 860 5833 λυπήσῃς,
902 5764 1002 5817 καὶ
1059 5765 1134 5837 μὴ
1187 5767 1539 5840 παρελκύσῃς
1587 5769 1733 5823 δόσιν

132 5847 521 5921 ἑπιδεομένου.
560 5852 654 5926 Μὴ
688 5855 1041 5930 ἀποστρέψῃς
1070 5857 1133 5912 τὸ
1161 5858 1451 5930 πρόσωπόν
1500 5879 1591 5915 σου
1627 5864 1732 5917 ἀπὸ

1842 4666 2107 4720 IIIs'lv'atam
2162 4663 2457 4719 satiaveris
2503 4680 2517 4717 :
2580 4670 2716 4717 tunc
2768 4658 2985 4714 orietur
3046 4656 3105 4711 in
3167 4650 3419 4710 tenebris

1840 4758 2026 4813 lumen
2090 4764 2267 4822 tuum,
2304 4763 2358 4809 et
2393 4748 2635 4809 tenebrae
2683 4758 2793 4807 tua)
2840 4750 2986 4805 sicut
3029 4745 3316 4812 meridies,
3368 4751 3439 4800 et-

1840 4849 2196 4905 Deusatecum
2232 4849 2337 4903 erit
2364 4850 2653 4916 perpetuo.
2686 4864 2704 4898 ι

1910 4940 2052 4997 Dan.
2085 4956 2160 5007 Iv,
2186 4939 2357 4993 ‘21.-—
2393 4957 2412 4990 ι
2451 4937 2590 5003 Rex,
2619 4935 2919 4992 consilium
2969 4946 3153 4990 meum
3180 4931 3275 4985 tibi
3303 4928 3420 5000 pla-

1839 5041 1959 5085 ceat
1981 5048 1995 5085 :
2017 5028 2381 5101 eleemosynis
2408 5036 2633 5099 peccata
2657 5035 2750 5081 tua
2777 5026 3007 5092 redime,
3024 5032 3079 5080 et
3099 5020 3443 5091 iniquitates--

1840 5136 1965 5184 tuas
2002 5130 2057 5183 in
2092 5125 2553 5183 miserationibus
2590 5139 2920 5197 pauperum.
2962 5141 2981 5174 ι

1909 5220 2076 5293 474
2119 5219 2246 5289 Sap.
2308 5234 2364 5285 ς,
2411 5218 2500 5274 12.
2532 5244 2603 5258 -
2653 5235 2671 5269 ι
2707 5215 2914 5285 Quayis
2966 5228 3025 5268 rc
3087 5208 3294 5265 iortlor-
3333 5218 3427 5265 est

1877 5315 2029 5369 ictas.
2074 5331 2095 5365 ι

1878 5332 2029 5369 ιριιὶε.
2074 5332 2095 5365 ι

1838 5332 1872 5385 p
1913 5405 2078 5461 Eccli.
2114 5421 2196 5471 III,
2250 5404 2340 5460 50.
2371 5432 2441 5445 --
2470 5421 2489 5455 ι
2523 5401 2709 5472 Ignem
2763 5398 3048 5454 ardentem
3104 5395 3425 5467 exstinguit

1838 5516 1981 5570 aqua
2017 5518 2030 5554 :
2067 5510 2119 5553 et
2154 5498 2505 5567 eleemosyna
2539 5495 2729 5564 expiat
2763 5498 3016 5563 peccata.
3056 5508 3079 5543 ι

1914 5592 2080 5646 Eccli.
2111 5606 2184 5655 Iv,
2224 5590 2275 5657 1,
2303 5590 2359 5652 ‘2,
2392 5591 2445 5653 5,
2478 5589 2533 5642 8.
2554 5617 2605 5630 -
2635 5605 2655 5639 ι
2692 5585 3017 5652 Fili,vitam
3054 5583 3319 5656 pauperis
3351 5598 3421 5638 ne

1838 5682 2172 5749 defraudes;
2217 5690 2271 5736 ct
2319 5680 2515 5735 oculos
2553 5686 2679 5732 tuos
2713 5691 2780 5731 ne
2830 5681 3181 5731 transvertas
3219 5686 3250 5728 a
3282 5687 3418 5743 pau-

1837 5789 1987 5846 pere.
2044 5773 2299 5827 Animam
2362 5770 2699 5827 esurientem
2754 5780 2822 5823 ne
2859 5767 3187 5837 contristes,
3237 5778 3427 5839 neque

1837 5866 2130 5923 abstralIas
2185 5867 2393 5923 donum
2450 5865 2751 5937 indigenti.
2819 5865 2899 5926 Ne
2952 5874 3177 5925 avertas
3225 5862 3430 5923 oculos.
