  <div class='ocr_page' id='page_1' title='image "/cluster/home/n/w/nwhite01/storage/ocr_20150623/95/hvd.32044019208057/736.png"; bbox 0 0 4052 6408; ppageno 0'>
   <div class='ocr_carea' id='block_1_1' title="bbox 266 455 399 520">
    <p class='ocr_par' dir='ltr' id='par_1_1' title="bbox 266 455 399 520">
     <span class='ocr_line' id='line_1_1' title="bbox 266 455 399 520; baseline -0.008 0"><span class='ocrx_word' id='word_1_1' title='bbox 266 455 399 520; x_wconf 72' lang='grc'>1161</span> 
     </span>
    </p>
   </div>
   <div class='ocr_carea' id='block_1_2' title="bbox 1528 437 2266 505">
    <p class='ocr_par' dir='ltr' id='par_1_2' title="bbox 1528 437 2266 505">
     <span class='ocr_line' id='line_1_2' title="bbox 1528 437 2266 505; baseline -0.012 1"><span class='ocrx_word' id='word_1_2' title='bbox 1528 444 1767 505; x_wconf 81' lang='lat' dir='ltr'><strong>SACRA</strong></span> <span class='ocrx_word' id='word_1_3' title='bbox 1806 437 2241 501; x_wconf 80' lang='lat' dir='ltr'><strong>PARALLELA</strong></span> <span class='ocrx_word' id='word_1_4' title='bbox 2254 484 2266 497; x_wconf 95' lang='lat'><strong>.</strong></span> 
     </span>
    </p>
   </div>
   <div class='ocr_carea' id='block_1_3' title="bbox 3389 432 3524 498">
    <p class='ocr_par' dir='ltr' id='par_1_3' title="bbox 3389 432 3524 498">
     <span class='ocr_line' id='line_1_3' title="bbox 3389 432 3524 498; baseline 0 -3"><span class='ocrx_word' id='word_1_5' title='bbox 3389 432 3524 498; x_wconf 77' lang='lat'><strong>1462</strong></span> 
     </span>
    </p>
   </div>
   <div class='ocr_carea' id='block_1_4' title="bbox 260 540 1838 639">
    <p class='ocr_par' dir='ltr' id='par_1_4' title="bbox 260 555 1838 639">
     <span class='ocr_line' id='line_1_4' title="bbox 260 555 1838 639; baseline -0.008 -18"><span class='ocrx_word' id='word_1_6' title='bbox 260 570 373 639; x_wconf 82' lang='grc' dir='ltr'><strong>γάρ</strong></span> <span class='ocrx_word' id='word_1_7' title='bbox 394 567 541 619; x_wconf 76' lang='grc' dir='ltr'>ἐστιν</span> <span class='ocrx_word' id='word_1_8' title='bbox 567 565 595 619; x_wconf 74' lang='grc' dir='ltr'><strong>ὁ</strong></span> <span class='ocrx_word' id='word_1_9' title='bbox 618 562 890 635; x_wconf 69' lang='grc' dir='ltr'>θησαυρὶς</span> <span class='ocrx_word' id='word_1_10' title='bbox 918 562 1094 633; x_wconf 86' lang='grc' dir='ltr'>ὐμῶν,</span> <span class='ocrx_word' id='word_1_11' title='bbox 1113 561 1231 614; x_wconf 75' lang='grc' dir='ltr'>ἐκεῖ</span> <span class='ocrx_word' id='word_1_12' title='bbox 1251 558 1344 613; x_wconf 69' lang='grc' dir='ltr'>καὶ</span> <span class='ocrx_word' id='word_1_13' title='bbox 1376 560 1407 629; x_wconf 84' lang='grc' dir='ltr'>ἡ</span> <span class='ocrx_word' id='word_1_14' title='bbox 1464 558 1658 630; x_wconf 86' lang='grc' dir='ltr'>καρδία</span> <span class='ocrx_word' id='word_1_15' title='bbox 1695 555 1838 625; x_wconf 80' lang='grc' dir='ltr'>ὐμῶι</span> 
     </span>
    </p>
   </div>
   <div class='ocr_carea' id='block_1_5' title="bbox 1941 540 3527 639">
    <p class='ocr_par' dir='ltr' id='par_1_5' title="bbox 1955 540 3527 618">
     <span class='ocr_line' id='line_1_5' title="bbox 1955 540 3527 618; baseline -0.003 -16"><span class='ocrx_word' id='word_1_16' title='bbox 1955 549 2181 618; x_wconf 89' lang='lat' dir='ltr'><strong>rumpit.</strong></span> <span class='ocrx_word' id='word_1_17' title='bbox 2238 543 2342 600; x_wconf 88' lang='lat' dir='ltr'><strong>Ubi</strong></span> <span class='ocrx_word' id='word_1_18' title='bbox 2399 541 2548 598; x_wconf 90' lang='lat' dir='ltr'><strong>enim</strong></span> <span class='ocrx_word' id='word_1_19' title='bbox 2611 540 2907 595; x_wconf 88' lang='lat' dir='ltr'><strong>thesaurus</strong></span> <span class='ocrx_word' id='word_1_20' title='bbox 2950 546 3130 593; x_wconf 87' lang='lat' dir='ltr'><strong>vester</strong></span> <span class='ocrx_word' id='word_1_21' title='bbox 3186 548 3291 608; x_wconf 90' lang='lat' dir='ltr'><strong>est,</strong></span> <span class='ocrx_word' id='word_1_22' title='bbox 3349 542 3423 598; x_wconf 91' lang='lat' dir='ltr'><strong>ibi</strong></span> <span class='ocrx_word' id='word_1_23' title='bbox 3476 554 3527 600; x_wconf 83' lang='lat' dir='ltr'><strong>et</strong></span> 
     </span>
    </p>
   </div>
   <div class='ocr_carea' id='block_1_6' title="bbox 260 659 491 713">
    <p class='ocr_par' dir='ltr' id='par_1_6' title="bbox 260 659 491 713">
     <span class='ocr_line' id='line_1_6' title="bbox 260 659 491 713; baseline -0.009 -1"><span class='ocrx_word' id='word_1_24' title='bbox 260 659 436 713; x_wconf 73' lang='grc' dir='ltr'>ἔσται.</span> <span class='ocrx_word' id='word_1_25' title='bbox 473 676 491 710; x_wconf 79' lang='grc' dir='ltr'><strong>ι</strong></span> 
     </span>
    </p>
   </div>
   <div class='ocr_carea' id='block_1_7' title="bbox 336 741 1857 817">
    <p class='ocr_par' dir='ltr' id='par_1_7' title="bbox 336 741 1857 817">
     <span class='ocr_line' id='line_1_7' title="bbox 336 741 1857 817; baseline -0.006 -15"><span class='ocrx_word' id='word_1_26' title='bbox 336 766 359 803; x_wconf 77' lang='grc' dir='ltr'><strong>ε</strong></span> <span class='ocrx_word' id='word_1_27' title='bbox 394 748 620 816; x_wconf 82' lang='grc' dir='ltr'>Ἔλεγεν</span> <span class='ocrx_word' id='word_1_28' title='bbox 662 748 691 801; x_wconf 99' lang='lat'><strong>6</strong></span> <span class='ocrx_word' id='word_1_29' title='bbox 721 745 929 817; x_wconf 79' lang='grc' dir='ltr'>Κύριος</span> <span class='ocrx_word' id='word_1_30' title='bbox 973 744 1050 816; x_wconf 80' lang='grc' dir='ltr'>τῷ</span> <span class='ocrx_word' id='word_1_31' title='bbox 1096 742 1386 814; x_wconf 82' lang='grc' dir='ltr'><strong>κεκληκότι</strong></span> <span class='ocrx_word' id='word_1_32' title='bbox 1416 741 1578 796; x_wconf 84' lang='grc' dir='ltr'>αὐτόν</span> <span class='ocrx_word' id='word_1_33' title='bbox 1609 757 1624 774; x_wconf 82' lang='grc' dir='ltr'><strong><em>ο</em></strong></span> <span class='ocrx_word' id='word_1_34' title='bbox 1677 741 1857 794; x_wconf 79' lang='grc' dir='ltr'>Ὅταν</span> 
     </span>
    </p>
   </div>
   <div class='ocr_carea' id='block_1_8' title="bbox 260 833 1842 913">
    <p class='ocr_par' dir='ltr' id='par_1_8' title="bbox 260 833 1842 913">
     <span class='ocr_line' id='line_1_8' title="bbox 260 833 1842 913; baseline -0.006 -17"><span class='ocrx_word' id='word_1_35' title='bbox 260 843 420 913; x_wconf 77' lang='grc' dir='ltr'>ποιῇς</span> <span class='ocrx_word' id='word_1_36' title='bbox 446 837 722 910; x_wconf 78' lang='grc' dir='ltr'>ἀριστονῆ</span> <span class='ocrx_word' id='word_1_37' title='bbox 752 837 988 903; x_wconf 84' lang='grc' dir='ltr'>δεῖπνον,</span> <span class='ocrx_word' id='word_1_38' title='bbox 1025 837 1098 910; x_wconf 80' lang='grc' dir='ltr'>μὴ</span> <span class='ocrx_word' id='word_1_39' title='bbox 1117 835 1282 906; x_wconf 78' lang='grc' dir='ltr'>φώνει</span> <span class='ocrx_word' id='word_1_40' title='bbox 1327 835 1453 899; x_wconf 80' lang='grc' dir='ltr'>τοὺς</span> <span class='ocrx_word' id='word_1_41' title='bbox 1493 833 1677 904; x_wconf 79' lang='grc' dir='ltr'>φίλους</span> <span class='ocrx_word' id='word_1_42' title='bbox 1726 850 1842 898; x_wconf 92' lang='grc' dir='ltr'>σου,</span> 
     </span>
    </p>
   </div>
   <div class='ocr_carea' id='block_1_9' title="bbox 259 929 1842 1005">
    <p class='ocr_par' dir='ltr' id='par_1_9' title="bbox 259 929 1842 1005">
     <span class='ocr_line' id='line_1_9' title="bbox 259 929 1842 1005; baseline -0.004 -18"><span class='ocrx_word' id='word_1_43' title='bbox 259 933 396 1005; x_wconf 77' lang='grc' dir='ltr'>μηδὲ</span> <span class='ocrx_word' id='word_1_44' title='bbox 422 931 672 1001; x_wconf 76' lang='grc' dir='ltr'><strong>γείτονας</strong></span> <span class='ocrx_word' id='word_1_45' title='bbox 718 929 1026 994; x_wconf 78' lang='grc' dir='ltr'><strong>πλουσίους,</strong></span> <span class='ocrx_word' id='word_1_46' title='bbox 1076 929 1211 1000; x_wconf 79' lang='grc' dir='ltr'>μηδὲ</span> <span class='ocrx_word' id='word_1_47' title='bbox 1253 930 1377 992; x_wconf 76' lang='grc' dir='ltr'>τοὺς</span> <span class='ocrx_word' id='word_1_48' title='bbox 1408 930 1688 996; x_wconf 84' lang='grc' dir='ltr'><strong>συγγενεῖς</strong></span> <span class='ocrx_word' id='word_1_49' title='bbox 1726 944 1842 990; x_wconf 84' lang='grc' dir='ltr'>σου,</span> 
     </span>
    </p>
   </div>
   <div class='ocr_carea' id='block_1_10' title="bbox 261 1020 1844 1096">
    <p class='ocr_par' dir='ltr' id='par_1_10' title="bbox 261 1020 1844 1096">
     <span class='ocr_line' id='line_1_10' title="bbox 261 1020 1844 1096; baseline -0.005 -17"><span class='ocrx_word' id='word_1_50' title='bbox 261 1025 392 1096; x_wconf 83' lang='grc' dir='ltr'>μηδὲ</span> <span class='ocrx_word' id='word_1_51' title='bbox 424 1023 552 1088; x_wconf 84' lang='grc' dir='ltr'><strong>τούς</strong></span> <span class='ocrx_word' id='word_1_52' title='bbox 582 1021 844 1091; x_wconf 81' lang='grc' dir='ltr'>ἀδελφούς</span> <span class='ocrx_word' id='word_1_53' title='bbox 875 1039 988 1086; x_wconf 93' lang='grc' dir='ltr'>σου,</span> <span class='ocrx_word' id='word_1_54' title='bbox 1044 1023 1252 1092; x_wconf 83' lang='grc' dir='ltr'>μήποτε</span> <span class='ocrx_word' id='word_1_55' title='bbox 1294 1021 1386 1074; x_wconf 74' lang='grc' dir='ltr'><strong>καὶ</strong></span> <span class='ocrx_word' id='word_1_56' title='bbox 1416 1020 1568 1073; x_wconf 86' lang='grc' dir='ltr'>αὐτοί</span> <span class='ocrx_word' id='word_1_57' title='bbox 1605 1037 1663 1072; x_wconf 89' lang='grc' dir='ltr'><strong>σε</strong></span> <span class='ocrx_word' id='word_1_58' title='bbox 1694 1020 1844 1073; x_wconf 84' lang='grc' dir='ltr'>ἀντι-</span> 
     </span>
    </p>
   </div>
   <div class='ocr_carea' id='block_1_11' title="bbox 256 1110 1843 1188">
    <p class='ocr_par' dir='ltr' id='par_1_11' title="bbox 256 1110 1843 1188">
     <span class='ocr_line' id='line_1_11' title="bbox 256 1110 1843 1188; baseline -0.003 -21"><span class='ocrx_word' id='word_1_59' title='bbox 256 1114 547 1178; x_wconf 83' lang='grc' dir='ltr'>καλέσωσι,</span> <span class='ocrx_word' id='word_1_60' title='bbox 579 1112 673 1168; x_wconf 74' lang='grc' dir='ltr'><strong>καὶ</strong></span> <span class='ocrx_word' id='word_1_61' title='bbox 704 1112 989 1188; x_wconf 71' lang='grc' dir='ltr'>γενήσεταί</span> <span class='ocrx_word' id='word_1_62' title='bbox 1024 1129 1104 1167; x_wconf 87' lang='grc' dir='ltr'><strong>σοι</strong></span> <span class='ocrx_word' id='word_1_63' title='bbox 1131 1112 1499 1181; x_wconf 85' lang='grc' dir='ltr'>ἀνταπόδομα,</span> <span class='ocrx_word' id='word_1_64' title='bbox 1547 1110 1687 1164; x_wconf 84' lang='grc' dir='ltr'>Ἀλλ’</span> <span class='ocrx_word' id='word_1_65' title='bbox 1716 1111 1843 1165; x_wconf 83' lang='grc' dir='ltr'>ὅταν</span> 
     </span>
    </p>
   </div>
   <div class='ocr_carea' id='block_1_12' title="bbox 256 1204 1842 1278">
    <p class='ocr_par' dir='ltr' id='par_1_12' title="bbox 256 1204 1842 1278">
     <span class='ocr_line' id='line_1_12' title="bbox 256 1204 1842 1278; baseline -0.001 -19"><span class='ocrx_word' id='word_1_66' title='bbox 256 1206 414 1277; x_wconf 80' lang='grc' dir='ltr'>ποιῇς</span> <span class='ocrx_word' id='word_1_67' title='bbox 440 1205 624 1278; x_wconf 83' lang='grc' dir='ltr'>δοχὴν,</span> <span class='ocrx_word' id='word_1_68' title='bbox 660 1206 814 1259; x_wconf 89' lang='grc' dir='ltr'>κάλει</span> <span class='ocrx_word' id='word_1_69' title='bbox 847 1206 1114 1276; x_wconf 76' lang='grc' dir='ltr'>πτωχοὺς,</span> <span class='ocrx_word' id='word_1_70' title='bbox 1143 1206 1480 1278; x_wconf 81' lang='grc' dir='ltr'><strong>ἀναπήρους,</strong></span> <span class='ocrx_word' id='word_1_71' title='bbox 1510 1204 1720 1276; x_wconf 81' lang='grc' dir='ltr'>χολοὺς,</span> <span class='ocrx_word' id='word_1_72' title='bbox 1749 1223 1842 1259; x_wconf 91' lang='grc' dir='ltr'>τυ-</span> 
     </span>
    </p>
   </div>
   <div class='ocr_carea' id='block_1_13' title="bbox 256 1295 1842 1369">
    <p class='ocr_par' dir='ltr' id='par_1_13' title="bbox 256 1295 1842 1369">
     <span class='ocr_line' id='line_1_13' title="bbox 256 1295 1842 1369; baseline 0.003 -21"><span class='ocrx_word' id='word_1_73' title='bbox 256 1295 422 1366; x_wconf 83' lang='grc' dir='ltr'>φλούς</span> <span class='ocrx_word' id='word_1_74' title='bbox 446 1312 463 1330; x_wconf 79' lang='grc' dir='ltr'><strong>ο</strong></span> <span class='ocrx_word' id='word_1_75' title='bbox 498 1297 593 1350; x_wconf 71' lang='grc' dir='ltr'><strong>καὶ</strong></span> <span class='ocrx_word' id='word_1_76' title='bbox 614 1298 885 1369; x_wconf 86' lang='grc' dir='ltr'>μακάριος</span> <span class='ocrx_word' id='word_1_77' title='bbox 906 1298 1025 1369; x_wconf 78' lang='grc' dir='ltr'>ἔσῃ.</span> <span class='ocrx_word' id='word_1_78' title='bbox 1050 1298 1130 1351; x_wconf 86' lang='grc' dir='ltr'>ὃτι</span> <span class='ocrx_word' id='word_1_79' title='bbox 1158 1298 1257 1352; x_wconf 91' lang='grc' dir='ltr'><strong>οὐκ</strong></span> <span class='ocrx_word' id='word_1_80' title='bbox 1277 1296 1488 1368; x_wconf 74' lang='grc' dir='ltr'>ἔχουσιν</span> <span class='ocrx_word' id='word_1_81' title='bbox 1509 1298 1842 1352; x_wconf 87' lang='grc' dir='ltr'>ἀνταποδοῦ-</span> 
     </span>
    </p>
   </div>
   <div class='ocr_carea' id='block_1_14' title="bbox 253 1388 1841 1464">
    <p class='ocr_par' dir='ltr' id='par_1_14' title="bbox 253 1388 1841 1464">
     <span class='ocr_line' id='line_1_14' title="bbox 253 1388 1841 1464; baseline 0.004 -23"><span class='ocrx_word' id='word_1_82' title='bbox 253 1388 343 1441; x_wconf 84' lang='grc' dir='ltr'><strong>ναί</strong></span> <span class='ocrx_word' id='word_1_83' title='bbox 369 1405 469 1444; x_wconf 89' lang='grc' dir='ltr'>σοι.</span> <span class='ocrx_word' id='word_1_84' title='bbox 502 1389 1018 1461; x_wconf 78' lang='grc' dir='ltr'>Ἀνταποδοθήσεται</span> <span class='ocrx_word' id='word_1_85' title='bbox 1068 1392 1175 1462; x_wconf 84' lang='grc' dir='ltr'><strong>γάρ</strong></span> <span class='ocrx_word' id='word_1_86' title='bbox 1221 1408 1300 1445; x_wconf 88' lang='grc' dir='ltr'><strong>σοι</strong></span> <span class='ocrx_word' id='word_1_87' title='bbox 1336 1394 1395 1447; x_wconf 81' lang='grc' dir='ltr'>ἐν</span> <span class='ocrx_word' id='word_1_88' title='bbox 1422 1395 1487 1464; x_wconf 78' lang='grc' dir='ltr'>τῇ</span> <span class='ocrx_word' id='word_1_89' title='bbox 1547 1393 1841 1448; x_wconf 76' lang='grc' dir='ltr'><strong>ἀναστάσει</strong></span> 
     </span>
    </p>
   </div>
   <div class='ocr_carea' id='block_1_15' title="bbox 253 1480 683 1536">
    <p class='ocr_par' dir='ltr' id='par_1_15' title="bbox 253 1480 683 1536">
     <span class='ocr_line' id='line_1_15' title="bbox 253 1480 683 1536; baseline 0.002 -3"><span class='ocrx_word' id='word_1_90' title='bbox 253 1480 365 1535; x_wconf 85' lang='grc' dir='ltr'><strong>τῶν</strong></span> <span class='ocrx_word' id='word_1_91' title='bbox 388 1480 633 1536; x_wconf 87' lang='grc' dir='ltr'>δικαίων.</span> <span class='ocrx_word' id='word_1_92' title='bbox 664 1501 683 1534; x_wconf 79' lang='grc' dir='ltr'><strong>ι</strong></span> 
     </span>
    </p>
   </div>
   <div class='ocr_carea' id='block_1_16' title="bbox 330 1572 1838 1648">
    <p class='ocr_par' dir='ltr' id='par_1_16' title="bbox 330 1572 1838 1648">
     <span class='ocr_line' id='line_1_16' title="bbox 330 1572 1838 1648; baseline 0.004 -22"><span class='ocrx_word' id='word_1_93' title='bbox 330 1593 349 1626; x_wconf 76' lang='grc' dir='ltr'><strong>ι</strong></span> <span class='ocrx_word' id='word_1_94' title='bbox 384 1574 546 1627; x_wconf 76' lang='grc' dir='ltr'>Αὐτοὶ</span> <span class='ocrx_word' id='word_1_95' title='bbox 562 1572 886 1642; x_wconf 83' lang='grc' dir='ltr'>γινώσκετε,</span> <span class='ocrx_word' id='word_1_96' title='bbox 925 1574 1008 1628; x_wconf 83' lang='grc' dir='ltr'><strong>ὅτι</strong></span> <span class='ocrx_word' id='word_1_97' title='bbox 1054 1576 1173 1638; x_wconf 86' lang='grc' dir='ltr'>ταῖς</span> <span class='ocrx_word' id='word_1_98' title='bbox 1195 1575 1405 1645; x_wconf 77' lang='grc' dir='ltr'>χρείαις</span> <span class='ocrx_word' id='word_1_99' title='bbox 1452 1595 1571 1648; x_wconf 82' lang='grc' dir='ltr'>μου,</span> <span class='ocrx_word' id='word_1_100' title='bbox 1611 1580 1838 1643; x_wconf 76' lang='grc' dir='ltr'>καὶτοῖς</span> 
     </span>
    </p>
   </div>
   <div class='ocr_carea' id='block_1_17' title="bbox 252 1661 1840 1739">
    <p class='ocr_par' dir='ltr' id='par_1_17' title="bbox 252 1661 1840 1739">
     <span class='ocr_line' id='line_1_17' title="bbox 252 1661 1840 1739; baseline 0.003 -20"><span class='ocrx_word' id='word_1_101' title='bbox 252 1661 372 1721; x_wconf 87' lang='grc' dir='ltr'>οῦσι</span> <span class='ocrx_word' id='word_1_102' title='bbox 404 1666 521 1736; x_wconf 88' lang='grc' dir='ltr'>μετ’</span> <span class='ocrx_word' id='word_1_103' title='bbox 573 1666 708 1737; x_wconf 80' lang='grc' dir='ltr'>ἐμοῦ</span> <span class='ocrx_word' id='word_1_104' title='bbox 743 1667 1096 1739; x_wconf 81' lang='grc' dir='ltr'><strong>ὑπηρέτησαν</strong></span> <span class='ocrx_word' id='word_1_105' title='bbox 1150 1668 1205 1721; x_wconf 84' lang='grc' dir='ltr'>αἱ</span> <span class='ocrx_word' id='word_1_106' title='bbox 1256 1670 1439 1738; x_wconf 78' lang='grc' dir='ltr'>χεῖρές</span> <span class='ocrx_word' id='word_1_107' title='bbox 1493 1687 1616 1739; x_wconf 84' lang='grc' dir='ltr'>μου.</span> <span class='ocrx_word' id='word_1_108' title='bbox 1658 1671 1840 1724; x_wconf 83' lang='grc' dir='ltr'>Πάντα</span> 
     </span>
    </p>
   </div>
   <div class='ocr_carea' id='block_1_18' title="bbox 252 1757 1839 1833">
    <p class='ocr_par' dir='ltr' id='par_1_18' title="bbox 252 1757 1839 1833">
     <span class='ocr_line' id='line_1_18' title="bbox 252 1757 1839 1833; baseline 0.003 -20"><span class='ocrx_word' id='word_1_109' title='bbox 252 1757 509 1824; x_wconf 77' lang='grc' dir='ltr'>ὑπέδειξα</span> <span class='ocrx_word' id='word_1_110' title='bbox 546 1759 696 1831; x_wconf 89' lang='grc' dir='ltr'>ὐμῖν,</span> <span class='ocrx_word' id='word_1_111' title='bbox 728 1760 809 1812; x_wconf 86' lang='grc' dir='ltr'>ὅτι</span> <span class='ocrx_word' id='word_1_112' title='bbox 847 1760 1019 1824; x_wconf 86' lang='grc' dir='ltr'>οῦτως</span> <span class='ocrx_word' id='word_1_113' title='bbox 1052 1760 1356 1825; x_wconf 82' lang='grc' dir='ltr'>κοπιῶντας</span> <span class='ocrx_word' id='word_1_114' title='bbox 1394 1762 1476 1815; x_wconf 89' lang='grc' dir='ltr'><strong>δεῖ</strong></span> <span class='ocrx_word' id='word_1_115' title='bbox 1504 1762 1839 1833; x_wconf 79' lang='grc' dir='ltr'>ἀντιλαμϐά-</span> 
     </span>
    </p>
   </div>
   <div class='ocr_carea' id='block_1_19' title="bbox 250 1851 1915 1943">
    <p class='ocr_par' dir='ltr' id='par_1_19' title="bbox 250 1851 1915 1943">
     <span class='ocr_line' id='line_1_19' title="bbox 250 1851 1915 1943; baseline 0.003 -38"><span class='ocrx_word' id='word_1_116' title='bbox 250 1851 437 1905; x_wconf 84' lang='grc' dir='ltr'>νεσθαι</span> <span class='ocrx_word' id='word_1_117' title='bbox 462 1851 571 1904; x_wconf 87' lang='grc' dir='ltr'><strong>τῶν</strong></span> <span class='ocrx_word' id='word_1_118' title='bbox 603 1851 989 1911; x_wconf 87' lang='grc' dir='ltr'>ἀσθενούντων.</span> <span class='ocrx_word' id='word_1_119' title='bbox 1045 1852 1404 1924; x_wconf 81' lang='grc' dir='ltr'>μνημονεύειν</span> <span class='ocrx_word' id='word_1_120' title='bbox 1448 1854 1504 1907; x_wconf 77' lang='grc' dir='ltr'>δὲ</span> <span class='ocrx_word' id='word_1_121' title='bbox 1529 1856 1634 1908; x_wconf 88' lang='grc' dir='ltr'><strong>τῶν</strong></span> <span class='ocrx_word' id='word_1_122' title='bbox 1664 1856 1837 1924; x_wconf 80' lang='grc' dir='ltr'>λόγων</span> <span class='ocrx_word' id='word_1_123' title='bbox 1876 1890 1915 1943; x_wconf 66' lang='grc' dir='ltr'><strong><em>Β</em></strong></span> 
     </span>
    </p>
   </div>
   <div class='ocr_carea' id='block_1_20' title="bbox 248 1938 1838 2019">
    <p class='ocr_par' dir='ltr' id='par_1_20' title="bbox 248 1938 1838 2019">
     <span class='ocr_line' id='line_1_20' title="bbox 248 1938 1838 2019; baseline 0.004 -23"><span class='ocrx_word' id='word_1_124' title='bbox 248 1941 345 1996; x_wconf 86' lang='grc' dir='ltr'><strong>τοῦ</strong></span> <span class='ocrx_word' id='word_1_125' title='bbox 374 1942 613 2015; x_wconf 87' lang='grc' dir='ltr'>Κυρίου,</span> <span class='ocrx_word' id='word_1_126' title='bbox 661 1943 743 1996; x_wconf 81' lang='grc' dir='ltr'>ὅτι</span> <span class='ocrx_word' id='word_1_127' title='bbox 775 1943 935 2007; x_wconf 83' lang='grc' dir='ltr'>αὐτὸς</span> <span class='ocrx_word' id='word_1_128' title='bbox 968 1938 1090 1997; x_wconf 82' lang='grc' dir='ltr'>εἶπε</span> <span class='ocrx_word' id='word_1_129' title='bbox 1123 1960 1136 1975; x_wconf 89' lang='grc'><strong>·</strong></span> <span class='ocrx_word' id='word_1_130' title='bbox 1168 1945 1453 2017; x_wconf 79' lang='grc' dir='ltr'>Μακάριόν</span> <span class='ocrx_word' id='word_1_131' title='bbox 1482 1947 1598 2000; x_wconf 77' lang='grc' dir='ltr'>ἐστι</span> <span class='ocrx_word' id='word_1_132' title='bbox 1638 1948 1838 2019; x_wconf 79' lang='grc' dir='ltr'>μᾶλλον</span> 
     </span>
    </p>
   </div>
   <div class='ocr_carea' id='block_1_21' title="bbox 248 2034 937 2107">
    <p class='ocr_par' dir='ltr' id='par_1_21' title="bbox 248 2034 937 2107">
     <span class='ocr_line' id='line_1_21' title="bbox 248 2034 937 2107; baseline 0 -19"><span class='ocrx_word' id='word_1_133' title='bbox 248 2034 472 2103; x_wconf 77' lang='grc' dir='ltr'><strong>διδόναι,</strong></span> <span class='ocrx_word' id='word_1_134' title='bbox 502 2035 535 2107; x_wconf 81' lang='grc' dir='ltr'>ἦ</span> <span class='ocrx_word' id='word_1_135' title='bbox 561 2036 878 2107; x_wconf 80' lang='grc' dir='ltr'>λαμϐάνειν.</span> <span class='ocrx_word' id='word_1_136' title='bbox 919 2056 937 2088; x_wconf 80' lang='grc' dir='ltr'><strong>ι</strong></span> 
     </span>
    </p>
   </div>
   <div class='ocr_carea' id='block_1_22' title="bbox 327 2213 1837 2293">
    <p class='ocr_par' dir='ltr' id='par_1_22' title="bbox 327 2213 1837 2293">
     <span class='ocr_line' id='line_1_22' title="bbox 327 2213 1837 2293; baseline 0.007 -27"><span class='ocrx_word' id='word_1_137' title='bbox 327 2233 346 2265; x_wconf 78' lang='grc' dir='ltr'><strong>ι</strong></span> <span class='ocrx_word' id='word_1_138' title='bbox 386 2213 446 2268; x_wconf 89' lang='lat'><strong>&#39;0</strong></span> <span class='ocrx_word' id='word_1_139' title='bbox 472 2213 785 2284; x_wconf 80' lang='grc' dir='ltr'>μεταδιδοὺς</span> <span class='ocrx_word' id='word_1_140' title='bbox 832 2214 891 2268; x_wconf 81' lang='grc' dir='ltr'>ὲν</span> <span class='ocrx_word' id='word_1_141' title='bbox 936 2214 1201 2289; x_wconf 85' lang='grc' dir='ltr'>ἁπλότητι</span> <span class='ocrx_word' id='word_1_142' title='bbox 1226 2235 1241 2250; x_wconf 69' lang='grc' dir='ltr'><strong>θ</strong></span> <span class='ocrx_word' id='word_1_143' title='bbox 1275 2219 1303 2274; x_wconf 88' lang='grc' dir='ltr'><strong>ό</strong></span> <span class='ocrx_word' id='word_1_144' title='bbox 1330 2221 1729 2293; x_wconf 78' lang='grc' dir='ltr'>προϊστάμενος</span> <span class='ocrx_word' id='word_1_145' title='bbox 1778 2224 1837 2278; x_wconf 85' lang='grc' dir='ltr'>ὲν</span> 
     </span>
    </p>
   </div>
   <div class='ocr_carea' id='block_1_23' title="bbox 250 2304 1197 2378">
    <p class='ocr_par' dir='ltr' id='par_1_23' title="bbox 250 2304 1197 2378">
     <span class='ocr_line' id='line_1_23' title="bbox 250 2304 1197 2378; baseline 0.002 -21"><span class='ocrx_word' id='word_1_146' title='bbox 250 2304 474 2376; x_wconf 79' lang='grc' dir='ltr'>σπουδῇ·</span> <span class='ocrx_word' id='word_1_147' title='bbox 503 2306 531 2358; x_wconf 91' lang='lat'><strong>6</strong></span> <span class='ocrx_word' id='word_1_148' title='bbox 559 2304 728 2359; x_wconf 79' lang='grc' dir='ltr'>ἐλεῶν</span> <span class='ocrx_word' id='word_1_149' title='bbox 753 2308 811 2359; x_wconf 81' lang='grc' dir='ltr'>ἐν</span> <span class='ocrx_word' id='word_1_150' title='bbox 844 2305 1138 2378; x_wconf 80' lang='grc' dir='ltr'>ἱλαρότητι.</span> <span class='ocrx_word' id='word_1_151' title='bbox 1177 2327 1197 2359; x_wconf 73' lang='grc' dir='ltr'><strong>ι</strong></span> 
     </span>
    </p>
   </div>
   <div class='ocr_carea' id='block_1_24' title="bbox 325 2481 1833 2560">
    <p class='ocr_par' dir='ltr' id='par_1_24' title="bbox 325 2481 1833 2560">
     <span class='ocr_line' id='line_1_24' title="bbox 325 2481 1833 2560; baseline 0.006 -25"><span class='ocrx_word' id='word_1_152' title='bbox 325 2499 345 2534; x_wconf 80' lang='grc' dir='ltr'><strong>ι</strong></span> <span class='ocrx_word' id='word_1_153' title='bbox 379 2481 439 2535; x_wconf 87' lang='lat'><strong>&#39;0</strong></span> <span class='ocrx_word' id='word_1_154' title='bbox 472 2483 714 2554; x_wconf 88' lang='grc' dir='ltr'>σπείρων</span> <span class='ocrx_word' id='word_1_155' title='bbox 744 2482 1097 2555; x_wconf 79' lang='grc' dir='ltr'>φειδομένως,</span> <span class='ocrx_word' id='word_1_156' title='bbox 1128 2484 1460 2556; x_wconf 78' lang='grc' dir='ltr'>φειδομένως</span> <span class='ocrx_word' id='word_1_157' title='bbox 1491 2488 1586 2542; x_wconf 75' lang='grc' dir='ltr'>καὶ</span> <span class='ocrx_word' id='word_1_158' title='bbox 1606 2488 1833 2560; x_wconf 84' lang='grc' dir='ltr'>θερίσει’</span> 
     </span>
    </p>
   </div>
   <div class='ocr_carea' id='block_1_25' title="bbox 248 2574 1832 2651">
    <p class='ocr_par' dir='ltr' id='par_1_25' title="bbox 248 2574 1832 2651">
     <span class='ocr_line' id='line_1_25' title="bbox 248 2574 1832 2651; baseline 0.005 -23"><span class='ocrx_word' id='word_1_159' title='bbox 248 2575 279 2628; x_wconf 92' lang='lat'><strong>6</strong></span> <span class='ocrx_word' id='word_1_160' title='bbox 313 2575 553 2647; x_wconf 88' lang='grc' dir='ltr'>σπείρων</span> <span class='ocrx_word' id='word_1_161' title='bbox 579 2576 664 2629; x_wconf 74' lang='grc' dir='ltr'><strong>ἐπ’</strong></span> <span class='ocrx_word' id='word_1_162' title='bbox 695 2574 989 2644; x_wconf 83' lang='grc' dir='ltr'>εὐλογίαις,</span> <span class='ocrx_word' id='word_1_163' title='bbox 1046 2578 1133 2630; x_wconf 75' lang='grc' dir='ltr'><strong>ἐπ’</strong></span> <span class='ocrx_word' id='word_1_164' title='bbox 1159 2577 1437 2647; x_wconf 82' lang='grc' dir='ltr'>εὐλογίαις</span> <span class='ocrx_word' id='word_1_165' title='bbox 1471 2579 1565 2633; x_wconf 70' lang='grc' dir='ltr'><strong>καὶ</strong></span> <span class='ocrx_word' id='word_1_166' title='bbox 1605 2580 1832 2651; x_wconf 88' lang='grc' dir='ltr'>θερίσει.</span> 
     </span>
    </p>
   </div>
   <div class='ocr_carea' id='block_1_26' title="bbox 250 2666 1834 2747">
    <p class='ocr_par' dir='ltr' id='par_1_26' title="bbox 250 2666 1834 2747">
     <span class='ocr_line' id='line_1_26' title="bbox 250 2666 1834 2747; baseline 0.006 -27"><span class='ocrx_word' id='word_1_167' title='bbox 250 2666 518 2731; x_wconf 76' lang='grc' dir='ltr'>Ἕκαστος</span> <span class='ocrx_word' id='word_1_168' title='bbox 544 2667 620 2732; x_wconf 87' lang='grc' dir='ltr'>ὡς</span> <span class='ocrx_word' id='word_1_169' title='bbox 651 2670 989 2739; x_wconf 86' lang='grc' dir='ltr'>προαιρεῖται</span> <span class='ocrx_word' id='word_1_170' title='bbox 1027 2672 1094 2741; x_wconf 82' lang='grc' dir='ltr'>τῇ</span> <span class='ocrx_word' id='word_1_171' title='bbox 1122 2670 1338 2744; x_wconf 77' lang='grc' dir='ltr'>καρδίᾳ,</span> <span class='ocrx_word' id='word_1_172' title='bbox 1377 2672 1452 2743; x_wconf 86' lang='grc' dir='ltr'>μὴ</span> <span class='ocrx_word' id='word_1_173' title='bbox 1483 2674 1548 2727; x_wconf 83' lang='grc' dir='ltr'>ἐκ</span> <span class='ocrx_word' id='word_1_174' title='bbox 1570 2673 1770 2747; x_wconf 85' lang='grc' dir='ltr'>λύπης,</span> <span class='ocrx_word' id='word_1_175' title='bbox 1801 2676 1834 2747; x_wconf 80' lang='grc' dir='ltr'>ἦ</span> 
     </span>
    </p>
   </div>
   <div class='ocr_carea' id='block_1_27' title="bbox 248 2758 1835 2837">
    <p class='ocr_par' dir='ltr' id='par_1_27' title="bbox 248 2758 1835 2837">
     <span class='ocr_line' id='line_1_27' title="bbox 248 2758 1835 2837; baseline 0.007 -25"><span class='ocrx_word' id='word_1_176' title='bbox 248 2758 311 2825; x_wconf 75' lang='grc' dir='ltr'>ἐξ</span> <span class='ocrx_word' id='word_1_177' title='bbox 332 2759 597 2829; x_wconf 81' lang='grc' dir='ltr'>ἀνάγκης.</span> <span class='ocrx_word' id='word_1_178' title='bbox 635 2760 842 2831; x_wconf 80' lang='grc' dir='ltr'>Ὶλαρὸν</span> <span class='ocrx_word' id='word_1_179' title='bbox 864 2762 974 2832; x_wconf 86' lang='grc' dir='ltr'>γὰρ</span> <span class='ocrx_word' id='word_1_180' title='bbox 1000 2762 1160 2833; x_wconf 82' lang='grc' dir='ltr'>δότην</span> <span class='ocrx_word' id='word_1_181' title='bbox 1191 2763 1382 2837; x_wconf 80' lang='grc' dir='ltr'>ἀγαπᾷ</span> <span class='ocrx_word' id='word_1_182' title='bbox 1410 2767 1437 2819; x_wconf 92' lang='lat'><strong>6</strong></span> <span class='ocrx_word' id='word_1_183' title='bbox 1469 2765 1621 2831; x_wconf 89' lang='grc' dir='ltr'>Θεός.</span> <span class='ocrx_word' id='word_1_184' title='bbox 1648 2769 1835 2824; x_wconf 83' lang='grc' dir='ltr'>Πᾶσαν</span> 
     </span>
    </p>
   </div>
   <div class='ocr_carea' id='block_1_28' title="bbox 248 2848 1837 2931">
    <p class='ocr_par' dir='ltr' id='par_1_28' title="bbox 248 2848 1837 2931">
     <span class='ocr_line' id='line_1_28' title="bbox 248 2848 1837 2931; baseline 0.008 -30"><span class='ocrx_word' id='word_1_185' title='bbox 248 2848 583 2920; x_wconf 84' lang='grc' dir='ltr'>αὐτάρκειαν</span> <span class='ocrx_word' id='word_1_186' title='bbox 612 2849 845 2922; x_wconf 83' lang='grc' dir='ltr'>ἔχοντες,</span> <span class='ocrx_word' id='word_1_187' title='bbox 877 2854 1239 2924; x_wconf 83' lang='grc' dir='ltr'>περισσεύητε</span> <span class='ocrx_word' id='word_1_188' title='bbox 1270 2856 1352 2920; x_wconf 85' lang='grc' dir='ltr'><strong>είς</strong></span> <span class='ocrx_word' id='word_1_189' title='bbox 1380 2859 1487 2911; x_wconf 83' lang='grc' dir='ltr'><strong>πᾶν</strong></span> <span class='ocrx_word' id='word_1_190' title='bbox 1514 2858 1672 2931; x_wconf 75' lang='grc' dir='ltr'>ἔργον</span> <span class='ocrx_word' id='word_1_191' title='bbox 1701 2860 1837 2928; x_wconf 88' lang='grc' dir='ltr'>ἀγα-</span> 
     </span>
    </p>
   </div>
   <div class='ocr_carea' id='block_1_29' title="bbox 248 2940 1835 3084">
    <p class='ocr_par' dir='ltr' id='par_1_29' title="bbox 248 2940 1835 3084">
     <span class='ocr_line' id='line_1_29' title="bbox 248 2940 1835 3084; baseline 0.009 -90"><span class='ocrx_word' id='word_1_192' title='bbox 248 2940 364 3084; x_wconf 46' lang='grc' dir='ltr'>ῗῗίὲν,</span> <span class='ocrx_word' id='word_1_193' title='bbox 428 2941 611 3008; x_wconf 90' lang='grc' dir='ltr'>καθὼς</span> <span class='ocrx_word' id='word_1_194' title='bbox 666 2943 1013 3016; x_wconf 80' lang='grc' dir='ltr'>γέγραπταιο</span> <span class='ocrx_word' id='word_1_195' title='bbox 1063 2946 1442 3020; x_wconf 82' lang='grc' dir='ltr'>Ἐσκόρπισεν,</span> <span class='ocrx_word' id='word_1_196' title='bbox 1501 2951 1669 3007; x_wconf 76' lang='grc' dir='ltr'>ἔδωκε</span> <span class='ocrx_word' id='word_1_197' title='bbox 1721 2955 1835 3017; x_wconf 87' lang='grc' dir='ltr'>τοῖς</span> 
     </span>
     <span class='ocr_line' id='line_1_30' title="bbox 326 3050 532 3084; baseline 0 0"><span class='ocrx_word' id='word_1_198' title='bbox 326 3050 474 3084; x_wconf 80' lang='grc' dir='ltr'>νησι.</span> <span class='ocrx_word' id='word_1_199' title='bbox 513 3053 532 3084; x_wconf 76' lang='grc' dir='ltr'><strong>ι</strong></span> 
     </span>
    </p>
   </div>
   <div class='ocr_carea' id='block_1_30' title="bbox 326 3050 532 3105">
    <p class='ocr_par' dir='ltr' id='par_1_30' title="bbox 326 3050 532 3105">
     <span class='ocr_line' id='line_1_31' title="bbox 326 3050 532 3105; baseline 0 -19"><span class='ocrx_word' id='word_1_200' title='bbox 326 3050 474 3105; x_wconf 88' lang='grc' dir='ltr'>νησι.</span> <span class='ocrx_word' id='word_1_201' title='bbox 513 3053 532 3086; x_wconf 77' lang='grc' dir='ltr'><strong>ι</strong></span> 
     </span>
    </p>
   </div>
   <div class='ocr_carea' id='block_1_31' title="bbox 326 3209 1434 3289">
    <p class='ocr_par' dir='ltr' id='par_1_31' title="bbox 326 3209 1434 3289">
     <span class='ocr_line' id='line_1_32' title="bbox 326 3209 1434 3289; baseline 0.006 -27"><span class='ocrx_word' id='word_1_202' title='bbox 326 3228 346 3261; x_wconf 76' lang='grc' dir='ltr'><strong>ι</strong></span> <span class='ocrx_word' id='word_1_203' title='bbox 382 3209 503 3264; x_wconf 87' lang='grc' dir='ltr'><strong>Τῶν</strong></span> <span class='ocrx_word' id='word_1_204' title='bbox 530 3213 782 3282; x_wconf 87' lang='grc' dir='ltr'>πτωχῶν,</span> <span class='ocrx_word' id='word_1_205' title='bbox 814 3213 899 3269; x_wconf 79' lang='grc' dir='ltr'><strong>ῐνα</strong></span> <span class='ocrx_word' id='word_1_206' title='bbox 930 3218 1379 3289; x_wconf 83' lang='grc' dir='ltr'>μνημονεύωμεν.</span> <span class='ocrx_word' id='word_1_207' title='bbox 1417 3238 1434 3269; x_wconf 81' lang='grc' dir='ltr'><strong>ι</strong></span> 
     </span>
    </p>
   </div>
   <div class='ocr_carea' id='block_1_32' title="bbox 324 3385 1833 3475">
    <p class='ocr_par' dir='ltr' id='par_1_32' title="bbox 324 3385 1833 3475">
     <span class='ocr_line' id='line_1_33' title="bbox 324 3385 1833 3475; baseline 0.014 -39"><span class='ocrx_word' id='word_1_208' title='bbox 324 3405 344 3437; x_wconf 72' lang='grc' dir='ltr'><strong>ι</strong></span> <span class='ocrx_word' id='word_1_209' title='bbox 385 3385 509 3451; x_wconf 86' lang='grc' dir='ltr'>Τοῖς</span> <span class='ocrx_word' id='word_1_210' title='bbox 534 3386 808 3454; x_wconf 86' lang='grc' dir='ltr'>πλουσίοις</span> <span class='ocrx_word' id='word_1_211' title='bbox 837 3391 895 3444; x_wconf 84' lang='grc' dir='ltr'>ὲν</span> <span class='ocrx_word' id='word_1_212' title='bbox 922 3391 1001 3462; x_wconf 85' lang='grc' dir='ltr'>τῷ</span> <span class='ocrx_word' id='word_1_213' title='bbox 1050 3392 1147 3448; x_wconf 90' lang='grc' dir='ltr'><strong>νῦν</strong></span> <span class='ocrx_word' id='word_1_214' title='bbox 1190 3394 1350 3449; x_wconf 87' lang='grc' dir='ltr'>αίῶνι</span> <span class='ocrx_word' id='word_1_215' title='bbox 1383 3398 1704 3467; x_wconf 79' lang='grc' dir='ltr'>ὲπαγγὲλλω</span> <span class='ocrx_word' id='word_1_216' title='bbox 1759 3403 1833 3475; x_wconf 82' lang='grc' dir='ltr'>μὴ</span> 
     </span>
    </p>
   </div>
   <div class='ocr_carea' id='block_1_33' title="bbox 242 3476 1832 3563">
    <p class='ocr_par' dir='ltr' id='par_1_33' title="bbox 242 3476 1832 3563">
     <span class='ocr_line' id='line_1_34' title="bbox 242 3476 1832 3563; baseline 0.014 -37"><span class='ocrx_word' id='word_1_217' title='bbox 242 3476 683 3549; x_wconf 73' lang='grc' dir='ltr'>ὑψηλοφρονεῖν,ζ</span> <span class='ocrx_word' id='word_1_218' title='bbox 712 3479 788 3551; x_wconf 84' lang='grc' dir='ltr'>μὴ</span> <span class='ocrx_word' id='word_1_219' title='bbox 816 3481 1056 3548; x_wconf 80' lang='grc' dir='ltr'>ἐλπίζειν</span> <span class='ocrx_word' id='word_1_220' title='bbox 1104 3486 1199 3539; x_wconf 75' lang='grc' dir='ltr'><strong>ἐπὶ</strong></span> <span class='ocrx_word' id='word_1_221' title='bbox 1250 3485 1479 3541; x_wconf 89' lang='grc' dir='ltr'>πλούτου</span> <span class='ocrx_word' id='word_1_222' title='bbox 1521 3491 1832 3563; x_wconf 82' lang='grc' dir='ltr'>ἀδηλότητι,</span> 
     </span>
    </p>
   </div>
   <div class='ocr_carea' id='block_1_34' title="bbox 241 3566 1847 3650">
    <p class='ocr_par' dir='ltr' id='par_1_34' title="bbox 241 3566 1847 3650">
     <span class='ocr_line' id='line_1_35' title="bbox 241 3566 1847 3650; baseline 0.011 -28"><span class='ocrx_word' id='word_1_223' title='bbox 241 3566 365 3622; x_wconf 82' lang='grc' dir='ltr'>ἀλλ’</span> <span class='ocrx_word' id='word_1_224' title='bbox 383 3568 475 3622; x_wconf 80' lang='grc' dir='ltr'>ἐπὶ</span> <span class='ocrx_word' id='word_1_225' title='bbox 504 3568 581 3640; x_wconf 83' lang='grc' dir='ltr'>τῷ</span> <span class='ocrx_word' id='word_1_226' title='bbox 612 3570 730 3643; x_wconf 85' lang='grc' dir='ltr'>Θεῷ</span> <span class='ocrx_word' id='word_1_227' title='bbox 775 3572 853 3644; x_wconf 82' lang='grc' dir='ltr'><strong>τῷ</strong></span> <span class='ocrx_word' id='word_1_228' title='bbox 881 3575 1177 3647; x_wconf 80' lang='grc' dir='ltr'>παρέχοντι</span> <span class='ocrx_word' id='word_1_229' title='bbox 1212 3578 1392 3634; x_wconf 87' lang='grc' dir='ltr'>πάντα</span> <span class='ocrx_word' id='word_1_230' title='bbox 1434 3580 1704 3649; x_wconf 84' lang='grc' dir='ltr'>πλουσίως</span> <span class='ocrx_word' id='word_1_231' title='bbox 1754 3588 1847 3650; x_wconf 74' lang='grc' dir='ltr'><strong>είςΔ</strong></span> 
     </span>
    </p>
   </div>
   <div class='ocr_carea' id='block_1_35' title="bbox 241 3660 1832 3744">
    <p class='ocr_par' dir='ltr' id='par_1_35' title="bbox 241 3660 1832 3744">
     <span class='ocr_line' id='line_1_36' title="bbox 241 3660 1832 3744; baseline 0.013 -32"><span class='ocrx_word' id='word_1_232' title='bbox 241 3660 568 3715; x_wconf 73' lang='grc' dir='ltr'>ἀπόλαυσινο</span> <span class='ocrx_word' id='word_1_233' title='bbox 609 3663 985 3737; x_wconf 83' lang='grc' dir='ltr'>ἀγαθοεργεῖν,</span> <span class='ocrx_word' id='word_1_234' title='bbox 1029 3669 1278 3725; x_wconf 86' lang='grc' dir='ltr'>πλουτεῖν</span> <span class='ocrx_word' id='word_1_235' title='bbox 1305 3673 1364 3727; x_wconf 80' lang='grc' dir='ltr'>ἐν</span> <span class='ocrx_word' id='word_1_236' title='bbox 1400 3674 1585 3744; x_wconf 75' lang='grc' dir='ltr'>ἔργοις</span> <span class='ocrx_word' id='word_1_237' title='bbox 1624 3678 1832 3743; x_wconf 85' lang='grc' dir='ltr'>καλοῖς,</span> 
     </span>
    </p>
   </div>
   <div class='ocr_carea' id='block_1_36' title="bbox 240 3755 1835 3842">
    <p class='ocr_par' dir='ltr' id='par_1_36' title="bbox 240 3755 1835 3842">
     <span class='ocr_line' id='line_1_37' title="bbox 240 3755 1835 3842; baseline 0.013 -34"><span class='ocrx_word' id='word_1_238' title='bbox 240 3755 640 3827; x_wconf 78' lang='grc' dir='ltr'>εὐμεταδότους</span> <span class='ocrx_word' id='word_1_239' title='bbox 690 3756 849 3826; x_wconf 74' lang='grc' dir='ltr'>εἶναι,</span> <span class='ocrx_word' id='word_1_240' title='bbox 879 3766 1259 3833; x_wconf 83' lang='grc' dir='ltr'>κοινωνικούς,</span> <span class='ocrx_word' id='word_1_241' title='bbox 1291 3768 1835 3842; x_wconf 77' lang='grc' dir='ltr'>ἀποθησαυρίζοντας</span> 
     </span>
    </p>
   </div>
   <div class='ocr_carea' id='block_1_37' title="bbox 241 3847 1417 3929">
    <p class='ocr_par' dir='ltr' id='par_1_37' title="bbox 241 3847 1417 3929">
     <span class='ocr_line' id='line_1_38' title="bbox 241 3847 1417 3929; baseline 0.012 -30"><span class='ocrx_word' id='word_1_242' title='bbox 241 3847 462 3911; x_wconf 81' lang='grc' dir='ltr'>ἑαυτοῖς</span> <span class='ocrx_word' id='word_1_243' title='bbox 494 3849 739 3921; x_wconf 80' lang='grc' dir='ltr'>θεμέλιον</span> <span class='ocrx_word' id='word_1_244' title='bbox 776 3853 938 3909; x_wconf 73' lang='grc' dir='ltr'>καλὸν</span> <span class='ocrx_word' id='word_1_245' title='bbox 966 3857 1047 3920; x_wconf 82' lang='grc' dir='ltr'><strong>είς</strong></span> <span class='ocrx_word' id='word_1_246' title='bbox 1067 3857 1128 3910; x_wconf 85' lang='grc' dir='ltr'><strong>τὸ</strong></span> <span class='ocrx_word' id='word_1_247' title='bbox 1153 3858 1366 3929; x_wconf 83' lang='grc' dir='ltr'>μέλλον.</span> <span class='ocrx_word' id='word_1_248' title='bbox 1397 3880 1417 3913; x_wconf 75' lang='grc' dir='ltr'><strong>ι</strong></span> 
     </span>
    </p>
   </div>
   <div class='ocr_carea' id='block_1_38' title="bbox 321 3939 1827 4021">
    <p class='ocr_par' dir='ltr' id='par_1_38' title="bbox 321 3939 1827 4021">
     <span class='ocr_line' id='line_1_39' title="bbox 321 3939 1827 4021; baseline 0.013 -30"><span class='ocrx_word' id='word_1_249' title='bbox 321 3956 342 3991; x_wconf 76' lang='grc' dir='ltr'><strong>ι</strong></span> <span class='ocrx_word' id='word_1_250' title='bbox 382 3939 589 4011; x_wconf 86' lang='grc' dir='ltr'>Ὑμεῖς,</span> <span class='ocrx_word' id='word_1_251' title='bbox 628 3941 862 4012; x_wconf 75' lang='grc' dir='ltr'>ἀδελφοὶ,</span> <span class='ocrx_word' id='word_1_252' title='bbox 913 3945 989 4017; x_wconf 78' lang='grc' dir='ltr'>μὴ</span> <span class='ocrx_word' id='word_1_253' title='bbox 1030 3947 1314 4003; x_wconf 83' lang='grc' dir='ltr'>ὲκκακεῖτε</span> <span class='ocrx_word' id='word_1_254' title='bbox 1342 3951 1780 4021; x_wconf 81' lang='grc' dir='ltr'>καλοποιοῦντες.</span> <span class='ocrx_word' id='word_1_255' title='bbox 1809 3977 1827 4010; x_wconf 79' lang='grc' dir='ltr'><strong>ι</strong></span> 
     </span>
    </p>
   </div>
   <div class='ocr_carea' id='block_1_39' title="bbox 320 4120 1834 4204">
    <p class='ocr_par' dir='ltr' id='par_1_39' title="bbox 320 4120 1834 4204">
     <span class='ocr_line' id='line_1_40' title="bbox 320 4120 1834 4204; baseline 0.014 -32"><span class='ocrx_word' id='word_1_256' title='bbox 320 4137 342 4173; x_wconf 73' lang='grc' dir='ltr'><strong>ι</strong></span> <span class='ocrx_word' id='word_1_257' title='bbox 377 4120 488 4192; x_wconf 83' lang='grc' dir='ltr'>Τῆς</span> <span class='ocrx_word' id='word_1_258' title='bbox 514 4123 763 4189; x_wconf 79' lang='grc' dir='ltr'>εὐποιῖας</span> <span class='ocrx_word' id='word_1_259' title='bbox 789 4126 885 4179; x_wconf 78' lang='grc' dir='ltr'>καὶ</span> <span class='ocrx_word' id='word_1_260' title='bbox 920 4125 1022 4194; x_wconf 83' lang='grc' dir='ltr'>τῆς</span> <span class='ocrx_word' id='word_1_261' title='bbox 1042 4130 1325 4196; x_wconf 86' lang='grc' dir='ltr'>κοινωνίας</span> <span class='ocrx_word' id='word_1_262' title='bbox 1368 4134 1443 4204; x_wconf 85' lang='grc' dir='ltr'>μὴ</span> <span class='ocrx_word' id='word_1_263' title='bbox 1475 4135 1834 4192; x_wconf 81' lang='grc' dir='ltr'>ἐπιλανθάνε-</span> 
     </span>
    </p>
   </div>
   <div class='ocr_carea' id='block_1_40' title="bbox 245 4210 1749 4295">
    <p class='ocr_par' dir='ltr' id='par_1_40' title="bbox 245 4210 1749 4295">
     <span class='ocr_line' id='line_1_41' title="bbox 245 4210 1749 4295; baseline 0.011 -29"><span class='ocrx_word' id='word_1_264' title='bbox 245 4210 365 4269; x_wconf 82' lang='grc' dir='ltr'>σθε.</span> <span class='ocrx_word' id='word_1_265' title='bbox 397 4213 689 4280; x_wconf 87' lang='grc' dir='ltr'>Τοιαύταις</span> <span class='ocrx_word' id='word_1_266' title='bbox 712 4217 821 4288; x_wconf 82' lang='grc' dir='ltr'>γὰρ</span> <span class='ocrx_word' id='word_1_267' title='bbox 853 4217 1066 4292; x_wconf 86' lang='grc' dir='ltr'>θυσίαις</span> <span class='ocrx_word' id='word_1_268' title='bbox 1088 4220 1463 4295; x_wconf 86' lang='grc' dir='ltr'>εὐαρεστεῖται</span> <span class='ocrx_word' id='word_1_269' title='bbox 1492 4228 1521 4281; x_wconf 95' lang='lat'><strong>6</strong></span> <span class='ocrx_word' id='word_1_270' title='bbox 1542 4228 1694 4294; x_wconf 86' lang='grc' dir='ltr'>Θεός.</span> <span class='ocrx_word' id='word_1_271' title='bbox 1730 4248 1749 4282; x_wconf 81' lang='grc' dir='ltr'><strong>ι</strong></span> 
     </span>
    </p>
   </div>
   <div class='ocr_carea' id='block_1_41' title="bbox 323 4392 1313 4471">
    <p class='ocr_par' dir='ltr' id='par_1_41' title="bbox 323 4392 1313 4471">
     <span class='ocr_line' id='line_1_42' title="bbox 323 4392 1313 4471; baseline 0.011 -28"><span class='ocrx_word' id='word_1_272' title='bbox 323 4408 343 4442; x_wconf 80' lang='grc' dir='ltr'><strong>ι</strong></span> <span class='ocrx_word' id='word_1_273' title='bbox 382 4392 807 4465; x_wconf 85' lang='grc' dir='ltr'>Κατακαυχᾶται</span> <span class='ocrx_word' id='word_1_274' title='bbox 836 4394 984 4464; x_wconf 78' lang='grc' dir='ltr'>ἔλεος</span> <span class='ocrx_word' id='word_1_275' title='bbox 1007 4399 1262 4471; x_wconf 87' lang='grc' dir='ltr'>κρίσεως.</span> <span class='ocrx_word' id='word_1_276' title='bbox 1294 4420 1313 4454; x_wconf 76' lang='grc' dir='ltr'><strong>ι</strong></span> 
     </span>
    </p>
   </div>
   <div class='ocr_carea' id='block_1_42' title="bbox 1950 636 3605 697">
    <p class='ocr_par' dir='ltr' id='par_1_42' title="bbox 1950 636 3605 697">
     <span class='ocr_line' id='line_1_43' title="bbox 1950 636 3605 697; baseline -0.014 -1"><span class='ocrx_word' id='word_1_277' title='bbox 1950 656 2049 697; x_wconf 89' lang='lat' dir='ltr'><strong>cor</strong></span> <span class='ocrx_word' id='word_1_278' title='bbox 2080 648 2325 695; x_wconf 90' lang='lat' dir='ltr'><strong>vestrum</strong></span> <span class='ocrx_word' id='word_1_279' title='bbox 2364 636 2491 691; x_wconf 86' lang='lat' dir='ltr'><strong>erit.</strong></span> <span class='ocrx_word' id='word_1_280' title='bbox 2530 652 2548 686; x_wconf 80' lang='grc' dir='ltr'><strong>ι</strong></span> <span class='ocrx_word' id='word_1_281' title='bbox 3592 670 3605 677; x_wconf 79' lang='grc'><strong>,,</strong></span> 
     </span>
    </p>
   </div>
   <div class='ocr_carea' id='block_1_43' title="bbox 2018 721 3527 805">
    <p class='ocr_par' dir='ltr' id='par_1_43' title="bbox 2018 721 3527 805">
     <span class='ocr_line' id='line_1_44' title="bbox 2018 721 3527 805; baseline -0.005 -17"><span class='ocrx_word' id='word_1_282' title='bbox 2018 730 2183 805; x_wconf 70' lang='grc'><strong>475</strong></span> <span class='ocrx_word' id='word_1_283' title='bbox 2230 728 2361 785; x_wconf 86' lang='lat' dir='ltr'><strong>Luc.</strong></span> <span class='ocrx_word' id='word_1_284' title='bbox 2396 744 2512 793; x_wconf 78' lang='lat' dir='ltr'><strong>XIV,</strong></span> <span class='ocrx_word' id='word_1_285' title='bbox 2540 726 2734 781; x_wconf 71' lang='grc'>19-14.</span> <span class='ocrx_word' id='word_1_286' title='bbox 2765 753 2833 764; x_wconf 91' lang='grc'><strong><em>-</em></strong></span> <span class='ocrx_word' id='word_1_287' title='bbox 2870 742 2888 775; x_wconf 83' lang='grc' dir='ltr'><strong>ι</strong></span> <span class='ocrx_word' id='word_1_288' title='bbox 2928 723 3149 780; x_wconf 79' lang='lat' dir='ltr'><strong>Dicebat</strong></span> <span class='ocrx_word' id='word_1_289' title='bbox 3182 721 3452 782; x_wconf 86' lang='lat' dir='ltr'><strong>Dominus</strong></span> <span class='ocrx_word' id='word_1_290' title='bbox 3478 726 3527 780; x_wconf 85' lang='lat' dir='ltr'><strong>ei</strong></span> 
     </span>
    </p>
   </div>
   <div class='ocr_carea' id='block_1_44' title="bbox 1948 814 3527 894">
    <p class='ocr_par' dir='ltr' id='par_1_44' title="bbox 1948 814 3527 894">
     <span class='ocr_line' id='line_1_45' title="bbox 1948 814 3527 894; baseline -0.003 -17"><span class='ocrx_word' id='word_1_291' title='bbox 1948 822 2040 894; x_wconf 89' lang='lat' dir='ltr'><strong>qui</strong></span> <span class='ocrx_word' id='word_1_292' title='bbox 2077 838 2136 877; x_wconf 87' lang='lat' dir='ltr'><strong>se</strong></span> <span class='ocrx_word' id='word_1_293' title='bbox 2174 820 2543 875; x_wconf 75' lang='lat' dir='ltr'><strong>invitaverat:</strong></span> <span class='ocrx_word' id='word_1_294' title='bbox 2590 817 2729 872; x_wconf 89' lang='lat' dir='ltr'><strong>Cum</strong></span> <span class='ocrx_word' id='word_1_295' title='bbox 2764 814 2902 871; x_wconf 78' lang='lat' dir='ltr'><strong>facis</strong></span> <span class='ocrx_word' id='word_1_296' title='bbox 2952 817 3244 888; x_wconf 88' lang='lat' dir='ltr'><strong>prandium</strong></span> <span class='ocrx_word' id='word_1_297' title='bbox 3284 825 3378 894; x_wconf 82' lang='lat' dir='ltr'><strong>aut</strong></span> <span class='ocrx_word' id='word_1_298' title='bbox 3410 831 3527 872; x_wconf 88' lang='lat' dir='ltr'><strong>coe-</strong></span> 
     </span>
    </p>
   </div>
   <div class='ocr_carea' id='block_1_45' title="bbox 1947 889 3526 977">
    <p class='ocr_par' dir='ltr' id='par_1_45' title="bbox 1947 889 3526 977">
     <span class='ocr_line' id='line_1_46' title="bbox 1947 889 3526 977; baseline -0.006 -10"><span class='ocrx_word' id='word_1_299' title='bbox 1947 928 2098 975; x_wconf 83' lang='lat' dir='ltr'><strong>nam,</strong></span> <span class='ocrx_word' id='word_1_300' title='bbox 2128 911 2243 967; x_wconf 91' lang='lat' dir='ltr'><strong>noli</strong></span> <span class='ocrx_word' id='word_1_301' title='bbox 2274 924 2474 966; x_wconf 90' lang='lat' dir='ltr'><strong>vocare</strong></span> <span class='ocrx_word' id='word_1_302' title='bbox 2497 907 2708 963; x_wconf 89' lang='lat' dir='ltr'><strong>amicos</strong></span> <span class='ocrx_word' id='word_1_303' title='bbox 2748 915 2898 971; x_wconf 92' lang='lat' dir='ltr'><strong>tuos,</strong></span> <span class='ocrx_word' id='word_1_304' title='bbox 2932 922 3113 977; x_wconf 87' lang='lat' dir='ltr'><strong>neque</strong></span> <span class='ocrx_word' id='word_1_305' title='bbox 3152 889 3367 963; x_wconf 81' lang='lat' dir='ltr'><strong>vicinos</strong></span> <span class='ocrx_word' id='word_1_306' title='bbox 3403 917 3526 961; x_wconf 90' lang='lat' dir='ltr'><strong>tuos</strong></span> 
     </span>
    </p>
   </div>
   <div class='ocr_carea' id='block_1_46' title="bbox 1946 998 3527 1073">
    <p class='ocr_par' dir='ltr' id='par_1_46' title="bbox 1946 998 3527 1073">
     <span class='ocr_line' id='line_1_47' title="bbox 1946 998 3527 1073; baseline -0.005 -14"><span class='ocrx_word' id='word_1_307' title='bbox 1946 1004 2171 1067; x_wconf 78' lang='lat' dir='ltr'><strong>divites,</strong></span> <span class='ocrx_word' id='word_1_308' title='bbox 2224 1016 2401 1073; x_wconf 89' lang='lat' dir='ltr'><strong>neque</strong></span> <span class='ocrx_word' id='word_1_309' title='bbox 2445 1007 2730 1071; x_wconf 79' lang='lat' dir='ltr'><strong>cognatos,</strong></span> <span class='ocrx_word' id='word_1_310' title='bbox 2783 1013 2962 1069; x_wconf 90' lang='lat' dir='ltr'><strong>neque</strong></span> <span class='ocrx_word' id='word_1_311' title='bbox 3008 998 3206 1055; x_wconf 75' lang='lat' dir='ltr'><strong>fratres</strong></span> <span class='ocrx_word' id='word_1_312' title='bbox 3254 1009 3413 1063; x_wconf 85' lang='lat' dir='ltr'><strong>tuos;</strong></span> <span class='ocrx_word' id='word_1_313' title='bbox 3461 1014 3527 1052; x_wconf 88' lang='lat' dir='ltr'><strong>ne</strong></span> 
     </span>
    </p>
   </div>
   <div class='ocr_carea' id='block_1_47' title="bbox 1946 1090 3523 1163">
    <p class='ocr_par' dir='ltr' id='par_1_47' title="bbox 1946 1090 3523 1163">
     <span class='ocr_line' id='line_1_48' title="bbox 1946 1090 3523 1163; baseline -0.003 -14"><span class='ocrx_word' id='word_1_314' title='bbox 1946 1094 2091 1151; x_wconf 88' lang='lat' dir='ltr'><strong>forte</strong></span> <span class='ocrx_word' id='word_1_315' title='bbox 2138 1104 2192 1149; x_wconf 90' lang='lat' dir='ltr'><strong>et</strong></span> <span class='ocrx_word' id='word_1_316' title='bbox 2225 1092 2329 1163; x_wconf 83' lang='lat' dir='ltr'><strong>ipsi</strong></span> <span class='ocrx_word' id='word_1_317' title='bbox 2360 1099 2416 1147; x_wconf 91' lang='lat' dir='ltr'><strong>te</strong></span> <span class='ocrx_word' id='word_1_318' title='bbox 2477 1090 2798 1153; x_wconf 89' lang='lat' dir='ltr'><strong>reinvitent,</strong></span> <span class='ocrx_word' id='word_1_319' title='bbox 2836 1100 2892 1145; x_wconf 91' lang='lat' dir='ltr'><strong>et</strong></span> <span class='ocrx_word' id='word_1_320' title='bbox 2929 1090 3035 1145; x_wconf 90' lang='lat' dir='ltr'><strong>erit</strong></span> <span class='ocrx_word' id='word_1_321' title='bbox 3065 1090 3163 1145; x_wconf 91' lang='lat' dir='ltr'><strong>tibi</strong></span> <span class='ocrx_word' id='word_1_322' title='bbox 3210 1091 3523 1146; x_wconf 74' lang='lat' dir='ltr'><strong>retributio.</strong></span> 
     </span>
    </p>
   </div>
   <div class='ocr_carea' id='block_1_48' title="bbox 1948 1183 3521 1254">
    <p class='ocr_par' dir='ltr' id='par_1_48' title="bbox 1948 1183 3521 1254">
     <span class='ocr_line' id='line_1_49' title="bbox 1948 1183 3521 1254; baseline -0.004 -11"><span class='ocrx_word' id='word_1_323' title='bbox 1948 1186 2058 1243; x_wconf 87' lang='lat' dir='ltr'><strong>Sed</strong></span> <span class='ocrx_word' id='word_1_324' title='bbox 2097 1200 2221 1240; x_wconf 92' lang='lat' dir='ltr'><strong>cum</strong></span> <span class='ocrx_word' id='word_1_325' title='bbox 2261 1184 2400 1240; x_wconf 85' lang='lat' dir='ltr'><strong>facis</strong></span> <span class='ocrx_word' id='word_1_326' title='bbox 2448 1183 2808 1247; x_wconf 85' lang='lat' dir='ltr'><strong>convivium,</strong></span> <span class='ocrx_word' id='word_1_327' title='bbox 2850 1198 2988 1238; x_wconf 84' lang='lat' dir='ltr'><strong>voca</strong></span> <span class='ocrx_word' id='word_1_328' title='bbox 3029 1198 3325 1254; x_wconf 88' lang='lat' dir='ltr'><strong>pauperes,</strong></span> <span class='ocrx_word' id='word_1_329' title='bbox 3366 1183 3521 1238; x_wconf 87' lang='lat' dir='ltr'><strong>debi-</strong></span> 
     </span>
    </p>
   </div>
   <div class='ocr_carea' id='block_1_49' title="bbox 1944 1272 3526 1348">
    <p class='ocr_par' dir='ltr' id='par_1_49' title="bbox 1944 1272 3526 1348">
     <span class='ocr_line' id='line_1_50' title="bbox 1944 1272 3526 1348; baseline -0.003 -12"><span class='ocrx_word' id='word_1_330' title='bbox 1944 1280 2047 1348; x_wconf 88' lang='lat' dir='ltr'><strong>les,</strong></span> <span class='ocrx_word' id='word_1_331' title='bbox 2087 1278 2346 1344; x_wconf 90' lang='lat' dir='ltr'><strong>clandos,</strong></span> <span class='ocrx_word' id='word_1_332' title='bbox 2382 1272 2594 1345; x_wconf 82' lang='lat' dir='ltr'><strong>caecos;</strong></span> <span class='ocrx_word' id='word_1_333' title='bbox 2641 1284 2695 1331; x_wconf 90' lang='lat' dir='ltr'><strong>et</strong></span> <span class='ocrx_word' id='word_1_334' title='bbox 2724 1276 2925 1332; x_wconf 90' lang='lat' dir='ltr'><strong>beatus</strong></span> <span class='ocrx_word' id='word_1_335' title='bbox 2949 1276 3085 1343; x_wconf 86' lang='lat' dir='ltr'><strong>eris,</strong></span> <span class='ocrx_word' id='word_1_336' title='bbox 3123 1278 3251 1347; x_wconf 85' lang='lat' dir='ltr'><strong>quia</strong></span> <span class='ocrx_word' id='word_1_337' title='bbox 3282 1294 3390 1333; x_wconf 93' lang='lat' dir='ltr'><strong>non</strong></span> <span class='ocrx_word' id='word_1_338' title='bbox 3429 1276 3526 1331; x_wconf 87' lang='lat' dir='ltr'><strong>ba-</strong></span> 
     </span>
    </p>
   </div>
   <div class='ocr_carea' id='block_1_50' title="bbox 1943 1367 3524 1428">
    <p class='ocr_par' dir='ltr' id='par_1_50' title="bbox 1943 1367 3524 1428">
     <span class='ocr_line' id='line_1_51' title="bbox 1943 1367 3524 1428; baseline -0.001 -2"><span class='ocrx_word' id='word_1_339' title='bbox 1943 1372 2077 1428; x_wconf 88' lang='lat' dir='ltr'><strong>bent</strong></span> <span class='ocrx_word' id='word_1_340' title='bbox 2115 1370 2426 1425; x_wconf 85' lang='lat' dir='ltr'><strong>retribuere</strong></span> <span class='ocrx_word' id='word_1_341' title='bbox 2458 1367 2579 1423; x_wconf 89' lang='lat' dir='ltr'><strong>tibi.</strong></span> <span class='ocrx_word' id='word_1_342' title='bbox 2612 1367 2976 1423; x_wconf 76' lang='lat' dir='ltr'><strong>Retribuetur</strong></span> <span class='ocrx_word' id='word_1_343' title='bbox 3013 1368 3160 1424; x_wconf 89' lang='lat' dir='ltr'><strong>enim</strong></span> <span class='ocrx_word' id='word_1_344' title='bbox 3205 1370 3304 1423; x_wconf 87' lang='lat' dir='ltr'><strong>tibi</strong></span> <span class='ocrx_word' id='word_1_345' title='bbox 3347 1369 3402 1423; x_wconf 91' lang='lat' dir='ltr'><strong>in</strong></span> <span class='ocrx_word' id='word_1_346' title='bbox 3433 1383 3524 1425; x_wconf 87' lang='lat' dir='ltr'><strong>re-</strong></span> 
     </span>
    </p>
   </div>
   <div class='ocr_carea' id='block_1_51' title="bbox 1944 1459 2695 1530">
    <p class='ocr_par' dir='ltr' id='par_1_51' title="bbox 1944 1459 2695 1530">
     <span class='ocr_line' id='line_1_52' title="bbox 1944 1459 2695 1530; baseline -0.011 -11"><span class='ocrx_word' id='word_1_347' title='bbox 1944 1460 2300 1519; x_wconf 86' lang='lat' dir='ltr'><strong>surrectione</strong></span> <span class='ocrx_word' id='word_1_348' title='bbox 2333 1459 2638 1530; x_wconf 87' lang='lat' dir='ltr'><strong>jnstorum.</strong></span> <span class='ocrx_word' id='word_1_349' title='bbox 2675 1476 2695 1511; x_wconf 76' lang='grc' dir='ltr'><strong>ι</strong></span> 
     </span>
    </p>
   </div>
   <div class='ocr_carea' id='block_1_52' title="bbox 2012 1548 3521 1620">
    <p class='ocr_par' dir='ltr' id='par_1_52' title="bbox 2012 1548 3521 1620">
     <span class='ocr_line' id='line_1_53' title="bbox 2012 1548 3521 1620; baseline -0.003 -12"><span class='ocrx_word' id='word_1_350' title='bbox 2012 1554 2133 1608; x_wconf 77' lang='lat' dir='ltr'><strong>Act.</strong></span> <span class='ocrx_word' id='word_1_351' title='bbox 2181 1568 2279 1618; x_wconf 78' lang='lat' dir='ltr'><strong>xx,</strong></span> <span class='ocrx_word' id='word_1_352' title='bbox 2330 1550 2432 1619; x_wconf 72' lang='grc'><strong>⁷54,</strong></span> <span class='ocrx_word' id='word_1_353' title='bbox 2465 1548 2556 1605; x_wconf 79' lang='lat'><strong>35.</strong></span> <span class='ocrx_word' id='word_1_354' title='bbox 2594 1578 2665 1588; x_wconf 89' lang='lat'>—</span> <span class='ocrx_word' id='word_1_355' title='bbox 2698 1567 2717 1601; x_wconf 80' lang='grc' dir='ltr'><strong>ι</strong></span> <span class='ocrx_word' id='word_1_356' title='bbox 2754 1550 2864 1620; x_wconf 87' lang='lat' dir='ltr'><strong>ipsi</strong></span> <span class='ocrx_word' id='word_1_357' title='bbox 2909 1549 3062 1606; x_wconf 87' lang='lat' dir='ltr'><strong>scitis</strong></span> <span class='ocrx_word' id='word_1_358' title='bbox 3133 1549 3395 1620; x_wconf 90' lang='lat' dir='ltr'><strong>quoniam</strong></span> <span class='ocrx_word' id='word_1_359' title='bbox 3453 1548 3521 1604; x_wconf 91' lang='lat' dir='ltr'><strong>ad</strong></span> 
     </span>
    </p>
   </div>
   <div class='ocr_carea' id='block_1_53' title="bbox 1941 1641 3519 1715">
    <p class='ocr_par' dir='ltr' id='par_1_53' title="bbox 1941 1641 3519 1715">
     <span class='ocr_line' id='line_1_54' title="bbox 1941 1641 3519 1715; baseline -0.004 -15"><span class='ocrx_word' id='word_1_360' title='bbox 1941 1660 2004 1700; x_wconf 91' lang='lat' dir='ltr'><strong>ea</strong></span> <span class='ocrx_word' id='word_1_361' title='bbox 2032 1659 2160 1715; x_wconf 85' lang='lat' dir='ltr'><strong>quae</strong></span> <span class='ocrx_word' id='word_1_362' title='bbox 2205 1643 2337 1698; x_wconf 88' lang='lat' dir='ltr'><strong>mihi</strong></span> <span class='ocrx_word' id='word_1_363' title='bbox 2377 1656 2519 1711; x_wconf 87' lang='lat' dir='ltr'><strong>opus</strong></span> <span class='ocrx_word' id='word_1_364' title='bbox 2561 1646 2742 1707; x_wconf 85' lang='lat' dir='ltr'><strong>erant,</strong></span> <span class='ocrx_word' id='word_1_365' title='bbox 2775 1650 2829 1696; x_wconf 88' lang='lat' dir='ltr'><strong>et</strong></span> <span class='ocrx_word' id='word_1_366' title='bbox 2874 1641 2942 1696; x_wconf 91' lang='lat' dir='ltr'><strong>iis</strong></span> <span class='ocrx_word' id='word_1_367' title='bbox 2969 1641 3065 1712; x_wconf 90' lang='lat' dir='ltr'><strong>qui</strong></span> <span class='ocrx_word' id='word_1_368' title='bbox 3099 1656 3314 1695; x_wconf 90' lang='lat' dir='ltr'><strong>mecum</strong></span> <span class='ocrx_word' id='word_1_369' title='bbox 3354 1650 3519 1705; x_wconf 86' lang='lat' dir='ltr'><strong>sunt,</strong></span> 
     </span>
    </p>
   </div>
   <div class='ocr_carea' id='block_1_54' title="bbox 1943 1730 3517 1795">
    <p class='ocr_par' dir='ltr' id='par_1_54' title="bbox 1943 1730 3517 1795">
     <span class='ocr_line' id='line_1_55' title="bbox 1943 1730 3517 1795; baseline -0.001 -7"><span class='ocrx_word' id='word_1_370' title='bbox 1943 1735 2412 1791; x_wconf 86' lang='lat' dir='ltr'><strong>ministraverunt</strong></span> <span class='ocrx_word' id='word_1_371' title='bbox 2439 1733 2797 1789; x_wconf 71' lang='lat' dir='ltr'><strong>mannsistae.</strong></span> <span class='ocrx_word' id='word_1_372' title='bbox 2840 1730 3038 1787; x_wconf 82' lang='lat' dir='ltr'><strong>Omnia</strong></span> <span class='ocrx_word' id='word_1_373' title='bbox 3080 1730 3299 1786; x_wconf 87' lang='lat' dir='ltr'><strong>ostendi</strong></span> <span class='ocrx_word' id='word_1_374' title='bbox 3337 1731 3517 1795; x_wconf 89' lang='lat' dir='ltr'><strong>vobis,</strong></span> 
     </span>
    </p>
   </div>
   <div class='ocr_carea' id='block_1_55' title="bbox 1941 1821 3519 1896">
    <p class='ocr_par' dir='ltr' id='par_1_55' title="bbox 1941 1821 3519 1896">
     <span class='ocr_line' id='line_1_56' title="bbox 1941 1821 3519 1896; baseline -0.002 -19"><span class='ocrx_word' id='word_1_375' title='bbox 1941 1827 2202 1896; x_wconf 83' lang='lat' dir='ltr'><strong>quoniam</strong></span> <span class='ocrx_word' id='word_1_376' title='bbox 2254 1825 2337 1880; x_wconf 90' lang='lat' dir='ltr'><strong>sic</strong></span> <span class='ocrx_word' id='word_1_377' title='bbox 2382 1824 2702 1881; x_wconf 91' lang='lat' dir='ltr'><strong>laborantes</strong></span> <span class='ocrx_word' id='word_1_378' title='bbox 2749 1830 2966 1895; x_wconf 83' lang='lat' dir='ltr'><strong>oportet</strong></span> <span class='ocrx_word' id='word_1_379' title='bbox 3017 1821 3304 1891; x_wconf 80' lang='lat' dir='ltr'><strong>suscipere</strong></span> <span class='ocrx_word' id='word_1_380' title='bbox 3364 1821 3519 1875; x_wconf 84' lang='lat' dir='ltr'><strong>infir-</strong></span> 
     </span>
    </p>
   </div>
   <div class='ocr_carea' id='block_1_56' title="bbox 1945 1913 3515 1988">
    <p class='ocr_par' dir='ltr' id='par_1_56' title="bbox 1945 1913 3515 1988">
     <span class='ocr_line' id='line_1_57' title="bbox 1945 1913 3515 1988; baseline -0.005 -12"><span class='ocrx_word' id='word_1_381' title='bbox 1945 1936 2112 1988; x_wconf 87' lang='lat' dir='ltr'><strong>mos;</strong></span> <span class='ocrx_word' id='word_1_382' title='bbox 2159 1920 2478 1977; x_wconf 89' lang='lat' dir='ltr'><strong>meminisse</strong></span> <span class='ocrx_word' id='word_1_383' title='bbox 2523 1927 2706 1975; x_wconf 89' lang='lat' dir='ltr'><strong>autem</strong></span> <span class='ocrx_word' id='word_1_384' title='bbox 2751 1918 3047 1974; x_wconf 88' lang='lat' dir='ltr'><strong>verborum</strong></span> <span class='ocrx_word' id='word_1_385' title='bbox 3101 1916 3319 1972; x_wconf 90' lang='lat' dir='ltr'><strong>Domini</strong></span> <span class='ocrx_word' id='word_1_386' title='bbox 3364 1913 3515 1979; x_wconf 83' lang='lat' dir='ltr'><strong>Jesu,</strong></span> 
     </span>
    </p>
   </div>
   <div class='ocr_carea' id='block_1_57' title="bbox 1942 2005 3520 2082">
    <p class='ocr_par' dir='ltr' id='par_1_57' title="bbox 1942 2005 3520 2082">
     <span class='ocr_line' id='line_1_58' title="bbox 1942 2005 3520 2082; baseline -0.004 -15"><span class='ocrx_word' id='word_1_387' title='bbox 1942 2012 2073 2082; x_wconf 86' lang='lat' dir='ltr'><strong>quia</strong></span> <span class='ocrx_word' id='word_1_388' title='bbox 2128 2011 2248 2082; x_wconf 88' lang='lat' dir='ltr'><strong>ipse</strong></span> <span class='ocrx_word' id='word_1_389' title='bbox 2299 2011 2483 2066; x_wconf 82' lang='lat' dir='ltr'><strong>dixit:</strong></span> <span class='ocrx_word' id='word_1_390' title='bbox 2542 2009 2763 2066; x_wconf 82' lang='lat' dir='ltr'><strong>Beatius</strong></span> <span class='ocrx_word' id='word_1_391' title='bbox 2814 2016 2898 2064; x_wconf 87' lang='lat' dir='ltr'><strong>cst</strong></span> <span class='ocrx_word' id='word_1_392' title='bbox 2945 2009 3099 2073; x_wconf 90' lang='lat' dir='ltr'><strong>dare,</strong></span> <span class='ocrx_word' id='word_1_393' title='bbox 3155 2022 3320 2076; x_wconf 85' lang='lat' dir='ltr'><strong>quam</strong></span> <span class='ocrx_word' id='word_1_394' title='bbox 3373 2005 3520 2061; x_wconf 87' lang='lat' dir='ltr'><strong>acci-</strong></span> 
     </span>
    </p>
   </div>
   <div class='ocr_carea' id='block_1_58' title="bbox 1941 2117 2701 2173">
    <p class='ocr_par' dir='ltr' id='par_1_58' title="bbox 1941 2117 2701 2173">
     <span class='ocr_line' id='line_1_59' title="bbox 1941 2117 2701 2173; baseline 0.009 -17"><span class='ocrx_word' id='word_1_395' title='bbox 1941 2117 2090 2173; x_wconf 89' lang='lat' dir='ltr'><strong>pere.</strong></span> <span class='ocrx_word' id='word_1_396' title='bbox 2132 2120 2150 2151; x_wconf 72' lang='grc' dir='ltr'><strong>ι</strong></span> <span class='ocrx_word' id='word_1_397' title='bbox 2692 2156 2701 2163; x_wconf 90' lang='grc'><strong>.</strong></span> 
     </span>
    </p>
   </div>
   <div class='ocr_carea' id='block_1_59' title="bbox 2011 2188 3514 2259">
    <p class='ocr_par' dir='ltr' id='par_1_59' title="bbox 2011 2188 3514 2259">
     <span class='ocr_line' id='line_1_60' title="bbox 2011 2188 3514 2259; baseline -0.003 -12"><span class='ocrx_word' id='word_1_398' title='bbox 2011 2193 2165 2247; x_wconf 84' lang='lat' dir='ltr'><strong>Rom.</strong></span> <span class='ocrx_word' id='word_1_399' title='bbox 2219 2208 2292 2248; x_wconf 82' lang='lat' dir='ltr'><strong>xu</strong></span> <span class='ocrx_word' id='word_1_400' title='bbox 2319 2234 2333 2256; x_wconf 95' lang='lat'><strong>,</strong></span> <span class='ocrx_word' id='word_1_401' title='bbox 2369 2192 2421 2247; x_wconf 91' lang='lat'><strong>8.</strong></span> <span class='ocrx_word' id='word_1_402' title='bbox 2453 2223 2525 2233; x_wconf 90' lang='lat'><strong>—</strong></span> <span class='ocrx_word' id='word_1_403' title='bbox 2574 2210 2591 2244; x_wconf 82' lang='grc' dir='ltr'><strong>ι</strong></span> <span class='ocrx_word' id='word_1_404' title='bbox 2629 2190 2733 2258; x_wconf 85' lang='lat' dir='ltr'><strong>Qui</strong></span> <span class='ocrx_word' id='word_1_405' title='bbox 2778 2190 2973 2246; x_wconf 87' lang='lat' dir='ltr'><strong>tribuit</strong></span> <span class='ocrx_word' id='word_1_406' title='bbox 3021 2189 3089 2243; x_wconf 15' lang='lat' dir='ltr'><strong>in?</strong></span> <span class='ocrx_word' id='word_1_407' title='bbox 3109 2188 3514 2259; x_wconf 86' lang='lat' dir='ltr'><strong>simplicitate:</strong></span> 
     </span>
    </p>
   </div>
   <div class='ocr_carea' id='block_1_60' title="bbox 1939 2281 3517 2356">
    <p class='ocr_par' dir='ltr' id='par_1_60' title="bbox 1939 2281 3517 2356">
     <span class='ocr_line' id='line_1_61' title="bbox 1939 2281 3517 2356; baseline -0.003 -16"><span class='ocrx_word' id='word_1_408' title='bbox 1939 2284 2035 2356; x_wconf 91' lang='lat' dir='ltr'><strong>qui</strong></span> <span class='ocrx_word' id='word_1_409' title='bbox 2103 2295 2299 2355; x_wconf 73' lang='lat' dir='ltr'><strong>prmest</strong></span> <span class='ocrx_word' id='word_1_410' title='bbox 2368 2287 2425 2340; x_wconf 89' lang='lat' dir='ltr'><strong>in</strong></span> <span class='ocrx_word' id='word_1_411' title='bbox 2481 2282 2910 2340; x_wconf 79' lang='lat' dir='ltr'><strong>sollicitudine:</strong></span> <span class='ocrx_word' id='word_1_412' title='bbox 2968 2282 3063 2354; x_wconf 86' lang='lat' dir='ltr'><strong>qui</strong></span> <span class='ocrx_word' id='word_1_413' title='bbox 3114 2281 3414 2338; x_wconf 82' lang='lat' dir='ltr'><strong>miseretur</strong></span> <span class='ocrx_word' id='word_1_414' title='bbox 3463 2282 3517 2335; x_wconf 88' lang='lat' dir='ltr'><strong>in</strong></span> 
     </span>
    </p>
   </div>
   <div class='ocr_carea' id='block_1_61' title="bbox 1940 2375 2301 2432">
    <p class='ocr_par' dir='ltr' id='par_1_61' title="bbox 1940 2375 2301 2432">
     <span class='ocr_line' id='line_1_62' title="bbox 1940 2375 2301 2432; baseline -0.008 -1"><span class='ocrx_word' id='word_1_415' title='bbox 1940 2375 2239 2432; x_wconf 82' lang='lat' dir='ltr'><strong>hilaritate.</strong></span> <span class='ocrx_word' id='word_1_416' title='bbox 2281 2396 2301 2428; x_wconf 72' lang='grc' dir='ltr'><strong>ι</strong></span> 
     </span>
    </p>
   </div>
   <div class='ocr_carea' id='block_1_62' title="bbox 2012 2465 3519 2537">
    <p class='ocr_par' dir='ltr' id='par_1_62' title="bbox 2012 2465 3519 2537">
     <span class='ocr_line' id='line_1_63' title="bbox 2012 2465 3519 2537; baseline -0.003 -16"><span class='ocrx_word' id='word_1_417' title='bbox 2012 2466 2078 2521; x_wconf 83' lang='lat' dir='ltr'><strong>Il</strong></span> <span class='ocrx_word' id='word_1_418' title='bbox 2108 2467 2236 2523; x_wconf 83' lang='lat' dir='ltr'><strong>Cor.</strong></span> <span class='ocrx_word' id='word_1_419' title='bbox 2273 2484 2348 2532; x_wconf 73' lang='grc' dir='ltr'>ιχ,</span> <span class='ocrx_word' id='word_1_420' title='bbox 2385 2467 2502 2523; x_wconf 83' lang='lat'><strong>6-9.</strong></span> <span class='ocrx_word' id='word_1_421' title='bbox 2528 2495 2600 2510; x_wconf 75' lang='grc' dir='ltr'><strong>-ο</strong></span> <span class='ocrx_word' id='word_1_422' title='bbox 2639 2486 2659 2519; x_wconf 78' lang='grc' dir='ltr'><strong>ι</strong></span> <span class='ocrx_word' id='word_1_423' title='bbox 2700 2465 2805 2532; x_wconf 90' lang='lat' dir='ltr'><strong>Qui</strong></span> <span class='ocrx_word' id='word_1_424' title='bbox 2847 2480 3014 2537; x_wconf 87' lang='lat' dir='ltr'><strong>parce</strong></span> <span class='ocrx_word' id='word_1_425' title='bbox 3045 2466 3310 2529; x_wconf 84' lang='lat' dir='ltr'><strong>seminat,</strong></span> <span class='ocrx_word' id='word_1_426' title='bbox 3355 2478 3519 2535; x_wconf 82' lang='lat' dir='ltr'><strong>parce</strong></span> 
     </span>
    </p>
   </div>
   <div class='ocr_carea' id='block_1_63' title="bbox 1938 2558 3519 2631">
    <p class='ocr_par' dir='ltr' id='par_1_63' title="bbox 1938 2558 3519 2631">
     <span class='ocr_line' id='line_1_64' title="bbox 1938 2558 3519 2631; baseline -0.004 -15"><span class='ocrx_word' id='word_1_427' title='bbox 1938 2568 1993 2616; x_wconf 89' lang='lat' dir='ltr'><strong>et</strong></span> <span class='ocrx_word' id='word_1_428' title='bbox 2034 2570 2207 2616; x_wconf 89' lang='lat' dir='ltr'><strong>metet</strong></span> <span class='ocrx_word' id='word_1_429' title='bbox 2247 2580 2260 2616; x_wconf 91' lang='lat'><strong>:</strong></span> <span class='ocrx_word' id='word_1_430' title='bbox 2295 2569 2350 2616; x_wconf 90' lang='lat' dir='ltr'><strong>et</strong></span> <span class='ocrx_word' id='word_1_431' title='bbox 2380 2562 2474 2631; x_wconf 90' lang='lat' dir='ltr'><strong>qui</strong></span> <span class='ocrx_word' id='word_1_432' title='bbox 2521 2561 2762 2617; x_wconf 81' lang='lat' dir='ltr'><strong>seminat</strong></span> <span class='ocrx_word' id='word_1_433' title='bbox 2802 2561 2855 2614; x_wconf 90' lang='lat' dir='ltr'><strong>in</strong></span> <span class='ocrx_word' id='word_1_434' title='bbox 2901 2558 3406 2617; x_wconf 83' lang='lat' dir='ltr'><strong>benedictionibus,</strong></span> <span class='ocrx_word' id='word_1_435' title='bbox 3452 2558 3519 2610; x_wconf 90' lang='lat' dir='ltr'><strong>de</strong></span> 
     </span>
    </p>
   </div>
   <div class='ocr_carea' id='block_1_64' title="bbox 1938 2650 3519 2722">
    <p class='ocr_par' dir='ltr' id='par_1_64' title="bbox 1938 2650 3519 2722">
     <span class='ocr_line' id='line_1_65' title="bbox 1938 2650 3519 2722; baseline -0.004 -14"><span class='ocrx_word' id='word_1_436' title='bbox 1938 2651 2418 2709; x_wconf 89' lang='lat' dir='ltr'><strong>benedictionibus</strong></span> <span class='ocrx_word' id='word_1_437' title='bbox 2497 2660 2553 2709; x_wconf 91' lang='lat' dir='ltr'><strong>et</strong></span> <span class='ocrx_word' id='word_1_438' title='bbox 2624 2660 2812 2708; x_wconf 84' lang='lat' dir='ltr'><strong>metet.</strong></span> <span class='ocrx_word' id='word_1_439' title='bbox 2884 2650 3273 2722; x_wconf 89' lang='lat' dir='ltr'><strong>Unusquisque</strong></span> <span class='ocrx_word' id='word_1_440' title='bbox 3352 2658 3519 2721; x_wconf 89' lang='lat' dir='ltr'><strong>prout</strong></span> 
     </span>
    </p>
   </div>
   <div class='ocr_carea' id='block_1_65' title="bbox 1938 2742 3515 2809">
    <p class='ocr_par' dir='ltr' id='par_1_65' title="bbox 1938 2742 3515 2809">
     <span class='ocr_line' id='line_1_66' title="bbox 1938 2742 3515 2809; baseline -0.003 -9"><span class='ocrx_word' id='word_1_441' title='bbox 1938 2745 2234 2801; x_wconf 80' lang='lat' dir='ltr'><strong>destinavit</strong></span> <span class='ocrx_word' id='word_1_442' title='bbox 2275 2746 2331 2801; x_wconf 90' lang='lat' dir='ltr'><strong>in</strong></span> <span class='ocrx_word' id='word_1_443' title='bbox 2367 2744 2539 2801; x_wconf 89' lang='lat' dir='ltr'><strong>corde</strong></span> <span class='ocrx_word' id='word_1_444' title='bbox 2579 2761 2700 2809; x_wconf 88' lang='lat' dir='ltr'><strong>suo,</strong></span> <span class='ocrx_word' id='word_1_445' title='bbox 2754 2759 2867 2800; x_wconf 91' lang='lat' dir='ltr'><strong>non</strong></span> <span class='ocrx_word' id='word_1_446' title='bbox 2909 2760 2974 2800; x_wconf 83' lang='lat' dir='ltr'><strong>ex</strong></span> <span class='ocrx_word' id='word_1_447' title='bbox 3029 2742 3276 2808; x_wconf 89' lang='lat' dir='ltr'><strong>tristitia,</strong></span> <span class='ocrx_word' id='word_1_448' title='bbox 3310 2748 3405 2795; x_wconf 89' lang='lat' dir='ltr'><strong>aut</strong></span> <span class='ocrx_word' id='word_1_449' title='bbox 3450 2757 3515 2796; x_wconf 73' lang='lat' dir='ltr'><strong>ex</strong></span> 
     </span>
    </p>
   </div>
   <div class='ocr_carea' id='block_1_66' title="bbox 1938 2832 3514 2900">
    <p class='ocr_par' dir='ltr' id='par_1_66' title="bbox 1938 2832 3514 2900">
     <span class='ocr_line' id='line_1_67' title="bbox 1938 2832 3514 2900; baseline -0.003 -10"><span class='ocrx_word' id='word_1_450' title='bbox 1938 2837 2289 2893; x_wconf 84' lang='lat' dir='ltr'><strong>necessitate.</strong></span> <span class='ocrx_word' id='word_1_451' title='bbox 2349 2835 2589 2892; x_wconf 89' lang='lat' dir='ltr'><strong>llilarem</strong></span> <span class='ocrx_word' id='word_1_452' title='bbox 2626 2836 2775 2892; x_wconf 88' lang='lat' dir='ltr'><strong>enim</strong></span> <span class='ocrx_word' id='word_1_453' title='bbox 2827 2835 3077 2891; x_wconf 88' lang='lat' dir='ltr'><strong>datorem</strong></span> <span class='ocrx_word' id='word_1_454' title='bbox 3114 2832 3295 2900; x_wconf 76' lang='lat' dir='ltr'><strong>diligit</strong></span> <span class='ocrx_word' id='word_1_455' title='bbox 3348 2832 3514 2887; x_wconf 89' lang='lat' dir='ltr'><strong>Deus.</strong></span> 
     </span>
    </p>
   </div>
   <div class='ocr_carea' id='block_1_67' title="bbox 1937 2925 3518 2991">
    <p class='ocr_par' dir='ltr' id='par_1_67' title="bbox 1937 2925 3518 2991">
     <span class='ocr_line' id='line_1_68' title="bbox 1937 2925 3518 2991; baseline -0.003 -8"><span class='ocrx_word' id='word_1_456' title='bbox 1937 2928 2168 2984; x_wconf 88' lang='lat' dir='ltr'><strong>Omnem</strong></span> <span class='ocrx_word' id='word_1_457' title='bbox 2199 2926 2583 2983; x_wconf 75' lang='lat' dir='ltr'><strong>sufﬁcientiam</strong></span> <span class='ocrx_word' id='word_1_458' title='bbox 2618 2927 2910 2991; x_wconf 82' lang='lat' dir='ltr'><strong>habentes,</strong></span> <span class='ocrx_word' id='word_1_459' title='bbox 2940 2925 3238 2983; x_wconf 88' lang='lat' dir='ltr'><strong>abundetis</strong></span> <span class='ocrx_word' id='word_1_460' title='bbox 3267 2926 3319 2979; x_wconf 91' lang='lat' dir='ltr'><strong>in</strong></span> <span class='ocrx_word' id='word_1_461' title='bbox 3355 2938 3518 2978; x_wconf 88' lang='lat' dir='ltr'><strong>omne</strong></span> 
     </span>
    </p>
   </div>
   <div class='ocr_carea' id='block_1_68' title="bbox 1934 3016 3516 3091">
    <p class='ocr_par' dir='ltr' id='par_1_68' title="bbox 1934 3016 3516 3091">
     <span class='ocr_line' id='line_1_69' title="bbox 1934 3016 3516 3091; baseline -0.003 -15"><span class='ocrx_word' id='word_1_462' title='bbox 1934 3036 2079 3091; x_wconf 79' lang='lat' dir='ltr'><strong>Opus</strong></span> <span class='ocrx_word' id='word_1_463' title='bbox 2106 3020 2333 3087; x_wconf 89' lang='lat' dir='ltr'><strong>bonum,</strong></span> <span class='ocrx_word' id='word_1_464' title='bbox 2380 3019 2526 3075; x_wconf 88' lang='lat' dir='ltr'><strong>sicut</strong></span> <span class='ocrx_word' id='word_1_465' title='bbox 2554 3020 2825 3090; x_wconf 88' lang='lat' dir='ltr'><strong>scriptum</strong></span> <span class='ocrx_word' id='word_1_466' title='bbox 2858 3028 2943 3076; x_wconf 90' lang='lat' dir='ltr'><strong>est</strong></span> <span class='ocrx_word' id='word_1_467' title='bbox 2980 3037 2993 3073; x_wconf 91' lang='lat'><strong>:</strong></span> <span class='ocrx_word' id='word_1_468' title='bbox 3040 3018 3332 3090; x_wconf 75' lang='lat' dir='ltr'><strong>Dispersit,</strong></span> <span class='ocrx_word' id='word_1_469' title='bbox 3367 3016 3516 3073; x_wconf 87' lang='lat' dir='ltr'><strong>dedit</strong></span> 
     </span>
    </p>
   </div>
   <div class='ocr_carea' id='block_1_69' title="bbox 1937 3110 2497 3182">
    <p class='ocr_par' dir='ltr' id='par_1_69' title="bbox 1937 3110 2497 3182">
     <span class='ocr_line' id='line_1_70' title="bbox 1937 3110 2497 3182; baseline 0 -18"><span class='ocrx_word' id='word_1_470' title='bbox 1937 3110 2294 3182; x_wconf 86' lang='lat' dir='ltr'><strong>pauperibus,</strong></span> <span class='ocrx_word' id='word_1_471' title='bbox 2340 3130 2363 3163; x_wconf 73' lang='grc' dir='ltr'><strong>ι</strong></span> <span class='ocrx_word' id='word_1_472' title='bbox 2388 3116 2497 3166; x_wconf 88' lang='lat' dir='ltr'><strong>etc.</strong></span> 
     </span>
    </p>
   </div>
   <div class='ocr_carea' id='block_1_70' title="bbox 2011 3198 3515 3273">
    <p class='ocr_par' dir='ltr' id='par_1_70' title="bbox 2011 3198 3515 3273">
     <span class='ocr_line' id='line_1_71' title="bbox 2011 3198 3515 3273; baseline -0.003 -15"><span class='ocrx_word' id='word_1_473' title='bbox 2011 3201 2190 3258; x_wconf 82' lang='lat' dir='ltr'><strong>Galat.</strong></span> <span class='ocrx_word' id='word_1_474' title='bbox 2240 3218 2311 3269; x_wconf 87' lang='grc' dir='ltr'><strong>ιι,</strong></span> <span class='ocrx_word' id='word_1_475' title='bbox 2369 3202 2458 3257; x_wconf 83' lang='grc'>10.</span> <span class='ocrx_word' id='word_1_476' title='bbox 2495 3230 2565 3243; x_wconf 92' lang='lat'><strong>--</strong></span> <span class='ocrx_word' id='word_1_477' title='bbox 2600 3219 2618 3253; x_wconf 83' lang='grc' dir='ltr'><strong>ι</strong></span> <span class='ocrx_word' id='word_1_478' title='bbox 2674 3200 2985 3273; x_wconf 89' lang='lat' dir='ltr'><strong>Pauperum</strong></span> <span class='ocrx_word' id='word_1_479' title='bbox 3024 3208 3083 3255; x_wconf 93' lang='lat' dir='ltr'><strong>ut</strong></span> <span class='ocrx_word' id='word_1_480' title='bbox 3131 3214 3405 3255; x_wconf 88' lang='lat' dir='ltr'><strong>memores</strong></span> <span class='ocrx_word' id='word_1_481' title='bbox 3437 3198 3515 3254; x_wconf 90' lang='lat' dir='ltr'><strong>si-</strong></span> 
     </span>
    </p>
   </div>
   <div class='ocr_carea' id='block_1_71' title="bbox 1940 3309 2150 3350">
    <p class='ocr_par' dir='ltr' id='par_1_71' title="bbox 1940 3309 2150 3350">
     <span class='ocr_line' id='line_1_72' title="bbox 1940 3309 2150 3350; baseline 0 -2"><span class='ocrx_word' id='word_1_482' title='bbox 1940 3309 2083 3350; x_wconf 90' lang='lat' dir='ltr'><strong>mus.</strong></span> <span class='ocrx_word' id='word_1_483' title='bbox 2126 3314 2150 3348; x_wconf 67' lang='grc' dir='ltr'><strong><em>ι</em></strong></span> 
     </span>
    </p>
   </div>
   <div class='ocr_carea' id='block_1_72' title="bbox 2035 3382 3514 3453">
    <p class='ocr_par' dir='ltr' id='par_1_72' title="bbox 2035 3382 3514 3453">
     <span class='ocr_line' id='line_1_73' title="bbox 2035 3382 3514 3453; baseline -0.003 -14"><span class='ocrx_word' id='word_1_484' title='bbox 2035 3385 2064 3439; x_wconf 90' lang='grc'><strong>1</strong></span> <span class='ocrx_word' id='word_1_485' title='bbox 2103 3386 2239 3440; x_wconf 81' lang='lat' dir='ltr'><strong>Tim.</strong></span> <span class='ocrx_word' id='word_1_486' title='bbox 2273 3402 2357 3452; x_wconf 86' lang='lat' dir='ltr'><strong>vt,</strong></span> <span class='ocrx_word' id='word_1_487' title='bbox 2393 3386 2482 3453; x_wconf 86' lang='grc'>17,</span> <span class='ocrx_word' id='word_1_488' title='bbox 2516 3385 2602 3442; x_wconf 89' lang='grc'>18.</span> <span class='ocrx_word' id='word_1_489' title='bbox 2642 3414 2714 3426; x_wconf 91' lang='grc'><strong><em>-</em></strong></span> <span class='ocrx_word' id='word_1_490' title='bbox 2749 3405 2766 3437; x_wconf 84' lang='grc' dir='ltr'><strong>ι</strong></span> <span class='ocrx_word' id='word_1_491' title='bbox 2823 3384 3090 3441; x_wconf 87' lang='lat' dir='ltr'><strong>Divitibus</strong></span> <span class='ocrx_word' id='word_1_492' title='bbox 3121 3384 3287 3453; x_wconf 86' lang='lat' dir='ltr'><strong>hujus</strong></span> <span class='ocrx_word' id='word_1_493' title='bbox 3333 3382 3514 3440; x_wconf 78' lang='lat' dir='ltr'><strong>saeculi</strong></span> 
     </span>
    </p>
   </div>
   <div class='ocr_carea' id='block_1_73' title="bbox 1937 3475 3513 3549">
    <p class='ocr_par' dir='ltr' id='par_1_73' title="bbox 1937 3475 3513 3549">
     <span class='ocr_line' id='line_1_74' title="bbox 1937 3475 3513 3549; baseline -0.003 -16"><span class='ocrx_word' id='word_1_494' title='bbox 1937 3479 2189 3549; x_wconf 69' lang='lat' dir='ltr'><strong>praecipe,</strong></span> <span class='ocrx_word' id='word_1_495' title='bbox 2242 3493 2350 3532; x_wconf 91' lang='lat' dir='ltr'><strong>non</strong></span> <span class='ocrx_word' id='word_1_496' title='bbox 2390 3479 2625 3535; x_wconf 85' lang='lat' dir='ltr'><strong>sublime</strong></span> <span class='ocrx_word' id='word_1_497' title='bbox 2667 3492 2880 3549; x_wconf 88' lang='lat' dir='ltr'><strong>sapere,</strong></span> <span class='ocrx_word' id='word_1_498' title='bbox 2917 3491 3019 3531; x_wconf 89' lang='lat' dir='ltr'><strong>nec</strong></span> <span class='ocrx_word' id='word_1_499' title='bbox 3059 3490 3282 3545; x_wconf 88' lang='lat' dir='ltr'><strong>sperare</strong></span> <span class='ocrx_word' id='word_1_500' title='bbox 3340 3475 3395 3529; x_wconf 91' lang='lat' dir='ltr'><strong>in</strong></span> <span class='ocrx_word' id='word_1_501' title='bbox 3427 3476 3513 3529; x_wconf 80' lang='lat' dir='ltr'><strong>in-</strong></span> 
     </span>
    </p>
   </div>
   <div class='ocr_carea' id='block_1_74' title="bbox 1937 3562 3514 3636">
    <p class='ocr_par' dir='ltr' id='par_1_74' title="bbox 1937 3562 3514 3636">
     <span class='ocr_line' id='line_1_75' title="bbox 1937 3562 3514 3636; baseline -0.004 -12"><span class='ocrx_word' id='word_1_502' title='bbox 1937 3576 2090 3624; x_wconf 89' lang='lat' dir='ltr'><strong>certo</strong></span> <span class='ocrx_word' id='word_1_503' title='bbox 2132 3568 2479 3633; x_wconf 86' lang='lat' dir='ltr'><strong>divitiarum,</strong></span> <span class='ocrx_word' id='word_1_504' title='bbox 2527 3567 2623 3623; x_wconf 91' lang='lat' dir='ltr'><strong>sed</strong></span> <span class='ocrx_word' id='word_1_505' title='bbox 2651 3569 2706 3622; x_wconf 90' lang='lat' dir='ltr'><strong>in</strong></span> <span class='ocrx_word' id='word_1_506' title='bbox 2766 3566 2878 3622; x_wconf 90' lang='lat' dir='ltr'><strong>Deo</strong></span> <span class='ocrx_word' id='word_1_507' title='bbox 2927 3565 3023 3636; x_wconf 91' lang='lat' dir='ltr'><strong>qui</strong></span> <span class='ocrx_word' id='word_1_508' title='bbox 3079 3571 3305 3635; x_wconf 60' lang='lat' dir='ltr'><strong>praestat</strong></span> <span class='ocrx_word' id='word_1_509' title='bbox 3355 3562 3514 3617; x_wconf 90' lang='lat' dir='ltr'><strong>nobis</strong></span> 
     </span>
    </p>
   </div>
   <div class='ocr_carea' id='block_1_75' title="bbox 1936 3654 3514 3727">
    <p class='ocr_par' dir='ltr' id='par_1_75' title="bbox 1936 3654 3514 3727">
     <span class='ocr_line' id='line_1_76' title="bbox 1936 3654 3514 3727; baseline -0.004 -12"><span class='ocrx_word' id='word_1_510' title='bbox 1936 3661 2127 3715; x_wconf 18' lang='lat' dir='ltr'><strong>omnia.</strong></span> <span class='ocrx_word' id='word_1_511' title='bbox 2153 3658 2369 3715; x_wconf 90' lang='lat' dir='ltr'><strong>abunde</strong></span> <span class='ocrx_word' id='word_1_512' title='bbox 2416 3659 2484 3715; x_wconf 90' lang='lat' dir='ltr'><strong>ad</strong></span> <span class='ocrx_word' id='word_1_513' title='bbox 2532 3658 2852 3724; x_wconf 89' lang='lat' dir='ltr'><strong>fruendum,</strong></span> <span class='ocrx_word' id='word_1_514' title='bbox 2904 3658 3046 3713; x_wconf 85' lang='lat' dir='ltr'><strong>bene</strong></span> <span class='ocrx_word' id='word_1_515' title='bbox 3091 3672 3275 3727; x_wconf 81' lang='lat' dir='ltr'><strong>agere,</strong></span> <span class='ocrx_word' id='word_1_516' title='bbox 3317 3654 3514 3710; x_wconf 86' lang='lat' dir='ltr'><strong>divites</strong></span> 
     </span>
    </p>
   </div>
   <div class='ocr_carea' id='block_1_76' title="bbox 1938 3747 3516 3823">
    <p class='ocr_par' dir='ltr' id='par_1_76' title="bbox 1938 3747 3516 3823">
     <span class='ocr_line' id='line_1_77' title="bbox 1938 3747 3516 3823; baseline -0.006 -15"><span class='ocrx_word' id='word_1_517' title='bbox 1938 3754 2054 3810; x_wconf 85' lang='lat' dir='ltr'><strong>ﬁeri</strong></span> <span class='ocrx_word' id='word_1_518' title='bbox 2085 3754 2139 3808; x_wconf 91' lang='lat' dir='ltr'><strong>in</strong></span> <span class='ocrx_word' id='word_1_519' title='bbox 2183 3753 2444 3823; x_wconf 88' lang='lat' dir='ltr'><strong>operibus</strong></span> <span class='ocrx_word' id='word_1_520' title='bbox 2497 3752 2680 3817; x_wconf 91' lang='lat' dir='ltr'><strong>bonis,</strong></span> <span class='ocrx_word' id='word_1_521' title='bbox 2718 3751 2880 3806; x_wconf 81' lang='lat' dir='ltr'><strong>facile</strong></span> <span class='ocrx_word' id='word_1_522' title='bbox 2936 3750 3206 3812; x_wconf 87' lang='lat' dir='ltr'><strong>tribuere,</strong></span> <span class='ocrx_word' id='word_1_523' title='bbox 3240 3747 3516 3803; x_wconf 84' lang='lat' dir='ltr'><strong>thesauri-</strong></span> 
     </span>
    </p>
   </div>
   <div class='ocr_carea' id='block_1_77' title="bbox 1936 3841 3349 3902">
    <p class='ocr_par' dir='ltr' id='par_1_77' title="bbox 1936 3841 3349 3902">
     <span class='ocr_line' id='line_1_78' title="bbox 1936 3841 3349 3902; baseline -0.004 -4"><span class='ocrx_word' id='word_1_524' title='bbox 1936 3859 2065 3900; x_wconf 82' lang='lat' dir='ltr'><strong>zare</strong></span> <span class='ocrx_word' id='word_1_525' title='bbox 2090 3845 2195 3902; x_wconf 89' lang='lat' dir='ltr'><strong>sibi</strong></span> <span class='ocrx_word' id='word_1_526' title='bbox 2229 3845 2643 3900; x_wconf 85' lang='lat' dir='ltr'><strong>fundamentum</strong></span> <span class='ocrx_word' id='word_1_527' title='bbox 2688 3845 2892 3898; x_wconf 91' lang='lat' dir='ltr'><strong>bonum</strong></span> <span class='ocrx_word' id='word_1_528' title='bbox 2924 3842 2981 3897; x_wconf 89' lang='lat' dir='ltr'><strong>in</strong></span> <span class='ocrx_word' id='word_1_529' title='bbox 3014 3841 3283 3897; x_wconf 88' lang='lat' dir='ltr'><strong>futurum.</strong></span> <span class='ocrx_word' id='word_1_530' title='bbox 3331 3859 3349 3892; x_wconf 81' lang='grc' dir='ltr'><strong>ι</strong></span> 
     </span>
    </p>
   </div>
   <div class='ocr_carea' id='block_1_78' title="bbox 2008 3934 3515 4004">
    <p class='ocr_par' dir='ltr' id='par_1_78' title="bbox 2008 3934 3515 4004">
     <span class='ocr_line' id='line_1_79' title="bbox 2008 3934 3515 4004; baseline -0.001 -14"><span class='ocrx_word' id='word_1_531' title='bbox 2008 3935 2071 3990; x_wconf 88' lang='lat' dir='ltr'><strong><em>II</em></strong></span> <span class='ocrx_word' id='word_1_532' title='bbox 2106 3937 2288 3992; x_wconf 78' lang='lat' dir='ltr'><strong>Thess.</strong></span> <span class='ocrx_word' id='word_1_533' title='bbox 2319 3954 2399 3999; x_wconf 88' lang='grc' dir='ltr'>ιιι,</span> <span class='ocrx_word' id='word_1_534' title='bbox 2422 3938 2503 3992; x_wconf 78' lang='grc'>15.</span> <span class='ocrx_word' id='word_1_535' title='bbox 2523 3968 2593 3976; x_wconf 92' lang='grc'><strong><em>-</em></strong></span> <span class='ocrx_word' id='word_1_536' title='bbox 2617 3955 2635 3988; x_wconf 80' lang='grc' dir='ltr'><strong>ι</strong></span> <span class='ocrx_word' id='word_1_537' title='bbox 2674 3935 2803 4003; x_wconf 81' lang='lat' dir='ltr'><strong>Vos,</strong></span> <span class='ocrx_word' id='word_1_538' title='bbox 2839 3935 3061 4004; x_wconf 77' lang='lat' dir='ltr'><strong>fratres,</strong></span> <span class='ocrx_word' id='word_1_539' title='bbox 3086 3937 3256 3992; x_wconf 91' lang='lat' dir='ltr'><strong>nolite</strong></span> <span class='ocrx_word' id='word_1_540' title='bbox 3286 3934 3515 3990; x_wconf 84' lang='lat' dir='ltr'><strong>deﬁcere</strong></span> 
     </span>
    </p>
   </div>
   <div class='ocr_carea' id='block_1_79' title="bbox 1936 4028 2421 4086">
    <p class='ocr_par' dir='ltr' id='par_1_79' title="bbox 1936 4028 2421 4086">
     <span class='ocr_line' id='line_1_80' title="bbox 1936 4028 2421 4086; baseline -0.006 -2"><span class='ocrx_word' id='word_1_541' title='bbox 1936 4028 2363 4086; x_wconf 75' lang='lat' dir='ltr'><strong>benefacientes.</strong></span> <span class='ocrx_word' id='word_1_542' title='bbox 2404 4049 2421 4081; x_wconf 77' lang='grc' dir='ltr'><strong>ι</strong></span> 
     </span>
    </p>
   </div>
   <div class='ocr_carea' id='block_1_80' title="bbox 2009 4117 3514 4185">
    <p class='ocr_par' dir='ltr' id='par_1_80' title="bbox 2009 4117 3514 4185">
     <span class='ocr_line' id='line_1_81' title="bbox 2009 4117 3514 4185; baseline -0.001 -12"><span class='ocrx_word' id='word_1_543' title='bbox 2009 4118 2175 4174; x_wconf 86' lang='lat' dir='ltr'><strong>Hebr.</strong></span> <span class='ocrx_word' id='word_1_544' title='bbox 2214 4136 2349 4185; x_wconf 82' lang='lat' dir='ltr'><strong>xm,</strong></span> <span class='ocrx_word' id='word_1_545' title='bbox 2394 4120 2480 4175; x_wconf 78' lang='grc'>16.</span> <span class='ocrx_word' id='word_1_546' title='bbox 2507 4152 2573 4161; x_wconf 90' lang='grc'><strong><em>--</em></strong></span> <span class='ocrx_word' id='word_1_547' title='bbox 2613 4140 2638 4171; x_wconf 78' lang='grc' dir='ltr'><strong>ι.</strong></span> <span class='ocrx_word' id='word_1_548' title='bbox 2672 4119 3057 4176; x_wconf 64' lang='grc' dir='ltr'>Βειιθθοθιιιίω</span> <span class='ocrx_word' id='word_1_549' title='bbox 3085 4128 3142 4175; x_wconf 87' lang='lat' dir='ltr'><strong>et</strong></span> <span class='ocrx_word' id='word_1_550' title='bbox 3168 4117 3514 4174; x_wconf 69' lang='lat' dir='ltr'><strong>communio-</strong></span> 
     </span>
    </p>
   </div>
   <div class='ocr_carea' id='block_1_81' title="bbox 1936 4211 3516 4281">
    <p class='ocr_par' dir='ltr' id='par_1_81' title="bbox 1936 4211 3516 4281">
     <span class='ocr_line' id='line_1_82' title="bbox 1936 4211 3516 4281; baseline -0.003 -12"><span class='ocrx_word' id='word_1_551' title='bbox 1936 4213 2024 4269; x_wconf 89' lang='lat' dir='ltr'><strong>nis</strong></span> <span class='ocrx_word' id='word_1_552' title='bbox 2054 4213 2228 4269; x_wconf 91' lang='lat' dir='ltr'><strong>nolite</strong></span> <span class='ocrx_word' id='word_1_553' title='bbox 2267 4212 2541 4269; x_wconf 89' lang='lat' dir='ltr'><strong>oblivisci.</strong></span> <span class='ocrx_word' id='word_1_554' title='bbox 2601 4211 2830 4267; x_wconf 87' lang='lat' dir='ltr'><strong>Talibus</strong></span> <span class='ocrx_word' id='word_1_555' title='bbox 2878 4212 3032 4269; x_wconf 85' lang='lat' dir='ltr'><strong>enim</strong></span> <span class='ocrx_word' id='word_1_556' title='bbox 3062 4212 3260 4269; x_wconf 87' lang='lat' dir='ltr'><strong>hostiis</strong></span> <span class='ocrx_word' id='word_1_557' title='bbox 3299 4226 3516 4281; x_wconf 87' lang='lat' dir='ltr'><strong>promc-</strong></span> 
     </span>
    </p>
   </div>
   <div class='ocr_carea' id='block_1_82' title="bbox 1935 4307 2355 4364">
    <p class='ocr_par' dir='ltr' id='par_1_82' title="bbox 1935 4307 2355 4364">
     <span class='ocr_line' id='line_1_83' title="bbox 1935 4307 2355 4364; baseline -0.012 -1"><span class='ocrx_word' id='word_1_558' title='bbox 1935 4318 2090 4364; x_wconf 87' lang='lat' dir='ltr'><strong>retur</strong></span> <span class='ocrx_word' id='word_1_559' title='bbox 2115 4307 2282 4363; x_wconf 90' lang='lat' dir='ltr'><strong>Deus.</strong></span> <span class='ocrx_word' id='word_1_560' title='bbox 2310 4312 2355 4358; x_wconf 78' lang='grc' dir='ltr'>ι’</span> 
     </span>
    </p>
   </div>
   <div class='ocr_carea' id='block_1_83' title="bbox 2002 4395 3515 4472">
    <p class='ocr_par' dir='ltr' id='par_1_83' title="bbox 2002 4395 3515 4472">
     <span class='ocr_line' id='line_1_84' title="bbox 2002 4395 3515 4472; baseline -0.003 -19"><span class='ocrx_word' id='word_1_561' title='bbox 2002 4399 2127 4454; x_wconf 80' lang='lat' dir='ltr'><strong>Jac.</strong></span> <span class='ocrx_word' id='word_1_562' title='bbox 2169 4416 2245 4464; x_wconf 93' lang='grc' dir='ltr'><strong>ιι,</strong></span> <span class='ocrx_word' id='word_1_563' title='bbox 2277 4400 2365 4455; x_wconf 83' lang='grc'>15.</span> <span class='ocrx_word' id='word_1_564' title='bbox 2399 4430 2468 4441; x_wconf 93' lang='lat'><strong>—-</strong></span> <span class='ocrx_word' id='word_1_565' title='bbox 2508 4419 2526 4452; x_wconf 82' lang='grc' dir='ltr'><strong>ι</strong></span> <span class='ocrx_word' id='word_1_566' title='bbox 2568 4399 2957 4472; x_wconf 76' lang='lat' dir='ltr'><strong>Superexaltat</strong></span> <span class='ocrx_word' id='word_1_567' title='bbox 2988 4396 3379 4454; x_wconf 85' lang='lat' dir='ltr'><strong>misericordia</strong></span> <span class='ocrx_word' id='word_1_568' title='bbox 3423 4395 3515 4466; x_wconf 53' lang='lat' dir='ltr'><strong>juv</strong></span> 
     </span>
    </p>
   </div>
   <div class='ocr_carea' id='block_1_84' title="bbox 1933 4491 2215 4547">
    <p class='ocr_par' dir='ltr' id='par_1_84' title="bbox 1933 4491 2215 4547">
     <span class='ocr_line' id='line_1_85' title="bbox 1933 4491 2215 4547; baseline -0.007 -1"><span class='ocrx_word' id='word_1_569' title='bbox 1933 4491 2160 4547; x_wconf 89' lang='lat' dir='ltr'><strong>dicium.</strong></span> <span class='ocrx_word' id='word_1_570' title='bbox 2195 4512 2215 4544; x_wconf 73' lang='grc' dir='ltr'><strong>ι</strong></span> 
     </span>
    </p>
   </div>
   <div class='ocr_carea' id='block_1_85' title="bbox 326 4569 1838 4669">
    <p class='ocr_par' dir='ltr' id='par_1_85' title="bbox 326 4569 1831 4650">
     <span class='ocr_line' id='line_1_86' title="bbox 326 4569 1831 4650; baseline 0.015 -30"><span class='ocrx_word' id='word_1_571' title='bbox 326 4588 345 4620; x_wconf 80' lang='grc' dir='ltr'><strong>ι</strong></span> <span class='ocrx_word' id='word_1_572' title='bbox 384 4569 643 4635; x_wconf 81' lang='grc' dir='ltr'>Πλούσιός</span> <span class='ocrx_word' id='word_1_573' title='bbox 667 4570 814 4625; x_wconf 75' lang='grc' dir='ltr'>ἔστιν</span> <span class='ocrx_word' id='word_1_574' title='bbox 855 4572 1063 4637; x_wconf 78' lang='grc' dir='ltr'>ἐκεῖνος</span> <span class='ocrx_word' id='word_1_575' title='bbox 1114 4572 1143 4627; x_wconf 94' lang='lat'><strong>6</strong></span> <span class='ocrx_word' id='word_1_576' title='bbox 1175 4575 1403 4643; x_wconf 79' lang='grc' dir='ltr'>πολλοὺς</span> <span class='ocrx_word' id='word_1_577' title='bbox 1429 4580 1618 4650; x_wconf 78' lang='grc' dir='ltr'>ἐλεῶν,</span> <span class='ocrx_word' id='word_1_578' title='bbox 1681 4587 1776 4641; x_wconf 75' lang='grc' dir='ltr'>καὶ</span> <span class='ocrx_word' id='word_1_579' title='bbox 1805 4592 1831 4643; x_wconf 88' lang='lat'><strong>6</strong></span> 
     </span>
    </p>
   </div>
   <div class='ocr_carea' id='block_1_86' title="bbox 1941 4569 3509 4669">
    <p class='ocr_par' dir='ltr' id='par_1_86' title="bbox 2008 4581 3509 4653">
     <span class='ocr_line' id='line_1_87' title="bbox 2008 4581 3509 4653; baseline -0.003 -16"><span class='ocrx_word' id='word_1_580' title='bbox 2008 4582 2095 4637; x_wconf 74' lang='lat' dir='ltr'><em>Ex</em></span> <span class='ocrx_word' id='word_1_581' title='bbox 2145 4582 2388 4637; x_wconf 78' lang='lat' dir='ltr'><strong>doctrina</strong></span> <span class='ocrx_word' id='word_1_582' title='bbox 2435 4583 2603 4638; x_wconf 84' lang='lat' dir='ltr'><strong>Petri.</strong></span> <span class='ocrx_word' id='word_1_583' title='bbox 2632 4613 2701 4624; x_wconf 90' lang='lat'><strong><em>—</em></strong></span> <span class='ocrx_word' id='word_1_584' title='bbox 2731 4582 2893 4638; x_wconf 89' lang='lat' dir='ltr'><strong>Dives</strong></span> <span class='ocrx_word' id='word_1_585' title='bbox 2934 4591 3020 4637; x_wconf 89' lang='lat' dir='ltr'><strong>est</strong></span> <span class='ocrx_word' id='word_1_586' title='bbox 3070 4582 3161 4653; x_wconf 89' lang='lat' dir='ltr'><strong>qui</strong></span> <span class='ocrx_word' id='word_1_587' title='bbox 3211 4581 3509 4635; x_wconf 90' lang='lat' dir='ltr'><strong>multorum</strong></span> 
     </span>
    </p>
   </div>
   <div class='ocr_carea' id='block_1_87' title="bbox 240 4661 1828 4748">
    <p class='ocr_par' dir='ltr' id='par_1_87' title="bbox 240 4661 1828 4748">
     <span class='ocr_line' id='line_1_88' title="bbox 240 4661 1828 4748; baseline 0.005 -34"><span class='ocrx_word' id='word_1_588' title='bbox 240 4661 389 4715; x_wconf 89' lang='grc' dir='ltr'><strong>κατά</strong></span> <span class='ocrx_word' id='word_1_589' title='bbox 416 4661 550 4715; x_wconf 84' lang='grc' dir='ltr'>Θεοῦ</span> <span class='ocrx_word' id='word_1_590' title='bbox 569 4662 798 4734; x_wconf 76' lang='grc' dir='ltr'>μίμησιν</span> <span class='ocrx_word' id='word_1_591' title='bbox 820 4664 1037 4730; x_wconf 78' lang='grc' dir='ltr'>ἐπιδοὺς</span> <span class='ocrx_word' id='word_1_592' title='bbox 1066 4665 1125 4735; x_wconf 78' lang='grc' dir='ltr'>ἐξ</span> <span class='ocrx_word' id='word_1_593' title='bbox 1145 4665 1219 4722; x_wconf 83' lang='grc' dir='ltr'>ὧν</span> <span class='ocrx_word' id='word_1_594' title='bbox 1239 4668 1371 4742; x_wconf 77' lang='grc' dir='ltr'>ἔχει.</span> <span class='ocrx_word' id='word_1_595' title='bbox 1397 4671 1529 4737; x_wconf 87' lang='grc' dir='ltr'>Θεὸς</span> <span class='ocrx_word' id='word_1_596' title='bbox 1554 4675 1662 4748; x_wconf 82' lang='grc' dir='ltr'>γὰρ</span> <span class='ocrx_word' id='word_1_597' title='bbox 1692 4695 1828 4734; x_wconf 80' lang='grc' dir='ltr'>παν-</span> 
     </span>
    </p>
   </div>
   <div class='ocr_carea' id='block_1_88' title="bbox 240 4752 1826 4842">
    <p class='ocr_par' dir='ltr' id='par_1_88' title="bbox 240 4752 1826 4842">
     <span class='ocr_line' id='line_1_89' title="bbox 240 4752 1826 4842; baseline 0.011 -35"><span class='ocrx_word' id='word_1_598' title='bbox 240 4752 484 4807; x_wconf 83' lang='grc' dir='ltr'>τάπασιν</span> <span class='ocrx_word' id='word_1_599' title='bbox 512 4753 710 4808; x_wconf 75' lang='grc' dir='ltr'>ἔδωκεν</span> <span class='ocrx_word' id='word_1_600' title='bbox 740 4756 805 4810; x_wconf 84' lang='grc' dir='ltr'>ἐκ</span> <span class='ocrx_word' id='word_1_601' title='bbox 839 4756 948 4809; x_wconf 89' lang='grc' dir='ltr'><strong>τῶν</strong></span> <span class='ocrx_word' id='word_1_602' title='bbox 989 4758 1156 4813; x_wconf 88' lang='grc' dir='ltr'>αὐτοῦ</span> <span class='ocrx_word' id='word_1_603' title='bbox 1179 4763 1517 4832; x_wconf 87' lang='grc' dir='ltr'>κτισμάτων.</span> <span class='ocrx_word' id='word_1_604' title='bbox 1546 4766 1743 4823; x_wconf 89' lang='grc' dir='ltr'>Σύνετε</span> <span class='ocrx_word' id='word_1_605' title='bbox 1762 4771 1826 4842; x_wconf 79' lang='grc' dir='ltr'>δὴ</span> 
     </span>
    </p>
   </div>
   <div class='ocr_carea' id='block_1_89' title="bbox 241 4843 1828 4920">
    <p class='ocr_par' dir='ltr' id='par_1_89' title="bbox 241 4843 1828 4920">
     <span class='ocr_line' id='line_1_90' title="bbox 241 4843 1828 4920; baseline 0.014 -24"><span class='ocrx_word' id='word_1_606' title='bbox 241 4843 511 4912; x_wconf 87' lang='grc' dir='ltr'>πλούσιοι,</span> <span class='ocrx_word' id='word_1_607' title='bbox 536 4845 617 4900; x_wconf 85' lang='grc' dir='ltr'>ὅτι</span> <span class='ocrx_word' id='word_1_608' title='bbox 647 4846 914 4902; x_wconf 87' lang='grc' dir='ltr'>διακονεῖν</span> <span class='ocrx_word' id='word_1_609' title='bbox 932 4849 1197 4919; x_wconf 78' lang='grc' dir='ltr'>ὀφείλετε,</span> <span class='ocrx_word' id='word_1_610' title='bbox 1230 4851 1486 4920; x_wconf 78' lang='grc' dir='ltr'>λαϐόντες</span> <span class='ocrx_word' id='word_1_611' title='bbox 1508 4858 1731 4915; x_wconf 89' lang='grc' dir='ltr'>πλείονα</span> <span class='ocrx_word' id='word_1_612' title='bbox 1753 4855 1828 4917; x_wconf 84' lang='grc' dir='ltr'>ὧν</span> 
     </span>
    </p>
   </div>
   <div class='ocr_carea' id='block_1_90' title="bbox 238 4935 1829 5025">
    <p class='ocr_par' dir='ltr' id='par_1_90' title="bbox 238 4935 1829 5025">
     <span class='ocr_line' id='line_1_91' title="bbox 238 4935 1829 5025; baseline 0.013 -36"><span class='ocrx_word' id='word_1_613' title='bbox 238 4935 404 4989; x_wconf 63' lang='grc' dir='ltr'><strong>αὐτοὶ⁵</strong></span> <span class='ocrx_word' id='word_1_614' title='bbox 432 4936 662 5025; x_wconf 68' lang='grc' dir='ltr'>χρῄζετε</span> <span class='ocrx_word' id='word_1_615' title='bbox 694 4954 708 4969; x_wconf 82' lang='grc'><em>’</em></span> <span class='ocrx_word' id='word_1_616' title='bbox 753 4938 956 5009; x_wconf 85' lang='grc' dir='ltr'>μάθετε</span> <span class='ocrx_word' id='word_1_617' title='bbox 986 4941 1068 4995; x_wconf 84' lang='grc' dir='ltr'><strong>ὅτι</strong></span> <span class='ocrx_word' id='word_1_618' title='bbox 1119 4942 1330 5014; x_wconf 76' lang='grc' dir='ltr'>ἑτέροις</span> <span class='ocrx_word' id='word_1_619' title='bbox 1369 4946 1548 5001; x_wconf 89' lang='grc' dir='ltr'>λείπει</span> <span class='ocrx_word' id='word_1_620' title='bbox 1591 4951 1659 5005; x_wconf 84' lang='grc' dir='ltr'><strong>τά</strong></span> <span class='ocrx_word' id='word_1_621' title='bbox 1698 4952 1829 5025; x_wconf 78' lang='grc' dir='ltr'>ὑμῖν</span> 
     </span>
    </p>
   </div>
   <div class='ocr_carea' id='block_1_91' title="bbox 242 5024 1826 5113">
    <p class='ocr_par' dir='ltr' id='par_1_91' title="bbox 242 5024 1826 5113">
     <span class='ocr_line' id='line_1_92' title="bbox 242 5024 1826 5113; baseline 0.013 -38"><span class='ocrx_word' id='word_1_622' title='bbox 242 5024 666 5093; x_wconf 80' lang='grc' dir='ltr'>περισσεύοντα.</span> <span class='ocrx_word' id='word_1_623' title='bbox 713 5027 1051 5098; x_wconf 84' lang='grc' dir='ltr'>Αἰσχύνθητε</span> <span class='ocrx_word' id='word_1_624' title='bbox 1106 5031 1428 5103; x_wconf 86' lang='grc' dir='ltr'>κατέχοντες</span> <span class='ocrx_word' id='word_1_625' title='bbox 1455 5037 1523 5090; x_wconf 80' lang='grc' dir='ltr'><strong>τά</strong></span> <span class='ocrx_word' id='word_1_626' title='bbox 1551 5024 1826 5113; x_wconf 68' lang='grc' dir='ltr'>ἀλλότριον</span> 
     </span>
    </p>
   </div>
   <div class='ocr_carea' id='block_1_92' title="bbox 244 5118 1723 5201">
    <p class='ocr_par' dir='ltr' id='par_1_92' title="bbox 244 5118 1723 5201">
     <span class='ocr_line' id='line_1_93' title="bbox 244 5118 1723 5201; baseline 0.011 -30"><span class='ocrx_word' id='word_1_627' title='bbox 244 5118 565 5189; x_wconf 80' lang='grc' dir='ltr'>μιμήσασθε</span> <span class='ocrx_word' id='word_1_628' title='bbox 600 5120 821 5191; x_wconf 78' lang='grc' dir='ltr'>ἰσότητα</span> <span class='ocrx_word' id='word_1_629' title='bbox 843 5120 1005 5185; x_wconf 88' lang='grc' dir='ltr'>Θεοῦ,</span> <span class='ocrx_word' id='word_1_630' title='bbox 1037 5124 1131 5176; x_wconf 75' lang='grc' dir='ltr'><strong>καὶ</strong></span> <span class='ocrx_word' id='word_1_631' title='bbox 1158 5123 1334 5188; x_wconf 73' lang='grc' dir='ltr'>οὐδεὶς</span> <span class='ocrx_word' id='word_1_632' title='bbox 1355 5126 1506 5181; x_wconf 79' lang='grc' dir='ltr'>ἔσται</span> <span class='ocrx_word' id='word_1_633' title='bbox 1532 5131 1723 5201; x_wconf 79' lang='grc' dir='ltr'>πένης.</span> 
     </span>
    </p>
   </div>
   <div class='ocr_carea' id='block_1_93' title="bbox 242 5211 3152 5299">
    <p class='ocr_par' dir='ltr' id='par_1_93' title="bbox 242 5211 3152 5299">
     <span class='ocr_line' id='line_1_94' title="bbox 242 5211 3152 5299; baseline 0.004 -32"><span class='ocrx_word' id='word_1_634' title='bbox 242 5211 576 5267; x_wconf 86' lang='lat' dir='ltr'><strong>Erubescite</strong></span> <span class='ocrx_word' id='word_1_635' title='bbox 641 5211 735 5283; x_wconf 88' lang='lat' dir='ltr'><strong>qui</strong></span> <span class='ocrx_word' id='word_1_636' title='bbox 795 5227 886 5269; x_wconf 87' lang='lat' dir='ltr'><strong>res</strong></span> <span class='ocrx_word' id='word_1_637' title='bbox 943 5213 1154 5269; x_wconf 91' lang='lat' dir='ltr'><strong>alienas</strong></span> <span class='ocrx_word' id='word_1_638' title='bbox 1214 5214 1508 5284; x_wconf 86' lang='lat' dir='ltr'><strong>retinetis,</strong></span> <span class='ocrx_word' id='word_1_639' title='bbox 1563 5221 1834 5295; x_wconf 89' lang='lat' dir='ltr'><strong>vobisque</strong></span> <span class='ocrx_word' id='word_1_640' title='bbox 1883 5231 2197 5299; x_wconf 69' lang='lat' dir='ltr'><strong>aequitatem</strong></span> <span class='ocrx_word' id='word_1_641' title='bbox 2261 5227 2357 5284; x_wconf 87' lang='lat' dir='ltr'><strong>Dei</strong></span> <span class='ocrx_word' id='word_1_642' title='bbox 2424 5228 2748 5283; x_wconf 86' lang='lat' dir='ltr'><strong>imitandam</strong></span> <span class='ocrx_word' id='word_1_643' title='bbox 2804 5226 3152 5298; x_wconf 87' lang='lat' dir='ltr'><strong>proponite:</strong></span> 
     </span>
    </p>
   </div>
   <div class='ocr_carea' id='block_1_94' title="bbox 240 5305 621 5378">
    <p class='ocr_par' dir='ltr' id='par_1_94' title="bbox 240 5305 621 5378">
     <span class='ocr_line' id='line_1_95' title="bbox 240 5305 621 5378; baseline -0.008 -17"><span class='ocrx_word' id='word_1_644' title='bbox 240 5321 461 5378; x_wconf 86' lang='lat' dir='ltr'><strong>pauper</strong></span> <span class='ocrx_word' id='word_1_645' title='bbox 492 5305 621 5361; x_wconf 86' lang='lat' dir='ltr'><strong>erit.</strong></span> 
     </span>
    </p>
   </div>
   <div class='ocr_carea' id='block_1_95' title="bbox 320 5398 1832 5477">
    <p class='ocr_par' dir='ltr' id='par_1_95' title="bbox 320 5398 1832 5477">
     <span class='ocr_line' id='line_1_96' title="bbox 320 5398 1832 5477; baseline 0.005 -23"><span class='ocrx_word' id='word_1_646' title='bbox 320 5400 574 5469; x_wconf 82' lang='grc' dir='ltr'>Μίμησαι</span> <span class='ocrx_word' id='word_1_647' title='bbox 627 5398 726 5469; x_wconf 85' lang='grc' dir='ltr'><strong>τὴν</strong></span> <span class='ocrx_word' id='word_1_648' title='bbox 756 5398 878 5470; x_wconf 83' lang='grc' dir='ltr'>γῆν,</span> <span class='ocrx_word' id='word_1_649' title='bbox 937 5399 1213 5472; x_wconf 80' lang='grc' dir='ltr'>ἄνθρωπε,</span> <span class='ocrx_word' id='word_1_650' title='bbox 1272 5405 1695 5477; x_wconf 64' lang='grc' dir='ltr'>καρποῳὸρησον</span> <span class='ocrx_word' id='word_1_651' title='bbox 1756 5411 1832 5473; x_wconf 84' lang='grc' dir='ltr'>ὡς</span> 
     </span>
    </p>
   </div>
   <div class='ocr_carea' id='block_1_96' title="bbox 242 5489 1833 5579">
    <p class='ocr_par' dir='ltr' id='par_1_96' title="bbox 242 5489 1833 5579">
     <span class='ocr_line' id='line_1_97' title="bbox 242 5489 1833 5579; baseline 0.005 -33"><span class='ocrx_word' id='word_1_652' title='bbox 242 5490 570 5562; x_wconf 76' lang='grc' dir='ltr'>ἐκείνη.Μὴ</span> <span class='ocrx_word' id='word_1_653' title='bbox 600 5489 800 5560; x_wconf 87' lang='grc' dir='ltr'>χείρων</span> <span class='ocrx_word' id='word_1_654' title='bbox 845 5492 1019 5562; x_wconf 75' lang='grc' dir='ltr'>φανῇς</span> <span class='ocrx_word' id='word_1_655' title='bbox 1046 5493 1147 5563; x_wconf 80' lang='grc' dir='ltr'>τῆς</span> <span class='ocrx_word' id='word_1_656' title='bbox 1188 5494 1419 5566; x_wconf 74' lang='grc' dir='ltr'>ἀψύχου.</span> <span class='ocrx_word' id='word_1_657' title='bbox 1464 5496 1677 5569; x_wconf 85' lang='grc' dir='ltr'>Ἐκείνη</span> <span class='ocrx_word' id='word_1_658' title='bbox 1730 5501 1833 5579; x_wconf 85' lang='grc' dir='ltr'><strong>μὲν</strong></span> 
     </span>
    </p>
   </div>
   <div class='ocr_carea' id='block_1_97' title="bbox 244 5574 1831 5658">
    <p class='ocr_par' dir='ltr' id='par_1_97' title="bbox 244 5574 1831 5658">
     <span class='ocr_line' id='line_1_98' title="bbox 244 5574 1831 5658; baseline 0.006 -21"><span class='ocrx_word' id='word_1_659' title='bbox 244 5582 358 5654; x_wconf 78' lang='grc' dir='ltr'>γὰρ</span> <span class='ocrx_word' id='word_1_660' title='bbox 380 5582 507 5646; x_wconf 77' lang='grc' dir='ltr'>τοὺς</span> <span class='ocrx_word' id='word_1_661' title='bbox 536 5582 783 5652; x_wconf 85' lang='grc' dir='ltr'>καρποὺς</span> <span class='ocrx_word' id='word_1_662' title='bbox 815 5582 914 5636; x_wconf 75' lang='grc' dir='ltr'><strong>οὐκ</strong></span> <span class='ocrx_word' id='word_1_663' title='bbox 938 5584 1017 5646; x_wconf 86' lang='grc' dir='ltr'><strong>είς</strong></span> <span class='ocrx_word' id='word_1_664' title='bbox 1042 5585 1240 5658; x_wconf 78' lang='grc' dir='ltr'>ἑαυτῆς</span> <span class='ocrx_word' id='word_1_665' title='bbox 1266 5588 1588 5655; x_wconf 85' lang='grc' dir='ltr'>ἀπόλαυσιν,</span> <span class='ocrx_word' id='word_1_666' title='bbox 1617 5574 1831 5658; x_wconf 58' lang='grc' dir='ltr'>ἀλλιίέξς</span> 
     </span>
    </p>
   </div>
   <div class='ocr_carea' id='block_1_98' title="bbox 242 5672 1833 5758">
    <p class='ocr_par' dir='ltr' id='par_1_98' title="bbox 242 5672 1833 5758">
     <span class='ocr_line' id='line_1_99' title="bbox 242 5672 1833 5758; baseline 0.005 -29"><span class='ocrx_word' id='word_1_667' title='bbox 242 5675 349 5745; x_wconf 76' lang='grc' dir='ltr'><strong>τὴν</strong></span> <span class='ocrx_word' id='word_1_668' title='bbox 382 5674 481 5743; x_wconf 80' lang='grc' dir='ltr'>σὴν</span> <span class='ocrx_word' id='word_1_669' title='bbox 512 5672 816 5744; x_wconf 82' lang='grc' dir='ltr'>ὑπηρεσίαν</span> <span class='ocrx_word' id='word_1_670' title='bbox 851 5674 1157 5746; x_wconf 67' lang='grc' dir='ltr'>ἐξέθρεψενι</span> <span class='ocrx_word' id='word_1_671' title='bbox 1210 5679 1282 5732; x_wconf 75' lang='grc' dir='ltr'><strong>Σὺ</strong></span> <span class='ocrx_word' id='word_1_672' title='bbox 1309 5679 1366 5733; x_wconf 79' lang='grc' dir='ltr'>δὲ</span> <span class='ocrx_word' id='word_1_673' title='bbox 1405 5681 1463 5733; x_wconf 84' lang='grc' dir='ltr'>ὃν</span> <span class='ocrx_word' id='word_1_674' title='bbox 1496 5684 1560 5736; x_wconf 83' lang='grc' dir='ltr'>ἂν</span> <span class='ocrx_word' id='word_1_675' title='bbox 1590 5685 1833 5758; x_wconf 77' lang='grc' dir='ltr'>ἐπιδείξῃ</span> 
     </span>
    </p>
   </div>
   <div class='ocr_carea' id='block_1_99' title="bbox 245 5765 1831 5841">
    <p class='ocr_par' dir='ltr' id='par_1_99' title="bbox 245 5765 1831 5841">
     <span class='ocr_line' id='line_1_100' title="bbox 245 5765 1831 5841; baseline 0.008 -22"><span class='ocrx_word' id='word_1_676' title='bbox 245 5768 348 5836; x_wconf 79' lang='grc' dir='ltr'><strong>τῆς</strong></span> <span class='ocrx_word' id='word_1_677' title='bbox 380 5765 624 5830; x_wconf 71' lang='grc' dir='ltr'>εὐποιίας</span> <span class='ocrx_word' id='word_1_678' title='bbox 653 5765 886 5837; x_wconf 80' lang='grc' dir='ltr'>καρπὸν,</span> <span class='ocrx_word' id='word_1_679' title='bbox 926 5768 1135 5839; x_wconf 84' lang='grc' dir='ltr'>σεαυτῴ</span> <span class='ocrx_word' id='word_1_680' title='bbox 1160 5770 1348 5823; x_wconf 81' lang='grc' dir='ltr'>τοῦτον</span> <span class='ocrx_word' id='word_1_681' title='bbox 1389 5774 1659 5841; x_wconf 81' lang='grc' dir='ltr'>συνάγεις.</span> <span class='ocrx_word' id='word_1_682' title='bbox 1688 5778 1831 5831; x_wconf 79' lang='grc' dir='ltr'>Διότι</span> 
     </span>
    </p>
   </div>
   <div class='ocr_carea' id='block_1_100' title="bbox 246 5858 1832 5933">
    <p class='ocr_par' dir='ltr' id='par_1_100' title="bbox 246 5858 1832 5933">
     <span class='ocr_line' id='line_1_101' title="bbox 246 5858 1832 5933; baseline 0.006 -19"><span class='ocrx_word' id='word_1_683' title='bbox 246 5860 361 5914; x_wconf 81' lang='grc' dir='ltr'><strong>τῶν</strong></span> <span class='ocrx_word' id='word_1_684' title='bbox 396 5858 615 5929; x_wconf 87' lang='grc' dir='ltr'>ἀγαθῶν</span> <span class='ocrx_word' id='word_1_685' title='bbox 638 5859 815 5931; x_wconf 78' lang='grc' dir='ltr'>ἔργων</span> <span class='ocrx_word' id='word_1_686' title='bbox 837 5861 892 5913; x_wconf 87' lang='grc' dir='ltr'>αἱ</span> <span class='ocrx_word' id='word_1_687' title='bbox 922 5860 1142 5933; x_wconf 77' lang='grc' dir='ltr'>χάριτες</span> <span class='ocrx_word' id='word_1_688' title='bbox 1172 5862 1265 5916; x_wconf 79' lang='grc' dir='ltr'><strong>ἐπὶ</strong></span> <span class='ocrx_word' id='word_1_689' title='bbox 1298 5866 1421 5929; x_wconf 70' lang='grc' dir='ltr'>τοὺς</span> <span class='ocrx_word' id='word_1_690' title='bbox 1457 5867 1696 5933; x_wconf 78' lang='grc' dir='ltr'>διδόντας</span> <span class='ocrx_word' id='word_1_691' title='bbox 1737 5871 1832 5923; x_wconf 80' lang='grc' dir='ltr'>ἐπ-</span> 
     </span>
    </p>
   </div>
   <div class='ocr_carea' id='block_1_101' title="bbox 1939 4671 3516 4745">
    <p class='ocr_par' dir='ltr' id='par_1_101' title="bbox 1939 4671 3516 4745">
     <span class='ocr_line' id='line_1_102' title="bbox 1939 4671 3516 4745; baseline -0.003 -16"><span class='ocrx_word' id='word_1_692' title='bbox 1939 4676 2248 4739; x_wconf 84' lang='lat' dir='ltr'><strong>miseretur,</strong></span> <span class='ocrx_word' id='word_1_693' title='bbox 2285 4682 2343 4731; x_wconf 89' lang='lat' dir='ltr'><strong>et</strong></span> <span class='ocrx_word' id='word_1_694' title='bbox 2368 4676 2462 4745; x_wconf 91' lang='lat' dir='ltr'><strong>qui</strong></span> <span class='ocrx_word' id='word_1_695' title='bbox 2509 4674 2677 4730; x_wconf 90' lang='lat' dir='ltr'><strong>Deum</strong></span> <span class='ocrx_word' id='word_1_696' title='bbox 2731 4674 3019 4737; x_wconf 87' lang='lat' dir='ltr'><strong>imitando,</strong></span> <span class='ocrx_word' id='word_1_697' title='bbox 3063 4689 3129 4728; x_wconf 79' lang='lat' dir='ltr'><strong>ex</strong></span> <span class='ocrx_word' id='word_1_698' title='bbox 3175 4674 3244 4728; x_wconf 89' lang='lat' dir='ltr'><strong>iis</strong></span> <span class='ocrx_word' id='word_1_699' title='bbox 3270 4688 3390 4743; x_wconf 76' lang='lat' dir='ltr'><strong>qua:</strong></span> <span class='ocrx_word' id='word_1_700' title='bbox 3419 4671 3516 4725; x_wconf 86' lang='lat' dir='ltr'><strong>ha-</strong></span> 
     </span>
    </p>
   </div>
   <div class='ocr_carea' id='block_1_102' title="bbox 1938 4764 3517 4838">
    <p class='ocr_par' dir='ltr' id='par_1_102' title="bbox 1938 4764 3517 4838">
     <span class='ocr_line' id='line_1_103' title="bbox 1938 4764 3517 4838; baseline -0.004 -14"><span class='ocrx_word' id='word_1_701' title='bbox 1938 4769 2053 4835; x_wconf 87' lang='lat' dir='ltr'><strong>bet,</strong></span> <span class='ocrx_word' id='word_1_702' title='bbox 2086 4768 2350 4838; x_wconf 89' lang='lat' dir='ltr'><strong>impcrtit.</strong></span> <span class='ocrx_word' id='word_1_703' title='bbox 2387 4769 2530 4824; x_wconf 85' lang='lat' dir='ltr'><strong>Deus</strong></span> <span class='ocrx_word' id='word_1_704' title='bbox 2575 4768 2721 4822; x_wconf 86' lang='lat' dir='ltr'><strong>enim</strong></span> <span class='ocrx_word' id='word_1_705' title='bbox 2752 4782 2843 4822; x_wconf 85' lang='lat' dir='ltr'><strong>res</strong></span> <span class='ocrx_word' id='word_1_706' title='bbox 2888 4780 2917 4819; x_wconf 87' lang='lat' dir='ltr'><strong>a</strong></span> <span class='ocrx_word' id='word_1_707' title='bbox 2950 4781 3009 4821; x_wconf 89' lang='lat' dir='ltr'><strong>se</strong></span> <span class='ocrx_word' id='word_1_708' title='bbox 3042 4766 3294 4821; x_wconf 90' lang='lat' dir='ltr'><strong>conditas</strong></span> <span class='ocrx_word' id='word_1_709' title='bbox 3340 4764 3517 4820; x_wconf 89' lang='lat' dir='ltr'><strong>omni-</strong></span> 
     </span>
    </p>
   </div>
   <div class='ocr_carea' id='block_1_103' title="bbox 1939 4858 3513 4928">
    <p class='ocr_par' dir='ltr' id='par_1_103' title="bbox 1939 4858 3513 4928">
     <span class='ocr_line' id='line_1_104' title="bbox 1939 4858 3513 4928; baseline -0.004 -10"><span class='ocrx_word' id='word_1_710' title='bbox 1939 4864 2102 4920; x_wconf 89' lang='lat' dir='ltr'><strong>mode</strong></span> <span class='ocrx_word' id='word_1_711' title='bbox 2154 4865 2317 4920; x_wconf 87' lang='lat' dir='ltr'><strong>nobis</strong></span> <span class='ocrx_word' id='word_1_712' title='bbox 2365 4863 2675 4919; x_wconf 86' lang='lat' dir='ltr'><strong>distribuit.</strong></span> <span class='ocrx_word' id='word_1_713' title='bbox 2732 4861 3007 4928; x_wconf 80' lang='lat' dir='ltr'><strong>Quocirca</strong></span> <span class='ocrx_word' id='word_1_714' title='bbox 3061 4862 3166 4916; x_wconf 88' lang='lat' dir='ltr'><strong>hoc</strong></span> <span class='ocrx_word' id='word_1_715' title='bbox 3215 4858 3513 4921; x_wconf 78' lang='lat' dir='ltr'><strong>noveritis,</strong></span> 
     </span>
    </p>
   </div>
   <div class='ocr_carea' id='block_1_104' title="bbox 1938 4955 3513 5027">
    <p class='ocr_par' dir='ltr' id='par_1_104' title="bbox 1938 4955 3513 5027">
     <span class='ocr_line' id='line_1_105' title="bbox 1938 4955 3513 5027; baseline -0.007 -15"><span class='ocrx_word' id='word_1_716' title='bbox 1938 4956 2033 5027; x_wconf 88' lang='lat' dir='ltr'><strong>qui</strong></span> <span class='ocrx_word' id='word_1_717' title='bbox 2074 4956 2274 5012; x_wconf 82' lang='lat' dir='ltr'><strong>divites</strong></span> <span class='ocrx_word' id='word_1_718' title='bbox 2320 4957 2473 5019; x_wconf 90' lang='lat' dir='ltr'><strong>estis,</strong></span> <span class='ocrx_word' id='word_1_719' title='bbox 2524 4955 2723 5011; x_wconf 87' lang='lat' dir='ltr'><strong>debere</strong></span> <span class='ocrx_word' id='word_1_720' title='bbox 2763 4972 2860 5011; x_wconf 84' lang='lat' dir='ltr'><strong>vos</strong></span> <span class='ocrx_word' id='word_1_721' title='bbox 2900 4955 3211 5010; x_wconf 85' lang='lat' dir='ltr'><strong>ministrare</strong></span> <span class='ocrx_word' id='word_1_722' title='bbox 3252 4972 3265 5008; x_wconf 91' lang='lat'><strong>:</strong></span> <span class='ocrx_word' id='word_1_723' title='bbox 3298 4960 3513 5007; x_wconf 75' lang='lat' dir='ltr'><strong>etcum</strong></span> 
     </span>
    </p>
   </div>
   <div class='ocr_carea' id='block_1_105' title="bbox 1940 5040 3516 5121">
    <p class='ocr_par' dir='ltr' id='par_1_105' title="bbox 1940 5040 3516 5121">
     <span class='ocr_line' id='line_1_106' title="bbox 1940 5040 3516 5121; baseline -0.007 -19"><span class='ocrx_word' id='word_1_724' title='bbox 1940 5050 2095 5118; x_wconf 85' lang='lat' dir='ltr'><strong>plura</strong></span> <span class='ocrx_word' id='word_1_725' title='bbox 2126 5066 2246 5121; x_wconf 66' lang='lat' dir='ltr'><strong>quae</strong></span> <span class='ocrx_word' id='word_1_726' title='bbox 2292 5065 2432 5119; x_wconf 90' lang='lat' dir='ltr'><strong>opus</strong></span> <span class='ocrx_word' id='word_1_727' title='bbox 2486 5059 2619 5105; x_wconf 85' lang='lat' dir='ltr'><strong>sunt</strong></span> <span class='ocrx_word' id='word_1_728' title='bbox 2674 5050 2852 5115; x_wconf 84' lang='lat' dir='ltr'><strong>vobis,</strong></span> <span class='ocrx_word' id='word_1_729' title='bbox 2911 5047 3256 5118; x_wconf 87' lang='lat' dir='ltr'><strong>acceperitis,</strong></span> <span class='ocrx_word' id='word_1_730' title='bbox 3316 5040 3516 5097; x_wconf 76' lang='lat' dir='ltr'><strong>discite</strong></span> 
     </span>
    </p>
   </div>
   <div class='ocr_carea' id='block_1_106' title="bbox 1942 5132 3512 5210">
    <p class='ocr_par' dir='ltr' id='par_1_106' title="bbox 1942 5132 3512 5210">
     <span class='ocr_line' id='line_1_107' title="bbox 1942 5132 3512 5210; baseline -0.008 -18"><span class='ocrx_word' id='word_1_731' title='bbox 1942 5140 2160 5196; x_wconf 84' lang='lat' dir='ltr'><strong>tandem</strong></span> <span class='ocrx_word' id='word_1_732' title='bbox 2193 5140 2317 5194; x_wconf 88' lang='lat' dir='ltr'><strong>aliis</strong></span> <span class='ocrx_word' id='word_1_733' title='bbox 2347 5155 2410 5193; x_wconf 90' lang='lat' dir='ltr'><strong>ea</strong></span> <span class='ocrx_word' id='word_1_734' title='bbox 2458 5140 2653 5195; x_wconf 85' lang='lat' dir='ltr'><strong>deesse</strong></span> <span class='ocrx_word' id='word_1_735' title='bbox 2701 5155 2821 5210; x_wconf 69' lang='lat' dir='ltr'><strong>quae</strong></span> <span class='ocrx_word' id='word_1_736' title='bbox 2856 5139 3015 5193; x_wconf 90' lang='lat' dir='ltr'><strong>vobis</strong></span> <span class='ocrx_word' id='word_1_737' title='bbox 3058 5132 3331 5205; x_wconf 82' lang='lat' dir='ltr'><strong>superflua</strong></span> <span class='ocrx_word' id='word_1_738' title='bbox 3363 5137 3512 5187; x_wconf 86' lang='lat' dir='ltr'><strong>sunt.</strong></span> 
     </span>
    </p>
   </div>
   <div class='ocr_carea' id='block_1_107' title="bbox 3214 5236 3516 5277">
    <p class='ocr_par' dir='ltr' id='par_1_107' title="bbox 3214 5236 3516 5277">
     <span class='ocr_line' id='line_1_108' title="bbox 3214 5236 3516 5277; baseline -0.017 0"><span class='ocrx_word' id='word_1_739' title='bbox 3214 5237 3278 5277; x_wconf 88' lang='lat' dir='ltr'><strong>ac</strong></span> <span class='ocrx_word' id='word_1_740' title='bbox 3358 5236 3516 5275; x_wconf 79' lang='lat' dir='ltr'><strong>nemo</strong></span> 
     </span>
    </p>
   </div>
   <div class='ocr_carea' id='block_1_108' title="bbox 2013 5405 3517 5465">
    <p class='ocr_par' dir='ltr' id='par_1_108' title="bbox 2013 5405 3517 5465">
     <span class='ocr_line' id='line_1_109' title="bbox 2013 5405 3517 5465; baseline -0.005 -1"><span class='ocrx_word' id='word_1_741' title='bbox 2013 5407 2072 5464; x_wconf 89' lang='lat' dir='ltr'><strong>S.</strong></span> <span class='ocrx_word' id='word_1_742' title='bbox 2106 5409 2276 5465; x_wconf 78' lang='lat' dir='ltr'><strong>Basil.</strong></span> <span class='ocrx_word' id='word_1_743' title='bbox 2308 5412 2363 5463; x_wconf 74' lang='lat' dir='ltr'><strong>in</strong></span> <span class='ocrx_word' id='word_1_744' title='bbox 2391 5407 2525 5462; x_wconf 79' lang='lat' dir='ltr'><strong>illud</strong></span> <span class='ocrx_word' id='word_1_745' title='bbox 2550 5425 2569 5463; x_wconf 89' lang='lat'><strong>:</strong></span> <span class='ocrx_word' id='word_1_746' title='bbox 2604 5427 2621 5460; x_wconf 80' lang='grc' dir='ltr'><strong>ι</strong></span> <span class='ocrx_word' id='word_1_747' title='bbox 2666 5407 2956 5462; x_wconf 89' lang='lat' dir='ltr'><strong>Destruam</strong></span> <span class='ocrx_word' id='word_1_748' title='bbox 2991 5405 3351 5459; x_wconf 81' lang='lat' dir='ltr'><strong>horreatnea.</strong></span> <span class='ocrx_word' id='word_1_749' title='bbox 3392 5423 3410 5455; x_wconf 75' lang='grc' dir='ltr'><strong>ι</strong></span> <span class='ocrx_word' id='word_1_750' title='bbox 3446 5433 3517 5443; x_wconf 88' lang='lat'><strong>--</strong></span> 
     </span>
    </p>
   </div>
   <div class='ocr_carea' id='block_1_109' title="bbox 1942 5497 3513 5568">
    <p class='ocr_par' dir='ltr' id='par_1_109' title="bbox 1942 5497 3513 5568">
     <span class='ocr_line' id='line_1_110' title="bbox 1942 5497 3513 5568; baseline -0.003 -14"><span class='ocrx_word' id='word_1_751' title='bbox 1942 5502 2163 5558; x_wconf 86' lang='lat' dir='ltr'><strong>Imitare</strong></span> <span class='ocrx_word' id='word_1_752' title='bbox 2212 5512 2433 5567; x_wconf 87' lang='lat' dir='ltr'><strong>terram,</strong></span> <span class='ocrx_word' id='word_1_753' title='bbox 2484 5516 2518 5556; x_wconf 89' lang='grc' dir='ltr'><strong>ο</strong></span> <span class='ocrx_word' id='word_1_754' title='bbox 2563 5502 2760 5566; x_wconf 85' lang='grc' dir='ltr'>Ιιοιιιο;</span> <span class='ocrx_word' id='word_1_755' title='bbox 2800 5498 2886 5553; x_wconf 86' lang='lat' dir='ltr'><strong>fac</strong></span> <span class='ocrx_word' id='word_1_756' title='bbox 2918 5498 3104 5568; x_wconf 73' lang='lat' dir='ltr'><strong>fruges</strong></span> <span class='ocrx_word' id='word_1_757' title='bbox 3137 5497 3283 5552; x_wconf 84' lang='lat' dir='ltr'><strong>feras</strong></span> <span class='ocrx_word' id='word_1_758' title='bbox 3314 5507 3372 5552; x_wconf 92' lang='lat' dir='ltr'><strong>ut</strong></span> <span class='ocrx_word' id='word_1_759' title='bbox 3404 5497 3513 5550; x_wconf 79' lang='lat' dir='ltr'><strong>illa.</strong></span> 
     </span>
    </p>
   </div>
   <div class='ocr_carea' id='block_1_110' title="bbox 1942 5591 3517 5662">
    <p class='ocr_par' dir='ltr' id='par_1_110' title="bbox 1942 5591 3517 5662">
     <span class='ocr_line' id='line_1_111' title="bbox 1942 5591 3517 5662; baseline -0.001 -16"><span class='ocrx_word' id='word_1_760' title='bbox 1942 5593 2017 5649; x_wconf 80' lang='lat' dir='ltr'><strong>Ne</strong></span> <span class='ocrx_word' id='word_1_761' title='bbox 2052 5603 2104 5649; x_wconf 87' lang='lat' dir='ltr'><strong>te</strong></span> <span class='ocrx_word' id='word_1_762' title='bbox 2134 5595 2462 5650; x_wconf 87' lang='lat' dir='ltr'><strong>deteriorem</strong></span> <span class='ocrx_word' id='word_1_763' title='bbox 2500 5608 2565 5648; x_wconf 89' lang='lat' dir='ltr'><strong>ea</strong></span> <span class='ocrx_word' id='word_1_764' title='bbox 2609 5594 2879 5662; x_wconf 65' lang='lat' dir='ltr'><strong>priebeas,</strong></span> <span class='ocrx_word' id='word_1_765' title='bbox 2913 5606 3039 5661; x_wconf 77' lang='lat' dir='ltr'><strong>qua:</strong></span> <span class='ocrx_word' id='word_1_766' title='bbox 3070 5591 3267 5645; x_wconf 71' lang='lat' dir='ltr'><strong>anima:</strong></span> <span class='ocrx_word' id='word_1_767' title='bbox 3303 5598 3390 5645; x_wconf 89' lang='lat' dir='ltr'><strong>est</strong></span> <span class='ocrx_word' id='word_1_768' title='bbox 3419 5606 3517 5644; x_wconf 78' lang='lat' dir='ltr'><strong>ex-</strong></span> 
     </span>
    </p>
   </div>
   <div class='ocr_carea' id='block_1_111' title="bbox 1942 5682 3516 5757">
    <p class='ocr_par' dir='ltr' id='par_1_111' title="bbox 1942 5682 3516 5757">
     <span class='ocr_line' id='line_1_112' title="bbox 1942 5682 3516 5757; baseline -0.004 -17"><span class='ocrx_word' id='word_1_769' title='bbox 1942 5702 2088 5755; x_wconf 86' lang='lat' dir='ltr'><strong>pers.</strong></span> <span class='ocrx_word' id='word_1_770' title='bbox 2138 5685 2228 5740; x_wconf 85' lang='lat' dir='ltr'><strong>llla</strong></span> <span class='ocrx_word' id='word_1_771' title='bbox 2276 5687 2424 5741; x_wconf 86' lang='lat' dir='ltr'><strong>enim</strong></span> <span class='ocrx_word' id='word_1_772' title='bbox 2464 5685 2700 5748; x_wconf 86' lang='lat' dir='ltr'><strong>fructus,</strong></span> <span class='ocrx_word' id='word_1_773' title='bbox 2756 5699 2866 5738; x_wconf 91' lang='lat' dir='ltr'><strong>non</strong></span> <span class='ocrx_word' id='word_1_774' title='bbox 2911 5683 3112 5754; x_wconf 86' lang='lat' dir='ltr'><strong>quibus</strong></span> <span class='ocrx_word' id='word_1_775' title='bbox 3162 5689 3368 5747; x_wconf 89' lang='lat' dir='ltr'><strong>utatur,</strong></span> <span class='ocrx_word' id='word_1_776' title='bbox 3416 5682 3516 5757; x_wconf 86' lang='lat' dir='ltr'><strong>sed</strong></span> 
     </span>
    </p>
   </div>
   <div class='ocr_carea' id='block_1_112' title="bbox 1944 5776 3517 5848">
    <p class='ocr_par' dir='ltr' id='par_1_112' title="bbox 1944 5776 3517 5848">
     <span class='ocr_line' id='line_1_113' title="bbox 1944 5776 3517 5848; baseline -0.003 -17"><span class='ocrx_word' id='word_1_777' title='bbox 1944 5780 2008 5832; x_wconf 82' lang='lat' dir='ltr'><strong>ad</strong></span> <span class='ocrx_word' id='word_1_778' title='bbox 2049 5779 2420 5835; x_wconf 86' lang='lat' dir='ltr'><strong>ministerium</strong></span> <span class='ocrx_word' id='word_1_779' title='bbox 2470 5789 2621 5834; x_wconf 89' lang='lat' dir='ltr'><strong>tuum</strong></span> <span class='ocrx_word' id='word_1_780' title='bbox 2656 5778 2837 5833; x_wconf 92' lang='lat' dir='ltr'><strong>aluit:</strong></span> <span class='ocrx_word' id='word_1_781' title='bbox 2876 5787 2941 5833; x_wconf 79' lang='lat' dir='ltr'><strong>tu</strong></span> <span class='ocrx_word' id='word_1_782' title='bbox 2978 5792 3109 5832; x_wconf 89' lang='lat' dir='ltr'><strong>vero</strong></span> <span class='ocrx_word' id='word_1_783' title='bbox 3153 5792 3315 5848; x_wconf 79' lang='lat' dir='ltr'><strong>quem</strong></span> <span class='ocrx_word' id='word_1_784' title='bbox 3351 5776 3517 5829; x_wconf 48' lang='lat' dir='ltr'><strong>beuc‘</strong></span> 
     </span>
    </p>
   </div>
   <div class='ocr_carea' id='block_1_113' title="bbox 1948 5869 3515 5948">
    <p class='ocr_par' dir='ltr' id='par_1_113' title="bbox 1948 5869 3515 5948">
     <span class='ocr_line' id='line_1_114' title="bbox 1948 5869 3515 5948; baseline -0.004 -20"><span class='ocrx_word' id='word_1_785' title='bbox 1948 5874 2177 5930; x_wconf 70' lang='lat' dir='ltr'><strong>licentia:</strong></span> <span class='ocrx_word' id='word_1_786' title='bbox 2211 5874 2449 5930; x_wconf 86' lang='lat' dir='ltr'><strong>fructum</strong></span> <span class='ocrx_word' id='word_1_787' title='bbox 2482 5872 2742 5940; x_wconf 89' lang='lat' dir='ltr'><strong>edideris,</strong></span> <span class='ocrx_word' id='word_1_788' title='bbox 2793 5871 2940 5928; x_wconf 89' lang='lat' dir='ltr'><strong>hunc</strong></span> <span class='ocrx_word' id='word_1_789' title='bbox 2972 5871 3071 5928; x_wconf 90' lang='lat' dir='ltr'><strong>tibi</strong></span> <span class='ocrx_word' id='word_1_790' title='bbox 3104 5870 3208 5942; x_wconf 86' lang='lat' dir='ltr'><strong>ipsi</strong></span> <span class='ocrx_word' id='word_1_791' title='bbox 3234 5869 3515 5948; x_wconf 68' lang='lat' dir='ltr'><strong>cumules-</strong></span> 
     </span>
    </p>
   </div>
  </div>
