  <div class='ocr_page' id='page_1' title='image "/cluster/home/n/w/nwhite01/storage/ocr_20150623/95/hvd.32044019208057/737.png"; bbox 0 0 3968 6438; ppageno 0'>
   <div class='ocr_carea' id='block_1_1' title="bbox 531 415 2133 490">
    <p class='ocr_par' dir='ltr' id='par_1_1' title="bbox 531 423 2132 490">
     <span class='ocr_line' id='line_1_1' title="bbox 531 423 2132 490; baseline -0.002 -4"><span class='ocrx_word' id='word_1_1' title='bbox 531 425 669 490; x_wconf 63' lang='grc'><strong>1463</strong></span> <span class='ocrx_word' id='word_1_2' title='bbox 1166 435 1172 440; x_wconf 85' lang='grc'><em>’</em></span> <span class='ocrx_word' id='word_1_3' title='bbox 1718 425 1779 482; x_wconf 88' lang='lat' dir='ltr'><strong>S.</strong></span> <span class='ocrx_word' id='word_1_4' title='bbox 1812 423 2132 483; x_wconf 76' lang='lat' dir='ltr'><strong>JOANNIS</strong></span> 
     </span>
    </p>
   </div>
   <div class='ocr_carea' id='block_1_2' title="bbox 2245 415 3810 490">
    <p class='ocr_par' dir='ltr' id='par_1_2' title="bbox 2245 415 3810 484">
     <span class='ocr_line' id='line_1_2' title="bbox 2245 415 3810 484; baseline -0.001 -3"><span class='ocrx_word' id='word_1_5' title='bbox 2245 422 2604 484; x_wconf 82' lang='lat' dir='ltr'><strong>\MASCENI</strong></span> <span class='ocrx_word' id='word_1_6' title='bbox 3689 415 3810 480; x_wconf 74' lang='grc' dir='ltr'>ιιει</span> 
     </span>
    </p>
   </div>
   <div class='ocr_carea' id='block_1_3' title="bbox 527 532 2133 607">
    <p class='ocr_par' dir='ltr' id='par_1_3' title="bbox 527 535 2102 606">
     <span class='ocr_line' id='line_1_3' title="bbox 527 535 2102 606; baseline -0.001 -15"><span class='ocrx_word' id='word_1_7' title='bbox 527 539 798 606; x_wconf 83' lang='lat' dir='ltr'><strong>Quoniam</strong></span> <span class='ocrx_word' id='word_1_8' title='bbox 849 538 1118 592; x_wconf 87' lang='lat' dir='ltr'><strong>bonormu</strong></span> <span class='ocrx_word' id='word_1_9' title='bbox 1169 551 1398 606; x_wconf 85' lang='lat' dir='ltr'><strong>operum</strong></span> <span class='ocrx_word' id='word_1_10' title='bbox 1443 535 1634 606; x_wconf 65' lang='lat' dir='ltr'><strong>gratia:</strong></span> <span class='ocrx_word' id='word_1_11' title='bbox 1682 536 1749 590; x_wconf 86' lang='lat' dir='ltr'><strong>ad</strong></span> <span class='ocrx_word' id='word_1_12' title='bbox 1810 537 2102 604; x_wconf 65' lang='lat' dir='ltr'><strong>largitores</strong></span> 
     </span>
    </p>
   </div>
   <div class='ocr_carea' id='block_1_4' title="bbox 2245 532 3810 607">
    <p class='ocr_par' dir='ltr' id='par_1_4' title="bbox 2245 532 3810 607">
     <span class='ocr_line' id='line_1_4' title="bbox 2245 532 3810 607; baseline -0.003 -18"><span class='ocrx_word' id='word_1_13' title='bbox 2245 536 2657 607; x_wconf 77' lang='grc' dir='ltr'>ναπρὲφουσιν.</span> <span class='ocrx_word' id='word_1_14' title='bbox 2684 535 2929 598; x_wconf 84' lang='grc' dir='ltr'>Ἔδωκας</span> <span class='ocrx_word' id='word_1_15' title='bbox 2952 535 3028 605; x_wconf 80' lang='grc' dir='ltr'>τῷ</span> <span class='ocrx_word' id='word_1_16' title='bbox 3046 533 3325 600; x_wconf 55' lang='grc' dir='ltr'>πινῶντι,</span> <span class='ocrx_word' id='word_1_17' title='bbox 3350 534 3449 586; x_wconf 72' lang='grc' dir='ltr'><strong>καὶ</strong></span> <span class='ocrx_word' id='word_1_18' title='bbox 3485 532 3588 584; x_wconf 74' lang='grc' dir='ltr'><strong>σὺν</strong></span> <span class='ocrx_word' id='word_1_19' title='bbox 3618 534 3810 598; x_wconf 69' lang='grc' dir='ltr'>γίνεται</span> 
     </span>
    </p>
   </div>
   <div class='ocr_carea' id='block_1_5' title="bbox 528 625 2133 700">
    <p class='ocr_par' dir='ltr' id='par_1_5' title="bbox 528 627 2103 698">
     <span class='ocr_line' id='line_1_5' title="bbox 528 627 2103 698; baseline -0.003 -14"><span class='ocrx_word' id='word_1_20' title='bbox 528 633 783 686; x_wconf 85' lang='lat' dir='ltr'><strong>redeunt.</strong></span> <span class='ocrx_word' id='word_1_21' title='bbox 816 629 1019 684; x_wconf 87' lang='lat' dir='ltr'><strong>Dedisti</strong></span> <span class='ocrx_word' id='word_1_22' title='bbox 1053 628 1342 691; x_wconf 82' lang='lat' dir='ltr'><strong>esurienti,</strong></span> <span class='ocrx_word' id='word_1_23' title='bbox 1383 627 1628 698; x_wconf 81' lang='lat' dir='ltr'><strong>illudque</strong></span> <span class='ocrx_word' id='word_1_24' title='bbox 1660 638 1812 682; x_wconf 91' lang='lat' dir='ltr'><strong>tuum</strong></span> <span class='ocrx_word' id='word_1_25' title='bbox 1847 627 2103 692; x_wconf 84' lang='lat' dir='ltr'><strong>efIicitur,</strong></span> 
     </span>
    </p>
   </div>
   <div class='ocr_carea' id='block_1_6' title="bbox 2245 625 3814 700">
    <p class='ocr_par' dir='ltr' id='par_1_6' title="bbox 2245 625 3814 700">
     <span class='ocr_line' id='line_1_6' title="bbox 2245 625 3814 700; baseline -0.004 -18"><span class='ocrx_word' id='word_1_26' title='bbox 2245 630 2273 682; x_wconf 84' lang='grc' dir='ltr'>ὸ</span> <span class='ocrx_word' id='word_1_27' title='bbox 2304 629 2459 682; x_wconf 81' lang='grc' dir='ltr'>δοθὲν</span> <span class='ocrx_word' id='word_1_28' title='bbox 2497 629 2634 700; x_wconf 84' lang='grc' dir='ltr'>μετὰ</span> <span class='ocrx_word' id='word_1_29' title='bbox 2671 627 2993 700; x_wconf 77' lang='grc' dir='ltr'><strong>προσθήκης</strong></span> <span class='ocrx_word' id='word_1_30' title='bbox 3025 627 3349 680; x_wconf 82' lang='grc' dir='ltr'>ἐπανελθόν.</span> <span class='ocrx_word' id='word_1_31' title='bbox 3395 627 3639 692; x_wconf 74' lang='grc' dir='ltr'>Ὥσπερ</span> <span class='ocrx_word' id='word_1_32' title='bbox 3667 625 3814 692; x_wconf 66' lang='grc' dir='ltr'><strong>γὰρό</strong></span> 
     </span>
    </p>
   </div>
   <div class='ocr_carea' id='block_1_7' title="bbox 531 707 2133 793">
    <p class='ocr_par' dir='ltr' id='par_1_7' title="bbox 531 707 2104 780">
     <span class='ocr_line' id='line_1_7' title="bbox 531 707 2104 780; baseline -0.004 -2"><span class='ocrx_word' id='word_1_33' title='bbox 531 725 598 780; x_wconf 88' lang='lat' dir='ltr'><strong>ad</strong></span> <span class='ocrx_word' id='word_1_34' title='bbox 651 733 704 780; x_wconf 86' lang='lat' dir='ltr'><strong>te</strong></span> <span class='ocrx_word' id='word_1_35' title='bbox 747 740 874 780; x_wconf 89' lang='lat' dir='ltr'><strong>cum</strong></span> <span class='ocrx_word' id='word_1_36' title='bbox 923 722 1114 778; x_wconf 88' lang='lat' dir='ltr'><strong>fenore</strong></span> <span class='ocrx_word' id='word_1_37' title='bbox 1159 723 1398 778; x_wconf 86' lang='lat' dir='ltr'><strong>rediens.</strong></span> <span class='ocrx_word' id='word_1_38' title='bbox 1443 719 1514 778; x_wconf 89' lang='lat' dir='ltr'><strong>Ut</strong></span> <span class='ocrx_word' id='word_1_39' title='bbox 1564 720 1710 777; x_wconf 88' lang='lat' dir='ltr'><strong>enim</strong></span> <span class='ocrx_word' id='word_1_40' title='bbox 1767 707 2104 775; x_wconf 81' lang='lat' dir='ltr'><strong>frumentum</strong></span> 
     </span>
    </p>
   </div>
   <div class='ocr_carea' id='block_1_8' title="bbox 2245 707 3816 793">
    <p class='ocr_par' dir='ltr' id='par_1_8' title="bbox 2245 716 3816 793">
     <span class='ocr_line' id='line_1_8' title="bbox 2245 716 3816 793; baseline 0.003 -17"><span class='ocrx_word' id='word_1_41' title='bbox 2245 724 2362 785; x_wconf 68' lang='lat' dir='ltr'><strong>ito;</strong></span> <span class='ocrx_word' id='word_1_42' title='bbox 2390 721 2574 775; x_wconf 83' lang='grc' dir='ltr'>πεσὼν</span> <span class='ocrx_word' id='word_1_43' title='bbox 2615 723 2696 784; x_wconf 83' lang='grc' dir='ltr'>εἰς</span> <span class='ocrx_word' id='word_1_44' title='bbox 2729 721 2828 793; x_wconf 83' lang='grc' dir='ltr'>τὴν</span> <span class='ocrx_word' id='word_1_45' title='bbox 2855 721 2981 792; x_wconf 82' lang='grc' dir='ltr'>γῆν,</span> <span class='ocrx_word' id='word_1_46' title='bbox 3016 719 3206 792; x_wconf 81' lang='grc' dir='ltr'><strong>κέρδος</strong></span> <span class='ocrx_word' id='word_1_47' title='bbox 3257 719 3342 789; x_wconf 80' lang='grc' dir='ltr'>τῷ</span> <span class='ocrx_word' id='word_1_48' title='bbox 3375 717 3714 790; x_wconf 70' lang='grc' dir='ltr'>προιεμένῳ</span> <span class='ocrx_word' id='word_1_49' title='bbox 3741 716 3816 781; x_wconf 67' lang='grc' dir='ltr'><strong>τέ’</strong></span> 
     </span>
    </p>
   </div>
   <div class='ocr_carea' id='block_1_9' title="bbox 534 808 2133 885">
    <p class='ocr_par' dir='ltr' id='par_1_9' title="bbox 534 814 2108 885">
     <span class='ocr_line' id='line_1_9' title="bbox 534 814 2108 885; baseline -0.002 -15"><span class='ocrx_word' id='word_1_50' title='bbox 534 819 587 871; x_wconf 90' lang='lat' dir='ltr'><strong>in</strong></span> <span class='ocrx_word' id='word_1_51' title='bbox 643 827 848 872; x_wconf 89' lang='lat' dir='ltr'><strong>terram</strong></span> <span class='ocrx_word' id='word_1_52' title='bbox 892 816 1100 885; x_wconf 85' lang='lat' dir='ltr'><strong>lapsum</strong></span> <span class='ocrx_word' id='word_1_53' title='bbox 1133 815 1182 869; x_wconf 89' lang='lat' dir='ltr'><strong>ei</strong></span> <span class='ocrx_word' id='word_1_54' title='bbox 1217 831 1244 869; x_wconf 89' lang='lat' dir='ltr'><strong>a</strong></span> <span class='ocrx_word' id='word_1_55' title='bbox 1279 829 1388 883; x_wconf 84' lang='lat' dir='ltr'><strong>quo</strong></span> <span class='ocrx_word' id='word_1_56' title='bbox 1436 815 1743 884; x_wconf 86' lang='lat' dir='ltr'><strong>projectum</strong></span> <span class='ocrx_word' id='word_1_57' title='bbox 1777 823 1860 869; x_wconf 87' lang='lat' dir='ltr'><strong>est</strong></span> <span class='ocrx_word' id='word_1_58' title='bbox 1892 814 2108 868; x_wconf 85' lang='lat' dir='ltr'><strong>emolu-</strong></span> 
     </span>
    </p>
   </div>
   <div class='ocr_carea' id='block_1_10' title="bbox 2245 808 3820 885">
    <p class='ocr_par' dir='ltr' id='par_1_10' title="bbox 2247 808 3820 885">
     <span class='ocr_line' id='line_1_10' title="bbox 2247 808 3820 885; baseline -0.007 -15"><span class='ocrx_word' id='word_1_59' title='bbox 2247 833 2386 882; x_wconf 88' lang='grc' dir='ltr'>εται,</span> <span class='ocrx_word' id='word_1_60' title='bbox 2407 814 2578 879; x_wconf 80' lang='grc' dir='ltr'>οὕτως</span> <span class='ocrx_word' id='word_1_61' title='bbox 2620 817 2648 868; x_wconf 88' lang='grc' dir='ltr'>ὁ</span> <span class='ocrx_word' id='word_1_62' title='bbox 2681 816 2843 885; x_wconf 83' lang='grc' dir='ltr'>ἄρτος</span> <span class='ocrx_word' id='word_1_63' title='bbox 2871 816 2950 878; x_wconf 78' lang='grc' dir='ltr'>εἰς</span> <span class='ocrx_word' id='word_1_64' title='bbox 2984 813 3076 867; x_wconf 73' lang='grc' dir='ltr'><strong>τὸν</strong></span> <span class='ocrx_word' id='word_1_65' title='bbox 3107 811 3391 866; x_wconf 76' lang='grc' dir='ltr'><strong>πεινῶντα</strong></span> <span class='ocrx_word' id='word_1_66' title='bbox 3423 808 3820 876; x_wconf 71' lang='grc' dir='ltr'>καταδληθεὶς,</span> 
     </span>
    </p>
   </div>
   <div class='ocr_carea' id='block_1_11' title="bbox 533 898 2133 978">
    <p class='ocr_par' dir='ltr' id='par_1_11' title="bbox 533 900 2104 978">
     <span class='ocr_line' id='line_1_11' title="bbox 533 900 2104 978; baseline -0.002 -15"><span class='ocrx_word' id='word_1_67' title='bbox 533 920 776 963; x_wconf 87' lang='lat' dir='ltr'><strong>mentum</strong></span> <span class='ocrx_word' id='word_1_68' title='bbox 825 908 1001 972; x_wconf 70' lang='lat' dir='ltr'><strong>affert,</strong></span> <span class='ocrx_word' id='word_1_69' title='bbox 1034 908 1224 964; x_wconf 91' lang='lat' dir='ltr'><strong>eodem</strong></span> <span class='ocrx_word' id='word_1_70' title='bbox 1273 907 1438 962; x_wconf 87' lang='lat' dir='ltr'><strong>modo</strong></span> <span class='ocrx_word' id='word_1_71' title='bbox 1472 908 1628 978; x_wconf 90' lang='lat' dir='ltr'><strong>panis</strong></span> <span class='ocrx_word' id='word_1_72' title='bbox 1679 907 1730 960; x_wconf 91' lang='lat' dir='ltr'><strong>in</strong></span> <span class='ocrx_word' id='word_1_73' title='bbox 1774 900 2104 962; x_wconf 82' lang='lat' dir='ltr'><strong>esurientem</strong></span> 
     </span>
    </p>
   </div>
   <div class='ocr_carea' id='block_1_12' title="bbox 2245 898 3826 978">
    <p class='ocr_par' dir='ltr' id='par_1_12' title="bbox 2245 898 3826 978">
     <span class='ocr_line' id='line_1_12' title="bbox 2245 898 3826 978; baseline -0.007 -19"><span class='ocrx_word' id='word_1_74' title='bbox 2245 907 2484 978; x_wconf 83' lang='grc' dir='ltr'>ιολύχουν</span> <span class='ocrx_word' id='word_1_75' title='bbox 2514 906 2613 977; x_wconf 82' lang='grc' dir='ltr'>τὴν</span> <span class='ocrx_word' id='word_1_76' title='bbox 2635 905 2907 974; x_wconf 79' lang='grc' dir='ltr'>ὠφέλειαν</span> <span class='ocrx_word' id='word_1_77' title='bbox 2923 905 3002 968; x_wconf 72' lang='grc' dir='ltr'>εἰς</span> <span class='ocrx_word' id='word_1_78' title='bbox 3025 903 3251 974; x_wconf 78' lang='grc' dir='ltr'>ὓστερον</span> <span class='ocrx_word' id='word_1_79' title='bbox 3271 898 3826 956; x_wconf 73' lang='grc' dir='ltr'>ἀναδίδωσιν.Ἕττω</span> 
     </span>
    </p>
   </div>
   <div class='ocr_carea' id='block_1_13' title="bbox 531 985 2133 1071">
    <p class='ocr_par' dir='ltr' id='par_1_13' title="bbox 531 985 2106 1070">
     <span class='ocr_line' id='line_1_13' title="bbox 531 985 2106 1070; baseline -0.003 -14"><span class='ocrx_word' id='word_1_80' title='bbox 531 1001 801 1069; x_wconf 73' lang='lat' dir='ltr'><strong>dejectus.</strong></span> <span class='ocrx_word' id='word_1_81' title='bbox 838 1000 1058 1056; x_wconf 86' lang='lat' dir='ltr'><strong>uberem</strong></span> <span class='ocrx_word' id='word_1_82' title='bbox 1090 999 1144 1052; x_wconf 92' lang='lat' dir='ltr'><strong>in</strong></span> <span class='ocrx_word' id='word_1_83' title='bbox 1188 1008 1471 1070; x_wconf 88' lang='lat' dir='ltr'><strong>posterum</strong></span> <span class='ocrx_word' id='word_1_84' title='bbox 1524 999 1821 1054; x_wconf 86' lang='lat' dir='ltr'><strong>utilitatem</strong></span> <span class='ocrx_word' id='word_1_85' title='bbox 1864 985 2106 1069; x_wconf 65' lang='lat' dir='ltr'><strong>praestat.</strong></span> 
     </span>
    </p>
   </div>
   <div class='ocr_carea' id='block_1_14' title="bbox 2245 985 3828 1071">
    <p class='ocr_par' dir='ltr' id='par_1_14' title="bbox 2245 991 3828 1071">
     <span class='ocr_line' id='line_1_14' title="bbox 2245 991 3828 1071; baseline -0.008 -16"><span class='ocrx_word' id='word_1_86' title='bbox 2245 997 2311 1055; x_wconf 74' lang='grc' dir='ltr'>ὗν</span> <span class='ocrx_word' id='word_1_87' title='bbox 2343 1019 2424 1054; x_wconf 90' lang='grc' dir='ltr'><strong>σοι</strong></span> <span class='ocrx_word' id='word_1_88' title='bbox 2453 999 2513 1054; x_wconf 77' lang='grc' dir='ltr'><strong>τὸ</strong></span> <span class='ocrx_word' id='word_1_89' title='bbox 2539 1000 2715 1071; x_wconf 81' lang='grc' dir='ltr'>πέρας</span> <span class='ocrx_word' id='word_1_90' title='bbox 2735 998 2836 1068; x_wconf 75' lang='grc' dir='ltr'>τῆς</span> <span class='ocrx_word' id='word_1_91' title='bbox 2862 999 3138 1069; x_wconf 78' lang='grc' dir='ltr'><strong>γεωργίας</strong></span> <span class='ocrx_word' id='word_1_92' title='bbox 3155 995 3245 1051; x_wconf 77' lang='grc' dir='ltr'>διὰ</span> <span class='ocrx_word' id='word_1_93' title='bbox 3273 996 3378 1066; x_wconf 76' lang='grc' dir='ltr'>τῆς</span> <span class='ocrx_word' id='word_1_94' title='bbox 3412 993 3532 1046; x_wconf 81' lang='grc' dir='ltr'><strong>τῶν</strong></span> <span class='ocrx_word' id='word_1_95' title='bbox 3555 991 3828 1060; x_wconf 63' lang='grc' dir='ltr'>δεομένων</span> 
     </span>
    </p>
   </div>
   <div class='ocr_carea' id='block_1_15' title="bbox 533 1080 2133 1186">
    <p class='ocr_par' dir='ltr' id='par_1_15' title="bbox 533 1087 2111 1163">
     <span class='ocr_line' id='line_1_15' title="bbox 533 1087 2111 1163; baseline -0.004 -15"><span class='ocrx_word' id='word_1_96' title='bbox 533 1096 608 1148; x_wconf 79' lang='lat' dir='ltr'><strong>Ac</strong></span> <span class='ocrx_word' id='word_1_97' title='bbox 645 1092 872 1163; x_wconf 88' lang='lat' dir='ltr'><strong>proinde</strong></span> <span class='ocrx_word' id='word_1_98' title='bbox 906 1092 974 1146; x_wconf 89' lang='lat' dir='ltr'><strong>da</strong></span> <span class='ocrx_word' id='word_1_99' title='bbox 999 1105 1223 1159; x_wconf 84' lang='lat' dir='ltr'><strong>Operam</strong></span> <span class='ocrx_word' id='word_1_100' title='bbox 1273 1099 1329 1145; x_wconf 95' lang='lat' dir='ltr'><strong>ut</strong></span> <span class='ocrx_word' id='word_1_101' title='bbox 1359 1089 1712 1160; x_wconf 71' lang='lat' dir='ltr'><strong>agricultura:</strong></span> <span class='ocrx_word' id='word_1_102' title='bbox 1743 1087 1906 1151; x_wconf 83' lang='lat' dir='ltr'><strong>finis,</strong></span> <span class='ocrx_word' id='word_1_103' title='bbox 1943 1101 2111 1159; x_wconf 79' lang='lat' dir='ltr'><strong>egen-</strong></span> 
     </span>
    </p>
   </div>
   <div class='ocr_carea' id='block_1_16' title="bbox 2245 1080 3830 1186">
    <p class='ocr_par' dir='ltr' id='par_1_16' title="bbox 2245 1080 3830 1160">
     <span class='ocr_line' id='line_1_16' title="bbox 2245 1080 3830 1160; baseline -0.006 -18"><span class='ocrx_word' id='word_1_104' title='bbox 2245 1087 2576 1159; x_wconf 70' lang='grc' dir='ltr'>ιεταλήψεως</span> <span class='ocrx_word' id='word_1_105' title='bbox 2608 1086 2752 1160; x_wconf 83' lang='grc' dir='ltr'>ἀρχὴ</span> <span class='ocrx_word' id='word_1_106' title='bbox 2779 1088 2879 1158; x_wconf 80' lang='grc' dir='ltr'><strong>τῆς</strong></span> <span class='ocrx_word' id='word_1_107' title='bbox 2898 1084 3217 1155; x_wconf 78' lang='grc' dir='ltr'>ἐπουρανίου</span> <span class='ocrx_word' id='word_1_108' title='bbox 3253 1083 3503 1154; x_wconf 77' lang='grc' dir='ltr'><strong>σπορᾶς.</strong></span> <span class='ocrx_word' id='word_1_109' title='bbox 3541 1080 3830 1149; x_wconf 67' lang='grc' dir='ltr'>Σπείρατε</span> 
     </span>
    </p>
   </div>
   <div class='ocr_carea' id='block_1_17' title="bbox 536 1174 2133 1253">
    <p class='ocr_par' dir='ltr' id='par_1_17' title="bbox 536 1179 2112 1246">
     <span class='ocr_line' id='line_1_17' title="bbox 536 1179 2112 1246; baseline -0.004 -6"><span class='ocrx_word' id='word_1_110' title='bbox 536 1188 684 1240; x_wconf 85' lang='lat' dir='ltr'><strong>tibus</strong></span> <span class='ocrx_word' id='word_1_111' title='bbox 729 1183 1214 1246; x_wconf 90' lang='lat' dir='ltr'><strong>communicando,</strong></span> <span class='ocrx_word' id='word_1_112' title='bbox 1264 1183 1336 1238; x_wconf 87' lang='lat' dir='ltr'><strong>sit</strong></span> <span class='ocrx_word' id='word_1_113' title='bbox 1391 1182 1485 1236; x_wconf 85' lang='lat' dir='ltr'><strong>tibi</strong></span> <span class='ocrx_word' id='word_1_114' title='bbox 1538 1182 1783 1238; x_wconf 66' lang='lat' dir='ltr'><strong>caelestis</strong></span> <span class='ocrx_word' id='word_1_115' title='bbox 1843 1179 2112 1236; x_wconf 86' lang='lat' dir='ltr'><strong>sementis</strong></span> 
     </span>
    </p>
   </div>
   <div class='ocr_carea' id='block_1_18' title="bbox 2245 1174 3830 1253">
    <p class='ocr_par' dir='ltr' id='par_1_18' title="bbox 2245 1174 3830 1253">
     <span class='ocr_line' id='line_1_18' title="bbox 2245 1174 3830 1253; baseline -0.009 -17"><span class='ocrx_word' id='word_1_116' title='bbox 2245 1182 2327 1253; x_wconf 83' lang='grc' dir='ltr'>’ὰρ</span> <span class='ocrx_word' id='word_1_117' title='bbox 2355 1179 2612 1246; x_wconf 84' lang='grc' dir='ltr'>ἑαυτοῖς,</span> <span class='ocrx_word' id='word_1_118' title='bbox 2647 1179 2834 1250; x_wconf 72' lang='grc' dir='ltr'>φησὶν,</span> <span class='ocrx_word' id='word_1_119' title='bbox 2861 1179 2949 1243; x_wconf 80' lang='grc' dir='ltr'><strong>εις</strong></span> <span class='ocrx_word' id='word_1_120' title='bbox 2979 1176 3405 1242; x_wconf 73' lang='grc' dir='ltr'>δικαιοσύνην.</span> <span class='ocrx_word' id='word_1_121' title='bbox 3475 1174 3551 1226; x_wconf 80' lang='lat' dir='ltr'><strong>Ti</strong></span> <span class='ocrx_word' id='word_1_122' title='bbox 3579 1174 3684 1225; x_wconf 68' lang='grc' dir='ltr'>ὠν</span> <span class='ocrx_word' id='word_1_123' title='bbox 3714 1174 3830 1238; x_wconf 54' lang='grc' dir='ltr'><strong>ἁξη-</strong></span> 
     </span>
    </p>
   </div>
   <div class='ocr_carea' id='block_1_19' title="bbox 535 1263 2133 1346">
    <p class='ocr_par' dir='ltr' id='par_1_19' title="bbox 535 1272 2115 1344">
     <span class='ocr_line' id='line_1_19' title="bbox 535 1272 2115 1344; baseline -0.004 -11"><span class='ocrx_word' id='word_1_124' title='bbox 535 1279 772 1334; x_wconf 88' lang='lat' dir='ltr'><strong>initium.</strong></span> <span class='ocrx_word' id='word_1_125' title='bbox 818 1276 1087 1331; x_wconf 84' lang='lat' dir='ltr'><strong>Semiuate</strong></span> <span class='ocrx_word' id='word_1_126' title='bbox 1122 1275 1267 1329; x_wconf 88' lang='lat' dir='ltr'><strong>enim</strong></span> <span class='ocrx_word' id='word_1_127' title='bbox 1309 1273 1678 1344; x_wconf 84' lang='lat' dir='ltr'><strong>vobis,inqnit</strong></span> <span class='ocrx_word' id='word_1_128' title='bbox 1707 1274 1822 1336; x_wconf 90' lang='lat' dir='ltr'><strong>ille,</strong></span> <span class='ocrx_word' id='word_1_129' title='bbox 1862 1273 1931 1326; x_wconf 84' lang='lat' dir='ltr'><strong>ad</strong></span> <span class='ocrx_word' id='word_1_130' title='bbox 1954 1272 2115 1341; x_wconf 85' lang='lat' dir='ltr'><strong>justi-</strong></span> 
     </span>
    </p>
   </div>
   <div class='ocr_carea' id='block_1_20' title="bbox 2245 1263 3834 1346">
    <p class='ocr_par' dir='ltr' id='par_1_20' title="bbox 2245 1263 3834 1340">
     <span class='ocr_line' id='line_1_20' title="bbox 2245 1263 3834 1340; baseline -0.01 -13"><span class='ocrx_word' id='word_1_131' title='bbox 2245 1276 2439 1339; x_wconf 85' lang='grc' dir='ltr'>ιονεῖς;</span> <span class='ocrx_word' id='word_1_132' title='bbox 2471 1273 2524 1325; x_wconf 81' lang='grc' dir='ltr'><em>τί</em></span> <span class='ocrx_word' id='word_1_133' title='bbox 2564 1272 2786 1334; x_wconf 79' lang='grc' dir='ltr'>κόπτεις</span> <span class='ocrx_word' id='word_1_134' title='bbox 2829 1269 3075 1334; x_wconf 77' lang='grc' dir='ltr'>σεαυτὸν,</span> <span class='ocrx_word' id='word_1_135' title='bbox 3103 1268 3263 1340; x_wconf 80' lang='grc' dir='ltr'>πηλῷ</span> <span class='ocrx_word' id='word_1_136' title='bbox 3291 1268 3392 1321; x_wconf 71' lang='grc' dir='ltr'><strong>καὶ</strong></span> <span class='ocrx_word' id='word_1_137' title='bbox 3443 1263 3716 1325; x_wconf 52' lang='grc' dir='ltr'>πλίνθος</span> <span class='ocrx_word' id='word_1_138' title='bbox 3755 1263 3834 1313; x_wconf 60' lang='grc' dir='ltr'>τὶν</span> 
     </span>
    </p>
   </div>
   <div class='ocr_carea' id='block_1_21' title="bbox 539 1356 2133 1458">
    <p class='ocr_par' dir='ltr' id='par_1_21' title="bbox 539 1365 2114 1437">
     <span class='ocr_line' id='line_1_21' title="bbox 539 1365 2114 1437; baseline -0.004 -13"><span class='ocrx_word' id='word_1_139' title='bbox 539 1372 669 1424; x_wconf 86' lang='lat' dir='ltr'><strong>tiam</strong></span> <span class='ocrx_word' id='word_1_140' title='bbox 695 1369 850 1436; x_wconf 77' lang='lat' dir='ltr'><strong>(Osee</strong></span> <span class='ocrx_word' id='word_1_141' title='bbox 898 1386 954 1433; x_wconf 75' lang='grc' dir='ltr'>ι,</span> <span class='ocrx_word' id='word_1_142' title='bbox 986 1369 1101 1437; x_wconf 73' lang='grc'><strong>12).</strong></span> <span class='ocrx_word' id='word_1_143' title='bbox 1135 1367 1247 1422; x_wconf 89' lang='lat' dir='ltr'><strong>Cur</strong></span> <span class='ocrx_word' id='word_1_144' title='bbox 1275 1382 1408 1437; x_wconf 79' lang='lat' dir='ltr'><strong>ergo</strong></span> <span class='ocrx_word' id='word_1_145' title='bbox 1439 1368 1623 1421; x_wconf 86' lang='lat' dir='ltr'><strong>animo</strong></span> <span class='ocrx_word' id='word_1_146' title='bbox 1653 1365 1882 1420; x_wconf 85' lang='lat' dir='ltr'><strong>deﬁcis?</strong></span> <span class='ocrx_word' id='word_1_147' title='bbox 1905 1380 2005 1420; x_wconf 89' lang='lat' dir='ltr'><strong>cur</strong></span> <span class='ocrx_word' id='word_1_148' title='bbox 2034 1378 2114 1420; x_wconf 83' lang='lat' dir='ltr'><strong>te-</strong></span> 
     </span>
    </p>
   </div>
   <div class='ocr_carea' id='block_1_22' title="bbox 2245 1356 3834 1458">
    <p class='ocr_par' dir='ltr' id='par_1_22' title="bbox 2245 1356 3834 1432">
     <span class='ocr_line' id='line_1_22' title="bbox 2245 1356 3834 1432; baseline -0.006 -16"><span class='ocrx_word' id='word_1_149' title='bbox 2245 1365 2450 1418; x_wconf 79' lang='grc' dir='ltr'>ιλοῦτον</span> <span class='ocrx_word' id='word_1_150' title='bbox 2479 1363 2802 1418; x_wconf 75' lang='grc' dir='ltr'>ἀποκλεῖσαι</span> <span class='ocrx_word' id='word_1_151' title='bbox 2845 1359 3200 1432; x_wconf 79' lang='grc' dir='ltr'>φιλονεικῶν;</span> <span class='ocrx_word' id='word_1_152' title='bbox 3267 1357 3598 1428; x_wconf 79' lang='grc' dir='ltr'>Κρεῖσσον</span> <span class='ocrx_word' id='word_1_153' title='bbox 3655 1356 3834 1422; x_wconf 58' lang='grc' dir='ltr'>ἐπέρα</span> 
     </span>
    </p>
   </div>
   <div class='ocr_carea' id='block_1_23' title="bbox 537 1449 2133 1554">
    <p class='ocr_par' dir='ltr' id='par_1_23' title="bbox 537 1457 2116 1532">
     <span class='ocr_line' id='line_1_23' title="bbox 537 1457 2116 1532; baseline -0.004 -15"><span class='ocrx_word' id='word_1_154' title='bbox 537 1464 714 1532; x_wconf 88' lang='lat' dir='ltr'><strong>ipsmn</strong></span> <span class='ocrx_word' id='word_1_155' title='bbox 757 1461 962 1527; x_wconf 89' lang='lat' dir='ltr'><strong>tundis,</strong></span> <span class='ocrx_word' id='word_1_156' title='bbox 995 1460 1122 1514; x_wconf 91' lang='lat' dir='ltr'><strong>dum</strong></span> <span class='ocrx_word' id='word_1_157' title='bbox 1155 1475 1288 1528; x_wconf 83' lang='lat' dir='ltr'><strong>opes</strong></span> <span class='ocrx_word' id='word_1_158' title='bbox 1324 1460 1439 1513; x_wconf 91' lang='lat' dir='ltr'><strong>luto</strong></span> <span class='ocrx_word' id='word_1_159' title='bbox 1462 1469 1516 1512; x_wconf 89' lang='lat' dir='ltr'><strong>et</strong></span> <span class='ocrx_word' id='word_1_160' title='bbox 1541 1457 1806 1513; x_wconf 83' lang='lat' dir='ltr'><strong>lateribus</strong></span> <span class='ocrx_word' id='word_1_161' title='bbox 1837 1457 2116 1524; x_wconf 84' lang='lat' dir='ltr'><strong>includere</strong></span> 
     </span>
    </p>
   </div>
   <div class='ocr_carea' id='block_1_24' title="bbox 2245 1449 3836 1554">
    <p class='ocr_par' dir='ltr' id='par_1_24' title="bbox 2245 1449 3836 1526">
     <span class='ocr_line' id='line_1_24' title="bbox 2245 1449 3836 1526; baseline -0.009 -13"><span class='ocrx_word' id='word_1_162' title='bbox 2245 1458 2418 1513; x_wconf 66' lang='grc' dir='ltr'>βαλὸν</span> <span class='ocrx_word' id='word_1_163' title='bbox 2449 1456 2602 1526; x_wconf 76' lang='grc' dir='ltr'>ὑπὲρ</span> <span class='ocrx_word' id='word_1_164' title='bbox 2627 1456 2902 1510; x_wconf 78' lang='grc' dir='ltr'>πλοῦτον</span> <span class='ocrx_word' id='word_1_165' title='bbox 2946 1455 3167 1509; x_wconf 80' lang='grc' dir='ltr'>πολύν.</span> <span class='ocrx_word' id='word_1_166' title='bbox 3199 1452 3266 1505; x_wconf 83' lang='lat' dir='ltr'><strong>Ei</strong></span> <span class='ocrx_word' id='word_1_167' title='bbox 3310 1451 3373 1505; x_wconf 84' lang='grc' dir='ltr'><strong>δὲ</strong></span> <span class='ocrx_word' id='word_1_168' title='bbox 3421 1449 3752 1520; x_wconf 78' lang='grc' dir='ltr'>θαυμάζεις</span> <span class='ocrx_word' id='word_1_169' title='bbox 3776 1449 3836 1498; x_wconf 68' lang='grc' dir='ltr'>τὰ</span> 
     </span>
    </p>
   </div>
   <div class='ocr_carea' id='block_1_25' title="bbox 537 1544 2133 1624">
    <p class='ocr_par' dir='ltr' id='par_1_25' title="bbox 537 1548 2115 1620">
     <span class='ocr_line' id='line_1_25' title="bbox 537 1548 2115 1620; baseline -0.003 -12"><span class='ocrx_word' id='word_1_170' title='bbox 537 1553 764 1610; x_wconf 76' lang='lat' dir='ltr'><strong>studes?</strong></span> <span class='ocrx_word' id='word_1_171' title='bbox 811 1552 1002 1608; x_wconf 77' lang='lat' dir='ltr'><strong>Melius</strong></span> <span class='ocrx_word' id='word_1_172' title='bbox 1050 1561 1129 1606; x_wconf 84' lang='lat' dir='ltr'><strong>est</strong></span> <span class='ocrx_word' id='word_1_173' title='bbox 1183 1569 1372 1608; x_wconf 82' lang='lat' dir='ltr'><strong>nomen</strong></span> <span class='ocrx_word' id='word_1_174' title='bbox 1429 1551 1653 1615; x_wconf 83' lang='lat' dir='ltr'><strong>bonum,</strong></span> <span class='ocrx_word' id='word_1_175' title='bbox 1704 1565 1863 1620; x_wconf 82' lang='lat' dir='ltr'><strong>quant</strong></span> <span class='ocrx_word' id='word_1_176' title='bbox 1911 1548 2115 1604; x_wconf 77' lang='lat' dir='ltr'><strong>divitia!</strong></span> 
     </span>
    </p>
   </div>
   <div class='ocr_carea' id='block_1_26' title="bbox 2245 1544 3838 1624">
    <p class='ocr_par' dir='ltr' id='par_1_26' title="bbox 2245 1544 3838 1624">
     <span class='ocr_line' id='line_1_26' title="bbox 2245 1544 3838 1624; baseline -0.011 -17"><span class='ocrx_word' id='word_1_177' title='bbox 2245 1553 2487 1624; x_wconf 75' lang='grc' dir='ltr'>[ρήματα</span> <span class='ocrx_word' id='word_1_178' title='bbox 2525 1550 2612 1604; x_wconf 81' lang='grc' dir='ltr'><strong>διὰ</strong></span> <span class='ocrx_word' id='word_1_179' title='bbox 2643 1549 2742 1622; x_wconf 79' lang='grc' dir='ltr'>τὴν</span> <span class='ocrx_word' id='word_1_180' title='bbox 2775 1547 2958 1602; x_wconf 81' lang='grc' dir='ltr'>αὐτῶν</span> <span class='ocrx_word' id='word_1_181' title='bbox 2999 1546 3188 1618; x_wconf 80' lang='grc' dir='ltr'>τιμὴν,</span> <span class='ocrx_word' id='word_1_182' title='bbox 3235 1544 3444 1598; x_wconf 55' lang='grc' dir='ltr'>σκότει</span> <span class='ocrx_word' id='word_1_183' title='bbox 3493 1544 3682 1596; x_wconf 71' lang='grc' dir='ltr'>πόσον</span> <span class='ocrx_word' id='word_1_184' title='bbox 3714 1544 3838 1611; x_wconf 62' lang='grc' dir='ltr'>πςὸς</span> 
     </span>
    </p>
   </div>
   <div class='ocr_carea' id='block_1_27' title="bbox 539 1635 2133 1742">
    <p class='ocr_par' dir='ltr' id='par_1_27' title="bbox 539 1640 2114 1717">
     <span class='ocr_line' id='line_1_27' title="bbox 539 1640 2114 1717; baseline -0.003 -17"><span class='ocrx_word' id='word_1_185' title='bbox 539 1650 721 1700; x_wconf 70' lang='lat' dir='ltr'><strong>multa:</strong></span> <span class='ocrx_word' id='word_1_186' title='bbox 748 1645 934 1717; x_wconf 82' lang='lat' dir='ltr'><strong>(Prov.</strong></span> <span class='ocrx_word' id='word_1_187' title='bbox 965 1660 1078 1700; x_wconf 70' lang='grc' dir='ltr'>χχιι</span> <span class='ocrx_word' id='word_1_188' title='bbox 1099 1684 1114 1706; x_wconf 86' lang='grc'><strong>.</strong></span> <span class='ocrx_word' id='word_1_189' title='bbox 1144 1644 1218 1713; x_wconf 84' lang='lat' dir='ltr'><strong>l).</strong></span> <span class='ocrx_word' id='word_1_190' title='bbox 1249 1643 1408 1709; x_wconf 85' lang='lat' dir='ltr'><strong>Quod</strong></span> <span class='ocrx_word' id='word_1_191' title='bbox 1445 1644 1491 1700; x_wconf 88' lang='lat' dir='ltr'><strong>si</strong></span> <span class='ocrx_word' id='word_1_192' title='bbox 1530 1643 1794 1712; x_wconf 89' lang='lat' dir='ltr'><strong>pecunias</strong></span> <span class='ocrx_word' id='word_1_193' title='bbox 1825 1640 1896 1696; x_wconf 90' lang='lat' dir='ltr'><strong>ob</strong></span> <span class='ocrx_word' id='word_1_194' title='bbox 1924 1656 2114 1696; x_wconf 89' lang='lat' dir='ltr'><strong>earum</strong></span> 
     </span>
    </p>
   </div>
   <div class='ocr_carea' id='block_1_28' title="bbox 2245 1635 3838 1742">
    <p class='ocr_par' dir='ltr' id='par_1_28' title="bbox 2245 1635 3838 1712">
     <span class='ocr_line' id='line_1_28' title="bbox 2245 1635 3838 1712; baseline -0.005 -18"><span class='ocrx_word' id='word_1_195' title='bbox 2245 1642 2381 1708; x_wconf 76' lang='grc' dir='ltr'>ἱόξαν</span> <span class='ocrx_word' id='word_1_196' title='bbox 2408 1639 2846 1712; x_wconf 84' lang='grc' dir='ltr'>λυσιτελέστερον</span> <span class='ocrx_word' id='word_1_197' title='bbox 2892 1638 3102 1711; x_wconf 80' lang='grc' dir='ltr'>μυρίων</span> <span class='ocrx_word' id='word_1_198' title='bbox 3131 1636 3340 1690; x_wconf 83' lang='grc' dir='ltr'>παίδων</span> <span class='ocrx_word' id='word_1_199' title='bbox 3375 1635 3619 1704; x_wconf 80' lang='grc' dir='ltr'>πατέρα</span> <span class='ocrx_word' id='word_1_200' title='bbox 3673 1650 3838 1704; x_wconf 67' lang='grc' dir='ltr'>προσ-</span> 
     </span>
    </p>
   </div>
   <div class='ocr_carea' id='block_1_29' title="bbox 541 1729 2133 1810">
    <p class='ocr_par' dir='ltr' id='par_1_29' title="bbox 541 1734 2115 1809">
     <span class='ocr_line' id='line_1_29' title="bbox 541 1734 2115 1809; baseline -0.001 -20"><span class='ocrx_word' id='word_1_201' title='bbox 541 1738 775 1807; x_wconf 87' lang='lat' dir='ltr'><strong>pretium</strong></span> <span class='ocrx_word' id='word_1_202' title='bbox 822 1736 993 1809; x_wconf 65' lang='grc'><strong>476</strong></span> <span class='ocrx_word' id='word_1_203' title='bbox 1022 1737 1287 1806; x_wconf 87' lang='lat' dir='ltr'><strong>suspicis,</strong></span> <span class='ocrx_word' id='word_1_204' title='bbox 1350 1736 1478 1791; x_wconf 86' lang='lat' dir='ltr'><strong>vide</strong></span> <span class='ocrx_word' id='word_1_205' title='bbox 1521 1744 1728 1805; x_wconf 88' lang='lat' dir='ltr'><strong>quanto</strong></span> <span class='ocrx_word' id='word_1_206' title='bbox 1761 1734 1829 1789; x_wconf 89' lang='lat' dir='ltr'><strong>ad</strong></span> <span class='ocrx_word' id='word_1_207' title='bbox 1885 1736 2115 1804; x_wconf 78' lang='lat' dir='ltr'><strong>gloriam</strong></span> 
     </span>
    </p>
   </div>
   <div class='ocr_carea' id='block_1_30' title="bbox 2245 1729 3837 1810">
    <p class='ocr_par' dir='ltr' id='par_1_30' title="bbox 2245 1729 3837 1810">
     <span class='ocr_line' id='line_1_30' title="bbox 2245 1729 3837 1810; baseline -0.008 -19"><span class='ocrx_word' id='word_1_208' title='bbox 2245 1736 2662 1809; x_wconf 81' lang='grc' dir='ltr'>ιγορεύεσθαι,ἥ</span> <span class='ocrx_word' id='word_1_209' title='bbox 2697 1735 2926 1810; x_wconf 76' lang='grc' dir='ltr'>μυρίους</span> <span class='ocrx_word' id='word_1_210' title='bbox 2954 1731 3226 1801; x_wconf 80' lang='grc' dir='ltr'><strong>στατῆρας</strong></span> <span class='ocrx_word' id='word_1_211' title='bbox 3260 1729 3412 1800; x_wconf 78' lang='grc' dir='ltr'>ἔχειν</span> <span class='ocrx_word' id='word_1_212' title='bbox 3440 1730 3506 1782; x_wconf 80' lang='grc' dir='ltr'><strong>ἐν</strong></span> <span class='ocrx_word' id='word_1_213' title='bbox 3539 1729 3837 1800; x_wconf 68' lang='grc' dir='ltr'>βαλαντίῳ.</span> 
     </span>
    </p>
   </div>
   <div class='ocr_carea' id='block_1_31' title="bbox 540 1824 2133 1902">
    <p class='ocr_par' dir='ltr' id='par_1_31' title="bbox 540 1824 2114 1898">
     <span class='ocr_line' id='line_1_31' title="bbox 540 1824 2114 1898; baseline -0.001 -17"><span class='ocrx_word' id='word_1_214' title='bbox 540 1829 734 1882; x_wconf 85' lang='lat' dir='ltr'><strong>utilius</strong></span> <span class='ocrx_word' id='word_1_215' title='bbox 760 1828 836 1883; x_wconf 86' lang='lat' dir='ltr'><strong>sit</strong></span> <span class='ocrx_word' id='word_1_216' title='bbox 875 1835 1262 1882; x_wconf 84' lang='lat' dir='ltr'><strong>sexcentorum</strong></span> <span class='ocrx_word' id='word_1_217' title='bbox 1302 1827 1540 1882; x_wconf 85' lang='lat' dir='ltr'><strong>filiorum</strong></span> <span class='ocrx_word' id='word_1_218' title='bbox 1577 1833 1789 1898; x_wconf 79' lang='lat' dir='ltr'><strong>patrem</strong></span> <span class='ocrx_word' id='word_1_219' title='bbox 1831 1824 2114 1896; x_wconf 87' lang='lat' dir='ltr'><strong>appellari,</strong></span> 
     </span>
    </p>
   </div>
   <div class='ocr_carea' id='block_1_32' title="bbox 2245 1824 3841 1902">
    <p class='ocr_par' dir='ltr' id='par_1_32' title="bbox 2245 1826 3841 1902">
     <span class='ocr_line' id='line_1_32' title="bbox 2245 1826 3841 1902; baseline -0.004 -17"><span class='ocrx_word' id='word_1_220' title='bbox 2245 1830 2310 1886; x_wconf 79' lang='grc' dir='ltr'><strong>Γὰ</strong></span> <span class='ocrx_word' id='word_1_221' title='bbox 2339 1831 2438 1901; x_wconf 85' lang='grc' dir='ltr'><strong>μέν</strong></span> <span class='ocrx_word' id='word_1_222' title='bbox 2497 1830 2606 1902; x_wconf 73' lang='grc' dir='ltr'>γὰρ</span> <span class='ocrx_word' id='word_1_223' title='bbox 2637 1831 2896 1902; x_wconf 79' lang='grc' dir='ltr'>χρήματα</span> <span class='ocrx_word' id='word_1_224' title='bbox 2925 1830 3277 1899; x_wconf 68' lang='grc' dir='ltr'><strong>καταλείψεις</strong></span> <span class='ocrx_word' id='word_1_225' title='bbox 3331 1826 3598 1882; x_wconf 76' lang='grc' dir='ltr'>ἐνταῦθα</span> <span class='ocrx_word' id='word_1_226' title='bbox 3642 1828 3747 1881; x_wconf 76' lang='grc' dir='ltr'><strong>καὶ</strong></span> 
     </span>
    </p>
   </div>
   <div class='ocr_carea' id='block_1_33' title="bbox 539 1915 2133 1994">
    <p class='ocr_par' dir='ltr' id='par_1_33' title="bbox 539 1915 2121 1991">
     <span class='ocr_line' id='line_1_33' title="bbox 539 1915 2121 1991; baseline -0.003 -17"><span class='ocrx_word' id='word_1_227' title='bbox 539 1935 704 1991; x_wconf 87' lang='lat' dir='ltr'><strong>quam</strong></span> <span class='ocrx_word' id='word_1_228' title='bbox 729 1927 1023 1974; x_wconf 80' lang='lat' dir='ltr'><strong>sexcentos</strong></span> <span class='ocrx_word' id='word_1_229' title='bbox 1049 1928 1286 1975; x_wconf 87' lang='lat' dir='ltr'><strong>stateres</strong></span> <span class='ocrx_word' id='word_1_230' title='bbox 1314 1918 1368 1973; x_wconf 91' lang='lat' dir='ltr'><strong>in</strong></span> <span class='ocrx_word' id='word_1_231' title='bbox 1399 1933 1662 1974; x_wconf 87' lang='lat' dir='ltr'><strong>crumena</strong></span> <span class='ocrx_word' id='word_1_232' title='bbox 1687 1917 1909 1972; x_wconf 87' lang='lat' dir='ltr'><strong>habere.</strong></span> <span class='ocrx_word' id='word_1_233' title='bbox 1943 1915 2121 1972; x_wconf 80' lang='lat' dir='ltr'><strong>Pecu-</strong></span> 
     </span>
    </p>
   </div>
   <div class='ocr_carea' id='block_1_34' title="bbox 2245 1915 3844 1994">
    <p class='ocr_par' dir='ltr' id='par_1_34' title="bbox 2245 1919 3844 1994">
     <span class='ocr_line' id='line_1_34' title="bbox 2245 1919 3844 1994; baseline -0.002 -20"><span class='ocrx_word' id='word_1_234' title='bbox 2245 1923 2568 1993; x_wconf 68' lang='grc' dir='ltr'>ιουλόμενος,</span> <span class='ocrx_word' id='word_1_235' title='bbox 2601 1921 2699 1994; x_wconf 81' lang='grc' dir='ltr'>τὴν</span> <span class='ocrx_word' id='word_1_236' title='bbox 2734 1923 2792 1977; x_wconf 82' lang='grc' dir='ltr'><strong>δέ</strong></span> <span class='ocrx_word' id='word_1_237' title='bbox 2821 1923 2915 1976; x_wconf 74' lang='grc' dir='ltr'><strong>ἐπὶ</strong></span> <span class='ocrx_word' id='word_1_238' title='bbox 2959 1925 3073 1987; x_wconf 82' lang='grc' dir='ltr'>τοῖς</span> <span class='ocrx_word' id='word_1_239' title='bbox 3101 1921 3330 1990; x_wconf 85' lang='grc' dir='ltr'>ἀγαθοῖς</span> <span class='ocrx_word' id='word_1_240' title='bbox 3395 1919 3605 1992; x_wconf 79' lang='grc' dir='ltr'>ἔργοις</span> <span class='ocrx_word' id='word_1_241' title='bbox 3639 1919 3844 1990; x_wconf 78' lang='grc' dir='ltr'>φιλοτι-</span> 
     </span>
    </p>
   </div>
   <div class='ocr_carea' id='block_1_35' title="bbox 543 2008 2133 2090">
    <p class='ocr_par' dir='ltr' id='par_1_35' title="bbox 543 2008 2121 2082">
     <span class='ocr_line' id='line_1_35' title="bbox 543 2008 2121 2082; baseline -0.004 -15"><span class='ocrx_word' id='word_1_242' title='bbox 543 2013 666 2067; x_wconf 87' lang='lat' dir='ltr'><strong>nias</strong></span> <span class='ocrx_word' id='word_1_243' title='bbox 695 2011 966 2082; x_wconf 82' lang='lat' dir='ltr'><strong>siquidem</strong></span> <span class='ocrx_word' id='word_1_244' title='bbox 1009 2013 1214 2068; x_wconf 86' lang='lat' dir='ltr'><strong>invitus</strong></span> <span class='ocrx_word' id='word_1_245' title='bbox 1252 2013 1417 2067; x_wconf 87' lang='lat' dir='ltr'><strong>etiam</strong></span> <span class='ocrx_word' id='word_1_246' title='bbox 1464 2011 1554 2064; x_wconf 91' lang='lat' dir='ltr'><strong>hic</strong></span> <span class='ocrx_word' id='word_1_247' title='bbox 1581 2008 1881 2065; x_wconf 84' lang='lat' dir='ltr'><strong>relicturus</strong></span> <span class='ocrx_word' id='word_1_248' title='bbox 1922 2021 1982 2062; x_wconf 86' lang='lat' dir='ltr'><strong>es</strong></span> <span class='ocrx_word' id='word_1_249' title='bbox 2015 2024 2030 2060; x_wconf 92' lang='lat'><strong>:</strong></span> <span class='ocrx_word' id='word_1_250' title='bbox 2063 2015 2121 2061; x_wconf 88' lang='lat' dir='ltr'><strong>at</strong></span> 
     </span>
    </p>
   </div>
   <div class='ocr_carea' id='block_1_36' title="bbox 2245 2008 3844 2090">
    <p class='ocr_par' dir='ltr' id='par_1_36' title="bbox 2245 2013 3844 2088">
     <span class='ocr_line' id='line_1_36' title="bbox 2245 2013 3844 2088; baseline -0.003 -18"><span class='ocrx_word' id='word_1_251' title='bbox 2245 2018 2361 2086; x_wconf 65' lang='grc' dir='ltr'>λίαν</span> <span class='ocrx_word' id='word_1_252' title='bbox 2392 2017 2752 2088; x_wconf 82' lang='grc' dir='ltr'>ἀποκομίσεις</span> <span class='ocrx_word' id='word_1_253' title='bbox 2801 2016 2938 2087; x_wconf 80' lang='grc' dir='ltr'>πρὸς</span> <span class='ocrx_word' id='word_1_254' title='bbox 2985 2016 3076 2070; x_wconf 81' lang='grc' dir='ltr'><strong>τὸν</strong></span> <span class='ocrx_word' id='word_1_255' title='bbox 3105 2014 3436 2087; x_wconf 83' lang='grc' dir='ltr'>Δεσπότην,</span> <span class='ocrx_word' id='word_1_256' title='bbox 3483 2015 3630 2068; x_wconf 76' lang='grc' dir='ltr'>ὅταν</span> <span class='ocrx_word' id='word_1_257' title='bbox 3679 2013 3844 2084; x_wconf 66' lang='grc' dir='ltr'>δῆμος</span> 
     </span>
    </p>
   </div>
   <div class='ocr_carea' id='block_1_37' title="bbox 542 2099 2133 2181">
    <p class='ocr_par' dir='ltr' id='par_1_37' title="bbox 542 2099 2120 2173">
     <span class='ocr_line' id='line_1_37' title="bbox 542 2099 2120 2173; baseline -0.002 -18"><span class='ocrx_word' id='word_1_258' title='bbox 542 2103 766 2157; x_wconf 87' lang='lat' dir='ltr'><strong>laudem</strong></span> <span class='ocrx_word' id='word_1_259' title='bbox 803 2118 866 2158; x_wconf 84' lang='lat' dir='ltr'><strong>ex</strong></span> <span class='ocrx_word' id='word_1_260' title='bbox 903 2105 1066 2159; x_wconf 83' lang='lat' dir='ltr'><strong>bonis</strong></span> <span class='ocrx_word' id='word_1_261' title='bbox 1117 2105 1377 2173; x_wconf 84' lang='lat' dir='ltr'><strong>operibus</strong></span> <span class='ocrx_word' id='word_1_262' title='bbox 1411 2104 1696 2160; x_wconf 88' lang='lat' dir='ltr'><strong>collectam</strong></span> <span class='ocrx_word' id='word_1_263' title='bbox 1727 2101 1795 2157; x_wconf 88' lang='lat' dir='ltr'><strong>ad</strong></span> <span class='ocrx_word' id='word_1_264' title='bbox 1827 2099 2120 2155; x_wconf 89' lang='lat' dir='ltr'><strong>Dominum</strong></span> 
     </span>
    </p>
   </div>
   <div class='ocr_carea' id='block_1_38' title="bbox 2245 2099 3845 2181">
    <p class='ocr_par' dir='ltr' id='par_1_38' title="bbox 2245 2106 3845 2181">
     <span class='ocr_line' id='line_1_38' title="bbox 2245 2106 3845 2181; baseline -0.006 -16"><span class='ocrx_word' id='word_1_265' title='bbox 2245 2113 2348 2176; x_wconf 83' lang='grc' dir='ltr'>5λος</span> <span class='ocrx_word' id='word_1_266' title='bbox 2376 2112 2468 2164; x_wconf 74' lang='grc' dir='ltr'><strong>ἐπὶ</strong></span> <span class='ocrx_word' id='word_1_267' title='bbox 2481 2110 2576 2164; x_wconf 90' lang='grc' dir='ltr'><strong>τοῦ</strong></span> <span class='ocrx_word' id='word_1_268' title='bbox 2603 2109 2786 2164; x_wconf 85' lang='grc' dir='ltr'>κοινοῦ</span> <span class='ocrx_word' id='word_1_269' title='bbox 2811 2111 3000 2180; x_wconf 80' lang='grc' dir='ltr'>κριτοῦ</span> <span class='ocrx_word' id='word_1_270' title='bbox 3025 2109 3390 2181; x_wconf 79' lang='grc' dir='ltr'>περιστάντες</span> <span class='ocrx_word' id='word_1_271' title='bbox 3421 2126 3486 2162; x_wconf 88' lang='grc' dir='ltr'><strong>σε</strong></span> <span class='ocrx_word' id='word_1_272' title='bbox 3514 2109 3741 2180; x_wconf 60' lang='grc' dir='ltr'>τροφέα</span> <span class='ocrx_word' id='word_1_273' title='bbox 3761 2106 3845 2159; x_wconf 67' lang='grc' dir='ltr'>καὶ</span> 
     </span>
    </p>
   </div>
   <div class='ocr_carea' id='block_1_39' title="bbox 547 2195 2133 2275">
    <p class='ocr_par' dir='ltr' id='par_1_39' title="bbox 547 2195 2126 2268">
     <span class='ocr_line' id='line_1_39' title="bbox 547 2195 2126 2268; baseline -0.003 -18"><span class='ocrx_word' id='word_1_274' title='bbox 547 2195 804 2252; x_wconf 88' lang='lat' dir='ltr'><strong>deferes:</strong></span> <span class='ocrx_word' id='word_1_275' title='bbox 849 2211 974 2251; x_wconf 91' lang='lat' dir='ltr'><strong>cum</strong></span> <span class='ocrx_word' id='word_1_276' title='bbox 1010 2196 1269 2252; x_wconf 89' lang='lat' dir='ltr'><strong>nimirum</strong></span> <span class='ocrx_word' id='word_1_277' title='bbox 1301 2197 1510 2268; x_wconf 80' lang='lat' dir='ltr'><strong>ingenti</strong></span> <span class='ocrx_word' id='word_1_278' title='bbox 1545 2195 1708 2251; x_wconf 91' lang='lat' dir='ltr'><strong>turba</strong></span> <span class='ocrx_word' id='word_1_279' title='bbox 1757 2207 1947 2250; x_wconf 86' lang='lat' dir='ltr'><strong>coram</strong></span> <span class='ocrx_word' id='word_1_280' title='bbox 1973 2207 2126 2248; x_wconf 78' lang='lat' dir='ltr'><strong>com-</strong></span> 
     </span>
    </p>
   </div>
   <div class='ocr_carea' id='block_1_40' title="bbox 2245 2195 3844 2275">
    <p class='ocr_par' dir='ltr' id='par_1_40' title="bbox 2245 2200 3844 2275">
     <span class='ocr_line' id='line_1_40' title="bbox 2245 2200 3844 2275; baseline -0.003 -18"><span class='ocrx_word' id='word_1_281' title='bbox 2245 2203 2544 2275; x_wconf 74' lang='grc' dir='ltr'>ιὺεργέτην,</span> <span class='ocrx_word' id='word_1_282' title='bbox 2576 2203 2668 2256; x_wconf 81' lang='grc' dir='ltr'>καὶ</span> <span class='ocrx_word' id='word_1_283' title='bbox 2698 2201 2876 2257; x_wconf 85' lang='grc' dir='ltr'>πάντα</span> <span class='ocrx_word' id='word_1_284' title='bbox 2905 2202 2976 2255; x_wconf 79' lang='grc' dir='ltr'>τὰ</span> <span class='ocrx_word' id='word_1_285' title='bbox 3024 2205 3124 2270; x_wconf 82' lang='grc' dir='ltr'>τῆς</span> <span class='ocrx_word' id='word_1_286' title='bbox 3151 2200 3600 2272; x_wconf 74' lang='grc' dir='ltr'>φιλανθρωπίας</span> <span class='ocrx_word' id='word_1_287' title='bbox 3634 2202 3844 2253; x_wconf 69' lang='grc' dir='ltr'>ἀπαπα-</span> 
     </span>
    </p>
   </div>
   <div class='ocr_carea' id='block_1_41' title="bbox 546 2286 2133 2364">
    <p class='ocr_par' dir='ltr' id='par_1_41' title="bbox 546 2286 2126 2356">
     <span class='ocr_line' id='line_1_41' title="bbox 546 2286 2126 2356; baseline 0.002 -14"><span class='ocrx_word' id='word_1_288' title='bbox 546 2289 700 2342; x_wconf 88' lang='lat' dir='ltr'><strong>muni</strong></span> <span class='ocrx_word' id='word_1_289' title='bbox 741 2286 928 2356; x_wconf 90' lang='lat' dir='ltr'><strong>judice</strong></span> <span class='ocrx_word' id='word_1_290' title='bbox 960 2288 1358 2355; x_wconf 89' lang='lat' dir='ltr'><strong>circumfusus,</strong></span> <span class='ocrx_word' id='word_1_291' title='bbox 1407 2290 1477 2344; x_wconf 88' lang='lat' dir='ltr'><strong>ab</strong></span> <span class='ocrx_word' id='word_1_292' title='bbox 1510 2289 1612 2355; x_wconf 91' lang='lat' dir='ltr'><strong>eis,</strong></span> <span class='ocrx_word' id='word_1_293' title='bbox 1661 2298 1718 2344; x_wconf 89' lang='lat' dir='ltr'><strong>et</strong></span> <span class='ocrx_word' id='word_1_294' title='bbox 1769 2288 2031 2354; x_wconf 88' lang='lat' dir='ltr'><strong>nutritor,</strong></span> <span class='ocrx_word' id='word_1_295' title='bbox 2071 2297 2126 2345; x_wconf 90' lang='lat' dir='ltr'><strong>et</strong></span> 
     </span>
    </p>
   </div>
   <div class='ocr_carea' id='block_1_42' title="bbox 2245 2286 3847 2364">
    <p class='ocr_par' dir='ltr' id='par_1_42' title="bbox 2245 2290 3847 2364">
     <span class='ocr_line' id='line_1_42' title="bbox 2245 2290 3847 2364; baseline -0.003 -17"><span class='ocrx_word' id='word_1_296' title='bbox 2245 2294 2396 2348; x_wconf 65' lang='lat' dir='ltr'><strong>uim-tv</strong></span> <span class='ocrx_word' id='word_1_297' title='bbox 2421 2294 2679 2364; x_wconf 84' lang='grc' dir='ltr'>ὀνόματα.</span> <span class='ocrx_word' id='word_1_298' title='bbox 2707 2293 2840 2356; x_wconf 83' lang='grc' dir='ltr'>Θεός</span> <span class='ocrx_word' id='word_1_299' title='bbox 2879 2295 3026 2346; x_wconf 87' lang='grc' dir='ltr'>ἐστιν</span> <span class='ocrx_word' id='word_1_300' title='bbox 3055 2295 3085 2346; x_wconf 76' lang='grc' dir='ltr'>ὁ</span> <span class='ocrx_word' id='word_1_301' title='bbox 3118 2291 3546 2363; x_wconf 80' lang='grc' dir='ltr'>ἀποδεχόμενος</span> <span class='ocrx_word' id='word_1_302' title='bbox 3577 2309 3592 2322; x_wconf 88' lang='grc'><strong>·</strong></span> <span class='ocrx_word' id='word_1_303' title='bbox 3628 2290 3847 2361; x_wconf 65' lang='grc' dir='ltr'>ἄγγελοι</span> 
     </span>
    </p>
   </div>
   <div class='ocr_carea' id='block_1_43' title="bbox 545 2377 2133 2457">
    <p class='ocr_par' dir='ltr' id='par_1_43' title="bbox 545 2377 2122 2452">
     <span class='ocr_line' id='line_1_43' title="bbox 545 2377 2122 2452; baseline 0.005 -19"><span class='ocrx_word' id='word_1_304' title='bbox 545 2377 888 2445; x_wconf 86' lang='lat' dir='ltr'><strong>benefactor,</strong></span> <span class='ocrx_word' id='word_1_305' title='bbox 912 2391 968 2439; x_wconf 92' lang='lat' dir='ltr'><strong>et</strong></span> <span class='ocrx_word' id='word_1_306' title='bbox 1000 2382 1198 2452; x_wconf 89' lang='lat' dir='ltr'><strong>quovis</strong></span> <span class='ocrx_word' id='word_1_307' title='bbox 1230 2381 1450 2436; x_wconf 87' lang='lat' dir='ltr'><strong>tandem</strong></span> <span class='ocrx_word' id='word_1_308' title='bbox 1481 2383 1588 2438; x_wconf 89' lang='lat' dir='ltr'><strong>alio</strong></span> <span class='ocrx_word' id='word_1_309' title='bbox 1618 2383 1987 2440; x_wconf 84' lang='lat' dir='ltr'><strong>humanitatis</strong></span> <span class='ocrx_word' id='word_1_310' title='bbox 2021 2401 2122 2440; x_wconf 89' lang='lat' dir='ltr'><strong>no-</strong></span> 
     </span>
    </p>
   </div>
   <div class='ocr_carea' id='block_1_44' title="bbox 2245 2377 3848 2457">
    <p class='ocr_par' dir='ltr' id='par_1_44' title="bbox 2245 2385 3848 2457">
     <span class='ocr_line' id='line_1_44' title="bbox 2245 2385 3848 2457; baseline -0.008 -17"><span class='ocrx_word' id='word_1_311' title='bbox 2245 2386 2627 2457; x_wconf 76' lang='grc' dir='ltr'>εὐφημοῦντες,</span> <span class='ocrx_word' id='word_1_312' title='bbox 2659 2387 2708 2439; x_wconf 77' lang='grc' dir='ltr'>οἱ</span> <span class='ocrx_word' id='word_1_313' title='bbox 2759 2385 2866 2441; x_wconf 78' lang='grc' dir='ltr'><strong>ἀπὸ</strong></span> <span class='ocrx_word' id='word_1_314' title='bbox 2914 2387 3144 2451; x_wconf 74' lang='grc' dir='ltr'>κτίσεως</span> <span class='ocrx_word' id='word_1_315' title='bbox 3175 2386 3471 2456; x_wconf 79' lang='grc' dir='ltr'>ἄνθρωποι</span> <span class='ocrx_word' id='word_1_316' title='bbox 3503 2385 3848 2456; x_wconf 67' lang='grc' dir='ltr'>μακαρίζον-</span> 
     </span>
    </p>
   </div>
   <div class='ocr_carea' id='block_1_45' title="bbox 546 2471 2133 2552">
    <p class='ocr_par' dir='ltr' id='par_1_45' title="bbox 546 2471 2123 2547">
     <span class='ocr_line' id='line_1_45' title="bbox 546 2471 2123 2547; baseline 0.006 -23"><span class='ocrx_word' id='word_1_317' title='bbox 546 2471 697 2527; x_wconf 86' lang='lat' dir='ltr'><strong>mine</strong></span> <span class='ocrx_word' id='word_1_318' title='bbox 731 2473 1112 2542; x_wconf 77' lang='lat' dir='ltr'><strong>appellabaris.</strong></span> <span class='ocrx_word' id='word_1_319' title='bbox 1152 2474 1295 2530; x_wconf 90' lang='lat' dir='ltr'><strong>Deus</strong></span> <span class='ocrx_word' id='word_1_320' title='bbox 1335 2474 1596 2531; x_wconf 76' lang='lat' dir='ltr'><strong>virtutem</strong></span> <span class='ocrx_word' id='word_1_321' title='bbox 1647 2484 1798 2531; x_wconf 91' lang='lat' dir='ltr'><strong>tuam</strong></span> <span class='ocrx_word' id='word_1_322' title='bbox 1849 2478 2123 2547; x_wconf 88' lang='lat' dir='ltr'><strong>probabit,</strong></span> 
     </span>
    </p>
   </div>
   <div class='ocr_carea' id='block_1_46' title="bbox 2245 2471 3850 2552">
    <p class='ocr_par' dir='ltr' id='par_1_46' title="bbox 2245 2477 3850 2552">
     <span class='ocr_line' id='line_1_46' title="bbox 2245 2477 3850 2552; baseline -0.001 -20"><span class='ocrx_word' id='word_1_323' title='bbox 2245 2496 2345 2543; x_wconf 76' lang='grc' dir='ltr'>ιεςο</span> <span class='ocrx_word' id='word_1_324' title='bbox 2373 2479 2501 2544; x_wconf 82' lang='grc' dir='ltr'>δόξα</span> <span class='ocrx_word' id='word_1_325' title='bbox 2525 2477 2775 2543; x_wconf 83' lang='grc' dir='ltr'>αἰώνιος,</span> <span class='ocrx_word' id='word_1_326' title='bbox 2833 2480 3089 2547; x_wconf 81' lang='grc' dir='ltr'>στέφανοι</span> <span class='ocrx_word' id='word_1_327' title='bbox 3140 2479 3538 2552; x_wconf 78' lang='grc' dir='ltr'>δικαιοσύνης,</span> <span class='ocrx_word' id='word_1_328' title='bbox 3603 2479 3850 2550; x_wconf 67' lang='grc' dir='ltr'>βασιλεία</span> 
     </span>
    </p>
   </div>
   <div class='ocr_carea' id='block_1_47' title="bbox 547 2561 2133 2641">
    <p class='ocr_par' dir='ltr' id='par_1_47' title="bbox 547 2561 2132 2638">
     <span class='ocr_line' id='line_1_47' title="bbox 547 2561 2132 2638; baseline 0.007 -22"><span class='ocrx_word' id='word_1_329' title='bbox 547 2561 856 2620; x_wconf 83' lang='lat' dir='ltr'><strong>laudabunt</strong></span> <span class='ocrx_word' id='word_1_330' title='bbox 903 2566 1122 2636; x_wconf 78' lang='lat' dir='ltr'><strong>angeli;</strong></span> <span class='ocrx_word' id='word_1_331' title='bbox 1173 2565 1426 2624; x_wconf 85' lang='lat' dir='ltr'><strong>homines</strong></span> <span class='ocrx_word' id='word_1_332' title='bbox 1473 2583 1689 2634; x_wconf 88' lang='lat' dir='ltr'><strong>omnes,</strong></span> <span class='ocrx_word' id='word_1_333' title='bbox 1739 2564 1850 2638; x_wconf 78' lang='grc' dir='ltr'>ιιιιῖ</span> <span class='ocrx_word' id='word_1_334' title='bbox 1877 2574 1950 2626; x_wconf 86' lang='lat' dir='ltr'><strong>ab</strong></span> <span class='ocrx_word' id='word_1_335' title='bbox 1999 2574 2132 2627; x_wconf 87' lang='lat' dir='ltr'><strong>orbe</strong></span> 
     </span>
    </p>
   </div>
   <div class='ocr_carea' id='block_1_48' title="bbox 2245 2561 3105 2641">
    <p class='ocr_par' dir='ltr' id='par_1_48' title="bbox 2245 2565 3105 2641">
     <span class='ocr_line' id='line_1_48' title="bbox 2245 2565 3105 2641; baseline 0 -17"><span class='ocrx_word' id='word_1_336' title='bbox 2245 2571 2346 2624; x_wconf 84' lang='grc' dir='ltr'><strong>τῶν</strong></span> <span class='ocrx_word' id='word_1_337' title='bbox 2376 2569 2623 2641; x_wconf 82' lang='grc' dir='ltr'>οὐρανῶν</span> <span class='ocrx_word' id='word_1_338' title='bbox 2646 2565 2785 2624; x_wconf 79' lang='grc' dir='ltr'>ἆθλά</span> <span class='ocrx_word' id='word_1_339' title='bbox 2811 2586 2896 2623; x_wconf 91' lang='grc' dir='ltr'><strong>σοι</strong></span> <span class='ocrx_word' id='word_1_340' title='bbox 2929 2569 3105 2624; x_wconf 77' lang='grc' dir='ltr'>ἔσται.</span> 
     </span>
    </p>
   </div>
   <div class='ocr_carea' id='block_1_49' title="bbox 547 2657 3850 2736">
    <p class='ocr_par' dir='ltr' id='par_1_49' title="bbox 547 2657 3850 2736">
     <span class='ocr_line' id='line_1_49' title="bbox 547 2657 3850 2736; baseline 0.002 -26"><span class='ocrx_word' id='word_1_341' title='bbox 547 2657 776 2712; x_wconf 89' lang='lat' dir='ltr'><strong>condito</strong></span> <span class='ocrx_word' id='word_1_342' title='bbox 834 2659 1205 2724; x_wconf 74' lang='lat' dir='ltr'><strong>exstiterunt,</strong></span> <span class='ocrx_word' id='word_1_343' title='bbox 1270 2660 1494 2718; x_wconf 89' lang='lat' dir='ltr'><strong>beatum</strong></span> <span class='ocrx_word' id='word_1_344' title='bbox 1567 2671 1619 2717; x_wconf 90' lang='lat' dir='ltr'><strong>te</strong></span> <span class='ocrx_word' id='word_1_345' title='bbox 1692 2663 2080 2733; x_wconf 66' lang='lat' dir='ltr'><strong>praedicabunt</strong></span> <span class='ocrx_word' id='word_1_346' title='bbox 2118 2663 2336 2736; x_wconf 82' lang='lat' dir='ltr'><strong>:gloria</strong></span> <span class='ocrx_word' id='word_1_347' title='bbox 2384 2664 2744 2734; x_wconf 88' lang='lat' dir='ltr'><strong>sempiterna,</strong></span> <span class='ocrx_word' id='word_1_348' title='bbox 2810 2678 3015 2721; x_wconf 85' lang='lat' dir='ltr'><strong>corona</strong></span> <span class='ocrx_word' id='word_1_349' title='bbox 3092 2664 3343 2734; x_wconf 74' lang='lat' dir='ltr'><strong>justitite,</strong></span> <span class='ocrx_word' id='word_1_350' title='bbox 3405 2664 3702 2719; x_wconf 66' lang='lat' dir='ltr'><strong>cuélomm</strong></span> <span class='ocrx_word' id='word_1_351' title='bbox 3769 2677 3850 2718; x_wconf 81' lang='lat' dir='ltr'><strong>re.</strong></span> 
     </span>
    </p>
   </div>
   <div class='ocr_carea' id='block_1_50' title="bbox 545 2751 1696 2820">
    <p class='ocr_par' dir='ltr' id='par_1_50' title="bbox 545 2751 1696 2820">
     <span class='ocr_line' id='line_1_50' title="bbox 545 2751 1696 2820; baseline 0.009 -18"><span class='ocrx_word' id='word_1_352' title='bbox 545 2764 714 2819; x_wconf 75' lang='lat' dir='ltr'><strong>gnum</strong></span> <span class='ocrx_word' id='word_1_353' title='bbox 739 2751 796 2804; x_wconf 89' lang='lat' dir='ltr'><strong>in</strong></span> <span class='ocrx_word' id='word_1_354' title='bbox 831 2753 1112 2820; x_wconf 69' lang='lat' dir='ltr'><strong>praemium</strong></span> <span class='ocrx_word' id='word_1_355' title='bbox 1147 2754 1248 2808; x_wconf 86' lang='lat' dir='ltr'><strong>tibi</strong></span> <span class='ocrx_word' id='word_1_356' title='bbox 1282 2770 1510 2812; x_wconf 85' lang='lat' dir='ltr'><strong>cessura</strong></span> <span class='ocrx_word' id='word_1_357' title='bbox 1545 2765 1696 2812; x_wconf 89' lang='lat' dir='ltr'><strong>sunt.</strong></span> 
     </span>
    </p>
   </div>
   <div class='ocr_carea' id='block_1_51' title="bbox 619 2837 2133 2923">
    <p class='ocr_par' dir='ltr' id='par_1_51' title="bbox 619 2837 2127 2915">
     <span class='ocr_line' id='line_1_51' title="bbox 619 2837 2127 2915; baseline 0.009 -23"><span class='ocrx_word' id='word_1_358' title='bbox 619 2837 679 2892; x_wconf 90' lang='lat' dir='ltr'><strong>S.</strong></span> <span class='ocrx_word' id='word_1_359' title='bbox 696 2837 870 2894; x_wconf 79' lang='lat' dir='ltr'><strong>Basil.</strong></span> <span class='ocrx_word' id='word_1_360' title='bbox 889 2839 1254 2898; x_wconf 83' lang='lat' dir='ltr'><strong>ibid.—Putei</strong></span> <span class='ocrx_word' id='word_1_361' title='bbox 1297 2859 1422 2899; x_wconf 90' lang='lat' dir='ltr'><strong>eum</strong></span> <span class='ocrx_word' id='word_1_362' title='bbox 1446 2845 1872 2915; x_wconf 65' lang='lat' dir='ltr'><strong>exhauriuntur,</strong></span> <span class='ocrx_word' id='word_1_363' title='bbox 1897 2851 2127 2906; x_wconf 86' lang='lat' dir='ltr'><strong>uberius</strong></span> 
     </span>
    </p>
   </div>
   <div class='ocr_carea' id='block_1_52' title="bbox 2245 2837 3849 2923">
    <p class='ocr_par' dir='ltr' id='par_1_52' title="bbox 2301 2847 3849 2923">
     <span class='ocr_line' id='line_1_52' title="bbox 2301 2847 3849 2923; baseline -0.004 -17"><span class='ocrx_word' id='word_1_364' title='bbox 2301 2851 2386 2906; x_wconf 79' lang='grc' dir='ltr'>Τὰ</span> <span class='ocrx_word' id='word_1_365' title='bbox 2408 2851 2620 2923; x_wconf 83' lang='grc' dir='ltr'>φρέατα</span> <span class='ocrx_word' id='word_1_366' title='bbox 2645 2849 3071 2921; x_wconf 81' lang='grc' dir='ltr'>ἐξαντλούμενα,</span> <span class='ocrx_word' id='word_1_367' title='bbox 3117 2847 3441 2920; x_wconf 81' lang='grc' dir='ltr'>εὐροὼτερα</span> <span class='ocrx_word' id='word_1_368' title='bbox 3480 2850 3744 2918; x_wconf 78' lang='grc' dir='ltr'>γίνεται’</span> <span class='ocrx_word' id='word_1_369' title='bbox 3771 2851 3849 2903; x_wconf 76' lang='grc' dir='ltr'>ἐν-</span> 
     </span>
    </p>
   </div>
   <div class='ocr_carea' id='block_1_53' title="bbox 549 2930 2133 3020">
    <p class='ocr_par' dir='ltr' id='par_1_53' title="bbox 549 2930 2130 3009">
     <span class='ocr_line' id='line_1_53' title="bbox 549 2930 2130 3009; baseline 0.008 -23"><span class='ocrx_word' id='word_1_370' title='bbox 549 2930 764 2996; x_wconf 76' lang='lat' dir='ltr'><strong>ﬁuunt;</strong></span> <span class='ocrx_word' id='word_1_371' title='bbox 814 2933 942 2987; x_wconf 86' lang='lat' dir='ltr'><strong>dum</strong></span> <span class='ocrx_word' id='word_1_372' title='bbox 977 2943 1163 2989; x_wconf 88' lang='lat' dir='ltr'><strong>autem</strong></span> <span class='ocrx_word' id='word_1_373' title='bbox 1207 2937 1590 3007; x_wconf 80' lang='lat' dir='ltr'><strong>negliguntur,</strong></span> <span class='ocrx_word' id='word_1_374' title='bbox 1620 2950 1969 3009; x_wconf 86' lang='lat' dir='ltr'><strong>putrescunt.</strong></span> <span class='ocrx_word' id='word_1_375' title='bbox 2026 2945 2130 2998; x_wconf 85' lang='lat' dir='ltr'><strong>Eo-</strong></span> 
     </span>
    </p>
   </div>
   <div class='ocr_carea' id='block_1_54' title="bbox 2245 2930 3850 3020">
    <p class='ocr_par' dir='ltr' id='par_1_54' title="bbox 2245 2941 3850 3020">
     <span class='ocr_line' id='line_1_54' title="bbox 2245 2941 3850 3020; baseline -0.005 -16"><span class='ocrx_word' id='word_1_376' title='bbox 2245 2951 2506 3020; x_wconf 75' lang='grc' dir='ltr'>ιφιὲμενα</span> <span class='ocrx_word' id='word_1_377' title='bbox 2533 2949 2588 3002; x_wconf 84' lang='grc' dir='ltr'>δὲ</span> <span class='ocrx_word' id='word_1_378' title='bbox 2617 2949 3018 3020; x_wconf 79' lang='grc' dir='ltr'>κατασήπεται,</span> <span class='ocrx_word' id='word_1_379' title='bbox 3053 2949 3146 3001; x_wconf 70' lang='grc' dir='ltr'><strong>καὶ</strong></span> <span class='ocrx_word' id='word_1_380' title='bbox 3181 2944 3446 3008; x_wconf 84' lang='grc' dir='ltr'>πλούτου,</span> <span class='ocrx_word' id='word_1_381' title='bbox 3483 2945 3552 2998; x_wconf 79' lang='grc' dir='ltr'>τὸ</span> <span class='ocrx_word' id='word_1_382' title='bbox 3588 2945 3699 3015; x_wconf 73' lang='grc' dir='ltr'><strong>μὲν</strong></span> <span class='ocrx_word' id='word_1_383' title='bbox 3736 2941 3850 2996; x_wconf 60' lang='grc' dir='ltr'><strong>πάι</strong></span> 
     </span>
    </p>
   </div>
   <div class='ocr_carea' id='block_1_55' title="bbox 549 3023 2133 3113">
    <p class='ocr_par' dir='ltr' id='par_1_55' title="bbox 549 3023 2128 3098">
     <span class='ocr_line' id='line_1_55' title="bbox 549 3023 2128 3098; baseline 0.011 -21"><span class='ocrx_word' id='word_1_384' title='bbox 549 3023 675 3077; x_wconf 86' lang='lat' dir='ltr'><strong>dem</strong></span> <span class='ocrx_word' id='word_1_385' title='bbox 711 3023 874 3079; x_wconf 91' lang='lat' dir='ltr'><strong>modo</strong></span> <span class='ocrx_word' id='word_1_386' title='bbox 917 3025 1148 3083; x_wconf 84' lang='lat' dir='ltr'><strong>stabiles</strong></span> <span class='ocrx_word' id='word_1_387' title='bbox 1187 3043 1411 3098; x_wconf 85' lang='lat' dir='ltr'><strong>quoque</strong></span> <span class='ocrx_word' id='word_1_388' title='bbox 1449 3030 1658 3088; x_wconf 58' lang='lat' dir='ltr'><strong>divitia</strong></span> <span class='ocrx_word' id='word_1_389' title='bbox 1689 3033 1912 3094; x_wconf 76' lang='lat' dir='ltr'><strong>inutiles</strong></span> <span class='ocrx_word' id='word_1_390' title='bbox 1943 3039 2080 3094; x_wconf 90' lang='lat' dir='ltr'><strong>tiuut</strong></span> <span class='ocrx_word' id='word_1_391' title='bbox 2113 3057 2128 3094; x_wconf 89' lang='lat'><strong>:</strong></span> 
     </span>
    </p>
   </div>
   <div class='ocr_carea' id='block_1_56' title="bbox 2245 3023 3851 3113">
    <p class='ocr_par' dir='ltr' id='par_1_56' title="bbox 2245 3037 3851 3113">
     <span class='ocr_line' id='line_1_56' title="bbox 2245 3037 3851 3113; baseline -0.004 -18"><span class='ocrx_word' id='word_1_392' title='bbox 2245 3059 2396 3113; x_wconf 68' lang='grc' dir='ltr'>τιμον</span> <span class='ocrx_word' id='word_1_393' title='bbox 2427 3041 2720 3112; x_wconf 82' lang='grc' dir='ltr'>ἄχρηστον,</span> <span class='ocrx_word' id='word_1_394' title='bbox 2751 3040 2812 3092; x_wconf 85' lang='grc' dir='ltr'><strong>τὸ</strong></span> <span class='ocrx_word' id='word_1_395' title='bbox 2844 3040 2900 3093; x_wconf 88' lang='grc' dir='ltr'><strong>δὲ</strong></span> <span class='ocrx_word' id='word_1_396' title='bbox 2933 3038 3252 3109; x_wconf 79' lang='grc' dir='ltr'>κινούμενόν</span> <span class='ocrx_word' id='word_1_397' title='bbox 3276 3055 3336 3091; x_wconf 87' lang='grc' dir='ltr'><strong>τε</strong></span> <span class='ocrx_word' id='word_1_398' title='bbox 3369 3039 3480 3090; x_wconf 74' lang='grc' dir='ltr'><strong>καὶ</strong></span> <span class='ocrx_word' id='word_1_399' title='bbox 3514 3037 3851 3107; x_wconf 71' lang='grc' dir='ltr'>μεταϐαῖνον</span> 
     </span>
    </p>
   </div>
   <div class='ocr_carea' id='block_1_57' title="bbox 552 3121 2133 3203">
    <p class='ocr_par' dir='ltr' id='par_1_57' title="bbox 552 3123 2131 3194">
     <span class='ocr_line' id='line_1_57' title="bbox 552 3123 2131 3194; baseline 0.011 -25"><span class='ocrx_word' id='word_1_400' title='bbox 552 3131 673 3186; x_wconf 68' lang='lat' dir='ltr'><strong>qua:</strong></span> <span class='ocrx_word' id='word_1_401' title='bbox 701 3132 830 3172; x_wconf 90' lang='lat' dir='ltr'><strong>vero</strong></span> <span class='ocrx_word' id='word_1_402' title='bbox 862 3125 1156 3173; x_wconf 89' lang='lat' dir='ltr'><strong>moventur</strong></span> <span class='ocrx_word' id='word_1_403' title='bbox 1189 3127 1243 3175; x_wconf 92' lang='lat' dir='ltr'><strong>et</strong></span> <span class='ocrx_word' id='word_1_404' title='bbox 1275 3123 1386 3176; x_wconf 90' lang='lat' dir='ltr'><strong>alio</strong></span> <span class='ocrx_word' id='word_1_405' title='bbox 1431 3124 1694 3194; x_wconf 79' lang='lat' dir='ltr'><strong>migrant,</strong></span> <span class='ocrx_word' id='word_1_406' title='bbox 1730 3129 1784 3183; x_wconf 92' lang='lat' dir='ltr'><strong>in</strong></span> <span class='ocrx_word' id='word_1_407' title='bbox 1835 3145 2131 3188; x_wconf 88' lang='lat' dir='ltr'><strong>commune</strong></span> 
     </span>
    </p>
   </div>
   <div class='ocr_carea' id='block_1_58' title="bbox 2245 3121 3846 3203">
    <p class='ocr_par' dir='ltr' id='par_1_58' title="bbox 2245 3121 3846 3203">
     <span class='ocr_line' id='line_1_58' title="bbox 2245 3121 3846 3203; baseline -0.004 -15"><span class='ocrx_word' id='word_1_408' title='bbox 2245 3133 2562 3203; x_wconf 73' lang='grc' dir='ltr'>κοινωφελὲς</span> <span class='ocrx_word' id='word_1_409' title='bbox 2603 3121 2697 3187; x_wconf 66' lang='grc' dir='ltr'><strong>καὶ</strong></span> <span class='ocrx_word' id='word_1_410' title='bbox 2726 3131 3022 3201; x_wconf 76' lang='grc' dir='ltr'>εὔκαρπον.</span> <span class='ocrx_word' id='word_1_411' title='bbox 3052 3131 3151 3195; x_wconf 80' lang='grc' dir='ltr'><strong>Δὸς</strong></span> <span class='ocrx_word' id='word_1_412' title='bbox 3201 3130 3360 3201; x_wconf 84' lang='grc' dir='ltr'>χάριν</span> <span class='ocrx_word' id='word_1_413' title='bbox 3417 3130 3503 3199; x_wconf 78' lang='grc' dir='ltr'><strong>τῷ</strong></span> <span class='ocrx_word' id='word_1_414' title='bbox 3537 3129 3846 3199; x_wconf 65' lang='grc' dir='ltr'>εὐεργέτῃ,</span> 
     </span>
    </p>
   </div>
   <div class='ocr_carea' id='block_1_59' title="bbox 551 3204 2133 3296">
    <p class='ocr_par' dir='ltr' id='par_1_59' title="bbox 551 3204 2131 3294">
     <span class='ocr_line' id='line_1_59' title="bbox 551 3204 2131 3294; baseline 0.012 -33"><span class='ocrx_word' id='word_1_415' title='bbox 551 3204 868 3261; x_wconf 87' lang='lat' dir='ltr'><strong>conducunt</strong></span> <span class='ocrx_word' id='word_1_416' title='bbox 924 3215 980 3263; x_wconf 91' lang='lat' dir='ltr'><strong>et</strong></span> <span class='ocrx_word' id='word_1_417' title='bbox 1022 3207 1329 3267; x_wconf 60' lang='lat' dir='ltr'><strong>fructiferae</strong></span> <span class='ocrx_word' id='word_1_418' title='bbox 1382 3225 1536 3271; x_wconf 91' lang='lat' dir='ltr'><strong>sunt.</strong></span> <span class='ocrx_word' id='word_1_419' title='bbox 1593 3217 1816 3276; x_wconf 86' lang='lat' dir='ltr'><strong>Gratias</strong></span> <span class='ocrx_word' id='word_1_420' title='bbox 1884 3237 1983 3294; x_wconf 80' lang='lat' dir='ltr'><strong>age</strong></span> <span class='ocrx_word' id='word_1_421' title='bbox 2020 3224 2131 3280; x_wconf 86' lang='lat' dir='ltr'><strong>Deo</strong></span> 
     </span>
    </p>
   </div>
   <div class='ocr_carea' id='block_1_60' title="bbox 2245 3204 3850 3296">
    <p class='ocr_par' dir='ltr' id='par_1_60' title="bbox 2245 3221 3850 3296">
     <span class='ocr_line' id='line_1_60' title="bbox 2245 3221 3850 3296; baseline -0.005 -16"><span class='ocrx_word' id='word_1_422' title='bbox 2245 3229 2316 3281; x_wconf 62' lang='grc' dir='ltr'>ὅτι</span> <span class='ocrx_word' id='word_1_423' title='bbox 2339 3226 2461 3296; x_wconf 74' lang='grc' dir='ltr'>οὐχὶ</span> <span class='ocrx_word' id='word_1_424' title='bbox 2489 3225 2655 3288; x_wconf 78' lang='grc' dir='ltr'>αὐτὸς</span> <span class='ocrx_word' id='word_1_425' title='bbox 2683 3223 2912 3294; x_wconf 86' lang='grc' dir='ltr'>διοχλείς</span> <span class='ocrx_word' id='word_1_426' title='bbox 2951 3223 3121 3294; x_wconf 85' lang='grc' dir='ltr'>θύρας</span> <span class='ocrx_word' id='word_1_427' title='bbox 3155 3223 3380 3292; x_wconf 77' lang='grc' dir='ltr'>ἑτέρων,</span> <span class='ocrx_word' id='word_1_428' title='bbox 3431 3221 3588 3276; x_wconf 71' lang='grc' dir='ltr'>ἀλλὰ</span> <span class='ocrx_word' id='word_1_429' title='bbox 3624 3221 3730 3285; x_wconf 73' lang='grc' dir='ltr'>τὰς</span> <span class='ocrx_word' id='word_1_430' title='bbox 3763 3221 3850 3282; x_wconf 69' lang='lat' dir='ltr'><strong>si;</strong></span> 
     </span>
    </p>
   </div>
   <div class='ocr_carea' id='block_1_61' title="bbox 552 3297 2133 3388">
    <p class='ocr_par' dir='ltr' id='par_1_61' title="bbox 552 3297 2130 3375">
     <span class='ocr_line' id='line_1_61' title="bbox 552 3297 2130 3375; baseline 0.016 -30"><span class='ocrx_word' id='word_1_431' title='bbox 552 3297 701 3364; x_wconf 88' lang='lat' dir='ltr'><strong>quod</strong></span> <span class='ocrx_word' id='word_1_432' title='bbox 736 3305 794 3348; x_wconf 90' lang='lat' dir='ltr'><strong>tu</strong></span> <span class='ocrx_word' id='word_1_433' title='bbox 827 3297 972 3352; x_wconf 89' lang='lat' dir='ltr'><strong>fores</strong></span> <span class='ocrx_word' id='word_1_434' title='bbox 996 3299 1228 3355; x_wconf 88' lang='lat' dir='ltr'><strong>aliorum</strong></span> <span class='ocrx_word' id='word_1_435' title='bbox 1273 3319 1382 3358; x_wconf 87' lang='lat' dir='ltr'><strong>non</strong></span> <span class='ocrx_word' id='word_1_436' title='bbox 1411 3307 1619 3375; x_wconf 84' lang='lat' dir='ltr'><strong>pulses,</strong></span> <span class='ocrx_word' id='word_1_437' title='bbox 1652 3311 1744 3366; x_wconf 89' lang='lat' dir='ltr'><strong>sed</strong></span> <span class='ocrx_word' id='word_1_438' title='bbox 1779 3312 1845 3366; x_wconf 86' lang='lat' dir='ltr'><strong>ad</strong></span> <span class='ocrx_word' id='word_1_439' title='bbox 1877 3321 1998 3370; x_wconf 88' lang='lat' dir='ltr'><strong>tuas</strong></span> <span class='ocrx_word' id='word_1_440' title='bbox 2036 3316 2130 3371; x_wconf 85' lang='lat' dir='ltr'><strong>alii</strong></span> 
     </span>
    </p>
   </div>
   <div class='ocr_carea' id='block_1_62' title="bbox 2245 3297 2941 3388">
    <p class='ocr_par' dir='ltr' id='par_1_62' title="bbox 2245 3317 2941 3388">
     <span class='ocr_line' id='line_1_62' title="bbox 2245 3317 2941 3388; baseline -0.009 -12"><span class='ocrx_word' id='word_1_441' title='bbox 2245 3321 2387 3376; x_wconf 65' lang='grc' dir='ltr'>ἄλλοι</span> <span class='ocrx_word' id='word_1_442' title='bbox 2412 3317 2941 3388; x_wconf 79' lang='grc' dir='ltr'>καταλαμϐάνουσιν.</span> 
     </span>
    </p>
   </div>
   <div class='ocr_carea' id='block_1_63' title="bbox 554 3386 2437 3444">
    <p class='ocr_par' dir='ltr' id='par_1_63' title="bbox 554 3386 2437 3444">
     <span class='ocr_line' id='line_1_63' title="bbox 554 3386 2437 3444; baseline 0.002 0"><span class='ocrx_word' id='word_1_443' title='bbox 554 3388 614 3444; x_wconf 68' lang='grc' dir='ltr'>ιθ</span> <span class='ocrx_word' id='word_1_444' title='bbox 644 3386 955 3444; x_wconf 86' lang='lat' dir='ltr'><strong>conferant.</strong></span> <span class='ocrx_word' id='word_1_445' title='bbox 2431 3394 2437 3408; x_wconf 93' lang='lat'><strong>&#39;</strong></span> 
     </span>
    </p>
   </div>
   <div class='ocr_carea' id='block_1_64' title="bbox 623 3479 2133 3572">
    <p class='ocr_par' dir='ltr' id='par_1_64' title="bbox 623 3479 2132 3567">
     <span class='ocr_line' id='line_1_64' title="bbox 623 3479 2132 3567; baseline 0.016 -33"><span class='ocrx_word' id='word_1_446' title='bbox 623 3479 816 3552; x_wconf 78' lang='lat' dir='ltr'><strong>Ejusd.</strong></span> <span class='ocrx_word' id='word_1_447' title='bbox 847 3486 1031 3542; x_wconf 77' lang='lat' dir='ltr'><strong>liomil.</strong></span> <span class='ocrx_word' id='word_1_448' title='bbox 1061 3490 1132 3543; x_wconf 87' lang='lat' dir='ltr'><strong>ad</strong></span> <span class='ocrx_word' id='word_1_449' title='bbox 1153 3490 1358 3549; x_wconf 81' lang='lat' dir='ltr'><strong>divites.</strong></span> <span class='ocrx_word' id='word_1_450' title='bbox 1381 3524 1450 3533; x_wconf 89' lang='lat'><strong>—-</strong></span> <span class='ocrx_word' id='word_1_451' title='bbox 1475 3492 1707 3567; x_wconf 86' lang='lat' dir='ltr'><strong>Pauperi</strong></span> <span class='ocrx_word' id='word_1_452' title='bbox 1742 3498 1898 3557; x_wconf 85' lang='lat' dir='ltr'><strong>dives</strong></span> <span class='ocrx_word' id='word_1_453' title='bbox 1927 3503 2132 3560; x_wconf 90' lang='lat' dir='ltr'><strong>fenera.</strong></span> 
     </span>
    </p>
   </div>
   <div class='ocr_carea' id='block_1_65' title="bbox 2245 3479 3850 3572">
    <p class='ocr_par' dir='ltr' id='par_1_65' title="bbox 2310 3493 3850 3572">
     <span class='ocr_line' id='line_1_65' title="bbox 2310 3493 3850 3572; baseline -0.006 -15"><span class='ocrx_word' id='word_1_454' title='bbox 2310 3504 2568 3557; x_wconf 85' lang='grc' dir='ltr'>Δάνεισον</span> <span class='ocrx_word' id='word_1_455' title='bbox 2594 3504 2624 3556; x_wconf 81' lang='grc' dir='ltr'>ὁ</span> <span class='ocrx_word' id='word_1_456' title='bbox 2652 3501 2909 3566; x_wconf 83' lang='grc' dir='ltr'>πλούσιος</span> <span class='ocrx_word' id='word_1_457' title='bbox 2930 3499 3009 3572; x_wconf 79' lang='grc' dir='ltr'>τῷ</span> <span class='ocrx_word' id='word_1_458' title='bbox 3038 3501 3249 3571; x_wconf 80' lang='grc' dir='ltr'><strong>ἀπόρῳ.</strong></span> <span class='ocrx_word' id='word_1_459' title='bbox 3283 3495 3408 3567; x_wconf 80' lang='grc' dir='ltr'><strong>Θεῷ</strong></span> <span class='ocrx_word' id='word_1_460' title='bbox 3439 3497 3763 3550; x_wconf 62' lang='grc' dir='ltr'>πίστευσον</span> <span class='ocrx_word' id='word_1_461' title='bbox 3782 3493 3850 3563; x_wconf 70' lang='grc' dir='ltr'>τῷ</span> 
     </span>
    </p>
   </div>
   <div class='ocr_carea' id='block_1_66' title="bbox 554 3573 2133 3668">
    <p class='ocr_par' dir='ltr' id='par_1_66' title="bbox 554 3573 2133 3668">
     <span class='ocr_line' id='line_1_66' title="bbox 554 3573 2133 3668; baseline 0.016 -40"><span class='ocrx_word' id='word_1_462' title='bbox 554 3573 838 3668; x_wconf 85' lang='lat' dir='ltr'><strong>Concrede</strong></span> <span class='ocrx_word' id='word_1_463' title='bbox 871 3577 1006 3647; x_wconf 90' lang='lat' dir='ltr'><strong>Deo,</strong></span> <span class='ocrx_word' id='word_1_464' title='bbox 1054 3582 1149 3652; x_wconf 86' lang='lat' dir='ltr'><strong>qui</strong></span> <span class='ocrx_word' id='word_1_465' title='bbox 1196 3583 1464 3642; x_wconf 83' lang='lat' dir='ltr'><strong>beneficia</strong></span> <span class='ocrx_word' id='word_1_466' title='bbox 1509 3589 1598 3644; x_wconf 87' lang='lat' dir='ltr'><strong>illa</strong></span> <span class='ocrx_word' id='word_1_467' title='bbox 1653 3608 1780 3662; x_wconf 64' lang='lat' dir='ltr'><strong>qua:</strong></span> <span class='ocrx_word' id='word_1_468' title='bbox 1824 3594 1877 3648; x_wconf 91' lang='lat' dir='ltr'><strong>in</strong></span> <span class='ocrx_word' id='word_1_469' title='bbox 1912 3613 2133 3668; x_wconf 88' lang='lat' dir='ltr'><strong>oppres-</strong></span> 
     </span>
    </p>
   </div>
   <div class='ocr_carea' id='block_1_67' title="bbox 2245 3573 3850 3668">
    <p class='ocr_par' dir='ltr' id='par_1_67' title="bbox 2245 3587 3850 3665">
     <span class='ocr_line' id='line_1_67' title="bbox 2245 3587 3850 3665; baseline -0.006 -16"><span class='ocrx_word' id='word_1_470' title='bbox 2245 3595 2328 3649; x_wconf 78' lang='grc' dir='ltr'><strong>ἀεὶ</strong></span> <span class='ocrx_word' id='word_1_471' title='bbox 2360 3597 2442 3659; x_wconf 77' lang='grc' dir='ltr'>εἰς</span> <span class='ocrx_word' id='word_1_472' title='bbox 2463 3595 2757 3665; x_wconf 86' lang='grc' dir='ltr'>πρόσωπον</span> <span class='ocrx_word' id='word_1_473' title='bbox 2786 3593 2926 3647; x_wconf 80' lang='grc' dir='ltr'>ἴδιον</span> <span class='ocrx_word' id='word_1_474' title='bbox 2953 3591 3092 3664; x_wconf 81' lang='grc' dir='ltr'>ὑπὲρ</span> <span class='ocrx_word' id='word_1_475' title='bbox 3123 3590 3223 3645; x_wconf 85' lang='grc' dir='ltr'><strong>τοῦ</strong></span> <span class='ocrx_word' id='word_1_476' title='bbox 3261 3590 3612 3660; x_wconf 76' lang='grc' dir='ltr'>θλιϐομένου</span> <span class='ocrx_word' id='word_1_477' title='bbox 3641 3587 3850 3660; x_wconf 58' lang='lat' dir='ltr'><strong>lapsi-</strong></span> 
     </span>
    </p>
   </div>
   <div class='ocr_carea' id='block_1_68' title="bbox 556 3667 2133 3760">
    <p class='ocr_par' dir='ltr' id='par_1_68' title="bbox 556 3667 2133 3760">
     <span class='ocr_line' id='line_1_68' title="bbox 556 3667 2133 3760; baseline 0.016 -43"><span class='ocrx_word' id='word_1_478' title='bbox 556 3680 678 3719; x_wconf 89' lang='lat' dir='ltr'><strong>sum</strong></span> <span class='ocrx_word' id='word_1_479' title='bbox 706 3667 1096 3739; x_wconf 87' lang='lat' dir='ltr'><strong>conferuntur,</strong></span> <span class='ocrx_word' id='word_1_480' title='bbox 1122 3678 1272 3732; x_wconf 83' lang='lat' dir='ltr'><strong>velut</strong></span> <span class='ocrx_word' id='word_1_481' title='bbox 1299 3679 1354 3733; x_wconf 89' lang='lat' dir='ltr'><strong>in</strong></span> <span class='ocrx_word' id='word_1_482' title='bbox 1396 3682 1641 3752; x_wconf 89' lang='lat' dir='ltr'><strong>seipsum</strong></span> <span class='ocrx_word' id='word_1_483' title='bbox 1678 3685 1876 3740; x_wconf 88' lang='lat' dir='ltr'><strong>collata</strong></span> <span class='ocrx_word' id='word_1_484' title='bbox 1915 3667 2133 3760; x_wconf 83' lang='lat' dir='ltr'><strong>accipit,</strong></span> 
     </span>
    </p>
   </div>
   <div class='ocr_carea' id='block_1_69' title="bbox 2245 3667 3849 3760">
    <p class='ocr_par' dir='ltr' id='par_1_69' title="bbox 2245 3679 3849 3755">
     <span class='ocr_line' id='line_1_69' title="bbox 2245 3679 3849 3755; baseline -0.006 -14"><span class='ocrx_word' id='word_1_485' title='bbox 2245 3705 2406 3750; x_wconf 87' lang='grc' dir='ltr'>νοντι,</span> <span class='ocrx_word' id='word_1_486' title='bbox 2427 3687 2520 3741; x_wconf 77' lang='grc' dir='ltr'>καὶ</span> <span class='ocrx_word' id='word_1_487' title='bbox 2549 3686 2759 3740; x_wconf 76' lang='grc' dir='ltr'>οἴκοθεν</span> <span class='ocrx_word' id='word_1_488' title='bbox 2800 3679 3102 3740; x_wconf 76' lang='grc' dir='ltr'>ἀποδιδόντι</span> <span class='ocrx_word' id='word_1_489' title='bbox 3136 3683 3234 3755; x_wconf 74' lang='grc' dir='ltr'><strong>τὴν</strong></span> <span class='ocrx_word' id='word_1_490' title='bbox 3257 3683 3444 3754; x_wconf 83' lang='grc' dir='ltr'>χάριν.</span> <span class='ocrx_word' id='word_1_491' title='bbox 3498 3681 3849 3747; x_wconf 75' lang='grc' dir='ltr'>Ἀξιόπιστσς</span> 
     </span>
    </p>
   </div>
   <div class='ocr_carea' id='block_1_70' title="bbox 556 3761 2133 3851">
    <p class='ocr_par' dir='ltr' id='par_1_70' title="bbox 556 3761 2133 3851">
     <span class='ocr_line' id='line_1_70' title="bbox 556 3761 2133 3851; baseline 0.016 -41"><span class='ocrx_word' id='word_1_492' title='bbox 556 3766 724 3827; x_wconf 89' lang='lat' dir='ltr'><strong>atque</strong></span> <span class='ocrx_word' id='word_1_493' title='bbox 746 3761 863 3832; x_wconf 89' lang='lat' dir='ltr'><strong>ipse</strong></span> <span class='ocrx_word' id='word_1_494' title='bbox 892 3766 1122 3835; x_wconf 80' lang='lat' dir='ltr'><strong>gratiam</strong></span> <span class='ocrx_word' id='word_1_495' title='bbox 1153 3771 1428 3840; x_wconf 88' lang='lat' dir='ltr'><strong>rependit.</strong></span> <span class='ocrx_word' id='word_1_496' title='bbox 1473 3772 1749 3846; x_wconf 87' lang='lat' dir='ltr'><strong>Locuples</strong></span> <span class='ocrx_word' id='word_1_497' title='bbox 1771 3789 1857 3834; x_wconf 90' lang='lat' dir='ltr'><strong>est</strong></span> <span class='ocrx_word' id='word_1_498' title='bbox 1879 3795 2133 3851; x_wconf 90' lang='lat' dir='ltr'><strong>sponsor,</strong></span> 
     </span>
    </p>
   </div>
   <div class='ocr_carea' id='block_1_71' title="bbox 2245 3761 3848 3851">
    <p class='ocr_par' dir='ltr' id='par_1_71' title="bbox 2245 3773 3848 3850">
     <span class='ocr_line' id='line_1_71' title="bbox 2245 3773 3848 3850; baseline -0.002 -19"><span class='ocrx_word' id='word_1_499' title='bbox 2245 3778 2535 3850; x_wconf 79' lang='grc' dir='ltr'>ἐγγυητὴς,</span> <span class='ocrx_word' id='word_1_500' title='bbox 2577 3777 2852 3848; x_wconf 81' lang='grc' dir='ltr'>πανταχοῦ</span> <span class='ocrx_word' id='word_1_501' title='bbox 2889 3779 2996 3848; x_wconf 80' lang='grc' dir='ltr'><strong>γῆς</strong></span> <span class='ocrx_word' id='word_1_502' title='bbox 3019 3776 3114 3830; x_wconf 79' lang='grc' dir='ltr'>καὶ</span> <span class='ocrx_word' id='word_1_503' title='bbox 3151 3774 3435 3844; x_wconf 80' lang='grc' dir='ltr'>θαλάσσης</span> <span class='ocrx_word' id='word_1_504' title='bbox 3476 3773 3848 3845; x_wconf 63' lang='grc' dir='ltr'>ἠπλωμὲνους</span> 
     </span>
    </p>
   </div>
   <div class='ocr_carea' id='block_1_72' title="bbox 555 3851 2133 3944">
    <p class='ocr_par' dir='ltr' id='par_1_72' title="bbox 555 3851 2133 3940">
     <span class='ocr_line' id='line_1_72' title="bbox 555 3851 2133 3940; baseline 0.016 -37"><span class='ocrx_word' id='word_1_505' title='bbox 555 3851 648 3918; x_wconf 90' lang='lat' dir='ltr'><strong>qui</strong></span> <span class='ocrx_word' id='word_1_506' title='bbox 686 3852 890 3922; x_wconf 87' lang='lat' dir='ltr'><strong>ubique</strong></span> <span class='ocrx_word' id='word_1_507' title='bbox 949 3863 1221 3915; x_wconf 90' lang='lat' dir='ltr'><strong>terrarum</strong></span> <span class='ocrx_word' id='word_1_508' title='bbox 1265 3879 1329 3918; x_wconf 91' lang='lat' dir='ltr'><strong>ac</strong></span> <span class='ocrx_word' id='word_1_509' title='bbox 1391 3867 1622 3922; x_wconf 86' lang='lat' dir='ltr'><strong>marium</strong></span> <span class='ocrx_word' id='word_1_510' title='bbox 1685 3884 1964 3940; x_wconf 74' lang='lat' dir='ltr'><strong>expansos</strong></span> <span class='ocrx_word' id='word_1_511' title='bbox 2017 3874 2133 3929; x_wconf 90' lang='lat' dir='ltr'><strong>the-</strong></span> 
     </span>
    </p>
   </div>
   <div class='ocr_carea' id='block_1_73' title="bbox 2245 3851 2894 3944">
    <p class='ocr_par' dir='ltr' id='par_1_73' title="bbox 2245 3869 2894 3944">
     <span class='ocr_line' id='line_1_73' title="bbox 2245 3869 2894 3944; baseline 0 -18"><span class='ocrx_word' id='word_1_512' title='bbox 2245 3874 2378 3944; x_wconf 79' lang='grc' dir='ltr'>ἔχων</span> <span class='ocrx_word' id='word_1_513' title='bbox 2401 3874 2528 3937; x_wconf 79' lang='grc' dir='ltr'>τοὺς</span> <span class='ocrx_word' id='word_1_514' title='bbox 2561 3869 2894 3943; x_wconf 78' lang='grc' dir='ltr'>θησαυρούς.</span> 
     </span>
    </p>
   </div>
   <div class='ocr_carea' id='block_1_74' title="bbox 555 3947 1012 4004">
    <p class='ocr_par' dir='ltr' id='par_1_74' title="bbox 555 3947 1012 4004">
     <span class='ocr_line' id='line_1_74' title="bbox 555 3947 1012 4004; baseline 0.015 -7"><span class='ocrx_word' id='word_1_515' title='bbox 555 3958 754 4001; x_wconf 89' lang='lat' dir='ltr'><strong>sauros</strong></span> <span class='ocrx_word' id='word_1_516' title='bbox 789 3947 1012 4004; x_wconf 83' lang='lat' dir='ltr'><strong>habeat.</strong></span> 
     </span>
    </p>
   </div>
   <div class='ocr_carea' id='block_1_75' title="bbox 627 4035 2133 4135">
    <p class='ocr_par' dir='ltr' id='par_1_75' title="bbox 627 4035 2133 4130">
     <span class='ocr_line' id='line_1_75' title="bbox 627 4035 2133 4130; baseline 0.016 -41"><span class='ocrx_word' id='word_1_517' title='bbox 627 4035 769 4092; x_wconf 87' lang='lat' dir='ltr'><strong>Ibid.</strong></span> <span class='ocrx_word' id='word_1_518' title='bbox 803 4069 872 4078; x_wconf 99' lang='lat'>—</span> <span class='ocrx_word' id='word_1_519' title='bbox 898 4043 1130 4111; x_wconf 69' lang='lat' dir='ltr'><strong>Divitiae,</strong></span> <span class='ocrx_word' id='word_1_520' title='bbox 1174 4062 1285 4116; x_wconf 91' lang='lat' dir='ltr'><strong>quo</strong></span> <span class='ocrx_word' id='word_1_521' title='bbox 1339 4061 1499 4120; x_wconf 87' lang='lat' dir='ltr'><strong>pacto</strong></span> <span class='ocrx_word' id='word_1_522' title='bbox 1538 4052 1803 4112; x_wconf 89' lang='lat' dir='ltr'><strong>Dominus</strong></span> <span class='ocrx_word' id='word_1_523' title='bbox 1851 4059 2133 4130; x_wconf 66' lang='lat' dir='ltr'><strong>praecipit,</strong></span> 
     </span>
    </p>
   </div>
   <div class='ocr_carea' id='block_1_76' title="bbox 2245 4035 3849 4135">
    <p class='ocr_par' dir='ltr' id='par_1_76' title="bbox 2311 4057 3849 4135">
     <span class='ocr_line' id='line_1_76' title="bbox 2311 4057 3849 4135; baseline -0.007 -17"><span class='ocrx_word' id='word_1_524' title='bbox 2311 4063 2745 4135; x_wconf 79' lang='grc' dir='ltr'>Σκορπιζὸμενος</span> <span class='ocrx_word' id='word_1_525' title='bbox 2767 4063 2796 4115; x_wconf 81' lang='grc' dir='ltr'>ὁ</span> <span class='ocrx_word' id='word_1_526' title='bbox 2836 4061 3085 4125; x_wconf 84' lang='grc' dir='ltr'>πλοῦτος,</span> <span class='ocrx_word' id='word_1_527' title='bbox 3114 4059 3238 4113; x_wconf 73' lang='grc' dir='ltr'>καθ’</span> <span class='ocrx_word' id='word_1_528' title='bbox 3267 4059 3325 4112; x_wconf 77' lang='grc' dir='ltr'>ὃν</span> <span class='ocrx_word' id='word_1_529' title='bbox 3355 4060 3384 4113; x_wconf 84' lang='grc' dir='ltr'><strong>ὁ</strong></span> <span class='ocrx_word' id='word_1_530' title='bbox 3414 4058 3639 4128; x_wconf 75' lang='grc' dir='ltr'>Κύριος</span> <span class='ocrx_word' id='word_1_531' title='bbox 3669 4057 3849 4114; x_wconf 60' lang='grc' dir='ltr'><strong>ὑπτῦ</strong></span> 
     </span>
    </p>
   </div>
   <div class='ocr_carea' id='block_1_77' title="bbox 555 4127 2133 4228">
    <p class='ocr_par' dir='ltr' id='par_1_77' title="bbox 555 4127 2133 4208">
     <span class='ocr_line' id='line_1_77' title="bbox 555 4127 2133 4208; baseline 0.016 -25"><span class='ocrx_word' id='word_1_532' title='bbox 555 4127 838 4201; x_wconf 69' lang='lat' dir='ltr'><strong>dispersae,</strong></span> <span class='ocrx_word' id='word_1_533' title='bbox 904 4150 1229 4204; x_wconf 85' lang='lat' dir='ltr'><strong>permanere</strong></span> <span class='ocrx_word' id='word_1_534' title='bbox 1278 4144 1457 4199; x_wconf 89' lang='lat' dir='ltr'><strong>solent</strong></span> <span class='ocrx_word' id='word_1_535' title='bbox 1509 4164 1525 4202; x_wconf 90' lang='lat'><strong>:</strong></span> <span class='ocrx_word' id='word_1_536' title='bbox 1580 4155 1808 4204; x_wconf 68' lang='lat' dir='ltr'><strong>retenta:</strong></span> <span class='ocrx_word' id='word_1_537' title='bbox 1855 4127 2036 4206; x_wconf 77' lang='lat' dir='ltr'><strong>autem</strong></span> <span class='ocrx_word' id='word_1_538' title='bbox 2085 4163 2133 4208; x_wconf 77' lang='lat' dir='ltr'><strong>et</strong></span> 
     </span>
    </p>
   </div>
   <div class='ocr_carea' id='block_1_78' title="bbox 2245 4127 3844 4228">
    <p class='ocr_par' dir='ltr' id='par_1_78' title="bbox 2245 4127 3844 4228">
     <span class='ocr_line' id='line_1_78' title="bbox 2245 4127 3844 4228; baseline -0.006 -17"><span class='ocrx_word' id='word_1_539' title='bbox 2245 4157 2391 4211; x_wconf 84' lang='grc' dir='ltr'>θεται</span> <span class='ocrx_word' id='word_1_540' title='bbox 2417 4127 2619 4228; x_wconf 73' lang='grc' dir='ltr'>τρόπον</span> <span class='ocrx_word' id='word_1_541' title='bbox 2637 4198 2652 4222; x_wconf 94' lang='grc'><strong>,</strong></span> <span class='ocrx_word' id='word_1_542' title='bbox 2689 4156 2902 4223; x_wconf 77' lang='grc' dir='ltr'>πέφυκε</span> <span class='ocrx_word' id='word_1_543' title='bbox 2932 4155 3271 4225; x_wconf 84' lang='grc' dir='ltr'>παραμένειν</span> <span class='ocrx_word' id='word_1_544' title='bbox 3299 4168 3315 4183; x_wconf 76' lang='grc' dir='ltr'><strong><em>ο</em></strong></span> <span class='ocrx_word' id='word_1_545' title='bbox 3361 4127 3749 4222; x_wconf 72' lang='grc' dir='ltr'>συνεχόμενος</span> <span class='ocrx_word' id='word_1_546' title='bbox 3772 4152 3844 4208; x_wconf 67' lang='grc' dir='ltr'>δὲ,</span> 
     </span>
    </p>
   </div>
   <div class='ocr_carea' id='block_1_79' title="bbox 557 4224 2133 4320">
    <p class='ocr_par' dir='ltr' id='par_1_79' title="bbox 557 4224 2133 4313">
     <span class='ocr_line' id='line_1_79' title="bbox 557 4224 2133 4313; baseline 0.016 -39"><span class='ocrx_word' id='word_1_547' title='bbox 557 4224 809 4280; x_wconf 79' lang='lat' dir='ltr'><strong>coercitte</strong></span> <span class='ocrx_word' id='word_1_548' title='bbox 860 4227 1200 4287; x_wconf 71' lang='lat' dir='ltr'><strong>alienantur.</strong></span> <span class='ocrx_word' id='word_1_549' title='bbox 1243 4234 1300 4288; x_wconf 91' lang='lat' dir='ltr'><strong>Si</strong></span> <span class='ocrx_word' id='word_1_550' title='bbox 1341 4251 1436 4292; x_wconf 86' lang='lat' dir='ltr'><strong>eas</strong></span> <span class='ocrx_word' id='word_1_551' title='bbox 1495 4240 1795 4304; x_wconf 86' lang='lat' dir='ltr'><strong>custodias,</strong></span> <span class='ocrx_word' id='word_1_552' title='bbox 1847 4245 1963 4313; x_wconf 91' lang='lat' dir='ltr'><strong>jam</strong></span> <span class='ocrx_word' id='word_1_553' title='bbox 2029 4261 2133 4300; x_wconf 87' lang='lat' dir='ltr'><strong>non</strong></span> 
     </span>
    </p>
   </div>
   <div class='ocr_carea' id='block_1_80' title="bbox 2245 4224 3844 4320">
    <p class='ocr_par' dir='ltr' id='par_1_80' title="bbox 2245 4224 3844 4320">
     <span class='ocr_line' id='line_1_80' title="bbox 2245 4224 3844 4320; baseline -0.006 -14"><span class='ocrx_word' id='word_1_554' title='bbox 2245 4224 2640 4319; x_wconf 75' lang='grc' dir='ltr'>ἀλλοτριοῦται.</span> <span class='ocrx_word' id='word_1_555' title='bbox 2689 4250 2816 4303; x_wconf 84' lang='grc' dir='ltr'><strong>Ἐὰν</strong></span> <span class='ocrx_word' id='word_1_556' title='bbox 2845 4248 3147 4320; x_wconf 71' lang='grc' dir='ltr'>φυλάσσῃς,</span> <span class='ocrx_word' id='word_1_557' title='bbox 3183 4247 3284 4300; x_wconf 75' lang='grc' dir='ltr'><strong>οὐκ</strong></span> <span class='ocrx_word' id='word_1_558' title='bbox 3311 4243 3462 4316; x_wconf 72' lang='grc' dir='ltr'>ἔχεις</span> <span class='ocrx_word' id='word_1_559' title='bbox 3493 4263 3509 4276; x_wconf 90' lang='grc'><strong>·</strong></span> <span class='ocrx_word' id='word_1_560' title='bbox 3537 4247 3650 4298; x_wconf 73' lang='grc' dir='ltr'><strong>ἐὰν</strong></span> <span class='ocrx_word' id='word_1_561' title='bbox 3689 4262 3844 4314; x_wconf 68' lang='grc' dir='ltr'>σκορ-</span> 
     </span>
    </p>
   </div>
   <div class='ocr_carea' id='block_1_81' title="bbox 559 4315 2133 4416">
    <p class='ocr_par' dir='ltr' id='par_1_81' title="bbox 559 4315 2133 4416">
     <span class='ocr_line' id='line_1_81' title="bbox 559 4315 2133 4416; baseline 0.015 -49"><span class='ocrx_word' id='word_1_562' title='bbox 559 4315 730 4370; x_wconf 87' lang='lat' dir='ltr'><strong>habes</strong></span> <span class='ocrx_word' id='word_1_563' title='bbox 766 4320 867 4416; x_wconf 90' lang='lat' dir='ltr'><strong>si</strong></span> <span class='ocrx_word' id='word_1_564' title='bbox 920 4335 1171 4392; x_wconf 81' lang='lat' dir='ltr'><strong>Spargas,</strong></span> <span class='ocrx_word' id='word_1_565' title='bbox 1220 4342 1327 4381; x_wconf 88' lang='lat' dir='ltr'><strong>non</strong></span> <span class='ocrx_word' id='word_1_566' title='bbox 1362 4331 1606 4386; x_wconf 87' lang='lat' dir='ltr'><strong>amittes.</strong></span> <span class='ocrx_word' id='word_1_567' title='bbox 1643 4333 1936 4402; x_wconf 81' lang='lat' dir='ltr'><strong>Dispersit,</strong></span> <span class='ocrx_word' id='word_1_568' title='bbox 1994 4337 2133 4392; x_wconf 74' lang='lat' dir='ltr'><strong>dedit</strong></span> 
     </span>
    </p>
   </div>
   <div class='ocr_carea' id='block_1_82' title="bbox 2245 4315 3842 4416">
    <p class='ocr_par' dir='ltr' id='par_1_82' title="bbox 2245 4338 3842 4416">
     <span class='ocr_line' id='line_1_82' title="bbox 2245 4338 3842 4416; baseline -0.004 -19"><span class='ocrx_word' id='word_1_569' title='bbox 2245 4345 2547 4416; x_wconf 77' lang='grc' dir='ltr'>πίσῃς,οὺκ</span> <span class='ocrx_word' id='word_1_570' title='bbox 2582 4343 2893 4407; x_wconf 81' lang='grc' dir='ltr'>ἀπολέσεις.</span> <span class='ocrx_word' id='word_1_571' title='bbox 2957 4343 3402 4408; x_wconf 74' lang='grc' dir='ltr'>Ἐσκόρπισεν,</span> <span class='ocrx_word' id='word_1_572' title='bbox 3464 4338 3672 4392; x_wconf 74' lang='grc' dir='ltr'>ἔδωκε</span> <span class='ocrx_word' id='word_1_573' title='bbox 3729 4339 3842 4400; x_wconf 67' lang='grc' dir='ltr'>τοῖς</span> 
     </span>
    </p>
   </div>
   <div class='ocr_carea' id='block_1_83' title="bbox 556 4406 2133 4505">
    <p class='ocr_par' dir='ltr' id='par_1_83' title="bbox 556 4406 2133 4505">
     <span class='ocr_line' id='line_1_83' title="bbox 556 4406 2133 4505; baseline 0.018 -50"><span class='ocrx_word' id='word_1_574' title='bbox 556 4406 1158 4505; x_wconf 52' lang='grc' dir='ltr'>ροαρειϋιιδίιωιὶιὶα</span> <span class='ocrx_word' id='word_1_575' title='bbox 1186 4415 1302 4483; x_wconf 83' lang='lat' dir='ltr'><strong>ejus</strong></span> <span class='ocrx_word' id='word_1_576' title='bbox 1341 4429 1521 4474; x_wconf 83' lang='lat' dir='ltr'><strong>manet</strong></span> <span class='ocrx_word' id='word_1_577' title='bbox 1567 4421 1622 4476; x_wconf 80' lang='lat' dir='ltr'><strong>in</strong></span> <span class='ocrx_word' id='word_1_578' title='bbox 1663 4426 1915 4478; x_wconf 71' lang='lat' dir='ltr'><strong>sarculum</strong></span> <span class='ocrx_word' id='word_1_579' title='bbox 1951 4430 2133 4483; x_wconf 69' lang='lat' dir='ltr'><strong>surculi</strong></span> 
     </span>
    </p>
   </div>
   <div class='ocr_carea' id='block_1_84' title="bbox 2245 4406 3840 4505">
    <p class='ocr_par' dir='ltr' id='par_1_84' title="bbox 2245 4431 3840 4505">
     <span class='ocr_line' id='line_1_84' title="bbox 2245 4431 3840 4505; baseline -0.004 -14"><span class='ocrx_word' id='word_1_580' title='bbox 2245 4438 2522 4504; x_wconf 76' lang='grc' dir='ltr'><strong>πένησιν,</strong></span> <span class='ocrx_word' id='word_1_581' title='bbox 2548 4439 2586 4504; x_wconf 70' lang='grc' dir='ltr'>ἡ</span> <span class='ocrx_word' id='word_1_582' title='bbox 2609 4437 2967 4504; x_wconf 77' lang='grc' dir='ltr'>δικαιοσύνη</span> <span class='ocrx_word' id='word_1_583' title='bbox 3002 4434 3187 4490; x_wconf 79' lang='grc' dir='ltr'>αὐτοῦ</span> <span class='ocrx_word' id='word_1_584' title='bbox 3205 4433 3375 4505; x_wconf 77' lang='grc' dir='ltr'>μένει</span> <span class='ocrx_word' id='word_1_585' title='bbox 3400 4435 3496 4499; x_wconf 78' lang='grc' dir='ltr'>εὶς</span> <span class='ocrx_word' id='word_1_586' title='bbox 3523 4434 3642 4487; x_wconf 72' lang='grc' dir='ltr'><strong>τὸν</strong></span> <span class='ocrx_word' id='word_1_587' title='bbox 3663 4431 3840 4487; x_wconf 71' lang='grc' dir='ltr'><strong>αὲὧη</strong></span> 
     </span>
    </p>
   </div>
   <div class='ocr_carea' id='block_1_85' title="bbox 560 4492 2604 4594">
    <p class='ocr_par' dir='ltr' id='par_1_85' title="bbox 560 4492 2604 4594">
     <span class='ocr_line' id='line_1_85' title="bbox 560 4492 2604 4594; baseline 0.019 -51"><span class='ocrx_word' id='word_1_588' title='bbox 560 4492 821 4594; x_wconf 37' lang='grc' dir='ltr'><strong>(Ρξιιιφκ</strong></span> <span class='ocrx_word' id='word_1_589' title='bbox 833 4509 868 4558; x_wconf 90' lang='grc' dir='ltr'><strong>ι,</strong></span> <span class='ocrx_word' id='word_1_590' title='bbox 883 4495 962 4594; x_wconf 43' lang='grc'>9)..</span> <span class='ocrx_word' id='word_1_591' title='bbox 2237 4528 2343 4581; x_wconf 82' lang='grc' dir='ltr'><strong>τοῦ</strong></span> <span class='ocrx_word' id='word_1_592' title='bbox 2371 4492 2604 4594; x_wconf 44' lang='grc' dir='ltr'>αἱώιςοςῑ.</span> 
     </span>
    </p>
   </div>
   <div class='ocr_carea' id='block_1_86' title="bbox 627 4585 2133 4702">
    <p class='ocr_par' dir='ltr' id='par_1_86' title="bbox 627 4585 2133 4670">
     <span class='ocr_line' id='line_1_86' title="bbox 627 4585 2133 4670; baseline 0.015 -31"><span class='ocrx_word' id='word_1_593' title='bbox 627 4585 769 4643; x_wconf 87' lang='lat' dir='ltr'><strong>Ibid.</strong></span> <span class='ocrx_word' id='word_1_594' title='bbox 802 4621 873 4632; x_wconf 90' lang='lat'><strong>—</strong></span> <span class='ocrx_word' id='word_1_595' title='bbox 929 4589 992 4650; x_wconf 83' lang='lat' dir='ltr'><strong>In</strong></span> <span class='ocrx_word' id='word_1_596' title='bbox 1049 4595 1312 4655; x_wconf 89' lang='lat' dir='ltr'><strong>nundinis</strong></span> <span class='ocrx_word' id='word_1_597' title='bbox 1358 4615 1519 4656; x_wconf 88' lang='lat' dir='ltr'><strong>nemo</strong></span> <span class='ocrx_word' id='word_1_598' title='bbox 1563 4604 1792 4659; x_wconf 87' lang='lat' dir='ltr'><strong>moleste</strong></span> <span class='ocrx_word' id='word_1_599' title='bbox 1831 4603 1954 4670; x_wconf 77' lang='lat' dir='ltr'><strong>fert,</strong></span> <span class='ocrx_word' id='word_1_600' title='bbox 2002 4607 2133 4662; x_wconf 89' lang='lat' dir='ltr'><strong>dum</strong></span> 
     </span>
    </p>
   </div>
   <div class='ocr_carea' id='block_1_87' title="bbox 2245 4585 3836 4702">
    <p class='ocr_par' dir='ltr' id='par_1_87' title="bbox 2323 4617 3836 4702">
     <span class='ocr_line' id='line_1_87' title="bbox 2323 4617 3836 4702; baseline -0.003 -28"><span class='ocrx_word' id='word_1_601' title='bbox 2323 4621 2410 4674; x_wconf 86' lang='grc' dir='ltr'>Ἐν</span> <span class='ocrx_word' id='word_1_602' title='bbox 2446 4621 2750 4693; x_wconf 79' lang='grc' dir='ltr'>πανηγύρει</span> <span class='ocrx_word' id='word_1_603' title='bbox 2778 4621 2954 4684; x_wconf 68' lang='grc' dir='ltr'>οὖὸεὶς</span> <span class='ocrx_word' id='word_1_604' title='bbox 2991 4621 3240 4673; x_wconf 79' lang='grc' dir='ltr'>λυπεῖται</span> <span class='ocrx_word' id='word_1_605' title='bbox 3273 4618 3611 4689; x_wconf 78' lang='grc' dir='ltr'>προῖἐμενος</span> <span class='ocrx_word' id='word_1_606' title='bbox 3641 4617 3714 4671; x_wconf 73' lang='grc' dir='ltr'>τὰ</span> <span class='ocrx_word' id='word_1_607' title='bbox 3741 4635 3836 4702; x_wconf 53' lang='grc' dir='ltr'>παι</span> 
     </span>
    </p>
   </div>
   <div class='ocr_carea' id='block_1_88' title="bbox 559 4683 2133 4781">
    <p class='ocr_par' dir='ltr' id='par_1_88' title="bbox 559 4683 2128 4766">
     <span class='ocr_line' id='line_1_88' title="bbox 559 4683 2128 4766; baseline 0.012 -31"><span class='ocrx_word' id='word_1_608' title='bbox 559 4695 682 4750; x_wconf 71' lang='lat' dir='ltr'><strong>quae</strong></span> <span class='ocrx_word' id='word_1_609' title='bbox 721 4683 778 4738; x_wconf 90' lang='lat' dir='ltr'><strong>in</strong></span> <span class='ocrx_word' id='word_1_610' title='bbox 827 4688 1080 4745; x_wconf 89' lang='lat' dir='ltr'><strong>manibus</strong></span> <span class='ocrx_word' id='word_1_611' title='bbox 1120 4697 1250 4744; x_wconf 91' lang='lat' dir='ltr'><strong>sunt</strong></span> <span class='ocrx_word' id='word_1_612' title='bbox 1306 4692 1475 4747; x_wconf 87' lang='lat' dir='ltr'><strong>veluti</strong></span> <span class='ocrx_word' id='word_1_613' title='bbox 1537 4695 1776 4766; x_wconf 85' lang='lat' dir='ltr'><strong>projicit,</strong></span> <span class='ocrx_word' id='word_1_614' title='bbox 1832 4709 1886 4752; x_wconf 85' lang='lat' dir='ltr'><strong>et</strong></span> <span class='ocrx_word' id='word_1_615' title='bbox 1939 4715 2128 4754; x_wconf 87' lang='lat' dir='ltr'><strong>earum</strong></span> 
     </span>
    </p>
   </div>
   <div class='ocr_carea' id='block_1_89' title="bbox 2245 4683 3836 4781">
    <p class='ocr_par' dir='ltr' id='par_1_89' title="bbox 2245 4690 3836 4781">
     <span class='ocr_line' id='line_1_89' title="bbox 2245 4690 3836 4781; baseline -0.006 -18"><span class='ocrx_word' id='word_1_616' title='bbox 2245 4713 2419 4781; x_wconf 76' lang='grc' dir='ltr'>ρὸντα,</span> <span class='ocrx_word' id='word_1_617' title='bbox 2447 4712 2541 4765; x_wconf 78' lang='grc' dir='ltr'><strong>καὶ</strong></span> <span class='ocrx_word' id='word_1_618' title='bbox 2571 4711 2972 4781; x_wconf 82' lang='grc' dir='ltr'>ἀντικτὼμενος</span> <span class='ocrx_word' id='word_1_619' title='bbox 3005 4708 3072 4762; x_wconf 74' lang='grc' dir='ltr'>τὰ</span> <span class='ocrx_word' id='word_1_620' title='bbox 3103 4707 3311 4767; x_wconf 81' lang='grc' dir='ltr'>δέοντα.</span> <span class='ocrx_word' id='word_1_621' title='bbox 3344 4706 3464 4760; x_wconf 81' lang='grc' dir='ltr'>ἀλλ’</span> <span class='ocrx_word' id='word_1_622' title='bbox 3496 4709 3732 4776; x_wconf 75' lang='grc' dir='ltr'>ὅσῳπερ</span> <span class='ocrx_word' id='word_1_623' title='bbox 3777 4690 3836 4758; x_wconf 62' lang='grc' dir='ltr'>ἐν</span> 
     </span>
    </p>
   </div>
   <div class='ocr_carea' id='block_1_90' title="bbox 565 4773 2133 4875">
    <p class='ocr_par' dir='ltr' id='par_1_90' title="bbox 565 4773 2133 4856">
     <span class='ocr_line' id='line_1_90' title="bbox 565 4773 2133 4856; baseline 0.012 -29"><span class='ocrx_word' id='word_1_624' title='bbox 565 4773 688 4829; x_wconf 85' lang='lat' dir='ltr'><strong>loco</strong></span> <span class='ocrx_word' id='word_1_625' title='bbox 715 4791 779 4830; x_wconf 91' lang='lat' dir='ltr'><strong>ea</strong></span> <span class='ocrx_word' id='word_1_626' title='bbox 821 4779 925 4832; x_wconf 88' lang='lat' dir='ltr'><strong>sibi</strong></span> <span class='ocrx_word' id='word_1_627' title='bbox 961 4791 1242 4850; x_wconf 80' lang='lat' dir='ltr'><strong>comparat</strong></span> <span class='ocrx_word' id='word_1_628' title='bbox 1290 4785 1493 4853; x_wconf 87' lang='lat' dir='ltr'><strong>quibus</strong></span> <span class='ocrx_word' id='word_1_629' title='bbox 1523 4802 1663 4856; x_wconf 89' lang='lat' dir='ltr'><strong>opus</strong></span> <span class='ocrx_word' id='word_1_630' title='bbox 1703 4789 1866 4844; x_wconf 87' lang='lat' dir='ltr'><strong>habet</strong></span> <span class='ocrx_word' id='word_1_631' title='bbox 1900 4811 1912 4845; x_wconf 92' lang='lat'>:</span> <span class='ocrx_word' id='word_1_632' title='bbox 1949 4808 2133 4846; x_wconf 85' lang='lat' dir='ltr'><strong>verum</strong></span> 
     </span>
    </p>
   </div>
   <div class='ocr_carea' id='block_1_91' title="bbox 2245 4773 3837 4875">
    <p class='ocr_par' dir='ltr' id='par_1_91' title="bbox 2245 4797 3837 4875">
     <span class='ocr_line' id='line_1_91' title="bbox 2245 4797 3837 4875; baseline -0.006 -18"><span class='ocrx_word' id='word_1_633' title='bbox 2245 4805 2520 4868; x_wconf 76' lang='grc' dir='ltr'>ἐλάττονος</span> <span class='ocrx_word' id='word_1_634' title='bbox 2571 4804 2740 4875; x_wconf 81' lang='grc' dir='ltr'>τιμῆς</span> <span class='ocrx_word' id='word_1_635' title='bbox 2773 4803 2843 4856; x_wconf 77' lang='grc' dir='ltr'>τὰ</span> <span class='ocrx_word' id='word_1_636' title='bbox 2880 4802 3222 4872; x_wconf 79' lang='grc' dir='ltr'>πολυτῖμητα</span> <span class='ocrx_word' id='word_1_637' title='bbox 3273 4797 3532 4870; x_wconf 72' lang='grc' dir='ltr'>πρίηται,</span> <span class='ocrx_word' id='word_1_638' title='bbox 3594 4797 3837 4868; x_wconf 64' lang='grc' dir='ltr'>τοσούτῳ</span> 
     </span>
    </p>
   </div>
   <div class='ocr_carea' id='block_1_92' title="bbox 567 4869 2133 4968">
    <p class='ocr_par' dir='ltr' id='par_1_92' title="bbox 567 4869 2133 4956">
     <span class='ocr_line' id='line_1_92' title="bbox 567 4869 2133 4956; baseline 0.011 -35"><span class='ocrx_word' id='word_1_639' title='bbox 567 4883 678 4956; x_wconf 81' lang='lat' dir='ltr'><strong>quo</strong></span> <span class='ocrx_word' id='word_1_640' title='bbox 708 4869 911 4925; x_wconf 90' lang='lat' dir='ltr'><strong>minori</strong></span> <span class='ocrx_word' id='word_1_641' title='bbox 945 4873 1120 4942; x_wconf 88' lang='lat' dir='ltr'><strong>pretio</strong></span> <span class='ocrx_word' id='word_1_642' title='bbox 1157 4890 1220 4929; x_wconf 88' lang='lat' dir='ltr'><strong>ea</strong></span> <span class='ocrx_word' id='word_1_643' title='bbox 1256 4892 1379 4946; x_wconf 70' lang='lat' dir='ltr'><strong>qua:</strong></span> <span class='ocrx_word' id='word_1_644' title='bbox 1405 4880 1588 4949; x_wconf 74' lang='lat' dir='ltr'><strong>magni</strong></span> <span class='ocrx_word' id='word_1_645' title='bbox 1624 4882 1885 4946; x_wconf 65' lang='lat' dir='ltr'><strong>aestimat,</strong></span> <span class='ocrx_word' id='word_1_646' title='bbox 1922 4886 2133 4951; x_wconf 81' lang='lat' dir='ltr'><strong>emerit,</strong></span> 
     </span>
    </p>
   </div>
   <div class='ocr_carea' id='block_1_93' title="bbox 2245 4869 3837 4968">
    <p class='ocr_par' dir='ltr' id='par_1_93' title="bbox 2245 4890 3837 4968">
     <span class='ocr_line' id='line_1_93' title="bbox 2245 4890 3837 4968; baseline -0.004 -20"><span class='ocrx_word' id='word_1_647' title='bbox 2245 4897 2440 4968; x_wconf 72' lang='grc' dir='ltr'>χαίρει,</span> <span class='ocrx_word' id='word_1_648' title='bbox 2475 4894 2549 4958; x_wconf 81' lang='grc' dir='ltr'><strong>ὡς</strong></span> <span class='ocrx_word' id='word_1_649' title='bbox 2577 4891 2836 4966; x_wconf 85' lang='grc' dir='ltr'>λαμπροῦ</span> <span class='ocrx_word' id='word_1_650' title='bbox 2877 4894 3042 4948; x_wconf 75' lang='grc' dir='ltr'>αὐτοῦ</span> <span class='ocrx_word' id='word_1_651' title='bbox 3074 4893 3167 4946; x_wconf 87' lang='grc' dir='ltr'><strong>τοῦ</strong></span> <span class='ocrx_word' id='word_1_652' title='bbox 3197 4890 3669 4962; x_wconf 75' lang='grc' dir='ltr'>συναλλάγματος</span> <span class='ocrx_word' id='word_1_653' title='bbox 3703 4909 3837 4960; x_wconf 70' lang='grc' dir='ltr'>γενο-</span> 
     </span>
    </p>
   </div>
   <div class='ocr_carea' id='block_1_94' title="bbox 556 4959 2133 5055">
    <p class='ocr_par' dir='ltr' id='par_1_94' title="bbox 556 4959 2133 5042">
     <span class='ocr_line' id='line_1_94' title="bbox 556 4959 2133 5042; baseline 0.012 -29"><span class='ocrx_word' id='word_1_654' title='bbox 556 4972 624 5013; x_wconf 85' lang='lat' dir='ltr'><strong>eo</strong></span> <span class='ocrx_word' id='word_1_655' title='bbox 680 4959 894 5027; x_wconf 80' lang='lat' dir='ltr'><strong>majore</strong></span> <span class='ocrx_word' id='word_1_656' title='bbox 949 4964 1227 5033; x_wconf 84' lang='lat' dir='ltr'><strong>voluptate</strong></span> <span class='ocrx_word' id='word_1_657' title='bbox 1276 4965 1532 5035; x_wconf 74' lang='lat' dir='ltr'><strong>alﬁcitur,</strong></span> <span class='ocrx_word' id='word_1_658' title='bbox 1583 4981 1842 5042; x_wconf 83' lang='lat' dir='ltr'><strong>tanquam</strong></span> <span class='ocrx_word' id='word_1_659' title='bbox 1889 4976 2133 5032; x_wconf 69' lang='lat' dir='ltr'><strong>videlicet</strong></span> 
     </span>
    </p>
   </div>
   <div class='ocr_carea' id='block_1_95' title="bbox 2245 4959 3837 5055">
    <p class='ocr_par' dir='ltr' id='par_1_95' title="bbox 2245 4959 3837 5055">
     <span class='ocr_line' id='line_1_95' title="bbox 2245 4959 3837 5055; baseline -0.001 -19"><span class='ocrx_word' id='word_1_660' title='bbox 2245 4959 2428 5054; x_wconf 55' lang='grc' dir='ltr'>ᾖέῦου.</span> <span class='ocrx_word' id='word_1_661' title='bbox 2462 4983 2534 5038; x_wconf 78' lang='grc' dir='ltr'><strong>Σὺ</strong></span> <span class='ocrx_word' id='word_1_662' title='bbox 2559 4983 2616 5037; x_wconf 78' lang='grc' dir='ltr'><strong>δὲ</strong></span> <span class='ocrx_word' id='word_1_663' title='bbox 2811 4985 3034 5055; x_wconf 83' lang='grc' dir='ltr'>χρυσίον</span> <span class='ocrx_word' id='word_1_664' title='bbox 3052 4985 3143 5038; x_wconf 72' lang='grc' dir='ltr'><strong>καὶ</strong></span> <span class='ocrx_word' id='word_1_665' title='bbox 3160 4982 3424 5054; x_wconf 81' lang='grc' dir='ltr'>ἀργύριον</span> <span class='ocrx_word' id='word_1_666' title='bbox 3448 4959 3662 5048; x_wconf 71' lang='grc' dir='ltr'>διδοὺς,</span> <span class='ocrx_word' id='word_1_667' title='bbox 3686 4959 3837 5036; x_wconf 56' lang='lat' dir='ltr'><strong>tos“.-</strong></span> 
     </span>
    </p>
   </div>
   <div class='ocr_carea' id='block_1_96' title="bbox 557 5052 2133 5146">
    <p class='ocr_par' dir='ltr' id='par_1_96' title="bbox 557 5052 2133 5124">
     <span class='ocr_line' id='line_1_96' title="bbox 557 5052 2133 5124; baseline 0.012 -21"><span class='ocrx_word' id='word_1_668' title='bbox 557 5052 826 5119; x_wconf 75' lang='lat' dir='ltr'><strong>przeclara</strong></span> <span class='ocrx_word' id='word_1_669' title='bbox 857 5053 962 5110; x_wconf 89' lang='lat' dir='ltr'><strong>sibi</strong></span> <span class='ocrx_word' id='word_1_670' title='bbox 997 5057 1292 5124; x_wconf 74' lang='lat' dir='ltr'><strong>negotiatio</strong></span> <span class='ocrx_word' id='word_1_671' title='bbox 1329 5061 1633 5118; x_wconf 82' lang='lat' dir='ltr'><strong>exstiterit.</strong></span> <span class='ocrx_word' id='word_1_672' title='bbox 1683 5065 1762 5119; x_wconf 89' lang='lat' dir='ltr'><strong>Tu</strong></span> <span class='ocrx_word' id='word_1_673' title='bbox 1797 5081 1928 5121; x_wconf 90' lang='lat' dir='ltr'><strong>vero</strong></span> <span class='ocrx_word' id='word_1_674' title='bbox 1966 5067 2133 5123; x_wconf 91' lang='lat' dir='ltr'><strong>mole-</strong></span> 
     </span>
    </p>
   </div>
   <div class='ocr_carea' id='block_1_97' title="bbox 2245 5052 3834 5146">
    <p class='ocr_par' dir='ltr' id='par_1_97' title="bbox 2245 5071 3834 5146">
     <span class='ocr_line' id='line_1_97' title="bbox 2245 5071 3834 5146; baseline -0.004 -18"><span class='ocrx_word' id='word_1_675' title='bbox 2245 5076 2354 5129; x_wconf 81' lang='grc' dir='ltr'>ἐστι</span> <span class='ocrx_word' id='word_1_676' title='bbox 2385 5074 2514 5146; x_wconf 83' lang='grc' dir='ltr'>χοῦν</span> <span class='ocrx_word' id='word_1_677' title='bbox 2565 5075 2964 5146; x_wconf 76' lang='grc' dir='ltr'>παρεχόμενος,</span> <span class='ocrx_word' id='word_1_678' title='bbox 3015 5075 3102 5128; x_wconf 81' lang='grc' dir='ltr'><strong>ἶνα</strong></span> <span class='ocrx_word' id='word_1_679' title='bbox 3175 5076 3349 5145; x_wconf 75' lang='grc' dir='ltr'>κτήσῃ</span> <span class='ocrx_word' id='word_1_680' title='bbox 3398 5071 3505 5145; x_wconf 73' lang='grc' dir='ltr'><strong>τὴν</strong></span> <span class='ocrx_word' id='word_1_681' title='bbox 3557 5074 3834 5146; x_wconf 65' lang='grc' dir='ltr'>μακαρίαν</span> 
     </span>
    </p>
   </div>
   <div class='ocr_carea' id='block_1_98' title="bbox 558 5142 2407 5238">
    <p class='ocr_par' dir='ltr' id='par_1_98' title="bbox 558 5142 2407 5238">
     <span class='ocr_line' id='line_1_98' title="bbox 558 5142 2407 5238; baseline 0.016 -44"><span class='ocrx_word' id='word_1_682' title='bbox 558 5142 719 5196; x_wconf 88' lang='lat' dir='ltr'><strong>stiam</strong></span> <span class='ocrx_word' id='word_1_683' title='bbox 753 5145 1029 5216; x_wconf 89' lang='lat' dir='ltr'><strong>concipis,</strong></span> <span class='ocrx_word' id='word_1_684' title='bbox 1069 5161 1195 5200; x_wconf 88' lang='lat' dir='ltr'><strong>cum</strong></span> <span class='ocrx_word' id='word_1_685' title='bbox 1224 5162 1419 5203; x_wconf 87' lang='lat' dir='ltr'><strong>aurum</strong></span> <span class='ocrx_word' id='word_1_686' title='bbox 1466 5161 1520 5205; x_wconf 90' lang='lat' dir='ltr'><strong>et</strong></span> <span class='ocrx_word' id='word_1_687' title='bbox 1566 5165 1879 5225; x_wconf 81' lang='lat' dir='ltr'><strong>argentum,</strong></span> <span class='ocrx_word' id='word_1_688' title='bbox 1919 5158 2024 5215; x_wconf 89' lang='lat' dir='ltr'><strong>hoc</strong></span> <span class='ocrx_word' id='word_1_689' title='bbox 2051 5169 2135 5217; x_wconf 89' lang='lat' dir='ltr'><strong>est</strong></span> <span class='ocrx_word' id='word_1_690' title='bbox 2241 5142 2407 5238; x_wconf 73' lang='grc' dir='ltr'><strong>ζωήν.</strong></span> 
     </span>
    </p>
   </div>
   <div class='ocr_carea' id='block_1_99' title="bbox 558 5234 1964 5319">
    <p class='ocr_par' dir='ltr' id='par_1_99' title="bbox 558 5234 1964 5319">
     <span class='ocr_line' id='line_1_99' title="bbox 558 5234 1964 5319; baseline 0.014 -32"><span class='ocrx_word' id='word_1_691' title='bbox 558 5234 838 5302; x_wconf 85' lang='lat' dir='ltr'><strong>pulverem</strong></span> <span class='ocrx_word' id='word_1_692' title='bbox 875 5238 1106 5307; x_wconf 72' lang='lat' dir='ltr'><strong>praebes,</strong></span> <span class='ocrx_word' id='word_1_693' title='bbox 1143 5247 1201 5293; x_wconf 91' lang='lat' dir='ltr'><strong>ut</strong></span> <span class='ocrx_word' id='word_1_694' title='bbox 1229 5239 1445 5294; x_wconf 87' lang='lat' dir='ltr'><strong>beatam</strong></span> <span class='ocrx_word' id='word_1_695' title='bbox 1481 5243 1650 5300; x_wconf 86' lang='lat' dir='ltr'><strong>vitam</strong></span> <span class='ocrx_word' id='word_1_696' title='bbox 1683 5250 1964 5319; x_wconf 87' lang='lat' dir='ltr'><strong>acquiras.</strong></span> 
     </span>
    </p>
   </div>
   <div class='ocr_carea' id='block_1_100' title="bbox 627 5321 2133 5418">
    <p class='ocr_par' dir='ltr' id='par_1_100' title="bbox 627 5321 2133 5399">
     <span class='ocr_line' id='line_1_100' title="bbox 627 5321 2133 5399; baseline 0.015 -24"><span class='ocrx_word' id='word_1_697' title='bbox 627 5321 772 5378; x_wconf 87' lang='lat' dir='ltr'><strong>Ibid.</strong></span> <span class='ocrx_word' id='word_1_698' title='bbox 803 5353 873 5365; x_wconf 91' lang='lat'><strong><em>—-</em></strong></span> <span class='ocrx_word' id='word_1_699' title='bbox 907 5325 1095 5382; x_wconf 88' lang='lat' dir='ltr'><strong>Funus</strong></span> <span class='ocrx_word' id='word_1_700' title='bbox 1131 5335 1283 5382; x_wconf 87' lang='lat' dir='ltr'><strong>tuum</strong></span> <span class='ocrx_word' id='word_1_701' title='bbox 1317 5345 1603 5399; x_wconf 60' lang='lat' dir='ltr'><strong>praeverte.</strong></span> <span class='ocrx_word' id='word_1_702' title='bbox 1651 5337 1926 5394; x_wconf 77' lang='lat' dir='ltr'><strong>Eximium</strong></span> <span class='ocrx_word' id='word_1_703' title='bbox 1967 5343 2133 5399; x_wconf 86' lang='lat' dir='ltr'><strong>funus</strong></span> 
     </span>
    </p>
   </div>
   <div class='ocr_carea' id='block_1_101' title="bbox 2245 5321 3828 5418">
    <p class='ocr_par' dir='ltr' id='par_1_101' title="bbox 2312 5347 3828 5418">
     <span class='ocr_line' id='line_1_101' title="bbox 2312 5347 3828 5418; baseline -0.002 -18"><span class='ocrx_word' id='word_1_704' title='bbox 2312 5347 2609 5417; x_wconf 77' lang='grc' dir='ltr'>Προλαϐὼν</span> <span class='ocrx_word' id='word_1_705' title='bbox 2637 5349 2960 5418; x_wconf 79' lang='grc' dir='ltr'>ἐνταφίασον</span> <span class='ocrx_word' id='word_1_706' title='bbox 2990 5348 3235 5402; x_wconf 84' lang='grc' dir='ltr'>σεαυτόν.</span> <span class='ocrx_word' id='word_1_707' title='bbox 3280 5347 3468 5402; x_wconf 67' lang='grc' dir='ltr'>Καλὸν</span> <span class='ocrx_word' id='word_1_708' title='bbox 3506 5348 3764 5417; x_wconf 70' lang='grc' dir='ltr'>ἐντάφιον</span> <span class='ocrx_word' id='word_1_709' title='bbox 3799 5348 3828 5412; x_wconf 65' lang='grc' dir='ltr'><strong>ἦ</strong></span> 
     </span>
    </p>
   </div>
   <div class='ocr_carea' id='block_1_102' title="bbox 557 5417 2133 5509">
    <p class='ocr_par' dir='ltr' id='par_1_102' title="bbox 557 5417 2133 5509">
     <span class='ocr_line' id='line_1_102' title="bbox 557 5417 2133 5509; baseline 0.015 -43"><span class='ocrx_word' id='word_1_710' title='bbox 557 5423 643 5509; x_wconf 74' lang='lat' dir='ltr'><strong>est</strong></span> <span class='ocrx_word' id='word_1_711' title='bbox 668 5417 866 5483; x_wconf 90' lang='lat' dir='ltr'><strong>pietas.</strong></span> <span class='ocrx_word' id='word_1_712' title='bbox 923 5419 1016 5474; x_wconf 87' lang='lat' dir='ltr'><strong>Sic</strong></span> <span class='ocrx_word' id='word_1_713' title='bbox 1057 5421 1314 5488; x_wconf 82' lang='lat' dir='ltr'><strong>abscede,</strong></span> <span class='ocrx_word' id='word_1_714' title='bbox 1360 5435 1420 5477; x_wconf 90' lang='lat' dir='ltr'><strong>ut</strong></span> <span class='ocrx_word' id='word_1_715' title='bbox 1455 5427 1642 5482; x_wconf 86' lang='lat' dir='ltr'><strong>omnia</strong></span> <span class='ocrx_word' id='word_1_716' title='bbox 1685 5437 1868 5485; x_wconf 91' lang='lat' dir='ltr'><strong>tecum</strong></span> <span class='ocrx_word' id='word_1_717' title='bbox 1910 5433 2133 5490; x_wconf 72' lang='lat' dir='ltr'><strong>efferas.</strong></span> 
     </span>
    </p>
   </div>
   <div class='ocr_carea' id='block_1_103' title="bbox 2245 5417 3827 5509">
    <p class='ocr_par' dir='ltr' id='par_1_103' title="bbox 2245 5436 3827 5509">
     <span class='ocr_line' id='line_1_103' title="bbox 2245 5436 3827 5509; baseline -0.002 -18"><span class='ocrx_word' id='word_1_718' title='bbox 2245 5437 2511 5492; x_wconf 74' lang='grc' dir='ltr'>εὐσέϐεια.</span> <span class='ocrx_word' id='word_1_719' title='bbox 2571 5439 2755 5492; x_wconf 78' lang='grc' dir='ltr'>Πάντα</span> <span class='ocrx_word' id='word_1_720' title='bbox 2799 5436 3263 5509; x_wconf 78' lang='grc' dir='ltr'>περιϐαλλόμενος</span> <span class='ocrx_word' id='word_1_721' title='bbox 3325 5436 3563 5492; x_wconf 81' lang='grc' dir='ltr'>ἄπελθε.</span> <span class='ocrx_word' id='word_1_722' title='bbox 3624 5440 3827 5490; x_wconf 71' lang='grc' dir='ltr'>υἰκείον</span> 
     </span>
    </p>
   </div>
   <div class='ocr_carea' id='block_1_104' title="bbox 560 5503 2134 5580">
    <p class='ocr_par' dir='ltr' id='par_1_104' title="bbox 560 5503 2134 5580">
     <span class='ocr_line' id='line_1_104' title="bbox 560 5503 2134 5580; baseline 0.015 -23"><span class='ocrx_word' id='word_1_723' title='bbox 560 5503 670 5557; x_wconf 85' lang='lat' dir='ltr'><strong>Fac</strong></span> <span class='ocrx_word' id='word_1_724' title='bbox 702 5513 758 5557; x_wconf 91' lang='lat' dir='ltr'><strong>nt</strong></span> <span class='ocrx_word' id='word_1_725' title='bbox 789 5521 920 5576; x_wconf 89' lang='lat' dir='ltr'><strong>opes</strong></span> <span class='ocrx_word' id='word_1_726' title='bbox 963 5517 1069 5566; x_wconf 69' lang='lat' dir='ltr'><strong>tua:</strong></span> <span class='ocrx_word' id='word_1_727' title='bbox 1094 5512 1215 5566; x_wconf 80' lang='lat' dir='ltr'><strong>tibi</strong></span> <span class='ocrx_word' id='word_1_728' title='bbox 1257 5526 1586 5572; x_wconf 85' lang='lat' dir='ltr'><strong>ornamento</strong></span> <span class='ocrx_word' id='word_1_729' title='bbox 1620 5520 1749 5577; x_wconf 90' lang='lat' dir='ltr'><strong>sint.</strong></span> <span class='ocrx_word' id='word_1_730' title='bbox 1812 5524 1920 5579; x_wconf 83' lang='lat' dir='ltr'><strong>Eas</strong></span> <span class='ocrx_word' id='word_1_731' title='bbox 1952 5534 2134 5580; x_wconf 89' lang='lat' dir='ltr'><strong>tecum</strong></span> 
     </span>
    </p>
   </div>
   <div class='ocr_carea' id='block_1_105' title="bbox 559 5595 2136 5678">
    <p class='ocr_par' dir='ltr' id='par_1_105' title="bbox 559 5595 2136 5678">
     <span class='ocr_line' id='line_1_105' title="bbox 559 5595 2136 5678; baseline 0.016 -30"><span class='ocrx_word' id='word_1_732' title='bbox 559 5595 723 5649; x_wconf 87' lang='lat' dir='ltr'><strong>habe.</strong></span> <span class='ocrx_word' id='word_1_733' title='bbox 760 5595 911 5652; x_wconf 86' lang='lat' dir='ltr'><strong>Bono</strong></span> <span class='ocrx_word' id='word_1_734' title='bbox 960 5603 1304 5671; x_wconf 81' lang='lat' dir='ltr'><strong>consiliario,</strong></span> <span class='ocrx_word' id='word_1_735' title='bbox 1363 5608 1466 5663; x_wconf 92' lang='lat' dir='ltr'><strong>hoc</strong></span> <span class='ocrx_word' id='word_1_736' title='bbox 1527 5619 1612 5665; x_wconf 90' lang='lat' dir='ltr'><strong>est</strong></span> <span class='ocrx_word' id='word_1_737' title='bbox 1670 5613 1914 5678; x_wconf 87' lang='lat' dir='ltr'><strong>Christo,</strong></span> <span class='ocrx_word' id='word_1_738' title='bbox 1978 5617 2136 5673; x_wconf 84' lang='lat' dir='ltr'><strong>fidem</strong></span> 
     </span>
    </p>
   </div>
   <div class='ocr_carea' id='block_1_106' title="bbox 561 5689 2137 5781">
    <p class='ocr_par' dir='ltr' id='par_1_106' title="bbox 561 5689 2137 5781">
     <span class='ocr_line' id='line_1_106' title="bbox 561 5689 2137 5781; baseline 0.017 -42"><span class='ocrx_word' id='word_1_739' title='bbox 561 5689 948 5781; x_wconf 75' lang='lat' dir='ltr'><strong>accommoda;</strong></span> <span class='ocrx_word' id='word_1_740' title='bbox 975 5695 1070 5763; x_wconf 90' lang='lat' dir='ltr'><strong>qui</strong></span> <span class='ocrx_word' id='word_1_741' title='bbox 1095 5695 1285 5752; x_wconf 76' lang='lat' dir='ltr'><strong>dilexit</strong></span> <span class='ocrx_word' id='word_1_742' title='bbox 1325 5709 1396 5765; x_wconf 86' lang='lat' dir='ltr'><strong>te,</strong></span> <span class='ocrx_word' id='word_1_743' title='bbox 1429 5711 1483 5756; x_wconf 93' lang='lat' dir='ltr'><strong>et</strong></span> <span class='ocrx_word' id='word_1_744' title='bbox 1507 5712 1700 5758; x_wconf 87' lang='lat' dir='ltr'><strong>nostra</strong></span> <span class='ocrx_word' id='word_1_745' title='bbox 1729 5721 1893 5762; x_wconf 80' lang='lat' dir='ltr'><strong>causa</strong></span> <span class='ocrx_word' id='word_1_746' title='bbox 1933 5725 2137 5781; x_wconf 75' lang='lat' dir='ltr'><strong>egenus</strong></span> 
     </span>
    </p>
   </div>
   <div class='ocr_carea' id='block_1_107' title="bbox 561 5777 2128 5872">
    <p class='ocr_par' dir='ltr' id='par_1_107' title="bbox 561 5777 2128 5872">
     <span class='ocr_line' id='line_1_107' title="bbox 561 5777 2128 5872; baseline 0.017 -40"><span class='ocrx_word' id='word_1_747' title='bbox 561 5777 738 5836; x_wconf 76' lang='lat' dir='ltr'><strong>factus</strong></span> <span class='ocrx_word' id='word_1_748' title='bbox 755 5789 855 5848; x_wconf 84' lang='lat' dir='ltr'><strong>est,</strong></span> <span class='ocrx_word' id='word_1_749' title='bbox 888 5790 947 5836; x_wconf 93' lang='lat' dir='ltr'><strong>ut</strong></span> <span class='ocrx_word' id='word_1_750' title='bbox 971 5783 1148 5854; x_wconf 90' lang='lat' dir='ltr'><strong>ipsius</strong></span> <span class='ocrx_word' id='word_1_751' title='bbox 1173 5800 1414 5858; x_wconf 77' lang='lat' dir='ltr'><strong>egestate</strong></span> <span class='ocrx_word' id='word_1_752' title='bbox 1446 5792 1846 5855; x_wconf 81' lang='lat' dir='ltr'><strong>ditescercmus</strong></span> <span class='ocrx_word' id='word_1_753' title='bbox 1881 5777 2128 5872; x_wconf 35' lang='lat' dir='ltr'><strong>(II&#39;Cor.</strong></span> 
     </span>
    </p>
   </div>
   <div class='ocr_carea' id='block_1_108' title="bbox 2246 5527 3824 5602">
    <p class='ocr_par' dir='ltr' id='par_1_108' title="bbox 2246 5527 3824 5602">
     <span class='ocr_line' id='line_1_108' title="bbox 2246 5527 3824 5602; baseline -0.001 -18"><span class='ocrx_word' id='word_1_754' title='bbox 2246 5532 2450 5600; x_wconf 75' lang='grc' dir='ltr'>κόσμον</span> <span class='ocrx_word' id='word_1_755' title='bbox 2478 5530 2567 5584; x_wconf 81' lang='grc' dir='ltr'><strong>τὸν</strong></span> <span class='ocrx_word' id='word_1_756' title='bbox 2595 5527 2822 5584; x_wconf 86' lang='grc' dir='ltr'>πλοῦτον</span> <span class='ocrx_word' id='word_1_757' title='bbox 2853 5531 3096 5601; x_wconf 76' lang='grc' dir='ltr'>ποίησον.</span> <span class='ocrx_word' id='word_1_758' title='bbox 3138 5531 3267 5602; x_wconf 85' lang='grc' dir='ltr'>Ἔχε</span> <span class='ocrx_word' id='word_1_759' title='bbox 3299 5531 3468 5584; x_wconf 60' lang='grc' dir='ltr'>αὐτον</span> <span class='ocrx_word' id='word_1_760' title='bbox 3498 5533 3644 5602; x_wconf 75' lang='grc' dir='ltr'>μετᾶ</span> <span class='ocrx_word' id='word_1_761' title='bbox 3681 5549 3824 5584; x_wconf 71' lang='grc' dir='ltr'>σεαυ-</span> 
     </span>
    </p>
   </div>
   <div class='ocr_carea' id='block_1_109' title="bbox 2245 5624 3822 5699">
    <p class='ocr_par' dir='ltr' id='par_1_109' title="bbox 2245 5624 3822 5699">
     <span class='ocr_line' id='line_1_109' title="bbox 2245 5624 3822 5699; baseline -0.002 -21"><span class='ocrx_word' id='word_1_762' title='bbox 2245 5625 2361 5681; x_wconf 89' lang='grc' dir='ltr'>τοῦ.</span> <span class='ocrx_word' id='word_1_763' title='bbox 2412 5625 2670 5695; x_wconf 84' lang='grc' dir='ltr'>Πείσθητι</span> <span class='ocrx_word' id='word_1_764' title='bbox 2721 5624 2872 5696; x_wconf 86' lang='grc' dir='ltr'>καλῷ</span> <span class='ocrx_word' id='word_1_765' title='bbox 2903 5624 3215 5697; x_wconf 77' lang='grc' dir='ltr'>συμϐούλῳ,</span> <span class='ocrx_word' id='word_1_766' title='bbox 3245 5625 3322 5697; x_wconf 78' lang='grc' dir='ltr'>τῷ</span> <span class='ocrx_word' id='word_1_767' title='bbox 3375 5626 3733 5699; x_wconf 66' lang='grc' dir='ltr'>ἀγαπήσαντί</span> <span class='ocrx_word' id='word_1_768' title='bbox 3772 5640 3822 5675; x_wconf 77' lang='grc' dir='ltr'><strong>σε</strong></span> 
     </span>
    </p>
   </div>
   <div class='ocr_carea' id='block_1_110' title="bbox 2244 5717 3817 5792">
    <p class='ocr_par' dir='ltr' id='par_1_110' title="bbox 2244 5717 3817 5792">
     <span class='ocr_line' id='line_1_110' title="bbox 2244 5717 3817 5792; baseline 0.002 -23"><span class='ocrx_word' id='word_1_769' title='bbox 2244 5717 2486 5788; x_wconf 73' lang='grc' dir='ltr'>Χριστῷ,</span> <span class='ocrx_word' id='word_1_770' title='bbox 2516 5718 2592 5788; x_wconf 81' lang='grc' dir='ltr'>τῷ</span> <span class='ocrx_word' id='word_1_771' title='bbox 2622 5717 2688 5769; x_wconf 85' lang='grc' dir='ltr'><strong>δι’</strong></span> <span class='ocrx_word' id='word_1_772' title='bbox 2732 5719 2881 5790; x_wconf 77' lang='grc' dir='ltr'>ἡμᾶς</span> <span class='ocrx_word' id='word_1_773' title='bbox 2908 5718 3304 5791; x_wconf 75' lang='grc' dir='ltr'>πτωχεῦσαντι,</span> <span class='ocrx_word' id='word_1_774' title='bbox 3339 5721 3431 5775; x_wconf 79' lang='grc' dir='ltr'>ἵνα</span> <span class='ocrx_word' id='word_1_775' title='bbox 3482 5719 3583 5792; x_wconf 75' lang='grc' dir='ltr'>τὴν</span> <span class='ocrx_word' id='word_1_776' title='bbox 3626 5720 3817 5774; x_wconf 58' lang='lat' dir='ltr'><strong>Eleius:</strong></span> 
     </span>
    </p>
   </div>
   <div class='ocr_carea' id='block_1_111' title="bbox 2245 5813 2956 5886">
    <p class='ocr_par' dir='ltr' id='par_1_111' title="bbox 2245 5813 2956 5886">
     <span class='ocr_line' id='line_1_111' title="bbox 2245 5813 2956 5886; baseline 0.006 -21"><span class='ocrx_word' id='word_1_777' title='bbox 2245 5814 2516 5873; x_wconf 61' lang='grc' dir='ltr'>πτωχείαν</span> <span class='ocrx_word' id='word_1_778' title='bbox 2539 5813 2956 5886; x_wconf 78' lang='grc' dir='ltr'>πλουτήσωμεν.</span> 
     </span>
    </p>
   </div>
  </div>
