4052 6394
207 408 230 473 1
242 409 343 472 465

273 522 443 572 Ὅταν
474 512 673 585 πτωχῷ
710 512 972 583 παρέχειν
1031 506 1229 579 μέλλῃς
1277 504 1367 559 διὰ
1416 504 1507 559 τὸν
1561 502 1786 574 Κύριον,
1819 506 1863 561 Α

206 610 358 666 τοῦτο
377 610 471 661 καὶ
501 606 673 677 δῶρόν
693 607 831 666 ἔστι,
862 603 957 655 καὶ
986 602 1254 668 δάνεισμα.
1280 613 1292 626 ·
1325 596 1499 666 δῶρον
1534 596 1654 664 μὲν,
1703 594 1792 645 διὰ

200 700 300 773 τὴν
325 696 675 753 άνελπιστίαν
700 696 800 765 τῆς
850 690 1205 753 ἀπολαύσεως
1237 705 1251 717 ·
1290 688 1555 756 δάνεισμα
1597 686 1653 738 δὲ
1703 684 1793 738 διὰ

120 780 125 785 ’
199 792 300 864 τὴν
331 790 743 862 μεγαλοδωρεόω
770 787 866 841 τοῦ
905 782 1290 846 ἁποτιννύντος
1320 781 1460 852 ὑπὲρ
1491 778 1681 839 αὐτοῦ,
1732 779 1791 843 ὃς

204 888 376 959 μικρὰ
421 882 606 937 λαϐὼν
630 882 716 935 διά
746 880 840 935 τοῦ
870 878 1126 951 πένητος,
1185 875 1405 947 μεγάλα
1448 873 1589 943 ὑπὲρ
1624 871 1789 926 αὐτοῦ

199 977 471 1033 ἀποδώσει
499 991 515 1008 ⁸
556 974 613 1030 '0
645 975 755 1047 γὰρ
784 972 949 1028 ἐλεῶν
979 971 1216 1042 πτωχὸν,
1246 968 1367 1040 Θεῷ
1388 968 1643 1034 δανείζει,
1688 982 1793 1037 φηο

201 1068 306 1122 σίν.

274 1244 335 1298 ’0
358 1243 617 1315 χρήματα
662 1241 859 1306 διδοὺς,
897 1241 1269 1313 ἐλεημοσύνην
1300 1240 1442 1295 αἰτεῖ
1490 1238 1640 1309 παρὰ
1695 1235 1789 1290 σοῦ

196 1335 283 1390 διὰ
325 1336 423 1407 τῆς
454 1335 639 1407 χειρὸς
659 1330 770 1387 τῶν
796 1335 1070 1405 πενήτων,
1128 1333 1235 1387 κᾶν
1262 1332 1403 1401 λάϐῃ
1459 1330 1526 1384 τὰ
1571 1327 1786 1392 ἑαυτοῦ,

195 1428 464 1500 ἀκεραίαν
490 1444 575 1481 σοι
603 1427 701 1500 τὴν
727 1426 888 1498 χάριν
931 1423 1007 1490 ὡς
1027 1426 1238 1480 οἰκείαν
1261 1425 1592 1496 ἀποπληροῖ.

263 1626 283 1660 t
338 1608 397 1661 '0
421 1607 679 1672 πλούσιος
710 1606 864 1662 ούπω
895 1608 1138 1679 ζηλωτός
1165 1609 1281 1660 ἐστι
1311 1605 1404 1661 διὰ
1423 1606 1514 1660 τὸν
1536 1604 1785 1658 πλοῦτον·

192 1700 293 1773 οὐχ
351 1704 379 1756 ό
409 1700 679 1773 δυνάστης
709 1701 795 1755 διὰ
826 1701 918 1755 τὸν
962 1702 1128 1771 δγκον
1154 1701 1250 1755 τοῦ
1283 1699 1618 1769 ἀξιώματος.
1658 1701 1790 1769 "Op-

180 1809 335 1862 ,γανα
362 1792 471 1863 γάρ
506 1793 626 1847 ἐστι
658 1790 833 1847 ταῦτα
863 1794 963 1863 τῆς
988 1793 1183 1864 λοιπῆς
1215 1793 1419 1864 ἀρετῆς
1447 1793 1558 1853 τοῖς
1604 1789 1787 1852 καλῶς

1492 393 1731 455 SACRA
1772 391 1863 449 PA
1874 386 2237 449 BALLELA.

3328 368 3464 433 1463

1965 500 2028 553 S.
2058 498 2233 553 Basil.
2264 496 2403 551 hom.
2438 494 2491 548 in
2536 493 2835 563 feuerat.-—
2852 486 2990 541 Cum
3022 492 3243 554 prapter
3292 482 3473 536 Domi-

1895 606 2025 645 num
2076 587 2308 659 pauperi
2364 584 2552 655 largiri
2587 596 2768 653 paras,
2806 582 2909 633 ltoc
2942 576 3107 632 simul
3149 584 3204 629 et
3245 575 3474 637 donum,

1894 695 1947 740 et
1981 684 2142 738 fenus
2189 690 2322 737 est:
2378 679 2608 741 donum,
2667 676 2918 744 inquam,
2988 667 3118 739 quia
3178 664 3474 735 recipiendi

1896 777 2045 831 nulla
2098 789 2226 843 spes
2264 770 2515 840 aliulgct;
2566 768 2725 823 l'enus
2771 773 2977 828 autem,
3021 762 3091 815 ob
3134 759 3257 829 ejus
3284 759 3377 826 qui
3412 758 3477 809 il—

1894 867 2002 921 lius
2029 863 2253 918 nomine
2284 861 2584 932 persolvit,
2616 853 3089 919 muniﬁcentiam;
3116 850 3351 921 quicum
3379 864 3475 918 per

1889 969 2189 1028 .pauperem
2224 953 2483 1023 exiguum
2517 949 2652 1021 quid
2687 946 2985 1017 acceperit,
3026 943 3265 1013 ingentia
3290 955 3477 1011 proeo

1893 1048 2177 1119 rependat.
2231 1044 2366 1100 Nam
2425 1043 2521 1115 qui
2596 1042 2891 1096 miseretur
2958 1037 3237 1109 pauperis,
3303 1035 3478 1105 inquit

1893 1142 2005 1205 ille,
2047 1139 2335 1193 feneratur
2366 1136 2598 1190 Domino
2624 1133 2811 1204 (Prov.
2850 1148 2969 1195 nx,
2996 1131 3107 1198 i7).

1963 1229 2246 1301 Ejusdem.
2272 1255 2341 1267 —-
2373 1226 2480 1293 Qui
2527 1225 2624 1280 tibi
2673 1240 2807 1295 opes
2842 1222 3014 1284 dedit,
3056 1220 3171 1290 ipse
3206 1233 3304 1288 per
3346 1233 3448 1286 pau

1891 1337 2083 1394 perum
2115 1335 2315 1375 manus
2344 1319 2748 1388 eleemosynam
2790 1316 2889 1369 abs
2923 1322 2976 1367 te
3001 1313 3197 1382 poscit.
3247 1308 3403 1375 Quod
3430 1309 3475 1361 si
3509 1338 3512 1342 λ

1891 1430 2015 1486 qua:
2046 1427 2146 1467 sua
2196 1418 2328 1466 sunt
2375 1409 2633 1481 accipiat,
2672 1407 2938 1478 integram
2990 1404 3245 1475 gratiam,
3276 1416 3341 1457 ac
3365 1400 3411 1457 si
3444 1415 3477 1454 a

1891 1518 1945 1565 te
1966 1505 2241 1565 beneficio
2276 1509 2478 1558 auctus
2503 1510 2671 1564 esset,
2703 1496 2989 1568 persolvit.

1965 1600 2157 1672 Ejusd.
2197 1598 2343 1651 hom.
2375 1595 2440 1649 de
2469 1592 2633 1648 invid.
2667 1622 2737 1632 --
2763 1590 2869 1657 Qui
2898 1589 3051 1644 dives
3079 1596 3185 1651 est,
3210 1602 3319 1644 nou
3348 1602 3477 1659 pro-

1891 1698 2038 1750 tinus
2080 1694 2151 1748 ob
2182 1691 2404 1747 divitias
2434 1685 2776 1742 acmulandus
2807 1692 2893 1738 cst
2922 1702 2935 1737 :
2985 1698 3095 1736 non
3140 1682 3268 1735 item
3295 1680 3365 1735 ob
3391 1680 3478 1734 di-

1886 1786 2119 1859 gnitatis
2156 1780 2575 1852 amplitudinem
2609 1776 2656 1831 is
2704 1775 2800 1844 qui
2833 1774 3078 1844 potentia
3134 1774 3310 1829 ﬂoret.
3350 1771 3475 1828 Haec

178 1861 578 1957 ’κεχρημένοι;;
635 1886 737 1938 οὐκ
768 1861 927 1939 αὐταί
952 1885 1009 1937 ὲν
1041 1861 1265 1946 ἑαυτοῖς*
1286 1883 1478 1953 ἔχοντα
1499 1882 1559 1935 τὺ
1602 1882 1782 1952 μακά-

1891 1879 2036 1933 cnim
2098 1875 2332 1943 reliqua:
2383 1869 2604 1925 virtutis
2665 1870 3038 1923 instrumenta
3083 1874 3213 1922 sunt
3265 1866 3334 1919 iis
3380 1861 3475 1932 qui

192 1995 333 2050 ριον.
361 1978 421 2030 ’0
458 1978 555 2048 μὲν
580 1976 673 2031 οῦν
708 1975 897 2039 κακῶς
928 1975 1112 2037 αὐτοῖς
1151 1974 1496 2045 κεχρημένος
1530 1974 1781 2038 ἐλεεινὸς,

181 2071 263 2146 ’ὼς
290 2071 327 2123 ὁ
346 2070 424 2139 τῷ
452 2069 597 2139 ξίφει
630 2068 659 2122 ὃ
680 2068 873 2121 ἔλαϐεν
897 2067 1036 2140 πρὸς
1074 2067 1173 2138 τὴν
1208 2065 1317 2120 τῶν
1339 2065 1615 2137 πολεμίων
1642 2066 1785 2136 ἄμυ-

187 2178 309 2226 ναν,
347 2160 522 2231 τούτῳ
554 2161 816 2223 ἑκουσίως
857 2160 1050 2212 ἑαυτὸν
1098 2158 1579 2227 κατατιτρώσκων.
1629 2159 1691 2211 Ei
1729 2157 1784 2211 δὲ

179 2238 398 2325 ’καλῶς,
432 2252 684 2307 καὶκατὰ
708 2251 800 2325 τὸν
830 2251 988 2321 ὀρθὸν
1018 2251 1195 2319 λόγον,
1226 2251 1316 2304 τὸν
1350 2250 1592 2320 παρόντα
1621 2266 1786 2318 μεταο

186 2344 516 2417 χαρίζεται,
547 2343 643 2397 καὶ
674 2342 954 2412 οἰκονόμος
984 2341 1103 2395 ἐστὶ
1124 2341 1234 2393 τῶν
1266 2338 1414 2411 παρὰ
1440 2340 1575 2392 Θεοῦ
1602 2339 1783 2391 δοθέν-

178 2454 322 2502 των,
352 2435 693 2490 ἐπαινεῖσθαι
726 2435 821 2488 καὶ
866 2432 1186 2502 ἀγαπᾶσθαι
1242 2434 1271 2485 ό
1299 2432 1539 2494 τοιοῦτος
1575 2430 1786 2495 δίκαιός

184 2530 306 2583 ἐστι
340 2529 428 2583 διὰ
452 2529 513 2582 τὸ
534 2528 859 2599 φιλάδελφον
890 2527 985 2581 καὶ
1018 2525 1340 2580 κοινωνικὸν
1363 2524 1454 2577 τοῦ
1485 2524 1715 2595 τρόπουὶ

252 2705 450 2771 Γενοῦ,
486 2706 764 2777 ἄνθρωπε,
826 2708 959 2760 ὡσεὶ
985 2704 1172 2760 ,ἐλαία
1216 2706 1576 2776 κατάκαρπος
1625 2707 1683 2758 ὲν
1710 2705 1787 2776 τῷ

183 2797 325 2866 οἴκῳ
354 2796 448 2850 τοῦ
480 2796 638 2859 Θεοῦ,
674 2798 944 2867 μηδέποτε
979 2794 1358 2866 γυμνούμενος
1388 2798 1487 2862 τῆς
1544 2794 1782 2860 ἐλπίδος,

183 2885 303 2941 ἀλλ’
340 2885 421 2939 ἀεὶ
456 2885 756 2939 Θάλλουσαν
809 2887 949 2957 ἔχων
999 2887 1126 2958 περὶ
1185 2890 1410 2940 σεαυτὸν
1443 2890 1541 2957 τὴν
1579 2888 1666 2941 διὰ
1696 2888 1785 2939 πί-

186 2996 367 3041 στεως
398 2979 691 3051 σωτηρίαν,
727 2979 870 3032 οῦτω
908 2980 1004 3033 καὶ
1048 2977 1107 3032 τὸ
1136 2979 1419 3043 aeream;
1449 2980 1544 3033 τοῦ
1585 2978 1784 3049 φύλλου

188 3074 433 3145 μιμήσῃ,
492 3072 589 3125 καὶ
641 3072 702 3125 τὸ
765 3072 1118 3143 πολύκαρπον
1166 3073 1223 3126 δὲ
1283 3072 1449 3127 αὐτοῦ
1496 3073 1781 3143 ζηλώσεις,

183 3161 424 3231 ἄφθονον
450 3160 550 3232 τὴν
583 3162 951 3235 ἐλεημοσύνην
981 3164 1142 3217 παντὶ
1181 3162 1358 3233 καιρῷ
1388 3164 1780 3235 παρεχόμενος.

247 3341 371 3393 Οὐκ
392 3336 569 3411 οἶμαι,
595 3339 673 3410 τῷ
702 3341 853 3411 πόσῳ
878 3342 975 3409 τῆς
998 3340 1284 3411 διδομένης
1309 3340 1439 3412 ’ύλης
1465 3339 1630 3412 οὐσης
1658 3342 1787 3409 ἕξω-

186 3433 307 3500 θεν,
361 3432 486 3497 ταῖς
514 3434 572 3487 δὲ
627 3434 1069 3505 προσφερούσαις
1124 3433 1372 3503 γνώμαις
1431 3436 1630 3505 μᾶλλον
1692 3437 1787 3490 καὶ

183 3526 549 3597 προαιρέσεσι
576 3524 675 3596 τὴν
710 3525 1018 3596 φιλοτιμίαν
1049 3526 1145 3580 καὶ
1173 3526 1272 3597 τὴν
1306 3527 1785 3598 μεγαλοπρέπειαν

180 3621 209 3672 ό
232 3618 386 3690 ἱερὸς
419 3618 575 3687 λόγος
600 3617 989 3689 έσταθμίσατο.

256 3799 453 3853 Οὐδενὶ
478 3800 587 3852 τῶν
606 3800 824 3854 πάντων
855 3799 1027 3862 οὕτως
1059 3800 1134 3863 ὡς
1169 3799 1304 3868 ἐλέῳ
1331 3800 1461 3861 Θεὸς
1484 3798 1787 3869 θεραπεύε-

180 3910 298 3955 ται,
334 3893 417 3945 ὅτι
450 3892 583 3963 μηδὲ
612 3893 940 3964 οἰκειότερον
970 3892 1099 3947 ἄλλο
1147 3892 1337 3945 τούτου
1365 3892 1503 3962 Θεῷ,
1530 3886 1591 3946 οῦ
1638 3893 1787 3956 ἔλεος

182 3986 275 4038 καὶ
316 3984 544 4054 ἀλήθεια
608 3984 1060 4055 προπορεύονται,
1122 3986 1216 4038 καὶ
1244 3979 1287 4052 ᾧ
1314 3985 1664 4055 προσοιστέον
1698 3985 1787 4037 τὸν

181 4077 339 4131 ἔλεον
371 4076 475 4147 πρὸ
499 4077 599 4146 τῆς
632 4076 883 4148 κρίσεως.
906 4074 1040 4130 Οὐδὲ
1063 4075 1171 4146 γάρ
1197 4076 1342 4148 ἄλλῳ
1370 4079 1474 4130 τινὶ
1497 4077 1572 4141 ὡς
1597 4077 1786 4145 φιλαν-

184 4166 411 4239 θρωπίᾳ.
435 4166 495 4219 τὸ
544 4168 925 4239 φιλάνθρωπον
983 4166 1310 4222 ἀντιδίδοται
1367 4167 1516 4238 παρᾶ
1558 4167 1651 4221 τοῦ
1706 4168 1786 4220 δι-

182 4260 871 4331 καίωςνάντιμετροῦντος
934 4262 993 4313 έν
1050 4259 1203 4333 ζυγῷ
1262 4260 1356 4315 καὶ
1406 4260 1631 4332 σταθμῷ
1695 4261 1787 4314 τὸν

184 4352 366 4405 ἔλεον.

253 4543 359 4606 Δός
381 4559 434 4596 τι
465 4540 584 4615 Θεῷ
635 4544 1013 4615 χαριστήριον,
1038 4545 1119 4597 ὅτι
1150 4544 1258 4597 τῶν
1282 4544 1526 4597 εὐποιείν
1555 4544 1785 4616 δυναμέ-
1816 4563 1863 4620 υ

175 4636 296 4692 ’νων
330 4637 538 4705 ἐγένου,
584 4636 701 4691 ἀλλ’
734 4638 795 4690 οὐ
825 4636 931 4691 τῶν
962 4638 1219 4692 εὐπαθεῖν
1260 4637 1551 4706 δεομένων,
1582 4638 1663 4691 ὅτι
1718 4637 1791 4709 μὴ

187 4730 415 4800 βλέπεις
441 4730 521 4792 είς
550 4728 837 4801 ἀλλοτρίας
865 4732 1074 4801 χεῖρας,
1098 4730 1212 4784 ἀλλ’
1236 4732 1316 4792 εἰς
1346 4730 1441 4792 τὰς
1463 4728 1560 4792 σὰς
1590 4729 1787 4802 ἕτεροι.

185 4823 504 4893 Πλούτησον
526 4823 600 4895 μὴ
630 4822 949 4894 περιουσίαν
982 4824 1163 4895 μόνον,
1202 4823 1339 4879 ἀλλά
1357 4824 1450 4877 καὶ
1480 4824 1788 4879 εὐσέϐειαν·

187 4916 267 4988 μὴ
309 4915 468 4986 μόνον
496 4915 558 4969 τὺ
602 4915 846 4987 χρυσίον,
891 4917 1029 4971 ἀλλά
1083 4918 1178 4971 καὶ
1222 4918 1322 4990 τὴν
1354 4920 1576 4994 ἀρετήν,
1626 4921 1789 4975 Γενοῦ

183 5008 285 5061 τοῦ
321 5007 551 5077 πλησίον
580 5006 926 5079 τιμιώτερος,
956 5010 1107 5080 ὲντῴ
1139 5012 1371 5080 φανῆναι
1396 5014 1786 5085 χρηστότερος.

185 5095 361 5151 Γενοῦ
383 5097 461 5167 τῷ
492 5096 781 5168 ἀτυχοῦντι
820 5098 975 5165 Θεὸς,
1009 5100 1099 5152 τὸν
1146 5100 1296 5155 ἔλεον
1346 5102 1481 5157 Θεοῦ
1513 5104 1790 5175 μιμούμε-

186 5207 304 5252 νος.
340 5189 507 5244 Οὐδὲν
541 5190 648 5261 γὰρ
683 5189 854 5255 οὕτως
881 5190 958 5255 ὡς
992 5192 1050 5245 τὸ
1073 5192 1314 5247 εὐποιεῖν
1359 5194 1649 5268 ἄνθρωπος
1676 5196 1789 5267 ἔχει

186 5282 352 5337 Θεοῦ.
1086 5304 1089 5305 ν

253 5540 381 5598 ,Οίει
411 5541 485 5613 μὴ
510 5540 757 5613 ἀνάγκην
804 5539 945 5598 εἷναί
972 5562 1057 5600 σοι
1084 5547 1185 5617 τῆς
1244 5550 1591 5621 εὐεργεσίας,
1651 5555 1787 5611 ἀλλὰ

80 5695 83 5698 ν
187 5634 556 5705 προαίρεσιν;
592 5634 803 5705 Σφῶρα
834 5637 928 5689 καὶ
987 5638 1151 5701 αὐτὸς
1184 5639 1509 5714 ἐϐουλόμην,
1557 5648 1648 5700 καλ.
1684 5652 1786 5701 ὐπ-

188 5724 526 5795 ελάμϐανον,
578 5726 712 5780 ἀλλὰ
746 5730 903 5797 φοϐεῖ
957 5747 1022 5799 με
1055 5735 1087 5800 ἡ
1146 5736 1415 5807 ἀριστερά
1456 5739 1579 5809 χεὶρ
1612 5742 1705 5793 καὶ
1736 5746 1784 5796 οί

189 5819 396 5889 ἔριφοι,
428 5818 523 5871 καὶ
553 5818 589 5873 ἃ
620 5820 769 5890 παρὰ
801 5820 891 5874 τοῦ
921 5824 1217 5894 στήσαντος
1270 5829 1641 5901 ὀνειδίζονται,
1687 5834 1783 5905 οὐχ

1888 1971 2031 2026 bene
2057 1964 2316 2030 utuntur,
2352 1980 2462 2019 non
2497 1970 2679 2017 autem
2707 1962 2823 2030 ipsa
2856 1962 2912 2014 in
2938 1976 2997 2015 se
3025 1959 3342 2015 felicitatem
3377 1957 3476 2010 Ita-

1885 2066 2039 2121 bent.
2086 2059 2276 2129 itaque
2311 2058 2483 2112 miser
2514 2066 2597 2111 est
2648 2054 2741 2124 qui
2776 2053 2863 2107 liis
2897 2052 3039 2107 male
3090 2051 3287 2109 utitur.
3330 2047 3473 2102 haud

1886 2172 2046 2214 secus
2106 2170 2170 2209 ac
2223 2154 2315 2209 ille
2345 2154 2436 2222 qui
2491 2152 2698 2223 gladio,
2736 2163 2899 2219 quem
2954 2147 3020 2201 ad
3072 2140 3476 2215 propulsandos

1886 2251 2071 2306 hostes
2100 2247 2337 2317 accepit,
2381 2245 2628 2315 seipsum
2683 2243 3062 2300 convulnerat.
3106 2240 3178 2292 At
3224 2237 3267 2292 si
3304 2244 3475 2299 recte,

1886 2353 2050 2415 atque
2098 2354 2157 2397 ut
2212 2340 2427 2396 rationi
2464 2345 2901 2394 consentaneum
2956 2340 3041 2388 est
3070 2370 3084 2394 ,
3129 2329 3294 2402 477
3345 2342 3478 2398 opes

1886 2435 2258 2500 administrat,
2303 2440 2359 2489 et
2402 2446 2466 2486 ea
2494 2445 2618 2501 qua:
2652 2428 2795 2482 Deus
2834 2425 2939 2482 sibi
2980 2423 3215 2488 dederit,
3248 2420 3475 2490 dispen-

1886 2535 1991 2590 sat,
2023 2526 2070 2581 is
2100 2525 2258 2595 plane
2315 2530 2537 2594 propter
2590 2520 2916 2575 cbaritatetn
2964 2525 3018 2572 et
3054 2512 3473 2575 liberalitatem,

1888 2617 2046 2672 laude
2076 2627 2130 2670 et
2163 2614 2547 2671 benevolentia
2581 2611 2779 2681 dignus
2822 2616 2931 2664 est.

1958 2707 2231 2777 Ejusdem.
2253 2736 2322 2747 —
2348 2705 2425 2759 Da
2448 2719 2697 2775 operam,
2728 2716 2761 2755 ο
2793 2701 2979 2764 Ιιοιιιο,
3014 2707 3072 2752 ιιι
3098 2697 3177 2777 sis
3210 2706 3474 2766 tauquam

1885 2800 2031 2855 oiiva
2104 2796 2395 2853 fructifera
2444 2796 2498 2850 in
2543 2794 2708 2849 domo
2758 2791 2887 2857 Dei;
2922 2775 3187 2844 nimirum
3217 2797 3278 2842 ut
3322 2800 3475 2856 spem

1888 2891 2215 2961 neutiquam
2246 2889 2505 2959 abjicias,
2536 2885 2630 2942 sed
2662 2883 2921 2947 salutem,
2953 2895 3077 2951 qua:
3110 2878 3215 2933 fide
3248 2891 3480 2945 compa-

1888 2994 2061 3047 ratur,
2092 2984 2240 3037 circa
2284 2992 2338 3037 te
2373 2995 2593 3051 semper
2630 2978 2902 3033 virentem
2941 2974 3167 3027 habeas.
3202 2969 3295 3024 Sic
3320 2983 3479 3023 nem-

1888 3093 1953 3146 pe
1981 3085 2035 3131 et
2070 3084 2335 3146 perpetuo
2372 3076 2609 3129 virorem
2641 3072 2808 3126 olivae
2874 3061 3226 3130 imitaberis;
3256 3061 3388 3130 quin
3422 3069 3479 3115 et

1888 3171 2233 3227 fet'acitatem
2292 3167 2666 3232 a'mulaberis,
2722 3168 2945 3220 uberem
3018 3160 3169 3216 omni
3237 3165 3485 3225 tempore

1891 3263 2141 3335 praebens
2169 3262 2599 3330 eiecmosynam.

1960 3354 2020 3410 S.
2075 3352 2234 3423 Greg.
2293 3352 2521 3405 Tltaum.
2574 3348 2650 3404 De
2695 3346 2899 3402 laudib.
2954 3344 3271 3415 0rigen.—
3308 3338 3479 3396 Sacra

1889 3447 2167 3510 doctrina,
2194 3453 2253 3499 ut
2296 3445 2426 3497 milii
2475 3442 2697 3513 quidem
2739 3441 2978 3505 videtur,
3022 3454 3132 3494 non
3162 3446 3274 3491 tam
3304 3442 3482 3489 mate-

1889 3540 1987 3593 ria:
2011 3536 2152 3592 datae
2183 3537 2518 3607 quantitate,
2553 3540 2611 3588 ut
2636 3550 2757 3603 qua:
2790 3540 3017 3588 externa
3046 3530 3139 3593 sit,
3160 3540 3326 3597 quatn
3348 3524 3479 3579 olfe-

1891 3629 2136 3682 reutium
2201 3628 2486 3680 voluntate
2509 3632 2566 3678 ct
2630 3623 2921 3686 instituto,
2968 3617 3363 3674 liberalitatem
3423 3621 3477 3669 et

1890 3718 2330 3773 munificentiam
2367 3714 2709 3786 ponderarit.

1959 3809 2018 3865 S.
2050 3807 2267 3878 (ἕτερον.
2288 3807 2555 3861 Nazianz.
2587 3814 2730 3860 orat.
2763 3804 2847 3859 15.
2884 3834 2951 3847 -ο
2977 3801 3138 3857 Nulla
3170 3816 3229 3857 re
3249 3800 3479 3855 omnino

1889 3899 2113 3969 perinde
2146 3914 2209 3952 ac
2238 3896 2624 3951 misericordia
2658 3894 2802 3951 Deus
2830 3894 3187 3959 conciliatur,
3222 3891 3476 3963 quando-

1832 4066 1839 4071 .
1888 3993 2109 4063 quidem
2145 4006 2245 4047 uec
2280 3992 2430 4045 aliud
2480 3991 2783 4061 quidquam
2836 3989 2949 4044 Deo
2976 3990 3151 4060 magis
3186 3988 3474 4058 preprium

1888 4093 1974 4140 est
2019 4104 2031 4140 :
2066 4086 2276 4155 quippe
2340 4100 2506 4155 quem
2557 4083 2943 4141 misericordia
2985 4089 3041 4137 et
3082 4083 3292 4136 veritas
3332 4096 3477 4151 prte-

1889 4178 2122 4243 cedunt,
2151 4189 2204 4234 et
2232 4178 2320 4257 cui
2365 4177 2756 4234 misericordia
2798 4184 2927 4231 ante
2991 4173 3266 4245 judicium
3314 4172 3476 4227 debet

1887 4270 2094 4327 olierri.
2126 4270 2313 4342 Neque
2340 4271 2486 4326 enim
2523 4272 2630 4325 ulla
2670 4286 2731 4325 re
2758 4270 2885 4334 alia,
2918 4269 3025 4323 uisi
3064 4265 3477 4329 misericordia,

1899 4364 2293 4420 misericordia
2350 4364 2418 4418 ab
2454 4378 2520 4418 eo
2555 4363 2905 4434 rependitur,
2966 4359 3060 4431 qui
3123 4360 3300 4429 juste,
3332 4366 3387 4414 et
3418 4357 3478 4412 in

1891 4457 2154 4526 pondere,
2181 4465 2236 4511 et
2256 4472 2519 4511 mensura
2581 4454 3027 4509 misericordiam
3054 4453 3367 4507 remetitur.

1972 4545 2114 4600 Ibid.
2155 4578 2225 4587 -—
2253 4538 2421 4600 Grato
2451 4546 2641 4600 animo
2678 4546 2887 4616 aliquid
2944 4543 3057 4601 Deo
3092 4545 3299 4611 tribue,
3344 4545 3479 4617 quia

1895 4649 1955 4694 tu
1989 4657 2053 4693 ex
2085 4655 2277 4694 eorum
2346 4654 2581 4694 numero
2614 4653 2676 4693 es
2708 4638 2805 4707 qui
2835 4638 2975 4693 bene
2998 4637 3067 4694 de
3096 4638 3235 4695 aliis'
3273 4639 3475 4695 mereri

1897 4732 2135 4802 possint.
2172 4747 2281 4784 non
2333 4730 2427 4800 qui
2460 4730 2743 4784 beneficiis
2771 4728 3005 4782 aliorum
3034 4744 3175 4800 opus
3207 4730 3474 4786 habeant:

1893 4840 2019 4879 cum
2047 4824 2100 4877 in
2140 4824 2350 4877 alienas
2387 4838 2587 4877 manus
2639 4836 2749 4875 non
2801 4821 3093 4887 intuearis,
3124 4822 3220 4878 sed
3249 4822 3304 4877 in
3352 4832 3478 4879 luas

1894 4917 2006 4971 alii.
2039 4916 2129 4972 Sis
2180 4931 2291 4970 non
2326 4915 2525 4985 Opibus
2548 4922 2602 4969 et
2634 4912 2995 4970 facultatibus
3036 4914 3224 4979 modo,
3286 4930 3478 4969 verum

1893 5018 1949 5063 et
1992 5006 2194 5079 pietate
2224 5006 2379 5061 dives
2415 5020 2563 5060 :non
2610 5014 2818 5060 tantum
2862 5019 3024 5070 auro,
3051 5005 3146 5061 sed
3168 5005 3331 5060 etiam
3365 5005 3478 5058 vir-

1894 5109 2033 5156 tute.
2092 5097 2184 5155 Sis
2236 5097 2487 5170 proxitno
2538 5106 2633 5153 tuo
2682 5099 2788 5154 hoc
2824 5099 3048 5153 nomine
3098 5100 3476 5167 praestantior,

1892 5192 2034 5264 quod
2070 5191 2335 5260 majorem
2360 5191 2754 5261 benignitatem
2786 5189 3068 5260 praeferas.
3104 5186 3193 5243 Sis
3244 5187 3478 5243 calami-

1890 5293 2011 5339 toso
2044 5281 2209 5345 Deus,
2238 5281 2332 5337 Dei
2367 5282 2802 5337 misericordiam
2840 5279 3127 5335 imitando.
3157 5276 3303 5335 Nihil
3327 5280 3477 5336 enim

1891 5384 2001 5429 tam
2041 5374 2291 5429 divinant
2335 5373 2503 5429 habet
2535 5375 2721 5443 homo,
2749 5375 3091 5446 quambene
3115 5374 3183 5430 de
3208 5371 3338 5429 aliis
3358 5384 3475 5428 me-

1889 5467 2050 5522 rendi
2091 5465 2437 5523 facultatem.

1962 5559 2244 5629 Ejusdem.
2305 5586 2375 5598 -—
2433 5542 2519 5613 Αιῖ
2554 5566 2613 5612 ιιι
2652 5555 3083 5614 beneficentiam
3135 5554 3355 5612 arbitrii
3394 5556 3475 5611 tui

1888 5666 2014 5707 esse
2046 5660 2232 5722 putas,
2268 5666 2379 5704 non
2412 5649 2777 5706 necessitatis
2808 5649 2833 5702 ?
2871 5650 3051 5717 Quam
3082 5650 3199 5719 ipse
3254 5663 3478 5721 quoque

1888 5746 2084 5801 vellem
2124 5745 2202 5799 ita
2256 5753 2426 5811 esset,
2473 5752 2638 5814 atque
2698 5742 2866 5799 etiam
2922 5742 3326 5800 existimarem.
3366 5738 3475 5797 Sed

1889 5839 2022 5895 mihi
2054 5847 2255 5894 metum
2294 5839 2524 5895 sinistra
2564 5836 2655 5893 illa
2692 5835 2924 5907 incutit,
2955 5844 3010 5894 et
3033 5837 3205 5906 haedi,
3249 5842 3305 5891 ct
3338 5847 3476 5907 pro-
