4052 6402
586 365 720 432 1467

1772 374 1832 435 S.
1874 374 2195 435 JOANNIS
2232 368 2667 436 DAMASCENI

3734 372 3860 438 ιιδε

589 489 689 543 bra
720 502 843 559 quae
871 502 899 540 a
937 486 1127 558 judice
1161 487 1215 541 in
1246 502 1342 541 eos
1370 488 1757 558 conjiciuntur
1789 509 1803 545 :
1833 506 1945 545 non
2007 490 2156 561 quod

2269 493 2345 545 ὅτι
2373 491 2771 562 διηρπάκασιν,
2807 490 2916 544 οὐδ’
2966 491 3048 544 ὅτι
3081 491 3472 561 σεσυλήκασιν,
3507 490 3540 560 ἦ
3578 492 3862 559 μεμοιχεὺ-

585 581 897 650 rapuerint,
929 587 1025 632 aut
1056 562 1335 649 sacrilegii
1366 579 1455 633 vel
1507 578 1773 634 adulterii
1823 581 2066 637 crimine
2100 597 2159 637 se

582 674 957 738 devinxerim,
996 681 1093 727 aut
1118 671 1268 726 aliud
1304 672 1588 742 quidpiam
1631 672 1781 742 quod
1822 674 2159 743 prohibitum

584 767 658 821 sit
694 766 1096 837 perpetrarint,
1157 764 1331 834 hujus
1390 762 1606 818 ordinis
1668 763 2158 832 damnantur;sed

584 858 714 927 quia
744 857 1026 913 Christum
1056 873 1155 927 per
1176 872 1451 926 pauperes
1480 856 1709 911 minime
1740 856 2059 913 coluerunt.
2090 888 2158 897 -—

585 947 870 1003 Neminem
897 961 1140 1015 unquam
1177 944 1287 999 Deo
1311 945 1522 1015 aliquid
1553 960 1819 1015 erogasse
1873 947 2159 1017 pmnituit.

583 1038 787 1093 Multus
812 1040 958 1095 enim
984 1046 1070 1093 est
1100 1036 1166 1091 ad
1198 1037 1429 1108 gratiam
1463 1038 1899 1107 rependemlam.
1950 1068 2020 1079 --
2079 1037 2163 1093 Sit

584 1131 950 1188 beneﬁcentia
975 1139 1172 1186 nostra
1200 1146 1266 1185 ex
1294 1144 1359 1184 eo
1405 1130 1551 1197 quod
1579 1130 1741 1185 nobis
1776 1133 2159 1187 necessarium

584 1231 692 1289 est,
718 1236 828 1276 non
863 1235 928 1273 ex
966 1234 1034 1273 eo
1065 1218 1211 1288 quod
1238 1217 1538 1273 redundat.
1572 1217 1687 1273 Hac
1715 1220 1996 1275 oblatione
2015 1219 2161 1276 Deus

587 1314 766 1385 magis
788 1312 1097 1368 delectatur
1146 1326 1311 1382 quam
1362 1325 1656 1365 munerqu
1701 1310 1866 1381 copia
1896 1319 1953 1367 et
1994 1312 2164 1377 largi-

584 1407 755 1462 tionis
786 1404 1193 1476 magnitudiue.
1229 1433 1299 1443 —
1326 1403 1571 1457 Mutuam
1598 1418 1728 1473 erga
1759 1418 1864 1459 nos
1904 1404 2164 1459 humani-

584 1510 752 1560 tatem
820 1497 966 1553 Deus
1018 1515 1048 1551 a
1086 1497 1248 1552 nobis
1308 1495 1585 1566 exposcit,
1645 1496 1868 1551 etiamsi
1928 1497 1998 1551 ab
2040 1496 2164 1568 ipso

582 1594 915 1663 plectamur.
943 1621 1014 1631 —
1050 1589 1165 1645 lloc
1191 1589 1354 1659 longe
1378 1588 1819 1659 pulcherrimum
1852 1595 2023 1659 atque
2060 1591 2165 1645 bu-

583 1686 969 1742 manissimum
1004 1692 1112 1750 est,
1143 1684 1292 1755 quod
1349 1682 1498 1738 Deus
1526 1697 1639 1737 non
1698 1683 1946 1739 muneris
1986 1684 2165 1754 pretio

582 1790 635 1836 ct
664 1779 956 1852 dignitate,
998 1778 1093 1835 sed
1122 1778 1383 1834 donantis
1414 1776 1603 1831 animo
1625 1776 1979 1847 largitionem
2004 1778 2166 1832 meti-

2264 600 2444 649 κασιν,
2480 584 2513 655 ἢ
2547 582 2677 638 ἀλλο
2724 582 2912 635 τιτῶν
2956 582 3429 654 ἀπηγορευμένων
3475 583 3854 651 πεποιήκασιν.

2262 676 2466 747 ταύτην
2485 675 2585 747 τὴν
2612 674 2770 739 τάξιν
2792 674 3322 745 καταψηφισθέντες,
3345 674 3464 728 ἀλλ’
3490 676 3576 728 ὅτι
3610 674 3688 744 μὴ
3734 675 3861 743 X91.-

2266 769 2387 823 στὸν
2416 768 2506 822 διὰ
2541 767 2649 820 τῶν
2694 766 2967 837 δεομένων
3004 767 3507 835 τεθεραπεύκασιν.
3561 796 3633 806 -ο
3680 765 3861 828 Οὐδεὶς

2267 859 2513 931 μετέγνω
2566 858 2675 912 τῶν
2699 857 2821 929 Θεῷ
2852 848 2905 912 τι
2942 860 3451 930 προσενεγκάντων.
3521 856 3700 919 Πολὺς
3724 858 3862 909 ἐστιν

2263 955 2344 1016 είς
2371 949 2747 1006 ἀνταπόδοσιν.
2782 980 2853 992 -—
2884 952 3068 1005 Ἔστω
3113 950 3176 1004 τὸ
3225 950 3437 1018 ἀγαθὸν
3483 949 3645 1021 ὑμῶν
3675 950 3740 1001 ἐκ
3771 950 3864 1016 τῆς

2264 1041 2471 1114 χρείας,
2516 1042 2592 1115 μὴ
2630 1042 2724 1096 τοῦ
2762 1042 3221 1113 περισσεύματος·
3344 1041 3550 1112 μᾶλλον
3580 1056 3861 1111 ua.me

2268 1138 2358 1207 ρίᾳ
2378 1135 2511 1199 Θεὸς
2544 1134 2921 1206 εὐφραίνεται,
2946 1133 2981 1206 ἢ
3003 1132 3197 1204 πλήθει
3221 1134 3319 1203 τῆς
3346 1134 3632 1203 εἰσφορᾶς,
3659 1132 3757 1183 καὶ
3783 1147 3864 1201 με·

2264 1227 2414 1297 γέθει
2442 1227 2543 1296 τῆς
2569 1226 2885 1289 ἐπιδόσεως.
2921 1255 2987 1264 —
3021 1222 3443 1295 Φιλανθρωπίαν
3473 1224 3625 1293 ἡμᾶς
3645 1222 3749 1292 τὴν
3788 1223 3861 1285 si;

2265 1318 2527 1389 ἀλλήλους
2552 1318 2776 1372 ἀπαιτεῖ
2798 1317 2827 1369 ό
2847 1316 3001 1383 Θεὸς,
3024 1315 3127 1371 κᾶν
3154 1314 3248 1369 ὑπ’
3280 1313 3447 1368 αὐτοῦ
3477 1312 3861 1383 κολαζῶμεθα.

2265 1413 2427 1465 -Τὸ
2458 1410 2747 1465 κάλλιστον
2779 1410 2873 1464 καὶ
2926 1407 3473 1480 φιλανθρωπότατον,
3525 1408 3610 1461 ὅτι
3665 1404 3745 1476 μὴ
3796 1409 3861 1475 τῇ

2268 1508 2394 1580 ἀξίᾳ
2426 1507 2519 1561 τοῦ
2543 1506 2842 1578 διδομένου,
2901 1504 3046 1576 τῇδὲ
3090 1504 3323 1575 δυνάμει
3379 1504 3473 1557 καὶ
3504 1505 3574 1574 τῇ
3623 1500 3863 1555 διαθέσει

2266 1602 2360 1655 τοῦ
2400 1598 2879 1670 καρποφοροῦντος
2905 1599 3094 1669 μετρεῖ
3123 1596 3255 1659 Θεὸς
3275 1596 3375 1667 τὴν
3396 1595 3663 1648 ἐπίδοσιν.
3682 1622 3757 1633 -
3778 1591 3865 1662 Mi;

2268 1694 2565 1766 ἀναμείνης
2592 1690 2845 1761 γενέσθαι
2889 1690 3161 1761 χρηστὸς,
3202 1688 3320 1743 ἀλλ’
3372 1688 3474 1759 ήδη
3507 1685 3695 1756 γενοῦ·
3732 1685 3864 1757 μηδὲ

2270 1780 2352 1834 ὃτι
2388 1780 2488 1850 τῆς
2518 1778 2675 1844 ἀξίας
2713 1778 2915 1841 λείπει,
2946 1777 3007 1831 τὸ
3046 1778 3155 1831 πᾶν
3178 1775 3455 1849 ἐλλείπης.
3490 1776 3629 1829 ἀλλὰ
3660 1776 3724 1828 τὸ
3770 1776 3864 1844 μὲν

584 1882 710 1926 tur.
748 1902 821 1913 —
862 1871 942 1926 Ne
1001 1869 1333 1942 benignitati
1400 1878 1508 1924 tua:
1542 1884 1730 1924 moras
1786 1879 1998 1933 nectas,
2063 1868 2158 1924 sed

2269 1872 2566 1942 εἰσένεγκε,
2598 1871 2660 1925 τὸ
2688 1870 2746 1925 δὲ
2775 1868 3184 1941 προθυμήθητι.
3233 1900 3304 1910 —-
3340 1868 3507 1923 Οὐδὲν
3531 1867 3713 1931 οὕτως
3760 1867 3865 1919 τῶν

586 1978 737 2019 nunc
786 1964 1063 2033 benignus
1145 1961 1364 2017 edicere
1399 1979 1413 2017 :
1448 1976 1553 2016 nec
1587 1963 1717 2031 quia
1750 1962 1889 2017 satis
1939 1960 2165 2034 dignum

2265 1964 2671 2037 εἰσφερομένων
2711 1962 2854 2034 Θεῷ,
2904 1963 3010 2016 κᾶν
3040 1963 3341 2033 ἐλάχιστον,
3402 1962 3435 2032 ῆ
3466 1961 3572 2015 κᾶν
3597 1961 3739 2015 πολὺ
3770 1960 3863 2031 τῆς

585 2072 790 2112 munus
820 2054 1024 2110 olferrc
1063 2055 1286 2125 nequis,
1313 2054 1528 2109 idcirco
1553 2068 1757 2110 omnes
1780 2054 1940 2109 oliicii
1979 2066 2158 2126 partes

2269 2057 2422 2123 ἀξίας
2450 2057 2795 2129 λειπόμενον,
2837 2056 2866 2109 ὃ
2903 2055 2979 2126 μὴ
3011 2057 3297 2126 προσίεται
3334 2055 3552 2118 πάντως
3600 2055 3698 2107 καὶ
3728 2054 3862 2108 tim-

586 2150 1007 2219 przetermittas.
1067 2146 1271 2204 Verum
1324 2149 1403 2203 ita
1435 2156 1489 2203 te
1544 2162 1696 2219 gere,
1734 2158 1793 2202 ιιι
1819 2148 1968 2203 aliud
2019 2164 2158 2204 nunc

2269 2153 2504 2224 δέχεται,
2534 2153 2584 2206 εί
2607 2151 2700 2205 καὶ
2724 2149 3045 2221 σταθμίζειν
3072 2145 3214 2204 οἶδεν
3244 2152 3311 2222 τῇ
3341 2150 3526 2221 δικαίᾳ
3559 2149 3745 2220 κρίσει
3776 2148 3863 2201 τὸν

582 2242 809 2306 oderas,
841 2248 897 2296 et
921 2241 990 2297 ad
1029 2240 1176 2295 aliud
1206 2248 1259 2296 te
1289 2256 1513 2315 rursum
1548 2254 1853 2311 praeparcs.
1880 2270 1950 2280 —
1978 2239 2059 2295 Ex
2093 2241 2162 2297 iis

2272 2246 2442 2301 ἔλεον.

582 2351 706 2405 quae
737 2336 847 2391 Deo
877 2334 1207 2399 oﬂ'eruntur,
1231 2322 1594 2411 nibill‘usque
1626 2333 1765 2389 adeo
1792 2349 2022 2405 parvum
2053 2346 2158 2403 est,
2186 2338 2475 2410 ipsiusque
2540 2338 2814 2411 dignitate
2860 2332 3119 2401 inferius,
3164 2337 3299 2407 quin
3361 2334 3418 2391 id
3476 2334 3711 2391 omnino
3762 2333 3859 2389 ad-

581 2432 765 2486 mittat
801 2439 857 2487 et
916 2431 1224 2502 approbet:
1267 2386 1489 2485 etiamsi
1542 2427 1933 2498 justojudicio
1962 2386 2271 2501 ponderare
2297 2386 2745 2493 miscricordiam
2770 2438 2934 2494 sciat.

770 2542 939 2616 478
971 2543 1030 2598 S.
1063 2542 1216 2615 Greg.
1252 2542 1395 2598 Naz.
1426 2558 1493 2598 ex
1524 2552 1642 2599 tetr.
1678 2545 1749 2599 30
1777 2555 1827 2598 et
1850 2544 1939 2601 60.

685 2633 869 2689 Livori
904 2644 954 2687 et
991 2635 1148 2690 tinea:
1179 2633 1376 2689 bonum
1406 2645 1483 2688 est
1505 2635 1631 2703 quid
1666 2634 1899 2700 demere,

684 2705 754 2775 ξι
783 2704 1073 2759 debitorem
1101 2706 1356 2775 prwferre
1380 2706 1621 2759 omnibus
1663 2704 1849 2772 Deum,

686 2774 892 2830 Frusto
922 2777 1163 2845 rependit
1198 2774 1409 2845 sceptra
1443 2777 1535 2845 qui
1557 2776 1813 2830 caelestia.

684 2846 803 2901 Alis
836 2846 1065 2917 tegisque
1101 2846 1373 2902 Christum
1407 2863 1632 2917 pascens
1660 2862 1940 2916 pauperes.

674 2978 868 3034 Poena:
897 2980 944 3033 si
974 2980 1109 3034 nihil
1137 2980 1338 3035 vindici
1369 2982 1526 3037 debes
1570 2982 1703 3046 Deo,

688 3048 803 3122 Nec
831 3050 1062 3105 debitori
1100 3051 1235 3106 lenis
1260 3054 1371 3122 ipse
1399 3054 1474 3107 si:
1506 3065 1619 3118 tuo,

682 3119 886 3194 ._D_ebere
907 3122 989 3175 sin
1026 3132 1074 3175 te
1109 3140 1213 3194 non
1256 3119 1433 3193 negas,
1460 3125 1745 3194 ignoscito.

694 3190 921 3246 Veniam
954 3193 1193 3263 rependit
1216 3190 1341 3249 nam
1364 3190 1506 3248 Deus
1535 3196 1848 3252 clementiae.

655 3302 937 3374 Ejusdem.
969 3336 1038 3347 —
1069 3305 1213 3373 Quid
1265 3308 1624 3379 pra-donibus
1669 3317 1725 3365 et
1768 3308 1987 3364 furibus
2037 3308 2157 3362 tlte-

580 3398 1069 3467 saurizarejuvat,
1105 3408 1534 3471 temporumque
1566 3402 1997 3463 mutationibus,
2032 3416 2157 3471 quae

576 3491 645 3545 ad
669 3490 808 3546 alios
829 3491 966 3546 alias
985 3501 1329 3561 convertant,
1346 3493 1661 3565 iactentque
1683 3493 1969 3551 instabiles
1987 3501 2041 3546 rt
2064 3492 2163 3547 llu-

577 3600 677 3639 xas
708 3599 845 3654 opes
879 3602 892 3638 :
931 3598 995 3637 ac
1036 3598 1149 3638 non
1183 3585 1367 3654 potius
1399 3601 1493 3640 eas
1516 3586 1571 3640 in
1607 3594 1724 3641 tuta
1757 3588 1954 3642 horrea
1990 3593 2157 3655 atque

579 3677 855 3738 tlrmiora,
902 3692 1066 3747 quam
1147 3684 1209 3730 ut
1258 3676 1492 3734 insidias
1551 3678 1693 3734 ullas
1741 3686 2013 3741 metuant,
2070 3693 2159 3732 rc-

576 3768 812 3823 condere
839 3767 863 3822 ’ἲ

647 3860 707 3915 S.
746 3859 903 3933 Greg.
936 3861 1106 3933 Nysa.
1139 3871 1281 3917 orat.
1312 3864 1338 3917 1
1391 3861 1469 3917 De
1499 3863 1686 3918 beatit.
1720 3894 1789 3904 —
1841 3862 2037 3920 Gravis
2070 3880 2160 3921 res

576 3955 828 4025 quaedam
857 3964 941 4011 est
974 3972 1170 4011 aurum
1210 3976 1224 4011 :
1260 3956 1405 4013 levis
1455 3967 1644 4012 autem
1672 3965 1727 4012 et
1754 3973 1976 4012 sursum
2038 3967 2159 4012 ten-

576 4049 717 4105 dens
747 4050 946 4105 virtus.
979 4049 1236 4107 Gravitas
1274 4066 1445 4118 porro
1470 4067 1534 4106 ac
1571 4052 1767 4108 levitas
1800 4053 1944 4105 inter
1966 4068 2025 4107 se
2056 4068 2161 4122 pu-

576 4144 1051 4212 gnant.Quocirca
1075 4144 1300 4213 quando
1321 4143 1388 4198 ad
1412 4160 1649 4215 superna
1672 4144 2158 4199 conscendendum

577 4243 683 4299 est,
715 4235 911 4291 demus
958 4251 1185 4306 operam
1238 4244 1298 4291 ut
1350 4237 1420 4291 iis
1457 4237 1624 4291 rebus
1680 4246 1805 4306 qua:
1851 4252 1953 4291 nos
2004 4236 2157 4289 humi

578 4331 939 4398 detorquent,
994 4330 1153 4382 vacui
1191 4336 1247 4383 et
1309 4328 1501 4395 inopes
1544 4329 1743 4384 simus.
1800 4326 1890 4381 Sic
1952 4328 2161 4399 quippe

580 4424 673 4475 tiet
706 4429 766 4475 ut
791 4436 1015 4475 sursum
1041 4419 1345 4490 erigamur.
1379 4418 1569 4489 Neque
1612 4420 1759 4474 enim
1816 4418 1933 4475 ﬁeri
1976 4427 2160 4491 potest

579 4510 657 4564 uti
689 4510 825 4566 levis
857 4508 1129 4580 quispiam
1149 4508 1437 4574 emciatur,
1466 4509 1559 4579 qui
1594 4525 1653 4565 se
1685 4524 1870 4564 rerum
1918 4510 2155 4565 materia

2342 2618 2546 2694 Καλόν-
2577 2657 2633 2694 τι
2662 2638 2866 2707 σητῶν
2886 2638 3173 2707 ἁρπάσαι,
3198 2639 3296 2693 καί
3320 2637 3427 2693 τοῦ
3449 2637 3706 2707 φθόνου,

2320 2712 2605 2777 ,Χριστὸν
2631 2709 2946 2780 χρεώστην
2960 2709 3045 2779 μᾶ
3062 2713 3220 2775 λλον,
3248 2709 3287 2777 ἢ
3313 2710 3385 2763 τὰ
3404 2709 3606 2763 πάντα
3622 2708 3804 2777 ἔχειν,

2341 2784 2448 2845 Ὃς
2464 2783 2791 2846 βασιλείαν
2814 2780 3164 2850 νηὶὰσιιατος
3188 2780 3503 2849 χαρίζεται.

2335 2852 2596 2919 Χριστὸν
2632 2851 2901 2917 σκέπεις,
2948 2849 3182 2922 τρέφεις
3233 2868 3316 2916 τε,
3338 2855 3445 2905 τὸν
3472 2849 3856 2992 πτωῖἒνωὶρέ-

2331 2996 2398 3047 El
2418 2991 2613 3062 μηδὲν
2654 2992 2861 3062 ὅφλεις
2877 2991 2959 3057 τῷ
2994 2988 3114 3056 Θεῷ
3141 2992 3438 3061 τιμωρίας,
3622 2936 3793 2992 [ρων.
3849 2967 3856 2975 ’

2332 3061 2485 3131 Μηδι
2510 3061 2699 3131 ainde
2728 3063 2855 3116 ἴσθι
2889 3062 3013 3128 τοῖς
3035 3063 3295 3130 ὄφλουσι
3323 3061 3678 3131 συμπαθής.

2327 3136 2398 3188 Ei
2420 3129 2489 3187 ’δ’
2526 3129 2693 3199 οἶδας
2716 3133 2941 3202 dgnior,
2968 3129 3441 3201 καὶίπρόχρησοκ
3467 3133 3534 3185 τὸ
3572 3129 3788 3201 πρᾶον.

2335 3204 2524 3271 Οῑκτῳ
2548 3206 2659 3273 γὰρ
2681 3200 2881 3269 οἶκτος
2916 3204 3017 3258 καί
3049 3200 3170 3269 Θεῷ
3201 3200 3599 3273 σταθμίζεται.

2336 3318 2403 3373 Τί
2428 3319 2510 3373 δεῖ
2539 3318 2895 3390 θησαυρίζειν
2923 3320 3149 3391 λῃσταῖς
3178 3320 3272 3372 καὶ
3300 3318 3591 3382 κλέπταις,
3616 3320 3716 3373 καὶ
3746 3336 3841 3372 και

2266 3411 2375 3483 ρῶν
2398 3410 2745 3479 μεταϐολαῖς,
2777 3410 2965 3464 ἄλλοτε
2990 3412 3069 3475 είς
3088 3410 3279 3473 ἄλλους
3309 3409 3738 3480 μετατιθέντων,
3769 3410 3855 3463 καὶ

2266 3499 2593 3570 ριπιξόντων
2621 3500 2719 3571 τὴν
2745 3500 2979 3555 ἄστατον
3006 3500 3289 3572 εὐπορίαν,
3312 3500 3450 3554 ἀλλά
3473 3502 3556 3564 εἰς
3572 3500 3673 3564 τὰς
3692 3502 3854 3570 ἀσφαο

2263 3591 2375 3656 λεῖς
2403 3592 2690 3665 ἀποθήκας
2704 3593 3060 3649 ἀποτίθεσθαι
3087 3593 3193 3647 τῶν
3219 3593 3693 3650 ἐπιϐουλευόντων
3713 3594 3857 3665 ἰσχο-

2265 3685 2387 3756 ροτέ
2396 3702 2519 3756 ρας.

2327 3862 2472 3934 Βαρύ
2505 3880 2556 3916 τι
2585 3862 2775 3934 χρῆμα
2805 3862 2869 3916 τὸ
2920 3863 3144 3934 χρυσίον
3178 3861 3294 3916 ἐστί
3319 3879 3331 3892 ⁸
3367 3862 3573 3933 κοῦφον
3603 3864 3662 3917 δέ
3683 3882 3738 3917 τι
3774 3868 3852 3918 και

2263 3954 2544 4025 ἀνωφερὲς
2602 3946 2835 4023 πρᾶγμα
2888 3956 2922 4026 ή
2952 3954 3145 4025 ἀρετή.
3182 3952 3346 4006 Ἀλλὰ
3399 3954 3508 4024 μὴν
3555 3954 3853 4009 ἀντίκειται

2262 4047 2435 4100 ταῦτα
2465 4046 2718 4116 ἀλλήλοις
2745 4046 2806 4099 τὸ
2831 4045 2998 4117 βάρος
3032 4046 3127 4099 καὶ
3152 4046 3185 4115 ή
3224 4046 3519 4117 κουφότης.
3549 4046 3616 4100 Ei
3640 4044 3735 4101 οὖν
3758 4049 3852 4118 χρί-

2261 4142 2372 4202 τοῖς
2403 4137 2514 4192 ἅνω
2544 4138 2921 4208 προσϐαίνειν,
2956 4138 3065 4192 τῶν
3106 4138 3487 4193 καθελκόντων
3522 4141 3843 4211 πτωχεύσω-

2265 4248 2385 4300 μεν,
2411 4218 2496 4282 ἵνα
2535 4231 2593 4283 ἐν
2620 4232 2735 4293 τοῖς
2765 4230 2879 4284 άνω
2903 4230 3213 4301 γενώμεθα.
3256 4232 3568 4302 Ἀμήχανον
3596 4226 3707 4305 γὰρ
3738 4234 3830 4287 κοῦ

2262 4323 2361 4391 φόν
2412 4339 2534 4375 τινα
2565 4322 2823 4391 γενέσθαι
2868 4324 2961 4377 τὸν
3018 4322 3096 4394 τῷ
3141 4323 3297 4395 βάρει
3333 4322 3435 4393 τῆς
3483 4323 3623 4395 ὕλης
3670 4325 3847 4379 ἑαυτὸν

2264 4409 2669 4483 συνηλώσαντα.
2707 4412 2802 4476 Τίς
2826 4413 2883 4466 δὲ
2905 4413 2934 4465 ὁ
2960 4413 3159 4483 τρόπος
3207 4414 3496 4485 ὑφηγεῖται
3552 4417 3588 4485 ή
3634 4416 3842 4486 ψαλμῳ-

2261 4502 2368 4557 δία’
2411 4503 2816 4572 Ἐσκόρπισεν
2835 4544 2851 4572 ,
2892 4502 3076 4557 ἔδωκε
3105 4506 3231 4571 τοῖς
3253 4504 3536 4572 πένησιν·
3564 4508 3605 4575 ἡ
3647 4508 3842 4562 δίκαια

579 4601 953 4656 constantium
990 4594 1218 4671 ponderi
1250 4600 1509 4658 aﬂixerit.
1543 4600 1797 4668 Quonam
1826 4617 1994 4673 porro
2030 4618 2150 4656 mo-

2269 4598 2423 4665 σύνη
2444 4584 2635 4652 αὐτοῦ
2651 4597 2823 4668 μένει
2851 4598 2937 4663 είς
2960 4597 3068 4651 τὸν
3088 4595 3273 4651 αίῶνα
3292 4599 3401 4653 τοῦ
3428 4598 3671 4667 αἰῶνος.
3701 4601 3758 4655 '0
3777 4598 3841 4667 τῷ

575 4692 647 4747 ιΙο
679 4692 731 4747 id
762 4691 1027 4762 consequi
1059 4693 1363 4762 possimus,
1394 4692 1481 4749 bis
1506 4692 1689 4748 verbis
1746 4693 1908 4749 docet
1930 4692 2162 4748 Psalmi-

573 4790 657 4836 sta
684 4780 992 4849 :Dispersit,
1026 4781 1170 4835 dedit
1193 4784 1515 4851 pauperibus
1540 4799 1558 4847 ;
1583 4783 1804 4853 justitia
1834 4783 1949 4853 ejus
1979 4794 2156 4837 manet

2274 4688 2480 4760 πτωχῷ
2524 4688 2704 4743 τοίνυν
2761 4690 3128 4760 κοινωνήσας,
3181 4690 3264 4755 είς
3307 4682 3406 4762 τὴν
3443 4692 3639 4764 μερίδα
3668 4694 3827 4748 τοῦδι

2268 4781 2417 4850 ἡμᾶς
2436 4778 2855 4850 πτωχεύσαντος
2886 4779 3077 4833 ἑαυτὸν
3097 4782 3452 4852 καταστήσει.

573 4878 626 4931 in
654 4877 907 4931 circulum
940 4878 1123 4931 διεσαιὶ
1159 4876 1356 4947 (Ρεαι.
1388 4882 1561 4943 (2:1,!)
1586 4882 1624 4945 ).
1656 4878 1846 4949 Itaque
1882 4879 1975 4949 qui
2007 4875 2236 4947 pauperi
2271 4875 2571 4931 facultates
2602 4890 2736 4931 suas
2794 4874 3063 4945 impertit,
3124 4874 3192 4930 ad
3243 4874 3363 4945 ejus
3408 4890 3466 4931 se
3515 4887 3704 4947 partes
3752 4879 3837 4933 ad-

567 4973 774 5045 jungit,
805 4974 901 5044 qui
939 4982 1128 5029 nostra
1188 4988 1357 5031 causa
1384 4976 1440 5029 in
1501 4984 1823 5046 paupertate
1880 4983 2137 5030 versatus
2165 4982 2270 5030 est.

642 5068 702 5125 S.
735 5067 1017 5139 Chrysost.
1052 5100 1121 5110 —
1146 5066 1369 5124 Nullum
1394 5071 1760 5143 elecmosyna:
1783 5072 2155 5143 impedimen-

572 5171 687 5217 tum
735 5173 1037 5234 paupertas
1062 5161 1244 5219 aﬂ‘ert.
1283 5162 1590 5219 Testis‘est
1645 5165 1832 5231 vidua,
1860 5180 1984 5236 qua:
2036 5165 2152 5220 duo

569 5255 783 5309 minuta
808 5255 969 5326 jecit,
1002 5264 1058 5312 et
1080 5272 1176 5312 eos
1217 5257 1314 5328 qui
1352 5257 1528 5312 multa
1560 5260 1947 5322 contulerant,
1984 5273 2151 5329 supe-

567 5344 713 5399 ravit
744 5342 895 5415 (Luc.
933 5363 1049 5414 xxi,
1078 5347 1237 5419 2).—
1269 5346 1464 5405 Czecus
1494 5349 1587 5404 cui
1632 5349 2021 5405 misericordia
2043 5349 2151 5403 im.

568 5440 836 5510 pertitur,
892 5441 1095 5497 ducere
1121 5442 1188 5497 ad
1232 5443 1433 5498 coelum
1494 5444 1652 5499 novit
1686 5461 1700 5497 :
1745 5452 1799 5499 et
1826 5444 1919 5514 qui
1952 5444 2021 5498 ad
2054 5458 2151 5512 pa-

2334 5069 2449 5123 Οὐκ
2500 5068 2620 5122 ἐστι
2650 5067 2881 5139 κώλυμα
2924 5067 3062 5142 πρὸς
3092 5066 3466 5139 ἐλεημοσύνην
3503 5068 3683 5122 πενία.
3734 5069 3833 5122 Καὶ

2265 5162 2531 5233 μάρτυςή
2574 5162 2739 5233 χήρα,
2772 5164 2805 5233 ή
2851 5160 2921 5215 τὰ
2944 5160 3038 5214 δύο
3064 5161 3238 5215 λεπτά
3280 5159 3538 5231 βαλοῦσα,
3592 5162 3688 5216 καὶ
3722 5161 3827 5223 τοὺς

2260 5254 2432 5308 πολλά
2469 5256 2808 5318 καταθέντας
2838 5254 3337 5324 ὑπερακοντίσασα.
3368 5284 3434 5292 -
3468 5254 3681 5323 Τυφλδς
3706 5249 3827 5307 οἶδεν

2258 5344 2575 5418 ἐλεούμενος
2618 5348 2698 5411 είς
2730 5347 2978 5417 οὐρανῶν
3008 5346 3291 5417 βασιλείαν
3326 5349 3711 5418 χειραγωγεῖν,
3744 5345 3824 5399 καὶ

2252 5441 2281 5493 ὁ
2305 5439 2506 5510 τοίχοις
2536 5440 2915 5513 προσκρούων,
2941 5443 3034 5494 καὶ
3066 5439 3285 5512 βόθροις
3319 5439 3718 5504 ὲνολισθαίνων,
3751 5434 3822 5491 οὗ·

570 5531 740 5585 rietes
771 5531 1045 5601 impingit,
1075 5542 1246 5603 atque
1274 5536 1332 5590 in
1359 5534 1545 5591 foveas
1576 5534 1825 5594 oll‘endit.
1862 5536 1929 5589 ad
1973 5536 2151 5590 cmlos

2269 5534 2344 5596 ξος
2374 5532 2616 5597 όδοποιὸς
2668 5533 2880 5600 γίνεται
2921 5534 3021 5603 τῆς
3052 5535 3133 5596 είς
3172 5532 3444 5604 οὐρανοὺς
3496 5531 3816 5589 ἀναϐάσεως.

570 5620 916 5677 scandendos
946 5624 1161 5682 itineris
1189 5643 1249 5681 se
1273 5627 1558 5684 ductorem
1589 5628 1816 5699 prmbet.
1850 5626 2023 5683 Judex
2052 5642 2154 5680 no-

2256 5625 2354 5679 Διὰ
2390 5628 2641 5695 πενήτων
2670 5627 2699 5678 ὁ
2734 5626 3000 5697 ἡμέτερος
3026 5626 3289 5696 δικαστὴς
3320 5624 3724 5699 δωροδοκεῖται·
3745 5619 3817 5672 διὰ

568 5725 686 5770 ster
741 5730 838 5786 per
894 5730 1164 5785 pauperes
1218 5722 1623 5792 corrumpitur.
1679 5719 1787 5775 Fac
1839 5721 2010 5791 igitur
2054 5733 2153 5788 per

2269 5718 2353 5786 ῖῆς
2387 5718 2570 5788 χειρὸς
2601 5718 2693 5771 τοῦ
2714 5720 2949 5790 πένητος
2972 5718 3065 5771 τοῦ
3095 5717 3356 5771 δικαστοῦ
3389 5717 3489 5787 τήν
3528 5714 3817 5786 παράθυρον

568 5821 791 5862 manum
829 5808 1093 5865 oauocris
1127 5809 1329 5867 iudicis
1363 5813 1638 5869 nosticum
1683 5813 1888 5870 oulscs.
1931 5810 2148 5867 Etenim

2264 5810 2513 5870 κροῦσον.
2538 5811 2762 5872 Λέγεται
2795 5813 2898 5873 γάρ
2935 5830 3025 5865 σου
3054 5812 3120 5865 τὰ
3143 5811 3208 5865 δι’
3238 5810 3407 5865 αὑτοῦ
3429 5810 3596 5881 δῶρα,
3620 5806 3707 5860 καὶ
3738 5820 3820 5854 πιο
