4052 6436
245 422 383 489 1469

1517 426 1759 487 SACRA
1795 422 1995 482 PARA
2006 423 2267 484 LLELA.

3379 421 3516 485 14Ἶο

246 534 580 607 ραχαράττει
606 536 731 598 τοὺς
770 535 992 604 νόμους.
1037 536 1285 607 Δέχεται,
1339 540 1432 592 καὶ
1455 538 1580 591 ἀντὶ
1627 536 1823 590 δικαίοι

1942 533 2033 589 ille
2067 551 2298 590 munera
2334 541 2426 588 tua
2460 548 2559 603 per
2588 547 2710 586 cum
2745 530 2967 599 accipit,
3003 539 3059 585 et
3098 533 3246 603 leges
3302 534 3515 591 adultec

240 627 624 698 φιλάνθρωπος
656 629 885 696 γίνεται.
913 630 1162 699 Δέχεται,
1192 635 1288 685 καὶ
1306 632 1405 702 τῆς
1424 631 1835 702 ἀληθείαςπρο-

239 718 425 771 τάττει
453 717 545 771 τὸν
576 717 743 781 ἔλεον,
775 719 871 771 καὶ
902 721 966 788 τῇ
1019 719 1318 788 πλάστιγγι
1343 722 1452 774 τῶν
1494 722 1831 791 ἁμαρτημά-

237 824 347 860 των
370 809 679 880 ἁντικρεμᾷ
714 810 814 880 τὴν
834 812 995 880 χεῖρα
1023 810 1117 864 τοῦ
1149 813 1399 882 πένητος.
1424 844 1494 853 —
1523 815 1692 865 Ὅταν
1720 813 1833 867 δια-

239 897 444 972 θρέψεις
460 900 551 953 τὸν
569 899 798 972 πένητα,
818 903 1013 957 σαυτὸν
1040 904 1228 976 νόμιζε
1258 907 1829 978 διατρέφειν.Τοιαύτη

236 990 348 1061 γάρ
383 993 415 1061 ἡ
446 991 543 1045 τοῦ
596 994 925 1064 πράγματος
978 995 1160 1064 φύσις.
1230 997 1320 1064 Ἐξ
1365 1000 1522 1069 ἡμῶν
1554 1002 1636 1062 εἰς
1685 1001 1833 1070 ἡμᾶς

238 1083 653 1154 μεταχωρεῖτά
693 1084 1066 1155 διδόμενα.“⁹υ
1106 1088 1216 1161 γὰρ
1246 1090 1629 1161 φιλάνθρωπος
1673 1090 1829 1161 ἡμῶν

232 1172 504 1246 δεσπότης
528 1175 589 1229 τὸ
623 1176 893 1248 ἡμέτερον
934 1179 1135 1233 ἐπιδὼν
1168 1181 1525 1251 μικρόψυχον,
1549 1185 1628 1244 εἰς
1653 1183 1827 1255 ὑπερ-

234 1264 400 1338 ϐολὴν
422 1268 659 1339 ἄμετρον
688 1268 1006 1338 ἀναπέμπει
1028 1272 1091 1325 τὸ
1118 1271 1299 1342 ἔργον,
1329 1273 1423 1327 καὶ
1449 1275 1642 1328 ἑαυτὸν
1661 1275 1829 1347 χρεώ-

234 1374 372 1428 στην
402 1360 503 1428 τῆς
523 1360 898 1434 ἐλεημοσύνης
926 1363 1101 1417 καλεῖ’
1130 1365 1267 1418 Θεοῦ
1292 1365 1559 1437 δάνεισμα
1592 1367 1690 1439 τὴν
1738 1369 1828 1421 εὐ-

233 1448 420 1502 ποιΐαν
461 1452 882 1523 προσαγορεύει.
934 1450 1005 1507 Ὦ
1037 1456 1176 1526 πόση
1232 1456 1334 1523 τῆς
1381 1458 1751 1529 ἐλεημοσύνης
1790 1462 1822 1529 ἡ

230 1540 498 1611 δύναμιςῑ
549 1544 684 1615 μόνη
716 1546 776 1598 τὸ
831 1545 973 1599 θεῖον
1031 1548 1416 1619 ὑπεισέρχεται
1449 1552 1821 1623 δικαστήριον.

228 1636 325 1707 Μὴ
359 1636 687 1706 φοὸηθῶμεν
724 1637 988 1709 δικαστὴν
1044 1640 1148 1710 πρὸ
1200 1641 1290 1694 τοῦ
1339 1643 1691 1715 δικαστηρίου
1724 1646 1823 1719 τὴν

226 1729 389 1798 χεῖρα
450 1728 825 1798 προτείνοντα.
874 1730 965 1801 Μὴ
1010 1733 1345 1804 φοϐηθῶμεν
1394 1736 1662 1808 δικαστὴν
1721 1741 1823 1794 οὐκ

223 1820 562 1892 ἀρνούμενον
584 1822 680 1875 τοῦ
704 1821 993 1879 ).α6εῖν.-
1009 1824 1259 1888 Καθίσας
1283 1828 1311 1879 6
1340 1827 1547 1896 Ἰησοῦς
1564 1828 1821 1882 ἀπέναντι

222 1914 320 1966 τοῦ
349 1912 769 1983 γαζοφυλακίου,
829 1915 1056 1988 ἐθεώρει
1094 1918 1210 1979 πῶς
1236 1921 1284 1971 οἱ
1336 1919 1521 1990 ὅκχλοι
1562 1920 1821 1990 βάλλουσι

225 2006 448 2077 χαλκόν.
521 2008 907 2080 Παραδραμὼν
935 2009 996 2062 τὸ
1031 2010 1418 2081 θυσιαστήριον
1470 2012 1548 2083 τῷ
1582 2014 1823 2083 γαζοφυ-

222 2095 399 2168 λακίῳ
429 2099 779 2169 προστρέχει.
817 2099 1202 2171 Παραδραμὼν
1232 2106 1361 2163 τοὺς
1391 2100 1619 2165 θύοντας
1640 2104 1733 2156 ἐπὶ
1761 2104 1821 2157 τὸ

223 2192 324 2259 τῆς
340 2190 587 2256 εὐποιίας
617 2191 922 2261 ἐπιγίνεται
948 2193 1174 2264 θέατρον
1202 2210 1215 2222 ο
1242 2194 1460 2257 δεικνὺς
1481 2195 1569 2248 διὰ
1596 2196 1704 2249 τῶν
1726 2197 1820 2268 ἔρ-

223 2295 338 2346 γων
386 2280 568 2334 αὐτῶν
628 2281 711 2334 ὅτι
745 2281 890 2353 μόνῳ
941 2282 1073 2346 Θεὸς
1123 2282 1301 2354 τούτῳ
1341 2284 1698 2355 ἐπιτέρπεται
1742 2286 1820 2358 τῷ

226 2366 465 2439 θεάματι
493 2387 507 2401 ·
535 2371 752 2435 δεικνὺς
777 2372 858 2425 ὅτι
887 2372 979 2427 τὸν
1004 2372 1149 2426 θεῖον
1181 2373 1464 2445 ὀφθαλμὸν
1494 2376 1685 2430 τούτου
1724 2378 1820 2448 μό-

220 2478 316 2514 νου
345 2462 569 2517 δυνατὸν
603 2464 1003 2536 ἀφομοιοῦσθαι
1035 2465 1113 2536 τῷ
1163 2467 1451 2522 πλάσαντιο
1474 2468 1689 2535 δεικνὺς
1738 2472 1819 2526 ὅτι

220 2552 383 2608 τοῦτο
437 2555 598 2625 μόνον
632 2556 923 2627 ἄνθρωπον
974 2557 1236 2611 συνάπτει
1280 2558 1400 2629 Θεῷ
1428 2575 1440 2589 ·
1478 2559 1692 2625 δεικνὺς
1735 2563 1817 2617 ὅτι

221 2647 381 2702 τοῦτο
434 2648 595 2719 μόνον
637 2648 730 2703 τὸν
798 2650 967 2721 πηλὸν
1018 2650 1387 2722 προσπελάζει
1445 2652 1522 2724 τῷ
1579 2654 1813 2727 πλάστῃ.

219 2741 478 2795 Γίνεσθε
503 2741 632 2815 γὰρ,
666 2742 821 2813 φησὶ,
855 2743 1247 2812 οἰκτίρμονες,
1268 2745 1349 2810 ὡς
1372 2748 1406 2799 ὁ
1423 2747 1626 2815 Πατὴρ
1648 2749 1819 2818 ὑμῶν

218 2832 558 2901 όούράνιος
597 2836 913 2904 οἰκτίρμων
949 2835 1143 2890 ἐστίν.
1208 2836 1322 2891 Μία
1382 2838 1492 2909 γάρ
1549 2840 1665 2892 ἐστι
1716 2840 1817 2910 τῆς

1940 635 2027 681 rat
2055 644 2210 682 suas.
2258 628 2500 698 Accipit,
2549 627 2794 694 inquam,
2849 634 3014 693 atque
3044 641 3109 679 ex
3159 626 3310 694 justo
3354 628 3516 682 beni-

1938 737 2082 789 gnus
2122 720 2378 775 efﬁcitur.
2440 719 2677 788 Accipit,
2716 728 2769 771 et
2801 718 3022 773 veritati
3072 718 3514 773 misericordiam

1937 813 2249 883 anteponit,
2281 820 2336 867 et
2370 828 2496 867 cum
2533 817 2895 882 peccatorum
2926 810 3084 864 lance
3109 812 3373 881 pauperis
3405 827 3509 864 ma—

1936 918 2066 955 num
2107 912 2300 957 contra
2334 903 2649 973 perpendit.
2674 932 2745 943 --—
2773 900 2911 955 Cum
2945 916 3247 971 pauperem
3289 902 3517 965 alis,sie

1935 995 2200 1050 existima
2236 996 2475 1065 teipsum
2508 996 2602 1051 ali.
2640 994 2715 1048 Ea
2744 994 2889 1049 enim
2928 1000 3013 1048 est
3052 993 3287 1063 hujusce
3316 995 3392 1049 rei
3419 1009 3517 1049 na-

1935 1095 2082 1148 tura,
2127 1094 2187 1140 ut
2224 1102 2349 1156 qua:
2384 1086 2607 1149 damus,
2643 1104 2670 1141 a
2705 1087 2866 1143 nobis
2899 1086 2965 1139 ad
2999 1101 3105 1139 nos
3129 1087 3379 1143 redeant.
3424 1086 3513 1142 Si-

1932 1178 2155 1248 quidem
2189 1179 2467 1235 humanus
2494 1190 2546 1235 et
2582 1179 2763 1236 facilis
2810 1189 3007 1237 noster
3063 1181 3356 1248 Dominus,
3386 1196 3514 1236 cum

1936 1269 2108 1324 animi
2160 1270 2336 1325 nostri
2392 1283 2746 1342 perspectam
2803 1273 3240 1329 imbecillitatem
3289 1272 3510 1337 haheat,

1930 1361 1996 1416 ad
2020 1361 2352 1434 immensam
2384 1363 2806 1433 amplitudinem
2840 1379 2956 1420 rem
2992 1365 3133 1418 hanc
3185 1364 3425 1429 extollit,
3458 1374 3514 1420 et

1929 1455 2174 1525 seipsum
2213 1456 2580 1527 eleemosyuae
2616 1456 2921 1512 debitorem
2972 1468 3130 1513 vocat
3167 1478 3182 1513 :
3226 1456 3319 1512 Dei
3352 1456 3512 1513 fenus

1928 1545 2348 1603 beneﬁcentiam
2379 1548 2642 1618 appellat.
2674 1549 2718 1603 0
2766 1548 3105 1617 singularem
3140 1550 3251 1602 vim
3283 1549 3512 1605 eleemo-

1928 1654 2078 1710 synae
2112 1641 2125 1693 l
2156 1640 2274 1694 sola
2308 1640 2375 1695 ad
2407 1641 2664 1695 divinum
2695 1641 2945 1697 tribunal
2980 1641 3204 1712 irrepit.
3231 1640 3308 1697 Ne
3358 1641 3511 1712 judi~

1927 1746 2046 1786 cem
2083 1738 2416 1794 metuamus,
2447 1732 2542 1801 qui
2583 1740 2714 1788 ante
2758 1733 3041 1802 protendit
3079 1748 3300 1797 manus,
3342 1748 3509 1802 quam

1924 1824 2090 1894 judex
2116 1826 2321 1881 sedeat.
2363 1824 2442 1880 Ne
2479 1826 2722 1895 judicem
2769 1840 3082 1890 vereamur,
3125 1826 3219 1895 qui
3269 1840 3329 1881 se
3350 1840 3508 1881 acce-

1930 1919 2080 1988 pisse
2114 1918 2348 1973 minime
2376 1918 2678 1973 inﬁciatur.
2711 1917 2869 1971 --Et
2895 1918 3095 1974 sedens
3122 1916 3284 1974 Jesus
3312 1928 3506 1974 contra
3604 1930 3613 1943 η’

1926 2006 2409 2077 εποριιγιαιείυηι,
2442 2007 2753 2077 aspiciebat
2797 2008 3076 2076 quomodo
3131 2007 3307 2063 turba:
3337 2007 3511 2076 jacie-

1924 2100 2060 2155 bant
2087 2116 2182 2154 ms.
2212 2097 2504 2153 Praeterito
2536 2099 2699 2152 altari
2732 2098 2799 2152 ad
2830 2099 3296 2170 gazophylacium
3315 2114 3511 2153 accur-

1924 2191 2017 2244 rit.
2078 2188 2383 2245 Praeteritis
2470 2187 2926 2244 sacriﬁcantibus
2986 2188 3053 2242 ad
3128 2188 3507 2244 beneﬁcentiae

1923 2284 2198 2339 theatrum
2272 2281 2482 2352 pergit,
2537 2281 2707 2351 gestis
2774 2280 2891 2336 suis
2958 2281 3256 2336 ostendens
3336 2279 3504 2337 Deum

1922 2376 2028 2431 hoc
2105 2377 2225 2431 solo
2287 2374 2605 2445 spectaculo
2658 2373 2918 2429 delectari
2970 2392 2984 2428 :
3031 2375 3328 2430 ostendens
3359 2416 3374 2441 ,
3423 2375 3510 2430 in-

1920 2484 2108 2540 quam,
2136 2467 2385 2522 divinum
2446 2465 2671 2522 Oculum
2709 2465 2812 2520 hac
2864 2466 3142 2519 duntaxat
3189 2467 3413 2522 ratione
3438 2467 3507 2522 ad

1921 2561 2131 2619 ﬁetoris
2162 2562 2248 2619 sui
2277 2559 2704 2617 similitudinem
2773 2573 2939 2629 posse
2966 2559 3234 2613 accedere
3268 2575 3283 2612 :
3310 2570 3503 2617 osten-

1920 2657 2058 2710 dens
2098 2652 2265 2708 etiam
2300 2666 2470 2705 unum
2533 2648 2639 2703 hoc
2680 2663 2804 2703 esse
2847 2647 2993 2719 quod
3053 2647 3330 2702 hominem
3377 2666 3502 2704 cum

1918 2747 2034 2804 Deo
2072 2744 2344 2816 copulet:
2397 2740 2703 2798 ostendens
2758 2740 3001 2811 denique
3035 2741 3090 2796 id
3145 2743 3326 2797 solum
3374 2758 3500 2800 esse

1917 2840 2065 2913 quod
2114 2839 2338 2908 ﬁgulmn
2394 2837 2510 2890 luto
2556 2835 2781 2905 propius
2826 2834 3040 2904 jungat.
3102 2834 3271 2907 479
3315 2839 3504 2894 Estote

1916 2935 2064 2990 enim
2106 2928 2498 2995 misericordes,
2538 2928 2739 2997 inquit,
2769 2927 2906 2980 sicut
2938 2938 2989 2981 et
3022 2926 3184 2981 Pater
3200 2937 3371 2983 vester
3396 2946 3499 2984 cce-

1929 3025 2077 3081 lestis
2101 3024 2403 3078 misericors
2458 3031 2559 3078 est.
2587 3024 2605 3090 (
2637 3018 2771 3074 Luc.
2813 3035 2888 3084 v1,
2923 3020 3051 3092 36).
3111 3020 3242 3075 Sola
3291 3026 3493 3093 quippe

218 2922 372 2988 θείας
397 2926 716 2994 συγγενείας
743 2927 1005 2998 είσοδοςή
1035 2929 1274 2984 εὐποιῖα.
1309 2959 1369 2967 -
1400 2931 1466 2982 Ὢ
1496 2931 1596 3001 τῆς
1632 2930 1816 3000 φιλαν-

217 3013 436 3087 θρώπου
457 3016 638 3088 ψυχῆς
665 3019 679 3072 l
706 3018 751 3071 ὢ
771 3019 872 3089 τῆς
903 3019 1195 3089 ὲλεήμονος
1221 3018 1479 3092 γνὼμηςῑ
1518 3024 1618 3076 οὐκ
1642 3023 1814 3088 ὲξέτε-

218 3125 320 3177 μεν
358 3110 391 3180 ἡ
421 3111 664 3180 πτωχεία
694 3110 756 3163 τὸ
790 3111 891 3180 τῆς
924 3114 1304 3183 προαιρέσεως
1332 3114 1641 3184 συμπαθές.
1695 3117 1810 3170 Οὐκ

1927 3117 2303 3180 beneﬁcentia,
2332 3115 2520 3170 aditus
2545 3114 2613 3167 ad
2639 3112 2885 3167 divinam
2913 3113 3299 3183 cognationem
3332 3130 3498 3185 para-

213 3200 505 3271 ὲξήλεγξεν
534 3204 566 3273 ἡ
594 3202 836 3273 πτωχεία
877 3203 938 3256 τὸ
980 3205 1079 3273 τῆς
1113 3205 1341 3275 γνώμης
1385 3206 1687 3279 φιλότιμον.
1729 3210 1804 3263 Οὐ

1927 3229 2024 3269 .ur.
2057 3241 2129 3253 ——
2172 3209 2218 3265 Ο
2255 3196 2551 3278 benignam
2580 3204 2819 3259 animam
2853 3206 2868 3258 ι
2902 3220 2936 3260 o
2961 3214 3200 3260 mentem
3233 3206 3302 3262 ad
3336 3209 3505 3264 mise-

214 3295 553 3348 συνέστειλεν
574 3297 607 3367 ἡ
637 3295 815 3350 ἔνδεια
839 3296 901 3351 τὸ
922 3298 1019 3368 τῆς
1041 3298 1222 3369 ψυχῆς
1255 3300 1497 3369 δαψιλές.

1927 3301 2218 3361 ricordiam
2282 3299 2587 3369 proclivem
2647 3297 2660 3349 !
2718 3295 2892 3351 animi
2959 3298 3503 3355 commiserationem

212 3401 507 3461 paupertas
541 3407 650 3447 non
679 3392 905 3459 excidit.
968 3392 1283 3451 Muniﬁcam
1320 3398 1652 3455 voluntatem
1684 3411 1904 3474 egestas
1932 3418 2043 3459 non
2071 3396 2418 3468 compressit;
2496 3392 2683 3447 Animi
2707 3391 3089 3447 liberalitatem
3116 3393 3347 3463 penuria
3380 3409 3490 3448 non

164 3506 171 3513 ε
210 3484 522 3541 restrinxit.

284 3581 362 3650 (l)
398 3582 471 3634 Τὸ
500 3582 603 3652 τῆς
628 3582 1009 3655 ὲλεημοσύνης
1049 3585 1239 3659 χρῆμα
1273 3588 1568 3662 διασμήχει
1612 3593 1796 3666 ἀμαρ-

1972 3590 2033 3647 S.
2070 3585 2288 3659 Cyrilli.
2321 3612 2391 3622 —
2418 3580 2795 3648 Eleemosynze
2855 3588 3051 3634 natura
3080 3588 3166 3634 est
3199 3587 3257 3633 ut
3299 3594 3507 3648 expur-

205 3671 352 3735 τίας,
380 3677 801 3745 κατακαυχᾶται
832 3678 1091 3749 κρίσεως,
1129 3682 1334 3751 ἡμεροῖ
1368 3682 1467 3753 τὴν
1493 3685 1593 3755 τῆς
1636 3686 1801 3739 κολά-

1927 3692 1993 3749 {et
2056 3687 2285 3752 peccata
2367 3695 2381 3730 :
2438 3674 2819 3744 superexaltat
2883 3672 3184 3742 judicium,
3242 3672 3498 3741 supplicii

152 3793 156 3795 Α
209 3781 353 3828 σεως
374 3766 574 3835 φλόγα,
597 3767 844 3823 δυσωπεῖ
868 3769 961 3824 τὸν
1004 3770 1320 3838 δικάζοντα,
1361 3774 1562 3845 μᾶλλον
1587 3776 1642 3830 δὲ
1673 3795 1802 3831 συν-

1927 3774 2189 3829 lammam
2256 3767 2493 3836 mitigat,
2521 3765 2765 3835 judicem
2810 3764 3019 3828 flectit;
3064 3765 3176 3827 vel,
3204 3772 3261 3818 ut
3288 3766 3499 3819 rectius

206 3856 372 3910 ἅπτει
403 3857 545 3929 Θεῷ,
570 3862 684 3924 τοῖς
717 3861 828 3916 τῶν
862 3863 1036 3932 ἁγίων
1062 3867 1245 3935 χοροῖς
1277 3867 1599 3940 ἐναρίθμιον
1626 3871 1803 3943 ἀπερ-

1930 3879 2130 3935 oquar,
2195 3876 2324 3916 cum
2364 3858 2474 3912 Deo
2509 3857 2759 3925 copulat,
2796 3857 2850 3910 in
2889 3864 3208 3913 sanctorum
3268 3857 3499 3913 ascribit

203 3945 439 4015 γάζεται
462 3966 477 3980 ·
512 3950 780 4022 ἀποφέρει
825 3953 881 4007 δὲ
923 3955 1126 4020 καὶέίς
1154 3958 1257 4029 τὴν
1285 3958 1401 4013 ἄνω
1431 3961 1610 4026 πόλιν,
1652 3963 1805 4033 βασι-

1927 3956 2138 4018 :horos,
2174 3955 2229 4007 in
2286 3964 2590 4017 supernam
2628 3949 2909 4003 civitatem
2969 3948 3193 4013 attollit,
3226 3949 3495 4003 etnlorum

204 4041 362 4094 λείαν
401 4043 650 4114 οὐρανῶν
686 4045 966 4118 προξενεῖ,
1012 4048 1171 4114 δόξαν
1214 4052 1555 4124 ἀμάραντον,
1608 4056 1799 4110 ἐλπίδα

1927 4063 2141 4120 'egnum
2178 4047 2463 4111 conciliat,
2493 4046 2726 4117 gloriam
2762 4042 3306 4105 immarcescibilem,
3337 4056 3490 4110 spem

205 4130 436 4202 βεϐαίαν
489 4136 588 4189 καὶ
641 4138 1011 4211 ἑρηρειμένην
1040 4159 1053 4172 ·
1095 4144 1190 4195 καὶ
1230 4146 1284 4197 τί
1337 4147 1477 4217 γάρ;
1521 4148 1641 4217 οὐχὶ
1686 4148 1795 4202 τῶν

1927 4146 2113 4196 irmam
2155 4148 2208 4195 et
2249 4138 2511 4193 stabilem
2551 4153 2564 4190 :
2598 4152 2664 4192 ac
2692 4136 2825 4207 quid
2853 4151 2963 4190 non
2990 4133 3250 4188 demum?
3277 4149 3345 4187 an
3389 4150 3494 4188 non

201 4224 560 4281 τελειούντων
600 4231 681 4292 είς
728 4229 1028 4303 ἀκλόνητον
1058 4233 1355 4305 εὐθυμίαν;
1386 4265 1456 4281 -ο
1500 4238 1557 4292 '0
1589 4243 1698 4305 τοῖς
1732 4243 1792 4295 ἐν

1928 4247 1956 4285 a
1998 4246 2121 4302 qua:
2152 4237 2501 4287 constantem
2530 4228 2863 4283 hilaritatem
2897 4225 3197 4297 praestent?
3228 4253 3295 4264 -—-
3330 4223 3497 4290 Quis-

201 4319 386 4391 ἐνδείᾳ
417 4321 513 4374 καὶ
552 4325 990 4394 πτωχευομένοις
1018 4327 1110 4380 τὸν
1153 4327 1285 4381 ἴδιον
1313 4328 1584 4399 διανέμων
1620 4330 1786 4384 πλοῦ-

1933 4324 2017 4379 uis
2099 4332 2423 4395 paupertate
2462 4330 2517 4378 et
2573 4321 2761 4391 inopia
2813 4319 3196 4375 laborantibus
3225 4334 3355 4388 opes
3388 4318 3493 4371 im-

200 4427 317 4478 τον,
349 4413 411 4466 οὐ
458 4414 729 4484 πτωχεύει
762 4417 915 4472 ποτέ.
961 4416 1019 4470 '0
1064 4419 1178 4491 γὰρ
1210 4420 1378 4473 ἐλεῶν
1424 4422 1642 4493 πτωχὸν
1671 4423 1789 4495 Θεῷ

1927 4418 2061 4473 ertit
2103 4432 2260 4484 suas,
2329 4430 2613 4485 nunquam
2688 4428 2896 4485 pauper
2951 4412 3081 4467 erit.
3134 4409 3352 4464 Etenim
3395 4410 3489 4479 qui

199 4502 462 4570 δανείζει,
492 4506 680 4577 φησίν.
732 4508 1062 4579 Ἀξιόχρεως
1089 4511 1117 4562 6
1162 4510 1563 4583 δανειζόμενος,
1596 4516 1788 4581 πιστὸς

1927 4525 2190 4580 auperum
2255 4510 2586 4575 miseretur,
2648 4506 2861 4562 fenerat
2908 4505 3053 4569 Deo,
3102 4504 3282 4576 inquit
3333 4501 3491 4557 Scri-

198 4597 228 4647 6
263 4596 575 4667 δεχόμενος.
602 4593 760 4653 Οἶδεν
791 4601 1006 4656 ὲκτίσαι
1037 4602 1134 4656 σὺν
1165 4603 1311 4674 τόκῳ
1333 4604 1395 4656 τὸ
1414 4605 1588 4660 δοθέν.
1614 4607 1788 4660 Πλού-
1879 4611 2041 4672 ptura
2066 4601 2263 4671 (Prov.
2291 4617 2404 4665 xu,
2437 4601 2558 4666 l7).
2613 4600 2887 4655 Solvendo
2954 4606 3041 4654 est
3098 4597 3189 4652 hic
3240 4598 3484 4652 debitor.

200 4703 319 4751 σιος
354 4689 447 4742 καὶ
481 4689 788 4761 φιλότιμος,
817 4693 847 4747 6
870 4691 969 4766 τὴν
1001 4691 1095 4747 τοῦ
1124 4693 1567 4767 φιλοικτίρμονος
1598 4713 1784 4768 παρα-

1928 4692 2087 4748 idelis
2107 4699 2194 4747 est
2236 4691 2331 4761 qui
2359 4689 2586 4760 accipit.
2612 4689 2776 4744 Novit
2839 4688 2986 4743 enim
3030 4688 3081 4742 id
3119 4686 3266 4757 quod
3298 4687 3486 4741 datum

198 4778 526 4852 καταθήκην
559 4781 763 4837 λαϐών.
1813 4799 1823 4857 j

1928 4791 1979 4839 st
2032 4798 2159 4839 cum
2230 4782 2428 4837 fenore
2486 4782 2816 4837 dissolvere.
2890 4779 3058 4835 Dives
3118 4779 3487 4849 liberalisque

1894 4874 2109 4945 est,qui
2136 4873 2382 4928 hominis
2413 4874 2484 4928 ad
2526 4870 2973 4929 misericordiam
3006 4872 3269 4943 propensi
3302 4871 3477 4940 depo~

1893 4963 2067 5018 situm
2105 4962 2343 5031 accepit.

264 5038 358 5111 Μὴ
388 5041 690 5116 ἀναμείνῃς
717 5044 972 5112 γενέσθαι
1005 5046 1260 5118 χρηστὸς,
1291 5047 1412 5102 ἀλλ’
1450 5048 1552 5120 ήδη
1595 5048 1779 5117 γενοῦ.

188 5132 315 5186 Οὐκ
347 5132 613 5217 όςξθήσῃ,
663 5138 821 5207 φησὶ,
867 5138 1044 5205 κενὸς
1086 5138 1347 5193 ἐνώπιόν
1384 5158 1526 5209 μου.
1571 5140 1781 5212 Μηδεὶς

1927 5142 1983 5197 ed
2009 5142 2122 5214 jam
2144 5142 2381 5200 efﬁcere.
2421 5141 2547 5198 Non
2572 5142 2870 5212 apparebis.
2890 5143 3094 5214 inquit,
3118 5143 3171 5196 in
3199 5152 3478 5210 conspectu

192 5218 546 5287 ἔστωλκενδς,
576 5224 713 5293 μηδὲ
738 5226 765 5278 ό
796 5225 1070 5298 ἄκαρπος,
1103 5229 1239 5299 μηδέ
1290 5246 1375 5293 τις
1407 5233 1597 5303 στεῖρα
1633 5231 1779 5303 ψυχὴ

1927 5252 1998 5291 leo
2050 5253 2248 5291 vacuus
2284 5238 2302 5303 (
2333 5234 2504 5291 Exod.
2529 5252 2689 5300 χχιιι,
2726 5234 2854 5305 15).
2882 5234 3079 5289 Nullus
3102 5248 3234 5302 ergo
3267 5248 3477 5289 vacuus

194 5309 292 5363 καὶ
331 5310 548 5378 ἄγονος.
583 5313 858 5378 Ἕκαστος
886 5317 952 5369 ὲκ
982 5317 1090 5370 τῶν
1120 5318 1406 5391 παρόντων
1436 5324 1782 5392 καρποφορεῖ

1933 5337 1953 5383 t
2003 5337 2057 5384 et
2111 5328 2516 5384 infructuosus.
2574 5326 2735 5381 Nulla
2789 5328 2974 5381 anima
3024 5324 3233 5380 sterilis
3298 5324 3393 5389 sit,
3422 5334 3475 5380 et

292 5396 457 5492 θεῷ,
494 5401 588 5453 καὶ
633 5403 744 5455 τῶν
791 5404 1027 5458 οἰκείων.
1054 5437 1126 5447 --
1164 5407 1639 5480 Μεταποιηθῶμεν
1678 5411 1780 5482 τῆς

1927 5421 2040 5477 role
2076 5429 2283 5477 careat.
2338 5421 2736 5492 Unusquisque
2765 5436 2831 5474 ex
2865 5419 3228 5489 praesentibus
3287 5417 3470 5483 bonis,

191 5483 407 5588 εκείθεν
430 5488 851 5563 λαμπρότητοςο
879 5495 937 5548 ἐν
977 5496 1203 5561 κόλποις
1237 5496 1490 5570 Ἀϐραὰμ
1524 5501 1646 5554 ἀντὶ
1677 5502 1777 5572 τῆς

1927 5551 1931 5563 ,
1962 5528 2085 5583 qua:
2106 5514 2213 5569 sibi
2255 5515 2477 5585 propria
2517 5483 2668 5576 sunt,
2712 5511 2825 5567 Deo
2856 5483 3072 5566 offerat.
3099 5540 3172 5550 —
3203 5509 3471 5579 Splendo-

189 5573 447 5632 ἐντεῦθεν
481 5582 888 5655 εὐσπλαγχνίας
934 5588 1420 5661 ἁναπαυσώμεθα·
1468 5593 1659 5664 Κρῖμα
1691 5593 1775 5647 δίο

1927 5615 2001 5656 eru
2069 5573 2351 5659 caelestem
2403 5601 2752 5666 ambiamus;
2800 5602 2859 5656 in
2910 5601 3034 5657 sinu
3079 5600 3316 5656 Abrahae
3368 5617 3469 5672 pro

1710 5704 1945 5767 NOTAE.

246 5782 1425 5877 Ill-nullirei}..Syiubolanhmcninscrrihitur,
1459 5797 1552 5851 τοῦ
1584 5800 1740 5869 ἁγίου
1772 5803 1819 5856 Κ

1927 5804 2070 5875 λλου,
2103 5808 2168 5861 ἐκ
2215 5806 2312 5862 τοῦ
2367 5805 2409 5861 ε’
2463 5808 2625 5877 λογου
2665 5804 2771 5862 τῶν
2809 5805 2947 5862 κατά
2984 5805 3296 5861 Ἰουλιανοῦ.
3352 5804 3456 5862 Sed

189 5869 299 5912 non
323 5861 575 5914 occurrit
612 5861 665 5915 in
694 5861 855 5918 libris
876 5862 1067 5935 Cyr-illi
1099 5876 1292 5921 contra
1321 5866 1621 5926 Julianum.

1962 5053 2021 5108 S.
2042 5051 2196 5123 Greg.
2226 5051 2373 5106 Naz.
2404 5061 2549 5106 orat.
2574 5051 2633 5106 9.
2656 5080 2729 5092 —
2755 5049 2832 5106 Ne
2863 5052 3049 5108 bonus
3085 5067 3210 5107 esse
3233 5050 3481 5116 differas,
3586 5098 3594 5104 .
