4052 6406
597 366 728 432 1471

1756 383 1819 445 S.
1861 383 2184 448 JOANNIS
2221 388 2654 455 DAMASCENI

3744 398 3879 465 1472

598 485 980 541 misericordia
1038 487 1163 543 istic
1186 490 1440 545 exhibita
1475 493 1933 565 requiescamus;
1968 498 2179 568 justum

2289 521 2444 559 καιον
2492 509 2807 581 κρίνωμεν
2844 510 3162 583 ὲξελώμεθα
3214 513 3425 586 πένητα
3474 515 3571 569 καὶ
3625 525 3877 588 πτωχόν·

592 577 863 647 judicium
901 580 1260 649 judicemus;
1314 586 1622 651 eripiamus
1662 599 2179 664 pauperemetege-

596 686 749 738 num;
778 672 958 727 vidua:
972 681 1027 728 et
1048 675 1243 746 pupilli
1267 692 1370 731 nos
1394 678 1691 743 misereat;
1723 680 2065 740 redimamus
2085 699 2182 742 eos

593 764 687 829 qui
711 765 872 819 morti
892 767 1222 831 traduntur;
1258 782 1325 824 ne
1349 769 1695 840 negligamus
1710 786 1811 829 eos
1838 776 2055 846 quiope
2087 792 2185 831 no-

595 862 710 910 stra
745 857 1019 927 indigent;
1053 876 1120 915 ne
1176 871 1567 931 praetereamus
1604 879 1731 919 eum
1764 867 1860 938 qui
1899 869 2185 926 ulceribus

596 958 805 1017 scatet;
829 965 895 1005 ne
912 950 1132 1008 deliciis
1154 953 1569 1025 indulgeamus,
1584 956 1715 1014 aliis
1736 959 1793 1014 in
1810 972 2057 1015 erumna
2075 978 2188 1016 ver-

596 1043 878 1110 santibus;
900 1060 964 1100 ne
979 1059 1307 1100 conservum
1325 1054 1575 1103 nostrum
1589 1064 1873 1107 exsecrem
1884 1069 1914 1106 ιι
1925 1053 2185 1124 r.Nequa-

595 1147 794 1201 quam,
822 1149 856 1190 ο
893 1137 1055 1191 ιιιηίοἱ
1090 1144 1147 1191 et
1172 1135 1396 1204 fratres,
1421 1154 1451 1193 a
1486 1140 1676 1197 divitis
1702 1144 1955 1214 partibus
1980 1146 2180 1213 simus,

597 1240 667 1281 ne
735 1226 792 1281 in
849 1228 1081 1284 ﬂamniis
1136 1232 1547 1299 excrucientur,
1604 1245 1876 1306 vastoque
1930 1238 2088 1292 hiatu
2149 1252 2179 1292 a

597 1320 807 1375 sanctis
837 1320 1188 1378 dirimamur.
1247 1314 1463 1397 Neque.
1492 1329 1718 1385 tandem
1767 1330 2040 1387 Lazarum
2081 1349 2181 1387 cx-

596 1422 756 1464 orare
773 1424 1058 1481 cogamur,
1086 1422 1146 1468 ut
1167 1415 1421 1472 adustam
1449 1419 1693 1488 linguam
1723 1430 1972 1478 extremo
2008 1423 2183 1494 digito

596 1501 904 1573 refrigeret.
950 1505 1247 1579 Benignos,
1286 1508 1477 1567 faciles
1532 1522 1588 1569 et
1618 1514 2008 1570 misericordes
2082 1528 2183 1572 nos

598 1594 963 1659 praebeamus.
1042 1597 1261 1655 Domini
1293 1601 1691 1671 benignitatem
1743 1606 2050 1674 imitemur,
2079 1609 2174 1678 qui

595 1684 727 1736 oriri
793 1686 967 1741 solem
1035 1705 1196 1744 suum
1256 1692 1389 1747 facit
1445 1710 1613 1765 super
1665 1697 1841 1756 bonos
1890 1708 1946 1755 et
2006 1701 2179 1756 malos

598 1774 828 1845 (Matth.
918 1795 969 1845 ν,
1022 1780 1147 1853 45),
1195 1797 1494 1858 omnesque
1547 1789 1727 1859 pluvia
1789 1806 1888 1847 sua
1955 1793 2180 1864 perinde

597 1869 715 1922 alit.

670 1959 729 2015 S.
754 1960 907 2033 Greg.
926 1962 1069 2020 Naz.
1093 1976 1236 2022 orat.
1262 1968 1729 2027 16.-—Coelestem
1753 1974 1901 2028 illam
1935 1976 2181 2046 requiem

601 2068 947 2123 qumamus;
988 2056 1156 2127 hujus
1189 2059 1314 2115 vita:
1348 2060 1649 2119 facultates
1672 2074 1725 2120 et
1753 2081 1887 2137 opes
1920 2069 2177 2138 projicia-

602 2158 760 2211 mus;
788 2148 934 2216 quod
969 2149 1021 2202 in
1050 2150 1117 2204 iis
1147 2151 1349 2207 bonum
1372 2162 1478 2219 est,
1511 2157 1677 2227 hujus
1725 2160 1996 2215 duntaxat
2038 2178 2183 2232 qua:-

602 2249 751 2293 stum
792 2238 1093 2310 faciamus;
1120 2244 1336 2302 animas
1364 2258 1583 2306 nostras
1599 2251 1964 2323 eleemosynis
1986 2254 2184 2324 acqui-

601 2342 796 2384 ramus
829 2337 885 2384 et
911 2345 1195 2401 emamus;
1222 2335 1362 2390 bona
1392 2346 1585 2393 nostra
1612 2343 1956 2410 pauperibus
1980 2344 2183 2414 imper-

598 2422 829 2486 tiamur.
858 2431 916 2477 ut
945 2429 1207 2494 supernis
1236 2429 1351 2486 illis
1382 2432 1585 2502 opibus
1631 2433 1939 2491 afﬂuantus.
1965 2438 2181 2494 Animae

597 2513 787 2580 etiam,
814 2528 926 2569 non
954 2517 1054 2571 soli
1079 2519 1341 2585 carni,da
1366 2531 1610 2592 partem;
1632 2527 1699 2579 da
1730 2535 1941 2596 partem
1966 2538 2021 2584 et
2044 2528 2178 2598 Deo,

600 2620 700 2658 nec
731 2606 835 2661 soli
895 2608 1137 2678 mundo;
1175 2612 1353 2668 ventri
1408 2615 1670 2685 quiddam
1714 2620 2000 2683 subtrahe.
2034 2624 2183 2693 quod

600 2695 836 2766 Spiritui
898 2716 1235 2769 consecres;
1277 2720 1345 2760 ex
1393 2706 1520 2778 igne
1584 2710 1868 2781 quidpiam
1904 2714 2081 2784 eripe,
2126 2722 2183 2771 et

600 2786 872 2860 tantisper
902 2808 930 2847 a
965 2794 1298 2864 depascente
1334 2798 1551 2856 ﬂamma
1612 2818 1878 2873 remove;
1912 2816 2182 2879 extorque

598 2896 628 2936 ιι
672 2888 930 2953 tyranno,
986 2894 1045 2941 et
1092 2886 1329 2945 Domino
1382 2894 1690 2949 committe.
1735 2895 1810 2951 Da
1840 2912 2036 2968 parum
2066 2902 2178 2956 eia

597 2989 711 3042 quo
775 2978 1016 3047 amplius
1073 2982 1357 3052 acceperis
1395 3002 1408 3038 :
1441 2984 1554 3040 imo
1587 2988 1757 3044 etiam
1791 2990 1838 3044 ei
1867 2991 1962 3061 qui
1995 2993 2179 3050 omnia

597 3069 865 3139 elargitus
893 3080 997 3132 cst,
1038 3074 1328 3131 universas
1362 3088 1497 3147 opes
1526 3078 1679 3133 dato.
1714 3080 2015 3152 Nunquam
2049 3086 2179 3140 vin-

596 3174 690 3213 aes
756 3161 1192 3217 munificentiam
1236 3163 1366 3232 Dei;
1409 3170 1774 3237 quantumvis
1828 3176 2173 3244 erogaveris,

2286 598 2464 668 χήραν
2494 601 2586 653 καὶ
2613 602 2852 672 ὀρφανὸν
2880 605 3233 676 ἐλεήσωμενο
3264 608 3631 680 έκπριώμεθα
3666 627 3879 665 κτεινο-

2292 690 2491 759 μένους
2511 708 2525 723 ”
2567 694 2988 773 μήνπαρίδωμεν
3022 698 3113 752 τὸν
3139 699 3397 770 δεόμενον
3428 701 3590 772 ἡμῶν
3611 719 3630 735 ·
3666 703 3741 773 μὴ
3774 722 3882 757 me

2294 772 2670 849 ραδράμωμεν
2693 781 2786 835 τὸν
2812 784 3134 855 ἡλκωμένον
3150 802 3165 817 ο
3202 788 3277 859 μή
3302 772 3681 861 τρυφήσωμεν

2292 870 2785 927 κακοπαθούντωνο
2814 877 2887 946 μὴ
2921 878 3304 947 βδελυεώμεθα
3331 885 3426 937 τὸν
3449 884 3774 953 ὁμόδουλον
3804 887 3881 956 μή

2290 962 2436 1028 φίλοι
2466 965 2561 1017 καὶ
2594 966 2817 1038 ἀδελφοὶ
2844 970 3134 1042 γενώμεθα
3166 974 3269 1044 τῆς
3292 974 3387 1029 τοῦ
3421 974 3683 1031 πλουσίου
3720 980 3880 1049 μερί-

2287 1053 2398 1119 δος,
2434 1056 2573 1127 μηδὲ
2594 1058 2949 1132 όδυνηθῶμεν
2971 1065 3030 1117 ὲν
3060 1067 3126 1137 τῇ
3158 1068 3351 1136 φλογί-
3391 1062 3530 1139 μηδι
3586 1071 3668 1141 τῷ
3717 1074 3881 1141 χαρίεν

2292 1162 2462 1215 σματι
2493 1148 2806 1221 διαστῶμεν
2858 1154 2970 1209 ἀπὸ
3020 1156 3132 1210 τῶν
3160 1159 3362 1213 ὁσίων·
3408 1161 3547 1231 μηδὲ
3592 1162 3881 1233 δεηθῶμεν

2289 1239 2544 1310 Λαζάρου
2572 1242 2667 1297 τοῦ
2700 1244 2933 1315 πένητος
2955 1246 3113 1320 ἄκρῳ
3142 1250 3396 1322 δακτύλῳ
3431 1252 3747 1322 καταψύξαι
3784 1256 3883 1321 τὴν

2287 1332 2540 1400 γλῶσσαν
2570 1336 2731 1405 ήμῶν
2762 1338 3127 1411 φλεγομένην.
3161 1343 3202 1395 Γ
3205 1342 3459 1414 ενώμεθα
3487 1348 3747 1417 χρηστοὶ,
3788 1347 3881 1400 εὖ·

2291 1423 2613 1497 σπλαγχνοι,
2650 1432 2979 1500 συμπαθεῖς.
3022 1436 3415 1508 Μιμησώμεθα
3457 1440 3555 1493 τοῦ
3596 1442 3876 1494 Δεσπότου

2289 1517 2386 1589 τὴν
2415 1520 2750 1592 άγαθότητα,
2788 1525 2850 1587 ὃς
2882 1525 3165 1581 ἀνατέλλει
3197 1529 3291 1583 τὸν
3320 1531 3476 1601 ἦλιον
3506 1533 3743 1602 ἀγαθοῖς
3781 1535 3879 1587 καὶ

2285 1613 2566 1683 πονηροῖς,
2603 1615 2698 1668 καὶ
2730 1618 2919 1687 τρέφει
2947 1621 3014 1690 τῇ
3050 1620 3219 1693 βροχῇ
3252 1622 3463 1687 πάντας
3490 1626 3724 1695 ὁμοίως.

2365 1970 2703 2040 Ζητήσωμεν
2729 1967 2828 2040 τὴν
2859 1968 3071 2022 ἐκεῖθεν
3110 1969 3422 2025 ἀνάπαυσιν
3443 1989 3459 2003 ·
3495 1972 3749 2043 ῥίψωμεν
3786 1976 3881 2045 τήν

2293 2060 2542 2115 ἐντεῦθεν
2587 2062 2947 2132 περιουσίαν’
2989 2061 3019 2114 δ
3066 2061 3233 2116 καλόν
3283 2064 3401 2115 ἐστι
3447 2065 3679 2133 ταύτης,
3728 2066 3884 2119 τοῦτο

2297 2155 2455 2225 μόνον
2492 2154 2877 2225 κερδάνωμενο
2920 2154 3256 2225 κτησώμεθα
3291 2154 3393 2219 τὰς
3436 2157 3656 2211 ἑαυτῶν
3707 2158 3882 2228 ψυχάς

2293 2248 2352 2301 έν
2382 2245 2778 2318 ἐλεημοσύναις
2800 2262 2814 2277 ο
2854 2246 3177 2317 μεταδῶμεν
3210 2246 3323 2313 ,τῶν
3354 2247 3529 2302 ὄντων
3566 2252 3681 2313 τοῖς
3721 2252 3882 2320 πένης

2293 2357 2399 2406 σιν,
2444 2340 2530 2393 ἵνα
2558 2341 2627 2393 τὰ
2687 2336 2902 2392 ἐκεῖθεν
2951 2338 3388 2409 πλουτήσωμεν-
3423 2339 3513 2404 δὸς
3556 2341 3759 2412 μερίδα
3789 2343 3880 2396 καί

2289 2435 2357 2504 τῇ
2388 2432 2556 2503 ψυχῇ,
2602 2432 2679 2502 μὴ
2722 2434 2787 2503 τῇ
2842 2431 3011 2501 σαρκὶ
3058 2430 3254 2501 μόνον·
3284 2430 3374 2496 δὸς
3432 2432 3636 2503 μερίδα
3679 2434 3880 2503 καὶτῷ

2289 2526 2432 2597 Θεῷ,
2465 2526 2541 2596 μὴ
2584 2526 2664 2596 τῷ
2706 2524 2900 2596 κόσμῳ
2950 2524 3113 2594 μόνον
3136 2542 3148 2556 ·
3183 2523 3349 2594 ὕφελέ
3382 2542 3436 2578 τι
3484 2525 3588 2597 τῆς
3618 2527 3875 2597 γαστρὸς,

2290 2618 2367 2691 τῷ
2398 2618 2673 2687 πνεύματι
2717 2616 3096 2689 καθιέρωσαν·
3146 2617 3395 2689 ἆρπασόν
3442 2636 3497 2672 τι
3523 2618 3623 2673 τοῦ
3665 2620 3873 2691 πυρός’

2290 2711 2494 2766 ἀπόθου
2535 2709 2733 2781 μικρὸν
2772 2709 2882 2764 ἀπὸ
2903 2712 3004 2781 τῆς
3027 2708 3340 2782 νεμομένης
3369 2710 3574 2779 φλογός
3592 2730 3606 2743 ·
3629 2712 3877 2783 ἅρπασον

2288 2799 2383 2855 τοῦ
2408 2798 2706 2871 τυράννου,
2732 2799 2827 2853 καὶ
2852 2798 3149 2851 πίστευσον
3172 2796 3251 2869 τῷ
3275 2798 3547 2870 Δεσπότῃ.
3579 2798 3683 2861 Δὸς
3705 2798 3876 2863 ὀλίγον

2291 2893 2426 2965 παρ’
2452 2887 2513 2947 οὗ
2536 2892 2600 2945 τὸ
2650 2890 2815 2945 πλέον
2868 2889 3014 2961 έχεις
3034 2907 3050 2923 ·
3082 2888 3170 2954 δὸς
3215 2889 3312 2943 καὶ
3347 2889 3410 2943 τὸ
3442 2890 3558 2943 πᾶν
3587 2889 3669 2961 τῷ
3706 2889 3877 2944 πάντα

2290 2983 2678 3057 χαρισαμένῳ.
2698 2983 2976 3037 Οὐδέποτε
3005 2984 3255 3055 νικήσεις
3279 2982 3707 3054 μεγαλοδωρεάν
3724 2981 3873 3043 Θεοῦ.

2287 3076 2415 3130 ὅσον
2450 3076 2546 3128 ἐὰν
2578 3074 2918 3146 εἰσενέγκῃς,
2959 3073 3143 3127 πλεῖον
3173 3074 3263 3127 ἀεὶ
3300 3072 3363 3127 τὸ
3394 3071 3760 3143 λειπόμενον
3793 3073 3874 3126 καὶ

2291 3172 2449 3226 οὐδὲν
2494 3170 2690 3235 δώσεις
2741 3170 2893 3235 ἴδιον,
2944 3171 3028 3224 ὅτι
3060 3170 3129 3223 τὰ
3170 3169 3353 3223 πάντα
3380 3168 3533 3237 παρὰ
3567 3167 3737 3223 Θεοῦ.
3775 3168 3874 3221 Καὶ

596 3263 815 3320 semper
860 3253 929 3307 ab
967 3268 1031 3308 ea
1064 3256 1261 3324 procul
1314 3258 1516 3314 aberis.
1550 3260 1695 3327 Quin
1748 3278 1851 3319 nec
1879 3265 2179 3337 quidquam

2292 3262 2484 3334 ὥσπερ
2514 3263 2616 3317 οὐκ
2648 3261 2800 3315 ἔστιν
2842 3260 3149 3332 ὑπερϐῆναι
3176 3260 3277 3331 τὴν
3307 3259 3508 3313 ἑαυτοῦ
3547 3260 3740 3327 σκιάν,
3762 3258 3873 3314 ούδι

597 3341 746 3407 quod
782 3350 935 3396 tuum
988 3344 1085 3408 sit,
1126 3343 1361 3403 daturus
1414 3364 1525 3419 es:
1558 3352 2008 3424 quandoquidem
2040 3373 2181 3415 cun-

597 3443 683 3489 cta
708 3450 772 3489 ex
807 3434 917 3490 Deo
946 3445 1098 3492 sunt.
1132 3438 1200 3492 Et
1234 3442 1703 3510 quemadmodum
1740 3445 1855 3502 fieri
1892 3451 2085 3521 nequit
2122 3460 2181 3506 ut

599 3530 853 3582 umbram
876 3529 1043 3602 480
1070 3541 1319 3588 nostram
1348 3538 1892 3608 praetergrediamur,
1934 3554 2028 3600 aut
2059 3559 2181 3601 mo-

596 3617 676 3672 ies
710 3621 967 3687 corporis
1004 3635 1173 3690 supra
1212 3632 1383 3693 caput
1422 3639 1701 3698 assurgat,
1741 3630 1823 3686 sic
1854 3647 1956 3687 nec
1986 3650 2183 3689 mune-

597 3709 750 3763 ribus
780 3710 993 3764 nostris
1050 3710 1195 3768 Deus
1226 3713 1376 3769 vinei
1443 3726 1644 3786 potest.
1676 3717 1865 3791 Neque
1917 3725 2065 3779 enim
2128 3725 2180 3781 ei

594 3798 899 3869 quidquam
932 3798 1129 3858 damus
1160 3804 1491 3874 quodextra
1518 3808 1660 3862 bona
1696 3811 1874 3879 Ipsius
1902 3813 1995 3867 sit.
2026 3814 2183 3872 Unde

598 3896 693 3948 tibi
728 3896 918 3950 isthmc
948 3897 1154 3962 omnia,
1176 3908 1229 3953 et
1254 3914 1281 3952 a
1315 3903 1591 3971 quonam?
1618 3904 1755 3970 Quis
1777 3906 1944 3963 donis
1960 3909 2182 3966 vincere

598 3986 769 4041 Deum
806 3990 1173 4057 queatiQuis
1217 3992 1315 4047 tibi
1359 3992 1466 4048 hoc
1497 3994 1672 4060 dedit,
1716 4001 1863 4069 quod
1890 4003 2016 4056 cceli
2054 4004 2180 4071 pul-

596 4077 969 4133 chritudinem
1000 4083 1235 4137 cernas?
1257 4084 1405 4153 quod
1439 4087 1576 4142 solis
1598 4104 1850 4157 cursum,
1887 4095 2034 4161 quod
2070 4095 2181 4148 eir-

600 4170 812 4223 cuitum
867 4170 1032 4237 lunae,
1074 4173 1225 4242 quod
1283 4176 1527 4231 siderum
1567 4179 1999 4247 multitudinem,
2028 4200 2181 4239 eam-

597 4274 727 4328 que,
785 4276 910 4330 qua:
973 4261 1031 4315 in
1073 4262 1163 4317 bis
1207 4265 1467 4321 omnibus
1520 4268 1672 4324 velut
1731 4273 1784 4325 in
1818 4273 1942 4343 lyra
1974 4274 2177 4343 elucet,

599 4351 1055 4418 concinnitatem,
1111 4363 1277 4424 atque
1309 4355 1560 4413 ordinem
1617 4377 1836 4431 semper
1868 4380 1928 4420 se
1985 4366 2179 4422 eodem

600 4443 762 4499 modo
801 4444 1116 4509 habentem.
1148 4456 1544 4519 tempestatum
1576 4452 2021 4522 vicissitudines,
2043 4467 2181 4515 tem-

598 4549 796 4604 porum
865 4537 1225 4601 mutationes.
1284 4544 1683 4603 conversiones
1731 4562 2033 4615 annorum,
2069 4552 2178 4608 diei

2293 3355 2435 3426 ὑπὲρ
2464 3353 2563 3425 τὴν
2590 3353 2836 3426 κεφαλὴν
2859 3353 3119 3421 γενέσθαι
3143 3352 3397 3423 σώματος
3425 3351 3689 3424 μέγεθος,
3710 3350 3873 3413 οὔτως

2290 3449 2412 3502 οὐδὲ
2463 3443 2545 3512 οἷς
2573 3448 2788 3518 δίδομεν
2823 3448 3048 3517 νικῆσαι
3076 3445 3231 3500 Θεόν.
3265 3446 3342 3500 Οὐ
3396 3445 3505 3516 γάρ
3532 3444 3643 3509 ἔξω
3686 3461 3747 3498 τι
3772 3443 3871 3497 τῶν

2290 3538 2458 3593 αὑτοῦ
2489 3538 2744 3609 δίδωμεν.
2794 3535 2969 3590 Πόθεν
3007 3553 3091 3589 σοι
3130 3535 3306 3589 ταῦτα
3337 3534 3538 3599 πάντα,
3570 3534 3673 3588 καὶ
3727 3534 3871 3605 παρὰ

2288 3648 2474 3696 τινος;
2507 3630 2604 3694 Τίς
2637 3630 2862 3684 δύναται
2892 3626 3117 3698 νικῆσαι
3161 3627 3298 3682 Θεὸν
3325 3630 3442 3692 τοῖς
3494 3627 3868 3699 χαρίσμασιν;

2291 3725 2387 3788 Τίς
2417 3724 2617 3778 ἔδωκέν
2654 3740 2736 3777 σοι
2784 3716 2983 3787 κάλλος
3021 3721 3252 3794 ούρανοῦ
3287 3721 3529 3793 βλέπειν,
3561 3719 3721 3792 ήλίου
3754 3718 3868 3790 δρό-

2294 3833 2415 3886 μον,
2452 3814 2684 3886 σελήνης
2718 3812 2939 3879 κύκλον,
2975 3812 3222 3883 ἀστέρων
3263 3811 3493 3883 πλῆθος,
3525 3811 3625 3865 καὶ
3658 3811 3721 3864 ὲν
3752 3808 3867 3863 τού-
3919 3857 3931 3867 ,

2289 3924 2406 3970 τοις
2440 3908 2629 3970 πᾶσιν,
2658 3903 2853 3977 ὥσπερ
2892 3906 2949 3957 ἐν
2979 3904 3142 3975 λύρᾳ,
3187 3904 3559 3975 εὐαρμοστίαν
3590 3903 3690 3957 καὶ
3723 3902 3867 3970 τάξιν

2289 3997 2553 4063 ὡσαύτως
2590 3998 2849 4069 ἔχουσαν,
2888 3996 3051 4069 ὡρῶν
3094 3996 3367 4066 ἀλλαγὰς,
3399 3996 3713 4068 μεταϐολὰς
3754 4015 3865 4050 xc:-

2292 4090 2423 4162 ρῶν,
2460 4090 2728 4145 ἐνιαυτῶν
2759 4089 3076 4160 περιόδους,
3119 4090 3335 4162 ἡμέρας
3377 4090 3471 4143 καὶ
3502 4089 3702 4151 νυκτὸς
3757 4091 3863 4149 bo-

2292 4181 2532 4254 μοιρίαν,
2563 4181 2666 4252 γῆς
2692 4181 2973 4251 ἐκφύσεις.
2997 4181 3157 4253 ἀέρος
3190 4181 3369 4252 χύσιν,
3392 4180 3574 4251 πλάτη
3598 4179 3862 4249 θαλάσσης

2289 4275 2592 4347 λελυμένης
2622 4276 2719 4328 καὶ
2768 4274 3090 4346 ἱσταμένης,
3134 4272 3273 4345 βάθη
3302 4272 3599 4342 ποταμῶν,
3655 4272 3860 4342 ἀνέμων

2290 4365 2573 4435 deﬁgam;
2631 4364 2727 4427 Τίς
2776 4365 2989 4428 ὑετοὺς,
3025 4365 3324 4435 γεωργίαν,
3376 4363 3615 4435 τροφὰς,
3648 4362 3857 4433 τέχνας,

2286 4458 2569 4528 οἰκήσεις,
2608 4457 2773 4511 πόθεν
2807 4475 2889 4511 σοι
2935 4454 3045 4512 τῶν
3093 4456 3267 4522 ζώων,
3324 4456 3391 4509 τὰ
3426 4454 3526 4526 μὲν
3584 4454 3853 4527 ήμέρωται

2289 4555 2383 4604 καὶ
2422 4551 2781 4619 ὑπέζευκται,
2813 4552 2883 4607 τὰ
2937 4552 2993 4605 δὲ
3041 4552 3221 4624 τροφὴ
3251 4550 3640 4622 παραδίδοταις
3677 4548 3769 4611 Τίς
3799 4562 3851 4598 σε

599 4628 892 4699 noctisque
925 4632 1167 4700 aequales
1187 4635 1547 4703 partitiones.
1572 4646 1735 4695 terrae
1757 4641 2175 4712 productiones,

2289 4645 2490 4716 Κύριον
2510 4646 2605 4700 καὶ
2633 4642 2860 4716 βασιλέα
2887 4646 3105 4700 πάντων
3125 4642 3461 4715 κατέστησεν
3487 4643 3580 4695 ἐπὶ
3608 4640 3709 4711 τῆς
3728 4638 3851 4709 γῆς

598 4722 998 4791 expansionem
1056 4726 1225 4791 aeris,
1264 4728 1665 4798 amplitudines
1721 4735 1898 4789 maris
1924 4735 2054 4789 fluxi
2094 4737 2176 4792 si-

598 4812 713 4891 mul
742 4823 798 4870 et
818 4816 1059 4882 stabilis,
1093 4817 1407 4888 profundos
1436 4822 1726 4880 ﬂuminum
1754 4827 2021 4899 gurgites,
2048 4844 2179 4885 ven-

596 4884 714 4960 tum
745 4908 1002 4980 impetus.
1048 4911 1187 4978 Quis
1218 4913 1438 4982 pluvias
1493 4917 1737 4985 praebet?
1766 4934 2025 4990 agrorum
2051 4922 2174 4976 cul-

2288 4732 2407 4790 εἶτα
2438 4737 2540 4791 οὐκ
2595 4734 2969 4808 αἰσχυνόμεθα
3018 4739 3068 4791 εί
3104 4735 3349 4792 τοσαῦτα
3388 4736 3522 4807 παρ’
3566 4732 3752 4797 αὐτοῦ,
3791 4730 3851 4783 τά

2288 4828 2387 4899 μὲν
2415 4827 2696 4892 λαϐόντες,
2724 4830 2795 4882 τὰ
2823 4829 2880 4883 δὲ
2908 4828 3246 4893 ἐλπίζοντες,
3281 4826 3416 4900 μηδὲ
3456 4827 3518 4881 ἓν
3556 4824 3717 4879 τοῦτο
3748 4823 3849 4875 είσο

2280 4919 2502 4987 οίσομεν
2529 4918 2608 4991 τῷ
2640 4919 2910 4993 Δεσπότῃ,
2942 4918 3004 4973 τὸ
3029 4919 3453 4991 φιλάνθρωπονς

594 5007 799 5069 turam,
854 5017 1034 5069 escas,
1096 5012 1267 5073 artes,
1320 5006 1561 5064 domos?
1594 5010 1738 5067 unde
1797 5013 1967 5069 babes
2029 5015 2178 5085 quod
2218 5015 2525 5070 animantia
2558 5014 2759 5085 partim
2816 5014 2916 5069 tibi
2988 5014 3257 5078 cicurata,
3297 5014 3666 5101 subiectaque
3710 5015 3848 5074 sunt.

596 5096 793 5161 partim
818 5097 872 5152 in
896 5099 1220 5155 alimentum
1257 5102 1500 5159 cedunt?
1528 5105 1665 5173 Quis
1697 5117 1751 5164 te
1781 5108 2065 5167 dominum
2120 5121 2176 5167 et
2240 5126 2421 5182 regem
2473 5110 2724 5166 omnium
2784 5110 2843 5166 in
2896 5118 3045 5166 terra
3095 5110 3428 5167 constituit?
3460 5109 3545 5164 Au
3578 5096 3685 5164 non
3729 5119 3847 5161 vero

595 5201 697 5242 nos
724 5190 970 5259 pudebit,
1000 5208 1126 5247 cum
1164 5201 1246 5249 tot
1296 5211 1362 5252 ac
1418 5206 1568 5255 tanta
1624 5202 1694 5258 ab
1759 5219 1825 5260 eo
1880 5208 2081 5277 partim
2141 5207 2547 5277 acceperimus,
2602 5207 2806 5278 partim
2869 5220 3201 5278 speremus,
3252 5206 3300 5262 si
3362 5220 3431 5259 ne
3483 5205 3593 5261 hoc
3643 5202 3844 5276 quidem

596 5298 769 5338 unum
857 5284 970 5342 Deo
1025 5285 1265 5345 Domino
1333 5290 2175 5362 conferamus,.humanitatem
2206 5298 2460 5358 scilicet?

625 5451 629 5455 '
667 5435 812 5494 Ibid.
840 5471 911 5482 —-
939 5441 1096 5508 Quod
1133 5446 1178 5501 si
1214 5447 1263 5503 is
1282 5463 1580 5519 pauperem
1604 5452 1808 5521 probro
1834 5454 2021 5522 allicit,
2045 5472 2173 5513 eum

2354 5458 2418 5512 Εἰ
2449 5460 2477 5512 ό
2513 5459 2801 5530 ἀτιμάζων
2847 5459 3076 5530 πένητα,
3110 5459 3404 5531 παροξύνει
3436 5459 3528 5512 τὸν
3561 5472 3842 5530 ποιήσαντα

594 5529 688 5598 qui
747 5530 901 5586 illum
954 5535 1202 5593 condidit
1234 5538 1303 5594 ad
1360 5541 1710 5599 iracundiam
1759 5556 2044 5617 provocat,
2083 5549 2175 5605 ille

2289 5550 2467 5613 αὑτὸν,
2502 5529 2642 5624 τιμᾷ
2672 5551 2765 5606 τὸν
2794 5529 3023 5622 ποιητήν
3058 5553 3089 5605 ὁ
3112 5529 3391 5622 περιέπων
3420 5552 3484 5605 τὸ
3507 5529 3748 5623 ποίημα·
3788 5550 3841 5601 '0

596 5618 844 5688 profecto
876 5622 1146 5683 faetorem
1176 5629 1441 5699 honorat,
1488 5635 1580 5705 qui
1619 5651 1757 5707 opus
1783 5639 1963 5710 ipsius
1999 5639 2168 5697 fovet.

2280 5641 2472 5697 ἐλεῶν
2496 5646 2762 5712 πτωχὸν,
2799 5643 2921 5710 Θεῷ
2958 5643 3231 5708 δανείζει,
3271 5643 3458 5715 φησίν.
3499 5644 3596 5707 Τίς
3623 5643 3684 5696 ού
3710 5642 3840 5710 δέχε·

598 5707 829 5766 Fenerat
891 5713 1119 5773 Domino
1170 5721 1262 5790 qui
1319 5723 1600 5778 miseretur
1659 5707 1948 5797 pauperis,
1993 5730 2173 5802 inquit

2289 5752 2372 5790 ται
2407 5707 2694 5809 χρεώστην
2737 5707 3091 5791 ἀποδῶσοντα
3123 5739 3181 5790 ὲν
3213 5707 3394 5809 καιρῷ
3427 5738 3572 5809 μετὰ
3614 5738 3708 5803 τῆς
3735 5707 3817 5786 ἐπι

598 5797 885 5868 Scriptura
925 5804 943 5869 (
971 5800 1131 5859 Prov.
1193 5824 1303 5874 xix,
1365 5810 1492 5876 t7).
1526 5811 1662 5881 Quis
1720 5814 2022 5876 debitorem
2071 5797 2173 5877 re-

2288 5825 2533 5894 καρπίας
2587 5826 2646 5881 τὸ
2693 5826 2919 5883 δάνειον.
2978 5826 3407 5898 Ἐλεημοσύναις
3460 5826 3557 5881 καὶ
3614 5825 3841 5880 πίστεσιν
