4052 6410
192 383 330 449 1473

1454 357 1691 437 ελαῖιΑ
1725 370 2197 431 PARALLELA.

3325 378 3462 445 1474

188 492 657 566 άποκαθαίρυνται
707 489 996 564 ἁμαρτίαι.
1045 484 1431 559 Καθαρθῶμεν
1473 483 1566 542 οὖν
1617 486 1773 557 ἐλεή-

1890 480 2092 548 pudiet,
2150 480 2418 538 creditam
2467 481 2761 553 pecuniam
2812 500 2916 541 suo
2943 502 3194 558 tempore
3221 491 3466 548 redditu-

191 605 409 652 σαντες.

263 860 498 927 Δυνατὺς
539 853 608 930 ἦν
659 859 688 916 6
745 858 935 932 Πατὴρ
986 855 1212 928 ποιῆσαι
1272 854 1478 926 μηδένα
1523 852 1770 922 πένηταο

189 955 308 1010 ἁλλ’
339 956 387 1008 εί
413 955 474 1008 τὸ
509 954 752 1007 εὐποιεῖν
795 953 1138 1023 περιῃρεῖτο,
1186 953 1536 1020 συμπάσχειν
1592 946 1771 1009 οὐδεὶς

172 1049 346 1118 ’ἠξίου
381 1047 478 1102 νῦν
507 1047 755 1116 ἀλλήλων
777 1045 964 1100 ἕνεκα.
999 1045 1111 1098 Καὶ
1131 1041 1500 1115 εὐποροῦμεν,
1530 1041 1622 1096 καὶ
1647 1041 1775 1093 ἀπο-

191 1138 421 1211 ροῦμεν,
458 1138 546 1192 ἵνα
571 1137 738 1203 τόπος
761 1135 1054 1209 γενώμεθα
1082 1139 1146 1207 τῇ
1180 1133 1421 1208 εὐποιῖᾳ.

263 1408 367 1462 Τὸν
398 1404 642 1460 ἐναντίον
669 1405 784 1466 τοῖς
809 1401 990 1465 ἄλλοις
1012 1399 1324 1473 ἀνθρώποις
1356 1397 1568 1469 σεαυτῷ
1599 1397 1798 1451 κατά-’

189 1498 346 1566 λεξον
377 1496 630 1569 στρατὸν,
665 1496 886 1559 ἄοπλον,
918 1494 1218 1564 ἀπόλεμον,
1249 1491 1612 1562 ἀναίμακτον,
1644 1489 1772 1559 ἀόρ-

191 1609 388 1664 γητον,
412 1591 676 1662 ἀμίαντον
695 1606 706 1619 °
738 1589 1004 1662 γέροντας
1037 1585 1332 1648 θεοσεϐεῖς,
1359 1585 1632 1656 ὀρφανοὺς
1660 1582 1775 1635 θεο-

195 1684 396 1756 φιλεῖς,
427 1684 606 1754 χήρας
636 1681 908 1753 πραότητι
944 1678 1321 1749 ὡπλισμένοις,
1355 1677 1555 1758 άνδρας
1584 1675 1778 1748 ἀγάπῃ

192 1776 668 1848 κεκοσμημένους.
721 1772 1008 1835 Τοιούτους
1050 1772 1250 1842 κτῆσαι
1305 1771 1382 1842 τῷ
1414 1768 1492 1839 σῷ
1538 1767 1772 1836 πλούτῳ,

192 1871 291 1924 καὶ
319 1868 396 1940 τῷ
437 1867 674 1938 σώματι,
707 1868 800 1920 καὶ
833 1869 897 1937 τῇ
929 1853 1074 1935 ψυχῇ
1105 1864 1461 1934 δορυφόρους,
1497 1854 1570 1916 ὧν
1607 1877 1774 1932 στρα-

190 1964 354 2035 τηγεῖ
379 1961 408 2014 6
440 1960 595 2023 Θεός.

277 2163 612 2234 Ἐλεήμονας
651 2155 793 2215 εἶναι
841 2158 1115 2230 βούλεται,
1157 2159 1219 2212 ού
1266 2157 1427 2229 μόνον
1473 2158 1600 2224 τοὺς
1631 2157 1779 2210 ἔλεον

194 2255 511 2320 ποιοῦντας,
540 2251 680 2306 ἀλλὰ
712 2251 808 2306 καὶ⁴
835 2251 964 2315 τοὺς
993 2251 1249 2313 θέλοντας
1279 2250 1542 2314 εὐποιεῖν,
1568 2249 1672 2303 κᾶν
1705 2248 1780 2320 μὴ

192 2348 482 2410 δύνωνται,
508 2341 590 2410 οἷς
632 2345 774 2400 κατὰ
806 2344 1128 2416 προαίρεσιν
1159 2342 1220 2395 τὸ
1249 2344 1494 2414 ἐνεργεῖν
1525 2341 1780 2410 πάρεστι.

194 2443 310 2514 Τῆς
352 2441 524 2511 αὐτῆς
566 2435 660 2493 οῦν
710 2437 993 2510 μεθέξουσι
1040 2437 1209 2508 τιμῆς
1236 2440 1349 2500 τοῖς
1392 2437 1701 2506 δυνηθεῖσιν
1729 2435 1781 2488 οἱ

196 2536 538 2606 βουλόμενοι,
570 2529 646 2589 ὧν
679 2535 713 2604 ἡ
747 2532 1072 2603 προαίρεσις
1102 2531 1214 2602 ἴση,
1248 2530 1352 2584 κᾶν
1382 2529 1783 2585 πλεονεκτῶσιν

193 2629 375 2700 ἒτεροι
407 2631 473 2698 τῇ
516 2625 828 2700 περιουσίᾳ.
859 2656 930 2667 --
972 2623 1380 2693 Ἐλεημοσύνας
1411 2624 1494 2676 δεῖ
1526 2625 1722 2688 ποιεῖν,
1752 2623 1782 2675 ὁ

195 2719 356 2787 λόγος
391 2719 579 2790 φησὶν,
616 2719 755 2772 ἀλλὰ
795 2717 938 2787 μετὰ
982 2717 1244 2788 κρίσεως,
1286 2717 1384 2771 καὶ
1420 2718 1534 2779 τοῖς
1583 2714 1780 2779 ἀξίοις.

195 2810 309 2865 Καὶ
338 2810 531 2881 ὥσπερ
564 2811 592 2863 6
637 2810 883 2881 γεωργὸς
931 2809 1148 2880 σπείρει
1196 2809 1298 2864 οὐκ
1343 2810 1425 2872 εἰς
1451 2809 1640 2872 ἁπλῶς
1682 2807 1782 2880 τὴν

193 2903 321 2972 γῆν.
355 2903 475 2962 ἀλλ’
523 2905 604 2967 είς
646 2898 889 2974 ἀγαθὴν,
921 2902 1010 2956 ἵνα
1049 2900 1199 2972 αύτῷ
1247 2902 1499 2973 καρποὺς
1550 2901 1779 2972 κομίσῃ,

192 2991 342 3050 οὕτω
363 2993 445 3047 δεῖ
469 2994 716 3065 σπείρειν
742 2993 842 3064 τὴν
882 2994 1136 3048 εὐποιΐαν
1161 2993 1240 3056 είς
1271 2994 1472 3064 χήρας,
1507 2993 1587 3056 είς
1612 2994 1782 3064 ὀρφα-

193 3089 344 3150 νοὺς,
399 3088 480 3152 εἰς
531 3087 658 3150 τοὺς
711 3086 1135 3157 ἅπεριστάτους,
1176 3086 1266 3139 ἵνα
1316 3085 1416 3155 τῆς
1461 3087 1557 3140 ἀπ’
1597 3086 1782 3141 αὐτῶν

195 3177 506 3248 εὐκαρπίας
535 3175 626 3230 διὰ
657 3176 768 3230 τῶν
799 3177 972 3248 εὐχῶν
1005 3176 1294 3250 ἐπιτύχῃς.

1877 573 2043 626 rum?
2075 570 2461 644 Eleemosynis
2516 583 2571 630 et
2601 574 2708 630 fide
2735 586 3047 648 purgantur
3077 591 3327 650 peccata.
3363 584 3466 641 De-

1876 677 2002 719 mus
2053 663 2226 734 igitur
2302 681 2528 736 operam
2589 675 2650 722 ut
2707 669 3090 728 misericordia
3149 686 3464 734 contractas

1875 753 2032 812 labes
2079 757 2357 814 eluamus.

1945 847 2006 903 S.
2037 848 2206 907 Clem.
2242 852 2399 906 Alex.
2437 853 2752 909 —Poterat
2797 856 3021 928 quidem
3074 876 3330 917 summus
3375 862 3466 918 ille

1877 937 2090 997 Parens
2123 943 2308 999 facere
2343 953 2406 1000 ut
2429 962 2595 1002 nemo
2621 963 2833 1018 pauper
2861 961 3011 1008 esset
3040 971 3054 1007 :
3082 964 3137 1009 at
3168 955 3214 1010 si
3236 957 3467 1025 praecisa

1875 1043 2025 1088 esset
2078 1035 2389 1106 opitulandi
2461 1037 2722 1106 facultas,
2788 1044 2984 1102 nullus
3033 1062 3184 1102 nunc
3231 1048 3466 1106 alterius

1876 1128 2193 1184 calamitate
2230 1137 2574 1202 tangeretur.
2631 1133 2906 1202 Quocirca
2951 1139 3154 1208 partim
3189 1140 3466 1196 aﬂluimus

1876 1221 2099 1291 opibus,
2155 1223 2357 1292 partim
2394 1223 2708 1296 indigentes
2736 1243 2954 1295 sumus,
3001 1239 3060 1285 ut
3091 1232 3468 1290 beneficentia:
3567 1265 3570 1268 -

1877 1313 2033 1371 locus
2070 1314 2167 1370 sit.

1950 1405 2116 1476 Ejud.
2172 1406 2304 1474 Quis
2337 1407 2481 1462 dives
2536 1411 2672 1464 salv.
2699 1440 2769 1449 —
2799 1410 2910 1466 Fac
2935 1422 3132 1468 contra
3166 1423 3333 1486 atque
3371 1417 3464 1472 alii

1877 1501 2114 1570 soleant,
2173 1503 2484 1558 exercitum
2528 1505 2625 1560 tibi
2669 1503 2788 1575 ipse
2818 1510 3142 1574 contrahas,
3195 1510 3463 1566 inermem

1878 1595 2128 1660 scilicet,
2191 1596 2492 1660 imbellem,
2548 1597 2927 1667 incruentum,
2986 1601 3054 1655 ab
3093 1602 3174 1657 ira
3207 1604 3468 1666 alienum,

1877 1697 2158 1756 expertem
2227 1687 2519 1755 sordium;
2591 1707 2756 1747 senes
2822 1693 2966 1762 pios,
3029 1697 3312 1765 orphanos
3378 1697 3469 1751 Dei

1881 1787 2159 1844 amantes,
2217 1780 2414 1837 viduas
2444 1782 2690 1838 lenitatis
2722 1785 2897 1840 armis
2949 1787 3280 1853 instructas,
3321 1789 3470 1843 viros

1882 1873 2154 1927 cbaritate
2196 1873 2516 1929 adornatos.
2581 1876 2716 1941 Hos,
2758 1878 3014 1964 i‘nqnam,
3076 1882 3277 1952 epibns
3335 1884 3446 1937 tuis

1885 1974 2002 2019 tum
2069 1967 2342 2036 corporis,
2377 1975 2490 2022 tum
2527 1969 2694 2024 animi
2737 1971 3005 2030 satellites
3053 1976 3300 2044 acquire,
3331 1991 3470 2044 quo-

1883 2069 2004 2106 rum
2041 2053 2151 2107 dux
2185 2062 2238 2108 et
2279 2055 2582 2126 imperator
2623 2057 2768 2115 Deus
2805 2069 2912 2115 est.

1947 2167 2144 2236 Ejusd.
2204 2169 2299 2223 lib.
2364 2185 2419 2225 tv
2477 2170 2836 2228 Stromat.—
2883 2176 3274 2233 Misericordes
3340 2197 3469 2237 esse

1881 2259 2026 2316 Deus
2068 2262 2208 2327 vult,
2243 2277 2352 2317 non
2387 2277 2487 2319 eos
2526 2273 2743 2321 tantum
2791 2262 2886 2338 qui
2921 2270 3322 2326 misericordiae
3355 2291 3473 2327 mu-

1882 2350 2111 2407 neribus
2172 2350 2505 2422 fungantur,
2545 2356 2640 2410 sed
2697 2372 2793 2413 eos
2845 2359 3013 2414 etiam
3063 2361 3156 2428 qui
3200 2362 3343 2417 bene
3406 2365 3474 2418 de

1883 2442 2006 2500 aliis
2068 2445 2271 2499 mereri
2335 2446 2617 2512 studeant,
2672 2451 2890 2505 tametsi
2951 2451 3006 2506 id
3055 2461 3324 2522 praestare
3377 2471 3474 2510 ne-

1881 2544 2120 2607 queant;
2150 2539 2242 2608 qui
2266 2539 2486 2605 saltem,
2517 2548 2783 2612 quantum
2809 2544 2876 2597 ad
2900 2544 3273 2602 inductionem
3304 2549 3473 2602 animi

1882 2631 2101 2696 attinet,
2139 2632 2320 2702 ipsum
2362 2647 2506 2702 opus
2537 2645 2932 2706 exsequantur.
2980 2637 3244 2707 Ejusdem
3280 2641 3473 2712 itaque

1884 2725 2112 2780 honoris
2167 2725 2267 2796 qni
2302 2725 2581 2782 voluerint
2629 2730 2932 2799 participes
2983 2740 3170 2796 erunt,
3205 2749 3315 2803 quo
3380 2735 3474 2804 qni

1884 2817 2204 2886 potuerint;
2242 2817 2344 2883 illi,
2377 2818 2629 2888 inquam,
2663 2835 2902 2890 quorum
2939 2837 3039 2892 par
3072 2825 3330 2880 Voluntas
3355 2825 3478 2880 fue-

1883 2909 1982 2974 rit,
2009 2909 2114 2964 etsi
2150 2909 2354 2979 opibus
2381 2910 2475 2964 alii
2528 2911 2847 2981 superiores
2882 2923 3034 2968 sunt.
3064 2914 3476 2988 —Eleemosy-

1884 3016 1988 3056 nas
2043 3001 2264 3070 quidem
2317 2999 2600 3057 faciendas
2639 3018 2765 3058 esse
2818 3002 3106 3076 Scriptura
3141 3008 3325 3074 docet,
3377 3009 3474 3064 sed

1883 3107 2008 3147 cum
2055 3091 2287 3159 judicio,
2319 3100 2486 3163 atque
2526 3093 2594 3148 iis
2626 3093 2721 3164 qui
2756 3095 2908 3166 digni
2933 3097 3157 3152 fuerint.
3192 3097 3258 3152 Et
3283 3115 3479 3168 quem-

1812 3180 1856 3237 C
1894 3182 2190 3240 admodum
2249 3185 2496 3254 agricola
2548 3200 2661 3240 non
2693 3201 2914 3243 omnem
2939 3190 3261 3259 promiscue
3285 3207 3477 3262 agrum

194 3271 357 3334 serit,
419 3269 516 3325 sed
570 3269 774 3325 bonum
821 3279 876 3325 et
916 3269 1174 3339 feracem,
1218 3279 1280 3324 ut
1330 3286 1395 3326 ex
1435 3285 1503 3326 eo
1557 3270 1778 3329 fructus
1808 3275 2080 3345 percipiat
2111 3293 2125 3329 :
2155 3272 2348 3330 eodem
2415 3274 2578 3329 modo
2636 3277 2931 3332 serendmn
3000 3278 3324 3334 beneficium
3395 3290 3482 3336 est

195 3366 254 3417 in
287 3362 506 3425 viduas,
539 3361 592 3416 in
632 3362 893 3433 pupillos,
923 3362 978 3416 in
1021 3363 1416 3430 calamitosos;
1457 3373 1516 3418 ut
1539 3381 1634 3435 per
1662 3382 1855 3421 eorum
1883 3369 2168 3424 orationes
2210 3367 2452 3423 fructum
2505 3367 2732 3424 uberem
2777 3386 2842 3426 ex
2881 3370 3017 3442 ipsis
3048 3387 3477 3444 consequamur.

283 3477 373 3532 Ἐν
401 3473 447 3548 ᾧ
474 3479 541 3534 ἄν
570 3496 654 3544 τις
685 3479 910 3534 δύναται
948 3480 1191 3533 εὐποιεῖν
1213 3479 1293 3550 τῷ
1321 3480 1572 3552 πλησίον,
1605 3482 1673 3552 ἢν
1706 3483 1781 3554 μὴ

199 3573 352 3642 ποιῇ,
391 3571 676 3642 ἀλλότριος
708 3573 808 3642 τῆς
857 3573 1082 3644 ἀγάπης
1133 3573 1228 3630 τοῦ
1268 3573 1477 3644 Κυρίου
1523 3573 1787 3644 νομισθήι

200 3680 381 3718 σεται.

269 3756 379 3810 Τοῦ
428 3755 600 3811 ἐλεεῖν
649 3757 744 3811 καὶ
787 3757 1120 3830 εὐεργετεῖν,
1159 3759 1285 3811 οὔτε
1341 3757 1780 3832 προτιμώτερον,

1966 3483 2025 3535 S.
2062 3480 2282 3547 Irenwi,
2318 3497 2384 3535 ex
2444 3481 2689 3550 Epistola
2719 3483 2791 3536 ad
2826 3483 2962 3540 Vict.
2987 3517 3052 3529 —-
3082 3487 3140 3540 In
3177 3503 3289 3557 quo
3321 3492 3479 3556 quis-

1893 3576 2035 3644 piam
2094 3575 2233 3629 bene
2293 3573 2362 3628 de
2389 3574 2643 3644 proximo
2698 3577 2953 3632 misereri
2999 3587 3206 3648 potest,
3273 3581 3382 3636 nisi
3426 3582 3480 3636 id

1891 3676 2134 3736 praestet,
2172 3665 2386 3720 alienus
2420 3681 2450 3719 a
2480 3664 2570 3720 Dei
2597 3665 2893 3722 dilectione
2919 3669 3261 3724 censebitur.

1961 3758 2021 3812 S.
2080 3757 2307 3827 Dionys.
2343 3758 2496 3811 Alex.
2528 3788 2600 3798 —
2622 3757 2770 3814 Nihil
2797 3761 3155 3831 praestantius
3205 3773 3314 3829 est,
3342 3763 3508 3818 nihil.

197 3847 324 3903 οὔτε
382 3847 898 3920 φιλανθρωπότερόν
931 3851 1080 3908 ἐστιν
1118 3853 1252 3922 ἡμῖν
1299 3869 1357 3906 τι
1415 3852 1624 3924 ἓτερον,
1657 3853 1784 3905 ἐπεὶ

201 3941 341 4014 μηδὲ
367 3941 446 4012 τῷ
474 3941 612 4013 Θεῷ.

1890 3850 2211 3916 humanius,
2247 3865 2412 3920 quam
2449 3850 2700 3906 misereri
2732 3859 2786 3907 et
2821 3852 3149 3910 benefacere
3181 3872 3196 3908 :
3228 3857 3482 3926 quando-

1882 3943 2106 4014 quidem
2139 3956 2241 3996 nec
2267 3942 2574 4012 quidquam
2613 3941 2720 3998 Deo
2739 3957 2803 3998 ea
2840 3960 2902 4000 re
2940 3947 3123 4016 petius
3158 3955 3264 4002 est.
3293 3953 3307 4008 τ

272 4034 561 4105 Μακάριόν
619 4037 768 4088 ἐστιν
797 4035 1036 4106 ἀληθῶς,
1086 4038 1167 4100 εἰς
1215 4037 1396 4091 πάντα
1439 4038 1654 4110 πτωχὸν
1691 4039 1782 4093 καὶ

1892 4051 1896 4054 -
1950 4035 2112 4106 48],
2145 4033 2387 4104 Didymi.
2419 4065 2490 4074 —
2514 4035 2738 4090 Beatum
2778 4052 2913 4092 sane
2941 4047 3026 4093 est
3054 4055 3221 4109 super
3257 4055 3480 4096 omnem

201 4128 412 4198 πένητα
440 4128 700 4190 συνιέναι.
735 4129 823 4182 ἵνα
855 4145 941 4192 τις
970 4129 1113 4183 κατὰ
1163 4129 1382 4183 σύνεσιν
1420 4130 1489 4184 τά
1525 4133 1625 4200 τῆς
1670 4148 1782 4184 κοι-

1890 4143 2111 4198 egenum
2141 4134 2196 4181 et
2225 4142 2524 4197 pauperem
2554 4127 2865 4201 intelligere
2887 4168 2902 4194 ,
2933 4145 3044 4200 quo
3077 4132 3205 4200 quis
3234 4131 3482 4202 pruden-

200 4221 401 4283 νωνίας
433 4221 637 4292 πτωχῷ
667 4221 763 4274 καὶ
804 4222 999 4293 πένητι
1046 4224 1369 4294 ποιήσηται,
1425 4223 1647 4294 μείζονα
1690 4225 1782 4278 καὶ

1890 4231 1967 4277 ter
2003 4236 2176 4292 egeno
2207 4229 2262 4276 et
2305 4219 2518 4291 pupillo
2559 4221 2798 4286 tribuat,
2851 4222 3064 4293 majore
3117 4223 3376 4279 videlicet
3430 4235 3485 4279 et

203 4312 624 4384 σπουδαιότερον
668 4313 771 4382 τὴν
821 4315 1142 4384 ἐπιμέλειαν
1177 4315 1510 4387 ποιούμενος
1545 4318 1625 4380 είς
1655 4317 1782 4380 τοὺς

1890 4313 2222 4384 diligentiori
2259 4329 2396 4368 cura
2440 4313 2550 4368 illis
2590 4314 2941 4384 prospiciens
3003 4315 3098 4386 qui
3130 4316 3353 4373 virtutis
3390 4328 3487 4372 aut

199 4402 270 4457 δι’
322 4403 526 4476 ἀρετὴν
569 4403 601 4475 ἦ
643 4403 959 4458 θεοσέϐειαν
992 4407 1419 4476 πτωχεύσαντας
1467 4408 1501 4480 ἢ
1551 4409 1782 4480 πενομέ-

1895 4406 2182 4475 religionis
2221 4420 2390 4461 causa
2417 4405 2472 4459 in
2511 4415 2901 4476 paupertatem
2937 4409 3297 4478 penuriamve
3346 4409 3486 4464 inci-

201 4513 330 4559 νους
351 4512 364 4528 ο
396 4495 572 4560 ἄλλως
594 4497 673 4560 είς
698 4497 823 4560 τοὺς
854 4499 918 4550 ὲκ
943 4497 1112 4551 νόσων
1137 4498 1170 4569 ἧ
1197 4500 1624 4570 συμπτωμάτων
1651 4502 1788 4554 ἁπο-

205 4585 460 4659 ροῦντας,
481 4588 635 4660 παρὰ
662 4589 788 4652 τοὺς
816 4589 879 4641 ὲκ
907 4589 1346 4663 κακοπραγίαςῆ
1378 4591 1616 4654 ἀσωτίας
1647 4609 1790 4644 πτω-

202 4697 530 4750 χευσαντας.

279 4772 441 4836 Ξένος
475 4772 572 4826 καὶ
609 4772 779 4843 πένης
822 4771 958 4826 Θεοῦ
1006 4773 1330 4845 κωλλύριον.
1373 4773 1433 4826 '0
1492 4773 1791 4846 δεξάμενος

207 4865 430 4930 αὐτοὺς,
463 4865 681 4936 ταχέως
729 4864 1045 4936 ἀναϐλέψει.
1076 4898 1146 4907 -
1184 4866 1318 4919 Λεία
1333 4867 1466 4934 .656;
1497 4867 1603 4921 ὑπὸ
1634 4867 1791 4937 ἐλεη-

211 4960 457 5027 μοσύνης
481 4973 716 5026 γινεται.

281 5134 406 5192 Οἵδε
435 5137 736 5210 τρέφεσθαι
764 5141 793 5193 6
818 5139 1096 5211 Δεσπότης
1123 5139 1232 5194 τῶν
1273 5138 1411 5194 ὅλων
1441 5141 1530 5196 διὰ
1564 5141 1792 5210 μεταδό-

211 5248 356 5294 σεως
381 5231 482 5301 τῆς
513 5231 652 5302 πρὸς
670 5233 798 5296 τοὺς
827 5233 1590 5304 εύποιουμένους.-⁹Ἢνπερ
1620 5237 1793 5298 ποιεῖς

210 5323 536 5392 εὐεργεσίαν
562 5324 941 5397 ὲλεημοσύνης
971 5327 1051 5388 είς
1094 5326 1301 5389 πάντας
1324 5327 1451 5390 τοὺς
1481 5325 1789 5395 δεομένους,

210 5415 240 5466 6
268 5413 507 5483 Χριστὸς
538 5416 938 5485 σφετερίζεται.
969 5417 1310 5472 Πεπειγακα
1335 5411 1465 5488 γὰρ,
1499 5419 1656 5488 φησι,
1692 5420 1791 5473 καὶ

210 5504 512 5560 δεδώκατέ
533 5523 636 5578 μοι
687 5507 933 5578 φαγεῖν
966 5509 1255 5578 ἐδίψησα,
1293 5509 1394 5564 καὶ
1433 5510 1794 5565 πεποτίκατέ

206 5615 304 5667 με.

288 5691 529 5745 Πλούτου
560 5692 622 5745 τὸ
655 5692 854 5755 κάλλος
895 5691 995 5746 ούκ
1031 5695 1088 5746 ὲν
1115 5693 1443 5771 βαλαντῖοις,
1487 5696 1602 5749 ἀλλ’
1643 5697 1699 5750 ἐν
1725 5699 1792 5770 τῇ

211 5803 323 5839 των
364 5786 680 5858 χρηζόντων
717 5788 1028 5858 ὲπικουρέᾳ.

1895 4496 2134 4557 derunt,
2173 4496 2464 4550 autetiam
2499 4495 2557 4549 in
2609 4510 2706 4550 eos
2762 4511 2904 4565 quos
2966 4498 3141 4552 morbi
3188 4498 3275 4552 vel
3320 4513 3490 4554 casus

1897 4587 2068 4656 aliqui
2114 4587 2167 4640 in
2201 4596 2503 4656 egestatem
2540 4586 2935 4654 coniecerunt,
2975 4604 3138 4657 quam
3173 4589 3226 4643 in
3263 4606 3360 4645 eos
3392 4593 3497 4660 qui
3550 4597 3561 4612 ⁶

1898 4680 1968 4734 ob
2006 4679 2211 4748 flagitia
2239 4679 2326 4732 vel
2362 4677 2627 4747 profusos
2659 4687 2914 4748 sumptus
2943 4681 3099 4750 egeni
3132 4681 3260 4735 facti
3296 4693 3448 4736 sunt.

1972 4770 2208 4841 Evagrii.
2228 4768 2532 4838 —llospes
2561 4777 2615 4824 et
2646 4786 2855 4840 egenus
2886 4771 3175 4843 collyrium
3211 4772 3302 4828 Dei
3333 4782 3485 4829 sunt.

1899 4860 2001 4927 Qui
2035 4876 2130 4915 eos
2167 4861 2485 4931 exceperit,
2517 4861 2808 4914 oculorum
2850 4863 3144 4918 confestim
3189 4881 3350 4920 usum
3403 4882 3486 4920 rea

1899 4953 2211 5024 cuperabit.
2245 4983 2318 4994 --
2343 4950 2570 5008 Planam
2601 4960 2655 5006 et
2691 4952 2911 5008 facilem
2948 4953 3093 5006 viam
3129 4959 3308 5008 munit
3340 4955 3488 5010 clee-

1901 5062 2154 5119 tnnsyna.
2870 5102 2893 5124 κ

1973 5137 2033 5194 8.
2075 5136 2526 5193 Nili—lterum
2560 5137 2807 5191 omnium
2845 5135 3113 5193 Dominus
3147 5137 3221 5191 ita
3263 5136 3484 5191 domum

1901 5246 1930 5284 a
1962 5237 2016 5285 te
2048 5231 2236 5294 alitur,
2264 5244 2391 5286 cum
2422 5227 2634 5300 aliquid
2671 5227 2726 5282 in
2763 5243 3035 5298 pauperes
3064 5225 3288 5283 confers
3319 5228 3482 5282 bene-

1903 5323 2035 5378 ficii.
2061 5321 2424 5393 —Qnidquid
2457 5320 2711 5377 beneﬁcii
2745 5328 2799 5377 et
2829 5320 3196 5392 eleemosynaa
3227 5319 3486 5390 pauperi-

1901 5415 2344 5486 bus.impertis,
2381 5413 2434 5469 id
2491 5413 2753 5470 Christus
2799 5413 2904 5468 sibi
2959 5413 3226 5468 vindicat.
3272 5409 3487 5466 Esurivi

1901 5509 2049 5562 enim
2081 5548 2095 5570 ,
2136 5507 2349 5576 inquit,
2387 5516 2437 5562 et
2473 5506 2696 5561 dedistis
2731 5507 2861 5561 mihi
2895 5507 3220 5560 manducare
3255 5521 3274 5560 :
3304 5505 3484 5569 sitivi,

1899 5611 1949 5655 et
1986 5599 2210 5654 dedistis
2246 5600 2374 5654 mihi
2407 5599 2580 5655 bibere
2613 5599 2852 5667 (Matth.
2895 5615 3027 5663 xxv,
3063 5599 3134 5656 55
3159 5600 3199 5668 ).

1981 5689 2251 5746 Philonis.
2298 5722 2367 5732 —
2425 5692 2750 5746 Divitiarum
2808 5690 3202 5761 pulchritudo,
3264 5704 3373 5744 non
3428 5689 3485 5742 in

1903 5781 2224 5847 crnmenis,
2274 5782 2369 5838 sed
2421 5782 2474 5838 in
2503 5781 2841 5838 sublevanda
2888 5795 3195 5852 pauperum
3243 5787 3488 5850 egestate

1907 5874 2010 5928 sita
2047 5882 2152 5929 est.
