4052 6402
617 372 752 438 1475

1799 376 1862 437 S.
1899 377 2222 438 JOANNIS
2280 379 2716 441 DAMASCENI
3270 378 3272 381 ’
3417 414 3438 440 ν

3751 375 3869 438 1476

610 490 774 565 ἸΊΤ..
795 487 886 543 IX.
913 519 992 565 —_
1007 487 1080 542 De
1105 489 1292 558 ἔξιθιιί
1316 479 1681 565 eleentosynas
1711 493 1927 548 minime
1952 496 2162 563 faciunt

2272 549 2274 555 .
2304 497 2488 554 ΤιΤΛ.
2531 497 2607 551 8'.
2638 527 2711 537 --
2738 496 2878 565 Περὶ
2907 493 3027 550 τῶν
3059 495 3488 562 ἐλεημοσύνην
3524 493 3871 565 μὴποιούνο

683 559 774 633 sed
821 561 1144 633 tenacitate,
1194 571 1250 633 et
1285 559 1563 629 avaritia,
1602 573 1651 618 et
1694 559 2024 633 pecuniw‘ac
2058 559 2196 620 divi;

685 632 886 684 tiaram
918 631 1212 699 cupiditate
1235 632 1506 687 laborant.

678 767 779 824 Job
813 786 907 833 ιιι,
942 769 1030 824 16.
1055 801 1125 811 -—
1152 789 1170 820 ι
1203 770 1400 840 lnjusti
1436 787 1500 826 os
1535 773 1892 827 obstructum
1920 785 2026 830 est.
2060 774 2195 841 Quae

609 863 686 917 illi
720 873 1111 926 messuerunt,
1159 863 1297 932 justi
1355 865 1686 921 comedent:
1743 867 1852 937 ipsi
1898 873 2080 923 autem
2127 883 2192 924 ex

606 953 770 1008 malis
801 970 908 1008 non
939 953 1264 1024 eripientur.
1293 974 1312 1006 ι

673 1045 776 1100 Job
805 1063 953 1109 xxiv,
985 1047 1020 1099 2
1041 1086 1054 1110 ,
1093 1047 1146 1100 5.
1178 1075 1249 1087 —-
1279 1065 1296 1098 (
1329 1047 1482 1117 lmpii
1516 1049 1813 1103 terminum
1851 1051 2194 1122 transgressi

605 1146 762 1190 sunt.
803 1135 1036 1207 Gregem
1079 1151 1205 1190 cum
1249 1144 1474 1208 pastore
1511 1138 1836 1209 diripientes
1877 1141 2142 1196 abierunt
2177 1161 2190 1196 :

601 1230 909 1298 jumentum
953 1231 1294 1300 pupillorum
1338 1231 1648 1301 abegerunt
1670 1273 1685 1296 ,
1713 1229 1768 1288 et
1800 1235 1990 1288 bovem
2019 1236 2196 1290 viduae

603 1319 1150 1389 oppigneraverunt.
1179 1322 1523 1377 Averterunt
1554 1325 1888 1393 impotentes
1921 1339 1950 1378 a
1985 1326 2071 1380 via
2102 1326 2195 1396 jn-

601 1419 708 1466 sta.
739 1410 1082 1468 Unanimiter
1105 1413 1596 1470 circumdederunt
1621 1429 1946 1473 mansuetos
1971 1425 2153 1474 terrae.
2170 1439 2189 1473 ι

672 1501 777 1556 Job
814 1519 889 1570 ιν,
921 1504 974 1559 8.
1007 1535 1079 1544 —
1110 1525 1128 1558 ι
1159 1505 1264 1573 Qui
1304 1523 1428 1562 cum
1471 1509 1717 1578 pessima
1757 1510 2190 1577 seminaverint,

600 1593 822 1651 dolores
873 1606 1078 1652 metent
1130 1599 1274 1666 sibi,
1323 1601 1590 1655 mandato
1642 1601 1739 1656 Dei
1794 1603 2100 1671 peribunt,
2138 1611 2194 1659 et

603 1687 810 1757 spiritu
847 1689 941 1743 irae
971 1689 1097 1758 ejus
1127 1691 1673 1747 exterminabuntur.
1706 1713 1725 1744 ι

664 1778 767 1833 Job
801 1797 890 1847 χι,
924 1782 1013 1838 ﬂ.
1037 1813 1109 1822 —
1139 1801 1157 1834 ι
1194 1781 1315 1854 Ipse
1368 1786 1520 1838 novit
1569 1800 1736 1855 opera
1769 1785 2103 1856 impiorum,
2139 1795 2193 1842 et

598 1870 792 1927 videns
829 1872 1140 1929 iudecentia
1165 1914 1180 1939 ,
1214 1890 1325 1930 non
1362 1875 1758 1931 dissimulabit.
1800 1896 1818 1929 ›

665 1963 768 2019 Job
805 1981 993 2032 xxxrv,
1029 1968 1122 2021 2‘2.
1148 1999 1216 2007 —
1245 1987 1264 2020 ι
1292 1967 1412 2023 Νοιι
1446 1979 1530 2024 est
1561 1971 1713 2026 locus
1747 1979 1805 2025 ut
1837 1971 2190 2027 abscondan-

598 2065 692 2110 tur
731 2057 998 2112 facientes
1030 2057 1243 2128 iniqua.
1284 2077 1303 2110 ι

663 2147 765 2203 Job
800 2165 904 2213 xx,
941 2149 1129 2205 18-20.
1169 2179 1226 2190 --
1257 2169 1276 2202 ‹
1313 2152 1368 2205 In
1405 2167 1544 2206 vana
1587 2161 1642 2207 et
1681 2153 1868 2208 inania
1907 2155 2183 2212 laboravit

597 2241 858 2304 divitias,
890 2241 960 2296 de
985 2242 1189 2311 quibus
1220 2258 1330 2297 non
1367 2245 1635 2314 gustabit.
1669 2245 1968 2301 Multorum
2008 2248 2188 2319 impo-

598 2342 808 2388 tentum
845 2336 1042 2389 domos
1074 2335 1370 2406 confregit.
1414 2334 1806 2392 llabitaculum
1849 2341 2188 2411 pupillorum

598 2427 815 2496 rapuit,
851 2442 952 2482 nec
988 2429 1344 2484 instauravit.
1373 2428 1492 2484 Non
1525 2440 1610 2485 est
1644 2431 1798 2487 salus
1834 2433 2190 2492 facultatibus

594 2519 756 2586 ejus:
798 2518 850 2572 in
886 2520 1168 2575 desiderio
1207 2537 1309 2576 suo
1347 2539 1458 2578 non
1499 2525 1829 2581 salvabitur.
1862 2525 1984 2581 Non
2022 2527 2187 2585 ﬂore-

599 2609 729 2673 bunt
767 2613 890 2681 ejus
925 2611 1087 2665 bona.
1127 2612 1268 2668 Cum
1302 2617 1584 2684 putaverit
1619 2631 1679 2672 se
1714 2617 1984 2686 repletum
2025 2636 2186 2686 esse,

596 2707 1016 2776 ustinguetur.
1045 2704 1241 2763 Omnis
1267 2717 1449 2764 autem
1476 2711 1783 2766 necessitas
1813 2728 1979 2782 super
2003 2713 2185 2785 ipsum

595 2798 797 2852 veniet.
831 2817 849 2852 ι
883 2828 955 2837 -
993 2818 1011 2850 ι
1045 2798 1189 2854 Cave
1221 2816 1286 2856 ne
1317 2800 1490 2859 facias
1521 2803 1747 2873 injusta.
1778 2822 1798 2854 ι

663 2888 766 2944 Job
798 2905 952 2954 xxii,
989 2891 1055 2956 6,
1094 2891 1149 2945 7.
1173 2921 1246 2931 —
1273 2911 1292 2944 ι
1331 2891 1539 2964 Pignus
1576 2896 1751 2950 tulisti
1791 2896 2026 2951 fratrum
2065 2906 2188 2952 tuo-

595 2998 715 3035 rum
766 2983 888 3037 sine
938 2997 1155 3038 causa:
1205 2979 1597 3040 vestimentum
1652 2995 1840 3042 autem
1902 2989 2184 3042 nudorum

593 3075 892 3129 abstulisti.
928 3075 1123 3144 Neque
1155 3089 1298 3142 aqua
1329 3077 1591 3134 sitientes
1627 3081 1834 3149 potasti
1871 3099 1885 3135 :
1924 3082 2018 3137 sed
2053 3099 2184 3138 esu-

601 3167 868 3221 rieutium
906 3167 1238 3222 subtraxisti
1283 3168 1519 3223 frustum
1562 3173 1740 3238 panis.
1776 3171 1984 3230 Viduas
2025 3175 2185 3228 dimi-

592 3255 713 3311 sisti
762 3271 969 3323 vanas,
1024 3259 1264 3328 pupillos
1320 3269 1505 3313 autem
1549 3261 1820 3317 al'llixisti.
1861 3263 2034 3334 Igitur
2069 3265 2180 3319 cir-

591 3349 992 3406 cumdederunt
1021 3358 1076 3406 te
1101 3350 1320 3421 laquei,
1354 3361 1409 3406 et
1441 3353 1581 3406 ursit
1613 3361 1666 3408 te
1694 3354 1896 3410 bellum
1928 3357 2175 3427 ingens.»

634 3441 763 3496 'Job
811 3457 965 3508 sxw,
1013 3441 1079 3509 9,
1130 3442 1318 3497 10.-
1349 3460 1367 3494 ι
1402 3439 1732 3513 Rapuerunt
1789 3446 2058 3516 pupillum
2113 3447 2180 3502 ab

591 3535 764 3590 ubere
795 3553 809 3588 :
841 3551 964 3590 eum
1003 3544 1184 3590 autem
1221 3535 1316 3606 qui
1353 3535 1679 3600 ceciderat,
1721 3537 2177 3594 bumiliaverunt.

590 3628 658 3683 Et
688 3629 866 3684 nudos
921 3629 1210 3697 ejecerunt
1252 3627 1466 3698 injuste
1507 3646 1521 3683 :
1574 3630 1944 3685 esurientium
1995 3639 2178 3687 autem

583 3722 827 3795 frustum
861 3723 1023 3791 panis
1054 3720 1432 3776 abstulerunt.
1469 3719 1621 3776 Viam
1655 3721 1894 3790 iustitiae
1922 3738 2030 3776 non
2065 3738 2181 3776 am-

591 3816 961 3879 lmlaverunt,
996 3829 1098 3868 nec
1155 3814 1211 3868 in
1253 3815 1472 3870 semitis
1520 3815 1643 3885 ejus
1691 3815 1971 3885 progressi
2027 3827 2177 3870 sunt.

588 3906 725 3960 Cum
778 3907 1040 3979 cognovit
1095 3923 1262 3978 opera
1320 3923 1549 3973 eorum,
1604 3907 1832 3963 tradidit
1877 3925 1972 3964 eos
2005 3909 2058 3964 in
2097 3917 2180 3964 tc-

489 4025 493 4029 ~
588 3998 812 4053 nebras.
855 4017 870 4050 ι

654 4088 756 4144 Job
792 4107 950 4154 χχιιι,
988 4091 1040 4144 5.
1072 4121 1140 4131 -
1177 4110 1196 4143 ι
1235 4089 1327 4146 Vae
1360 4098 1414 4145 et
1447 4090 1683 4160 perditio
1719 4089 1952 4159 injuste.
1993 4109 2011 4142 ι

654 4180 756 4235 Job
815 4199 962 4246 xxiv,
1019 4181 1109 4235 20.
1143 4211 1218 4225 -
1255 4200 1273 4232 ι
1308 4180 1644 4235 Conteratur
1703 4182 1886 4236 OllllllS
1939 4181 2171 4250 iniquus

586 4283 849 4342 tanquam
878 4274 1087 4344 lignum
1128 4272 1458 4330 insanabile.
1496 4292 1515 4324 ι

655 4365 818 4437 482
855 4365 956 4419 Job
992 4382 1058 4418 xx
1081 4406 1095 4429 ,
1128 4365 1180 4418 5.
1211 4395 1282 4404 -
1310 4383 1328 4416 ι
1362 4363 1576 4418 Divitiae
1611 4363 1799 4434 inique
1827 4373 2179 4434 congregata

583 4468 930 4514 evomenlur.
965 4476 984 4510 ι

652 4548 755 4602 Job
798 4565 982 4614 xxvn,
1025 4549 1127 4614 16,
1171 4549 1255 4605 17.
1290 4578 1359 4590 --
1399 4567 1417 4600 ι
1456 4546 1514 4602 Si
1557 4546 1978 4619 eongregaverit
2020 4548 2171 4601 sicut

586 4645 812 4699 humum
866 4655 1189 4714 argentum,
1249 4661 1313 4700 ac
1363 4647 1509 4701 sicut
1557 4645 1731 4700 lutum
1773 4659 1972 4698 aurum
2038 4660 2177 4715 pra:-

581 4733 876 4802 paraverit.
913 4733 1036 4790 llaec
1064 4736 1248 4790 omnia
1284 4736 1422 4805 justi
1464 4735 1870 4801 vindicabunt;
1915 4744 1969 4788 at
2010 4751 2145 4806 pecu

583 4825 704 4879 nias
736 4825 856 4896 ejus
891 4843 1122 4883 veraces
1158 4829 1464 4884 habebunt.
1509 4826 1678 4882 Facta
1719 4835 1806 4882 est
1845 4836 1975 4881 ante
2001 4846 2030 4879 ιι
2074 4827 2176 4881 do-

580 4934 705 4974 mus
730 4918 852 4988 ejus
875 4920 1018 4974 sicut
1042 4919 1212 4986 tinea,
1236 4930 1289 4975 et
1319 4921 1464 4976 sicut
1491 4935 1694 4974 aranea
1722 4919 1933 4973 divitia;
1956 4919 2167 4975 illius.»

661 5008 814 5065 Psal.
855 5027 1022 5064 xxxiii
1048 5050 1062 5071 ,
1099 5011 1184 5063 17.
1218 5041 1290 5051 -
1323 5029 1341 5062 ι
1376 5010 1576 5065 Vultus
1612 5017 1796 5064 autem
1832 5009 2046 5065 Domini
2083 5026 2175 5066 su-

577 5105 676 5177 per
710 5104 976 5161 facientes
1008 5105 1150 5158 mala
1174 5145 1188 5169 ,
1221 5110 1281 5158 ut
1317 5103 1531 5172 perdat,
1568 5121 1586 5153 ι
1623 5114 1730 5157 etc.

653 5194 806 5250 Psal.
845 5211 1007 5249 XLVIII
1031 5234 1046 5258 ,
1092 5194 1173 5247 l7.
1202 5225 1272 5234 —
1299 5211 1318 5245 ι
1349 5192 1428 5248 Ne
1456 5194 1714 5248 timueris
1741 5209 1866 5247 cum
1905 5193 2059 5250 dives
2094 5193 2172 5248 fa-

577 5296 700 5344 ctus
723 5286 890 5342 fuerit
915 5288 1101 5350 homo,
1128 5295 1224 5339 aut
1246 5301 1372 5340 cum
1405 5286 1771 5356 multiplicata
1797 5285 1988 5351 fuerit,
2018 5305 2036 5340 ι
2057 5297 2166 5344 etc.

613 5442 618 5446 _
647 5379 801 5434 Psal.
834 5395 1034 5433 cxxxnx
1059 5422 1073 5446 ,
1114 5380 1201 5433 12.
1228 5410 1299 5423 —-
1329 5398 1346 5432 ι
1379 5377 1571 5433 Virum
1603 5373 2044 5450 injustum'mala
2078 5396 2168 5435 ca-

577 5471 729 5542 pient
761 5470 815 5523 in
845 5470 1098 5526 interitu.
1125 5491 1142 5522 ι

647 5559 733 5616 ιγ
775 5561 900 5630 Reg.
935 5579 986 5627 v,
1023 5563 1214 5618 95—27.
1241 5593 1310 5602 —
1345 5583 1364 5615 ι
1403 5563 1550 5618 Dixit
1603 5562 1819 5617 Eliseus
1861 5563 1924 5616 ad
1969 5561 2118 5618 Giezi
2149 5581 2163 5619 :

579 5654 734 5710 Unde
765 5654 914 5709 Giezi
941 5656 963 5708 ?
995 5654 1060 5708 Et
1090 5657 1168 5709 ait
1199 5656 1388 5711 Giezi:
1422 5655 1540 5709 Non
1587 5655 1682 5708 ivit
1718 5670 2002 5724 quoquam
2045 5671 2165 5710 sors

575 5764 676 5802 vus
711 5755 874 5808 tuus.
909 5751 975 5804 lit
1006 5750 1144 5805 dixit
1182 5751 1397 5806 liliseus
1446 5751 1512 5804 ad
1566 5749 1718 5803 illiilli
1763 5765 1777 5803 :
1827 5747 2022 5803 Nonne
2069 5765 2168 5802 cur

581 5857 764 5896 incum
820 5843 919 5898 ivit
968 5852 1189 5907 tecum,
1239 5842 1462 5914 quando
1516 5857 1776 5899 reversus
1823 5849 1909 5897 est
1943 5842 2044 5914 _vir
2091 5845 2158 5898 de

2377 586 2516 634 των,
2550 566 2715 622 ἀλλὰ
2755 564 3321 631 πλεονεκτούντων,
3364 565 3466 618 καὶ
3502 564 3638 631 περὶ
3678 564 3869 634 φειδώ-

2373 644 2500 692 λων
2527 638 3110 708 φιλοπλονυτούγτων
3143 635 3240 691 καὶ
3265 634 3675 704 φιλαργύρων.

2380 793 2400 826 ι
2445 774 2659 827 Ἀδίκου
2707 773 2887 844 στόμα
2917 771 3190 844 ἐφράχθη.
3243 772 3311 824 Ἀ
3366 771 3569 824 ἐκεῖνοι
3613 767 3871 839 ἐθέρισαν,

2301 869 2506 924 δίκαιοι
2551 869 2794 922 ἔδονταιο
2827 867 2984 920 αὐτοὶ
3022 865 3080 920 δὲ
3130 866 3196 920 ἐκ
3237 863 3426 918 κακῶν
3453 862 3558 916 οὒκ
3603 859 3875 931 ἐξαιρεθή-

2304 978 2509 1015 σονται.
2554 979 2573 1012 1

2380 1072 2399 1104 ι
2442 1051 2692 1114 Ἀσεϐεῖς
2727 1050 2876 1122 ὅριον
2921 1033 3298 1119 ὑπερέϐησαν,
3334 1047 3590 1116 ποίμνιον
3626 1048 3724 1099 σὺν
3769 1061 3878 1098 ποιο

2307 1146 2430 1216 μένι
2461 1145 2814 1216 ἁρπάσαντες
2834 1141 3099 1213 ἀπῆλθον,
3137 1139 3440 1209 ὑποζύγιον
3488 1139 3751 1210 ὀρφανῶν
3778 1141 3877 1192 ἀπο

2304 1238 2536 1307 ήγαγον,
2574 1235 2702 1306 βοῦν
2721 1235 2895 1304 χήρας
2925 1231 3305 1304 ἐνεχυρίασαν.
3335 1231 3652 1297 ἘΞέκλιναν
3678 1231 3736 1283 δὲ
3758 1230 3876 1283 ἀδυ-

2303 1329 2496 1392 νάτους
2538 1331 2597 1394 ἐξ
2643 1328 2765 1382 ὁδοῦ
2795 1328 3036 1390 δικαίας,
3080 1325 3428 1397 ὁμοθυμαδὸν
3471 1325 3531 1378 δὲ
3565 1323 3879 1378 ἐκύκλωσαν

2303 1423 2502 1494 πραεῖς
2541 1422 2666 1491 γῆς.
2703 1439 2722 1472 ι

2377 1527 2396 1560 ι
2427 1510 2490 1562 0t
2529 1509 2850 1582 σπείροντες
2877 1508 2948 1561 τά
2981 1508 3180 1570 ἄτοπα,
3214 1506 3410 1570 ὀδύνας
3452 1507 3733 1577 θεριοῦσιν
3757 1508 3877 1560 ἐαυο

2299 1603 2433 1668 τοῖς,
2471 1601 2582 1655 ἀπὸ
2615 1591 3042 1672 προστάγματος
3073 1600 3279 1672 Κυρίου
3311 1599 3673 1664 ἀπολοῦνται,
3697 1601 3801 1654 ἀπὸ
3827 1600 3876 1654 δέ

2301 1695 2614 1767 πνεύματος
2646 1694 2818 1767 ὀργῆς
2852 1693 3020 1747 αὑτοῦ
3053 1693 3545 1764 ἀφανισθήσονται.
3580 1713 3600 1745 ι

2377 1807 2396 1840 ι
2435 1787 2608 1851 Αὐτὸς
2657 1783 2800 1840 οἶδεν
2847 1787 2986 1860 ἔργα
3037 1787 3291 1857 ἀνόμωνο
3327 1784 3453 1838 ἰδὼν
3503 1785 3563 1838 δὲ
3608 1784 3786 1838 ἄτοπα
3819 1785 3873 1837 οὗ

2230 1873 2270 1926 Β
2299 1878 2628 1950 παρόψεται.
2666 1897 2684 1929 ι

2375 1991 2394 2023 ι
2428 1973 2542 2025 Οὐκ
2566 1971 2684 2024 ἔστι
2709 1971 2878 2035 τόπος
2905 1969 3002 2024 τοῦ
3031 1969 3305 2041 κρυϐῆναι
3339 1969 3470 2033 τοὺς
3500 1967 3871 2033 ποιοῦνταςτά

2295 2067 2390 2121 dvo
2399 2084 2495 2138 μα.
3407 2055 3414 2064 ’

2370 2181 2388 2213 ι
2428 2162 2522 2223 Εἰς
2553 2157 2688 2212 κενά
2719 2156 2814 2211 καὶ
2842 2155 3052 2224 μάταια
3071 2154 3332 2208 ἐκοπίασε
3356 2153 3611 2218 πλοῦτον,
3647 2154 3709 2218 ἐξ
3731 2145 3791 2206 οὗ
3813 2154 3866 2207 οὗ

2295 2253 2576 2324 γεύσεται.
2606 2249 2825 2304 Πολλῶν
2864 2248 2975 2319 γὰρ
3011 2249 3296 2303 ἀδυνάτων
3323 2249 3510 2310 οἴκους
3545 2248 3762 2301 ἔθλασε.
3791 2248 3871 2299 ΔΞ-

2293 2363 2450 2399 αιταν
2478 2344 2533 2396 δὲ
2591 2340 2844 2413 ὀρφανῶν
2879 2339 3124 2410 ἥρπασε,
3179 2339 3276 2393 κα)⁸
3316 2341 3417 2392 οὐκ
3466 2340 3721 2408 ἔστησεν.
3765 2340 3869 2392 Οὐκ

2292 2438 2442 2490 ἔστιν
2467 2434 2635 2489 αὐτοῦ
2675 2437 2922 2505 σωτηρία
2958 2439 3070 2499 τοῖς
3104 2435 3480 2504 ὑπάρχουσιν
3514 2435 3573 2484 ὲν
3613 2432 3870 2501 ἐπιθυμία

2292 2529 2458 2584 αὑτοῦ
2489 2531 2548 2582 οὐ
2582 2529 2915 2598 σωθήσεται.
2953 2529 3070 2581 Οὐκ
3099 2526 3324 2598 ἀνθήσει
3350 2525 3520 2579 αὑτοῦ
3556 2525 3627 2578 τὰ
3675 2523 3867 2593 ἀγαθά.

2293 2625 2465 2677 Ὅταν
2495 2622 2628 2692 δοκῇ
2673 2622 2775 2692 ἤδη
2835 2618 3260 2692 πεπληρῶσθαι,
3297 2618 3695 2688 σϐεσθήσεται,
3732 2619 3870 2669 πᾶσα

2289 2717 2347 2770 δὲ
2388 2715 2605 2786 ἀνάγκη
2637 2715 2724 2768 ἐπ’
2757 2715 2924 2770 αὑτὸν
2957 2712 3335 2769 ἐπελεύσεται.
3379 2731 3398 2763 ι
3427 2743 3500 2752 —
3549 2729 3570 2762 ς
3604 2710 3868 2764 Φυλάκου

2293 2809 2370 2880 μὴ
2402 2809 2610 2879 πρᾶξαι
2641 2809 2825 2863 ἄδικα.
2864 2827 2884 2860 ι

2365 2921 2384 2955 ‹
2421 2900 2802 2974 Ἐνεχυρίαζες
2833 2901 2960 2964 τοὺς
3003 2899 3272 2969 ἀδελφούς
3320 2915 3416 2952 σου
3454 2898 3738 2967 διακενῆς.
3767 2900 3868 2966 ἀμ·

2289 2996 2476 3065 φίασιν
2505 2997 2562 3050 δὲ
2592 2996 2822 3065 γυμνῶν
2858 2996 3082 3065 ἁφέλου.
3119 2994 3256 3048 οὐδὲ
3286 2993 3432 3065 ὕδωρ
3458 2994 3740 3061 διψῶντας
3766 2992 3872 3046 ἐπόι

2288 3105 2467 3153 τισας,
2510 3085 2648 3141 ἀλλά
2686 3085 3003 3142 πεινώντων
3035 3085 3341 3156 ἐστέρησας
3358 3085 3578 3155 ψωμόν.
3611 3082 3868 3154 Χήραςδὲ

2288 3180 2676 3247 ἐξαπέστειλας
2704 3180 2888 3244 κενὰς,
2930 3180 3201 3251 ὀρφανοὺς
3221 3179 3278 3234 δὲ
3301 3179 3615 3239 ἐκάκωσας.
3643 3178 3870 3245 Τοιγαρ-

2287 3273 2383 3327 οῦν
2421 3274 2747 3328 ἐκύκὶωσάν
2787 3291 2848 3327 σε
2896 3273 3147 3342 παγίδες,
3180 3273 3276 3325 καὶ
3325 3270 3638 3324 ἐσπούδασε
3673 3287 3736 3322 σε
3781 3269 3871 3322 πύ-

2289 3369 2347 3421 λε
2357 3386 2456 3438 μος
2490 3368 2750 3434 ἐξαίσιος.
2789 3386 2807 3419 ι

2365 3481 2385 3514 ι
2422 3462 2727 3534 ’Ἤρπασαν
2764 3461 3003 3534 ὀρφανὸν
3025 3461 3132 3516 ἀπὸ
3172 3459 3406 3532 μαστοῦ,
3444 3460 3787 3513 πεπτωκύτα
3819 3459 3872 3512 δὲ

2288 3554 2698 3617 ἐταπείνωσαν,
2731 3555 2826 3608 καὶ
2864 3554 3112 3623 γυμνοὺς
3145 3552 3399 3618 ἐξέϐαλον
3446 3552 3656 3615 ἀδίκως
3678 3592 3695 3617 ,
3757 3569 3873 3604 rs:-

2287 3646 2504 3700 νώντων
2536 3645 2594 3698 δὲ
2622 3645 2714 3699 τὸν
2759 3644 2954 3716 ψωμὸν
2985 3644 3294 3714 ἀφείλαντο.
3334 3643 3482 3697 Ὀδὸν
3523 3642 3873 3710 δικαιοσύνης

2287 3739 2384 3808 οὐχ
2429 3737 2704 3802 ὥδευσαν,
2736 3737 2858 3792 οὐδὲ
2908 3738 3194 3809 ἀτραποὺς
3246 3737 3416 3805 αὐτῆς
3464 3734 3872 3806 ἐπορεύθησαν.

2288 3833 2455 3896 Γνοὺς
2507 3833 2564 3885 δέ
2621 3831 2804 3887 αὐτῶν
2853 3831 2924 3884 τά
2970 3831 3131 3902 ἔργα,
3181 3829 3502 3901 παρέδωκεν
3549 3829 3755 3892 αὐτοὺς
3800 3830 3875 3891 ei;

2290 3923 2503 3987 σκότος.
2541 3943 2558 3975 ι

2361 4122 2381 4156 ι
2411 4103 2548 4157 Οὐαὶ
2574 4101 2669 4156 καὶ
2695 4101 2946 4154 ἀπώλεια
2976 4098 3055 4168 τῷ
3080 4098 3269 4168 ἀδίκῳ.
3301 4117 3320 4150 ι

2310 4245 2316 4252 _
2365 4211 2383 4244 (
2422 4191 2748 4261 Συντριϐείη
2788 4192 2897 4255 πᾶς
2929 4190 3114 4254 ἄδικος
3146 4188 3238 4242 ἴσα
3265 4186 3408 4258 ξύλῳ
3445 4185 3680 4256 ἀνιάτῳ.
3716 4203 3735 4236 ι

2363 4388 2380 4421 ι
2421 4368 2658 4432 Πλοῦτος
2679 4367 2880 4431 ἀδίκως
2911 4366 3283 4437 συναγόμενος
3331 4363 3759 4435 ἐξεμεθήτεται.
3781 4381 3797 4412 ι

2363 4569 2381 4601 ι
2429 4549 2557 4602 Ἐὰν
2613 4549 2896 4620 συναγάγῃ
2943 4547 3134 4618 ὥσπερ
3179 4547 3285 4616 γῆν
3321 4545 3614 4618 ἀργύριον,
3670 4543 3761 4596 ἴσα
3817 4541 3869 4594 δὲ

2287 4641 2446 4714 πηλῷ
2481 4641 2705 4713 χρυσίον
2740 4641 3003 4711 ἐτοιμάσῃ
3025 4682 3039 4705 ,
3072 4638 3246 4692 ταῦτα
3280 4639 3460 4690 πάντα
3511 4635 3868 4707 περιποιῃθήσ

2287 4748 2496 4795 σονται,
2527 4731 2596 4783 τὰ.
2624 4731 2683 4784 δὲ
2711 4732 2968 4800 χρήματα
3015 4725 3184 4780 αὐτοῦ
3240 4726 3489 4798 ἀληθινοὶ
3523 4725 3865 4788 καθέξουτιν.

2293 4824 2499 4894 Ἀπέϐη
2550 4823 2608 4877 δὲ
2651 4825 2680 4875 ὁ
2737 4818 2890 4886 οἶκος
2943 4820 3111 4875 αὑτοῦ
3172 4821 3362 4890 ὥσπερ
3399 4819 3588 4888 σῆτες,
3642 4821 3738 4871 καὶ
3794 4816 3869 4878 ὡς

2279 4917 2492 4989 ἀράχνη
2524 4920 2552 4970 ὁ
2585 4915 2818 4979 πλοῦτος
2848 4913 3037 4981 αὐτοῦ,
3069 4933 3086 4964 ι

2355 5031 2372 5062 ι
2405 5011 2710 5081 Πρόσωπον
2740 5008 2946 5079 Κυρίου
2980 5009 3075 5061 ἐπὶ
3104 5003 3400 5068 ποιοῦντας
3425 5003 3595 5066 κακά,
3629 5001 3726 5056 τοῦ
3752 5001 3866 5065 ἑξο-

2276 5103 2570 5174 λοθρεῦσαι
2606 5120 2624 5152 ›
2655 5101 2750 5154 καὶ
2776 5101 2846 5154 τὰ
2876 5098 3062 5152 λοιπά.

2354 5215 2372 5246 ι
2402 5194 2493 5264 Μὴ
2521 5193 2694 5262 φοϐοῦ
2716 5193 2845 5247 ὅταν
2875 5191 3156 5260 πλουτήσῃ
3185 5188 3494 5261 ἄνθρωπος,
3518 5186 3551 5258 ἦ
3585 5187 3713 5240 ὅταν
3738 5181 3859 5251 πλη-

2278 5286 2633 5357 θυνθήσεται.
2669 5305 2686 5336 ι

2352 5399 2371 5431 ι
2407 5379 2612 5449 Ἄνδρα
2637 5378 2825 5433 ἄδικον
2859 5375 3005 5430 κακά
3026 5373 3286 5446 θηρεύσει
3317 5375 3399 5436 είς
3429 5369 3744 5442 διαφθοράν.
3765 5387 3784 5418 ι

2350 5574 2367 5606 ι
2401 5553 2570 5609 Εἶπεν
2608 5555 2882 5609 Ἐλισσαιὲ
2913 5509 3047 5627 πρὸς
3090 5554 3282 5618 Γιεξέ·
3325 5555 3497 5608 Πόθεν
3539 5552 3718 5615 Γιεζές
3749 5546 3852 5600 Καὶ

2272 5644 2429 5700 εἶπεν
2465 5649 2648 5711 Γιεζὲ·
2683 5648 2758 5701 Οὐ
2783 5645 3120 5717 πεπόρευται
3147 5649 3174 5700 ὁ
3204 5645 3394 5708 δοῦλός
3435 5663 3550 5699 σου.
3579 5643 3681 5697 Καὶ
3705 5637 3852 5692 εἶπεν

2290 5740 2565 5794 Ἐλισσαιὲ
2598 5739 2734 5811 πρὸς
2764 5737 2926 5791 αὐτόν
2949 5754 2963 5768 ·
2991 5739 3102 5808 Οὐχ
3132 5741 3164 5808 ἠ
3218 5737 3416 5809 καρδία
3451 5753 3553 5806 μου
3592 5734 3722 5805 μετά
3760 5727 3849 5781 σοῦ

2276 5832 2570 5905 ἐπορεύθη,
2601 5834 2690 5886 ὅτε
2738 5830 3075 5904 ἐπέστρεψεν
3105 5833 3132 5884 ὁ
3159 5832 3303 5903 ἀνὴρ
3340 5831 3448 5883 ἀπὸ
3493 5829 3584 5882 τοῦ
3614 5826 3853 5896 ἅρματος
