4052 6402
182 350 312 419 1477

1429 351 1667 411 SACRA
1702 348 2164 410 PARALLELA.

3303 349 3437 415 1478

179 472 255 532 είς
287 434 611 533 συνάντησίν
643 480 737 517 σου
761 481 775 529 ;
807 464 913 517 Καὶ
935 462 1031 516 νῦν
1053 462 1241 526 ἔλαϐες
1272 462 1332 516 τὸ
1354 462 1618 534 ἀργύριον
1646 461 1741 515 καὶ

1846 474 2015 514 curru
2051 474 2150 515 suo
2192 460 2247 513 in
2286 473 2582 514 occursum
2626 466 2781 512 tuum
2815 460 2837 512 ?
2875 468 2932 514 ct
2976 475 3124 516 nunc
3166 461 3435 533 accepisti

177 563 239 613 τὰ
274 556 481 628 ἱμάτια,
514 557 608 610 καὶ
636 556 735 610 νῦν
762 555 913 627 λήψῃ
946 555 1126 626 ἑαυτῷ
1160 556 1389 626 κήπους,
1423 558 1517 608 καὶ
1552 555 1743 608 ἐλαιῶ-

176 648 286 712 νας,
316 650 407 703 καλ⁵
442 648 797 719 ἀμπελῶνας,
829 648 925 701 καὶ
959 647 1232 719 πρόϐατα,
1268 648 1363 700 καὶ
1398 646 1616 711 παῖδας,
1650 648 1744 700 καὶ

176 741 478 804 παιδίσκας.
515 742 623 794 Καὶ
666 741 697 811 ἡ
737 740 914 812 λέπρα
955 740 1174 808 Νεεμάν
1201 740 1595 811 κολληθήσεται
1632 757 1741 806 σοι,

176 835 264 888 καὶ
288 831 363 887 τῶ
392 832 669 903 σπέρματί
699 849 791 886 σου
824 834 903 894 είς
932 833 1058 895 τοὺς
1092 831 1317 893 αἰῶνας.
1355 851 1373 884 ι

245 944 263 977 ι
290 924 489 994 Δώρων
516 926 544 977 ὁ
572 924 912 996 φειδόμενος,
937 923 1107 991 θυμὸν
1131 925 1333 995 ἐγείρει
1368 924 1606 995 ἰσχυρόν.
1629 942 1647 975 ι
1674 952 1744 963 —

177 1038 194 1070 ι
232 1016 463 1079 Πλοῦτος
493 1017 824 1087 προστίθησι
858 1016 1051 1087 φίλους
1082 1016 1335 1079 πολλούς.
1370 1036 1388 1067 ι
1416 1048 1485 1057 -
1521 1036 1539 1067 ι
1574 1016 1743 1070 Πλού-

172 1125 271 1162 σιοι
296 1107 526 1177 πτωχῶν
552 1106 802 1177 ἄρξουσι.
832 1127 849 1160 ι
874 1140 945 1151 —
969 1127 987 1159 ι
1007 1108 1175 1176 Σοφὺς
1206 1109 1336 1179 παρ’
1364 1106 1544 1179 ἑαυτῷ
1575 1108 1742 1162 πλού·-

170 1218 299 1264 σιος.
332 1218 350 1251 )
393 1230 463 1241 —
499 1220 516 1253 ι
544 1200 828 1271 ’Υπαρξις
876 1200 1392 1271 ὲπισπουδαζομένη
1439 1203 1577 1271 μετὰ
1618 1202 1743 1255 ὀινο·⁵

171 1293 311 1365 μίας,
345 1292 593 1346 ἐλάσσων
632 1292 865 1362 γίνεται.
899 1312 917 1343 ι
953 1325 1022 1335 --
1058 1314 1075 1345 ι
1114 1294 1228 1347 Ούκ
1269 1294 1609 1365 ὠφελήσουσι
1647 1294 1743 1365 θη-

168 1384 352 1454 σαυροὶ
381 1384 641 1455 ἀνόμους.
670 1403 687 1436 ι
716 1414 785 1423 -
814 1402 833 1435 ι
868 1386 965 1448 Ὃς
994 1384 1330 1456 ἀποστρέψει
1349 1386 1410 1438 τὸ
1447 1386 1742 1457 πρόσωπον

166 1475 329 1533 αὑτοῦ
375 1477 486 1530 ἀπὸ
536 1476 794 1549 πτωχοῦ,
844 1478 902 1530 ὲν
936 1478 1106 1549 πολλῇ
1158 1478 1368 1549 ἀπορίᾳ
1418 1477 1592 1532 ἔσται.
1628 1497 1647 1530 ι
1675 1510 1743 1519 -

170 1590 188 1623 ι
223 1568 491 1636 Ἐξολλύει
525 1571 585 1623 τὸ
616 1568 809 1623 ἑαυτοῦ
844 1569 1006 1640 σῶμα
1031 1572 1059 1623 ὁ
1092 1569 1431 1641 ἀνελεήμων.
1460 1589 1479 1621 ι
1512 1600 1580 1609 —
1610 1589 1627 1621 ι
1660 1571 1743 1624 Τὰ

164 1661 447 1731 σπλάγχνα
474 1661 583 1715 τῶν
615 1662 832 1717 ἀσεϐῶν
861 1661 1226 1732 ἀνελεήμονα.
1260 1681 1281 1712 ι
1484 1662 1511 1690 ⁶

199 2025 294 2078 ίου.
331 2042 349 2074 ι

164 2043 294 2097 ριου.
331 2043 349 2074 ›

230 2133 248 2166 ι
285 2113 393 2166 Τοῦ
435 2112 704 2185 ἀργυρίου
751 2114 1127 2169 ὑπακούσεται
1158 2114 1227 2170 τὰ
1255 2114 1578 2188 σύμπαντα.
1620 2134 1638 2168 ι
1670 2148 1737 2157 -

164 2225 182 2257 ι
211 2206 365 2259 Ἔστι
424 2206 662 2277 πονηρία
692 2207 760 2277 ἥν
800 2201 940 2260 εῐδον
970 2206 1076 2261 ὑπὸ
1120 2207 1213 2261 τὸν
1261 2208 1416 2279 ἥλιον
1441 2226 1456 2241 ο
1509 2209 1648 2281 ἀνὴρ
1695 2204 1740 2278 ᾧ

156 2296 315 2351 δώσει
349 2296 502 2367 αύτῷ
554 2299 584 2352 ὀ
620 2295 755 2361 Θεὸς
812 2296 1078 2363 πλοῦτον,
1114 2298 1210 2353 καὶ
1254 2299 1590 2371 ὑπάρχοντα,
1645 2302 1739 2356 καὶ

156 2387 331 2455 δόξαν,
368 2390 466 2443 καὶ
518 2390 622 2442 οὐκ
663 2388 810 2443 ἔστιν
841 2389 1085 2459 ὑστερῶν
1114 2391 1181 2461 τῇ
1229 2390 1374 2462 ψυχῇ
1416 2390 1585 2444 αὐτοῦ
1630 2390 1740 2443 ἀπὸ

157 2480 370 2534 πάντων
399 2473 476 2535 ὧν
514 2480 803 2550 ἐπιθυμεῖ·
850 2480 944 2534 καὶ
988 2482 1071 2534 ὅτι
1121 2481 1265 2553 ἀνὴρ
1292 2482 1445 2548 ξένος
1501 2470 1739 2554 φάγέται

154 2571 337 2627 αὐτόν.
384 2592 404 2625 ι

223 2680 241 2713 ι
272 2662 522 2730 Χαναὰν,
558 2666 615 2718 ἐν
645 2664 835 2735 χερσὶν
872 2665 1040 2718 αὐτοῦ
1076 2665 1240 2735 ζυγὸς
1274 2666 1492 2731 ἀδικίας
1516 2684 1530 2698 ⁸
1566 2684 1741 2722 κατα-

151 2751 496 2807 δυναστεύειν
522 2757 830 2827 ἠγάπησεν.
868 2776 885 2808 ι

224 2864 244 2897 ι
282 2846 423 2899 Οὐαὶ
472 2849 501 2900 ὁ
532 2847 824 2919 πληθύνων
874 2850 1056 2921 ἐαυτῷ
1082 2850 1154 2904 τὰ
1191 2851 1295 2904 οὐκ
1348 2850 1483 2905 ὄντα
1517 2852 1738 2917 ἑαυτοῦ,

152 2938 245 2990 καὶ
280 2936 532 3009 βαρύνων
554 2939 646 2992 τὸν
692 2939 871 2993 κλοιὸν
913 2941 1080 2995 αὑτοῦ
1132 2941 1433 3013 στιϐαρῶς,
1474 2942 1557 2996 ὅτι
1587 2943 1741 3007 ἐξαί-

150 3047 286 3100 φνης
305 3032 708 3099 ἀναστήσονται
737 3032 1027 3096 δάκνοντες
1048 3032 1236 3099 αὐτὸν,
1260 3035 1356 3087 καὶ
1386 3034 1739 3105 ὲκνήψουσιν.

162 3115 215 3170 Ὀ
237 3116 582 3172 πλεονεκτῶν
605 3119 922 3186 πλεονεξίαν
953 3121 1132 3194 κακὴν
1156 3123 1233 3192 τῷ
1265 3122 1399 3194 οἴκῳ
1430 3123 1620 3187 αὐτοῦ,
1646 3125 1739 3179 καὶ

148 3206 239 3261 τοῦ
271 3208 433 3276 τάξαι
458 3210 678 3264 νοσσιὰν
708 3211 892 3267 αὑτοῦ.
932 3231 952 3264 ι

223 3318 241 3350 ι
276 3300 417 3355 Οὐαὶ
448 3302 497 3354 οἱ
555 3302 922 3367 συνάπτοντες
971 3305 1156 3360 οἰκίαν
1212 3306 1351 3377 πρὸς
1386 3308 1598 3372 οίκίαν,
1642 3308 1737 3361 καὶ

149 3391 313 3463 ἀγρὸν
343 3393 481 3464 πρὸς
511 3394 682 3465 ἀγρὸν
711 3394 1043 3465 ἐγγίζοντες,
1076 3397 1165 3451 ἴνα
1212 3397 1307 3451 τοῦ
1346 3399 1574 3469 πλησίον
1626 3400 1731 3468 ἀφ-

152 3484 374 3539 έλωνταί
397 3502 471 3540 τι.
504 3503 523 3537 ι
1512 3482 1525 3493 ’

220 3616 241 3649 ι
286 3599 354 3653 Ἦ
380 3598 609 3671 ἁρπαγὴ
637 3599 732 3653 τοῦ
768 3599 989 3673 πτωχοῦ
1021 3602 1079 3655 ἐν
1113 3603 1227 3665 τοῖς
1254 3602 1426 3667 οἴκοις
1457 3603 1634 3673 ὑμῶν.
1671 3605 1736 3657 Τί

151 3688 307 3758 ὑμεῖς
344 3691 591 3745 ἀδικεῖτε
620 3693 714 3746 τὸν
748 3692 877 3746 λαόν
916 3711 1040 3764 μου,
1086 3694 1181 3747 καὶ
1206 3694 1267 3746 τὸ
1301 3695 1597 3765 πρόσωπον
1627 3697 1737 3749 τῶν

150 3782 382 3853 πτωχῶν
429 3785 854 3855 καταισχύνετε,
898 3787 1036 3858 φησὶ
1087 3787 1332 3858 Κύριος;
1365 3808 1383 3839 ι
1422 3820 1492 3831 -—-
1538 3810 1555 3841 ι
1597 3784 1739 3859 Ἐγῶ

151 3871 323 3928 ἔδωκα
349 3877 434 3940 εἰς
467 3877 566 3947 τὴν
596 3879 755 3949 χεῖρά
802 3896 898 3931 σου
919 3894 933 3908 ⁸
970 3881 1036 3933 σὺ
1070 3880 1127 3933 δὲ
1157 3881 1218 3933 ού
1260 3881 1501 3945 δέδωκας
1549 3885 1738 3948 αὐτοῖς

152 3965 311 4031 ἔλεος.
339 3987 358 4021 ι
394 4001 465 4011 —
492 3988 510 4021 ι
540 3971 711 4024 ’Ὀταν
738 3970 1021 4042 ὲκτείνητε
1055 3973 1156 4036 τὰς
1179 3976 1373 4045 χεῖρας
1397 3976 1573 4045 ὑμῶν,
1606 3977 1737 4029 ἁποο

154 4060 363 4131 στρέψω
390 4062 523 4125 τοὺς
547 4061 863 4133 ὀφθαλμούς
901 4080 1004 4133 μου
1037 4064 1132 4133 ἀφ’
1163 4065 1342 4134 ὑμῶν.
1376 4066 1441 4118 Λὶ
1476 4066 1586 4138 γὰρ
1634 4070 1741 4138 χεῖ·

156 4167 239 4221 ρες
268 4153 426 4223 ὑμῶν
458 4152 688 4225 αἵματος
718 4154 968 4227 πλήρεις.
1000 4173 1018 4205 ι
1048 4186 1116 4193 -
1153 4175 1170 4207 ι
1202 4157 1283 4210 Δι’
1314 4158 1458 4227 ὑμᾶς
1480 4158 1541 4210 τὸ
1564 4158 1739 4229 ὄνομά

157 4260 252 4311 μου
285 4244 698 4316 βλασφημεῖται
729 4247 787 4299 ὲν
819 4249 931 4309 τοῖς
968 4246 1199 4302 ἔθνεσιν.
1239 4268 1257 4299 ι
1302 4282 1371 4290 -—
1414 4270 1432 4301 ‹
1463 4253 1526 4304 Oi
1560 4252 1739 4305 ἄῖικοι

153 4334 225 4398 ὼς
271 4336 523 4390 Θάλασσα
566 4337 1052 4409 ἀναϐρασσομένη,
1079 4339 1251 4404 οῦτως
1282 4340 1739 4407 κλυδωνισθήσονο

152 4443 259 4492 ται,
291 4430 389 4483 καὶ
415 4430 838 4484 ἀναπαύσασθαι
868 4431 926 4483 ού
954 4430 1027 4501 μὴ
1048 4432 1329 4488 δύνανται.
1364 4454 1381 4485 ι
1414 4464 1484 4474 ——
1522 4455 1539 4487 ι
1604 4438 1738 4489 Ἀπ-

1847 560 2133 622 argentum
2187 560 2240 606 et
2296 552 2673 606 vestimenta:
2722 562 2775 607 et
2825 552 2989 608 modo
3042 554 3284 624 accipies
3338 556 3436 611 tibi

1850 644 2062 709 hortos,
2094 653 2147 699 et
2177 644 2396 706 oliveta,
2430 653 2486 699 et
2521 644 2733 709 vineas,
2768 654 2822 700 et
2848 660 3001 711 oves,
3035 655 3089 701 et
3121 663 3351 716 servos,
3380 656 3437 703 et

1846 735 2101 789 ancillas.
2141 735 2206 788 Et
2250 738 2398 806 lepra
2435 735 2682 791 Naaman
2723 737 3025 793 adhaerebit
3067 739 3199 806 tibi,
3238 748 3295 795 et
3342 757 3435 798 se-

1847 829 1980 881 mini
2017 837 2113 883 tuo
2145 830 2198 883 in
2231 838 2525 885 aeternum.
2562 850 2579 882 ι

1916 916 2076 972 Prov.
2114 934 2201 972 xxi
2228 958 2242 984 ,
2274 920 2365 973 24.
2400 950 2470 960 —
2504 939 2523 971 ι
2560 920 2664 986 Qui
2719 936 2922 991 parcus
2982 931 3065 977 est
3125 920 3177 975 in
3236 922 3434 986 donis.

1846 1008 1981 1062 iram
2018 1011 2242 1064 multant
2274 1011 2498 1066 excitat.
2535 1032 2553 1063 ι
2584 1043 2655 1052 -—
2681 1014 2804 1083 xix],
2842 1014 2895 1065 4.
2926 1031 2944 1063 ι
2977 1011 3189 1067 Divitiae
3224 1014 3437 1067 addunt

1844 1099 2055 1155 amicos
2109 1101 2329 1158 multos.
2366 1121 2384 1154 ι
2419 1133 2487 1143 --
2510 1119 2623 1158 xxtt
2646 1143 2660 1168 ,
2693 1103 2747 1157 7.
2792 1123 2810 1155 ι
2843 1103 3048 1159 Divites
3101 1106 3436 1175 pauperibus

1846 1192 2212 1261 imperabunt.
2248 1211 2266 1244 ι
2309 1224 2370 1232 -
2393 1210 2563 1248 xxvm
2592 1236 2607 1261 ,
2647 1196 2732 1249 Η.
2766 1215 2785 1247 ι
2822 1194 3053 1265 Sapiens
3082 1197 3185 1251 sibi
3221 1198 3436 1251 videtur

1843 1283 1928 1337 vir
1957 1284 2133 1339 dives.
2166 1304 2185 1336 ›
2211 1315 2279 1325 --
2303 1302 2399 1340 xm
2424 1326 2439 1351 ,
2474 1285 2560 1341 11.
2596 1305 2614 1337 ι
2648 1287 2975 1344 Snbstantia
3009 1289 3265 1344 festinata
3306 1306 3432 1344 cum

1844 1376 2137 1447 iniquitate
2186 1380 2472 1434 minuitur.
2515 1400 2532 1431 ι
2579 1411 2649 1419 —
2688 1398 2757 1449 κ,
2803 1382 2858 1436 2.
2913 1403 2931 1434 ι
2968 1381 3087 1438 Νοιι
3131 1384 3436 1454 proderunt

1846 1469 2090 1523 thesauri
2142 1470 2372 1541 iniquis.
2408 1490 2425 1522 ›
2470 1502 2541 1511 —
2582 1489 2752 1528 xxvm
2778 1514 2792 1535 ,
2830 1476 2923 1529 27.
2985 1495 3002 1526 ι
3036 1476 3139 1541 Qui
3173 1480 3435 1533 averterit

1845 1561 2041 1617 faciem
2074 1578 2229 1617 suam
2264 1579 2292 1616 a
2330 1580 2605 1634 paupere.
2639 1568 2690 1620 in
2725 1567 2959 1636 penuria
2996 1585 3190 1640 magna
3243 1573 3372 1625 erit.
3409 1590 3428 1622 ι

1843 1688 1912 1698 -
1938 1674 1990 1711 xi
2016 1698 2031 1722 ,
2060 1659 2147 1713 l7.
2182 1677 2201 1710 ι
2237 1659 2477 1714 Exilium
2527 1660 2686 1715 alIert
2727 1665 2951 1732 corpori
2996 1678 3096 1717 suo
3124 1664 3218 1733 qui
3254 1664 3436 1719 immio

1846 1750 2087 1805 sericors
2116 1759 2221 1806 est.
2252 1768 2271 1801 ι
2298 1779 2370 1790 -—
2396 1766 2473 1805 xu
2498 1791 2514 1814 ,
2550 1752 2634 1807 10.
2668 1769 2687 1803 ι
2716 1751 2945 1808 Viscera
2977 1753 3273 1826 impiorum
3306 1770 3428 1810 cru-

1775 1816 1818 1872 Β
1846 1843 2015 1897 delia.
2050 1862 2071 1895 ι

231 1950 249 1984 ι
296 1933 356 1985 '0
402 1931 639 2001 ἀγαπῶν
684 1931 972 2004 ἀργύριον,
1024 1932 1085 1985 ού
1141 1930 1517 2004 πλησθήσεται
1563 1932 1740 2003 ἀργυ-
1780 1964 1793 1977 .-

1913 1932 2085 1986 Eccle.
2120 1949 2173 1995 ν,
2209 1932 2262 1988 9.
2287 1962 2357 1973 —
2384 1952 2404 1986 ι
2434 1934 2649 1990 Avarus
2681 1950 2789 1990 non
2819 1936 3083 2005 impletur
3117 1937 3373 2006 pecunia.
3409 1956 3427 1989 ι

1840 2136 1909 2146 —
1935 2123 1964 2160 κ
1991 2147 2005 2171 ,
2036 2106 2123 2162 l9.
2157 2126 2175 2159 ι
2206 2108 2460 2165 Pecunia:
2488 2109 2752 2164 obedient
2792 2112 3002 2166 omnia.
3039 2131 3057 2163 ι
3093 2143 3162 2153 -
3186 2128 3234 2166 vi
3256 2154 3271 2178 ,
3303 2112 3432 2177 L2.

1848 2217 1867 2253 ι
1906 2198 2000 2253 Est
2032 2200 2237 2254 malum
2271 2201 2421 2271 quod
2454 2200 2566 2255 vidi
2602 2202 2707 2257 sub
2739 2203 2856 2258 sole
2890 2221 2904 2257 :
2945 2203 3031 2258 vir
3080 2204 3169 2258 cui
3223 2203 3436 2259 dederit

1845 2290 1988 2346 Deus
2019 2291 2243 2347 divitias
2264 2335 2279 2357 ,
2313 2301 2368 2348 et
2397 2293 2762 2349 substantiam
2786 2336 2799 2358 ,
2829 2305 2882 2350 et
2910 2295 3140 2367 gloriam
3165 2337 3178 2361 ,
3214 2308 3268 2351 et
3296 2297 3435 2352 nihil

1843 2382 2003 2439 deest
2039 2384 2239 2438 anima:
2290 2384 2413 2455 ejus
2452 2401 2518 2441 ex
2558 2386 2817 2442 onmibus
2856 2403 2981 2458 qua:
3019 2388 3343 2445 desiderat:
3380 2398 3435 2445 ct

1843 2476 1931 2531 vir
1963 2476 2181 2533 alienus
2209 2476 2447 2532 comedit
2480 2493 2630 2534 eum.
2664 2497 2683 2530 ι

1916 2655 2047 2714 Osee
2076 2672 2151 2712 xtt
2174 2698 2187 2723 ,
2222 2660 2273 2713 7.
2303 2690 2373 2699 -
2406 2678 2424 2711 ι
2465 2659 2727 2716 Chanaan
2750 2700 2764 2726 ,
2799 2661 2852 2714 in
2882 2676 3045 2716 manu
3075 2661 3197 2731 ejus
3226 2669 3432 2719 statera

1841 2749 2155 2822 iniquitatis
2186 2770 2199 2806 :
2235 2753 2552 2824 opprimere
2585 2754 2798 2809 dilexit.
2835 2774 2855 2806 ι

1915 2843 2121 2899 llabac.
2154 2860 2228 2912 ιι,
2256 2846 2287 2900 6
2310 2884 2325 2909 ,
2358 2846 2408 2899 7.
2430 2877 2500 2889 -
2524 2866 2542 2897 ι
2576 2845 2667 2899 Vm
2692 2847 2790 2917 qui
2818 2848 3153 2918 multiplicat
3177 2865 3299 2919 qum
3325 2865 3433 2904 non

1842 2950 1941 2990 sua
1975 2945 2127 3000 sunt,
2154 2946 2208 2991 et
2234 2948 2499 3008 aggravat
2528 2949 2778 3008 torquem
2809 2955 2970 2994 suum
2998 2941 3271 3010 graviter:
3302 2942 3431 3012 quia

1842 3028 2031 3083 subito
2081 3040 2421 3101 consurgent
2461 3030 2780 3087 mordentes
2812 3048 2939 3087 eum
2961 3073 2977 3097 ,
3014 3042 3069 3087 et
3102 3034 3431 3105 vigilabunt.

1842 3119 1945 3185 Qui
1982 3122 2309 3191 multiplicat
2358 3123 2647 3177 avaritiam
2701 3124 2902 3177 malam
2949 3125 3135 3181 domui
3189 3142 3340 3195 suas,
3373 3134 3434 3182 ut

1844 3223 2011 3283 ponat
2043 3215 2235 3268 nidum
2268 3230 2463 3278 suum,
2486 3234 2503 3265 ι
2537 3224 2647 3270 etc.

1912 3303 2029 3361 Isa.
2082 3322 2133 3372 v,
2190 3306 2330 3361 8.-
2362 3327 2379 3359 ι
2428 3307 2519 3361 Vae
2569 3307 2661 3378 qui
2694 3307 3049 3379 'conjungitis
3093 3309 3314 3363 domum
3363 3310 3431 3364 ad

1845 3397 2111 3463 domum,
2151 3407 2204 3453 et
2240 3414 2431 3469 agrum
2485 3400 2551 3453 ad
2592 3415 2781 3470 agnum
2813 3401 3191 3470 copulatis,ut
3223 3402 3433 3472 aliquid

1840 3492 2094 3560 proximo
2128 3491 2418 3547 auferatis.
2452 3510 2471 3543 ι

1912 3601 2027 3658 Isa.
2060 3619 2145 3665 ιιι,
2180 3604 2269 3669 Μ,
2302 3605 2389 3659 15.
2413 3635 2485 3645 --
2517 3623 2534 3655 ι
2560 3602 2772 3676 Rapina
2825 3607 3085 3676 pauperis
3112 3616 3197 3662 est
3240 3607 3295 3662 in
3326 3607 3429 3661 do-

1853 3696 2035 3752 mibus
2066 3697 2279 3751 vestris.
2311 3696 2451 3763 Quid
2479 3712 2578 3751 vos
2609 3698 2809 3767 injuria
2836 3696 3050 3777 afficitis
3075 3701 3354 3769 populum.
3376 3709 3432 3755 et

1842 3790 2039 3844 faciem
2068 3806 2367 3861 pauperum
2400 3791 2782 3847 confunditis?
2817 3792 2953 3846 dicit
2980 3792 3267 3848 Dominus.
3315 3794 3458 3846 »---’

1842 3897 2024 3945 XLVII,
2058 3883 2112 3937 6.
2152 3900 2169 3933 ι
2202 3882 2317 3953 Ego
2344 3883 2469 3938 dedi
2502 3898 2595 3939 eos
2629 3884 2683 3938 in
2716 3899 2940 3938 manum
2972 3893 3123 3939 tuam
3160 3904 3172 3940 :
3208 3894 3265 3940 tu
3298 3902 3428 3941 vero

1844 3988 1956 4027 non
2010 3974 2211 4028 dedisti
2262 3974 2346 4030 eis
2394 3974 2861 4030 misericordiam.
2901 3996 2919 4029 ι
2944 3992 3091 4042 —l,
3127 3977 3214 4031 15.
3245 3995 3264 4029 ι
3291 3977 3429 4033 Cum

1841 4066 2207 4121 extenderitis
2237 4082 2436 4123 manus
2460 4074 2696 4129 VBSII‘RS,
2729 4079 2976 4122 avertam
3002 4069 3197 4123 OCUiOS
3223 4084 3371 4123 meos
3400 4086 3428 4123 3

1842 4157 2022 4212 vobis.
2062 4156 2198 4211 Nam
2235 4173 2432 4215 manus
2466 4167 2663 4214 vestra:
2698 4159 2968 4229 sanguine
3002 4160 3178 4230 plenre
3208 4168 3363 4214 sunt.
3408 4178 3427 4233 ι

1841 4279 1909 4290 —-
1938 4265 2011 4304 LII
2034 4289 2048 4313 ,
2080 4250 2137 4305 ες.
2176 4268 2193 4300 ι
2230 4249 2465 4321 Propter
2498 4266 2596 4306 vos
2627 4266 2827 4305 nomen
2864 4266 3045 4307 meum
3082 4251 3431 4321 blasphema-

1844 4350 1934 4395 tur
1969 4344 2023 4395 in
2061 4342 2339 4412 gentibus.
2375 4360 2394 4393 ι
2422 4358 2657 4405 -ω-ιι,
2698 4341 2790 4396 20.
2823 4361 2841 4394 ι
2881 4343 3040 4412 lmpii
3082 4343 3239 4413 quasi
3282 4359 3432 4397 mare

1845 4436 2095 4495 fervens,
2131 4436 2210 4495 sic
2242 4434 2632 4501 fluctuabunt,
2664 4442 2717 4490 et
2750 4435 3103 4502 requiescere
3138 4452 3243 4488 non
3278 4442 3432 4504 pote-

156 4521 273 4589 ἑχου
314 4524 425 4577 ἀπὸ
464 4522 677 4588 ἀδίκου,
714 4524 809 4575 καὶ
858 4523 917 4577 ού
954 4524 1029 4595 μὴ
1074 4525 1384 4597 φοϐηθήσῃ,
1423 4529 1519 4581 καὶ
1541 4529 1738 4599 τρόμος

1846 4536 1993 4579 runt.
2020 4544 2037 4575 ι
2063 4525 2227 4596 483
2252 4558 2322 4567 -
2348 4542 2456 4590 LIV,
2485 4528 2575 4581 14.
2611 4546 2629 4577 ι
2656 4526 2872 4582 Recede
2902 4528 2971 4580 ab
2999 4527 3207 4598 iniquo,
3237 4536 3290 4582 et
3321 4544 3430 4581 ltuit

155 4615 251 4667 οὐκ
286 4618 471 4686 ὲγγιεῖ
498 4634 603 4670 σοι.
644 4636 662 4668 r

230 4747 245 4778 ι
284 4728 459 4782 Τοῦτο
481 4729 541 4781 τὸ
576 4730 838 4800 ἀνὸμημα
872 4730 1239 4800 Σοδόμων,ὃτι
1277 4733 1333 4784 ἐν
1368 4734 1735 4805 ὑπερηφανίᾳ,

159 4822 248 4873 καὶ
281 4822 568 4894 πλησμονῇ
589 4823 793 4893 ἀρτων,
815 4825 908 4877 καὶ
932 4824 988 4875 ὲν
1018 4823 1246 4895 εὐθηνίᾳ
1264 4826 1408 4877 οἴνου
1439 4827 1738 4891 ἐσπατὰλα,

158 4910 290 4982 αὕτη
319 4915 411 4966 καὶ
436 4913 732 4984 Θυγατέρες
756 4914 945 4984 αὐτῆς,
977 4913 1071 4967 καὶ
1094 4916 1252 4986 χεῖρα
1278 4915 1495 4985 πτωχοῦ
1520 4918 1613 4969 καὶ
1643 4918 1739 4969 πέ-

158 5015 313 5069 νητος
369 5003 471 5056 ούκ
524 5002 925 5068 ἀντελάϐοντο,
983 5005 1078 5057 καὶ
1134 5004 1588 5075 ὲμεγαλαύχουν,
1646 5007 1741 5060 καὶ

160 5091 416 5164 ἐποίησαν
438 5095 699 5166 άνόμημα
723 5094 954 5150 ἐνώπιόν
992 5114 1114 5167 μου.
1148 5115 1165 5147 ι

234 5312 253 5345 ι
289 5293 431 5357 Λαδς
465 5294 813 5359 ὲκπιέζοντες
846 5294 1081 5359 ἀδικίαν,
1130 5294 1237 5347 καῖ
1266 5292 1605 5365 ἁρπάζοντες
1638 5294 1737 5365 ἆρ-

164 5401 374 5455 παγμα,
408 5372 625 5457 πτωχὸν
654 5387 749 5439 καλ⁸
778 5387 985 5458 πένητα
1011 5386 1580 5448 καταδυναστεύοντες
1598 5426 1613 5449 ,
1647 5385 1740 5438 καὶ

164 5477 293 5548 πρὸς
320 5480 411 5532 τὸν
440 5480 778 5551 προσήλυτον
806 5481 905 5533 οὐκ
938 5479 1407 5551 ἀναστρεφόμενοι
1445 5478 1584 5549 μετά
1616 5478 1739 5549 κρί-

164 5582 350 5634 ματος.
391 5589 410 5621 ι

233 5700 251 5733 ι
300 5682 362 5734 ’Π
393 5683 574 5757 μήτηρ
592 5702 683 5739 σου
704 5684 942 5754 σκύμνος
967 5683 1219 5753 λεόντων,
1251 5684 1484 5755 ἐγενήθη
1511 5685 1569 5737 ὲν
1588 5684 1740 5754 μέσῳ

162 5770 380 5829 λεόντων
401 5793 415 5808 ·
456 5778 724 5851 ἐπλήθυνε
760 5777 1032 5853 σκύμνους
1066 5778 1258 5849 αὐτῆς,
1280 5780 1374 5834 καὶ
1397 5777 1739 5848 ἀνεπήδησεν

1845 4616 2061 4671 timebis
2084 4659 2099 4681 ,
2132 4625 2187 4671 et
2219 4625 2425 4672 tremor
2459 4634 2567 4672 non
2606 4619 3073 4689 appmpinquabit
3107 4620 3225 4674 tibi.
3263 4638 3280 4670 ι

1916 4726 2106 4779 Ezeclt.
2148 4743 2257 4793 xw,
2289 4728 2379 4793 49,
2421 4728 2508 4781 50.
2540 4757 2612 4768 -
2655 4747 2675 4780 ι
2716 4728 2843 4784 llaac
2875 4728 2981 4784 fuit
3023 4730 3293 4801 iniquitas
3334 4730 3432 4785 So-

1843 4817 2019 4872 doma:
2050 4820 2260 4874 sororis
2289 4827 2396 4874 tua:
2428 4837 2439 4872 :
2477 4820 2607 4889 quia
2647 4820 2699 4875 in
2732 4823 3012 4892 superbia,
3055 4830 3109 4877 et
3134 4825 3429 4879 saturitate

1844 4924 2067 4979 panum,
2096 4919 2151 4964 et
2188 4911 2242 4964 in
2273 4910 2634 4978 abundantia,
2666 4911 2877 4968 deliciis
2926 4914 3182 4969 amuebat
3228 4916 3339 4982 ipsa
3374 4923 3429 4968 et

1846 5004 1968 5058 filia:
1997 5004 2141 5072 ejus,
2178 5012 2234 5059 et
2264 5020 2484 5059 manum
2534 5008 2793 5076 pauperis
2822 5014 2876 5061 et
2915 5006 3071 5076 egeni
3108 5020 3217 5060 non
3247 5006 3428 5060 susri-

1844 5097 2084 5165 piebant,
2117 5105 2171 5149 et
2196 5096 2577 5165 gloriabantur
2600 5097 2918 5168 magnifice;
2948 5104 3003 5153 et
3030 5096 3285 5151 fecerunt
3318 5097 3470 5151 iui-0

1841 5188 2079 5256 quitates
2109 5202 2293 5242 coram
2325 5203 2429 5242 me.
2476 5207 2495 5239 ι

1912 5298 2106 5353 Ezech.
2141 5315 2275 5365 χιιι,
2310 5299 2398 5353 27.
2447 5331 2514 5341 -
2559 5318 2579 5351 ‹
2622 5299 2862 5369 Pupulus
2906 5297 3282 5370 exprimentes
3318 5298 3428 5351 iui-

1843 5390 2131 5458 quitatem,
2167 5400 2221 5444 et
2254 5391 2528 5461 rapientes
2564 5392 2789 5461 rapinas
2820 5405 2834 5444 :
2873 5405 3170 5461 pauperem
3206 5398 3259 5445 et
3298 5405 3427 5460 ege-

1843 5494 1972 5531 num
2005 5478 2326 5549 amigentes,
2363 5489 2415 5533 et
2455 5496 2576 5534 cum
2631 5481 2841 5533 advena
2887 5494 2995 5533 non
3035 5486 3258 5550 agentes
3297 5494 3424 5533 cum

1838 5570 2067 5640 judicio.
2102 5590 2119 5620 ι

1914 5682 2106 5738 Ezech.
2163 5702 2274 5753 xm,
2325 5687 2380 5741 2.
2410 5720 2479 5729 -
2518 5708 2535 5741 ι
2570 5687 2740 5743 Mater
2772 5698 2863 5742 tua
2905 5689 3124 5743 catulus
3178 5688 3419 5748 leonum,

1844 5778 1984 5833 facta
2027 5786 2108 5834 est
2148 5778 2202 5833 in
2239 5783 2420 5835 medio
2476 5784 2693 5837 leonum
2727 5802 2738 5835 :
2779 5781 3160 5852 tnultiplicavit
3213 5779 3425 5836 catulus
