4052 6408
611 332 749 397 1479

1806 329 1867 389 S-
1907 325 2228 389 JOANNIS
2268 325 2696 390 DAMASCENI

3772 323 3792 384 l
3806 323 3907 385 $80

610 462 759 503 suos.
789 446 854 500 Et
885 443 1130 500 exsilivit
1168 458 1311 499 unus
1342 444 1409 499 de
1442 443 1646 500 catulis
1676 457 1796 509 eius
1831 464 1844 496 :
1884 452 1966 497 let)
2023 443 2194 496 factus

2307 442 2388 504 si;
2417 441 2507 494 τὸν
2533 442 2779 509 σκύμνον
2799 440 2992 511 αὐτῆς,
3018 439 3154 494 λέων
3180 440 3406 510 ἐγένετο
3429 456 3439 469 ·
3476 439 3685 509 ἔμαθεν
3715 439 3778 490 τὸ
3812 438 3910 505 ἀρα

576 545 717 608 _est,
755 543 811 591 et
849 535 1043 592 didicit
1074 549 1271 605 rapere
1298 534 1540 603 rapinas.
1581 550 1600 583 ι

683 630 878 686 Ezech.
916 645 1051 691 χιιι,
1078 629 1169 684 24.
1205 658 1278 669 -
1310 647 1329 679 ι
1372 625 1493 680 llaec
1525 626 1659 679 dicit
1689 625 1993 678 Dominus:
2030 623 2112 676 Tu
2142 638 2202 677 es

609 734 758 779 terra
790 736 911 793 qum
945 738 1053 775 non
1079 722 1301 790 irrigata
1329 734 1409 783 es,
1436 732 1536 771 nec
1563 715 1748 786 pluvia
1779 715 1925 769 venit
1953 730 2120 785 super
2149 724 2203 769 te

611 817 668 870 in
709 814 799 869 die
828 813 1051 868 furoris.
1086 812 1350 865 Ductores
1381 810 1434 863 in
1474 809 1657 863 medio
1680 806 1802 875 ejus
1836 807 1985 862 velut
2017 807 2202 860 leones

611 910 916 981 rugientes,
953 905 1277 975 diripientes
1309 903 1549 973 praedas,
1603 902 1822 958 animas
1869 900 2201 955 devorantes

612 1003 666 1057 in
701 1000 968 1072 potentia.
1017 1016 1037 1050 ι

685 1094 855 1149 Eccli.
912 1108 1025 1156 xw,
1062 1091 1118 1145 9.
1164 1121 1236 1132 —
1279 1110 1297 1142 ι
1338 1089 1501 1145 Avari
1545 1088 1739 1143 oculus
1782 1102 1889 1141 non
1942 1086 2201 1156 impletur

608 1196 788 1257 parte.
824 1203 842 1236 ι
882 1213 951 1223 —
977 1199 1145 1247 xxxv,
1185 1182 1274 1236 16.
1334 1200 1353 1232 ι
1392 1180 1653 1236 Conteret
1686 1179 1949 1233 Dominus
1982 1178 2199 1231 lumbos

609 1276 1154 1336 inunisericordium.
1200 1291 1219 1326 ι
1266 1304 1335 1314 -
1370 1291 1424 1335 v,
1484 1275 1536 1330 vl.
1598 1291 1616 1324 ι
1666 1270 1786 1325 Noli
1835 1271 2077 1341 gaudere
2125 1269 2199 1323 ob

610 1370 874 1442 pecunias
905 1369 1148 1438 iniquas.
1198 1366 1313 1420 Non
1354 1366 1498 1419 enim
1539 1365 1842 1435 proderunt
1884 1362 1985 1416 tibi
2028 1362 2081 1415 in
2112 1361 2199 1415 die

609 1460 969 1517 inductionis.
1011 1479 1029 1512 ι
1063 1490 1132 1501 -
1160 1476 1272 1521 xu,
1306 1458 1393 1512 15.
1434 1477 1452 1508 ι
1488 1456 1608 1511 Non
1646 1456 1874 1526 ell‘ugiet
1922 1457 1974 1509 in
2010 1456 2197 1525 rapina

610 1562 888 1625 peccator.
927 1573 946 1604 ι
974 1582 1041 1595 -—-
1077 1567 1191 1613 ιιι,
1234 1551 1286 1606 9.
1327 1570 1344 1602 ι
1388 1548 1489 1615 Qui
1520 1548 1756 1602 :edilicat
1782 1550 2007 1601 douuun
2042 1562 2195 1601 suam

610 1648 665 1702 in
705 1645 956 1718 pecuniis
986 1645 1181 1698 alienis
1212 1643 1368 1712 quasi
1400 1642 1492 1712 qui
1555 1640 1768 1709 colligit
1824 1640 2031 1708 lapides
2066 1654 2198 1693 suos

608 1742 664 1795 in
697 1748 962 1796 torrente.
1000 1757 1019 1791 ι
1050 1767 1123 1777 —-
1148 1751 1319 1799 xxvu,
1360 1738 1443 1789 l0.
1474 1752 1493 1785 ι
1525 1733 1635 1787 Leo
1664 1733 1938 1786 venationi
1974 1731 2199 1787 insidia-

2301 533 2501 598 πάζειν
2537 535 2835 604 ἅρπαγμα.
2868 552 2885 585 ι
2912 604 2921 611 ⁸

2376 647 2395 677 ι
2429 627 2569 680 Τάδε
2601 627 2749 695 λέγει
2783 628 2990 697 Κύριος
3014 643 3027 656 ·
3064 627 3135 679 Σὺ
3168 621 3219 679 εἴ
3250 628 3286 697 ἡ
3326 625 3397 696 γῆ
3423 626 3457 695 ή
3480 624 3540 678 οὐ
3572 624 3909 695 βρεχομένη.

2300 723 2421 776 οὐδὲ
2455 722 2607 785 ὑετὸς
2631 722 2849 790 ἐγένετο
2898 721 2991 774 ἐπὶ
3022 721 3085 774 σὲ
3115 722 3173 774 ὲν
3206 722 3392 792 ἡμέρα
3427 720 3624 791 ὀργῆς.
3669 721 3734 773 Οἱ
3766 720 3911 786 ἀφη-

2300 813 2561 883 γούμενοι
2593 814 2659 867 ἐν’
2685 814 2836 885 μέσῳ
2860 813 3035 882 αὐτῆς
3053 812 3128 876 ὡς
3157 813 3374 876 λέοντες
3409 812 3722 883 ὠρυόμενοι
3748 853 3765 875 ,
3817 812 3915 879 ἁρ-

2302 908 2570 971 πάζοντες
2596 909 2956 979 ἁρπάγματα,
2994 906 3175 978 ψυχὰς
3217 907 3605 969 κατεσθίοντες
3645 908 3705 959 ὲν
3745 906 3913 959 δυνα-

2305 1001 2479 1070 στεία.
2524 1020 2541 1051 ι

2378 1112 2397 1143 ‹
2439 1092 2775 1145 Πλεονέκτου
2799 1091 3080 1161 ὀφθαλμὸς
3114 1092 3215 1144 οὐκ
3248 1090 3598 1161 ἐμπίπλαται
3635 1090 3851 1160 resp-16:.
3893 1110 3908 1138 ι

2301 1218 2372 1227 —
2405 1206 2423 1236 ι
2463 1186 2751 1257 Συντρὶψει
2776 1185 2981 1256 Κύριος
3005 1185 3178 1253 ὀσφὺν
3196 1185 3600 1255 ἁνελεημόνων.
3632 1205 3651 1234 ι
3680 1214 3748 1223 -—
3781 1204 3801 1233 ι
3822 1185 3913 1252 Μὴ

2302 1277 2555 1350 ἐπίχαιρε
2588 1280 2681 1331 ἐπὶ
2712 1280 2990 1347 χρήμασιν
3044 1278 3277 1341 ἀδίκοις.
3321 1278 3490 1331 Οὐδὲν
3540 1278 3654 1348 γὰρ
3694 1278 3913 1346 ὠφελή-

2304 1388 2487 1424 σουσιν
2510 1373 2567 1425 ἐν
2604 1372 2792 1441 ἡμέρᾳ
2822 1371 3144 1441 ἐπαγωγῆς.
3188 1390 3205 1423 ι
3228 1390 3323 1421 ο-ι
3344 1372 3455 1425 Οὐκ
3488 1370 3827 1439 ἐκφεύξεται
3858 1374 3913 1421 ὲν

2299 1464 2629 1533 ἁρπάγματι
2684 1464 3030 1534 ἁμαρτωλός.
3077 1481 3097 1515 ι
3141 1495 3211 1504 -
3245 1481 3266 1513 ι
3332 1464 3395 1516 '0
3446 1463 3759 1531 οἰκοδομῶν
3813 1462 3911 1531 τὴν

2300 1554 2484 1607 οἰκίαν
2516 1552 2681 1605 αὑτοῦ
2718 1554 2775 1607 ἐν
2814 1555 3097 1625 χρήμασιν
3125 1554 3433 1625 ἀλλοτρίου,
3477 1555 3557 1618 ὡς
3595 1556 3625 1607 ὁ
3658 1556 3910 1622 συνάγων

2300 1646 2427 1707 τοὺς
2459 1642 2641 1708 λίθους
2664 1645 2829 1699 αὑτοῦ
2874 1647 2957 1709 εἰς
2997 1647 3090 1699 τὸν
3137 1647 3502 1719 χειμάρρουν.
3545 1666 3563 1698 ι
3591 1679 3664 1688 -—
3695 1669 3713 1700 ι
3756 1652 3911 1702 Λέων

2302 1738 2476 1807 θήραν
2511 1737 2804 1808 ἐνεδρεύει,
2832 1739 3005 1801 οὕτως
3031 1740 3281 1809 ἁμαρτία
3324 1727 3907 1813 τοὺίὲργαζομέτπιυς

608 1841 719 1894 tur,
768 1830 848 1885 sic
907 1838 1193 1899 peccatum
1252 1826 1612 1896 Operantibus
1682 1824 2028 1893 iniquitates.
2067 1842 2084 1875 ι
2133 1853 2194 1864 -

2307 1829 2490 1882 ἄδικα.
2529 1848 2545 1879 ι
2573 1857 2640 1869 —-
2678 1849 2695 1880 ι
2725 1826 3013 1893 Θυσιάζων
3038 1830 3095 1895 ἐξ
3122 1830 3347 1892 ἀδίκων,
3382 1830 3549 1884 θυσία
3588 1833 3905 1901 μεμιασμέ-

609 1939 798 1987 xutv,
825 1923 916 1977 20.
948 1940 965 1972 ι
1004 1920 1299 1975 Immolans
1330 1935 1396 1972 ex
1449 1916 1761 1986 iniquitate,
1797 1914 1974 1969 ltostia
2008 1928 2197 1967 macu-

609 2016 741 2071 lata.
784 2034 799 2064 ι
834 2044 905 2053 --
934 2029 1023 2077 χι,
1063 2012 1147 2065 l5.
1195 2030 1213 2063 ι
1254 2009 1507 2064 Pecuniae
1540 2009 1872 2077 iujustorum
1912 2006 2054 2061 sicut
2085 2016 2195 2059 tor-

608 2116 793 2161 rentes
830 2106 1209 2168 siccabuntur,
1231 2113 1285 2158 et
1316 2103 1461 2157 sicut
1503 2104 1803 2155 tonitruum
1848 2115 2105 2169 maguum
2136 2100 2191 2153 in

610 2200 790 2270 pluvia
824 2199 1216 2269 personabunt.
1263 2216 1281 2248 ι
1320 2226 1391 2234 —
1421 2211 1608 2259 χχχιιι,
1650 2194 1742 2248 29..
1781 2214 1798 2245 ι
1838 2193 1941 2259 Qui
1988 2203 2193 2247 mactat

609 2292 777 2346 ﬁlium
804 2291 856 2345 in
883 2300 1182 2360 conspectu
1218 2290 1387 2360 patris
1412 2290 1517 2353 sui,
1544 2288 1635 2358 qui
1669 2286 1827 2342 oﬂ‘ert
1852 2286 2189 2342 sacriﬁcium

607 2401 675 2441 ex
716 2388 963 2457 pecuniis
1019 2398 1346 2456 pauperum.
1381 2400 1402 2434 ι
1440 2413 1511 2423 -
1549 2397 1649 2444 xu,
1686 2381 1741 2434 3.
1782 2398 1801 2431 ι
1842 2368 1960 2432 Non
1999 2380 2103 2433 erit
2140 2377 2190 2433 ei

608 2482 766 2547 bene,
795 2480 886 2551 qui
910 2462 1170 2534 assiduus
1204 2484 1288 2531 cst
1324 2477 1375 2529 in
1408 2474 1588 2535 malis.
1623 2488 1723 2527 nec
1749 2474 1797 2528 ei
1830 2473 1919 2542 qui
1957 2472 2189 2526 eleemo—

609 2588 801 2644 synam
834 2590 937 2626 non
967 2573 1217 2642 largitur.
1260 2590 1278 2622 ι
1313 2599 1382 2609 --
1412 2584 1596 2628 xxxw,
1638 2568 1727 2621 25.
1768 2587 1785 2618 ι
1828 2565 1990 2619 Panis
2023 2582 2190 2636 egen-

2250 1942 2255 1947 ~
2304 1937 2392 1989 νη.
2430 1938 2448 1973 ι
2480 1950 2548 1959 ——
2584 1940 2602 1971 ι
2651 1921 2929 1990 Χρήματα
2961 1920 3184 1985 ἀδίκων,
3239 1922 3317 1985 ὡς
3357 1924 3597 1993 ποταμοὶ
3626 1924 3902 1995 ξηρανθῆ-

2305 2031 2479 2078 σεται,
2512 2015 2605 2068 καὶ
2635 2016 2710 2078 ὡς
2752 2013 2951 2084 βροντὴ
2985 2016 3193 2086 μεγάλη
3227 2015 3286 2069 ὲν
3320 2016 3464 2085 ὑετῷ
3490 2017 3777 2087 ὲξηχήσεε.
3813 2036 3903 2067 ι-

2309 2126 2328 2158 ι
2351 2106 2507 2160 Θόων
2529 2106 2646 2159 υἱὸν
2673 2106 2852 2160 ἔναντι
2882 2106 3092 2178 πατρὸς
3110 2106 3301 2173 αὑτοῦ,
3331 2111 3360 2162 ὁ
3382 2110 3686 2178 προσάγων
3713 2109 3900 2161 θυσὶιν

2300 2199 2364 2253 ἐκ
2400 2202 2703 2271 χρημάτων
2740 2201 3016 2270 πενήτων.
3055 2219 3074 2250 ι
3104 2231 3172 2241 —
3199 2220 3215 2251 ι
3251 2201 3365 2254 Οὐκ
3404 2202 3566 2254 ἔσται.
3617 2202 3801 2268 ἀγαθά
3829 2202 3900 2270 τῷ

2296 2291 2685 2361 ἐνδελεχεζοντι
2722 2293 2799 2356 εἰς
2834 2292 3002 2361 κακὰ,
3040 2294 3135 2346 καὶ
3164 2292 3240 2363 τῷ
3276 2294 3661 2365 ἐλεημοσύνην
3697 2294 3773 2364 μὴ
3806 2312 3898 2364 χα-

2299 2384 2594 2470 ριζομένῳ.
2638 2403 2654 2433 ι
2696 2416 2765 2426 --
2794 2404 2810 2435 ι
2855 2386 3055 2455 Ἀρτος
3083 2385 3457 2455 ἑπιδεομένων
3494 2387 3611 2458 ζωὴ
3645 2385 3896 2455 πτωχῶν

2293 2477 2321 2528 ὁ
2346 2476 2668 2548 ἀποστερῶν
2694 2477 2884 2547 αὐτὴν,
2924 2477 3211 2548 ἄνθρωπος
3246 2480 3523 2549 αἱμάτων.
3580 2499 3597 2530 ι
3633 2508 3706 2519 ——
3743 2480 3899 2547 Ἀτα-

2294 2569 2383 2631 Ob;
2413 2569 2642 2633 πλοῦτος
2666 2564 2711 2639 ᾧ
2748 2570 2821 2641 μὴ
2852 2569 3001 2623 ἔστιν
3032 2571 3299 2643 ἁμαρτία.
3340 2591 3355 2622 ι

610 2670 746 2721 tium
790 2667 898 2719 vita
934 2678 1235 2735 pauperum
1272 2672 1359 2715 est
1391 2679 1405 2713 :
1435 2661 1526 2730 qui
1549 2658 1841 2713 del'raudat
1865 2672 2008 2721 cam,
2044 2656 2208 2711 homo
2238 2663 2566 2730 sanguinum
2597 2671 2700 2716 est.
2739 2680 2758 2713 ι
2786 2692 2854 2703 --
2885 2678 2982 2717 xnt
3010 2704 3024 2731 ,
3048 2663 3158 2718 "50.
3222 2683 3239 2715 ι
3285 2663 3449 2718 Bona:
3508 2663 3724 2719 divitiae
3776 2674 3899 2719 sunt

610 2763 662 2815 in
691 2758 899 2828 quibus
930 2774 1037 2810 non
1070 2766 1153 2811 est
1196 2763 1504 2825 peccatum.
1540 2770 1558 2803 ι

685 2848 854 2902 Eccli.
888 2863 1038 2912 χχχι,
1073 2845 1185 2899 1-6.
1210 2874 1280 2885 -—
1311 2863 1328 2893 ι
1364 2842 1557 2912 Vigilia
1586 2842 1905 2893 divitiarum
1936 2838 2196 2895 labefecit

607 2956 829 3003 Carnes,
869 2947 921 2992 et
974 2937 1250 3006 cogitatus
1304 2934 1453 2986 illius
1512 2932 1693 2985 aul'ert
1745 2946 2025 2984 somnum.
2087 2928 2193 2994 Qui

608 3043 750 3085 amat
783 3046 1001 3094 aurum,
1038 3046 1144 3083 non
1184 3026 1599 3098 justifieabitur.
1638 3022 1794 3075 Multi
1821 3022 1932 3076 dati
1977 3029 2105 3077 sunt
2139 3022 2193 3075 in

2371 2859 2389 2892 ι
2425 2839 2731 2911 Ἀγρυπνξα
2765 2841 3000 2895 πλούτου
3031 2842 3258 2912 ἐκτήκει
3295 2841 3528 2913 σάρκας,
3559 2844 3655 2896 καὶ
3683 2846 3717 2916 ἠ
3745 2846 3889 2915 μέρι-

2303 2950 2411 3004 μνα
2433 2935 2595 2986 αὐτοῦ
2620 2936 2825 3005 ἀφιστᾷ
2858 2935 3050 2989 ὕπνον.
3097 2934 3154 2986 '0
3179 2936 3409 3002 ἀγαπῶν
3438 2938 3691 3007 χρυσίον,
3725 2939 3788 2989 οὐ
3820 2939 3893 2990 διο

2299 3030 2693 3100 καιωθήσεται.
2730 3029 2918 3083 Πολλοὶ
2956 3030 3219 3099 ἐδόθησαν
3270 3033 3351 3092 εἰς
3405 3032 3612 3101 πτῶμα
3646 3034 3890 3102 χρυσίου,

608 3140 798 3180 casum
840 3124 982 3183 auri,
1018 3130 1069 3176 ct
1104 3123 1243 3173 facta
1284 3128 1368 3173 est
1411 3117 1645 3187 perditio
1686 3132 1877 3169 eorum
1910 3116 1964 3168 in
2000 3114 2191 3169 faciem

2303 3123 2396 3174 καὶ
2437 3122 2670 3193 ἐγενήθη
2721 3123 2752 3191 ἡ
2785 3120 3036 3175 ἀπώλεια
3070 3122 3253 3175 αὐτῶν
3278 3124 3436 3192 ⁶κατὰ
3476 3124 3781 3196 πρόσωπσν
3806 3125 3893 3177 αὖ-

609 3219 879 3287 ipsorum.
914 3215 1142 3284 Lignum
1184 3210 1512 3266 olIensiouis
1539 3211 1638 3264 'est
1686 3224 1883 3261 aurum
1934 3208 2044 3261 illis
2104 3208 2195 3278 qui

608 3310 926 3365 sacriﬁcant
956 3307 1006 3362 ei
1040 3323 1056 3361 :
1093 3313 1148 3361 et
1177 3304 1362 3360 omnis
1401 3302 1724 3373 imprudens
1757 3298 2203 3371 deprehendetur

608 3407 663 3460 in
702 3419 789 3458 eo.
832 3422 849 3455 ι

680 3494 848 3549 Eccli.
894 3509 1014 3558 xm,
1038 3490 1231 3548 25-26.
1259 3521 1333 3533 —-
1387 3509 1404 3542 ‹
1442 3488 1683 3543 Venator
1714 3487 1957 3554 leonum,
2007 3486 2200 3557 onagri

607 3586 662 3639 in
695 3587 935 3649 deserto,
973 3586 1054 3637 sic
1104 3590 1161 3637 et
1203 3594 1409 3651 pascua
1437 3578 1666 3633 divitum
1724 3583 1853 3631 sunt
1906 3588 2195 3644 pauperes.

609 3676 806 3732 Divitis
858 3675 1108 3731 cadentis
1165 3674 1323 3728 multi
1360 3680 1489 3728 sunt
1535 3677 1995 3740 recuperatores:
2029 3666 2196 3720 locuti

606 3777 733 3823 sunt
764 3782 988 3830 arcana,
1013 3766 1536 3835 etlustil‘tvaveruut
1570 3762 1747 3814 illum.
1781 3757 1943 3811 Dives
1977 3758 2197 3811 locutus

604 3870 710 3927 est,
737 3870 794 3915 et
828 3874 1022 3916 omnes
1052 3867 1367 3922 tacuerunt,
1388 3867 1441 3911 et
1469 3853 1698 3910 verbum
1734 3850 1884 3906 illius
1915 3863 2093 3919 usque
2127 3846 2194 3902 ad

605 3956 783 4010 nubes
810 3954 1147 4009 extulerunt.
1187 3968 1208 4003 ι

677 4048 849 4103 Eccli.
879 4062 1072 4111 xxvtu,
1110 4044 1201 4098 ll.
1229 4072 1297 4085 --
1359 4059 1379 4094 ι
1419 4038 1736 4096 Secundum
1795 4036 2054 4091 virtutem
2095 4033 2196 4087 bo-

606 4144 773 4198 minis
811 4140 1094 4197 iracundia
1149 4137 1303 4193 illius
1329 4136 1459 4199 erit,
1502 4143 1558 4189 et
1589 4130 1896 4188 secundum
1933 4128 2194 4184 substan-

603 4236 737 4289 tiam
764 4248 918 4288 suam
948 4229 1216 4285 exaltabit
1241 4230 1384 4282 iram
1420 4240 1599 4280 suam.
1640 4242 1659 4275 ι

678 4327 847 4380 Eccli.
881 4341 1034 4388 xxxi,
1057 4323 1211 4376 8-10.
1239 4349 1311 4360 ——
1343 4338 1361 4370 ι
1391 4317 1595 4372 Beatus
1619 4316 1773 4370 dives
1805 4314 1896 4383 qui
1932 4313 2190 4368 inventus

2303 3213 2432 3267 τῶν.
2465 3212 2634 3267 Ξύλον
2659 3214 3094 3285 προσκόμματός
3124 3218 3240 3268 ἐστι
3272 3218 3386 3279 τοῖς
3416 3215 3775 3281 θυσιάζουσιν
3801 3218 3892 3270 αὖα

2302 3304 2397 3376 τῷ,
2438 3307 2532 3358 καὶ
2564 3307 2671 3369 πᾶς
2702 3307 2893 3377 ἄφρων
2922 3306 3194 3361 ἁλώσεται
3223 3310 3285 3360 ἐν
3310 3308 3479 3377 αὐτῷ.
3514 3328 3533 3360 ι

2371 3507 2388 3540 ι
2424 3489 2679 3559 Κυνηγὸς
2700 3490 2954 3555 λεόντων,
2988 3491 3215 3564 ὅναγροι
3245 3496 3302 3546 ὲν
3330 3495 3428 3565 ὲρή
3442 3513 3550 3565 μῳ,
3586 3492 3764 3559 οὕτως
3812 3513 3893 3549 νο-

2303 3582 2402 3650 μαὶ
2442 3581 2715 3635 πλουσίων
2747 3584 2795 3635 οἱ
2830 3584 3061 3653 πτωχοί.
3104 3585 3368 3638 Πλουσίου
3416 3588 3729 3656 σφαλέντος
3767 3590 3891 3641 πολ-

2298 3672 2383 3727 λοὶ
2413 3673 2811 3747 ἀντιλήπτορες
2831 3689 2846 3705 ⁸
2886 3675 3156 3746 ἐλάλησαν
3176 3678 3491 3749 ἀπόρρητα,
3641 3680 3890 3733 ἐδικαίω-

2301 3780 2403 3817 σαν
2430 3764 2612 3819 αῢτόν.
2643 3766 2905 3829 Πλούσιος
2930 3767 3162 3837 ὲλάλησε
3184 3810 3199 3833 ,
3242 3769 3337 3821 καὶ
3364 3770 3569 3832 πάντες
3601 3772 3887 3840 ἐσξγησαν,

2298 3856 2506 3911 καὶτὸν
2536 3857 2691 3926 λόγον
2715 3858 2883 3912 αὐτοῦ
2917 3859 3216 3929 άνύψωσαν
3236 3861 3341 3924 ἓως
3380 3862 3491 3915 τῶν
3519 3864 3788 3932 νεφελῶν.
3833 3884 3851 3914 ι

2374 3968 2391 4001 ι
2430 3951 2587 4003 Κατὰ
2619 3950 2721 4021 τὴν
2762 3951 2916 4021 ἰσχὺν
2938 3951 3034 4004 τοῦ
3065 3952 3381 4023 ἀνθρώπου.
3405 3954 3583 4018 οὕτως
3611 3959 3709 4009 καὶ
3742 3960 3771 4010 ὁ
3798 3959 3881 4009 θυ-

2296 4040 2398 4109 μὸς
2426 4040 2615 4105 αὐτοῦ,
2670 4044 2764 4096 καὶ
2800 4044 2943 4097 κατὰ
2979 4044 3074 4096 τὸν
3106 4042 3333 4097 πλοῦτον
3379 4043 3664 4113 ἁνυψώσει
3721 4046 3885 4117 ὁρτὴν

2293 4150 2481 4188 αυτου.
2524 4152 2541 4184 1

2367 4335 2386 4367 ‹
2422 4315 2712 4385 Μακάριος
2746 4316 3027 4381 πλούσιος,
3051 4318 3112 4379 ὃς
3160 4317 3362 4389 εὑρέθη
3404 4319 3669 4388 ἄμωμος,
3702 4320 3791 4371 καὶ
3824 4319 3878 4378 ὃς

600 4428 691 4476 est
725 4418 847 4474 sine
874 4416 1112 4479 macula,
1146 4423 1203 4469 et
1221 4412 1314 4483 qui
1344 4420 1471 4482 post
1507 4424 1706 4465 aurum
1736 4422 1844 4462 non
1873 4406 2026 4462 abiit.
2055 4404 2190 4473 Quis

2303 4407 2469 4461 ὀπίσω
2498 4409 2724 4477 χρυσίου
2762 4408 2863 4462 οὐκ
2903 4408 3202 4479 ἐπορεύθη.
3259 4408 3353 4470 Τίς
3381 4407 3541 4472 tam;
3578 4409 3673 4460 καί
3703 4426 3876 4477 pam-

601 4521 691 4570 cst
719 4511 842 4566 hic?
871 4510 935 4564 Et
970 4507 1322 4562 laudabimus
1349 4519 1499 4559 eum.
1530 4500 1685 4557 Fecit
1729 4500 1877 4555 enim
1910 4498 2187 4554 mirabilia

600 4605 661 4658 in
703 4601 904 4672 pepqu
934 4613 1057 4655 suo.
1104 4596 1242 4663 Quis
1282 4594 1549 4665 probatus
1572 4601 1656 4647 est
1698 4591 1755 4649 in
1807 4590 1920 4655 illo,
1977 4596 2033 4644 et
2063 4603 2186 4657 per-

604 4698 783 4753 fectus
822 4694 947 4751 est?
996 4701 1051 4749 et
1098 4691 1169 4748 sit
1202 4691 1256 4745 in
1290 4688 1672 4763 gloriationem
1718 4692 2005 4740 aeternam.
2048 4681 2185 4747 Quis

598 4789 783 4855 potuit
813 4785 1147 4856 transgredi,
1177 4794 1232 4839 et
1282 4799 1392 4838 non
1427 4790 1511 4838 est
1542 4790 1949 4848 transgressus,
2003 4774 2187 4828 facere

596 4885 783 4948 mala,
816 4888 871 4937 et
904 4895 1016 4935 non
1076 4877 1235 4932 fecit?
1284 4875 1653 4931 Stabilientur
1712 4875 1855 4927 bona
1914 4870 2085 4933 illius,
2133 4874 2186 4921 et

2297 4498 2519 4570 ριοῢμεν
2552 4499 2736 4554 αὐτόν.
2781 4500 3035 4571 Ἐποίησε
3077 4500 3187 4568 γὰρ
3219 4499 3507 4569 θαυμάσια
3547 4502 3607 4553 ὲν
3647 4500 3762 4568 λαῷ
3787 4500 3869 4550 δυο

2292 4590 2405 4643 τοῦ.
2458 4591 2555 4654 Τίς
2592 4590 2929 4661 ἐδοκιμάσθη
2963 4593 3021 4644 ὲν
3057 4589 3238 4656 αὐτῷ,
3280 4592 3376 4642 καὶ
3428 4589 3755 4659 ἐτελειώθης
3787 4592 3874 4640 καὶ

2289 4681 2429 4734 ἔστω
2458 4684 2539 4746 εἰς
2572 4683 2860 4753 καύχησιν.
2899 4683 2994 4745 Τίς
3021 4682 3253 4750 ἠδύνατο
3284 4683 3629 4754 παραϐῆναι,
3684 4684 3771 4735 καὶ
3814 4683 3869 4732 οὐ

2290 4773 2529 4845 παρέϐη,
2561 4777 2786 4845 ποιῆσαι
2820 4774 2987 4840 κακὰ,
3015 4775 3109 4826 καὶ
3140 4775 3240 4827 οὐκ
3264 4774 3524 4844 ἐποίησες
3566 4774 3869 4842 Στερεωθή-

2290 4882 2441 4919 σεται
2463 4868 2533 4919 τὰ
2562 4868 2745 4937 ἀγαθὰ
2769 4868 2957 4934 αὐτοῦ,
2997 4869 3093 4922 καὶ
3123 4867 3497 4938 ἐλεημοσύνας
3527 4866 3695 4921 αὐτοῦ
3730 4866 3865 4919 ἐκδι-

2284 4960 2553 5029 ηγήσεται
2585 4964 2615 5033 ἡ
2664 4962 2983 5033 Ἐκκλησία.
3023 4982 3040 5013 ι

2362 5072 2379 5102 ι
2430 5054 2584 5107 Ἐστι
2614 5054 2861 5108 πλουτῶν
2898 5055 3006 5108 ἀπὸ
3042 5053 3318 5125 προσοχῆς
3342 5054 3437 5107 καὶ
3483 5053 3744 5122 omnia;
3772 5049 3866 5105 αὖ·-

2285 5145 2401 5209 τοῦ,
2450 5147 2547 5198 καὶ
2586 5146 2909 5217 καταλείψει
2963 5146 3104 5200 αὐτὰ
3159 5147 3402 5217 ἑτέροις,
3456 5147 3552 5198 καὶ
3587 5145 3860 5199 ἀποθανεῖ-

594 4978 976 5046 eleemosynas
1004 4971 1151 5027 illius
1181 4968 1461 5023 etiarrabit
1499 4966 1769 5022 Ecclesia.
1800 4984 1818 5016 ι

564 5078 596 5109 ο
672 5068 841 5142 484
870 5065 1045 5121 Eucti.
1070 5080 1148 5127 XI,
1191 5063 1279 5117 17.
1316 5091 1385 5103 -—
1408 5077 1428 5110 ι
1464 5059 1559 5114 Est
1587 5060 1681 5129 qui
1716 5059 2081 5128 locupletalur
2113 5073 2181 5113 ex

598 5163 903 5218 attentione
932 5165 986 5214 et
1027 5151 1443 5224 compressione
1490 5166 1587 5205 sua
1632 5169 1647 5205 :
1688 5159 1747 5206 et
1798 5151 2073 5221 relinquet
2118 5164 2184 5204 ea

597 5255 741 5315 aliis.
774 5262 829 5309 et
859 5250 1147 5307 morietur.
1180 5265 1199 5298 ι

2303 5257 2393 5293 ῖαι,
2436 5258 2453 5291 1

667 5346 836 5401 Eccli.
870 5361 984 5407 xtv.
1015 5341 1171 5400 4-H.
1198 5357 1307 5391 -ι
1343 5335 1448 5404 Qui
1481 5343 1702 5390 acervat
1747 5352 1808 5390 ex
1856 5335 2040 5389 animo
2081 5349 2180 5390 suo

2361 5351 2380 5383 ‹
2439 5332 2498 5384 'U
2530 5334 2779 5401 συνάγων
2812 5332 2919 5386 ἀπὸ
2941 5332 3044 5401 τῆς
3067 5331 3247 5402 ψυχῆς
3284 5331 3450 5384 αὐτοῦ
3474 5372 3488 5396 ,
3522 5329 3738 5397 συνάγει
3764 5328 3854 5380 ἆλ-

590 5430 821 5506 ἰιψιειο,
854 5438 981 5493 aliis
1008 5440 1327 5507 congregat,
1360 5440 1413 5485 et
1460 5430 1513 5482 in
1560 5428 1717 5483 bonis
1766 5428 1886 5497 ejus
1930 5428 2180 5482 luxuria-

2303 5442 2416 5488 .οις,
2450 5426 2544 5477 καὶ
2570 5426 2627 5476 ἐν
2658 5426 2771 5488 τοῖς
2792 5423 2956 5477 αὐτοῦ
2982 5424 3353 5496 τρυφήσουσιν
3378 5422 3579 5489 ἕτεραι.
3627 5421 3681 5472 Ὀ
3703 5434 3851 5482 πονη-

595 5505 802 5581 buntnr
831 5528 945 5583 alii.
989 5527 1094 5594 Qui
1123 5505 1251 5582 sibi
1296 5535 1531 5591 nequam
1572 5529 1676 5581 est,
1711 5520 1798 5573 cui
1840 5522 2015 5575 bonus
2048 5523 2176 5575 erit.

2303 5516 2376 5578 ab;
2400 5515 2601 5585 ἐαυτῷ,
2634 5515 2737 5567 τίνι
2764 5512 3001 5583 ἀγαθός;
3041 5514 3251 5574 τέκνον,
3295 5511 3526 5565 καθόσον
3580 5510 3734 5578 ἔχεις.
3762 5505 3847 5555 εἰη

594 5620 720 5685 Fili,
750 5628 1015 5692 quantum
1049 5619 1241 5681 habes,
1278 5612 1510 5670 benefac
1543 5612 1662 5667 tibi.
1694 5632 1710 5663 ι

2303 5609 2423 5661 ποίει
2456 5608 2687 5677 σεαυτῷ.
2719 5626 2736 5658 ι

663 5684 860 5767 nam.
916 5729 1027 5776 xu,
1084 5710 1372 5765 23-26.—
1410 5727 1427 5758 ‹
1463 5706 1609 5760 Dixit
1664 5704 1828 5761 Jesus
1882 5705 2171 5773 discipulis

2358 5699 2574 5754 «Εἶπεν
2630 5701 2657 5751 ὁ
2720 5696 2927 5768 Ἰησοῦς
2984 5699 3096 5759 τοῖς
3126 5694 3401 5765 μαθηταῖς
3452 5689 3648 5745 αὖτοῦ’
3692 5684 3845 5755 Ἀμὴν

594 5806 751 5862 suis;
784 5806 956 5859 Amen
986 5804 1111 5859 dico
1135 5803 1311 5869 vobis,
1344 5800 1473 5870 quia
1498 5798 1717 5853 dillicile
1747 5797 1903 5851 dives
1943 5797 2171 5851 intrabit

2303 5795 2423 5863 ἐγω
2454 5796 2600 5865 ὑμῖν,
2629 5795 2709 5846 ὅτι
2742 5793 3015 5854 δυσκόλως
3072 5789 3329 5852 πλούσιος
3376 5785 3732 5841 εἰσελεύσεται
3772 5779 3844 5838 εἰς

2968 5914 3005 5939 θ
