3968 6400
112 405 236 476 1481

1349 421 1584 479 SACRA
1625 412 2088 482 PARALLELA.

3224 423 3360 496 ιιιε

105 531 202 599 τὴν
229 529 501 598 βασιλείαν
552 537 662 585 τῶν
721 533 987 605 οὖρανων.
1042 521 1209 585 Πάλιν
1227 531 1284 584 δὲ
1320 532 1464 598 λέγω
1505 531 1633 599 ὑμῖν

1779 546 1830 584 ιιι
1867 546 2094 601 regnum
2144 533 2438 591 coaloi'um.
2491 527 2555 588 Et
2607 536 2806 592 iterum
2851 538 2978 594 dico
3007 543 3165 599 Vobis
3200 563 3214 598 :
3249 547 3358 600 Fa-

105 620 488 692 Εὑκοπώαερόν
514 624 630 678 ἐστι
652 626 900 697 κάμηλον
946 625 1035 678 διὰ
1065 625 1420 695 τρυπήματος
1450 623 1670 694 ῥαφίδος

98 712 341 778 διελθεῖν,
378 715 411 784 ἠ
436 715 690 770 πλούσιον
712 719 795 781 είς
826 719 927 788 τὴν
956 717 1232 787 βασιλείαν
1258 715 1352 770 τοῦ
1379 714 1515 769 Θεοῦ
1555 718 1670 768 εἱσ-

101 804 292 862 ελθεῖν.
330 807 687 873 Ἀκούσαντες
731 811 791 864 δὲ
825 812 875 863 oi
919 810 1159 880 μαθηταί
1184 809 1374 870 αὐτοῦ,
1405 808 1671 878 ἐξεπλήσ-

99 914 252 952 σοντο
281 900 510 971 σφόδρα,
539 900 821 970 λέγοντες·
855 903 950 965 Τίς
989 902 1098 975 ἄρα
1129 905 1351 957 δύναται
1393 901 1665 970 σωθῆναι;

95 990 372 1062 ἐμϐλέψας
394 993 451 1047 δὲ
479 996 508 1047 6
547 994 778 1063 Ἰησοῦς,
819 990 976 1048 εἶπεν
999 998 1185 1058 αὐτοῖς
1211 1013 1225 1027 ·
1261 995 1420 1066 Παρὰ
1460 991 1669 1062 ἀνθρὼ-

94 1100 219 1147 tot;
246 1085 401 1137 τοῦτο
423 1085 685 1139 ἀδύνατόν
724 1089 869 1152 ἐστι,
918 1088 1070 1158 παρὰ
1094 1087 1151 1140 δὲ
1187 1087 1308 1157 Θεῷ
1355 1087 1533 1140 πάντα
1575 1085 1667 1137 δυ-

92 1177 248 1229 νατά.
287 1195 307 1227 ι

174 1285 192 1318 ι
245 1267 558 1339 Ἀνθρώπου
595 1269 741 1334 τινὸς
764 1271 1019 1326 πλουσίου
1043 1273 1346 1343 εὐφόρησεν
1375 1275 1408 1326 ἡ
1442 1275 1613 1341 χώρα.
1640 1289 1658 1320 ›

91 1363 193 1415 καὶ
219 1362 282 1415 τὰ
306 1362 488 1421 λοιπά.

169 1475 190 1507 ι
225 1456 358 1508 οὖα).
385 1456 512 1526 ὑμῖν
541 1460 651 1521 τοῖς
675 1459 974 1523 πλουσίοις,
1005 1461 1084 1513 ὃτι
1117 1462 1348 1529 ἀπέχετε
1371 1459 1470 1531 τὴν
1492 1460 1666 1530 παρά-

89 1546 282 1616 κλησιν
309 1546 481 1616 ὑμῶν.
511 1549 648 1602 Οὐαὶ
674 1551 802 1620 ὑμῖν
824 1553 874 1603 οἱ
907 1551 1385 1622 ἐμπεπλησμένοι,
1435 1553 1517 1604 ὅτι
1543 1569 1665 1605 πει·

85 1639 299 1693 νάσετε.
343 1639 478 1690 Οὐαὶ
508 1639 633 1710 ὑμῖν
674 1641 1057 1710 οίχελῶντες,
1104 1642 1188 1695 ὅτι
1232 1641 1532 1713 πενθήσετε
1567 1642 1663 1695 καὶ

81 1728 368 1782 κλαύσετε.

165 1841 187 1874 ι
224 1823 517 1894 Ἀπόστητε
549 1827 643 1880 ἀπ’
671 1827 829 1896 ἐμοῦ,
861 1829 1062 1892 πάντες
1082 1830 1131 1881 οἱ
1165 1829 1392 1901 ἐργάται
1418 1831 1516 1900 τῆς
1543 1832 1658 1883 ἁδιέ

1772 622 1934 677 cilius
1953 633 2037 678 est
2059 626 2328 681 camelum
2358 642 2453 696 per
2479 627 2726 685 foramen
2764 646 2897 688 acus
2928 634 3161 701 intrare,
3188 653 3354 708 quam

1733 713 1995 772 .divitem
2028 715 2234 770 intrare
2272 717 2326 771 in
2360 733 2588 788 regnum
2617 722 2905 777 otelorum.
2936 725 3237 784 Audientes
3260 746 3357 784 au-

1770 811 1881 857 tem
1909 803 2168 873 discipuli
2190 803 2316 873 ejus
2345 807 2692 864 mirabantur
2716 812 2892 875 valde,
2911 814 3194 872 dicentes:
3221 818 3355 883 Quis

1771 895 1976 964 poterit
2005 896 2192 952 salvus
2223 897 2384 953 fieri?
2430 898 2718 970 Aspiciens
2763 913 2951 960 autem
2977 906 3163 974 Iesus,
3216 910 3356 964 dixit

1770 987 1883 1044 illis
1921 1005 1935 1042 :
1976 989 2133 1059 Apud
2184 989 2438 1048 homines
2484 994 2588 1049 hoc
2638 996 2980 1066 impossibile
3018 1012 3106 1057 est
3145 1006 3159 1056 ἐ
3207 1007 3351 1074 apud

1771 1077 1942 1133 Deum
1979 1091 2164 1134 autem
2200 1082 2382 1137 omnia
2429 1087 2717 1153 possibilia
2749 1098 2900 1144 sunt.
2938 1107 2958 1142 ι

1841 1264 1970 1320 Luc.
2032 1284 2130 1331 xu,
2182 1269 2268 1323 16.
2323 1301 2389 1310 -——
2430 1291 2448 1322 ι
2500 1273 2751 1331 Hominis
2814 1279 3106 1348 cujusdam
3161 1281 3350 1338 divitis

1770 1359 1967 1414 uberes
2000 1360 2214 1416 fructus
2244 1377 2374 1434 ager
2409 1368 2619 1433 attulit,
2653 1387 2670 1420 ι
2709 1378 2818 1423 etc.

1837 1450 1966 1504 Luc.
2013 1469 2087 1516 vn,
2150 1453 2242 1508 25.
2276 1484 2346 1495 —
2379 1476 2396 1505 c
2439 1455 2530 1512 Vze
2566 1462 2722 1516 vobis
2757 1461 3044 1530 divitibus,
3088 1469 3346 1536 quoniam

1767 1542 1984 1598 habetis
2021 1546 2449 1603 consolationem
2500 1560 2763 1606 vestram.
2812 1553 2904 1607 Va:
2937 1559 3094 1613 Vobis
3126 1560 3218 1628 qui
3259 1577 3347 1616 sa-

1765 1633 1931 1686 turati
2019 1636 2143 1702 stis,
2185 1638 2312 1706 quia
2365 1642 2644 1696 esurietis.
2696 1643 2786 1698 Va:
2840 1648 2992 1703 vobis
3022 1651 3115 1719 qui
3155 1652 3346 1707 ridetis

1767 1738 1933 1787 nunc,
1963 1726 2093 1795 quia
2129 1727 2386 1796 lugebitis
2418 1740 2472 1786 et
2505 1732 2722 1790 flebitis.
2761 1755 2778 1787 ι

1833 1815 1964 1870 Luc.
1999 1833 2116 1883 χιιι,
2145 1820 2319 1874 27.-
2343 1841 2362 1874 ι
2389 1823 2656 1880 Discedite
2688 1845 2715 1879 a
2749 1845 2852 1893 me,
2886 1844 3077 1887 omnes
3107 1835 3342 1903 operarii

81 1916 236 1979 κίας.
272 1917 416 1969 Ἑκεί
445 1918 596 1970 ἔσται
636 1920 666 1972 6
709 1921 988 1984 κλαυθμὸς
1033 1924 1128 1975 καὶ
1169 1925 1197 1976 6
1221 1923 1484 1994 εβρυγμὸς
1513 1925 1651 1977 666v-

1772 1907 2087 1976 'niquitatis.
2120 1907 2196 1963 lbi
2225 1913 2331 1966 erit
2359 1912 2519 1969 fletus
2547 1926 2601 1970 et
2636 1920 2843 1974 stridor
2873 1902 3194 1977 dentium.»

76 2022 213 2058 των.
243 2023 261 2055 ι

168 2115 187 2149 ι
220 2098 315 2152 Διὰ
343 2100 396 2151 τί
430 2090 553 2170 ούχὶ
590 2102 794 2171 μᾶλλον
814 2103 1129 2168 ἀθικεῖσθε;
1160 2101 1258 2155 Διά
1292 2102 1344 2154 τί
1378 2102 1499 2171 οὐχὶ
1525 2104 1660 2173 μᾶλ-

69 2191 176 2244 λον
209 2194 627 2265 ἀποστερεῖσθεξ
671 2196 786 2248 ἀλλ’
825 2199 984 2265 ὑμεῖς
1018 2196 1256 2248 ἀδικεῖτε
1297 2195 1390 2246 καὶ
1428 2196 1662 2246 ἀποστεε

69 2286 250 2352 ρεῖτε,
281 2287 374 2337 καὶ
405 2284 582 2338 ταῦτα
609 2284 894 2352 ἀδελφούς.
921 2285 990 2336 Ἢ
1025 2284 1123 2335 οὐκ
1143 2282 1347 2344 οἴδατε,
1377 2282 1459 2333 ὅτι
1490 2281 1662 2333 ἄδικοι

68 2374 359 2441 βασιλείαν
379 2376 514 2430 Θεοῦ
544 2378 604 2430 οὐ
629 2377 1171 2448 κληρονομήσουσιν;
1205 2397 1224 2429 ι

155 2573 175 2606 ι
220 2545 278 2604 ⁴0
309 2555 511 2609 ἀδικῶν
566 2557 844 2626 κομιεῖται
893 2556 1199 2628 ὂήδίκησε.
1256 2557 1366 2610 Καὶ
1417 2552 1516 2605 οὐκ
1545 2553 1658 2605 ἔστι

63 2635 689 2718 προσωποληψίαπαρὰ
720 2645 799 2716 τῷ
832 2645 974 2716 Θεῷ.
1019 2666 1038 2696 ι

157 2856 177 2887 ι
207 2835 296 2906 Μὴ
320 2833 671 2905 ὑπερϐαίνειν
694 2835 787 2888 καὶ⁸
813 2834 1154 2888 πλεονεκτεῖν
1175 2835 1233 2886 ὲν
1258 2850 1543 2904 πραγματι
1566 2834 1656 2886 τὸν

65 2927 305 2996 ἀδελφὸν
333 2927 500 2980 αὑτοῦ
527 2943 542 2958 ·
596 2927 734 2980 διότι.
788 2929 1000 2990 ἔκδικος
1045 2929 1072 2979 6
1101 2927 1232 2990 Θεὸς
1283 2929 1410 2989 περὶ
1439 2927 1655 2979 πάντων

62 3021 301 3074 τούτων.
339 3039 357 3071 ι

155 3131 174 3162 ι
207 3111 526 3182 ’Δποστήτω
549 3111 660 3166 ἀπὸ
685 3110 900 3172 ἀδικίας
934 3111 1040 3173 πᾶς
1073 3112 1101 3164 6
1125 3109 1408 3180 ὀνομάζων
1436 3109 1499 3162 τὸ
1532 3109 1650 3161 ὅνο-

67 3219 156 3271 μα
184 3203 278 3254 τοῦ
312 3203 469 3258 Θεοῦ.
515 3221 534 3257 ι

147 3316 169 3351 ι
205 3301 266 3352 Οἱ
292 3299 606 3369 βουλόμενοι
634 3298 909 3359 πλουτεῖν,
938 3295 1309 3365 ἐμπίπτουσιν
1341 3311 1422 3357 εις
1455 3311 1649 3362 πειρα-

65 3392 233 3460 σμὸν,
251 3392 347 3445 καὶ
369 3393 447 3453 είς
474 3389 696 3458 παγίδα,
723 3388 816 3441 καὶ
843 3389 921 3449 εἰς
944 3385 1241 3455 ἐπιθυμίας
1271 3385 1468 3447 πολλὰς
1493 3386 1651 3454 ἀνοή-

60 3500 200 3546 τους
255 3483 349 3536 καὶ
391 3482 683 3552 βλαϐερὰς,
719 3481 923 3541 αἵτινες
959 3476 1241 3547 βυθίζουσι
1278 3477 1407 3539 τοὺς
1435 3475 1645 3545 ἀνθρώ-

57 3597 210 3643 πους
243 3581 320 3642 εἰς
344 3577 563 3649 θλεθρον
609 3578 704 3632 καὶ
735 3575 1034 3630 ἀπώλειαν.
1096 3572 1248 3636 Ῥίζα
1289 3573 1397 3642 γὰρ
1433 3573 1649 3624 πάντων

60 3673 182 3725 τῶν
205 3673 388 3724 κακῶν
423 3671 573 3722 ἐστιν
601 3672 634 3738 ἡ
661 3668 999 3738 φιλαργυρία
1020 3705 1034 3722 .
1063 3659 1129 3736 ἦς
1156 3681 1304 3726 τινες
1329 3665 1648 3734 ὀρεγόμενοι

59 3763 504 3834 ἁπεπλανήθησα
565 3761 672 3815 ἀπὸ
704 3761 806 3830 τῆς
833 3759 1090 3824 πίστεως,
1123 3758 1216 3811 καὶ
1239 3758 1462 3818 ἑαυτοὺς
1477 3759 1646 3824 ’περι-

59 3856 300 3924 ἔπειραν
323 3853 538 3915 ὀδύναις
563 3851 805 3912 πολλαῖς.
851 3867 868 3899 ι

148 3963 168 3998 ι
206 3946 269 3998 Οἱ
301 3946 566 4007 πλούσιοι,
602 3941 878 3997 κλαύσατε
903 3939 1251 4004 ὀλολύζοντες
1283 3939 1377 3991 ἐπὶ
1405 3939 1523 4000 ταῖς
1547 3949 1646 3990 ται

57 4041 400 4113 λαιπωρίαις
434 4039 587 4110 ὑμῶν
639 4041 761 4101 ταῖς
825 4036 1246 4106 ἐπερχομέναις.
1302 4034 1362 4086 '0
1418 4031 1647 4095 πλοῦτος

58 4135 227 4206 ὑμῶν
259 4135 484 4205 σέσηπε,
529 4131 717 4186 καὶτὰ
745 4131 934 4201 ίμάτια
980 4129 1133 4199 ὑμῶν
1175 4125 1493 4196 σητόϐρωτα
1523 4126 1646 4193 ἐγέ-

59 4245 209 4282 νετο.
258 4228 315 4281 '0
338 4226 538 4298 χρυσὸς
560 4225 736 4296 ὑμῶν,
760 4224 857 4277 καὶ
881 4223 908 4275 6
943 4222 1182 4293 ἄργυρος
1214 4219 1498 4279 κατίωται,
1552 4219 1646 4271 καὶ

55 4323 95 4374 ὁ
122 4322 201 4383 ἰὸς
222 4321 400 4373 αὐτῶν
427 4322 506 4383 εἰς
534 4317 836 4389 μαρτύριον
870 4317 999 4386 ὑμῖν
1038 4315 1194 4368 ἔσται
1215 4354 1229 4377 ,
1276 4314 1372 4366 καὶ⁸
1411 4312 1643 4381 φάγεται

52 4413 166 4474 τὰς
219 4411 429 4482 σάρκας
478 4409 633 4481 ὑμῶν
685 4411 712 4462 6
747 4409 842 4472 ἰός.
884 4408 972 4470 Ὠς
1001 4406 1112 4476 πῦρ
1165 4406 1559 4475 ἐθησαυρίσατε
1586 4407 1643 4457 ὲν

52 4505 274 4576 ἐσχάτῃ
303 4505 509 4575 ἡμέρᾳ.
549 4522 567 4554 ι

1837 2085 1866 2140 I
1901 2088 2023 2144 Cor.
2055 2107 2131 2154 νι,
2163 2091 2216 2158 7,
2253 2094 2394 2160 8,-
2431 2118 2449 2148 ι
2488 2097 2668 2164 Quare
2701 2117 2805 2155 non
2849 2105 3030 2173 potitis
3083 2107 3342 2176 injuriam

1765 2180 2058 2248 accipitis?
2089 2183 2269 2250 Quare
2299 2203 2409 2242 non
2448 2192 2623 2260 magis
2659 2193 2903 2249 fraudem
2939 2198 3224 2266 patimini?
3248 2206 3341 2258 scd

1767 2286 1861 2324 vos
1889 2269 2067 2327 facitis
2099 2275 2382 2343 injuriam,
2407 2290 2460 2334 et
2493 2280 2800 2352 fraudatis;
2833 2295 2888 2340 et
2911 2288 3024 2344 haec
3046 2291 3338 2349 fratribus:

1763 2359 1844 2414 Λιι
1876 2365 2102 2420 nescitis
2133 2367 2263 2435 quia
2298 2369 2475 2440 iniqui
2519 2389 2747 2445 regnum
2803 2377 2895 2432 Dei
2949 2396 3055 2435 nan
3092 2386 3332 2452 posside-

1764 2452 1944 2508 bunt?
1975 2475 1994 2507 ι

1835 2541 2042 2601 Colore.
2078 2563 2159 2612 Ill,
2189 2550 2280 2605 25.
2307 2581 2375 2592 —
2409 2572 2428 2605 ι
2466 2555 2567 2622 Qui
2602 2556 2858 2626 injuriam
2911 2560 3062 2627 facit,
3107 2566 3342 2636 recipiet

1762 2636 1813 2690 id
1839 2641 1980 2707 quod
2026 2643 2210 2713 inique
2237 2646 2370 2716 egit.
2415 2647 2533 2704 Non
2565 2658 2650 2704 est
2690 2664 3055 2722 personarum
3096 2661 3342 2730 acceptio

1762 2732 1903 2799 apud
1943 2732 2133 2790 Deum.
2165 2750 2184 2788 ι

1830 2840 1860 2895 Ι
1896 2844 2078 2901 Thess.
2115 2864 2187 2912 tv,
2229 2847 2283 2903 6.
2333 2881 2401 2890 —
2454 2851 2569 2905 Non
2621 2857 2978 2926 supergredi,
3021 2875 3196 2930 neque
3231 2865 3338 2918 cir-

1759 2938 2074 2992 cumvenire
2106 2940 2158 2992 in
2195 2943 2417 3010 negotio
2466 2943 2690 2999 fratrem
2733 2963 2934 3003 suum:
2980 2952 3110 3020 quia
3138 2953 3337 3010 vindex

1757 3037 1840 3083 est
1873 3030 2014 3085 licus
2038 3031 2105 3085 de
2130 3034 2384 3089 omnibus
2415 3035 2522 3090 bis.
2566 3055 2584 3087 ι

1831 3117 1891 3171 II
1924 3119 2139 3184 Tim.u,
2176 3122 2262 3177 19.
2294 3153 2363 3162 —-
2393 3143 2410 3174 ‹
2450 3124 2704 3182 Discedat
2739 3129 2808 3184 ab
2837 3131 3130 3201 iniquitate
3154 3137 3334 3191 omnis

1678 3242 1725 3303 ο
1755 3211 1847 3279 qui
1880 3212 2126 3264 nominat
2156 3229 2354 3269 nomen
2388 3215 2498 3274 Dei.

1825 3300 1855 3353 Ι
1881 3300 2016 3355 Tim.
2052 3319 2125 3366 vr,
2162 3305 2216 3369 9,
2252 3306 2337 3359 10.
2371 3338 2439 3346 -
2493 3328 2511 3361 ι
2546 3309 2648 3376 Qui
2700 3313 2893 3367 volunt
2938 3315 3137 3373 divites
3193 3319 3328 3387 fieri,

1753 3392 2002 3447 incidunt
2028 3397 2081 3448 in
2107 3399 2490 3462 tentationem,
2526 3411 2578 3454 et
2614 3403 2667 3456 in
2711 3404 2992 3474 laqueum,
3023 3419 3077 3462 et
3103 3409 3155 3464 in
3188 3411 3332 3467 desis

1750 3487 1900 3540 deria
1937 3489 2104 3540 multa
2131 3490 2323 3544 insana
2343 3501 2399 3544 et
2424 3493 2644 3558 nociva,
2667 3512 2790 3564 qua:
2810 3513 3061 3568 mergunt
3081 3502 3330 3559 homines

1750 3577 1804 3629 iu
1840 3576 2118 3631 interitum
2145 3589 2200 3633 et
2235 3580 2622 3649 perditionem.
2679 3583 2855 3640 Radix
2904 3590 3048 3642 enim
3082 3592 3327 3647 omnium

1749 3669 2018 3722 malorum
2036 3678 2119 3725 est
2140 3673 2433 3740 cupiditas,
2452 3690 2614 3742 quam
2631 3677 2851 3745 quidam
2878 3690 3218 3749 appetentes,
3243 3701 3330 3741 er-

1747 3771 2008 3816 rareruut
2035 3779 2064 3816 a
2088 3763 2279 3831 ﬁde,et
2301 3765 2654 3822 inseruerunt
2671 3786 2729 3824 se
2747 3770 3037 3828 doloribus
3059 3777 3267 3833 multis.
3303 3799 3320 3828 ι

1817 3941 1940 3997 Jac.
1970 3957 2023 4006 ν,
2058 3915 2544 4010 1,5.-·-ιί)ίνίιθε,
2577 3947 2787 4016 plorate
2825 3950 3105 4009 ululantes
3143 3954 3196 4010 in
3222 3958 3325 4010 mi-

1747 4035 1913 4090 seriis
1931 4051 2053 4105 qua:
2076 4038 2329 4092 accident
2349 4039 2526 4095 vobis.
2554 4039 2767 4097 Divitiae
2793 4054 2988 4100 νρειιιε
3009 4048 3326 4117 putrefacta-

1746 4134 1897 4191 sunt,
1929 4137 1983 4180 et
2030 4129 2356 4184 vestimenta
2387 4139 2569 4184 vestra
2621 4147 2650 4185 a
2681 4133 2849 4189 tineis
2895 4148 3141 4194 comesta
3177 4153 3322 4196 sunt.

1744 4219 1951 4272 Aurum
1975 4228 2218 4276 vestrum
2249 4230 2303 4275 et
2350 4232 2634 4293 argentum
2680 4227 3022 4296 mruginavit,
3055 4237 3110 4284 et
3142 4246 3325 4302 terugu

1744 4324 1935 4364 eorum
1973 4311 2027 4364 in
2071 4311 2448 4366 testimoniqu
2483 4315 2639 4369 vobis
2684 4316 2789 4370 erit
2830 4335 2842 4370 :
2875 4327 2930 4372 et
2973 4321 3323 4376 manducabit

1745 4416 1942 4458 carnes
1974 4412 2190 4459 vestras
2224 4420 2430 4476 aerugo.
2495 4405 2652 4462 Sicut
2682 4408 2860 4478 ignem
2899 4410 3324 4468 thesaurizastis

1745 4494 1798 4547 in
1840 4496 2141 4550 novissimo
2179 4496 2291 4551 die.
2321 4514 2340 4548 ι

139 4617 160 4649 ι
205 4597 271 4650 Ἦ
305 4597 484 4667 κρίσις
507 4596 725 4658 ἀνέλεος
751 4593 827 4662 τῷ
854 4591 928 4662 μὴ
958 4592 1243 4663 ποιήσαντι
1264 4589 1430 4653 ἕλεος.
1469 4591 1591 4642 Ἐὰν
1612 4589 1640 4640 6

1813 4584 1935 4639 Jac.
1971 4602 2030 4651 ιι,
2085 4589 2174 4652 13,
2211 4589 2298 4643 16.
2329 4619 2397 4630 -—
2434 4608 2452 4640 ι
2485 4588 2756 4645 Judicium
2806 4593 2925 4649 sine
2950 4596 3321 4653 misericordia

49 4690 296 4758 ἀδελφὸς
316 4732 330 4754 ,
361 4689 392 4759 ἢ
425 4688 628 4758 ἀδελφὴ
651 4686 852 4756 γυμνοὶ
889 4685 1219 4753 ὑπάρχουσι,
1253 4683 1348 4734 καὶ
1381 4681 1638 4750 λειπόμε-

50 4801 146 4836 νοι
199 4782 299 4850 τῆς
351 4781 628 4850 ἐφημέρου
675 4779 904 4850 τροφῆς,
966 4777 1095 4846 εἴπῃ
1139 4774 1197 4826 δέ
1241 4790 1326 4835 τις
1371 4772 1431 4835 ἐξ
1461 4770 1636 4840 ὑμῶν,

65 4876 355 4942 ’Υπάγετε
397 4876 455 4926 ἐν
511 4874 698 4943 εἰρήνῃ
726 4913 740 4935 ,
804 4869 1197 4941 θερμαίνεσθε,
1239 4866 1335 4919 κα)⁵
1375 4864 1638 4935 χορτάζε-

52 4968 161 5020 σθε
187 4981 200 4995 ⁸
253 4967 328 5036 μὴ
358 4964 492 5017 δῶτε
516 4965 573 5017 δὲ
603 4965 784 5025 αὐτοῖς
810 4962 879 5014 τὰ
906 4959 1186 5029 ἐπιτήδεια
1229 4957 1323 5010 τοῦ
1364 4957 1635 5026 σώματος,

44 5061 111 5112 τί
144 5059 341 5126 ὄφελος
363 5076 376 5123 ;
415 5076 433 5108 ι

133 5170 154 5202 ‹
198 5146 323 5202 Οἷδε
345 5149 544 5218 Κύριος
567 5146 809 5209 εὐσεϐεῖς
833 5146 896 5197 ὲκ
913 5143 1021 5196 τῶν
1043 5142 1364 5212 πειρασμῶν
1390 5140 1634 5212 ῥύεσθαι,

41 5241 285 5302 ἀδίκους
315 5241 372 5294 δὲ
425 5243 505 5302 εἰς
538 5238 760 5309 ,ἡμέραν
816 5235 1050 5305 κρίσεως
1108 5232 1502 5303 κολαζομένους
1547 5251 1638 5304 τη-

43 5336 202 5406 ρεῖν.
247 5349 267 5380 ι

130 5443 152 5476 ι
189 5424 381 5485 Ὅστις
403 5421 516 5490 ἔχει
545 5420 636 5471 τὸν
665 5418 778 5487 βίον
798 5417 893 5471 τοῦ
919 5417 1124 5487 κόσμου
1147 5416 1358 5479 τούτου,
1380 5417 1474 5469 καὶ
1499 5417 1636 5471 θεω-

38 5517 141 5588 ρεῖ
183 5513 279 5566 τὸν
297 5512 526 5580 ἀδελφὸν
548 5509 713 5564 αὐτοῦ
745 5509 936 5579 χρείαν
967 5509 1180 5579 ἔχοντα,
1204 5509 1295 5561 καὶ
1330 5509 1534 5562 κλείσει
1566 5511 1636 5563 τὰ

41 5605 371 5674 σπλάγχνα,
395 5604 512 5667 πῶς
536 5605 570 5673 ἠ
597 5603 782 5670 ἀγάπη
813 5601 908 5654 τοῦ
938 5601 1074 5654 Θεοῦ
1107 5603 1258 5669 μένει
1287 5604 1344 5655 ὲν
1376 5602 1560 5667 animi);
1609 5623 1628 5654 ι

126 5789 400 5841 Ἀκουσαι
481 5786 771 5857 ἄνθρωπε,
828 5785 1207 5856 Σολομῶντοςο
1262 5784 1357 5853 Μὴ
1421 5785 1629 5852 εἴπῃς,

57 5879 456 5937 Ἐπανελθὼν
482 5879 768 5943 ἐπάνηκε.
791 5879 890 5932 καὶ
920 5879 1130 5934 αὔριον
1175 5876 1366 5933 δώσω.
1405 5880 1487 5932 Οὺ
1523 5876 1671 5964 γὰρ*

302 5975 571 6035 ΡΑτιιοι.
619 5975 734 6034 (in.
788 5972 960 6034 XCV.

1739 4675 1820 4730 illi
1847 4678 1940 4746 qui
1966 4693 2075 4731 non
2107 4679 2233 4732 fecit
2266 4680 2816 4737 misericordiam.'Si
2852 4683 3020 4740 frater
3047 4698 3141 4741 aut
3163 4704 3324 4742 soror

1739 4771 1872 4824 nudi
1901 4771 2032 4836 sint,
2067 4779 2120 4826 et
2151 4772 2434 4844 indigeant
2471 4775 2618 4828 victu
2653 4777 3008 4844 quotidiano,
3049 4781 3192 4835 dicat
3224 4797 3323 4836 au-

1740 4873 1847 4918 tem
1888 4866 2088 4934 aliquis
2113 4881 2179 4920 ex
2211 4867 2366 4920 vobis
2396 4885 2410 4919 :
2450 4867 2523 4935 Ite
2557 4869 2610 4922 in
2652 4885 2806 4938 pace,
2841 4871 3232 4933 calefacimini.
3268 4886 3322 4928 et

1739 4955 2066 5008 saturamini
2091 4973 2104 5007 :
2137 4969 2242 5009 non
2269 4956 2531 5012 dederitis
2554 4966 2738 5013 autem
2761 4960 2844 5015 eis
2861 4978 2984 5031 qua:
3011 4967 3318 5018 necessaria

1738 5057 1868 5103 sunt
1899 5049 2138 5117 corpori,
2171 5049 2302 5119 quid
2337 5049 2622 5118 proderit?
2655 5071 2673 5104 ι

1809 5138 1874 5193 II
1902 5140 2047 5194 Petr.
2093 5157 2153 5204 ιι,
2178 5144 2230 5194 9.
2253 5171 2322 5180 ——
2345 5159 2363 5192 ι
2402 5141 2563 5197 Novit
2599 5143 2741 5199 Deus
2764 5146 2884 5213 pios
2903 5161 2967 5200 ex
3000 5145 3319 5200 tentationi-

1738 5233 1840 5288 lms
1868 5235 2078 5303 eripere
2109 5252 2125 5288 :
2159 5234 2397 5303 injustos
2427 5245 2606 5291 autem
2639 5239 2692 5291 in
2725 5238 2867 5291 diem
2891 5237 3082 5306 judicii
3117 5252 3318 5293 excru-

1736 5320 1965 5381 ciandos
1999 5342 2302 5382 reservare.

1810 5415 1840 5470 1
1871 5415 2035 5470 Joan.
2087 5432 2168 5481 ιιι,
2205 5418 2293 5473 17.
2327 5450 2395 5460 -
2429 5438 2449 5472 ι
2484 5419 2583 5486 Qui
2639 5421 2896 5474 habuerit
2947 5421 3312 5478 substantiam

1737 5509 1904 5578 hujus
1929 5511 2142 5574 mundi,
2169 5520 2222 5565 et
2252 5511 2447 5566 viderit
2485 5511 2706 5567 fratrem
2733 5529 2893 5568 suum
2931 5518 3312 5572 necessitatem

1739 5602 1962 5667 habere,
1994 5609 2048 5658 et
2075 5604 2336 5658 clauserit
2371 5604 2584 5657 viscera
2634 5618 2734 5659 sua
2780 5604 2850 5659 ab
2894 5620 2980 5671 eo,
3037 5611 3314 5677 quomodo

1737 5692 1978 5747 cheritas
2003 5693 2098 5748 Dei
2140 5702 2322 5748 manet
2355 5694 2409 5749 in
2437 5695 2540 5749 eo?
2573 5713 2592 5746 ι

1807 5785 1865 5839 S.
1893 5785 2066 5840 Basil.
2100 5787 2240 5841 hom.
2277 5788 2332 5840 in
2363 5787 2497 5840 illud
2526 5802 2545 5841 :
2577 5805 2596 5839 ι
2633 5786 2915 5841 Destruam
2949 5788 3159 5843 horrea.
3193 5807 3211 5839 ι
3243 5812 3316 5831 -

1736 5874 1898 5948 485
1932 5877 2086 5933 Audi.
2139 5893 2336 5949 quaso.
2386 5877 2731 5936 Salomonem
2773 5896 2786 5933 :
2825 5877 2907 5932 Nc
2956 5881 3130 5940 dicas.
3172 5879 3314 5934 ιἀασ
