4052 6402
627 406 761 471 1433

1792 406 1852 461 S.
1893 400 2214 464 JOANNIS
2253 399 2683 461 DAMASCENI

3740 396 3878 473 ‘itSt

618 534 667 577 et
696 530 974 581 revertere,
995 529 1044 574 et
1071 535 1193 573 cras
1219 519 1356 574 dabo
1386 519 1484 573 tibi
1510 519 1692 591 (Prov.
1737 534 1822 580 ιιι,
1862 517 1979 588 28).
2011 514 2204 572 Nescis

2316 510 2497 582 οἶδας,
2524 515 2583 568 τί
2611 515 2844 578 τέξεται
2863 515 2902 581 ἠ
2934 513 3374 567 ἐπιοῦσαυοίων
3406 510 3877 584 παραγγελμάτων

617 614 765 667 enim
795 612 922 683 quid
956 622 1332 681 superuentura
1360 611 1667 680 parietdies
1696 610 1883 682 (Prov.
1931 625 2101 671 xxv",
2126 608 2203 680 1).

619 711 663 759 0
702 722 825 775 quae
853 717 1120 776 praecepta
1148 706 1491 760 contemnis!
1525 702 1836 769 Tristises,
1856 711 2030 774 atque
2053 703 2221 774 ejus-t.

621 797 773 851 modi
818 813 980 867 quem
1016 798 1105 851 vix
1158 796 1453 852 convenire
1505 796 1797 867 quisquam
1849 795 2059 866 possit;
2111 794 2205 865 qui

620 905 918 945 occursum
953 888 1236 942 hominum
1269 888 1471 957 fugias,
1516 904 1584 941 ne
1615 888 1699 941 vel
1736 888 2012 942 tantulum
2044 886 2207 960 quid-

622 982 766 1051 piam
790 996 821 1035 e
845 980 1096 1035 manibus
1115 980 1364 1034 emittere
1389 980 1628 1050 cogaris.
1653 978 1826 1035 Unam
1853 980 1995 1035 hanc
2017 994 2204 1033 vocem

623 1073 769 1128 nosti
804 1091 817 1127 :
849 1070 965 1125 Non
1000 1072 1199 1135 habeo,
1241 1087 1349 1127 nec
1381 1073 1538 1128 ‘tlabo
1572 1092 1585 1127 :
1626 1088 1835 1145 pauper
1881 1072 2026 1127 enim
2061 1087 2205 1127 sum.

624 1167 700 1220 Ac
747 1181 880 1220 sane
931 1179 1134 1235 pauper
1167 1179 1248 1229 es,
1280 1166 1572 1235 omnisque
1600 1181 1797 1236 expers
1838 1166 1967 1220 boni
2003 1184 2017 1219 :
2051 1166 2209 1234 inops

623 1265 913 1328 charitate,
956 1262 1116 1331 inops
1152 1261 1513 1324 humanitate,
1550 1259 1708 1329 inops
1753 1260 1858 1313 lide
1906 1258 2206 1324 inDeum,

626 1357 785 1427 inops
814 1372 909 1426 spe
942 1363 1170 1410 eterna.
1216 1353 1322 1407 Fac
1344 1352 1577 1415 .Saltem,
1615 1352 1816 1406 fratres
1850 1353 1927 1405 tui
1981 1351 2035 1405 in
2068 1365 2205 1421 apar-

626 1458 736 1504 tem
763 1464 886 1503 cum
921 1448 1082 1503 tineis
1115 1447 1357 1501 veniant.
1404 1446 1560 1513 Quod
1611 1444 1879 1516 postridie
1911 1442 2212 1497 labefacta-

627 1538 796 1603 bitur,
840 1539 1128 1608 egentibus
1182 1537 1342 1592 hodie
1393 1537 1592 1591 tribue.
1652 1535 1921 1590 Extrema:
1967 1534 2213 1589 avaritia:

616 1638 732 1695 est,
768 1644 836 1682 ne
859 1644 921 1682 ea
947 1628 1166 1698 quidem
1196 1643 1317 1698 quae
1343 1636 1804 1697 corrumpuntur,
1843 1641 1968 1679 cum
1999 1626 2211 1696 egenti-

627 1722 733 1777 bus
760 1722 1191 1775 cutnmunicare.
1230 1719 1400 1786 Quem
1433 1719 1679 1782 tandem,
1711 1719 1887 1788 inquit
1916 1719 2027 1783 ille,
2069 1719 2214 1784 inju-

628 1815 712 1870 ria
747 1814 943 1879 allicio,
968 1813 1096 1867 dum
1118 1829 1239 1883 qua:
1275 1828 1388 1867 mea
1422 1822 1573 1877 sunt,
1595 1812 1904 1867 contineo?
1950 1811 2211 1878 Qumnam

2288 608 2610 680 τύπερορᾷςί
2644 608 2753 661 Καὶ
2781 606 3033 679 κατηφὴς
3055 603 3127 672 εἷ,
3156 609 3255 662 καὶ
3278 606 3692 667 δυσέντευκτος,
3710 602 3877 655 ἐκκλί-

2290 720 2413 757 νων
2437 703 2536 765 τὰς
2574 701 2933 772 ἀπαντήσεις,
2977 701 3162 771 μήπου
3185 717 3260 765 τι,
3295 700 3391 752 καὶ
3418 695 3619 769 μικρὸν
3648 697 3879 760 ἀναγκα-

2286 799 2443 871 σθῇς
2474 799 2586 853 τῶν
2614 797 2815 870 χειρῶν
2845 797 3118 852 ἐκϐαλεῖν.
3158 796 3307 851 Μίαν
3350 792 3500 857 οἶδας
3530 791 3719 861 φωνήν
3740 804 3754 817 ·
3784 787 3883 841 Οὐκ

2310 891 2438 963 ἔχω,
2470 890 2593 944 οὐδὲ
2622 888 2807 943 δώσω⁶
2840 890 3007 959 πένης
3036 890 3145 960 γάρ
3191 890 3327 958 εἰμι.
3359 886 3538 957 Πένης
3573 880 3626 938 εἷ
3653 884 3732 953 τῷ
3759 884 3884 939 δντί.

2290 986 2408 1038 -καὶ
2459 984 2644 1054 ἐνδεὴς
2694 983 2897 1045 παντὸς
2945 981 3185 1050 ἀγαθοῦ·
3222 981 3393 1051 πένης
3434 979 3685 1046 ἀγάπης.
3729 975 3886 1043 πένης

2312 1072 2749 1145 φιλανθρωπίας,
2782 1072 2953 1140 πένης
2984 1071 3223 1133 πίστεως
3250 1070 3331 1132 είς
3354 1068 3509 1131 θεὸν,
3547 1068 3723 1136 πένης
3749 1063 3885 1117 ἑλπί-

2309 1166 2398 1228 δος
2434 1168 2533 1236 τῆς
2580 1166 2824 1218 αἰωνίου.
2882 1162 3269 1233 Συμμεριστάς
3316 1160 3542 1229 ποίησον
3578 1158 3690 1211 τῶν
3721 1155 3884 1225 σητῶν

2298 1255 2439 1317 μτούς
2466 1253 2728 1322 ἀδελφούς
2770 1269 2886 1306 σου.
2920 1252 2993 1305 Τὸ
3029 1251 3221 1322 αὔριον
3253 1251 3568 1319 σηπόμενον
3592 1287 3608 1311 ,
3656 1246 3885 1316 σήμερον

2318 1349 2543 1421 μετάδος
2568 1351 2680 1411 τοῖς
2704 1346 3003 1416 δεομένοις.
3038 1342 3355 1408 Πλεονεξίας
3384 1337 3523 1403 εἶδος
3548 1339 3614 1391 τὸ
3643 1336 3887 1408 χαλεπῶς

2292 1458 2495 1507 ντατον,
2531 1440 2699 1511 μηδὲν
2726 1438 2835 1492 τῶν
2867 1435 3246 1507 φθειρομένων
3272 1438 3384 1497 τοῖς
3417 1432 3627 1486 ὲνδεέσι
3662 1446 3887 1499 καταμε-

2314 1534 2485 1604 ρίσαι.
2520 1531 2677 1594 Τίνα,
2727 1531 2917 1601 φησὶν,
2966 1528 3157 1588 ἀδικῶ.
3210 1527 3449 1597 συνέχων
3502 1525 3576 1577 τὰ
3621 1521 3887 1593 incusat);

2314 1625 2465 1686 ποῖα,
2500 1621 2623 1675 εἰπὲ
2660 1638 2774 1692 μοι,
2800 1619 3033 1685 σαυτοῦ;
3071 1618 3211 1689 Οὐχὶ
3244 1616 3453 1688 γυμνὸς
3489 1615 3759 1680 ἐξέπεσας
3800 1614 3890 1683 τῆς

2314 1716 2593 1786 γαστρός;
2642 1715 2765 1786 οὐχὶ
2796 1713 3002 1785 γυμνὸς
3049 1711 3213 1766 πάλιν
3246 1712 3327 1772 εἰς
3364 1710 3463 1782 τὴν
3488 1711 3596 1779 γῆν
3636 1708 3892 1777 ἀποστρὲ

2316 1827 2478 1881 φεις.;
2508 1809 2578 1862 τὰ
2615 1808 2673 1862 δὲ
2715 1809 2962 1879 παρόντα
2989 1823 3072 1860 σοι
3092 1805 3291 1871 ποθενς
3326 1805 3391 1857 Ei
3436 1803 3539 1874 μὲν
3569 1801 3680 1855 ἀπὸ
3712 1816 3893 1853 ταυτο-

630 1915 836 1970 tamen,
868 1922 1077 1976 quaaso,
1114 1914 1205 1959 tua
1240 1906 1407 1961 sunt?
1444 1907 1528 1959 An
1582 1920 1689 1958 non
1738 1903 1919 1960 nudus
1958 1904 2213 1959 excidisti

2322 1901 2493 1974 μάτου
2519 1901 2721 1971 λέγεις,
2754 1900 2910 1964 ἄθεος
2940 1895 3012 1964 εἷ,
3044 1898 3119 1968 μὴ
3140 1896 3429 1968 γνωρίζων
3476 1895 3570 1949 τὸν
3603 1894 3891 1954 κτίσαντα,

630 2012 699 2051 ex
732 2009 982 2050 materno
1016 1995 1210 2048 utero?
1249 2010 1318 2049 an
1357 2011 1462 2049 non
1498 1996 1686 2050 nudus
1735 2009 1955 2049 rursum
2001 1994 2055 2047 in
2108 2002 2219 2047 ter-

629 2100 750 2138 ram
796 2082 1125 2138 reverteris?
1172 2082 1303 2148 Qua:
1334 2097 1464 2137 vero
1504 2097 1649 2136 nunc
1706 2081 1895 2146 habes,
1936 2080 2215 2136 unde-tibi

632 2175 1018 2245 contigerunt?
1051 2174 1110 2228 Si
1153 2189 1182 2228 a
1219 2173 1439 2229 fortuna
1486 2173 1717 2237 dixeris,
1776 2174 1979 2244 impius
2012 2189 2093 2235 es,
2123 2173 2216 2243 qui

632 2284 734 2324 nec
756 2268 1073 2323 Creatorem
1110 2280 1405 2337 agnoscas,
1452 2282 1551 2321 nec
1589 2266 1756 2321 ullam
1787 2267 1955 2338 eiqui
1987 2268 2219 2337 largitus

630 2368 737 2421 est,
768 2358 999 2428 gratiam
1031 2356 1255 2411 habeas.
1284 2354 1382 2410 Sin
1416 2370 1446 2409 a
1486 2356 1594 2410 Deo
1617 2372 1647 2410 a
1678 2364 1731 2411 te
1764 2357 1968 2412 habere
1995 2356 2220 2413 confite-

632 2454 732 2516 ris,
779 2452 913 2506 affer
962 2466 1187 2506 causam
1232 2466 1334 2505 cur
1360 2449 1658 2519 acceperis.
1711 2448 1850 2503 Num
1882 2450 2108 2521 iniquus
2138 2460 2221 2506 est

637 2546 798 2607 Deus,
831 2543 929 2616 qui
961 2543 1103 2597 haud
1137 2558 1291 2613 atque
1327 2541 2064 2614 nobistlistribuit?Ecquid
2086 2544 2219 2598 illud

631 2645 720 2693 est
750 2652 850 2691 cur
882 2644 938 2689 tu
992 2635 1192 2706 opibus
1226 2634 1497 2699 abundes,
1535 2633 1629 2688 ille
1681 2643 1875 2689 contra
1907 2636 2104 2707 egeat?
2149 2651 2219 2692 an

634 2744 743 2783 non
776 2728 1024 2790 omnino,
1058 2736 1116 2781 ut
1149 2735 1204 2781 et
1241 2735 1297 2781 tu
1331 2726 1691 2797 benignitatis
1726 2726 2012 2799 fidelisque
2044 2728 2223 2784 admi-

634 2822 986 2877 nistrationis
1024 2819 1329 2876 mercedem
1380 2818 1612 2882 referas,
1662 2825 1717 2874 et
1769 2820 1860 2875 ille
1899 2820 2220 2891 ingentibus

634 2916 910 2984 patientia:
945 2914 1185 2986 praemiis
1233 2912 1504 2967 ornetur?
1566 2910 1792 2968 Siccine
1828 2927 1980 2976 vero,
2019 2915 2222 2971 vastis-

634 3010 776 3063 simo
814 3016 871 3063 et
917 3006 1234 3078 inexplebili
1279 3005 1526 3060 avaritia:
1563 3006 1688 3061 sinu
1719 3005 1905 3061 omnia
1934 3020 2217 3072 coercens,

622 3099 841 3153 nemini
884 3108 937 3154 te
968 3099 1173 3153 inferre
1210 3096 1470 3166 injuriam
1501 3105 1685 3166 putas,
1714 3112 1838 3152 cum
1863 3105 1942 3151 tot
1970 3097 2221 3153 homines

2324 1991 2458 2067 μηδὲ
2486 1992 2647 2062 χάριν
2687 1990 2825 2061 ἔχων
2847 1991 2923 2060 τῷ
2949 1990 3226 2043 δεδωκότι.
3249 1990 3313 2042 Ei
3349 1988 3409 2042 δὲ
3442 1988 3731 2057 ὁμολογεῖς
3766 1982 3892 2038 εἶναι

2296 2085 2472 2155 σπαρά
2495 2083 2656 2147 Θεοῦ,
2706 2084 2826 2137 εἰπὲ
2852 2083 2942 2135 τὸν
2975 2082 3135 2152 λόγον
3160 2081 3226 2135 δι’
3269 2082 3329 2135 ὃν
3356 2080 3569 2144 ἔλαϐες.
3600 2080 3693 2150 Μὴ
3724 2079 3895 2140 ἀδοιος

2302 2180 2348 2231 -6
2376 2178 2529 2243 Θεὸς,
2560 2180 2589 2231 6
2610 2178 2811 2241 ἀνίσως
2832 2179 2963 2248 ἡμῖν
2990 2176 3213 2247 διαιρῶν
3243 2177 3311 2230 τὰ
3329 2175 3425 2229 τοῦ
3458 2175 3577 2245 βίου
3600 2193 3616 2241 ;
3641 2174 3735 2227 διὰ
3758 2172 3808 2225 τί
3837 2173 3894 2224 οὐ

2323 2270 2427 2341 μὲν
2448 2270 2720 2333 πλουτεῖς,
2757 2271 2967 2333 ἐκεῖνος
2988 2269 3046 2322 δὲ
3074 2268 3375 2340 πένεται,ῆ
3412 2269 3635 2331 πάντως
3674 2267 3763 2319 ῖνα
3808 2266 3897 2317 καὶ

2324 2364 2389 2415 σὺ
2413 2362 2787 2433 χρηστότητος
2824 2361 2922 2413 καὶ⁵
2952 2362 3150 2432 πιστῆς
3180 2360 3496 2430 οἰκονομίας
3539 2359 3736 2430 μισθὸν
3772 2358 3892 2410 ὐποο

2321 2453 2470 2525 δέξῃ,
2521 2455 2775 2516 κάκεῖνος
2810 2455 2927 2516 τοῖς
2979 2452 3235 2524 μεγάλοις
3276 2451 3461 2515 ἄθλοις
3501 2453 3603 2521 τῆς
3628 2448 3898 2519 ὑπομονῆς

2312 2544 2558 2617 τιμηθῇς
2590 2545 2662 2599 Σύ
2712 2544 2771 2599 δὲ
2803 2546 2984 2599 πάντα
3032 2546 3146 2608 τοῖς
3191 2541 3539 2614 ἀπληρώτοις
3586 2542 3689 2612 τῆς
3718 2540 3897 2593 πλεον-

2321 2637 2474 2702 εξίας
2524 2635 2750 2701 κόλποις
2802 2635 3248 2709 περιλαμϐάνων,
3298 2634 3495 2688 οὐδένα
3540 2634 3648 2687 οῖει
3703 2633 3897 2686 ἀδικεῖν

2323 2728 2597 2793 τοσούτοις
2645 2729 3007 2803 ἀποστερῶνς
3066 2728 3150 2793 τίς
3184 2731 3332 2783 ἐστιν
3383 2729 3411 2781 6
3441 2726 3811 2795 πλεονέκτης;
3845 2726 3893 2775 ὐ

2325 2822 2403 2893 μὴ
2432 2820 2688 2892 ἐμμένων
2716 2823 2783 2892 τῇ
2811 2822 3135 2893 αὐταρκείᾳ.
3159 2821 3258 2883 Τίς
3286 2820 3343 2873 δὲ
3373 2823 3402 2874 6
3429 2820 3843 2889 ἀποστερητής;
3870 2819 3895 2869 6

2316 2913 2729 2985 ἀφαιρούμενος
2779 2914 2849 2969 τὰ
2890 2915 3163 2968 ἑκάστων.
3193 2914 3266 2967 Σύ
3308 2913 3366 2966 δὲ
3397 2914 3425 2966 6
3457 2911 3812 2979 πλεονέκτης,
3840 2914 3894 2961 ob

2321 3007 2379 3062 δὲ
2420 3008 2822 3080 ἀποστερητὴς,
2879 3007 2915 3063 ἃ
2961 3008 3097 3079 πρὸς
3140 3006 3450 3077 οίκονομίαν
3499 3003 3689 3069 ἐδέξω,
3737 3001 3895 3055 ταῦτα

2317 3100 2433 3156 ίδια
2462 3100 2691 3155 σεαυτοῦ
2716 3101 3062 3172 ποιούμενος.
3098 3101 3161 3153 Εἰ
3190 3102 3219 3154 6
3260 3100 3356 3170 μὲν
3389 3097 3745 3167 ἐνδεδυμένον
3771 3096 3895 3148 ἀπο-

634 3204 824 3243 eorum
864 3205 966 3244 usu
1024 3189 1273 3259 spolias?
1310 3186 1447 3254 Quis
1482 3189 1721 3244 avarus?
1772 3204 1843 3243 an
1884 3205 1994 3245 non
2044 3190 2090 3245 is
2123 3189 2216 3260 qui

2323 3193 2570 3263 γυμνῶν,
2598 3192 2916 3265 λωποδύτης
2941 3192 3426 3264 ὁμολογηθήσεται,
3457 3191 3487 3243 6
3515 3189 3574 3242 δὲ
3596 3188 3804 3259 γυμνὸν
3831 3187 3896 3257 μὴ

636 3295 703 3334 eo
731 3279 1045 3350 quodsatis
1070 3279 1171 3345 sit,
1200 3287 1496 3334 contentus
1529 3295 1640 3335 non
1671 3280 1798 3335 est?
1825 3279 1962 3347 Quis
2014 3284 2221 3352 spolia-

580 3372 584 3377 ’
622 3370 761 3427 «tor?
793 3372 839 3425 is
873 3371 966 3441 qui
987 3385 1093 3431 sua
1115 3371 1318 3441 cuique
1350 3371 1537 3441 eripit.
1572 3369 1652 3424 Tu
1678 3371 1848 3441 igitur
1870 3386 2072 3429 avarus
2104 3374 2216 3435 ille.

618 3473 697 3515 λιιι
735 3461 1024 3532 spoliator,
1061 3461 1154 3531 qui
1185 3475 1251 3515 ea
1302 3476 1427 3531 quae
1461 3459 1819 3531 dispensandi
1849 3476 2019 3518 causa
2061 3478 2221 3518 acce-

620 3553 796 3624 .pisti,
826 3552 1053 3623 tibiipsi
1090 3552 1360 3608 vindicas.
1397 3551 1456 3607 Si
1496 3552 1591 3622 qui
1642 3551 1852 3606 homini
1886 3564 2089 3610 vestem
2126 3554 2221 3610 de-

618 3636 996 3712 .trahit,.citra
1036 3645 1473 3702 controversiam
1496 3644 1587 3699 fur
1618 3652 1734 3708 est,
1770 3644 1860 3700 ille
1889 3645 1982 3715 qui
2011 3648 2218 3701 nudum

630 3753 752 3792 non
772 3735 969 3799 induit,
1003 3750 1127 3790 cum
1154 3734 1209 3789 id
1240 3734 1429 3789 facere
1467 3732 1661 3803 possit,
1700 3734 1946 3804 nunquid
1980 3735 2090 3790 alio
2125 3751 2224 3791 no-

642 3831 792 3885 mine
815 3828 973 3884 debet
999 3826 1302 3899 appellari?
1332 3825 1593 3880 Fameltci
1629 3833 1715 3880 est
1743 3826 1833 3879 ille
1866 3827 2023 3896 panis
2056 3844 2222 3898 quem

2319 3285 2540 3349 ὲνδύων,
2568 3286 2869 3357 δυνάμενος
2903 3286 3062 3340 τοῦτο
3090 3288 3285 3351 ποιεῖν,
3330 3283 3497 3353 ἄλλης
3532 3279 3898 3353 προσηγορίας

2323 3379 2441 3433 ἐστὶ
2460 3378 2644 3447 ἀξιος;
2676 3380 2784 3433 Τοῦ
2819 3379 3113 3442 πεινῶντος
3143 3380 3292 3432 ἐστιν
3320 3380 3348 3431 6
3369 3376 3558 3447 ἄρτος,
3594 3375 3655 3427 ὃν
3694 3376 3760 3427 σύ
3785 3390 3901 3426 κατα

2323 3470 2505 3542 ἐχεις’
2540 3471 2633 3525 τοῦ
2656 3471 3114 3543 γυμνητεύοντος,
3156 3470 3217 3523 τὸ
3264 3471 3504 3539 ἱμάτιον,
3546 3468 3577 3521 δ
3608 3467 3673 3520 σύ
3708 3465 3901 3534 φυλάτ-

2320 3577 2439 3624 τεις
2472 3561 2531 3614 ὲν
2569 3562 2879 3634 ἀποθήκαις
2902 3579 2915 3593 ·
2950 3562 3047 3617 τοῦ
3080 3562 3440 3629 ἁνυποδήτου,
3474 3560 3535 3612 τδ
3576 3559 3852 3626 ὑπόδημα,
3877 3555 3903 3607 ὃ

2324 3654 2477 3723 παρά
2504 3656 2588 3707 σοὶ
2617 3657 3017 3727 κατασήπεται.
3046 3654 3154 3709 Τοῦ
3193 3654 3489 3725 χρῄζοντος
3516 3652 3577 3705 τὸ
3621 3650 3899 3721 ἀργύριον.

2323 3744 2353 3798 ὃ
2398 3748 2717 3819 κατώρυξας
2771 3750 2916 3820 ἔχεις
2955 3766 2969 3781 ο
3006 3749 3148 3803 ῶστε
3192 3748 3470 3810 τοσούτοις
3521 3747 3753 3808 ἀδικεῖς,
3787 3746 3903 3799 ὅσον

2328 3841 2593 3911 παρέχειν
2622 3842 2874 3912 ἡδύνασο.

643 3924 850 3981 retines
872 3940 886 3978 :
910 3923 1050 3978 nudi
1075 3929 1160 3979 est
1188 3920 1568 3979 vestimentum
1587 3919 1809 3990 quodin
1835 3935 2215 3993 arca-servas;
2246 3936 2549 3991 excalceuti
2572 3944 2712 3991 sunt
2747 3936 2824 3990 illi
2857 3935 3027 3991 calcei
3075 3934 3168 4006 qui
3236 3934 3379 4004 apud
3433 3943 3487 3988 te
3547 3946 3900 3999 corrumpun-

628 4027 765 4085 tur;
804 4018 1016 4088 egentis
1054 4016 1289 4087 denique
1332 4028 1528 4068 aurum
1580 4013 1717 4067 illud
1773 4014 1922 4084 quod
1956 4015 2112 4071 htuui
2170 4022 2490 4099 defossum;
2525 4029 2715 4085 habes.
2802 4030 2883 4084 Ac
2963 4029 3193 4099 proinde
3253 4035 3334 4082 tot
3396 4026 3650 4080 homines
3709 4023 3898 4091 injuria

640 4110 833 4175 amcis,
862 4120 999 4181 quot
1030 4117 1160 4165 sunt
1188 4108 1393 4179 quibus
1413 4106 1530 4161 haec
1548 4106 1796 4177 praebere
1819 4117 2076 4178 .poteras.

715 4203 857 4259 Ibid.
884 4233 956 4243 —
1005 4202 1148 4269 Quid
1181 4204 1400 4257 tandem
1445 4208 1551 4264 est,
1584 4215 1618 4254 ο
1654 4199 1819 4264 bone,
1852 4206 1999 4272 quod
2036 4205 2226 4274 probi-

634 4298 1084 4368 .beatquominus
1115 4295 1218 4365 pia:
1248 4291 1527 4362 largitioni
1560 4292 1825 4347 studeas?
1859 4293 2073 4365 Egenus
2103 4299 2228 4354 tabe

643 4389 1015 4452 consumitur,
1048 4387 1225 4441 nudus
1258 4383 1462 4453 frigore
1505 4384 1752 4455 rigescit.
1791 4388 2080 4443 mendicus
2109 4390 2227 4443 suf-

2404 4210 2470 4263 Τί
2495 4210 2557 4264 τὸ
2588 4210 2816 4276 κωλύον,
2848 4204 2894 4265 ὧ
2922 4211 3198 4285 ἄνθρωπε,
3234 4210 3372 4282 πρὸς
3410 4212 3511 4274 τὴν
3538 4211 3850 4302 μετάδοσινς
3871 4212 3896 4263 ὁ

2333 4301 2548 4357 πεινῶν·
2573 4305 2828 4376 τήκεται·
2877 4306 2906 4358 6
2954 4305 3311 4376 γυμνητεύων
3346 4301 3642 4378 πήγνυται,
3678 4308 3707 4359 6
3738 4308 3891 4360 ἀπαι-

2326 4392 2592 4465 τούμενος
2623 4395 2871 4466 ἀγχεται,
2907 4398 3001 4451 καὶ
3026 4399 3091 4451 σύ
3135 4397 3235 4465 τὴν
3267 4397 3645 4468 ἐλεημοσύνην
3692 4398 3773 4461 είς
3804 4396 3892 4466 τὴν

642 4483 893 4543 focatur;
957 4486 1012 4535 et
1066 4485 1124 4532 tu
1176 4477 1584 4546 cleemosynam
1639 4478 1694 4532 in
1756 4488 2037 4549 posteram
2077 4481 2216 4537 diem

2331 4486 2520 4558 αὐριον
2552 4488 2872 4554 ἀναϐάλλεις
2892 4507 2908 4556 ;

640 4572 871 4643 rejicis?

712 4663 905 4728 Eiusd.
935 4663 1074 4717 hom.
1105 4662 1186 4718 Ad
1219 4662 1369 4717 divit.
1401 4692 1471 4703 —
1494 4663 1693 4720 Omnia
1728 4662 1783 4718 in
1820 4665 2220 4722 aurinaturam

632 4756 1050 4827 .mutarioptas.
1090 4754 1231 4822 Quid
1258 4756 1406 4810 enim
1450 4763 1537 4811 est
1576 4755 1725 4826 quod
1761 4756 1881 4809 auri
1914 4771 2080 4812 causa
2112 4773 2220 4812 non

642 4850 892 4904 moveas?
924 4847 1263 4903 frumentum
1294 4847 1393 4902 tibi
1428 4848 1483 4902 in
1519 4862 1717 4902 aurum
1747 4847 2000 4911 ellicitur,
2032 4851 2219 4905 vinum

634 4940 701 4995 .in
734 4954 947 4995 aurum
987 4941 1336 5006 concrescit,
1396 4941 1535 4996 lanae
1583 4942 1638 4995 in
1674 4954 1871 4995 aurum
1908 4950 2217 4998 vertuntur.

643 5030 921 5101 Quidquid
986 5030 1461 5094 comminiscaris,
1520 5046 1720 5085 aurum
1784 5031 1882 5087 tibi
1934 5034 2217 5089 conciliat.

636 5123 937 5193 lpsummet
972 5138 1170 5178 aurum
1198 5122 1441 5193 seipsum
1474 5134 1719 5193 generat,
1782 5124 2067 5181 fenoribus
2107 5130 2220 5181 sei—

636 5216 768 5271 lncet
809 5216 961 5271 varie
998 5215 1445 5285 multiplicatum.
1492 5214 1654 5272 Nulla
1708 5218 1940 5273 satietas
1992 5218 2217 5287 accidit,

636 5308 785 5362 nulla
826 5308 1101 5379 reperitur
1130 5316 1275 5363 meta
1310 5307 1653 5379 cupiditatis.

659 5436 664 5440 .
707 5398 853 5454 Ibid.
881 5429 954 5439 -—
985 5399 1204 5465 Quanto
1258 5401 1453 5471 opibus
1482 5400 1725 5470 augeris,
1774 5416 1841 5457 eo
1878 5402 2054 5473 magis
2084 5402 2218 5457 cha-

638 5493 802 5545 ritate
824 5492 1109 5549 minueris.
1148 5491 1291 5559 Quid
1321 5506 1541 5557 muares,
1571 5508 1605 5547 ο
1639 5493 1824 5558 homo,
1850 5494 2059 5548 caduca
2095 5509 2221 5564 pro-

627 5582 852 5651 jieicns,
884 5592 938 5637 et
964 5584 1233 5639 calorum
1265 5599 1492 5655 regnum
1523 5584 1839 5655 recipiens?
1862 5585 1977 5639 (Zur
2012 5570 2216 5656 petenti

634 5690 824 5744 negas,
863 5683 919 5727 et
964 5674 1097 5731 dare
1135 5691 1383 5739 recusas,
1441 5691 1566 5731 cum
1616 5676 1835 5731 interim
1893 5676 2216 5732 innumeras

632 5775 947 5834 smnptuum
1018 5766 1343 5821 occasiones
1424 5766 1751 5822 meditaris?
1816 5765 1958 5833 Quid
2040 5765 2213 5836 judici

631 5858 1015 5929 respondebis,
1052 5859 1144 5930 qui
1176 5860 1414 5929 pariaes
1440 5860 1630 5927 vestis,
1663 5876 1763 5917 nec
1799 5860 2076 5917 hominem
2127 5859 2212 5915 iu-

2245 4556 2303 4614 Ι)

2398 4662 2545 4739 Εὐχῃ
2574 4663 2643 4719 τὰ
2677 4664 2857 4719 πάντα
2885 4664 3022 4736 πρὸς
3050 4665 3150 4736 τὴν
3179 4664 3271 4720 τοῦ
3295 4665 3503 4737 χρυσοῦ
3542 4669 3708 4735 φύσιν
3741 4682 3894 4735 μετα·

2330 4757 2617 4828 σληθῆναι.
2652 4756 2818 4809 Ποίαν
2850 4757 2907 4810 δὲ
2947 4758 3193 4830 μηχανὴν
3222 4758 3312 4812 διὰ
3336 4758 3429 4810 τὸν
3444 4758 3664 4829 ’χρυσὸν
3696 4758 3795 4810 οὐκ
3821 4759 3888 4808 ἐν·

2328 4852 2502 4915 νοεῖς;
2532 4853 2560 4902 6
2588 4851 2733 4912 σῖτος
2764 4849 2968 4920 ,χρυσός
2990 4866 3074 4902 σοι
3097 4850 3329 4918 γίνεται,
3368 4852 3396 4903 6
3425 4845 3567 4913 οἶνος
3586 4852 3669 4913 είς
3704 4848 3891 4919 χρυσὸν

2331 4942 2766 5013 μεταπήγνυται,
2790 4942 2859 4995 τὰ
2878 4940 3000 5011 ἔριά
3026 4958 3108 4995 σοι
3133 4941 3544 5011 ἀποχρυσοῦται
3564 4958 3580 4974 ο
3603 4943 3751 4995 πᾶσα
3774 4940 3890 4993 ἐπί-

2327 5050 2448 5088 νοια
2497 5033 2698 5104 χρυσόν
2741 5049 2823 5086 σοι
2868 5033 3155 5103 προσάγει.
3210 5034 3381 5096 Αὐτὸς
3425 5032 3619 5087 ἑαυτὸν
3648 5033 3676 5085 6
3706 5032 3900 5104 χρυσὸς

2326 5126 2601 5195 ἀπογεννᾷ
2658 5124 3239 5195 πολυπλασιαζόμενον
3289 5126 3348 5179 ὲν
3399 5125 3749 5196 δανείσμασι,
3810 5126 3901 5177 καὶ

2322 5217 2487 5288 κόρος
2522 5216 2808 5282 οὐκῖέστι,
2852 5218 2948 5270 καὶ
3001 5217 3064 5270 τὸ
3100 5216 3253 5281 τέλος
3296 5216 3397 5288 τῆς
3451 5216 3754 5288 ἐπιθυμίας
3805 5218 3903 5270 οὐκ

2325 5310 2721 5381 ἐξευρίσκεται.

2398 5403 2550 5474 Ὀσῳ
2584 5400 2904 5467 πλεονάζεις
2936 5400 3017 5473 τῷ
3044 5401 3269 5472 πλούτῳ
3289 5442 3305 5467 ,
3349 5400 3605 5454 τοσοῦτον
3638 5400 3903 5460 ὲλλείεις

2322 5498 2391 5568 τῇ
2440 5498 2653 5568 ἀγάπῃ.
2695 5495 2795 5550 Διά
2848 5496 2901 5548 τί
2950 5495 3205 5565 ἀθυμεῖς,
3262 5488 3308 5547 ὦ
3360 5492 3643 5563 ἄνθρωπε,
3688 5492 3903 5562 φθαρτά

2324 5587 2670 5660 προϊέμενος,
2694 5587 2791 5641 καὶ
2838 5586 3119 5657 βασιλείαν
3152 5583 3402 5655 οὐρανῶν
3445 5583 3902 5653 ἀντιλαμϐάνωνς

2324 5679 2423 5731 Διά
2443 5679 2496 5730 τί
2520 5679 2659 5750 ἀρνῇ
2687 5678 2781 5731 τὸν
2818 5677 3075 5732 αἰτοῦντα
3096 5721 3112 5745 ,
3158 5676 3255 5731 καὶ
3293 5674 3570 5745 ἀπαναίνῃ
3602 5673 3700 5744 τὴν
3732 5673 3905 5733 δόσιν,

2326 5770 2529 5841 μυρίας
2562 5770 2865 5841 προφάσεις
2884 5770 3260 5842 ἀναλωμάτων
3277 5766 3548 5839 ἑξηινοῶη
3582 5764 3648 5819 Τί
3670 5767 3906 5835 ἀποκρι-

2324 5861 2464 5933 θήσῃ
2498 5860 2575 5933 τῷ
2604 5863 2787 5933 κριτῇ,
2818 5864 2847 5917 6
2875 5863 3002 5929 τούς
3032 5862 3245 5934 τοίχους
3272 5857 3645 5933 ἀμφιεννύων,
3679 5856 3905 5928 ἀνθρω-
