4052 6398
179 423 307 492 1485

1420 420 1660 481 SACRA
1691 416 2153 478 PARALLELA.

3269 414 3406 479 1496

172 556 271 596 ’πον
289 540 386 594 οὐκ
412 536 613 599 ἐνδυεις
638 551 654 600 ;
676 536 704 588 ὀ
729 534 855 597 τοὺς
882 532 1079 596 ίππους
1110 532 1355 603 κοσμῶν,
1387 531 1479 585 τὸν
1504 527 1731 598 ἀδελφὸν

1833 523 2117 593 duis?qui
2150 537 2323 594 equos
2372 538 2560 589 ornas,
2611 528 2666 577 et
2692 536 2914 577 rratrem
2950 521 3207 578 indecore
3237 528 3405 580 vesti-

174 629 580 704 ἀσχημονοῦντα
634 627 932 698 περιορᾷςς
986 625 1015 678 ὀ
1058 626 1391 695 κατασήπων
1428 622 1521 676 τὸν
1563 624 1731 688 σῖτον,

173 728 293 788 τοὺς
315 721 613 784 πεινῶντας
644 720 705 773 ού
736 719 989 791 τρέφειςς
1021 720 1051 771 ὀ
1083 719 1175 771 τὸν
1222 717 1425 790 χρυσὸν
1469 715 1735 787 κατορύσ-

176 832 298 883 σων,
326 812 420 867 τοῦ
450 809 754 882 ἀγχομένου
784 810 1175 879 καταφρονεῑς;

239 990 447 1060 Ὠσπερ
477 988 528 1041 ot
554 988 651 1051 τὰς
688 986 965 1056 κλίμακας
1003 985 1389 1050 ἀναϐαίνοντες
1414 1022 1430 1049 ,
1470 986 1561 1040 ἀεὶ
1596 986 1734 1058 πρὸς

200 1084 264 1155 ὴν
291 1083 697 1153 ὑπερκειμένην
744 1080 979 1151 βαθμίδα
1030 1080 1093 1135 τὸ
1141 1081 1290 1151 ἴχνος
1341 1079 1613 1152 αἴροντες,
1670 1079 1731 1132 οὐ

170 1172 430 1243 πρότερον
474 1171 741 1235 ἵστανται,
791 1171 921 1243 πρὶν
962 1171 1029 1225 ἂν
1061 1172 1159 1242 τῆς
1209 1171 1385 1241 ἀρχῆς
1408 1170 1730 1239 ἐφίκωνται,

170 1265 304 1319 οὕτω
325 1264 447 1318 οὐδὲ
474 1266 524 1318 οἱ
552 1264 797 1317 πλούσιοι
830 1263 1095 1320 παύονται
1117 1304 1131 1324 ,
1154 1265 1258 1328 ’ἐως
1305 1263 1370 1318 ἂν
1403 1263 1729 1333 ὑψωθέντες,

169 1356 272 1412 ἀπὸ
290 1356 385 1410 τοῦ
416 1355 711 1427 πτώματος
739 1357 965 1421 ἑαυτοὺς
998 1356 1437 1428 καταρρήξωσιν.

260 1622 371 1676 Οσα
435 1621 624 1692 βλέπει
671 1622 702 1675 ὀ
759 1622 1059 1694 ὀφθαλμὸς,
1116 1622 1357 1677 τοσαῦτα
1408 1622 1669 1694 ἐπιθυμεῖ
1703 1624 1733 1677 ὀ

167 1714 511 1784 πλεονέκτης.
540 1715 616 1768 Οὐ
666 1715 1043 1787 πλησθήσεται
1073 1717 1101 1769 ὀ
1139 1715 1418 1786 ὀφθαλμὸς
1450 1715 1548 1769 τοῦ
1578 1718 1729 1788 ὀρᾷν,

167 1811 257 1863 καὶ
300 1810 361 1862 ού
394 1808 790 1879 κορεσθήσεται
822 1809 1161 1880 φιλάργυρος
1195 1809 1291 1862 τοῦ
1314 1808 1634 1878 λαμϐάνειν.
1672 1809 1731 1863 ’0

160 1902 309 1970 ᾅδης
329 1903 443 1955 οὐκ
462 1898 650 1955 εἷπεν-ο
687 1900 889 1969 Ἀρκεῖ,
911 1900 1029 1953 οὐδὲ
1052 1901 1081 1952 ό
1101 1900 1434 1970 πλεονέκτης
1455 1897 1577 1954 εἷπὲ
1602 1918 1730 1954 ποτε
1761 1890 1805 1947 Β

164 1996 241 2053 τὸ.
280 1994 484 2065 Ἀρκεῖ.
518 1992 654 2046 Πότε
680 1992 860 2065 χρήσῃ
887 1993 997 2055 τοῖς
1022 1991 1320 2063 παροῦσιν;
1353 1991 1485 2045 πότε
1511 1992 1567 2045 δὲ
1596 1993 1731 2045 ἀπο-

164 2086 363 2159 λαύσῃς
390 2085 601 2149 αὐτῶν,
628 2085 717 2139 ἀεὶ
744 2086 854 2149 τοῖς
888 2084 1074 2147 πόνοις
1099 2083 1199 2153 τῆς
1228 2083 1459 2146 κτίσεως
1508 2084 1729 2154 συνεχό-

168 2195 320 2250 μενος
354 2195 369 2244 ;
405 2178 544 2233 Οὐαὶ
576 2178 687 2241 τοῖς
739 2175 1101 2231 συνάπτουσιν
1131 2174 1310 2229 οἰκίαν
1349 2175 1489 2247 πρὸς
1527 2176 1729 2241 οἰκίαν,

166 2272 253 2325 καὶ
282 2270 454 2342 ἀγρὸν
483 2269 617 2341 πρὸς
646 2268 815 2339 ἀγρὸν
864 2266 1198 2336 ἐγγίζουσιν,
1247 2267 1335 2320 ἵνα.
1362 2266 1456 2320 τοῦ
1501 2268 1732 2339 πλησίον

163 2361 464 2432 ἀφέλωνται
495 2379 568 2416 τι.
593 2361 664 2415 Σὺ
690 2360 747 2413 δὲ
776 2359 827 2415 τί
856 2362 1027 2423 ποιεῖς
1046 2376 1061 2425 ;
1083 2359 1156 2412 Οὐ
1187 2357 1504 2432 προφασίζῃ
1537 2359 1729 2430 μυρία,

166 2455 245 2507 ἴνα
268 2453 442 2525 λάϐῃς
467 2452 538 2506 τά
557 2452 652 2505 τοῦ
678 2450 940 2521 πλησίον;
978 2450 1287 2503 Ἐπισκοτεῐ
1317 2465 1431 2518 μοι,
1453 2449 1607 2520 φησὶ,
1637 2449 1731 2503 τοῦ

164 2548 403 2616 γείτονος
432 2547 466 2617 ἡ
496 2544 645 2600 οἰκία
665 2585 681 2610 ,
722 2542 983 2615 θορύϐους
1028 2541 1257 2613 ἐνίησιν,
1296 2540 1329 2612 ἢ
1364 2541 1423 2594 τὸ
1454 2541 1734 2612 πεπλανη-

165 2640 322 2710 μόνον
371 2639 732 2709 ὑποδέχεται·
786 2636 821 2705 ἢ
874 2637 957 2690 ὅτι
1006 2635 1073 2689 ἂν
1121 2633 1276 2705 τύχοι
1321 2635 1729 2705 αἰτιασάμενος,

162 2732 555 2805 περιελαύνων,
593 2730 690 2784 καὶ
716 2728 935 2794 ὲξωθῶν
952 2766 970 2790 ,
998 2729 1094 2782 καὶ
1118 2726 1291 2781 ἕλκων
1316 2726 1424 2792 ἀεὶ,
1463 2727 1558 2780 καὶ
1591 2744 1732 2780 σπα-

164 2827 400 2897 ράσσων,
455 2824 518 2877 ού
560 2823 827 2893 πρότερον
876 2819 1166 2884 παύσεται,
1199 2818 1329 2890 πρὶν
1374 2818 1441 2873 ἂν
1472 2818 1730 2889 ἐπαγάγῃ

159 2918 346 2979 αὐτοῖς
374 2915 624 2985 ἀνάγκην
654 2912 1096 2974 ἐπαναστάσεως.
1148 2910 1213 2964 Τί
1264 2908 1443 2964 τοίνυν
1486 2910 1733 2963 Νώουθὲ

160 3008 249 3063 τὸν
289 3006 635 3079 ἰσραηλίτην
672 3002 1182 3073 ἀπέκτεινεν;ούχὶ
1213 3001 1306 3055 τοῦ
1365 3002 1571 3071 Ἀχαάϐ
1610 3002 1734 3053 ἐπι-

160 3101 330 3173 θυμία
373 3100 468 3154 τοῦ
515 3097 865 3169 άμπελῶνος;
915 3095 1154 3166 Πονηρὸς
1198 3095 1257 3147 ὲν
1278 3092 1431 3147 πόλει
1463 3093 1730 3157 σύνοικος,

162 3192 392 3264 πονηρὸς
420 3194 477 3244 ὲν
509 3191 701 3261 ἀγροῖς
724 3191 753 3244 ὀ
775 3187 1128 3257 πλεονέκτης.
1168 3186 1234 3239 Ἡ
1254 3185 1497 3239 θάλασσα
1522 3181 1632 3239 οἶδε
1663 3183 1733 3239 τά

161 3288 283 3358 ὅρια
315 3286 548 3355 ἑαυτῆς,
594 3285 628 3355 ή
680 3282 777 3347 νὺξ
809 3281 908 3352 οὐχ
944 3278 1263 3351 ὑπερϐαίνει
1303 3277 1584 3350 ὁροθεσίας
1626 3280 1729 3349 άρ-

163 3380 320 3449 χαίας
340 3396 353 3411 ·
390 3380 420 3433 ὀ
447 3376 777 3445 πλεονέκτης
808 3376 909 3427 οὑκ
935 3373 1162 3426 αἰδεῖται
1186 3372 1397 3441 χρόνον,
1429 3371 1491 3424 ού
1524 3372 1729 3445 γνωρί-

161 3472 240 3536 ζει
269 3473 420 3542 ὅρον,
455 3470 517 3523 ού
550 3468 824 3538 συγχωρεί
851 3463 1148 3535 ἀκολουθίᾳ
1168 3463 1445 3533 διαδοχῆς,
1470 3462 1607 3517 ἀλλά
1637 3481 1729 3534 μι-

163 3565 342 3633 μεῖται
372 3562 467 3615 τοῦ
501 3560 674 3630 πυρὸς
715 3559 817 3630 τὴν
861 3557 984 3628 βίαν
1004 3572 1019 3587 ο
1049 3556 1228 3610 πάντα
1275 3555 1728 3626 ἐπιλαμϐάνεται,

162 3658 338 3710 πάντα
371 3654 716 3722 ἐπινέμεται.
734 3651 848 3706 Καὶ
873 3652 1064 3721 ὥσπερ
1086 3650 1136 3702 οί
1169 3650 1407 3719 ποταμοὶ
1434 3650 1499 3701 ὲκ
1525 3650 1732 3719 μικρᾶς

161 3750 254 3820 τῆς
279 3747 507 3821 πρώτης
534 3746 710 3817 ἀρχῆς
734 3742 1087 3816 ὁρμηθέντες,
1115 3736 1235 3795 εἶτα
1262 3743 1383 3805 ταῖς
1409 3743 1527 3795 κοτ’
1552 3740 1732 3809 ὀλίγον

162 3840 502 3912 προσθήκαις
530 3838 903 3891 ἀνυπόστατον
928 3833 1185 3896 λαϐόντες
1223 3832 1323 3904 τὴν
1367 3830 1618 3903 αὔξησιν,
1652 3832 1733 3903 τῷ

162 3934 316 4006 βιαίῳ
346 3932 449 4002 τῆς
476 3930 647 4001 φορᾶς
676 3928 736 3983 τὸ
754 3927 1103 3999 ἐνιστάμενον
1130 3922 1530 3997 παρασύρουσι.

223 4201 285 4253 Τί
302 4194 396 4253 οὗν
417 4196 557 4269 μετά
576 4196 747 4251 ταῦτα
772 4194 936 4266 ;Ούχὶ
956 4194 1106 4266 τρεῖς
1121 4210 1183 4246 σε
1208 4193 1403 4265 πήχεις
1431 4190 1735 4262 ἀναμένου-

162 4309 240 4345 σιν
255 4294 305 4346 οἱ
325 4291 530 4353 πάθτες
548 4308 563 4356 ;
581 4290 703 4359 οὐχὶ
732 4288 899 4342 λίθων
926 4288 1121 4355 ὀλίγων
1145 4285 1308 4358 βάρος
1330 4284 1554 4357 ἀρκέσει
1596 4282 1735 4355 πρὸς

162 4370 400 4456 φυλᾶἶιὴν
418 4386 485 4454 τῇ
504 4383 752 4453 δυστήνῳ
773 4380 934 4451 σαρκί
949 4398 965 4447 ;
983 4380 1123 4450 ὑπὲρ
1140 4379 1284 4440 τίνος
1312 4376 1532 4449 μοχθεῖς
1555 4395 1571 4444 ;
1590 4377 1733 4448 ὑπὲρ

160 4478 294 4541 τίνος
319 4476 689 4547 παρανομεῖςς
712 4472 763 4524 τί
785 4471 1034 4538 συνάγεις
1079 4469 1267 4540 χερσὶν
1296 4469 1597 4539 ἀκαρπίαν;
1619 4463 1732 4520 εἴθε

1833 628 1949 673 tum
1985 616 2252 688 negligis?
2296 620 2399 689 qui
2455 618 2790 673 frumentum
2840 617 3123 687 corrumpi
3160 617 3321 682 sinis,
3352 630 3400 673 et

1833 709 1977 765 tame
2010 708 2322 767 laborantes
2362 710 2530 782 5.86
2568 725 2676 765 non
2726 710 2876 767 alis?
2904 710 3021 780 qui.
3049 725 3175 765 cum
3212 725 3404 766 aurum

1802 812 1995 861 terra:
2049 801 2307 869 infodias,
2342 818 2469 859 eum
2520 802 2616 873 qui
2674 801 3178 873 l‘ame‘prael‘ocatur
3219 818 3405 859 asocr.

1832 896 1984 950 naris
2001 896 2024 949 ?

1905 988 2049 1045 Ibid.
2078 986 2651 1057 --Queniadmodum
2697 989 2791 1057 qui
2842 987 3025 1042 scalas
3075 986 3405 1049 ascendunt,

1832 1092 2050 1149 semper
2083 1078 2151 1133 ad
2189 1078 2568 1134 sublimiorem
2613 1077 2841 1149 gradum
2877 1076 3065 1144 pedem
3095 1077 3409 1143 ell‘erentes,

1832 1185 1943 1226 non
1976 1172 2131 1242 prius
2155 1171 2468 1226 consistunt
2496 1185 2661 1241 quam
2708 1169 2779 1225 ad
2834 1185 3150 1241 supremum
3182 1166 3439 1240 gradum'

1832 1265 2200 1336 pervenerint,
2228 1264 2419 1320 eodem
2451 1263 2616 1320 modo
2661 1279 2763 1319 nec
2803 1263 3003 1319 divites
3035 1260 3411 1333 congerenda-

1832 1371 1953 1411 rum
1985 1370 2148 1425 opum
2171 1355 2330 1409 linem
2357 1353 2584 1415 faciunt,
2604 1368 2892 1424 quousque
2919 1353 2972 1407 in
2988 1353 3254 1407 altissima
3286 1368 3414 1422 pro-

1830 1446 1970 1501 vecti
2004 1461 2130 1500 cum
2166 1444 2392 1510 fuerint,
2418 1459 2449 1501 e
2482 1443 2705 1500 sublimi
2735 1451 2986 1509 ruentes,
3029 1444 3240 1514 seipsos
3262 1457 3414 1498 com-

1832 1537 2101 1591 minuant.

1906 1627 2046 1681 Ibid.
2080 1657 2151 1667 —-
2178 1635 2456 1693 quantum
2480 1626 2674 1682 oculus
2716 1628 3001 1698 prospicit,
3026 1634 3241 1682 tantum
3274 1646 3400 1699 quo-

1832 1737 1941 1793 que
1970 1735 2175 1775 avarus
2195 1720 2563 1790 concupiscit.
2594 1718 2709 1774 Non
2737 1721 3032 1775 satiabitur
3055 1722 3249 1776 oculus
3271 1724 3412 1787 visu,

1832 1828 1936 1868 nec
1966 1811 2461 1883 pecunimcupidus
2483 1811 2808 1880 accipiendo
2832 1812 3145 1867 satiabitur.
3170 1812 3415 1882 lnfemus

1832 1917 2104 1971 nunquam
2125 1901 2299 1955 dixit:
2334 1898 2535 1970 Sufficit
2559 1900 2741 1971 (Prov.
2769 1917 2898 1967 xxx,
2935 1901 3060 1969 16);
3100 1918 3197 1957 nec
3216 1918 3416 1958 avarus

1832 1993 1973 2049 dixit
2004 2008 2245 2064 unquam
2280 1993 2467 2048 :Satis
2501 2001 2606 2048 est.
2649 1992 2882 2059 Quando
2910 1995 3276 2063 praesentibus
3301 2007 3418 2049 tan-

1830 2084 1954 2140 dem
1996 2084 2211 2141 uteris?
2247 2084 2472 2154 quando
2530 2082 2644 2139 illis
2710 2082 2939 2147 frueris,
2975 2084 3069 2153 qui
3102 2098 3320 2153 semper
3361 2084 3416 2138 in

1831 2178 2157 2248 acquirendi
2188 2176 2377 2233 labore
2405 2175 2781 2232 distraheris?
2808 2175 2901 2231 Vae
2930 2178 3027 2246 qui
3072 2176 3421 2247 conjungunt

1832 2270 2057 2326 domum
2079 2271 2289 2335 domui,
2314 2280 2368 2327 et
2387 2286 2580 2341 agrum
2609 2285 2743 2341 agro
2772 2271 3053 2341 c0pulant,
3080 2281 3140 2324 ut
3168 2271 3420 2341 proximo
3462 2307 3469 2314 .

1832 2361 2116 2434 quidpiam
2147 2362 2459 2418 detrahant.
2494 2361 2576 2417 Tu
2609 2371 2791 2418 autem
2818 2362 2950 2434 quid
2991 2362 3165 2420 facis?
3193 2365 3275 2418 An
3311 2381 3418 2418 non

1832 2462 2125 2509 sescentas
2147 2453 2477 2511 occasiones
2512 2454 2790 2524 praetexis,
2819 2463 2879 2509 ut
2904 2454 3140 2526 proximi
3186 2454 3418 2511 faculta-

1832 2553 1917 2601 tes
1942 2545 2222 2616 accipias?
2246 2544 2429 2601 Vicini
2455 2545 2675 2611 domus,
2708 2544 2917 2615 inquis,
2954 2545 3258 2601 luminibus
3282 2547 3420 2602 meis

1833 2636 2021 2701 ollicit,
2050 2637 2321 2693 tumultus
2364 2636 2474 2692 ciet
2506 2654 2521 2703 ;
2553 2636 2607 2692 id
2659 2637 2806 2708 quod
2840 2637 3005 2693 domo
3029 2651 3149 2692 mea
3181 2636 3418 2705 aberrat,

1832 2731 2039 2802 excipit
2078 2749 2093 2798 ;
2122 2738 2218 2785 aut
2262 2730 2466 2801 aliquid
2510 2730 2659 2786 aliud
2684 2739 2963 2791 causatus.
2997 2744 3107 2784 non
3137 2745 3260 2785 eum
3294 2739 3420 2813 ante

1833 2822 2133 2890 exagitare,
2166 2835 2389 2887 vexare,
2419 2821 2657 2885 trahere,
2711 2828 2810 2875 aut
2862 2820 3137 2876 lacessere
3182 2818 3417 2886 desinis,

1832 2930 1997 2985 quam
2052 2914 2109 2967 in
2166 2914 2555 2968 necessitatem
2591 2911 2912 2977 adduxeris,
2952 2920 3016 2965 ut
3053 2926 3117 2967 ex
3144 2911 3263 2967 suis
3288 2911 3420 2966 aedi-

1833 3006 1936 3062 bus
1988 3006 2099 3061 alio
2152 3006 2371 3076 migret.
2415 3004 2560 3071 Quid
2608 3005 2780 3067 enim,
2839 3018 3051 3076 quaeso,
3114 3003 3418 3059 lsraelitam

1834 3100 1987 3154 illum
2026 3097 2335 3153 Nabuthem
2388 3097 2708 3154 interemit?
2756 3112 2827 3152 an
2882 3112 2991 3152 non
3030 3096 3203 3153 vineae
3241 3097 3419 3168 ipsius

1833 3192 2131 3262 cupiditas,
2178 3205 2288 3262 qua
2339 3189 2529 3249 Achab
2592 3188 2858 3246 ardebat?
2907 3188 3084 3244 Malus
3153 3188 3207 3243 in
3262 3188 3419 3251 urbe,

1809 3284 2012 3340 ‘malns
2060 3283 2177 3339 ruri
2227 3282 2650 3339 contubernalis
2697 3291 2782 3338 est
2827 3296 3051 3337 avarus.
3086 3280 3236 3336 Mare
3284 3281 3421 3335 lines

1831 3377 2084 3447 agnoscit
2114 3390 2269 3439 suos,
2307 3389 2419 3431 nox
2456 3382 2672 3431 veteres
2709 3373 2975 3431 terminos
3021 3389 3131 3429 non
3167 3372 3418 3439 excedit;

1832 3482 1889 3522 at
1912 3483 2110 3523 avarus
2138 3482 2250 3521 non
2284 3474 2559 3522 vetustate
2581 3475 2862 3533 movetur,
2897 3481 3007 3520 non
3048 3464 3252 3519 limites
3278 3464 3422 3518 ullos

1831 3561 2105 3633 agnoscit,
2137 3575 2250 3615 non
2278 3558 2654 3616 successionis
2683 3557 2845 3614 seriei
2874 3556 3127 3621 decedit;
3160 3556 3256 3611 sed
3278 3555 3421 3626 ignis

1832 3652 2099 3722 impetum
2154 3651 2428 3717 imitatur,
2475 3650 2664 3705 omnia
2718 3648 2948 3712 invadit,
3000 3648 3188 3703 omnia
3245 3662 3424 3718 p0pu-

1830 3746 2013 3809 latur,
2065 3752 2120 3801 et
2168 3743 2630 3815 quemadmodum
2687 3741 2875 3807 ﬂuvii,
2934 3756 3061 3797 cum
3125 3756 3191 3797 ex
3250 3756 3421 3811 parvn

1831 3838 1936 3893 orti
1996 3835 2270 3908 principio
2299 3836 2432 3899 sint,
2486 3844 2601 3888 tum
2643 3832 2845 3889 deinde
2883 3847 2983 3903 per
3032 3831 3193 3886 tacita
3236 3831 3419 3887 incre-

1832 3939 2018 3984 menta
2042 3970 2059 3995 ,
2115 3926 2463 3982 intolerabile
2492 3922 2773 3996 quoddam
2818 3930 3178 3995 augmentum
3211 3923 3416 3994 adepti,

1833 4034 2031 4076 cursus
2087 4018 2173 4074 sui
2231 4018 2559 4089 rapiditate,
2615 4015 2890 4088 quidquid
2936 4014 3172 4072 obsistat
3230 4031 3417 4072 secum

1833 4109 2084 4165 trahunt.

1907 4200 2049 4256 Ibid.
2074 4231 2144 4240 —
2178 4199 2318 4268 Quid
2373 4214 2505 4271 ergo
2534 4198 2809 4270 posthac?
2838 4196 3098 4268 Nunquid
3143 4212 3256 4252 non
3309 4206 3419 4254 tres

1832 4294 2106 4351 duntaxat
2140 4303 2303 4350 terrze
2341 4293 2515 4349 cubiti
2552 4301 2603 4347 te
2647 4291 3004 4362 exspectant?
3044 4306 3114 4345 an
3145 4306 3256 4345 non
3283 4306 3419 4362 pau-

1832 4402 2025 4443 corum
2075 4387 2321 4458 lapidum
2377 4386 2551 4440 moles
2588 4383 2965 4441 custodienda:
3002 4384 3218 4438 miserae
3263 4384 3413 4437 carni

1834 4479 2145 4535 sullicient?
2174 4478 2463 4548 cujusnam
2503 4478 2678 4548 gratia
2708 4475 2977 4531 laboras?
3026 4475 3187 4543 cujus
3240 4477 3413 4546 gratia

159 4570 575 4642 ἀκαρπίαν,κα“ι
605 4565 680 4637 μή
712 4564 844 4636 ῦλην
864 4563 1065 4633 αἰωνίῳ
1090 4562 1333 4633 πυρί.οὐ
1372 4561 1561 4632 νήψεις
1602 4559 1731 4613 ποτὲ

1838 4569 1891 4623 in
1941 4568 2151 4623 scelera
2194 4566 2551 4636 prorumpis?
2605 4580 2709 4620 cur
2766 4566 3022 4620 manibus
3062 4565 3413 4621 sterilitatem

159 4664 259 4718 ἀπὸ
271 4666 370 4737 τῆς
394 4663 570 4737 μέθης
595 4661 833 4731 ταύτης;
860 4659 960 4729 οὐχ
975 4658 1219 4725 ὕγιανεῖς
1246 4655 1373 4719 τοὺς
1402 4653 1730 4724 λογισμούς;

157 4761 215 4813 ού
234 4758 460 4814 σεαυτοῦ
480 4754 789 4827 γενήσῃςού
807 4754 913 4826 πρὸ
931 4751 1226 4822 ὀφθαλμῶν
1240 4749 1386 4820 λήψῃ
1413 4748 1470 4802 τὸ
1487 4747 1581 4801 τοῦ
1596 4748 1735 4817 Χρι-

160 4853 281 4907 στοῦ
302 4830 689 4922 δικαστήριονς
719 4849 785 4903 Τί
831 4847 1169 4917 ἀπολογήσῃ,
1200 4843 1417 4896 ἐπειδάν
1451 4859 1511 4895 σε
1547 4840 1731 4911 κύκλῳ

160 4947 509 5016 περιστάντες
535 4944 585 4996 οἱ
605 4939 924 5013 ἠδικημένοι
946 4935 1254 4991 κατασοῶσι
1285 4934 1379 4986 ἐπὶ
1405 4933 1499 4986 τοῦ
1519 4932 1729 4985 δικαίου

160 5037 339 5109 κριτοῦ
366 5054 381 5102 ;
412 5036 481 5088 Τί
509 5030 602 5088 οὖν
630 5034 913 5104 ποιήσεις;
942 5029 1127 5091 ποίους
1159 5025 1491 5096 συνηγόρους
1525 5022 1731 5095 μισθώ-

161 5146 303 5196 σεις;
331 5132 518 5192 ποίους
549 5127 837 5198 μάρτυρας
866 5122 1276 5192 παραστήσεις,
1309 5120 1426 5181 πῶς
1456 5116 1734 5189 παραπεί-

161 5240 270 5286 σεις
314 5224 404 5276 τὸν
441 5221 881 5293 ἀπαραλόγιστον
925 5216 1218 5286 δικαστήν;
1269 5212 1371 5266 οὐκ
1429 5211 1510 5264 ἔνι
1544 5212 1729 5283 ῥήτωρ

160 5316 273 5368 ἐκεῖ
298 5316 481 5370 οὐκέτι
538 5312 834 5383 πιθανότης
887 5310 1146 5382 ῥημάτων
1204 5305 1403 5374 κλέψαι
1451 5304 1728 5374 δυναμένη

158 5405 249 5459 τοῦ
270 5405 521 5461 δικαστοῦ
542 5404 641 5477 τὴν
657 5404 939 5477 ἀλήθειαν.
960 5402 1076 5455 υύκ
1096 5398 1449 5454 ἀκολουθοῦσι
1474 5396 1725 5459 κόλακες,

158 5501 217 5553 ού
240 5499 306 5554 τά
329 5501 605 5571 χρήματα,
633 5497 744 5553 οὐδ’
780 5497 943 5567 δγκος
978 5493 1310 5565 ἀξιώματος.
1359 5491 1605 5562 Ἔρημος
1635 5488 1727 5558 φί-

158 5591 281 5653 λων,
317 5592 519 5664 ἕρημος
552 5590 783 5663 βοηθῶν,
811 5589 1250 5659 ἀσυνηγόρητος.
1298 5582 1724 5654 ἀναπολόγητος.

159 5684 601 5755 κατῃσχυμμένος
629 5681 1038 5753 ἀπολειφθήσῃ,
1074 5677 1419 5751 σκυθρωπὸς,
1451 5676 1724 5746 κατηφὴς,

163 5777 559 5845 μεμονωμένος,
593 5775 1065 5849 ἀπαρρησίαστος.
1110 5774 1285 5826 Ὅπου
1315 5771 1425 5842 γὰρ
1473 5770 1540 5824 ἂν
1570 5786 1724 5839 περι·

82 5878 92 5907 ί
158 5866 363 5941 ἀγάγῃς
396 5868 492 5939 τὸν
524 5869 826 5941 ὀφθαλμὸν,
855 5868 1105 5941 ἐναργεῖς
1123 5866 1244 5923 ὄψει
1272 5866 1389 5927 τῶν.
1406 5865 1594 5923 κακῶν
1624 5866 1723 5936 τά(

1837 4659 2091 4729 colligis?
2114 4668 2283 4729 atque
2317 4657 2526 4712 utinam
2560 4656 2930 4720 sterilitatem,
2974 4664 3028 4710 et
3072 4672 3184 4711 non
3237 4658 3420 4726 potius

1836 4752 2125 4807 materiam
2174 4750 2289 4821 igni
2337 4748 2713 4819 sempiterno!
2742 4748 2822 4800 An
2861 4763 2969 4802 non
3025 4748 3323 4819 aliquando
3352 4765 3416 4803 ex

1835 4843 1940 4898 hac
1968 4842 2291 4899 temnientia
2318 4840 2610 4911 emerges?
2636 4854 2707 4894 an
2743 4854 2852 4895 non
2891 4840 3092 4895 mentis
3126 4841 3418 4895 sanitatem

1833 4933 2114 5004 recipies?
2160 4947 2230 4987 an
2262 4948 2372 4986 non
2408 4930 2476 4985 ad
2510 4930 2750 5001 teipsum
2780 4927 3027 4984 redibis?
3058 4944 3128 4984 an
3178 4944 3287 4982 non
3321 4928 3420 4979 tibi

1833 5036 1963 5082 ante
1988 5025 2183 5081 oculos
2212 5022 2424 5080 Christi
2470 5023 2717 5077 tribunal
2764 5022 3078 5093 propones?
3111 5020 3253 5088 Quid
3288 5035 3421 5073 can-

1832 5128 2058 5174 saturus
2096 5132 2159 5172 es
2188 5130 2314 5171 cum
2347 5122 2400 5169 te
2437 5113 2681 5185 undique
2709 5116 2956 5185 cingent,
2986 5112 3080 5182 qui
3116 5112 3215 5165 abs
3252 5118 3307 5165 te
3337 5111 3420 5164 in-

1826 5212 2006 5283 jurias
2058 5216 2409 5279 acceperunt,
2459 5216 2514 5262 et
2565 5221 2751 5261 coram
2803 5206 2995 5275 judice
3041 5202 3333 5258 adversum
3369 5212 3422 5257 te

1829 5302 2321 5359 vociferabuntur?
2348 5300 2491 5368 Quid
2522 5315 2655 5370 ergo
2687 5298 2900 5354 iacies?
2926 5298 3120 5367 quales
3154 5306 3422 5367 patronos

1830 5396 2148 5452 conduces?
2175 5393 2370 5465 quales
2414 5402 2586 5450 testes
2618 5389 2947 5447 adhibebis?
2971 5403 3212 5460 quonam
3262 5399 3425 5459 pacto

1824 5488 2064 5556 iudicem
2110 5486 2295 5550 illum,
2337 5485 2428 5540 cui
2478 5483 2686 5557 imponi
2737 5497 2849 5537 non
2891 5488 3096 5552 potest,
3131 5480 3426 5537 innectes?

1829 5579 1943 5636 lllic
1969 5579 2157 5636 nullus
2188 5586 2376 5633 orator
2410 5576 2610 5641 aderit,
2646 5574 2859 5629 nullum
2888 5572 3183 5629 verborum
3218 5572 3428 5627 lenoci-

1828 5675 2006 5735 nium,
2030 5672 2177 5743 quod
2204 5669 2376 5739 iudici
2406 5672 2697 5727 veritatem
2737 5677 2905 5739 queat
2946 5665 3253 5735 subripere.
3306 5664 3424 5720 Non

1827 5768 2162 5823 comitantur
2185 5770 2581 5827 assentatores,
2607 5778 2717 5817 non
2755 5775 2908 5831 opes,
2944 5774 3053 5814 non
3086 5756 3421 5828 dignitatum

1828 5860 2024 5918 fastus.
2057 5857 2282 5915 Vacuus
2325 5856 2539 5915 amicis.
2571 5870 2783 5912 vacuus
2816 5849 3211 5939 adiutoribus,
3241 5847 3423 5932 ⁵ιιιιιῖο
