  <div class='ocr_page' id='page_1' title='image "/cluster/home/n/w/nwhite01/storage/ocr_20150623/95/hvd.32044019208057/749.png"; bbox 0 0 4052 6400; ppageno 0'>
   <div class='ocr_carea' id='block_1_1' title="bbox 670 394 800 460">
    <p class='ocr_par' dir='ltr' id='par_1_1' title="bbox 670 394 800 460">
     <span class='ocr_line' id='line_1_1' title="bbox 670 394 800 460; baseline 0.023 -3"><span class='ocrx_word' id='word_1_1' title='bbox 670 394 800 460; x_wconf 70' lang='grc' dir='ltr'><strong>14ὃῖ</strong></span> 
     </span>
    </p>
   </div>
   <div class='ocr_carea' id='block_1_2' title="bbox 1866 394 2751 458">
    <p class='ocr_par' dir='ltr' id='par_1_2' title="bbox 1866 394 2751 458">
     <span class='ocr_line' id='line_1_2' title="bbox 1866 394 2751 458; baseline 0.002 -4"><span class='ocrx_word' id='word_1_2' title='bbox 1866 396 1926 455; x_wconf 87' lang='lat' dir='ltr'><strong>S.</strong></span> <span class='ocrx_word' id='word_1_3' title='bbox 1966 394 2284 457; x_wconf 85' lang='lat' dir='ltr'><strong>JOANNIS</strong></span> <span class='ocrx_word' id='word_1_4' title='bbox 2322 395 2751 458; x_wconf 75' lang='lat' dir='ltr'><strong>DAMASCENI</strong></span> 
     </span>
    </p>
   </div>
   <div class='ocr_carea' id='block_1_3' title="bbox 3783 401 3919 474">
    <p class='ocr_par' dir='ltr' id='par_1_3' title="bbox 3783 401 3919 474">
     <span class='ocr_line' id='line_1_3' title="bbox 3783 401 3919 474; baseline 0.029 -4"><span class='ocrx_word' id='word_1_5' title='bbox 3783 401 3919 474; x_wconf 71' lang='grc' dir='ltr'>ιιεε</span> 
     </span>
    </p>
   </div>
   <div class='ocr_carea' id='block_1_4' title="bbox 665 502 2231 592">
    <p class='ocr_par' dir='ltr' id='par_1_4' title="bbox 665 502 2231 579">
     <span class='ocr_line' id='line_1_4' title="bbox 665 502 2231 579; baseline -0.002 -17"><span class='ocrx_word' id='word_1_6' title='bbox 665 509 974 579; x_wconf 85' lang='lat' dir='ltr'><strong>patrocinio</strong></span> <span class='ocrx_word' id='word_1_7' title='bbox 1005 506 1300 573; x_wconf 77' lang='lat' dir='ltr'><strong>subnixus,</strong></span> <span class='ocrx_word' id='word_1_8' title='bbox 1327 508 1476 561; x_wconf 81' lang='lat' dir='ltr'><strong>omni</strong></span> <span class='ocrx_word' id='word_1_9' title='bbox 1504 513 1863 561; x_wconf 75' lang='lat' dir='ltr'><strong>excusatione</strong></span> <span class='ocrx_word' id='word_1_10' title='bbox 1885 502 2121 573; x_wconf 60' lang='lat' dir='ltr'><strong>cari-na,~</strong></span> <span class='ocrx_word' id='word_1_11' title='bbox 2141 521 2231 575; x_wconf 92' lang='lat' dir='ltr'><strong>pu-</strong></span> 
     </span>
    </p>
   </div>
   <div class='ocr_carea' id='block_1_5' title="bbox 2331 502 3919 592">
    <p class='ocr_par' dir='ltr' id='par_1_5' title="bbox 2343 509 3919 592">
     <span class='ocr_line' id='line_1_5' title="bbox 2343 509 3919 592; baseline 0.011 -33"><span class='ocrx_word' id='word_1_12' title='bbox 2343 522 2560 571; x_wconf 87' lang='grc' dir='ltr'>εικονας</span> <span class='ocrx_word' id='word_1_13' title='bbox 2582 527 2597 543; x_wconf 91' lang='grc'><strong>·</strong></span> <span class='ocrx_word' id='word_1_14' title='bbox 2629 509 2783 565; x_wconf 74' lang='grc' dir='ltr'>ἔνθεν</span> <span class='ocrx_word' id='word_1_15' title='bbox 2817 510 2911 564; x_wconf 80' lang='grc' dir='ltr'>τοῦ</span> <span class='ocrx_word' id='word_1_16' title='bbox 2936 524 3170 583; x_wconf 78' lang='grc' dir='ltr'>ουρανου</span> <span class='ocrx_word' id='word_1_17' title='bbox 3193 531 3264 568; x_wconf 83' lang='grc' dir='ltr'><strong>τα</strong></span> <span class='ocrx_word' id='word_1_18' title='bbox 3295 512 3530 587; x_wconf 66' lang='grc' dir='ltr'>ὤκρυα,</span> <span class='ocrx_word' id='word_1_19' title='bbox 3560 519 3787 574; x_wconf 52' lang='lat' dir='ltr'><strong>suasi</strong></span> <span class='ocrx_word' id='word_1_20' title='bbox 3824 526 3919 592; x_wconf 73' lang='grc' dir='ltr'>τῆς</span> 
     </span>
    </p>
   </div>
   <div class='ocr_carea' id='block_1_6' title="bbox 664 598 2243 672">
    <p class='ocr_par' dir='ltr' id='par_1_6' title="bbox 664 598 2243 672">
     <span class='ocr_line' id='line_1_6' title="bbox 664 598 2243 672; baseline -0.001 -15"><span class='ocrx_word' id='word_1_21' title='bbox 664 605 798 657; x_wconf 82' lang='lat' dir='ltr'><strong>dore</strong></span> <span class='ocrx_word' id='word_1_22' title='bbox 825 602 1070 658; x_wconf 82' lang='lat' dir='ltr'><strong>suﬂ&#39;usus</strong></span> <span class='ocrx_word' id='word_1_23' title='bbox 1092 602 1446 672; x_wconf 87' lang='lat' dir='ltr'><strong>relinqueris,</strong></span> <span class='ocrx_word' id='word_1_24' title='bbox 1482 601 1681 666; x_wconf 89' lang='lat' dir='ltr'><strong>tristis,</strong></span> <span class='ocrx_word' id='word_1_25' title='bbox 1711 608 1971 664; x_wconf 73' lang='lat' dir='ltr'><strong>mmstus,</strong></span> <span class='ocrx_word' id='word_1_26' title='bbox 1989 598 2243 655; x_wconf 83' lang='lat' dir='ltr'><strong>desertus</strong></span> 
     </span>
    </p>
   </div>
   <div class='ocr_carea' id='block_1_7' title="bbox 664 692 2244 766">
    <p class='ocr_par' dir='ltr' id='par_1_7' title="bbox 664 692 2244 766">
     <span class='ocr_line' id='line_1_7' title="bbox 664 692 2244 766; baseline -0.001 -16"><span class='ocrx_word' id='word_1_27' title='bbox 664 698 733 751; x_wconf 86' lang='lat' dir='ltr'><strong>ab</strong></span> <span class='ocrx_word' id='word_1_28' title='bbox 758 696 1038 760; x_wconf 87' lang='lat' dir='ltr'><strong>omnibus,</strong></span> <span class='ocrx_word' id='word_1_29' title='bbox 1071 704 1217 751; x_wconf 89' lang='lat' dir='ltr'><strong>metu</strong></span> <span class='ocrx_word' id='word_1_30' title='bbox 1255 694 1590 766; x_wconf 54' lang='lat' dir='ltr'><strong>proﬂigatust</strong></span> <span class='ocrx_word' id='word_1_31' title='bbox 1614 692 1846 763; x_wconf 84' lang='lat' dir='ltr'><strong>Quoquo</strong></span> <span class='ocrx_word' id='word_1_32' title='bbox 1884 692 2033 747; x_wconf 88' lang='lat' dir='ltr'><strong>enim</strong></span> <span class='ocrx_word' id='word_1_33' title='bbox 2055 692 2244 748; x_wconf 41' lang='lat' dir='ltr'><strong>oculos.</strong></span> 
     </span>
    </p>
   </div>
   <div class='ocr_carea' id='block_1_8' title="bbox 667 783 2241 859">
    <p class='ocr_par' dir='ltr' id='par_1_8' title="bbox 667 783 2241 859">
     <span class='ocr_line' id='line_1_8' title="bbox 667 783 2241 859; baseline -0.003 -16"><span class='ocrx_word' id='word_1_34' title='bbox 667 806 788 844; x_wconf 88' lang='lat' dir='ltr'><strong>rum</strong></span> <span class='ocrx_word' id='word_1_35' title='bbox 821 790 996 845; x_wconf 91' lang='lat' dir='ltr'><strong>aciem</strong></span> <span class='ocrx_word' id='word_1_36' title='bbox 1031 789 1395 854; x_wconf 87' lang='lat' dir='ltr'><strong>converteris,</strong></span> <span class='ocrx_word' id='word_1_37' title='bbox 1446 787 1766 859; x_wconf 87' lang='lat' dir='ltr'><strong>perspicuas</strong></span> <span class='ocrx_word' id='word_1_38' title='bbox 1800 786 2067 841; x_wconf 88' lang='lat' dir='ltr'><strong>malorum</strong></span> <span class='ocrx_word' id='word_1_39' title='bbox 2098 783 2241 839; x_wconf 42' lang='lat' dir='ltr'><strong>imav-</strong></span> 
     </span>
    </p>
   </div>
   <div class='ocr_carea' id='block_1_9' title="bbox 664 877 2242 954">
    <p class='ocr_par' dir='ltr' id='par_1_9' title="bbox 664 877 2242 954">
     <span class='ocr_line' id='line_1_9' title="bbox 664 877 2242 954; baseline -0.002 -18"><span class='ocrx_word' id='word_1_40' title='bbox 664 884 820 954; x_wconf 87' lang='lat' dir='ltr'><strong>gines</strong></span> <span class='ocrx_word' id='word_1_41' title='bbox 852 899 1086 940; x_wconf 88' lang='lat' dir='ltr'><strong>cernes:</strong></span> <span class='ocrx_word' id='word_1_42' title='bbox 1121 883 1251 937; x_wconf 90' lang='lat' dir='ltr'><strong>hinc</strong></span> <span class='ocrx_word' id='word_1_43' title='bbox 1283 881 1478 952; x_wconf 85' lang='lat' dir='ltr'><strong>pupilli</strong></span> <span class='ocrx_word' id='word_1_44' title='bbox 1519 880 1816 951; x_wconf 82' lang='lat' dir='ltr'><strong>lacrymas,</strong></span> <span class='ocrx_word' id='word_1_45' title='bbox 1862 879 2015 933; x_wconf 88' lang='lat' dir='ltr'><strong>illine</strong></span> <span class='ocrx_word' id='word_1_46' title='bbox 2062 877 2242 933; x_wconf 67' lang='lat' dir='ltr'><strong>vidua</strong></span> 
     </span>
    </p>
   </div>
   <div class='ocr_carea' id='block_1_10' title="bbox 664 971 2253 1047">
    <p class='ocr_par' dir='ltr' id='par_1_10' title="bbox 664 971 2253 1047">
     <span class='ocr_line' id='line_1_10' title="bbox 664 971 2253 1047; baseline -0.004 -14"><span class='ocrx_word' id='word_1_47' title='bbox 664 980 930 1047; x_wconf 80' lang='lat' dir='ltr'><strong>gemitus;</strong></span> <span class='ocrx_word' id='word_1_48' title='bbox 975 976 1197 1031; x_wconf 83' lang='lat' dir='ltr'><strong>aliunde</strong></span> <span class='ocrx_word' id='word_1_49' title='bbox 1224 989 1498 1047; x_wconf 84' lang='lat' dir='ltr'><strong>pauperes</strong></span> <span class='ocrx_word' id='word_1_50' title='bbox 1528 988 1673 1045; x_wconf 88' lang='lat' dir='ltr'><strong>quos</strong></span> <span class='ocrx_word' id='word_1_51' title='bbox 1697 972 1897 1045; x_wconf 79' lang='lat' dir='ltr'><strong>pugnis</strong></span> <span class='ocrx_word' id='word_1_52' title='bbox 1935 971 2253 1028; x_wconf 63' lang='lat' dir='ltr'><strong>contunde-‘</strong></span> 
     </span>
    </p>
   </div>
   <div class='ocr_carea' id='block_1_11' title="bbox 663 1064 2240 1140">
    <p class='ocr_par' dir='ltr' id='par_1_11' title="bbox 663 1064 2240 1140">
     <span class='ocr_line' id='line_1_11' title="bbox 663 1064 2240 1140; baseline -0.003 -18"><span class='ocrx_word' id='word_1_53' title='bbox 663 1072 785 1133; x_wconf 87' lang='lat' dir='ltr'><strong>has,</strong></span> <span class='ocrx_word' id='word_1_54' title='bbox 819 1068 1047 1124; x_wconf 81' lang='lat' dir='ltr'><strong>famulos</strong></span> <span class='ocrx_word' id='word_1_55' title='bbox 1066 1083 1206 1140; x_wconf 89' lang='lat' dir='ltr'><strong>quos</strong></span> <span class='ocrx_word' id='word_1_56' title='bbox 1234 1068 1424 1138; x_wconf 79' lang='lat' dir='ltr'><strong>ﬂagris</strong></span> <span class='ocrx_word' id='word_1_57' title='bbox 1454 1067 1762 1132; x_wconf 87' lang='lat' dir='ltr'><strong>lacerabas,</strong></span> <span class='ocrx_word' id='word_1_58' title='bbox 1796 1064 2009 1120; x_wconf 88' lang='lat' dir='ltr'><strong>vicinos</strong></span> <span class='ocrx_word' id='word_1_59' title='bbox 2039 1064 2240 1134; x_wconf 79' lang='lat' dir='ltr'><strong>quibus</strong></span> 
     </span>
    </p>
   </div>
   <div class='ocr_carea' id='block_1_12' title="bbox 662 1157 2234 1232">
    <p class='ocr_par' dir='ltr' id='par_1_12' title="bbox 662 1157 2234 1232">
     <span class='ocr_line' id='line_1_12' title="bbox 662 1157 2234 1232; baseline -0.004 -16"><span class='ocrx_word' id='word_1_60' title='bbox 662 1162 1007 1216; x_wconf 78' lang='lat' dir='ltr'><strong>stomachum</strong></span> <span class='ocrx_word' id='word_1_61' title='bbox 1039 1160 1316 1216; x_wconf 78' lang='lat' dir='ltr'><strong>movebas.</strong></span> <span class='ocrx_word' id='word_1_62' title='bbox 1349 1160 1513 1232; x_wconf 73' lang='grc'><strong>487</strong></span> <span class='ocrx_word' id='word_1_63' title='bbox 1533 1157 1728 1214; x_wconf 84' lang='lat' dir='ltr'><strong>Omnia</strong></span> <span class='ocrx_word' id='word_1_64' title='bbox 1759 1157 1815 1212; x_wconf 93' lang='lat' dir='ltr'><strong>in</strong></span> <span class='ocrx_word' id='word_1_65' title='bbox 1843 1157 2234 1226; x_wconf 79' lang='lat' dir='ltr'><strong>teinsurgent:</strong></span> 
     </span>
    </p>
   </div>
   <div class='ocr_carea' id='block_1_13' title="bbox 660 1248 2236 1325">
    <p class='ocr_par' dir='ltr' id='par_1_13' title="bbox 660 1248 2236 1325">
     <span class='ocr_line' id='line_1_13' title="bbox 660 1248 2236 1325; baseline -0.003 -18"><span class='ocrx_word' id='word_1_66' title='bbox 660 1256 837 1308; x_wconf 91' lang='lat' dir='ltr'><strong>malus</strong></span> <span class='ocrx_word' id='word_1_67' title='bbox 866 1263 920 1309; x_wconf 89' lang='lat' dir='ltr'><strong>te</strong></span> <span class='ocrx_word' id='word_1_68' title='bbox 956 1254 1290 1325; x_wconf 84' lang='lat' dir='ltr'><strong>ﬂagitiorum</strong></span> <span class='ocrx_word' id='word_1_69' title='bbox 1324 1262 1546 1309; x_wconf 91' lang='lat' dir='ltr'><strong>tuorum</strong></span> <span class='ocrx_word' id='word_1_70' title='bbox 1570 1252 1773 1308; x_wconf 90' lang='lat' dir='ltr'><strong>chorus</strong></span> <span class='ocrx_word' id='word_1_71' title='bbox 1794 1248 2236 1306; x_wconf 82' lang='lat' dir='ltr'><strong>circumsidebit.</strong></span> 
     </span>
    </p>
   </div>
   <div class='ocr_carea' id='block_1_14' title="bbox 664 1342 2237 1417">
    <p class='ocr_par' dir='ltr' id='par_1_14' title="bbox 664 1342 2237 1417">
     <span class='ocr_line' id='line_1_14' title="bbox 664 1342 2237 1417; baseline -0.004 -19"><span class='ocrx_word' id='word_1_72' title='bbox 664 1345 819 1399; x_wconf 82' lang='lat' dir='ltr'><strong>Velut</strong></span> <span class='ocrx_word' id='word_1_73' title='bbox 865 1348 1011 1400; x_wconf 91' lang='lat' dir='ltr'><strong>enim</strong></span> <span class='ocrx_word' id='word_1_74' title='bbox 1063 1346 1257 1401; x_wconf 87' lang='lat' dir='ltr'><strong>umbra</strong></span> <span class='ocrx_word' id='word_1_75' title='bbox 1312 1361 1550 1417; x_wconf 90' lang='lat' dir='ltr'><strong>corpus,</strong></span> <span class='ocrx_word' id='word_1_76' title='bbox 1608 1345 1692 1399; x_wconf 80' lang='lat' dir='ltr'><strong>sic</strong></span> <span class='ocrx_word' id='word_1_77' title='bbox 1746 1342 1964 1397; x_wconf 90' lang='lat' dir='ltr'><strong>animas</strong></span> <span class='ocrx_word' id='word_1_78' title='bbox 2015 1350 2237 1412; x_wconf 83' lang='lat' dir='ltr'><strong>peccata</strong></span> 
     </span>
    </p>
   </div>
   <div class='ocr_carea' id='block_1_15' title="bbox 655 1436 2239 1510">
    <p class='ocr_par' dir='ltr' id='par_1_15' title="bbox 655 1436 2239 1510">
     <span class='ocr_line' id='line_1_15' title="bbox 655 1436 2239 1510; baseline -0.002 -20"><span class='ocrx_word' id='word_1_79' title='bbox 655 1438 1010 1505; x_wconf 83' lang='lat' dir='ltr'><strong>comitantur,</strong></span> <span class='ocrx_word' id='word_1_80' title='bbox 1042 1439 1245 1509; x_wconf 89' lang='lat' dir='ltr'><strong>quibus</strong></span> <span class='ocrx_word' id='word_1_81' title='bbox 1274 1454 1362 1494; x_wconf 89' lang='lat' dir='ltr'><strong>res</strong></span> <span class='ocrx_word' id='word_1_82' title='bbox 1398 1446 1566 1510; x_wconf 66' lang='lat' dir='ltr'><strong>gesta:</strong></span> <span class='ocrx_word' id='word_1_83' title='bbox 1598 1436 1894 1508; x_wconf 89' lang='lat' dir='ltr'><strong>perspicue</strong></span> <span class='ocrx_word' id='word_1_84' title='bbox 1938 1447 2239 1504; x_wconf 54' lang='lat' dir='ltr'><strong>repraesenc-</strong></span> 
     </span>
    </p>
   </div>
   <div class='ocr_carea' id='block_1_16' title="bbox 653 1525 2233 1598">
    <p class='ocr_par' dir='ltr' id='par_1_16' title="bbox 653 1525 2233 1598">
     <span class='ocr_line' id='line_1_16' title="bbox 653 1525 2233 1598; baseline -0.003 -14"><span class='ocrx_word' id='word_1_85' title='bbox 653 1541 862 1586; x_wconf 91' lang='lat' dir='ltr'><strong>tantur.</strong></span> <span class='ocrx_word' id='word_1_86' title='bbox 903 1531 1270 1598; x_wconf 86' lang='lat' dir='ltr'><strong>Quamobrem</strong></span> <span class='ocrx_word' id='word_1_87' title='bbox 1297 1532 1486 1587; x_wconf 90' lang='lat' dir='ltr'><strong>nullus</strong></span> <span class='ocrx_word' id='word_1_88' title='bbox 1533 1530 1647 1585; x_wconf 90' lang='lat' dir='ltr'><strong>illic</strong></span> <span class='ocrx_word' id='word_1_89' title='bbox 1680 1525 2233 1591; x_wconf 78' lang='lat' dir='ltr'><strong>inﬂciationi&#39;locus,</strong></span> 
     </span>
    </p>
   </div>
   <div class='ocr_carea' id='block_1_17' title="bbox 655 1619 2237 1695">
    <p class='ocr_par' dir='ltr' id='par_1_17' title="bbox 655 1619 2237 1695">
     <span class='ocr_line' id='line_1_17' title="bbox 655 1619 2237 1695; baseline -0.004 -16"><span class='ocrx_word' id='word_1_90' title='bbox 655 1626 749 1679; x_wconf 86' lang='lat' dir='ltr'><strong>sed</strong></span> <span class='ocrx_word' id='word_1_91' title='bbox 798 1640 860 1678; x_wconf 86' lang='lat' dir='ltr'><strong>os</strong></span> <span class='ocrx_word' id='word_1_92' title='bbox 910 1626 1201 1695; x_wconf 90' lang='lat' dir='ltr'><strong>impudens</strong></span> <span class='ocrx_word' id='word_1_93' title='bbox 1233 1624 1542 1680; x_wconf 91' lang='lat' dir='ltr'><strong>obturatur.</strong></span> <span class='ocrx_word' id='word_1_94' title='bbox 1603 1622 1738 1693; x_wconf 83' lang='lat' dir='ltr'><strong>Ipsae</strong></span> <span class='ocrx_word' id='word_1_95' title='bbox 1790 1621 1938 1676; x_wconf 89' lang='lat' dir='ltr'><strong>enim</strong></span> <span class='ocrx_word' id='word_1_96' title='bbox 1988 1619 2237 1673; x_wconf 89' lang='lat' dir='ltr'><strong>actiones</strong></span> 
     </span>
    </p>
   </div>
   <div class='ocr_carea' id='block_1_18' title="bbox 654 1709 2233 1787">
    <p class='ocr_par' dir='ltr' id='par_1_18' title="bbox 654 1709 2233 1787">
     <span class='ocr_line' id='line_1_18' title="bbox 654 1709 2233 1787; baseline -0.003 -19"><span class='ocrx_word' id='word_1_97' title='bbox 654 1716 917 1772; x_wconf 83' lang='lat' dir='ltr'><strong>adversus</strong></span> <span class='ocrx_word' id='word_1_98' title='bbox 946 1730 1396 1787; x_wconf 83' lang='lat' dir='ltr'><strong>unumquemque</strong></span> <span class='ocrx_word' id='word_1_99' title='bbox 1434 1713 1809 1769; x_wconf 89' lang='lat' dir='ltr'><strong>testimonium</strong></span> <span class='ocrx_word' id='word_1_100' title='bbox 1861 1709 2095 1765; x_wconf 86' lang='lat' dir='ltr'><strong>dicunt:</strong></span> <span class='ocrx_word' id='word_1_101' title='bbox 2128 1723 2233 1763; x_wconf 85' lang='lat' dir='ltr'><strong>non</strong></span> 
     </span>
    </p>
   </div>
   <div class='ocr_carea' id='block_1_19' title="bbox 654 1799 2234 1871">
    <p class='ocr_par' dir='ltr' id='par_1_19' title="bbox 654 1799 2234 1871">
     <span class='ocr_line' id='line_1_19' title="bbox 654 1799 2234 1871; baseline -0.004 -12"><span class='ocrx_word' id='word_1_102' title='bbox 654 1816 715 1859; x_wconf 88' lang='lat' dir='ltr'><strong>ut</strong></span> <span class='ocrx_word' id='word_1_103' title='bbox 746 1821 937 1861; x_wconf 85' lang='lat' dir='ltr'><strong>vocem</strong></span> <span class='ocrx_word' id='word_1_104' title='bbox 963 1806 1237 1868; x_wconf 85' lang='lat' dir='ltr'><strong>emittant,</strong></span> <span class='ocrx_word' id='word_1_105' title='bbox 1281 1806 1375 1859; x_wconf 88' lang='lat' dir='ltr'><strong>sed</strong></span> <span class='ocrx_word' id='word_1_106' title='bbox 1409 1812 1469 1857; x_wconf 90' lang='lat' dir='ltr'><strong>ut</strong></span> <span class='ocrx_word' id='word_1_107' title='bbox 1518 1804 1655 1858; x_wconf 87' lang='lat' dir='ltr'><strong>tales</strong></span> <span class='ocrx_word' id='word_1_108' title='bbox 1694 1809 2015 1871; x_wconf 85' lang='lat' dir='ltr'><strong>appareant,</strong></span> <span class='ocrx_word' id='word_1_109' title='bbox 2044 1799 2234 1869; x_wconf 84' lang='lat' dir='ltr'><strong>quales</strong></span> 
     </span>
    </p>
   </div>
   <div class='ocr_carea' id='block_1_20' title="bbox 654 1870 2306 1966">
    <p class='ocr_par' dir='ltr' id='par_1_20' title="bbox 654 1870 2306 1966">
     <span class='ocr_line' id='line_1_20' title="bbox 654 1870 2306 1966; baseline -0.003 -18"><span class='ocrx_word' id='word_1_110' title='bbox 654 1910 683 1948; x_wconf 80' lang='grc' dir='ltr'><strong>ο</strong></span> <span class='ocrx_word' id='word_1_111' title='bbox 721 1895 877 1950; x_wconf 87' lang='lat' dir='ltr'><strong>nobis</strong></span> <span class='ocrx_word' id='word_1_112' title='bbox 914 1904 1236 1966; x_wconf 85' lang='lat' dir='ltr'><strong>perpetratae</strong></span> <span class='ocrx_word' id='word_1_113' title='bbox 1262 1903 1412 1949; x_wconf 91' lang='lat' dir='ltr'><strong>sunt.</strong></span> <span class='ocrx_word' id='word_1_114' title='bbox 1442 1894 1695 1961; x_wconf 89' lang='lat' dir='ltr'><strong>Quonam</strong></span> <span class='ocrx_word' id='word_1_115' title='bbox 1752 1906 1918 1962; x_wconf 88' lang='lat' dir='ltr'><strong>porro</strong></span> <span class='ocrx_word' id='word_1_116' title='bbox 1952 1890 2115 1944; x_wconf 89' lang='lat' dir='ltr'><strong>modo</strong></span> <span class='ocrx_word' id='word_1_117' title='bbox 2142 1904 2231 1944; x_wconf 79' lang='lat' dir='ltr'><strong>res</strong></span> <span class='ocrx_word' id='word_1_118' title='bbox 2264 1870 2306 1926; x_wconf 72' lang='grc' dir='ltr'><strong>Β</strong></span> 
     </span>
    </p>
   </div>
   <div class='ocr_carea' id='block_1_21' title="bbox 656 1982 2233 2060">
    <p class='ocr_par' dir='ltr' id='par_1_21' title="bbox 656 1982 2233 2060">
     <span class='ocr_line' id='line_1_21' title="bbox 656 1982 2233 2060; baseline -0.004 -18"><span class='ocrx_word' id='word_1_119' title='bbox 656 2005 829 2060; x_wconf 89' lang='lat' dir='ltr'><strong>usque</strong></span> <span class='ocrx_word' id='word_1_120' title='bbox 852 1990 987 2043; x_wconf 88' lang='lat' dir='ltr'><strong>adeo</strong></span> <span class='ocrx_word' id='word_1_121' title='bbox 1021 1988 1325 2044; x_wconf 86' lang='lat' dir='ltr'><strong>horrendas</strong></span> <span class='ocrx_word' id='word_1_122' title='bbox 1365 1988 1437 2041; x_wconf 90' lang='lat' dir='ltr'><strong>ob</strong></span> <span class='ocrx_word' id='word_1_123' title='bbox 1461 1990 1656 2041; x_wconf 87' lang='lat' dir='ltr'><strong>oculos</strong></span> <span class='ocrx_word' id='word_1_124' title='bbox 1682 1999 1880 2056; x_wconf 84' lang='lat' dir='ltr'><strong>queam</strong></span> <span class='ocrx_word' id='word_1_125' title='bbox 1922 1982 2233 2053; x_wconf 81' lang='lat' dir='ltr'><strong>subjicere?</strong></span> 
     </span>
    </p>
   </div>
   <div class='ocr_carea' id='block_1_22' title="bbox 656 2075 2232 2152">
    <p class='ocr_par' dir='ltr' id='par_1_22' title="bbox 656 2075 2232 2152">
     <span class='ocr_line' id='line_1_22' title="bbox 656 2075 2232 2152; baseline -0.002 -17"><span class='ocrx_word' id='word_1_126' title='bbox 656 2082 713 2136; x_wconf 88' lang='lat' dir='ltr'><strong>Si</strong></span> <span class='ocrx_word' id='word_1_127' title='bbox 737 2098 869 2152; x_wconf 85' lang='lat' dir='ltr'><strong>ergo</strong></span> <span class='ocrx_word' id='word_1_128' title='bbox 896 2083 1156 2145; x_wconf 86' lang='lat' dir='ltr'><strong>audieris,</strong></span> <span class='ocrx_word' id='word_1_129' title='bbox 1199 2083 1244 2137; x_wconf 91' lang='lat' dir='ltr'><strong>si</strong></span> <span class='ocrx_word' id='word_1_130' title='bbox 1277 2091 1516 2138; x_wconf 88' lang='lat' dir='ltr'><strong>mentem</strong></span> <span class='ocrx_word' id='word_1_131' title='bbox 1557 2079 1910 2143; x_wconf 88' lang='lat' dir='ltr'><strong>submiseris,</strong></span> <span class='ocrx_word' id='word_1_132' title='bbox 1935 2076 2042 2132; x_wconf 91' lang='lat' dir='ltr'><strong>diei</strong></span> <span class='ocrx_word' id='word_1_133' title='bbox 2083 2075 2232 2132; x_wconf 84' lang='lat' dir='ltr'><strong>illius</strong></span> 
     </span>
    </p>
   </div>
   <div class='ocr_carea' id='block_1_23' title="bbox 652 2169 2233 2247">
    <p class='ocr_par' dir='ltr' id='par_1_23' title="bbox 652 2169 2233 2247">
     <span class='ocr_line' id='line_1_23' title="bbox 652 2169 2233 2247; baseline -0.001 -20"><span class='ocrx_word' id='word_1_134' title='bbox 652 2187 951 2238; x_wconf 86' lang='lat' dir='ltr'><strong>memento,</strong></span> <span class='ocrx_word' id='word_1_135' title='bbox 986 2176 1038 2229; x_wconf 89' lang='lat' dir='ltr'><strong>in</strong></span> <span class='ocrx_word' id='word_1_136' title='bbox 1092 2191 1200 2247; x_wconf 92' lang='lat' dir='ltr'><strong>qua</strong></span> <span class='ocrx_word' id='word_1_137' title='bbox 1256 2175 1492 2231; x_wconf 87' lang='lat' dir='ltr'><strong>illustris</strong></span> <span class='ocrx_word' id='word_1_138' title='bbox 1533 2182 1590 2228; x_wconf 88' lang='lat' dir='ltr'><strong>et</strong></span> <span class='ocrx_word' id='word_1_139' title='bbox 1627 2172 1904 2243; x_wconf 86' lang='lat' dir='ltr'><strong>gloriosus</strong></span> <span class='ocrx_word' id='word_1_140' title='bbox 1962 2169 2233 2225; x_wconf 80' lang='lat' dir='ltr'><strong>adventus</strong></span> 
     </span>
    </p>
   </div>
   <div class='ocr_carea' id='block_1_24' title="bbox 648 2260 2232 2327">
    <p class='ocr_par' dir='ltr' id='par_1_24' title="bbox 648 2260 2232 2327">
     <span class='ocr_line' id='line_1_24' title="bbox 648 2260 2232 2327; baseline -0.003 -7"><span class='ocrx_word' id='word_1_141' title='bbox 648 2268 858 2323; x_wconf 76' lang='lat' dir='ltr'><strong>Christi</strong></span> <span class='ocrx_word' id='word_1_142' title='bbox 917 2268 1269 2323; x_wconf 83' lang='lat' dir='ltr'><strong>revelabitur.</strong></span> <span class='ocrx_word' id='word_1_143' title='bbox 1328 2266 1486 2321; x_wconf 87' lang='lat' dir='ltr'><strong>Tunc</strong></span> <span class='ocrx_word' id='word_1_144' title='bbox 1528 2264 1897 2321; x_wconf 85' lang='lat' dir='ltr'><strong>resurrecturi</strong></span> <span class='ocrx_word' id='word_1_145' title='bbox 1949 2269 2102 2327; x_wconf 91' lang='lat' dir='ltr'><strong>sunt,</strong></span> <span class='ocrx_word' id='word_1_146' title='bbox 2152 2260 2232 2315; x_wconf 85' lang='lat' dir='ltr'><strong>illi</strong></span> 
     </span>
    </p>
   </div>
   <div class='ocr_carea' id='block_1_25' title="bbox 650 2351 2229 2431">
    <p class='ocr_par' dir='ltr' id='par_1_25' title="bbox 650 2351 2229 2431">
     <span class='ocr_line' id='line_1_25' title="bbox 650 2351 2229 2431; baseline -0.003 -21"><span class='ocrx_word' id='word_1_147' title='bbox 650 2360 871 2429; x_wconf 82' lang='lat' dir='ltr'><strong>quidem</strong></span> <span class='ocrx_word' id='word_1_148' title='bbox 910 2362 1003 2431; x_wconf 89' lang='lat' dir='ltr'><strong>qui</strong></span> <span class='ocrx_word' id='word_1_149' title='bbox 1035 2361 1178 2415; x_wconf 89' lang='lat' dir='ltr'><strong>bona</strong></span> <span class='ocrx_word' id='word_1_150' title='bbox 1212 2366 1469 2431; x_wconf 88' lang='lat' dir='ltr'><strong>egerunt,</strong></span> <span class='ocrx_word' id='word_1_151' title='bbox 1501 2358 1553 2412; x_wconf 91' lang='lat' dir='ltr'><strong>in</strong></span> <span class='ocrx_word' id='word_1_152' title='bbox 1582 2356 2040 2412; x_wconf 85' lang='lat' dir='ltr'><strong>resurrectionem</strong></span> <span class='ocrx_word' id='word_1_153' title='bbox 2074 2351 2229 2417; x_wconf 64' lang='lat' dir='ltr'><strong>vita&#39;;</strong></span> 
     </span>
    </p>
   </div>
   <div class='ocr_carea' id='block_1_26' title="bbox 649 2444 2231 2524">
    <p class='ocr_par' dir='ltr' id='par_1_26' title="bbox 649 2444 2231 2524">
     <span class='ocr_line' id='line_1_26' title="bbox 649 2444 2231 2524; baseline -0.006 -16"><span class='ocrx_word' id='word_1_154' title='bbox 649 2456 742 2524; x_wconf 75' lang='lat' dir='ltr'><strong>qui</strong></span> <span class='ocrx_word' id='word_1_155' title='bbox 791 2470 921 2509; x_wconf 84' lang='lat' dir='ltr'><strong>vero</strong></span> <span class='ocrx_word' id='word_1_156' title='bbox 974 2454 1136 2519; x_wconf 89' lang='lat' dir='ltr'><strong>mala,</strong></span> <span class='ocrx_word' id='word_1_157' title='bbox 1197 2453 1253 2508; x_wconf 90' lang='lat' dir='ltr'><strong>in</strong></span> <span class='ocrx_word' id='word_1_158' title='bbox 1304 2451 1761 2508; x_wconf 82' lang='lat' dir='ltr'><strong>resurrectionem</strong></span> <span class='ocrx_word' id='word_1_159' title='bbox 1814 2447 2033 2519; x_wconf 88' lang='lat' dir='ltr'><strong>judicii.</strong></span> <span class='ocrx_word' id='word_1_160' title='bbox 2075 2444 2231 2499; x_wconf 86' lang='lat' dir='ltr'><strong>Tunc</strong></span> 
     </span>
    </p>
   </div>
   <div class='ocr_carea' id='block_1_27' title="bbox 650 2542 2232 2619">
    <p class='ocr_par' dir='ltr' id='par_1_27' title="bbox 650 2542 2232 2619">
     <span class='ocr_line' id='line_1_27' title="bbox 650 2542 2232 2619; baseline -0.007 -16"><span class='ocrx_word' id='word_1_161' title='bbox 650 2550 987 2619; x_wconf 89' lang='lat' dir='ltr'><strong>sempiterna</strong></span> <span class='ocrx_word' id='word_1_162' title='bbox 1067 2547 1455 2618; x_wconf 89' lang='lat' dir='ltr'><strong>peccatoribus</strong></span> <span class='ocrx_word' id='word_1_163' title='bbox 1551 2542 1851 2617; x_wconf 86' lang='lat' dir='ltr'><strong>ignominia</strong></span> <span class='ocrx_word' id='word_1_164' title='bbox 1926 2542 2079 2605; x_wconf 90' lang='lat' dir='ltr'><strong>erit,</strong></span> <span class='ocrx_word' id='word_1_165' title='bbox 2176 2545 2232 2594; x_wconf 81' lang='lat' dir='ltr'><strong>et</strong></span> 
     </span>
    </p>
   </div>
   <div class='ocr_carea' id='block_1_28' title="bbox 653 2633 2232 2712">
    <p class='ocr_par' dir='ltr' id='par_1_28' title="bbox 653 2633 2232 2712">
     <span class='ocr_line' id='line_1_28' title="bbox 653 2633 2232 2712; baseline -0.004 -19"><span class='ocrx_word' id='word_1_166' title='bbox 653 2641 797 2712; x_wconf 84' lang='lat' dir='ltr'><strong>ignis</strong></span> <span class='ocrx_word' id='word_1_167' title='bbox 823 2641 1100 2695; x_wconf 68' lang='lat' dir='ltr'><strong>azmulatio</strong></span> <span class='ocrx_word' id='word_1_168' title='bbox 1136 2655 1257 2709; x_wconf 60' lang='lat' dir='ltr'><strong>quae</strong></span> <span class='ocrx_word' id='word_1_169' title='bbox 1287 2649 1578 2694; x_wconf 90' lang='lat' dir='ltr'><strong>consumat</strong></span> <span class='ocrx_word' id='word_1_170' title='bbox 1622 2634 1991 2691; x_wconf 82' lang='lat' dir='ltr'><strong>adversarios.</strong></span> <span class='ocrx_word' id='word_1_171' title='bbox 2025 2633 2122 2687; x_wconf 85' lang='lat' dir='ltr'><strong>Illa</strong></span> <span class='ocrx_word' id='word_1_172' title='bbox 2178 2641 2232 2687; x_wconf 91' lang='lat' dir='ltr'><strong>te</strong></span> 
     </span>
    </p>
   </div>
   <div class='ocr_carea' id='block_1_29' title="bbox 651 2726 2226 2800">
    <p class='ocr_par' dir='ltr' id='par_1_29' title="bbox 651 2726 2226 2800">
     <span class='ocr_line' id='line_1_29' title="bbox 651 2726 2226 2800; baseline -0.004 -14"><span class='ocrx_word' id='word_1_173' title='bbox 651 2747 887 2789; x_wconf 78' lang='lat' dir='ltr'><strong>incerare</strong></span> <span class='ocrx_word' id='word_1_174' title='bbox 919 2732 1173 2799; x_wconf 76' lang='lat' dir='ltr'><strong>alliciant,</strong></span> <span class='ocrx_word' id='word_1_175' title='bbox 1193 2747 1303 2786; x_wconf 92' lang='lat' dir='ltr'><strong>non</strong></span> <span class='ocrx_word' id='word_1_176' title='bbox 1330 2739 1510 2785; x_wconf 91' lang='lat' dir='ltr'><strong>autem</strong></span> <span class='ocrx_word' id='word_1_177' title='bbox 1548 2730 1727 2800; x_wconf 90' lang='lat' dir='ltr'><strong>ipsum</strong></span> <span class='ocrx_word' id='word_1_178' title='bbox 1763 2726 1855 2783; x_wconf 88' lang='lat' dir='ltr'><strong>Dei</strong></span> <span class='ocrx_word' id='word_1_179' title='bbox 1886 2726 2226 2781; x_wconf 86' lang='lat' dir='ltr'><strong>mandatum.</strong></span> 
     </span>
    </p>
   </div>
   <div class='ocr_carea' id='block_1_30' title="bbox 647 2819 2231 2893">
    <p class='ocr_par' dir='ltr' id='par_1_30' title="bbox 647 2819 2231 2893">
     <span class='ocr_line' id='line_1_30' title="bbox 647 2819 2231 2893; baseline -0.006 -11"><span class='ocrx_word' id='word_1_180' title='bbox 647 2828 898 2893; x_wconf 84' lang='lat' dir='ltr'><strong>Quanam</strong></span> <span class='ocrx_word' id='word_1_181' title='bbox 953 2836 1004 2882; x_wconf 91' lang='lat' dir='ltr'><strong>te</strong></span> <span class='ocrx_word' id='word_1_182' title='bbox 1061 2826 1273 2881; x_wconf 86' lang='lat' dir='ltr'><strong>ratione</strong></span> <span class='ocrx_word' id='word_1_183' title='bbox 1336 2823 1749 2880; x_wconf 85' lang='lat' dir='ltr'><strong>commovebo?</strong></span> <span class='ocrx_word' id='word_1_184' title='bbox 1813 2822 1945 2891; x_wconf 88' lang='lat' dir='ltr'><strong>quid</strong></span> <span class='ocrx_word' id='word_1_185' title='bbox 2004 2819 2231 2891; x_wconf 84' lang='lat' dir='ltr'><strong>loquar?</strong></span> 
     </span>
    </p>
   </div>
   <div class='ocr_carea' id='block_1_31' title="bbox 641 2916 2231 2991">
    <p class='ocr_par' dir='ltr' id='par_1_31' title="bbox 641 2916 2231 2991">
     <span class='ocr_line' id='line_1_31' title="bbox 641 2916 2231 2991; baseline -0.001 -20"><span class='ocrx_word' id='word_1_186' title='bbox 641 2919 821 2991; x_wconf 75' lang='lat' dir='ltr'><strong>ltcgni</strong></span> <span class='ocrx_word' id='word_1_187' title='bbox 857 2931 909 2976; x_wconf 90' lang='lat' dir='ltr'><strong>te</strong></span> <span class='ocrx_word' id='word_1_188' title='bbox 947 2919 1095 2974; x_wconf 90' lang='lat' dir='ltr'><strong>nulla</strong></span> <span class='ocrx_word' id='word_1_189' title='bbox 1143 2916 1421 2988; x_wconf 85' lang='lat' dir='ltr'><strong>cupiditas</strong></span> <span class='ocrx_word' id='word_1_190' title='bbox 1478 2925 1625 2972; x_wconf 89' lang='lat' dir='ltr'><strong>tenet</strong></span> <span class='ocrx_word' id='word_1_191' title='bbox 1670 2933 1686 2969; x_wconf 93' lang='lat'><strong>:</strong></span> <span class='ocrx_word' id='word_1_192' title='bbox 1737 2917 1923 2970; x_wconf 89' lang='lat' dir='ltr'><strong>nullus</strong></span> <span class='ocrx_word' id='word_1_193' title='bbox 1965 2918 2231 2985; x_wconf 62' lang='lat' dir='ltr'><strong>gehennae</strong></span> 
     </span>
    </p>
   </div>
   <div class='ocr_carea' id='block_1_32' title="bbox 640 3009 2229 3080">
    <p class='ocr_par' dir='ltr' id='par_1_32' title="bbox 640 3009 2229 3080">
     <span class='ocr_line' id='line_1_32' title="bbox 640 3009 2229 3080; baseline -0.004 -12"><span class='ocrx_word' id='word_1_194' title='bbox 640 3023 848 3070; x_wconf 70' lang='grc' dir='ltr'>ἰιιεῑυε.</span> <span class='ocrx_word' id='word_1_195' title='bbox 910 3012 1196 3068; x_wconf 86' lang='lat' dir='ltr'><strong>Undenam</strong></span> <span class='ocrx_word' id='word_1_196' title='bbox 1251 3011 1448 3066; x_wconf 72' lang='lat' dir='ltr'><strong>animae</strong></span> <span class='ocrx_word' id='word_1_197' title='bbox 1506 3018 1611 3065; x_wconf 66' lang='lat' dir='ltr'><strong>tum</strong></span> <span class='ocrx_word' id='word_1_198' title='bbox 1668 3009 1900 3080; x_wconf 88' lang='lat' dir='ltr'><strong>reperiri</strong></span> <span class='ocrx_word' id='word_1_199' title='bbox 1956 3009 2229 3063; x_wconf 89' lang='lat' dir='ltr'><strong>medicina</strong></span> 
     </span>
    </p>
   </div>
   <div class='ocr_carea' id='block_1_33' title="bbox 646 3100 2229 3177">
    <p class='ocr_par' dir='ltr' id='par_1_33' title="bbox 646 3100 2229 3177">
     <span class='ocr_line' id='line_1_33' title="bbox 646 3100 2229 3177; baseline -0.004 -17"><span class='ocrx_word' id='word_1_200' title='bbox 646 3103 1010 3177; x_wconf 85' lang='lat' dir='ltr'><strong>queat?Nam</strong></span> <span class='ocrx_word' id='word_1_201' title='bbox 1043 3104 1114 3167; x_wconf 89' lang='lat' dir='ltr'><strong>si,</strong></span> <span class='ocrx_word' id='word_1_202' title='bbox 1156 3118 1258 3158; x_wconf 87' lang='lat' dir='ltr'><strong>nec</strong></span> <span class='ocrx_word' id='word_1_203' title='bbox 1290 3118 1354 3157; x_wconf 89' lang='lat' dir='ltr'><strong>ea</strong></span> <span class='ocrx_word' id='word_1_204' title='bbox 1385 3118 1508 3173; x_wconf 83' lang='lat' dir='ltr'><strong>quae</strong></span> <span class='ocrx_word' id='word_1_205' title='bbox 1542 3101 1832 3155; x_wconf 85' lang='lat' dir='ltr'><strong>horrorem</strong></span> <span class='ocrx_word' id='word_1_206' title='bbox 1872 3100 2097 3165; x_wconf 89' lang='lat' dir='ltr'><strong>habent,</strong></span> <span class='ocrx_word' id='word_1_207' title='bbox 2131 3102 2229 3154; x_wconf 88' lang='lat' dir='ltr'><strong>tibi</strong></span> 
     </span>
    </p>
   </div>
   <div class='ocr_carea' id='block_1_34' title="bbox 646 3193 2301 3294">
    <p class='ocr_par' dir='ltr' id='par_1_34' title="bbox 646 3193 2301 3294">
     <span class='ocr_line' id='line_1_34' title="bbox 646 3193 2301 3294; baseline -0.004 -41"><span class='ocrx_word' id='word_1_208' title='bbox 646 3210 910 3253; x_wconf 89' lang='lat' dir='ltr'><strong>terrorem</strong></span> <span class='ocrx_word' id='word_1_209' title='bbox 938 3197 1235 3257; x_wconf 82' lang='lat' dir='ltr'><strong>incutiunt.</strong></span> <span class='ocrx_word' id='word_1_210' title='bbox 1269 3209 1372 3250; x_wconf 85' lang='lat' dir='ltr'><strong>nec</strong></span> <span class='ocrx_word' id='word_1_211' title='bbox 1403 3207 1453 3249; x_wconf 81' lang='lat' dir='ltr'><strong>tu</strong></span> <span class='ocrx_word' id='word_1_212' title='bbox 1474 3210 1597 3265; x_wconf 75' lang='lat' dir='ltr'><strong>qua:</strong></span> <span class='ocrx_word' id='word_1_213' title='bbox 1629 3193 1747 3247; x_wconf 77' lang='lat' dir='ltr'><strong>laeta</strong></span> <span class='ocrx_word' id='word_1_214' title='bbox 1787 3200 1919 3248; x_wconf 90' lang='lat' dir='ltr'><strong>sunt</strong></span> <span class='ocrx_word' id='word_1_215' title='bbox 1977 3193 2227 3256; x_wconf 85' lang='lat' dir='ltr'><strong>incitant,</strong></span> <span class='ocrx_word' id='word_1_216' title='bbox 2258 3236 2301 3294; x_wconf 61' lang='grc' dir='ltr'><strong>ϐ</strong></span> 
     </span>
    </p>
   </div>
   <div class='ocr_carea' id='block_1_35' title="bbox 648 3282 2227 3358">
    <p class='ocr_par' dir='ltr' id='par_1_35' title="bbox 648 3282 2227 3358">
     <span class='ocr_line' id='line_1_35' title="bbox 648 3282 2227 3358; baseline -0.004 -16"><span class='ocrx_word' id='word_1_217' title='bbox 648 3290 713 3343; x_wconf 88' lang='lat' dir='ltr'><strong>ad</strong></span> <span class='ocrx_word' id='word_1_218' title='bbox 745 3304 969 3343; x_wconf 81' lang='lat' dir='ltr'><strong>saxeum</strong></span> <span class='ocrx_word' id='word_1_219' title='bbox 997 3295 1186 3358; x_wconf 88' lang='lat' dir='ltr'><strong>pectus</strong></span> <span class='ocrx_word' id='word_1_220' title='bbox 1213 3285 1370 3341; x_wconf 87' lang='lat' dir='ltr'><strong>nobis</strong></span> <span class='ocrx_word' id='word_1_221' title='bbox 1396 3296 1481 3340; x_wconf 84' lang='lat' dir='ltr'><strong>est</strong></span> <span class='ocrx_word' id='word_1_222' title='bbox 1506 3283 1707 3339; x_wconf 86' lang='lat' dir='ltr'><strong>oratio.</strong></span> <span class='ocrx_word' id='word_1_223' title='bbox 1732 3282 1957 3349; x_wconf 85' lang='lat' dir='ltr'><strong>Oculos,</strong></span> <span class='ocrx_word' id='word_1_224' title='bbox 1982 3298 2015 3336; x_wconf 89' lang='grc' dir='ltr'><strong>ο</strong></span> <span class='ocrx_word' id='word_1_225' title='bbox 2040 3284 2227 3342; x_wconf 85' lang='lat' dir='ltr'><strong>homo.</strong></span> 
     </span>
    </p>
   </div>
   <div class='ocr_carea' id='block_1_36' title="bbox 648 3373 2229 3450">
    <p class='ocr_par' dir='ltr' id='par_1_36' title="bbox 648 3373 2229 3450">
     <span class='ocr_line' id='line_1_36' title="bbox 648 3373 2229 3450; baseline -0.006 -15"><span class='ocrx_word' id='word_1_226' title='bbox 648 3383 715 3435; x_wconf 88' lang='lat' dir='ltr'><strong>ad</strong></span> <span class='ocrx_word' id='word_1_227' title='bbox 746 3396 908 3450; x_wconf 87' lang='lat' dir='ltr'><strong>opmn</strong></span> <span class='ocrx_word' id='word_1_228' title='bbox 956 3388 1209 3434; x_wconf 87' lang='lat' dir='ltr'><strong>naturam</strong></span> <span class='ocrx_word' id='word_1_229' title='bbox 1242 3377 1480 3446; x_wconf 86' lang='lat' dir='ltr'><strong>conjice.</strong></span> <span class='ocrx_word' id='word_1_230' title='bbox 1526 3375 1668 3443; x_wconf 84' lang='lat' dir='ltr'><strong>Quid</strong></span> <span class='ocrx_word' id='word_1_231' title='bbox 1717 3388 1913 3428; x_wconf 87' lang='lat' dir='ltr'><strong>aurqu</strong></span> <span class='ocrx_word' id='word_1_232' title='bbox 1975 3373 2112 3428; x_wconf 89' lang='lat' dir='ltr'><strong>adeo</strong></span> <span class='ocrx_word' id='word_1_233' title='bbox 2160 3373 2229 3427; x_wconf 88' lang='lat' dir='ltr'><strong>ad</strong></span> 
     </span>
    </p>
   </div>
   <div class='ocr_carea' id='block_1_37' title="bbox 645 3468 2230 3546">
    <p class='ocr_par' dir='ltr' id='par_1_37' title="bbox 645 3468 2230 3546">
     <span class='ocr_line' id='line_1_37' title="bbox 645 3468 2230 3546; baseline -0.006 -15"><span class='ocrx_word' id='word_1_234' title='bbox 645 3489 925 3546; x_wconf 88' lang='lat' dir='ltr'><strong>stuporem</strong></span> <span class='ocrx_word' id='word_1_235' title='bbox 979 3489 1151 3544; x_wconf 87' lang='lat' dir='ltr'><strong>usque</strong></span> <span class='ocrx_word' id='word_1_236' title='bbox 1184 3470 1517 3526; x_wconf 81' lang='lat' dir='ltr'><strong>admiraris!</strong></span> <span class='ocrx_word' id='word_1_237' title='bbox 1554 3468 1720 3539; x_wconf 85' lang='lat' dir='ltr'><strong>Lapis</strong></span> <span class='ocrx_word' id='word_1_238' title='bbox 1749 3476 1836 3523; x_wconf 89' lang='lat' dir='ltr'><strong>est</strong></span> <span class='ocrx_word' id='word_1_239' title='bbox 1886 3482 2106 3531; x_wconf 89' lang='lat' dir='ltr'><strong>aurum,</strong></span> <span class='ocrx_word' id='word_1_240' title='bbox 2139 3484 2230 3522; x_wconf 79' lang='lat' dir='ltr'><strong>ar-</strong></span> 
     </span>
    </p>
   </div>
   <div class='ocr_carea' id='block_1_38' title="bbox 642 3561 2225 3639">
    <p class='ocr_par' dir='ltr' id='par_1_38' title="bbox 642 3561 2225 3639">
     <span class='ocr_line' id='line_1_38' title="bbox 642 3561 2225 3639; baseline -0.005 -16"><span class='ocrx_word' id='word_1_241' title='bbox 642 3578 865 3639; x_wconf 85' lang='lat' dir='ltr'><strong>gentum</strong></span> <span class='ocrx_word' id='word_1_242' title='bbox 920 3568 1094 3638; x_wconf 88' lang='lat' dir='ltr'><strong>lapis,</strong></span> <span class='ocrx_word' id='word_1_243' title='bbox 1158 3565 1455 3636; x_wconf 82' lang='lat' dir='ltr'><strong>margarita</strong></span> <span class='ocrx_word' id='word_1_244' title='bbox 1517 3562 1676 3634; x_wconf 82' lang='lat' dir='ltr'><strong>lapis.</strong></span> <span class='ocrx_word' id='word_1_245' title='bbox 1731 3561 1927 3628; x_wconf 77' lang='lat' dir='ltr'><strong>Quiris</strong></span> <span class='ocrx_word' id='word_1_246' title='bbox 1984 3561 2225 3633; x_wconf 87' lang='lat' dir='ltr'><strong>lapidum</strong></span> 
     </span>
    </p>
   </div>
   <div class='ocr_carea' id='block_1_39' title="bbox 646 3654 2232 3731">
    <p class='ocr_par' dir='ltr' id='par_1_39' title="bbox 646 3654 2232 3731">
     <span class='ocr_line' id='line_1_39' title="bbox 646 3654 2232 3731; baseline -0.005 -17"><span class='ocrx_word' id='word_1_247' title='bbox 646 3663 783 3731; x_wconf 84' lang='lat' dir='ltr'><strong>lapis</strong></span> <span class='ocrx_word' id='word_1_248' title='bbox 811 3670 895 3716; x_wconf 82' lang='lat' dir='ltr'><strong>est</strong></span> <span class='ocrx_word' id='word_1_249' title='bbox 927 3678 940 3714; x_wconf 94' lang='lat'><strong>:</strong></span> <span class='ocrx_word' id='word_1_250' title='bbox 979 3657 1378 3731; x_wconf 81' lang='lat' dir='ltr'><strong>chrysolithus,</strong></span> <span class='ocrx_word' id='word_1_251' title='bbox 1410 3656 1677 3727; x_wconf 81' lang='lat' dir='ltr'><strong>beryllus,</strong></span> <span class='ocrx_word' id='word_1_252' title='bbox 1716 3655 1966 3717; x_wconf 84' lang='lat' dir='ltr'><strong>achates,</strong></span> <span class='ocrx_word' id='word_1_253' title='bbox 2001 3654 2232 3725; x_wconf 86' lang='lat' dir='ltr'><strong>hyacin-</strong></span> 
     </span>
    </p>
   </div>
   <div class='ocr_carea' id='block_1_40' title="bbox 642 3741 2227 3821">
    <p class='ocr_par' dir='ltr' id='par_1_40' title="bbox 642 3741 2227 3821">
     <span class='ocr_line' id='line_1_40' title="bbox 642 3741 2227 3821; baseline -0.001 -18"><span class='ocrx_word' id='word_1_254' title='bbox 642 3755 792 3815; x_wconf 84' lang='lat' dir='ltr'><strong>thus,</strong></span> <span class='ocrx_word' id='word_1_255' title='bbox 821 3752 1163 3821; x_wconf 74' lang='lat' dir='ltr'><strong>amethystus</strong></span> <span class='ocrx_word' id='word_1_256' title='bbox 1183 3748 1446 3819; x_wconf 88' lang='lat' dir='ltr'><strong>etjaspis.</strong></span> <span class='ocrx_word' id='word_1_257' title='bbox 1475 3748 1642 3816; x_wconf 76' lang='lat' dir='ltr'><strong>Atqui</strong></span> <span class='ocrx_word' id='word_1_258' title='bbox 1669 3748 1721 3801; x_wconf 93' lang='lat' dir='ltr'><strong>hi</strong></span> <span class='ocrx_word' id='word_1_259' title='bbox 1753 3757 1883 3801; x_wconf 91' lang='lat' dir='ltr'><strong>sunt</strong></span> <span class='ocrx_word' id='word_1_260' title='bbox 1909 3741 2227 3801; x_wconf 77' lang='lat' dir='ltr'><strong>divitiarum</strong></span> 
     </span>
    </p>
   </div>
   <div class='ocr_carea' id='block_1_41' title="bbox 642 3839 2229 3914">
    <p class='ocr_par' dir='ltr' id='par_1_41' title="bbox 642 3839 2229 3914">
     <span class='ocr_line' id='line_1_41' title="bbox 642 3839 2229 3914; baseline -0.005 -16"><span class='ocrx_word' id='word_1_261' title='bbox 642 3847 828 3907; x_wconf 84' lang='lat' dir='ltr'><strong>liores,</strong></span> <span class='ocrx_word' id='word_1_262' title='bbox 860 3859 1001 3914; x_wconf 85' lang='lat' dir='ltr'><strong>quos</strong></span> <span class='ocrx_word' id='word_1_263' title='bbox 1035 3852 1089 3896; x_wconf 92' lang='lat' dir='ltr'><strong>tu</strong></span> <span class='ocrx_word' id='word_1_264' title='bbox 1119 3842 1315 3912; x_wconf 87' lang='lat' dir='ltr'><strong>partim</strong></span> <span class='ocrx_word' id='word_1_265' title='bbox 1346 3840 1664 3895; x_wconf 85' lang='lat' dir='ltr'><strong>reconditos</strong></span> <span class='ocrx_word' id='word_1_266' title='bbox 1700 3839 1894 3900; x_wconf 87' lang='lat' dir='ltr'><strong>habes.</strong></span> <span class='ocrx_word' id='word_1_267' title='bbox 1925 3840 1997 3893; x_wconf 88' lang='lat' dir='ltr'><strong>ita</strong></span> <span class='ocrx_word' id='word_1_268' title='bbox 2024 3846 2084 3892; x_wconf 90' lang='lat' dir='ltr'><strong>ut</strong></span> <span class='ocrx_word' id='word_1_269' title='bbox 2114 3839 2229 3907; x_wconf 80' lang='lat' dir='ltr'><strong>pel-</strong></span> 
     </span>
    </p>
   </div>
   <div class='ocr_carea' id='block_1_42' title="bbox 644 3931 2228 4008">
    <p class='ocr_par' dir='ltr' id='par_1_42' title="bbox 644 3931 2228 4008">
     <span class='ocr_line' id='line_1_42' title="bbox 644 3931 2228 4008; baseline -0.004 -17"><span class='ocrx_word' id='word_1_270' title='bbox 644 3937 855 3994; x_wconf 86' lang='lat' dir='ltr'><strong>lucidos</strong></span> <span class='ocrx_word' id='word_1_271' title='bbox 879 3937 1088 4008; x_wconf 83' lang='lat' dir='ltr'><strong>lapides</strong></span> <span class='ocrx_word' id='word_1_272' title='bbox 1120 3936 1364 3990; x_wconf 88' lang='lat' dir='ltr'><strong>tenebris</strong></span> <span class='ocrx_word' id='word_1_273' title='bbox 1406 3932 1676 3999; x_wconf 83' lang='lat' dir='ltr'><strong>mandes;</strong></span> <span class='ocrx_word' id='word_1_274' title='bbox 1713 3934 1916 4003; x_wconf 91' lang='lat' dir='ltr'><strong>partim</strong></span> <span class='ocrx_word' id='word_1_275' title='bbox 1971 3931 2091 4002; x_wconf 89' lang='lat' dir='ltr'><strong>ipse</strong></span> <span class='ocrx_word' id='word_1_276' title='bbox 2116 3931 2228 3985; x_wconf 80' lang='lat' dir='ltr'><strong>cir-</strong></span> 
     </span>
    </p>
   </div>
   <div class='ocr_carea' id='block_1_43' title="bbox 640 4021 2227 4095">
    <p class='ocr_par' dir='ltr' id='par_1_43' title="bbox 640 4021 2227 4095">
     <span class='ocr_line' id='line_1_43' title="bbox 640 4021 2227 4095; baseline -0.005 -12"><span class='ocrx_word' id='word_1_277' title='bbox 640 4030 900 4095; x_wconf 74' lang='lat' dir='ltr'><strong>cuml‘ers,</strong></span> <span class='ocrx_word' id='word_1_278' title='bbox 938 4028 1171 4083; x_wconf 79' lang='lat' dir='ltr'><strong>eximios</strong></span> <span class='ocrx_word' id='word_1_279' title='bbox 1211 4026 1428 4081; x_wconf 87' lang='lat' dir='ltr'><strong>scilicet</strong></span> <span class='ocrx_word' id='word_1_280' title='bbox 1478 4025 1603 4079; x_wconf 88' lang='lat' dir='ltr'><strong>illos</strong></span> <span class='ocrx_word' id='word_1_281' title='bbox 1646 4038 1882 4094; x_wconf 88' lang='lat' dir='ltr'><strong>quorum</strong></span> <span class='ocrx_word' id='word_1_282' title='bbox 1932 4021 2227 4092; x_wconf 88' lang='lat' dir='ltr'><strong>splendore</strong></span> 
     </span>
    </p>
   </div>
   <div class='ocr_carea' id='block_1_44' title="bbox 635 4114 2227 4191">
    <p class='ocr_par' dir='ltr' id='par_1_44' title="bbox 635 4114 2227 4191">
     <span class='ocr_line' id='line_1_44' title="bbox 635 4114 2227 4191; baseline -0.006 -16"><span class='ocrx_word' id='word_1_283' title='bbox 635 4123 921 4191; x_wconf 77' lang='lat' dir='ltr'><strong>gloriaris.</strong></span> <span class='ocrx_word' id='word_1_284' title='bbox 982 4118 1159 4175; x_wconf 81' lang='lat' dir='ltr'><strong>Velim</strong></span> <span class='ocrx_word' id='word_1_285' title='bbox 1215 4118 1371 4173; x_wconf 86' lang='lat' dir='ltr'><strong>dicas</strong></span> <span class='ocrx_word' id='word_1_286' title='bbox 1423 4116 1557 4187; x_wconf 86' lang='lat' dir='ltr'><strong>quid</strong></span> <span class='ocrx_word' id='word_1_287' title='bbox 1608 4116 1704 4171; x_wconf 91' lang='lat' dir='ltr'><strong>tibi</strong></span> <span class='ocrx_word' id='word_1_288' title='bbox 1769 4114 1992 4169; x_wconf 86' lang='lat' dir='ltr'><strong>tandem</strong></span> <span class='ocrx_word' id='word_1_289' title='bbox 2048 4114 2227 4184; x_wconf 87' lang='lat' dir='ltr'><strong>prosit</strong></span> 
     </span>
    </p>
   </div>
   <div class='ocr_carea' id='block_1_45' title="bbox 637 4204 2226 4280">
    <p class='ocr_par' dir='ltr' id='par_1_45' title="bbox 637 4204 2226 4280">
     <span class='ocr_line' id='line_1_45' title="bbox 637 4204 2226 4280; baseline -0.007 -12"><span class='ocrx_word' id='word_1_290' title='bbox 637 4222 1023 4269; x_wconf 74' lang='lat' dir='ltr'><strong>coruscantem</strong></span> <span class='ocrx_word' id='word_1_291' title='bbox 1049 4211 1254 4280; x_wconf 87' lang='lat' dir='ltr'><strong>lapillis</strong></span> <span class='ocrx_word' id='word_1_292' title='bbox 1284 4225 1509 4263; x_wconf 89' lang='lat' dir='ltr'><strong>manum</strong></span> <span class='ocrx_word' id='word_1_293' title='bbox 1545 4207 1788 4277; x_wconf 87' lang='lat' dir='ltr'><strong>undique</strong></span> <span class='ocrx_word' id='word_1_294' title='bbox 1818 4204 2226 4275; x_wconf 86' lang='lat' dir='ltr'><strong>contorquere?</strong></span> 
     </span>
    </p>
   </div>
   <div class='ocr_carea' id='block_1_46' title="bbox 642 4297 2227 4376">
    <p class='ocr_par' dir='ltr' id='par_1_46' title="bbox 642 4297 2227 4376">
     <span class='ocr_line' id='line_1_46' title="bbox 642 4297 2227 4376; baseline -0.008 -14"><span class='ocrx_word' id='word_1_295' title='bbox 642 4306 761 4363; x_wconf 81' lang='lat' dir='ltr'><strong>Non</strong></span> <span class='ocrx_word' id='word_1_296' title='bbox 790 4317 841 4361; x_wconf 91' lang='lat' dir='ltr'><strong>te</strong></span> <span class='ocrx_word' id='word_1_297' title='bbox 876 4305 1043 4376; x_wconf 92' lang='lat' dir='ltr'><strong>pudet</strong></span> <span class='ocrx_word' id='word_1_298' title='bbox 1072 4319 1183 4370; x_wconf 79' lang='lat' dir='ltr'><strong>prae</strong></span> <span class='ocrx_word' id='word_1_299' title='bbox 1220 4301 1444 4356; x_wconf 84' lang='lat' dir='ltr'><strong>fastidio</strong></span> <span class='ocrx_word' id='word_1_300' title='bbox 1476 4300 1685 4369; x_wconf 89' lang='lat' dir='ltr'><strong>lapides</strong></span> <span class='ocrx_word' id='word_1_301' title='bbox 1724 4306 2005 4368; x_wconf 89' lang='lat' dir='ltr'><strong>appetere,</strong></span> <span class='ocrx_word' id='word_1_302' title='bbox 2046 4297 2227 4367; x_wconf 79' lang='lat' dir='ltr'><strong>gravi-</strong></span> 
     </span>
    </p>
   </div>
   <div class='ocr_carea' id='block_1_47' title="bbox 639 4388 2224 4457">
    <p class='ocr_par' dir='ltr' id='par_1_47' title="bbox 639 4388 2224 4457">
     <span class='ocr_line' id='line_1_47' title="bbox 639 4388 2224 4457; baseline -0.004 -9"><span class='ocrx_word' id='word_1_303' title='bbox 639 4398 836 4449; x_wconf 84' lang='lat' dir='ltr'><strong>darum</strong></span> <span class='ocrx_word' id='word_1_304' title='bbox 869 4396 1200 4449; x_wconf 81' lang='lat' dir='ltr'><strong>feminarum</strong></span> <span class='ocrx_word' id='word_1_305' title='bbox 1235 4406 1407 4445; x_wconf 89' lang='lat' dir='ltr'><strong>more.</strong></span> <span class='ocrx_word' id='word_1_306' title='bbox 1436 4388 1507 4443; x_wconf 85' lang='lat' dir='ltr'><strong>Ut</strong></span> <span class='ocrx_word' id='word_1_307' title='bbox 1538 4389 1700 4444; x_wconf 80' lang='lat' dir='ltr'><strong>enim.</strong></span> <span class='ocrx_word' id='word_1_308' title='bbox 1728 4389 1835 4442; x_wconf 70' lang='lat' dir='ltr'><strong>illa:</strong></span> <span class='ocrx_word' id='word_1_309' title='bbox 1882 4388 2094 4457; x_wconf 90' lang='lat' dir='ltr'><strong>lapides</strong></span> <span class='ocrx_word' id='word_1_310' title='bbox 2129 4402 2224 4441; x_wconf 52' lang='lat' dir='ltr'><strong>ro.</strong></span> 
     </span>
    </p>
   </div>
   <div class='ocr_carea' id='block_1_48' title="bbox 639 4478 2221 4553">
    <p class='ocr_par' dir='ltr' id='par_1_48' title="bbox 639 4478 2221 4553">
     <span class='ocr_line' id='line_1_48' title="bbox 639 4478 2221 4553; baseline -0.007 -13"><span class='ocrx_word' id='word_1_311' title='bbox 639 4488 800 4551; x_wconf 86' lang='lat' dir='ltr'><strong>dunt,</strong></span> <span class='ocrx_word' id='word_1_312' title='bbox 837 4488 918 4541; x_wconf 90' lang='lat' dir='ltr'><strong>sic</strong></span> <span class='ocrx_word' id='word_1_313' title='bbox 956 4494 1012 4539; x_wconf 85' lang='lat' dir='ltr'><strong>tu</strong></span> <span class='ocrx_word' id='word_1_314' title='bbox 1037 4497 1255 4553; x_wconf 90' lang='lat' dir='ltr'><strong>quoque</strong></span> <span class='ocrx_word' id='word_1_315' title='bbox 1283 4480 1515 4536; x_wconf 78' lang='lat' dir='ltr'><strong>eximios</strong></span> <span class='ocrx_word' id='word_1_316' title='bbox 1555 4493 1805 4549; x_wconf 90' lang='lat' dir='ltr'><strong>quosque</strong></span> <span class='ocrx_word' id='word_1_317' title='bbox 1855 4478 2064 4549; x_wconf 88' lang='lat' dir='ltr'><strong>lapides</strong></span> <span class='ocrx_word' id='word_1_318' title='bbox 2103 4492 2221 4530; x_wconf 65' lang='lat' dir='ltr'><strong>ma-s</strong></span> 
     </span>
    </p>
   </div>
   <div class='ocr_carea' id='block_1_49' title="bbox 2342 600 3917 678">
    <p class='ocr_par' dir='ltr' id='par_1_49' title="bbox 2342 600 3917 678">
     <span class='ocr_line' id='line_1_49' title="bbox 2342 600 3917 678; baseline -0.008 -8"><span class='ocrx_word' id='word_1_319' title='bbox 2342 600 2518 670; x_wconf 74' lang='grc' dir='ltr'>Χήρας</span> <span class='ocrx_word' id='word_1_320' title='bbox 2565 601 2659 655; x_wconf 80' lang='grc' dir='ltr'>τὸν</span> <span class='ocrx_word' id='word_1_321' title='bbox 2706 603 3047 674; x_wconf 81' lang='grc' dir='ltr'>στεναγμὸν,</span> <span class='ocrx_word' id='word_1_322' title='bbox 3094 606 3365 678; x_wconf 79' lang='grc' dir='ltr'><strong>ἑτέρωθεν</strong></span> <span class='ocrx_word' id='word_1_323' title='bbox 3396 612 3525 675; x_wconf 81' lang='grc' dir='ltr'>τοὺς</span> <span class='ocrx_word' id='word_1_324' title='bbox 3584 616 3917 669; x_wconf 62' lang='lat' dir='ltr'><strong>mem..-</strong></span> 
     </span>
    </p>
   </div>
   <div class='ocr_carea' id='block_1_50' title="bbox 2338 690 3923 769">
    <p class='ocr_par' dir='ltr' id='par_1_50' title="bbox 2338 690 3923 769">
     <span class='ocr_line' id='line_1_50' title="bbox 2338 690 3923 769; baseline 0.008 -25"><span class='ocrx_word' id='word_1_325' title='bbox 2338 690 2626 757; x_wconf 84' lang='grc' dir='ltr'>λισθέντας</span> <span class='ocrx_word' id='word_1_326' title='bbox 2671 693 2782 748; x_wconf 76' lang='grc' dir='ltr'>ἀπὸ</span> <span class='ocrx_word' id='word_1_327' title='bbox 2828 694 2924 748; x_wconf 81' lang='grc' dir='ltr'>σοῦ</span> <span class='ocrx_word' id='word_1_328' title='bbox 2960 696 3237 769; x_wconf 75' lang='grc' dir='ltr'><strong>πένητας,</strong></span> <span class='ocrx_word' id='word_1_329' title='bbox 3268 701 3396 763; x_wconf 73' lang='grc' dir='ltr'>τοὺς</span> <span class='ocrx_word' id='word_1_330' title='bbox 3422 702 3644 767; x_wconf 82' lang='grc' dir='ltr'>οίκὲτας</span> <span class='ocrx_word' id='word_1_331' title='bbox 3668 702 3766 769; x_wconf 78' lang='grc' dir='ltr'>οὓς</span> <span class='ocrx_word' id='word_1_332' title='bbox 3792 724 3923 760; x_wconf 77' lang='grc' dir='ltr'>κατ-</span> 
     </span>
    </p>
   </div>
   <div class='ocr_carea' id='block_1_51' title="bbox 2341 782 3923 862">
    <p class='ocr_par' dir='ltr' id='par_1_51' title="bbox 2341 782 3923 862">
     <span class='ocr_line' id='line_1_51' title="bbox 2341 782 3923 862; baseline 0.011 -26"><span class='ocrx_word' id='word_1_333' title='bbox 2341 782 2572 848; x_wconf 76' lang='grc' dir='ltr'>έξαινες,</span> <span class='ocrx_word' id='word_1_334' title='bbox 2603 785 2854 854; x_wconf 77' lang='grc' dir='ltr'><strong>γείτονας</strong></span> <span class='ocrx_word' id='word_1_335' title='bbox 2882 786 2976 853; x_wconf 75' lang='grc' dir='ltr'>οὓς</span> <span class='ocrx_word' id='word_1_336' title='bbox 3006 790 3386 862; x_wconf 75' lang='grc' dir='ltr'>παρώργιζες,</span> <span class='ocrx_word' id='word_1_337' title='bbox 3404 793 3587 849; x_wconf 84' lang='grc' dir='ltr'>πάντα</span> <span class='ocrx_word' id='word_1_338' title='bbox 3613 812 3698 851; x_wconf 83' lang='grc' dir='ltr'><strong>σοι</strong></span> <span class='ocrx_word' id='word_1_339' title='bbox 3725 798 3923 854; x_wconf 52' lang='lat' dir='ltr'><strong>smn.</strong></span> 
     </span>
    </p>
   </div>
   <div class='ocr_carea' id='block_1_52' title="bbox 2337 878 3926 961">
    <p class='ocr_par' dir='ltr' id='par_1_52' title="bbox 2337 878 3926 961">
     <span class='ocr_line' id='line_1_52' title="bbox 2337 878 3926 961; baseline 0.009 -30"><span class='ocrx_word' id='word_1_340' title='bbox 2337 878 2624 947; x_wconf 84' lang='grc' dir='ltr'>στήσεται·</span> <span class='ocrx_word' id='word_1_341' title='bbox 2673 878 2913 951; x_wconf 83' lang='grc' dir='ltr'>πονηρὸς</span> <span class='ocrx_word' id='word_1_342' title='bbox 2947 882 3108 953; x_wconf 76' lang='grc' dir='ltr'>χορὸς</span> <span class='ocrx_word' id='word_1_343' title='bbox 3150 883 3262 937; x_wconf 86' lang='grc' dir='ltr'>τῶν</span> <span class='ocrx_word' id='word_1_344' title='bbox 3314 886 3505 940; x_wconf 80' lang='grc' dir='ltr'><strong>κακῶν</strong></span> <span class='ocrx_word' id='word_1_345' title='bbox 3538 904 3636 941; x_wconf 85' lang='grc' dir='ltr'><strong>σου</strong></span> <span class='ocrx_word' id='word_1_346' title='bbox 3667 892 3926 961; x_wconf 70' lang='grc' dir='ltr'>πράξεων</span> 
     </span>
    </p>
   </div>
   <div class='ocr_carea' id='block_1_53' title="bbox 2339 970 3923 1053">
    <p class='ocr_par' dir='ltr' id='par_1_53' title="bbox 2339 970 3923 1053">
     <span class='ocr_line' id='line_1_53' title="bbox 2339 970 3923 1053; baseline 0.011 -32"><span class='ocrx_word' id='word_1_347' title='bbox 2339 970 2822 1042; x_wconf 83' lang='grc' dir='ltr'>περιστοιχήσεταί</span> <span class='ocrx_word' id='word_1_348' title='bbox 2869 988 2974 1027; x_wconf 86' lang='grc' dir='ltr'>σοι.</span> <span class='ocrx_word' id='word_1_349' title='bbox 3016 973 3227 1047; x_wconf 81' lang='grc' dir='ltr'>Ὥσπερ</span> <span class='ocrx_word' id='word_1_350' title='bbox 3270 977 3380 1049; x_wconf 78' lang='grc' dir='ltr'>γὰρ</span> <span class='ocrx_word' id='word_1_351' title='bbox 3436 980 3472 1051; x_wconf 77' lang='grc' dir='ltr'><strong>ἠ</strong></span> <span class='ocrx_word' id='word_1_352' title='bbox 3524 982 3661 1035; x_wconf 84' lang='grc' dir='ltr'><strong>σκιά</strong></span> <span class='ocrx_word' id='word_1_353' title='bbox 3700 982 3780 1053; x_wconf 75' lang='grc' dir='ltr'>τῷ</span> <span class='ocrx_word' id='word_1_354' title='bbox 3818 984 3923 1037; x_wconf 73' lang='grc' dir='ltr'><strong>σώ-</strong></span> 
     </span>
    </p>
   </div>
   <div class='ocr_carea' id='block_1_54' title="bbox 2341 1061 3925 1145">
    <p class='ocr_par' dir='ltr' id='par_1_54' title="bbox 2341 1061 3925 1145">
     <span class='ocr_line' id='line_1_54' title="bbox 2341 1061 3925 1145; baseline 0.011 -32"><span class='ocrx_word' id='word_1_355' title='bbox 2341 1075 2498 1131; x_wconf 80' lang='grc' dir='ltr'>ματι,</span> <span class='ocrx_word' id='word_1_356' title='bbox 2528 1061 2673 1116; x_wconf 76' lang='grc' dir='ltr'>οὕτω</span> <span class='ocrx_word' id='word_1_357' title='bbox 2701 1064 2824 1129; x_wconf 85' lang='grc' dir='ltr'>ταῖς</span> <span class='ocrx_word' id='word_1_358' title='bbox 2850 1064 3052 1136; x_wconf 77' lang='grc' dir='ltr'>ψυχαῖς</span> <span class='ocrx_word' id='word_1_359' title='bbox 3090 1067 3363 1140; x_wconf 81' lang='grc' dir='ltr'>ἁμαρτίαι</span> <span class='ocrx_word' id='word_1_360' title='bbox 3379 1073 3752 1142; x_wconf 79' lang='grc' dir='ltr'>παρίπονται,</span> <span class='ocrx_word' id='word_1_361' title='bbox 3775 1076 3925 1145; x_wconf 66' lang='grc' dir='ltr'>ἐναρ-</span> 
     </span>
    </p>
   </div>
   <div class='ocr_carea' id='block_1_55' title="bbox 2339 1148 3925 1223">
    <p class='ocr_par' dir='ltr' id='par_1_55' title="bbox 2339 1148 3925 1223">
     <span class='ocr_line' id='line_1_55' title="bbox 2339 1148 3925 1223; baseline 0.011 -20"><span class='ocrx_word' id='word_1_362' title='bbox 2339 1148 2453 1218; x_wconf 84' lang='grc' dir='ltr'><strong>γῶς</strong></span> <span class='ocrx_word' id='word_1_363' title='bbox 2484 1151 2584 1216; x_wconf 81' lang='grc' dir='ltr'><strong>τὰς</strong></span> <span class='ocrx_word' id='word_1_364' title='bbox 2615 1152 2845 1223; x_wconf 80' lang='grc' dir='ltr'>πράξεις</span> <span class='ocrx_word' id='word_1_365' title='bbox 2877 1156 3262 1222; x_wconf 77' lang='grc' dir='ltr'>είκονίζουσαι.</span> <span class='ocrx_word' id='word_1_366' title='bbox 3307 1160 3409 1214; x_wconf 87' lang='grc' dir='ltr'>Διά</span> <span class='ocrx_word' id='word_1_367' title='bbox 3436 1161 3602 1216; x_wconf 82' lang='grc' dir='ltr'>τοῦτο</span> <span class='ocrx_word' id='word_1_368' title='bbox 3638 1165 3749 1218; x_wconf 77' lang='grc' dir='ltr'>οὐκ</span> <span class='ocrx_word' id='word_1_369' title='bbox 3780 1165 3925 1221; x_wconf 73' lang='grc' dir='ltr'>ἐστιν</span> 
     </span>
    </p>
   </div>
   <div class='ocr_carea' id='block_1_56' title="bbox 2338 1227 3920 1328">
    <p class='ocr_par' dir='ltr' id='par_1_56' title="bbox 2338 1227 3920 1328">
     <span class='ocr_line' id='line_1_56' title="bbox 2338 1227 3920 1328; baseline 0.012 -34"><span class='ocrx_word' id='word_1_370' title='bbox 2338 1227 2569 1315; x_wconf 48' lang='grc' dir='ltr'>ξονησις</span> <span class='ocrx_word' id='word_1_371' title='bbox 2621 1247 2760 1311; x_wconf 76' lang='grc' dir='ltr'>ἐκεῖ,</span> <span class='ocrx_word' id='word_1_372' title='bbox 2798 1246 2936 1301; x_wconf 77' lang='grc' dir='ltr'><strong>ἀλλά</strong></span> <span class='ocrx_word' id='word_1_373' title='bbox 2962 1250 3286 1322; x_wconf 81' lang='grc' dir='ltr'>φράσσεται</span> <span class='ocrx_word' id='word_1_374' title='bbox 3333 1254 3513 1324; x_wconf 81' lang='grc' dir='ltr'>στόμα</span> <span class='ocrx_word' id='word_1_375' title='bbox 3539 1255 3920 1328; x_wconf 66' lang='grc' dir='ltr'>ἀναίσχυντον.</span> 
     </span>
    </p>
   </div>
   <div class='ocr_carea' id='block_1_57' title="bbox 2335 1336 3923 1422">
    <p class='ocr_par' dir='ltr' id='par_1_57' title="bbox 2335 1336 3923 1422">
     <span class='ocr_line' id='line_1_57' title="bbox 2335 1336 3923 1422; baseline 0.011 -35"><span class='ocrx_word' id='word_1_376' title='bbox 2335 1336 2486 1389; x_wconf 82' lang='grc' dir='ltr'><strong>Αὑτὰ</strong></span> <span class='ocrx_word' id='word_1_377' title='bbox 2522 1336 2630 1409; x_wconf 80' lang='grc' dir='ltr'>γὰρ</span> <span class='ocrx_word' id='word_1_378' title='bbox 2656 1340 2891 1394; x_wconf 76' lang='grc' dir='ltr'><strong>ἑκάστου</strong></span> <span class='ocrx_word' id='word_1_379' title='bbox 2918 1348 3336 1418; x_wconf 89' lang='grc' dir='ltr'>καταμαρτυρεῖ</span> <span class='ocrx_word' id='word_1_380' title='bbox 3376 1348 3450 1402; x_wconf 76' lang='grc' dir='ltr'>τὰ</span> <span class='ocrx_word' id='word_1_381' title='bbox 3486 1350 3828 1422; x_wconf 81' lang='grc' dir='ltr'>πράγματα,</span> <span class='ocrx_word' id='word_1_382' title='bbox 3862 1353 3923 1405; x_wconf 77' lang='grc' dir='ltr'>οὗ</span> 
     </span>
    </p>
   </div>
   <div class='ocr_carea' id='block_1_58' title="bbox 2336 1427 3923 1513">
    <p class='ocr_par' dir='ltr' id='par_1_58' title="bbox 2336 1427 3923 1513">
     <span class='ocr_line' id='line_1_58' title="bbox 2336 1427 3923 1513; baseline 0.013 -34"><span class='ocrx_word' id='word_1_383' title='bbox 2336 1427 2521 1499; x_wconf 85' lang='grc' dir='ltr'>φωνὴν</span> <span class='ocrx_word' id='word_1_384' title='bbox 2573 1431 2824 1499; x_wconf 79' lang='grc' dir='ltr'>ἀφιέντα,</span> <span class='ocrx_word' id='word_1_385' title='bbox 2876 1433 3015 1489; x_wconf 83' lang='grc' dir='ltr'>ἀλλὰ</span> <span class='ocrx_word' id='word_1_386' title='bbox 3058 1436 3286 1491; x_wconf 84' lang='grc' dir='ltr'>τοιαῦτα</span> <span class='ocrx_word' id='word_1_387' title='bbox 3338 1443 3667 1509; x_wconf 85' lang='grc' dir='ltr'>φαινόμενα,</span> <span class='ocrx_word' id='word_1_388' title='bbox 3701 1436 3794 1497; x_wconf 80' lang='grc' dir='ltr'>οἶα</span> <span class='ocrx_word' id='word_1_389' title='bbox 3834 1442 3923 1513; x_wconf 78' lang='grc' dir='ltr'><strong>ὕφ’</strong></span> 
     </span>
    </p>
   </div>
   <div class='ocr_carea' id='block_1_59' title="bbox 2334 1520 3923 1605">
    <p class='ocr_par' dir='ltr' id='par_1_59' title="bbox 2334 1520 3923 1605">
     <span class='ocr_line' id='line_1_59' title="bbox 2334 1520 3923 1605; baseline 0.01 -33"><span class='ocrx_word' id='word_1_390' title='bbox 2334 1520 2496 1591; x_wconf 76' lang='grc' dir='ltr'>ἡμῶν</span> <span class='ocrx_word' id='word_1_391' title='bbox 2542 1524 3003 1583; x_wconf 80' lang='grc' dir='ltr'><strong>κατεσκεύασται.</strong></span> <span class='ocrx_word' id='word_1_392' title='bbox 3060 1528 3188 1593; x_wconf 83' lang='grc' dir='ltr'><strong>Πῶς</strong></span> <span class='ocrx_word' id='word_1_393' title='bbox 3237 1547 3324 1584; x_wconf 92' lang='grc' dir='ltr'><strong>σοι</strong></span> <span class='ocrx_word' id='word_1_394' title='bbox 3375 1530 3593 1603; x_wconf 87' lang='grc' dir='ltr'>δυνηθῶ</span> <span class='ocrx_word' id='word_1_395' title='bbox 3649 1533 3749 1588; x_wconf 80' lang='grc' dir='ltr'><strong>ὕπ’</strong></span> <span class='ocrx_word' id='word_1_396' title='bbox 3802 1534 3923 1605; x_wconf 69' lang='grc' dir='ltr'>ὄψιν</span> 
     </span>
    </p>
   </div>
   <div class='ocr_carea' id='block_1_60' title="bbox 2334 1612 3921 1697">
    <p class='ocr_par' dir='ltr' id='par_1_60' title="bbox 2334 1612 3921 1697">
     <span class='ocr_line' id='line_1_60' title="bbox 2334 1612 3921 1697; baseline 0.012 -34"><span class='ocrx_word' id='word_1_397' title='bbox 2334 1612 2568 1682; x_wconf 75' lang='grc' dir='ltr'><strong>ἀγαγεῖν</strong></span> <span class='ocrx_word' id='word_1_398' title='bbox 2599 1615 2667 1668; x_wconf 76' lang='grc' dir='ltr'>τὰ</span> <span class='ocrx_word' id='word_1_399' title='bbox 2719 1618 2959 1687; x_wconf 77' lang='grc' dir='ltr'>φρικτάς</span> <span class='ocrx_word' id='word_1_400' title='bbox 3017 1619 3144 1675; x_wconf 82' lang='grc' dir='ltr'><strong>Ἐὰν</strong></span> <span class='ocrx_word' id='word_1_401' title='bbox 3187 1622 3298 1693; x_wconf 78' lang='grc' dir='ltr'>ἄρα</span> <span class='ocrx_word' id='word_1_402' title='bbox 3344 1622 3612 1696; x_wconf 76' lang='grc' dir='ltr'><strong>ἀκούσῃς,</strong></span> <span class='ocrx_word' id='word_1_403' title='bbox 3668 1625 3771 1680; x_wconf 74' lang='grc' dir='ltr'><strong>ὲάν</strong></span> <span class='ocrx_word' id='word_1_404' title='bbox 3817 1628 3921 1697; x_wconf 71' lang='grc' dir='ltr'>ἄρα</span> 
     </span>
    </p>
   </div>
   <div class='ocr_carea' id='block_1_61' title="bbox 2328 1704 3923 1792">
    <p class='ocr_par' dir='ltr' id='par_1_61' title="bbox 2328 1704 3923 1792">
     <span class='ocr_line' id='line_1_61' title="bbox 2328 1704 3923 1792; baseline 0.011 -35"><span class='ocrx_word' id='word_1_405' title='bbox 2328 1704 2524 1776; x_wconf 72' lang='grc' dir='ltr'>ἒνδῷς,</span> <span class='ocrx_word' id='word_1_406' title='bbox 2558 1708 2827 1780; x_wconf 79' lang='grc' dir='ltr'>μνήσθητι</span> <span class='ocrx_word' id='word_1_407' title='bbox 2872 1711 2973 1781; x_wconf 83' lang='grc' dir='ltr'>τῆς</span> <span class='ocrx_word' id='word_1_408' title='bbox 3012 1712 3228 1785; x_wconf 75' lang='grc' dir='ltr'>ἡμέρας</span> <span class='ocrx_word' id='word_1_409' title='bbox 3262 1715 3501 1787; x_wconf 80' lang='grc' dir='ltr'>ἐκείνης,</span> <span class='ocrx_word' id='word_1_410' title='bbox 3535 1719 3599 1771; x_wconf 68' lang='grc' dir='ltr'>ὲν</span> <span class='ocrx_word' id='word_1_411' title='bbox 3713 1719 3923 1774; x_wconf 67' lang='grc' dir='ltr'>ἀποκα-</span> 
     </span>
    </p>
   </div>
   <div class='ocr_carea' id='block_1_62' title="bbox 2334 1797 3921 1880">
    <p class='ocr_par' dir='ltr' id='par_1_62' title="bbox 2334 1797 3921 1880">
     <span class='ocr_line' id='line_1_62' title="bbox 2334 1797 3921 1880; baseline 0.011 -30"><span class='ocrx_word' id='word_1_412' title='bbox 2334 1797 2598 1854; x_wconf 80' lang='grc' dir='ltr'>λύπτεται</span> <span class='ocrx_word' id='word_1_413' title='bbox 2630 1800 2840 1867; x_wconf 74' lang='grc' dir='ltr'>ἔνδοξος</span> <span class='ocrx_word' id='word_1_414' title='bbox 2880 1804 2974 1857; x_wconf 78' lang='grc' dir='ltr'>τοῦ</span> <span class='ocrx_word' id='word_1_415' title='bbox 3006 1806 3244 1876; x_wconf 80' lang='grc' dir='ltr'>Χριστοῦ</span> <span class='ocrx_word' id='word_1_416' title='bbox 3287 1810 3584 1880; x_wconf 76' lang='grc' dir='ltr'>παρουσία.</span> <span class='ocrx_word' id='word_1_417' title='bbox 3616 1811 3757 1864; x_wconf 82' lang='grc' dir='ltr'>Τότε</span> <span class='ocrx_word' id='word_1_418' title='bbox 3790 1813 3921 1866; x_wconf 64' lang='grc' dir='ltr'>ἀνα»</span> 
     </span>
    </p>
   </div>
   <div class='ocr_carea' id='block_1_63' title="bbox 2336 1890 3919 1970">
    <p class='ocr_par' dir='ltr' id='par_1_63' title="bbox 2336 1890 3919 1970">
     <span class='ocr_line' id='line_1_63' title="bbox 2336 1890 3919 1970; baseline 0.011 -29"><span class='ocrx_word' id='word_1_419' title='bbox 2336 1890 2644 1961; x_wconf 83' lang='grc' dir='ltr'>στήσονται,</span> <span class='ocrx_word' id='word_1_420' title='bbox 2676 1891 2726 1945; x_wconf 86' lang='grc' dir='ltr'>οἱ</span> <span class='ocrx_word' id='word_1_421' title='bbox 2762 1893 2863 1963; x_wconf 81' lang='grc' dir='ltr'>μὲν</span> <span class='ocrx_word' id='word_1_422' title='bbox 2907 1894 2978 1949; x_wconf 81' lang='grc' dir='ltr'>τὰ</span> <span class='ocrx_word' id='word_1_423' title='bbox 3020 1896 3202 1964; x_wconf 84' lang='grc' dir='ltr'>ἀγαθά</span> <span class='ocrx_word' id='word_1_424' title='bbox 3229 1898 3538 1970; x_wconf 78' lang='grc' dir='ltr'>πράξαντες</span> <span class='ocrx_word' id='word_1_425' title='bbox 3569 1902 3653 1965; x_wconf 84' lang='grc' dir='ltr'><strong>είς</strong></span> <span class='ocrx_word' id='word_1_426' title='bbox 3687 1904 3919 1958; x_wconf 57' lang='lat' dir='ltr'><strong>civim-</strong></span> 
     </span>
    </p>
   </div>
   <div class='ocr_carea' id='block_1_64' title="bbox 2336 1983 3910 2067">
    <p class='ocr_par' dir='ltr' id='par_1_64' title="bbox 2336 1983 3910 2067">
     <span class='ocr_line' id='line_1_64' title="bbox 2336 1983 3910 2067; baseline 0.01 -31"><span class='ocrx_word' id='word_1_427' title='bbox 2336 1999 2421 2036; x_wconf 90' lang='grc' dir='ltr'><strong>σιν</strong></span> <span class='ocrx_word' id='word_1_428' title='bbox 2460 1983 2627 2051; x_wconf 79' lang='grc' dir='ltr'>ζωῆς,</span> <span class='ocrx_word' id='word_1_429' title='bbox 2672 1986 2724 2040; x_wconf 90' lang='grc' dir='ltr'>οἱ</span> <span class='ocrx_word' id='word_1_430' title='bbox 2763 1986 2823 2039; x_wconf 81' lang='grc' dir='ltr'>δὲ</span> <span class='ocrx_word' id='word_1_431' title='bbox 2868 1987 2938 2041; x_wconf 80' lang='grc' dir='ltr'>τὰ</span> <span class='ocrx_word' id='word_1_432' title='bbox 2974 1987 3175 2057; x_wconf 80' lang='grc' dir='ltr'>φαῦλα,</span> <span class='ocrx_word' id='word_1_433' title='bbox 3211 1992 3295 2055; x_wconf 89' lang='grc' dir='ltr'><strong>είς</strong></span> <span class='ocrx_word' id='word_1_434' title='bbox 3320 1993 3621 2048; x_wconf 77' lang='grc' dir='ltr'>ἀνάστασιν</span> <span class='ocrx_word' id='word_1_435' title='bbox 3658 1996 3910 2067; x_wconf 69' lang='grc' dir='ltr'>κρίσεως.</span> 
     </span>
    </p>
   </div>
   <div class='ocr_carea' id='block_1_65' title="bbox 2332 2074 3912 2162">
    <p class='ocr_par' dir='ltr' id='par_1_65' title="bbox 2332 2074 3912 2162">
     <span class='ocr_line' id='line_1_65' title="bbox 2332 2074 3912 2162; baseline 0.009 -33"><span class='ocrx_word' id='word_1_436' title='bbox 2332 2074 2470 2130; x_wconf 78' lang='grc' dir='ltr'>Τότε</span> <span class='ocrx_word' id='word_1_437' title='bbox 2518 2077 2747 2150; x_wconf 79' lang='grc' dir='ltr'>αἰσχύνη</span> <span class='ocrx_word' id='word_1_438' title='bbox 2792 2079 3012 2145; x_wconf 83' lang='grc' dir='ltr'>αἰώνιος</span> <span class='ocrx_word' id='word_1_439' title='bbox 3046 2081 3160 2146; x_wconf 84' lang='grc' dir='ltr'>τοῖς</span> <span class='ocrx_word' id='word_1_440' title='bbox 3197 2084 3570 2156; x_wconf 72' lang='grc' dir='ltr'>ἁμαρτωλοῖς,</span> <span class='ocrx_word' id='word_1_441' title='bbox 3604 2088 3711 2142; x_wconf 80' lang='grc' dir='ltr'>καὶ</span> <span class='ocrx_word' id='word_1_442' title='bbox 3753 2091 3912 2162; x_wconf 75' lang='grc' dir='ltr'>πυρὸς</span> 
     </span>
    </p>
   </div>
   <div class='ocr_carea' id='block_1_66' title="bbox 2330 2168 3912 2243">
    <p class='ocr_par' dir='ltr' id='par_1_66' title="bbox 2330 2168 3912 2243">
     <span class='ocr_line' id='line_1_66' title="bbox 2330 2168 3912 2243; baseline 0.007 -21"><span class='ocrx_word' id='word_1_443' title='bbox 2330 2168 2498 2239; x_wconf 77' lang='grc' dir='ltr'>ζῆλος</span> <span class='ocrx_word' id='word_1_444' title='bbox 2528 2168 2733 2224; x_wconf 84' lang='grc' dir='ltr'>ὲσθίειν</span> <span class='ocrx_word' id='word_1_445' title='bbox 2762 2170 2974 2242; x_wconf 83' lang='grc' dir='ltr'><strong>μέλλων</strong></span> <span class='ocrx_word' id='word_1_446' title='bbox 3000 2173 3129 2238; x_wconf 82' lang='grc' dir='ltr'>τοὺς</span> <span class='ocrx_word' id='word_1_447' title='bbox 3156 2174 3532 2243; x_wconf 78' lang='grc' dir='ltr'>ὑπεναντίους.</span> <span class='ocrx_word' id='word_1_448' title='bbox 3574 2176 3801 2233; x_wconf 80' lang='grc' dir='ltr'>Ἐκεῖνα</span> <span class='ocrx_word' id='word_1_449' title='bbox 3825 2181 3912 2233; x_wconf 87' lang='grc' dir='ltr'>λυ-</span> 
     </span>
    </p>
   </div>
   <div class='ocr_carea' id='block_1_67' title="bbox 2334 2260 3910 2342">
    <p class='ocr_par' dir='ltr' id='par_1_67' title="bbox 2334 2260 3910 2342">
     <span class='ocr_line' id='line_1_67' title="bbox 2334 2260 3910 2342; baseline 0.009 -27"><span class='ocrx_word' id='word_1_450' title='bbox 2334 2263 2504 2316; x_wconf 85' lang='grc' dir='ltr'>πείτω</span> <span class='ocrx_word' id='word_1_451' title='bbox 2529 2279 2611 2328; x_wconf 88' lang='grc' dir='ltr'><strong>σε,</strong></span> <span class='ocrx_word' id='word_1_452' title='bbox 2640 2266 2734 2317; x_wconf 82' lang='grc' dir='ltr'>καὶ</span> <span class='ocrx_word' id='word_1_453' title='bbox 2771 2265 2846 2337; x_wconf 82' lang='grc' dir='ltr'>μὴ</span> <span class='ocrx_word' id='word_1_454' title='bbox 2878 2264 3116 2320; x_wconf 84' lang='grc' dir='ltr'>λυπείτω</span> <span class='ocrx_word' id='word_1_455' title='bbox 3157 2260 3223 2321; x_wconf 81' lang='grc' dir='ltr'>σε’</span> <span class='ocrx_word' id='word_1_456' title='bbox 3249 2270 3284 2340; x_wconf 75' lang='grc' dir='ltr'><strong>ἠ</strong></span> <span class='ocrx_word' id='word_1_457' title='bbox 3307 2269 3518 2342; x_wconf 72' lang='grc' dir='ltr'>ἐντολή.</span> <span class='ocrx_word' id='word_1_458' title='bbox 3560 2271 3694 2336; x_wconf 74' lang='grc' dir='ltr'><strong>Πῶς</strong></span> <span class='ocrx_word' id='word_1_459' title='bbox 3729 2288 3791 2327; x_wconf 82' lang='grc' dir='ltr'><strong>σε</strong></span> <span class='ocrx_word' id='word_1_460' title='bbox 3822 2272 3910 2329; x_wconf 76' lang='grc' dir='ltr'>δυ-</span> 
     </span>
    </p>
   </div>
   <div class='ocr_carea' id='block_1_68' title="bbox 2334 2356 3909 2436">
    <p class='ocr_par' dir='ltr' id='par_1_68' title="bbox 2334 2356 3909 2436">
     <span class='ocr_line' id='line_1_68' title="bbox 2334 2356 3909 2436; baseline 0.008 -28"><span class='ocrx_word' id='word_1_461' title='bbox 2334 2357 2609 2427; x_wconf 78' lang='grc' dir='ltr'>σωπήσω;</span> <span class='ocrx_word' id='word_1_462' title='bbox 2644 2356 2696 2410; x_wconf 92' lang='grc' dir='ltr'><strong>τί</strong></span> <span class='ocrx_word' id='word_1_463' title='bbox 2729 2357 3071 2428; x_wconf 72' lang='grc' dir='ltr'>φθέγξομαις</span> <span class='ocrx_word' id='word_1_464' title='bbox 3112 2360 3404 2426; x_wconf 78' lang='grc' dir='ltr'>Βασιλείας</span> <span class='ocrx_word' id='word_1_465' title='bbox 3444 2366 3549 2417; x_wconf 76' lang='grc' dir='ltr'>οὐκ</span> <span class='ocrx_word' id='word_1_466' title='bbox 3591 2367 3909 2436; x_wconf 70' lang='grc' dir='ltr'>ἐπιθυμεῖςο</span> 
     </span>
    </p>
   </div>
   <div class='ocr_carea' id='block_1_69' title="bbox 2331 2447 3913 2527">
    <p class='ocr_par' dir='ltr' id='par_1_69' title="bbox 2331 2447 3913 2527">
     <span class='ocr_line' id='line_1_69' title="bbox 2331 2447 3913 2527; baseline 0.008 -28"><span class='ocrx_word' id='word_1_467' title='bbox 2331 2447 2560 2515; x_wconf 79' lang='grc' dir='ltr'>γέενναν</span> <span class='ocrx_word' id='word_1_468' title='bbox 2584 2450 2645 2501; x_wconf 84' lang='grc' dir='ltr'>οὑ</span> <span class='ocrx_word' id='word_1_469' title='bbox 2679 2448 2841 2519; x_wconf 75' lang='grc' dir='ltr'>φοϐῇ.</span> <span class='ocrx_word' id='word_1_470' title='bbox 2874 2449 3047 2505; x_wconf 84' lang='grc' dir='ltr'>Πόθεν</span> <span class='ocrx_word' id='word_1_471' title='bbox 3080 2449 3283 2522; x_wconf 74' lang='grc' dir='ltr'>εὑρεθῇ</span> <span class='ocrx_word' id='word_1_472' title='bbox 3322 2450 3468 2517; x_wconf 75' lang='grc' dir='ltr'>ἴασις</span> <span class='ocrx_word' id='word_1_473' title='bbox 3493 2456 3565 2527; x_wconf 78' lang='grc' dir='ltr'>τῇ</span> <span class='ocrx_word' id='word_1_474' title='bbox 3594 2454 3749 2527; x_wconf 77' lang='grc' dir='ltr'>ψυχῇ</span> <span class='ocrx_word' id='word_1_475' title='bbox 3792 2473 3913 2519; x_wconf 83' lang='grc' dir='ltr'>σου;</span> 
     </span>
    </p>
   </div>
   <div class='ocr_carea' id='block_1_70' title="bbox 2332 2539 3915 2621">
    <p class='ocr_par' dir='ltr' id='par_1_70' title="bbox 2332 2539 3915 2621">
     <span class='ocr_line' id='line_1_70' title="bbox 2332 2539 3915 2621; baseline 0.006 -27"><span class='ocrx_word' id='word_1_476' title='bbox 2332 2541 2394 2594; x_wconf 84' lang='lat' dir='ltr'><strong>El</strong></span> <span class='ocrx_word' id='word_1_477' title='bbox 2423 2539 2493 2595; x_wconf 79' lang='grc' dir='ltr'>τὰ</span> <span class='ocrx_word' id='word_1_478' title='bbox 2527 2542 2732 2613; x_wconf 83' lang='grc' dir='ltr'>φρικτὰ</span> <span class='ocrx_word' id='word_1_479' title='bbox 2765 2542 2827 2595; x_wconf 71' lang='grc' dir='ltr'>οὐ</span> <span class='ocrx_word' id='word_1_480' title='bbox 2862 2545 3038 2610; x_wconf 86' lang='grc' dir='ltr'>πτοεῖ,</span> <span class='ocrx_word' id='word_1_481' title='bbox 3069 2543 3138 2598; x_wconf 79' lang='grc' dir='ltr'>τὰ</span> <span class='ocrx_word' id='word_1_482' title='bbox 3165 2545 3370 2617; x_wconf 79' lang='grc' dir='ltr'>φαιδρὰ</span> <span class='ocrx_word' id='word_1_483' title='bbox 3418 2545 3482 2600; x_wconf 73' lang='grc' dir='ltr'>οὐ</span> <span class='ocrx_word' id='word_1_484' title='bbox 3523 2550 3915 2621; x_wconf 75' lang='grc' dir='ltr'>προτρέπεται,</span> 
     </span>
    </p>
   </div>
   <div class='ocr_carea' id='block_1_71' title="bbox 2330 2630 3916 2713">
    <p class='ocr_par' dir='ltr' id='par_1_71' title="bbox 2330 2630 3916 2713">
     <span class='ocr_line' id='line_1_71' title="bbox 2330 2630 3916 2713; baseline 0.006 -29"><span class='ocrx_word' id='word_1_485' title='bbox 2330 2630 2507 2703; x_wconf 79' lang='grc' dir='ltr'>λιθίνῃ</span> <span class='ocrx_word' id='word_1_486' title='bbox 2556 2632 2756 2704; x_wconf 83' lang='grc' dir='ltr'>καρδίᾳ</span> <span class='ocrx_word' id='word_1_487' title='bbox 2808 2633 3191 2705; x_wconf 77' lang='grc' dir='ltr'>διαλεγόμεθα.</span> <span class='ocrx_word' id='word_1_488' title='bbox 3245 2636 3568 2707; x_wconf 74' lang='grc' dir='ltr'>Διάὄλεψον,</span> <span class='ocrx_word' id='word_1_489' title='bbox 3640 2640 3916 2713; x_wconf 71' lang='grc' dir='ltr'>ἄνθρωπε,</span> 
     </span>
    </p>
   </div>
   <div class='ocr_carea' id='block_1_72' title="bbox 2333 2725 3918 2805">
    <p class='ocr_par' dir='ltr' id='par_1_72' title="bbox 2333 2725 3918 2805">
     <span class='ocr_line' id='line_1_72' title="bbox 2333 2725 3918 2805; baseline 0.006 -28"><span class='ocrx_word' id='word_1_490' title='bbox 2333 2725 2469 2797; x_wconf 83' lang='grc' dir='ltr'>πρὸς</span> <span class='ocrx_word' id='word_1_491' title='bbox 2508 2726 2609 2797; x_wconf 77' lang='grc' dir='ltr'>τὴν</span> <span class='ocrx_word' id='word_1_492' title='bbox 2642 2725 2806 2797; x_wconf 80' lang='grc' dir='ltr'>φύσιν</span> <span class='ocrx_word' id='word_1_493' title='bbox 2832 2726 2929 2781; x_wconf 82' lang='grc' dir='ltr'>τοῦ</span> <span class='ocrx_word' id='word_1_494' title='bbox 2969 2727 3219 2783; x_wconf 82' lang='grc' dir='ltr'>πλούτου.</span> <span class='ocrx_word' id='word_1_495' title='bbox 3254 2728 3322 2782; x_wconf 87' lang='grc' dir='ltr'>Τί</span> <span class='ocrx_word' id='word_1_496' title='bbox 3357 2730 3617 2784; x_wconf 73' lang='grc' dir='ltr'>τοσοῦτον</span> <span class='ocrx_word' id='word_1_497' title='bbox 3649 2734 3918 2805; x_wconf 55' lang='lat' dir='ltr'><strong>{st-uincat</strong></span> 
     </span>
    </p>
   </div>
   <div class='ocr_carea' id='block_1_73' title="bbox 2332 2819 3916 2899">
    <p class='ocr_par' dir='ltr' id='par_1_73' title="bbox 2332 2819 3916 2899">
     <span class='ocr_line' id='line_1_73' title="bbox 2332 2819 3916 2899; baseline 0.006 -28"><span class='ocrx_word' id='word_1_498' title='bbox 2332 2820 2462 2891; x_wconf 76' lang='grc' dir='ltr'>περὶ</span> <span class='ocrx_word' id='word_1_499' title='bbox 2494 2819 2588 2873; x_wconf 81' lang='grc' dir='ltr'>τὸν</span> <span class='ocrx_word' id='word_1_500' title='bbox 2616 2820 2855 2892; x_wconf 86' lang='grc' dir='ltr'>χρυσόν;</span> <span class='ocrx_word' id='word_1_501' title='bbox 2885 2819 3036 2885; x_wconf 82' lang='grc' dir='ltr'>λίθος</span> <span class='ocrx_word' id='word_1_502' title='bbox 3064 2822 3215 2876; x_wconf 68' lang='grc' dir='ltr'>ἐστὶν</span> <span class='ocrx_word' id='word_1_503' title='bbox 3240 2825 3272 2876; x_wconf 98' lang='lat'><strong>6</strong></span> <span class='ocrx_word' id='word_1_504' title='bbox 3304 2824 3509 2895; x_wconf 75' lang='grc' dir='ltr'>χρυσός</span> <span class='ocrx_word' id='word_1_505' title='bbox 3528 2842 3545 2857; x_wconf 77' lang='grc'><em>’</em></span> <span class='ocrx_word' id='word_1_506' title='bbox 3578 2824 3736 2889; x_wconf 82' lang='grc' dir='ltr'>λίθος</span> <span class='ocrx_word' id='word_1_507' title='bbox 3769 2830 3801 2880; x_wconf 87' lang='lat'><strong>6</strong></span> <span class='ocrx_word' id='word_1_508' title='bbox 3826 2827 3916 2899; x_wconf 72' lang='grc' dir='ltr'>ἀρ-</span> 
     </span>
    </p>
   </div>
   <div class='ocr_carea' id='block_1_74' title="bbox 2331 2911 3918 2986">
    <p class='ocr_par' dir='ltr' id='par_1_74' title="bbox 2331 2911 3918 2986">
     <span class='ocr_line' id='line_1_74' title="bbox 2331 2911 3918 2986; baseline 0.004 -22"><span class='ocrx_word' id='word_1_509' title='bbox 2331 2927 2532 2983; x_wconf 87' lang='grc' dir='ltr'>γυρος·</span> <span class='ocrx_word' id='word_1_510' title='bbox 2580 2911 2727 2976; x_wconf 86' lang='grc' dir='ltr'>λίθος</span> <span class='ocrx_word' id='word_1_511' title='bbox 2753 2915 2783 2967; x_wconf 90' lang='lat'><strong>6</strong></span> <span class='ocrx_word' id='word_1_512' title='bbox 2816 2914 3202 2986; x_wconf 82' lang='grc' dir='ltr'>μαργαρίτης·</span> <span class='ocrx_word' id='word_1_513' title='bbox 3234 2914 3385 2979; x_wconf 80' lang='grc' dir='ltr'>λίθος</span> <span class='ocrx_word' id='word_1_514' title='bbox 3421 2916 3533 2968; x_wconf 83' lang='grc' dir='ltr'>τῶν</span> <span class='ocrx_word' id='word_1_515' title='bbox 3575 2915 3749 2971; x_wconf 82' lang='grc' dir='ltr'>λίθων</span> <span class='ocrx_word' id='word_1_516' title='bbox 3792 2918 3918 2971; x_wconf 75' lang='grc' dir='ltr'>ἱκα-</span> 
     </span>
    </p>
   </div>
   <div class='ocr_carea' id='block_1_75' title="bbox 2333 3006 3918 3081">
    <p class='ocr_par' dir='ltr' id='par_1_75' title="bbox 2333 3006 3918 3081">
     <span class='ocr_line' id='line_1_75' title="bbox 2333 3006 3918 3081; baseline 0.004 -22"><span class='ocrx_word' id='word_1_517' title='bbox 2333 3022 2480 3071; x_wconf 86' lang='grc' dir='ltr'>στος,</span> <span class='ocrx_word' id='word_1_518' title='bbox 2526 3006 2865 3078; x_wconf 88' lang='grc' dir='ltr'>χρυσόλιθον,</span> <span class='ocrx_word' id='word_1_519' title='bbox 2913 3008 3009 3062; x_wconf 70' lang='grc' dir='ltr'>καὶ</span> <span class='ocrx_word' id='word_1_520' title='bbox 3063 3008 3373 3080; x_wconf 84' lang='grc' dir='ltr'>βηρύλλιον,</span> <span class='ocrx_word' id='word_1_521' title='bbox 3406 3010 3506 3064; x_wconf 78' lang='grc' dir='ltr'>καὶ</span> <span class='ocrx_word' id='word_1_522' title='bbox 3540 3011 3787 3081; x_wconf 80' lang='grc' dir='ltr'>ἀχάτης.</span> <span class='ocrx_word' id='word_1_523' title='bbox 3832 3014 3918 3065; x_wconf 70' lang='grc' dir='ltr'>καὶ</span> 
     </span>
    </p>
   </div>
   <div class='ocr_carea' id='block_1_76' title="bbox 2331 3096 3915 3174">
    <p class='ocr_par' dir='ltr' id='par_1_76' title="bbox 2331 3096 3915 3174">
     <span class='ocr_line' id='line_1_76' title="bbox 2331 3096 3915 3174; baseline 0.005 -25"><span class='ocrx_word' id='word_1_524' title='bbox 2331 3096 2609 3162; x_wconf 78' lang='grc' dir='ltr'>ὑάκινθος,</span> <span class='ocrx_word' id='word_1_525' title='bbox 2657 3099 2753 3151; x_wconf 79' lang='grc' dir='ltr'>καὶ</span> <span class='ocrx_word' id='word_1_526' title='bbox 2784 3097 3081 3169; x_wconf 80' lang='grc' dir='ltr'>ἀμέθυσος,</span> <span class='ocrx_word' id='word_1_527' title='bbox 3123 3100 3218 3153; x_wconf 82' lang='grc' dir='ltr'>κα).</span> <span class='ocrx_word' id='word_1_528' title='bbox 3250 3100 3455 3164; x_wconf 74' lang='grc' dir='ltr'>ἴασπις.</span> <span class='ocrx_word' id='word_1_529' title='bbox 3485 3100 3683 3156; x_wconf 77' lang='grc' dir='ltr'>Ταῦτα</span> <span class='ocrx_word' id='word_1_530' title='bbox 3735 3103 3803 3174; x_wconf 78' lang='grc' dir='ltr'>δὴ</span> <span class='ocrx_word' id='word_1_531' title='bbox 3828 3102 3915 3157; x_wconf 74' lang='grc' dir='ltr'>τοῦ</span> 
     </span>
    </p>
   </div>
   <div class='ocr_carea' id='block_1_77' title="bbox 2332 3185 3917 3268">
    <p class='ocr_par' dir='ltr' id='par_1_77' title="bbox 2332 3185 3917 3268">
     <span class='ocr_line' id='line_1_77' title="bbox 2332 3185 3917 3268; baseline 0.005 -26"><span class='ocrx_word' id='word_1_532' title='bbox 2332 3188 2568 3243; x_wconf 84' lang='grc' dir='ltr'>πλούτου</span> <span class='ocrx_word' id='word_1_533' title='bbox 2609 3190 2679 3244; x_wconf 79' lang='grc' dir='ltr'><strong>τὰ</strong></span> <span class='ocrx_word' id='word_1_534' title='bbox 2727 3189 2887 3262; x_wconf 75' lang='grc' dir='ltr'>ἄνθη,</span> <span class='ocrx_word' id='word_1_535' title='bbox 2918 3185 2995 3247; x_wconf 81' lang='grc' dir='ltr'>ὧν</span> <span class='ocrx_word' id='word_1_536' title='bbox 3027 3194 3112 3257; x_wconf 72' lang='grc' dir='ltr'>σὺ,</span> <span class='ocrx_word' id='word_1_537' title='bbox 3148 3194 3216 3247; x_wconf 79' lang='grc' dir='ltr'>τὰ</span> <span class='ocrx_word' id='word_1_538' title='bbox 3248 3194 3348 3264; x_wconf 78' lang='grc' dir='ltr'>μὲν</span> <span class='ocrx_word' id='word_1_539' title='bbox 3376 3192 3614 3266; x_wconf 74' lang='grc' dir='ltr'>ἀποτιθῇ</span> <span class='ocrx_word' id='word_1_540' title='bbox 3645 3198 3917 3268; x_wconf 78' lang='grc' dir='ltr'>κατακρύ-</span> 
     </span>
    </p>
   </div>
   <div class='ocr_carea' id='block_1_78' title="bbox 2332 3286 3916 3362">
    <p class='ocr_par' dir='ltr' id='par_1_78' title="bbox 2332 3286 3916 3362">
     <span class='ocr_line' id='line_1_78' title="bbox 2332 3286 3916 3362; baseline 0.006 -24"><span class='ocrx_word' id='word_1_541' title='bbox 2332 3301 2503 3348; x_wconf 84' lang='grc' dir='ltr'>πτων,</span> <span class='ocrx_word' id='word_1_542' title='bbox 2541 3286 2638 3341; x_wconf 75' lang='grc' dir='ltr'>καὶ</span> <span class='ocrx_word' id='word_1_543' title='bbox 2681 3287 3121 3357; x_wconf 70' lang='grc' dir='ltr'>τοὺςσδιαφανεῖς</span> <span class='ocrx_word' id='word_1_544' title='bbox 3157 3289 3265 3343; x_wconf 83' lang='grc' dir='ltr'>τῶν</span> <span class='ocrx_word' id='word_1_545' title='bbox 3304 3289 3470 3344; x_wconf 87' lang='grc' dir='ltr'>λίθων</span> <span class='ocrx_word' id='word_1_546' title='bbox 3503 3289 3586 3362; x_wconf 78' lang='grc' dir='ltr'><strong>τῷ</strong></span> <span class='ocrx_word' id='word_1_547' title='bbox 3616 3293 3809 3347; x_wconf 83' lang='grc' dir='ltr'>σκότει</span> <span class='ocrx_word' id='word_1_548' title='bbox 3832 3311 3916 3347; x_wconf 82' lang='grc' dir='ltr'>κα-</span> 
     </span>
    </p>
   </div>
   <div class='ocr_carea' id='block_1_79' title="bbox 2329 3378 3913 3454">
    <p class='ocr_par' dir='ltr' id='par_1_79' title="bbox 2329 3378 3913 3454">
     <span class='ocr_line' id='line_1_79' title="bbox 2329 3378 3913 3454; baseline 0.003 -23"><span class='ocrx_word' id='word_1_549' title='bbox 2329 3378 2699 3449; x_wconf 79' lang='grc' dir='ltr'>τακρύπτειςο</span> <span class='ocrx_word' id='word_1_550' title='bbox 2753 3379 2885 3443; x_wconf 81' lang='grc' dir='ltr'>τοὺς</span> <span class='ocrx_word' id='word_1_551' title='bbox 2938 3379 2995 3433; x_wconf 82' lang='grc' dir='ltr'>δὲ</span> <span class='ocrx_word' id='word_1_552' title='bbox 3048 3381 3371 3452; x_wconf 76' lang='grc' dir='ltr'>περιφέρεις</span> <span class='ocrx_word' id='word_1_553' title='bbox 3408 3379 3525 3434; x_wconf 79' lang='grc' dir='ltr'><strong>τῶν</strong></span> <span class='ocrx_word' id='word_1_554' title='bbox 3576 3381 3913 3454; x_wconf 64' lang='grc' dir='ltr'>βαρυτίμοη,</span> 
     </span>
    </p>
   </div>
   <div class='ocr_carea' id='block_1_80' title="bbox 2331 3471 3916 3547">
    <p class='ocr_par' dir='ltr' id='par_1_80' title="bbox 2331 3471 3916 3547">
     <span class='ocr_line' id='line_1_80' title="bbox 2331 3471 3916 3547; baseline 0.004 -23"><span class='ocrx_word' id='word_1_555' title='bbox 2331 3471 2763 3543; x_wconf 81' lang='grc' dir='ltr'>ὲναόρυνόμενος</span> <span class='ocrx_word' id='word_1_556' title='bbox 2810 3472 2993 3525; x_wconf 75' lang='grc' dir='ltr'>αὐτῶν</span> <span class='ocrx_word' id='word_1_557' title='bbox 3019 3475 3089 3544; x_wconf 80' lang='grc' dir='ltr'><strong>τῇ</strong></span> <span class='ocrx_word' id='word_1_558' title='bbox 3113 3474 3280 3543; x_wconf 74' lang='grc' dir='ltr'>αὐγῇ.</span> <span class='ocrx_word' id='word_1_559' title='bbox 3321 3474 3482 3540; x_wconf 77' lang='grc' dir='ltr'>Εἰπὲ,</span> <span class='ocrx_word' id='word_1_560' title='bbox 3512 3475 3568 3529; x_wconf 90' lang='grc' dir='ltr'><strong>τί</strong></span> <span class='ocrx_word' id='word_1_561' title='bbox 3613 3493 3703 3530; x_wconf 86' lang='grc' dir='ltr'><strong>σοι</strong></span> <span class='ocrx_word' id='word_1_562' title='bbox 3734 3477 3916 3547; x_wconf 48' lang='lat' dir='ltr'><strong>bene;</strong></span> 
     </span>
    </p>
   </div>
   <div class='ocr_carea' id='block_1_81' title="bbox 2330 3565 3916 3642">
    <p class='ocr_par' dir='ltr' id='par_1_81' title="bbox 2330 3565 3916 3642">
     <span class='ocr_line' id='line_1_81' title="bbox 2330 3565 3916 3642; baseline 0.005 -24"><span class='ocrx_word' id='word_1_563' title='bbox 2330 3566 2498 3629; x_wconf 84' lang='grc' dir='ltr'>λίθοις</span> <span class='ocrx_word' id='word_1_564' title='bbox 2546 3565 2910 3637; x_wconf 79' lang='grc' dir='ltr'>λαμπομένην</span> <span class='ocrx_word' id='word_1_565' title='bbox 2952 3568 3342 3638; x_wconf 79' lang='grc' dir='ltr'>περιστρέφειν</span> <span class='ocrx_word' id='word_1_566' title='bbox 3396 3566 3500 3640; x_wconf 82' lang='grc' dir='ltr'>τὴν</span> <span class='ocrx_word' id='word_1_567' title='bbox 3553 3571 3757 3642; x_wconf 79' lang='grc' dir='ltr'>χεῖρας</span> <span class='ocrx_word' id='word_1_568' title='bbox 3813 3572 3916 3626; x_wconf 72' lang='grc' dir='ltr'>οὐκ</span> 
     </span>
    </p>
   </div>
   <div class='ocr_carea' id='block_1_82' title="bbox 2331 3658 3917 3731">
    <p class='ocr_par' dir='ltr' id='par_1_82' title="bbox 2331 3658 3917 3731">
     <span class='ocr_line' id='line_1_82' title="bbox 2331 3658 3917 3731; baseline 0.003 -18"><span class='ocrx_word' id='word_1_569' title='bbox 2331 3660 2591 3731; x_wconf 77' lang='grc' dir='ltr'>ἐρυθριᾷς</span> <span class='ocrx_word' id='word_1_570' title='bbox 2633 3658 2873 3713; x_wconf 87' lang='grc' dir='ltr'>λιθιδίων</span> <span class='ocrx_word' id='word_1_571' title='bbox 2905 3659 3132 3723; x_wconf 77' lang='grc' dir='ltr'>κισσῶν,</span> <span class='ocrx_word' id='word_1_572' title='bbox 3170 3660 3249 3725; x_wconf 86' lang='grc' dir='ltr'>ὼς</span> <span class='ocrx_word' id='word_1_573' title='bbox 3302 3665 3566 3731; x_wconf 79' lang='grc' dir='ltr'>γυναῖκες</span> <span class='ocrx_word' id='word_1_574' title='bbox 3606 3665 3745 3717; x_wconf 73' lang='grc' dir='ltr'>ὅταν</span> <span class='ocrx_word' id='word_1_575' title='bbox 3786 3666 3917 3718; x_wconf 80' lang='grc' dir='ltr'>κύω-</span> 
     </span>
    </p>
   </div>
   <div class='ocr_carea' id='block_1_83' title="bbox 2333 3752 3916 3826">
    <p class='ocr_par' dir='ltr' id='par_1_83' title="bbox 2333 3752 3916 3826">
     <span class='ocr_line' id='line_1_83' title="bbox 2333 3752 3916 3826; baseline 0.003 -19"><span class='ocrx_word' id='word_1_576' title='bbox 2333 3770 2452 3819; x_wconf 65' lang='lat' dir='ltr'><strong>civ;</strong></span> <span class='ocrx_word' id='word_1_577' title='bbox 2480 3754 2571 3807; x_wconf 72' lang='lat' dir='ltr'><strong>mi</strong></span> <span class='ocrx_word' id='word_1_578' title='bbox 2602 3753 2712 3825; x_wconf 82' lang='grc' dir='ltr'>γὰρ</span> <span class='ocrx_word' id='word_1_579' title='bbox 2742 3754 2950 3808; x_wconf 78' lang='grc' dir='ltr'>ἐκεῖναι</span> <span class='ocrx_word' id='word_1_580' title='bbox 2994 3752 3193 3807; x_wconf 86' lang='grc' dir='ltr'>λιθίδια</span> <span class='ocrx_word' id='word_1_581' title='bbox 3232 3755 3699 3826; x_wconf 80' lang='grc' dir='ltr'>περιτρώγουσιν,</span> <span class='ocrx_word' id='word_1_582' title='bbox 3733 3759 3833 3811; x_wconf 83' lang='grc' dir='ltr'>καὶ</span> <span class='ocrx_word' id='word_1_583' title='bbox 3858 3760 3916 3812; x_wconf 71' lang='grc' dir='ltr'>σὺ</span> 
     </span>
    </p>
   </div>
   <div class='ocr_carea' id='block_1_84' title="bbox 2329 3845 3912 3920">
    <p class='ocr_par' dir='ltr' id='par_1_84' title="bbox 2329 3845 3912 3920">
     <span class='ocr_line' id='line_1_84' title="bbox 2329 3845 3912 3920; baseline 0.004 -22"><span class='ocrx_word' id='word_1_584' title='bbox 2329 3847 2528 3917; x_wconf 84' lang='grc' dir='ltr'>λίχνως</span> <span class='ocrx_word' id='word_1_585' title='bbox 2560 3846 2707 3917; x_wconf 81' lang='grc' dir='ltr'>ἔχεις</span> <span class='ocrx_word' id='word_1_586' title='bbox 2745 3846 2875 3915; x_wconf 77' lang='grc' dir='ltr'>περὶ</span> <span class='ocrx_word' id='word_1_587' title='bbox 2911 3845 2982 3900; x_wconf 83' lang='grc' dir='ltr'>τὰ</span> <span class='ocrx_word' id='word_1_588' title='bbox 3016 3846 3154 3918; x_wconf 80' lang='grc' dir='ltr'>ἄνθη</span> <span class='ocrx_word' id='word_1_589' title='bbox 3186 3846 3299 3900; x_wconf 85' lang='grc' dir='ltr'><strong>τῶν</strong></span> <span class='ocrx_word' id='word_1_590' title='bbox 3324 3847 3511 3909; x_wconf 83' lang='grc' dir='ltr'>λίθων,</span> <span class='ocrx_word' id='word_1_591' title='bbox 3558 3849 3912 3920; x_wconf 76' lang='grc' dir='ltr'>σαρδόννχας,</span> 
     </span>
    </p>
   </div>
   <div class='ocr_carea' id='block_1_85' title="bbox 2334 3938 3911 4011">
    <p class='ocr_par' dir='ltr' id='par_1_85' title="bbox 2334 3938 3911 4011">
     <span class='ocr_line' id='line_1_85' title="bbox 2334 3938 3911 4011; baseline 0.002 -18"><span class='ocrx_word' id='word_1_592' title='bbox 2334 3940 2610 4002; x_wconf 85' lang='grc' dir='ltr'>ίάσπιδας,</span> <span class='ocrx_word' id='word_1_593' title='bbox 2659 3939 2753 3992; x_wconf 71' lang='grc' dir='ltr'>καὶ</span> <span class='ocrx_word' id='word_1_594' title='bbox 2799 3938 3111 4010; x_wconf 84' lang='grc' dir='ltr'>ἀμεθύσους</span> <span class='ocrx_word' id='word_1_595' title='bbox 3150 3940 3449 4011; x_wconf 79' lang='grc' dir='ltr'>ἐπιζητῶν.</span> <span class='ocrx_word' id='word_1_596' title='bbox 3487 3940 3588 4004; x_wconf 83' lang='grc' dir='ltr'>Τίς</span> <span class='ocrx_word' id='word_1_597' title='bbox 3634 3941 3911 3995; x_wconf 75' lang='grc' dir='ltr'>καλλωπι-</span> 
     </span>
    </p>
   </div>
   <div class='ocr_carea' id='block_1_86' title="bbox 2331 4030 3911 4104">
    <p class='ocr_par' dir='ltr' id='par_1_86' title="bbox 2331 4030 3911 4104">
     <span class='ocr_line' id='line_1_86' title="bbox 2331 4030 3911 4104; baseline 0 -19"><span class='ocrx_word' id='word_1_598' title='bbox 2331 4032 2501 4095; x_wconf 81' lang='grc' dir='ltr'>σθεὶς,</span> <span class='ocrx_word' id='word_1_599' title='bbox 2523 4033 2651 4103; x_wconf 89' lang='grc' dir='ltr'>μίαν</span> <span class='ocrx_word' id='word_1_600' title='bbox 2668 4031 2879 4102; x_wconf 80' lang='grc' dir='ltr'>ἡμέραν</span> <span class='ocrx_word' id='word_1_601' title='bbox 2903 4030 3141 4104; x_wconf 74' lang='grc' dir='ltr'>ἠδυνήθη</span> <span class='ocrx_word' id='word_1_602' title='bbox 3164 4031 3243 4101; x_wconf 82' lang='grc' dir='ltr'>τῷ</span> <span class='ocrx_word' id='word_1_603' title='bbox 3264 4030 3364 4102; x_wconf 87' lang='grc' dir='ltr'>βίῳ</span> <span class='ocrx_word' id='word_1_604' title='bbox 3393 4031 3754 4103; x_wconf 84' lang='grc' dir='ltr'>προσθεῖναι;</span> <span class='ocrx_word' id='word_1_605' title='bbox 3778 4034 3911 4095; x_wconf 81' lang='grc' dir='ltr'>τίνος</span> 
     </span>
    </p>
   </div>
   <div class='ocr_carea' id='block_1_87' title="bbox 2329 4123 3910 4196">
    <p class='ocr_par' dir='ltr' id='par_1_87' title="bbox 2329 4123 3910 4196">
     <span class='ocr_line' id='line_1_87' title="bbox 2329 4123 3910 4196; baseline -0.001 -16"><span class='ocrx_word' id='word_1_606' title='bbox 2329 4126 2587 4196; x_wconf 81' lang='grc' dir='ltr'>ἐφείσατο</span> <span class='ocrx_word' id='word_1_607' title='bbox 2635 4124 2866 4189; x_wconf 84' lang='grc' dir='ltr'>θάνατος</span> <span class='ocrx_word' id='word_1_608' title='bbox 2916 4125 3004 4178; x_wconf 79' lang='grc' dir='ltr'>διὰ</span> <span class='ocrx_word' id='word_1_609' title='bbox 3038 4123 3130 4178; x_wconf 76' lang='grc' dir='ltr'>τὸν</span> <span class='ocrx_word' id='word_1_610' title='bbox 3160 4123 3416 4190; x_wconf 74' lang='grc' dir='ltr'>πλούτονς</span> <span class='ocrx_word' id='word_1_611' title='bbox 3458 4125 3606 4189; x_wconf 86' lang='grc' dir='ltr'>τίνος</span> <span class='ocrx_word' id='word_1_612' title='bbox 3640 4126 3910 4196; x_wconf 81' lang='grc' dir='ltr'>ἀπέσχετο</span> 
     </span>
    </p>
   </div>
   <div class='ocr_carea' id='block_1_88' title="bbox 2328 4212 3909 4287">
    <p class='ocr_par' dir='ltr' id='par_1_88' title="bbox 2328 4212 3909 4287">
     <span class='ocr_line' id='line_1_88' title="bbox 2328 4212 3909 4287; baseline -0.003 -18"><span class='ocrx_word' id='word_1_613' title='bbox 2328 4217 2481 4281; x_wconf 89' lang='grc' dir='ltr'>νόσος</span> <span class='ocrx_word' id='word_1_614' title='bbox 2515 4216 2603 4269; x_wconf 71' lang='grc' dir='ltr'><strong>διὰ</strong></span> <span class='ocrx_word' id='word_1_615' title='bbox 2648 4214 2718 4269; x_wconf 85' lang='grc' dir='ltr'><strong>τὰ</strong></span> <span class='ocrx_word' id='word_1_616' title='bbox 2748 4216 3009 4287; x_wconf 86' lang='grc' dir='ltr'>χρήματα</span> <span class='ocrx_word' id='word_1_617' title='bbox 3038 4231 3054 4281; x_wconf 85' lang='grc'>;</span> <span class='ocrx_word' id='word_1_618' title='bbox 3086 4213 3232 4277; x_wconf 81' lang='grc' dir='ltr'>Ἕως</span> <span class='ocrx_word' id='word_1_619' title='bbox 3258 4212 3389 4266; x_wconf 82' lang='grc' dir='ltr'>πότε</span> <span class='ocrx_word' id='word_1_620' title='bbox 3427 4214 3653 4285; x_wconf 80' lang='grc' dir='ltr'>χρυσὸς,</span> <span class='ocrx_word' id='word_1_621' title='bbox 3675 4215 3794 4269; x_wconf 75' lang='grc' dir='ltr'><strong>τῶν</strong></span> <span class='ocrx_word' id='word_1_622' title='bbox 3818 4217 3909 4285; x_wconf 54' lang='lat' dir='ltr'><strong>de.</strong></span> 
     </span>
    </p>
   </div>
   <div class='ocr_carea' id='block_1_89' title="bbox 2328 4305 3907 4383">
    <p class='ocr_par' dir='ltr' id='par_1_89' title="bbox 2328 4305 3907 4383">
     <span class='ocr_line' id='line_1_89' title="bbox 2328 4305 3907 4383; baseline -0.01 -20"><span class='ocrx_word' id='word_1_623' title='bbox 2328 4308 2439 4383; x_wconf 85' lang='grc' dir='ltr'><strong>χῶν</strong></span> <span class='ocrx_word' id='word_1_624' title='bbox 2478 4310 2512 4381; x_wconf 78' lang='grc' dir='ltr'><strong>η</strong></span> <span class='ocrx_word' id='word_1_625' title='bbox 2546 4310 2778 4380; x_wconf 83' lang='grc' dir='ltr'>ἀγχόνη,</span> <span class='ocrx_word' id='word_1_626' title='bbox 2814 4308 2909 4361; x_wconf 82' lang='grc' dir='ltr'>τοῦ</span> <span class='ocrx_word' id='word_1_627' title='bbox 2946 4307 3179 4362; x_wconf 83' lang='grc' dir='ltr'>θανάτου</span> <span class='ocrx_word' id='word_1_628' title='bbox 3228 4306 3289 4359; x_wconf 84' lang='grc' dir='ltr'>τὸ</span> <span class='ocrx_word' id='word_1_629' title='bbox 3335 4305 3655 4376; x_wconf 69' lang='grc' dir='ltr'>ἄγκιστρον,</span> <span class='ocrx_word' id='word_1_630' title='bbox 3708 4307 3773 4359; x_wconf 65' lang='grc' dir='ltr'>τὸ</span> <span class='ocrx_word' id='word_1_631' title='bbox 3820 4308 3907 4376; x_wconf 69' lang='grc' dir='ltr'><strong>τῆς</strong></span> 
     </span>
    </p>
   </div>
   <div class='ocr_carea' id='block_1_90' title="bbox 2327 4394 3904 4469">
    <p class='ocr_par' dir='ltr' id='par_1_90' title="bbox 2327 4394 3904 4469">
     <span class='ocr_line' id='line_1_90' title="bbox 2327 4394 3904 4469; baseline -0.001 -17"><span class='ocrx_word' id='word_1_632' title='bbox 2327 4398 2604 4469; x_wconf 79' lang='grc' dir='ltr'>ἁμαρτίας</span> <span class='ocrx_word' id='word_1_633' title='bbox 2650 4398 2882 4469; x_wconf 86' lang='grc' dir='ltr'>δέλεαρ;</span> <span class='ocrx_word' id='word_1_634' title='bbox 2911 4398 3020 4462; x_wconf 78' lang='grc' dir='ltr'>ἓως</span> <span class='ocrx_word' id='word_1_635' title='bbox 3069 4396 3201 4451; x_wconf 86' lang='grc' dir='ltr'>πότε</span> <span class='ocrx_word' id='word_1_636' title='bbox 3253 4394 3565 4469; x_wconf 73' lang='grc' dir='ltr'>πλοῦτος,ή</span> <span class='ocrx_word' id='word_1_637' title='bbox 3604 4398 3719 4451; x_wconf 82' lang='grc' dir='ltr'>τῶν</span> <span class='ocrx_word' id='word_1_638' title='bbox 3755 4397 3904 4451; x_wconf 69' lang='grc' dir='ltr'>πολί-</span> 
     </span>
    </p>
   </div>
   <div class='ocr_carea' id='block_1_91' title="bbox 2331 4483 3905 4564">
    <p class='ocr_par' dir='ltr' id='par_1_91' title="bbox 2331 4483 3905 4564">
     <span class='ocr_line' id='line_1_91' title="bbox 2331 4483 3905 4564; baseline -0.001 -19"><span class='ocrx_word' id='word_1_639' title='bbox 2331 4511 2446 4564; x_wconf 86' lang='grc' dir='ltr'><strong>μων</strong></span> <span class='ocrx_word' id='word_1_640' title='bbox 2481 4491 2759 4558; x_wconf 66' lang='grc' dir='ltr'>ὑπόθεσις,</span> <span class='ocrx_word' id='word_1_641' title='bbox 2797 4491 2866 4545; x_wconf 83' lang='grc' dir='ltr'>δι’</span> <span class='ocrx_word' id='word_1_642' title='bbox 2905 4483 2981 4545; x_wconf 85' lang='grc' dir='ltr'>ὧν</span> <span class='ocrx_word' id='word_1_643' title='bbox 3037 4489 3362 4562; x_wconf 85' lang='grc' dir='ltr'>χαλκεύεται</span> <span class='ocrx_word' id='word_1_644' title='bbox 3395 4490 3573 4556; x_wconf 78' lang='grc' dir='ltr'>ὅπλας</span> <span class='ocrx_word' id='word_1_645' title='bbox 3599 4490 3683 4543; x_wconf 80' lang='grc' dir='ltr'>διὸ</span> <span class='ocrx_word' id='word_1_646' title='bbox 3715 4492 3905 4544; x_wconf 75' lang='grc' dir='ltr'>ἀκονᾶο</span> 
     </span>
    </p>
   </div>
   <div class='ocr_carea' id='block_1_92' title="bbox 637 4570 2231 4653">
    <p class='ocr_par' dir='ltr' id='par_1_92' title="bbox 637 4570 2218 4649">
     <span class='ocr_line' id='line_1_92' title="bbox 637 4570 2218 4649; baseline -0.005 -18"><span class='ocrx_word' id='word_1_647' title='bbox 637 4582 814 4649; x_wconf 77' lang='lat' dir='ltr'><strong>jorem</strong></span> <span class='ocrx_word' id='word_1_648' title='bbox 852 4578 908 4632; x_wconf 91' lang='lat' dir='ltr'><strong>in</strong></span> <span class='ocrx_word' id='word_1_649' title='bbox 968 4578 1190 4631; x_wconf 89' lang='lat' dir='ltr'><strong>modum</strong></span> <span class='ocrx_word' id='word_1_650' title='bbox 1243 4573 1474 4643; x_wconf 83' lang='lat' dir='ltr'><strong>appetis.</strong></span> <span class='ocrx_word' id='word_1_651' title='bbox 1519 4571 1921 4642; x_wconf 81' lang='lat' dir='ltr'><strong>sardonyches,</strong></span> <span class='ocrx_word' id='word_1_652' title='bbox 1951 4570 2218 4640; x_wconf 82' lang='lat' dir='ltr'><strong>jaspides,</strong></span> 
     </span>
    </p>
   </div>
   <div class='ocr_carea' id='block_1_93' title="bbox 2331 4570 3901 4653">
    <p class='ocr_par' dir='ltr' id='par_1_93' title="bbox 2331 4581 3901 4653">
     <span class='ocr_line' id='line_1_93' title="bbox 2331 4581 3901 4653; baseline -0.001 -17"><span class='ocrx_word' id='word_1_653' title='bbox 2331 4602 2413 4636; x_wconf 81' lang='grc' dir='ltr'><strong>ται</strong></span> <span class='ocrx_word' id='word_1_654' title='bbox 2448 4584 2613 4653; x_wconf 76' lang='grc' dir='ltr'>ξίφη;</span> <span class='ocrx_word' id='word_1_655' title='bbox 2645 4583 2735 4637; x_wconf 79' lang='grc' dir='ltr'>διὰ</span> <span class='ocrx_word' id='word_1_656' title='bbox 2765 4581 2922 4637; x_wconf 82' lang='grc' dir='ltr'>τοῦτο</span> <span class='ocrx_word' id='word_1_657' title='bbox 2968 4584 3251 4652; x_wconf 85' lang='grc' dir='ltr'>συγγενεῖς</span> <span class='ocrx_word' id='word_1_658' title='bbox 3290 4582 3545 4652; x_wconf 80' lang='grc' dir='ltr'>ἀγνοοῦσι</span> <span class='ocrx_word' id='word_1_659' title='bbox 3588 4584 3693 4653; x_wconf 79' lang='grc' dir='ltr'>τὴν</span> <span class='ocrx_word' id='word_1_660' title='bbox 3728 4586 3901 4653; x_wconf 82' lang='grc' dir='ltr'>φύσιν,</span> 
     </span>
    </p>
   </div>
   <div class='ocr_carea' id='block_1_94' title="bbox 642 4663 2221 4751">
    <p class='ocr_par' dir='ltr' id='par_1_94' title="bbox 642 4663 2221 4751">
     <span class='ocr_line' id='line_1_94' title="bbox 642 4663 2221 4751; baseline -0.006 -26"><span class='ocrx_word' id='word_1_661' title='bbox 642 4684 696 4725; x_wconf 83' lang='lat' dir='ltr'><strong>et</strong></span> <span class='ocrx_word' id='word_1_662' title='bbox 729 4670 1066 4751; x_wconf 70' lang='lat' dir='ltr'><strong>amethystos</strong></span> <span class='ocrx_word' id='word_1_663' title='bbox 1106 4667 1490 4738; x_wconf 58' lang='lat' dir='ltr'><strong>pegquireudo.</strong></span> <span class='ocrx_word' id='word_1_664' title='bbox 1522 4663 1725 4735; x_wconf 78' lang='lat' dir='ltr'><strong>Ecquis</strong></span> <span class='ocrx_word' id='word_1_665' title='bbox 1760 4672 1961 4718; x_wconf 86' lang='lat' dir='ltr'><strong>ornatu</strong></span> <span class='ocrx_word' id='word_1_666' title='bbox 2002 4663 2221 4717; x_wconf 48' lang='lat' dir='ltr'><strong>adhibis</strong></span> 
     </span>
    </p>
   </div>
   <div class='ocr_carea' id='block_1_95' title="bbox 643 4756 2219 4831">
    <p class='ocr_par' dir='ltr' id='par_1_95' title="bbox 643 4756 2219 4831">
     <span class='ocr_line' id='line_1_95' title="bbox 643 4756 2219 4831; baseline -0.006 -11"><span class='ocrx_word' id='word_1_667' title='bbox 643 4777 720 4829; x_wconf 88' lang='lat' dir='ltr'><strong>to,</strong></span> <span class='ocrx_word' id='word_1_668' title='bbox 761 4765 846 4820; x_wconf 87' lang='lat' dir='ltr'><strong>vel</strong></span> <span class='ocrx_word' id='word_1_669' title='bbox 886 4778 995 4817; x_wconf 92' lang='lat' dir='ltr'><strong>uno</strong></span> <span class='ocrx_word' id='word_1_670' title='bbox 1029 4762 1117 4816; x_wconf 87' lang='lat' dir='ltr'><strong>die</strong></span> <span class='ocrx_word' id='word_1_671' title='bbox 1156 4775 1449 4831; x_wconf 77' lang='lat' dir='ltr'><strong>prorogare</strong></span> <span class='ocrx_word' id='word_1_672' title='bbox 1485 4758 1591 4813; x_wconf 90' lang='lat' dir='ltr'><strong>sibi</strong></span> <span class='ocrx_word' id='word_1_673' title='bbox 1637 4758 1805 4812; x_wconf 85' lang='lat' dir='ltr'><strong>vitam</strong></span> <span class='ocrx_word' id='word_1_674' title='bbox 1852 4756 2072 4828; x_wconf 87' lang='lat' dir='ltr'><strong>potuit?</strong></span> <span class='ocrx_word' id='word_1_675' title='bbox 2100 4756 2219 4811; x_wconf 78' lang='lat' dir='ltr'><strong>cui-</strong></span> 
     </span>
    </p>
   </div>
   <div class='ocr_carea' id='block_1_96' title="bbox 633 4850 2221 4921">
    <p class='ocr_par' dir='ltr' id='par_1_96' title="bbox 633 4850 2221 4921">
     <span class='ocr_line' id='line_1_96' title="bbox 633 4850 2221 4921; baseline -0.008 -8"><span class='ocrx_word' id='word_1_676' title='bbox 633 4874 765 4914; x_wconf 84' lang='lat' dir='ltr'><strong>nam</strong></span> <span class='ocrx_word' id='word_1_677' title='bbox 801 4871 951 4911; x_wconf 91' lang='lat' dir='ltr'><strong>mors</strong></span> <span class='ocrx_word' id='word_1_678' title='bbox 980 4855 1050 4909; x_wconf 90' lang='lat' dir='ltr'><strong>ob</strong></span> <span class='ocrx_word' id='word_1_679' title='bbox 1070 4853 1291 4908; x_wconf 84' lang='lat' dir='ltr'><strong>divitias</strong></span> <span class='ocrx_word' id='word_1_680' title='bbox 1321 4864 1375 4906; x_wconf 87' lang='lat' dir='ltr'><strong>et</strong></span> <span class='ocrx_word' id='word_1_681' title='bbox 1411 4868 1543 4920; x_wconf 85' lang='lat' dir='ltr'><strong>opes</strong></span> <span class='ocrx_word' id='word_1_682' title='bbox 1566 4850 1848 4921; x_wconf 79' lang='lat' dir='ltr'><strong>pepercit?</strong></span> <span class='ocrx_word' id='word_1_683' title='bbox 1869 4864 1901 4903; x_wconf 89' lang='lat' dir='ltr'><strong>a</strong></span> <span class='ocrx_word' id='word_1_684' title='bbox 1931 4864 2043 4919; x_wconf 90' lang='lat' dir='ltr'><strong>quo</strong></span> <span class='ocrx_word' id='word_1_685' title='bbox 2070 4863 2221 4902; x_wconf 83' lang='lat' dir='ltr'><strong>mor-</strong></span> 
     </span>
    </p>
   </div>
   <div class='ocr_carea' id='block_1_97' title="bbox 638 4937 2220 5023">
    <p class='ocr_par' dir='ltr' id='par_1_97' title="bbox 638 4937 2220 5023">
     <span class='ocr_line' id='line_1_97' title="bbox 638 4937 2220 5023; baseline -0.008 -16"><span class='ocrx_word' id='word_1_686' title='bbox 638 4955 741 5008; x_wconf 86' lang='lat' dir='ltr'><strong>bus</strong></span> <span class='ocrx_word' id='word_1_687' title='bbox 760 4956 982 5023; x_wconf 83' lang='lat' dir='ltr'><strong>propter</strong></span> <span class='ocrx_word' id='word_1_688' title='bbox 1000 4946 1357 5016; x_wconf 87' lang='lat' dir='ltr'><strong>pecuniarum</strong></span> <span class='ocrx_word' id='word_1_689' title='bbox 1386 4945 1577 5013; x_wconf 90' lang='lat' dir='ltr'><strong>copias</strong></span> <span class='ocrx_word' id='word_1_690' title='bbox 1600 4940 1907 4998; x_wconf 79' lang='lat' dir='ltr'><strong>abstinuit?</strong></span> <span class='ocrx_word' id='word_1_691' title='bbox 1921 4937 2220 5009; x_wconf 87' lang='lat' dir='ltr'><strong>Quousque</strong></span> 
     </span>
    </p>
   </div>
   <div class='ocr_carea' id='block_1_98' title="bbox 637 5036 2220 5108">
    <p class='ocr_par' dir='ltr' id='par_1_98' title="bbox 637 5036 2220 5108">
     <span class='ocr_line' id='line_1_98' title="bbox 637 5036 2220 5108; baseline -0.007 -8"><span class='ocrx_word' id='word_1_692' title='bbox 637 5045 858 5100; x_wconf 89' lang='lat' dir='ltr'><strong>tandem</strong></span> <span class='ocrx_word' id='word_1_693' title='bbox 913 5055 1110 5096; x_wconf 86' lang='lat' dir='ltr'><strong>aurum</strong></span> <span class='ocrx_word' id='word_1_694' title='bbox 1174 5039 1488 5093; x_wconf 89' lang='lat' dir='ltr'><strong>animarum</strong></span> <span class='ocrx_word' id='word_1_695' title='bbox 1549 5039 1777 5108; x_wconf 86' lang='lat' dir='ltr'><strong>laqueus</strong></span> <span class='ocrx_word' id='word_1_696' title='bbox 1829 5036 1966 5102; x_wconf 85' lang='lat' dir='ltr'><strong>erit,</strong></span> <span class='ocrx_word' id='word_1_697' title='bbox 2024 5036 2220 5090; x_wconf 86' lang='lat' dir='ltr'><strong>hamus</strong></span> 
     </span>
    </p>
   </div>
   <div class='ocr_carea' id='block_1_99' title="bbox 640 5126 2220 5205">
    <p class='ocr_par' dir='ltr' id='par_1_99' title="bbox 640 5126 2220 5205">
     <span class='ocr_line' id='line_1_99' title="bbox 640 5126 2220 5205; baseline -0.008 -14"><span class='ocrx_word' id='word_1_698' title='bbox 640 5137 851 5201; x_wconf 87' lang='lat' dir='ltr'><strong>mortis,</strong></span> <span class='ocrx_word' id='word_1_699' title='bbox 903 5132 1111 5205; x_wconf 86' lang='lat' dir='ltr'><strong>peccati</strong></span> <span class='ocrx_word' id='word_1_700' title='bbox 1162 5130 1453 5185; x_wconf 82' lang='lat' dir='ltr'><strong>illecebra?</strong></span> <span class='ocrx_word' id='word_1_701' title='bbox 1510 5143 1801 5199; x_wconf 88' lang='lat' dir='ltr'><strong>quousque</strong></span> <span class='ocrx_word' id='word_1_702' title='bbox 1834 5126 2061 5190; x_wconf 77' lang='lat' dir='ltr'><strong>divitiae,</strong></span> <span class='ocrx_word' id='word_1_703' title='bbox 2099 5139 2220 5194; x_wconf 64' lang='lat' dir='ltr'><strong>quae</strong></span> 
     </span>
    </p>
   </div>
   <div class='ocr_carea' id='block_1_100' title="bbox 639 5220 2216 5298">
    <p class='ocr_par' dir='ltr' id='par_1_100' title="bbox 639 5220 2216 5298">
     <span class='ocr_line' id='line_1_100' title="bbox 639 5220 2216 5298; baseline -0.008 -14"><span class='ocrx_word' id='word_1_704' title='bbox 639 5231 903 5284; x_wconf 65' lang='lat' dir='ltr'><strong>bellorum</strong></span> <span class='ocrx_word' id='word_1_705' title='bbox 937 5233 1196 5298; x_wconf 89' lang='lat' dir='ltr'><strong>parentes</strong></span> <span class='ocrx_word' id='word_1_706' title='bbox 1228 5230 1380 5288; x_wconf 88' lang='lat' dir='ltr'><strong>sunt,</strong></span> <span class='ocrx_word' id='word_1_707' title='bbox 1422 5222 1492 5277; x_wconf 91' lang='lat' dir='ltr'><strong>ob</strong></span> <span class='ocrx_word' id='word_1_708' title='bbox 1529 5237 1667 5291; x_wconf 89' lang='lat' dir='ltr'><strong>quas</strong></span> <span class='ocrx_word' id='word_1_709' title='bbox 1717 5220 1992 5277; x_wconf 88' lang='lat' dir='ltr'><strong>cudentur</strong></span> <span class='ocrx_word' id='word_1_710' title='bbox 2041 5234 2216 5283; x_wconf 89' lang='lat' dir='ltr'><strong>arma,</strong></span> 
     </span>
    </p>
   </div>
   <div class='ocr_carea' id='block_1_101' title="bbox 636 5316 2216 5385">
    <p class='ocr_par' dir='ltr' id='par_1_101' title="bbox 636 5316 2216 5385">
     <span class='ocr_line' id='line_1_101' title="bbox 636 5316 2216 5385; baseline -0.008 -10"><span class='ocrx_word' id='word_1_711' title='bbox 636 5338 798 5378; x_wconf 64' lang='lat' dir='ltr'><strong>tlllsCS</strong></span> <span class='ocrx_word' id='word_1_712' title='bbox 845 5318 1159 5376; x_wconf 88' lang='lat' dir='ltr'><strong>acuuntur?</strong></span> <span class='ocrx_word' id='word_1_713' title='bbox 1213 5317 1282 5371; x_wconf 90' lang='lat' dir='ltr'><strong>ob</strong></span> <span class='ocrx_word' id='word_1_714' title='bbox 1348 5330 1442 5370; x_wconf 90' lang='lat' dir='ltr'><strong>eas</strong></span> <span class='ocrx_word' id='word_1_715' title='bbox 1510 5316 1727 5385; x_wconf 83' lang='lat' dir='ltr'><strong>cognati</strong></span> <span class='ocrx_word' id='word_1_716' title='bbox 1792 5322 2043 5368; x_wconf 87' lang='lat' dir='ltr'><strong>naturam</strong></span> <span class='ocrx_word' id='word_1_717' title='bbox 2104 5326 2216 5365; x_wconf 89' lang='lat' dir='ltr'><strong>non</strong></span> 
     </span>
    </p>
   </div>
   <div class='ocr_carea' id='block_1_102' title="bbox 623 5406 2217 5483">
    <p class='ocr_par' dir='ltr' id='par_1_102' title="bbox 623 5406 2217 5483">
     <span class='ocr_line' id='line_1_102' title="bbox 623 5406 2217 5483; baseline -0.005 -18"><span class='ocrx_word' id='word_1_718' title='bbox 623 5421 968 5483; x_wconf 73' lang='lat' dir='ltr'><strong>agnoscunt,</strong></span> <span class='ocrx_word' id='word_1_719' title='bbox 1002 5411 1200 5465; x_wconf 81' lang='lat' dir='ltr'><strong>fratres</strong></span> <span class='ocrx_word' id='word_1_720' title='bbox 1232 5407 1591 5478; x_wconf 88' lang='lat' dir='ltr'><strong>sanguinario</strong></span> <span class='ocrx_word' id='word_1_721' title='bbox 1619 5422 1741 5462; x_wconf 88' lang='lat' dir='ltr'><strong>sese</strong></span> <span class='ocrx_word' id='word_1_722' title='bbox 1772 5406 1931 5461; x_wconf 89' lang='lat' dir='ltr'><strong>oculo</strong></span> <span class='ocrx_word' id='word_1_723' title='bbox 1948 5412 2217 5459; x_wconf 34' lang='lat' dir='ltr'><strong>contuens</strong></span> 
     </span>
    </p>
   </div>
   <div class='ocr_carea' id='block_1_103' title="bbox 638 5498 2217 5574">
    <p class='ocr_par' dir='ltr' id='par_1_103' title="bbox 638 5498 2217 5574">
     <span class='ocr_line' id='line_1_103' title="bbox 638 5498 2217 5574; baseline -0.006 -17"><span class='ocrx_word' id='word_1_724' title='bbox 638 5517 746 5558; x_wconf 87' lang='lat' dir='ltr'><strong>tur.</strong></span> <span class='ocrx_word' id='word_1_725' title='bbox 791 5504 1020 5574; x_wconf 83' lang='lat' dir='ltr'><strong>Propter</strong></span> <span class='ocrx_word' id='word_1_726' title='bbox 1070 5517 1204 5573; x_wconf 87' lang='lat' dir='ltr'><strong>opes</strong></span> <span class='ocrx_word' id='word_1_727' title='bbox 1261 5500 1476 5555; x_wconf 79' lang='lat' dir='ltr'><strong>deserta</strong></span> <span class='ocrx_word' id='word_1_728' title='bbox 1536 5499 1654 5553; x_wconf 84' lang='lat' dir='ltr'><strong>loca</strong></span> <span class='ocrx_word' id='word_1_729' title='bbox 1703 5499 1989 5569; x_wconf 82' lang='lat' dir='ltr'><strong>praedones</strong></span> <span class='ocrx_word' id='word_1_730' title='bbox 2041 5498 2217 5557; x_wconf 84' lang='lat' dir='ltr'><strong>alunt,</strong></span> 
     </span>
    </p>
   </div>
   <div class='ocr_carea' id='block_1_104' title="bbox 639 5590 2217 5667">
    <p class='ocr_par' dir='ltr' id='par_1_104' title="bbox 639 5590 2217 5667">
     <span class='ocr_line' id='line_1_104' title="bbox 639 5590 2217 5667; baseline -0.004 -17"><span class='ocrx_word' id='word_1_731' title='bbox 639 5613 787 5652; x_wconf 77' lang='lat' dir='ltr'><strong>mare</strong></span> <span class='ocrx_word' id='word_1_732' title='bbox 831 5597 1062 5667; x_wconf 86' lang='lat' dir='ltr'><strong>piratas,</strong></span> <span class='ocrx_word' id='word_1_733' title='bbox 1099 5595 1263 5649; x_wconf 88' lang='lat' dir='ltr'><strong>urbes</strong></span> <span class='ocrx_word' id='word_1_734' title='bbox 1327 5593 1722 5664; x_wconf 77' lang='lat' dir='ltr'><strong>symphantas.</strong></span> <span class='ocrx_word' id='word_1_735' title='bbox 1775 5591 1912 5659; x_wconf 86' lang='lat' dir='ltr'><strong>Quis</strong></span> <span class='ocrx_word' id='word_1_736' title='bbox 1946 5590 2217 5645; x_wconf 70' lang='lat' dir='ltr'><strong>mendarii</strong></span> 
     </span>
    </p>
   </div>
   <div class='ocr_carea' id='block_1_105' title="bbox 641 5682 2218 5764">
    <p class='ocr_par' dir='ltr' id='par_1_105' title="bbox 641 5682 2218 5764">
     <span class='ocr_line' id='line_1_105' title="bbox 641 5682 2218 5764; baseline -0.004 -21"><span class='ocrx_word' id='word_1_737' title='bbox 641 5698 793 5764; x_wconf 81' lang='lat' dir='ltr'><strong>pater</strong></span> <span class='ocrx_word' id='word_1_738' title='bbox 818 5688 933 5743; x_wconf 84' lang='lat' dir='ltr'><strong>est?</strong></span> <span class='ocrx_word' id='word_1_739' title='bbox 967 5688 1092 5757; x_wconf 86' lang='lat' dir='ltr'><strong>quis</strong></span> <span class='ocrx_word' id='word_1_740' title='bbox 1132 5686 1284 5742; x_wconf 75' lang='lat' dir='ltr'><strong>falsa:</strong></span> <span class='ocrx_word' id='word_1_741' title='bbox 1324 5685 1755 5755; x_wconf 82' lang='lat' dir='ltr'><strong>conscriptiouis</strong></span> <span class='ocrx_word' id='word_1_742' title='bbox 1792 5683 2041 5738; x_wconf 81' lang='lat' dir='ltr'><strong>artifex?</strong></span> <span class='ocrx_word' id='word_1_743' title='bbox 2090 5682 2218 5754; x_wconf 88' lang='lat' dir='ltr'><strong>quis</strong></span> 
     </span>
    </p>
   </div>
   <div class='ocr_carea' id='block_1_106' title="bbox 642 5777 2217 5854">
    <p class='ocr_par' dir='ltr' id='par_1_106' title="bbox 642 5777 2217 5854">
     <span class='ocr_line' id='line_1_106' title="bbox 642 5777 2217 5854; baseline -0.008 -16"><span class='ocrx_word' id='word_1_744' title='bbox 642 5783 869 5854; x_wconf 81' lang='lat' dir='ltr'><strong>pcrjurii</strong></span> <span class='ocrx_word' id='word_1_745' title='bbox 902 5781 1263 5853; x_wconf 77' lang='lat' dir='ltr'><strong>procreatur?</strong></span> <span class='ocrx_word' id='word_1_746' title='bbox 1292 5781 1378 5834; x_wconf 84' lang='lat' dir='ltr'><strong>An</strong></span> <span class='ocrx_word' id='word_1_747' title='bbox 1424 5795 1533 5833; x_wconf 88' lang='lat' dir='ltr'><strong>non</strong></span> <span class='ocrx_word' id='word_1_748' title='bbox 1566 5777 1735 5851; x_wconf 81' lang='lat' dir='ltr'><strong>opes?</strong></span> <span class='ocrx_word' id='word_1_749' title='bbox 1760 5794 1827 5832; x_wconf 90' lang='lat' dir='ltr'><strong>an</strong></span> <span class='ocrx_word' id='word_1_750' title='bbox 1861 5794 1969 5833; x_wconf 93' lang='lat' dir='ltr'><strong>non</strong></span> <span class='ocrx_word' id='word_1_751' title='bbox 1999 5792 2217 5832; x_wconf 88' lang='lat' dir='ltr'><strong>earum-</strong></span> 
     </span>
    </p>
   </div>
   <div class='ocr_carea' id='block_1_107' title="bbox 642 5867 2218 5943">
    <p class='ocr_par' dir='ltr' id='par_1_107' title="bbox 642 5867 2218 5943">
     <span class='ocr_line' id='line_1_107' title="bbox 642 5867 2218 5943; baseline -0.003 -16"><span class='ocrx_word' id='word_1_752' title='bbox 642 5874 769 5933; x_wconf 84' lang='lat' dir='ltr'><strong>dem</strong></span> <span class='ocrx_word' id='word_1_753' title='bbox 820 5871 1262 5943; x_wconf 79' lang='lat' dir='ltr'><strong>Studiutn?quid</strong></span> <span class='ocrx_word' id='word_1_754' title='bbox 1316 5870 1495 5937; x_wconf 81' lang='lat' dir='ltr'><strong>vobis,</strong></span> <span class='ocrx_word' id='word_1_755' title='bbox 1555 5889 1587 5927; x_wconf 85' lang='grc' dir='ltr'><strong>ο</strong></span> <span class='ocrx_word' id='word_1_756' title='bbox 1643 5872 1926 5941; x_wconf 85' lang='lat' dir='ltr'><strong>mortales,</strong></span> <span class='ocrx_word' id='word_1_757' title='bbox 1980 5867 2218 5926; x_wconf 78' lang='lat' dir='ltr'><strong>accidit?</strong></span> 
     </span>
    </p>
   </div>
   <div class='ocr_carea' id='block_1_108' title="bbox 2326 4674 3903 4747">
    <p class='ocr_par' dir='ltr' id='par_1_108' title="bbox 2326 4674 3903 4747">
     <span class='ocr_line' id='line_1_108' title="bbox 2326 4674 3903 4747; baseline 0.002 -19"><span class='ocrx_word' id='word_1_758' title='bbox 2326 4676 2547 4745; x_wconf 73' lang='grc' dir='ltr'>ἀδελφοὶ</span> <span class='ocrx_word' id='word_1_759' title='bbox 2600 4676 2721 4729; x_wconf 85' lang='grc' dir='ltr'>κατ’</span> <span class='ocrx_word' id='word_1_760' title='bbox 2768 4675 3017 4747; x_wconf 82' lang='grc' dir='ltr'>ἀλλήλων</span> <span class='ocrx_word' id='word_1_761' title='bbox 3063 4674 3287 4746; x_wconf 74' lang='grc' dir='ltr'>φονικὸν</span> <span class='ocrx_word' id='word_1_762' title='bbox 3338 4674 3656 4746; x_wconf 78' lang='grc' dir='ltr'>βλέπουσιν.</span> <span class='ocrx_word' id='word_1_763' title='bbox 3689 4677 3793 4729; x_wconf 79' lang='grc' dir='ltr'>Διά</span> <span class='ocrx_word' id='word_1_764' title='bbox 3820 4677 3903 4731; x_wconf 76' lang='grc' dir='ltr'>τὸν</span> 
     </span>
    </p>
   </div>
   <div class='ocr_carea' id='block_1_109' title="bbox 2327 4765 3901 4838">
    <p class='ocr_par' dir='ltr' id='par_1_109' title="bbox 2327 4765 3901 4838">
     <span class='ocr_line' id='line_1_109' title="bbox 2327 4765 3901 4838; baseline 0.002 -20"><span class='ocrx_word' id='word_1_765' title='bbox 2327 4766 2557 4820; x_wconf 74' lang='grc' dir='ltr'>πλοῦτον</span> <span class='ocrx_word' id='word_1_766' title='bbox 2588 4768 2642 4821; x_wconf 82' lang='lat' dir='ltr'><strong>al</strong></span> <span class='ocrx_word' id='word_1_767' title='bbox 2668 4766 2895 4837; x_wconf 78' lang='grc' dir='ltr'>ὲρημίαι</span> <span class='ocrx_word' id='word_1_768' title='bbox 2919 4767 3046 4830; x_wconf 76' lang='grc' dir='ltr'>τοὺς</span> <span class='ocrx_word' id='word_1_769' title='bbox 3070 4765 3336 4837; x_wconf 67' lang='grc' dir='ltr'>φοπυτάς</span> <span class='ocrx_word' id='word_1_770' title='bbox 3352 4766 3639 4838; x_wconf 76' lang='grc' dir='ltr'>τρέφουσι,</span> <span class='ocrx_word' id='word_1_771' title='bbox 3664 4768 3901 4837; x_wconf 63' lang='grc' dir='ltr'>θαλασσα</span> 
     </span>
    </p>
   </div>
   <div class='ocr_carea' id='block_1_110' title="bbox 2323 4860 3898 4928">
    <p class='ocr_par' dir='ltr' id='par_1_110' title="bbox 2323 4860 3898 4928">
     <span class='ocr_line' id='line_1_110' title="bbox 2323 4860 3898 4928; baseline 0.002 -17"><span class='ocrx_word' id='word_1_772' title='bbox 2323 4862 2452 4923; x_wconf 78' lang='grc' dir='ltr'>τοὺς</span> <span class='ocrx_word' id='word_1_773' title='bbox 2498 4862 2958 4925; x_wconf 74' lang='grc' dir='ltr'>καταποντιστὰς,</span> <span class='ocrx_word' id='word_1_774' title='bbox 3008 4860 3065 4913; x_wconf 80' lang='grc' dir='ltr'>αἱ</span> <span class='ocrx_word' id='word_1_775' title='bbox 3120 4860 3311 4924; x_wconf 79' lang='grc' dir='ltr'>πόλεις</span> <span class='ocrx_word' id='word_1_776' title='bbox 3352 4862 3480 4924; x_wconf 69' lang='grc' dir='ltr'>τοὺς</span> <span class='ocrx_word' id='word_1_777' title='bbox 3539 4861 3898 4928; x_wconf 80' lang='grc' dir='ltr'>συκοφάντας.</span> 
     </span>
    </p>
   </div>
   <div class='ocr_carea' id='block_1_111' title="bbox 2325 4948 3900 5023">
    <p class='ocr_par' dir='ltr' id='par_1_111' title="bbox 2325 4948 3900 5023">
     <span class='ocr_line' id='line_1_111' title="bbox 2325 4948 3900 5023; baseline 0.001 -22"><span class='ocrx_word' id='word_1_778' title='bbox 2325 4950 2423 5013; x_wconf 81' lang='grc' dir='ltr'>Τίς</span> <span class='ocrx_word' id='word_1_779' title='bbox 2459 4951 2609 5003; x_wconf 78' lang='grc' dir='ltr'>ἐστιν</span> <span class='ocrx_word' id='word_1_780' title='bbox 2656 4953 2685 5004; x_wconf 89' lang='lat'><strong>6</strong></span> <span class='ocrx_word' id='word_1_781' title='bbox 2724 4948 2958 5020; x_wconf 70' lang='grc' dir='ltr'>ψεύδους</span> <span class='ocrx_word' id='word_1_782' title='bbox 2990 4950 3215 5021; x_wconf 76' lang='grc' dir='ltr'>πατήρς</span> <span class='ocrx_word' id='word_1_783' title='bbox 3268 4951 3352 5014; x_wconf 85' lang='grc' dir='ltr'><strong>τίς</strong></span> <span class='ocrx_word' id='word_1_784' title='bbox 3392 4952 3422 5004; x_wconf 88' lang='lat'><strong>6</strong></span> <span class='ocrx_word' id='word_1_785' title='bbox 3453 4951 3900 5023; x_wconf 76' lang='grc' dir='ltr'>πλαστογραφιας</span> 
     </span>
    </p>
   </div>
   <div class='ocr_carea' id='block_1_112' title="bbox 2325 5035 3901 5113">
    <p class='ocr_par' dir='ltr' id='par_1_112' title="bbox 2325 5035 3901 5113">
     <span class='ocr_line' id='line_1_112' title="bbox 2325 5035 3901 5113; baseline 0.003 -23"><span class='ocrx_word' id='word_1_786' title='bbox 2325 5035 2691 5110; x_wconf 85' lang='grc' dir='ltr'>δημιουργὸς;</span> <span class='ocrx_word' id='word_1_787' title='bbox 2722 5040 2807 5105; x_wconf 88' lang='grc' dir='ltr'><strong>τίς</strong></span> <span class='ocrx_word' id='word_1_788' title='bbox 2856 5041 2885 5093; x_wconf 91' lang='grc' dir='ltr'><strong>ό</strong></span> <span class='ocrx_word' id='word_1_789' title='bbox 2931 5040 3030 5113; x_wconf 82' lang='grc' dir='ltr'>τὴν</span> <span class='ocrx_word' id='word_1_790' title='bbox 3080 5042 3369 5113; x_wconf 77' lang='grc' dir='ltr'>ἐπιορκίαν</span> <span class='ocrx_word' id='word_1_791' title='bbox 3401 5043 3701 5112; x_wconf 85' lang='grc' dir='ltr'>γεννήσας;</span> <span class='ocrx_word' id='word_1_792' title='bbox 3739 5044 3849 5112; x_wconf 75' lang='grc' dir='ltr'>Οὐχ</span> <span class='ocrx_word' id='word_1_793' title='bbox 3874 5045 3901 5094; x_wconf 82' lang='grc' dir='ltr'>ὁ</span> 
     </span>
    </p>
   </div>
   <div class='ocr_carea' id='block_1_113' title="bbox 2327 5132 3895 5206">
    <p class='ocr_par' dir='ltr' id='par_1_113' title="bbox 2327 5132 3895 5206">
     <span class='ocr_line' id='line_1_113' title="bbox 2327 5132 3895 5206; baseline 0.004 -21"><span class='ocrx_word' id='word_1_794' title='bbox 2327 5132 2587 5201; x_wconf 60' lang='lat' dir='ltr'><strong>nlo-310;;</strong></span> <span class='ocrx_word' id='word_1_795' title='bbox 2621 5134 2718 5204; x_wconf 74' lang='grc' dir='ltr'>οὐχ</span> <span class='ocrx_word' id='word_1_796' title='bbox 2764 5136 2797 5204; x_wconf 82' lang='grc' dir='ltr'><strong>ἡ</strong></span> <span class='ocrx_word' id='word_1_797' title='bbox 2829 5136 2959 5206; x_wconf 80' lang='grc' dir='ltr'>περὶ</span> <span class='ocrx_word' id='word_1_798' title='bbox 3012 5134 3204 5188; x_wconf 73' lang='grc' dir='ltr'>τοῦτον</span> <span class='ocrx_word' id='word_1_799' title='bbox 3257 5135 3499 5206; x_wconf 74' lang='grc' dir='ltr'>σπουδή;</span> <span class='ocrx_word' id='word_1_800' title='bbox 3534 5136 3589 5189; x_wconf 81' lang='grc' dir='ltr'><strong>τί</strong></span> <span class='ocrx_word' id='word_1_801' title='bbox 3636 5136 3895 5205; x_wconf 75' lang='grc' dir='ltr'>πάσχετε.</span> 
     </span>
    </p>
   </div>
   <div class='ocr_carea' id='block_1_114' title="bbox 2325 5224 3898 5300">
    <p class='ocr_par' dir='ltr' id='par_1_114' title="bbox 2325 5224 3898 5300">
     <span class='ocr_line' id='line_1_114' title="bbox 2325 5224 3898 5300; baseline 0.002 -23"><span class='ocrx_word' id='word_1_802' title='bbox 2325 5224 2640 5294; x_wconf 84' lang='grc' dir='ltr'>ἄνθρωποι;</span> <span class='ocrx_word' id='word_1_803' title='bbox 2672 5226 2757 5289; x_wconf 89' lang='grc' dir='ltr'><strong>τίς</strong></span> <span class='ocrx_word' id='word_1_804' title='bbox 2784 5226 2913 5295; x_wconf 80' lang='grc' dir='ltr'>ύμῖν</span> <span class='ocrx_word' id='word_1_805' title='bbox 2948 5227 3019 5280; x_wconf 82' lang='grc' dir='ltr'><strong>τά</strong></span> <span class='ocrx_word' id='word_1_806' title='bbox 3075 5227 3316 5300; x_wconf 76' lang='grc' dir='ltr'>ὑμέτερα</span> <span class='ocrx_word' id='word_1_807' title='bbox 3346 5229 3428 5281; x_wconf 78' lang='lat' dir='ltr'><strong>si:</strong></span> <span class='ocrx_word' id='word_1_808' title='bbox 3464 5227 3566 5296; x_wconf 76' lang='grc' dir='ltr'><strong>τὴν</strong></span> <span class='ocrx_word' id='word_1_809' title='bbox 3598 5226 3725 5280; x_wconf 82' lang='grc' dir='ltr'>καθ’</span> <span class='ocrx_word' id='word_1_810' title='bbox 3756 5227 3898 5297; x_wconf 80' lang='grc' dir='ltr'>ὑμῶν</span> 
     </span>
    </p>
   </div>
   <div class='ocr_carea' id='block_1_115' title="bbox 2325 5316 3895 5391">
    <p class='ocr_par' dir='ltr' id='par_1_115' title="bbox 2325 5316 3895 5391">
     <span class='ocr_line' id='line_1_115' title="bbox 2325 5316 3895 5391; baseline 0.003 -22"><span class='ocrx_word' id='word_1_811' title='bbox 2325 5316 2621 5387; x_wconf 74' lang='grc' dir='ltr'>ἐπιϐουλὴν</span> <span class='ocrx_word' id='word_1_812' title='bbox 2655 5317 3001 5389; x_wconf 78' lang='grc' dir='ltr'>περιέτρεψε,</span> <span class='ocrx_word' id='word_1_813' title='bbox 3035 5321 3275 5389; x_wconf 80' lang='grc' dir='ltr'>συνεργά</span> <span class='ocrx_word' id='word_1_814' title='bbox 3320 5319 3460 5390; x_wconf 79' lang='grc' dir='ltr'>πρὸς</span> <span class='ocrx_word' id='word_1_815' title='bbox 3508 5319 3574 5372; x_wconf 77' lang='grc' dir='ltr'><strong>τὸ</strong></span> <span class='ocrx_word' id='word_1_816' title='bbox 3620 5320 3754 5391; x_wconf 73' lang='grc' dir='ltr'>ζῇνς</span> <span class='ocrx_word' id='word_1_817' title='bbox 3812 5321 3895 5387; x_wconf 67' lang='grc' dir='ltr'><strong>Μὴ</strong></span> 
     </span>
    </p>
   </div>
   <div class='ocr_carea' id='block_1_116' title="bbox 2325 5411 3893 5482">
    <p class='ocr_par' dir='ltr' id='par_1_116' title="bbox 2325 5411 3893 5482">
     <span class='ocr_line' id='line_1_116' title="bbox 2325 5411 3893 5482; baseline 0.002 -19"><span class='ocrx_word' id='word_1_818' title='bbox 2325 5411 2433 5482; x_wconf 76' lang='grc' dir='ltr'>γὰρ</span> <span class='ocrx_word' id='word_1_819' title='bbox 2480 5411 2706 5482; x_wconf 82' lang='grc' dir='ltr'>ἀφορμὴ</span> <span class='ocrx_word' id='word_1_820' title='bbox 2751 5412 3048 5479; x_wconf 88' lang='grc' dir='ltr'>ἀπωλείας,</span> <span class='ocrx_word' id='word_1_821' title='bbox 3103 5413 3219 5468; x_wconf 82' lang='grc' dir='ltr'>ἀλλ’</span> <span class='ocrx_word' id='word_1_822' title='bbox 3252 5415 3551 5482; x_wconf 79' lang='grc' dir='ltr'>ἀναγκαῖος</span> <span class='ocrx_word' id='word_1_823' title='bbox 3596 5416 3626 5466; x_wconf 85' lang='lat'><strong>6</strong></span> <span class='ocrx_word' id='word_1_824' title='bbox 3675 5414 3893 5474; x_wconf 66' lang='grc' dir='ltr'>πλοῦτος</span> 
     </span>
    </p>
   </div>
   <div class='ocr_carea' id='block_1_117' title="bbox 2324 5504 3891 5577">
    <p class='ocr_par' dir='ltr' id='par_1_117' title="bbox 2324 5504 3891 5577">
     <span class='ocr_line' id='line_1_117' title="bbox 2324 5504 3891 5577; baseline 0.001 -21"><span class='ocrx_word' id='word_1_825' title='bbox 2324 5504 2411 5557; x_wconf 72' lang='grc' dir='ltr'>διὰ</span> <span class='ocrx_word' id='word_1_826' title='bbox 2470 5504 2597 5567; x_wconf 83' lang='grc' dir='ltr'>τοῦς</span> <span class='ocrx_word' id='word_1_827' title='bbox 2632 5504 2846 5568; x_wconf 81' lang='grc' dir='ltr'>παῖδας.</span> <span class='ocrx_word' id='word_1_828' title='bbox 2888 5505 3260 5577; x_wconf 78' lang='grc' dir='ltr'>Εύπρόσωπος</span> <span class='ocrx_word' id='word_1_829' title='bbox 3314 5506 3538 5577; x_wconf 76' lang='grc' dir='ltr'>ἀφορμὴ</span> <span class='ocrx_word' id='word_1_830' title='bbox 3588 5507 3891 5572; x_wconf 73' lang='grc' dir='ltr'>πλεονεξέας</span> 
     </span>
    </p>
   </div>
   <div class='ocr_carea' id='block_1_118' title="bbox 2324 5595 3891 5669">
    <p class='ocr_par' dir='ltr' id='par_1_118' title="bbox 2324 5595 3891 5669">
     <span class='ocr_line' id='line_1_118' title="bbox 2324 5595 3891 5669; baseline 0 -20"><span class='ocrx_word' id='word_1_831' title='bbox 2324 5595 2464 5666; x_wconf 74' lang='grc' dir='ltr'>αὕτη</span> <span class='ocrx_word' id='word_1_832' title='bbox 2484 5614 2497 5628; x_wconf 86' lang='grc'><strong>·</strong></span> <span class='ocrx_word' id='word_1_833' title='bbox 2527 5598 2655 5661; x_wconf 72' lang='grc' dir='ltr'>τοὺς</span> <span class='ocrx_word' id='word_1_834' title='bbox 2672 5596 2781 5668; x_wconf 77' lang='grc' dir='ltr'>γὰρ</span> <span class='ocrx_word' id='word_1_835' title='bbox 2815 5597 3009 5661; x_wconf 83' lang='grc' dir='ltr'>παῖδας</span> <span class='ocrx_word' id='word_1_836' title='bbox 3032 5597 3421 5669; x_wconf 68' lang='grc' dir='ltr'>προδὰλλεσθε,</span> <span class='ocrx_word' id='word_1_837' title='bbox 3456 5597 3554 5668; x_wconf 81' lang='grc' dir='ltr'>τὴν</span> <span class='ocrx_word' id='word_1_838' title='bbox 3587 5597 3645 5652; x_wconf 76' lang='grc' dir='ltr'>δὲ</span> <span class='ocrx_word' id='word_1_839' title='bbox 3678 5600 3891 5669; x_wconf 72' lang='grc' dir='ltr'>καρδίαν</span> 
     </span>
    </p>
   </div>
   <div class='ocr_carea' id='block_1_119' title="bbox 2325 5688 3887 5761">
    <p class='ocr_par' dir='ltr' id='par_1_119' title="bbox 2325 5688 3887 5761">
     <span class='ocr_line' id='line_1_119' title="bbox 2325 5688 3887 5761; baseline 0.001 -21"><span class='ocrx_word' id='word_1_840' title='bbox 2325 5689 2745 5760; x_wconf 74' lang='grc' dir='ltr'>πληροφορεῖτε.</span> <span class='ocrx_word' id='word_1_841' title='bbox 2791 5691 2884 5761; x_wconf 80' lang='grc' dir='ltr'><strong>Μὴ</strong></span> <span class='ocrx_word' id='word_1_842' title='bbox 2935 5689 3100 5743; x_wconf 81' lang='grc' dir='ltr'>αίτιῶ</span> <span class='ocrx_word' id='word_1_843' title='bbox 3144 5689 3238 5743; x_wconf 73' lang='grc' dir='ltr'>τὸν</span> <span class='ocrx_word' id='word_1_844' title='bbox 3282 5688 3559 5743; x_wconf 81' lang='grc' dir='ltr'>ἀναίτιον·</span> <span class='ocrx_word' id='word_1_845' title='bbox 3608 5689 3740 5745; x_wconf 78' lang='grc' dir='ltr'>[διον</span> <span class='ocrx_word' id='word_1_846' title='bbox 3784 5692 3887 5760; x_wconf 78' lang='grc' dir='ltr'>εχει</span> 
     </span>
    </p>
   </div>
   <div class='ocr_carea' id='block_1_120' title="bbox 2323 5780 3889 5854">
    <p class='ocr_par' dir='ltr' id='par_1_120' title="bbox 2323 5780 3889 5854">
     <span class='ocr_line' id='line_1_120' title="bbox 2323 5780 3889 5854; baseline 0.001 -21"><span class='ocrx_word' id='word_1_847' title='bbox 2323 5782 2612 5852; x_wconf 79' lang='grc' dir='ltr'>δεσπότην,</span> <span class='ocrx_word' id='word_1_848' title='bbox 2661 5783 2791 5836; x_wconf 73' lang='grc' dir='ltr'>ἴδιον</span> <span class='ocrx_word' id='word_1_849' title='bbox 2847 5781 3343 5854; x_wconf 75' lang='grc' dir='ltr'>οἰκονόμον.11αρ“</span> <span class='ocrx_word' id='word_1_850' title='bbox 3389 5780 3553 5836; x_wconf 67' lang='grc' dir='ltr'>ἄλλου</span> <span class='ocrx_word' id='word_1_851' title='bbox 3606 5781 3889 5852; x_wconf 68' lang='grc' dir='ltr'>τὴν,ζωὴν</span> 
     </span>
    </p>
   </div>
   <div class='ocr_carea' id='block_1_121' title="bbox 2326 5871 3884 5948">
    <p class='ocr_par' dir='ltr' id='par_1_121' title="bbox 2326 5871 3884 5948">
     <span class='ocr_line' id='line_1_121' title="bbox 2326 5871 3884 5948; baseline -0.001 -23"><span class='ocrx_word' id='word_1_852' title='bbox 2326 5873 2561 5943; x_wconf 72' lang='grc' dir='ltr'>ἐδέξατο,</span> <span class='ocrx_word' id='word_1_853' title='bbox 2598 5873 2689 5929; x_wconf 69' lang='grc' dir='ltr'>καὶ</span> <span class='ocrx_word' id='word_1_854' title='bbox 2722 5875 2851 5946; x_wconf 84' lang='grc' dir='ltr'>παρ’</span> <span class='ocrx_word' id='word_1_855' title='bbox 2880 5874 3046 5931; x_wconf 73' lang='grc' dir='ltr'>αὑτοῦ</span> <span class='ocrx_word' id='word_1_856' title='bbox 3074 5874 3175 5942; x_wconf 66' lang='grc' dir='ltr'>τὰς</span> <span class='ocrx_word' id='word_1_857' title='bbox 3200 5874 3455 5945; x_wconf 75' lang='grc' dir='ltr'>ἀφορμὰς</span> <span class='ocrx_word' id='word_1_858' title='bbox 3480 5873 3756 5948; x_wconf 71' lang='grc' dir='ltr'>ἀναμένει</span> <span class='ocrx_word' id='word_1_859' title='bbox 3795 5871 3884 5925; x_wconf 73' lang='grc' dir='ltr'>τοῦ</span> 
     </span>
    </p>
   </div>
  </div>
