4052 6420
224 414 366 482 1489

1504 418 1742 479 SACRA
1782 409 2251 478 PARALLELA.

3334 396 3477 478 1490

220 530 361 599 βίου.
387 527 480 601 Μὴ
510 530 626 594 τοῖς
667 532 1043 603 γεγαμηκόσιν
1070 532 1173 588 οὐκ
1211 532 1427 604 ἐγράφη
1454 532 1523 587 τὰ
1551 532 1794 603 Εὐαγγέ-

1918 532 2019 602 luis
2046 530 2201 586 vobis
2229 545 2293 586 ea
2337 543 2462 600 qua:
2490 541 2671 583 vesura
2706 531 2857 593 sunt,
2909 520 3239 584 in‘vestram
3293 536 3478 600 perni—

215 621 340 687 λια;
388 622 456 677 ει
512 621 708 690 θέλεις
747 620 903 679 εἶναι
947 623 1193 693 τέλειος,
1227 624 1520 695 πώλησόν
1565 642 1685 681 σου
1718 626 1792 682 τὰ

215 714 588 787 ὑπάρχοντα,
634 718 731 772 καί
764 716 871 785 δὸς
906 718 1189 787 πτωχοῖς.
1251 718 1379 772 Ὅτε
1434 720 1587 790 ᾔτεις
1636 720 1790 791 παρὰ

216 809 423 879 Κυρίου
457 809 559 881 τὴν
594 810 897 877 εὐπαιδίαν,
918 811 1053 865 ὅταν
1082 812 1269 882 ἠξίους
1297 812 1554 881 γενέσθαι
1583 811 1791 867 τέκνων

216 901 423 973 πατὴρ,
464 897 578 973 ἆρα
619 901 970 973 προσέθηκας
1004 902 1194 957 τοῦτο’
1235 904 1336 968 Δός
1362 921 1451 975 μοι
1484 904 1670 969 τέκνα,
1702 906 1792 960 ενα

214 989 547 1061 πλεονέκτης
598 992 891 1061 γενόμενος
924 992 997 1063 τῇ
1024 990 1298 1062 προφάσει
1338 991 1448 1045 τῶν
1478 990 1685 1045 παίδων
1720 994 1790 1064 τῇ

214 1100 413 1158 γιεννῃ
443 1084 767 1156 παραδοθιῖν
803 1083 893 1150 δός
929 1102 1017 1157 μοι
1061 1085 1279 1150 παῖδας,
1312 1085 1399 1139 ἵνα
1419 1082 1514 1138 τοῦ
1542 1085 1792 1154 Εὐαγγε·

213 1177 333 1231 λίου
366 1193 545 1247 καταφ
552 1178 763 1249 ρονήσω
794 1194 811 1244 ;

1893 625 2035 680 ciem
2061 622 2352 688 convertit,
2379 637 2468 687 ea,
2496 619 2743 691 inquam,
2775 634 2899 690 qua:
2919 618 2985 674 ad
3013 618 3139 675 vita:
3163 620 3471 676 subsidium

1895 716 2022 773 data
2057 717 2227 773 sunt?
2260 715 2447 785 Neque
2486 714 2636 770 enim
2669 728 2801 782 opes
2832 721 2890 768 ut
2937 712 3086 768 vitiis
3140 712 3477 769 inservirent

1897 827 2179 868 concessae
2213 810 2455 877 fuerunt,
2483 812 2687 885 quibus
2716 809 3004 866 redimitur
3034 808 3237 863 anima.
3260 806 3478 877 Nequa-

1896 921 2062 977 quam
2092 906 2249 962 exitii
2281 908 2503 963 occasio
2550 921 2675 961 esse
2709 904 2932 971 debent,
2957 917 3079 976 qum
3122 900 3314 958 liberis
3342 899 3481 955 edu-

1904 995 2100 1052 candis
2128 999 2453 1054 necessariae
2490 1006 2641 1053 sunt.
2668 998 2836 1068 Atqui
2878 997 3166 1067 speciosus
3205 993 3297 1049 hic
3328 992 3484 1048 color

1898 1087 2146 1142 avaritia:
2181 1095 2286 1143 est.
2340 1086 2574 1143 Liberos
2627 1089 2776 1143 enim
2808 1085 3149 1157 praetexitis;
3185 1085 3319 1156 quid
3350 1099 3480 1139 vero

1896 1180 2047 1235 intus
2093 1180 2149 1235 in
2194 1179 2364 1237 corde
2389 1180 2484 1241 sit.
2509 1179 2857 1251 apertissime
2889 1179 3146 1251 proditis.
3177 1176 3255 1233 Ne
3286 1178 3476 1232 inson-

216 1286 331 1331 tem
360 1271 590 1342 culpes:
623 1270 906 1325 dominum
944 1286 1109 1326 suum
1139 1271 1324 1336 habet,
1361 1270 1797 1340 dispensatorem
1846 1288 2029 1328 suum.
2064 1274 2147 1328 Ab
2185 1273 2294 1328 alio
2335 1274 2503 1328 vitam
2535 1273 2768 1343 accepit,
2799 1280 2855 1329 et
2895 1272 2964 1327 ab
2985 1272 3107 1342 ipso
3156 1271 3282 1326 vita:
3339 1271 3477 1329 sub-

218 1367 359 1423 sidia
389 1364 754 1437 praestolatur.
788 1368 868 1419 Au
907 1379 1015 1418 non
1063 1364 1133 1419 iis
1162 1366 1254 1435 qui
1289 1365 1643 1420 matrimonio
1668 1382 1793 1423 sese
1840 1369 2248 1438 manciparunt,
2280 1367 2574 1440 Evangelia
2602 1370 2809 1439 scripta
2829 1367 2999 1441 488
3032 1368 3206 1431 sunt?
3268 1365 3331 1425 Si
3391 1369 3469 1422 via

218 1460 485 1529 perfectus
509 1473 645 1519 esse,
673 1456 830 1511 renda
857 1457 1053 1511 omnia.
1067 1472 1185 1526 quae
1213 1456 1394 1519 habes,
1426 1467 1474 1511 et
1508 1455 1579 1510 da
1604 1458 1927 1526 pauperibus
1963 1458 2188 1527 (Matth.
2267 1478 2358 1517 χιχ
2379 1502 2395 1527 ,
2451 1462 2565 1532 21).
2646 1460 2784 1525 Cum
2839 1462 3101 1520 sobolem.
3153 1475 3184 1515 a
3246 1460 3483 1516 Domino

217 1553 738 1624 postulabas.°cuni
761 1552 831 1605 ab
861 1566 929 1606 eo
962 1552 1189 1621 petebas
1213 1551 1289 1605 uti
1326 1561 1481 1622 pater
1519 1552 1700 1619 ﬁeres,
1730 1568 1800 1607 an
1848 1554 1983 1609 illud
2012 1571 2232 1625 quoque
2262 1554 2565 1625 adjunxisti
2602 1572 2620 1611 :
2654 1554 2729 1609 Da
2766 1554 2899 1608 mihi
2946 1554 3174 1618 liberos,
3236 1564 3296 1608 ut
3358 1570 3486 1608 ονο-

219 1648 365 1705 τὶιίαι
418 1645 667 1702 studeam
754 1652 816 1699 ut
867 1659 1058 1700 eorum
1090 1659 1269 1701 causa
1298 1654 1357 1701 et
1414 1655 1684 1716 praetextu
1740 1648 1800 1703 in
1854 1648 2159 1720 gehennam
2198 1649 2504 1720 conjiciar?
2548 1650 2624 1703 Da
2673 1650 2807 1705 mibi
2849 1648 3075 1715 liberos,
3131 1655 3192 1702 ut
3242 1646 3486 1719 Evange-

220 1742 355 1798 lium
384 1736 772 1793 contemnam?
1298 1744 1304 1751 ·

296 1829 478 1895 Δεῖξον
518 1832 587 1883 τά
612 1828 770 1899 ἔργα,
803 1825 900 1880 καὶ
943 1826 1164 1881 ἀπαίτει
1196 1839 1296 1891 τας
1337 1830 1654 1893 ἀντιδόσεις.
1686 1829 1797 1882 Ob-

1970 1825 2110 1881 !bid.
2138 1826 2473 1882 —Ostende
2507 1841 2699 1897 opera,
2750 1835 2805 1882 et
2834 1841 2999 1897 posce
3039 1826 3281 1895 praemia.
3313 1824 3487 1882 Nemo

219 1924 334 1988 δεὶς
366 1922 504 1994 μετὰ
526 1920 589 1975 τδ
616 1919 848 1990 λυθῆναι
872 1920 974 1991 τὴν
994 1920 1301 1991 πανήγυριν
1324 1920 1800 1993 πραγματεύεται,

1918 1918 2101 1972 solutis
2129 1918 2393 1973 nundinis
2421 1919 2749 1989 negotiatur,
2782 1933 2881 1973 nec
2909 1917 3003 1986 qui
3027 1926 3151 1987 post
3183 1918 3481 1972 certamina

220 2016 346 2071 οὐδὲ
384 2013 525 2086 μετὰ
571 2013 703 2077 τοὺς
737 2011 957 2081 ἀγῶνας
992 2012 1235 2066 ἐπελθὼν
1275 2015 1656 2084 στεφανοῦται,
1682 2015 1803 2069 οὐδὲ

1918 2007 2163 2071 advenit,
2222 2023 2429 2063 corona
2484 2010 2754 2071 donatur,
2811 2023 2990 2078 neque
3040 2016 3259 2078 patrato
3304 2007 3479 2069 bello,

225 2108 367 2179 μετὰ
385 2107 514 2171 τούς
537 2105 807 2176 πολέμους
838 2104 1169 2176 ἀνδραγαθεῖ
1188 2120 1205 2134 θ
1237 2105 1299 2158 οὐ
1321 2106 1503 2160 τοίνυν
1540 2104 1678 2177 μετὰ
1703 2108 1804 2179 τὴν

222 2198 371 2270 ζωὴν
432 2196 649 2251 εὐσεϐεῖ
685 2195 949 2267 δηλονότι.
992 2194 1083 2249 Ἐν
1132 2196 1323 2266 μέλανι
1364 2195 1461 2251 καὶ
1508 2197 1804 2270 γράμμασι

225 2289 644 2360 κατεπαγγέλλη
673 2288 773 2351 τὰς
812 2287 1080 2350 εὐποιίας.
1109 2287 1206 2351 Τίς
1251 2283 1347 2342 οὖν
1400 2290 1695 2358 ἀναγγελεῖ
1723 2308 1805 2345 σοι

221 2385 318 2439 τὸν
341 2382 530 2453 καιρὸν
551 2382 653 2453 τῆς
678 2379 882 2447 ἐξόδου,
899 2380 988 2444 τίς
1011 2380 1285 2451 ἐγγυητὴς
1309 2379 1461 2434 ἔσται
1482 2380 1582 2434 τοῦ
1601 2382 1804 2454 τρόπου

223 2476 325 2546 τῆς
352 2475 643 2545 τελευτῆςς
674 2473 839 2527 Πόσοι
891 2470 1003 2528 ἀπὸ
1043 2472 1238 2541 βιαίων
1265 2473 1630 2545 ἡρπάσθησαν
1662 2492 1805 2544 συμ-

223 2565 557 2637 πτωμάτων,
590 2562 716 2616 οὐδὲ
768 2561 953 2633 φωνὴν
992 2561 1152 2632 ῥῆξαι
1199 2562 1647 2632 συγχωρηθέντες
1700 2563 1806 2617 ὐπδ

226 2657 325 2712 τοῦ
355 2656 596 2720 πάθουςς
627 2655 829 2717 πδσους
850 2654 1086 2727 πυρετὸς
1123 2654 1378 2725 ἐποίησεν
1406 2654 1709 2728 ἔκφρονας
1740 2657 1805 2711 Τί

228 2741 327 2802 οὖν
374 2746 663 2817 ἀναμένεις
712 2744 925 2817 καιρὸν,
985 2746 1045 2797 ἐν
1100 2736 1144 2811 ᾧ
1200 2743 1462 2808 πολλάκις
1525 2744 1648 2798 οὐδὲ
1696 2747 1808 2801 τῶν

227 2838 462 2894 (εαυτοῦ
490 2836 769 2907 λογισμῶν
798 2836 929 2909 Eon;
967 2836 1084 2901 Νὺξ
1134 2836 1347 2906 βαθεῖα,
1386 2837 1483 2890 καὶ
1520 2838 1675 2903 νόσος
1709 2839 1808 2911 βα-

227 2932 378 3002 ρεῖα,
409 2929 507 2983 καὶ
544 2931 573 2983 ὀ
621 2927 831 2999 βοηθῶν
859 2927 1119 2998 οὐδαμοῦ,
1166 2929 1263 2983 καὶ
1314 2930 1345 2982 ὀ
1380 2931 1686 3002 ἐφεδρεύων
1729 2932 1809 3005 τῷ

226 3022 420 3092 κλήρῳ
442 3021 681 3091 ἕτοιμος.
712 3021 896 3075 Πάντα
917 3020 1055 3092 πρὸς
1087 3020 1149 3074 τὸ
1185 3021 1381 3075 ἑαυτοῦ
1414 3022 1638 3094 δόκιμον
1667 3042 1807 3095 χρη-

228 3115 469 3182 σάμενος
512 3113 774 3185 ἄπρακτα
813 3131 907 3167 σου
949 3112 1021 3166 τά
1062 3100 1405 3184 βουλεύματα
1442 3114 1631 3171 ποιῶν.
1673 3113 1808 3171 Εἶτα

1902 2102 2186 2169 egregium
2220 2099 2348 2167 quis
2381 2099 2595 2154 facinus
2632 2099 2782 2161 edit;
2824 2114 2931 2154 uec
2958 2099 3191 2170 proinde
3232 2099 3485 2153 confecto

1902 2190 2030 2244 vita:
2058 2190 2363 2255 curriculo,
2400 2189 2587 2259 pietati
2613 2190 2704 2243 dat
2744 2205 2992 2257 operam.
3017 2188 3075 2243 in
3106 2197 3412 2243 atramento
3435 2200 3488 2242 et

1903 2282 2095 2336 charta
2126 2282 2393 2338 beneﬁcia
2420 2282 2726 2354 polliceris.
2761 2281 2898 2350 Quis
2931 2290 2985 2339 te
3024 2281 3092 2339 de
3135 2283 3319 2338 exitus
3361 2290 3492 2337 tem-

1903 2391 2042 2445 pore
2091 2376 2387 2431 certiorem
2421 2376 2618 2432 faciet?
2661 2378 2788 2446 quis
2820 2376 3017 2432 mortis
3068 2375 3165 2431 tibi
3203 2376 3493 2446 spondebit

1904 2469 2175 2523 modum?
2199 2467 2345 2537 Quot
2377 2470 2628 2526 homines
2654 2471 2913 2526 violentis
2947 2470 3174 2524 casibus
3207 2470 3274 2524 de
3310 2471 3491 2525 medie

1904 2564 2117 2633 abrepti
2164 2576 2315 2630 sunt,
2366 2573 2426 2619 ut
2477 2582 2591 2636 pra:
2641 2567 2817 2621 morbi
2852 2565 3156 2619 acerbitate
3184 2580 3253 2618 ne
3296 2579 3487 2617 vocem
3544 2550 3545 2553 “

1905 2654 2128 2725 quidem
2159 2656 2297 2727 ipsis
2323 2657 2539 2712 mittere
2564 2658 2825 2713 licuerit?
2852 2657 2997 2725 Quot
3029 2656 3283 2710 homines
3316 2654 3487 2709 febris

1872 2757 2154 2815 ,amentes
2210 2748 2387 2805 fecit?
2434 2751 2567 2821 quid
2620 2762 2838 2819 tempus
2890 2748 3029 2805 illud
3079 2754 3393 2817 exspectas,
3430 2746 3486 2799 in

1906 2854 2018 2910 quo
2048 2856 2191 2911 saepe
2223 2858 2293 2897 ue
2335 2842 2569 2898 rationis
2609 2843 2831 2914 quidem
2865 2855 3096 2912 compos
3148 2839 3368 2900 futurus
3393 2851 3497 2904 es?

1906 2933 2027 2988 Nox
2059 2933 2351 3004 profunda,
2412 2935 2646 2988 morbus
2683 2934 2887 3005 gravis,
2940 2942 2993 2987 et
3029 2932 3122 3003 qui
3171 2931 3271 2985 tibi
3333 2945 3494 3000 opem

1907 3023 2075 3086 ferat,
2124 3039 2401 3094 nusquam
2427 3032 2551 3091 est;
2591 3026 2685 3093 qui
2717 3031 2900 3078 autem
2952 3021 3257 3078 baercditati
3312 3018 3495 3073 immi-

1909 3124 2034 3170 neat
2063 3126 2265 3185 prresto
2293 3126 2400 3185 est,
2432 3118 2643 3188 quique
2685 3118 2869 3172 omnia
2900 3117 2968 3172 ad
3002 3117 3295 3172 utilitatem
3338 3129 3495 3168 suam

230 3203 703 3275 περιϐλεψάμενος
723 3198 826 3259 ὦδε
855 3206 953 3259 καὶ
971 3196 1096 3269 ὧδε,
1123 3207 1219 3260 καὶ
1245 3205 1368 3260 ίδὼν
1386 3206 1485 3276 τὴν
1509 3210 1809 3279 περιεστῶ-

1918 3207 2288 3274 administret,
2320 3217 2374 3265 et
2424 3211 2583 3265 irrita
2621 3211 2857 3266 consilia
2892 3219 2983 3265 tua
3018 3209 3228 3264 reddat.
3266 3209 3345 3261 Ac
3380 3216 3495 3259 tum

234 3295 338 3348 σάν
369 3310 429 3348 σε
467 3294 725 3365 ἐρημίαν.
754 3296 876 3349 τότε
912 3295 1148 3366 αίσθήσῃ
1200 3295 1304 3367 τῆς
1361 3296 1642 3361 ἀϐουλίας,
1685 3299 1809 3354 τότε

234 3380 518 3447 στενάξεις
542 3382 646 3454 τὴν
679 3383 886 3446 ἄνοιαν,
915 3385 996 3447 είς
1022 3380 1135 3437 οἷον
1163 3384 1357 3457 καιρὸν
1384 3385 1678 3456 ὲταμιεύου
1712 3388 1814 3458 τὴν

232 3471 492 3543 ἐντολήνο
532 3473 627 3528 ὅτε
670 3475 706 3546 ἡ
751 3466 858 3545 μὲν
897 3473 1122 3544 γλῶσσα
1182 3476 1465 3545 παρεῖται,
1497 3479 1531 3546 ἡ
1578 3477 1636 3532 δὲ
1691 3479 1821 3550 χεὶρ

234 3560 547 3633 ὑπότρομος
578 3563 681 3636 ἤδη
718 3564 1049 3636 κλονουμένη
1076 3568 1199 3629 ταῖς
1230 3565 1539 3632 συωλκαίς,
1563 3568 1642 3631 ὡς
1676 3572 1816 3640 μήτε

234 3656 416 3724 φωνῇ,
437 3655 575 3727 μήτε
590 3655 880 3728 γράμμασι
895 3656 1230 3727 διασημᾶναι
1244 3657 1346 3729 τὴν
1359 3657 1605 3729 γνώμην.
1626 3660 1821 3715 Καίτοι

234 3744 294 3797 εί
332 3744 427 3799 καὶ
452 3746 629 3802 πάντα
661 3747 915 3819 φανερῶς
961 3748 1301 3819 ἐγέγραπτο,
1338 3750 1437 3802 καὶ
1473 3750 1626 3804 πᾶσα
1664 3752 1820 3823 φωνὴ

234 3835 540 3910 διαρρήδην
574 3841 906 3913 κεκήρυκτο,
950 3839 1011 3893 ἓν
1054 3841 1296 3912 γράμμα
1334 3841 1663 3913 παρεντεθὲν
1704 3844 1822 3897 im-

240 3928 337 3983 νὺν
360 3925 428 4003 ἦν
461 3932 643 3987 πᾶσαν
674 3934 1040 4004 μεταποιῆσαι
1065 3934 1165 4004 τὴν
1187 3932 1434 4005 γνώμην.

1914 3298 2023 3353 huc
2054 3297 2301 3369 illucque
2328 3301 2807 3373 circumspiciens,
2835 3317 3057 3373 quaque
3088 3302 3143 3354 in
3197 3297 3497 3354 solitudine

1914 3389 2161 3446 verseris
2183 3390 2428 3455 intuens,
2470 3407 2634 3462 quam
2670 3392 2812 3447 male
2846 3392 2942 3446 tibi
2997 3390 3344 3445 consulueris
3372 3404 3497 3443 seu-

1915 3479 2045 3545 ties,
2072 3489 2236 3548 atque
2268 3481 2567 3535 amentiam
2599 3489 2747 3535 tuam
2779 3482 3122 3552 deplorabis,
3149 3480 3242 3548 qui
3288 3479 3340 3533 iu
3392 3480 3501 3533 tale

1916 3578 2137 3638 tempus
2164 3567 2414 3624 divinum
2438 3570 2759 3626 mandatum
2795 3571 3167 3627 reservaveris
3190 3588 3207 3637 ;
3233 3586 3357 3624 cum
3380 3568 3495 3638 jam

1917 3667 1974 3714 et
1994 3660 2180 3731 lingua
2198 3659 2398 3726 fracta,
2423 3668 2478 3715 et
2500 3660 2776 3732 languida,
2794 3670 2848 3716 et
2870 3677 3066 3717 nianus
3088 3660 3322 3716 tremula
3354 3658 3457 3713 erit
3481 3677 3495 3711 :

1921 3761 2114 3822 utpote
2148 3753 2358 3808 crebris
2394 3753 2877 3809 contractionibus
2924 3754 3152 3824 agitata,
3187 3754 3263 3805 ita
3306 3760 3364 3805 ut
3396 3765 3500 3801 nec

1921 3858 2079 3909 voce,
2114 3857 2218 3899 nec
2241 3844 2451 3913 scripto
2485 3844 2826 3899 voluntatem
2862 3856 3015 3898 tuam
3066 3842 3260 3898 elierre
3304 3856 3499 3913 queas.

1922 3935 2251 4006 Quanquam
2279 3935 2500 3992 etiamsi
2528 3935 2717 3991 omnia
2743 3939 3038 4007 perspicue
3059 3937 3263 4005 scripta
3293 3942 3502 3997 essent,

242 4034 314 4073 ac
353 4037 514 4081 voces
551 4038 745 4079 omnes
795 4033 983 4095 aperte
1028 4026 1418 4096 pronuntiatae,
1458 4034 1699 4081 attamen
1736 4028 1822 4083 vel
1869 4030 2035 4084 unius
2069 4028 2266 4084 litterae
2296 4029 2615 4099 interjectio
2636 4030 2741 4085 toti
2789 4030 3082 4087 sententiae
3147 4038 3255 4084 tua:
3304 4030 3505 4084 immu-

243 4112 427 4166 tandse
457 4110 733 4169 suiliciens
748 4112 909 4171 feret.

319 4201 452 4261 Οἶδα
494 4205 721 4269 πολλοὺς
747 4207 1124 4278 νηστεύοντας,
1156 4210 1652 4282 προσευχομένους,
1688 4227 1818 4264 στεο

244 4299 535 4364 νάζοντας,
559 4300 737 4353 πᾶσαν
756 4301 857 4371 την
889 4300 1161 4357 ἀδάπανον
1195 4302 1484 4357 εὐλάϐειαν
1515 4304 1820 4358 ἐπιδεικνυ-

248 4391 467 4462 μένους.
495 4389 685 4456 ,ὸόολὺν
706 4389 768 4443 δὲ
795 4390 891 4448 ἕνα
921 4395 996 4461 μὴ
1032 4393 1393 4464 προϊεμένους
1409 4396 1525 4457 τοῖς
1567 4394 1822 4463 θλιϐομέ-

244 4500 384 4546 νοις.
411 4483 513 4586 Ξί
532 4480 721 4586 ὄφελος
750 4484 976 4586 τούτοις
990 4483 1094 4586 τῆς
1135 4484 1328 4554 λοιπῆς
1364 4486 1687 4556 αρετῆς;,οὐ
1713 4486 1902 4586 γὰρυ

247 4566 622 4647 παραδέχεται
650 4574 850 4639 αὐτοὺς
879 4576 915 4646 ἡ
948 4574 1199 4646 βασιλεία
1227 4577 1337 4631 τῶν
1369 4578 1651 4660 οὐρανῶν..

326 4747 581 4817 Πώλησόν
611 4766 705 4804 σου
732 4747 803 4804 τά
831 4749 1164 4822 ὑπάρχοντα,
1195 4750 1290 4806 καὶ
1314 4749 1403 4815 δὸς
1445 4752 1703 4820 πτωχοῖς,
1744 4749 1837 4803 ἵνα

250 4840 389 4913 ἔχῃς
417 4841 645 4910 ἑφόδιον
678 4842 815 4913 πρὸς
844 4843 1070 4897 αἰωνίαν
1105 4842 1427 4898 ἀπόλαυσιν.
1466 4843 1705 4914 Ἀπέρχῃ
1739 4842 1832 4896 λυ-

254 4932 567 5002 πούμενος
622 4934 747 4989 Ἐὰν
792 4934 848 4987 δὲ
888 4933 1151 5009 ἀκούσῃς,
1178 4933 1278 4999 Δδς
1314 4934 1833 5007 χρήματαιγυναιεὶ

255 5024 567 5095 χλιδῶσαις.
612 5023 701 5088 δὸς
737 5023 1021 5093 λιθοξᾴοις,
1060 5025 1300 5089 τέκτοσι,
1337 5023 1698 5097 ψηφοθέταις,
1727 5026 1835 5090 ξω..

255 5118 512 5188 γράφοις,
540 5117 747 5188 χαίρεις
776 5117 852 5181 ὼς
878 5117 942 5188 δή
973 5135 1025 5171 τι
1052 5116 1351 5188 χρημάτων
1381 5115 1705 5188 τιμιώτερον
1739 5134 1836 5173 κα-

254 5206 625 5279 τακτάψενος.
649 5207 763 5278 Οὐχ
776 5208 908 5277 ὁρᾷς
935 5206 1061 5269 τοὺς
1081 5206 1294 5276 τοίχους
1321 5204 1561 5271 τούτους,
1578 5208 1704 5270 τοὺς
1732 5205 1852 5261 ὐπὸ)

257 5299 358 5353 τοῦ
414 5298 607 5370 χρόνου
638 5297 1071 5371 καταρρυέντας,
1128 5290 1206 5355 ὧν
1253 5297 1323 5351 τὰ
1367 5296 1594 5367 λείψανα
1645 5296 1835 5367 ὥσπερ

262 5390 523 5445 σκόπελοί
546 5406 691 5454 τινες
722 5391 811 5445 διὰ
825 5391 924 5466 τῆς
955 5390 1165 5454 πόλεως
1190 5388 1372 5459 πάσης
1398 5389 1691 5461 ἁνέχουσι;
1730 5389 1838 5443 Πό-

264 5501 352 5539 σοι
382 5481 525 5556 ἦσαν
552 5483 696 5538 κατὰ
734 5484 833 5555 τὴν
884 5484 1063 5539 πόλιν»
1093 5484 1323 5556 πένητες
1374 5483 1583 5538 τούτων
1630 5484 1841 5554 ἐγειρο-

270 5576 471 5648 μένων,
502 5576 553 5630 οἶ
587 5576 675 5630 διὰ
691 5576 803 5648 Δτὴν
824 5578 956 5644 περὶ
978 5577 1159 5634 ταῦτα.
1177 5576 1434 5649 σπουδὴν,
1462 5577 1569 5630 ὐπὸ
1586 5574 1694 5630 τῶν
1720 5577 1842 5630 τότε

268 5668 544 5724 πλουσίων
578 5670 978 5741 παρεωρῶντος
1023 5669 1132 5724 Ποῦ
1177 5669 1357 5723 τοίνυν
1387 5671 1422 5741 ἡ
1466 5668 1698 5739 λαμπρὰ
1734 5667 1841 5720 τῶν

269 5767 450 5836 ἔργων
475 5766 826 5837 κατασκευης
853 5765 957 5819 ποῦ
982 5765 1039 5819 δὲ
1069 5766 1099 5819 ὁ
1122 5765 1218 5820 ἐπὶ
1234 5765 1440 5819 τούτων
1472 5761 1843 5834 μεγαλουργία

270 5859 639 5932 ζηλούμενος,
682 5861 756 5915 Οὐ
800 5860 867 5917 τὰ
914 5860 1372 5932 μὲν,.συγκέχυται
1404 5860 1492 5913 καὶ
1530 5858 1845 5929 ἠφάνισται.

1998 4205 2138 4260 Ibid.
2158 4238 2225 4250 —-
2258 4206 2457 4264 Multos
2489 4206 2613 4262 novi
2642 4208 2981 4278 jejunantes,
3006 4217 3249 4275 orantes,
3281 4226 3506 4280 gemen-

1925 4306 2030 4355 tes,
2061 4311 2225 4351 omne
2255 4297 2494 4368 denique
2544 4307 2768 4369 sumptu
2801 4314 3031 4353 vacuum
3065 4315 3239 4369 genus
3283 4301 3506 4368 pietatis

1927 4402 2040 4457 pra:
2070 4403 2129 4442 se
2159 4387 2440 4453 ferentes;
2469 4391 2562 4459 qui
2596 4405 2663 4445 ne
2692 4406 2859 4444 unum
2894 4389 3116 4462 quidem
3152 4393 3375 4446 obolum
3406 4410 3507 4463 op-

1931 4482 2138 4549 pressis
2170 4482 2523 4553 projicerent.
2550 4482 2645 4538 llis
2669 4499 2834 4554 porro
2856 4484 2986 4554 quid
3009 4486 3227 4539 tandem
3251 4486 3509 4541 utilitatis

1933 4570 2131 4624 aliene
2181 4572 2409 4640 reliqua:
2454 4573 2688 4626 virtutes
2737 4582 2968 4641 queant,
2996 4588 3122 4627 cum
3151 4588 3247 4629 eos
3275 4590 3507 4645 regnum

1933 4660 2199 4715 calorum
2239 4662 2661 4732 haudquaquam
2702 4662 2987 4718 admittat?

2008 4751 2152 4807 Ibid.
2181 4782 2255 4797 --
2284 4754 2472 4810 Vende
2506 4769 2630 4824 qua:
2664 4753 2856 4816 habes,
2884 4764 2940 4808 et
2969 4754 3037 4808 da
3068 4757 3422 4827 pauperibus.
3451 4765 3512 4811 ut

1936 4842 2007 4897 ad
2034 4852 2295 4899 aeternam
2326 4843 2663 4914 voluptatem
2699 4843 2961 4898 viaticum
2998 4856 3374 4917 comparatum
3413 4847 3512 4899 ba-

1940 4939 2090 4993 beas.
2127 4935 2356 4993 Mcestus
2393 4935 2684 4992 abscedis?
2715 4934 2774 4990 Si
2807 4945 2989 4992 autem
3020 4940 3284 5001 audieris,
3310 4938 3379 4992 da
3417 4954 3511 5006 pe-

1938 5029 2138 5084 cunias
2199 5027 2524 5083 mulieribus
2578 5027 2634 5081 in
2688 5026 2877 5082 luxum
2908 5025 3124 5093 eilusis,
3151 5028 3233 5081 da.
3268 5028 3510 5092 latomis,

1941 5118 2135 5185 fabris,
2169 5119 2506 5183 calculariis,
2533 5118 2875 5189 pictoribus;
2925 5119 3155 5189 gaudes,
3190 5117 3417 5187 perinde
3446 5133 3511 5169 ac

1940 5211 1990 5265 si
2045 5208 2395 5280 praestantius
2450 5211 2701 5280 pecuniis
2747 5209 3042 5280 quidquam
3101 5209 3380 5278 acquiras.
3414 5207 3510 5262 νίς

1943 5303 2111 5358 dcsne
2172 5302 2408 5373 parietes
2450 5302 2586 5359 istos
2623 5310 2896 5358 vetustate
2938 5302 3238 5371 collapsos,
3274 5317 3511 5371 quorum

1946 5395 2211 5466 reliquiae,
2249 5404 2512 5465 tanquam
2571 5396 2784 5465 scopuli
2830 5394 3090 5464 quidam,
3143 5395 3346 5464 passim
3404 5402 3514 5449 tota

1940 5488 2083 5543 urbe
2117 5486 2467 5556 prominent?
2501 5484 2777 5551 Quomam
2818 5486 2874 5539 in
2910 5484 3068 5551 urbe,
3116 5500 3240 5539 cum
3275 5484 3313 5538 ii
3341 5485 3517 5555 erige-

1946 5579 2171 5643 bantur,
2226 5593 2493 5649 pauperes
2526 5585 2707 5643 erant,
2767 5593 2907 5647 quos
2960 5577 3307 5647 tempestatis
3368 5576 3520 5631 illius

1947 5671 2145 5724 divites
2177 5669 2250 5723 ob
2289 5667 2605 5740 hujusmodi
2640 5684 2823 5723 rerum
2867 5668 3113 5722 studium
3146 5666 3522 5738 aspernaban-

1949 5766 2075 5818 tur?
2103 5763 2338 5817 Ubinam
2380 5762 2549 5832 igitur
2585 5768 2670 5815 est
2701 5761 2961 5831 praeclara
2990 5760 3080 5814 illa
3113 5774 3341 5831 operum
3372 5770 3522 5812 stru-

1951 5856 2143 5936 ctui'a?
2181 5855 2271 5911 ubi
2296 5855 2415 5915 ille.
2456 5855 2559 5924 qui.
2595 5864 2815 5923 promer
2847 5864 2964 5911 eam
2996 5867 3221 5924 cperunt
3265 5851 3519 5923 magniﬁ-
