  <div class='ocr_page' id='page_1' title='image "/cluster/home/n/w/nwhite01/storage/ocr_20150623/95/hvd.32044019208057/751.png"; bbox 0 0 4052 6404; ppageno 0'>
   <div class='ocr_carea' id='block_1_1' title="bbox 661 384 793 450">
    <p class='ocr_par' dir='ltr' id='par_1_1' title="bbox 661 384 793 450">
     <span class='ocr_line' id='line_1_1' title="bbox 661 384 793 450; baseline -0.015 0"><span class='ocrx_word' id='word_1_1' title='bbox 661 384 793 450; x_wconf 66' lang='grc'><strong>1401</strong></span> 
     </span>
    </p>
   </div>
   <div class='ocr_carea' id='block_1_2' title="bbox 1792 393 2665 454">
    <p class='ocr_par' dir='ltr' id='par_1_2' title="bbox 1792 393 2665 454">
     <span class='ocr_line' id='line_1_2' title="bbox 1792 393 2665 454; baseline 0.001 -1"><span class='ocrx_word' id='word_1_2' title='bbox 1792 394 1854 453; x_wconf 88' lang='lat' dir='ltr'><strong>S.</strong></span> <span class='ocrx_word' id='word_1_3' title='bbox 1878 393 2200 453; x_wconf 85' lang='lat' dir='ltr'><strong>JOANNIS</strong></span> <span class='ocrx_word' id='word_1_4' title='bbox 2237 393 2631 454; x_wconf 73' lang='lat' dir='ltr'><strong>DAMASCEN</strong></span> <span class='ocrx_word' id='word_1_5' title='bbox 2639 393 2665 454; x_wconf 92' lang='grc' dir='ltr'>Ι</span> 
     </span>
    </p>
   </div>
   <div class='ocr_carea' id='block_1_3' title="bbox 3766 395 3903 460">
    <p class='ocr_par' dir='ltr' id='par_1_3' title="bbox 3766 395 3903 460">
     <span class='ocr_line' id='line_1_3' title="bbox 3766 395 3903 460; baseline 0.015 -2"><span class='ocrx_word' id='word_1_6' title='bbox 3766 395 3903 460; x_wconf 68' lang='lat' dir='ltr'><strong>NQ?</strong></span> 
     </span>
    </p>
   </div>
   <div class='ocr_carea' id='block_1_4' title="bbox 654 496 2228 576">
    <p class='ocr_par' dir='ltr' id='par_1_4' title="bbox 654 496 2228 558">
     <span class='ocr_line' id='line_1_4' title="bbox 654 496 2228 558; baseline 0.002 -5"><span class='ocrx_word' id='word_1_7' title='bbox 654 498 890 553; x_wconf 78' lang='lat' dir='ltr'><strong>centiam</strong></span> <span class='ocrx_word' id='word_1_8' title='bbox 917 496 1174 554; x_wconf 77' lang='lat' dir='ltr'><strong>laudibus</strong></span> <span class='ocrx_word' id='word_1_9' title='bbox 1196 500 1251 554; x_wconf 93' lang='lat' dir='ltr'><strong>in</strong></span> <span class='ocrx_word' id='word_1_10' title='bbox 1286 500 1485 555; x_wconf 80' lang='lat' dir='ltr'><strong>cmlum</strong></span> <span class='ocrx_word' id='word_1_11' title='bbox 1518 502 1843 557; x_wconf 82' lang='lat' dir='ltr'><strong>ferebatur?</strong></span> <span class='ocrx_word' id='word_1_12' title='bbox 1868 503 1952 557; x_wconf 85' lang='lat' dir='ltr'><strong>An</strong></span> <span class='ocrx_word' id='word_1_13' title='bbox 1975 518 2087 558; x_wconf 92' lang='lat' dir='ltr'><strong>non</strong></span> <span class='ocrx_word' id='word_1_14' title='bbox 2114 503 2228 558; x_wconf 64' lang='lat' dir='ltr'><strong>haec</strong></span> 
     </span>
    </p>
   </div>
   <div class='ocr_carea' id='block_1_5' title="bbox 2326 496 3906 576">
    <p class='ocr_par' dir='ltr' id='par_1_5' title="bbox 2329 502 3906 576">
     <span class='ocr_line' id='line_1_5' title="bbox 2329 502 3906 576; baseline 0 -17"><span class='ocrx_word' id='word_1_15' title='bbox 2329 504 2518 575; x_wconf 84' lang='grc' dir='ltr'>ὥσπερ</span> <span class='ocrx_word' id='word_1_16' title='bbox 2545 505 2603 559; x_wconf 85' lang='grc' dir='ltr'><strong>αί</strong></span> <span class='ocrx_word' id='word_1_17' title='bbox 2628 502 2773 558; x_wconf 81' lang='grc' dir='ltr'>κατὰ</span> <span class='ocrx_word' id='word_1_18' title='bbox 2798 504 3020 559; x_wconf 82' lang='grc' dir='ltr'>παιδιὰν</span> <span class='ocrx_word' id='word_1_19' title='bbox 3069 504 3130 557; x_wconf 87' lang='grc' dir='ltr'><strong>ἐν</strong></span> <span class='ocrx_word' id='word_1_20' title='bbox 3170 507 3289 568; x_wconf 79' lang='grc' dir='ltr'>ταῖς</span> <span class='ocrx_word' id='word_1_21' title='bbox 3343 504 3595 576; x_wconf 65' lang='grc' dir='ltr'>ψάμμοις</span> <span class='ocrx_word' id='word_1_22' title='bbox 3640 506 3749 559; x_wconf 72' lang='grc' dir='ltr'>ὑπὸ</span> <span class='ocrx_word' id='word_1_23' title='bbox 3796 509 3906 559; x_wconf 73' lang='grc' dir='ltr'><strong>τῶν</strong></span> 
     </span>
    </p>
   </div>
   <div class='ocr_carea' id='block_1_6' title="bbox 650 588 2226 665">
    <p class='ocr_par' dir='ltr' id='par_1_6' title="bbox 650 588 2226 665">
     <span class='ocr_line' id='line_1_6' title="bbox 650 588 2226 665; baseline 0.004 -22"><span class='ocrx_word' id='word_1_24' title='bbox 650 588 901 659; x_wconf 85' lang='lat' dir='ltr'><strong>quidem,</strong></span> <span class='ocrx_word' id='word_1_25' title='bbox 928 606 1037 646; x_wconf 93' lang='lat' dir='ltr'><strong>non</strong></span> <span class='ocrx_word' id='word_1_26' title='bbox 1065 607 1230 648; x_wconf 88' lang='lat' dir='ltr'><strong>secus</strong></span> <span class='ocrx_word' id='word_1_27' title='bbox 1254 602 1417 665; x_wconf 85' lang='lat' dir='ltr'><strong>atque</strong></span> <span class='ocrx_word' id='word_1_28' title='bbox 1459 609 1524 649; x_wconf 89' lang='lat' dir='ltr'><strong>ea</strong></span> <span class='ocrx_word' id='word_1_29' title='bbox 1555 609 1679 664; x_wconf 67' lang='lat' dir='ltr'><strong>quae</strong></span> <span class='ocrx_word' id='word_1_30' title='bbox 1708 609 1739 649; x_wconf 88' lang='lat' dir='ltr'><strong>a</strong></span> <span class='ocrx_word' id='word_1_31' title='bbox 1764 595 1953 665; x_wconf 76' lang='lat' dir='ltr'><strong>pueris</strong></span> <span class='ocrx_word' id='word_1_32' title='bbox 1975 596 2031 651; x_wconf 93' lang='lat' dir='ltr'><strong>in</strong></span> <span class='ocrx_word' id='word_1_33' title='bbox 2060 610 2226 650; x_wconf 83' lang='lat' dir='ltr'><strong>arena</strong></span> 
     </span>
    </p>
   </div>
   <div class='ocr_carea' id='block_1_7' title="bbox 651 675 2226 760">
    <p class='ocr_par' dir='ltr' id='par_1_7' title="bbox 651 675 2226 760">
     <span class='ocr_line' id='line_1_7' title="bbox 651 675 2226 760; baseline 0.006 -26"><span class='ocrx_word' id='word_1_34' title='bbox 651 696 745 749; x_wconf 83' lang='lat' dir='ltr'><strong>per</strong></span> <span class='ocrx_word' id='word_1_35' title='bbox 766 675 956 738; x_wconf 71' lang='lat' dir='ltr'><strong>lu&#39;dum</strong></span> <span class='ocrx_word' id='word_1_36' title='bbox 973 685 1344 751; x_wconf 68' lang='lat' dir='ltr'><strong>aedificantur,</strong></span> <span class='ocrx_word' id='word_1_37' title='bbox 1359 687 1591 743; x_wconf 86' lang='lat' dir='ltr'><strong>confusa</strong></span> <span class='ocrx_word' id='word_1_38' title='bbox 1616 687 1731 758; x_wconf 84' lang='lat' dir='ltr'><strong>jam</strong></span> <span class='ocrx_word' id='word_1_39' title='bbox 1750 688 2039 760; x_wconf 86' lang='lat' dir='ltr'><strong>deletaque</strong></span> <span class='ocrx_word' id='word_1_40' title='bbox 2062 691 2226 746; x_wconf 83' lang='lat' dir='ltr'><strong>sunt?</strong></span> 
     </span>
    </p>
   </div>
   <div class='ocr_carea' id='block_1_8' title="bbox 648 771 2228 849">
    <p class='ocr_par' dir='ltr' id='par_1_8' title="bbox 648 771 2228 849">
     <span class='ocr_line' id='line_1_8' title="bbox 648 771 2228 849; baseline 0.008 -24"><span class='ocrx_word' id='word_1_41' title='bbox 648 771 746 828; x_wconf 90' lang='lat' dir='ltr'><strong>llle</strong></span> <span class='ocrx_word' id='word_1_42' title='bbox 772 782 955 829; x_wconf 90' lang='lat' dir='ltr'><strong>autem</strong></span> <span class='ocrx_word' id='word_1_43' title='bbox 981 775 1127 845; x_wconf 84' lang='lat' dir='ltr'><strong>jacet</strong></span> <span class='ocrx_word' id='word_1_44' title='bbox 1149 777 1204 831; x_wconf 93' lang='lat' dir='ltr'><strong>in</strong></span> <span class='ocrx_word' id='word_1_45' title='bbox 1237 777 1476 844; x_wconf 90' lang='lat' dir='ltr'><strong>inferno,</strong></span> <span class='ocrx_word' id='word_1_46' title='bbox 1502 778 1710 849; x_wconf 75' lang='lat' dir='ltr'><strong>ingenti</strong></span> <span class='ocrx_word' id='word_1_47' title='bbox 1745 781 1817 837; x_wconf 93' lang='lat' dir='ltr'><strong>ob</strong></span> <span class='ocrx_word' id='word_1_48' title='bbox 1845 795 2031 837; x_wconf 87' lang='lat' dir='ltr'><strong>rerum</strong></span> <span class='ocrx_word' id='word_1_49' title='bbox 2059 797 2228 837; x_wconf 85' lang='lat' dir='ltr'><strong>vana-</strong></span> 
     </span>
    </p>
   </div>
   <div class='ocr_carea' id='block_1_9' title="bbox 648 865 2222 941">
    <p class='ocr_par' dir='ltr' id='par_1_9' title="bbox 648 865 2222 941">
     <span class='ocr_line' id='line_1_9' title="bbox 648 865 2222 941; baseline 0.008 -26"><span class='ocrx_word' id='word_1_50' title='bbox 648 878 771 917; x_wconf 88' lang='lat' dir='ltr'><strong>rum</strong></span> <span class='ocrx_word' id='word_1_51' title='bbox 813 865 1060 921; x_wconf 89' lang='lat' dir='ltr'><strong>studium</strong></span> <span class='ocrx_word' id='word_1_52' title='bbox 1085 882 1322 924; x_wconf 67' lang='lat' dir='ltr'><strong>maerore</strong></span> <span class='ocrx_word' id='word_1_53' title='bbox 1351 869 1579 926; x_wconf 76' lang='lat' dir='ltr'><strong>affectus</strong></span> <span class='ocrx_word' id='word_1_54' title='bbox 1599 871 1624 924; x_wconf 86' lang='lat'><strong>?</strong></span> <span class='ocrx_word' id='word_1_55' title='bbox 1642 870 1837 941; x_wconf 87' lang='lat' dir='ltr'><strong>Magno</strong></span> <span class='ocrx_word' id='word_1_56' title='bbox 1862 872 2048 927; x_wconf 88' lang='lat' dir='ltr'><strong>animo</strong></span> <span class='ocrx_word' id='word_1_57' title='bbox 2079 881 2222 929; x_wconf 89' lang='lat' dir='ltr'><strong>esto.</strong></span> 
     </span>
    </p>
   </div>
   <div class='ocr_carea' id='block_1_10' title="bbox 647 950 2223 1030">
    <p class='ocr_par' dir='ltr' id='par_1_10' title="bbox 647 950 2223 1030">
     <span class='ocr_line' id='line_1_10' title="bbox 647 950 2223 1030; baseline 0.008 -26"><span class='ocrx_word' id='word_1_58' title='bbox 647 950 911 1020; x_wconf 84' lang='lat' dir='ltr'><strong>Parietes,</strong></span> <span class='ocrx_word' id='word_1_59' title='bbox 942 961 1056 1009; x_wconf 88' lang='lat' dir='ltr'><strong>tam</strong></span> <span class='ocrx_word' id='word_1_60' title='bbox 1104 955 1292 1025; x_wconf 78' lang='lat' dir='ltr'><strong>exigui</strong></span> <span class='ocrx_word' id='word_1_61' title='bbox 1330 973 1494 1027; x_wconf 90' lang='lat' dir='ltr'><strong>quam</strong></span> <span class='ocrx_word' id='word_1_62' title='bbox 1536 959 1744 1030; x_wconf 84' lang='lat' dir='ltr'><strong>magni,</strong></span> <span class='ocrx_word' id='word_1_63' title='bbox 1780 960 2032 1016; x_wconf 91' lang='lat' dir='ltr'><strong>eumdem</strong></span> <span class='ocrx_word' id='word_1_64' title='bbox 2061 977 2223 1017; x_wconf 88' lang='lat' dir='ltr'><strong>usum</strong></span> 
     </span>
    </p>
   </div>
   <div class='ocr_carea' id='block_1_11' title="bbox 645 1043 2222 1120">
    <p class='ocr_par' dir='ltr' id='par_1_11' title="bbox 645 1043 2222 1120">
     <span class='ocr_line' id='line_1_11' title="bbox 645 1043 2222 1120; baseline 0.007 -22"><span class='ocrx_word' id='word_1_65' title='bbox 645 1043 904 1102; x_wconf 77' lang='lat' dir='ltr'><strong>afferunt.</strong></span> <span class='ocrx_word' id='word_1_66' title='bbox 960 1044 1095 1102; x_wconf 92' lang='lat' dir='ltr'><strong>Cum</strong></span> <span class='ocrx_word' id='word_1_67' title='bbox 1135 1046 1305 1117; x_wconf 84' lang='lat' dir='ltr'><strong>inepti</strong></span> <span class='ocrx_word' id='word_1_68' title='bbox 1361 1050 1649 1120; x_wconf 79' lang='lat' dir='ltr'><strong>cujusdam</strong></span> <span class='ocrx_word' id='word_1_69' title='bbox 1704 1051 1946 1109; x_wconf 82' lang='lat' dir='ltr'><strong>hominis</strong></span> <span class='ocrx_word' id='word_1_70' title='bbox 1997 1053 2222 1109; x_wconf 90' lang='lat' dir='ltr'><strong>domum</strong></span> 
     </span>
    </p>
   </div>
   <div class='ocr_carea' id='block_1_12' title="bbox 622 1134 2221 1215">
    <p class='ocr_par' dir='ltr' id='par_1_12' title="bbox 622 1134 2221 1215">
     <span class='ocr_line' id='line_1_12' title="bbox 622 1134 2221 1215; baseline 0.006 -24"><span class='ocrx_word' id='word_1_71' title='bbox 622 1136 945 1215; x_wconf 71' lang='lat' dir='ltr'><strong>ingredior,</strong></span> <span class='ocrx_word' id='word_1_72' title='bbox 977 1153 1211 1210; x_wconf 88' lang='lat' dir='ltr'><strong>eamque</strong></span> <span class='ocrx_word' id='word_1_73' title='bbox 1260 1141 1412 1195; x_wconf 88' lang='lat' dir='ltr'><strong>omni</strong></span> <span class='ocrx_word' id='word_1_74' title='bbox 1468 1142 1663 1197; x_wconf 83' lang='lat' dir='ltr'><strong>ﬂorum</strong></span> <span class='ocrx_word' id='word_1_75' title='bbox 1717 1134 1920 1215; x_wconf 78' lang='lat' dir='ltr'><strong>genere</strong></span> <span class='ocrx_word' id='word_1_76' title='bbox 1957 1144 2221 1202; x_wconf 79' lang='lat' dir='ltr'><strong>nitentem</strong></span> 
     </span>
    </p>
   </div>
   <div class='ocr_carea' id='block_1_13' title="bbox 621 1210 2223 1302">
    <p class='ocr_par' dir='ltr' id='par_1_13' title="bbox 621 1210 2223 1302">
     <span class='ocr_line' id='line_1_13' title="bbox 621 1210 2223 1302; baseline 0.007 -21"><span class='ocrx_word' id='word_1_77' title='bbox 621 1210 947 1299; x_wconf 49' lang='lat' dir='ltr'><strong>‘conspicio,</strong></span> <span class='ocrx_word' id='word_1_78' title='bbox 1000 1230 1106 1287; x_wconf 89' lang='lat' dir='ltr'><strong>hoc</strong></span> <span class='ocrx_word' id='word_1_79' title='bbox 1149 1231 1283 1287; x_wconf 89' lang='lat' dir='ltr'><strong>mihi</strong></span> <span class='ocrx_word' id='word_1_80' title='bbox 1334 1232 1659 1302; x_wconf 89' lang='lat' dir='ltr'><strong>persuadeo,</strong></span> <span class='ocrx_word' id='word_1_81' title='bbox 1712 1234 1853 1289; x_wconf 85' lang='lat' dir='ltr'><strong>nihil</strong></span> <span class='ocrx_word' id='word_1_82' title='bbox 1903 1250 2026 1291; x_wconf 89' lang='lat' dir='ltr'><strong>eum</strong></span> <span class='ocrx_word' id='word_1_83' title='bbox 2056 1236 2223 1292; x_wconf 85' lang='lat' dir='ltr'><strong>rebus</strong></span> 
     </span>
    </p>
   </div>
   <div class='ocr_carea' id='block_1_14' title="bbox 641 1319 2225 1400">
    <p class='ocr_par' dir='ltr' id='par_1_14' title="bbox 641 1319 2225 1400">
     <span class='ocr_line' id='line_1_14' title="bbox 641 1319 2225 1400; baseline 0.009 -28"><span class='ocrx_word' id='word_1_84' title='bbox 641 1319 751 1373; x_wconf 89' lang='lat' dir='ltr'><strong>illis</strong></span> <span class='ocrx_word' id='word_1_85' title='bbox 801 1336 926 1391; x_wconf 79' lang='lat' dir='ltr'><strong>quae</strong></span> <span class='ocrx_word' id='word_1_86' title='bbox 972 1322 1028 1377; x_wconf 94' lang='lat' dir='ltr'><strong>in</strong></span> <span class='ocrx_word' id='word_1_87' title='bbox 1079 1333 1361 1394; x_wconf 88' lang='lat' dir='ltr'><strong>aspectum</strong></span> <span class='ocrx_word' id='word_1_88' title='bbox 1417 1324 1624 1381; x_wconf 88' lang='lat' dir='ltr'><strong>cadunt</strong></span> <span class='ocrx_word' id='word_1_89' title='bbox 1670 1328 2025 1396; x_wconf 64' lang='lat' dir='ltr'><strong>praestantius</strong></span> <span class='ocrx_word' id='word_1_90' title='bbox 2057 1328 2225 1400; x_wconf 68' lang='grc'><strong>489</strong></span> 
     </span>
    </p>
   </div>
   <div class='ocr_carea' id='block_1_15' title="bbox 641 1411 2222 1484">
    <p class='ocr_par' dir='ltr' id='par_1_15' title="bbox 641 1411 2222 1484">
     <span class='ocr_line' id='line_1_15' title="bbox 641 1411 2222 1484; baseline 0.006 -17"><span class='ocrx_word' id='word_1_91' title='bbox 641 1411 956 1483; x_wconf 89' lang='lat' dir='ltr'><strong>possidere;</strong></span> <span class='ocrx_word' id='word_1_92' title='bbox 995 1414 1092 1469; x_wconf 87' lang='lat' dir='ltr'><strong>sed</strong></span> <span class='ocrx_word' id='word_1_93' title='bbox 1120 1431 1243 1470; x_wconf 86' lang='lat' dir='ltr'><strong>cum</strong></span> <span class='ocrx_word' id='word_1_94' title='bbox 1273 1424 1362 1472; x_wconf 81' lang='lat' dir='ltr'><strong>res</strong></span> <span class='ocrx_word' id='word_1_95' title='bbox 1392 1417 1666 1475; x_wconf 86' lang='lat' dir='ltr'><strong>inanimas</strong></span> <span class='ocrx_word' id='word_1_96' title='bbox 1692 1428 1949 1484; x_wconf 83' lang='lat' dir='ltr'><strong>exornat,</strong></span> <span class='ocrx_word' id='word_1_97' title='bbox 1981 1422 2222 1477; x_wconf 88' lang='lat' dir='ltr'><strong>animam</strong></span> 
     </span>
    </p>
   </div>
   <div class='ocr_carea' id='block_1_16' title="bbox 637 1500 2225 1578">
    <p class='ocr_par' dir='ltr' id='par_1_16' title="bbox 637 1500 2225 1578">
     <span class='ocr_line' id='line_1_16' title="bbox 637 1500 2225 1578; baseline 0.009 -22"><span class='ocrx_word' id='word_1_98' title='bbox 637 1500 758 1574; x_wconf 89' lang='lat' dir='ltr'><strong>ipse</strong></span> <span class='ocrx_word' id='word_1_99' title='bbox 789 1513 1021 1561; x_wconf 88' lang='lat' dir='ltr'><strong>ornatus</strong></span> <span class='ocrx_word' id='word_1_100' title='bbox 1061 1515 1341 1577; x_wconf 81' lang='lat' dir='ltr'><strong>expertem</strong></span> <span class='ocrx_word' id='word_1_101' title='bbox 1374 1508 1556 1564; x_wconf 85' lang='lat' dir='ltr'><strong>habet.</strong></span> <span class='ocrx_word' id='word_1_102' title='bbox 1585 1510 1756 1578; x_wconf 87' lang='lat' dir='ltr'><strong>Quem</strong></span> <span class='ocrx_word' id='word_1_103' title='bbox 1786 1513 2028 1576; x_wconf 89' lang='lat' dir='ltr'><strong>tandem,</strong></span> <span class='ocrx_word' id='word_1_104' title='bbox 2060 1514 2225 1570; x_wconf 89' lang='lat' dir='ltr'><strong>obse-</strong></span> 
     </span>
    </p>
   </div>
   <div class='ocr_carea' id='block_1_17' title="bbox 635 1596 2222 1675">
    <p class='ocr_par' dir='ltr' id='par_1_17' title="bbox 635 1596 2222 1675">
     <span class='ocr_line' id='line_1_17' title="bbox 635 1596 2222 1675; baseline 0.008 -26"><span class='ocrx_word' id='word_1_105' title='bbox 635 1609 755 1660; x_wconf 88' lang='lat' dir='ltr'><strong>cro,</strong></span> <span class='ocrx_word' id='word_1_106' title='bbox 789 1596 1110 1668; x_wconf 87' lang='lat' dir='ltr'><strong>ampliorem</strong></span> <span class='ocrx_word' id='word_1_107' title='bbox 1157 1614 1319 1655; x_wconf 88' lang='lat' dir='ltr'><strong>usum</strong></span> <span class='ocrx_word' id='word_1_108' title='bbox 1365 1602 1611 1671; x_wconf 67' lang='lat' dir='ltr'><strong>praebent</strong></span> <span class='ocrx_word' id='word_1_109' title='bbox 1652 1605 1893 1675; x_wconf 88' lang='lat' dir='ltr'><strong>argentei</strong></span> <span class='ocrx_word' id='word_1_110' title='bbox 1940 1605 2021 1660; x_wconf 90' lang='lat' dir='ltr'><strong>illi</strong></span> <span class='ocrx_word' id='word_1_111' title='bbox 2071 1606 2222 1672; x_wconf 88' lang='lat' dir='ltr'><strong>lecti,</strong></span> 
     </span>
    </p>
   </div>
   <div class='ocr_carea' id='block_1_18' title="bbox 638 1691 2226 1761">
    <p class='ocr_par' dir='ltr' id='par_1_18' title="bbox 638 1691 2226 1761">
     <span class='ocr_line' id='line_1_18' title="bbox 638 1691 2226 1761; baseline 0.007 -20"><span class='ocrx_word' id='word_1_112' title='bbox 638 1695 910 1758; x_wconf 62' lang='lat' dir='ltr'><strong>argenteae</strong></span> <span class='ocrx_word' id='word_1_113' title='bbox 954 1705 1178 1754; x_wconf 82' lang='lat' dir='ltr'><strong>mensae.</strong></span> <span class='ocrx_word' id='word_1_114' title='bbox 1219 1691 1451 1748; x_wconf 87' lang='lat' dir='ltr'><strong>eburnei</strong></span> <span class='ocrx_word' id='word_1_115' title='bbox 1497 1694 1626 1761; x_wconf 88' lang='lat' dir='ltr'><strong>tori,</strong></span> <span class='ocrx_word' id='word_1_116' title='bbox 1664 1697 1923 1753; x_wconf 70' lang='lat' dir='ltr'><strong>eburneae</strong></span> <span class='ocrx_word' id='word_1_117' title='bbox 1961 1698 2128 1761; x_wconf 67' lang='lat' dir='ltr'><strong>sellae,</strong></span> <span class='ocrx_word' id='word_1_118' title='bbox 2165 1705 2226 1753; x_wconf 90' lang='lat' dir='ltr'><strong>ut</strong></span> 
     </span>
    </p>
   </div>
   <div class='ocr_carea' id='block_1_19' title="bbox 639 1784 2225 1856">
    <p class='ocr_par' dir='ltr' id='par_1_19' title="bbox 639 1784 2225 1856">
     <span class='ocr_line' id='line_1_19' title="bbox 639 1784 2225 1856; baseline 0.007 -22"><span class='ocrx_word' id='word_1_119' title='bbox 639 1795 833 1835; x_wconf 91' lang='lat' dir='ltr'><strong>eorum</strong></span> <span class='ocrx_word' id='word_1_120' title='bbox 864 1796 1033 1837; x_wconf 88' lang='lat' dir='ltr'><strong>causa</strong></span> <span class='ocrx_word' id='word_1_121' title='bbox 1083 1797 1218 1854; x_wconf 82' lang='lat' dir='ltr'><strong>Opes</strong></span> <span class='ocrx_word' id='word_1_122' title='bbox 1248 1784 1315 1838; x_wconf 88' lang='lat' dir='ltr'><strong>ad</strong></span> <span class='ocrx_word' id='word_1_123' title='bbox 1346 1800 1616 1856; x_wconf 88' lang='lat' dir='ltr'><strong>pauperes</strong></span> <span class='ocrx_word' id='word_1_124' title='bbox 1640 1789 1870 1844; x_wconf 88' lang='lat' dir='ltr'><strong>minime</strong></span> <span class='ocrx_word' id='word_1_125' title='bbox 1901 1790 2225 1846; x_wconf 76' lang='lat' dir='ltr'><strong>transeant?</strong></span> 
     </span>
    </p>
   </div>
   <div class='ocr_carea' id='block_1_20' title="bbox 640 1870 2301 1942">
    <p class='ocr_par' dir='ltr' id='par_1_20' title="bbox 640 1870 2301 1942">
     <span class='ocr_line' id='line_1_20' title="bbox 640 1870 2301 1942; baseline 0.005 -18"><span class='ocrx_word' id='word_1_126' title='bbox 640 1870 757 1925; x_wconf 86' lang='lat' dir='ltr'><strong>Etsi</strong></span> <span class='ocrx_word' id='word_1_127' title='bbox 795 1873 1039 1928; x_wconf 81' lang='lat' dir='ltr'><strong>sexcenti</strong></span> <span class='ocrx_word' id='word_1_128' title='bbox 1096 1874 1164 1929; x_wconf 89' lang='lat' dir='ltr'><strong>ad</strong></span> <span class='ocrx_word' id='word_1_129' title='bbox 1207 1874 1358 1931; x_wconf 92' lang='lat' dir='ltr'><strong>fores</strong></span> <span class='ocrx_word' id='word_1_130' title='bbox 1406 1884 1528 1933; x_wconf 92' lang='lat' dir='ltr'><strong>tuas</strong></span> <span class='ocrx_word' id='word_1_131' title='bbox 1581 1886 1797 1942; x_wconf 89' lang='lat' dir='ltr'><strong>astant,</strong></span> <span class='ocrx_word' id='word_1_132' title='bbox 1853 1881 2222 1937; x_wconf 86' lang='lat' dir='ltr'><strong>miserabilem</strong></span> <span class='ocrx_word' id='word_1_133' title='bbox 2252 1870 2301 1932; x_wconf 83' lang='grc' dir='ltr'><strong>Β</strong></span> 
     </span>
    </p>
   </div>
   <div class='ocr_carea' id='block_1_21' title="bbox 639 1967 2224 2044">
    <p class='ocr_par' dir='ltr' id='par_1_21' title="bbox 639 1967 2224 2044">
     <span class='ocr_line' id='line_1_21' title="bbox 639 1967 2224 2044; baseline 0.008 -24"><span class='ocrx_word' id='word_1_134' title='bbox 639 1967 870 2023; x_wconf 87' lang='lat' dir='ltr'><strong>omnino</strong></span> <span class='ocrx_word' id='word_1_135' title='bbox 900 1982 1092 2024; x_wconf 88' lang='lat' dir='ltr'><strong>vocem</strong></span> <span class='ocrx_word' id='word_1_136' title='bbox 1136 1970 1470 2038; x_wconf 88' lang='lat' dir='ltr'><strong>emittentes,</strong></span> <span class='ocrx_word' id='word_1_137' title='bbox 1522 1980 1578 2026; x_wconf 92' lang='lat' dir='ltr'><strong>tu</strong></span> <span class='ocrx_word' id='word_1_138' title='bbox 1625 1973 1825 2042; x_wconf 90' lang='lat' dir='ltr'><strong>stipem</strong></span> <span class='ocrx_word' id='word_1_139' title='bbox 1861 1990 2050 2044; x_wconf 87' lang='lat' dir='ltr'><strong>negas,</strong></span> <span class='ocrx_word' id='word_1_140' title='bbox 2106 1974 2224 2033; x_wconf 83' lang='lat' dir='ltr'><strong>ﬁeri</strong></span> 
     </span>
    </p>
   </div>
   <div class='ocr_carea' id='block_1_22' title="bbox 638 2060 2227 2138">
    <p class='ocr_par' dir='ltr' id='par_1_22' title="bbox 638 2060 2227 2138">
     <span class='ocr_line' id='line_1_22' title="bbox 638 2060 2227 2138; baseline 0.009 -28"><span class='ocrx_word' id='word_1_141' title='bbox 638 2072 750 2111; x_wconf 92' lang='lat' dir='ltr'><strong>non</strong></span> <span class='ocrx_word' id='word_1_142' title='bbox 796 2074 966 2128; x_wconf 87' lang='lat' dir='ltr'><strong>posse</strong></span> <span class='ocrx_word' id='word_1_143' title='bbox 997 2060 1193 2117; x_wconf 91' lang='lat' dir='ltr'><strong>dicens</strong></span> <span class='ocrx_word' id='word_1_144' title='bbox 1225 2070 1287 2116; x_wconf 90' lang='lat' dir='ltr'><strong>ut</strong></span> <span class='ocrx_word' id='word_1_145' title='bbox 1326 2061 1684 2132; x_wconf 87' lang='lat' dir='ltr'><strong>poscentibus</strong></span> <span class='ocrx_word' id='word_1_146' title='bbox 1734 2063 1996 2121; x_wconf 80' lang='lat' dir='ltr'><strong>sullicias.</strong></span> <span class='ocrx_word' id='word_1_147' title='bbox 2047 2066 2227 2138; x_wconf 82' lang='lat' dir='ltr'><strong>Atque</strong></span> 
     </span>
    </p>
   </div>
   <div class='ocr_carea' id='block_1_23' title="bbox 638 2149 2224 2229">
    <p class='ocr_par' dir='ltr' id='par_1_23' title="bbox 638 2149 2224 2229">
     <span class='ocr_line' id='line_1_23' title="bbox 638 2149 2224 2229; baseline 0.007 -24"><span class='ocrx_word' id='word_1_148' title='bbox 638 2149 830 2220; x_wconf 87' lang='lat' dir='ltr'><strong>lingua</strong></span> <span class='ocrx_word' id='word_1_149' title='bbox 881 2151 1102 2223; x_wconf 91' lang='lat' dir='ltr'><strong>quidem</strong></span> <span class='ocrx_word' id='word_1_150' title='bbox 1154 2152 1343 2223; x_wconf 86' lang='lat' dir='ltr'><strong>juras;</strong></span> <span class='ocrx_word' id='word_1_151' title='bbox 1397 2162 1452 2211; x_wconf 88' lang='lat' dir='ltr'><strong>te</strong></span> <span class='ocrx_word' id='word_1_152' title='bbox 1497 2171 1632 2211; x_wconf 87' lang='lat' dir='ltr'><strong>vero</strong></span> <span class='ocrx_word' id='word_1_153' title='bbox 1690 2172 1886 2213; x_wconf 89' lang='lat' dir='ltr'><strong>manus</strong></span> <span class='ocrx_word' id='word_1_154' title='bbox 1942 2160 2224 2229; x_wconf 82' lang='lat' dir='ltr'><strong>coarguit,</strong></span> 
     </span>
    </p>
   </div>
   <div class='ocr_carea' id='block_1_24' title="bbox 639 2241 2224 2321">
    <p class='ocr_par' dir='ltr' id='par_1_24' title="bbox 639 2241 2224 2321">
     <span class='ocr_line' id='line_1_24' title="bbox 639 2241 2224 2321; baseline 0.008 -26"><span class='ocrx_word' id='word_1_155' title='bbox 639 2241 844 2312; x_wconf 88' lang='lat' dir='ltr'><strong>quippe</strong></span> <span class='ocrx_word' id='word_1_156' title='bbox 889 2259 1011 2315; x_wconf 63' lang='lat' dir='ltr'><strong>quae</strong></span> <span class='ocrx_word' id='word_1_157' title='bbox 1062 2247 1413 2302; x_wconf 87' lang='lat' dir='ltr'><strong>mendacium</strong></span> <span class='ocrx_word' id='word_1_158' title='bbox 1470 2257 1623 2303; x_wconf 92' lang='lat' dir='ltr'><strong>tuum</strong></span> <span class='ocrx_word' id='word_1_159' title='bbox 1656 2251 1890 2305; x_wconf 88' lang='lat' dir='ltr'><strong>tacendo</strong></span> <span class='ocrx_word' id='word_1_160' title='bbox 1939 2254 2224 2321; x_wconf 68' lang='lat' dir='ltr'><strong>praedicat,</strong></span> 
     </span>
    </p>
   </div>
   <div class='ocr_carea' id='block_1_25' title="bbox 534 2332 2227 2409">
    <p class='ocr_par' dir='ltr' id='par_1_25' title="bbox 534 2332 2227 2409">
     <span class='ocr_line' id='line_1_25' title="bbox 534 2332 2227 2409; baseline 0.01 -25"><span class='ocrx_word' id='word_1_161' title='bbox 534 2366 539 2369; x_wconf 53' lang='grc' dir='ltr'><strong>ν</strong></span> <span class='ocrx_word' id='word_1_162' title='bbox 640 2332 835 2386; x_wconf 85' lang='lat' dir='ltr'><strong>annuli</strong></span> <span class='ocrx_word' id='word_1_163' title='bbox 893 2334 1017 2404; x_wconf 88' lang='lat' dir='ltr'><strong>pala</strong></span> <span class='ocrx_word' id='word_1_164' title='bbox 1059 2336 1514 2409; x_wconf 85' lang='lat' dir='ltr'><strong>circumfulgens.</strong></span> <span class='ocrx_word' id='word_1_165' title='bbox 1570 2338 1714 2405; x_wconf 83' lang='lat' dir='ltr'><strong>Quot</strong></span> <span class='ocrx_word' id='word_1_166' title='bbox 1747 2341 2000 2400; x_wconf 91' lang='lat' dir='ltr'><strong>homines</strong></span> <span class='ocrx_word' id='word_1_167' title='bbox 2032 2345 2227 2403; x_wconf 90' lang='lat' dir='ltr'><strong>unicus</strong></span> 
     </span>
    </p>
   </div>
   <div class='ocr_carea' id='block_1_26' title="bbox 640 2424 2225 2510">
    <p class='ocr_par' dir='ltr' id='par_1_26' title="bbox 640 2424 2225 2510">
     <span class='ocr_line' id='line_1_26' title="bbox 640 2424 2225 2510; baseline 0.014 -34"><span class='ocrx_word' id='word_1_168' title='bbox 640 2424 879 2480; x_wconf 77' lang='lat' dir='ltr'><strong>annulus</strong></span> <span class='ocrx_word' id='word_1_169' title='bbox 921 2433 1053 2483; x_wconf 90' lang='lat' dir='ltr'><strong>tuus</strong></span> <span class='ocrx_word' id='word_1_170' title='bbox 1080 2444 1188 2485; x_wconf 65' lang='lat' dir='ltr'><strong>aere</strong></span> <span class='ocrx_word' id='word_1_171' title='bbox 1232 2430 1414 2487; x_wconf 87' lang='lat' dir='ltr'><strong>alieno</strong></span> <span class='ocrx_word' id='word_1_172' title='bbox 1447 2432 1681 2489; x_wconf 89' lang='lat' dir='ltr'><strong>liberare</strong></span> <span class='ocrx_word' id='word_1_173' title='bbox 1720 2440 1934 2505; x_wconf 90' lang='lat' dir='ltr'><strong>potest!</strong></span> <span class='ocrx_word' id='word_1_174' title='bbox 1964 2450 2097 2510; x_wconf 92' lang='lat' dir='ltr'><strong>quot</strong></span> <span class='ocrx_word' id='word_1_175' title='bbox 2123 2442 2225 2497; x_wconf 86' lang='lat' dir='ltr'><strong>do-</strong></span> 
     </span>
    </p>
   </div>
   <div class='ocr_carea' id='block_1_27' title="bbox 640 2517 2226 2606">
    <p class='ocr_par' dir='ltr' id='par_1_27' title="bbox 640 2517 2226 2606">
     <span class='ocr_line' id='line_1_27' title="bbox 640 2517 2226 2606; baseline 0.012 -36"><span class='ocrx_word' id='word_1_176' title='bbox 640 2531 763 2571; x_wconf 90' lang='lat' dir='ltr'><strong>mos</strong></span> <span class='ocrx_word' id='word_1_177' title='bbox 804 2517 1053 2577; x_wconf 88' lang='lat' dir='ltr'><strong>labentes</strong></span> <span class='ocrx_word' id='word_1_178' title='bbox 1103 2521 1453 2579; x_wconf 87' lang='lat' dir='ltr'><strong>instaurare!</strong></span> <span class='ocrx_word' id='word_1_179' title='bbox 1507 2524 1679 2581; x_wconf 89' lang='lat' dir='ltr'><strong>Unica</strong></span> <span class='ocrx_word' id='word_1_180' title='bbox 1716 2528 1808 2583; x_wconf 90' lang='lat' dir='ltr'><strong>illa</strong></span> <span class='ocrx_word' id='word_1_181' title='bbox 1857 2545 1987 2586; x_wconf 90' lang='lat' dir='ltr'><strong>arca</strong></span> <span class='ocrx_word' id='word_1_182' title='bbox 2027 2532 2081 2587; x_wconf 91' lang='lat' dir='ltr'><strong>in</strong></span> <span class='ocrx_word' id='word_1_183' title='bbox 2118 2549 2226 2606; x_wconf 87' lang='lat' dir='ltr'><strong>qua</strong></span> 
     </span>
    </p>
   </div>
   <div class='ocr_carea' id='block_1_28' title="bbox 639 2612 2228 2698">
    <p class='ocr_par' dir='ltr' id='par_1_28' title="bbox 639 2612 2228 2698">
     <span class='ocr_line' id='line_1_28' title="bbox 639 2612 2228 2698; baseline 0.013 -34"><span class='ocrx_word' id='word_1_184' title='bbox 639 2618 826 2666; x_wconf 76' lang='lat' dir='ltr'><strong>vestes</strong></span> <span class='ocrx_word' id='word_1_185' title='bbox 865 2612 1141 2679; x_wconf 80' lang='lat' dir='ltr'><strong>recondis,</strong></span> <span class='ocrx_word' id='word_1_186' title='bbox 1170 2615 1430 2686; x_wconf 79' lang='lat' dir='ltr'><strong>populum</strong></span> <span class='ocrx_word' id='word_1_187' title='bbox 1461 2618 1777 2676; x_wconf 84' lang='lat' dir='ltr'><strong>universum</strong></span> <span class='ocrx_word' id='word_1_188' title='bbox 1810 2622 2016 2694; x_wconf 86' lang='lat' dir='ltr'><strong>frigore</strong></span> <span class='ocrx_word' id='word_1_189' title='bbox 2046 2629 2228 2698; x_wconf 83' lang='lat' dir='ltr'><strong>rigen-</strong></span> 
     </span>
    </p>
   </div>
   <div class='ocr_carea' id='block_1_29' title="bbox 640 2707 2225 2785">
    <p class='ocr_par' dir='ltr' id='par_1_29' title="bbox 640 2707 2225 2785">
     <span class='ocr_line' id='line_1_29' title="bbox 640 2707 2225 2785; baseline 0.013 -30"><span class='ocrx_word' id='word_1_190' title='bbox 640 2710 752 2756; x_wconf 90' lang='lat' dir='ltr'><strong>tem</strong></span> <span class='ocrx_word' id='word_1_191' title='bbox 799 2712 979 2773; x_wconf 88' lang='lat' dir='ltr'><strong>potest</strong></span> <span class='ocrx_word' id='word_1_192' title='bbox 1019 2707 1268 2775; x_wconf 89' lang='lat' dir='ltr'><strong>operire;</strong></span> <span class='ocrx_word' id='word_1_193' title='bbox 1318 2716 1373 2763; x_wconf 84' lang='lat' dir='ltr'><strong>et</strong></span> <span class='ocrx_word' id='word_1_194' title='bbox 1415 2717 1597 2765; x_wconf 89' lang='lat' dir='ltr'><strong>tamen</strong></span> <span class='ocrx_word' id='word_1_195' title='bbox 1644 2728 1941 2785; x_wconf 81' lang='lat' dir='ltr'><strong>pauperem</strong></span> <span class='ocrx_word' id='word_1_196' title='bbox 1993 2734 2225 2776; x_wconf 87' lang='lat' dir='ltr'><strong>vacuum</strong></span> 
     </span>
    </p>
   </div>
   <div class='ocr_carea' id='block_1_30' title="bbox 643 2790 2229 2869">
    <p class='ocr_par' dir='ltr' id='par_1_30' title="bbox 643 2790 2229 2869">
     <span class='ocr_line' id='line_1_30' title="bbox 643 2790 2229 2869; baseline 0.015 -27"><span class='ocrx_word' id='word_1_197' title='bbox 643 2790 886 2862; x_wconf 82' lang='lat' dir='ltr'><strong>ablegari</strong></span> <span class='ocrx_word' id='word_1_198' title='bbox 938 2794 1212 2860; x_wconf 85' lang='lat' dir='ltr'><strong>sustines,</strong></span> <span class='ocrx_word' id='word_1_199' title='bbox 1262 2796 1475 2866; x_wconf 86' lang='lat' dir='ltr'><strong>justum</strong></span> <span class='ocrx_word' id='word_1_200' title='bbox 1526 2801 1735 2869; x_wconf 87' lang='lat' dir='ltr'><strong>judicis</strong></span> <span class='ocrx_word' id='word_1_201' title='bbox 1786 2805 2047 2862; x_wconf 81' lang='lat' dir='ltr'><strong>talionem</strong></span> <span class='ocrx_word' id='word_1_202' title='bbox 2091 2810 2229 2866; x_wconf 90' lang='lat' dir='ltr'><strong>nihil</strong></span> 
     </span>
    </p>
   </div>
   <div class='ocr_carea' id='block_1_31' title="bbox 643 2884 2228 2969">
    <p class='ocr_par' dir='ltr' id='par_1_31' title="bbox 643 2884 2228 2969">
     <span class='ocr_line' id='line_1_31' title="bbox 643 2884 2228 2969; baseline 0.014 -33"><span class='ocrx_word' id='word_1_203' title='bbox 643 2889 922 2939; x_wconf 89' lang='lat' dir='ltr'><strong>metuens.</strong></span> <span class='ocrx_word' id='word_1_204' title='bbox 954 2884 1397 2943; x_wconf 79' lang='lat' dir='ltr'><strong>Misericordiam</strong></span> <span class='ocrx_word' id='word_1_205' title='bbox 1436 2906 1544 2947; x_wconf 92' lang='lat' dir='ltr'><strong>non</strong></span> <span class='ocrx_word' id='word_1_206' title='bbox 1578 2892 1937 2969; x_wconf 84' lang='lat' dir='ltr'><strong>impertiisti?</strong></span> <span class='ocrx_word' id='word_1_207' title='bbox 1986 2915 2087 2955; x_wconf 90' lang='lat' dir='ltr'><strong>nec</strong></span> <span class='ocrx_word' id='word_1_208' title='bbox 2126 2902 2228 2958; x_wconf 90' lang='lat' dir='ltr'><strong>tibi</strong></span> 
     </span>
    </p>
   </div>
   <div class='ocr_carea' id='block_1_32' title="bbox 645 2973 2228 3064">
    <p class='ocr_par' dir='ltr' id='par_1_32' title="bbox 645 2973 2228 3064">
     <span class='ocr_line' id='line_1_32' title="bbox 645 2973 2228 3064; baseline 0.015 -37"><span class='ocrx_word' id='word_1_209' title='bbox 645 2973 1012 3045; x_wconf 69' lang='lat' dir='ltr'><strong>fmpertietur.</strong></span> <span class='ocrx_word' id='word_1_210' title='bbox 1049 2978 1220 3035; x_wconf 65' lang='lat' dir='ltr'><strong>Edes</strong></span> <span class='ocrx_word' id='word_1_211' title='bbox 1249 2989 1371 3037; x_wconf 86' lang='lat' dir='ltr'><strong>tuas</strong></span> <span class='ocrx_word' id='word_1_212' title='bbox 1406 2998 1519 3039; x_wconf 93' lang='lat' dir='ltr'><strong>non</strong></span> <span class='ocrx_word' id='word_1_213' title='bbox 1552 2987 1863 3056; x_wconf 87' lang='lat' dir='ltr'><strong>aperuisti?</strong></span> <span class='ocrx_word' id='word_1_214' title='bbox 1901 3006 1931 3044; x_wconf 78' lang='grc' dir='ltr'><strong>ιι</strong></span> <span class='ocrx_word' id='word_1_215' title='bbox 1971 3007 2138 3064; x_wconf 81' lang='lat' dir='ltr'><strong>regno</strong></span> <span class='ocrx_word' id='word_1_216' title='bbox 2169 3002 2228 3049; x_wconf 90' lang='lat' dir='ltr'><strong>tu</strong></span> 
     </span>
    </p>
   </div>
   <div class='ocr_carea' id='block_1_33' title="bbox 645 3066 2225 3145">
    <p class='ocr_par' dir='ltr' id='par_1_33' title="bbox 645 3066 2225 3145">
     <span class='ocr_line' id='line_1_33' title="bbox 645 3066 2225 3145; baseline 0.013 -26"><span class='ocrx_word' id='word_1_217' title='bbox 645 3066 988 3124; x_wconf 86' lang='lat' dir='ltr'><strong>cxcluderis.</strong></span> <span class='ocrx_word' id='word_1_218' title='bbox 1049 3069 1326 3128; x_wconf 88' lang='lat' dir='ltr'><strong>Esurienti</strong></span> <span class='ocrx_word' id='word_1_219' title='bbox 1377 3089 1574 3145; x_wconf 89' lang='lat' dir='ltr'><strong>panem</strong></span> <span class='ocrx_word' id='word_1_220' title='bbox 1614 3092 1722 3133; x_wconf 93' lang='lat' dir='ltr'><strong>non</strong></span> <span class='ocrx_word' id='word_1_221' title='bbox 1767 3078 2014 3145; x_wconf 84' lang='lat' dir='ltr'><strong>dedisti?</strong></span> <span class='ocrx_word' id='word_1_222' title='bbox 2060 3086 2225 3141; x_wconf 89' lang='lat' dir='ltr'><strong>vitam</strong></span> 
     </span>
    </p>
   </div>
   <div class='ocr_carea' id='block_1_34' title="bbox 646 3163 2227 3241">
    <p class='ocr_par' dir='ltr' id='par_1_34' title="bbox 646 3163 2227 3241">
     <span class='ocr_line' id='line_1_34' title="bbox 646 3163 2227 3241; baseline 0.014 -31"><span class='ocrx_word' id='word_1_223' title='bbox 646 3165 909 3213; x_wconf 69' lang='lat' dir='ltr'><strong>aeternam</strong></span> <span class='ocrx_word' id='word_1_224' title='bbox 945 3175 1056 3214; x_wconf 91' lang='lat' dir='ltr'><strong>non</strong></span> <span class='ocrx_word' id='word_1_225' title='bbox 1091 3163 1352 3233; x_wconf 88' lang='lat' dir='ltr'><strong>accipies.</strong></span> <span class='ocrx_word' id='word_1_226' title='bbox 1387 3165 1455 3219; x_wconf 86' lang='lat' dir='ltr'><strong>At</strong></span> <span class='ocrx_word' id='word_1_227' title='bbox 1498 3176 1549 3220; x_wconf 90' lang='lat' dir='ltr'><strong>te</strong></span> <span class='ocrx_word' id='word_1_228' title='bbox 1579 3167 1698 3236; x_wconf 89' lang='lat' dir='ltr'><strong>ipse</strong></span> <span class='ocrx_word' id='word_1_229' title='bbox 1728 3185 2022 3241; x_wconf 88' lang='lat' dir='ltr'><strong>pauperem</strong></span> <span class='ocrx_word' id='word_1_230' title='bbox 2049 3176 2227 3234; x_wconf 80' lang='lat' dir='ltr'><strong>dicis?</strong></span> 
     </span>
    </p>
   </div>
   <div class='ocr_carea' id='block_1_35' title="bbox 647 3229 2298 3332">
    <p class='ocr_par' dir='ltr' id='par_1_35' title="bbox 647 3229 2298 3332">
     <span class='ocr_line' id='line_1_35' title="bbox 647 3229 2298 3332; baseline 0.017 -34"><span class='ocrx_word' id='word_1_231' title='bbox 647 3246 811 3315; x_wconf 86' lang='lat' dir='ltr'><strong>plane</strong></span> <span class='ocrx_word' id='word_1_232' title='bbox 841 3251 1137 3306; x_wconf 86' lang='lat' dir='ltr'><strong>assentior.</strong></span> <span class='ocrx_word' id='word_1_233' title='bbox 1167 3229 1231 3309; x_wconf 39' lang='lat' dir='ltr'><strong>Is-</strong></span> <span class='ocrx_word' id='word_1_234' title='bbox 1248 3254 1391 3308; x_wconf 88' lang='lat' dir='ltr'><strong>enim</strong></span> <span class='ocrx_word' id='word_1_235' title='bbox 1426 3271 1633 3327; x_wconf 86' lang='lat' dir='ltr'><strong>pauper</strong></span> <span class='ocrx_word' id='word_1_236' title='bbox 1664 3229 1768 3323; x_wconf 77' lang='lat' dir='ltr'><strong>est,</strong></span> <span class='ocrx_word' id='word_1_237' title='bbox 1801 3229 1894 3332; x_wconf 74' lang='lat' dir='ltr'><strong>qui</strong></span> <span class='ocrx_word' id='word_1_238' title='bbox 1926 3266 2111 3322; x_wconf 89' lang='lat' dir='ltr'><strong>multis</strong></span> <span class='ocrx_word' id='word_1_239' title='bbox 2142 3269 2226 3324; x_wconf 91' lang='lat' dir='ltr'><strong>in-</strong></span> <span class='ocrx_word' id='word_1_240' title='bbox 2252 3229 2298 3288; x_wconf 62' lang='grc' dir='ltr'>ϐ</span> 
     </span>
    </p>
   </div>
   <div class='ocr_carea' id='block_1_36' title="bbox 648 3337 2224 3427">
    <p class='ocr_par' dir='ltr' id='par_1_36' title="bbox 648 3337 2224 3427">
     <span class='ocr_line' id='line_1_36' title="bbox 648 3337 2224 3427; baseline 0.018 -37"><span class='ocrx_word' id='word_1_241' title='bbox 648 3337 817 3409; x_wconf 89' lang='lat' dir='ltr'><strong>diget.</strong></span> <span class='ocrx_word' id='word_1_242' title='bbox 868 3341 942 3396; x_wconf 91' lang='lat' dir='ltr'><strong>Ut</strong></span> <span class='ocrx_word' id='word_1_243' title='bbox 972 3357 1103 3396; x_wconf 91' lang='lat' dir='ltr'><strong>vero</strong></span> <span class='ocrx_word' id='word_1_244' title='bbox 1153 3359 1251 3400; x_wconf 89' lang='lat' dir='ltr'><strong>vos</strong></span> <span class='ocrx_word' id='word_1_245' title='bbox 1291 3347 1479 3402; x_wconf 91' lang='lat' dir='ltr'><strong>multis</strong></span> <span class='ocrx_word' id='word_1_246' title='bbox 1519 3350 1831 3421; x_wconf 84' lang='lat' dir='ltr'><strong>indigeatis,</strong></span> <span class='ocrx_word' id='word_1_247' title='bbox 1883 3354 2224 3427; x_wconf 85' lang='lat' dir='ltr'><strong>inexplebilis</strong></span> 
     </span>
    </p>
   </div>
   <div class='ocr_carea' id='block_1_37' title="bbox 648 3429 2226 3510">
    <p class='ocr_par' dir='ltr' id='par_1_37' title="bbox 648 3429 2226 3510">
     <span class='ocr_line' id='line_1_37' title="bbox 648 3429 2226 3510; baseline 0.018 -28"><span class='ocrx_word' id='word_1_248' title='bbox 648 3429 741 3483; x_wconf 83' lang='lat' dir='ltr'><strong>illa</strong></span> <span class='ocrx_word' id='word_1_249' title='bbox 761 3432 1036 3502; x_wconf 80' lang='lat' dir='ltr'><strong>cupiditas</strong></span> <span class='ocrx_word' id='word_1_250' title='bbox 1057 3433 1210 3490; x_wconf 88' lang='lat' dir='ltr'><strong>facit.</strong></span> <span class='ocrx_word' id='word_1_251' title='bbox 1232 3436 1426 3494; x_wconf 88' lang='lat' dir='ltr'><strong>Decem</strong></span> <span class='ocrx_word' id='word_1_252' title='bbox 1465 3441 1684 3498; x_wconf 87' lang='lat' dir='ltr'><strong>talentis</strong></span> <span class='ocrx_word' id='word_1_253' title='bbox 1699 3444 1885 3500; x_wconf 86' lang='lat' dir='ltr'><strong>decem</strong></span> <span class='ocrx_word' id='word_1_254' title='bbox 1909 3448 2018 3503; x_wconf 84' lang='lat' dir='ltr'><strong>alia</strong></span> <span class='ocrx_word' id='word_1_255' title='bbox 2036 3452 2226 3510; x_wconf 86' lang='lat' dir='ltr'><strong>studes</strong></span> 
     </span>
    </p>
   </div>
   <div class='ocr_carea' id='block_1_38' title="bbox 632 3510 2228 3605">
    <p class='ocr_par' dir='ltr' id='par_1_38' title="bbox 632 3510 2228 3605">
     <span class='ocr_line' id='line_1_38' title="bbox 632 3510 2228 3605; baseline 0.018 -33"><span class='ocrx_word' id='word_1_256' title='bbox 632 3510 970 3591; x_wconf 73' lang='lat' dir='ltr'><strong>adiungere.</strong></span> <span class='ocrx_word' id='word_1_257' title='bbox 1000 3525 1137 3580; x_wconf 88' lang='lat' dir='ltr'><strong>Cum</strong></span> <span class='ocrx_word' id='word_1_258' title='bbox 1177 3538 1360 3584; x_wconf 89' lang='lat' dir='ltr'><strong>autem</strong></span> <span class='ocrx_word' id='word_1_259' title='bbox 1396 3531 1593 3602; x_wconf 86' lang='lat' dir='ltr'><strong>viginti</strong></span> <span class='ocrx_word' id='word_1_260' title='bbox 1622 3544 1776 3605; x_wconf 89' lang='lat' dir='ltr'><strong>parta</strong></span> <span class='ocrx_word' id='word_1_261' title='bbox 1803 3546 1955 3603; x_wconf 90' lang='lat' dir='ltr'><strong>sunt,</strong></span> <span class='ocrx_word' id='word_1_262' title='bbox 1976 3542 2082 3596; x_wconf 92' lang='lat' dir='ltr'><strong>alia</strong></span> <span class='ocrx_word' id='word_1_263' title='bbox 2103 3560 2228 3599; x_wconf 88' lang='lat' dir='ltr'><strong>rur-</strong></span> 
     </span>
    </p>
   </div>
   <div class='ocr_carea' id='block_1_39' title="bbox 649 3611 2231 3699">
    <p class='ocr_par' dir='ltr' id='par_1_39' title="bbox 649 3611 2231 3699">
     <span class='ocr_line' id='line_1_39' title="bbox 649 3611 2231 3699; baseline 0.02 -38"><span class='ocrx_word' id='word_1_264' title='bbox 649 3625 773 3663; x_wconf 87' lang='lat' dir='ltr'><strong>sum</strong></span> <span class='ocrx_word' id='word_1_265' title='bbox 814 3611 1040 3667; x_wconf 90' lang='lat' dir='ltr'><strong>totidem</strong></span> <span class='ocrx_word' id='word_1_266' title='bbox 1073 3618 1301 3683; x_wconf 72' lang='lat' dir='ltr'><strong>quaeris.</strong></span> <span class='ocrx_word' id='word_1_267' title='bbox 1332 3620 1413 3674; x_wconf 81' lang='lat' dir='ltr'><strong>Ac</strong></span> <span class='ocrx_word' id='word_1_268' title='bbox 1446 3621 1543 3676; x_wconf 88' lang='lat' dir='ltr'><strong>tibi</strong></span> <span class='ocrx_word' id='word_1_269' title='bbox 1577 3638 1795 3695; x_wconf 86' lang='lat' dir='ltr'><strong>semper</strong></span> <span class='ocrx_word' id='word_1_270' title='bbox 1827 3626 1879 3682; x_wconf 92' lang='lat' dir='ltr'><strong>id</strong></span> <span class='ocrx_word' id='word_1_271' title='bbox 1903 3631 2049 3699; x_wconf 87' lang='lat' dir='ltr'><strong>quod</strong></span> <span class='ocrx_word' id='word_1_272' title='bbox 2073 3648 2231 3692; x_wconf 83' lang='lat' dir='ltr'><strong>acce-</strong></span> 
     </span>
    </p>
   </div>
   <div class='ocr_carea' id='block_1_40' title="bbox 646 3699 2230 3789">
    <p class='ocr_par' dir='ltr' id='par_1_40' title="bbox 646 3699 2230 3789">
     <span class='ocr_line' id='line_1_40' title="bbox 646 3699 2230 3789; baseline 0.019 -35"><span class='ocrx_word' id='word_1_273' title='bbox 646 3699 751 3765; x_wconf 85' lang='lat' dir='ltr'><strong>dit,</strong></span> <span class='ocrx_word' id='word_1_274' title='bbox 777 3718 886 3757; x_wconf 93' lang='lat' dir='ltr'><strong>non</strong></span> <span class='ocrx_word' id='word_1_275' title='bbox 907 3706 1265 3776; x_wconf 87' lang='lat' dir='ltr'><strong>cupiditatem</strong></span> <span class='ocrx_word' id='word_1_276' title='bbox 1299 3720 1540 3780; x_wconf 87' lang='lat' dir='ltr'><strong>coercet,</strong></span> <span class='ocrx_word' id='word_1_277' title='bbox 1570 3715 1665 3772; x_wconf 89' lang='lat' dir='ltr'><strong>sed</strong></span> <span class='ocrx_word' id='word_1_278' title='bbox 1688 3720 1988 3789; x_wconf 89' lang='lat' dir='ltr'><strong>appetitum</strong></span> <span class='ocrx_word' id='word_1_279' title='bbox 2010 3723 2230 3783; x_wconf 83' lang='lat' dir='ltr'><strong>inﬂam-</strong></span> 
     </span>
    </p>
   </div>
   <div class='ocr_carea' id='block_1_41' title="bbox 646 3795 2226 3889">
    <p class='ocr_par' dir='ltr' id='par_1_41' title="bbox 646 3795 2226 3889">
     <span class='ocr_line' id='line_1_41' title="bbox 646 3795 2226 3889; baseline 0.018 -42"><span class='ocrx_word' id='word_1_280' title='bbox 646 3803 782 3851; x_wconf 88' lang='lat' dir='ltr'><strong>mat.</strong></span> <span class='ocrx_word' id='word_1_281' title='bbox 848 3795 1329 3863; x_wconf 85' lang='lat' dir='ltr'><strong>Quemadmodum</strong></span> <span class='ocrx_word' id='word_1_282' title='bbox 1386 3804 1531 3859; x_wconf 85' lang='lat' dir='ltr'><strong>enim</strong></span> <span class='ocrx_word' id='word_1_283' title='bbox 1573 3811 1886 3877; x_wconf 88' lang='lat' dir='ltr'><strong>temulenti,</strong></span> <span class='ocrx_word' id='word_1_284' title='bbox 1934 3831 2045 3885; x_wconf 91' lang='lat' dir='ltr'><strong>quo</strong></span> <span class='ocrx_word' id='word_1_285' title='bbox 2102 3820 2226 3889; x_wconf 89' lang='lat' dir='ltr'><strong>plus</strong></span> 
     </span>
    </p>
   </div>
   <div class='ocr_carea' id='block_1_42' title="bbox 2330 595 3899 670">
    <p class='ocr_par' dir='ltr' id='par_1_42' title="bbox 2330 595 3899 670">
     <span class='ocr_line' id='line_1_42' title="bbox 2330 595 3899 670; baseline 0.003 -22"><span class='ocrx_word' id='word_1_286' title='bbox 2330 596 2540 650; x_wconf 80' lang='grc' dir='ltr'><strong>παίδων</strong></span> <span class='ocrx_word' id='word_1_287' title='bbox 2573 595 3093 669; x_wconf 75' lang='grc' dir='ltr'>φιλοτεχνούμεναις</span> <span class='ocrx_word' id='word_1_288' title='bbox 3153 596 3212 651; x_wconf 89' lang='lat'><strong>&#39;0</strong></span> <span class='ocrx_word' id='word_1_289' title='bbox 3255 597 3312 651; x_wconf 74' lang='grc' dir='ltr'><strong>δέ</strong></span> <span class='ocrx_word' id='word_1_290' title='bbox 3344 599 3402 652; x_wconf 80' lang='grc' dir='ltr'><strong>ἐν</strong></span> <span class='ocrx_word' id='word_1_291' title='bbox 3441 599 3520 669; x_wconf 84' lang='grc' dir='ltr'>τῷ</span> <span class='ocrx_word' id='word_1_292' title='bbox 3558 597 3663 670; x_wconf 66' lang='grc' dir='ltr'><strong>ᾄδῃ</strong></span> <span class='ocrx_word' id='word_1_293' title='bbox 3705 602 3899 662; x_wconf 78' lang='grc' dir='ltr'>κεῖται,</span> 
     </span>
    </p>
   </div>
   <div class='ocr_carea' id='block_1_43' title="bbox 2328 690 3903 764">
    <p class='ocr_par' dir='ltr' id='par_1_43' title="bbox 2328 690 3903 764">
     <span class='ocr_line' id='line_1_43' title="bbox 2328 690 3903 764; baseline 0.002 -20"><span class='ocrx_word' id='word_1_294' title='bbox 2328 691 2423 745; x_wconf 77' lang='grc' dir='ltr'>ἐπὶ</span> <span class='ocrx_word' id='word_1_295' title='bbox 2448 694 2515 764; x_wconf 80' lang='grc' dir='ltr'>τῇ</span> <span class='ocrx_word' id='word_1_296' title='bbox 2550 691 2753 761; x_wconf 87' lang='grc' dir='ltr'>σπουδῇ</span> <span class='ocrx_word' id='word_1_297' title='bbox 2789 690 2898 746; x_wconf 89' lang='grc' dir='ltr'><strong>τῶν</strong></span> <span class='ocrx_word' id='word_1_298' title='bbox 2930 690 3173 761; x_wconf 76' lang='grc' dir='ltr'><strong>ματαίων</strong></span> <span class='ocrx_word' id='word_1_299' title='bbox 3206 691 3689 763; x_wconf 71' lang='grc' dir='ltr'>μεταμελόμενοςς</span> <span class='ocrx_word' id='word_1_300' title='bbox 3718 694 3903 761; x_wconf 67' lang='grc' dir='ltr'><strong>Πεγά⁹</strong></span> 
     </span>
    </p>
   </div>
   <div class='ocr_carea' id='block_1_44' title="bbox 2326 782 3901 856">
    <p class='ocr_par' dir='ltr' id='par_1_44' title="bbox 2326 782 3901 856">
     <span class='ocr_line' id='line_1_44' title="bbox 2326 782 3901 856; baseline 0.001 -20"><span class='ocrx_word' id='word_1_301' title='bbox 2326 783 2425 855; x_wconf 89' lang='grc' dir='ltr'><strong>λην</strong></span> <span class='ocrx_word' id='word_1_302' title='bbox 2446 783 2538 855; x_wconf 73' lang='grc' dir='ltr'>ἔχε</span> <span class='ocrx_word' id='word_1_303' title='bbox 2565 782 2666 856; x_wconf 83' lang='grc' dir='ltr'>τὴν</span> <span class='ocrx_word' id='word_1_304' title='bbox 2692 782 2894 854; x_wconf 79' lang='grc' dir='ltr'>ψυχήν.</span> <span class='ocrx_word' id='word_1_305' title='bbox 2922 783 3101 854; x_wconf 87' lang='grc' dir='ltr'>Τοῖχοι</span> <span class='ocrx_word' id='word_1_306' title='bbox 3129 782 3206 848; x_wconf 84' lang='grc' dir='ltr'>δὲ,</span> <span class='ocrx_word' id='word_1_307' title='bbox 3234 782 3333 836; x_wconf 77' lang='grc' dir='ltr'>καὶ</span> <span class='ocrx_word' id='word_1_308' title='bbox 3362 783 3573 853; x_wconf 73' lang='grc' dir='ltr'>μικροὶ,</span> <span class='ocrx_word' id='word_1_309' title='bbox 3600 785 3697 839; x_wconf 75' lang='grc' dir='ltr'>καὶ</span> <span class='ocrx_word' id='word_1_310' title='bbox 3727 784 3901 854; x_wconf 75' lang='grc' dir='ltr'>μιγά·</span> 
     </span>
    </p>
   </div>
   <div class='ocr_carea' id='block_1_45' title="bbox 2325 874 3905 952">
    <p class='ocr_par' dir='ltr' id='par_1_45' title="bbox 2325 874 3905 952">
     <span class='ocr_line' id='line_1_45' title="bbox 2325 874 3905 952; baseline 0 -21"><span class='ocrx_word' id='word_1_311' title='bbox 2325 876 2407 931; x_wconf 88' lang='grc' dir='ltr'><strong>λοι</strong></span> <span class='ocrx_word' id='word_1_312' title='bbox 2460 877 2562 948; x_wconf 84' lang='grc' dir='ltr'>τὴν</span> <span class='ocrx_word' id='word_1_313' title='bbox 2610 875 2782 948; x_wconf 81' lang='grc' dir='ltr'>αὐτὴν</span> <span class='ocrx_word' id='word_1_314' title='bbox 2819 875 3007 947; x_wconf 77' lang='grc' dir='ltr'>χρείαν</span> <span class='ocrx_word' id='word_1_315' title='bbox 3056 874 3374 952; x_wconf 76' lang='grc' dir='ltr'><strong>πληροῦσιν.</strong></span> <span class='ocrx_word' id='word_1_316' title='bbox 3425 876 3601 930; x_wconf 86' lang='grc' dir='ltr'>Ὀταν</span> <span class='ocrx_word' id='word_1_317' title='bbox 3645 878 3905 947; x_wconf 75' lang='grc' dir='ltr'>παρέλθω</span> 
     </span>
    </p>
   </div>
   <div class='ocr_carea' id='block_1_46' title="bbox 2326 968 3905 1042">
    <p class='ocr_par' dir='ltr' id='par_1_46' title="bbox 2326 968 3905 1042">
     <span class='ocr_line' id='line_1_46' title="bbox 2326 968 3905 1042; baseline 0.001 -20"><span class='ocrx_word' id='word_1_318' title='bbox 2326 970 2409 1033; x_wconf 88' lang='grc' dir='ltr'><strong>είς</strong></span> <span class='ocrx_word' id='word_1_319' title='bbox 2439 968 2616 1023; x_wconf 91' lang='grc' dir='ltr'>οίκίαν</span> <span class='ocrx_word' id='word_1_320' title='bbox 2646 968 2837 1041; x_wconf 79' lang='grc' dir='ltr'>ἀνδρὸς</span> <span class='ocrx_word' id='word_1_321' title='bbox 2860 968 3250 1040; x_wconf 76' lang='grc' dir='ltr'><strong>ἀπειροκάλου,</strong></span> <span class='ocrx_word' id='word_1_322' title='bbox 3283 970 3377 1024; x_wconf 77' lang='grc' dir='ltr'>καὶ</span> <span class='ocrx_word' id='word_1_323' title='bbox 3423 971 3517 1025; x_wconf 85' lang='grc' dir='ltr'>ί¹δω</span> <span class='ocrx_word' id='word_1_324' title='bbox 3562 971 3735 1042; x_wconf 71' lang='grc' dir='ltr'>αὐτὴν</span> <span class='ocrx_word' id='word_1_325' title='bbox 3767 990 3905 1026; x_wconf 70' lang='grc' dir='ltr'>παν..</span> 
     </span>
    </p>
   </div>
   <div class='ocr_carea' id='block_1_47' title="bbox 2322 1054 3905 1130">
    <p class='ocr_par' dir='ltr' id='par_1_47' title="bbox 2322 1054 3905 1130">
     <span class='ocr_line' id='line_1_47' title="bbox 2322 1054 3905 1130; baseline 0.002 -18"><span class='ocrx_word' id='word_1_326' title='bbox 2322 1060 2495 1122; x_wconf 89' lang='grc' dir='ltr'>τοίοις</span> <span class='ocrx_word' id='word_1_327' title='bbox 2521 1057 2915 1130; x_wconf 79' lang='grc' dir='ltr'>γεγανωμένην</span> <span class='ocrx_word' id='word_1_328' title='bbox 2938 1058 3176 1125; x_wconf 78' lang='grc' dir='ltr'>ἄνθεσιν,</span> <span class='ocrx_word' id='word_1_329' title='bbox 3195 1054 3315 1114; x_wconf 76' lang='grc' dir='ltr'>οἶδα</span> <span class='ocrx_word' id='word_1_330' title='bbox 3336 1061 3417 1113; x_wconf 82' lang='grc' dir='ltr'>ὅτι</span> <span class='ocrx_word' id='word_1_331' title='bbox 3440 1055 3594 1123; x_wconf 76' lang='grc' dir='ltr'>οὗτος</span> <span class='ocrx_word' id='word_1_332' title='bbox 3613 1061 3771 1114; x_wconf 68' lang='grc' dir='ltr'>οὐδὲν</span> <span class='ocrx_word' id='word_1_333' title='bbox 3795 1063 3905 1115; x_wconf 82' lang='grc' dir='ltr'><strong>τῶν</strong></span> 
     </span>
    </p>
   </div>
   <div class='ocr_carea' id='block_1_48' title="bbox 2325 1150 3904 1224">
    <p class='ocr_par' dir='ltr' id='par_1_48' title="bbox 2325 1150 3904 1224">
     <span class='ocr_line' id='line_1_48' title="bbox 2325 1150 3904 1224; baseline 0.003 -20"><span class='ocrx_word' id='word_1_334' title='bbox 2325 1150 2618 1222; x_wconf 82' lang='grc' dir='ltr'><strong>ὁρωμένων</strong></span> <span class='ocrx_word' id='word_1_335' title='bbox 2641 1150 2970 1222; x_wconf 81' lang='grc' dir='ltr'>τιμιώτερον</span> <span class='ocrx_word' id='word_1_336' title='bbox 2996 1151 3260 1220; x_wconf 86' lang='grc' dir='ltr'>κέκτηται</span> <span class='ocrx_word' id='word_1_337' title='bbox 3280 1168 3295 1182; x_wconf 77' lang='grc' dir='ltr'><strong><em>ο</em></strong></span> <span class='ocrx_word' id='word_1_338' title='bbox 3330 1152 3466 1206; x_wconf 71' lang='grc' dir='ltr'><strong>ἀλλὰ</strong></span> <span class='ocrx_word' id='word_1_339' title='bbox 3491 1151 3563 1206; x_wconf 79' lang='grc' dir='ltr'>τὰ</span> <span class='ocrx_word' id='word_1_340' title='bbox 3593 1153 3696 1219; x_wconf 79' lang='grc' dir='ltr'>μὲν</span> <span class='ocrx_word' id='word_1_341' title='bbox 3722 1154 3904 1224; x_wconf 60' lang='grc' dir='ltr'>ἄψυχα</span> 
     </span>
    </p>
   </div>
   <div class='ocr_carea' id='block_1_49' title="bbox 2324 1240 3902 1314">
    <p class='ocr_par' dir='ltr' id='par_1_49' title="bbox 2324 1240 3902 1314">
     <span class='ocr_line' id='line_1_49' title="bbox 2324 1240 3902 1314; baseline 0 -19"><span class='ocrx_word' id='word_1_342' title='bbox 2324 1240 2674 1307; x_wconf 79' lang='grc' dir='ltr'><strong>καλλωπίζει,</strong></span> <span class='ocrx_word' id='word_1_343' title='bbox 2706 1240 2806 1313; x_wconf 84' lang='grc' dir='ltr'>τὴν</span> <span class='ocrx_word' id='word_1_344' title='bbox 2843 1240 2901 1296; x_wconf 83' lang='grc' dir='ltr'>δὲ</span> <span class='ocrx_word' id='word_1_345' title='bbox 2949 1240 3125 1313; x_wconf 77' lang='grc' dir='ltr'>ψυχὴν</span> <span class='ocrx_word' id='word_1_346' title='bbox 3172 1242 3487 1313; x_wconf 88' lang='grc' dir='ltr'>ακόσμητον</span> <span class='ocrx_word' id='word_1_347' title='bbox 3521 1245 3659 1314; x_wconf 65' lang='grc' dir='ltr'>ἔχει..</span> <span class='ocrx_word' id='word_1_348' title='bbox 3708 1245 3902 1305; x_wconf 85' lang='grc' dir='ltr'>Ποιαν,</span> 
     </span>
    </p>
   </div>
   <div class='ocr_carea' id='block_1_50' title="bbox 2326 1334 3900 1408">
    <p class='ocr_par' dir='ltr' id='par_1_50' title="bbox 2326 1334 3900 1408">
     <span class='ocr_line' id='line_1_50' title="bbox 2326 1334 3900 1408; baseline 0.002 -20"><span class='ocrx_word' id='word_1_349' title='bbox 2326 1334 2448 1389; x_wconf 80' lang='grc' dir='ltr'>εἰπέ</span> <span class='ocrx_word' id='word_1_350' title='bbox 2479 1352 2591 1406; x_wconf 91' lang='grc' dir='ltr'>μοι,</span> <span class='ocrx_word' id='word_1_351' title='bbox 2622 1335 2812 1407; x_wconf 78' lang='grc' dir='ltr'>χρείαν</span> <span class='ocrx_word' id='word_1_352' title='bbox 2855 1335 3251 1407; x_wconf 82' lang='grc' dir='ltr'>περισσοτέραν</span> <span class='ocrx_word' id='word_1_353' title='bbox 3297 1337 3627 1407; x_wconf 81' lang='grc' dir='ltr'>παρέχουσιν</span> <span class='ocrx_word' id='word_1_354' title='bbox 3660 1338 3900 1408; x_wconf 76' lang='grc' dir='ltr'>ἀργυραῖ</span> 
     </span>
    </p>
   </div>
   <div class='ocr_carea' id='block_1_51' title="bbox 2324 1426 3895 1498">
    <p class='ocr_par' dir='ltr' id='par_1_51' title="bbox 2324 1426 3895 1498">
     <span class='ocr_line' id='line_1_51' title="bbox 2324 1426 3895 1498; baseline 0.002 -17"><span class='ocrx_word' id='word_1_355' title='bbox 2324 1426 2526 1490; x_wconf 86' lang='grc' dir='ltr'>κλίναι,</span> <span class='ocrx_word' id='word_1_356' title='bbox 2550 1428 2645 1480; x_wconf 80' lang='grc' dir='ltr'>καὶ</span> <span class='ocrx_word' id='word_1_357' title='bbox 2671 1428 2941 1498; x_wconf 77' lang='grc' dir='ltr'>τράπεζαι</span> <span class='ocrx_word' id='word_1_358' title='bbox 2970 1429 3233 1498; x_wconf 80' lang='grc' dir='ltr'>ἀργυραῖ,</span> <span class='ocrx_word' id='word_1_359' title='bbox 3248 1429 3591 1497; x_wconf 87' lang='grc' dir='ltr'>ἐλεφάντιναι</span> <span class='ocrx_word' id='word_1_360' title='bbox 3622 1430 3895 1493; x_wconf 72' lang='grc' dir='ltr'>στιϐάδες,</span> 
     </span>
    </p>
   </div>
   <div class='ocr_carea' id='block_1_52' title="bbox 2324 1515 3899 1587">
    <p class='ocr_par' dir='ltr' id='par_1_52' title="bbox 2324 1515 3899 1587">
     <span class='ocr_line' id='line_1_52' title="bbox 2324 1515 3899 1587; baseline 0 -16"><span class='ocrx_word' id='word_1_361' title='bbox 2324 1518 2421 1571; x_wconf 74' lang='grc' dir='ltr'>καὶ</span> <span class='ocrx_word' id='word_1_362' title='bbox 2448 1516 2784 1586; x_wconf 76' lang='grc' dir='ltr'>ἐλεφάντινοι</span> <span class='ocrx_word' id='word_1_363' title='bbox 2809 1516 3010 1587; x_wconf 90' lang='grc' dir='ltr'>δίφροι,</span> <span class='ocrx_word' id='word_1_364' title='bbox 3040 1515 3183 1569; x_wconf 84' lang='grc' dir='ltr'>ὥστε</span> <span class='ocrx_word' id='word_1_365' title='bbox 3219 1516 3311 1570; x_wconf 81' lang='grc' dir='ltr'>τὸν</span> <span class='ocrx_word' id='word_1_366' title='bbox 3340 1517 3573 1572; x_wconf 86' lang='grc' dir='ltr'>πλοῦτον</span> <span class='ocrx_word' id='word_1_367' title='bbox 3604 1518 3697 1571; x_wconf 77' lang='grc' dir='ltr'>διὰ</span> <span class='ocrx_word' id='word_1_368' title='bbox 3728 1518 3899 1572; x_wconf 78' lang='grc' dir='ltr'>ταῦτα</span> 
     </span>
    </p>
   </div>
   <div class='ocr_carea' id='block_1_53' title="bbox 2329 1605 3899 1678">
    <p class='ocr_par' dir='ltr' id='par_1_53' title="bbox 2329 1605 3899 1678">
     <span class='ocr_line' id='line_1_53' title="bbox 2329 1605 3899 1678; baseline 0.001 -18"><span class='ocrx_word' id='word_1_369' title='bbox 2329 1607 2403 1678; x_wconf 83' lang='grc' dir='ltr'>μὴ</span> <span class='ocrx_word' id='word_1_370' title='bbox 2452 1606 2751 1661; x_wconf 78' lang='grc' dir='ltr'>διαϐαίνειν</span> <span class='ocrx_word' id='word_1_371' title='bbox 2793 1605 2930 1676; x_wconf 79' lang='grc' dir='ltr'>πρὸς</span> <span class='ocrx_word' id='word_1_372' title='bbox 2979 1607 3107 1670; x_wconf 81' lang='grc' dir='ltr'>τοὺς</span> <span class='ocrx_word' id='word_1_373' title='bbox 3157 1608 3439 1676; x_wconf 75' lang='grc' dir='ltr'>πτωχοὺς,</span> <span class='ocrx_word' id='word_1_374' title='bbox 3481 1608 3666 1661; x_wconf 84' lang='grc' dir='ltr'>καίτοι</span> <span class='ocrx_word' id='word_1_375' title='bbox 3717 1610 3899 1678; x_wconf 76' lang='grc' dir='ltr'>μυρίοι</span> 
     </span>
    </p>
   </div>
   <div class='ocr_carea' id='block_1_54' title="bbox 2324 1698 3896 1771">
    <p class='ocr_par' dir='ltr' id='par_1_54' title="bbox 2324 1698 3896 1771">
     <span class='ocr_line' id='line_1_54' title="bbox 2324 1698 3896 1771; baseline -0.001 -18"><span class='ocrx_word' id='word_1_376' title='bbox 2324 1701 2658 1771; x_wconf 79' lang='grc' dir='ltr'>ἐφεστήκασι</span> <span class='ocrx_word' id='word_1_377' title='bbox 2678 1701 2744 1771; x_wconf 81' lang='grc' dir='ltr'><strong>τῇ</strong></span> <span class='ocrx_word' id='word_1_378' title='bbox 2761 1698 2902 1770; x_wconf 75' lang='grc' dir='ltr'>θύρᾳ</span> <span class='ocrx_word' id='word_1_379' title='bbox 2922 1698 3138 1753; x_wconf 79' lang='grc' dir='ltr'>ἅπασαν</span> <span class='ocrx_word' id='word_1_380' title='bbox 3157 1698 3405 1766; x_wconf 77' lang='grc' dir='ltr'><strong>ἀφιέντες</strong></span> <span class='ocrx_word' id='word_1_381' title='bbox 3426 1699 3673 1771; x_wconf 74' lang='grc' dir='ltr'><strong>ἐλεεινὴν</strong></span> <span class='ocrx_word' id='word_1_382' title='bbox 3696 1717 3896 1768; x_wconf 77' lang='grc' dir='ltr'>φωνην,</span> 
     </span>
    </p>
   </div>
   <div class='ocr_carea' id='block_1_55' title="bbox 2329 1788 3896 1864">
    <p class='ocr_par' dir='ltr' id='par_1_55' title="bbox 2329 1788 3896 1864">
     <span class='ocr_line' id='line_1_55' title="bbox 2329 1788 3896 1864; baseline 0 -19"><span class='ocrx_word' id='word_1_383' title='bbox 2329 1793 2393 1847; x_wconf 76' lang='grc' dir='ltr'>σὺ</span> <span class='ocrx_word' id='word_1_384' title='bbox 2420 1793 2477 1847; x_wconf 81' lang='grc' dir='ltr'>δὲ</span> <span class='ocrx_word' id='word_1_385' title='bbox 2505 1793 2643 1864; x_wconf 76' lang='grc' dir='ltr'>ἀρνῇ</span> <span class='ocrx_word' id='word_1_386' title='bbox 2690 1792 2788 1864; x_wconf 82' lang='grc' dir='ltr'>τὴν</span> <span class='ocrx_word' id='word_1_387' title='bbox 2834 1791 2999 1858; x_wconf 88' lang='grc' dir='ltr'>δόσιν,</span> <span class='ocrx_word' id='word_1_388' title='bbox 3031 1792 3292 1847; x_wconf 83' lang='grc' dir='ltr'>ἀδύνατον</span> <span class='ocrx_word' id='word_1_389' title='bbox 3332 1788 3473 1845; x_wconf 76' lang='grc' dir='ltr'>εἶναι</span> <span class='ocrx_word' id='word_1_390' title='bbox 3522 1792 3705 1861; x_wconf 79' lang='grc' dir='ltr'>λέγων</span> <span class='ocrx_word' id='word_1_391' title='bbox 3732 1794 3896 1863; x_wconf 65' lang='lat' dir='ltr'><strong>Emp-</strong></span> 
     </span>
    </p>
   </div>
   <div class='ocr_carea' id='block_1_56' title="bbox 2330 1884 3895 1959">
    <p class='ocr_par' dir='ltr' id='par_1_56' title="bbox 2330 1884 3895 1959">
     <span class='ocr_line' id='line_1_56' title="bbox 2330 1884 3895 1959; baseline -0.001 -20"><span class='ocrx_word' id='word_1_392' title='bbox 2330 1887 2444 1939; x_wconf 89' lang='grc' dir='ltr'>κεῖν</span> <span class='ocrx_word' id='word_1_393' title='bbox 2485 1886 2597 1948; x_wconf 73' lang='grc' dir='ltr'>τοῖς</span> <span class='ocrx_word' id='word_1_394' title='bbox 2634 1884 2879 1940; x_wconf 81' lang='grc' dir='ltr'>αἰτοῦσι·</span> <span class='ocrx_word' id='word_1_395' title='bbox 2913 1885 3011 1939; x_wconf 80' lang='grc' dir='ltr'>καὶ</span> <span class='ocrx_word' id='word_1_396' title='bbox 3052 1887 3119 1958; x_wconf 77' lang='grc' dir='ltr'>τῇ</span> <span class='ocrx_word' id='word_1_397' title='bbox 3171 1886 3270 1957; x_wconf 82' lang='grc' dir='ltr'>μὲν</span> <span class='ocrx_word' id='word_1_398' title='bbox 3316 1886 3537 1959; x_wconf 79' lang='grc' dir='ltr'>γλώσσῃ</span> <span class='ocrx_word' id='word_1_399' title='bbox 3578 1885 3895 1957; x_wconf 66' lang='grc' dir='ltr'>ἐξόμνυται,</span> 
     </span>
    </p>
   </div>
   <div class='ocr_carea' id='block_1_57' title="bbox 2328 1975 3893 2049">
    <p class='ocr_par' dir='ltr' id='par_1_57' title="bbox 2328 1975 3893 2049">
     <span class='ocr_line' id='line_1_57' title="bbox 2328 1975 3893 2049; baseline 0 -18"><span class='ocrx_word' id='word_1_400' title='bbox 2328 1975 2435 2031; x_wconf 74' lang='grc' dir='ltr'><strong>ὑπὸ</strong></span> <span class='ocrx_word' id='word_1_401' title='bbox 2465 1976 2522 2031; x_wconf 82' lang='grc' dir='ltr'>δὲ</span> <span class='ocrx_word' id='word_1_402' title='bbox 2565 1976 2668 2047; x_wconf 84' lang='grc' dir='ltr'>τῆς</span> <span class='ocrx_word' id='word_1_403' title='bbox 2710 1976 2893 2047; x_wconf 85' lang='grc' dir='ltr'>χειρὸς</span> <span class='ocrx_word' id='word_1_404' title='bbox 2921 1976 3171 2049; x_wconf 80' lang='grc' dir='ltr'>διελέγχῃ</span> <span class='ocrx_word' id='word_1_405' title='bbox 3192 1994 3208 2009; x_wconf 74' lang='grc' dir='ltr'><strong>ο</strong></span> <span class='ocrx_word' id='word_1_406' title='bbox 3240 1978 3504 2032; x_wconf 85' lang='grc' dir='ltr'>σιωπῶσα</span> <span class='ocrx_word' id='word_1_407' title='bbox 3550 1978 3666 2049; x_wconf 82' lang='grc' dir='ltr'>γὰρ</span> <span class='ocrx_word' id='word_1_408' title='bbox 3711 1981 3746 2049; x_wconf 78' lang='grc' dir='ltr'><strong>η</strong></span> <span class='ocrx_word' id='word_1_409' title='bbox 3781 1980 3893 2048; x_wconf 77' lang='grc' dir='ltr'>χείρ</span> 
     </span>
    </p>
   </div>
   <div class='ocr_carea' id='block_1_58' title="bbox 2329 2069 3893 2143">
    <p class='ocr_par' dir='ltr' id='par_1_58' title="bbox 2329 2069 3893 2143">
     <span class='ocr_line' id='line_1_58' title="bbox 2329 2069 3893 2143; baseline -0.001 -18"><span class='ocrx_word' id='word_1_410' title='bbox 2329 2087 2423 2125; x_wconf 89' lang='grc' dir='ltr'><strong>σου</strong></span> <span class='ocrx_word' id='word_1_411' title='bbox 2459 2069 2559 2141; x_wconf 77' lang='grc' dir='ltr'>τὴν</span> <span class='ocrx_word' id='word_1_412' title='bbox 2591 2069 2945 2140; x_wconf 75' lang='grc' dir='ltr'>ψευδολογίαν</span> <span class='ocrx_word' id='word_1_413' title='bbox 2981 2088 3077 2123; x_wconf 89' lang='grc' dir='ltr'><strong>σου</strong></span> <span class='ocrx_word' id='word_1_414' title='bbox 3133 2070 3417 2143; x_wconf 86' lang='grc' dir='ltr'>κηρύσσει,</span> <span class='ocrx_word' id='word_1_415' title='bbox 3452 2088 3893 2143; x_wconf 79' lang='grc' dir='ltr'>περιαστραπτο-</span> 
     </span>
    </p>
   </div>
   <div class='ocr_carea' id='block_1_59' title="bbox 2332 2160 3895 2233">
    <p class='ocr_par' dir='ltr' id='par_1_59' title="bbox 2332 2160 3895 2233">
     <span class='ocr_line' id='line_1_59' title="bbox 2332 2160 3895 2233; baseline 0.001 -19"><span class='ocrx_word' id='word_1_416' title='bbox 2332 2162 2469 2232; x_wconf 84' lang='grc' dir='ltr'>μένη</span> <span class='ocrx_word' id='word_1_417' title='bbox 2503 2162 2612 2214; x_wconf 78' lang='grc' dir='ltr'><strong>ὑπὸ</strong></span> <span class='ocrx_word' id='word_1_418' title='bbox 2631 2161 2733 2232; x_wconf 80' lang='grc' dir='ltr'>τῆς</span> <span class='ocrx_word' id='word_1_419' title='bbox 2772 2160 2867 2215; x_wconf 85' lang='grc' dir='ltr'><strong>τοῦ</strong></span> <span class='ocrx_word' id='word_1_420' title='bbox 2898 2162 3183 2216; x_wconf 84' lang='grc' dir='ltr'>δακτυλίου</span> <span class='ocrx_word' id='word_1_421' title='bbox 3220 2162 3537 2233; x_wconf 80' lang='grc' dir='ltr'>σφενδόνης.</span> <span class='ocrx_word' id='word_1_422' title='bbox 3567 2164 3781 2227; x_wconf 81' lang='grc' dir='ltr'>Πόσους</span> <span class='ocrx_word' id='word_1_423' title='bbox 3806 2164 3895 2217; x_wconf 75' lang='grc' dir='ltr'>δύο</span> 
     </span>
    </p>
   </div>
   <div class='ocr_carea' id='block_1_60' title="bbox 2326 2250 3894 2325">
    <p class='ocr_par' dir='ltr' id='par_1_60' title="bbox 2326 2250 3894 2325">
     <span class='ocr_line' id='line_1_60' title="bbox 2326 2250 3894 2325; baseline 0.001 -18"><span class='ocrx_word' id='word_1_424' title='bbox 2326 2271 2482 2308; x_wconf 90' lang='grc' dir='ltr'>ναται</span> <span class='ocrx_word' id='word_1_425' title='bbox 2529 2250 2611 2318; x_wconf 74' lang='grc' dir='ltr'>εἷς</span> <span class='ocrx_word' id='word_1_426' title='bbox 2664 2270 2759 2307; x_wconf 89' lang='grc' dir='ltr'><strong>σου</strong></span> <span class='ocrx_word' id='word_1_427' title='bbox 2808 2253 3091 2319; x_wconf 83' lang='grc' dir='ltr'>δακτύλιος</span> <span class='ocrx_word' id='word_1_428' title='bbox 3135 2254 3313 2325; x_wconf 86' lang='grc' dir='ltr'>χρεῶν</span> <span class='ocrx_word' id='word_1_429' title='bbox 3350 2255 3655 2310; x_wconf 78' lang='grc' dir='ltr'>ἁπολῦσαιί</span> <span class='ocrx_word' id='word_1_430' title='bbox 3703 2257 3894 2321; x_wconf 71' lang='grc' dir='ltr'>πόσους</span> 
     </span>
    </p>
   </div>
   <div class='ocr_carea' id='block_1_61' title="bbox 2326 2347 3893 2421">
    <p class='ocr_par' dir='ltr' id='par_1_61' title="bbox 2326 2347 3893 2421">
     <span class='ocr_line' id='line_1_61' title="bbox 2326 2347 3893 2421; baseline 0.002 -21"><span class='ocrx_word' id='word_1_431' title='bbox 2326 2348 2507 2411; x_wconf 87' lang='grc' dir='ltr'>οίκους</span> <span class='ocrx_word' id='word_1_432' title='bbox 2557 2347 3000 2413; x_wconf 82' lang='grc' dir='ltr'>καταπίπτοντας</span> <span class='ocrx_word' id='word_1_433' title='bbox 3042 2348 3314 2421; x_wconf 81' lang='grc' dir='ltr'>όρθῶσαιί</span> <span class='ocrx_word' id='word_1_434' title='bbox 3368 2349 3469 2419; x_wconf 88' lang='grc' dir='ltr'><strong>μία</strong></span> <span class='ocrx_word' id='word_1_435' title='bbox 3519 2366 3619 2403; x_wconf 89' lang='grc' dir='ltr'><strong>σου</strong></span> <span class='ocrx_word' id='word_1_436' title='bbox 3669 2350 3893 2413; x_wconf 63' lang='grc' dir='ltr'>κιϐωτὸς</span> 
     </span>
    </p>
   </div>
   <div class='ocr_carea' id='block_1_62' title="bbox 2330 2438 3890 2513">
    <p class='ocr_par' dir='ltr' id='par_1_62' title="bbox 2330 2438 3890 2513">
     <span class='ocr_line' id='line_1_62' title="bbox 2330 2438 3890 2513; baseline 0.001 -22"><span class='ocrx_word' id='word_1_437' title='bbox 2330 2438 2559 2509; x_wconf 78' lang='grc' dir='ltr'>ἱματίων</span> <span class='ocrx_word' id='word_1_438' title='bbox 2602 2438 2822 2494; x_wconf 87' lang='grc' dir='ltr'>δύναται</span> <span class='ocrx_word' id='word_1_439' title='bbox 2867 2439 3037 2511; x_wconf 80' lang='grc' dir='ltr'>δῆμον</span> <span class='ocrx_word' id='word_1_440' title='bbox 3084 2439 3203 2494; x_wconf 81' lang='grc' dir='ltr'>ὅλον</span> <span class='ocrx_word' id='word_1_441' title='bbox 3248 2440 3503 2511; x_wconf 76' lang='grc' dir='ltr'>ῥιγοῦντα</span> <span class='ocrx_word' id='word_1_442' title='bbox 3542 2441 3890 2513; x_wconf 60' lang='grc' dir='ltr'>περιϐαλεῖν</span> 
     </span>
    </p>
   </div>
   <div class='ocr_carea' id='block_1_63' title="bbox 2325 2527 3893 2600">
    <p class='ocr_par' dir='ltr' id='par_1_63' title="bbox 2325 2527 3893 2600">
     <span class='ocr_line' id='line_1_63' title="bbox 2325 2527 3893 2600; baseline 0 -19"><span class='ocrx_word' id='word_1_443' title='bbox 2325 2528 2441 2581; x_wconf 80' lang='grc' dir='ltr'>ἀλλ’</span> <span class='ocrx_word' id='word_1_444' title='bbox 2471 2528 2759 2599; x_wconf 81' lang='grc' dir='ltr'>ὑπομένεις</span> <span class='ocrx_word' id='word_1_445' title='bbox 2785 2527 3065 2600; x_wconf 77' lang='grc' dir='ltr'>ἄπρακτον</span> <span class='ocrx_word' id='word_1_446' title='bbox 3108 2528 3430 2597; x_wconf 77' lang='grc' dir='ltr'>ἀποπέμψαι</span> <span class='ocrx_word' id='word_1_447' title='bbox 3458 2530 3553 2583; x_wconf 83' lang='grc' dir='ltr'>τὸν</span> <span class='ocrx_word' id='word_1_448' title='bbox 3580 2530 3815 2600; x_wconf 80' lang='grc' dir='ltr'>πένητα,</span> <span class='ocrx_word' id='word_1_449' title='bbox 3839 2530 3893 2581; x_wconf 67' lang='grc' dir='ltr'>οὐ</span> 
     </span>
    </p>
   </div>
   <div class='ocr_carea' id='block_1_64' title="bbox 2327 2619 3892 2692">
    <p class='ocr_par' dir='ltr' id='par_1_64' title="bbox 2327 2619 3892 2692">
     <span class='ocr_line' id='line_1_64' title="bbox 2327 2619 3892 2692; baseline -0.001 -17"><span class='ocrx_word' id='word_1_450' title='bbox 2327 2622 2491 2691; x_wconf 76' lang='grc' dir='ltr'>φοδού</span> <span class='ocrx_word' id='word_1_451' title='bbox 2500 2637 2659 2692; x_wconf 90' lang='grc' dir='ltr'>μενος</span> <span class='ocrx_word' id='word_1_452' title='bbox 2681 2620 2741 2675; x_wconf 84' lang='grc' dir='ltr'>τὸ</span> <span class='ocrx_word' id='word_1_453' title='bbox 2767 2620 2975 2676; x_wconf 87' lang='grc' dir='ltr'>δίκαιον</span> <span class='ocrx_word' id='word_1_454' title='bbox 2995 2621 3097 2691; x_wconf 83' lang='grc' dir='ltr'>τῆς</span> <span class='ocrx_word' id='word_1_455' title='bbox 3125 2619 3534 2684; x_wconf 84' lang='grc' dir='ltr'>ἁνταποδόσεως</span> <span class='ocrx_word' id='word_1_456' title='bbox 3555 2620 3653 2673; x_wconf 86' lang='grc' dir='ltr'><strong>τοῦ</strong></span> <span class='ocrx_word' id='word_1_457' title='bbox 3686 2622 3892 2691; x_wconf 78' lang='grc' dir='ltr'>κριτοῦ.</span> 
     </span>
    </p>
   </div>
   <div class='ocr_carea' id='block_1_65' title="bbox 2329 2713 3896 2787">
    <p class='ocr_par' dir='ltr' id='par_1_65' title="bbox 2329 2713 3896 2787">
     <span class='ocr_line' id='line_1_65' title="bbox 2329 2713 3896 2787; baseline -0.001 -19"><span class='ocrx_word' id='word_1_458' title='bbox 2329 2716 2442 2769; x_wconf 78' lang='grc' dir='ltr'><strong>Οὐκ</strong></span> <span class='ocrx_word' id='word_1_459' title='bbox 2472 2715 2708 2786; x_wconf 79' lang='grc' dir='ltr'>ἡλέησας</span> <span class='ocrx_word' id='word_1_460' title='bbox 2737 2732 2753 2781; x_wconf 87' lang='lat'><strong>;</strong></span> <span class='ocrx_word' id='word_1_461' title='bbox 2802 2715 2904 2769; x_wconf 80' lang='grc' dir='ltr'>οὐκ</span> <span class='ocrx_word' id='word_1_462' title='bbox 2933 2714 3224 2787; x_wconf 81' lang='grc' dir='ltr'>ἐλεηθήσῃ.</span> <span class='ocrx_word' id='word_1_463' title='bbox 3260 2714 3374 2767; x_wconf 80' lang='grc' dir='ltr'><strong>Οὐκ</strong></span> <span class='ocrx_word' id='word_1_464' title='bbox 3421 2713 3645 2783; x_wconf 71' lang='grc' dir='ltr'>ἡνοιξας</span> <span class='ocrx_word' id='word_1_465' title='bbox 3689 2714 3791 2784; x_wconf 72' lang='grc' dir='ltr'><strong>τὴν</strong></span> <span class='ocrx_word' id='word_1_466' title='bbox 3826 2718 3896 2768; x_wconf 67' lang='grc' dir='ltr'><strong>οἱς</strong></span> 
     </span>
    </p>
   </div>
   <div class='ocr_carea' id='block_1_66' title="bbox 2329 2807 3895 2880">
    <p class='ocr_par' dir='ltr' id='par_1_66' title="bbox 2329 2807 3895 2880">
     <span class='ocr_line' id='line_1_66' title="bbox 2329 2807 3895 2880; baseline -0.002 -17"><span class='ocrx_word' id='word_1_467' title='bbox 2329 2809 2485 2876; x_wconf 84' lang='grc' dir='ltr'>κίαν;</span> <span class='ocrx_word' id='word_1_468' title='bbox 2509 2808 2915 2880; x_wconf 76' lang='grc' dir='ltr'>ἁποπεμφθήση</span> <span class='ocrx_word' id='word_1_469' title='bbox 2938 2809 3036 2878; x_wconf 80' lang='grc' dir='ltr'>τῆς</span> <span class='ocrx_word' id='word_1_470' title='bbox 3053 2808 3353 2878; x_wconf 87' lang='grc' dir='ltr'>βασιλείας.</span> <span class='ocrx_word' id='word_1_471' title='bbox 3371 2808 3486 2861; x_wconf 76' lang='grc' dir='ltr'><strong>οὐκ</strong></span> <span class='ocrx_word' id='word_1_472' title='bbox 3507 2807 3723 2871; x_wconf 74' lang='grc' dir='ltr'>ἔδωκας</span> <span class='ocrx_word' id='word_1_473' title='bbox 3743 2808 3895 2877; x_wconf 76' lang='grc' dir='ltr'>ἄρτον</span> 
     </span>
    </p>
   </div>
   <div class='ocr_carea' id='block_1_67' title="bbox 2328 2898 3898 2972">
    <p class='ocr_par' dir='ltr' id='par_1_67' title="bbox 2328 2898 3898 2972">
     <span class='ocr_line' id='line_1_67' title="bbox 2328 2898 3898 2972; baseline 0 -19"><span class='ocrx_word' id='word_1_474' title='bbox 2328 2900 2408 2971; x_wconf 84' lang='grc' dir='ltr'>τῷ</span> <span class='ocrx_word' id='word_1_475' title='bbox 2437 2900 2725 2967; x_wconf 73' lang='grc' dir='ltr'>πεινῶντις</span> <span class='ocrx_word' id='word_1_476' title='bbox 2756 2901 2818 2954; x_wconf 83' lang='grc' dir='ltr'>οὐ</span> <span class='ocrx_word' id='word_1_477' title='bbox 2854 2900 3002 2972; x_wconf 76' lang='grc' dir='ltr'>λήψῃ</span> <span class='ocrx_word' id='word_1_478' title='bbox 3034 2900 3133 2971; x_wconf 84' lang='grc' dir='ltr'>τὴν</span> <span class='ocrx_word' id='word_1_479' title='bbox 3155 2900 3386 2955; x_wconf 79' lang='grc' dir='ltr'>αίωνίαν</span> <span class='ocrx_word' id='word_1_480' title='bbox 3415 2898 3586 2972; x_wconf 76' lang='grc' dir='ltr'>ζωήν.</span> <span class='ocrx_word' id='word_1_481' title='bbox 3622 2900 3788 2955; x_wconf 79' lang='grc' dir='ltr'><strong>Ἀλλὰ</strong></span> <span class='ocrx_word' id='word_1_482' title='bbox 3810 2901 3898 2953; x_wconf 73' lang='grc' dir='ltr'><strong>πέ-</strong></span> 
     </span>
    </p>
   </div>
   <div class='ocr_carea' id='block_1_68' title="bbox 2328 2991 3896 3063">
    <p class='ocr_par' dir='ltr' id='par_1_68' title="bbox 2328 2991 3896 3063">
     <span class='ocr_line' id='line_1_68' title="bbox 2328 2991 3896 3063; baseline 0 -18"><span class='ocrx_word' id='word_1_483' title='bbox 2328 3009 2464 3063; x_wconf 92' lang='grc' dir='ltr'>νητα</span> <span class='ocrx_word' id='word_1_484' title='bbox 2508 2991 2689 3061; x_wconf 82' lang='grc' dir='ltr'>λέγεις</span> <span class='ocrx_word' id='word_1_485' title='bbox 2738 2992 2969 3060; x_wconf 87' lang='grc' dir='ltr'>σαυτόν;</span> <span class='ocrx_word' id='word_1_486' title='bbox 3024 2992 3180 3061; x_wconf 84' lang='grc' dir='ltr'><strong>κάγὼ</strong></span> <span class='ocrx_word' id='word_1_487' title='bbox 3235 2992 3547 3062; x_wconf 83' lang='grc' dir='ltr'>συντίθημι.</span> <span class='ocrx_word' id='word_1_488' title='bbox 3580 2992 3762 3061; x_wconf 78' lang='grc' dir='ltr'>Πένης</span> <span class='ocrx_word' id='word_1_489' title='bbox 3797 2992 3896 3061; x_wconf 77' lang='grc' dir='ltr'><strong>γαρ</strong></span> 
     </span>
    </p>
   </div>
   <div class='ocr_carea' id='block_1_69' title="bbox 2329 3084 3897 3155">
    <p class='ocr_par' dir='ltr' id='par_1_69' title="bbox 2329 3084 3897 3155">
     <span class='ocr_line' id='line_1_69' title="bbox 2329 3084 3897 3155; baseline -0.001 -18"><span class='ocrx_word' id='word_1_490' title='bbox 2329 3085 2477 3137; x_wconf 85' lang='grc' dir='ltr'>ἐστιν</span> <span class='ocrx_word' id='word_1_491' title='bbox 2501 3085 2529 3137; x_wconf 86' lang='grc' dir='ltr'><strong>ὁ</strong></span> <span class='ocrx_word' id='word_1_492' title='bbox 2560 3084 2772 3137; x_wconf 82' lang='grc' dir='ltr'>πολλῶν</span> <span class='ocrx_word' id='word_1_493' title='bbox 2792 3085 2999 3155; x_wconf 72' lang='grc' dir='ltr'>ἐνδεής.</span> <span class='ocrx_word' id='word_1_494' title='bbox 3032 3084 3251 3139; x_wconf 84' lang='grc' dir='ltr'>Πολλῶν</span> <span class='ocrx_word' id='word_1_495' title='bbox 3273 3085 3330 3138; x_wconf 83' lang='grc' dir='ltr'>δὲ</span> <span class='ocrx_word' id='word_1_496' title='bbox 3359 3085 3503 3155; x_wconf 78' lang='grc' dir='ltr'>ὑμᾶς</span> <span class='ocrx_word' id='word_1_497' title='bbox 3532 3085 3739 3148; x_wconf 70' lang='grc' dir='ltr'>ἐνδεεῖς</span> <span class='ocrx_word' id='word_1_498' title='bbox 3765 3087 3897 3137; x_wconf 80' lang='grc' dir='ltr'>ποιεῖ</span> 
     </span>
    </p>
   </div>
   <div class='ocr_carea' id='block_1_70' title="bbox 2329 3175 3896 3248">
    <p class='ocr_par' dir='ltr' id='par_1_70' title="bbox 2329 3175 3896 3248">
     <span class='ocr_line' id='line_1_70' title="bbox 2329 3175 3896 3248; baseline -0.002 -18"><span class='ocrx_word' id='word_1_499' title='bbox 2329 3177 2392 3231; x_wconf 77' lang='grc' dir='ltr'>τὸ</span> <span class='ocrx_word' id='word_1_500' title='bbox 2403 3176 2503 3248; x_wconf 82' lang='grc' dir='ltr'>τῆς</span> <span class='ocrx_word' id='word_1_501' title='bbox 2519 3176 2677 3229; x_wconf 88' lang='grc' dir='ltr'>ἐπιθυ</span> <span class='ocrx_word' id='word_1_502' title='bbox 2686 3176 2813 3247; x_wconf 88' lang='grc' dir='ltr'>μίας</span> <span class='ocrx_word' id='word_1_503' title='bbox 2827 3176 3144 3245; x_wconf 77' lang='grc' dir='ltr'>ἀκόρεστον.</span> <span class='ocrx_word' id='word_1_504' title='bbox 3159 3177 3284 3240; x_wconf 80' lang='grc' dir='ltr'>Τοῖς</span> <span class='ocrx_word' id='word_1_505' title='bbox 3297 3175 3427 3229; x_wconf 81' lang='grc' dir='ltr'>δέκα</span> <span class='ocrx_word' id='word_1_506' title='bbox 3446 3175 3759 3242; x_wconf 75' lang='grc' dir='ltr'>ταλάντοις,</span> <span class='ocrx_word' id='word_1_507' title='bbox 3773 3176 3896 3228; x_wconf 74' lang='grc' dir='ltr'>δέκα</span> 
     </span>
    </p>
   </div>
   <div class='ocr_carea' id='block_1_71' title="bbox 2328 3267 3896 3342">
    <p class='ocr_par' dir='ltr' id='par_1_71' title="bbox 2328 3267 3896 3342">
     <span class='ocr_line' id='line_1_71' title="bbox 2328 3267 3896 3342; baseline -0.003 -19"><span class='ocrx_word' id='word_1_508' title='bbox 2328 3270 2491 3341; x_wconf 72' lang='grc' dir='ltr'>ἔτερα</span> <span class='ocrx_word' id='word_1_509' title='bbox 2518 3270 2866 3342; x_wconf 84' lang='grc' dir='ltr'>προστιθέναι</span> <span class='ocrx_word' id='word_1_510' title='bbox 2897 3268 3237 3332; x_wconf 77' lang='grc' dir='ltr'>σπουδάζεις.</span> <span class='ocrx_word' id='word_1_511' title='bbox 3274 3267 3523 3322; x_wconf 71' lang='grc' dir='ltr'>Ἐπειδὰν</span> <span class='ocrx_word' id='word_1_512' title='bbox 3544 3268 3725 3322; x_wconf 75' lang='grc' dir='ltr'>εἴκοσι</span> <span class='ocrx_word' id='word_1_513' title='bbox 3750 3267 3896 3336; x_wconf 63' lang='grc' dir='ltr'>γένη-</span> 
     </span>
    </p>
   </div>
   <div class='ocr_carea' id='block_1_72' title="bbox 2329 3364 3896 3438">
    <p class='ocr_par' dir='ltr' id='par_1_72' title="bbox 2329 3364 3896 3438">
     <span class='ocr_line' id='line_1_72' title="bbox 2329 3364 3896 3438; baseline 0.001 -21"><span class='ocrx_word' id='word_1_514' title='bbox 2329 3381 2439 3427; x_wconf 88' lang='grc' dir='ltr'>ται,</span> <span class='ocrx_word' id='word_1_515' title='bbox 2461 3365 2597 3419; x_wconf 80' lang='grc' dir='ltr'>ἄλλα</span> <span class='ocrx_word' id='word_1_516' title='bbox 2615 3366 2851 3420; x_wconf 89' lang='grc' dir='ltr'>τοσαῦτα</span> <span class='ocrx_word' id='word_1_517' title='bbox 2876 3368 3077 3438; x_wconf 77' lang='grc' dir='ltr'>ζητεῖς.</span> <span class='ocrx_word' id='word_1_518' title='bbox 3099 3367 3207 3421; x_wconf 80' lang='grc' dir='ltr'><strong>Καὶ</strong></span> <span class='ocrx_word' id='word_1_519' title='bbox 3229 3364 3317 3419; x_wconf 77' lang='grc' dir='ltr'>ἀεί</span> <span class='ocrx_word' id='word_1_520' title='bbox 3345 3381 3427 3417; x_wconf 85' lang='grc' dir='ltr'><strong>σοι</strong></span> <span class='ocrx_word' id='word_1_521' title='bbox 3448 3368 3512 3421; x_wconf 82' lang='grc' dir='ltr'>τὸ</span> <span class='ocrx_word' id='word_1_522' title='bbox 3538 3367 3896 3438; x_wconf 79' lang='grc' dir='ltr'>προστιθέμε-</span> 
     </span>
    </p>
   </div>
   <div class='ocr_carea' id='block_1_73' title="bbox 2331 3457 3897 3532">
    <p class='ocr_par' dir='ltr' id='par_1_73' title="bbox 2331 3457 3897 3532">
     <span class='ocr_line' id='line_1_73' title="bbox 2331 3457 3897 3532; baseline 0.001 -21"><span class='ocrx_word' id='word_1_523' title='bbox 2331 3474 2442 3523; x_wconf 91' lang='grc' dir='ltr'>νον,</span> <span class='ocrx_word' id='word_1_524' title='bbox 2462 3458 2584 3528; x_wconf 75' lang='grc' dir='ltr'>οὐχὶ</span> <span class='ocrx_word' id='word_1_525' title='bbox 2630 3458 2730 3531; x_wconf 84' lang='grc' dir='ltr'>τὴν</span> <span class='ocrx_word' id='word_1_526' title='bbox 2775 3461 2954 3531; x_wconf 81' lang='grc' dir='ltr'>ὁρμὴν</span> <span class='ocrx_word' id='word_1_527' title='bbox 3000 3462 3235 3532; x_wconf 73' lang='grc' dir='ltr'>ἵστησιν,</span> <span class='ocrx_word' id='word_1_528' title='bbox 3286 3462 3421 3516; x_wconf 80' lang='grc' dir='ltr'>ἀλλὰ</span> <span class='ocrx_word' id='word_1_529' title='bbox 3470 3458 3777 3529; x_wconf 76' lang='grc' dir='ltr'>ἀναφλέγει</span> <span class='ocrx_word' id='word_1_530' title='bbox 3806 3457 3897 3526; x_wconf 71' lang='grc' dir='ltr'>τὴν</span> 
     </span>
    </p>
   </div>
   <div class='ocr_carea' id='block_1_74' title="bbox 2328 3548 3899 3625">
    <p class='ocr_par' dir='ltr' id='par_1_74' title="bbox 2328 3548 3899 3625">
     <span class='ocr_line' id='line_1_74' title="bbox 2328 3548 3899 3625; baseline -0.01 -9"><span class='ocrx_word' id='word_1_531' title='bbox 2328 3548 2526 3621; x_wconf 75' lang='grc' dir='ltr'>ὄρεξιν.</span> <span class='ocrx_word' id='word_1_532' title='bbox 2573 3552 2784 3625; x_wconf 83' lang='grc' dir='ltr'>’Ὥσπερ</span> <span class='ocrx_word' id='word_1_533' title='bbox 2829 3553 2939 3624; x_wconf 76' lang='grc' dir='ltr'><strong>γὰρ</strong></span> <span class='ocrx_word' id='word_1_534' title='bbox 2965 3556 3075 3619; x_wconf 84' lang='grc' dir='ltr'>τοῖς</span> <span class='ocrx_word' id='word_1_535' title='bbox 3107 3554 3402 3621; x_wconf 85' lang='grc' dir='ltr'>μεθύουσιν</span> <span class='ocrx_word' id='word_1_536' title='bbox 3429 3552 3659 3622; x_wconf 78' lang='grc' dir='ltr'>ἀφορμὴ</span> <span class='ocrx_word' id='word_1_537' title='bbox 3697 3549 3792 3603; x_wconf 80' lang='grc' dir='ltr'><strong>τοῦ</strong></span> <span class='ocrx_word' id='word_1_538' title='bbox 3821 3550 3899 3600; x_wconf 63' lang='lat' dir='ltr'><strong>zi-</strong></span> 
     </span>
    </p>
   </div>
   <div class='ocr_carea' id='block_1_75' title="bbox 2329 3641 3898 3716">
    <p class='ocr_par' dir='ltr' id='par_1_75' title="bbox 2329 3641 3898 3716">
     <span class='ocr_line' id='line_1_75' title="bbox 2329 3641 3898 3716; baseline -0.003 -20"><span class='ocrx_word' id='word_1_539' title='bbox 2329 3660 2441 3696; x_wconf 89' lang='grc' dir='ltr'>νειν</span> <span class='ocrx_word' id='word_1_540' title='bbox 2477 3646 2511 3714; x_wconf 79' lang='grc' dir='ltr'><strong>ἡ</strong></span> <span class='ocrx_word' id='word_1_541' title='bbox 2551 3644 2841 3716; x_wconf 82' lang='grc' dir='ltr'>προσθήκη</span> <span class='ocrx_word' id='word_1_542' title='bbox 2873 3646 2968 3700; x_wconf 88' lang='grc' dir='ltr'><strong>τοῦ</strong></span> <span class='ocrx_word' id='word_1_543' title='bbox 3029 3646 3175 3701; x_wconf 80' lang='grc' dir='ltr'>οἴνου</span> <span class='ocrx_word' id='word_1_544' title='bbox 3228 3646 3461 3715; x_wconf 85' lang='grc' dir='ltr'>γίνεται,</span> <span class='ocrx_word' id='word_1_545' title='bbox 3516 3643 3665 3697; x_wconf 79' lang='grc' dir='ltr'>οὓτω</span> <span class='ocrx_word' id='word_1_546' title='bbox 3714 3641 3811 3695; x_wconf 78' lang='grc' dir='ltr'>καὶ</span> <span class='ocrx_word' id='word_1_547' title='bbox 3852 3643 3898 3691; x_wconf 79' lang='grc' dir='ltr'>οἱ</span> 
     </span>
    </p>
   </div>
   <div class='ocr_carea' id='block_1_76' title="bbox 2328 3732 3899 3811">
    <p class='ocr_par' dir='ltr' id='par_1_76' title="bbox 2328 3732 3899 3811">
     <span class='ocr_line' id='line_1_76' title="bbox 2328 3732 3899 3811; baseline -0.001 -24"><span class='ocrx_word' id='word_1_548' title='bbox 2328 3733 2661 3804; x_wconf 80' lang='grc' dir='ltr'>νεόπλουτοι,</span> <span class='ocrx_word' id='word_1_549' title='bbox 2696 3736 2869 3791; x_wconf 79' lang='grc' dir='ltr'>πολλὰ</span> <span class='ocrx_word' id='word_1_550' title='bbox 2895 3738 3255 3811; x_wconf 80' lang='grc' dir='ltr'>κτησάμενοι,</span> <span class='ocrx_word' id='word_1_551' title='bbox 3294 3737 3561 3792; x_wconf 85' lang='grc' dir='ltr'>πλειόνων</span> <span class='ocrx_word' id='word_1_552' title='bbox 3605 3732 3899 3805; x_wconf 74' lang='grc' dir='ltr'>ἐπιθυμοῦ-</span> 
     </span>
    </p>
   </div>
   <div class='ocr_carea' id='block_1_77' title="bbox 2327 3846 2433 3883">
    <p class='ocr_par' dir='ltr' id='par_1_77' title="bbox 2327 3846 2433 3883">
     <span class='ocr_line' id='line_1_77' title="bbox 2327 3846 2433 3883; baseline 0.009 -1"><span class='ocrx_word' id='word_1_553' title='bbox 2327 3846 2433 3883; x_wconf 88' lang='grc' dir='ltr'>σιν.</span> 
     </span>
    </p>
   </div>
   <div class='ocr_carea' id='block_1_78' title="bbox 645 3892 3897 3997">
    <p class='ocr_par' dir='ltr' id='par_1_78' title="bbox 645 3892 3897 3997">
     <span class='ocr_line' id='line_1_78' title="bbox 645 3892 3897 3997; baseline 0.009 -52"><span class='ocrx_word' id='word_1_554' title='bbox 645 3892 761 3948; x_wconf 81' lang='lat' dir='ltr'><strong>vini</strong></span> <span class='ocrx_word' id='word_1_555' title='bbox 793 3900 1075 3965; x_wconf 77' lang='lat' dir='ltr'><strong>hauriunt,</strong></span> <span class='ocrx_word' id='word_1_556' title='bbox 1100 3915 1165 3956; x_wconf 90' lang='lat' dir='ltr'><strong>eo</strong></span> <span class='ocrx_word' id='word_1_557' title='bbox 1196 3904 1318 3972; x_wconf 88' lang='lat' dir='ltr'><strong>plus</strong></span> <span class='ocrx_word' id='word_1_558' title='bbox 1350 3904 1418 3959; x_wconf 87' lang='lat' dir='ltr'><strong>ad</strong></span> <span class='ocrx_word' id='word_1_559' title='bbox 1452 3904 1749 3964; x_wconf 86' lang='lat' dir='ltr'><strong>bibendum</strong></span> <span class='ocrx_word' id='word_1_560' title='bbox 1781 3922 2112 3986; x_wconf 78' lang='lat' dir='ltr'><strong>excitantur,</strong></span> <span class='ocrx_word' id='word_1_561' title='bbox 2147 3921 2230 3978; x_wconf 90' lang='lat' dir='ltr'><strong>sic</strong></span> <span class='ocrx_word' id='word_1_562' title='bbox 2253 3923 2419 3979; x_wconf 85' lang='lat' dir='ltr'><strong>etiam</strong></span> <span class='ocrx_word' id='word_1_563' title='bbox 2455 3926 2491 3981; x_wconf 92' lang='lat' dir='ltr'><strong>ii</strong></span> <span class='ocrx_word' id='word_1_564' title='bbox 2529 3926 2623 3997; x_wconf 87' lang='lat' dir='ltr'><strong>qui</strong></span> <span class='ocrx_word' id='word_1_565' title='bbox 2652 3934 2879 3997; x_wconf 88' lang='lat' dir='ltr'><strong>repente</strong></span> <span class='ocrx_word' id='word_1_566' title='bbox 2928 3926 3130 3981; x_wconf 85' lang='lat' dir='ltr'><strong>divites</strong></span> <span class='ocrx_word' id='word_1_567' title='bbox 3176 3932 3496 3990; x_wconf 84' lang='lat' dir='ltr'><strong>evaserunt,</strong></span> <span class='ocrx_word' id='word_1_568' title='bbox 3552 3937 3684 3978; x_wconf 86' lang='lat' dir='ltr'><strong>cum</strong></span> <span class='ocrx_word' id='word_1_569' title='bbox 3736 3922 3897 3976; x_wconf 77' lang='lat' dir='ltr'><strong>multa</strong></span> 
     </span>
    </p>
   </div>
   <div class='ocr_carea' id='block_1_79' title="bbox 647 3987 1684 4071">
    <p class='ocr_par' dir='ltr' id='par_1_79' title="bbox 647 3987 1684 4071">
     <span class='ocr_line' id='line_1_79' title="bbox 647 3987 1684 4071; baseline 0.02 -31"><span class='ocrx_word' id='word_1_570' title='bbox 647 3987 1031 4059; x_wconf 86' lang='lat' dir='ltr'><strong>acquisierint,</strong></span> <span class='ocrx_word' id='word_1_571' title='bbox 1065 3995 1223 4064; x_wconf 89' lang='lat' dir='ltr'><strong>plura</strong></span> <span class='ocrx_word' id='word_1_572' title='bbox 1258 4002 1684 4071; x_wconf 87' lang='lat' dir='ltr'><strong>concupiscunt.</strong></span> 
     </span>
    </p>
   </div>
   <div class='ocr_carea' id='block_1_80' title="bbox 721 4081 2228 4176">
    <p class='ocr_par' dir='ltr' id='par_1_80' title="bbox 721 4081 2228 4176">
     <span class='ocr_line' id='line_1_80' title="bbox 721 4081 2228 4176; baseline 0.021 -41"><span class='ocrx_word' id='word_1_573' title='bbox 721 4081 870 4140; x_wconf 82' lang='lat' dir='ltr'><strong>Ibid.</strong></span> <span class='ocrx_word' id='word_1_574' title='bbox 901 4088 1185 4158; x_wconf 89' lang='lat' dir='ltr'><strong>—Opibus</strong></span> <span class='ocrx_word' id='word_1_575' title='bbox 1218 4090 1380 4151; x_wconf 82' lang='lat' dir='ltr'><strong>ﬂores</strong></span> <span class='ocrx_word' id='word_1_576' title='bbox 1414 4115 1427 4151; x_wconf 91' lang='lat'><strong>:</strong></span> <span class='ocrx_word' id='word_1_577' title='bbox 1455 4098 1525 4154; x_wconf 93' lang='lat' dir='ltr'><strong>ob</strong></span> <span class='ocrx_word' id='word_1_578' title='bbox 1549 4100 1789 4170; x_wconf 86' lang='lat' dir='ltr'><strong>majores</strong></span> <span class='ocrx_word' id='word_1_579' title='bbox 1807 4110 1934 4161; x_wconf 90' lang='lat' dir='ltr'><strong>tuos</strong></span> <span class='ocrx_word' id='word_1_580' title='bbox 1962 4109 2228 4176; x_wconf 68' lang='lat' dir='ltr'><strong>praeclare</strong></span> 
     </span>
    </p>
   </div>
   <div class='ocr_carea' id='block_1_81' title="bbox 646 4174 2224 4266">
    <p class='ocr_par' dir='ltr' id='par_1_81' title="bbox 646 4174 2224 4266">
     <span class='ocr_line' id='line_1_81' title="bbox 646 4174 2224 4266; baseline 0.02 -40"><span class='ocrx_word' id='word_1_581' title='bbox 646 4174 712 4228; x_wconf 70' lang='lat' dir='ltr'><strong>ale</strong></span> <span class='ocrx_word' id='word_1_582' title='bbox 734 4183 787 4266; x_wconf 77' lang='lat' dir='ltr'><strong>te</strong></span> <span class='ocrx_word' id='word_1_583' title='bbox 818 4178 991 4235; x_wconf 87' lang='lat' dir='ltr'><strong>sentis</strong></span> <span class='ocrx_word' id='word_1_584' title='bbox 1025 4197 1038 4234; x_wconf 94' lang='lat'><strong>:</strong></span> <span class='ocrx_word' id='word_1_585' title='bbox 1066 4183 1253 4252; x_wconf 65' lang='lat' dir='ltr'><strong>patrias</strong></span> <span class='ocrx_word' id='word_1_586' title='bbox 1282 4186 1574 4257; x_wconf 88' lang='lat' dir='ltr'><strong>splendore</strong></span> <span class='ocrx_word' id='word_1_587' title='bbox 1596 4202 1649 4245; x_wconf 90' lang='lat' dir='ltr'><strong>et</strong></span> <span class='ocrx_word' id='word_1_588' title='bbox 1678 4196 1931 4265; x_wconf 88' lang='lat' dir='ltr'><strong>corporis</strong></span> <span class='ocrx_word' id='word_1_589' title='bbox 1962 4174 2224 4266; x_wconf 79' lang='lat' dir='ltr'><strong>pulchri—</strong></span> 
     </span>
    </p>
   </div>
   <div class='ocr_carea' id='block_1_82' title="bbox 651 4264 2224 4355">
    <p class='ocr_par' dir='ltr' id='par_1_82' title="bbox 651 4264 2224 4355">
     <span class='ocr_line' id='line_1_82' title="bbox 651 4264 2224 4355; baseline 0.021 -39"><span class='ocrx_word' id='word_1_590' title='bbox 651 4264 843 4355; x_wconf 78' lang='lat' dir='ltr'><strong>tudine</strong></span> <span class='ocrx_word' id='word_1_591' title='bbox 879 4270 1160 4339; x_wconf 85' lang='lat' dir='ltr'><strong>gloriaris,</strong></span> <span class='ocrx_word' id='word_1_592' title='bbox 1228 4274 1407 4346; x_wconf 88' lang='lat' dir='ltr'><strong>iisque</strong></span> <span class='ocrx_word' id='word_1_593' title='bbox 1440 4278 1746 4340; x_wconf 86' lang='lat' dir='ltr'><strong>honoribus</strong></span> <span class='ocrx_word' id='word_1_594' title='bbox 1782 4288 1877 4355; x_wconf 87' lang='lat' dir='ltr'><strong>qui</strong></span> <span class='ocrx_word' id='word_1_595' title='bbox 1930 4264 1999 4346; x_wconf 88' lang='lat' dir='ltr'><strong>ab</strong></span> <span class='ocrx_word' id='word_1_596' title='bbox 2043 4293 2224 4349; x_wconf 88' lang='lat' dir='ltr'><strong>omni-</strong></span> 
     </span>
    </p>
   </div>
   <div class='ocr_carea' id='block_1_83' title="bbox 645 4351 2221 4448">
    <p class='ocr_par' dir='ltr' id='par_1_83' title="bbox 645 4351 2221 4448">
     <span class='ocr_line' id='line_1_83' title="bbox 645 4351 2221 4448; baseline 0.02 -44"><span class='ocrx_word' id='word_1_597' title='bbox 645 4351 751 4405; x_wconf 88' lang='lat' dir='ltr'><strong>bus</strong></span> <span class='ocrx_word' id='word_1_598' title='bbox 781 4354 836 4408; x_wconf 88' lang='lat' dir='ltr'><strong>in</strong></span> <span class='ocrx_word' id='word_1_599' title='bbox 872 4364 924 4412; x_wconf 89' lang='lat' dir='ltr'><strong>te</strong></span> <span class='ocrx_word' id='word_1_600' title='bbox 967 4366 1381 4429; x_wconf 85' lang='lat' dir='ltr'><strong>congeruntur?</strong></span> <span class='ocrx_word' id='word_1_601' title='bbox 1415 4367 1649 4425; x_wconf 87' lang='lat' dir='ltr'><strong>Attende</strong></span> <span class='ocrx_word' id='word_1_602' title='bbox 1670 4372 1765 4427; x_wconf 90' lang='lat' dir='ltr'><strong>tibi</strong></span> <span class='ocrx_word' id='word_1_603' title='bbox 1798 4351 1926 4444; x_wconf 84' lang='lat' dir='ltr'><strong>ipsi,</strong></span> <span class='ocrx_word' id='word_1_604' title='bbox 1960 4381 2221 4448; x_wconf 87' lang='lat' dir='ltr'><strong>quoniam</strong></span> 
     </span>
    </p>
   </div>
   <div class='ocr_carea' id='block_1_84' title="bbox 648 4444 2224 4527">
    <p class='ocr_par' dir='ltr' id='par_1_84' title="bbox 648 4444 2224 4527">
     <span class='ocr_line' id='line_1_84' title="bbox 648 4444 2224 4527; baseline 0.022 -33"><span class='ocrx_word' id='word_1_605' title='bbox 648 4444 902 4501; x_wconf 81' lang='lat' dir='ltr'><strong>mortalis</strong></span> <span class='ocrx_word' id='word_1_606' title='bbox 938 4463 1020 4513; x_wconf 87' lang='lat' dir='ltr'><strong>es,</strong></span> <span class='ocrx_word' id='word_1_607' title='bbox 1062 4453 1322 4520; x_wconf 86' lang='lat' dir='ltr'><strong>quoniam</strong></span> <span class='ocrx_word' id='word_1_608' title='bbox 1364 4465 1505 4512; x_wconf 82' lang='lat' dir='ltr'><strong>terra</strong></span> <span class='ocrx_word' id='word_1_609' title='bbox 1542 4477 1620 4524; x_wconf 77' lang='lat' dir='ltr'><strong>es,</strong></span> <span class='ocrx_word' id='word_1_610' title='bbox 1651 4470 1701 4517; x_wconf 86' lang='lat' dir='ltr'><strong>et</strong></span> <span class='ocrx_word' id='word_1_611' title='bbox 1735 4464 1793 4518; x_wconf 85' lang='lat' dir='ltr'><strong>in</strong></span> <span class='ocrx_word' id='word_1_612' title='bbox 1827 4444 2027 4523; x_wconf 64' lang='lat' dir='ltr'><strong>terrain</strong></span> <span class='ocrx_word' id='word_1_613' title='bbox 2055 4487 2224 4527; x_wconf 77' lang='lat' dir='ltr'><strong>rever-</strong></span> 
     </span>
    </p>
   </div>
   <div class='ocr_carea' id='block_1_85' title="bbox 653 4533 2223 4630">
    <p class='ocr_par' dir='ltr' id='par_1_85' title="bbox 653 4533 2223 4630">
     <span class='ocr_line' id='line_1_85' title="bbox 653 4533 2223 4630; baseline 0.023 -45"><span class='ocrx_word' id='word_1_614' title='bbox 653 4533 781 4630; x_wconf 68' lang='lat' dir='ltr'><strong>teris</strong></span> <span class='ocrx_word' id='word_1_615' title='bbox 812 4534 966 4606; x_wconf 85' lang='lat' dir='ltr'><strong>(Gen.</strong></span> <span class='ocrx_word' id='word_1_616' title='bbox 1005 4555 1087 4605; x_wconf 86' lang='grc' dir='ltr'>ιιι,</span> <span class='ocrx_word' id='word_1_617' title='bbox 1121 4541 1231 4614; x_wconf 82' lang='grc'><strong>19).</strong></span> <span class='ocrx_word' id='word_1_618' title='bbox 1278 4545 1662 4622; x_wconf 88' lang='lat' dir='ltr'><strong>Circumspice</strong></span> <span class='ocrx_word' id='word_1_619' title='bbox 1701 4554 1848 4627; x_wconf 89' lang='lat' dir='ltr'><strong>illos,</strong></span> <span class='ocrx_word' id='word_1_620' title='bbox 1885 4561 1978 4630; x_wconf 91' lang='lat' dir='ltr'><strong>qui</strong></span> <span class='ocrx_word' id='word_1_621' title='bbox 2011 4571 2139 4619; x_wconf 88' lang='lat' dir='ltr'><strong>ante</strong></span> <span class='ocrx_word' id='word_1_622' title='bbox 2168 4573 2223 4621; x_wconf 90' lang='lat' dir='ltr'><strong>te</strong></span> 
     </span>
    </p>
   </div>
   <div class='ocr_carea' id='block_1_86' title="bbox 650 4625 2227 4712">
    <p class='ocr_par' dir='ltr' id='par_1_86' title="bbox 650 4625 2227 4712">
     <span class='ocr_line' id='line_1_86' title="bbox 650 4625 2227 4712; baseline 0.022 -34"><span class='ocrx_word' id='word_1_623' title='bbox 650 4625 847 4682; x_wconf 89' lang='lat' dir='ltr'><strong>iisdem</strong></span> <span class='ocrx_word' id='word_1_624' title='bbox 897 4629 952 4685; x_wconf 89' lang='lat' dir='ltr'><strong>in</strong></span> <span class='ocrx_word' id='word_1_625' title='bbox 999 4634 1389 4704; x_wconf 88' lang='lat' dir='ltr'><strong>splendoribus</strong></span> <span class='ocrx_word' id='word_1_626' title='bbox 1417 4645 1616 4700; x_wconf 84' lang='lat' dir='ltr'><strong>versati</strong></span> <span class='ocrx_word' id='word_1_627' title='bbox 1669 4625 1917 4707; x_wconf 57' lang='lat' dir='ltr'><strong>fuerunt:</strong></span> <span class='ocrx_word' id='word_1_628' title='bbox 1955 4652 2058 4710; x_wconf 90' lang='lat' dir='ltr'><strong>Ubi</strong></span> <span class='ocrx_word' id='word_1_629' title='bbox 2094 4664 2227 4712; x_wconf 90' lang='lat' dir='ltr'><strong>sunt</strong></span> 
     </span>
    </p>
   </div>
   <div class='ocr_carea' id='block_1_87' title="bbox 651 4719 2225 4804">
    <p class='ocr_par' dir='ltr' id='par_1_87' title="bbox 651 4719 2225 4804">
     <span class='ocr_line' id='line_1_87' title="bbox 651 4719 2225 4804; baseline 0.022 -33"><span class='ocrx_word' id='word_1_630' title='bbox 651 4719 746 4787; x_wconf 88' lang='lat' dir='ltr'><strong>qui</strong></span> <span class='ocrx_word' id='word_1_631' title='bbox 792 4719 848 4775; x_wconf 90' lang='lat' dir='ltr'><strong>in</strong></span> <span class='ocrx_word' id='word_1_632' title='bbox 892 4724 1058 4781; x_wconf 88' lang='lat' dir='ltr'><strong>rebus</strong></span> <span class='ocrx_word' id='word_1_633' title='bbox 1106 4729 1340 4799; x_wconf 87' lang='lat' dir='ltr'><strong>publicis</strong></span> <span class='ocrx_word' id='word_1_634' title='bbox 1394 4736 1783 4795; x_wconf 88' lang='lat' dir='ltr'><strong>auctoritatem</strong></span> <span class='ocrx_word' id='word_1_635' title='bbox 1829 4743 2225 4804; x_wconf 82' lang='lat' dir='ltr'><strong>obtinuerunt?</strong></span> 
     </span>
    </p>
   </div>
   <div class='ocr_carea' id='block_1_88' title="bbox 653 4811 2224 4909">
    <p class='ocr_par' dir='ltr' id='par_1_88' title="bbox 653 4811 2224 4909">
     <span class='ocr_line' id='line_1_88' title="bbox 653 4811 2224 4909; baseline 0.02 -45"><span class='ocrx_word' id='word_1_636' title='bbox 653 4811 1143 4909; x_wconf 45' lang='lat' dir='ltr'><strong>ubi-invictissimi</strong></span> <span class='ocrx_word' id='word_1_637' title='bbox 1184 4828 1476 4883; x_wconf 81' lang='lat' dir='ltr'><strong>oratores?</strong></span> <span class='ocrx_word' id='word_1_638' title='bbox 1526 4830 1621 4886; x_wconf 90' lang='lat' dir='ltr'><strong>ubi</strong></span> <span class='ocrx_word' id='word_1_639' title='bbox 1676 4834 1768 4904; x_wconf 92' lang='lat' dir='ltr'><strong>qui</strong></span> <span class='ocrx_word' id='word_1_640' title='bbox 1819 4836 1957 4891; x_wconf 89' lang='lat' dir='ltr'><strong>festa</strong></span> <span class='ocrx_word' id='word_1_641' title='bbox 2006 4840 2224 4909; x_wconf 84' lang='lat' dir='ltr'><strong>publica</strong></span> 
     </span>
    </p>
   </div>
   <div class='ocr_carea' id='block_1_89' title="bbox 652 4899 2226 4990">
    <p class='ocr_par' dir='ltr' id='par_1_89' title="bbox 652 4899 2226 4990">
     <span class='ocr_line' id='line_1_89' title="bbox 652 4899 2226 4990; baseline 0.019 -37"><span class='ocrx_word' id='word_1_642' title='bbox 652 4899 1056 4957; x_wconf 81' lang='lat' dir='ltr'><strong>instituebant?</strong></span> <span class='ocrx_word' id='word_1_643' title='bbox 1086 4906 1177 4961; x_wconf 92' lang='lat' dir='ltr'><strong>ubi</strong></span> <span class='ocrx_word' id='word_1_644' title='bbox 1210 4913 1456 4979; x_wconf 64' lang='lat' dir='ltr'><strong>praeclari</strong></span> <span class='ocrx_word' id='word_1_645' title='bbox 1494 4916 1572 4971; x_wconf 89' lang='lat' dir='ltr'><strong>illi</strong></span> <span class='ocrx_word' id='word_1_646' title='bbox 1603 4899 1938 4990; x_wconf 77' lang='lat' dir='ltr'><strong>equisones?</strong></span> <span class='ocrx_word' id='word_1_647' title='bbox 1966 4899 2042 4981; x_wconf 77' lang='lat' dir='ltr'><strong>illi</strong></span> <span class='ocrx_word' id='word_1_648' title='bbox 2079 4928 2226 4982; x_wconf 84' lang='lat' dir='ltr'><strong>mili-</strong></span> 
     </span>
    </p>
   </div>
   <div class='ocr_carea' id='block_1_90' title="bbox 635 4990 2227 5087">
    <p class='ocr_par' dir='ltr' id='par_1_90' title="bbox 635 4990 2227 5087">
     <span class='ocr_line' id='line_1_90' title="bbox 635 4990 2227 5087; baseline 0.021 -45"><span class='ocrx_word' id='word_1_649' title='bbox 635 4994 802 5085; x_wconf 33' lang='lat' dir='ltr'><strong>.tares</strong></span> <span class='ocrx_word' id='word_1_650' title='bbox 853 4990 1063 5049; x_wconf 83' lang='lat' dir='ltr'><strong>duces?</strong></span> <span class='ocrx_word' id='word_1_651' title='bbox 1107 4995 1186 5050; x_wconf 90' lang='lat' dir='ltr'><strong>illi</strong></span> <span class='ocrx_word' id='word_1_652' title='bbox 1232 5005 1479 5069; x_wconf 83' lang='lat' dir='ltr'><strong>tyranni?</strong></span> <span class='ocrx_word' id='word_1_653' title='bbox 1537 5007 1730 5066; x_wconf 86' lang='lat' dir='ltr'><strong>Nonne</strong></span> <span class='ocrx_word' id='word_1_654' title='bbox 1788 5015 1975 5069; x_wconf 90' lang='lat' dir='ltr'><strong>omnia</strong></span> <span class='ocrx_word' id='word_1_655' title='bbox 2010 5018 2227 5087; x_wconf 80' lang='lat' dir='ltr'><strong>pulvis,</strong></span> 
     </span>
    </p>
   </div>
   <div class='ocr_carea' id='block_1_91' title="bbox 636 5083 2247 5171">
    <p class='ocr_par' dir='ltr' id='par_1_91' title="bbox 636 5083 2247 5171">
     <span class='ocr_line' id='line_1_91' title="bbox 636 5083 2247 5171; baseline 0.02 -37"><span class='ocrx_word' id='word_1_656' title='bbox 636 5083 840 5149; x_wconf 79' lang='lat' dir='ltr'><strong>omnia</strong></span> <span class='ocrx_word' id='word_1_657' title='bbox 873 5083 1057 5141; x_wconf 88' lang='lat' dir='ltr'><strong>fabula</strong></span> <span class='ocrx_word' id='word_1_658' title='bbox 1090 5091 1250 5143; x_wconf 89' lang='lat' dir='ltr'><strong>sunt?</strong></span> <span class='ocrx_word' id='word_1_659' title='bbox 1295 5108 1475 5153; x_wconf 92' lang='lat' dir='ltr'><strong>nonne</strong></span> <span class='ocrx_word' id='word_1_660' title='bbox 1499 5099 1552 5153; x_wconf 91' lang='lat' dir='ltr'><strong>in</strong></span> <span class='ocrx_word' id='word_1_661' title='bbox 1577 5102 1771 5171; x_wconf 90' lang='lat' dir='ltr'><strong>paucis</strong></span> <span class='ocrx_word' id='word_1_662' title='bbox 1798 5083 2247 5167; x_wconf 30' lang='lat' dir='ltr'><strong>ossibuswoumis-</strong></span> 
     </span>
    </p>
   </div>
   <div class='ocr_carea' id='block_1_92' title="bbox 655 5177 2229 5271">
    <p class='ocr_par' dir='ltr' id='par_1_92' title="bbox 655 5177 2229 5271">
     <span class='ocr_line' id='line_1_92' title="bbox 655 5177 2229 5271; baseline 0.02 -44"><span class='ocrx_word' id='word_1_663' title='bbox 655 5188 847 5231; x_wconf 87' lang='lat' dir='ltr'><strong>eorum</strong></span> <span class='ocrx_word' id='word_1_664' title='bbox 878 5177 1001 5265; x_wconf 82' lang='lat' dir='ltr'><strong>vitae</strong></span> <span class='ocrx_word' id='word_1_665' title='bbox 1023 5183 1288 5238; x_wconf 89' lang='lat' dir='ltr'><strong>memoria</strong></span> <span class='ocrx_word' id='word_1_666' title='bbox 1315 5186 1420 5241; x_wconf 89' lang='lat' dir='ltr'><strong>sita</strong></span> <span class='ocrx_word' id='word_1_667' title='bbox 1447 5194 1567 5245; x_wconf 83' lang='lat' dir='ltr'><strong>est?</strong></span> <span class='ocrx_word' id='word_1_668' title='bbox 1590 5194 1851 5253; x_wconf 87' lang='lat' dir='ltr'><strong>lncumbe</strong></span> <span class='ocrx_word' id='word_1_669' title='bbox 1874 5197 1926 5252; x_wconf 92' lang='lat' dir='ltr'><strong>in</strong></span> <span class='ocrx_word' id='word_1_670' title='bbox 1952 5202 2229 5271; x_wconf 84' lang='lat' dir='ltr'><strong>sepulcra,</strong></span> 
     </span>
    </p>
   </div>
   <div class='ocr_carea' id='block_1_93' title="bbox 656 5271 2229 5359">
    <p class='ocr_par' dir='ltr' id='par_1_93' title="bbox 656 5271 2229 5359">
     <span class='ocr_line' id='line_1_93' title="bbox 656 5271 2229 5359; baseline 0.017 -35"><span class='ocrx_word' id='word_1_671' title='bbox 656 5285 721 5326; x_wconf 90' lang='lat' dir='ltr'><strong>ac</strong></span> <span class='ocrx_word' id='word_1_672' title='bbox 750 5271 873 5327; x_wconf 83' lang='lat' dir='ltr'><strong>vide</strong></span> <span class='ocrx_word' id='word_1_673' title='bbox 906 5286 1037 5327; x_wconf 89' lang='lat' dir='ltr'><strong>num</strong></span> <span class='ocrx_word' id='word_1_674' title='bbox 1096 5272 1357 5332; x_wconf 85' lang='lat' dir='ltr'><strong>famulum</strong></span> <span class='ocrx_word' id='word_1_675' title='bbox 1407 5280 1476 5336; x_wconf 87' lang='lat' dir='ltr'><strong>ab</strong></span> <span class='ocrx_word' id='word_1_676' title='bbox 1516 5282 1651 5339; x_wconf 90' lang='lat' dir='ltr'><strong>hero</strong></span> <span class='ocrx_word' id='word_1_677' title='bbox 1688 5304 1861 5357; x_wconf 88' lang='lat' dir='ltr'><strong>queas</strong></span> <span class='ocrx_word' id='word_1_678' title='bbox 1904 5306 2229 5359; x_wconf 89' lang='lat' dir='ltr'><strong>secernere;</strong></span> 
     </span>
    </p>
   </div>
   <div class='ocr_carea' id='block_1_94' title="bbox 615 5362 2226 5454">
    <p class='ocr_par' dir='ltr' id='par_1_94' title="bbox 615 5362 2226 5454">
     <span class='ocr_line' id='line_1_94' title="bbox 615 5362 2226 5454; baseline 0.016 -38"><span class='ocrx_word' id='word_1_679' title='bbox 615 5438 619 5442; x_wconf 15' lang='grc' dir='ltr'>ν</span> <span class='ocrx_word' id='word_1_680' title='bbox 655 5362 749 5417; x_wconf 89' lang='lat' dir='ltr'><strong>ubi</strong></span> <span class='ocrx_word' id='word_1_681' title='bbox 773 5378 982 5435; x_wconf 87' lang='lat' dir='ltr'><strong>pauper</strong></span> <span class='ocrx_word' id='word_1_682' title='bbox 1012 5364 1216 5435; x_wconf 89' lang='lat' dir='ltr'><strong>jaceat,</strong></span> <span class='ocrx_word' id='word_1_683' title='bbox 1272 5372 1363 5425; x_wconf 89' lang='lat' dir='ltr'><strong>ubi</strong></span> <span class='ocrx_word' id='word_1_684' title='bbox 1407 5372 1581 5449; x_wconf 71' lang='lat' dir='ltr'><strong>dives.</strong></span> <span class='ocrx_word' id='word_1_685' title='bbox 1635 5377 1937 5453; x_wconf 88' lang='lat' dir='ltr'><strong>Distingue,</strong></span> <span class='ocrx_word' id='word_1_686' title='bbox 1968 5383 2014 5438; x_wconf 90' lang='lat' dir='ltr'><strong>si</strong></span> <span class='ocrx_word' id='word_1_687' title='bbox 2048 5392 2226 5454; x_wconf 88' lang='lat' dir='ltr'><strong>potes,</strong></span> 
     </span>
    </p>
   </div>
   <div class='ocr_carea' id='block_1_95' title="bbox 651 5456 2222 5543">
    <p class='ocr_par' dir='ltr' id='par_1_95' title="bbox 651 5456 2222 5543">
     <span class='ocr_line' id='line_1_95' title="bbox 651 5456 2222 5543; baseline 0.015 -36"><span class='ocrx_word' id='word_1_688' title='bbox 651 5456 895 5509; x_wconf 84' lang='lat' dir='ltr'><strong>vinctum</strong></span> <span class='ocrx_word' id='word_1_689' title='bbox 935 5472 965 5511; x_wconf 75' lang='grc' dir='ltr'><strong>ιι</strong></span> <span class='ocrx_word' id='word_1_690' title='bbox 1000 5473 1147 5531; x_wconf 85' lang='lat' dir='ltr'><strong>rege,</strong></span> <span class='ocrx_word' id='word_1_691' title='bbox 1188 5460 1384 5519; x_wconf 83' lang='lat' dir='ltr'><strong>fortem</strong></span> <span class='ocrx_word' id='word_1_692' title='bbox 1429 5465 1497 5520; x_wconf 89' lang='lat' dir='ltr'><strong>ab</strong></span> <span class='ocrx_word' id='word_1_693' title='bbox 1554 5468 1832 5539; x_wconf 90' lang='lat' dir='ltr'><strong>imbecilli,</strong></span> <span class='ocrx_word' id='word_1_694' title='bbox 1874 5475 2163 5543; x_wconf 86' lang='lat' dir='ltr'><strong>pulchrum</strong></span> <span class='ocrx_word' id='word_1_695' title='bbox 2191 5491 2222 5530; x_wconf 89' lang='lat' dir='ltr'><strong>a</strong></span> 
     </span>
    </p>
   </div>
   <div class='ocr_carea' id='block_1_96' title="bbox 651 5544 2219 5639">
    <p class='ocr_par' dir='ltr' id='par_1_96' title="bbox 651 5544 2219 5639">
     <span class='ocr_line' id='line_1_96' title="bbox 651 5544 2219 5639; baseline 0.017 -43"><span class='ocrx_word' id='word_1_696' title='bbox 651 5544 911 5600; x_wconf 85' lang='lat' dir='ltr'><strong>deformi.</strong></span> <span class='ocrx_word' id='word_1_697' title='bbox 961 5548 1181 5608; x_wconf 64' lang='lat' dir='ltr'><strong>Naturae</strong></span> <span class='ocrx_word' id='word_1_698' title='bbox 1235 5555 1405 5626; x_wconf 86' lang='lat' dir='ltr'><strong>igitur</strong></span> <span class='ocrx_word' id='word_1_699' title='bbox 1453 5558 1498 5615; x_wconf 90' lang='lat' dir='ltr'><strong>si</strong></span> <span class='ocrx_word' id='word_1_700' title='bbox 1557 5564 1892 5631; x_wconf 84' lang='lat' dir='ltr'><strong>memineris,</strong></span> <span class='ocrx_word' id='word_1_701' title='bbox 1942 5584 2219 5639; x_wconf 83' lang='lat' dir='ltr'><strong>nunquam</strong></span> 
     </span>
    </p>
   </div>
   <div class='ocr_carea' id='block_1_97' title="bbox 653 5637 1135 5699">
    <p class='ocr_par' dir='ltr' id='par_1_97' title="bbox 653 5637 1135 5699">
     <span class='ocr_line' id='line_1_97' title="bbox 653 5637 1135 5699; baseline 0.025 -11"><span class='ocrx_word' id='word_1_702' title='bbox 653 5637 870 5693; x_wconf 83' lang='lat' dir='ltr'><strong>attolles</strong></span> <span class='ocrx_word' id='word_1_703' title='bbox 902 5643 1135 5699; x_wconf 87' lang='lat' dir='ltr'><strong>animos.</strong></span> 
     </span>
    </p>
   </div>
   <div class='ocr_carea' id='block_1_98' title="bbox 727 5727 2224 5822">
    <p class='ocr_par' dir='ltr' id='par_1_98' title="bbox 727 5727 2224 5822">
     <span class='ocr_line' id='line_1_98' title="bbox 727 5727 2224 5822; baseline 0.019 -41"><span class='ocrx_word' id='word_1_704' title='bbox 727 5727 869 5786; x_wconf 82' lang='lat' dir='ltr'><strong>Ibid.</strong></span> <span class='ocrx_word' id='word_1_705' title='bbox 906 5766 973 5773; x_wconf 96' lang='lat'><strong><em>—</em></strong></span> <span class='ocrx_word' id='word_1_706' title='bbox 1004 5735 1247 5796; x_wconf 81' lang='lat' dir='ltr'><strong>Avarum</strong></span> <span class='ocrx_word' id='word_1_707' title='bbox 1294 5743 1425 5811; x_wconf 86' lang='lat' dir='ltr'><strong>quid</strong></span> <span class='ocrx_word' id='word_1_708' title='bbox 1460 5745 1602 5812; x_wconf 80' lang='lat' dir='ltr'><strong>potis</strong></span> <span class='ocrx_word' id='word_1_709' title='bbox 1651 5748 1722 5801; x_wconf 87' lang='lat' dir='ltr'><strong>sit</strong></span> <span class='ocrx_word' id='word_1_710' title='bbox 1760 5750 2058 5807; x_wconf 84' lang='lat' dir='ltr'><strong>cohibere?</strong></span> <span class='ocrx_word' id='word_1_711' title='bbox 2104 5754 2224 5822; x_wconf 80' lang='lat' dir='ltr'><strong>igne</strong></span> 
     </span>
    </p>
   </div>
   <div class='ocr_carea' id='block_1_99' title="bbox 656 5823 2223 5904">
    <p class='ocr_par' dir='ltr' id='par_1_99' title="bbox 656 5823 2223 5904">
     <span class='ocr_line' id='line_1_99' title="bbox 656 5823 2223 5904; baseline 0.019 -29"><span class='ocrx_word' id='word_1_712' title='bbox 656 5823 903 5882; x_wconf 63' lang='lat' dir='ltr'><strong>atrocior</strong></span> <span class='ocrx_word' id='word_1_713' title='bbox 937 5836 1038 5891; x_wconf 79' lang='lat' dir='ltr'><strong>est,</strong></span> <span class='ocrx_word' id='word_1_714' title='bbox 1082 5832 1261 5888; x_wconf 79' lang='lat' dir='ltr'><strong>omnia</strong></span> <span class='ocrx_word' id='word_1_715' title='bbox 1306 5837 1569 5894; x_wconf 77' lang='lat' dir='ltr'><strong>continuo</strong></span> <span class='ocrx_word' id='word_1_716' title='bbox 1620 5840 1941 5900; x_wconf 63' lang='lat' dir='ltr'><strong>deposcens.</strong></span> <span class='ocrx_word' id='word_1_717' title='bbox 1981 5844 2223 5904; x_wconf 78' lang='lat' dir='ltr'><strong>Proximi</strong></span> 
     </span>
    </p>
   </div>
   <div class='ocr_carea' id='block_1_100' title="bbox 2396 4112 3894 4185">
    <p class='ocr_par' dir='ltr' id='par_1_100' title="bbox 2396 4112 3894 4185">
     <span class='ocr_line' id='line_1_100' title="bbox 2396 4112 3894 4185; baseline -0.002 -19"><span class='ocrx_word' id='word_1_718' title='bbox 2396 4113 2621 4184; x_wconf 74' lang='grc' dir='ltr'>Πλουτῳ</span> <span class='ocrx_word' id='word_1_719' title='bbox 2636 4114 2941 4185; x_wconf 30' lang='grc' dir='ltr'>κομᾷς,δκαι</span> <span class='ocrx_word' id='word_1_720' title='bbox 2964 4129 3058 4165; x_wconf 78' lang='grc' dir='ltr'><strong>επι</strong></span> <span class='ocrx_word' id='word_1_721' title='bbox 3074 4126 3359 4182; x_wconf 89' lang='grc' dir='ltr'>προγονοις</span> <span class='ocrx_word' id='word_1_722' title='bbox 3377 4125 3522 4180; x_wconf 84' lang='grc' dir='ltr'>μεγα</span> <span class='ocrx_word' id='word_1_723' title='bbox 3540 4112 3767 4180; x_wconf 78' lang='grc' dir='ltr'>φρονεῖς</span> <span class='ocrx_word' id='word_1_724' title='bbox 3781 4128 3797 4173; x_wconf 93' lang='lat'>;</span> <span class='ocrx_word' id='word_1_725' title='bbox 3810 4112 3894 4163; x_wconf 74' lang='grc' dir='ltr'>καὶ</span> 
     </span>
    </p>
   </div>
   <div class='ocr_carea' id='block_1_101' title="bbox 2325 4202 3896 4279">
    <p class='ocr_par' dir='ltr' id='par_1_101' title="bbox 2325 4202 3896 4279">
     <span class='ocr_line' id='line_1_101' title="bbox 2325 4202 3896 4279; baseline -0.003 -21"><span class='ocrx_word' id='word_1_726' title='bbox 2325 4205 2610 4279; x_wconf 76' lang='grc' dir='ltr'>ἐπαγάλλῃ</span> <span class='ocrx_word' id='word_1_727' title='bbox 2635 4205 2876 4277; x_wconf 88' lang='grc' dir='ltr'>πατρίδι,</span> <span class='ocrx_word' id='word_1_728' title='bbox 2894 4206 2991 4260; x_wconf 78' lang='grc' dir='ltr'>καὶ</span> <span class='ocrx_word' id='word_1_729' title='bbox 3009 4205 3194 4258; x_wconf 81' lang='grc' dir='ltr'>κάλλει</span> <span class='ocrx_word' id='word_1_730' title='bbox 3212 4202 3483 4272; x_wconf 84' lang='grc' dir='ltr'>σώματος,</span> <span class='ocrx_word' id='word_1_731' title='bbox 3497 4205 3594 4255; x_wconf 75' lang='grc' dir='ltr'>καὶ</span> <span class='ocrx_word' id='word_1_732' title='bbox 3612 4206 3738 4265; x_wconf 81' lang='grc' dir='ltr'>ταῖς</span> <span class='ocrx_word' id='word_1_733' title='bbox 3761 4202 3896 4271; x_wconf 78' lang='grc' dir='ltr'>παρὰ</span> 
     </span>
    </p>
   </div>
   <div class='ocr_carea' id='block_1_102' title="bbox 2326 4291 3891 4371">
    <p class='ocr_par' dir='ltr' id='par_1_102' title="bbox 2326 4291 3891 4371">
     <span class='ocr_line' id='line_1_102' title="bbox 2326 4291 3891 4371; baseline -0.004 -18"><span class='ocrx_word' id='word_1_734' title='bbox 2326 4298 2545 4353; x_wconf 83' lang='grc' dir='ltr'>πάντων</span> <span class='ocrx_word' id='word_1_735' title='bbox 2560 4302 2746 4370; x_wconf 78' lang='grc' dir='ltr'>τιμαῖς</span> <span class='ocrx_word' id='word_1_736' title='bbox 2763 4316 2777 4363; x_wconf 87' lang='lat'><strong>;</strong></span> <span class='ocrx_word' id='word_1_737' title='bbox 2796 4299 3040 4371; x_wconf 85' lang='grc' dir='ltr'>Πρόσεχε</span> <span class='ocrx_word' id='word_1_738' title='bbox 3064 4296 3295 4366; x_wconf 80' lang='grc' dir='ltr'>σεαυτῷ,</span> <span class='ocrx_word' id='word_1_739' title='bbox 3309 4297 3392 4349; x_wconf 83' lang='grc' dir='ltr'>ὅτι</span> <span class='ocrx_word' id='word_1_740' title='bbox 3411 4294 3610 4366; x_wconf 76' lang='grc' dir='ltr'>θνητὸς</span> <span class='ocrx_word' id='word_1_741' title='bbox 3625 4291 3681 4347; x_wconf 75' lang='grc' dir='ltr'><strong>εί</strong></span> <span class='ocrx_word' id='word_1_742' title='bbox 3693 4313 3709 4327; x_wconf 70' lang='grc'><strong><em>⁸</em></strong></span> <span class='ocrx_word' id='word_1_743' title='bbox 3730 4297 3809 4349; x_wconf 84' lang='grc' dir='ltr'><strong>δτι</strong></span> <span class='ocrx_word' id='word_1_744' title='bbox 3826 4295 3891 4365; x_wconf 74' lang='grc' dir='ltr'>γῆ</span> 
     </span>
    </p>
   </div>
   <div class='ocr_carea' id='block_1_103' title="bbox 2325 4386 3893 4461">
    <p class='ocr_par' dir='ltr' id='par_1_103' title="bbox 2325 4386 3893 4461">
     <span class='ocr_line' id='line_1_103' title="bbox 2325 4386 3893 4461; baseline -0.004 -16"><span class='ocrx_word' id='word_1_745' title='bbox 2325 4392 2399 4457; x_wconf 81' lang='grc' dir='ltr'>εἷ,</span> <span class='ocrx_word' id='word_1_746' title='bbox 2426 4392 2525 4445; x_wconf 79' lang='grc' dir='ltr'>καὶ</span> <span class='ocrx_word' id='word_1_747' title='bbox 2547 4394 2635 4457; x_wconf 84' lang='grc' dir='ltr'>εὶς</span> <span class='ocrx_word' id='word_1_748' title='bbox 2655 4388 2772 4459; x_wconf 76' lang='grc' dir='ltr'><strong>γῆν</strong></span> <span class='ocrx_word' id='word_1_749' title='bbox 2792 4390 3127 4458; x_wconf 74' lang='grc' dir='ltr'>ἀπελεύσῃ.</span> <span class='ocrx_word' id='word_1_750' title='bbox 3145 4386 3479 4461; x_wconf 77' lang='grc' dir='ltr'>Περίϐλεψαι</span> <span class='ocrx_word' id='word_1_751' title='bbox 3506 4390 3641 4449; x_wconf 72' lang='grc' dir='ltr'>τοὺς</span> <span class='ocrx_word' id='word_1_752' title='bbox 3662 4386 3775 4457; x_wconf 74' lang='grc' dir='ltr'>πρὸ</span> <span class='ocrx_word' id='word_1_753' title='bbox 3808 4386 3893 4439; x_wconf 79' lang='grc' dir='ltr'><strong>σοῦ</strong></span> 
     </span>
    </p>
   </div>
   <div class='ocr_carea' id='block_1_104' title="bbox 2251 4475 3895 4573">
    <p class='ocr_par' dir='ltr' id='par_1_104' title="bbox 2251 4475 3895 4573">
     <span class='ocr_line' id='line_1_104' title="bbox 2251 4475 3895 4573; baseline -0.003 -38"><span class='ocrx_word' id='word_1_754' title='bbox 2251 4516 2299 4573; x_wconf 76' lang='lat' dir='ltr'><strong>D</strong></span> <span class='ocrx_word' id='word_1_755' title='bbox 2324 4481 2384 4535; x_wconf 84' lang='grc' dir='ltr'><strong>ἐν</strong></span> <span class='ocrx_word' id='word_1_756' title='bbox 2420 4482 2540 4545; x_wconf 86' lang='grc' dir='ltr'>ταῖς</span> <span class='ocrx_word' id='word_1_757' title='bbox 2590 4480 2802 4551; x_wconf 86' lang='grc' dir='ltr'>ὁμοίαις</span> <span class='ocrx_word' id='word_1_758' title='bbox 2846 4478 3249 4545; x_wconf 78' lang='grc' dir='ltr'>ἐξετασθέντας.</span> <span class='ocrx_word' id='word_1_759' title='bbox 3279 4475 3390 4573; x_wconf 81' lang='grc' dir='ltr'><strong>Ποῦ</strong></span> <span class='ocrx_word' id='word_1_760' title='bbox 3415 4477 3469 4529; x_wconf 85' lang='grc' dir='ltr'><strong>οί</strong></span> <span class='ocrx_word' id='word_1_761' title='bbox 3487 4476 3597 4573; x_wconf 67' lang='grc' dir='ltr'>τὰς</span> <span class='ocrx_word' id='word_1_762' title='bbox 3619 4476 3895 4573; x_wconf 73' lang='grc' dir='ltr'>πολιτικὰς</span> 
     </span>
    </p>
   </div>
   <div class='ocr_carea' id='block_1_105' title="bbox 2326 4568 3896 4643">
    <p class='ocr_par' dir='ltr' id='par_1_105' title="bbox 2326 4568 3896 4643">
     <span class='ocr_line' id='line_1_105' title="bbox 2326 4568 3896 4643; baseline -0.004 -17"><span class='ocrx_word' id='word_1_763' title='bbox 2326 4572 2587 4643; x_wconf 84' lang='grc' dir='ltr'>δυνάμεις</span> <span class='ocrx_word' id='word_1_764' title='bbox 2651 4570 3151 4642; x_wconf 77' lang='grc' dir='ltr'>περιϐεϐλημένοι;</span> <span class='ocrx_word' id='word_1_765' title='bbox 3206 4568 3317 4623; x_wconf 90' lang='grc' dir='ltr'><strong>Ποῦ</strong></span> <span class='ocrx_word' id='word_1_766' title='bbox 3375 4570 3426 4623; x_wconf 89' lang='grc' dir='ltr'><strong>οί</strong></span> <span class='ocrx_word' id='word_1_767' title='bbox 3482 4568 3896 4639; x_wconf 78' lang='grc' dir='ltr'>δυσμαχώτατοι</span> 
     </span>
    </p>
   </div>
   <div class='ocr_carea' id='block_1_106' title="bbox 2330 4659 3897 4735">
    <p class='ocr_par' dir='ltr' id='par_1_106' title="bbox 2330 4659 3897 4735">
     <span class='ocr_line' id='line_1_106' title="bbox 2330 4659 3897 4735; baseline -0.002 -19"><span class='ocrx_word' id='word_1_768' title='bbox 2330 4665 2587 4735; x_wconf 52' lang='lat' dir='ltr'><strong>(Sinopes;</strong></span> <span class='ocrx_word' id='word_1_769' title='bbox 2618 4660 2722 4715; x_wconf 91' lang='grc' dir='ltr'><strong>ποῦ</strong></span> <span class='ocrx_word' id='word_1_770' title='bbox 2742 4662 2793 4715; x_wconf 78' lang='grc' dir='ltr'>οἱ</span> <span class='ocrx_word' id='word_1_771' title='bbox 2817 4661 2915 4725; x_wconf 84' lang='grc' dir='ltr'><strong>τὰς</strong></span> <span class='ocrx_word' id='word_1_772' title='bbox 2937 4660 3275 4734; x_wconf 79' lang='grc' dir='ltr'>πανηγύρεις</span> <span class='ocrx_word' id='word_1_773' title='bbox 3294 4659 3659 4725; x_wconf 73' lang='grc' dir='ltr'>διατιθέντεςς</span> <span class='ocrx_word' id='word_1_774' title='bbox 3698 4663 3750 4714; x_wconf 89' lang='grc' dir='ltr'><strong>οί</strong></span> <span class='ocrx_word' id='word_1_775' title='bbox 3773 4661 3897 4728; x_wconf 80' lang='grc' dir='ltr'>λαμ-</span> 
     </span>
    </p>
   </div>
   <div class='ocr_carea' id='block_1_107' title="bbox 2326 4752 3896 4827">
    <p class='ocr_par' dir='ltr' id='par_1_107' title="bbox 2326 4752 3896 4827">
     <span class='ocr_line' id='line_1_107' title="bbox 2326 4752 3896 4827; baseline -0.003 -18"><span class='ocrx_word' id='word_1_776' title='bbox 2326 4754 2456 4825; x_wconf 83' lang='grc' dir='ltr'>προὶ</span> <span class='ocrx_word' id='word_1_777' title='bbox 2481 4755 2823 4827; x_wconf 79' lang='grc' dir='ltr'>ἱπποτρόφοι,</span> <span class='ocrx_word' id='word_1_778' title='bbox 2839 4754 2889 4808; x_wconf 92' lang='grc' dir='ltr'><strong>οί</strong></span> <span class='ocrx_word' id='word_1_779' title='bbox 2912 4754 3228 4826; x_wconf 83' lang='grc' dir='ltr'>στρατηγοὶ,</span> <span class='ocrx_word' id='word_1_780' title='bbox 3252 4753 3302 4807; x_wconf 85' lang='lat' dir='ltr'><strong>oi</strong></span> <span class='ocrx_word' id='word_1_781' title='bbox 3316 4752 3593 4824; x_wconf 77' lang='grc' dir='ltr'>τύραννοις</span> <span class='ocrx_word' id='word_1_782' title='bbox 3618 4754 3697 4806; x_wconf 79' lang='grc' dir='ltr'>θύ</span> <span class='ocrx_word' id='word_1_783' title='bbox 3723 4752 3896 4805; x_wconf 70' lang='grc' dir='ltr'>πάντα</span> 
     </span>
    </p>
   </div>
   <div class='ocr_carea' id='block_1_108' title="bbox 2328 4843 3898 4917">
    <p class='ocr_par' dir='ltr' id='par_1_108' title="bbox 2328 4843 3898 4917">
     <span class='ocr_line' id='line_1_108' title="bbox 2328 4843 3898 4917; baseline -0.005 -15"><span class='ocrx_word' id='word_1_784' title='bbox 2328 4849 2509 4915; x_wconf 85' lang='grc' dir='ltr'>κόνις;</span> <span class='ocrx_word' id='word_1_785' title='bbox 2544 4849 2605 4901; x_wconf 88' lang='grc' dir='ltr'><strong>ού</strong></span> <span class='ocrx_word' id='word_1_786' title='bbox 2639 4848 2818 4902; x_wconf 84' lang='grc' dir='ltr'>πάντα</span> <span class='ocrx_word' id='word_1_787' title='bbox 2876 4844 3046 4917; x_wconf 88' lang='grc' dir='ltr'>μῦθος</span> <span class='ocrx_word' id='word_1_788' title='bbox 3070 4863 3086 4912; x_wconf 90' lang='lat'><strong>;</strong></span> <span class='ocrx_word' id='word_1_789' title='bbox 3114 4846 3214 4898; x_wconf 82' lang='grc' dir='ltr'>οὐκ</span> <span class='ocrx_word' id='word_1_790' title='bbox 3250 4845 3310 4898; x_wconf 91' lang='grc' dir='ltr'><strong>ἐν</strong></span> <span class='ocrx_word' id='word_1_791' title='bbox 3338 4843 3540 4912; x_wconf 81' lang='grc' dir='ltr'>ὀλίγοις</span> <span class='ocrx_word' id='word_1_792' title='bbox 3568 4843 3786 4906; x_wconf 79' lang='grc' dir='ltr'>ὀστέοις</span> <span class='ocrx_word' id='word_1_793' title='bbox 3833 4844 3898 4895; x_wconf 64' lang='grc' dir='ltr'>τὰ</span> 
     </span>
    </p>
   </div>
   <div class='ocr_carea' id='block_1_109' title="bbox 2334 4935 3898 5010">
    <p class='ocr_par' dir='ltr' id='par_1_109' title="bbox 2334 4935 3898 5010">
     <span class='ocr_line' id='line_1_109' title="bbox 2334 4935 3898 5010; baseline -0.003 -18"><span class='ocrx_word' id='word_1_794' title='bbox 2334 4940 2659 5010; x_wconf 87' lang='grc' dir='ltr'>μνημόσυνα</span> <span class='ocrx_word' id='word_1_795' title='bbox 2706 4940 2810 5009; x_wconf 82' lang='grc' dir='ltr'><strong>τῆς</strong></span> <span class='ocrx_word' id='word_1_796' title='bbox 2862 4938 3035 5008; x_wconf 81' lang='grc' dir='ltr'><strong>ζωῆς’</strong></span> <span class='ocrx_word' id='word_1_797' title='bbox 3070 4937 3283 5001; x_wconf 84' lang='grc' dir='ltr'>αύτῶν;</span> <span class='ocrx_word' id='word_1_798' title='bbox 3328 4935 3606 5005; x_wconf 73' lang='grc' dir='ltr'>Ἐγκυψον</span> <span class='ocrx_word' id='word_1_799' title='bbox 3642 4938 3758 4996; x_wconf 75' lang='grc' dir='ltr'>τοῖς</span> <span class='ocrx_word' id='word_1_800' title='bbox 3804 4936 3898 4987; x_wconf 68' lang='grc' dir='ltr'><strong>τά·</strong></span> 
     </span>
    </p>
   </div>
   <div class='ocr_carea' id='block_1_110' title="bbox 2329 5025 3901 5102">
    <p class='ocr_par' dir='ltr' id='par_1_110' title="bbox 2329 5025 3901 5102">
     <span class='ocr_line' id='line_1_110' title="bbox 2329 5025 3901 5102; baseline -0.004 -20"><span class='ocrx_word' id='word_1_801' title='bbox 2329 5046 2472 5098; x_wconf 88' lang='grc' dir='ltr'>φοις,</span> <span class='ocrx_word' id='word_1_802' title='bbox 2501 5032 2550 5084; x_wconf 85' lang='grc' dir='ltr'><strong>εί</strong></span> <span class='ocrx_word' id='word_1_803' title='bbox 2584 5031 2789 5102; x_wconf 80' lang='grc' dir='ltr'>δυνήσῃ</span> <span class='ocrx_word' id='word_1_804' title='bbox 2824 5029 3119 5099; x_wconf 82' lang='grc' dir='ltr'>διακρῖναι,</span> <span class='ocrx_word' id='word_1_805' title='bbox 3157 5026 3240 5091; x_wconf 88' lang='grc' dir='ltr'><strong>τίς</strong></span> <span class='ocrx_word' id='word_1_806' title='bbox 3285 5028 3313 5080; x_wconf 86' lang='grc' dir='ltr'><strong>ὁ</strong></span> <span class='ocrx_word' id='word_1_807' title='bbox 3360 5026 3576 5095; x_wconf 74' lang='grc' dir='ltr'>οἰκέτης</span> <span class='ocrx_word' id='word_1_808' title='bbox 3598 5068 3613 5090; x_wconf 93' lang='grc'><strong>,</strong></span> <span class='ocrx_word' id='word_1_809' title='bbox 3644 5025 3742 5077; x_wconf 73' lang='grc' dir='ltr'><strong>καὶ</strong></span> <span class='ocrx_word' id='word_1_810' title='bbox 3768 5026 3850 5086; x_wconf 79' lang='grc' dir='ltr'><strong>τίς</strong></span> <span class='ocrx_word' id='word_1_811' title='bbox 3872 5026 3901 5076; x_wconf 85' lang='grc' dir='ltr'><strong>ὸ</strong></span> 
     </span>
    </p>
   </div>
   <div class='ocr_carea' id='block_1_111' title="bbox 2329 5116 3897 5193">
    <p class='ocr_par' dir='ltr' id='par_1_111' title="bbox 2329 5116 3897 5193">
     <span class='ocr_line' id='line_1_111' title="bbox 2329 5116 3897 5193; baseline -0.003 -19"><span class='ocrx_word' id='word_1_812' title='bbox 2329 5121 2631 5193; x_wconf 83' lang='grc' dir='ltr'>δεσπότης·</span> <span class='ocrx_word' id='word_1_813' title='bbox 2663 5119 2766 5173; x_wconf 87' lang='grc' dir='ltr'><strong>ποῦ</strong></span> <span class='ocrx_word' id='word_1_814' title='bbox 2817 5122 2845 5173; x_wconf 86' lang='grc' dir='ltr'><strong>ό</strong></span> <span class='ocrx_word' id='word_1_815' title='bbox 2889 5118 3124 5188; x_wconf 78' lang='grc' dir='ltr'>πτωχὸς,</span> <span class='ocrx_word' id='word_1_816' title='bbox 3153 5118 3247 5171; x_wconf 76' lang='grc' dir='ltr'>καὶ</span> <span class='ocrx_word' id='word_1_817' title='bbox 3279 5118 3363 5179; x_wconf 89' lang='grc' dir='ltr'><strong>τίς</strong></span> <span class='ocrx_word' id='word_1_818' title='bbox 3397 5119 3426 5171; x_wconf 85' lang='grc' dir='ltr'>ὁ</span> <span class='ocrx_word' id='word_1_819' title='bbox 3464 5116 3745 5179; x_wconf 85' lang='grc' dir='ltr'>πλούσιος.</span> <span class='ocrx_word' id='word_1_820' title='bbox 3776 5117 3897 5169; x_wconf 60' lang='lat' dir='ltr'><strong>Atio</strong></span> 
     </span>
    </p>
   </div>
   <div class='ocr_carea' id='block_1_112' title="bbox 2330 5207 3898 5282">
    <p class='ocr_par' dir='ltr' id='par_1_112' title="bbox 2330 5207 3898 5282">
     <span class='ocr_line' id='line_1_112' title="bbox 2330 5207 3898 5282; baseline -0.006 -17"><span class='ocrx_word' id='word_1_821' title='bbox 2330 5228 2516 5282; x_wconf 90' lang='grc' dir='ltr'>κρινον</span> <span class='ocrx_word' id='word_1_822' title='bbox 2538 5213 2590 5264; x_wconf 77' lang='lat' dir='ltr'><strong>sl&#39;</strong></span> <span class='ocrx_word' id='word_1_823' title='bbox 2607 5211 2694 5275; x_wconf 87' lang='grc' dir='ltr'><strong>τίς</strong></span> <span class='ocrx_word' id='word_1_824' title='bbox 2723 5227 2806 5263; x_wconf 91' lang='grc' dir='ltr'><strong>σοι</strong></span> <span class='ocrx_word' id='word_1_825' title='bbox 2834 5210 3063 5280; x_wconf 86' lang='grc' dir='ltr'>δύναμις</span> <span class='ocrx_word' id='word_1_826' title='bbox 3088 5209 3182 5262; x_wconf 86' lang='grc' dir='ltr'>τὸν</span> <span class='ocrx_word' id='word_1_827' title='bbox 3202 5208 3420 5279; x_wconf 70' lang='grc' dir='ltr'>δέσμιον</span> <span class='ocrx_word' id='word_1_828' title='bbox 3461 5207 3570 5261; x_wconf 76' lang='grc' dir='ltr'><strong>ἀπὸ</strong></span> <span class='ocrx_word' id='word_1_829' title='bbox 3606 5207 3704 5262; x_wconf 85' lang='grc' dir='ltr'><strong>τοῦ</strong></span> <span class='ocrx_word' id='word_1_830' title='bbox 3753 5208 3898 5276; x_wconf 67' lang='grc' dir='ltr'><strong>βασι⁸</strong></span> 
     </span>
    </p>
   </div>
   <div class='ocr_carea' id='block_1_113' title="bbox 2331 5297 3893 5371">
    <p class='ocr_par' dir='ltr' id='par_1_113' title="bbox 2331 5297 3893 5371">
     <span class='ocr_line' id='line_1_113' title="bbox 2331 5297 3893 5371; baseline -0.003 -18"><span class='ocrx_word' id='word_1_831' title='bbox 2331 5301 2489 5367; x_wconf 85' lang='grc' dir='ltr'>λέως,</span> <span class='ocrx_word' id='word_1_832' title='bbox 2539 5302 2631 5354; x_wconf 77' lang='grc' dir='ltr'>τὸν</span> <span class='ocrx_word' id='word_1_833' title='bbox 2679 5300 2900 5371; x_wconf 77' lang='grc' dir='ltr'>ἰσχυρὸν</span> <span class='ocrx_word' id='word_1_834' title='bbox 2924 5299 3033 5352; x_wconf 80' lang='grc' dir='ltr'><strong>ἀπὸ</strong></span> <span class='ocrx_word' id='word_1_835' title='bbox 3064 5298 3159 5352; x_wconf 86' lang='grc' dir='ltr'><strong>τοῦ</strong></span> <span class='ocrx_word' id='word_1_836' title='bbox 3190 5297 3472 5361; x_wconf 80' lang='grc' dir='ltr'>ἀσθενοῦς,</span> <span class='ocrx_word' id='word_1_837' title='bbox 3508 5297 3603 5351; x_wconf 83' lang='grc' dir='ltr'>τὸν</span> <span class='ocrx_word' id='word_1_838' title='bbox 3648 5297 3893 5366; x_wconf 74' lang='grc' dir='ltr'>εὐπρεπῆ</span> 
     </span>
    </p>
   </div>
   <div class='ocr_carea' id='block_1_114' title="bbox 2330 5386 3893 5460">
    <p class='ocr_par' dir='ltr' id='par_1_114' title="bbox 2330 5386 3893 5460">
     <span class='ocr_line' id='line_1_114' title="bbox 2330 5386 3893 5460; baseline -0.001 -16"><span class='ocrx_word' id='word_1_839' title='bbox 2330 5391 2441 5445; x_wconf 83' lang='grc' dir='ltr'><strong>ἀπὸ</strong></span> <span class='ocrx_word' id='word_1_840' title='bbox 2486 5391 2579 5444; x_wconf 89' lang='grc' dir='ltr'><strong>τοῦ</strong></span> <span class='ocrx_word' id='word_1_841' title='bbox 2625 5390 2921 5454; x_wconf 85' lang='grc' dir='ltr'>δυσειδοῦς.</span> <span class='ocrx_word' id='word_1_842' title='bbox 2969 5391 3336 5460; x_wconf 81' lang='grc' dir='ltr'>Μεμνημένος</span> <span class='ocrx_word' id='word_1_843' title='bbox 3380 5386 3472 5441; x_wconf 77' lang='grc' dir='ltr'>οὖν</span> <span class='ocrx_word' id='word_1_844' title='bbox 3525 5388 3627 5458; x_wconf 67' lang='grc' dir='ltr'>τῆς</span> <span class='ocrx_word' id='word_1_845' title='bbox 3684 5389 3893 5442; x_wconf 72' lang='grc' dir='ltr'>φύσεως</span> 
     </span>
    </p>
   </div>
   <div class='ocr_carea' id='block_1_115' title="bbox 2330 5481 2929 5554">
    <p class='ocr_par' dir='ltr' id='par_1_115' title="bbox 2330 5481 2929 5554">
     <span class='ocr_line' id='line_1_115' title="bbox 2330 5481 2929 5554; baseline -0.005 -16"><span class='ocrx_word' id='word_1_846' title='bbox 2330 5484 2429 5538; x_wconf 80' lang='grc' dir='ltr'>οὐκ</span> <span class='ocrx_word' id='word_1_847' title='bbox 2462 5485 2565 5537; x_wconf 89' lang='grc' dir='ltr'><strong>ἐπα</strong></span> <span class='ocrx_word' id='word_1_848' title='bbox 2576 5481 2749 5554; x_wconf 59' lang='lat' dir='ltr'><strong>pom</strong></span> <span class='ocrx_word' id='word_1_849' title='bbox 2778 5482 2929 5535; x_wconf 81' lang='grc' dir='ltr'>ποτέ.</span> 
     </span>
    </p>
   </div>
   <div class='ocr_carea' id='block_1_116' title="bbox 2404 5746 3891 5820">
    <p class='ocr_par' dir='ltr' id='par_1_116' title="bbox 2404 5746 3891 5820">
     <span class='ocr_line' id='line_1_116' title="bbox 2404 5746 3891 5820; baseline -0.003 -14"><span class='ocrx_word' id='word_1_850' title='bbox 2404 5753 2506 5806; x_wconf 74' lang='grc' dir='ltr'><strong>Τὸν</strong></span> <span class='ocrx_word' id='word_1_851' title='bbox 2534 5754 2864 5818; x_wconf 79' lang='grc' dir='ltr'>πλεονέκτην</span> <span class='ocrx_word' id='word_1_852' title='bbox 2904 5753 2955 5806; x_wconf 88' lang='grc' dir='ltr'><strong>τί</strong></span> <span class='ocrx_word' id='word_1_853' title='bbox 3001 5752 3224 5806; x_wconf 83' lang='grc' dir='ltr'>δύναται</span> <span class='ocrx_word' id='word_1_854' title='bbox 3269 5751 3547 5820; x_wconf 73' lang='grc' dir='ltr'>ἐπισχείνς</span> <span class='ocrx_word' id='word_1_855' title='bbox 3584 5747 3750 5817; x_wconf 79' lang='grc' dir='ltr'>πυρός</span> <span class='ocrx_word' id='word_1_856' title='bbox 3786 5746 3891 5798; x_wconf 73' lang='grc' dir='ltr'>ἐστ’</span> 
     </span>
    </p>
   </div>
   <div class='ocr_carea' id='block_1_117' title="bbox 2331 5842 3895 5919">
    <p class='ocr_par' dir='ltr' id='par_1_117' title="bbox 2331 5842 3895 5919">
     <span class='ocr_line' id='line_1_117' title="bbox 2331 5842 3895 5919; baseline -0.007 -18"><span class='ocrx_word' id='word_1_857' title='bbox 2331 5847 2732 5919; x_wconf 74' lang='grc' dir='ltr'>χαλεπώτερος,</span> <span class='ocrx_word' id='word_1_858' title='bbox 2756 5849 2932 5903; x_wconf 83' lang='grc' dir='ltr'>πάντα</span> <span class='ocrx_word' id='word_1_859' title='bbox 2954 5847 3040 5902; x_wconf 72' lang='grc' dir='ltr'><strong>διὰ</strong></span> <span class='ocrx_word' id='word_1_860' title='bbox 3065 5845 3341 5917; x_wconf 82' lang='grc' dir='ltr'>συνεχείας</span> <span class='ocrx_word' id='word_1_861' title='bbox 3360 5844 3654 5915; x_wconf 75' lang='grc' dir='ltr'>νεμόμενος</span> <span class='ocrx_word' id='word_1_862' title='bbox 3695 5842 3895 5899; x_wconf 69' lang='grc' dir='ltr'>Ἐλινὲε</span> 
     </span>
    </p>
   </div>
  </div>
