4052 6400
684 370 819 436 1495
885 435 901 447 ,

1870 369 1929 428 3.
1948 367 2191 429 JOANN
2201 367 2270 426 IS
2310 367 2706 427 DAMASCEN
2714 367 2741 426 Ι

3746 368 3841 436 illiti

680 480 912 538 consilia
927 486 1110 545 erant,
1130 487 1186 534 et
1213 477 1483 548 ejusmodi
1517 493 1684 542 curae,
1721 484 1781 533 ut
1804 478 1954 533 nulla
1980 494 2039 534 se
2068 494 2136 533 ex
2166 478 2255 533 bis

2242 483 2329 538 5A
2356 477 2640 549 παρόντων
2689 476 2936 545 ἀγαθῶν,
2982 473 3343 544 ἐλεεινότερος
3377 473 3486 527 τῶν
3534 476 3842 549 προσδοκωμέ.

678 570 996 643 explicandi
1025 570 1258 626 facultas
1284 577 1451 626 esset.
1492 568 1638 636 Quid
1679 569 1917 628 faciam?
1944 584 2106 640 quem
2144 584 2259 624 non

678 665 939 719 misereat
969 662 1212 718 hominis
1244 676 1372 718 vere
1419 662 1640 724 miseria
1668 662 2060 718 circumsessi?
2090 662 2258 719 Miser

678 765 765 820 est
797 757 947 813 enim
977 756 1205 815 nomine
1256 753 1602 822 fertilitatis;
1662 754 1994 811 miserabilis
2030 766 2258 827 propter

682 850 1008 920 praesentia,
1069 847 1169 907 sed
1221 847 1588 906 miserabilior
1640 858 1862 918 propter
1914 858 2257 919 exspectata,

680 942 873 1003 Nullus
900 943 1046 999 enim
1070 942 1317 998 eitcllus
1341 941 1555 999 reditus
1580 956 1715 999 suos
1744 939 1970 1012 profert,
2003 950 2058 995 at
2082 942 2258 1012 gentis

680 1046 771 1091 tus
834 1033 1065 1105 proinde
1121 1033 1299 1089 eidem
1358 1034 1663 1105 ingenerat.
1738 1034 1859 1090 Non
1918 1036 2260 1096 uberrimam

682 1125 901 1196 frugum
946 1124 1159 1195 copiam
1207 1123 1443 1195 colligit,
1494 1135 1550 1179 at
1583 1126 1745 1195 plane
1787 1127 2009 1196 quidem
2063 1142 2258 1193 curas,

680 1218 986 1281 molestias,
1021 1233 1353 1289 gravemque
1404 1217 1575 1275 animi
1640 1220 1993 1281 anxietatem.
2048 1219 2258 1277 Eodem

676 1326 788 1381 quo
849 1325 1120 1382 pauperes
1178 1311 1342 1367 modo
1405 1312 1755 1368 lamentatur.
1818 1313 1903 1369 An
1948 1328 2061 1367 non
2107 1313 2256 1368 enim

676 1404 926 1459 eamdem
979 1419 1203 1474 quoque
1241 1404 1331 1460 ille
1362 1420 1549 1460 vocem
1607 1405 1830 1473 emittit,
1866 1406 1961 1476 qui
2014 1414 2262 1477 egestate

678 1497 983 1567 premitur?
1011 1496 1151 1562 Quid
1185 1496 1425 1553 faciam?
1456 1499 1602 1555 unde
1649 1500 1933 1565 alimenta,
1970 1500 2119 1557 unde
2166 1500 2256 1557 in-

675 1590 936 1643 dumenta
985 1590 1316 1658 suppetent!
1374 1588 1575 1647 Iisdem
1621 1606 1845 1661 quoque
1880 1590 2034 1647 dives
2069 1594 2258 1648 verbis

677 1678 870 1743 utitur,
897 1680 1065 1735 corde
1104 1681 1497 1745 discruciatur,
1531 1697 1732 1761 exesus
1764 1698 1795 1736 a
1832 1697 1963 1738 cura
2004 1691 2061 1738 et
2104 1684 2258 1740 solli-

2357 590 2482 627 νων.
2506 571 2598 643 Μὴ
2622 571 2728 641 γὰρ
2753 569 3048 641 προσόδους
3069 566 3217 638 αὐτῷ
3238 568 3395 638 φέρει
3419 568 3453 638 ἡ
3476 566 3565 638 γῆς
3582 576 3844 642 στεναγμοὺς

2357 662 2506 735 αύτῷ
2535 662 2681 733 φύει.
2704 661 2797 733 Μὴ
2813 660 2924 733 γάρ
2947 657 3180 731 καρπῶν
3198 657 3455 730 εὐφορίαν
3478 657 3707 726 συνάγεις
3727 677 3842 730 φρον-

2348 755 2530 820 τίδας,
2561 756 2657 807 καὶ
2705 751 2906 815 λύπας,
2954 749 3052 804 καὶ
3102 746 3413 820 ἀμηχανίαν
3465 747 3651 819 δεινήν.
3699 750 3847 821 Ὅμοια

2359 849 2470 912 τοῖς
2503 844 2822 917 πενομένοις
2868 840 3144 913 ὀδύρεται.
3177 841 3250 893 Ἦ
3301 839 3423 910 ούχὶ
3474 838 3665 904 ταύτην
3702 841 3849 913 ἀφίησι

2354 940 2455 1013 τὴν
2507 939 2691 1009 φωνὴν
2717 938 2812 991 καὶ
2856 937 2885 988 δ
2935 936 3026 989 διὰ
3057 932 3850 1003 πενίαν“στενοχωρούμενος;’1’ί

2356 1032 2602 1101 ποιήσως
2629 1028 2794 1083 πόθεν
2818 1026 3051 1099 τροφαί;
3082 1023 3250 1078 πόθεν
3279 1022 3587 1093 ὲνδύματα;
3613 1023 3765 1078 Ταῦτα
3783 1030 3850 1078 καὶ

2354 1128 2384 1179 ὁ
2420 1123 2676 1186 πλούσιος
2707 1121 3023 1191 φθέγγεται.
3087 1117 3373 1171 Ὀδυνᾶται
3419 1116 3519 1186 τὴν
3559 1116 3755 1186 καρδίαν
3778 1118 3849 1170 ὑπὸ

2354 1217 2455 1286 τῆς
2508 1216 2783 1287 μερίμνης
2829 1210 3222 1282 διεσθιὸμενος.
3267 1205 3336 1263 Ὀ
3395 1207 3504 1277 γὰρ
3549 1207 3663 1270 τοὺς
3709 1208 3849 1274 άλλως

2355 1306 2658 1377 εὐφραίνει,
2681 1301 2839 1357 τοῦτο
2855 1301 3117 1373 τήκειτὸν
3146 1298 3494 1367 πλεονέκτην.
3518 1296 3590 1350 Ού
3614 1296 3707 1367 γὰρ
3722 1300 3852 1370 χαίρει

2356 1400 2575 1455 πάντων
2635 1396 2785 1469 αύτῷ
2858 1393 3310 1469 πεπληρωμένων
3378 1389 3491 1444 τῶν
3559 1388 3709 1455 ἔνδον,

2356 1494 2546 1547 νύσσει
2596 1491 2694 1563 τὴν
2745 1488 2925 1561 ψυχὴν
2984 1486 3151 1544 αὐτοῦ
3221 1484 3526 1557 περιρρέων
3580 1485 3611 1536 δ
3664 1482 3849 1548 πλοῦτος,

2358 1587 2455 1643 καὶ
2509 1584 2621 1638 τῶν
2658 1582 2924 1654 ταμιείων
2969 1578 3398 1652 ὑπερχεόμενος,
3432 1576 3607 1648 μήπου
3645 1577 3723 1629 καὶ
3755 1578 3850 1643 πρὸς

2355 1678 2483 1735 τοὺς
2515 1675 2713 1742 ἔξωθεν
2747 1672 3082 1746 παρακύψας
3141 1668 3349 1729 ἀγαθοῦ
3400 1685 3545 1722 τινος
3566 1668 3756 1739 ἀφορμὴ
3772 1672 3850 1727 τοῖς

679 1768 947 1826 citudiue.
974 1769 1111 1824 Nam
1167 1772 1313 1843 quod
1366 1772 1491 1827 aliis
1522 1760 1858 1844 voluptatem
1912 1772 2090 1836 aﬂ'ert,
2150 1774 2257 1831 hoc

2251 1794 2257 1826 ι
2288 1840 2319 1844 _
2358 1771 2563 1827 ἐνδεέσι
2614 1770 2865 1840 γένηται.
2906 1769 3015 1822 Και
3050 1784 3142 1837 μοι
3175 1765 3327 1819 δοκεῖ
3355 1762 3417 1818 τδ
3452 1761 3616 1826 πάθος
3636 1760 3767 1817 αὐτοῦ
3786 1762 3851 1831 τῆς

674 1876 905 1919 avarum
952 1840 1197 1937 coniicit.
1249 1862 1368 1919 Non
1433 1865 1580 1919 enim
1641 1840 1729 1920 hic
1772 1866 1956 1923 laetitia
2000 1866 2255 1931 allicitur,

2250 1906 2255 1926 μ
2285 1840 2330 1905 Β
2356 1866 2537 1938 ψυχῆς
2564 1864 2644 1937 τῷ
2671 1863 2781 1939 τῷν
2813 1862 3246 1933 γαστριμάργων
3274 1858 3663 1931 προσεοικέναι,
3689 1857 3850 1927 οἱδιαρ-

674 1954 824 2022 quod
852 1955 1000 2011 intus
1034 1955 1233 2013 domus
1259 1963 1373 2009 tota
1404 1957 1561 2026 plena
1604 1958 1705 2020 sit;
1736 1959 1831 2014 sed
1881 1968 2111 2029 propter
2141 1960 2255 2016 air-.-

677 2044 1114 2111 cumellluentes,
1166 2056 1220 2102 et
1268 2047 1409 2101 ultra
1457 2064 1621 2119 quam
1662 2048 1858 2104 horrea
1922 2051 2124 2113 ferant,
2167 2065 2255 2107 ῐετ

677 2140 1021 2207 gurgitantes
1051 2156 1183 2213 opes
1209 2143 1427 2199 animus
1456 2144 1633 2215 ipsius
1663 2144 1937 2221 laniatur;
1964 2147 2015 2200 id
2045 2147 2258 2202 scilicet

676 2229 839 2303 591
888 2241 1162 2299 metuens,
1215 2249 1284 2289 ne
1340 2235 1410 2290 ad
1470 2246 1729 2292 externos
1768 2237 2048 2292 interdum
2097 2252 2255 2292 ema-

680 2333 901 2390 nantes,
953 2325 1256 2381 utilitatem
1293 2327 1584 2398 egentibus
1630 2329 1873 2399 aliquam
1921 2329 2252 2388 concilient.

677 2420 757 2470 Ac
789 2416 927 2471 mihi
964 2418 1164 2473 animae
1197 2421 1320 2489 ejus
1366 2419 1622 2481 alfectus.
1678 2422 1991 2481 lielluonum
2031 2422 2251 2477 illorum

679 2508 900 2564 all'ectui
950 2510 1225 2567 absimilis
1268 2526 1397 2569 esse
1441 2529 1551 2574 non
1603 2514 1848 2581 videtur,
1878 2514 1972 2583 qui
2010 2514 2254 2584 ingluvie

677 2599 950 2671 disrumpi
985 2603 1223 2671 malunt,
1255 2620 1423 2675 quam
1458 2607 1821 2677 reliquiarum
1851 2608 2062 2677 aliquid
2091 2621 2255 2679 egen-

678 2691 824 2748 tibus
855 2707 1107 2763 erogare.
1144 2693 1285 2749 Eum
1337 2696 1545 2767 cogita,
1594 2713 1628 2750 o
1679 2684 1873 2761 homo,
1902 2699 1996 2768 qui
2053 2713 2121 2752 ea
2151 2697 2252 2754 tibi

675 2782 874 2851 dedit;
914 2785 1218 2842 recordare
1269 2788 1530 2856 quisnam
1565 2788 1683 2858 ipse
1718 2789 1819 2855 si‘s,
1850 2789 1984 2859 quid
2014 2788 2254 2846 admini-

674 2888 838 2945 stres,
866 2892 1159 2949 aquonam
1204 2879 1512 2955 acceperis,
1548 2895 1711 2950 quam
1744 2881 1815 2935 ob
1843 2896 2067 2937 causam
2109 2881 2253 2943 mul-

677 2968 749 3023 tis
773 2968 853 3024 sis
886 2968 1165 3040 praalatus.
1203 2969 1300 3033 Dei
1338 2970 1593 3035 minister
1624 2971 1853 3027 allectus
1898 2988 1978 3037 es,
2017 2987 2249 3028 conser-

674 3075 871 3115 vorum
910 3059 1264 3121 administer.
1296 3062 1419 3117 Noli
1461 3071 1665 3133 putare
1709 3064 1897 3118 omnia
1933 3065 2119 3118 ventri
2154 3073 2250 3120 tuo

674 3254 935 3314 tanquam
991 3243 1060 3299 de
1107 3244 1307 3300 alienis
1353 3246 1655 3305 consilium
1695 3246 1854 3305 habe.
1886 3246 2247 3318 Aliquantum

677 3335 942 3405 temporis
997 3344 1051 3391 te
1108 3336 1419 3400 oblectant,
1466 3346 1521 3392 et
1562 3338 1791 3406 posthac
1833 3338 2150 3395 dilabentur
2194 3345 2249 3394 et

624 3415 632 3423 ’
674 3428 982 3485 interibunt
1016 3449 1030 3482 :
1079 3444 1273 3485 eorum
1316 3442 1499 3487 autem
1535 3433 1676 3487 ratio
1716 3433 1817 3488 abs
1859 3442 1910 3489 te
1954 3433 2249 3505 diligenter

674 3522 948 3594 exigetur.
981 3525 1051 3579 At
1077 3530 1133 3581 tu
1166 3524 1351 3579 omnia
1383 3525 1571 3594 ianuis
1620 3535 1679 3581 et
1715 3528 1996 3597 repagulis
2030 3529 2247 3589 inclusa

673 3625 855 3683 tenes,
901 3616 1080 3687 iisque
1112 3618 1298 3689 sigillo
1325 3634 1423 3675 seu
1470 3620 1693 3678 vinculo
1731 3622 1978 3692 quodam
2001 3624 2251 3680 constrie

674 3712 802 3778 ctis,
854 3711 1010 3768 curis
1059 3712 1339 3784 invigilas,
1393 3728 1456 3769 ac
1530 3723 1713 3770 tecum
1763 3716 1884 3785 ipse
1938 3716 2246 3789 deliberas,

672 3804 906 3861 stultum
950 3804 1338 3861 consiliarium
1392 3805 1632 3876 teipsum
1682 3808 1896 3865 scilicet
1949 3808 2246 3867 adhibens.

672 3892 815 3974 Quid
841 3891 1083 3949 faciam?
1114 3905 1428 3967 promptum
1468 3906 1589 3952 erat
1619 3898 1843 3966 dicere;
1867 3899 2101 3956 Animas
2121 3915 2249 3958 esu-

673 3986 937 4042 rientium
970 3986 1233 4058 implebo,
1270 3989 1474 4046 horrea
1501 3990 1828 4061 patefaciam
1861 4008 2005 4061 mea,
2046 4000 2104 4055 et
2126 4008 2250 4050 om-

668 4094 773 4135 nes
804 4078 987 4149 inopia
1025 4079 1357 4139 laborantes
1401 4097 1713 4153 accersam;
1750 4082 2052 4155 Josephum
2086 4086 2249 4144 beni-

668 4171 903 4244 gnitatis
946 4173 1225 4243 praeconio
1274 4174 1560 4237 imitabor.
1622 4174 1834 4232 Vocem
1893 4179 2247 4249 magnificam

672 4264 1021 4336 proloquar:
1103 4264 1300 4322 Venite
1350 4266 1417 4321 ad
1471 4283 1560 4323 me
1610 4282 1804 4325 enices
1854 4272 1948 4341 qui
2004 4274 2247 4342 panibus

673 4357 961 4431 indigetis,
992 4356 1244 4413 beneficii
1276 4358 1426 4426 quod
1456 4357 1724 4423 divinitus
1748 4361 1881 4417 mihi
1914 4377 2245 4420 concessum

670 4457 780 4513 est,
810 4458 1082 4521 quantum
1131 4448 1337 4519 cuique
1368 4450 1509 4507 satis
1542 4452 1636 4518 sit,
1665 4454 1815 4509 velut
1845 4471 1914 4512 ex
1957 4460 2245 4517 communi

2359 1958 2597 2030 ῥαγῆναι
2630 1955 2832 2028 μᾷλλον
2877 1953 2982 2009 ὑπὸ
3032 1950 3367 2023 λαιμαργίας
3429 1947 3851 2020 αἱροῦνται,ἥώ

2356 2051 2627 2122 λειψάνων
2662 2046 2987 2120 μεταδοῦναι
3017 2048 3131 2110 τοῖς
3157 2044 3411 2111 evastat"!
3431 2042 3614 2107 Σύνες,
3641 2040 3851 2110 ἄνθρωπε,

2354 2144 2452 2200 τοῦ
2497 2143 2791 2207 δεδωκότος
2821 2160 2837 2176 ’
2875 2141 3149 2214 μνήσθητι
3195 2137 3430 2195 σεαυτοῦ
3477 2136 3559 2201 τίς
3583 2130 3664 2189 εἴ·
3691 2135 3735 2189 τί
3754 2138 3853 2187 οἰκο-

2355 2240 2578 2308 νομεῖςο
2639 2236 2793 2306 παρά
2849 2234 2999 2297 τίνος
3050 2232 3283 2295 ἔλαϐες’
3321 2230 3412 2285 διά
3441 2230 3494 2284 τί
3553 2229 3654 2283 τῶν

2356 2330 2719 2405 προεκρίθης.
2756 2327 2993 2397 ’Δγαθοῦ
3042 2325 3180 2379 Θεοῦ
3223 2323 3462 2394 γέγονας
3518 2321 3776 2393 ὑπηρέτης,
3800 2322 3853 2373 οἱ·

2354 2428 2585 2496 κονόμος
2613 2424 2722 2478 τῶν
2752 2421 3082 2493 ὁμοδούλων.
3124 2420 3217 2489 Μὴ
3248 2419 3431 2473 πάντα
3490 2415 3598 2470 οἴου
3628 2417 3685 2485 τῇ
3709 2413 3854 2482 γαστρὶ

2352 2522 2419 2591 τῇ
2460 2523 2527 2590 σῇ
2562 2516 3037 2589 παρεσκευάσθαι.
3078 2514 3292 2583 Ὠσπερ
3332 2510 3625 2582 ἀλλοτρίων
3665 2506 3853 2580 βουλεύου

2352 2613 2462 2666 τῶν
2501 2616 2558 2667 ὲν
2602 2610 2784 2683 χερσί.
2839 2609 3057 2679 Μικρὸν
3114 2606 3399 2677 εὐφραίνει
3449 2621 3512 2658 σε
3546 2602 3733 2675 χρόνον,
3771 2596 3853 2653 εἶτα

2352 2705 2684 2778 διαρῤυέντα
2749 2704 3035 2774 οἰχήσεται
3064 2742 3083 2769 ,
3141 2699 3237 2754 τὸν
3288 2699 3347 2752 δὲ
3392 2697 3489 2752 ἐπ’
3535 2696 3702 2758 αὐτοῖς
3742 2691 3853 2745 λόγον

2352 2793 2709 2866 ἀπαιτηθήσῃ
2740 2792 2884 2864 μετὰ
2932 2790 3247 2862 ἀκριϐείας.
3284 2790 3356 2844 Σὺ
3384 2788 3449 2843 δὲ
3479 2788 3646 2847 πάντα
3662 2782 3771 2855 ὁμοῦ
3787 2782 3852 2833 θυι

2354 2906 2479 2962 ραις
2512 2889 2606 2942 καὶ
2633 2886 2855 2958 μοχλοῖς
2882 2884 3281 2949 ὲναποκλείσας
3309 2883 3484 2954 ἔχεις,
3504 2883 3593 2935 καὶ
3616 2877 3853 2948 καταδήσας

2354 2984 2650 3054 σφραγῖσιν
2684 2981 3051 3051 ὲναγρυπνεῖς
3077 2980 3201 3041 ταῖς
3234 2976 3551 3048 μερίμναις,
3582 2974 3668 3028 καὶ
3685 2968 3852 3042 βουλεύῃ

2353 3075 2499 3129 κατὰ
2529 3073 2748 3139 σαυτὸν,
2768 3073 2961 3145 ἄφρονι
2998 3069 3293 3142 συμϐούλῳ
3323 3068 3541 3138 σεαυτῷ
3570 3064 3851 3137 κεχρημένος.

554 3178 559 3185 ο
674 3162 867 3222 parata
926 3168 1075 3211 esse.
1129 3152 1205 3209 De
1254 3155 1326 3211 iis
1372 3170 1496 3225 qua:
1549 3157 1604 3209 in
1646 3155 1909 3213 manibus
1941 3156 2053 3211 tuis
2091 3172 2154 3212 su

2276 3183 2323 3243 ο
2351 3167 2416 3221 Τί
2446 3168 2685 3237 ποιήσω;
2748 3166 2969 3236 ἕτοιμον
3016 3159 3086 3234 ἧν
3109 3165 3305 3228 εἰπεῖν,
3362 3162 3451 3216 ὅτι
3488 3158 3750 3231 Ἐμπλήσω
3785 3153 3852 3214 τὰς

2353 3258 2533 3328 ψυχὰς
2554 3258 2666 3313 τῶν
2695 3256 3007 3312 πεινώντων
3036 3269 3051 3285 ⁸
3092 3253 3292 3320 ἀνοίξω
3331 3253 3439 3318 τὰς
3485 3250 3755 3320 ἀποθήκας,
3788 3244 3853 3297 καὶ

2353 3351 2566 3413 πάντας
2626 3349 2844 3409 καλέσω
2901 3349 3031 3413 τοὺς
3075 3347 3297 3411 ἐνδεεῖς.
3321 3346 3650 3417 Μιμήσομαι
3675 3342 3751 3394 τὸν
3777 3338 3853 3389 Ἰω-

2353 3445 2466 3516 σὴφ
2500 3443 2581 3515 τῷ
2607 3442 2708 3514 τῆς
2751 3440 3162 3513 φιλανθρωπίας
3221 3438 3567 3511 κηρύγματι.
3615 3431 3853 3501 Φθέτξομιι

2351 3532 2538 3605 θωνῆν
2565 3532 2939 3606 μεγαλόψυχον
2956 3548 2970 3563 ⁶
3000 3531 3158 3585 Ὅσοι
3184 3528 3505 3601 ὑστερέῖσθε
3529 3520 3853 3598 ᾄρτων,ἑλθειι

2352 3629 2492 3700 πρός
2524 3645 2615 3699 με.
2647 3627 2748 3697 τῆς
2777 3625 2935 3695 παρὰ
2979 3622 3117 3678 Θεοῦ
3156 3622 3454 3693 δεδομένης
3498 3620 3700 3691 χάριτος
3715 3613 3765 3666 τὸ
3782 3611 3854 3680 ἁρ-

2353 3720 2484 3778 κοῦν
2512 3720 2764 3786 ⁹έκοιστυς,
2790 3713 2905 3773 οἷον
2934 3721 2999 3772 έκ
3018 3716 3214 3773 κοινῶν
3235 3714 3457 3787 πηγῶν,
3476 3706 3853 3783 συμμεθέξοντεςφ

2364 3811 2503 3865 Ἀλλ*
2535 3812 2597 3865 οὐ
2627 3808 2870 3873 τοιοῦτος
2894 3808 2960 3863 σύ
2983 3826 2998 3841 ο
3034 3807 3199 3861 πόθεν
3243 3806 3320 3868 ὥς
3364 3821 3433 3873 γε
3457 3801 3739 3875 βασκαίνεις
3775 3795 3855 3854 τοῖς

2350 3906 2666 3980 ἀνθρώποις
2714 3905 2815 3975 τῆς
2856 3902 3236 3966 ἀπολαύσεως,
3286 3896 3531 3970 πονηρὸν
3556 3894 3607 3948 δὲ
3636 3886 3857 3964 βουλευτῆ·

2355 4018 2472 4072 ριον
2503 4001 2564 4054 ὲν
2592 4001 2660 4071 τῇ
2687 3998 2835 4069 ψυχῇ
2874 3995 3278 4066 συγκροτήσας,
3314 3986 3621 4062 φροντίζεις
3646 3985 3728 4051 οὐχ
3748 3981 3855 4040 ὅπως

2354 4092 2603 4166 μεταδῷς
2637 4092 2855 4161 ἑκάστῳ
2885 4089 2957 4144 τά
3006 4088 3145 4160 πρὸς
3193 4084 3291 4158 τὴν
3344 4082 3563 4154 χρείαν,
3612 4077 3713 4132 ἀλλ’
3748 4073 3857 4130 ὅπως

2348 4187 2534 4241 πάντα
2568 4183 2990 4255 ὑποδεξάμενος,
3038 4181 3246 4244 πάντας
3299 4177 3399 4249 τῆς
3427 4176 3527 4232 ἀπ’
3548 4170 3709 4227 αὐτῶν
3750 4166 3855 4232 ὡφε-

2348 4279 2502 4342 λείας
2522 4278 2905 4347 ἀποστερήσῃς
2927 4291 2943 4340 ;
2966 4272 3318 4344 παρέστησαν
3349 4269 3398 4323 οί
3423 4268 3528 4338 τὴν
3553 4262 3712 4336 ψυχὴν
3736 4260 3857 4312 ditat-

2349 4370 2599 4437 τοῦντες,
2629 4370 2881 4431 κάκεῖνος
2909 4366 3043 4438 περὶ
3071 4364 3376 4437 βρωμάτων
3413 4364 3489 4433 τῇ
3512 4360 3652 4429 ψυχῇ
3669 4352 3853 4416 ἐλέγετο.

2350 4462 2537 4536 Ταύτῃ
2564 4465 2633 4535 τῇ
2659 4460 2820 4517 νυκτὶ
2848 4457 3325 4531 παρελαμϐάνετο,
3362 4455 3460 4510 καὶ
3501 4454 3582 4517 είς
3607 4450 3691 4519 ἔτη
3728 4440 3856 4498 πολλὰ

672 4542 831 4597 fonte
878 4541 1181 4611 participes
1233 4540 1432 4599 futuri.
1485 4543 1558 4598 At
1589 4554 1644 4599 tu
1675 4542 1786 4602 non
1821 4547 1926 4605 hoc
1963 4564 2026 4606 es
2055 4551 2244 4611 animo

2276 4529 2322 4595 υ
2347 4558 2451 4631 τὴν
2471 4529 2776 4612 ἀπόλαυσιν
2805 4529 3160 4624 ἐφαντάζετο.
3188 4548 3553 4621 Συνεχωρήθη
3588 4544 3746 4631 πάντα
3766 4538 3855 4607 βου-

670 4629 953 4702 praaditus.
996 4628 1097 4695 Qui
1130 4630 1313 4686 enim?
1349 4648 1477 4688 cum
1533 4648 1731 4689 eorum
1784 4634 2025 4695 fructum
2060 4640 2244 4701 homi-

667 4724 841 4792 pibus
869 4723 1155 4781 invideas:
1188 4742 1379 4782 verum
1416 4728 1738 4798 improbum
1765 4731 1953 4788 animo
1983 4743 2081 4789 tuo
2106 4750 2245 4793 cou-

668 4817 859 4872 cilium
892 4817 1133 4888 agitans,
1164 4819 1220 4875 id
1246 4836 1435 4887 curas,
1473 4838 1585 4880 non
1623 4834 1681 4878 ut
1709 4823 1912 4894 cuique
1948 4841 2015 4882 ea
2045 4829 2247 4899 quibus

669 4907 887 4980 indiget
936 4910 1173 4977 tribuas,
1223 4911 1322 4968 sed
1379 4921 1440 4967 ut
1483 4913 1647 4980 bouis
1691 4915 1950 4979 omnibus
1997 4918 2146 4989 apud
2187 4928 2244 4977 te

667 5000 976 5073 congestis,
1029 5016 1225 5060 omnes
1270 5018 1462 5060 eorum
1504 5007 1744 5071 utilitate
1781 5015 1837 5064 et
1863 5011 2241 5068 emolumento

667 5096 882 5169 prives.
911 5095 1117 5154 Praesto
1143 5097 1379 5154 aderant
1407 5100 1502 5169 qui
1530 5102 1770 5158 animam
1802 5104 1954 5161 illius
1978 5118 2241 5175 reposce-

667 5198 838 5258 rent;
880 5191 968 5248 illi
1001 5199 1183 5249 autem
1235 5192 1304 5249 de
1337 5191 1482 5248 cibis
1522 5208 1648 5249 cum
1679 5197 1863 5252 anima
1902 5213 2004 5255 sua
2056 5216 2241 5256 sermo

664 5291 805 5344 erat.
828 5282 945 5339 Bac
972 5292 1133 5340 nocte
1161 5285 1577 5349 assumehatur,
1604 5296 1771 5358 atque
1800 5290 1856 5344 in
1887 5305 2062 5347 annos
2095 5293 2242 5348 mul-

667 5383 758 5449 tos
788 5374 1024 5434 delicias
1062 5376 1166 5433 sibi
1199 5380 1389 5432 animo
1430 5377 1691 5450 ﬁngebat.
1728 5382 1839 5451 lpsi
1886 5385 2113 5441 omnino
2143 5386 2242 5441 deo

668 5467 965 5535 liberandi,
1020 5480 1076 5526 et
1127 5470 1460 5527 sententiam
1528 5487 1685 5528 suam
1748 5477 2039 5545 promendi
2090 5477 2237 5534 facta

2348 4628 2665 4711 λεύσασθαι,
2686 4645 2783 4699 καὶ
2802 4643 3048 4715 φανεράν
3070 4641 3266 4709 tau-ro?)
3294 4639 3524 4710 ποιῆσαι
3545 4636 3638 4707 τὴν
3663 4628 3856 4703 γνώμην.

2349 4740 2438 4797 ἴνα
2466 4738 2625 4809 ἀξίαν
2654 4739 2756 4809 τῆς
2805 4735 3186 4809 προαιρέσεως
3218 4732 3439 4804 δέξηται
3466 4732 3567 4802 τὴν
3619 4725 3855 4789 ἀπόφασιν.

2377 4832 2517 4899 Αξισ.
2570 4831 2681 4904 γὰρ
2723 4828 3102 4900 καθαιρέσεως
3137 4826 3208 4880 τά
3251 4826 3480 4897 ταμιεῖα
3538 4821 3632 4891 τῆς
3672 4810 3855 4904 ἀδικίας.

2346 4903 2723 4977 Κατάσκαπτε
2746 4922 2868 4985 ταῖς
2918 4917 3115 4985 ἑαυτοῦ
3149 4916 3339 4997 χερσὶν
3363 4914 3402 4969 ἀ
3428 4911 3613 4974 κακῶς
3631 4903 3857 4980 ᾠκοδάμτΓ

2349 5031 2469 5079 σας.
2500 5014 2612 5068 Λύε
2632 5013 2702 5069 τὰ
2730 5012 3054 5083 σιτοδοχεϊα,
3118 5009 3242 5063 ὅθεν
3294 5006 3472 5071 οὐδεὶς
3517 4997 3712 5072 ἀπῆλθέ

2347 5105 2705 5177 παραμυθίας
2747 5103 2947 5175 τυχών.
2989 5100 3282 5173 ’Δφάνισον
3331 5098 3511 5152 πάντα
3550 5084 3855 5187 uiator-ﬁlio”,-

2346 5197 2498 5265 εξίας
2546 5197 2783 5268 φύλακα.
2808 5194 3216 5265 Ἀποσκεύασον
3254 5192 3508 5263 ὀρόφους,
3542 5179 3739 5254 περίελε
3775 5179 3855 5226 τοί·

2346 5307 2499 5363 χούς,
2518 5289 2690 5357 δεῖξον
2719 5290 2858 5360 ήλίῳ
2884 5288 2977 5342 τὸν
3031 5284 3384 5359 εύρωτιῶντα
3441 5283 3601 5349 σῖτον.
3645 5271 3853 5367 Ἐξάτατξ

2344 5386 2411 5439 ὶκ
2445 5383 2694 5455 φυλακῆς
2743 5383 2835 5437 τὸν
2872 5382 3092 5452 δέσμιον
3144 5378 3400 5442 πλοῦτον,
3444 5368 3776 5445 θριάμδευσον
3803 5374 3852 5409 τι

2345 5476 2601 5531 σκοτεινά
2624 5475 2720 5530 τοῦ
2752 5475 2993 5547 μαμωνᾶ
3009 5470 3354 5541 καταγώγια.

667 5566 913 5628 potestas
939 5561 1064 5627 fuit,
1096 5572 1158 5618 ut
1183 5563 1410 5636 dignam
1437 5569 1720 5637 proposito
1755 5583 1856 5625 suo
1898 5572 2231 5627 sententiam
2268 5571 2566 5642 acciperet.
2604 5570 2777 5642 Digna
2836 5570 3043 5641 quippe
3096 5567 3390 5627 eversione
3450 5569 3575 5620 sunt
3622 5548 3850 5624 iniustitia?

667 5652 1069 5731 promptuaria.
1104 5651 1380 5712 Demolire
1409 5655 1671 5713 manibus
1700 5658 1934 5729 ipsemet
1963 5663 2075 5718 tuis
2107 5676 2232 5732 qum
2264 5661 2408 5722 male
2432 5663 2818 5721 construxisti.
2847 5662 2978 5719 Dele
2998 5661 3199 5717 horrea
3248 5657 3397 5713 unde
3448 5665 3603 5711 nemo
3659 5650 3846 5711 unquam

668 5740 972 5801 solaminis
1006 5743 1289 5815 quidpiam
1320 5756 1523 5806 nactus
1552 5751 1847 5808 abscessit.
1886 5751 2118 5810 Domum
2148 5769 2370 5811 omnem
2401 5757 2650 5813 avaritiae
2677 5754 2968 5811 custodem
3008 5753 3143 5809 tolle
3168 5767 3200 5807 e
3224 5750 3427 5806 medio.
3456 5739 3694 5802 Disturba

670 5832 851 5902 dejice
893 5835 1159 5905 parietes.
1188 5836 1553 5898 Frumentum
1585 5843 1702 5900 situ
1730 5844 2013 5903 cariosum
2040 5847 2145 5920 soli
2169 5849 2421 5908 ostende.
2462 5849 2687 5908 Vinctas
2714 5863 2847 5921 opes
2873 5865 2905 5905 ε
2940 5860 3162 5903 carcere
3195 5840 3451 5909 extrahe;
3476 5833 3736 5896 tenebrosol
3774 5822 3843 5876 ί¹¹³

674 5939 1008 6000 nummariae
1045 5927 1357 5997 diversoria
1388 5936 1536 5996 velut
1570 5938 1628 5996 in
1662 5939 1995 6011 triumphum
2026 5957 2243 6009 expone
