3968 6456
168 390 314 459 1497

1448 390 1685 452 SACRA
1723 394 1811 452 ΡΑ
1820 394 2157 456 RALLELA
2169 443 2182 459 .

3288 389 3423 454 1498

241 504 342 559 Διά
365 502 426 557 σὲ
460 503 556 557 καὶ
582 502 682 557 τήν
729 500 1016 574 συμφορὰν
1071 498 1443 564 κατεδίκασεν,
1476 500 1559 553 ὅτι
1602 502 1733 571 ἔχων

1918 501 2108 571 Ejusd.
2161 498 2347 557 homil.
2381 503 2436 558 in
2492 506 2743 573 temporis
2800 504 3067 558 siccitate.
3089 532 3159 544 -υ-
3190 502 3419 573 Propter

164 611 271 651 ουκ
319 595 503 660 ἐδίδως
534 611 549 627 ·
594 594 782 668 ἐπειδη
832 592 1176 665 παρέτρεχες
1220 592 1346 655 τοὺς
1404 591 1739 658 πεινῶντας·

162 686 357 760 ἐπειδὴ
417 687 558 758 πρὸς
607 687 735 752 τοὺς
792 684 1156 756 ὀδυρομένους
1218 685 1320 738 οὒκ
1362 686 1737 758 ἐπεστρέφοψ

161 778 357 851 ἐπειδὴ
397 780 876 850 προσκυνούμενος
907 778 1006 832 οὐκ
1027 777 1229 849 ἠλέεις.
1260 778 1522 849 Ἔρχεται
1549 780 1644 832 καὶ
1672 778 1744 832 δι’

159 868 383 937 ὀλίγους
410 869 509 923 ἐπὶ
534 869 709 940 δῆμον
749 869 917 937 κακὰ,
950 869 1045 923 καὶ
1080 868 1386 940 μοχθηρίας
1416 868 1535 933 ἐνὸς
1595 886 1737 940 παρ-

159 961 456 1033 απήλαυσε
476 961 671 1032 δῆμος.
689 961 859 1035 Ἀχάρ
884 962 1253 1033 ίεροσύλησεν,
1270 962 1365 1016 καὶ
1387 962 1483 1034 ὅλη
1506 964 1538 1033 ἡ
1564 962 1742 1033 παρά-

157 1049 320 1115 ταξις
346 1050 698 1122 ἐμαστίζετο.
740 1052 799 1105 '0
828 1052 1046 1123 Ζαμὸρὶ
1096 1050 1260 1105 πάλιν
1295 1053 1376 1115 εἰς
1407 1051 1507 1114 τάς
1529 1051 1739 1106 Μαδια-

156 1141 370 1205 νίτιδας
436 1142 797 1215 ἐξεπόρνευσε
835 1184 851 1208 ,
906 1145 999 1199 καὶ
1042 1146 1070 1198 ό
1118 1144 1610 1215 ἰσραὴλ;ἔπιπτεν
1658 1146 1742 1210 είς

157 1233 342 1303 δίκην.
373 1234 584 1299 Πάντες
610 1237 813 1303 τοίνυν,
844 1238 940 1291 καὶ
971 1236 1101 1309 ἰδία,
1120 1238 1215 1290 καὶ
1241 1239 1401 1309 κοινῇ
1428 1238 1555 1302 τοὺς
1588 1239 1743 1308 βίους

155 1324 374 1378 ἑαυτῶν
403 1324 770 1399 ἐξετάσωμεν.

1842 606 1898 652 te
1934 596 2034 650 hac
2072 611 2290 667 quoque
2316 611 2417 652 nos
2445 596 2590 652 Deus
2621 596 2935 650 calamitate
2969 594 3255 649 multavit:
3285 596 3417 666 quia

1842 703 1967 745 cum
2004 688 2260 754 haberes,
2294 702 2403 743 non
2454 687 2663 753 dabas;
2711 687 2844 759 quia
2886 703 2982 742 eos
3016 686 3111 757 qui
3160 682 3303 741 fame
3341 688 3421 741 la—

1841 780 2129 845 borabant,
2167 781 2527 851 praeteribas;
2582 781 2713 851 quia
2764 780 2831 834 ad
2875 787 3160 852 gementes
3196 778 3421 834 minime

1843 881 1897 927 te
1949 873 2357 940 ronvertebas;
2409 874 2540 944 quia
2589 887 2938 943 nequaquam
3004 880 3057 926 te
3120 868 3422 926 miserebat

1841 980 2031 1020 eorum
2072 980 2103 1019 a
2141 966 2348 1036 quibus
2386 966 2741 1021 adorabaris.
2787 963 3093 1019 Paucorum
3145 962 3307 1033 culpa
3360 960 3459 1025 ﬁt,

1842 1067 1899 1110 ut
1927 1057 2085 1124 plebs
2119 1059 2376 1113 universa
2431 1058 2849 1113 calamitatibus
2884 1057 3200 1126 alﬂigatur;
3254 1065 3421 1124 atque

1842 1146 2005 1203 unius
2038 1147 2452 1219 improbitatem
2491 1157 2607 1203 tota
2640 1147 2796 1219 plebs
2842 1147 2965 1201 luit.
3014 1144 3207 1199 Achan
3248 1143 3419 1200 sacris

1842 1238 2040 1308 legium
2074 1248 2442 1309 perpetrarat,
2475 1250 2532 1295 et
2582 1249 2733 1295 totus
2779 1239 3057 1294 exercitus
3097 1253 3290 1309 pinnas
3319 1236 3420 1292 de-

1842 1327 1945 1381 dit.
1988 1327 2210 1385 Zambri
2242 1348 2364 1385 cum
2405 1331 2734 1387 mulieribus
2786 1330 3103 1385 Madianitis
3134 1337 3417 1385 scortatu:

153 1432 303 1487 erat,
356 1430 411 1476 et
468 1421 634 1477 Israel
671 1431 960 1493 propterea
1023 1427 1078 1483 in
1127 1431 1465 1502 supplicium
1516 1426 1687 1485 incidi
1768 1424 1901 1490 Qua:
1958 1444 2086 1483 cum
2140 1429 2216 1483 ita
2255 1430 2386 1496 sint,
2439 1444 2635 1484 omnes
2665 1438 2718 1483 et
2770 1427 3025 1498 privatim
3084 1434 3140 1482 et
3198 1424 3416 1495 publico

151 1515 331 1568 vitam
366 1521 610 1569 nostram
638 1516 1013 1574 excutiamus.

276 1606 367 1660 ao‘t
392 1604 666 1659 ἀκούσατε
696 1620 712 1636 ⁸
739 1609 1060 1680 Χριστιανοὶ
1089 1613 1420 1669 ἐνωτίσασθε
1440 1658 1456 1681 ,
1490 1592 1573 1669 ὅτι
1602 1613 1729 1668 τάδε
1756 1657 1793 1687 ιχ

150 1696 306 1766 λέγει
336 1696 562 1768 Κύριος,
590 1698 651 1751 οὐ
680 1699 1012 1773 δημηγορῶν
1040 1703 1389 1775 αὑτοφὼνως,
1413 1710 1525 1772 τοῖς
1545 1708 1602 1761 δὲ
1621 1706 1732 1761 τῶν

1910 1608 2054 1664 Ibid.
2084 1639 2154 1650 —
2190 1608 2410 1675 Audite,
2449 1609 2635 1682 p0puli
2665 1628 2679 1675 ;
2714 1609 3041 1676 auscultate,
3068 1603 3413 1663 Christianii

1802 1690 2098 1783 i‘qt‘toniatn
2166 1704 2280 1759 hinc
2331 1703 2464 1758 dicit
2520 1702 2812 1768 Dominus,
2866 1718 2975 1757 non
3025 1701 3143 1772 ipse
3190 1701 3414 1773 quidem

149 1789 363 1844 δούλων
399 1791 664 1881 στόμασιν
695 1792 910 1863 ἐνηχῶν
940 1796 1016 1859 ὠς
1038 1798 1289 1867 ὀργάνοις
1308 1814 1323 1828 ο
1357 1800 1434 1871 μή
1470 1800 1730 1870 φανῶμεν

1838 1802 2054 1844 euamet
2091 1806 2227 1845 voce
2264 1793 2630 1858 concionans,
2691 1791 2788 1846 sed
2843 1806 3133 1847 servorum
3186 1803 3415 1845 suorum

146 1882 199 1932 oi.
224 1880 441 1949 λογικοὶ
473 1878 584 1935 τῶν
621 1882 832 1953 ἀλόγων
888 1885 1181 1960 ὠμότεροι.
1227 1890 1442 1944 Ἐκεῖνα
1486 1892 1596 1964 γὰρ
1625 1895 1736 1956 τοῖς

146 1974 217 2028 ἐκ
239 1974 341 2045 τῆς
364 1974 466 2045 γῆς
529 1976 825 2046 φυομένοις
881 1978 1029 2050 παρά
1082 1980 1181 2051 τῆς
1228 1983 1448 2051 φύσεως
1473 1982 1548 2047 ῶς
1578 1985 1733 2053 κοινῇ

147 2067 454 2141 κέχρηται,
509 2069 607 2123 καὶ
652 2069 948 2141 προϐάτων
1002 2072 1197 2142 ἀγέλαι
1255 2074 1313 2129 ἓν
1360 2077 1456 2130 καὶ
1501 2076 1565 2129 τὸ
1605 2076 1737 2131 αὐτὸ

145 2164 586 2219 καταῦόσκονται
618 2165 768 2235 ὅρος.
795 2167 985 2222 Ἵπποι
1012 2169 1070 2223 δὲ
1099 2170 1453 2242 παμπληθεῖς
1483 2173 1610 2242 μίαν
1638 2174 1737 2228 καλ⁵

141 2256 250 2326 τὴν
274 2256 448 2327 αὐτὴν
475 2258 877 2328 κατανέμονται
902 2261 1151 2329 πεδιάδα,
1194 2266 1291 2317 καί
1320 2265 1501 2319 πάντα
1519 2267 1590 2318 τὰ
1610 2265 1736 2319 καθ’

143 2348 392 2403 ἕκαστον
421 2347 597 2413 οὕτως
642 2350 899 2420 ἀλλήλοις
928 2353 1381 2427 ἀντιπαραχωρεῖ
1408 2357 1511 2427 τῆς
1565 2357 1735 2426 ἀναγι-

147 2441 325 2504 καίας
348 2443 459 2495 τῶν
488 2442 693 2513 χρειῶν
722 2442 1100 2509 ἀπολαύσεως.
1142 2447 1332 2517 Ἡμεῖς
1360 2449 1417 2502 δὲ
1445 2449 1737 2518 ἐγκολπισ-

145 2532 364 2602 ζόμεθα
390 2533 459 2588 τά
485 2534 658 2589 κοινά’
678 2534 749 2589 τά
775 2534 883 2589 τῶν
910 2536 1121 2591 πολλῶν
1145 2540 1296 2610 μόνοι
1331 2540 1546 2612 ἔχομεν.
1578 2543 1716 2596 Αἱδε-

149 2625 377 2697 σθῶμεν
417 2627 688 2700 Ἐλλήνων
747 2628 1111 2701 φιλάνθρωπα
1173 2632 1507 2704 διηγήματα.
1574 2636 1727 2705 Παρό

147 2734 302 2772 τισιν
329 2718 563 2773 ἐκείνων
618 2721 787 2791 νόμος
838 2721 1243 2793 φιλάνθρωπος,
1303 2726 1403 2797 μία
1461 2727 1730 2799 τράπεζα,

149 2810 250 2863 καὶ
274 2809 430 2863 κοινὰ
462 2811 535 2865 τὰ
562 2812 729 2878 σιτία,
759 2812 857 2884 μία
907 2815 1065 2871 ἑστία
1108 2816 1296 2886 σχεδὸν
1346 2818 1440 2873 τὸν
1494 2820 1730 2875 πολυάν-

150 2902 378 2974 θρωπον
423 2902 595 2974 δῆμον
665 2906 1065 2975 ἀπεργάζεται.
1119 2910 1553 2982 Καταλείψωμεν
1604 2914 1731 2978 τοὺς

150 2994 376 3057 ἔξωθεν,
414 2994 510 3048 καὶ
536 2995 862 3067 ἀπέλθωμεν
891 2999 972 3062 εἰς
995 2998 1057 3055 τό
1078 3000 1188 3054 τῶν
1231 3003 1549 3072 τρισχιλίων
1596 3003 1728 3057 ὑπό-

147 3084 380 3155 δειγμαο
406 3086 468 3141 τὸ
495 3086 712 3157 πρῶτον
735 3088 844 3143 τῶν
874 3091 1221 3162 Χριστιανῶν
1236 3094 1572 3167 ζηλὼσωμεν
1603 3095 1727 3149 σύν-

1838 1880 2032 1936 oribus
2069 1890 2330 1950 tanquam
2366 1881 2594 1953 organis
2631 1881 2961 1952 quibusdam
2993 1880 3298 1938 insonans:
3336 1878 3417 1934 Ne

1836 1986 1941 2026 nos
1982 1970 2268 2041 ipsos,qui
2305 1970 2521 2027 ratione
2565 1971 2780 2041 pranlili
2825 1986 3037 2037 sumus,
3069 1969 3415 2025 crudeliores

1835 2064 2016 2121 brutis
2053 2064 2414 2135 praebeamus.
2444 2061 2539 2117 Illa
2571 2064 2845 2128 siquidem
2872 2064 2957 2119 his
2990 2079 3111 2133 qua:
3144 2079 3211 2118 ex
3243 2062 3415 2116 humo

1834 2165 2030 2211 natura
2084 2157 2366 2227 producit,
2420 2156 2479 2213 in
2530 2172 2830 2212 commune
2885 2164 3139 2211 utuntur.
3193 2140 3327 2209 Nam
3359 2164 3413 2209 et

1834 2248 2016 2305 ovium
2078 2266 2275 2320 greges
2314 2267 2487 2305 unum
2534 2250 2899 2320 eumdemque
2948 2257 3195 2303 montem
3241 2245 3412 2316 depa-

1835 2353 2018 2410 scunt,
2073 2344 2237 2416 492
2281 2353 2337 2400 et
2387 2344 2669 2399 numerosi
2715 2345 2842 2416 equi
2877 2344 2933 2398 in
2966 2358 3077 2397 uno
3107 2351 3163 2398 et
3215 2342 3411 2397 eodem

1834 2453 2028 2509 campo
2062 2438 2398 2508 pabulantur
2428 2456 2445 2506 ;
2486 2454 2551 2493 ac
2590 2438 2833 2508 denique
2861 2436 3190 2506 singulatim
3222 2435 3411 2488 omnia

1833 2532 2214 2586 necessarium
2250 2546 2442 2586 eorum
2478 2529 2683 2601 quibus
2720 2527 2985 2597 indigent,
3024 2541 3189 2582 usum
3220 2536 3410 2578 mutuo

1832 2623 1937 2679 sibi
1976 2622 2094 2693 ipsa
2134 2619 2471 2676 concedunt.
2520 2621 2588 2673 At
2636 2634 2739 2674 nos
2776 2633 2896 2687 qua.
2931 2617 3244 2671 communia
3280 2624 3413 2669 sunt

1833 2716 1960 2772 sinu
2016 2716 2210 2770 nosti!)
2261 2728 2609 2774 coercemus,
2645 2720 2701 2766 et
2732 2726 2855 2780 qua:
2904 2710 3244 2774 multorum,
3292 2706 3411 2761 hate

1833 2807 1936 2863 soli
1970 2800 2248 2862 tenemus.
2280 2804 2498 2860 Pudore
2548 2821 2650 2859 nos
2707 2803 2944 2857 alliciant
2977 2817 3099 2872 quae
3128 2802 3198 2855 de
3230 2800 3412 2871 genti-

1831 2899 1965 2954 lium
2026 2898 2373 2953 humanitate
2425 2904 2826 2951 memorantur.
2866 2894 3000 2949 Nam
3047 2893 3192 2965 apud
3237 2908 3410 2965 quos-

1830 2993 1957 3047 dam
1989 3007 2179 3047 eorum
2218 2992 2301 3046 lex
2331 2989 2693 3045 humanitatis
2720 2990 2881 3060 plena
2909 2996 3015 3052 est,
3051 3004 3161 3043 una
3190 2987 3409 3043 cadem-

1832 3101 1939 3156 que
1992 3099 2202 3147 mensa,
2250 3098 2579 3138 communes
2627 3082 2762 3144 cibi,
2827 3081 2972 3137 idem
3022 3079 3137 3136 fere
3209 3079 3408 3144 focus,

149 3194 359 3247 ταγμα,
392 3178 540 3244 ὅπως
567 3174 647 3248 ἦν
674 3182 878 3248 αὐτοῖς
939 3183 1176 3240 ἅπαντα
1235 3185 1407 3241 κοινά
1426 3202 1439 3217 ⁹
1474 3190 1502 3241 ό
1527 3187 1664 3259 βίος,
1690 3187 1725 3261 ἡ

1837 3177 2347 3232 numerosissimum
2386 3176 2592 3247 alioqui
2637 3178 2900 3247 populum
2954 3189 3125 3229 unum
3171 3189 3294 3229 esse
3327 3170 3410 3226 fa-

147 3269 332 3342 ψυχὴ,
366 3271 403 3343 ή
456 3273 789 3343 συμφωνία,
834 3276 869 3345 ἡ
902 3277 1156 3347 τράπεζα
1206 3279 1361 3349 κοινή
1384 3296 1397 3310 ·
1423 3279 1728 3351 ἀδιαίρετος

1837 3271 2003 3325 ciunt.
2062 3267 2168 3324 Sed
2224 3277 2484 3324 externos
2546 3270 2853 3332 mittamus,
2904 3277 3069 3339 atque
3103 3266 3172 3321 ad
3232 3265 3405 3320 trium

148 3360 473 3433 ἀδελφότης,
511 3363 707 3435 ἀγάπη
770 3367 1247 3439 ἀνυπόκριτος,τά
1274 3370 1446 3425 πολλά
1497 3372 1728 3442 σώματα

1837 3364 2046 3418 illorum
2077 3361 2224 3416 mille
2250 3361 2532 3417 hominum
2564 3360 2877 3432 exemplum
2901 3376 3005 3416 nos
3029 3358 3403 3415 conferamus:

147 3449 205 3503 ἓν
229 3452 602 3524 ἐργαζόμενα,
632 3454 731 3519 τάς
776 3455 1069 3527 διαφόρους
1116 3457 1296 3529 ψυχὰς
1323 3462 1403 3523 εἰς
1436 3460 1565 3530 μίαν
1592 3463 1725 3532 ὁμό-

1837 3456 2063 3526 primum
2124 3454 2251 3508 istic
2301 3455 2748 3509 Christianorum
2809 3468 3007 3520 agmen
3074 3452 3402 3506 imitemur:

148 3556 298 3595 νοιαν
331 3543 709 3613 συναρμοῦσα.
749 3544 926 3599 Πολλὰ
954 3546 1057 3616 τῆς
1092 3546 1447 3616 φιλαδελφίας
1495 3550 1641 3619 ἔχεις
1662 3551 1728 3605 ὲκ

1837 3542 2297 3616 quemadmodum
2338 3544 2520 3596 omnia
2554 3542 2667 3596 illis
2724 3540 3027 3595 communia
3057 3547 3211 3593 erant
3247 3537 3400 3609 (Act.

148 3633 399 3697 Παλαιᾶς
426 3636 703 3707 Διαθήκης
734 3638 831 3691 καὶ
856 3640 921 3692 ἐκ
948 3643 1048 3709 τῆς
1076 3640 1224 3704 Νέας
1246 3640 1314 3694 τὰ
1330 3641 1722 3713 ὑποδείγματα.

1837 3651 1885 3701 n,
1918 3637 2023 3702 μς
2074 3651 2147 3701 Iv,
2179 3634 2293 3704 '52),
2336 3636 2468 3697 vita,
2507 3634 2748 3699 animus,
2794 3631 3114 3697 concordia,
3152 3646 3406 3685 commn.

148 3724 470 3797 Πρεσϐύτην
483 3726 576 3781 ἐὰν
593 3727 706 3799 ἴδῃς
731 3727 1083 3799 λιμώττοντα,
1110 3732 1459 3801 μετάστειλαι
1487 3735 1581 3786 καὶ
1601 3732 1726 3805 θρέ-

1837 3731 1911 3785 uis
1942 3744 2153 3792 mensa,
2189 3726 2467 3782 indivulsa
2502 3725 2846 3792 fraternitas,
2890 3725 3141 3779 charitas
3166 3722 3169 3725 ’
3192 3738 3302 3777 non
3339 3724 3403 3776 η·-

145 3817 328 3886 ψονώς
345 3816 543 3889 Ἰωσὴφ
565 3819 655 3873 τὸν
671 3820 885 3875 Ἰακώϐ.
904 3821 1124 3893 Ἐχθρὸν
1143 3823 1237 3877 ἐάν
1252 3823 1420 3896 εὕρῃς
1439 3825 1624 3880 στενοῦ
1631 3844 1728 3897 με·

1837 3814 1935 3889 :ta,
1969 3837 2091 3893 qua:
2121 3838 2187 3877 ex
2220 3820 2410 3875 multis
2464 3819 2794 3889 corporibus
2830 3834 3001 3872 unum
3043 3817 3303 3880 elliceret,
3342 3823 3397 3870 et

146 3928 253 3974 νον,
276 3912 356 3983 μὴ
374 3912 672 3985 ἐπιϐάλλῃς
686 3918 753 3985 τῇ
775 3915 912 3987 ὀργῇ
930 3918 995 3987 τῇ
1018 3916 1324 3990 κατεχούσῃ
1343 3916 1439 3987 τὴν
1489 3917 1724 3987 ἄμυναν,

1837 3915 2072 3969 :liversas
2103 3913 2320 3967 animas
2347 3913 2661 3967 concordia).
2696 3927 2841 3965 nexu
2885 3918 3192 3980 coaptaret.
3227 3908 3397 3963 Multa

147 4002 281 4057 ἀλλά
304 4004 507 4078 θρέψον
558 4005 722 4059 αὑτὸν
739 4006 815 4070 ὡς
846 4008 1056 4071 ἐκεῖνος
1106 4008 1233 4073 τοὺς
1294 4009 1554 4078 ἀδελφοὺς
1598 4011 1725 4075 τοὺς

1837 4006 1921 4061 tibi
1957 4013 2157 4077 prmsto
2188 4014 2320 4059 sunt
2358 4004 2609 4074 exempla
2652 4002 2972 4065 charitatis,
3034 4011 3145 4056 tum
3179 4017 3245 4057 ex
3289 3999 3399 4055 Vc-

148 4096 300 4169 πωλή
310 4114 533 4161 σαντας.
568 4098 693 4152 Ἐὰν
718 4098 948 4173 ἐντύχῃς
966 4099 1221 4171 νεωτέρῳ
1240 4102 1724 4173 καταπονουμένῳ,

1837 4099 1951 4163 teri,
1990 4107 2105 4151 tum
2165 4112 2229 4152 ex
2284 4094 2435 4151 Novo
2486 4094 2866 4151 Testamento.
2915 4092 2972 4148 Si
3025 4109 3211 4148 senem
3254 4091 3404 4147 fame

146 4186 318 4254 οὕτως
366 4188 638 4260 δάκρυσον
666 4191 743 4254 ὡς
776 4192 981 4257 ἐκεῖνος
1044 4190 1135 4246 τὸν
1194 4193 1456 4263 Βενιαμὶν
1507 4194 1600 4247 τὸν
1627 4191 1723 4247 τοῦ

1837 4190 2135 4247 confectura
2182 4190 2413 4255 videris,
2450 4190 2598 4245 hunc
2647 4203 2872 4243 accerse
2900 4197 2953 4243 et
2988 4186 3096 4249 ale,
3132 4186 3399 4258 quemad-

146 4281 328 4347 γήρως
358 4282 506 4334 υἱόν·
532 4283 788 4353 πειράζει
821 4284 917 4337 καὶ
950 4284 1009 4337 σὲ
1042 4285 1205 4355 τυχὸν
1231 4288 1263 4342 ἠ
1300 4285 1610 4351 πλεονεξία,
1646 4286 1722 4351 ὡς

1837 4284 2045 4338 modum
2097 4281 2301 4353 Joseph
2348 4281 2543 4338 Jacob.
2600 4281 2657 4336 Si
2695 4282 2979 4335 inimicum
3020 4280 3077 4334 in
3106 4280 3405 4350 angustias.

145 4372 233 4424 τὸν
273 4370 473 4442 Ἰωσηφ
506 4374 540 4444 ή
570 4373 829 4428 δεσποινα
870 4377 1088 4429 εἵλκυσε
1135 4395 1245 4432 των
1313 4379 1567 4449 ἱματιων,
1631 4380 1718 4434 ἵνα

1837 4380 2109 4437 redactum
2159 4380 2463 4443 inveneris,
2525 4395 2595 4434 ne
2647 4376 2949 4433 iracundia:
2984 4392 3095 4448 qua
3153 4375 3406 4447 percitus

145 4461 239 4531 τῆς
291 4463 514 4535 ἐντολῆς
558 4467 1018 4538 καταφρονήσῃςς
1051 4469 1355 4539 πρόσριώον
1382 4471 1451 4524 τά
1501 4472 1717 4541 ἱμάτια·

1837 4483 1931 4538 :st,
1987 4473 2251 4528 ultionem
2289 4472 2598 4542 adiungas;
2658 4470 2756 4527 sed
2809 4470 2985 4540 ipsum
3038 4468 3143 4535 ale,
3207 4478 3267 4522 ut
3307 4466 3402 4523 ille

147 4550 383 4620 φύλαξον
411 4531 491 4627 τῶ
520 4531 839 4628 Κυρίῳ-τὴν
865 4531 876 4537 ⁷
894 4531 1109 4626 πίστιν,
1135 4531 1212 4622 ὡς
1259 4560 1468 4625 ἐκεῖνος
1498 4531 1576 4631 τῳ
1601 4564 1709 4615 [lto

1837 4562 2020 4617 'ratres
2082 4578 2112 4615 a
2140 4562 2346 4632 quibus
2388 4562 2648 4615 venditus
2704 4559 2901 4614 fuerat.
2951 4557 3012 4612 Si
3046 4557 3101 4611 in
3135 4557 3399 4627 juvenem

145 4646 338 4718 τεφρή.
384 4646 471 4700 Ἐν
499 4646 732 4720 ἐνιαυτῷ
792 4648 891 4721 τὴν
926 4649 1138 4710 ἔνδειαν
1192 4652 1575 4723 οἰκονόμησον,
1636 4656 1713 4719 ῶς

1837 4670 2068 4709 rrumna
2109 4662 2166 4708 et
2219 4655 2406 4709 labore
2446 4667 2702 4722 pressum
2756 4650 3045 4713 incideris,
3092 4648 3175 4704 sic
3223 4649 3397 4703 collaq

147 4734 351 4803 ἐκεῖνος
378 4740 436 4792 ἐν
459 4744 571 4805 τοῖς
599 4740 757 4798 ἑπτά.
1072 4750 1078 4755 ’

1837 4763 2032 4819 :ryma,
2070 4756 2131 4800 ut
2160 4748 2250 4800 ille
2275 4747 2346 4801 ob
2375 4747 2660 4816 Benjamin
2691 4760 2852 4815 quem
2895 4760 3063 4798 senex
3088 4750 3248 4814 pater
3276 4743 3396 4797 edi-

149 4826 321 4887 derat.
360 4833 504 4900 Quin
557 4844 611 4891 te
656 4835 916 4894 fortassis
958 4854 1180 4909 quoque
1230 4848 1404 4896 tentat
1436 4841 1709 4896 avaritia?
1739 4844 1819 4897 uti
1859 4843 2164 4914 Josephum
2199 4844 2329 4897 hera
2373 4850 2428 4897 te
2477 4842 2722 4897 vestibus
2784 4841 2974 4903 trahit,
3027 4848 3089 4893 ut
3161 4838 3394 4894 manda-

151 4931 264 4980 tum
298 4926 391 4984 Dei
422 4946 522 4999 pro
573 4932 749 4987 nihilo
790 4933 1001 4990 ducas?
1046 4936 1256 5006 projice
1288 4945 1505 5001 vestes,
1531 4938 1706 4995 iratus
1759 4939 2035 5006 abscede,
2092 4937 2252 4993 fidem
2286 4952 2442 4994 serva
2482 4935 2753 5003 Domino,
2797 4945 2856 4990 ut
2892 4935 2985 4989 illo
3058 4932 3345 5006 Putiphari
3370 4949 3390 4988 :

152 5017 205 5073 3n
234 5037 347 5080 uno
376 5042 521 5082 anno
547 5038 895 5098 grassantem
941 5040 1241 5100 egestatem
1274 5032 1623 5098 administra,
1653 5044 1713 5089 ut
1755 5035 1848 5090 ille
1884 5044 2094 5104 septem
2127 5034 2313 5089 annis.

217 5117 282 5173 Τί
314 5119 544 5193 ὑποτίθῃ
568 5121 822 5192 ἀφςιτμὴν
880 5115 1239 5195 εὐπρόσωπον
1271 5128 1351 5191 εἰς
1395 5129 1493 5198 τὴν
1525 5130 1712 5199 ἁμαρ-

1890 5126 2165 5197 Ejusdem.
2196 5156 2266 5167 -—
2294 5123 2438 5192 Quid
2478 5125 2828 5196 plausibilem
2880 5138 3104 5179 causam
3157 5122 3224 5179 ad
3260 5108 3389 5194 pec;

152 5210 303 5281 τίαν;
329 5214 358 5267 ό
380 5213 472 5267 τὸν
503 5214 667 5267 παῖδα
696 5215 949 5287 ποιήσας,
1003 5218 1099 5273 καὶ
1131 5218 1191 5270 σὲ
1218 5218 1495 5289 ἐποίησεν,
1531 5221 1598 5273 Ὅ
1632 5237 1714 5274 σοι

1837 5219 2061 5274 tandum
2092 5218 2293 5289 ﬁngis?
2317 5217 2422 5285 Qui
2454 5227 2507 5272 te
2533 5220 2763 5280 creavit,
2795 5217 2935 5271 idem
2964 5215 3134 5269 lilium
3163 5230 3387 5286 quoque

150 5302 248 5368 τὰς
276 5305 530 5379 ἀφορμὰς
552 5308 949 5379 παρεχόμενος,
969 5310 1161 5382 καὶτῷ
1189 5311 1341 5373 παιδὶ
1360 5311 1590 5389 παρέξει
1615 5313 1716 5381 τάς

1837 5322 1977 5362 .uum
2035 5306 2264 5361 creavit.
2309 5303 2414 5372 Qui
2472 5307 2595 5361 vitae
2651 5306 2915 5375 degendae
2976 5304 3225 5360 subsidia
3280 5305 3380 5361 tibi

152 5397 245 5452 τοῦ
277 5398 391 5469 βίου
420 5397 783 5470 διεξαγωγάς.

1837 5399 2077 5465 Μέεὶιιιίι,
2114 5397 2259 5454 idem
2290 5413 2514 5470 quoque
2544 5400 2925 5455 instrumenta
2950 5399 3064 5453 ﬁlio
3096 5398 3382 5465 prabebit,

1816 5492 2023 5563 quibus
2053 5491 2226 5545 vitam
2254 5491 2522 5563 transigat

1892 5582 2090 5652 Ejusd.
2121 5614 2193 5624 —
2221 5583 2299 5640 Ne
2335 5584 2546 5640 liberos
2587 5597 2859 5645 causeris.
2888 5598 2921 5639 ο
2971 5599 3154 5640 avare.
3192 5583 3379 5646 Liberi
3431 5626 3441 5657 τ

1816 5673 1914 5728 tibi
1959 5675 2136 5730 sunt?
2175 5678 2573 5747 sempiternum
2620 5676 2757 5745 ipsis
2802 5677 3122 5733 thesaurum
3146 5678 3377 5748 aggere.

1816 5764 2132 5823 Thcsaurus
2165 5778 2349 5824 autem
2383 5768 2741 5840 pecuniarum
2784 5768 2977 5839 plenus
3009 5779 3064 5824 et
3092 5784 3254 5840 Opum
3290 5777 3375 5821 est

1817 5860 2008 5935 pictas.
2067 5858 2222 5925 Filiis
2280 5863 2391 5919 tuis
2443 5863 2645 5925 bonum
2678 5863 2869 5934 potius
2932 5878 3152 5929 nomen,
3209 5876 3372 5947 quam
3406 5932 3420 5959 ι

221 5572 311 5646 Μή
346 5576 686 5649 προφασίζου
728 5578 859 5643 τοὺς
888 5581 1102 5648 παῖδας,
1128 5597 1157 5636 ο
1180 5600 1529 5658 πλεονεκτης.
1578 5590 1716 5642 Πατ-

156 5659 243 5728 δές
293 5670 479 5738 είσιν;
534 5670 835 5744 θησαύριζε
890 5675 1089 5747 αὐτοῖςΙ
1140 5675 1415 5749 θησαυρὸν
1471 5678 1711 5736 αἰώνιον.

158 5751 434 5832 Θησαυρὸς
461 5761 521 5816 δέ
567 5765 715 5818 ἐστιν
739 5764 993 5819 εὐσέϐεια
1049 5768 1369 5839 χρημάτων.
1402 5773 1714 5828 Κατάλειπε

162 5847 340 5912 παισὶν
367 5850 579 5924 ἀγαθὴν
613 5854 868 5935 μνήμην,
898 5854 931 5933 ἦ
960 5856 1191 5915 πλοῦτον
1254 5859 1441 5925 πολύν.
1500 5863 1716 5930 Πάντας
