4052 6404
621 362 755 426 Ῑὶθο

1762 356 1834 436 s.
1871 375 2193 436 JOANNIS
2235 377 2667 442 DAMASCENI

3732 378 3870 449 15m

603 479 825 534 divitias
886 481 1092 538 multas
1144 483 1419 555 relinque.
1473 484 1548 539 Da
1597 501 1823 558 operam
1870 496 1929 542 ut
1973 504 2153 545 omnes

2281 498 2508 562 ποίησον
2529 493 2623 547 τοῦ
2648 494 2840 558 παιδὸς
2873 495 2969 548 τοῦ
2991 494 3087 548 σοῦ
3115 495 3361 567 πατέρας
3379 494 3467 548 διὰ
3498 495 3604 566 τῆς
3630 495 3856 561 εὐνοίας.

603 588 793 629 amore
838 582 897 629 et
950 575 1338 634 benevolentia
1385 589 1570 651 patres
1606 580 1701 635 lilii
1739 582 1816 636 tui
1858 582 1990 638 sint.
2043 585 2178 639 0m-

2294 586 2532 656 ⁹Ανάγκη
2558 583 2619 640 σέ
2646 604 2779 641 ποτε
2826 587 3083 641 ἀπελθεῖν
3136 585 3233 640 τοῦ
3275 586 3392 657 βίου
3416 603 3434 620 ο
3466 582 3589 641 εἶτα
3633 587 3730 639 τὸν
3773 586 3859 640 σὺν

604 665 735 720 uiuo
769 667 871 722 tibi
912 684 978 723 ex
1009 671 1112 726 hac
1146 671 1257 727 vita
1296 673 1627 745 quandoque
1670 676 1937 733 excedere
1989 695 2152 734 neces

2282 679 2447 733 παῖδα
2476 684 2532 733 ἐν
2553 683 2617 751 τῇ
2642 680 2912 751 ἀνηλικίᾳ’
2958 679 3312 749 καταλείψεις
3364 679 3475 733 τῶν
3498 679 3857 751 προεατώτων

604 772 727 811 sum
765 774 872 824 est,
902 771 956 816 et
992 762 1330 833 impuberem
1358 764 1530 820 lilium
1570 767 1905 838 relinquere,
1942 770 2177 826 aliorum

602 851 866 920 praesidio
912 868 1053 923 opus
1106 854 1424 911 habentem.
1464 856 1520 911 Si
1552 859 1759 928 probus
1803 870 1858 915 et
1907 862 2178 933 benignus

602 941 797 1008 fueris,
821 945 1060 1014 quisque
1084 954 1238 999 tuum
1266 947 1436 1001 lilium
1460 958 1721 1020 tanquam
1745 968 1910 1007 suum
1941 956 2175 1009 nutriet.

601 1028 993 1088 Reminiseitur
1010 1035 1189 1101 enim,
1212 1038 1359 1107 quod
1384 1049 1438 1093 et
1459 1046 1516 1093 tu
1545 1041 1694 1096 fuisti
1717 1052 1871 1113 pater
1899 1047 2177 1117 orphano-

601 1139 744 1179 rum.
768 1126 864 1180 Sin
888 1134 1065 1181 autem
1085 1130 1352 1187 scelerate
1376 1132 1632 1200 vivendo,
1653 1137 1838 1192 multis
1860 1141 2171 1197 molestiam

598 1218 871 1286 attuleris,
903 1224 1179 1291 aequavis
1212 1222 1326 1278 lbra
1354 1227 1722 1285 crudeliorem
1742 1232 1812 1287 iis
1835 1235 2171 1305 quibuscum

598 1312 800 1380 agebas
828 1321 881 1367 te
906 1315 1229 1384 praebueris,
1264 1324 1379 1371 tum
1413 1319 1613 1376 deinde
1637 1338 1704 1378 ex
1733 1325 1838 1380 hac
1872 1328 1983 1381 vita
2013 1345 2174 1386 exce-

594 1401 756 1468 dens,
782 1403 951 1458 lilium
985 1414 1140 1460 tuum
1177 1424 1523 1467 communem
1552 1417 1799 1473 omnium
1839 1419 2051 1477 hostem
2088 1439 2173 1480 re-

595 1493 833 1562 liquisti.
874 1496 1039 1553 Velut
1079 1503 1225 1555 enim
1258 1506 1350 1574 qui
1395 1510 1601 1579 scorpii
1631 1514 1839 1580 prolem
1870 1519 2168 1587 conspicit,

595 1585 779 1651 timet,
821 1604 889 1644 ne
934 1605 1057 1644 cum
1107 1593 1175 1646 ad
1207 1607 1420 1650 aetatem
1466 1605 1843 1667 pervenerint,
1884 1585 2169 1677 parentem

593 1677 871 1746 imitetur;
926 1682 1006 1737 sic
1070 1686 1234 1738 etiam
1270 1704 1337 1741 ue
1379 1689 1471 1744 lilii
1504 1693 1585 1745 tui
1632 1706 1875 1763 paterna:
1906 1700 2169 1755 sintita:-

594 1770 751 1825 redes
798 1774 1187 1844 improbitatis,
1226 1788 1518 1851 antequam
1558 1786 1624 1839 ad
1653 1798 1872 1845 aetatem
1920 1794 2164 1859 veniant,

2277 772 2553 843 δεόμενον.
2600 774 2725 826 Ἐὰν
2744 773 2910 838 καλὸς
2933 769 2999 847 ᾗς
3017 774 3111 827 καὶ
3136 772 3361 841 ἀγαθὸς,
3386 773 3622 836 ἕκαστος
3645 773 3745 826 τὸν
3775 773 3861 825 σὺν

2280 866 2502 935 ἔγγονον
2533 866 2723 936 ῶσπερ
2755 867 2886 920 ίδιον
2918 866 3197 938 ἐκθρέψει.
3227 867 3615 935 Μεμνήσετατ,
3642 865 3751 935 γὰρ
3778 864 3860 918 ὃτι

2284 960 2382 1013 καί
2413 962 2476 1013 σὺ
2517 958 2769 1030 ὀρφανῶν
2822 958 3012 1028 ἐγένου
3065 960 3268 1030 πατήρ.
3305 959 3431 1011 Ἐὰν
3458 957 3515 1011 δέ
3533 959 3596 1010 ἐν
3628 957 3860 1027 πονηρίᾳ

2278 1050 2471 1122 ζήσας,
2524 1053 2619 1105 καὶ
2662 1052 2894 1115 πολλοὺς
2948 1052 3221 1122 λυπήσας,
3271 1052 3367 1104 καὶ
3414 1051 3623 1113 παντὸς
3666 1049 3856 1119 θηρίου

2277 1142 2659 1215 χαλεπώτερος
2718 1146 3010 1215 γενόμενος
3060 1147 3178 1208 τοῖς
3225 1143 3717 1213 συντυγχάνουσιν,
3744 1138 3858 1195 εἷτα

2277 1240 2580 1313 ὐπεξῆλθες
2607 1241 2702 1296 τοῦ
2736 1243 2876 1313 βίου,
2917 1241 3217 1305 κατέλιπες
3241 1240 3335 1295 τὸν
3366 1241 3458 1293 σὺν
3486 1240 3721 1309 ἔγγονον
3746 1255 3858 1292 κει-

2275 1334 2364 1389 νὸν
2384 1334 2579 1404 ἐχθρὸν
2603 1334 2715 1387 τῶν
2737 1333 2978 1398 ζώντων.
3002 1333 3217 1403 Ὠσπερ
3236 1331 3346 1403 γὰρ
3371 1332 3571 1386 τέκνον
3590 1330 3855 1400 σκορπίου

2273 1428 2302 1480 ό
2330 1428 2666 1499 θεασάμενος
2724 1427 2995 1496 φοϐεῖται,
3045 1426 3256 1495 μήποτε
3310 1427 3393 1488 είς
3420 1424 3645 1494 ἡλικίαν
3681 1422 3851 1475 ἐλθὼν

2277 1519 2591 1589 μιμήσηται
2621 1518 2714 1570 τὸν
2735 1517 2974 1588 πατέρα,
3025 1515 3169 1568 οὕτω
3199 1515 3298 1568 καὶ
3316 1516 3383 1568 τὰ
3424 1515 3492 1567 σὰ
3517 1513 3730 1581 ἔγγονα
3762 1529 3853 1564 πο-

2272 1626 2338 1679 νη
2354 1609 2474 1682 ρίας
2505 1610 2780 1680 πατρικῆς
2803 1605 2941 1662 εἶναι
2977 1606 3314 1678 κληρονόμα,
3356 1607 3485 1676 πρὶν
3518 1608 3601 1668 είς
3630 1604 3850 1673 ἡλικίαν

2272 1704 2446 1759 ἐλθεῖν
2500 1703 2655 1775 παρὰ
2723 1702 2946 1755 πάντων
3003 1700 3583 1771 ἐπιϐουλευθήσονται.
3645 1698 3717 1749 Τί
3760 1692 3854 1749 οὖν

2271 1799 2504 1859 πολλοὺς
2562 1794 2889 1858 ἐπιϐούλους
2915 1794 3013 1849 καὶ
3065 1793 3300 1866 ἐχθροὺς
3323 1792 3581 1861 συνάγεις
3612 1794 3733 1855 τοῖς
3768 1808 3850 1843 σε-

592 1859 809 1917 insidiis
841 1867 1087 1921 Omnium
1136 1872 1424 1939 patebunt.
1460 1877 1604 1942 Quid
1652 1896 1785 1950 ergo
1825 1883 2016 1953 liberis
2053 1887 2153 1943 tuis

2265 1892 2433 1946 αυτοῦ
2449 1890 2660 1954 τέκνοις
2679 1907 2697 1957 ;

590 1952 946 2012 insidiatores
986 1962 1183 2016 utttltos
1219 1975 1273 2019 et
1304 1967 1493 2024 hostes
1522 1973 1778 2044 colligis?

662 2045 852 2114 Ejusd.
905 2051 1087 2106 Itomr'l.
1138 2055 1212 2110 De
1251 2063 1445 2115 avarit.
1472 2064 1677 2121 «Nos
1725 2083 1755 2121 a
1802 2071 2072 2127 servitute
2105 2092 2163 2131 1n

2335 2073 2522 2128 Δοῦλοι
2544 2072 2697 2134 ὄντες
2724 2068 3189 2138 ἐλευθερούμεθα,
3218 2064 3313 2117 καὶ
3353 2063 3483 2125 τοῦς
3520 2064 3847 2132 ὁμοδουλους

590 2136 900 2195 libertatem
958 2144 1327 2217 vindicamur,
1364 2169 1466 2208 nec
1507 2173 1902 2216 conservorum
1937 2165 2153 2222 miseria

2264 2168 2365 2221 οὐκ
2417 2165 2786 2236 οὶκτείρομεν.
2844 2136 3146 2221 Πεινῶντες
3202 2155 3525 2228 τρεφόμεθα
3554 2196 3570 2217 ,
3620 2155 3716 2207 καὶ
3757 2154 3845 2205 τὸν

590 2231 885 2300 tangimur.
934 2234 1256 2297 Esurientes
1304 2244 1529 2312 alimus,
1565 2261 1619 2304 et
1662 2264 1917 2323 egentem
1957 2271 2153 2329 ριιεειε.

590 2321 763 2353 riuum
818 2322 1270 2353 t‘..-:.._:--:,_,__,_
1318 2337 1329 2353 ι
1441 2340 1472 2353 --

2264 2260 2423 2331 ἐνδεῆ
2465 2231 2887 2330 παρατρέχομεν
2936 2252 3183 2353 ἀνενδεῆ,
3225 2256 3463 2353 χορηγὸν
3492 2249 3616 2353 ,καὶ
3645 2246 3845 2353 ⁸ταμίαν

586 2321 787 2378 rimus.
818 2322 1276 2396 Copiosissimum
1317 2337 1636 2407 largitorem
1677 2321 1730 2397 et
1761 2362 1990 2416 procum
2021 2369 2153 2408 cou-

2263 2321 2423 2409 Θεὸν.
2445 2321 2680 2422 ἔχοντες,
2714 2321 2966 2418 ἐρεὶδωλοι
3023 2321 3328 2412 ἐγενόμεθα
3355 2340 3452 2395 και
3481 2338 3845 2408 ἁκοινώνητοι

583 2415 712 2467 dum
758 2430 883 2472 cum
931 2422 1258 2494 habeamus,
1315 2433 1463 2499 parci
1509 2444 1564 2488 et
1604 2436 1902 2496 illiberales
1941 2444 1993 2498 iu
2027 2462 2153 2516 pau-

2263 2448 2401 2519 πρὸς
2422 2415 2549 2510 τοθς
2573 2415 2834 2514 πένητας.
2862 2438 3148 2493 Πολύτοκα
3178 2436 3331 2507 ὑμῶν
3354 2434 3427 2487 τὰ
3448 2432 3727 2505 πρόϐατα.
3754 2433 3847 2535 καὶ

583 2519 744 2574 peres
774 2512 1120 2572 exsistimus.
1154 2518 1435 2578 Fecunda:
1476 2539 1604 2583 sunt
1634 2536 1841 2587 nostra;
1876 2512 2041 2601 ονοε,⁷
2061 2540 2153 2594 sed

583 2600 739 2633 ιηηΙΙῖ
785 2604 969 2633 ιιινῖιι-νι
1017 2609 1313 2633 -.ηιμ-ειηᾼ
1380 2632 1387 2633 ,
1550 2631 1557 2633 _
1633 2624 1647 2633 .
1842 2628 1854 2633 -

2260 2512 2321 2596 οἱ.
2340 2540 2540 2611 γυμνοὶ
2569 2538 2680 2591 τῶν
2700 2512 3015 2605 -πρόϐατων
3043 2530 3284 2591 πλείους.
3316 2530 3383 2581 Δί
3416 2527 3704 2633 ἀποθῖγκαι
3737 2525 3844 2633 τῶν

583 2600 739 2653 multi
785 2604 969 2659 ovium
1017 2609 1319 2671 velleribus
1368 2631 1585 2676 carent.
1620 2624 1988 2702 Anguqiores
2025 2643 2153 2711 sunt

2260 2633 2645 2704 ἀποκειμένων
2686 2626 3026 2689 στενοῦνται,
3066 2626 3161 2678 καὶ
3193 2622 3288 2676 τὸν
3318 2620 3701 2690 ἐστενωμένον
3749 2618 3847 2670 οὐκ

580 2693 865 2757 apotheca:
915 2714 1081 2769 quam
1121 2712 1179 2757 ut
1229 2710 1550 2768 reconditas
1598 2693 1763 2787 593
1805 2693 2009 2793 ‘fruges
2049 2697 2154 2778 ica-

581 2783 772 2853 piant,
808 2804 911 2843 nec
941 2793 992 2847 ei
1035 2795 1131 2864 qui
1185 2802 1458 2870 angustiis
1502 2809 1795 2876 premitur,
1835 2813 2157 2872 misericor-

577 2876 726 2931 diam
780 2882 945 2937 ullam
989 2885 1358 2959 impertimus.
1408 2894 1539 2950 Eam
1571 2900 1641 2953 ob
1687 2907 2153 2976 eausamjustum

580 2967 742 3023 nobis
772 2973 1014 3031 tribunal
1045 2984 1457 3053 eumminatur;
1494 3004 1615 3043 eam
1655 2991 1725 3046 ob
1757 2967 1982 3051 causam
2011 2999 2153 3057 Deus

2263 2726 2549 2797 ἐλεοῦμεν.
2578 2724 2675 2777 Διὰ
2696 2722 2857 2775 τοῦτο
2907 2721 3041 2790 ἡμῖν
3069 2716 3287 2771 ἀπειλεῖ
3306 2714 3368 2767 τὸ
3391 2714 3605 2766 δίκαιον
3655 2711 3845 2781 κριτὴ-

2267 2836 2381 2891 ριον
2403 2835 2418 2849 ·
2442 2816 2532 2870 διὰ
2557 2814 2717 2867 τοῦτο
2749 2812 2846 2865 καὶ
2877 2812 2905 2864 ὁ
2930 2808 3063 2873 Θεὸς
3108 2808 3215 2903 aint
3262 2804 3486 2903 ανοίγει.
3510 2802 3613 2873 τὴν
3661 2803 3844 2903 χεῖρα..

2262 2907 2586 2979 ἐπειδὴτὴν
2628 2902 2983 2973 φιλαδελφίαν
3034 2900 3198 2971 ήμεός
3252 2895 3673 2963 ἀπεκλείσαμεν
3707 2909 3723 2923 ο
3758 2892 3846 2944 διὰ

2261 3000 2421 3055 τοῦτο
2452 2998 2616 3070 ξηραὶ
2642 2998 2699 3049 αἱ
2726 2995 2981 3067 ἄρουραι,
3012 2991 3200 3063 ἐπειδὴ
3230 2991 3265 3060 ή
3287 2988 3478 3057 ἀγάπη
3510 2985 3720 3055 ἐψύχη.

580 3076 804 3119 manum
840 3083 1003 3125 suam
1054 3075 1215 3131 nobis
1283 3095 1391 3134 non
1439 3085 1640 3152 aperit,
1708 3090 1839 3158 quia
1898 3108 2001 3151 nos
2069 3096 2151 3152 fra

2256 3113 2376 3154 nam
2443 3096 2774 3151 charitatcm
2844 3089 3187 3146 exclusimus
3210 3102 3235 3153 ;-
3292 3100 3417 3141 eam
3475 3084 3549 3138 ob
3611 3095 3839 3136 causam

577 3156 740 3213 sicea:
772 3170 932 3218 terra:
965 3180 1118 3232 sunt,
1148 3172 1280 3241 quia
1310 3175 1555 3235 Charitas
1586 3182 1864 3255 refriguit.

649 3252 841 3323 Ejusd.
871 3290 941 3353 έ
966 3261 1059 3318 Ille
1092 3281 1228 3336 opes
1262 3285 1395 3326 suas
1445 3273 1501 3329 in
1535 3292 1633 3332 eos
1664 3252 1757 3350 qui
1793 3298 1920 3339 cum
1952 3286 2153 3346 bestiis
2178 3294 2223 3353 ο

577 3356 826 3415 pugnant
877 3350 1183 3424 insumens,
1247 3370 1301 3415 et
1361 3363 1619 3425 inanibus
1680 3376 1865 3444 populi
1921 3380 2156 3438 vocibus

578 3439 942 3511 insolesceus,
1005 3451 1153 3518 vulgi
1208 3453 1468 3514 laudibus
1525 3439 1779 3529 inﬂatur,
1824 3471 2160 3544 animosque

576 3531 763 3599 tollit;
797 3536 957 3607 cujus
997 3540 1257 3600 videlicet
1306 3549 1485 3620 gloria
1525 3554 1579 3610 in
1613 3558 1941 3619 confusione
1968 3531 2155 3636 ipsius

574 3624 668 3676 sit.

648 3715 872 3817 ﬂaui.“
892 3723 1080 3817 homil.
1107 3728 1190 3783 Ad
1232 3733 1384 3789 divit.
1418 3768 1488 3778 —
1512 3739 1837 3815 Magistrum
1874 3764 2062 3817 vocas,
2093 3760 2151 3809 et

574 3807 773 3865 all‘ectu
819 3812 1083 3886 discipuli
1137 3837 1314 3881 cares.
1366 3826 1580 3887 Bonum
1601 3807 1924 3907 vconllteris,
1986 3807 2149 3914 cujus

574 3913 805 3955 munera
851 3908 1129 3975 repudias.
1183 3913 1328 3980 Quid
1386 3936 1553 3989 porro
1600 3942 1764 3994 grave
1805 3930 1904 3985 tibi
1940 3941 1995 3989 ct
2028 3908 2147 3992 mo-

572 3989 795 4060 lestum,
825 4006 921 4052 aut
951 4002 1124 4057 altum
1156 4008 1328 4064 nimis
1355 4026 1419 4066 ac
1442 3989 1659 4072 dillicile
1679 4030 1764 4075 est
1793 4024 1897 4078 hoc
1922 4027 2146 4085 verbum

571 4084 720 4187 quod
773 4093 1035 4162 magister
1084 4098 1183 4153 tibi
1235 4108 1566 4174 proposuit:
1625 4110 1800 4168 Vende
1836 4133 1953 4187 qua:
1983 4084 2147 4179 habes

572 4188 622 4230 et
655 4179 726 4232 da
750 4188 1071 4253 pauperibus
1102 4190 1328 4261 (Matth.
1363 4202 1568 4265 καίει
1597 4204 1657 4269 )?
1692 4206 1748 4261 Si
1774 4179 1868 4264 tibi
1900 4215 2146 4283 agriculo

574 4280 711 4327 turre
748 4275 987 4345 labores,
1018 4293 1116 4336 aut
1149 4289 1540 4357 negmiationis
1585 4300 1831 4364 pericula
1856 4342 1871 4365 ,
1907 4275 2001 4359 aint
2038 4311 2146 4367 alia

571 4367 758 4464 omnia
800 4377 1187 4441 proposuisset
1240 4395 1362 4450 quae
1416 4394 1741 4456 tempestate
1778 4393 2008 4464 jactatis
2041 4403 2144 4457 ho-

574 4454 817 4514 minibus
870 4458 1068 4530 aspera
1112 4481 1454 4541 occurrunt,
1486 4487 1606 4530 erat
1633 4496 1735 4535 cur
1763 4454 1999 4545 interere
2026 4494 2145 4549 alli-

570 4549 796 4604 cereris.
830 4551 968 4608 Cum
999 4565 1183 4613 autem
1220 4577 1319 4631 per
1349 4564 1493 4620 viam
1531 4584 1708 4641 usque
1734 4575 1869 4631 adeo
1899 4580 2142 4648 facilem,

2338 3288 2398 3342 '0
2427 3286 2575 3340 δεῖνα
2608 3284 2696 3338 τὸν
2720 3285 2954 3335 πλουτον
2981 3291 3341 3349 οηριομαχοις
3358 3270 3835 3346 προσαναλίστασν.

2254 3380 2348 3434 καὶ
2375 3381 2492 3441 ταῖς
2527 3375 2784 3447 ματαίαις
2826 3373 2937 3425 τῶν
2968 3371 3158 3442 δήμων
3200 3368 3409 3436 φωναῖς
3452 3362 3837 3432 ἐπαγαλλόμε-

2252 3487 2364 3534 νος,
2398 3469 2641 3539 φυσᾶται
2674 3467 2789 3528 τοῖς
2820 3462 3089 3527 ἐπαίνοις,
3126 3460 3222 3513 καὶ
3264 3456 3692 3529 μεγαλοφρονεῖ,
3740 3460 3837 3522 τήν

2251 3560 2410 3628 δόξαν
2446 3561 2585 3632 ἔχων
2621 3560 2680 3612 ἐν
2706 3558 2777 3628 τῇ
2806 3554 3044 3626 αἰσχύνῃ
3075 3550 3265 3607 αὑτοῦ.

2320 3742 2655 3799 Διδάσκαλον
2698 3739 2903 3809 λέγεις,
2934 3738 3030 3792 παλ¹
3078 3735 3188 3790 τῶν
3216 3732 3482 3805 μαθητῶν
3501 3732 3565 3785 οὗ
3590 3732 3832 3802 φρονεῖς.

2263 3836 2495 3906 Ἀγαθὸν
2545 3833 2863 3906 ὁμολογεῖς,
2916 3831 3011 3885 καὶ
3049 3830 3118 3883 τὰ
3143 3828 3398 3898 διδόμενα
3456 3825 3832 3895 παραπέμπῃ.

2249 3910 2415 3997 Τίιδέ
2468 3946 2551 3983 σοι
2599 3927 2856 4000 χαλεπὸν,
2888 3926 2921 3995 ἢ
2952 3925 3126 3996 βαρὺ,
3169 3922 3203 3993 ἢ
3267 3921 3581 3991 ὑπέρογκον
3636 3917 3836 3986 ῥῆμαὸ

2248 4022 2603 4093 διδάσκαλοςη
2630 4019 2986 4095 προετείνατο
3009 4031 3022 4046 ’
3076 4015 3377 4082 Πώλησόν
3416 4027 3536 4065 σου
3593 4011 3667 4064 τὰ
3720 4011 3837 4063 ὑπ-

2248 4115 2533 4185 άρχοντα,
2592 4113 2690 4168 καί
2720 4113 2827 4181 δὸς
2859 4110 3168 4182 πτωχοῒς;
3198 4109 3265 4163 Εἴ
3298 4126 3381 4161 σοι
3440 4104 3716 4178 προέϐαλε
3742 4103 3838 4156 πό-

2247 4230 2376 4275 νους
2433 4209 2814 4282 γεωργικοὺςξ,
2849 4209 2883 4280 ἥ
2918 4208 3044 4270 τοὺς
3087 4206 3144 4271 ἐξ
3183 4204 3457 4275 ἐμπορίας
3528 4198 3834 4259 κινδύνους,

2248 4311 2343 4365 καὶ
2369 4310 2470 4363 ὅσα
2508 4309 2621 4369 τοῖς
2643 4302 3071 4376 χειμαζομένοις
3107 4299 3343 4351 ἐπίπονα
3373 4295 3701 4367 πρόσεστιν,
3724 4291 3834 4344 ἔδει

2249 4420 2310 4458 σε
2335 4401 2664 4470 λυπηθῆναι.
2713 4398 2777 4450 Εί
2806 4396 2863 4449 δὲ
2899 4394 3074 4456 οὕτως
3126 4391 3219 4446 διὰ
3267 4390 3455 4462 ῥᾳδίας
3512 4386 3673 4450 ὁδοῦ,
3736 4385 3832 4439 καὶ

2247 4496 2436 4550 οὐδένα
2466 4495 2631 4548 πόνον
2653 4492 2904 4562 ἐχούσης,
2929 4487 3053 4541 οὐδὲ
3076 4486 3299 4557 ἱδρῶτα,
3335 4482 3741 4551 ἐπαγγέλλεταί
3770 4497 3829 4531 σε

2249 4588 2591 4659 κληρονόμον
2629 4584 2731 4653 τῆς
2780 4582 3003 4636 αἰωνίου
3051 4580 3196 4648 ζωῆς
3256 4576 3585 4641 ἀποδείξειν,
3614 4575 3675 4626 οὐ
3705 4572 3828 4643 χαί-

570 4654 635 4692 ac
670 4640 877 4699 laboris
927 4651 1108 4706 omnis
1141 4660 1194 4706 et
1226 4655 1452 4715 sudoris
1491 4640 1767 4732 expertem
1824 4670 1929 4727 hoc
1962 4692 2022 4730 se
2056 4678 2140 4732 fa-

2256 4640 2446 4753 ρειέτῇ
2480 4640 2701 4749 εὐκολία
2732 4676 2833 4745 τῆς
2875 4673 3183 4742 σωτηρίας,
3226 4669 3341 4723 αλλ’
3376 4668 3597 4739 ἀπέρχῃ
3626 4666 3828 4720 ὀδυνώ-

567 4742 787 4790 cturum
846 4741 1197 4812 polliceatur,
1255 4760 1314 4804 ut
1374 4757 1729 4825 sempiternae
1786 4765 1911 4820 vita:
1966 4769 2139 4827 haeres

569 4828 682 4892 sis,
735 4839 1141 4905 consequendzn
1192 4844 1390 4902 salutis
1441 4846 1708 4907 facilitate
1752 4870 1860 4911 non
1894 4863 2136 4931 gaudes,

569 4922 664 4975 sed
702 4933 905 4980 mmsto
932 4941 996 4982 ac
1037 4929 1248 4987 dolenti
1297 4939 1485 4994 animo
1513 4942 1802 5013 abscedis,
1835 4959 2001 5019 atque
2039 4972 2139 5012 eos

566 5029 759 5070 omnes
796 5017 1014 5075 labores
1048 5022 1236 5079 reddis
1286 5027 1500 5095 irritos,
1533 5049 1672 5102 quos
1704 5037 1858 5106 prius
1886 5017 2138 5100 exantla-

567 5105 657 5157 sti.
688 5106 822 5161 Nam
854 5109 900 5162 si
935 5126 1035 5165 nec
1060 5112 1264 5168 czedem
1285 5157 1299 5179 ,
1334 5126 1394 5170 ut
1428 5118 1545 5188 ipse
1573 5105 1760 5195 inquis
1784 5168 1800 5193 ,
1838 5145 1940 5186 nec
1975 5133 2137 5188 adul-

568 5198 764 5252 terium
789 5242 802 5263 ,
846 5218 947 5258 nec
992 5204 1196 5260 furtum
1231 5209 1549 5278 admisisti,
1599 5231 1702 5274 nec
1746 5220 1946 5279 falsum
1979 5228 2137 5281 testi-

565 5291 808 5346 monium
859 5293 1129 5353 adversus
1156 5316 1495 5372 quemquam
1533 5305 1757 5377 dixisti,
1792 5312 1990 5369 inutile
2030 5316 2132 5371 tibi

568 5380 763 5452 horum
826 5389 1073 5444 omnium
1160 5394 1407 5449 studium
1475 5398 1802 5471 reddidisti,
1873 5409 1970 5476 qui
2028 5408 2135 5465 hoc

566 5472 798 5528 minime
826 5479 973 5546 quod
1008 5494 1299 5552 supererat
1326 5487 1600 5557 adjeceris
1622 5531 1638 5557 ,
1666 5496 1813 5565 quod
1837 5472 1921 5554 vel
1950 5500 2131 5556 solum

563 5560 632 5613 ad
681 5576 908 5632 regnum
959 5572 1221 5630 etelorum
1268 5593 1463 5648 parare
1518 5583 1616 5638 tibi
1672 5587 1881 5643 aditum
1925 5591 2133 5662 quiret.

564 5652 641 5707 Ac
690 5656 908 5724 quidem
943 5662 991 5715 si
1045 5668 1293 5725 medicus
1322 5671 1620 5736 gfacturum
1670 5694 1732 5735 se
1780 5652 2134 5751 promitteret

569 5752 631 5798 ut
686 5745 1048 5807 distortiones
1114 5760 1483 5819 membrorum
1537 5775 1739 5824 natura
1780 5745 1890 5827 ’νει
1935 5777 2132 5832 morbo

568 5847 881 5898 contractas
932 5848 1297 5925 restitueret,
1351 5872 1464 5915 non
1516 5872 1745 5921 niwstus
1790 5863 1961 5937 fures
2026 5870 2129 5927 hoc

2242 4788 2404 4843 μενος
2450 4771 2516 4841 τῇ
2560 4767 2709 4837 ψυχῇ
2765 4765 2863 4819 καὶ
2913 4763 3160 4826 πενθῶν,
3230 4762 3325 4814 καὶ
3374 4761 3554 4821 ποιεῖς
3613 4755 3825 4826 σεαυτῷ

2237 4863 2489 4933 ἄχρηστα
2529 4860 2710 4914 πάντα
2750 4857 2851 4909 ὅσα
2891 4872 2974 4908 σοι
3010 4856 3446 4926 προπεπόνηται.
3473 4853 3673 4922 Είγὰρ
3725 4852 3826 4903 οὐκ

2238 4954 2560 5024 ἐφόνευσας,
2587 4952 2661 5016 ὡς
2688 4951 2751 5002 σὺ
2779 4950 2934 5019 ἔφης,
2999 4949 3122 5002 οὑδέ
3168 4949 3519 5018 ἐμοίχευσας,
3572 4945 3699 4998 οὔτε
3737 4944 3826 4996 ἔκ-

2237 5046 2444 5115 λεψας,
2500 5041 2626 5097 οὕτε
2698 5041 3203 5112 κατεμαρτύρησάς
3277 5057 3425 5102 τινος
3510 5038 3823 5109 μαρτυρίαν

2240 5136 2435 5207 ψευδῆ,
2478 5136 2739 5203 ἀνόνητον
2796 5132 3010 5203 σεαυτῷ
3063 5134 3240 5196 ποιεῖς
3267 5131 3365 5191 τὴν
3418 5132 3549 5201 περὶ
3604 5132 3823 5184 πάντων

2242 5229 2504 5302 σπουδὴν,
2567 5228 2647 5300 μὴ
2708 5226 3026 5297 προστιθεὶς
3083 5227 3144 5279 τὸ
3190 5225 3397 5291 λεῖπον,
3428 5225 3500 5279 δι’
3541 5218 3601 5278 οὗ
3660 5224 3821 5295 μόνου

2240 5324 2444 5398 δυνήσῃ
2499 5321 2765 5375 εἰσελθεῖν
2804 5322 2883 5384 εἰς
2915 5321 3017 5389 τήν
3081 5318 3359 5389 βασιλείαν
3415 5318 3523 5372 τῶν
3552 5319 3817 5390 οὐρανῶν.

2240 5415 2352 5470 Καὶ
2373 5418 2421 5468 εί
2453 5414 2551 5485 μὲν
2582 5414 2769 5484 ἰατρὸς
2814 5412 3188 5484 ἐπηγγείλατο
3218 5411 3586 5481 κολοϐώματα
3643 5414 3822 5484 μελῶν

2242 5506 2307 5559 ἐκ
2329 5505 2544 5576 φύσεως
2570 5505 2602 5577 ἢ
2638 5504 2953 5576 ἀρρωστίας
2973 5502 3251 5573 προσόντα
3280 5520 3364 5558 σοι
3395 5503 3817 5575 διορθώσασθαι,

2240 5598 2343 5651 οὐκ
2392 5596 2460 5652 ἂν
2505 5595 2741 5667 ⁴ίγθύμεις
2793 5594 3033 5650 ἀκούων.
3074 5595 3293 5667 Ἐπειδὴ
3331 5596 3389 5650 δέ
3417 5597 3447 5649 ὁ
3495 5597 3675 5667 μέγας
3714 5598 3821 5648 τῶν

2239 5688 2426 5761 ψυχῶν
2469 5690 2651 5762 ἰατρὸς
2674 5689 2883 5742 τέλειόν
2912 5705 2971 5741 σε
2998 5686 3251 5758 βούλεται
3282 5686 3519 5759 ποιῆσαι,
3550 5693 3665 5753 τοῖς
3695 5707 3820 5742 και-

2243 5783 2527 5853 ριωτάτοις
2587 5781 2930 5847 ἐλλείποντα,
2978 5780 3101 5835 οὐδὲ
3149 5780 3247 5852 ἔχῃ
3286 5780 3386 5851 τὴν
3447 5782 3634 5851 χάριν,
3688 5782 3820 5834 ἀλλὰ

2241 5873 2456 5940 πενθεῖς
2486 5876 2581 5931 καὶ
2625 5872 3071 5940 σκιιθοωπάζεις.
3094 5874 3312 5939 ἐκείνης
3344 5874 3446 5939 τῆς
3472 5876 3697 5938 ἐντολῆς
3726 5875 3818 5932 δὶτ
