4052 6416
303 390 428 457 iﬁlli
1564 388 1801 449 SACRA
1836 384 2294 448 PARALLELA.
3406 360 3541 428 1502

294 513 386 566 λον
417 510 636 584 μακράν
668 509 950 583 ὑπάρχων,
992 529 1088 567 και
1111 508 1307 582 ψεῦδος
1336 509 1517 577 ἑαυτῳ
1567 519 1862 576 προσμαρ-

1993 500 2223 556 ιυύἱειιε.
2253 497 2394 554 Cum
2427 506 2613 554 autem
2664 508 2898 565 .nagnus
2930 491 3023 545 ille
3048 487 3301 543 medicus
3326 482 3539 536 anima-

291 577 557 677 τυρησας,
600 606 682 660 ὅτι
746 577 1041 677 ἠγάπησας
1096 577 1212 670 «tu:
1233 600 1462 671 πλησίον
1492 596 1567 661 ὡς
1611 594 1862 659 σεαυτὸν,

1998 608 2086 648 "m
2118 600 2174 649 ιθ
2206 591 2502 663 Ρτωοὶρυὶε
2533 588 2786 661 partibus
2822 592 3098 642 carentem
3132 578 3364 634 reddere
3399 577 3538 629 inlu—

294 664 391 751 ’καλ⁸
419 664 807 766 ὲτιέφύλαξας
825 700 890 750 ὲκ
922 664 1177 764 νεότητος
1197 664 1301 765 τὴν
1328 664 1566 759 ’ἐντολὴν
1596 688 1696 759 τῆς
1725 686 1865 755 ὀ.γά-

1993 684 2157 747 ;ritati
2186 683 2365 753 cupit,
2399 679 2732 741 beneﬁcium
2763 675 2913 733 istud
2947 689 3057 728 non
3089 669 3322 739 accipis,
3351 665 3444 720 sed
3483 664 3536 715 in

294 804 426 859 πης,
451 790 548 844 καὶ
571 754 827 843 τοσούτου
885 754 1176 850 ἀπέδωκας
1237 754 1476 854 έκάστῳ.
1507 754 1680 836 Πόθεν
1716 754 1799 832 σοι
1828 778 1862 849 ή

1993 783 2110 829 uctu
2173 780 2230 829 ct
2283 787 2528 827 maerore
2592 768 2862 833 versaris,
2921 776 3086 834 atque
3142 760 3278 815 adeo
3329 757 3397 810 ab
3429 754 3538 843 .illo

454 881 751 953 χρημάτων
778 879 919 951 αὕτη
981 847 1266 951 περιουσία
1295 895 1311 944 ;
1343 847 1709 945 δαπανητικδν
1754 847 1865 941 γὰρ

1993 865 2229 921 nandato
2282 865 2452 921 dubio
2506 861 2698 934 procul
2758 867 3006 915 remotus
3044 870 3139 915 es,
3188 851 3437 917 falsoque
3471 847 3539 899 de

296 941 616 1044 nios-5&3;
657 941 924 1045 θεραπεία
945 941 1069 1024 τῶν,
1091 941 1389 1040 δεομένων.
1543 941 1553 945 ν

1993 958 2148 1027 eipso
2205 964 2446 1012 testatus
2500 953 2649 1025 quod
2702 952 3013 1021 proximum
3060 956 3213 1000 tuum
3266 941 3410 996 sicut
3461 945 3539 989 te-

297 1064 478 1135 ipsum
511 1026 768 1122 dilexeris
789 1104 805 1131 ,
836 1063 1098 1136 quodque
1138 1026 1471 1135 praeceptum
1502 1055 1790 1113 cltaritatis
1813 1052 1929 1124 jam
1968 1026 2440 1105 abiadolescentia
2469 1045 2777 1102 servaveris
2799 1085 2815 1111 ,
2851 1058 2915 1097 ac
2946 1036 3289 1095 tantumdem
3326 1026 3543 1084 unicui—

296 1121 407 1228 que
437 1166 703 1229 Quantum
729 1121 823 1213 tibi
848 1121 1177 1213 reddideris.
1219 1121 1377 1211 Unde
1407 1154 1505 1209 tibi
1539 1153 1664 1208 haec
1692 1121 2053 1221 pecuniarum
2101 1142 2307 1215 copia?
2362 1140 2609 1200 studium
2659 1137 2807 1195 enim
2883 1148 3014 1206 erga
3074 1141 3343 1203 pauperes
3398 1121 3539 1175 hanc

299 1260 407 1313 vim
441 1257 635 1323 habet,
666 1264 727 1311 ut
753 1254 976 1310 divitias
1003 1253 1316 1309 exhauriat.

372 1352 437 1404 Τί
459 1350 718 1421 πάσχετε.
759 1348 1069 1421 ἀνθρωποιις
1100 1349 1185 1413 τίς
1248 1349 1380 1417 ὑμῖν
1407 1345 1480 1400 τά
1511 1343 1764 1417 ὑμέτερα
1791 1340 1871 1403 είς

2061 1328 2203 1385 Ibid.
2228 1360 2297 1370 —
2328 1327 2604 1395 Quidnam
2638 1323 2851 1388 vobis,
2900 1335 2934 1374 ο
2972 1315 3259 1377 mortales,
3311 1306 3546 1365 accidit?

297 1445 400 1515 τὴν
446 1398 1565 1512 adfligi};
1630 1398 1868 1502 συνεργά

1993 1426 2095 1495 [uis
2150 1422 2309 1477 vobis
2352 1436 2417 1476 ea
2478 1433 2601 1489 quae
2655 1415 2722 1470 ad
2774 1411 3088 1469 subsidium
3133 1407 3258 1460 vita:
3288 1403 3452 1466 data,
3484 1398 3543 1452 in

302 1492 542 1606 έέρδςζδ
857 1533 969 1602 γάρ
1005 1492 1196 1600 ἐφόδια
1226 1492 1415 1583 κάκεῖ»)
1436 1492 1594 1595 iam
1635 1524 1705 1577 τὰ
1731 1492 1868 1593 χ’ρῆ-

1993 1492 2213 1572 ξεειῐειη
2263 1511 2564 1583 perniciem
2620 1504 2947 1563 convertit?
2996 1500 3346 1570 Nequaquam
3400 1492 3545 1546 enim

305 1642 474 1695 ματα.
521 1623 714 1693 λύτρον
744 1622 966 1693 ψυκῆςς
1009 1623 1082 1693 μὴ
1115 1620 1224 1692 γάρ
1288 1619 1513 1690 ἀφορμὴ
1543 1616 1866 1679 ἀπωλείαςς

300 1719 406 1787 ὅρα
434 1715 508 1786 μὴ
535 1714 671 1786 μετά
703 1713 912 1786 μυρίων
941 1714 1118 1767 πόνων
1148 1711 1379 1766 πλοῦτον
1417 1710 1700 1781 ἀθροίσας,
1737 1707 1873 1777 ὓλην

1978 1607 2047 1662 ad
2076 1607 2337 1661 vitiorum
2373 1601 2773 1657 adminiculum
2808 1612 2943 1667 opes
2988 1605 3269 1648 concessae.
3301 1586 3546 1645 fuerunt,

1979 1698 2187 1767 quibus
2237 1696 2421 1750 anima
2474 1690 2805 1749 redimitur?
2840 1698 3190 1757 nequaquam
3236 1679 3342 1733 illa:
3374 1675 3552 1746 perdi-

302 1771 716 1878 ἁμαρτημάτων
748 1771 957 1876 ἑτέροις
1011 1804 1463 1877 παρασκευάσῃς,
1491 1771 1611 1855 εἶτα
1643 1771 1871 1871 εὑρεθῇς

1993 1790 2151 1845 ιίοηίε
2201 1803 2388 1844 causae
2441 1785 2607 1841 sunt?
2661 1782 2800 1837 Vide
2840 1796 2942 1847 ne,
2983 1793 3108 1833 cum
3156 1771 3382 1828 divitias
3415 1783 3551 1822 sex-

302 1900 468 1954 διπλᾶ
486 1898 920 1972 τιμωρούμενος.

376 2157 562 2210 Πάντα
610 2154 808 2228 χρυσὸν
848 2152 1068 2225 βλέπεις
1099 2168 1112 2183 ⁸
1148 2153 1326 2208 πάντα
1364 2150 1568 2224 χρυσὸν
1607 2149 1881 2222 φαντάζῃ.

302 2249 475 2304 Τοῦτό
493 2266 574 2301 σοι
601 2246 909 2301 καθεύδοντι
941 2246 1212 2310 ἐνύπνιον,
1241 2245 1336 2298 καὶ
1373 2243 1698 2314 ἐγρηγορότι
1721 2241 1877 2295 aveo-

307 2361 449 2415 μιον.
476 2343 690 2413 Ὥσπερ
732 2339 842 2411 γάρ
869 2342 919 2392 οἱ
950 2338 1059 2392 ἀπὸ
1093 2336 1290 2408 μανίας
1343 2336 1653 2406 παράφοροι
1674 2374 1688 2399 ,
1721 2334 1781 2387 ού
1809 2332 1882 2387 τά

305 2436 616 2506 πράγματα
652 2433 966 2505 βλέπουσιν,
993 2431 1131 2485 ἀλλά
1155 2430 1224 2483 τά
1260 2432 1323 2482 ἐκ
1355 2428 1447 2483 τοῦ
1479 2428 1687 2490 πάθους
1745 2443 1882 2496 φαν-

302 2528 579 2594 τάζονται,
612 2525 787 2587 οὕτως
820 2542 915 2578 σου
945 2522 1146 2594 ἡψυχὴ
1182 2524 1239 2593 τῇ
1271 2519 1681 2592 φιλοχρηματίᾳ
1712 2536 1882 2571 κατα-

307 2622 592 2692 σχεθεῖσα,
648 2619 828 2672 πάντα.
882 2617 1111 2688 χρυσὸν,
1148 2617 1326 2669 πάντα
1381 2615 1621 2685 ἄργυρον
1670 2612 1879 2683 βλέπει.

307 2714 497 2768 Ἥδιον
522 2712 587 2767 ἂν
621 2712 751 2775 ῖδοις
771 2710 861 2764 τὸν
881 2709 1103 2781 χρυσὸν,
1139 2708 1172 2781 ἢ
1204 2710 1293 2761 τὸν
1319 2706 1497 2779 ἥλιον.

404 2885 774 2957 Αλληλοφάγοι
799 2883 907 2937 τῶν
955 2882 1154 2954 ἰχθύων
1192 2882 1243 2935 οἱ
1285 2882 1553 2943 πλεῖστοι,
1604 2878 1699 2933 καὶ
1732 2880 1762 2932 ό
1798 2896 1886 2949 μι-

307 2979 573 3052 κρότερος
625 2978 755 3048 παρ’
792 2975 1023 3038 ἐκείνοις
1065 2972 1263 3045 βρῶμά
1316 2974 1431 3025 ἐστι
1476 2968 1571 3024 τοῦ
1617 2968 1883 3040 μείζονος.

309 3072 427 3126 Κάν
454 3087 583 3123 ποτε
613 3069 792 3141 συμὸῇ
810 3069 901 3121 τὸν
924 3067 1018 3121 τοῦ
1062 3066 1345 3128 ἐλάττονος
1378 3062 1733 3135 κρατήσαντα
1764 3060 1885 3113 έτέο

1976 1877 2158 1934 centis
2195 1876 2485 1931 laboribus
2517 1871 2889 1929 cumulavcris
2913 1910 2927 1932 ,
2968 1864 3230 1938 peccandi
3264 1859 3550 1916 materiam

1976 1968 2103 2023 aliis
2150 1979 2491 2036 compares,
2562 1972 2790 2032 tumque
2854 1958 3109 2029 duplices
3176 1968 3369 2025 punias
3427 1964 3553 2019 pero

1978 2060 2193 2117 solvas.

2046 2148 2242 2220 Ejusd.
2290 2126 2477 2202 ho‘mil.
2530 2146 2609 2221 De
2660 2144 2859 2199 avarit.
2892 2172 2961 2182 —-
2994 2137 3142 2193 Nihil
3197 2149 3307 2188 nor.
3358 2146 3553 2185 aurum

1977 2258 2107 2299 esse
2133 2242 2324 2307 vides;
2373 2240 2514 2295 nihil
2548 2254 2660 2293 non
2696 2250 2888 2291 aurum
2934 2247 3062 2289 esse
3107 2227 3203 2284 tibi
3239 2226 3420 2281 animo
3454 2223 3557 2276 tin-

1980 2335 2089 2404 gis.
2122 2333 2239 2389 Hoc
2268 2334 2553 2388 dormiens
2601 2329 2883 2391 somnias,
2920 2336 2975 2382 et
3006 2321 3284 2394 vigilando
3317 2318 3552 2387 cogitas.

1980 2426 2142 2483 Velut
2163 2428 2310 2480 enim
2342 2426 2379 2480 ii
2402 2427 2495 2495 qui
2523 2423 2710 2478 furore
2737 2420 2930 2492 perciti
2964 2426 3116 2481 sunt,
3148 2430 3257 2469 non
3290 2426 3379 2465 res
3406 2410 3558 2478 ipsas

1980 2527 2221 2583 cernunt
2244 2559 2260 2582 ,
2292 2519 2387 2575 sed
2417 2534 2479 2574 ea
2513 2534 2635 2588 quae
2666 2514 2893 2570 morbus
2922 2510 3114 2581 objicit
3146 2506 3555 2577 imaginantur:

1984 2614 2064 2671 sic
2098 2613 2323 2668 animus
2359 2618 2491 2666 tuus
2532 2608 2763 2664 avaritia
2803 2612 3119 2673 correptus,
3171 2600 3429 2653 universa
3456 2610 3560 2649 au-

1983 2722 2147 2777 rum,
2207 2704 2465 2759 universa
2522 2709 2810 2773 argentum
2862 2697 3044 2753 videt.
3083 2691 3227 2759 Quin
3278 2688 3562 2744 lubentius

1984 2811 2178 2851 aurum
2204 2810 2365 2863 quam
2396 2794 2564 2849 solem
2596 2787 2987 2858 conspexeris.

2054 2888 2249 2959 Ejusd.
2282 2888 2471 2941 homil.
2507 2886 2539 2940 6
2568 2887 2626 2939 in
2660 2885 2921 2939 llexaem.
2945 2912 3013 2922 ——
3040 2878 3229 2934 Pisces
3266 2887 3465 2945 magna
3494 2888 3563 2924 ex

1986 2990 2143 3054 parte
2170 2996 2293 3036 sese
2329 2980 2575 3034 invicem
2606 2985 2810 3032 vorant
2830 3015 2844 3038 .
2875 2982 2931 3028 et
2956 2971 3052 3043 qui
3083 2967 3229 3040 apud
3256 2982 3351 3022 eos
3383 2965 3567 3018 minor

1986 3080 2102 3140 est,
2137 3071 2363 3141 majoris
2408 3069 2595 3141 praeda
2643 3077 2698 3122 ct
2733 3067 2996 3138 pabulum
3052 3070 3158 3117 est.
3191 3057 3347 3128 Quod
3378 3056 3423 3112 si
3465 3069 3563 3109 ca-

310 3184 406 3236 ρου
433 3163 686 3234 γενέσθαι
713 3163 960 3235 θήραμα,
991 3160 1095 3214 ὑπὸ
1119 3158 1219 3231 τὴν
1250 3157 1380 3229 μίαν
1400 3158 1622 3225 ἄγονται
1643 3155 1889 3224 γαστέρα

1993 3181 2088 3221 sus
2115 3165 2191 3218 ita
2239 3163 2429 3219 tulerit
2462 3172 2522 3217 ut
2573 3161 2668 3231 qui
2704 3160 2975 3214 minorem
3019 3153 3188 3229 494
3228 3148 3561 3221 arripuerit,

308 3259 402 3313 τοῦ
432 3259 769 3313 τελευταίου.
792 3257 859 3310 Τί
892 3251 987 3310 οὖν
1042 3256 1209 3327 ἡμεῖς
1230 3254 1281 3307 οἱ
1314 3252 1616 3325 ἄνθρωποι,
1669 3250 1797 3307 ἄλλο
1830 3269 1883 3304 τι

311 3352 570 3422 ποιοῦμεν
591 3354 659 3424 τῇ
702 3349 1140 3420 καταδυναστείᾳ.
1186 3347 1300 3401 τῶν
1346 3346 1757 3417 ὑποδεεστέρων
1789 3361 1804 3410 ;
1832 3345 1886 3399 τί

310 3445 559 3516 διαφέρει
576 3442 673 3498 τοῦ
695 3441 1004 3497 τελευταίου
1045 3439 1229 3511 ἰχθύος
1249 3441 1278 3493 ὁ
1300 3442 1367 3510 τῇ
1400 3436 1703 3509 λαιμάργῳ
1736 3437 1886 3506 φιλο-

314 3538 543 3609 πλουτία
602 3539 717 3600 τοῖς
782 3533 1135 3606 ἀπληρώτοις
1192 3532 1297 3602 τῆς
1354 3530 1672 3597 πλεονεξίας
1720 3527 1887 3583 αὑτοῦ

312 3631 537 3693 κόλποις
567 3626 998 3700 ὲναποκρύπτων
1057 3626 1187 3689 τοὺς
1214 3622 1502 3689 ἀσθενεῖς;
1539 3623 1747 3685 ἐκεῖνος
1770 3618 1888 3692 εἶχε

311 3724 383 3778 τὰ
410 3722 503 3776 τοῦ
534 3722 788 3792 πένητος,
810 3720 875 3774 σὺ
899 3718 1114 3772 τούτων
1132 3716 1315 3770 λαϐὼν
1347 3715 1512 3788 μέρος
1533 3715 1776 3785 ἐποιήσω
1790 3714 1889 3785 τῆς

314 3815 654 3887 περιουσίας,
698 3813 901 3868 ἀδίκων
946 3807 1300 3881 ἀδικώτερος,
1336 3806 1665 3861 πλεονέκτου
1697 3805 1889 3860 πλεον-

313 3908 701 3980 εκτικὼτερος.
735 3907 879 3979 Ὅρα
929 3905 1005 3977 μή
1054 3920 1115 3957 σε
1160 3902 1221 3957 τὸ
1251 3901 1384 3955 αὐτὸ
1436 3902 1613 3971 πέρας
1657 3898 1885 3970 aagen-

312 4020 430 4067 ται,
464 3998 758 4071 άγκιστρόν
814 3997 1003 4068 που,ἢ
1037 3996 1272 4068 κύρτος,
1304 3993 1336 4065 ἦ
1372 3992 1609 4047 δίκτυον.
1662 3991 1889 4054 Πάντως

312 4092 426 4163 γὰρ
454 4093 551 4146 καὶ
573 4092 737 4162 ἡμεῖς
784 4088 957 4143 πολλά
1002 4086 1113 4141 τῶν
1142 4086 1346 4140 ἀδίκων
1373 4082 1752 4149 διεξελθόντες,
1789 4079 1890 4153 τὴν

312 4182 648 4238 τελευταίων
678 4179 949 4252 τιμωρίαν
970 4178 1071 4230 οὐκ
1090 4173 1533 4248 ἀποδρασόμεθα.

1986 3258 2218 3313 alterius
2278 3255 2458 3326 praeda
2492 3256 2603 3318 sit,
2667 3252 2721 3307 in
2777 3264 2949 3305 unum
2995 3258 3050 3304 et
3099 3246 3390 3309 eumdem,
3461 3255 3563 3311 po-

1989 3348 2177 3405 stremi
2203 3347 2422 3417 utique,
2455 3354 2708 3400 ventrem
2741 3351 2977 3412 uterque
3005 3338 3253 3394 ducitur.
3287 3331 3431 3401 Quid
3464 3330 3565 3400 igi-

1990 3449 2083 3495 tur
2127 3455 2229 3494 nos
2260 3437 2416 3507 aliud
2470 3437 2726 3491 homines
2782 3434 3038 3504 agimus,
3094 3443 3220 3483 cum
3270 3423 3567 3481 inferiores

1992 3531 2401 3603 opprimimus?
2430 3528 2561 3599 quid
2586 3529 2732 3583 inter
2767 3526 2918 3580 hunc
2958 3530 3299 3593 postremum
3328 3517 3568 3587 piscem,

1995 3635 2198 3680 etcum
2261 3622 2539 3677 imminent
2597 3621 2862 3685 interest,
2911 3615 3007 3687 qui
3042 3609 3348 3669 insatiabili
3402 3623 3569 3675 opum

1994 3714 2310 3785 cupiditate
2340 3712 2486 3767 intra
2528 3710 2915 3765 vastissimum
2948 3704 3203 3763 avaritia:
3248 3701 3430 3759 sinum
3466 3699 3571 3751 im-

1992 3806 2218 3863 becilles
2279 3805 2555 3862 includit?
2607 3801 2701 3859 Ille
2743 3800 3004 3873 pauperis
3059 3796 3352 3851 facultates
3399 3805 3570 3846 occu-

1992 3899 2183 3969 pabat,
2217 3910 2274 3955 tu
2304 3916 2373 3955 ex
2406 3898 2488 3954 eis
2530 3895 2813 3967 accipiens
2861 3890 3190 3949 substantiae
3220 3896 3325 3941 tuae
3357 3893 3569 3955 partem

1988 3989 2210 4057 fecisti,
2252 4001 2418 4061 teque
2468 3988 2680 4061 injusto
2734 3985 3200 4057 iniustiorem;et
3251 3992 3417 4033 avaro
3446 3990 3571 4028 ava-

1982 4081 2195 4136 'riorem
2228 4080 2532 4152 praebuisti.
2569 4077 2791 4133 Vidcsis
2821 4091 2890 4131 ne
2919 4081 2974 4129 te
3003 4073 3127 4129 linis
3152 4072 3294 4126 idem
3330 4074 3570 4125 manent,

1999 4173 2107 4230 hoc
2135 4185 2260 4239 est,
2303 4174 2563 4229 fortassis
2621 4172 2855 4234 hamus,
2886 4169 2973 4225 vel
3027 4182 3124 4222 vas
3175 4161 3570 4235 piscatorium,

314 4276 406 4331 vel
437 4283 569 4329 rete.
604 4272 845 4328 Prorsus
877 4271 1027 4327 enim
1082 4284 1222 4336 nos,
1283 4283 1409 4322 cum
1444 4281 1542 4337 per
1595 4264 1770 4320 multa
1848 4261 2144 4334 iniustitiae
2172 4282 2374 4339 genera
2432 4265 2671 4337 grassati
2743 4263 2978 4326 erimus,
3035 4258 3281 4313 ultimam
3352 4264 3569 4323 poenam

315 4388 432 4428 non
462 4370 812 4441 eﬂugiemus.

406 4467 460 4523 '0
489 4466 583 4521 τὸν
614 4466 672 4532 ἐξ
704 4463 921 4525 ἀδικίας
965 4460 1327 4532 ἠθροισμένον
1372 4458 1606 4512 πλοῦτον
1628 4498 1643 4523 ,
1706 4458 1901 4528 ἱκανὴν

2078 4448 2357 4520 Ejusdem.
2386 4478 2454 4487 ——
2479 4443 2581 4511 Qui
2633 4458 2764 4513 opes
2810 4438 3022 4508 iniquis
3067 4431 3378 4489 rationibus
3404 4429 3572 4485 colle—

319 4521 502 4631 ἐαυτῷ
516 4521 739 4630 “spec-co
761 4521 968 4625 ἰσχύειν
991 4521 1090 4607 καὶ
1106 4521 1328 4623 κρατεῖν
1349 4549 1604 4620 ἀφορμὴν
1619 4521 1757 4601 εἶναι
1777 4521 1890 4618 κρί-

2001 4556 2121 4600 ctas
2155 4544 2372 4595 ﬁrmum
2411 4538 2518 4591 sibi
2557 4535 2621 4589 ad
2661 4535 2829 4588 robur
2872 4542 2927 4587 et
2967 4530 3258 4599 potentiam
3290 4537 3411 4579 esse
3442 4521 3572 4575 sul.-

2467 4628 2518 4631 --
2622 4627 2631 4631 -
3100 4627 3109 4631 _
3257 4615 3320 4626 ..
3397 4609 3568 4631 μην-,⁵,

319 4671 452 4717 νων,
477 4650 659 4722 ὅμοιός
710 4649 859 4701 ἐστιν
907 4645 1176 4717 ἀρρώστῳ
1202 4644 1261 4697 ἐν
1288 4644 1356 4714 τῇ
1389 4640 1657 4714 περουσίᾳ
1685 4640 1786 4711 τῆς
1812 4641 1897 4692 νό-

323 4764 422 4802 σου
460 4746 559 4816 τὴν
594 4742 809 4810 εὐεξίαν
832 4738 1123 4809 τιθεμένῳ.

407 4838 535 4892 Ἐἀν
577 4836 693 4907 ἴδῃς
719 4832 840 4887 τινά
876 4830 985 4885 τῶν
1033 4827 1571 4900 ύπερπλουτούντων,
1605 4825 1680 4896 μὴ
1715 4841 1899 4895 μακα-

327 4933 489 5004 ρίσῃς
540 4929 639 4999 τὴν
697 4926 864 4995 ζωήν.
906 4922 1032 4976 Ἐἀν
1075 4920 1405 4991 πολλαχόθεν
1440 4919 1498 4984 ἐξ
1519 4917 1767 4986 ἀφθόνων
1793 4933 1901 4985 πη-

324 5022 442 5091 γῶν
471 5018 833 5091 περιῤῥέηται
885 5016 1161 5086 χρήματα,
1197 5012 1271 5083 μὴ
1309 5010 1577 5083 προσδέξῃ
1597 5008 1764 5063 αὐτοῦ
1802 5009 1900 5079 τὴν

326 5112 670 5185 περιουσίαν.
711 5109 1000 5178 Ῥευστὴὴ
1034 5107 1198 5175 φύσις
1229 5104 1326 5157 τοῦ
1380 5102 1633 5165 πλούτου,
1668 5102 1900 5173 χειμάρ-

331 5210 432 5279 ῥου
461 5204 715 5273 ὀξύτερον
736 5202 865 5266 τοὺς
884 5200 1106 5270 ἔχοντας
1128 5216 1308 5271 παρατ
1318 5198 1466 5269 ρέχει
1484 5213 1496 5224 °
1532 5196 1721 5249 ἄλλοτε
1741 5194 1900 5250 ἄλλον

328 5296 547 5368 πέφυκε
564 5291 1027 5365 παραμείϐεσθαι.
1051 5291 1265 5361 Ὠσπερ
1291 5287 1539 5358 ποταμὸς
1567 5287 1659 5356 ἀφ’
1694 5284 1899 5358 ὑψηλοῦ

329 5389 655 5460 φερόμενος,
716 5384 924 5454 ἐγγίζει
967 5384 1067 5455 μὲν
1116 5385 1230 5447 τοῖς
1293 5380 1609 5453 παρεστῶσι
1639 5383 1705 5451 τῇ
1742 5379 1913 5451 ὄχθῃο

327 5477 466 5549 ὁμοῦ
486 5477 543 5531 δὲ.
563 5475 762 5547 ἥψατο,
814 5476 908 5530 καὶ
933 5474 1094 5538 εὐθὺς
1139 5472 1523 5544 ἀπεχώρησεν,
1555 5472 1700 5525 οὕτω
1745 5472 1839 5526 καὶ
1868 5472 1903 5542 ἡ

328 5569 430 5623 τοῦ
464 5566 698 5623 πλούτου
728 5566 971 5632 εὐκολία,
1007 5565 1276 5635 ὀξυτάτην
1303 5564 1418 5635 ἔχει
1462 5563 1557 5618 καὶ
1607 5561 1905 5634 ὀλισθηρὰν

329 5659 433 5732 τὴν
457 5657 783 5731 παρουσίαν,
804 5657 1000 5721 ἄλλους
1028 5658 1088 5723 ἐξ
1119 5657 1296 5711 ἄλλων
1324 5654 1766 5729 παραμείϐεσθαι
1804 5670 1907 5708 πε-

333 5753 561 5824 φυκυῖα.
605 5751 853 5821 Σήμερον
883 5747 1036 5802 τοῦδε
1069 5748 1100 5801 ὁ
1126 5748 1318 5819 ἀγρὸς,
1349 5748 1444 5801 καὶ
1476 5746 1664 5818 αὔριον
1694 5746 1905 5817 ἐτέρου,

336 5843 433 5905 καὶ
474 5840 589 5912 μετ’
622 5840 802 5911 ὀλίγον
824 5838 1040 5915 ἐτέρου.
1083 5836 1417 5909 Ἀπόίὶλεψον
1446 5836 1580 5911 πρὸς
1636 5837 1732 5902 τὰς
1760 5838 1816 5893 ἐν
1837 5840 1901 5909 τῇ

2004 4635 2208 4694 sidium
2246 4638 2433 4701 putat,
2466 4628 2558 4681 hic
2589 4627 2790 4681 similis
2835 4632 2919 4679 est
2949 4627 3153 4691 aegroto
3176 4616 3272 4688 qui
3306 4615 3363 4669 in
3395 4609 3571 4668 morbi

2004 4725 2277 4801 gravitate
2311 4721 2602 4777 sanitatem
2639 4715 2947 4771 constituit.

2075 4813 2272 4886 Ejusd.
2336 4810 2521 4866 homil.
2576 4810 2628 4861 in
2688 4806 2840 4861 Psal.
2893 4819 3097 4861 LxI.——-
3140 4800 3196 4855 Si
3243 4810 3573 4871 quemquam

2006 4907 2347 4983 praedivitum
2384 4905 2598 4958 illorum
2637 4900 2871 4963 videris,
2904 4914 2971 4953 ne
3000 4899 3166 4953 vitam
3198 4893 3372 4963 ipsius
3403 4889 3536 4943 bea-

2004 4980 2118 5057 tam
2148 4999 2325 5054 dicas.
2368 4994 2425 5051 Si
2465 4995 2829 5062 undecunque
2860 5000 3119 5059 tanquam
3163 5002 3230 5042 ex
3261 4980 3555 5040 uberrimis

2006 5095 2250 5151 fontibus
2292 5090 2539 5161 pecunia:
2588 5086 2894 5143 scaturiant
2948 5101 3015 5139 ne
3062 5066 3542 5151 copiosas’ipsi’ns

2006 5205 2140 5260 opes
2186 5182 2555 5257 amplcctaris.
2625 5181 2797 5236 Fluxa
2849 5178 3164 5235 divitiarum
3208 5179 3404 5226 natura
3467 5171 3574 5228 est,

2008 5290 2252 5337 torrente
2296 5276 2545 5348 rapidius
2598 5274 2854 5329 dominos
2910 5284 3044 5326 suos
3101 5264 3380 5336 praeterit;
3432 5260 3572 5313 alios

2009 5382 2177 5443 atque
2203 5371 2343 5425 alios
2374 5367 2611 5425 subinde
2663 5372 2978 5437 permutare
3009 5360 3169 5417 solet.
3204 5355 3574 5423 Quemadmo-

2009 5466 2140 5521 dum
2172 5464 2323 5520 enim
2360 5461 2563 5517 ﬂumen
2598 5474 2630 5515 e
2661 5456 2883 5515 sublimi
2920 5469 3051 5510 cum
3103 5452 3308 5521 impetu
3373 5463 3535 5502 ruens
3559 5489 3573 5511 ,

2011 5559 2080 5615 ad
2131 5574 2229 5614 eos
2282 5556 2509 5624 quidem
2565 5553 2661 5627 qui
2697 5552 2753 5607 in
2798 5551 2924 5621 ripa
2964 5557 3094 5605 sunt
3129 5543 3572 5617 appropinquat,

2012 5650 2178 5708 simul
2217 5659 2406 5705 autem
2454 5658 2625 5721 atque
2669 5661 2767 5703 eos
2814 5641 3146 5713 contigerit,
3194 5637 3441 5695 abscedit
3466 5646 3578 5690 sta-

2013 5747 2111 5800 tim
2142 5761 2158 5800 :
2195 5742 2279 5799 sic
2310 5743 2477 5798 etiam
2514 5756 2681 5813 opum
2744 5738 2900 5811 copia
2944 5733 3287 5792 celerrimain
3309 5738 3362 5786 ct
3405 5728 3577 5782 lubri-
3636 5736 3645 5749 ’

2016 5853 2135 5895 cam
2200 5835 2556 5910 praesentiain
2603 5834 2805 5901 habet;
2861 5829 3064 5904 quippe
3117 5832 3457 5910 quantulum
3503 5823 3578 5875 ita
