4052 6410
596 406 730 473 1507

1804 402 1862 457 ς.
1890 401 2209 458 ,ΙΗΑΝΝιδ
2250 400 2679 462 UAMASCENI

3701 406 3833 470 1508

591 523 708 576 bon
736 519 930 574 liuius!
976 532 1085 571 non
1135 516 1371 570 tremis!
1406 527 1513 567 non
1570 506 1991 580 perhorrescis?
2027 502 2132 556 ['re'

2262 505 2553 578 εὖξασθαι;
2585 513 2809 582 ποίησον
2860 513 3253 589 ἐλεημοσύνην,
3283 517 3371 572 ἵνα
3396 518 3696 589 ύπογρατιςῇ
3744 536 3823 573 σοι

587 613 752 670 candi
789 627 955 667 causa
984 611 1040 665 in
1072 610 1364 665 ecclesiam
1382 603 1582 661 venis?
1610 601 1694 656 fac
1721 599 2154 667 eleemosynam,

590 714 650 760 ιιι
682 702 980 775 precationi
1010 711 1120 757 tua:
1162 698 1567 755 subscribatur.
1613 691 1892 748 Interdum
1928 685 2152 755 quidam

587 798 903 869 imperatori
936 797 1178 851 libellum
1218 791 1519 862 supplicem
1558 787 1822 849 offerunt,
1854 791 1910 837 et
1943 779 2154 835 idcirco

586 895 857 948 ducentos
900 898 1248 946 trecentosve
1299 896 1563 939 nummos
1604 892 1805 934 aureos
1845 878 2150 938 insumunt;

584 1002 689 1042 nec
713 995 892 1039 tamen
926 998 1014 1037 res
1059 981 1167 1034 illis
1216 992 1283 1032 ex
1340 973 1619 1031 sententia
1652 968 1920 1031 succedit,
1957 965 2052 1022 sed
2095 965 2154 1019 li-

584 1079 766 1135 bellus
792 1086 1051 1144 tanquam
1097 1071 1206 1125 vile
1262 1065 1486 1136 aliquod
1549 1065 1803 1134 legumen
1852 1058 2150 1122 retinetur;

585 1185 642 1229 tu
671 1187 801 1227 vero
845 1169 985 1223 duos
1036 1165 1229 1221 obolos
1279 1160 1602 1231 impendere
1636 1170 1885 1214 recusas.
1933 1162 1991 1207 ut
2018 1165 2152 1220 sup-

582 1264 805 1337 plicatio
827 1271 918 1315 tua
955 1255 1372 1315 subscribatur?
1403 1253 1468 1306 Et
1503 1262 1755 1307 terrenus
1787 1247 2008 1317 quidem
2040 1244 2149 1299 im-

580 1367 806 1430 perator.
840 1355 931 1409 hic
983 1349 1306 1413 subscribit,
1345 1361 1410 1401 ac
1451 1359 1595 1413 saepe
1626 1340 1829 1397 accidit
1862 1345 1923 1393 ut
1952 1343 2149 1392 contra

577 1426 741 1521 quam
767 1457 922 1519 optes
939 1442 1280 1507 subscribat;
1318 1448 1375 1492 at
1406 1438 1453 1493 si
1489 1437 1603 1491 lie:
1652 1448 1840 1504 regum
1891 1426 2146 1486 subscri-

578 1520 773 1615 pserit,
824 1548 946 1593 rata
1003 1546 1057 1591 et
1119 1536 1272 1589 llrma
1320 1539 1426 1587 est.
1484 1529 1565 1582 An
1604 1541 1714 1581 non
1747 1524 1901 1578 vides
1929 1520 2145 1575 duobus

575 1612 758 1689 obolis
778 1632 1000 1687 viduam
1052 1628 1155 1681 hoc
1189 1624 1415 1688 emisse,
1446 1619 1723 1691 utpetitio
1769 1632 1871 1674 sua
1904 1612 2149 1671 subscri-

577 1724 833 1780 beretur?
859 1724 1037 1792 Atque
1070 1720 1279 1774 idcirco
1316 1719 1428 1772 duo
1454 1725 1697 1770 crateres
1722 1719 1852 1765 ante
1880 1705 2145 1763 Ecclesia:

578 1816 726 1870 fores
763 1826 889 1869 sunt
924 1832 939 1869 :
977 1814 1209 1867 alterum
1256 1825 1412 1880 aqua:
1447 1809 1501 1862 in
1533 1821 1646 1877 quo
1674 1819 1872 1859 manus
1904 1802 2146 1857 abluun-

2261 602 2296 672 ή
2322 601 2527 673 δέησις.
2564 604 2767 659 Ἐνίοτέ
2791 622 2937 671 τινες
2963 607 3303 664 εἰσϐάλλουσι
3329 609 3513 680 δέησιν
3544 609 3826 680 βασιλέως.

2260 693 2354 747 καὶ
2391 694 2743 750 ἀναλίσκουσι
2765 696 3069 764 διακοσίους
3097 700 3131 770 ἢ
3156 700 3499 771 τριακοσίους
3522 698 3826 771 χρυσίνους.

2260 784 2359 839 καὶ⁸
2396 786 2657 852 πολλάκις
2717 789 2797 853 είς
2840 790 2996 844 ούδέν
3023 790 3208 853 αὐτοῖς
3249 793 3545 862 προχωρεῖ,
3599 790 3721 842 ἀλλ’
3764 789 3830 849 ὡς

2258 877 2501 949 χιδάριον
2531 879 2854 951 κατέχουσιν
2884 882 3047 936 αὐτόν
3069 899 3084 914 ·
3144 882 3238 937 καὶ
3267 884 3334 938 σὺ
3380 884 3474 938 δύο
3523 882 3735 936 ὀϐολῶν
3774 884 3833 934 ού

2259 968 2432 1033 Θέλεις
2460 970 2846 1044 ύπογραφῆναι
2904 973 3002 1046 τὴν
3027 974 3215 1046 δέησίν
3244 992 3338 1029 σου
3364 992 3380 1042 ;
3430 973 3704 1029 Ἐνταῦθα
3739 975 3833 1044 μὲν

2259 1062 2510 1133 βασιλεὺς
2535 1066 2566 1119 ὀ
2593 1064 2833 1135 ἐπίγειος
2864 1066 3149 1137 ύπογράφε
3216 1069 3310 1122 καὶ
3331 1068 3591 1132 πολλάκις
3617 1068 3831 1121 ἐναντία

2255 1156 2403 1211 ἐστὶν
2428 1158 2463 1229 ή
2489 1157 2782 1233 ύπογραφή
2816 1177 2830 1193 ο
2866 1162 2896 1215 ὀ
2927 1160 2983 1215 δὲ
3015 1160 3274 1226 Βασιλεὺς
3298 1162 3406 1214 τῶν
3438 1161 3834 1232 βασιλευόντων

2255 1247 2352 1303 ἐὰν
2378 1248 2693 1324 ὑπογράφῃ,
2748 1250 3059 1323 κεκύρωται
3098 1252 3193 1306 καὶ
3248 1252 3633 1323 βεϐεϐαίωται.
3682 1249 3833 1316 Εἶδες

2230 1337 2439 1419 υδέησιν
2483 1340 2576 1395 δύο
2624 1342 2827 1397 ὀϐὀλων
2885 1343 3377 1415 ύπογραφομένηνς
3422 1345 3511 1399 διὰ
3539 1345 3703 1399 τοῦτο
3741 1346 3833 1399 δύο

2252 1432 2526 1503 κρατῆρες
2551 1434 2659 1504 πρὸ
2678 1433 2788 1488 τῶν
2808 1433 2989 1506 θυρῶν
3011 1436 3115 1489 εἰσι
3144 1436 3242 1507 τῆς
3270 1436 3588 1507 ἐκκλησίας,
3616 1438 3715 1506 μία
3736 1437 3829 1491 τού

2256 1521 2469 1588 ὓδατος,
2504 1527 2563 1579 ἐν
2652 1525 2817 1600 νίπτῃ
2853 1525 2954 1590 τὰς
2985 1528 3193 1598 χεῖρας,
3223 1528 3317 1581 καὶ
3346 1528 3509 1599 ἑτέρα
3541 1531 3575 1598 ή
3593 1530 3718 1599 χεὶρ
3735 1530 3830 1582 τοῦ

2253 1615 2505 1688 πένητος,
2535 1610 2653 1691 ἐνῇ
2691 1618 3035 1691 ἀποσμήχεις
3081 1619 3180 1692 τὴν
3224 1620 3405 1693 ψυχήν
3434 1638 3556 1675 σου.
3588 1621 3830 1693 Eiaring

2251 1709 2333 1773 εἰς
2356 1709 2456 1781 τήν
2484 1708 2801 1781 ἐκκλησίαν,
2835 1711 2930 1765 καὶ
2948 1712 3112 1782 νίπτῃ
3138 1713 3239 1776 τὰς
3259 1712 3450 1785 χεῖράς
3487 1730 3582 1766 σου
3603 1730 3618 1742 ·
3647 1715 3829 1777 ἐπίδος

2251 1803 2331 1865 είς
2358 1804 2516 1874 χεῖρα
2551 1802 2644 1856 τοῦ
2702 1803 2933 1874 πένητος
2968 1804 3174 1873 ὀϐολὸν,
3219 1806 3314 1859 καί⁵
3353 1806 3700 1876 ἁποσμήχεις
3727 1808 3832 1874 τὴν

577 1918 686 1971 tur,
718 1908 951 1962 alterum
1019 1913 1104 1960 est
1134 1902 1417 1974 {pauperis
1468 1913 1667 1954 manus
1717 1897 1771 1951 in
1828 1910 1938 1965 quo
1993 1892 2132 1948 labes

2248 1864 2575 1963 ψυχήν-σου.
2618 1892 2743 1947 Ἐὰν
2807 1864 3078 1967 ἐισέλθῃς,
3110 1864 3206 1950 at
3265 1893 3419 1966 εὔξῃ.
3451 1864 3832 1967 κᾷι’ζίψέι,τὶξι

575 2003 771 2056 anima!
827 2000 1249 2068 absterguntur.
1288 1992 1605 2065 lngrederis
1653 1991 1708 2045 in
1746 1987 2062 2051 ecclesiam,
2089 1992 2144 2040 et

573 2111 771 2150 manus
798 2100 922 2146 tuas
952 2090 1133 2145 abluis
1161 2107 1178 2144 :
1206 2088 1373 2157 injice
1421 2087 1474 2140 in
1502 2084 1764 2156 pauperis
1794 2095 1993 2136 manus
2010 2078 2144 2135 obo-

574 2191 710 2252 lum,
741 2197 796 2244 et
822 2186 1019 2241 anima:
1054 2191 1325 2237 maetuam
1361 2178 1709 2234 absterseris.
1762 2174 1817 2230 Si
1854 2175 2142 2244 ingressus

576 2281 769 2345 fueris,
807 2291 1114 2345 manusque
1156 2272 1359 2328 laveris
1401 2280 1457 2325 et
1495 2270 1763 2332 oraveris,
1824 2281 1924 2322 nec
1954 2266 2139 2320 tamen

572 2372 799 2443 pauperi
851 2368 1094 2431 dederis,
1130 2365 1394 2437 quidnam
1429 2361 1689 2417 utilitatis
1735 2360 1803 2414 ad
1850 2368 1904 2414 te
1936 2373 2004 2413 ex
2038 2357 2142 2411 hac

573 2483 631 2522 re
652 2463 895 2521 redibit?
924 2464 1065 2532 Opes
1123 2460 1315 2524 habes,
1374 2470 1582 2526 easque
1630 2455 1799 2508 humo
1844 2450 2137 2517 conditas;

569 2576 635 2615 ac
668 2571 1062 2626 nonnunquam
1105 2554 1253 2608 fures
1302 2560 1466 2606 noctu
1505 2550 1754 2613 veniunt,
1788 2547 2139 2603 thesaurum-

568 2668 675 2724 que
703 2650 971 2706 ell'odiunt
998 2657 1053 2704 et
1082 2645 1395 2715 subripiunt
1419 2659 1432 2695 :
1456 2657 1519 2697 ac
1544 2657 1704 2696 mane
1724 2642 1977 2709 surgens,
2007 2653 2134 2694 eum

569 2744 890 2812 subreptum
921 2738 1126 2793 cernis.
1162 2735 1256 2792 Vis
1294 2735 1588 2790 facultates
1626 2740 1751 2785 tuas
1781 2730 2005 2785 minime
2035 2729 2135 2784 tibi

572 2834 718 2887 furto
746 2830 976 2886 subduci
1000 2830 1023 2883 ?
1043 2829 1190 2898 quod
1220 2826 1400 2882 dicam
1434 2824 1623 2879 facito.
1652 2824 1759 2877 Eas
1798 2822 1851 2875 in
1881 2828 2133 2876 ventrem

568 2937 864 2995 pauperum
897 2918 1194 2983 absconde,
1225 2927 1278 2973 et
1320 2930 1602 2985 nunquam
1652 2910 1939 2979 compilari
1981 2918 2135 2978 pote-

567 3027 719 3072 runt.
749 3015 882 3069 Nam
902 3014 947 3069 si
972 3014 1025 3067 in
1049 3022 1247 3066 terram
1267 3008 1569 3070 defoderis,
1588 3021 1681 3060 eas
1706 3005 1945 3057 amittes.
1974 3000 2133 3068 Quod

565 3108 613 3163 si
646 3122 754 3161 non
790 3105 1021 3165 amittis,
1089 3103 1197 3156 illa!
1225 3100 1448 3170 quidem
1488 3097 1891 3157 servabuntur;
1923 3102 1980 3147 at
2008 3110 2131 3147 cum

566 3197 636 3251 iis
658 3206 786 3266 post
823 3195 1133 3249 discessum
1162 3207 1193 3246 e
1236 3191 1350 3243 vita
1384 3191 1667 3241 cariturus
1709 3186 1810 3248 sis,
1848 3184 1981 3253 quid
2006 3192 2129 3237 tan-

565 3288 692 3342 dem
732 3286 830 3340 tibi
864 3286 1167 3355 profutura:
1216 3280 1385 3337 sunt?
1411 3278 1542 3351 quid
1596 3286 1648 3332 te
1679 3274 2132 3332 cumnlandisdi-

566 3380 719 3437 vitiis
774 3380 1009 3449 fatigas;
1059 3392 1183 3431 cum
1233 3375 1324 3428 alii
1357 3374 1411 3428 in
1447 3372 1735 3441 facultates
1774 3369 2134 3439 tuasingres-

565 3471 681 3525 suri
712 3471 961 3540 sint,qui
1018 3468 1170 3523 luxui
1220 3467 1549 3536 deliciisque
1601 3462 2012 3533 imlulgebnnt?
2049 3460 2131 3515 Au

564 3579 674 3619 non
702 3564 1023 3633 prophetam
1051 3562 1257 3615 audisti
1313 3560 1585 3615 dicentem
1629 3575 1643 3611 :
1671 3556 2018 3612 Thcsaurizat
2049 3556 2136 3607 di-

564 3669 675 3716 ves,
703 3663 752 3707 et
792 3654 1001 3722 ignorat
1039 3653 1123 3705 cui
1163 3650 1499 3722 congregabit
1532 3666 1594 3703 ea
1624 3647 1798 3717 (I’sal.
1850 3663 2003 3711 xvm,
2037 3646 2134 3716 7)?

564 3744 632 3798 Et
670 3746 722 3798 in
768 3746 876 3798 alio
909 3744 1030 3799 loco
1079 3760 1299 3798 rursum
1354 3743 1465 3797 ait:
1528 3741 1789 3805 [nsipiens
1846 3752 1891 3794 et
1936 3740 2130 3793 stultus

563 3842 827 3908 peribunt,
878 3850 926 3892 et
970 3839 1258 3909 relinquent
1284 3837 1472 3890 alienis
1523 3837 1731 3890 divitias
1762 3852 1909 3889 suas.
1950 3834 2127 3905 (Psal.

563 3949 755 3998 xum,
819 3933 931 4001 il).
966 3951 984 3984 ι
1028 3932 1188 3985 Vides
1225 3930 1359 4001 quid
1413 3930 1480 3983 iis
1517 3930 1731 3983 accidat
1763 3930 1856 3998 qui
1892 3928 1947 3982 in
1983 3938 2126 3982 terra

562 4027 993 4082 tliesaurizant?
1023 4025 1107 4079 fac
1152 4026 1315 4094 igitur
1364 4024 1417 4077 in
1459 4024 1598 4077 coelo
1646 4024 2007 4082 tbesaurizes,
2038 4020 2128 4073 ubi

562 4134 653 4170 nec
684 4118 824 4171 tinea
851 4116 1156 4181 demolitur,
1209 4132 1300 4169 nec
1359 4117 1546 4169 vermis
1596 4115 1846 4182 depasrit,
1896 4131 1989 4168 nec
2039 4116 2129 4184 fur

559 4207 743 4276 eﬂodit
785 4206 1003 4272 (Matth.
1047 4223 1124 4269 νι,
1154 4206 1239 4266 l9.
1271 4207 1379 4272 20;
1412 4204 1543 4259 Luc.
1597 4222 1696 4270 xu,
1732 4206 1844 4275 55).
1879 4204 1923 4260 Ο
1959 4206 2127 4260 miser

559 4306 615 4351 et
646 4298 989 4360 calamitose,
1016 4306 1174 4349 terra!
1229 4297 1547 4350 thesaurum
1585 4304 1740 4349 tuum
1781 4297 1983 4359 credis,
2025 4311 2126 4350 nec

561 4388 671 4441 Deo
702 4388 881 4440 credis
900 4386 1106 4438 dicenti
1145 4405 1158 4439 :
1189 4384 1341 4450 Quod
1387 4402 1490 4439 uno
1524 4400 1589 4438 ex
1618 4386 1877 4454 fratribus
1908 4387 2034 4441 meis
2054 4388 2124 4455 fe-

557 4478 729 4540 cistis,
761 4476 888 4529 mihi
946 4476 1146 4545 fecistis
1174 4475 1403 4545 (Matth.
1437 4494 1562 4537 xxv.
1590 4478 1724 4545 40)?
1768 4477 1941 4544 Quam
1994 4489 2121 4533 tan-

2247 1984 2306 2039 δὲ
2328 1984 2523 2057 πένητι
2554 1985 2629 2058 μὴ
2665 1986 2793 2058 δῷς,
2853 1987 2908 2042 τί
2956 1987 3183 2059 ὅςρελοςς
3236 1986 3467 2042 πλοῦτον
3518 1989 3687 2059 ἔχεις,
3732 1993 3831 2043 καὶ

2248 2076 2513 2149 κρύπτεις
2571 2078 2733 2134 αὐτὸν
2780 2080 2874 2133 ἐπὶ
2917 2081 3016 2151 τῆς
3048 2081 3170 2152 γῆς,
3217 2081 3309 2135 καὶ
3357 2080 3528 2135 ἐνίοτε
3574 2082 3827 2153 ἔρχονται

2247 2168 2441 2233 νυκτὸς
2475 2169 2726 2237 κλέπται,
2766 2172 2862 2226 καὶ
2916 2170 3229 2244 ὀρύσσουσι,
3269 2172 3361 2229 καὶ
3410 2172 3704 2227 κλέπτουσι
3728 2174 3824 2226 τὸν

2248 2258 2554 2332 θησαυρόνο
2614 2264 2707 2318 καὶ
2752 2264 3037 2319 ἀνίστασαι
3067 2264 3373 2337 πρωῒ,κώ⁵
3400 2265 3621 2335 βλέπεις
3658 2267 3823 2320 αὐτὸν

2249 2353 2628 2426 σεσυλημένον.
2660 2355 2846 2421 Θέλεις
2863 2355 2939 2428 μὴ
2966 2358 3300 2429 συληθῆναις
3324 2359 3353 2412 ὃ
3374 2358 3518 2426 λέγω
3540 2375 3645 2423 σοι,
3664 2358 3826 2412 τοῦτο

2245 2445 2492 2515 ποίησον,
2520 2446 2616 2499 καὶ
2642 2446 2898 2500 οὐδέποτε
2933 2448 3160 2501 συλᾶσαι
3179 2449 3259 2512 είς
3282 2447 3373 2502 τὸν
3393 2447 3588 2503 αἰῶνα.
3630 2448 3824 2501 Χῶσον

2244 2538 2408 2593 αὐτὸν
2434 2540 2514 2602 εἰς
2546 2538 2644 2610 τὴν
2675 2537 2881 2593 κοιλίαν
2901 2539 3010 2594 τῶν
3036 2540 3268 2612 πτωχῶν
3311 2540 3390 2611 τῷ
3429 2541 3664 2613 κινδύνῳ
3697 2558 3818 2611 μου,

2243 2628 2339 2683 καὶ
2362 2628 2619 2681 οὐδέποτε
2644 2626 2868 2682 δύναται
2894 2629 3215 2701 συληθῆναι.
3254 2630 3381 2684 Ἐὰν
3410 2630 3468 2685 δὲ
3499 2630 3689 2701 χὼσῃς
3720 2632 3823 2685 αύ-

2241 2720 2331 2775 τδν
2361 2722 2441 2783 εἰς
2471 2720 2571 2791 τὴν
2604 2724 2726 2793 γῆν,
2753 2722 2975 2786 ἀπολεῖς
3030 2722 3217 2777 αὐτόν.
3254 2724 3367 2777 Καὶ
3392 2724 3490 2780 ἐάν
3521 2724 3817 2795 ἀπολέσῃς,

2241 2810 2646 2882 φυλαχθήσεται
2668 2829 2682 2841 ·
2712 2814 2807 2867 καὶ
2834 2814 2930 2867 ἐὰν
2963 2813 3101 2884 μετὰ
3127 2815 3227 2886 τὴν
3254 2814 3518 2887 τελευτήν
3539 2834 3635 2869 σου
3665 2819 3820 2882 ἐκτὸς

2240 2898 2405 2954 αὐτοῦ
2434 2896 2522 2975 ᾗς,
2546 2901 2601 2955 τί
2626 2919 2710 2956 σοι
2732 2902 2795 2957 τὺ
2816 2902 3039 2974 ὀφελος;
3069 2904 3121 2957 τί
3143 2905 3372 2973 κάμνεις
3400 2907 3494 2959 καὶ
3529 2906 3817 2973 πλουτεῐςς

2240 2993 2336 3045 καὶ
2367 2992 2516 3047 ἄλλοι
2581 2994 2916 3066 εἰσέρχονται
2971 2996 3051 3058 είς
3099 2994 3167 3050 τὰ
3218 2996 3537 3068 ὑπάρχοντά
3575 3015 3695 3062 σου,
3727 3001 3819 3052 καὶ

2240 3084 2679 3156 κατατρυφῶσιν.
2713 3087 2827 3140 Ούκ
2845 3088 3082 3159 ήκουσας
3108 3087 3202 3141 τοῦ
3224 3090 3504 3160 προφήτου
3540 3089 3814 3159 λέγοντοςο

2242 3175 2589 3245 Θησαυρίζὲι
2639 3180 2673 3232 ὀ
2718 3180 3040 3245 πλούσιος,
3065 3179 3165 3233 καὶ
3203 3182 3314 3235 οὐκ
3342 3177 3511 3235 οἶδεν
3529 3184 3647 3236 τίνι
3670 3200 3815 3237 συν-

2237 3267 2368 3332 άξει
2394 3270 2548 3323 αὑτά
2567 3286 2585 3333 ;
2606 3270 2715 3325 Kal
2746 3271 2907 3327 πάλιν
2928 3271 3162 3343 ἀλλαχοῦ
3183 3272 3331 3343 λέγει
3355 3290 3369 3305 ·
3405 3294 3425 3326 ι
3467 3275 3699 3347 Ἄφρων
3722 3275 3814 3329 καὶ

2236 3361 2396 3425 ἄνους
2424 3362 2786 3417 ἀπολοῦνταιο
2821 3365 2915 3418 καὶ
2933 3365 3359 3437 καταλείψουσιν
3395 3367 3703 3439 ἀλλοτρίοις
3724 3370 3812 3422 τον

2237 3451 2468 3508 πλοῦτον
2499 3455 2698 3509 αὐτῶν.
2723 3473 2743 3507 ι
2784 3456 2945 3528 Ὁρᾷς
2969 3457 3023 3511 τί
3053 3457 3354 3528 πάσχουσιν
3377 3460 3428 3512 οἱ
3454 3459 3811 3532 θησαυρίζον-

2233 3565 2323 3612 τες
2352 3550 2444 3602 ἐπὶ⁵
2476 3549 2574 3617 τῆς
2601 3552 2739 3621 γῆς;
2769 3549 2906 3604 ἀλλὰ
2923 3549 3284 3624 θησαυρίζετε
3314 3552 3374 3604 ἐν
3398 3551 3638 3623 οὐρανῷ,
3657 3553 3807 3606 ὅπου

2232 3644 2344 3696 οὐκ
2373 3641 2546 3696 ἔστιν
2572 3644 2611 3712 ἡ
2650 3642 2792 3712 σῆς,
2827 3643 2972 3697 οὐδὲ
2994 3643 3245 3714 σκώληξ
3269 3648 3625 3711 κατεσθίων,
3666 3646 3810 3701 οὐδὲ

2230 3733 2469 3803 λῃστὴς
2521 3733 2883 3803 διορύσσων.
2907 3733 2978 3789 Ὦ
3007 3736 3158 3791 ἄθλιε
3192 3737 3287 3791 καὶ
3340 3737 3661 3810 ταλαίπωρε
3692 3756 3707 3770 ’
3740 3742 3803 3810 τῇ

2229 3827 2299 3895 γῇ
2330 3825 2604 3890 πιστεύεις
2631 3827 2721 3880 τὸν
2777 3826 3051 3901 θησαυρόν
3074 3847 3191 3897 σου,
3227 3831 3323 3884 καὶ
3358 3830 3437 3901 τῷ
3476 3830 3599 3902 θεῷ
3622 3832 3685 3884 ού
3718 3848 3807 3883 πι-

2231 3917 2441 3982 στεύεις
2472 3918 2553 3990 τῷ
2564 3920 2871 3975 εἰπόντιοὈ
2898 3921 2988 3975 ἐνὶ
3013 3922 3239 3977 τούτων
3259 3921 3379 3976 τῶν
3401 3922 3805 3992 ἀδελφῶνσου

2227 4011 2573 4080 ἐποιήσατε,
2640 4015 2771 4085 ἐμοὶ
2825 4015 3188 4082 ἐποιήσατε;
3246 4016 3417 4071 Ποίαν
3472 4018 3804 4089 συγγνώμην

2228 4102 2402 4169 ἓξεις;
2430 4103 2644 4173 Χρυσδν
2666 4104 2837 4175 φιλεῖς
2861 4106 2953 4161 τδν
2981 4106 3296 4179 αίμοϐὀρον,
3336 4107 3429 4161 τὸν
3475 4110 3613 4162 πᾶσι
3643 4110 3803 4162 πολέε-

2232 4210 2371 4264 μιον,
2414 4196 2507 4248 xal.
2527 4197 2660 4250 πᾶσι
2694 4197 2962 4261 ποθεινὸν,
2995 4198 3090 4251 τὸν
3138 4199 3244 4253 ὑπὸ
3288 4202 3511 4256 πάντων
3538 4201 3799 4272 φιλούμε-

2229 4304 2339 4348 νον,
2373 4288 2468 4341 καὶ
2497 4289 2661 4343 πᾶσιν
2685 4289 3123 4357 ἐπιϐουλεύοντα,
3156 4293 3247 4348 τδν
3286 4294 3583 4368 δραπέτην,
3607 4297 3700 4351 τὸν
3731 4299 3803 4351 οἰ-

2225 4380 2411 4452 κέτην,
2445 4381 2537 4435 τὸν
2559 4382 2850 4455 ἀγνώμονα
2874 4401 2888 4451 ;
2910 4385 3025 4439 Ούκ
3059 4382 3210 4451 οἶδας
3238 4384 3349 4452 οἷός
3391 4390 3546 4443 ἐστιν
3577 4394 3606 4444 ὀ
3633 4390 3797 4445 πλού-

2224 4490 2351 4538 τος;
2401 4475 2655 4547 καθάπερ
2709 4477 2882 4549 πόρνη
2942 4479 3321 4550 ἀσυνείδητος,
3370 4482 3547 4552 τούτῳ
3596 4485 3795 4555 ὁμιλεῖ,

555 4569 679 4625 dem
713 4569 926 4623 veniam
957 4568 1270 4623 obtinebis?
1290 4571 1496 4623 Aurum
1528 4586 1700 4634 amas,
1731 4571 1875 4641 quod
1894 4572 2117 4627 crudele

2236 4567 2434 4622 ἐκεῖθεν
2488 4569 2679 4640 ἐκείνῳ
2728 4570 2894 4635 νεύει,
2925 4571 3070 4644 ἄλλῳ
3122 4574 3448 4632 συντίθεται.
3490 4576 3558 4629 Τί
3601 4573 3673 4643 εἷ,
3701 4579 3796 4633 ἆνε-

553 4668 609 4717 et
642 4661 1050 4729 sanguinarium
1079 4668 1202 4726 est;
1234 4654 1383 4730 quod
1419 4662 1487 4715 ab
1520 4662 1778 4716 omnibus
1821 4663 2116 4732 expetitur,

553 4762 718 4813 atque
741 4750 999 4804 omnibus
1044 4749 1299 4804 infestum
1321 4760 1440 4816 est;
1473 4751 1620 4821 quod
1649 4760 1867 4805 amatur
1896 4753 1967 4807 ab
1999 4768 2119 4806 om-

553 4847 738 4913 nibus,
774 4853 830 4901 et
859 4845 1021 4918 [‘97
1054 4845 1309 4901 omnibus
1346 4844 1577 4900 insidias
1625 4846 1813 4911 struit,
1853 4844 1996 4915 quod
2030 4848 2118 4900 fu-

550 4939 801 5010 gitivum,
836 4940 979 5008 quod
1024 4954 1264 5001 servum,
1296 4936 1441 5008 quod
1486 4937 1762 5009 ingratum
1792 4946 1896 4995 est.
1929 4942 2013 4993 An
2068 4949 2121 4995 to

552 5028 693 5100 fugit
755 5028 1067 5098 cujusmodi
1124 5029 1237 5084 sint
1283 5028 1527 5084 divitiaz?
1568 5031 1646 5084 uti
1697 5031 1958 5086 meretrix
1991 5049 2118 5103 per-

548 5121 721 5177 frietae
746 5120 966 5186 frontis,
1002 5136 1149 5177 nunc
1165 5136 1287 5176 cum
1312 5121 1421 5177 isto
1441 5125 1897 5180 consuetudinem
1930 5126 2114 5191 habet,

547 5228 697 5269 nunc
715 5214 842 5269 inde
869 5214 937 5269 ad
962 5214 1113 5268 illum
1147 5213 1474 5285 propendet,
1502 5232 1569 5271 ac
1605 5219 1835 5287 posthac
1866 5219 1959 5274 alii
1996 5236 2117 5276 sese

544 5306 814 5378 adiungit.
845 5305 1117 5374 Quidnam
1160 5323 1241 5372 es,
1286 5323 1319 5361 ο
1370 5309 1538 5365 homo
1567 5310 1590 5364 ?
1617 5309 1790 5366 Hodie
1829 5314 2111 5383 princeps,

543 5411 669 5450 cras
717 5395 1010 5461 subditus;
1036 5426 1039 5427 ν
1069 5395 1230 5452 hodie
1289 5397 1465 5463 dives,
1496 5414 1622 5455 cras
1679 5416 1919 5470 pauper;
1952 5402 2116 5458 hodie

538 5485 632 5554 jus
653 5486 816 5551 dicis,
844 5501 969 5543 cras
1010 5486 1281 5556 judicium
1334 5490 1511 5546 subis.
1542 5490 1627 5544 An
1656 5506 1764 5545 non
1797 5492 1922 5547 vitae
1949 5493 2113 5563 hujus

546 5577 974 5631 inconstantiam
998 5580 1311 5651 perspicis?
1342 5597 1527 5637 nonne
1554 5582 1671 5637 haec
1694 5584 1874 5639 instar
1903 5586 2112 5641 umbra:

543 5668 829 5739 praeterit?
859 5682 1039 5726 nonne
1060 5669 1212 5726 fumo
1229 5671 1388 5726 vilior
1419 5680 1504 5728 est
1531 5674 1555 5727 ?
1597 5687 1778 5731 nonne
1799 5674 1945 5731 sicut
1982 5691 2112 5731 ara-

542 5776 644 5818 nea
662 5760 1025 5818 distrahitur?
1074 5761 1194 5816 Non
1226 5762 1473 5820 desinam
1505 5780 1602 5821 vos
1624 5765 1846 5835 docere,
1893 5766 2109 5824 faciatis

2224 4660 2444 4731 θρωπε;
2498 4662 2746 4733 Σήμερον
2803 4664 3009 4736 ἄρχων,
3076 4666 3172 4719 καὶ
3216 4667 3408 4738 αὔριον
3450 4671 3793 4741 ἀρχόμενος·

2223 4754 2461 4823 σήμερον
2486 4752 2760 4820 πλούσιος,
2793 4755 2889 4807 καὶ⁵
2911 4753 3099 4826 αὔριον
3132 4756 3338 4827 πένης·
3374 4759 3619 4831 σήμερον
3649 4761 3796 4813 δικά-

2220 4842 2354 4910 ζεις,
2396 4844 2491 4898 καὶ
2513 4843 2701 4917 αὔριον
2751 4846 2967 4921 δικάζῃ.
3012 4846 3175 4920 Ὁρᾷς
3206 4849 3305 4921 τὴν
3358 4850 3453 4904 τοῦ
3478 4850 3598 4921 βίου
3629 4870 3793 4923 μεταο

2220 4936 2414 5008 ϐολήνο
2443 4939 2542 5010 οὐχ
2570 4938 2646 5002 ὡς
2685 4938 2813 4993 σκιὰ
2877 4942 3249 5012 παρατρέχει;
3292 4944 3354 4997 ού
3393 4944 3603 4997 κάπνου
3641 4946 3793 4998 εὐτε-

2217 5028 2501 5101 λέστερος;
2532 5031 2630 5101 οὐχ
2660 5030 2736 5096 ὡς
2772 5032 2983 5104 ἀράχνη
3027 5032 3359 5100 διασπᾶται;
3393 5036 3468 5088 Ού
3511 5036 3791 5107 παύσομαι

2217 5121 2361 5193 ὑμᾶς
2392 5123 2662 5178 παιδεύων
2685 5141 2699 5189 ;
2723 5124 2828 5179 κᾶν
2855 5142 2917 5178 τε
2951 5125 3026 5197 μὴ
3075 5125 3285 5196 ποιῆτε.
3320 5126 3637 5198 Γέγραπται
3660 5129 3787 5199 γάρ·

2216 5212 2383 5267 Λάλει
2413 5216 2491 5278 εἰς
2518 5208 2633 5269 ὦτα
2648 5215 2975 5271 ἀκουόντων.
3010 5217 3266 5289 Παρακοὴ
3301 5218 3531 5272 θάνατον
3567 5220 3791 5289 ἐργάζει

2214 5323 2323 5361 ται.
2352 5306 2680 5377 Μιμήσασθε
2708 5307 2803 5361 καὶ
2831 5308 2930 5380 τὴν
2952 5309 3128 5380 χήραν
3149 5310 3363 5381 ἐκείνην
3388 5311 3490 5381 τὴν
3530 5315 3664 5376 τοὺς
3696 5312 3787 5366 δύο

2213 5399 2433 5463 ὀϐολοὺς
2479 5400 2750 5466 δὼσασαν,
2782 5401 2901 5465 πῶς
2939 5402 3249 5473 ἐδικαιώθη.
3289 5401 3394 5457 Δύο
3427 5403 3650 5469 ὀϐολοὺς
3689 5407 3786 5460 οἰκ

2213 5489 2377 5561 έχειςς
2395 5491 2493 5545 ἕνα
2518 5492 2703 5556 δός.“0
2725 5492 2891 5564 ἔχεις,
2913 5492 3015 5548 κᾶν
3035 5494 3198 5565 ἄρτον
3216 5512 3232 5527 ο
3256 5494 3359 5549 κᾶν
3378 5496 3633 5561 στέναξον
3663 5499 3785 5552 ίδὼν

2212 5584 2305 5638 τὸν
2334 5584 2562 5656 πένητα,
2593 5586 2690 5640 καὶ
2714 5586 2961 5642 δέδεκται
2987 5589 3019 5657 ἡ
3047 5588 3251 5660 δέησις.
3287 5590 3344 5642 ’0
3359 5592 3468 5661 γὰρ
3487 5592 3780 5661 ἐπιστάμε-

2212 5692 2301 5740 νος
2324 5674 2394 5729 τά
2428 5676 2713 5750 ἀπόρρητα
2742 5678 2839 5749 τῆς
2875 5679 3114 5745 διανοίας
3153 5681 3406 5750 ἑκάστου,
3435 5685 3465 5737 ὀ
3494 5683 3564 5737 τὰ
3605 5686 3777 5739 πάντα

2213 5770 2469 5841 ἐπιγνοὺς
2500 5771 2627 5843 πρὶν
2652 5771 2939 5842 γενέσεως,
2970 5769 3112 5829 οῐδεν
3140 5776 3224 5830 ὅτι
3267 5777 3318 5831 εί
3353 5773 3517 5848 εἶχες,
3550 5779 3771 5841 ἐδίδους.
