3968 6418
153 407 283 473 1509
1422 416 1666 477 ‘SACRA

1809 416 1980 476 RAIJ
2003 416 2168 476 ELA.
3258 408 3395 471 1510

148 525 253 592 Τὴν
274 522 378 593 γὰρ
404 523 632 593 καρδίαν
659 523 916 597 ἐξερευνᾷ
937 526 1029 580 καὶ
1056 521 1217 581 οἶδεν.
1250 528 1594 596 Ἀνθρωπος
1610 545 1697 600 γαε

1828 544 2021 585 necne.
2046 528 2329 599 Siquidem
2384 538 2650 600 scriptum
2692 536 2814 583 est:
2853 526 3101 597 Loquere
3137 525 3191 578 in
3225 534 3393 577 aures

148 602 349 681 ὄψέται
369 615 456 679 εὶς
478 615 823 682 πρόσωπον,
860 616 1004 684 Θεὸς
1031 617 1101 671 δὲ
1122 622 1209 686 εὶς
1237 619 1510 688 καρδίαν.

1824 620 2188 676 audientium.
2221 622 2646 693 lnobsequentia
2702 629 2934 677 mortem
2963 621 3130 693 parit.
3156 618 3391 673 Viduam

148 702 293 756 illam
342 704 681 761 :emulamini
737 723 860 777 quae
919 710 1061 766 duos
1089 712 1286 768 obolos
1328 712 1479 769 dedit
1513 711 1712 783 (Marc.
1742 729 1842 777 xu,
1874 713 1990 784 42).
2022 714 2217 771 Videte
2267 731 2378 788 qua
2435 717 2651 772 ratione
2701 716 2938 785 justitia:
2979 714 3197 768 laudem
3259 728 3394 767 con-

147 801 333 848 secuta
358 802 466 850 est.
524 794 671 852 Duos
714 797 910 853 obolos
933 814 1046 855 non
1087 802 1490 858 habes?uuum
1518 803 1608 858 da.
1646 803 1704 858 Si
1734 821 1803 859 ne
1839 821 2008 860 unum
2040 807 2303 877 .quidem,
2354 807 2423 863 da
2482 809 2625 879 quod
2681 808 2872 863 habes.
2918 807 2995 861 Da
3057 806 3140 861 vel
3195 819 3393 875 panem

145 902 333 942 unum.
366 889 677 959 lngemisce
729 891 943 960 saltem,
978 908 1106 948 cum
1144 910 1439 967 pauperem
1486 895 1711 966 vidisti;
1741 906 1903 969 atque
1956 904 2135 955 oratio
2194 909 2285 955 tua
2336 911 2492 973 grata
2551 911 2605 957 et
2659 909 2885 971 accepta
2938 901 3067 956 erit.
3104 899 3207 965 Qui
3245 897 3392 951 enim

143 979 326 1035 cordis
358 982 796 1056 uniuscujusque
827 1002 1034 1043 arcana
1064 990 1241 1057 novit,
1266 991 1360 1061 qui
1397 991 1503 1048 scit
1526 993 1717 1047 omnia
1752 1003 2047 1066 antequam
2101 997 2374 1063 oriantur,
2444 1000 2789 1068 exploratum
2830 996 2993 1051 habet
3040 994 3293 1048 daturum
3338 1000 3392 1045 te

144 1072 336 1133 fuisse,
402 1074 446 1129 si
509 1075 763 1132 haberes.
821 1075 959 1133 Nam
997 1093 1096 1135 cor
1124 1072 1403 1139 scrutatur
1443 1093 1500 1140 et
1535 1084 1709 1140 novit.
1741 1085 1913 1141 Homo
1938 1088 2086 1143 enim
2143 1089 2280 1146 videt
2338 1091 2395 1144 in
2442 1090 2658 1160 faciem,
2710 1091 2851 1146 Deus
2918 1098 3095 1144 autem
3157 1090 3393 1142 intuetur

139 1180 230 1218 cor
258 1164 310 1237 (l
329 1164 457 1237 Reg.
490 1183 598 1232 svr,
634 1168 711 1241 7).

304 1286 708 1350 ματαιοπονεῖς,
759 1281 805 1340 ὦ
857 1288 1102 1358 πλούσιε,
1125 1291 1194 1347 τὰ
1231 1292 1341 1348 τῶν
1369 1296 1622 1365 πενήτων
1656 1295 1715 1347 ἐν

138 1370 251 1432 τοῖς
295 1372 407 1434 σοῖς
458 1373 864 1446 ἀποκρύπτων;
905 1381 959 1434 τί
985 1382 1306 1455 αἰτούμενος
1346 1386 1475 1458 παρ’
1509 1386 1710 1453 αὐτῶν,

138 1461 465 1530 ἀγανακτεῖς
519 1469 595 1531 ὡς
641 1472 856 1525 οἴκοθεν
921 1475 1267 1543 ἀναλίσκων;
1327 1478 1398 1533 τὰ
1481 1479 1714 1550 πατρῷα

138 1552 402 1618 θέλουσιν,
435 1557 496 1610 06
525 1560 594 1613 τὰ
615 1562 684 1616 σά
707 1578 721 1591 °
752 1563 822 1617 τὰ
844 1565 1260 1639 ἐγχειρισθέντα
1299 1588 1381 1623 σοι
1407 1570 1475 1624 δι’
1494 1572 1709 1637 αὐτοὺς,

136 1644 195 1695 οὐ
230 1648 370 1715 μετά
398 1648 492 1702 σοῦ
526 1653 858 1725 γεννηθέντα
889 1657 1101 1725 ἔλαϐες,
1132 1661 1233 1725 Δὸς
1262 1663 1465 1734 καὶτὴν
1483 1665 1707 1735 χρῆσιν

138 1736 420 1809 κέρδανον,
452 1745 546 1797 καὶ
576 1745 739 1815 ἀρκεῖ
792 1764 897 1817 σοι,
939 1751 1023 1805 ὅτι
1065 1751 1267 1808 διδόναι
1308 1756 1368 1809 οὐ
1412 1755 1707 1828 λαμϐάνειν

136 1834 536 1900 προσετὰηους.

206 2035 379 2091 Αὐτοῦ
409 2040 466 2093 αί
493 2040 744 2112 ἁρπαγαὶ
768 2043 864 2098 καὶ
890 2042 1065 2100 ἄλλων
1094 2045 1152 2099 αί
1199 2046 1403 2119 ἡδοναί.
1442 2046 1619 2100 Αὐτοῦ
1652 2050 1707 2102 αἱ

133 2126 395 2197 κατάραι,
430 2129 526 2183 καὶ
566 2131 741 2185 ἄλλων
786 2135 844 2187 αἱ
904 2135 1216 2206 θεραπεῖαι.
1269 2136 1404 2192 Κατ’
1449 2137 1616 2191 αὑτοῦ
1656 2139 1706 2191 oi

134 2219 452 2290 στεναγμοὶ,
489 2223 583 2275 καὶ
645 2225 778 2295 παρ’
830 2225 1041 2297 ἑτέροις
1086 2230 1136 2283 οἱ
1175 2229 1525 2299 πλεονασμοὶ.
1570 2232 1707 2284 Κατ’

129 2308 298 2362 αὐτοῦ
320 2311 389 2363 τὰ
420 2311 654 2385 δάκρυα,
685 2317 779 2369 καὶ
809 2318 938 2389 παρ’
962 2319 1173 2390 ἑτέροις
1202 2319 1271 2373 τὰ
1290 2322 1392 2392 χρή
1402 2338 1548 2391 ματα
1567 2339 1581 2352 '
1603 2323 1708 2374 Αὐ-

128 2403 226 2467 τὸς
251 2406 308 2458 ὲν
330 2405 434 2478 ᾄδῃ
462 2406 774 2474 κολάζεται,
809 2412 904 2463 καὶ
927 2411 1076 2465 ἄλλοι
1107 2412 1366 2475 πολλάκις
1393 2414 1452 2468 ἐν
1470 2417 1581 2478 τοῖς
1610 2416 1706 2469 αὖ·

127 2499 226 2552 τοῦ
262 2503 575 2573 τρυφῶντες
594 2503 909 2573 ψάλλουσιν.

200 2617 430 2683 Λέοντες
493 2620 611 2690 μὲν,
639 2621 735 2674 καὶ
767 2621 980 2692 ἄρκτοι,
1018 2622 1111 2675 καὶ
1151 2622 1465 2693 παρδάλεις,
1495 2626 1553 2677 ἐν
1611 2625 1707 2695 μέ-

133 2724 255 2772 σαις
278 2712 396 2775 ταῖς
418 2711 626 2773 πόλεσι,
667 2713 811 2772 τίνος
863 2714 1023 2785 χάριν
1061 2714 1357 2786 φιλοτίμως
1388 2715 1703 2784 σιτίζονται,

128 2802 157 2854 6
183 2802 242 2855 δὲ
279 2803 493 2873 πτωχὸς
551 2806 647 2858 ἐπὶ
697 2805 792 2859 τοῦ
828 2806 1077 2876 ,ἐδάφους
1117 2808 1274 2877 ἕρπει
1325 2808 1701 2880 συντετηκώς;

132 2895 244 2948 Καὶ
303 2897 333 2948 6
376 2896 515 2949 λέων
568 2897 905 2969 θαλπόμενος
946 2899 1055 2953 τῶν
1080 2899 1355 2970 δημοσίων
1396 2901 1573 2972 κρεῶν
1604 2901 1705 2972 τὴν

128 2985 356 3040 κνίσσαν
380 2988 683 3057 ἐρεῦγεται.
727 2983 950 3055 Οὖτινος
978 2992 1070 3061 τὴν
1099 2990 1288 3063 χρείαν
1309 2993 1698 3065 ὲὸινὲρωτήσω,

128 3079 332 3149 μᾶλλον
380 3082 883 3154 ὲγκαλυφθήσομαι.
929 3084 1147 3155 Θηρίων
1176 3084 1284 3156 γὰρ
1323 3086 1544 3151 ὀδόντας
1574 3089 1703 3141 ἁκο-

123 3170 292 3224 νῶσιν
329 3174 376 3226 οί
401 3174 676 3246 ἅνθρωποι
704 3177 844 3230 κατὰ
874 3176 1197 3247 ἀνθρώπων.

189 3373 286 3444 Μή
315 3391 403 3444 μοι
427 3373 575 3443 λέγε,
606 3374 688 3429 ὅτι
721 3375 918 3429 Πενίαν
961 3375 1255 3447 φοϐοῦμαι.
1284 3376 1484 3431 Πενίαν
1536 3377 1697 3449 φοϐῇ,

120 3468 213 3521 καὶ
236 3468 515 3538 ἁμαρτίαν
567 3468 627 3521 οὐ
684 3468 852 3539 φοὸῇς
907 3469 1102 3523 Πενίαν
1136 3469 1212 3540 μὴ
1262 3470 1530 3542 φοϐηθῇς,
1581 3470 1697 3524 ἀλλ’

119 3561 396 3633 ἁμαρτίαν
424 3561 523 3632 τὴν
541 3562 753 3632 μητέρα
778 3564 877 3631 τῆς
894 3562 1187 3625 κολάσεως.
1226 3563 1286 3614 '0
1316 3564 1699 3634 Δεσπότηςξαί-

115 3650 456 3721 τεῖὲντολὴν,
473 3651 566 3704 καὶ
588 3652 649 3704 οὑ
667 3651 821 3715 δίδως
837 3650 1182 3722 αὐτῷ.”οταν
1205 3651 1314 3722 γὰρ
1342 3652 1580 3723 ἀκούσῃς
1606 3653 1698 3704 αὑ-

114 3742 205 3796 τοῦ
224 3742 572 3812 λέγοντοςοὍ
600 3761 652 3795 τι
676 3743 766 3796 ἐνὶ
796 3743 864 3797 ἐκ
881 3744 1107 3797 τούτων
1127 3741 1245 3795 τῶν
1267 3740 1547 3811 ἀδελφῶν
1574 3761 1696 3812 μου

114 3836 464 3906 ἐποιήσατε,
477 3836 611 3905 ἐμοὶ
636 3834 978 3899 ἐποιήσατε,
998 3835 1120 3906 ὅρα,
1153 3836 1182 3889 ὅ
1204 3853 1256 3889 τι
1278 3834 1342 3889 ἂν
1358 3834 1462 3905 δῷς
1484 3835 1561 3907 τῷ
1594 3835 1695 3889 πέ-

86 3956 91 3959 ·
116 3947 269 3999 νητι,
305 3928 384 4000 τῷ
413 3928 634 3999 Χριστῷ
661 3927 837 3990 δίδως.
878 3927 1002 3980 Ἐὰν
1034 3923 1127 3982 οὖν
1154 3927 1230 3998 μὴ
1262 3926 1366 3997 δῷς
1389 3925 1556 3997 αὐτῷ,
1578 3927 1696 3991 πῶς

118 4024 179 4076 σὺ
203 4024 415 4095 αἰτήσῃ
434 4025 491 4076 ἐν
505 4022 687 4094 ἐκείνῃ
708 4024 775 4091 τῇ
793 4022 998 4093 ἡμέρᾳ,
1014 4021 1100 4074 ἵνα
1123 4020 1320 4092 ἐλεήσῃ
1338 4037 1394 4072 σε
1414 4016 1512 4085 ;'A
1524 4037 1589 4089 ρα
1613 4036 1695 4072 σοι

113 4117 212 4170 οὐκ
232 4115 478 4183 ἐγκαλεῖ,
498 4116 579 4167 δτι
606 4111 908 4168 Πεινῶντὰ
933 4130 1004 4177 με
1044 4109 1222 4179 εἶδες,
1262 4111 1362 4165 καὶ
1390 4112 1501 4165 οὐκ
1527 4111 1689 4179 ἐθρε-

113 4212 239 4277 ea;-
258 4226 277 4272 ,'
298 4208 571 4279 Διψῶντὰ
586 4225 662 4278 με
678 4203 855 4274 εἶδες,
875 4206 972 4261 καί
995 4208 1106 4261 οὐκ
1122 4207 1439 4273 ἐπότισας;
1463 4206 1695 4275 γυμνόν

108 4298 385 4370 μεεῖδες,
414 4301 509 4354 καὶ
529 4301 641 4353 οὐκ
672 4298 1005 4365 ἑνέδυσας;
1035 4299 1100 4351 Τί
1126 4293 1236 4371 ἆρα
1274 4300 1422 4370 ὲρετς
1460 4295 1629 4368 αὐτῷ,
1656 4296 1690 4369 ἢ

114 4394 276 4447 ποίαν
323 4390 656 4462 συγγνώμην
702 4391 884 4462 ἕχειςς
919 4392 991 4444 Σὺ
1034 4394 1133 4461 μὲν
1170 4392 1391 4463 σηρικὰ,
1444 4394 1539 4445 καὶ
1594 4390 1693 4444 λαο

112 4486 258 4557 γῷα,
318 4487 412 4538 καὶ
456 4486 642 4553 αἴγεια
700 4483 1112 4556 περιϐέϐλησαι,
1138 4486 1231 4537 καὶ
1267 4485 1296 4537 6
1325 4483 1495 4555 πένης
1524 4483 1691 4556 ῥάκος

1889 1290 2081 1361 Εμιεά.
2108 1290 2290 1346 homil.
2316 1292 2373 1346 in
2404 1291 2554 1345 Psal.
2588 1306 2816 1346 xxxvm.
2846 1321 2916 1331 —
2949 1288 3089 1356 Quid
3113 1288 3388 1357 incassum

1820 1387 2070 1450 laboras,
2112 1400 2144 1439 ο
2181 1385 2362 1449 dives,
2395 1396 2454 1441 ut
2497 1400 2620 1456 qua:
2669 1400 2971 1455 pauperum
3012 1391 3165 1449 sunt,
3193 1382 3305 1436 tuis
3334 1383 3389 1434 in

1815 1478 2095 1534 thesauris
2120 1477 2398 1533 occultes‘l
2458 1477 2593 1549 quid
2646 1493 2773 1533 cum
2825 1476 2931 1547 ipsi
2966 1475 3064 1530 abs
3095 1484 3148 1529 te
3175 1482 3388 1544 petunt,

1814 1570 2219 1632 stomacharis,
2249 1578 2509 1639 tanquam
2560 1569 2628 1625 de
2668 1578 2765 1624 tuo
2801 1567 3053 1623 insumas
3076 1565 3099 1618 ?
3126 1566 3265 1619 bona
3298 1578 3393 1633 pa-

1814 1669 1968 1715 terna
2005 1662 2217 1724 volunt,
2252 1677 2361 1716 non
2388 1670 2483 1716 tua
2510 1676 2526 1713 :
2550 1676 2615 1718 ea
2647 1676 2770 1732 qua:
2800 1660 2899 1716 tibi
2928 1675 3030 1715 sua
3060 1673 3230 1713 causa
3255 1673 3391 1710 con-

1814 1765 1968 1807 cessa
1995 1760 2148 1815 sunt,
2186 1769 2298 1806 non
2328 1768 2450 1823 qua:
2478 1759 2660 1808 tecum
2712 1760 2837 1807 nata
2871 1757 3022 1808 sunt.
3064 1746 3393 1820 Accepisti?

1742 1848 1785 1904 Β
1814 1842 1997 1895 tribue
2031 1860 2044 1895 :
2080 1858 2144 1898 ex
2179 1859 2282 1898 usu
2340 1852 2613 1913 quaestum
2651 1841 2760 1899 fac.
2816 1841 2966 1899 Satis
2998 1842 3099 1897 tibi
3126 1850 3214 1897 est
3242 1837 3390 1912 quod

1810 1951 1921 1991 non
1954 1936 2226 2006 accipere,
2257 1935 2356 1991 sed
2382 1936 2723 2007 darejussus
2758 1936 2859 1995 sis.

1881 2045 2075 2117 Ejusd.
2106 2078 2176 2089 —
2207 2045 2386 2118 Hujus
2421 2056 2552 2103 sunt
2584 2049 2812 2119 rapinae,
2850 2048 3082 2103 aliorum
3141 2048 3389 2116 volupta-

1809 2147 1915 2195 tes.
1946 2139 2124 2209 Hujus
2158 2139 2604 2207 maledictiones,
2646 2141 2875 2197 aliorum
2925 2141 3107 2195 cultus
3139 2150 3193 2196 et
3222 2141 3389 2194 obse-

1808 2230 1958 2300 quia.
2016 2231 2303 2288 Adversus
2348 2248 2474 2288 eum
2531 2233 2791 2303 seruitus,
2846 2232 2989 2303 apud
3035 2232 3175 2287 alios
3220 2232 3390 2286 incre-

1810 2331 2011 2377 menta.
2044 2324 2328 2379 Adversus
2359 2339 2483 2379 eum
2508 2325 2783 2396 lacrymze,
2815 2325 2960 2395 apud
2992 2325 3130 2380 alios
3158 2323 3387 2377 divitiae.

1809 2412 1929 2482 Ipse
1971 2414 2026 2467 in
2051 2413 2268 2468 inferno
2322 2415 2701 2479 excruciatur,
2737 2422 2792 2469 et
2819 2416 2912 2469 alii
2952 2430 3097 2485 saepe
3129 2414 3183 2469 in
3227 2413 3389 2469 bouis

1808 2503 1984 2575 ipsius
2020 2504 2171 2559 luxui
2198 2505 2568 2575 cantibusque
2601 2506 2909 2577 indulgent.

1874 2622 2063 2691 Ejusd.
2092 2652 2160 2663 -—
2182 2620 2323 2688 Quid
2359 2620 2580 2676 tandem
2614 2628 2700 2677 est
2725 2620 2871 2692 quod
2914 2622 3123 2686 leones,
3163 2630 3218 2675 et
3249 2623 3385 2685 ursi,

1806 2722 1861 2768 et
1882 2714 2032 2785 pardi
2061 2714 2115 2767 in
2145 2714 2342 2768 niiediis
2371 2715 2603 2769 urbibus
2636 2714 2927 2784 magniﬁce
2973 2714 3220 2777 aluntur,
3248 2729 3388 2785 pau-

1808 2821 1905 2875 per
1959 2814 2141 2860 autem
2201 2806 2421 2862 tabidus
2474 2806 2630 2860 humi
2664 2805 2855 2876 repit?
2913 2806 2991 2859 Ac
3044 2804 3130 2860 leo
3153 2805 3384 2877 quidem

1806 2897 2006 2953 blande
2052 2898 2291 2963 fovetur,
2349 2907 2407 2954 et
2451 2898 2795 2970 publicarum
2852 2898 3100 2953 carnium
3168 2904 3387 2951 eructat

1807 2989 2097 3055 nidorem;
2138 3002 2345 3059 pauper
2395 2998 2580 3043 autem
2629 2987 2774 3043 fame
2800 2985 3111 3041 conficitur.
3149 2984 3310 3052 Quod
3335 2984 3387 3039 si

1806 3082 2035 3150 hujusce
2073 3097 2293 3152 quoque
2322 3082 2400 3135 rei
2431 3096 2657 3136 causam
2686 3080 2966 3144 scisciter,
3005 3080 3242 3150 amplius
3265 3094 3390 3134 ern-

1806 3173 2050 3228 bcscam.
2091 3170 2224 3226 Nam
2264 3174 2566 3227 bestiarum
2596 3172 2792 3227 dentes
2825 3189 2948 3240 nos,
2991 3171 3084 3242 qui
3132 3172 3385 3227 homines

1808 3280 2021 3330 sumus,
2060 3264 2115 3318 in
2150 3265 2433 3319 hominum
2468 3263 2763 3334 perniciem
2795 3263 3145 3318 exacuimus.

1868 3376 2159 3445 Ejusd.-——-
2196 3375 2276 3432 Ne
2324 3376 2459 3430 mihi
2523 3376 2630 3430 hoc
2672 3375 2881 3430 dixeris
2928 3394 2943 3429 :
2994 3374 3384 3445 Paupertatem

1802 3479 2011 3522 metuo.
2076 3466 2467 3538 Paupertatem
2517 3467 2739 3530 metuis,
2782 3481 2883 3521 nec
2938 3476 3221 3538 peccatum
3254 3468 3388 3521 exti-

1802 3559 2042 3615 tsescis?
2071 3559 2149 3615 Ne
2186 3566 2568 3629 paupertatem
2609 3558 3021 3623 formidaveris,
3056 3559 3149 3614 sed
3191 3560 3386 3629 iniqui-

1803 3661 1994 3716 tatem,
2025 3668 2146 3722 qua:
2172 3650 2429 3721 supplicii
2470 3666 2672 3721 parens
2734 3658 2843 3705 est.
2890 3651 3154 3707 Dominus
3185 3652 3380 3721 stipem

1802 3745 2003 3815 poscit,
2034 3752 2089 3799 et
2129 3744 2409 3813 repulsam
2447 3742 2575 3797 fert.
2627 3741 2764 3796 Nam
2814 3757 2938 3796 cum
2970 3743 3248 3798 dicentem
3280 3759 3381 3796 anu

1802 3837 1926 3892 die:
1966 3835 2118 3903 Quod
2151 3836 2245 3889 uni
2277 3850 2343 3890 ea:
2400 3834 2660 3905 fratribus
2716 3835 2846 3889 meis
2888 3835 3113 3905 fecistis,
3151 3837 3277 3889 nti/ti
3309 3838 3383 3906 fe-

1802 3931 1950 3984 cistis
1981 3927 2203 4005 (Matth.
2236 3945 2364 3992 xxv,
2396 3927 2519 3999 40);
2574 3928 2705 3983 hinc
2727 3927 2853 3983 vide
2894 3928 3038 3999 quod
3069 3928 3117 3982 si
3152 3929 3379 3999 pauperi

1801 4021 2037 4085 dederis,
2067 4020 2290 4075 Christo
2322 4019 2563 4076 dederis.
2623 4019 2920 4085 Quocirca,
2952 4019 3059 4073 nisi
3113 4019 3221 4090 ipsi
3259 4021 3377 4081 des,

1799 4128 1907 4184 qua
1948 4113 2129 4167 fronte
2160 4112 2228 4167 ab
2260 4127 2326 4167 eo
2374 4112 2428 4167 in
2463 4113 2557 4166 illa
2592 4112 2678 4168 die
2727 4124 2877 4180 petes
2912 4122 2969 4167 ut
3004 4113 3081 4167 tui
3122 4112 3379 4167 miserea-

1800 4205 1923 4259 tur?
1961 4205 2045 4259 An
2084 4221 2191 4259 non
2242 4204 2342 4259 tibi
2390 4205 2498 4260 hoc
2526 4204 2753 4275 objiciet
2785 4204 3156 4259 :Esurientem
3191 4220 3270 4257 me
3302 4206 3379 4257 vi-

1798 4297 1947 4360 disti,
1978 4313 2067 4350 nec
2086 4296 2279 4365 pavisti
2304 4314 2323 4361 ;
2349 4296 2615 4350 sitientem
2646 4313 2726 4350 me
2761 4297 2958 4354 vidisti.
2998 4314 3090 4351 nec
3138 4297 3377 4366 potasti;

1798 4389 1999 4443 nudum
2057 4389 2262 4453 vidisti,
2308 4406 2403 4443 nec
2452 4389 2675 4443 induisti
2725 4387 2890 4461 (Ibid.
2936 4388 3029 4456 42,
3060 4389 3191 4461 45)ἳ
3234 4388 3377 4455 Quid

1797 4482 2022 4537 tandem
2053 4483 2156 4552 ipsi
2188 4483 2439 4538 dicturus
2464 4482 2563 4537 es?
2595 4490 2691 4536 aut
2720 4498 2881 4553 quam
2910 4482 3125 4536 veniam
3166 4481 3380 4536 obtine-

111 4576 211 4629 οὐκ
238 4575 376 4646 ἔχει.
413 4575 519 4628 Καὶ
548 4574 611 4628 σὺ
635 4570 869 4643 τρώγεις
908 4572 1208 4641 φασιανοὺς
1232 4569 1327 4623 καὶ
1368 4571 1539 4640 χῆνας
1560 4609 1576 4634 ,
1602 4568 1697 4621 καὶ

1809 4576 1938 4631 bis?
1968 4585 2027 4630 tu
2062 4576 2279 4639 sericis,
2330 4574 2705 4649 leporiuisquc
2736 4582 2789 4628 et
2819 4574 3062 4643 caprinis
3090 4572 3371 4637 indueris;

111 4668 211 4722 ὃσα
240 4668 379 4721 εἰσὶν
428 4668 485 4721 ὲν
526 4666 806 4736 ἐδέσμασι,
867 4664 963 4717 καὶ
994 4664 1022 4715 6
1045 4663 1213 4733 πένης
1246 4662 1348 4714 οὐκ
1395 4658 1569 4730 ίσχύει
1592 4658 1691 4730 τὴν

112 4760 308 4815 ἑαυτοῦ
343 4759 549 4814 κοιλίαν
583 4759 763 4832 ἄρτων
826 4757 1112 4827 χορτάσαι.
1163 4755 1236 4808 Σὺ
1294 4753 1440 4825 ἔχεις
1478 4753 1691 4825 τοίχους

112 4849 488 4922 χρυσορόφους
552 4850 649 4903 καὶ
680 4849 951 4920 μάρμαρα
1008 4845 1416 4916 Λακεδαιμόνια
1445 4844 1689 4909 ποικίλα,

112 4944 208 4997 καλ⁵
235 4945 439 5007 κίονας,
468 4942 575 5001 καὶ,
620 4940 1054 5012 περικεφαλαίας
1091 4939 1284 4993 κιόνων
1334 4939 1567 5011 χρυσᾶς,
1598 4938 1692 4993 καὶ

110 5034 140 5086 6
170 5034 341 5104 πένης
363 5031 607 5104 καλύόην
633 5033 733 5085 οὐκ
754 5032 888 5102 ἔχει.
911 5032 1021 5085 Καὶ
1052 5030 1223 5085 ἐνίοτε
1254 5030 1398 5103 ἔχεις
1423 5030 1513 5085 τδν
1544 5026 1691 5086 οἶκον

111 5125 223 5181 ἀπὸ
254 5124 534 5197 ἁρπαγῆς,
589 5124 701 5178 ἀπὸ
742 5121 1081 5188 πλεονεξίας.
1142 5123 1253 5176 Καὶ
1314 5122 1689 5195 συντελευτᾷς,

113 5217 211 5271 καὶ
229 5217 465 5285 ἀπάγεις
499 5215 664 5287 μηδὲν
709 5213 874 5286 ἔχων,
914 5214 1008 5267 καὶ
1040 5212 1191 5284 μένει
1220 5214 1249 5267 6
1284 5208 1434 5278 οἶκός
1460 5230 1555 5268 σου
1610 5213 1692 5266 δι-

110 5309 314 5381 ηνεκὴς
355 5310 681 5380 κατήγορος,
709 5307 950 5378 ἐλέγχων
971 5306 1070 5370 τὰς
1112 5306 1210 5371 σὰς
1240 5304 1488 5378 πράξεις.
1523 5305 1693 5359 Ἐκα-

113 5420 242 5466 στος
267 5403 378 5475 γὰρ
410 5403 440 5455 6
463 5401 872 5472 παρερχόμενος
905 5399 1089 5471 μέλλει
1129 5399 1310 5467 λέγειν
1331 5414 1345 5429 ⁸
1384 5393 1538 5461 οὗτος
1560 5400 1589 5451 6
1612 5392 1691 5451 οἷ-

109 5512 209 5558 κος
270 5494 363 5548 τοῦ
431 5494 702 5562 ἅρπαγος,
752 5490 847 5544 τοῦ
904 5489 1255 5544 πλεονέκτου.
1288 5488 1471 5552 Πόσας
1513 5488 1691 5558 χήρας

108 5589 360 5643 ἐκάκωσε
380 5606 394 5656 ;
427 5588 628 5651 πόσους
648 5584 917 5657 ὀρφανοὺς
935 5583 1157 5653 ἐποίησε
1178 5601 1194 5651 ς
1216 5582 1357 5635 πόσα
1379 5581 1691 5653 ὑπάρχοντα

107 5682 470 5752 καθήρπασες
512 5680 714 5746 πόσους
746 5679 988 5750 πένητας
1019 5676 1409 5747 ὲπλεονὲκτησε
1438 5693 1452 5743 ;
1479 5676 1568 5746 Μή
1600 5690 1691 5745 μοι

106 5775 259 5844 λέγε,
305 5776 388 5830 ὅτι
420 5775 667 5838 ’Ύπατός
700 5773 896 5844 είμι,ῆ
929 5772 1011 5825 ὅτι
1066 5769 1352 5842 ’Υπαρχός
1410 5770 1545 5839 εἰμι.
1578 5767 1692 5822 Οὐκ

104 5862 228 5923 οἶδα
252 5867 491 5937 ἀξίωμα·
518 5868 577 5922 οὐ
601 5864 869 5922 ausam
881 5862 1106 5927 πλοῦτον
1124 5882 1136 5894 ’
1166 5862 1299 5922 ἀλλὰ
1321 5862 1445 5927 τοὺς
1455 5860 1531 5923 τῷ
1545 5858 1692 5933 καλῷ

1798 4683 2008 4739 panper
2036 4682 2170 4721 vero
2199 4681 2268 4721 ne
2294 4680 2511 4736 pannos
2539 4665 2761 4735 quidem
2814 4665 2996 4720 habet.
3045 4664 3125 4719 Tu
3155 4666 3376 4736 phasia-

1798 4760 1912 4821 nis.
1942 4768 1994 4815 et
2021 4758 2331 4820 anseribus,
2366 4766 2423 4812 et
2461 4757 2585 4811 aliis
2615 4756 3038 4827 quibuscunque
3073 4759 3375 4815 esculentis

1799 4850 2064 4916 vesceris;
2098 4857 2153 4905 et
2178 4863 2387 4919 pauper
2420 4863 2490 4902 ne
2516 4858 2760 4901 ventrem
2785 4847 3004 4917 quidem
3033 4863 3193 4904 suum
3234 4865 3375 4919 pane

1799 4942 2004 4997 satiare
2042 4948 2245 5009 potest.
2297 4939 2377 4992 'l‘n
2441 4938 2685 5009 parietes
2736 4942 2946 4995 auratis
2994 4942 3368 5011 laquearibus,

1798 5031 1949 5088 varia
1984 5031 2116 5086 item
2159 5045 2433 5084 marmora
2456 5029 2895 5098 Laceda'monia,
2932 5034 3219 5089 columnas
3241 5051 3372 5104 quo-

1795 5138 1906 5195 que
1936 5130 1990 5178 et
2012 5138 2206 5177 earum
2235 5121 2494 5192 capitella
2540 5137 2707 5178 aurea
2760 5123 2966 5190 habes;
2993 5125 3208 5179 interim
3236 5143 3368 5181 vero

1798 5232 2004 5288 pauper
2036 5216 2414 5285 integumento
2435 5214 2604 5286 498
2628 5225 2797 5271 caret.
2835 5216 2977 5281 Quin
3009 5225 3063 5271 et
3091 5218 3364 5274 interdum

1796 5310 2020 5365 domum
2061 5324 2125 5363 ex
2178 5308 2388 5378 rapinis
2435 5317 2489 5363 et
2530 5306 2721 5363 fraude
2765 5318 3029 5362 structam
3071 5306 3272 5376 habes;
3302 5328 3367 5365 ac

1799 5390 1854 5456 tu
1888 5401 2106 5471 quidem
2133 5399 2276 5454 diem
2305 5406 2611 5455 extremum
2646 5398 2877 5463 claudis,
2929 5400 3203 5470 rebusque
3246 5416 3366 5455 om-

1797 5491 1966 5547 nibus
2006 5490 2306 5545 destitutus
2332 5490 2589 5545 abscedis
2627 5504 2642 5542 :
2679 5500 2735 5543 at
2770 5499 2860 5545 tua
2908 5491 3108 5548 domus
3160 5503 3363 5556 manet,

1797 5600 1918 5655 qua:
1949 5592 2003 5639 te
2041 5591 2307 5654 perpetuo
2333 5591 2575 5646 accuset,
2604 5581 2922 5654 ﬂagitiaque
2954 5594 3048 5640 tua
3076 5599 3361 5657 coarguat.

1798 5675 2041 5742 Quilihet
2096 5672 2242 5728 enim
2292 5673 2390 5745 qui
2448 5673 2735 5728 transierit
2784 5674 3038 5733 dicturus
3077 5687 3207 5734 est:
3242 5677 3365 5733 Haec

1796 5767 1995 5822 domus
2050 5764 2288 5835 raptoris
2339 5770 2462 5820 erat
2524 5772 2580 5819 et
2611 5766 2789 5823 avari.
2848 5765 2993 5835 Quot
3037 5769 3126 5825 ille
3166 5770 3407 5825 viduas‘

1800 5859 2026 5917 alllisit!
2068 5865 2205 5919 quot
2234 5855 2513 5927 orphanos
2545 5857 2711 5916 fecit!
2744 5869 2879 5934 quot
2916 5861 3064 5920 bona
3098 5861 3364 5925 diripuit!
