  <div class='ocr_page' id='page_1' title='image "/cluster/home/n/w/nwhite01/storage/ocr_20150623/95/hvd.32044019208057/762.png"; bbox 0 0 4052 6398; ppageno 0'>
   <div class='ocr_carea' id='block_1_1' title="bbox 236 338 364 403">
    <p class='ocr_par' dir='ltr' id='par_1_1' title="bbox 236 338 364 403">
     <span class='ocr_line' id='line_1_1' title="bbox 236 338 364 403; baseline 0.016 -2"><span class='ocrx_word' id='word_1_1' title='bbox 236 338 364 403; x_wconf 78' lang='grc'><strong>1513</strong></span> 
     </span>
    </p>
   </div>
   <div class='ocr_carea' id='block_1_2' title="bbox 1454 334 2204 401">
    <p class='ocr_par' dir='ltr' id='par_1_2' title="bbox 1454 334 2204 401">
     <span class='ocr_line' id='line_1_2' title="bbox 1454 334 2204 401; baseline 0.001 -2"><span class='ocrx_word' id='word_1_2' title='bbox 1454 338 1699 399; x_wconf 69' lang='grc' dir='ltr'><strong>ΒᾹΕΒᾹ</strong></span> <span class='ocrx_word' id='word_1_3' title='bbox 1738 334 2204 401; x_wconf 65' lang='lat' dir='ltr'><strong>PARALLELA.</strong></span> 
     </span>
    </p>
   </div>
   <div class='ocr_carea' id='block_1_3' title="bbox 3353 340 3484 408">
    <p class='ocr_par' dir='ltr' id='par_1_3' title="bbox 3353 340 3484 408">
     <span class='ocr_line' id='line_1_3' title="bbox 3353 340 3484 408; baseline 0.031 -4"><span class='ocrx_word' id='word_1_4' title='bbox 3353 340 3484 408; x_wconf 66' lang='lat'><strong>1513.</strong></span> 
     </span>
    </p>
   </div>
   <div class='ocr_carea' id='block_1_4' title="bbox 216 446 1783 530">
    <p class='ocr_par' dir='ltr' id='par_1_4' title="bbox 216 446 1783 527">
     <span class='ocr_line' id='line_1_4' title="bbox 216 446 1783 527; baseline -0.004 -22"><span class='ocrx_word' id='word_1_5' title='bbox 216 469 343 527; x_wconf 81' lang='grc' dir='ltr'>μοι.</span> <span class='ocrx_word' id='word_1_6' title='bbox 370 449 589 516; x_wconf 77' lang='grc' dir='ltr'>Καλῶς,</span> <span class='ocrx_word' id='word_1_7' title='bbox 632 450 663 501; x_wconf 80' lang='grc' dir='ltr'><strong>ὁ</strong></span> <span class='ocrx_word' id='word_1_8' title='bbox 692 446 1134 519; x_wconf 78' lang='grc' dir='ltr'>πολυφᾶνταστος</span> <span class='ocrx_word' id='word_1_9' title='bbox 1175 448 1429 511; x_wconf 83' lang='grc' dir='ltr'>πλούσιος</span> <span class='ocrx_word' id='word_1_10' title='bbox 1458 450 1526 502; x_wconf 76' lang='grc' dir='ltr'>τὰ</span> <span class='ocrx_word' id='word_1_11' title='bbox 1554 447 1783 519; x_wconf 74' lang='grc' dir='ltr'>παρόντι</span> 
     </span>
    </p>
   </div>
   <div class='ocr_carea' id='block_1_5' title="bbox 1887 446 3570 530">
    <p class='ocr_par' dir='ltr' id='par_1_5' title="bbox 1901 446 3570 530">
     <span class='ocr_line' id='line_1_5' title="bbox 1901 446 3570 530; baseline 0.012 -33"><span class='ocrx_word' id='word_1_12' title='bbox 1901 453 2026 499; x_wconf 89' lang='lat' dir='ltr'><strong>ceat</strong></span> <span class='ocrx_word' id='word_1_13' title='bbox 2056 447 2144 501; x_wconf 87' lang='lat' dir='ltr'><strong>vel</strong></span> <span class='ocrx_word' id='word_1_14' title='bbox 2168 446 2445 501; x_wconf 72' lang='lat' dir='ltr'><strong>tantillum</strong></span> <span class='ocrx_word' id='word_1_15' title='bbox 2474 447 2652 503; x_wconf 87' lang='lat' dir='ltr'><strong>lucem</strong></span> <span class='ocrx_word' id='word_1_16' title='bbox 2704 449 2934 508; x_wconf 84' lang='lat' dir='ltr'><strong>intueri.</strong></span> <span class='ocrx_word' id='word_1_17' title='bbox 2971 453 3146 512; x_wconf 77' lang='lat' dir='ltr'><strong>Sinite</strong></span> <span class='ocrx_word' id='word_1_18' title='bbox 3175 455 3243 513; x_wconf 87' lang='lat' dir='ltr'><strong>ad</strong></span> <span class='ocrx_word' id='word_1_19' title='bbox 3274 474 3487 530; x_wconf 89' lang='lat' dir='ltr'><strong>paupe-</strong></span> <span class='ocrx_word' id='word_1_20' title='bbox 3567 492 3570 494; x_wconf 58' lang='grc' dir='ltr'><strong>η</strong></span> 
     </span>
    </p>
   </div>
   <div class='ocr_carea' id='block_1_6' title="bbox 230 536 1806 612">
    <p class='ocr_par' dir='ltr' id='par_1_6' title="bbox 230 536 1806 612">
     <span class='ocr_line' id='line_1_6' title="bbox 230 536 1806 612; baseline -0.004 -15"><span class='ocrx_word' id='word_1_21' title='bbox 230 545 327 597; x_wconf 84' lang='grc' dir='ltr'>οὐκ</span> <span class='ocrx_word' id='word_1_22' title='bbox 351 536 483 605; x_wconf 79' lang='grc' dir='ltr'>οἶδε,</span> <span class='ocrx_word' id='word_1_23' title='bbox 516 542 611 594; x_wconf 80' lang='grc' dir='ltr'><strong>καὶ</strong></span> <span class='ocrx_word' id='word_1_24' title='bbox 639 542 769 612; x_wconf 78' lang='grc' dir='ltr'>περὶ</span> <span class='ocrx_word' id='word_1_25' title='bbox 788 541 898 595; x_wconf 81' lang='grc' dir='ltr'>τῶν</span> <span class='ocrx_word' id='word_1_26' title='bbox 923 540 1226 612; x_wconf 83' lang='grc' dir='ltr'><strong>μελλόντων</strong></span> <span class='ocrx_word' id='word_1_27' title='bbox 1246 539 1545 612; x_wconf 74' lang='grc' dir='ltr'>φροντίζει.</span> <span class='ocrx_word' id='word_1_28' title='bbox 1575 537 1659 591; x_wconf 84' lang='grc' dir='ltr'>Τὰ</span> <span class='ocrx_word' id='word_1_29' title='bbox 1686 537 1806 591; x_wconf 86' lang='grc' dir='ltr'>κατ’</span> 
     </span>
    </p>
   </div>
   <div class='ocr_carea' id='block_1_7' title="bbox 228 628 1805 705">
    <p class='ocr_par' dir='ltr' id='par_1_7' title="bbox 228 628 1805 705">
     <span class='ocr_line' id='line_1_7' title="bbox 228 628 1805 705; baseline -0.006 -16"><span class='ocrx_word' id='word_1_30' title='bbox 228 635 390 689; x_wconf 83' lang='grc' dir='ltr'>αὑτὸν</span> <span class='ocrx_word' id='word_1_31' title='bbox 419 634 627 701; x_wconf 81' lang='grc' dir='ltr'>ἀγνοεῖ,</span> <span class='ocrx_word' id='word_1_32' title='bbox 654 635 749 687; x_wconf 78' lang='grc' dir='ltr'><strong>καὶ</strong></span> <span class='ocrx_word' id='word_1_33' title='bbox 793 634 864 687; x_wconf 82' lang='grc' dir='ltr'>τὰ</span> <span class='ocrx_word' id='word_1_34' title='bbox 914 633 1041 705; x_wconf 76' lang='grc' dir='ltr'>περὶ</span> <span class='ocrx_word' id='word_1_35' title='bbox 1074 633 1185 686; x_wconf 83' lang='grc' dir='ltr'><strong>τῶν</strong></span> <span class='ocrx_word' id='word_1_36' title='bbox 1229 634 1437 686; x_wconf 85' lang='grc' dir='ltr'>τέκνων</span> <span class='ocrx_word' id='word_1_37' title='bbox 1455 628 1686 701; x_wconf 74' lang='grc' dir='ltr'>ψηφίζει</span> <span class='ocrx_word' id='word_1_38' title='bbox 1712 644 1726 658; x_wconf 89' lang='grc'><strong>·</strong></span> <span class='ocrx_word' id='word_1_39' title='bbox 1756 628 1805 681; x_wconf 81' lang='grc' dir='ltr'>εί</span> 
     </span>
    </p>
   </div>
   <div class='ocr_carea' id='block_1_8' title="bbox 228 719 1807 794">
    <p class='ocr_par' dir='ltr' id='par_1_8' title="bbox 228 719 1807 794">
     <span class='ocr_line' id='line_1_8' title="bbox 228 719 1807 794; baseline -0.003 -17"><span class='ocrx_word' id='word_1_40' title='bbox 228 726 510 787; x_wconf 81' lang='grc' dir='ltr'>θάπτεται,</span> <span class='ocrx_word' id='word_1_41' title='bbox 539 724 641 777; x_wconf 79' lang='grc' dir='ltr'>οὐκ</span> <span class='ocrx_word' id='word_1_42' title='bbox 678 724 993 790; x_wconf 75' lang='grc' dir='ltr'>ἐπίσταται,</span> <span class='ocrx_word' id='word_1_43' title='bbox 1018 723 1256 794; x_wconf 76' lang='grc' dir='ltr'>καὶπερὶ</span> <span class='ocrx_word' id='word_1_44' title='bbox 1290 721 1644 793; x_wconf 81' lang='grc' dir='ltr'><strong>κληρονόμων</strong></span> <span class='ocrx_word' id='word_1_45' title='bbox 1683 719 1807 789; x_wconf 84' lang='grc' dir='ltr'>βου-</span> 
     </span>
    </p>
   </div>
   <div class='ocr_carea' id='block_1_9' title="bbox 235 812 1807 885">
    <p class='ocr_par' dir='ltr' id='par_1_9' title="bbox 235 812 1807 885">
     <span class='ocr_line' id='line_1_9' title="bbox 235 812 1807 885; baseline -0.001 -20"><span class='ocrx_word' id='word_1_46' title='bbox 235 813 469 867; x_wconf 83' lang='grc' dir='ltr'>λεύεται.</span> <span class='ocrx_word' id='word_1_47' title='bbox 504 813 732 885; x_wconf 79' lang='grc' dir='ltr'>’Δφρον,</span> <span class='ocrx_word' id='word_1_48' title='bbox 781 814 903 868; x_wconf 77' lang='grc' dir='ltr'>εἰπέ</span> <span class='ocrx_word' id='word_1_49' title='bbox 962 830 1053 885; x_wconf 88' lang='grc' dir='ltr'><strong>μοι</strong></span> <span class='ocrx_word' id='word_1_50' title='bbox 1107 814 1169 867; x_wconf 81' lang='grc' dir='ltr'>τὸ</span> <span class='ocrx_word' id='word_1_51' title='bbox 1228 813 1319 867; x_wconf 82' lang='grc' dir='ltr'>σὸν</span> <span class='ocrx_word' id='word_1_52' title='bbox 1347 812 1522 877; x_wconf 75' lang='grc' dir='ltr'>τέλος,</span> <span class='ocrx_word' id='word_1_53' title='bbox 1556 812 1648 866; x_wconf 64' lang='grc' dir='ltr'><strong>καί⁵</strong></span> <span class='ocrx_word' id='word_1_54' title='bbox 1683 812 1807 864; x_wconf 85' lang='grc' dir='ltr'>τότε</span> 
     </span>
    </p>
   </div>
   <div class='ocr_carea' id='block_1_10' title="bbox 226 905 1807 977">
    <p class='ocr_par' dir='ltr' id='par_1_10' title="bbox 226 905 1807 977">
     <span class='ocr_line' id='line_1_10' title="bbox 226 905 1807 977; baseline -0.001 -18"><span class='ocrx_word' id='word_1_55' title='bbox 226 905 479 976; x_wconf 77' lang='grc' dir='ltr'>περὶτῶν</span> <span class='ocrx_word' id='word_1_56' title='bbox 506 906 714 959; x_wconf 89' lang='grc' dir='ltr'>τέκνων</span> <span class='ocrx_word' id='word_1_57' title='bbox 741 906 1063 975; x_wconf 82' lang='grc' dir='ltr'>ἁσφόιλισαι.</span> <span class='ocrx_word' id='word_1_58' title='bbox 1102 906 1236 960; x_wconf 78' lang='grc' dir='ltr'>Εἰπέ</span> <span class='ocrx_word' id='word_1_59' title='bbox 1272 924 1363 977; x_wconf 86' lang='grc' dir='ltr'><strong>μοι</strong></span> <span class='ocrx_word' id='word_1_60' title='bbox 1406 906 1475 960; x_wconf 76' lang='grc' dir='ltr'>τὰ</span> <span class='ocrx_word' id='word_1_61' title='bbox 1508 908 1609 976; x_wconf 81' lang='grc' dir='ltr'>τῆς</span> <span class='ocrx_word' id='word_1_62' title='bbox 1632 906 1807 975; x_wconf 87' lang='grc' dir='ltr'>σήμε-</span> 
     </span>
    </p>
   </div>
   <div class='ocr_carea' id='block_1_11' title="bbox 222 998 1806 1070">
    <p class='ocr_par' dir='ltr' id='par_1_11' title="bbox 222 998 1806 1070">
     <span class='ocr_line' id='line_1_11' title="bbox 222 998 1806 1070; baseline 0.001 -20"><span class='ocrx_word' id='word_1_63' title='bbox 222 1015 350 1070; x_wconf 84' lang='grc' dir='ltr'>ρον,</span> <span class='ocrx_word' id='word_1_64' title='bbox 418 999 513 1051; x_wconf 78' lang='grc' dir='ltr'><strong>καὶ</strong></span> <span class='ocrx_word' id='word_1_65' title='bbox 566 998 690 1051; x_wconf 88' lang='grc' dir='ltr'>τότε</span> <span class='ocrx_word' id='word_1_66' title='bbox 742 1016 827 1052; x_wconf 90' lang='grc' dir='ltr'><strong>σοι</strong></span> <span class='ocrx_word' id='word_1_67' title='bbox 887 999 1165 1054; x_wconf 84' lang='grc' dir='ltr'>πιστεύσω</span> <span class='ocrx_word' id='word_1_68' title='bbox 1209 999 1280 1053; x_wconf 85' lang='grc' dir='ltr'><strong>τὰ</strong></span> <span class='ocrx_word' id='word_1_69' title='bbox 1319 1000 1418 1070; x_wconf 84' lang='grc' dir='ltr'>τῆς</span> <span class='ocrx_word' id='word_1_70' title='bbox 1467 998 1677 1070; x_wconf 76' lang='grc' dir='ltr'>αὔριον.</span> <span class='ocrx_word' id='word_1_71' title='bbox 1741 998 1806 1051; x_wconf 87' lang='grc' dir='ltr'>Τί</span> 
     </span>
    </p>
   </div>
   <div class='ocr_carea' id='block_1_12' title="bbox 222 1084 1805 1163">
    <p class='ocr_par' dir='ltr' id='par_1_12' title="bbox 222 1084 1805 1163">
     <span class='ocr_line' id='line_1_12' title="bbox 222 1084 1805 1163; baseline -0.001 -20"><span class='ocrx_word' id='word_1_72' title='bbox 222 1090 449 1144; x_wconf 86' lang='grc' dir='ltr'>σεαυτὸν</span> <span class='ocrx_word' id='word_1_73' title='bbox 481 1091 576 1144; x_wconf 66' lang='grc' dir='ltr'>καὶ</span> <span class='ocrx_word' id='word_1_74' title='bbox 602 1091 744 1163; x_wconf 81' lang='grc' dir='ltr'>μετὰ</span> <span class='ocrx_word' id='word_1_75' title='bbox 786 1091 1018 1148; x_wconf 81' lang='grc' dir='ltr'>θάνατον</span> <span class='ocrx_word' id='word_1_76' title='bbox 1066 1094 1317 1163; x_wconf 80' lang='grc' dir='ltr'>ἀπατᾷς;</span> <span class='ocrx_word' id='word_1_77' title='bbox 1363 1091 1416 1145; x_wconf 83' lang='grc' dir='ltr'><strong>τί</strong></span> <span class='ocrx_word' id='word_1_78' title='bbox 1458 1091 1635 1153; x_wconf 83' lang='grc' dir='ltr'><strong>Θέλεις</strong></span> <span class='ocrx_word' id='word_1_79' title='bbox 1663 1084 1805 1142; x_wconf 76' lang='grc' dir='ltr'>εἶναι</span> 
     </span>
    </p>
   </div>
   <div class='ocr_carea' id='block_1_13' title="bbox 218 1179 1805 1254">
    <p class='ocr_par' dir='ltr' id='par_1_13' title="bbox 218 1179 1805 1254">
     <span class='ocr_line' id='line_1_13' title="bbox 218 1179 1805 1254; baseline -0.001 -17"><span class='ocrx_word' id='word_1_80' title='bbox 218 1182 412 1253; x_wconf 79' lang='grc' dir='ltr'>νεκρὸς</span> <span class='ocrx_word' id='word_1_81' title='bbox 451 1181 899 1254; x_wconf 77' lang='grc' dir='ltr'>χλευαζόμενοςς</span> <span class='ocrx_word' id='word_1_82' title='bbox 965 1183 1032 1237; x_wconf 82' lang='grc' dir='ltr'>Τί</span> <span class='ocrx_word' id='word_1_83' title='bbox 1079 1183 1335 1253; x_wconf 76' lang='grc' dir='ltr'>διορίζεις</span> <span class='ocrx_word' id='word_1_84' title='bbox 1397 1180 1493 1234; x_wconf 91' lang='grc' dir='ltr'><strong>τοῦ</strong></span> <span class='ocrx_word' id='word_1_85' title='bbox 1546 1179 1684 1234; x_wconf 84' lang='grc' dir='ltr'><strong>Θεοῦ</strong></span> <span class='ocrx_word' id='word_1_86' title='bbox 1734 1183 1805 1235; x_wconf 82' lang='grc' dir='ltr'>τὰ</span> 
     </span>
    </p>
   </div>
   <div class='ocr_carea' id='block_1_14' title="bbox 221 1275 1803 1349">
    <p class='ocr_par' dir='ltr' id='par_1_14' title="bbox 221 1275 1803 1349">
     <span class='ocr_line' id='line_1_14' title="bbox 221 1275 1803 1349; baseline -0.001 -18"><span class='ocrx_word' id='word_1_87' title='bbox 221 1276 473 1347; x_wconf 77' lang='grc' dir='ltr'><strong>πρακτέα</strong></span> <span class='ocrx_word' id='word_1_88' title='bbox 495 1293 509 1338; x_wconf 77' lang='grc' dir='ltr'>ξ</span> <span class='ocrx_word' id='word_1_89' title='bbox 534 1277 585 1329; x_wconf 87' lang='grc' dir='ltr'><strong>τί</strong></span> <span class='ocrx_word' id='word_1_90' title='bbox 614 1277 930 1348; x_wconf 83' lang='grc' dir='ltr'><strong>νομοθετεῖς</strong></span> <span class='ocrx_word' id='word_1_91' title='bbox 962 1280 1062 1349; x_wconf 81' lang='grc' dir='ltr'><strong>τὴν</strong></span> <span class='ocrx_word' id='word_1_92' title='bbox 1088 1278 1346 1349; x_wconf 88' lang='grc' dir='ltr'>πρόνοιαν</span> <span class='ocrx_word' id='word_1_93' title='bbox 1371 1295 1386 1343; x_wconf 89' lang='lat'><strong>;</strong></span> <span class='ocrx_word' id='word_1_94' title='bbox 1422 1275 1506 1329; x_wconf 82' lang='grc' dir='ltr'><strong>Τὰ</strong></span> <span class='ocrx_word' id='word_1_95' title='bbox 1542 1276 1628 1329; x_wconf 83' lang='grc' dir='ltr'>σοὶ</span> <span class='ocrx_word' id='word_1_96' title='bbox 1656 1275 1803 1329; x_wconf 81' lang='grc' dir='ltr'>δεδο-</span> 
     </span>
    </p>
   </div>
   <div class='ocr_carea' id='block_1_15' title="bbox 211 1357 1805 1447">
    <p class='ocr_par' dir='ltr' id='par_1_15' title="bbox 211 1357 1805 1447">
     <span class='ocr_line' id='line_1_15' title="bbox 211 1357 1805 1447; baseline -0.001 -22"><span class='ocrx_word' id='word_1_97' title='bbox 211 1357 378 1443; x_wconf 77' lang='grc' dir='ltr'>μένα,</span> <span class='ocrx_word' id='word_1_98' title='bbox 412 1374 552 1428; x_wconf 68' lang='grc' dir='ltr'>αὐτὰ</span> <span class='ocrx_word' id='word_1_99' title='bbox 580 1376 838 1447; x_wconf 90' lang='grc' dir='ltr'>μερίμνα.</span> <span class='ocrx_word' id='word_1_100' title='bbox 884 1376 1049 1429; x_wconf 82' lang='grc' dir='ltr'>Οὐδὲν</span> <span class='ocrx_word' id='word_1_101' title='bbox 1088 1374 1228 1446; x_wconf 85' lang='grc' dir='ltr'>πρὸς</span> <span class='ocrx_word' id='word_1_102' title='bbox 1258 1374 1320 1427; x_wconf 86' lang='grc' dir='ltr'>σὲ</span> <span class='ocrx_word' id='word_1_103' title='bbox 1366 1374 1500 1444; x_wconf 78' lang='grc' dir='ltr'>περὶ</span> <span class='ocrx_word' id='word_1_104' title='bbox 1530 1372 1641 1426; x_wconf 85' lang='grc' dir='ltr'><strong>τῶν</strong></span> <span class='ocrx_word' id='word_1_105' title='bbox 1665 1373 1805 1442; x_wconf 85' lang='grc' dir='ltr'>μετὰ</span> 
     </span>
    </p>
   </div>
   <div class='ocr_carea' id='block_1_16' title="bbox 216 1453 1804 1537">
    <p class='ocr_par' dir='ltr' id='par_1_16' title="bbox 216 1453 1804 1537">
     <span class='ocr_line' id='line_1_16' title="bbox 216 1453 1804 1537; baseline -0.002 -18"><span class='ocrx_word' id='word_1_106' title='bbox 216 1466 295 1519; x_wconf 85' lang='grc' dir='ltr'><strong>σέ.</strong></span> <span class='ocrx_word' id='word_1_107' title='bbox 324 1465 402 1519; x_wconf 78' lang='grc' dir='ltr'><strong>Οὐ</strong></span> <span class='ocrx_word' id='word_1_108' title='bbox 424 1466 654 1521; x_wconf 78' lang='grc' dir='ltr'>δύνασαι</span> <span class='ocrx_word' id='word_1_109' title='bbox 682 1469 779 1521; x_wconf 77' lang='grc' dir='ltr'>καὶ</span> <span class='ocrx_word' id='word_1_110' title='bbox 801 1453 996 1537; x_wconf 63' lang='grc' dir='ltr'>νεκρὸς</span> <span class='ocrx_word' id='word_1_111' title='bbox 1035 1464 1195 1533; x_wconf 82' lang='grc' dir='ltr'>εἶναι,</span> <span class='ocrx_word' id='word_1_112' title='bbox 1228 1466 1325 1535; x_wconf 66' lang='grc' dir='ltr'>καὶ</span> <span class='ocrx_word' id='word_1_113' title='bbox 1355 1465 1631 1535; x_wconf 79' lang='grc' dir='ltr'>διοικέτης</span> <span class='ocrx_word' id='word_1_114' title='bbox 1676 1464 1804 1529; x_wconf 82' lang='grc' dir='ltr'><strong>ζών-</strong></span> 
     </span>
    </p>
   </div>
   <div class='ocr_carea' id='block_1_17' title="bbox 210 1557 1797 1632">
    <p class='ocr_par' dir='ltr' id='par_1_17' title="bbox 210 1557 1797 1632">
     <span class='ocr_line' id='line_1_17' title="bbox 210 1557 1797 1632; baseline 0 -21"><span class='ocrx_word' id='word_1_115' title='bbox 210 1576 336 1613; x_wconf 84' lang='grc' dir='ltr'>των.</span> <span class='ocrx_word' id='word_1_116' title='bbox 366 1560 559 1623; x_wconf 77' lang='grc' dir='ltr'>Οὐδεὶς</span> <span class='ocrx_word' id='word_1_117' title='bbox 580 1560 689 1613; x_wconf 82' lang='grc' dir='ltr'>τῶν</span> <span class='ocrx_word' id='word_1_118' title='bbox 711 1562 770 1613; x_wconf 84' lang='grc' dir='ltr'><strong>έν</strong></span> <span class='ocrx_word' id='word_1_119' title='bbox 786 1560 913 1632; x_wconf 73' lang='grc' dir='ltr'>ᾅδου</span> <span class='ocrx_word' id='word_1_120' title='bbox 934 1560 1047 1613; x_wconf 84' lang='grc' dir='ltr'><strong>τῶν</strong></span> <span class='ocrx_word' id='word_1_121' title='bbox 1077 1560 1218 1631; x_wconf 81' lang='grc' dir='ltr'>ὑπὲρ</span> <span class='ocrx_word' id='word_1_122' title='bbox 1245 1562 1349 1631; x_wconf 76' lang='grc' dir='ltr'><strong>τῆς</strong></span> <span class='ocrx_word' id='word_1_123' title='bbox 1376 1557 1797 1628; x_wconf 79' lang='grc' dir='ltr'>ἐπετρόπευσεν.</span> 
     </span>
    </p>
   </div>
   <div class='ocr_carea' id='block_1_18' title="bbox 209 1648 1803 1725">
    <p class='ocr_par' dir='ltr' id='par_1_18' title="bbox 209 1648 1803 1725">
     <span class='ocr_line' id='line_1_18' title="bbox 209 1648 1803 1725; baseline -0.001 -21"><span class='ocrx_word' id='word_1_124' title='bbox 209 1648 305 1715; x_wconf 77' lang='grc' dir='ltr'><strong>Εἷς</strong></span> <span class='ocrx_word' id='word_1_125' title='bbox 338 1654 492 1706; x_wconf 77' lang='grc' dir='ltr'>ἐστιν</span> <span class='ocrx_word' id='word_1_126' title='bbox 517 1654 544 1705; x_wconf 87' lang='grc' dir='ltr'>ὁ</span> <span class='ocrx_word' id='word_1_127' title='bbox 565 1652 789 1717; x_wconf 77' lang='grc' dir='ltr'>ζώντων</span> <span class='ocrx_word' id='word_1_128' title='bbox 817 1655 911 1708; x_wconf 83' lang='grc' dir='ltr'><strong>καὶ</strong></span> <span class='ocrx_word' id='word_1_129' title='bbox 935 1654 1147 1725; x_wconf 81' lang='grc' dir='ltr'>νεκρῶν</span> <span class='ocrx_word' id='word_1_130' title='bbox 1169 1653 1383 1725; x_wconf 83' lang='grc' dir='ltr'>κριτὴς,</span> <span class='ocrx_word' id='word_1_131' title='bbox 1414 1652 1510 1705; x_wconf 79' lang='grc' dir='ltr'>καὶ</span> <span class='ocrx_word' id='word_1_132' title='bbox 1538 1651 1803 1719; x_wconf 81' lang='grc' dir='ltr'>ζυγοστα-</span> 
     </span>
    </p>
   </div>
   <div class='ocr_carea' id='block_1_19' title="bbox 209 1744 1802 1816">
    <p class='ocr_par' dir='ltr' id='par_1_19' title="bbox 209 1744 1802 1816">
     <span class='ocr_line' id='line_1_19' title="bbox 209 1744 1802 1816; baseline -0.003 -17"><span class='ocrx_word' id='word_1_133' title='bbox 209 1748 317 1800; x_wconf 84' lang='grc' dir='ltr'><strong>τῶν</strong></span> <span class='ocrx_word' id='word_1_134' title='bbox 357 1748 596 1801; x_wconf 77' lang='grc' dir='ltr'><strong>ἑκάστου</strong></span> <span class='ocrx_word' id='word_1_135' title='bbox 647 1749 709 1801; x_wconf 81' lang='grc' dir='ltr'>τὸ</span> <span class='ocrx_word' id='word_1_136' title='bbox 742 1748 969 1802; x_wconf 84' lang='grc' dir='ltr'>δίκαιον.</span> <span class='ocrx_word' id='word_1_137' title='bbox 1003 1745 1350 1816; x_wconf 62' lang='grc' dir='ltr'>θησαυρίζει</span> <span class='ocrx_word' id='word_1_138' title='bbox 1392 1744 1523 1815; x_wconf 82' lang='grc' dir='ltr'>γὰρ,</span> <span class='ocrx_word' id='word_1_139' title='bbox 1565 1745 1732 1814; x_wconf 75' lang='grc' dir='ltr'>φησὶν</span> <span class='ocrx_word' id='word_1_140' title='bbox 1772 1744 1802 1795; x_wconf 86' lang='grc' dir='ltr'><strong>ό</strong></span> 
     </span>
    </p>
   </div>
   <div class='ocr_carea' id='block_1_20' title="bbox 1904 541 3484 618">
    <p class='ocr_par' dir='ltr' id='par_1_20' title="bbox 1904 541 3484 618">
     <span class='ocr_line' id='line_1_20' title="bbox 1904 541 3484 618; baseline 0.011 -27"><span class='ocrx_word' id='word_1_141' title='bbox 1904 551 2030 593; x_wconf 77' lang='lat' dir='ltr'><strong>rum</strong></span> <span class='ocrx_word' id='word_1_142' title='bbox 2076 554 2297 603; x_wconf 89' lang='lat' dir='ltr'><strong>manus,</strong></span> <span class='ocrx_word' id='word_1_143' title='bbox 2351 554 2462 609; x_wconf 92' lang='lat' dir='ltr'><strong>quo</strong></span> <span class='ocrx_word' id='word_1_144' title='bbox 2493 541 2801 598; x_wconf 73' lang='lat' dir='ltr'><strong>vehementi</strong></span> <span class='ocrx_word' id='word_1_145' title='bbox 2845 546 3030 602; x_wconf 88' lang='lat' dir='ltr'><strong>studio</strong></span> <span class='ocrx_word' id='word_1_146' title='bbox 3078 554 3484 618; x_wconf 84' lang='lat' dir='ltr'><strong>contendimus,</strong></span> 
     </span>
    </p>
   </div>
   <div class='ocr_carea' id='block_1_21' title="bbox 1906 630 3484 715">
    <p class='ocr_par' dir='ltr' id='par_1_21' title="bbox 1906 630 3484 715">
     <span class='ocr_line' id='line_1_21' title="bbox 1906 630 3484 715; baseline 0.01 -30"><span class='ocrx_word' id='word_1_147' title='bbox 1906 631 1993 687; x_wconf 92' lang='lat' dir='ltr'><strong>vel</strong></span> <span class='ocrx_word' id='word_1_148' title='bbox 2051 630 2459 700; x_wconf 86' lang='lat' dir='ltr'><strong>aliquantulum</strong></span> <span class='ocrx_word' id='word_1_149' title='bbox 2517 634 2901 707; x_wconf 81' lang='lat' dir='ltr'><strong>commigrare.</strong></span> <span class='ocrx_word' id='word_1_150' title='bbox 2935 638 3005 693; x_wconf 83' lang='lat' dir='ltr'><strong>At</strong></span> <span class='ocrx_word' id='word_1_151' title='bbox 3056 639 3205 707; x_wconf 81' lang='lat' dir='ltr'><strong>ﬁliis,</strong></span> <span class='ocrx_word' id='word_1_152' title='bbox 3282 644 3484 715; x_wconf 83' lang='lat' dir='ltr'><strong>inquit,</strong></span> 
     </span>
    </p>
   </div>
   <div class='ocr_carea' id='block_1_22' title="bbox 1908 722 3487 798">
    <p class='ocr_par' dir='ltr' id='par_1_22' title="bbox 1908 722 3487 798">
     <span class='ocr_line' id='line_1_22' title="bbox 1908 722 3487 798; baseline 0.009 -23"><span class='ocrx_word' id='word_1_153' title='bbox 1908 722 2239 776; x_wconf 82' lang='lat' dir='ltr'><strong>thesaurum</strong></span> <span class='ocrx_word' id='word_1_154' title='bbox 2297 723 2527 795; x_wconf 87' lang='lat' dir='ltr'><strong>colligo,</strong></span> <span class='ocrx_word' id='word_1_155' title='bbox 2582 740 2653 780; x_wconf 89' lang='lat' dir='ltr'><strong>ne</strong></span> <span class='ocrx_word' id='word_1_156' title='bbox 2692 730 3038 798; x_wconf 80' lang='lat' dir='ltr'><strong>paupertatis</strong></span> <span class='ocrx_word' id='word_1_157' title='bbox 3077 747 3213 788; x_wconf 73' lang='lat' dir='ltr'><strong>meae</strong></span> <span class='ocrx_word' id='word_1_158' title='bbox 3240 735 3487 792; x_wconf 82' lang='lat' dir='ltr'><strong>haeredes</strong></span> 
     </span>
    </p>
   </div>
   <div class='ocr_carea' id='block_1_23' title="bbox 1904 815 3486 895">
    <p class='ocr_par' dir='ltr' id='par_1_23' title="bbox 1904 815 3486 895">
     <span class='ocr_line' id='line_1_23' title="bbox 1904 815 3486 895; baseline 0.008 -27"><span class='ocrx_word' id='word_1_159' title='bbox 1904 830 2006 869; x_wconf 83' lang='lat' dir='ltr'><strong>eos</strong></span> <span class='ocrx_word' id='word_1_160' title='bbox 2066 815 2321 873; x_wconf 83' lang='lat' dir='ltr'><strong>habeam.</strong></span> <span class='ocrx_word' id='word_1_161' title='bbox 2360 816 2529 873; x_wconf 84' lang='lat' dir='ltr'><strong>Recte</strong></span> <span class='ocrx_word' id='word_1_162' title='bbox 2554 820 2992 879; x_wconf 85' lang='lat' dir='ltr'><strong>scilicet:dives</strong></span> <span class='ocrx_word' id='word_1_163' title='bbox 3046 826 3143 895; x_wconf 85' lang='lat' dir='ltr'><strong>qui</strong></span> <span class='ocrx_word' id='word_1_164' title='bbox 3182 830 3356 881; x_wconf 82' lang='lat' dir='ltr'><strong>multa</strong></span> <span class='ocrx_word' id='word_1_165' title='bbox 3378 828 3486 886; x_wconf 77' lang='lat' dir='ltr'><strong>sibi</strong></span> 
     </span>
    </p>
   </div>
   <div class='ocr_carea' id='block_1_24' title="bbox 1907 904 3487 980">
    <p class='ocr_par' dir='ltr' id='par_1_24' title="bbox 1907 904 3487 980">
     <span class='ocr_line' id='line_1_24' title="bbox 1907 904 3487 980; baseline 0.012 -23"><span class='ocrx_word' id='word_1_166' title='bbox 1907 904 2097 959; x_wconf 85' lang='lat' dir='ltr'><strong>animo</strong></span> <span class='ocrx_word' id='word_1_167' title='bbox 2123 906 2304 980; x_wconf 86' lang='lat' dir='ltr'><strong>ﬁngit,</strong></span> <span class='ocrx_word' id='word_1_168' title='bbox 2338 911 2635 979; x_wconf 80' lang='lat' dir='ltr'><strong>praesentia</strong></span> <span class='ocrx_word' id='word_1_169' title='bbox 2683 915 2886 979; x_wconf 87' lang='lat' dir='ltr'><strong>nescit,</strong></span> <span class='ocrx_word' id='word_1_170' title='bbox 2915 924 2973 970; x_wconf 90' lang='lat' dir='ltr'><strong>et</strong></span> <span class='ocrx_word' id='word_1_171' title='bbox 2999 917 3067 972; x_wconf 93' lang='lat' dir='ltr'><strong>de</strong></span> <span class='ocrx_word' id='word_1_172' title='bbox 3104 917 3308 975; x_wconf 78' lang='lat' dir='ltr'><strong>futuris</strong></span> <span class='ocrx_word' id='word_1_173' title='bbox 3330 923 3487 977; x_wconf 81' lang='lat' dir='ltr'><strong>solli-</strong></span> 
     </span>
    </p>
   </div>
   <div class='ocr_carea' id='block_1_25' title="bbox 1903 996 3487 1079">
    <p class='ocr_par' dir='ltr' id='par_1_25' title="bbox 1903 996 3487 1079">
     <span class='ocr_line' id='line_1_25' title="bbox 1903 996 3487 1079; baseline 0.012 -30"><span class='ocrx_word' id='word_1_174' title='bbox 1903 996 2053 1050; x_wconf 90' lang='lat' dir='ltr'><strong>citus</strong></span> <span class='ocrx_word' id='word_1_175' title='bbox 2105 1007 2210 1053; x_wconf 89' lang='lat' dir='ltr'><strong>est.</strong></span> <span class='ocrx_word' id='word_1_176' title='bbox 2238 999 2475 1055; x_wconf 84' lang='lat' dir='ltr'><strong>Suarum</strong></span> <span class='ocrx_word' id='word_1_177' title='bbox 2518 1002 2637 1071; x_wconf 88' lang='lat' dir='ltr'><strong>ipse</strong></span> <span class='ocrx_word' id='word_1_178' title='bbox 2661 1018 2846 1058; x_wconf 86' lang='lat' dir='ltr'><strong>rerum</strong></span> <span class='ocrx_word' id='word_1_179' title='bbox 2878 1014 2963 1060; x_wconf 89' lang='lat' dir='ltr'><strong>est</strong></span> <span class='ocrx_word' id='word_1_180' title='bbox 2996 1007 3242 1079; x_wconf 86' lang='lat' dir='ltr'><strong>ignarus,</strong></span> <span class='ocrx_word' id='word_1_181' title='bbox 3271 1026 3335 1065; x_wconf 90' lang='lat' dir='ltr'><strong>ac</strong></span> <span class='ocrx_word' id='word_1_182' title='bbox 3400 1028 3487 1067; x_wconf 84' lang='lat' dir='ltr'><strong>res</strong></span> 
     </span>
    </p>
   </div>
   <div class='ocr_carea' id='block_1_26' title="bbox 1907 1090 3486 1167">
    <p class='ocr_par' dir='ltr' id='par_1_26' title="bbox 1907 1090 3486 1167">
     <span class='ocr_line' id='line_1_26' title="bbox 1907 1090 3486 1167; baseline 0.011 -24"><span class='ocrx_word' id='word_1_183' title='bbox 1907 1090 2143 1145; x_wconf 83' lang='lat' dir='ltr'><strong>ﬁliorum</strong></span> <span class='ocrx_word' id='word_1_184' title='bbox 2200 1102 2478 1163; x_wconf 82' lang='lat' dir='ltr'><strong>supputat.</strong></span> <span class='ocrx_word' id='word_1_185' title='bbox 2544 1094 2684 1149; x_wconf 91' lang='lat' dir='ltr'><strong>Num</strong></span> <span class='ocrx_word' id='word_1_186' title='bbox 2756 1099 3041 1167; x_wconf 82' lang='lat' dir='ltr'><strong>sepultura</strong></span> <span class='ocrx_word' id='word_1_187' title='bbox 3095 1102 3166 1156; x_wconf 86' lang='lat' dir='ltr'><strong>sit</strong></span> <span class='ocrx_word' id='word_1_188' title='bbox 3192 1102 3486 1160; x_wconf 82' lang='lat' dir='ltr'><strong>donandus</strong></span> 
     </span>
    </p>
   </div>
   <div class='ocr_carea' id='block_1_27' title="bbox 1903 1179 3489 1261">
    <p class='ocr_par' dir='ltr' id='par_1_27' title="bbox 1903 1179 3489 1261">
     <span class='ocr_line' id='line_1_27' title="bbox 1903 1179 3489 1261; baseline 0.013 -28"><span class='ocrx_word' id='word_1_189' title='bbox 1903 1179 2144 1251; x_wconf 80' lang='lat' dir='ltr'><strong>ignorat,</strong></span> <span class='ocrx_word' id='word_1_190' title='bbox 2175 1184 2318 1239; x_wconf 86' lang='lat' dir='ltr'><strong>etde</strong></span> <span class='ocrx_word' id='word_1_191' title='bbox 2348 1185 2659 1243; x_wconf 66' lang='lat' dir='ltr'><strong>haeredibus</strong></span> <span class='ocrx_word' id='word_1_192' title='bbox 2696 1194 2999 1248; x_wconf 76' lang='lat' dir='ltr'><strong>consultat.</strong></span> <span class='ocrx_word' id='word_1_193' title='bbox 3032 1192 3236 1261; x_wconf 82' lang='lat' dir='ltr'><strong>Stulte,</strong></span> <span class='ocrx_word' id='word_1_194' title='bbox 3279 1197 3489 1253; x_wconf 77' lang='lat' dir='ltr'><strong>edicito</strong></span> 
     </span>
    </p>
   </div>
   <div class='ocr_carea' id='block_1_28' title="bbox 1904 1271 3487 1345">
    <p class='ocr_par' dir='ltr' id='par_1_28' title="bbox 1904 1271 3487 1345">
     <span class='ocr_line' id='line_1_28' title="bbox 1904 1271 3487 1345; baseline 0.013 -22"><span class='ocrx_word' id='word_1_195' title='bbox 1904 1271 2041 1326; x_wconf 88' lang='lat' dir='ltr'><strong>mihi</strong></span> <span class='ocrx_word' id='word_1_196' title='bbox 2069 1273 2232 1329; x_wconf 86' lang='lat' dir='ltr'><strong>ﬁnem</strong></span> <span class='ocrx_word' id='word_1_197' title='bbox 2268 1284 2444 1342; x_wconf 86' lang='lat' dir='ltr'><strong>tuum,</strong></span> <span class='ocrx_word' id='word_1_198' title='bbox 2480 1292 2545 1332; x_wconf 90' lang='lat' dir='ltr'><strong>ac</strong></span> <span class='ocrx_word' id='word_1_199' title='bbox 2571 1289 2683 1333; x_wconf 90' lang='lat' dir='ltr'><strong>tum</strong></span> <span class='ocrx_word' id='word_1_200' title='bbox 2719 1280 2845 1339; x_wconf 94' lang='lat' dir='ltr'><strong>ﬁliis</strong></span> <span class='ocrx_word' id='word_1_201' title='bbox 2875 1286 2993 1339; x_wconf 83' lang='lat' dir='ltr'><strong>tuis</strong></span> <span class='ocrx_word' id='word_1_202' title='bbox 3025 1300 3179 1341; x_wconf 85' lang='lat' dir='ltr'><strong>cave.</strong></span> <span class='ocrx_word' id='word_1_203' title='bbox 3218 1287 3318 1343; x_wconf 83' lang='lat' dir='ltr'><strong>Dic</strong></span> <span class='ocrx_word' id='word_1_204' title='bbox 3350 1291 3487 1345; x_wconf 79' lang='lat' dir='ltr'><strong>mihi</strong></span> 
     </span>
    </p>
   </div>
   <div class='ocr_carea' id='block_1_29' title="bbox 1903 1367 3484 1439">
    <p class='ocr_par' dir='ltr' id='par_1_29' title="bbox 1903 1367 3484 1439">
     <span class='ocr_line' id='line_1_29' title="bbox 1903 1367 3484 1439; baseline 0.014 -22"><span class='ocrx_word' id='word_1_205' title='bbox 1903 1380 2025 1433; x_wconf 83' lang='lat' dir='ltr'><strong>quae</strong></span> <span class='ocrx_word' id='word_1_206' title='bbox 2050 1367 2212 1421; x_wconf 90' lang='lat' dir='ltr'><strong>hodie</strong></span> <span class='ocrx_word' id='word_1_207' title='bbox 2240 1367 2427 1423; x_wconf 77' lang='lat' dir='ltr'><strong>futura</strong></span> <span class='ocrx_word' id='word_1_208' title='bbox 2465 1369 2600 1435; x_wconf 91' lang='lat' dir='ltr'><strong>siut,</strong></span> <span class='ocrx_word' id='word_1_209' title='bbox 2658 1387 2723 1427; x_wconf 89' lang='lat' dir='ltr'><strong>ac</strong></span> <span class='ocrx_word' id='word_1_210' title='bbox 2758 1383 2873 1430; x_wconf 88' lang='lat' dir='ltr'><strong>tum</strong></span> <span class='ocrx_word' id='word_1_211' title='bbox 2898 1376 2967 1431; x_wconf 86' lang='lat' dir='ltr'><strong>de</strong></span> <span class='ocrx_word' id='word_1_212' title='bbox 3001 1378 3089 1433; x_wconf 88' lang='lat' dir='ltr'><strong>die</strong></span> <span class='ocrx_word' id='word_1_213' title='bbox 3118 1382 3365 1438; x_wconf 84' lang='lat' dir='ltr'><strong>crastino</strong></span> <span class='ocrx_word' id='word_1_214' title='bbox 3385 1384 3484 1439; x_wconf 87' lang='lat' dir='ltr'><strong>tibi</strong></span> 
     </span>
    </p>
   </div>
   <div class='ocr_carea' id='block_1_30' title="bbox 1903 1456 3481 1544">
    <p class='ocr_par' dir='ltr' id='par_1_30' title="bbox 1903 1456 3481 1544">
     <span class='ocr_line' id='line_1_30' title="bbox 1903 1456 3481 1544; baseline 0.015 -34"><span class='ocrx_word' id='word_1_215' title='bbox 1903 1456 2065 1512; x_wconf 84' lang='lat' dir='ltr'><strong>ﬁdem</strong></span> <span class='ocrx_word' id='word_1_216' title='bbox 2114 1458 2347 1515; x_wconf 82' lang='lat' dir='ltr'><strong>habebo.</strong></span> <span class='ocrx_word' id='word_1_217' title='bbox 2408 1460 2549 1529; x_wconf 88' lang='lat' dir='ltr'><strong>Quid</strong></span> <span class='ocrx_word' id='word_1_218' title='bbox 2580 1473 2633 1521; x_wconf 93' lang='lat' dir='ltr'><strong>te</strong></span> <span class='ocrx_word' id='word_1_219' title='bbox 2684 1467 2799 1537; x_wconf 85' lang='lat' dir='ltr'><strong>ipse</strong></span> <span class='ocrx_word' id='word_1_220' title='bbox 2851 1471 3014 1525; x_wconf 89' lang='lat' dir='ltr'><strong>etiam</strong></span> <span class='ocrx_word' id='word_1_221' title='bbox 3069 1484 3196 1544; x_wconf 87' lang='lat' dir='ltr'><strong>post</strong></span> <span class='ocrx_word' id='word_1_222' title='bbox 3250 1489 3481 1533; x_wconf 82' lang='lat' dir='ltr'><strong>mortem</strong></span> 
     </span>
    </p>
   </div>
   <div class='ocr_carea' id='block_1_31' title="bbox 1902 1549 3483 1627">
    <p class='ocr_par' dir='ltr' id='par_1_31' title="bbox 1902 1549 3483 1627">
     <span class='ocr_line' id='line_1_31' title="bbox 1902 1549 3483 1627; baseline 0.015 -24"><span class='ocrx_word' id='word_1_223' title='bbox 1902 1549 2088 1605; x_wconf 77' lang='lat' dir='ltr'><strong>fallis?</strong></span> <span class='ocrx_word' id='word_1_224' title='bbox 2116 1552 2274 1622; x_wconf 89' lang='lat' dir='ltr'><strong>quid.</strong></span> <span class='ocrx_word' id='word_1_225' title='bbox 2302 1569 2696 1614; x_wconf 88' lang='lat' dir='ltr'><strong>cummortuus</strong></span> <span class='ocrx_word' id='word_1_226' title='bbox 2719 1562 2852 1626; x_wconf 89' lang='lat' dir='ltr'><strong>eris,</strong></span> <span class='ocrx_word' id='word_1_227' title='bbox 2888 1564 3172 1620; x_wconf 80' lang='lat' dir='ltr'><strong>hominum</strong></span> <span class='ocrx_word' id='word_1_228' title='bbox 3228 1568 3483 1627; x_wconf 72' lang='lat' dir='ltr'><strong>ludibriis</strong></span> 
     </span>
    </p>
   </div>
   <div class='ocr_carea' id='block_1_32' title="bbox 1901 1648 3484 1729">
    <p class='ocr_par' dir='ltr' id='par_1_32' title="bbox 1901 1648 3484 1729">
     <span class='ocr_line' id='line_1_32' title="bbox 1901 1648 3484 1729; baseline 0.014 -32"><span class='ocrx_word' id='word_1_229' title='bbox 1901 1660 2100 1717; x_wconf 90' lang='lat' dir='ltr'><strong>parere</strong></span> <span class='ocrx_word' id='word_1_230' title='bbox 2125 1648 2248 1703; x_wconf 86' lang='lat' dir='ltr'><strong>vis?</strong></span> <span class='ocrx_word' id='word_1_231' title='bbox 2277 1650 2419 1715; x_wconf 82' lang='lat' dir='ltr'><strong>Quid</strong></span> <span class='ocrx_word' id='word_1_232' title='bbox 2453 1652 2563 1707; x_wconf 89' lang='lat' dir='ltr'><strong>Deo</strong></span> <span class='ocrx_word' id='word_1_233' title='bbox 2590 1669 2714 1725; x_wconf 69' lang='lat' dir='ltr'><strong>qua:</strong></span> <span class='ocrx_word' id='word_1_234' title='bbox 2749 1658 2961 1727; x_wconf 83' lang='lat' dir='ltr'><strong>agenda</strong></span> <span class='ocrx_word' id='word_1_235' title='bbox 2986 1663 3100 1715; x_wconf 92' lang='lat' dir='ltr'><strong>sint</strong></span> <span class='ocrx_word' id='word_1_236' title='bbox 3131 1663 3484 1729; x_wconf 63' lang='lat' dir='ltr'><strong>praescribis?</strong></span> 
     </span>
    </p>
   </div>
   <div class='ocr_carea' id='block_1_33' title="bbox 1902 1732 3480 1820">
    <p class='ocr_par' dir='ltr' id='par_1_33' title="bbox 1902 1732 3480 1820">
     <span class='ocr_line' id='line_1_33' title="bbox 1902 1732 3480 1820; baseline 0.013 -29"><span class='ocrx_word' id='word_1_237' title='bbox 1902 1739 2036 1808; x_wconf 91' lang='lat' dir='ltr'><strong>quid</strong></span> <span class='ocrx_word' id='word_1_238' title='bbox 2086 1741 2452 1810; x_wconf 70' lang='lat' dir='ltr'><strong>providentia:</strong></span> <span class='ocrx_word' id='word_1_239' title='bbox 2511 1732 2685 1815; x_wconf 85' lang='lat' dir='ltr'><strong>ipsius</strong></span> <span class='ocrx_word' id='word_1_240' title='bbox 2730 1750 2912 1820; x_wconf 83' lang='lat' dir='ltr'><strong>legem</strong></span> <span class='ocrx_word' id='word_1_241' title='bbox 2950 1754 3333 1811; x_wconf 70' lang='lat' dir='ltr'><strong>sancisHizec</strong></span> <span class='ocrx_word' id='word_1_242' title='bbox 3376 1760 3480 1812; x_wconf 84' lang='lat' dir='ltr'><strong>tibi</strong></span> 
     </span>
    </p>
   </div>
   <div class='ocr_carea' id='block_1_34' title="bbox 208 1818 1783 1916">
    <p class='ocr_par' dir='ltr' id='par_1_34' title="bbox 208 1824 1783 1909">
     <span class='ocr_line' id='line_1_34' title="bbox 208 1824 1783 1909; baseline -0.004 -19"><span class='ocrx_word' id='word_1_243' title='bbox 208 1824 527 1909; x_wconf 70' lang='grc' dir='ltr'>προφήτης,</span> <span class='ocrx_word' id='word_1_244' title='bbox 555 1838 653 1892; x_wconf 75' lang='grc' dir='ltr'>καὶ</span> <span class='ocrx_word' id='word_1_245' title='bbox 681 1840 753 1892; x_wconf 82' lang='grc' dir='ltr'>οὐ</span> <span class='ocrx_word' id='word_1_246' title='bbox 788 1838 1067 1907; x_wconf 78' lang='grc' dir='ltr'><strong>γινώσκει</strong></span> <span class='ocrx_word' id='word_1_247' title='bbox 1099 1839 1215 1891; x_wconf 79' lang='grc' dir='ltr'>τίνι</span> <span class='ocrx_word' id='word_1_248' title='bbox 1242 1835 1497 1905; x_wconf 80' lang='grc' dir='ltr'><strong>συνάγει</strong></span> <span class='ocrx_word' id='word_1_249' title='bbox 1530 1834 1703 1890; x_wconf 83' lang='grc' dir='ltr'>αὐτά.</span> <span class='ocrx_word' id='word_1_250' title='bbox 1730 1834 1783 1885; x_wconf 86' lang='lat' dir='ltr'><strong>TI</strong></span> 
     </span>
    </p>
   </div>
   <div class='ocr_carea' id='block_1_35' title="bbox 1887 1818 3481 1916">
    <p class='ocr_par' dir='ltr' id='par_1_35' title="bbox 1897 1818 3481 1916">
     <span class='ocr_line' id='line_1_35' title="bbox 1897 1818 3481 1916; baseline 0.013 -31"><span class='ocrx_word' id='word_1_251' title='bbox 1897 1846 2047 1887; x_wconf 72' lang='lat' dir='ltr'><strong>cura:</strong></span> <span class='ocrx_word' id='word_1_252' title='bbox 2074 1834 2189 1888; x_wconf 88' lang='lat' dir='ltr'><strong>sint</strong></span> <span class='ocrx_word' id='word_1_253' title='bbox 2242 1850 2367 1905; x_wconf 67' lang='lat' dir='ltr'><strong>quae</strong></span> <span class='ocrx_word' id='word_1_254' title='bbox 2397 1837 2523 1891; x_wconf 85' lang='lat' dir='ltr'><strong>data</strong></span> <span class='ocrx_word' id='word_1_255' title='bbox 2554 1850 2688 1895; x_wconf 81' lang='lat' dir='ltr'><strong>sunt</strong></span> <span class='ocrx_word' id='word_1_256' title='bbox 2724 1818 2845 1897; x_wconf 79' lang='lat' dir='ltr'><strong>tibi.</strong></span> <span class='ocrx_word' id='word_1_257' title='bbox 2879 1844 3013 1908; x_wconf 80' lang='lat' dir='ltr'><strong>Quae</strong></span> <span class='ocrx_word' id='word_1_258' title='bbox 3041 1858 3168 1916; x_wconf 89' lang='lat' dir='ltr'><strong>post</strong></span> <span class='ocrx_word' id='word_1_259' title='bbox 3194 1856 3252 1904; x_wconf 81' lang='lat' dir='ltr'><strong>te</strong></span> <span class='ocrx_word' id='word_1_260' title='bbox 3291 1848 3481 1905; x_wconf 81' lang='lat' dir='ltr'><strong>futura</strong></span> 
     </span>
    </p>
   </div>
   <div class='ocr_carea' id='block_1_36' title="bbox 206 1924 1792 2001">
    <p class='ocr_par' dir='ltr' id='par_1_36' title="bbox 206 1924 1792 2001">
     <span class='ocr_line' id='line_1_36' title="bbox 206 1924 1792 2001; baseline -0.004 -19"><span class='ocrx_word' id='word_1_261' title='bbox 206 1931 317 1984; x_wconf 79' lang='grc' dir='ltr'>τῶν</span> <span class='ocrx_word' id='word_1_262' title='bbox 342 1932 596 2001; x_wconf 80' lang='grc' dir='ltr'><strong>πενήτων</strong></span> <span class='ocrx_word' id='word_1_263' title='bbox 625 1930 701 1994; x_wconf 86' lang='grc' dir='ltr'>ὡς</span> <span class='ocrx_word' id='word_1_264' title='bbox 728 1929 981 2001; x_wconf 83' lang='grc' dir='ltr'>ὀρφανῶν</span> <span class='ocrx_word' id='word_1_265' title='bbox 1006 1928 1404 2000; x_wconf 78' lang='grc' dir='ltr'>κατατρέχειςς</span> <span class='ocrx_word' id='word_1_266' title='bbox 1442 1926 1496 1979; x_wconf 85' lang='grc' dir='ltr'><strong>τί</strong></span> <span class='ocrx_word' id='word_1_267' title='bbox 1534 1924 1792 1994; x_wconf 80' lang='grc' dir='ltr'>αἰτούμε-</span> 
     </span>
    </p>
   </div>
   <div class='ocr_carea' id='block_1_37' title="bbox 206 2017 1787 2092">
    <p class='ocr_par' dir='ltr' id='par_1_37' title="bbox 206 2017 1787 2092">
     <span class='ocr_line' id='line_1_37' title="bbox 206 2017 1787 2092; baseline -0.004 -18"><span class='ocrx_word' id='word_1_268' title='bbox 206 2040 295 2085; x_wconf 85' lang='grc' dir='ltr'>νος</span> <span class='ocrx_word' id='word_1_269' title='bbox 322 2023 461 2092; x_wconf 86' lang='grc' dir='ltr'>παρ’</span> <span class='ocrx_word' id='word_1_270' title='bbox 482 2022 660 2075; x_wconf 81' lang='grc' dir='ltr'>αὐτῶν</span> <span class='ocrx_word' id='word_1_271' title='bbox 687 2022 1037 2092; x_wconf 77' lang='grc' dir='ltr'><strong>ἀγανακτεῖς,</strong></span> <span class='ocrx_word' id='word_1_272' title='bbox 1081 2020 1156 2085; x_wconf 87' lang='grc' dir='ltr'><strong>ὡς</strong></span> <span class='ocrx_word' id='word_1_273' title='bbox 1208 2018 1421 2072; x_wconf 73' lang='grc' dir='ltr'>οἴκοθεν</span> <span class='ocrx_word' id='word_1_274' title='bbox 1459 2017 1787 2071; x_wconf 84' lang='grc' dir='ltr'><strong>ἀναλίσκων.</strong></span> 
     </span>
    </p>
   </div>
   <div class='ocr_carea' id='block_1_38' title="bbox 206 2108 1790 2186">
    <p class='ocr_par' dir='ltr' id='par_1_38' title="bbox 206 2108 1790 2186">
     <span class='ocr_line' id='line_1_38' title="bbox 206 2108 1790 2186; baseline -0.003 -20"><span class='ocrx_word' id='word_1_275' title='bbox 206 2113 287 2167; x_wconf 74' lang='grc' dir='ltr'><strong>Τὰ</strong></span> <span class='ocrx_word' id='word_1_276' title='bbox 312 2114 545 2186; x_wconf 81' lang='grc' dir='ltr'>πατρῷα</span> <span class='ocrx_word' id='word_1_277' title='bbox 594 2114 864 2181; x_wconf 75' lang='grc' dir='ltr'>θέλουσιν,</span> <span class='ocrx_word' id='word_1_278' title='bbox 913 2113 1035 2183; x_wconf 76' lang='grc' dir='ltr'>οὐχὶ</span> <span class='ocrx_word' id='word_1_279' title='bbox 1079 2112 1149 2168; x_wconf 83' lang='grc' dir='ltr'><strong>τὰ</strong></span> <span class='ocrx_word' id='word_1_280' title='bbox 1188 2112 1294 2165; x_wconf 72' lang='grc' dir='ltr'>σάο</span> <span class='ocrx_word' id='word_1_281' title='bbox 1327 2111 1397 2165; x_wconf 81' lang='grc' dir='ltr'>τὰ</span> <span class='ocrx_word' id='word_1_282' title='bbox 1430 2108 1790 2164; x_wconf 78' lang='grc' dir='ltr'><strong>πιστευθέντα</strong></span> 
     </span>
    </p>
   </div>
   <div class='ocr_carea' id='block_1_39' title="bbox 206 2203 1790 2276">
    <p class='ocr_par' dir='ltr' id='par_1_39' title="bbox 206 2203 1790 2276">
     <span class='ocr_line' id='line_1_39' title="bbox 206 2203 1790 2276; baseline -0.003 -17"><span class='ocrx_word' id='word_1_283' title='bbox 206 2224 292 2259; x_wconf 90' lang='grc' dir='ltr'><strong>σοι</strong></span> <span class='ocrx_word' id='word_1_284' title='bbox 322 2207 394 2259; x_wconf 84' lang='grc' dir='ltr'><strong>δι’</strong></span> <span class='ocrx_word' id='word_1_285' title='bbox 421 2208 641 2271; x_wconf 75' lang='grc' dir='ltr'>αὐτοὺς,</span> <span class='ocrx_word' id='word_1_286' title='bbox 703 2208 796 2260; x_wconf 79' lang='grc' dir='ltr'><strong>καὶ</strong></span> <span class='ocrx_word' id='word_1_287' title='bbox 847 2207 970 2276; x_wconf 73' lang='grc' dir='ltr'>οὐχὶ</span> <span class='ocrx_word' id='word_1_288' title='bbox 1004 2206 1143 2276; x_wconf 72' lang='grc' dir='ltr'>μετὰ</span> <span class='ocrx_word' id='word_1_289' title='bbox 1198 2204 1293 2257; x_wconf 88' lang='grc' dir='ltr'><strong>σοῦ</strong></span> <span class='ocrx_word' id='word_1_290' title='bbox 1338 2203 1691 2272; x_wconf 82' lang='grc' dir='ltr'>γεννηθέντα.</span> <span class='ocrx_word' id='word_1_291' title='bbox 1721 2203 1790 2254; x_wconf 77' lang='grc' dir='ltr'><strong>’Δ</strong></span> 
     </span>
    </p>
   </div>
   <div class='ocr_carea' id='block_1_40' title="bbox 202 2296 1786 2370">
    <p class='ocr_par' dir='ltr' id='par_1_40' title="bbox 202 2296 1786 2370">
     <span class='ocr_line' id='line_1_40' title="bbox 202 2296 1786 2370; baseline -0.004 -18"><span class='ocrx_word' id='word_1_292' title='bbox 202 2299 426 2363; x_wconf 80' lang='grc' dir='ltr'>ἔλαϐες.</span> <span class='ocrx_word' id='word_1_293' title='bbox 451 2300 560 2366; x_wconf 72' lang='grc' dir='ltr'>δὸς,</span> <span class='ocrx_word' id='word_1_294' title='bbox 591 2300 687 2353; x_wconf 70' lang='grc' dir='ltr'><strong>καὶ</strong></span> <span class='ocrx_word' id='word_1_295' title='bbox 741 2299 839 2369; x_wconf 81' lang='grc' dir='ltr'><strong>τὴν</strong></span> <span class='ocrx_word' id='word_1_296' title='bbox 897 2299 1093 2370; x_wconf 78' lang='grc' dir='ltr'>χρῆσιν</span> <span class='ocrx_word' id='word_1_297' title='bbox 1122 2297 1405 2367; x_wconf 83' lang='grc' dir='ltr'>κέρδανον.</span> <span class='ocrx_word' id='word_1_298' title='bbox 1460 2296 1646 2366; x_wconf 83' lang='grc' dir='ltr'>Ἀρκεῖ</span> <span class='ocrx_word' id='word_1_299' title='bbox 1682 2311 1786 2359; x_wconf 91' lang='grc' dir='ltr'>σοι,</span> 
     </span>
    </p>
   </div>
   <div class='ocr_carea' id='block_1_41' title="bbox 194 2387 1786 2461">
    <p class='ocr_par' dir='ltr' id='par_1_41' title="bbox 194 2387 1786 2461">
     <span class='ocr_line' id='line_1_41' title="bbox 194 2387 1786 2461; baseline -0.005 -16"><span class='ocrx_word' id='word_1_300' title='bbox 194 2394 284 2446; x_wconf 74' lang='grc' dir='ltr'>ὅτι</span> <span class='ocrx_word' id='word_1_301' title='bbox 309 2392 533 2456; x_wconf 85' lang='grc' dir='ltr'><strong>διδόναι,</strong></span> <span class='ocrx_word' id='word_1_302' title='bbox 564 2392 624 2444; x_wconf 81' lang='grc' dir='ltr'>οὐ</span> <span class='ocrx_word' id='word_1_303' title='bbox 650 2391 951 2461; x_wconf 76' lang='grc' dir='ltr'>λαμϐάνειν</span> <span class='ocrx_word' id='word_1_304' title='bbox 1010 2387 1410 2460; x_wconf 78' lang='grc' dir='ltr'>προσετάχθης.</span> <span class='ocrx_word' id='word_1_305' title='bbox 1448 2388 1635 2458; x_wconf 85' lang='grc' dir='ltr'>Ἀρκεῖ</span> <span class='ocrx_word' id='word_1_306' title='bbox 1680 2402 1786 2453; x_wconf 88' lang='grc' dir='ltr'>σοι,</span> 
     </span>
    </p>
   </div>
   <div class='ocr_carea' id='block_1_42' title="bbox 198 2478 1783 2553">
    <p class='ocr_par' dir='ltr' id='par_1_42' title="bbox 198 2478 1783 2553">
     <span class='ocr_line' id='line_1_42' title="bbox 198 2478 1783 2553; baseline -0.001 -18"><span class='ocrx_word' id='word_1_307' title='bbox 198 2483 286 2535; x_wconf 83' lang='grc' dir='ltr'><strong>ὅτι</strong></span> <span class='ocrx_word' id='word_1_308' title='bbox 342 2482 435 2536; x_wconf 80' lang='grc' dir='ltr'>διὰ</span> <span class='ocrx_word' id='word_1_309' title='bbox 477 2483 696 2553; x_wconf 79' lang='grc' dir='ltr'>πτωχοῦ</span> <span class='ocrx_word' id='word_1_310' title='bbox 758 2484 787 2537; x_wconf 88' lang='grc' dir='ltr'><strong>ό</strong></span> <span class='ocrx_word' id='word_1_311' title='bbox 841 2481 975 2545; x_wconf 83' lang='grc' dir='ltr'>Θεὸς</span> <span class='ocrx_word' id='word_1_312' title='bbox 1013 2481 1114 2550; x_wconf 78' lang='grc' dir='ltr'><strong>τὴν</strong></span> <span class='ocrx_word' id='word_1_313' title='bbox 1149 2480 1331 2546; x_wconf 80' lang='grc' dir='ltr'>δεξιάν</span> <span class='ocrx_word' id='word_1_314' title='bbox 1367 2495 1451 2532; x_wconf 91' lang='grc' dir='ltr'><strong>σοι</strong></span> <span class='ocrx_word' id='word_1_315' title='bbox 1485 2478 1783 2549; x_wconf 82' lang='grc' dir='ltr'>προτείνει.</span> 
     </span>
    </p>
   </div>
   <div class='ocr_carea' id='block_1_43' title="bbox 198 2571 1789 2645">
    <p class='ocr_par' dir='ltr' id='par_1_43' title="bbox 198 2571 1789 2645">
     <span class='ocr_line' id='line_1_43' title="bbox 198 2571 1789 2645; baseline -0.004 -18"><span class='ocrx_word' id='word_1_316' title='bbox 198 2573 433 2645; x_wconf 82' lang='grc' dir='ltr'>Βρέχων</span> <span class='ocrx_word' id='word_1_317' title='bbox 500 2574 600 2645; x_wconf 83' lang='grc' dir='ltr'>τὴν</span> <span class='ocrx_word' id='word_1_318' title='bbox 636 2575 729 2628; x_wconf 84' lang='grc' dir='ltr'><strong>ὑπ’</strong></span> <span class='ocrx_word' id='word_1_319' title='bbox 775 2573 1006 2645; x_wconf 75' lang='grc' dir='ltr'>οὐρανὸν</span> <span class='ocrx_word' id='word_1_320' title='bbox 1039 2572 1243 2644; x_wconf 79' lang='grc' dir='ltr'>χαλκοῦ</span> <span class='ocrx_word' id='word_1_321' title='bbox 1272 2571 1485 2641; x_wconf 49' lang='lat' dir='ltr'><strong>textae</strong></span> <span class='ocrx_word' id='word_1_322' title='bbox 1521 2588 1581 2624; x_wconf 91' lang='grc' dir='ltr'><strong>σε</strong></span> <span class='ocrx_word' id='word_1_323' title='bbox 1618 2586 1789 2640; x_wconf 86' lang='grc' dir='ltr'>προσ-</span> 
     </span>
    </p>
   </div>
   <div class='ocr_carea' id='block_1_44' title="bbox 196 2662 1785 2738">
    <p class='ocr_par' dir='ltr' id='par_1_44' title="bbox 196 2662 1785 2738">
     <span class='ocr_line' id='line_1_44' title="bbox 196 2662 1785 2738; baseline -0.003 -18"><span class='ocrx_word' id='word_1_324' title='bbox 196 2671 371 2721; x_wconf 87' lang='grc' dir='ltr'>αιτεῖ.</span> <span class='ocrx_word' id='word_1_325' title='bbox 391 2668 448 2719; x_wconf 91' lang='lat'><strong>&#39;0</strong></span> <span class='ocrx_word' id='word_1_326' title='bbox 469 2667 707 2738; x_wconf 81' lang='grc' dir='ltr'>βροντῶν</span> <span class='ocrx_word' id='word_1_327' title='bbox 729 2668 824 2720; x_wconf 80' lang='grc' dir='ltr'><strong>καὶ</strong></span> <span class='ocrx_word' id='word_1_328' title='bbox 845 2666 1192 2737; x_wconf 76' lang='grc' dir='ltr'>ἀστράπτων,</span> <span class='ocrx_word' id='word_1_329' title='bbox 1211 2664 1488 2733; x_wconf 79' lang='grc' dir='ltr'>Ἐλέησον,</span> <span class='ocrx_word' id='word_1_330' title='bbox 1513 2664 1597 2715; x_wconf 84' lang='grc' dir='ltr'><strong>σοί</strong></span> <span class='ocrx_word' id='word_1_331' title='bbox 1616 2662 1785 2730; x_wconf 84' lang='grc' dir='ltr'>λέγει.</span> 
     </span>
    </p>
   </div>
   <div class='ocr_carea' id='block_1_45' title="bbox 207 2755 1788 2829">
    <p class='ocr_par' dir='ltr' id='par_1_45' title="bbox 207 2755 1788 2829">
     <span class='ocr_line' id='line_1_45' title="bbox 207 2755 1788 2829; baseline -0.004 -17"><span class='ocrx_word' id='word_1_332' title='bbox 207 2760 273 2812; x_wconf 89' lang='lat'><strong>&#39;0</strong></span> <span class='ocrx_word' id='word_1_333' title='bbox 309 2758 657 2829; x_wconf 76' lang='grc' dir='ltr'>περιϐάλλων</span> <span class='ocrx_word' id='word_1_334' title='bbox 679 2759 772 2812; x_wconf 82' lang='grc' dir='ltr'><strong>τὸν</strong></span> <span class='ocrx_word' id='word_1_335' title='bbox 833 2758 1065 2829; x_wconf 80' lang='grc' dir='ltr'>οὐρανὸν</span> <span class='ocrx_word' id='word_1_336' title='bbox 1118 2756 1392 2826; x_wconf 80' lang='grc' dir='ltr'>νεφέλαις,</span> <span class='ocrx_word' id='word_1_337' title='bbox 1419 2755 1609 2826; x_wconf 79' lang='grc' dir='ltr'>ῥάκιον</span> <span class='ocrx_word' id='word_1_338' title='bbox 1645 2755 1788 2809; x_wconf 87' lang='grc' dir='ltr'>αἰτεῖ</span> 
     </span>
    </p>
   </div>
   <div class='ocr_carea' id='block_1_46' title="bbox 196 2847 1785 2923">
    <p class='ocr_par' dir='ltr' id='par_1_46' title="bbox 196 2847 1785 2923">
     <span class='ocr_line' id='line_1_46' title="bbox 196 2847 1785 2923; baseline -0.004 -18"><span class='ocrx_word' id='word_1_339' title='bbox 196 2853 355 2923; x_wconf 69' lang='grc' dir='ltr'>παρὰ</span> <span class='ocrx_word' id='word_1_340' title='bbox 394 2850 511 2904; x_wconf 87' lang='grc' dir='ltr'>σοῦ.</span> <span class='ocrx_word' id='word_1_341' title='bbox 550 2852 739 2922; x_wconf 84' lang='grc' dir='ltr'>Ἀρκεῖ</span> <span class='ocrx_word' id='word_1_342' title='bbox 795 2868 898 2913; x_wconf 88' lang='grc' dir='ltr'>σοι,</span> <span class='ocrx_word' id='word_1_343' title='bbox 942 2852 1023 2905; x_wconf 82' lang='grc' dir='ltr'>ὅτι</span> <span class='ocrx_word' id='word_1_344' title='bbox 1070 2850 1119 2903; x_wconf 78' lang='lat' dir='ltr'><strong>oi</strong></span> <span class='ocrx_word' id='word_1_345' title='bbox 1175 2849 1409 2919; x_wconf 84' lang='grc' dir='ltr'>πένητες</span> <span class='ocrx_word' id='word_1_346' title='bbox 1439 2847 1515 2910; x_wconf 85' lang='grc' dir='ltr'>ὡς</span> <span class='ocrx_word' id='word_1_347' title='bbox 1559 2847 1692 2899; x_wconf 86' lang='grc' dir='ltr'>Θεόν</span> <span class='ocrx_word' id='word_1_348' title='bbox 1725 2862 1785 2898; x_wconf 87' lang='grc' dir='ltr'><strong>σε</strong></span> 
     </span>
    </p>
   </div>
   <div class='ocr_carea' id='block_1_47' title="bbox 190 2938 1785 3010">
    <p class='ocr_par' dir='ltr' id='par_1_47' title="bbox 190 2938 1785 3010">
     <span class='ocr_line' id='line_1_47' title="bbox 190 2938 1785 3010; baseline -0.004 -13"><span class='ocrx_word' id='word_1_349' title='bbox 190 2944 551 2999; x_wconf 69' lang='grc' dir='ltr'>λιτανεύουσι</span> <span class='ocrx_word' id='word_1_350' title='bbox 617 2944 713 2997; x_wconf 78' lang='grc' dir='ltr'>καὶ</span> <span class='ocrx_word' id='word_1_351' title='bbox 775 2944 1108 2997; x_wconf 73' lang='grc' dir='ltr'>ἱκετεύουσιν</span> <span class='ocrx_word' id='word_1_352' title='bbox 1158 2959 1171 2972; x_wconf 90' lang='grc'>·</span> <span class='ocrx_word' id='word_1_353' title='bbox 1240 2940 1559 3010; x_wconf 82' lang='grc' dir='ltr'>υίκτίρμων</span> <span class='ocrx_word' id='word_1_354' title='bbox 1627 2938 1785 3007; x_wconf 76' lang='grc' dir='ltr'>ἐλέη-</span> 
     </span>
    </p>
   </div>
   <div class='ocr_carea' id='block_1_48' title="bbox 194 3030 1781 3107">
    <p class='ocr_par' dir='ltr' id='par_1_48' title="bbox 194 3030 1781 3107">
     <span class='ocr_line' id='line_1_48' title="bbox 194 3030 1781 3107; baseline -0.006 -16"><span class='ocrx_word' id='word_1_355' title='bbox 194 3055 295 3091; x_wconf 90' lang='grc' dir='ltr'><strong>σον</strong></span> <span class='ocrx_word' id='word_1_356' title='bbox 325 3054 342 3068; x_wconf 79' lang='grc' dir='ltr'><strong>ο</strong></span> <span class='ocrx_word' id='word_1_357' title='bbox 376 3036 628 3107; x_wconf 73' lang='grc' dir='ltr'>ἐλεήμων</span> <span class='ocrx_word' id='word_1_358' title='bbox 657 3036 947 3107; x_wconf 75' lang='grc' dir='ltr'>οἵκτειρον.</span> <span class='ocrx_word' id='word_1_359' title='bbox 966 3035 1039 3087; x_wconf 83' lang='grc' dir='ltr'>Σὺ</span> <span class='ocrx_word' id='word_1_360' title='bbox 1068 3034 1124 3087; x_wconf 86' lang='grc' dir='ltr'>δὲ</span> <span class='ocrx_word' id='word_1_361' title='bbox 1142 3033 1240 3095; x_wconf 79' lang='grc' dir='ltr'>τὰς</span> <span class='ocrx_word' id='word_1_362' title='bbox 1270 3030 1479 3101; x_wconf 75' lang='grc' dir='ltr'>ὀφρύας</span> <span class='ocrx_word' id='word_1_363' title='bbox 1510 3031 1781 3099; x_wconf 82' lang='grc' dir='ltr'>ἁνασπᾷς,</span> 
     </span>
    </p>
   </div>
   <div class='ocr_carea' id='block_1_49' title="bbox 186 3118 1783 3197">
    <p class='ocr_par' dir='ltr' id='par_1_49' title="bbox 186 3118 1783 3197">
     <span class='ocr_line' id='line_1_49' title="bbox 186 3118 1783 3197; baseline -0.005 -17"><span class='ocrx_word' id='word_1_364' title='bbox 186 3128 293 3180; x_wconf 62' lang='grc' dir='ltr'>οκαὶ</span> <span class='ocrx_word' id='word_1_365' title='bbox 332 3127 497 3197; x_wconf 81' lang='grc' dir='ltr'>μόγις</span> <span class='ocrx_word' id='word_1_366' title='bbox 530 3124 944 3195; x_wconf 81' lang='grc' dir='ltr'>λιτανευόμενος</span> <span class='ocrx_word' id='word_1_367' title='bbox 971 3123 1315 3195; x_wconf 83' lang='grc' dir='ltr'>ὲπικάμπτῃ.</span> <span class='ocrx_word' id='word_1_368' title='bbox 1358 3120 1461 3184; x_wconf 83' lang='grc' dir='ltr'><strong>Δὸς</strong></span> <span class='ocrx_word' id='word_1_369' title='bbox 1498 3118 1683 3182; x_wconf 81' lang='grc' dir='ltr'>αὐτοῖς</span> <span class='ocrx_word' id='word_1_370' title='bbox 1711 3119 1783 3172; x_wconf 75' lang='grc' dir='ltr'><strong>τὰ</strong></span> 
     </span>
    </p>
   </div>
   <div class='ocr_carea' id='block_1_50' title="bbox 1898 1925 3480 2009">
    <p class='ocr_par' dir='ltr' id='par_1_50' title="bbox 1898 1925 3480 2009">
     <span class='ocr_line' id='line_1_50' title="bbox 1898 1925 3480 2009; baseline 0.013 -30"><span class='ocrx_word' id='word_1_371' title='bbox 1898 1934 2051 1991; x_wconf 80' lang='lat' dir='ltr'><strong>sunt,</strong></span> <span class='ocrx_word' id='word_1_372' title='bbox 2084 1925 2154 1980; x_wconf 87' lang='lat' dir='ltr'><strong>ad</strong></span> <span class='ocrx_word' id='word_1_373' title='bbox 2174 1934 2227 1981; x_wconf 89' lang='lat' dir='ltr'><strong>te</strong></span> <span class='ocrx_word' id='word_1_374' title='bbox 2246 1928 2385 1982; x_wconf 87' lang='lat' dir='ltr'><strong>nihil</strong></span> <span class='ocrx_word' id='word_1_375' title='bbox 2410 1930 2668 1986; x_wconf 81' lang='lat' dir='ltr'><strong>attinent.</strong></span> <span class='ocrx_word' id='word_1_376' title='bbox 2700 1932 2816 1988; x_wconf 89' lang='lat' dir='ltr'><strong>Non</strong></span> <span class='ocrx_word' id='word_1_377' title='bbox 2851 1946 3011 2004; x_wconf 87' lang='lat' dir='ltr'><strong>potes</strong></span> <span class='ocrx_word' id='word_1_378' title='bbox 3032 1940 3219 2009; x_wconf 87' lang='lat' dir='ltr'><strong>simul,</strong></span> <span class='ocrx_word' id='word_1_379' title='bbox 3246 1952 3303 1996; x_wconf 88' lang='lat' dir='ltr'><strong>et</strong></span> <span class='ocrx_word' id='word_1_380' title='bbox 3332 1959 3480 1998; x_wconf 89' lang='lat' dir='ltr'><strong>mor-</strong></span> 
     </span>
    </p>
   </div>
   <div class='ocr_carea' id='block_1_51' title="bbox 1898 2020 3472 2103">
    <p class='ocr_par' dir='ltr' id='par_1_51' title="bbox 1898 2020 3472 2103">
     <span class='ocr_line' id='line_1_51' title="bbox 1898 2020 3472 2103; baseline 0.013 -36"><span class='ocrx_word' id='word_1_381' title='bbox 1898 2022 2029 2070; x_wconf 91' lang='lat' dir='ltr'><strong>tuus</strong></span> <span class='ocrx_word' id='word_1_382' title='bbox 2072 2031 2221 2084; x_wconf 89' lang='lat' dir='ltr'><strong>esse,</strong></span> <span class='ocrx_word' id='word_1_383' title='bbox 2254 2026 2308 2071; x_wconf 91' lang='lat' dir='ltr'><strong>et</strong></span> <span class='ocrx_word' id='word_1_384' title='bbox 2339 2020 2584 2077; x_wconf 83' lang='lat' dir='ltr'><strong>viventes</strong></span> <span class='ocrx_word' id='word_1_385' title='bbox 2633 2038 2959 2092; x_wconf 88' lang='lat' dir='ltr'><strong>procurare.</strong></span> <span class='ocrx_word' id='word_1_386' title='bbox 3006 2027 3178 2084; x_wconf 83' lang='lat' dir='ltr'><strong>Nemo</strong></span> <span class='ocrx_word' id='word_1_387' title='bbox 3228 2049 3472 2103; x_wconf 83' lang='lat' dir='ltr'><strong>unquam</strong></span> 
     </span>
    </p>
   </div>
   <div class='ocr_carea' id='block_1_52' title="bbox 1895 2107 3479 2192">
    <p class='ocr_par' dir='ltr' id='par_1_52' title="bbox 1895 2107 3479 2192">
     <span class='ocr_line' id='line_1_52' title="bbox 1895 2107 3479 2192; baseline 0.011 -29"><span class='ocrx_word' id='word_1_388' title='bbox 1895 2121 1961 2163; x_wconf 82' lang='lat' dir='ltr'><strong>ex</strong></span> <span class='ocrx_word' id='word_1_389' title='bbox 2016 2107 2087 2163; x_wconf 89' lang='lat' dir='ltr'><strong>iis</strong></span> <span class='ocrx_word' id='word_1_390' title='bbox 2132 2110 2226 2180; x_wconf 82' lang='lat' dir='ltr'><strong>qui</strong></span> <span class='ocrx_word' id='word_1_391' title='bbox 2273 2112 2327 2165; x_wconf 93' lang='lat' dir='ltr'><strong>in</strong></span> <span class='ocrx_word' id='word_1_392' title='bbox 2380 2111 2596 2168; x_wconf 80' lang='lat' dir='ltr'><strong>inferno</strong></span> <span class='ocrx_word' id='word_1_393' title='bbox 2647 2126 2800 2180; x_wconf 86' lang='lat' dir='ltr'><strong>sunt,</strong></span> <span class='ocrx_word' id='word_1_394' title='bbox 2865 2133 3055 2174; x_wconf 87' lang='lat' dir='ltr'><strong>eorum</strong></span> <span class='ocrx_word' id='word_1_395' title='bbox 3098 2124 3191 2192; x_wconf 89' lang='lat' dir='ltr'><strong>qui</strong></span> <span class='ocrx_word' id='word_1_396' title='bbox 3244 2124 3300 2178; x_wconf 86' lang='lat' dir='ltr'><strong>iu</strong></span> <span class='ocrx_word' id='word_1_397' title='bbox 3335 2136 3479 2182; x_wconf 80' lang='lat' dir='ltr'><strong>terra</strong></span> 
     </span>
    </p>
   </div>
   <div class='ocr_carea' id='block_1_53' title="bbox 1897 2206 3480 2273">
    <p class='ocr_par' dir='ltr' id='par_1_53' title="bbox 1897 2206 3480 2273">
     <span class='ocr_line' id='line_1_53' title="bbox 1897 2206 3480 2273; baseline 0.013 -21"><span class='ocrx_word' id='word_1_398' title='bbox 1897 2212 2088 2270; x_wconf 88' lang='lat' dir='ltr'><strong>agunt,</strong></span> <span class='ocrx_word' id='word_1_399' title='bbox 2136 2209 2287 2258; x_wconf 80' lang='lat' dir='ltr'><strong>tutor</strong></span> <span class='ocrx_word' id='word_1_400' title='bbox 2328 2206 2567 2262; x_wconf 78' lang='lat' dir='ltr'><strong>exstitit.</strong></span> <span class='ocrx_word' id='word_1_401' title='bbox 2628 2206 2785 2263; x_wconf 89' lang='lat' dir='ltr'><strong>Unus</strong></span> <span class='ocrx_word' id='word_1_402' title='bbox 2813 2221 2897 2265; x_wconf 89' lang='lat' dir='ltr'><strong>est</strong></span> <span class='ocrx_word' id='word_1_403' title='bbox 2935 2212 3184 2267; x_wconf 91' lang='lat' dir='ltr'><strong>vivorum</strong></span> <span class='ocrx_word' id='word_1_404' title='bbox 3231 2226 3288 2271; x_wconf 90' lang='lat' dir='ltr'><strong>et</strong></span> <span class='ocrx_word' id='word_1_405' title='bbox 3332 2233 3480 2273; x_wconf 79' lang='lat' dir='ltr'><strong>tuor-</strong></span> 
     </span>
    </p>
   </div>
   <div class='ocr_carea' id='block_1_54' title="bbox 1894 2292 3475 2376">
    <p class='ocr_par' dir='ltr' id='par_1_54' title="bbox 1894 2292 3475 2376">
     <span class='ocr_line' id='line_1_54' title="bbox 1894 2292 3475 2376; baseline 0.014 -32"><span class='ocrx_word' id='word_1_406' title='bbox 1894 2301 2115 2345; x_wconf 91' lang='lat' dir='ltr'><strong>tuorum</strong></span> <span class='ocrx_word' id='word_1_407' title='bbox 2139 2292 2328 2361; x_wconf 77' lang='lat' dir='ltr'><strong>judex,</strong></span> <span class='ocrx_word' id='word_1_408' title='bbox 2349 2311 2414 2350; x_wconf 88' lang='lat' dir='ltr'><strong>ac</strong></span> <span class='ocrx_word' id='word_1_409' title='bbox 2436 2297 2645 2365; x_wconf 90' lang='lat' dir='ltr'><strong>jurium</strong></span> <span class='ocrx_word' id='word_1_410' title='bbox 2670 2302 3106 2375; x_wconf 81' lang='lat' dir='ltr'><strong>uniuscujusque</strong></span> <span class='ocrx_word' id='word_1_411' title='bbox 3120 2309 3475 2376; x_wconf 87' lang='lat' dir='ltr'><strong>ponderator.</strong></span> 
     </span>
    </p>
   </div>
   <div class='ocr_carea' id='block_1_55' title="bbox 1897 2379 3479 2470">
    <p class='ocr_par' dir='ltr' id='par_1_55' title="bbox 1897 2379 3479 2470">
     <span class='ocr_line' id='line_1_55' title="bbox 1897 2379 3479 2470; baseline 0.013 -37"><span class='ocrx_word' id='word_1_412' title='bbox 1897 2379 2267 2470; x_wconf 80' lang='lat' dir='ltr'><strong>Thesaurizat,</strong></span> <span class='ocrx_word' id='word_1_413' title='bbox 2288 2386 2466 2455; x_wconf 84' lang='lat' dir='ltr'><strong>inquit</strong></span> <span class='ocrx_word' id='word_1_414' title='bbox 2489 2385 2782 2458; x_wconf 85' lang='lat' dir='ltr'><strong>Propheta.</strong></span> <span class='ocrx_word' id='word_1_415' title='bbox 2801 2402 2851 2446; x_wconf 89' lang='lat' dir='ltr'><strong>et</strong></span> <span class='ocrx_word' id='word_1_416' title='bbox 2868 2394 3079 2463; x_wconf 80' lang='lat' dir='ltr'><strong>ignorat</strong></span> <span class='ocrx_word' id='word_1_417' title='bbox 3097 2397 3185 2450; x_wconf 84' lang='lat' dir='ltr'><strong>cui</strong></span> <span class='ocrx_word' id='word_1_418' title='bbox 3204 2412 3479 2470; x_wconf 80' lang='lat' dir='ltr'><strong>congreget</strong></span> 
     </span>
    </p>
   </div>
   <div class='ocr_carea' id='block_1_56' title="bbox 1892 2469 3475 2559">
    <p class='ocr_par' dir='ltr' id='par_1_56' title="bbox 1892 2469 3475 2559">
     <span class='ocr_line' id='line_1_56' title="bbox 1892 2469 3475 2559; baseline 0.011 -33"><span class='ocrx_word' id='word_1_419' title='bbox 1892 2487 1956 2526; x_wconf 85' lang='lat' dir='ltr'><strong>ea</strong></span> <span class='ocrx_word' id='word_1_420' title='bbox 1979 2469 2153 2543; x_wconf 83' lang='lat' dir='ltr'><strong>(Psal.</strong></span> <span class='ocrx_word' id='word_1_421' title='bbox 2171 2489 2401 2538; x_wconf 76' lang='lat' dir='ltr'><strong>xxxviii,</strong></span> <span class='ocrx_word' id='word_1_422' title='bbox 2419 2477 2498 2546; x_wconf 87' lang='lat'><strong>7).</strong></span> <span class='ocrx_word' id='word_1_423' title='bbox 2513 2476 2652 2542; x_wconf 86' lang='lat' dir='ltr'><strong>Quid</strong></span> <span class='ocrx_word' id='word_1_424' title='bbox 2666 2494 2937 2551; x_wconf 86' lang='lat' dir='ltr'><strong>pauperes</strong></span> <span class='ocrx_word' id='word_1_425' title='bbox 2962 2493 3221 2555; x_wconf 89' lang='lat' dir='ltr'><strong>tanquam</strong></span> <span class='ocrx_word' id='word_1_426' title='bbox 3242 2490 3475 2559; x_wconf 89' lang='lat' dir='ltr'><strong>pupillos</strong></span> 
     </span>
    </p>
   </div>
   <div class='ocr_carea' id='block_1_57' title="bbox 1891 2561 3474 2647">
    <p class='ocr_par' dir='ltr' id='par_1_57' title="bbox 1891 2561 3474 2647">
     <span class='ocr_line' id='line_1_57' title="bbox 1891 2561 3474 2647; baseline 0.014 -30"><span class='ocrx_word' id='word_1_427' title='bbox 1891 2561 2230 2622; x_wconf 87' lang='lat' dir='ltr'><strong>insectaris?</strong></span> <span class='ocrx_word' id='word_1_428' title='bbox 2265 2566 2435 2634; x_wconf 89' lang='lat' dir='ltr'><strong>Quid,</strong></span> <span class='ocrx_word' id='word_1_429' title='bbox 2492 2585 2618 2625; x_wconf 91' lang='lat' dir='ltr'><strong>cum</strong></span> <span class='ocrx_word' id='word_1_430' title='bbox 2648 2572 2852 2644; x_wconf 87' lang='lat' dir='ltr'><strong>aliquid</strong></span> <span class='ocrx_word' id='word_1_431' title='bbox 2873 2591 2904 2630; x_wconf 91' lang='lat' dir='ltr'><strong>a</strong></span> <span class='ocrx_word' id='word_1_432' title='bbox 2933 2582 2988 2631; x_wconf 93' lang='lat' dir='ltr'><strong>te</strong></span> <span class='ocrx_word' id='word_1_433' title='bbox 3010 2585 3225 2647; x_wconf 89' lang='lat' dir='ltr'><strong>petunt,</strong></span> <span class='ocrx_word' id='word_1_434' title='bbox 3265 2589 3474 2638; x_wconf 38' lang='lat' dir='ltr'><strong>stomae</strong></span> 
     </span>
    </p>
   </div>
   <div class='ocr_carea' id='block_1_58' title="bbox 1891 2656 3469 2740">
    <p class='ocr_par' dir='ltr' id='par_1_58' title="bbox 1891 2656 3469 2740">
     <span class='ocr_line' id='line_1_58' title="bbox 1891 2656 3469 2740; baseline 0.012 -29"><span class='ocrx_word' id='word_1_435' title='bbox 1891 2656 2103 2724; x_wconf 89' lang='lat' dir='ltr'><strong>charis,</strong></span> <span class='ocrx_word' id='word_1_436' title='bbox 2130 2675 2196 2714; x_wconf 88' lang='lat' dir='ltr'><strong>ac</strong></span> <span class='ocrx_word' id='word_1_437' title='bbox 2222 2661 2268 2715; x_wconf 93' lang='lat' dir='ltr'><strong>si</strong></span> <span class='ocrx_word' id='word_1_438' title='bbox 2293 2662 2361 2716; x_wconf 91' lang='lat' dir='ltr'><strong>de</strong></span> <span class='ocrx_word' id='word_1_439' title='bbox 2394 2670 2489 2717; x_wconf 93' lang='lat' dir='ltr'><strong>tuo</strong></span> <span class='ocrx_word' id='word_1_440' title='bbox 2519 2664 2804 2721; x_wconf 86' lang='lat' dir='ltr'><strong>insumas?</strong></span> <span class='ocrx_word' id='word_1_441' title='bbox 2842 2667 3082 2726; x_wconf 87' lang='lat' dir='ltr'><strong>Paterna</strong></span> <span class='ocrx_word' id='word_1_442' title='bbox 3113 2674 3326 2740; x_wconf 82' lang='lat' dir='ltr'><strong>volunt,</strong></span> <span class='ocrx_word' id='word_1_443' title='bbox 3360 2692 3469 2730; x_wconf 83' lang='lat' dir='ltr'><strong>non</strong></span> 
     </span>
    </p>
   </div>
   <div class='ocr_carea' id='block_1_59' title="bbox 1892 2754 3473 2839">
    <p class='ocr_par' dir='ltr' id='par_1_59' title="bbox 1892 2754 3473 2839">
     <span class='ocr_line' id='line_1_59' title="bbox 1892 2754 3473 2839; baseline 0.014 -37"><span class='ocrx_word' id='word_1_444' title='bbox 1892 2756 2018 2817; x_wconf 86' lang='lat' dir='ltr'><strong>tua;</strong></span> <span class='ocrx_word' id='word_1_445' title='bbox 2047 2766 2115 2807; x_wconf 91' lang='lat' dir='ltr'><strong>ea</strong></span> <span class='ocrx_word' id='word_1_446' title='bbox 2168 2767 2292 2824; x_wconf 69' lang='lat' dir='ltr'><strong>quae</strong></span> <span class='ocrx_word' id='word_1_447' title='bbox 2343 2754 2465 2810; x_wconf 85' lang='lat' dir='ltr'><strong>ﬁdei</strong></span> <span class='ocrx_word' id='word_1_448' title='bbox 2511 2766 2620 2813; x_wconf 68' lang='lat' dir='ltr'><strong>tute</strong></span> <span class='ocrx_word' id='word_1_449' title='bbox 2684 2762 2986 2818; x_wconf 86' lang='lat' dir='ltr'><strong>commissa</strong></span> <span class='ocrx_word' id='word_1_450' title='bbox 3027 2777 3177 2830; x_wconf 86' lang='lat' dir='ltr'><strong>sunt,</strong></span> <span class='ocrx_word' id='word_1_451' title='bbox 3207 2783 3318 2823; x_wconf 88' lang='lat' dir='ltr'><strong>nou</strong></span> <span class='ocrx_word' id='word_1_452' title='bbox 3349 2785 3473 2839; x_wconf 79' lang='lat' dir='ltr'><strong>quae</strong></span> 
     </span>
    </p>
   </div>
   <div class='ocr_carea' id='block_1_60' title="bbox 1892 2846 3473 2923">
    <p class='ocr_par' dir='ltr' id='par_1_60' title="bbox 1892 2846 3473 2923">
     <span class='ocr_line' id='line_1_60' title="bbox 1892 2846 3473 2923; baseline 0.014 -30"><span class='ocrx_word' id='word_1_453' title='bbox 1892 2848 2072 2897; x_wconf 88' lang='lat' dir='ltr'><strong>tecum</strong></span> <span class='ocrx_word' id='word_1_454' title='bbox 2122 2852 2271 2899; x_wconf 89' lang='lat' dir='ltr'><strong>nata.</strong></span> <span class='ocrx_word' id='word_1_455' title='bbox 2333 2846 2406 2902; x_wconf 85' lang='lat' dir='ltr'><strong>Da</strong></span> <span class='ocrx_word' id='word_1_456' title='bbox 2468 2865 2593 2918; x_wconf 79' lang='lat' dir='ltr'><strong>qua:</strong></span> <span class='ocrx_word' id='word_1_457' title='bbox 2641 2854 2909 2923; x_wconf 85' lang='lat' dir='ltr'><strong>accepisti</strong></span> <span class='ocrx_word' id='word_1_458' title='bbox 2944 2863 2998 2911; x_wconf 89' lang='lat' dir='ltr'><strong>et</strong></span> <span class='ocrx_word' id='word_1_459' title='bbox 3032 2872 3097 2911; x_wconf 82' lang='lat' dir='ltr'><strong>ex</strong></span> <span class='ocrx_word' id='word_1_460' title='bbox 3129 2872 3320 2913; x_wconf 92' lang='lat' dir='ltr'><strong>eorum</strong></span> <span class='ocrx_word' id='word_1_461' title='bbox 3364 2876 3473 2916; x_wconf 90' lang='lat' dir='ltr'><strong>usu</strong></span> 
     </span>
    </p>
   </div>
   <div class='ocr_carea' id='block_1_61' title="bbox 1888 2936 3469 3021">
    <p class='ocr_par' dir='ltr' id='par_1_61' title="bbox 1888 2936 3469 3021">
     <span class='ocr_line' id='line_1_61' title="bbox 1888 2936 3469 3021; baseline 0.011 -32"><span class='ocrx_word' id='word_1_462' title='bbox 1888 2936 2329 2993; x_wconf 84' lang='lat' dir='ltr'><strong>emolumentum</strong></span> <span class='ocrx_word' id='word_1_463' title='bbox 2368 2942 2469 2996; x_wconf 88' lang='lat' dir='ltr'><strong>tibi</strong></span> <span class='ocrx_word' id='word_1_464' title='bbox 2510 2943 2772 2999; x_wconf 84' lang='lat' dir='ltr'><strong>concilia.</strong></span> <span class='ocrx_word' id='word_1_465' title='bbox 2822 2944 3033 3001; x_wconf 79' lang='lat' dir='ltr'><strong>Sufﬁcit</strong></span> <span class='ocrx_word' id='word_1_466' title='bbox 3067 2948 3166 3003; x_wconf 86' lang='lat' dir='ltr'><strong>tibi</strong></span> <span class='ocrx_word' id='word_1_467' title='bbox 3198 2952 3344 3021; x_wconf 84' lang='lat' dir='ltr'><strong>quod</strong></span> <span class='ocrx_word' id='word_1_468' title='bbox 3371 2954 3469 3006; x_wconf 85' lang='lat' dir='ltr'><strong>da-</strong></span> 
     </span>
    </p>
   </div>
   <div class='ocr_carea' id='block_1_62' title="bbox 1891 3034 3466 3117">
    <p class='ocr_par' dir='ltr' id='par_1_62' title="bbox 1891 3034 3466 3117">
     <span class='ocr_line' id='line_1_62' title="bbox 1891 3034 3466 3117; baseline 0.012 -36"><span class='ocrx_word' id='word_1_469' title='bbox 1891 3041 1972 3117; x_wconf 74' lang='lat' dir='ltr'><strong>re,</strong></span> <span class='ocrx_word' id='word_1_470' title='bbox 2032 3045 2142 3084; x_wconf 87' lang='lat' dir='ltr'><strong>non</strong></span> <span class='ocrx_word' id='word_1_471' title='bbox 2198 3034 2454 3104; x_wconf 88' lang='lat' dir='ltr'><strong>accipere</strong></span> <span class='ocrx_word' id='word_1_472' title='bbox 2495 3035 2691 3105; x_wconf 88' lang='lat' dir='ltr'><strong>jussus</strong></span> <span class='ocrx_word' id='word_1_473' title='bbox 2722 3037 2822 3094; x_wconf 88' lang='lat' dir='ltr'><strong>sis.</strong></span> <span class='ocrx_word' id='word_1_474' title='bbox 2873 3038 3021 3097; x_wconf 87' lang='lat' dir='ltr'><strong>Satis</strong></span> <span class='ocrx_word' id='word_1_475' title='bbox 3043 3042 3119 3098; x_wconf 90' lang='lat' dir='ltr'><strong>sit</strong></span> <span class='ocrx_word' id='word_1_476' title='bbox 3169 3043 3268 3100; x_wconf 89' lang='lat' dir='ltr'><strong>tibi</strong></span> <span class='ocrx_word' id='word_1_477' title='bbox 3318 3048 3466 3117; x_wconf 81' lang='lat' dir='ltr'><strong>quod</strong></span> 
     </span>
    </p>
   </div>
   <div class='ocr_carea' id='block_1_63' title="bbox 1890 3115 3466 3205">
    <p class='ocr_par' dir='ltr' id='par_1_63' title="bbox 1890 3115 3466 3205">
     <span class='ocr_line' id='line_1_63' title="bbox 1890 3115 3466 3205; baseline 0.013 -34"><span class='ocrx_word' id='word_1_478' title='bbox 1890 3115 2038 3174; x_wconf 89' lang='lat' dir='ltr'><strong>Deus</strong></span> <span class='ocrx_word' id='word_1_479' title='bbox 2090 3136 2189 3191; x_wconf 89' lang='lat' dir='ltr'><strong>per</strong></span> <span class='ocrx_word' id='word_1_480' title='bbox 2222 3140 2519 3196; x_wconf 88' lang='lat' dir='ltr'><strong>pauperem</strong></span> <span class='ocrx_word' id='word_1_481' title='bbox 2564 3144 2787 3184; x_wconf 87' lang='lat' dir='ltr'><strong>manum</strong></span> <span class='ocrx_word' id='word_1_482' title='bbox 2824 3130 2905 3185; x_wconf 89' lang='lat' dir='ltr'><strong>ad.</strong></span> <span class='ocrx_word' id='word_1_483' title='bbox 2931 3142 2982 3187; x_wconf 93' lang='lat' dir='ltr'><strong>te</strong></span> <span class='ocrx_word' id='word_1_484' title='bbox 3027 3115 3466 3205; x_wconf 27' lang='lat' dir='ltr'><strong>prolenditdQui</strong></span> 
     </span>
    </p>
   </div>
   <div class='ocr_carea' id='block_1_64' title="bbox 188 3197 1783 3302">
    <p class='ocr_par' dir='ltr' id='par_1_64' title="bbox 188 3211 1783 3289">
     <span class='ocr_line' id='line_1_64' title="bbox 188 3211 1783 3289; baseline -0.006 -17"><span class='ocrx_word' id='word_1_485' title='bbox 188 3219 406 3283; x_wconf 75' lang='grc' dir='ltr'>αὐτῶν,</span> <span class='ocrx_word' id='word_1_486' title='bbox 452 3218 581 3289; x_wconf 74' lang='grc' dir='ltr'>πρὶν</span> <span class='ocrx_word' id='word_1_487' title='bbox 606 3219 835 3288; x_wconf 79' lang='grc' dir='ltr'>ὲπιστῇς</span> <span class='ocrx_word' id='word_1_488' title='bbox 893 3214 972 3286; x_wconf 83' lang='grc' dir='ltr'>τῷ</span> <span class='ocrx_word' id='word_1_489' title='bbox 999 3214 1317 3285; x_wconf 87' lang='grc' dir='ltr'>λογοθεσίῳ.</span> <span class='ocrx_word' id='word_1_490' title='bbox 1359 3212 1459 3276; x_wconf 80' lang='grc' dir='ltr'><strong>Δὸς</strong></span> <span class='ocrx_word' id='word_1_491' title='bbox 1498 3213 1681 3274; x_wconf 83' lang='grc' dir='ltr'>αὐτοῖς</span> <span class='ocrx_word' id='word_1_492' title='bbox 1712 3211 1783 3264; x_wconf 79' lang='grc' dir='ltr'><strong>τὰ</strong></span> 
     </span>
    </p>
   </div>
   <div class='ocr_carea' id='block_1_65' title="bbox 1887 3197 3467 3302">
    <p class='ocr_par' dir='ltr' id='par_1_65' title="bbox 1888 3197 3467 3302">
     <span class='ocr_line' id='line_1_65' title="bbox 1888 3197 3467 3302; baseline 0.013 -37"><span class='ocrx_word' id='word_1_493' title='bbox 1888 3218 2094 3268; x_wconf 88' lang='lat' dir='ltr'><strong>terram</strong></span> <span class='ocrx_word' id='word_1_494' title='bbox 2116 3215 2291 3273; x_wconf 87' lang='lat' dir='ltr'><strong>imbre</strong></span> <span class='ocrx_word' id='word_1_495' title='bbox 2320 3219 2592 3289; x_wconf 77' lang='lat' dir='ltr'><strong>infundit,</strong></span> <span class='ocrx_word' id='word_1_496' title='bbox 2616 3224 2862 3293; x_wconf 86' lang='lat' dir='ltr'><strong>guttulas</strong></span> <span class='ocrx_word' id='word_1_497' title='bbox 2889 3197 3140 3284; x_wconf 50' lang='lat' dir='ltr'><strong>aeris-abs</strong></span> <span class='ocrx_word' id='word_1_498' title='bbox 3172 3197 3467 3302; x_wconf 61' lang='lat' dir='ltr'><strong>tesuppiex</strong></span> 
     </span>
    </p>
   </div>
   <div class='ocr_carea' id='block_1_66' title="bbox 189 3305 1783 3388">
    <p class='ocr_par' dir='ltr' id='par_1_66' title="bbox 189 3305 1780 3383">
     <span class='ocr_line' id='line_1_66' title="bbox 189 3305 1780 3383; baseline -0.006 -17"><span class='ocrx_word' id='word_1_499' title='bbox 189 3314 382 3366; x_wconf 85' lang='grc' dir='ltr'>αὐτῶν</span> <span class='ocrx_word' id='word_1_500' title='bbox 397 3329 413 3343; x_wconf 89' lang='grc'><strong>·</strong></span> <span class='ocrx_word' id='word_1_501' title='bbox 448 3312 661 3383; x_wconf 81' lang='grc' dir='ltr'>πατέρα</span> <span class='ocrx_word' id='word_1_502' title='bbox 683 3311 864 3380; x_wconf 75' lang='grc' dir='ltr'>έχουσι</span> <span class='ocrx_word' id='word_1_503' title='bbox 889 3308 1134 3378; x_wconf 78' lang='grc' dir='ltr'>βασιλέα.</span> <span class='ocrx_word' id='word_1_504' title='bbox 1152 3308 1250 3371; x_wconf 87' lang='grc' dir='ltr'><strong>Δὸς</strong></span> <span class='ocrx_word' id='word_1_505' title='bbox 1272 3307 1454 3369; x_wconf 76' lang='grc' dir='ltr'>αὐτοῖς</span> <span class='ocrx_word' id='word_1_506' title='bbox 1478 3305 1546 3358; x_wconf 81' lang='grc' dir='ltr'>τὰ</span> <span class='ocrx_word' id='word_1_507' title='bbox 1580 3305 1780 3369; x_wconf 75' lang='grc' dir='ltr'>αὐτῶν,</span> 
     </span>
    </p>
   </div>
   <div class='ocr_carea' id='block_1_67' title="bbox 1887 3305 3540 3388">
    <p class='ocr_par' dir='ltr' id='par_1_67' title="bbox 1889 3307 3540 3388">
     <span class='ocr_line' id='line_1_67' title="bbox 1889 3307 3540 3388; baseline 0.013 -30"><span class='ocrx_word' id='word_1_508' title='bbox 1889 3307 2097 3376; x_wconf 88' lang='lat' dir='ltr'><strong>poscit.</strong></span> <span class='ocrx_word' id='word_1_509' title='bbox 2131 3308 2239 3375; x_wconf 93' lang='lat' dir='ltr'><strong>Qui</strong></span> <span class='ocrx_word' id='word_1_510' title='bbox 2281 3320 2435 3368; x_wconf 86' lang='lat' dir='ltr'><strong>tonat</strong></span> <span class='ocrx_word' id='word_1_511' title='bbox 2465 3329 2519 3369; x_wconf 89' lang='lat' dir='ltr'><strong>et</strong></span> <span class='ocrx_word' id='word_1_512' title='bbox 2550 3315 2821 3388; x_wconf 84' lang='lat' dir='ltr'><strong>fulgurat,</strong></span> <span class='ocrx_word' id='word_1_513' title='bbox 2845 3320 3289 3377; x_wconf 82' lang='lat' dir='ltr'><strong>misericordiam</strong></span> <span class='ocrx_word' id='word_1_514' title='bbox 3317 3336 3470 3380; x_wconf 87' lang='lat' dir='ltr'><strong>tuam</strong></span> <span class='ocrx_word' id='word_1_515' title='bbox 3536 3374 3540 3379; x_wconf 92' lang='lat'><strong>.</strong></span> 
     </span>
    </p>
   </div>
   <div class='ocr_carea' id='block_1_68' title="bbox 187 3396 1783 3485">
    <p class='ocr_par' dir='ltr' id='par_1_68' title="bbox 187 3396 1782 3475">
     <span class='ocr_line' id='line_1_68' title="bbox 187 3396 1782 3475; baseline -0.007 -15"><span class='ocrx_word' id='word_1_516' title='bbox 187 3408 287 3460; x_wconf 77' lang='grc' dir='ltr'><strong>καὶ</strong></span> <span class='ocrx_word' id='word_1_517' title='bbox 321 3405 461 3460; x_wconf 72' lang='grc' dir='ltr'>λάϐε</span> <span class='ocrx_word' id='word_1_518' title='bbox 486 3404 635 3475; x_wconf 79' lang='grc' dir='ltr'>παρὰ</span> <span class='ocrx_word' id='word_1_519' title='bbox 666 3421 759 3457; x_wconf 84' lang='grc' dir='ltr'><strong>του</strong></span> <span class='ocrx_word' id='word_1_520' title='bbox 791 3402 997 3472; x_wconf 77' lang='grc' dir='ltr'>πατρὸς</span> <span class='ocrx_word' id='word_1_521' title='bbox 1019 3400 1200 3454; x_wconf 80' lang='grc' dir='ltr'>αὐτῶν</span> <span class='ocrx_word' id='word_1_522' title='bbox 1235 3396 1589 3469; x_wconf 83' lang='grc' dir='ltr'>ἀμεριμνίαν.</span> <span class='ocrx_word' id='word_1_523' title='bbox 1615 3396 1782 3450; x_wconf 84' lang='grc' dir='ltr'>Ποίαν</span> 
     </span>
    </p>
   </div>
   <div class='ocr_carea' id='block_1_69' title="bbox 1887 3396 3512 3485">
    <p class='ocr_par' dir='ltr' id='par_1_69' title="bbox 1888 3397 3512 3485">
     <span class='ocr_line' id='line_1_69' title="bbox 1888 3397 3512 3485; baseline 0.015 -35"><span class='ocrx_word' id='word_1_524' title='bbox 1888 3397 2166 3467; x_wconf 86' lang='lat' dir='ltr'><strong>implorat.</strong></span> <span class='ocrx_word' id='word_1_525' title='bbox 2213 3401 2321 3470; x_wconf 89' lang='lat' dir='ltr'><strong>Qui</strong></span> <span class='ocrx_word' id='word_1_526' title='bbox 2383 3407 2625 3465; x_wconf 87' lang='lat' dir='ltr'><strong>nubibus</strong></span> <span class='ocrx_word' id='word_1_527' title='bbox 2682 3412 2885 3468; x_wconf 63' lang='lat' dir='ltr'><strong>caelum</strong></span> <span class='ocrx_word' id='word_1_528' title='bbox 2940 3416 3140 3485; x_wconf 89' lang='lat' dir='ltr'><strong>operit,</strong></span> <span class='ocrx_word' id='word_1_529' title='bbox 3172 3418 3334 3472; x_wconf 79' lang='lat' dir='ltr'><strong>vilem</strong></span> <span class='ocrx_word' id='word_1_530' title='bbox 3358 3433 3385 3470; x_wconf 90' lang='lat' dir='ltr'><strong>a</strong></span> <span class='ocrx_word' id='word_1_531' title='bbox 3416 3431 3471 3473; x_wconf 91' lang='lat' dir='ltr'><strong>te</strong></span> <span class='ocrx_word' id='word_1_532' title='bbox 3506 3450 3512 3461; x_wconf 96' lang='lat'><strong><em>-</em></strong></span> 
     </span>
    </p>
   </div>
   <div class='ocr_carea' id='block_1_70' title="bbox 186 3487 1783 3577">
    <p class='ocr_par' dir='ltr' id='par_1_70' title="bbox 186 3487 1783 3570">
     <span class='ocr_line' id='line_1_70' title="bbox 186 3487 1783 3570; baseline -0.007 -18"><span class='ocrx_word' id='word_1_533' title='bbox 186 3497 561 3570; x_wconf 75' lang='grc' dir='ltr'>ἀμεριμνίαν,</span> <span class='ocrx_word' id='word_1_534' title='bbox 594 3497 797 3566; x_wconf 86' lang='grc' dir='ltr'>φησίν;</span> <span class='ocrx_word' id='word_1_535' title='bbox 834 3494 958 3564; x_wconf 75' lang='grc' dir='ltr'><strong>Ἐφ’</strong></span> <span class='ocrx_word' id='word_1_536' title='bbox 994 3493 1146 3548; x_wconf 77' lang='grc' dir='ltr'>ὅσον</span> <span class='ocrx_word' id='word_1_537' title='bbox 1167 3490 1495 3559; x_wconf 80' lang='grc' dir='ltr'>ἐποιήσατε</span> <span class='ocrx_word' id='word_1_538' title='bbox 1531 3487 1623 3541; x_wconf 75' lang='grc' dir='ltr'><strong>ἐνὶ</strong></span> <span class='ocrx_word' id='word_1_539' title='bbox 1648 3489 1783 3541; x_wconf 85' lang='grc' dir='ltr'><strong>τού-</strong></span> 
     </span>
    </p>
   </div>
   <div class='ocr_carea' id='block_1_71' title="bbox 1887 3487 3469 3577">
    <p class='ocr_par' dir='ltr' id='par_1_71' title="bbox 1889 3496 3469 3577">
     <span class='ocr_line' id='line_1_71' title="bbox 1889 3496 3469 3577; baseline 0.014 -35"><span class='ocrx_word' id='word_1_540' title='bbox 1889 3504 2135 3560; x_wconf 88' lang='lat' dir='ltr'><strong>panuum</strong></span> <span class='ocrx_word' id='word_1_541' title='bbox 2192 3496 2459 3565; x_wconf 86' lang='lat' dir='ltr'><strong>postulat.</strong></span> <span class='ocrx_word' id='word_1_542' title='bbox 2495 3500 2644 3555; x_wconf 85' lang='lat' dir='ltr'><strong>Satis</strong></span> <span class='ocrx_word' id='word_1_543' title='bbox 2708 3502 2811 3559; x_wconf 86' lang='lat' dir='ltr'><strong>tibi</strong></span> <span class='ocrx_word' id='word_1_544' title='bbox 2841 3519 2963 3560; x_wconf 89' lang='lat' dir='ltr'><strong>esse</strong></span> <span class='ocrx_word' id='word_1_545' title='bbox 3026 3505 3189 3562; x_wconf 88' lang='lat' dir='ltr'><strong>debet</strong></span> <span class='ocrx_word' id='word_1_546' title='bbox 3239 3509 3383 3577; x_wconf 88' lang='lat' dir='ltr'><strong>quod</strong></span> <span class='ocrx_word' id='word_1_547' title='bbox 3417 3518 3469 3564; x_wconf 87' lang='lat' dir='ltr'><strong>te</strong></span> 
     </span>
    </p>
   </div>
   <div class='ocr_carea' id='block_1_72' title="bbox 180 3579 1783 3662">
    <p class='ocr_par' dir='ltr' id='par_1_72' title="bbox 180 3579 1781 3658">
     <span class='ocr_line' id='line_1_72' title="bbox 180 3579 1781 3658; baseline -0.009 -12"><span class='ocrx_word' id='word_1_548' title='bbox 180 3609 312 3646; x_wconf 74' lang='grc' dir='ltr'>των</span> <span class='ocrx_word' id='word_1_549' title='bbox 366 3590 489 3645; x_wconf 81' lang='grc' dir='ltr'><strong>τῶν</strong></span> <span class='ocrx_word' id='word_1_550' title='bbox 542 3590 906 3658; x_wconf 73' lang='grc' dir='ltr'>ἐλαχίστων.</span> <span class='ocrx_word' id='word_1_551' title='bbox 956 3587 1087 3656; x_wconf 75' lang='grc' dir='ltr'>ἐμοὶ</span> <span class='ocrx_word' id='word_1_552' title='bbox 1133 3582 1485 3653; x_wconf 81' lang='grc' dir='ltr'>ἐποιήσατε.</span> <span class='ocrx_word' id='word_1_553' title='bbox 1555 3579 1619 3634; x_wconf 84' lang='lat'><strong>&#39;0</strong></span> <span class='ocrx_word' id='word_1_554' title='bbox 1672 3580 1781 3651; x_wconf 80' lang='grc' dir='ltr'>γὰρ</span> 
     </span>
    </p>
   </div>
   <div class='ocr_carea' id='block_1_73' title="bbox 1887 3579 3468 3662">
    <p class='ocr_par' dir='ltr' id='par_1_73' title="bbox 1887 3587 3468 3662">
     <span class='ocr_line' id='line_1_73' title="bbox 1887 3587 3468 3662; baseline 0.013 -29"><span class='ocrx_word' id='word_1_555' title='bbox 1887 3596 2160 3651; x_wconf 80' lang='lat' dir='ltr'><strong>pauperes</strong></span> <span class='ocrx_word' id='word_1_556' title='bbox 2188 3587 2262 3641; x_wconf 92' lang='lat' dir='ltr'><strong>uti</strong></span> <span class='ocrx_word' id='word_1_557' title='bbox 2292 3589 2459 3644; x_wconf 91' lang='lat' dir='ltr'><strong>Deum</strong></span> <span class='ocrx_word' id='word_1_558' title='bbox 2491 3600 2690 3662; x_wconf 84' lang='lat' dir='ltr'><strong>rogant</strong></span> <span class='ocrx_word' id='word_1_559' title='bbox 2719 3602 2773 3647; x_wconf 88' lang='lat' dir='ltr'><strong>et</strong></span> <span class='ocrx_word' id='word_1_560' title='bbox 2793 3594 3122 3652; x_wconf 87' lang='lat' dir='ltr'><strong>obsecrant:</strong></span> <span class='ocrx_word' id='word_1_561' title='bbox 3152 3596 3468 3653; x_wconf 74' lang='lat' dir='ltr'><strong>Misericms</strong></span> 
     </span>
    </p>
   </div>
   <div class='ocr_carea' id='block_1_74' title="bbox 177 3672 1783 3752">
    <p class='ocr_par' dir='ltr' id='par_1_74' title="bbox 177 3672 1771 3752">
     <span class='ocr_line' id='line_1_74' title="bbox 177 3672 1771 3752; baseline -0.008 -15"><span class='ocrx_word' id='word_1_562' title='bbox 177 3683 387 3739; x_wconf 75' lang='grc' dir='ltr'><strong>ἐλεῶν</strong></span> <span class='ocrx_word' id='word_1_563' title='bbox 427 3683 691 3752; x_wconf 78' lang='grc' dir='ltr'>πτωχὸν,</span> <span class='ocrx_word' id='word_1_564' title='bbox 723 3679 977 3741; x_wconf 77' lang='grc' dir='ltr'>δανείζει</span> <span class='ocrx_word' id='word_1_565' title='bbox 1018 3677 1161 3744; x_wconf 84' lang='grc' dir='ltr'>Θεῷ,</span> <span class='ocrx_word' id='word_1_566' title='bbox 1212 3676 1380 3747; x_wconf 72' lang='grc' dir='ltr'>φησὶν</span> <span class='ocrx_word' id='word_1_567' title='bbox 1406 3676 1435 3728; x_wconf 86' lang='grc' dir='ltr'><strong>ό</strong></span> <span class='ocrx_word' id='word_1_568' title='bbox 1464 3672 1771 3743; x_wconf 84' lang='grc' dir='ltr'>προφήτης.</span> 
     </span>
    </p>
   </div>
   <div class='ocr_carea' id='block_1_75' title="bbox 1887 3672 3468 3752">
    <p class='ocr_par' dir='ltr' id='par_1_75' title="bbox 1887 3673 3468 3748">
     <span class='ocr_line' id='line_1_75' title="bbox 1887 3673 3468 3748; baseline 0.011 -22"><span class='ocrx_word' id='word_1_569' title='bbox 1887 3673 2174 3745; x_wconf 86' lang='lat' dir='ltr'><strong>miserere;</strong></span> <span class='ocrx_word' id='word_1_570' title='bbox 2215 3681 2531 3748; x_wconf 77' lang='lat' dir='ltr'><strong>miseratur,</strong></span> <span class='ocrx_word' id='word_1_571' title='bbox 2574 3692 2626 3739; x_wconf 89' lang='lat' dir='ltr'><strong>te</strong></span> <span class='ocrx_word' id='word_1_572' title='bbox 2673 3688 2850 3741; x_wconf 86' lang='lat' dir='ltr'><strong>nostri</strong></span> <span class='ocrx_word' id='word_1_573' title='bbox 2883 3688 3163 3744; x_wconf 86' lang='lat' dir='ltr'><strong>misereat.</strong></span> <span class='ocrx_word' id='word_1_574' title='bbox 3215 3689 3295 3743; x_wconf 88' lang='lat' dir='ltr'><strong>Tu</strong></span> <span class='ocrx_word' id='word_1_575' title='bbox 3339 3706 3468 3745; x_wconf 83' lang='lat' dir='ltr'><strong>vero</strong></span> 
     </span>
    </p>
   </div>
   <div class='ocr_carea' id='block_1_76' title="bbox 181 3763 3466 3850">
    <p class='ocr_par' dir='ltr' id='par_1_76' title="bbox 181 3763 3466 3850">
     <span class='ocr_line' id='line_1_76' title="bbox 181 3763 3466 3850; baseline 0 -17"><span class='ocrx_word' id='word_1_576' title='bbox 181 3776 568 3848; x_wconf 87' lang='lat' dir='ltr'><strong>supercilium</strong></span> <span class='ocrx_word' id='word_1_577' title='bbox 618 3774 851 3837; x_wconf 88' lang='lat' dir='ltr'><strong>attollis.</strong></span> <span class='ocrx_word' id='word_1_578' title='bbox 871 3789 939 3829; x_wconf 89' lang='lat' dir='ltr'><strong>ac</strong></span> <span class='ocrx_word' id='word_1_579' title='bbox 987 3773 1079 3828; x_wconf 79' lang='lat' dir='ltr'><strong>vix</strong></span> <span class='ocrx_word' id='word_1_580' title='bbox 1117 3771 1248 3826; x_wconf 89' lang='lat' dir='ltr'><strong>ullis</strong></span> <span class='ocrx_word' id='word_1_581' title='bbox 1270 3768 1530 3840; x_wconf 88' lang='lat' dir='ltr'><strong>precibus</strong></span> <span class='ocrx_word' id='word_1_582' title='bbox 1557 3763 1877 3819; x_wconf 83' lang='lat' dir='ltr'><strong>inﬂecteris.</strong></span> <span class='ocrx_word' id='word_1_583' title='bbox 1912 3763 2120 3823; x_wconf 91' lang='lat' dir='ltr'><strong>Tribue</strong></span> <span class='ocrx_word' id='word_1_584' title='bbox 2153 3769 2291 3842; x_wconf 84' lang='lat' dir='ltr'><strong>ipsis</strong></span> <span class='ocrx_word' id='word_1_585' title='bbox 2329 3788 2451 3844; x_wconf 69' lang='lat' dir='ltr'><strong>qua:</strong></span> <span class='ocrx_word' id='word_1_586' title='bbox 2484 3790 2587 3831; x_wconf 89' lang='lat' dir='ltr'><strong>sua</strong></span> <span class='ocrx_word' id='word_1_587' title='bbox 2608 3788 2757 3844; x_wconf 90' lang='lat' dir='ltr'><strong>sunt,</strong></span> <span class='ocrx_word' id='word_1_588' title='bbox 2788 3787 3083 3850; x_wconf 89' lang='lat' dir='ltr'><strong>antequam</strong></span> <span class='ocrx_word' id='word_1_589' title='bbox 3117 3782 3232 3835; x_wconf 90' lang='lat' dir='ltr'><strong>illic</strong></span> <span class='ocrx_word' id='word_1_590' title='bbox 3262 3782 3340 3838; x_wconf 87' lang='lat' dir='ltr'><strong>sis</strong></span> <span class='ocrx_word' id='word_1_591' title='bbox 3374 3780 3466 3839; x_wconf 90' lang='lat' dir='ltr'><strong>ubi</strong></span> 
     </span>
    </p>
   </div>
   <div class='ocr_carea' id='block_1_77' title="bbox 178 3860 3463 3949">
    <p class='ocr_par' dir='ltr' id='par_1_77' title="bbox 178 3860 3463 3949">
     <span class='ocr_line' id='line_1_77' title="bbox 178 3860 3463 3949; baseline 0.001 -19"><span class='ocrx_word' id='word_1_592' title='bbox 178 3872 523 3932; x_wconf 81' lang='lat' dir='ltr'><strong>referendas</strong></span> <span class='ocrx_word' id='word_1_593' title='bbox 546 3871 787 3927; x_wconf 88' lang='lat' dir='ltr'><strong>rationes</strong></span> <span class='ocrx_word' id='word_1_594' title='bbox 821 3870 1012 3925; x_wconf 85' lang='lat' dir='ltr'><strong>habes.</strong></span> <span class='ocrx_word' id='word_1_595' title='bbox 1037 3866 1244 3922; x_wconf 86' lang='lat' dir='ltr'><strong>Tribue</strong></span> <span class='ocrx_word' id='word_1_596' title='bbox 1271 3867 1409 3936; x_wconf 88' lang='lat' dir='ltr'><strong>ipsis</strong></span> <span class='ocrx_word' id='word_1_597' title='bbox 1437 3878 1561 3934; x_wconf 64' lang='lat' dir='ltr'><strong>qua:</strong></span> <span class='ocrx_word' id='word_1_598' title='bbox 1581 3877 1682 3917; x_wconf 86' lang='lat' dir='ltr'><strong>sua</strong></span> <span class='ocrx_word' id='word_1_599' title='bbox 1713 3867 1844 3914; x_wconf 81' lang='lat' dir='ltr'><strong>sunt</strong></span> <span class='ocrx_word' id='word_1_600' title='bbox 1868 3878 1883 3927; x_wconf 89' lang='lat'><strong>;</strong></span> <span class='ocrx_word' id='word_1_601' title='bbox 1908 3876 2035 3916; x_wconf 86' lang='lat' dir='ltr'><strong>nam</strong></span> <span class='ocrx_word' id='word_1_602' title='bbox 2066 3860 2283 3922; x_wconf 90' lang='lat' dir='ltr'><strong>Patrem</strong></span> <span class='ocrx_word' id='word_1_603' title='bbox 2314 3869 2519 3926; x_wconf 88' lang='lat' dir='ltr'><strong>habent</strong></span> <span class='ocrx_word' id='word_1_604' title='bbox 2539 3886 2744 3942; x_wconf 82' lang='lat' dir='ltr'><strong>regem.</strong></span> <span class='ocrx_word' id='word_1_605' title='bbox 2776 3874 2850 3928; x_wconf 89' lang='lat' dir='ltr'><strong>Da</strong></span> <span class='ocrx_word' id='word_1_606' title='bbox 2881 3875 3021 3945; x_wconf 87' lang='lat' dir='ltr'><strong>ipsis</strong></span> <span class='ocrx_word' id='word_1_607' title='bbox 3039 3893 3161 3949; x_wconf 69' lang='lat' dir='ltr'><strong>quae</strong></span> <span class='ocrx_word' id='word_1_608' title='bbox 3190 3894 3289 3933; x_wconf 84' lang='lat' dir='ltr'><strong>sua</strong></span> <span class='ocrx_word' id='word_1_609' title='bbox 3312 3888 3463 3943; x_wconf 83' lang='lat' dir='ltr'><strong>sunt,</strong></span> 
     </span>
    </p>
   </div>
   <div class='ocr_carea' id='block_1_78' title="bbox 173 3952 3464 4040">
    <p class='ocr_par' dir='ltr' id='par_1_78' title="bbox 173 3952 3464 4040">
     <span class='ocr_line' id='line_1_78' title="bbox 173 3952 3464 4040; baseline -0 -16"><span class='ocrx_word' id='word_1_610' title='bbox 173 3980 234 4026; x_wconf 88' lang='lat' dir='ltr'><strong>et</strong></span> <span class='ocrx_word' id='word_1_611' title='bbox 268 3970 346 4023; x_wconf 86' lang='lat' dir='ltr'><strong>ab</strong></span> <span class='ocrx_word' id='word_1_612' title='bbox 387 3980 583 4023; x_wconf 88' lang='lat' dir='ltr'><strong>eorum</strong></span> <span class='ocrx_word' id='word_1_613' title='bbox 624 3963 783 4020; x_wconf 86' lang='lat' dir='ltr'><strong>Patre</strong></span> <span class='ocrx_word' id='word_1_614' title='bbox 814 3964 1057 4018; x_wconf 87' lang='lat' dir='ltr'><strong>animum</strong></span> <span class='ocrx_word' id='word_1_615' title='bbox 1078 3962 1157 4017; x_wconf 86' lang='lat' dir='ltr'><strong>ab</strong></span> <span class='ocrx_word' id='word_1_616' title='bbox 1177 3952 1550 4017; x_wconf 83' lang='lat' dir='ltr'><strong>sollicitudine</strong></span> <span class='ocrx_word' id='word_1_617' title='bbox 1577 3954 1809 4010; x_wconf 88' lang='lat' dir='ltr'><strong>liberum</strong></span> <span class='ocrx_word' id='word_1_618' title='bbox 1843 3954 2054 4026; x_wconf 85' lang='lat' dir='ltr'><strong>accipe.</strong></span> <span class='ocrx_word' id='word_1_619' title='bbox 2086 3957 2259 4024; x_wconf 90' lang='lat' dir='ltr'><strong>Quem</strong></span> <span class='ocrx_word' id='word_1_620' title='bbox 2302 3963 2432 4018; x_wconf 92' lang='lat' dir='ltr'><strong>mihi</strong></span> <span class='ocrx_word' id='word_1_621' title='bbox 2463 3965 2707 4019; x_wconf 90' lang='lat' dir='ltr'><strong>animum</strong></span> <span class='ocrx_word' id='word_1_622' title='bbox 2736 3970 2886 4023; x_wconf 88' lang='lat' dir='ltr'><strong>curis</strong></span> <span class='ocrx_word' id='word_1_623' title='bbox 2912 3979 3225 4040; x_wconf 81' lang='lat' dir='ltr'><strong>exemptum</strong></span> <span class='ocrx_word' id='word_1_624' title='bbox 3250 3985 3464 4032; x_wconf 84' lang='lat' dir='ltr'><strong>narras,</strong></span> 
     </span>
    </p>
   </div>
   <div class='ocr_carea' id='block_1_79' title="bbox 176 4049 3467 4137">
    <p class='ocr_par' dir='ltr' id='par_1_79' title="bbox 176 4049 3467 4137">
     <span class='ocr_line' id='line_1_79' title="bbox 176 4049 3467 4137; baseline 0.001 -23"><span class='ocrx_word' id='word_1_625' title='bbox 176 4068 418 4137; x_wconf 79' lang='lat' dir='ltr'><strong>inquit?</strong></span> <span class='ocrx_word' id='word_1_626' title='bbox 450 4065 725 4133; x_wconf 55' lang='lat' dir='ltr'><strong>Quod‘uni</strong></span> <span class='ocrx_word' id='word_1_627' title='bbox 759 4078 826 4117; x_wconf 75' lang='lat' dir='ltr'><strong>ea:</strong></span> <span class='ocrx_word' id='word_1_628' title='bbox 860 4061 1094 4115; x_wconf 81' lang='lat' dir='ltr'><strong>minimis</strong></span> <span class='ocrx_word' id='word_1_629' title='bbox 1119 4061 1249 4114; x_wconf 83' lang='lat' dir='ltr'><strong>meis</strong></span> <span class='ocrx_word' id='word_1_630' title='bbox 1288 4055 1514 4125; x_wconf 77' lang='lat' dir='ltr'><strong>fecistis,</strong></span> <span class='ocrx_word' id='word_1_631' title='bbox 1564 4051 1695 4106; x_wconf 82' lang='lat' dir='ltr'><strong>mihi</strong></span> <span class='ocrx_word' id='word_1_632' title='bbox 1724 4049 1927 4119; x_wconf 79' lang='lat' dir='ltr'><strong>fecistis</strong></span> <span class='ocrx_word' id='word_1_633' title='bbox 1977 4052 2217 4122; x_wconf 76' lang='lat' dir='ltr'><strong>(Matth.</strong></span> <span class='ocrx_word' id='word_1_634' title='bbox 2248 4074 2377 4124; x_wconf 80' lang='lat' dir='ltr'><strong>xxv,</strong></span> <span class='ocrx_word' id='word_1_635' title='bbox 2436 4058 2568 4129; x_wconf 72' lang='grc'><strong>40).</strong></span> <span class='ocrx_word' id='word_1_636' title='bbox 2617 4058 2753 4114; x_wconf 83' lang='lat' dir='ltr'><strong>Nam</strong></span> <span class='ocrx_word' id='word_1_637' title='bbox 2789 4061 3064 4129; x_wconf 75' lang='lat' dir='ltr'><strong>feneratur</strong></span> <span class='ocrx_word' id='word_1_638' title='bbox 3106 4063 3240 4130; x_wconf 89' lang='lat' dir='ltr'><strong>Deo,</strong></span> <span class='ocrx_word' id='word_1_639' title='bbox 3290 4065 3467 4135; x_wconf 84' lang='lat' dir='ltr'><strong>inquit</strong></span> 
     </span>
    </p>
   </div>
   <div class='ocr_carea' id='block_1_80' title="bbox 173 4141 1735 4230">
    <p class='ocr_par' dir='ltr' id='par_1_80' title="bbox 173 4141 1735 4230">
     <span class='ocr_line' id='line_1_80' title="bbox 173 4141 1735 4230; baseline -0.012 -17"><span class='ocrx_word' id='word_1_640' title='bbox 173 4160 487 4230; x_wconf 83' lang='lat' dir='ltr'><strong>propheta,</strong></span> <span class='ocrx_word' id='word_1_641' title='bbox 519 4157 609 4226; x_wconf 72' lang='lat' dir='ltr'><strong>qui</strong></span> <span class='ocrx_word' id='word_1_642' title='bbox 642 4156 921 4208; x_wconf 83' lang='lat' dir='ltr'><strong>miseretur</strong></span> <span class='ocrx_word' id='word_1_643' title='bbox 970 4146 1436 4220; x_wconf 84' lang='lat' dir='ltr'><strong>pauperis(Prov.</strong></span> <span class='ocrx_word' id='word_1_644' title='bbox 1471 4159 1587 4206; x_wconf 72' lang='lat' dir='ltr'><strong>xxx,</strong></span> <span class='ocrx_word' id='word_1_645' title='bbox 1614 4141 1735 4210; x_wconf 78' lang='lat' dir='ltr'><strong>l7).</strong></span> 
     </span>
    </p>
   </div>
   <div class='ocr_carea' id='block_1_81' title="bbox 252 4232 1783 4331">
    <p class='ocr_par' dir='ltr' id='par_1_81' title="bbox 252 4232 1782 4311">
     <span class='ocr_line' id='line_1_81' title="bbox 252 4232 1782 4311; baseline -0.012 -9"><span class='ocrx_word' id='word_1_646' title='bbox 252 4249 440 4302; x_wconf 84' lang='grc' dir='ltr'>Ἴδετε</span> <span class='ocrx_word' id='word_1_647' title='bbox 475 4246 567 4299; x_wconf 79' lang='grc' dir='ltr'>τὸν</span> <span class='ocrx_word' id='word_1_648' title='bbox 589 4243 843 4308; x_wconf 83' lang='grc' dir='ltr'>πλοῦτον,</span> <span class='ocrx_word' id='word_1_649' title='bbox 863 4242 955 4295; x_wconf 85' lang='grc' dir='ltr'><strong>τὸν</strong></span> <span class='ocrx_word' id='word_1_650' title='bbox 990 4239 1270 4311; x_wconf 82' lang='grc' dir='ltr'>δραπέτην</span> <span class='ocrx_word' id='word_1_651' title='bbox 1295 4254 1307 4266; x_wconf 74' lang='grc' dir='ltr'><strong>ο</strong></span> <span class='ocrx_word' id='word_1_652' title='bbox 1336 4237 1397 4290; x_wconf 80' lang='grc' dir='ltr'>οὐ</span> <span class='ocrx_word' id='word_1_653' title='bbox 1418 4234 1698 4307; x_wconf 79' lang='grc' dir='ltr'>δραπέτην</span> <span class='ocrx_word' id='word_1_654' title='bbox 1724 4232 1782 4284; x_wconf 76' lang='grc' dir='ltr'>δὲ</span> 
     </span>
    </p>
   </div>
   <div class='ocr_carea' id='block_1_82' title="bbox 1887 4232 3459 4331">
    <p class='ocr_par' dir='ltr' id='par_1_82' title="bbox 1957 4241 3459 4331">
     <span class='ocr_line' id='line_1_82' title="bbox 1957 4241 3459 4331; baseline 0.011 -32"><span class='ocrx_word' id='word_1_655' title='bbox 1957 4241 2257 4315; x_wconf 79' lang='lat' dir='ltr'><strong>Ejusdem,</strong></span> <span class='ocrx_word' id='word_1_656' title='bbox 2316 4252 2518 4311; x_wconf 86' lang='lat' dir='ltr'><strong>Enarr.</strong></span> <span class='ocrx_word' id='word_1_657' title='bbox 2578 4258 2635 4313; x_wconf 85' lang='lat' dir='ltr'><strong>in</strong></span> <span class='ocrx_word' id='word_1_658' title='bbox 2691 4256 2844 4314; x_wconf 88' lang='lat' dir='ltr'><strong>Psal.</strong></span> <span class='ocrx_word' id='word_1_659' title='bbox 2905 4274 3054 4330; x_wconf 64' lang='grc' dir='ltr'>μιν,</span> <span class='ocrx_word' id='word_1_660' title='bbox 3116 4262 3180 4314; x_wconf 82' lang='lat' dir='ltr'><strong>de</strong></span> <span class='ocrx_word' id='word_1_661' title='bbox 3231 4258 3459 4331; x_wconf 82' lang='lat' dir='ltr'><strong>Eutrop.</strong></span> 
     </span>
    </p>
   </div>
   <div class='ocr_carea' id='block_1_83' title="bbox 179 4325 1783 4423">
    <p class='ocr_par' dir='ltr' id='par_1_83' title="bbox 179 4325 1780 4412">
     <span class='ocr_line' id='line_1_83' title="bbox 179 4325 1780 4412; baseline -0.011 -16"><span class='ocrx_word' id='word_1_662' title='bbox 179 4342 383 4412; x_wconf 76' lang='grc' dir='ltr'>μόνον,</span> <span class='ocrx_word' id='word_1_663' title='bbox 412 4337 556 4392; x_wconf 82' lang='grc' dir='ltr'><strong>ἀλλά</strong></span> <span class='ocrx_word' id='word_1_664' title='bbox 610 4338 707 4390; x_wconf 70' lang='grc' dir='ltr'><strong>καὶ</strong></span> <span class='ocrx_word' id='word_1_665' title='bbox 738 4333 1089 4406; x_wconf 82' lang='grc' dir='ltr'>ἀνδροφόνον.</span> <span class='ocrx_word' id='word_1_666' title='bbox 1120 4332 1195 4385; x_wconf 80' lang='grc' dir='ltr'><strong>Οὐ</strong></span> <span class='ocrx_word' id='word_1_667' title='bbox 1222 4331 1332 4402; x_wconf 85' lang='grc' dir='ltr'><strong>γὰρ</strong></span> <span class='ocrx_word' id='word_1_668' title='bbox 1376 4325 1780 4398; x_wconf 75' lang='grc' dir='ltr'>καταλιμπάνει</span> 
     </span>
    </p>
   </div>
   <div class='ocr_carea' id='block_1_84' title="bbox 1887 4325 3459 4423">
    <p class='ocr_par' dir='ltr' id='par_1_84' title="bbox 1887 4325 3459 4423">
     <span class='ocr_line' id='line_1_84' title="bbox 1887 4325 3459 4423; baseline 0.015 -36"><span class='ocrx_word' id='word_1_669' title='bbox 1887 4334 2187 4404; x_wconf 73' lang='lat' dir='ltr'><strong>[Nonnihil</strong></span> <span class='ocrx_word' id='word_1_670' title='bbox 2245 4343 2465 4403; x_wconf 87' lang='lat' dir='ltr'><strong>diversa</strong></span> <span class='ocrx_word' id='word_1_671' title='bbox 2494 4352 2562 4404; x_wconf 88' lang='lat' dir='ltr'><strong>ab</strong></span> <span class='ocrx_word' id='word_1_672' title='bbox 2596 4352 2824 4423; x_wconf 87' lang='lat' dir='ltr'><strong>editis.)</strong></span> <span class='ocrx_word' id='word_1_673' title='bbox 2855 4325 2926 4391; x_wconf 58' lang='grc' dir='ltr'>-έ</span> <span class='ocrx_word' id='word_1_674' title='bbox 2949 4351 3145 4409; x_wconf 86' lang='lat' dir='ltr'><strong>Videte</strong></span> <span class='ocrx_word' id='word_1_675' title='bbox 3210 4325 3459 4417; x_wconf 80' lang='lat' dir='ltr'><strong>divitias.</strong></span> 
     </span>
    </p>
   </div>
   <div class='ocr_carea' id='block_1_85' title="bbox 177 4420 1783 4517">
    <p class='ocr_par' dir='ltr' id='par_1_85' title="bbox 177 4420 1770 4505">
     <span class='ocr_line' id='line_1_85' title="bbox 177 4420 1770 4505; baseline -0.01 -16"><span class='ocrx_word' id='word_1_676' title='bbox 177 4437 349 4505; x_wconf 89' lang='grc' dir='ltr'>μόνον</span> <span class='ocrx_word' id='word_1_677' title='bbox 384 4432 521 4495; x_wconf 75' lang='grc' dir='ltr'>τοὺς</span> <span class='ocrx_word' id='word_1_678' title='bbox 552 4429 778 4501; x_wconf 81' lang='grc' dir='ltr'>ἔχοντας</span> <span class='ocrx_word' id='word_1_679' title='bbox 806 4425 995 4492; x_wconf 80' lang='grc' dir='ltr'>αὑτὸν,</span> <span class='ocrx_word' id='word_1_680' title='bbox 1023 4426 1160 4479; x_wconf 86' lang='grc' dir='ltr'><strong>ἀλλὰ</strong></span> <span class='ocrx_word' id='word_1_681' title='bbox 1188 4425 1283 4479; x_wconf 76' lang='grc' dir='ltr'>καὶ</span> <span class='ocrx_word' id='word_1_682' title='bbox 1316 4423 1513 4493; x_wconf 77' lang='grc' dir='ltr'>σφάζει</span> <span class='ocrx_word' id='word_1_683' title='bbox 1549 4420 1770 4482; x_wconf 83' lang='grc' dir='ltr'>αὐτούς.</span> 
     </span>
    </p>
   </div>
   <div class='ocr_carea' id='block_1_86' title="bbox 1887 4420 3457 4517">
    <p class='ocr_par' dir='ltr' id='par_1_86' title="bbox 1887 4420 3457 4517">
     <span class='ocr_line' id='line_1_86' title="bbox 1887 4420 3457 4517; baseline 0.014 -38"><span class='ocrx_word' id='word_1_684' title='bbox 1887 4428 2046 4493; x_wconf 79' lang='lat' dir='ltr'><strong>hunc,</strong></span> <span class='ocrx_word' id='word_1_685' title='bbox 2094 4433 2343 4503; x_wconf 88' lang='lat' dir='ltr'><strong>inquam,</strong></span> <span class='ocrx_word' id='word_1_686' title='bbox 2402 4439 2690 4512; x_wconf 82' lang='lat' dir='ltr'><strong>fugitivum</strong></span> <span class='ocrx_word' id='word_1_687' title='bbox 2749 4420 3143 4510; x_wconf 80' lang='lat' dir='ltr'><strong>servum;nec</strong></span> <span class='ocrx_word' id='word_1_688' title='bbox 3163 4444 3457 4517; x_wconf 85' lang='lat' dir='ltr'><strong>fugitivum</strong></span> 
     </span>
    </p>
   </div>
   <div class='ocr_carea' id='block_1_87' title="bbox 170 4513 1783 4603">
    <p class='ocr_par' dir='ltr' id='par_1_87' title="bbox 170 4513 1766 4594">
     <span class='ocr_line' id='line_1_87' title="bbox 170 4513 1766 4594; baseline -0.009 -15"><span class='ocrx_word' id='word_1_689' title='bbox 170 4527 376 4579; x_wconf 82' lang='grc' dir='ltr'>Πίστιν</span> <span class='ocrx_word' id='word_1_690' title='bbox 409 4522 526 4594; x_wconf 88' lang='grc' dir='ltr'><strong>γὰρ</strong></span> <span class='ocrx_word' id='word_1_691' title='bbox 555 4523 655 4576; x_wconf 80' lang='grc' dir='ltr'>οὐκ</span> <span class='ocrx_word' id='word_1_692' title='bbox 684 4520 819 4591; x_wconf 76' lang='grc' dir='ltr'>ἔχει.</span> <span class='ocrx_word' id='word_1_693' title='bbox 848 4518 1048 4590; x_wconf 84' lang='grc' dir='ltr'>Θηρίον</span> <span class='ocrx_word' id='word_1_694' title='bbox 1067 4517 1217 4569; x_wconf 73' lang='grc' dir='ltr'>ἐστὶν</span> <span class='ocrx_word' id='word_1_695' title='bbox 1240 4518 1268 4568; x_wconf 90' lang='grc' dir='ltr'>ὁ</span> <span class='ocrx_word' id='word_1_696' title='bbox 1290 4514 1517 4578; x_wconf 89' lang='grc' dir='ltr'>πλοῦτος</span> <span class='ocrx_word' id='word_1_697' title='bbox 1541 4513 1766 4566; x_wconf 76' lang='grc' dir='ltr'>ἰοϐόλον·</span> 
     </span>
    </p>
   </div>
   <div class='ocr_carea' id='block_1_88' title="bbox 1887 4513 3459 4603">
    <p class='ocr_par' dir='ltr' id='par_1_88' title="bbox 1887 4513 3459 4603">
     <span class='ocr_line' id='line_1_88' title="bbox 1887 4513 3459 4603; baseline 0.011 -32"><span class='ocrx_word' id='word_1_698' title='bbox 1887 4521 2065 4585; x_wconf 89' lang='lat' dir='ltr'><strong>modo,</strong></span> <span class='ocrx_word' id='word_1_699' title='bbox 2095 4527 2189 4578; x_wconf 87' lang='lat' dir='ltr'><strong>sed</strong></span> <span class='ocrx_word' id='word_1_700' title='bbox 2211 4537 2265 4581; x_wconf 90' lang='lat' dir='ltr'><strong>et</strong></span> <span class='ocrx_word' id='word_1_701' title='bbox 2292 4527 2653 4586; x_wconf 88' lang='lat' dir='ltr'><strong>homicidam.</strong></span> <span class='ocrx_word' id='word_1_702' title='bbox 2673 4531 2861 4603; x_wconf 87' lang='lat' dir='ltr'><strong>Neque</strong></span> <span class='ocrx_word' id='word_1_703' title='bbox 2876 4538 3025 4589; x_wconf 91' lang='lat' dir='ltr'><strong>enim</strong></span> <span class='ocrx_word' id='word_1_704' title='bbox 3049 4551 3185 4591; x_wconf 86' lang='lat' dir='ltr'><strong>suos</strong></span> <span class='ocrx_word' id='word_1_705' title='bbox 3220 4513 3459 4590; x_wconf 66' lang='lat' dir='ltr'><strong>tantum-</strong></span> 
     </span>
    </p>
   </div>
   <div class='ocr_carea' id='block_1_89' title="bbox 166 4606 1769 4685">
    <p class='ocr_par' dir='ltr' id='par_1_89' title="bbox 166 4606 1769 4685">
     <span class='ocr_line' id='line_1_89' title="bbox 166 4606 1769 4685; baseline -0.008 -16"><span class='ocrx_word' id='word_1_706' title='bbox 166 4618 267 4671; x_wconf 76' lang='grc' dir='ltr'>ἐὰν</span> <span class='ocrx_word' id='word_1_707' title='bbox 324 4615 664 4685; x_wconf 84' lang='grc' dir='ltr'>κατέχεται,</span> <span class='ocrx_word' id='word_1_708' title='bbox 721 4611 958 4681; x_wconf 62' lang='grc' dir='ltr'>φεῦγεν</span> <span class='ocrx_word' id='word_1_709' title='bbox 1001 4607 1098 4662; x_wconf 80' lang='grc' dir='ltr'><strong>ἐὰν</strong></span> <span class='ocrx_word' id='word_1_710' title='bbox 1157 4606 1541 4677; x_wconf 83' lang='grc' dir='ltr'>σκορπίζεται,</span> <span class='ocrx_word' id='word_1_711' title='bbox 1590 4621 1769 4674; x_wconf 87' lang='grc' dir='ltr'>παρα-</span> 
     </span>
    </p>
   </div>
   <div class='ocr_carea' id='block_1_90' title="bbox 165 4696 1769 4783">
    <p class='ocr_par' dir='ltr' id='par_1_90' title="bbox 165 4696 1769 4783">
     <span class='ocr_line' id='line_1_90' title="bbox 165 4696 1769 4783; baseline -0.011 -16"><span class='ocrx_word' id='word_1_712' title='bbox 165 4715 353 4783; x_wconf 83' lang='grc' dir='ltr'>μένει.</span> <span class='ocrx_word' id='word_1_713' title='bbox 402 4709 832 4778; x_wconf 73' lang='grc' dir='ltr'>Ἐσκόρπισεν,</span> <span class='ocrx_word' id='word_1_714' title='bbox 872 4704 1100 4760; x_wconf 70' lang='grc' dir='ltr'>ἔδωκεν</span> <span class='ocrx_word' id='word_1_715' title='bbox 1126 4703 1251 4769; x_wconf 82' lang='grc' dir='ltr'>τοῖς</span> <span class='ocrx_word' id='word_1_716' title='bbox 1288 4701 1551 4766; x_wconf 81' lang='grc' dir='ltr'>πένησιν</span> <span class='ocrx_word' id='word_1_717' title='bbox 1570 4713 1585 4728; x_wconf 89' lang='grc'><strong>·</strong></span> <span class='ocrx_word' id='word_1_718' title='bbox 1615 4697 1654 4765; x_wconf 77' lang='grc' dir='ltr'><strong>ἡ</strong></span> <span class='ocrx_word' id='word_1_719' title='bbox 1683 4696 1769 4750; x_wconf 84' lang='grc' dir='ltr'>δι-</span> 
     </span>
    </p>
   </div>
   <div class='ocr_carea' id='block_1_91' title="bbox 165 4789 1763 4871">
    <p class='ocr_par' dir='ltr' id='par_1_91' title="bbox 165 4789 1763 4871">
     <span class='ocr_line' id='line_1_91' title="bbox 165 4789 1763 4871; baseline -0.011 -11"><span class='ocrx_word' id='word_1_720' title='bbox 165 4805 489 4871; x_wconf 82' lang='grc' dir='ltr'>καιοσύνη</span> <span class='ocrx_word' id='word_1_721' title='bbox 516 4801 705 4855; x_wconf 82' lang='grc' dir='ltr'>αὐτοῦ</span> <span class='ocrx_word' id='word_1_722' title='bbox 732 4800 901 4869; x_wconf 83' lang='grc' dir='ltr'>μένει</span> <span class='ocrx_word' id='word_1_723' title='bbox 931 4801 1018 4862; x_wconf 81' lang='grc' dir='ltr'><strong>είς</strong></span> <span class='ocrx_word' id='word_1_724' title='bbox 1045 4798 1153 4851; x_wconf 76' lang='grc' dir='ltr'><strong>τὸν</strong></span> <span class='ocrx_word' id='word_1_725' title='bbox 1180 4795 1368 4849; x_wconf 81' lang='grc' dir='ltr'>ιιὶὼνα</span> <span class='ocrx_word' id='word_1_726' title='bbox 1390 4791 1497 4847; x_wconf 85' lang='grc' dir='ltr'><strong>τοῦ</strong></span> <span class='ocrx_word' id='word_1_727' title='bbox 1531 4789 1763 4855; x_wconf 69' lang='grc' dir='ltr'>αἰῶνος.</span> 
     </span>
    </p>
   </div>
   <div class='ocr_carea' id='block_1_92' title="bbox 162 4881 1765 4966">
    <p class='ocr_par' dir='ltr' id='par_1_92' title="bbox 162 4881 1765 4966">
     <span class='ocr_line' id='line_1_92' title="bbox 162 4881 1765 4966; baseline -0.009 -18"><span class='ocrx_word' id='word_1_728' title='bbox 162 4898 498 4966; x_wconf 85' lang='grc' dir='ltr'>Σκόρπισον</span> <span class='ocrx_word' id='word_1_729' title='bbox 531 4888 624 4946; x_wconf 82' lang='grc' dir='ltr'><strong>οῦν</strong></span> <span class='ocrx_word' id='word_1_730' title='bbox 655 4892 839 4966; x_wconf 82' lang='grc' dir='ltr'>αὑτὸν,</span> <span class='ocrx_word' id='word_1_731' title='bbox 872 4892 961 4944; x_wconf 80' lang='grc' dir='ltr'><strong>ἵνα</strong></span> <span class='ocrx_word' id='word_1_732' title='bbox 999 4890 1159 4963; x_wconf 82' lang='grc' dir='ltr'>μένῃ.</span> <span class='ocrx_word' id='word_1_733' title='bbox 1190 4886 1572 4959; x_wconf 85' lang='grc' dir='ltr'>Θησαυρίσατε</span> <span class='ocrx_word' id='word_1_734' title='bbox 1603 4881 1765 4935; x_wconf 79' lang='grc' dir='ltr'>αὐτὸν</span> 
     </span>
    </p>
   </div>
   <div class='ocr_carea' id='block_1_93' title="bbox 161 4964 1766 5055">
    <p class='ocr_par' dir='ltr' id='par_1_93' title="bbox 161 4964 1766 5055">
     <span class='ocr_line' id='line_1_93' title="bbox 161 4964 1766 5055; baseline -0.01 -14"><span class='ocrx_word' id='word_1_735' title='bbox 161 4991 222 5042; x_wconf 83' lang='grc' dir='ltr'><strong>ὲν</strong></span> <span class='ocrx_word' id='word_1_736' title='bbox 244 4964 365 5049; x_wconf 80' lang='grc' dir='ltr'>τοῖς</span> <span class='ocrx_word' id='word_1_737' title='bbox 393 4985 679 5055; x_wconf 84' lang='grc' dir='ltr'>οὐρανοῖς,</span> <span class='ocrx_word' id='word_1_738' title='bbox 711 4964 846 5035; x_wconf 82' lang='grc' dir='ltr'>ὅπου</span> <span class='ocrx_word' id='word_1_739' title='bbox 874 4980 1121 5051; x_wconf 85' lang='grc' dir='ltr'>κλέπτης</span> <span class='ocrx_word' id='word_1_740' title='bbox 1144 4979 1245 5032; x_wconf 79' lang='grc' dir='ltr'><strong>οὐκ</strong></span> <span class='ocrx_word' id='word_1_741' title='bbox 1267 4977 1497 5046; x_wconf 74' lang='grc' dir='ltr'>ἐγγίζει,</span> <span class='ocrx_word' id='word_1_742' title='bbox 1521 4974 1640 5027; x_wconf 80' lang='grc' dir='ltr'>οὐδὲ</span> <span class='ocrx_word' id='word_1_743' title='bbox 1666 4972 1766 5042; x_wconf 79' lang='grc' dir='ltr'>σὴς</span> 
     </span>
    </p>
   </div>
   <div class='ocr_carea' id='block_1_94' title="bbox 159 5062 1764 5151">
    <p class='ocr_par' dir='ltr' id='par_1_94' title="bbox 159 5062 1764 5151">
     <span class='ocr_line' id='line_1_94' title="bbox 159 5062 1764 5151; baseline -0.011 -17"><span class='ocrx_word' id='word_1_744' title='bbox 159 5080 516 5151; x_wconf 82' lang='grc' dir='ltr'>διαφθείρει.</span> <span class='ocrx_word' id='word_1_745' title='bbox 558 5062 668 5129; x_wconf 86' lang='grc' dir='ltr'>Ποῦ</span> <span class='ocrx_word' id='word_1_746' title='bbox 697 5076 748 5128; x_wconf 79' lang='grc' dir='ltr'>οἱ</span> <span class='ocrx_word' id='word_1_747' title='bbox 794 5075 1205 5143; x_wconf 82' lang='grc' dir='ltr'>πλουτήσαντες</span> <span class='ocrx_word' id='word_1_748' title='bbox 1240 5070 1349 5139; x_wconf 81' lang='grc' dir='ltr'>πρὸ</span> <span class='ocrx_word' id='word_1_749' title='bbox 1391 5068 1587 5140; x_wconf 76' lang='grc' dir='ltr'>ήμῶνς</span> <span class='ocrx_word' id='word_1_750' title='bbox 1636 5066 1764 5133; x_wconf 76' lang='grc' dir='ltr'>ὲλη·</span> 
     </span>
    </p>
   </div>
   <div class='ocr_carea' id='block_1_95' title="bbox 160 5161 1761 5245">
    <p class='ocr_par' dir='ltr' id='par_1_95' title="bbox 160 5161 1761 5245">
     <span class='ocr_line' id='line_1_95' title="bbox 160 5161 1761 5245; baseline -0.009 -19"><span class='ocrx_word' id='word_1_751' title='bbox 160 5172 558 5245; x_wconf 81' lang='grc' dir='ltr'>σμονήθησαν.</span> <span class='ocrx_word' id='word_1_752' title='bbox 601 5168 804 5230; x_wconf 79' lang='grc' dir='ltr'>Ἡδέως</span> <span class='ocrx_word' id='word_1_753' title='bbox 832 5168 898 5221; x_wconf 83' lang='grc' dir='ltr'>ἂν</span> <span class='ocrx_word' id='word_1_754' title='bbox 931 5168 1163 5237; x_wconf 79' lang='grc' dir='ltr'>ἐροίμην</span> <span class='ocrx_word' id='word_1_755' title='bbox 1195 5166 1323 5228; x_wconf 80' lang='grc' dir='ltr'>τοὺς</span> <span class='ocrx_word' id='word_1_756' title='bbox 1366 5161 1761 5224; x_wconf 82' lang='grc' dir='ltr'>ἀποθανόντας,</span> 
     </span>
    </p>
   </div>
   <div class='ocr_carea' id='block_1_96' title="bbox 158 5252 1758 5335">
    <p class='ocr_par' dir='ltr' id='par_1_96' title="bbox 158 5252 1758 5335">
     <span class='ocr_line' id='line_1_96' title="bbox 158 5252 1758 5335; baseline -0.009 -16"><span class='ocrx_word' id='word_1_757' title='bbox 158 5268 259 5321; x_wconf 68' lang='grc' dir='ltr'>καὶ</span> <span class='ocrx_word' id='word_1_758' title='bbox 274 5265 524 5335; x_wconf 77' lang='grc' dir='ltr'>ἠρώτων</span> <span class='ocrx_word' id='word_1_759' title='bbox 541 5261 759 5326; x_wconf 77' lang='grc' dir='ltr'>αὐτούς’</span> <span class='ocrx_word' id='word_1_760' title='bbox 780 5260 888 5314; x_wconf 88' lang='grc' dir='ltr'>Ποῦ</span> <span class='ocrx_word' id='word_1_761' title='bbox 912 5261 940 5312; x_wconf 82' lang='grc' dir='ltr'>ὁ</span> <span class='ocrx_word' id='word_1_762' title='bbox 961 5258 1209 5321; x_wconf 84' lang='grc' dir='ltr'>πλοῦτος,</span> <span class='ocrx_word' id='word_1_763' title='bbox 1224 5257 1318 5310; x_wconf 81' lang='grc' dir='ltr'>καὶ</span> <span class='ocrx_word' id='word_1_764' title='bbox 1339 5257 1389 5310; x_wconf 82' lang='grc' dir='ltr'>οἱ</span> <span class='ocrx_word' id='word_1_765' title='bbox 1408 5252 1758 5326; x_wconf 83' lang='grc' dir='ltr'>στρατιῶται,</span> 
     </span>
    </p>
   </div>
   <div class='ocr_carea' id='block_1_97' title="bbox 157 5344 1761 5423">
    <p class='ocr_par' dir='ltr' id='par_1_97' title="bbox 157 5344 1761 5423">
     <span class='ocr_line' id='line_1_97' title="bbox 157 5344 1761 5423; baseline -0.007 -16"><span class='ocrx_word' id='word_1_766' title='bbox 157 5357 257 5407; x_wconf 74' lang='grc' dir='ltr'><strong>καὶ</strong></span> <span class='ocrx_word' id='word_1_767' title='bbox 284 5356 360 5407; x_wconf 69' lang='grc' dir='ltr'>τὰ</span> <span class='ocrx_word' id='word_1_768' title='bbox 389 5353 523 5422; x_wconf 81' lang='grc' dir='ltr'>ξίφη</span> <span class='ocrx_word' id='word_1_769' title='bbox 555 5351 624 5404; x_wconf 84' lang='grc' dir='ltr'><strong>τὰ</strong></span> <span class='ocrx_word' id='word_1_770' title='bbox 654 5352 1042 5423; x_wconf 82' lang='grc' dir='ltr'>ἀστράπτοντα</span> <span class='ocrx_word' id='word_1_771' title='bbox 1075 5352 1139 5401; x_wconf 81' lang='grc' dir='ltr'>ἐκ</span> <span class='ocrx_word' id='word_1_772' title='bbox 1157 5349 1255 5418; x_wconf 81' lang='grc' dir='ltr'>τῆς</span> <span class='ocrx_word' id='word_1_773' title='bbox 1287 5348 1523 5411; x_wconf 87' lang='grc' dir='ltr'>ἁκόνης;</span> <span class='ocrx_word' id='word_1_774' title='bbox 1554 5344 1665 5397; x_wconf 90' lang='grc' dir='ltr'>Ποῦ</span> <span class='ocrx_word' id='word_1_775' title='bbox 1691 5344 1761 5396; x_wconf 85' lang='grc' dir='ltr'>τὰ</span> 
     </span>
    </p>
   </div>
   <div class='ocr_carea' id='block_1_98' title="bbox 154 5426 1760 5519">
    <p class='ocr_par' dir='ltr' id='par_1_98' title="bbox 154 5426 1760 5519">
     <span class='ocr_line' id='line_1_98' title="bbox 154 5426 1760 5519; baseline -0.007 -18"><span class='ocrx_word' id='word_1_776' title='bbox 154 5446 588 5519; x_wconf 81' lang='grc' dir='ltr'>ἀργυρώματα,</span> <span class='ocrx_word' id='word_1_777' title='bbox 620 5426 797 5498; x_wconf 68' lang='grc' dir='ltr'>καὶάἱ</span> <span class='ocrx_word' id='word_1_778' title='bbox 830 5444 1005 5497; x_wconf 79' lang='grc' dir='ltr'>κλίναι</span> <span class='ocrx_word' id='word_1_779' title='bbox 1030 5443 1089 5495; x_wconf 85' lang='grc' dir='ltr'>αἱ</span> <span class='ocrx_word' id='word_1_780' title='bbox 1122 5442 1394 5512; x_wconf 72' lang='grc' dir='ltr'>ἀργυραῖς</span> <span class='ocrx_word' id='word_1_781' title='bbox 1416 5439 1520 5491; x_wconf 88' lang='grc' dir='ltr'><strong>ποῦ</strong></span> <span class='ocrx_word' id='word_1_782' title='bbox 1542 5439 1593 5491; x_wconf 84' lang='lat' dir='ltr'><strong>oi</strong></span> <span class='ocrx_word' id='word_1_783' title='bbox 1615 5438 1760 5491; x_wconf 78' lang='grc' dir='ltr'>οίκὲ-</span> 
     </span>
    </p>
   </div>
   <div class='ocr_carea' id='block_1_99' title="bbox 153 5531 1759 5608">
    <p class='ocr_par' dir='ltr' id='par_1_99' title="bbox 153 5531 1759 5608">
     <span class='ocr_line' id='line_1_99' title="bbox 153 5531 1759 5608; baseline -0.006 -15"><span class='ocrx_word' id='word_1_784' title='bbox 153 5557 283 5605; x_wconf 73' lang='grc' dir='ltr'>ταις</span> <span class='ocrx_word' id='word_1_785' title='bbox 314 5537 429 5591; x_wconf 84' lang='grc' dir='ltr'><strong>ποῦ</strong></span> <span class='ocrx_word' id='word_1_786' title='bbox 454 5539 505 5591; x_wconf 87' lang='grc' dir='ltr'>οἱ</span> <span class='ocrx_word' id='word_1_787' title='bbox 535 5538 813 5608; x_wconf 79' lang='grc' dir='ltr'>εὑνοῦχοι;</span> <span class='ocrx_word' id='word_1_788' title='bbox 841 5536 944 5590; x_wconf 87' lang='grc' dir='ltr'><strong>ποῦ</strong></span> <span class='ocrx_word' id='word_1_789' title='bbox 969 5537 1018 5589; x_wconf 71' lang='lat' dir='ltr'><strong>oi</strong></span> <span class='ocrx_word' id='word_1_790' title='bbox 1040 5537 1183 5607; x_wconf 83' lang='grc' dir='ltr'>φίλοι</span> <span class='ocrx_word' id='word_1_791' title='bbox 1206 5552 1221 5600; x_wconf 85' lang='grc'>;</span> <span class='ocrx_word' id='word_1_792' title='bbox 1246 5533 1349 5586; x_wconf 91' lang='grc' dir='ltr'><strong>ποῦ</strong></span> <span class='ocrx_word' id='word_1_793' title='bbox 1377 5536 1434 5585; x_wconf 87' lang='grc' dir='ltr'><strong>αί</strong></span> <span class='ocrx_word' id='word_1_794' title='bbox 1462 5532 1631 5586; x_wconf 77' lang='grc' dir='ltr'>οἰκίαι</span> <span class='ocrx_word' id='word_1_795' title='bbox 1656 5549 1669 5597; x_wconf 90' lang='grc'>;</span> <span class='ocrx_word' id='word_1_796' title='bbox 1693 5531 1759 5583; x_wconf 88' lang='grc' dir='ltr'>Τί</span> 
     </span>
    </p>
   </div>
   <div class='ocr_carea' id='block_1_100' title="bbox 155 5626 1756 5702">
    <p class='ocr_par' dir='ltr' id='par_1_100' title="bbox 155 5626 1756 5702">
     <span class='ocr_line' id='line_1_100' title="bbox 155 5626 1756 5702; baseline -0.005 -16"><span class='ocrx_word' id='word_1_797' title='bbox 155 5632 429 5702; x_wconf 80' lang='grc' dir='ltr'>κατέχεις</span> <span class='ocrx_word' id='word_1_798' title='bbox 479 5631 709 5685; x_wconf 90' lang='grc' dir='ltr'>πλοῦτον</span> <span class='ocrx_word' id='word_1_799' title='bbox 742 5632 835 5683; x_wconf 75' lang='grc' dir='ltr'><strong>τὸν</strong></span> <span class='ocrx_word' id='word_1_800' title='bbox 868 5635 940 5683; x_wconf 71' lang='grc' dir='ltr'>ὲν</span> <span class='ocrx_word' id='word_1_801' title='bbox 982 5628 1163 5700; x_wconf 81' lang='grc' dir='ltr'>καιρῷ</span> <span class='ocrx_word' id='word_1_802' title='bbox 1212 5628 1459 5697; x_wconf 80' lang='grc' dir='ltr'>ἀνάγκης</span> <span class='ocrx_word' id='word_1_803' title='bbox 1504 5626 1656 5679; x_wconf 79' lang='grc' dir='ltr'>οὐδέν</span> <span class='ocrx_word' id='word_1_804' title='bbox 1697 5639 1756 5678; x_wconf 86' lang='grc' dir='ltr'><strong>σε</strong></span> 
     </span>
    </p>
   </div>
   <div class='ocr_carea' id='block_1_101' title="bbox 155 5719 1757 5796">
    <p class='ocr_par' dir='ltr' id='par_1_101' title="bbox 155 5719 1757 5796">
     <span class='ocr_line' id='line_1_101' title="bbox 155 5719 1757 5796; baseline -0.004 -17"><span class='ocrx_word' id='word_1_805' title='bbox 155 5726 493 5796; x_wconf 82' lang='grc' dir='ltr'>ὠφελοῦντα</span> <span class='ocrx_word' id='word_1_806' title='bbox 512 5742 527 5790; x_wconf 89' lang='grc'><strong>;</strong></span> <span class='ocrx_word' id='word_1_807' title='bbox 555 5725 695 5793; x_wconf 80' lang='grc' dir='ltr'>Ἐγὼ</span> <span class='ocrx_word' id='word_1_808' title='bbox 715 5726 775 5776; x_wconf 74' lang='grc' dir='ltr'>οὐ</span> <span class='ocrx_word' id='word_1_809' title='bbox 798 5723 1029 5792; x_wconf 80' lang='grc' dir='ltr'>κεκόλλη</span> <span class='ocrx_word' id='word_1_810' title='bbox 1038 5740 1137 5791; x_wconf 86' lang='grc' dir='ltr'><strong>μαι</strong></span> <span class='ocrx_word' id='word_1_811' title='bbox 1155 5724 1270 5784; x_wconf 89' lang='grc' dir='ltr'>τοῖς</span> <span class='ocrx_word' id='word_1_812' title='bbox 1300 5720 1571 5782; x_wconf 86' lang='grc' dir='ltr'>πλουσίοις</span> <span class='ocrx_word' id='word_1_813' title='bbox 1589 5761 1602 5783; x_wconf 92' lang='grc'><strong>,</strong></span> <span class='ocrx_word' id='word_1_814' title='bbox 1622 5719 1757 5773; x_wconf 75' lang='grc' dir='ltr'>ἀλλὰ</span> 
     </span>
    </p>
   </div>
   <div class='ocr_carea' id='block_1_102' title="bbox 154 5812 1755 5886">
    <p class='ocr_par' dir='ltr' id='par_1_102' title="bbox 154 5812 1755 5886">
     <span class='ocr_line' id='line_1_102' title="bbox 154 5812 1755 5886; baseline -0.006 -13"><span class='ocrx_word' id='word_1_815' title='bbox 154 5822 275 5884; x_wconf 82' lang='grc' dir='ltr'>τοῖς</span> <span class='ocrx_word' id='word_1_816' title='bbox 312 5818 514 5879; x_wconf 85' lang='grc' dir='ltr'>κακῶς</span> <span class='ocrx_word' id='word_1_817' title='bbox 543 5816 635 5886; x_wconf 69' lang='grc' dir='ltr'><strong>τῷ,</strong></span> <span class='ocrx_word' id='word_1_818' title='bbox 674 5814 889 5867; x_wconf 82' lang='grc' dir='ltr'>πλούτω</span> <span class='ocrx_word' id='word_1_819' title='bbox 933 5813 1319 5884; x_wconf 80' lang='grc' dir='ltr'>κεχρημένοις.</span> <span class='ocrx_word' id='word_1_820' title='bbox 1351 5814 1426 5865; x_wconf 78' lang='grc' dir='ltr'><strong>Οὐ</strong></span> <span class='ocrx_word' id='word_1_821' title='bbox 1470 5813 1561 5865; x_wconf 82' lang='grc' dir='ltr'>τὸν</span> <span class='ocrx_word' id='word_1_822' title='bbox 1594 5812 1755 5864; x_wconf 76' lang='grc' dir='ltr'>πλού-</span> 
     </span>
    </p>
   </div>
   <div class='ocr_carea' id='block_1_103' title="bbox 505 5933 1155 5995">
    <p class='ocr_par' dir='ltr' id='par_1_103' title="bbox 505 5933 1155 5995">
     <span class='ocr_line' id='line_1_103' title="bbox 505 5933 1155 5995; baseline 0.003 -2"><span class='ocrx_word' id='word_1_823' title='bbox 505 5933 772 5993; x_wconf 61' lang='grc' dir='ltr'>ΡΑτιιοι..</span> <span class='ocrx_word' id='word_1_824' title='bbox 818 5936 932 5993; x_wconf 75' lang='lat' dir='ltr'><strong>Gn.</strong></span> <span class='ocrx_word' id='word_1_825' title='bbox 977 5935 1155 5995; x_wconf 70' lang='lat' dir='ltr'><strong>XCV.</strong></span> 
     </span>
    </p>
   </div>
   <div class='ocr_carea' id='block_1_104' title="bbox 1873 4613 3453 4683">
    <p class='ocr_par' dir='ltr' id='par_1_104' title="bbox 1873 4613 3453 4683">
     <span class='ocr_line' id='line_1_104' title="bbox 1873 4613 3453 4683; baseline 0.011 -20"><span class='ocrx_word' id='word_1_826' title='bbox 1873 4613 2040 4667; x_wconf 90' lang='lat' dir='ltr'><strong>modo</strong></span> <span class='ocrx_word' id='word_1_827' title='bbox 2117 4614 2369 4676; x_wconf 85' lang='lat' dir='ltr'><strong>dominos</strong></span> <span class='ocrx_word' id='word_1_828' title='bbox 2441 4623 2706 4679; x_wconf 88' lang='lat' dir='ltr'><strong>deserit:</strong></span> <span class='ocrx_word' id='word_1_829' title='bbox 2769 4627 2867 4682; x_wconf 89' lang='lat' dir='ltr'><strong>sed</strong></span> <span class='ocrx_word' id='word_1_830' title='bbox 2920 4626 3086 4682; x_wconf 89' lang='lat' dir='ltr'><strong>etiam</strong></span> <span class='ocrx_word' id='word_1_831' title='bbox 3137 4629 3453 4683; x_wconf 88' lang='lat' dir='ltr'><strong>obtruncat.</strong></span> 
     </span>
    </p>
   </div>
   <div class='ocr_carea' id='block_1_105' title="bbox 1869 4700 3456 4782">
    <p class='ocr_par' dir='ltr' id='par_1_105' title="bbox 1869 4700 3456 4782">
     <span class='ocr_line' id='line_1_105' title="bbox 1869 4700 3456 4782; baseline 0.013 -27"><span class='ocrx_word' id='word_1_832' title='bbox 1869 4700 2031 4758; x_wconf 87' lang='lat' dir='ltr'><strong>Nulla</strong></span> <span class='ocrx_word' id='word_1_833' title='bbox 2058 4708 2264 4779; x_wconf 91' lang='lat' dir='ltr'><strong>quippe</strong></span> <span class='ocrx_word' id='word_1_834' title='bbox 2286 4712 2392 4782; x_wconf 87' lang='lat' dir='ltr'><strong>ipsi</strong></span> <span class='ocrx_word' id='word_1_835' title='bbox 2434 4716 2569 4771; x_wconf 90' lang='lat' dir='ltr'><strong>ﬁdes</strong></span> <span class='ocrx_word' id='word_1_836' title='bbox 2610 4717 2774 4772; x_wconf 89' lang='lat' dir='ltr'><strong>inest.</strong></span> <span class='ocrx_word' id='word_1_837' title='bbox 2824 4718 3037 4774; x_wconf 73' lang='lat' dir='ltr'><strong>Divitia:</strong></span> <span class='ocrx_word' id='word_1_838' title='bbox 3092 4720 3335 4776; x_wconf 88' lang='lat' dir='ltr'><strong>veneﬁca</strong></span> <span class='ocrx_word' id='word_1_839' title='bbox 3364 4721 3456 4775; x_wconf 82' lang='lat' dir='ltr'><strong>be-</strong></span> 
     </span>
    </p>
   </div>
   <div class='ocr_carea' id='block_1_106' title="bbox 1868 4797 3450 4881">
    <p class='ocr_par' dir='ltr' id='par_1_106' title="bbox 1868 4797 3450 4881">
     <span class='ocr_line' id='line_1_106' title="bbox 1868 4797 3450 4881; baseline 0.01 -32"><span class='ocrx_word' id='word_1_840' title='bbox 1868 4797 1972 4849; x_wconf 87' lang='lat' dir='ltr'><strong>stia</strong></span> <span class='ocrx_word' id='word_1_841' title='bbox 1994 4808 2146 4854; x_wconf 89' lang='lat' dir='ltr'><strong>sunt.</strong></span> <span class='ocrx_word' id='word_1_842' title='bbox 2173 4800 2309 4857; x_wconf 81' lang='lat' dir='ltr'><strong>Cum</strong></span> <span class='ocrx_word' id='word_1_843' title='bbox 2347 4815 2629 4872; x_wconf 87' lang='lat' dir='ltr'><strong>tenentur,</strong></span> <span class='ocrx_word' id='word_1_844' title='bbox 2654 4808 2909 4879; x_wconf 76' lang='lat' dir='ltr'><strong>fugiunt;</strong></span> <span class='ocrx_word' id='word_1_845' title='bbox 2940 4825 3066 4865; x_wconf 92' lang='lat' dir='ltr'><strong>cum</strong></span> <span class='ocrx_word' id='word_1_846' title='bbox 3096 4822 3450 4881; x_wconf 86' lang='lat' dir='ltr'><strong>sparguntur,</strong></span> 
     </span>
    </p>
   </div>
   <div class='ocr_carea' id='block_1_107' title="bbox 1866 4895 3450 4973">
    <p class='ocr_par' dir='ltr' id='par_1_107' title="bbox 1866 4895 3450 4973">
     <span class='ocr_line' id='line_1_107' title="bbox 1866 4895 3450 4973; baseline 0.011 -33"><span class='ocrx_word' id='word_1_847' title='bbox 1866 4902 2174 4948; x_wconf 87' lang='lat' dir='ltr'><strong>remanent.</strong></span> <span class='ocrx_word' id='word_1_848' title='bbox 2235 4895 2524 4967; x_wconf 79' lang='lat' dir='ltr'><strong>Dispersit,</strong></span> <span class='ocrx_word' id='word_1_849' title='bbox 2554 4903 2701 4957; x_wconf 89' lang='lat' dir='ltr'><strong>enim</strong></span> <span class='ocrx_word' id='word_1_850' title='bbox 2732 4904 2912 4971; x_wconf 90' lang='lat' dir='ltr'><strong>inquit</strong></span> <span class='ocrx_word' id='word_1_851' title='bbox 2939 4905 3053 4969; x_wconf 90' lang='lat' dir='ltr'><strong>ille,</strong></span> <span class='ocrx_word' id='word_1_852' title='bbox 3088 4904 3236 4959; x_wconf 83' lang='lat' dir='ltr'><strong>dedit</strong></span> <span class='ocrx_word' id='word_1_853' title='bbox 3255 4919 3450 4973; x_wconf 81' lang='lat' dir='ltr'><strong>paupe-</strong></span> 
     </span>
    </p>
   </div>
   <div class='ocr_carea' id='block_1_108' title="bbox 1866 4981 3443 5065">
    <p class='ocr_par' dir='ltr' id='par_1_108' title="bbox 1866 4981 3443 5065">
     <span class='ocr_line' id='line_1_108' title="bbox 1866 4981 3443 5065; baseline 0.011 -34"><span class='ocrx_word' id='word_1_854' title='bbox 1866 4981 2016 5037; x_wconf 79' lang='lat' dir='ltr'><strong>ribus</strong></span> <span class='ocrx_word' id='word_1_855' title='bbox 2056 4998 2076 5036; x_wconf 91' lang='lat'><em>:</em></span> <span class='ocrx_word' id='word_1_856' title='bbox 2100 4986 2321 5055; x_wconf 84' lang='lat' dir='ltr'><strong>justitia</strong></span> <span class='ocrx_word' id='word_1_857' title='bbox 2346 4992 2461 5059; x_wconf 86' lang='lat' dir='ltr'><strong>ejus</strong></span> <span class='ocrx_word' id='word_1_858' title='bbox 2480 5005 2656 5049; x_wconf 78' lang='lat' dir='ltr'><strong>manet</strong></span> <span class='ocrx_word' id='word_1_859' title='bbox 2676 5001 2731 5050; x_wconf 85' lang='lat' dir='ltr'><strong>in</strong></span> <span class='ocrx_word' id='word_1_860' title='bbox 2750 4997 3005 5052; x_wconf 75' lang='lat' dir='ltr'><strong>swculum</strong></span> <span class='ocrx_word' id='word_1_861' title='bbox 3039 4996 3224 5050; x_wconf 73' lang='lat' dir='ltr'><strong>swculi</strong></span> <span class='ocrx_word' id='word_1_862' title='bbox 3263 4995 3443 5065; x_wconf 84' lang='lat' dir='ltr'><strong>(Psal.</strong></span> 
     </span>
    </p>
   </div>
   <div class='ocr_carea' id='block_1_109' title="bbox 1864 5072 3449 5157">
    <p class='ocr_par' dir='ltr' id='par_1_109' title="bbox 1864 5072 3449 5157">
     <span class='ocr_line' id='line_1_109' title="bbox 1864 5072 3449 5157; baseline 0.008 -33"><span class='ocrx_word' id='word_1_863' title='bbox 1864 5086 1976 5137; x_wconf 74' lang='lat' dir='ltr'><strong>cst,</strong></span> <span class='ocrx_word' id='word_1_864' title='bbox 2007 5072 2102 5144; x_wconf 91' lang='lat'><strong>9).</strong></span> <span class='ocrx_word' id='word_1_865' title='bbox 2138 5075 2250 5135; x_wconf 84' lang='lat' dir='ltr'><strong>Has</strong></span> <span class='ocrx_word' id='word_1_866' title='bbox 2282 5096 2413 5153; x_wconf 91' lang='lat' dir='ltr'><strong>ergo</strong></span> <span class='ocrx_word' id='word_1_867' title='bbox 2471 5084 2743 5157; x_wconf 89' lang='lat' dir='ltr'><strong>disperge,</strong></span> <span class='ocrx_word' id='word_1_868' title='bbox 2783 5097 2844 5142; x_wconf 92' lang='lat' dir='ltr'><strong>ut</strong></span> <span class='ocrx_word' id='word_1_869' title='bbox 2893 5093 3172 5141; x_wconf 89' lang='lat' dir='ltr'><strong>maneant.</strong></span> <span class='ocrx_word' id='word_1_870' title='bbox 3202 5084 3261 5139; x_wconf 83' lang='lat' dir='ltr'><strong>in</strong></span> <span class='ocrx_word' id='word_1_871' title='bbox 3291 5086 3449 5140; x_wconf 71' lang='lat' dir='ltr'><strong>caelis</strong></span> 
     </span>
    </p>
   </div>
   <div class='ocr_carea' id='block_1_110' title="bbox 1863 5169 3442 5250">
    <p class='ocr_par' dir='ltr' id='par_1_110' title="bbox 1863 5169 3442 5250">
     <span class='ocr_line' id='line_1_110' title="bbox 1863 5169 3442 5250; baseline 0.006 -31"><span class='ocrx_word' id='word_1_872' title='bbox 1863 5180 1961 5222; x_wconf 88' lang='lat' dir='ltr'><strong>eas</strong></span> <span class='ocrx_word' id='word_1_873' title='bbox 1994 5169 2329 5241; x_wconf 88' lang='lat' dir='ltr'><strong>thesauriza,</strong></span> <span class='ocrx_word' id='word_1_874' title='bbox 2364 5174 2455 5229; x_wconf 82' lang='lat' dir='ltr'><strong>ubi</strong></span> <span class='ocrx_word' id='word_1_875' title='bbox 2487 5176 2578 5245; x_wconf 81' lang='lat' dir='ltr'><strong>fur</strong></span> <span class='ocrx_word' id='word_1_876' title='bbox 2614 5194 2718 5233; x_wconf 85' lang='lat' dir='ltr'><strong>non</strong></span> <span class='ocrx_word' id='word_1_877' title='bbox 2750 5180 3055 5250; x_wconf 82' lang='lat' dir='ltr'><strong>appropiat,</strong></span> <span class='ocrx_word' id='word_1_878' title='bbox 3097 5193 3261 5247; x_wconf 81' lang='lat' dir='ltr'><strong>neque</strong></span> <span class='ocrx_word' id='word_1_879' title='bbox 3300 5179 3442 5231; x_wconf 77' lang='lat' dir='ltr'><strong>tinea</strong></span> 
     </span>
    </p>
   </div>
   <div class='ocr_carea' id='block_1_111' title="bbox 1864 5262 3440 5340">
    <p class='ocr_par' dir='ltr' id='par_1_111' title="bbox 1864 5262 3440 5340">
     <span class='ocr_line' id='line_1_111' title="bbox 1864 5262 3440 5340; baseline 0.007 -30"><span class='ocrx_word' id='word_1_880' title='bbox 1864 5263 2159 5330; x_wconf 84' lang='lat' dir='ltr'><strong>corrumpit</strong></span> <span class='ocrx_word' id='word_1_881' title='bbox 2181 5265 2201 5332; x_wconf 91' lang='lat'>(</span> <span class='ocrx_word' id='word_1_882' title='bbox 2225 5262 2357 5319; x_wconf 85' lang='lat' dir='ltr'><strong>Luc.</strong></span> <span class='ocrx_word' id='word_1_883' title='bbox 2390 5282 2485 5320; x_wconf 78' lang='lat' dir='ltr'><strong>xu.</strong></span> <span class='ocrx_word' id='word_1_884' title='bbox 2515 5269 2586 5324; x_wconf 75' lang='grc'><strong>35</strong></span> <span class='ocrx_word' id='word_1_885' title='bbox 2606 5272 2646 5338; x_wconf 91' lang='grc'>).</span> <span class='ocrx_word' id='word_1_886' title='bbox 2677 5269 2783 5325; x_wconf 89' lang='lat' dir='ltr'><strong>Ubi</strong></span> <span class='ocrx_word' id='word_1_887' title='bbox 2814 5279 2947 5328; x_wconf 90' lang='lat' dir='ltr'><strong>sunt</strong></span> <span class='ocrx_word' id='word_1_888' title='bbox 2969 5270 3047 5324; x_wconf 91' lang='lat' dir='ltr'><strong>illi</strong></span> <span class='ocrx_word' id='word_1_889' title='bbox 3074 5270 3323 5339; x_wconf 79' lang='lat' dir='ltr'><strong>apulenti</strong></span> <span class='ocrx_word' id='word_1_890' title='bbox 3344 5273 3440 5340; x_wconf 90' lang='lat' dir='ltr'><strong>qui</strong></span> 
     </span>
    </p>
   </div>
   <div class='ocr_carea' id='block_1_112' title="bbox 1866 5353 3444 5417">
    <p class='ocr_par' dir='ltr' id='par_1_112' title="bbox 1866 5353 3444 5417">
     <span class='ocr_line' id='line_1_112' title="bbox 1866 5353 3444 5417; baseline 0.007 -14"><span class='ocrx_word' id='word_1_891' title='bbox 1866 5359 1995 5405; x_wconf 86' lang='lat' dir='ltr'><strong>ante</strong></span> <span class='ocrx_word' id='word_1_892' title='bbox 2047 5368 2151 5410; x_wconf 90' lang='lat' dir='ltr'><strong>nos</strong></span> <span class='ocrx_word' id='word_1_893' title='bbox 2174 5353 2438 5412; x_wconf 81' lang='lat' dir='ltr'><strong>fuerunt?</strong></span> <span class='ocrx_word' id='word_1_894' title='bbox 2490 5360 2771 5417; x_wconf 84' lang='lat' dir='ltr'><strong>oblivione</strong></span> <span class='ocrx_word' id='word_1_895' title='bbox 2820 5361 3007 5417; x_wconf 87' lang='lat' dir='ltr'><strong>obruti</strong></span> <span class='ocrx_word' id='word_1_896' title='bbox 3037 5369 3188 5416; x_wconf 90' lang='lat' dir='ltr'><strong>sunt.</strong></span> <span class='ocrx_word' id='word_1_897' title='bbox 3223 5360 3444 5415; x_wconf 58' lang='lat' dir='ltr'><strong>Lubens</strong></span> 
     </span>
    </p>
   </div>
   <div class='ocr_carea' id='block_1_113' title="bbox 1863 5448 3439 5525">
    <p class='ocr_par' dir='ltr' id='par_1_113' title="bbox 1863 5448 3439 5525">
     <span class='ocr_line' id='line_1_113' title="bbox 1863 5448 3439 5525; baseline 0.006 -28"><span class='ocrx_word' id='word_1_898' title='bbox 1863 5454 2044 5501; x_wconf 89' lang='lat' dir='ltr'><strong>autem</strong></span> <span class='ocrx_word' id='word_1_899' title='bbox 2072 5462 2139 5501; x_wconf 80' lang='lat' dir='ltr'><strong>ex</strong></span> <span class='ocrx_word' id='word_1_900' title='bbox 2174 5448 2242 5504; x_wconf 91' lang='lat' dir='ltr'><strong>iis</strong></span> <span class='ocrx_word' id='word_1_901' title='bbox 2297 5453 2390 5521; x_wconf 90' lang='lat' dir='ltr'><strong>qui</strong></span> <span class='ocrx_word' id='word_1_902' title='bbox 2425 5453 2804 5521; x_wconf 87' lang='lat' dir='ltr'><strong>decesserunt,</strong></span> <span class='ocrx_word' id='word_1_903' title='bbox 2862 5470 3171 5525; x_wconf 64' lang='lat' dir='ltr'><strong>quaererem</strong></span> <span class='ocrx_word' id='word_1_904' title='bbox 3217 5469 3283 5507; x_wconf 89' lang='lat' dir='ltr'><strong>ac</strong></span> <span class='ocrx_word' id='word_1_905' title='bbox 3330 5455 3439 5508; x_wconf 83' lang='lat' dir='ltr'><strong>sci-</strong></span> 
     </span>
    </p>
   </div>
   <div class='ocr_carea' id='block_1_114' title="bbox 1862 5538 3436 5615">
    <p class='ocr_par' dir='ltr' id='par_1_114' title="bbox 1862 5538 3436 5615">
     <span class='ocr_line' id='line_1_114' title="bbox 1862 5538 3436 5615; baseline 0.005 -24"><span class='ocrx_word' id='word_1_906' title='bbox 1862 5538 2093 5593; x_wconf 87' lang='lat' dir='ltr'><strong>scitarer</strong></span> <span class='ocrx_word' id='word_1_907' title='bbox 2136 5539 2229 5594; x_wconf 91' lang='lat' dir='ltr'><strong>ubi</strong></span> <span class='ocrx_word' id='word_1_908' title='bbox 2264 5557 2453 5597; x_wconf 89' lang='lat' dir='ltr'><strong>eorum</strong></span> <span class='ocrx_word' id='word_1_909' title='bbox 2490 5561 2623 5615; x_wconf 89' lang='lat' dir='ltr'><strong>opes</strong></span> <span class='ocrx_word' id='word_1_910' title='bbox 2651 5546 2782 5611; x_wconf 86' lang='lat' dir='ltr'><strong>siut,</strong></span> <span class='ocrx_word' id='word_1_911' title='bbox 2816 5547 2909 5600; x_wconf 90' lang='lat' dir='ltr'><strong>ubi</strong></span> <span class='ocrx_word' id='word_1_912' title='bbox 2946 5545 3212 5600; x_wconf 89' lang='lat' dir='ltr'><strong>militares</strong></span> <span class='ocrx_word' id='word_1_913' title='bbox 3244 5547 3436 5613; x_wconf 73' lang='lat' dir='ltr'><strong>copiae.</strong></span> 
     </span>
    </p>
   </div>
   <div class='ocr_carea' id='block_1_115' title="bbox 1860 5628 3425 5707">
    <p class='ocr_par' dir='ltr' id='par_1_115' title="bbox 1860 5628 3425 5707">
     <span class='ocr_line' id='line_1_115' title="bbox 1860 5628 3425 5707; baseline 0.004 -23"><span class='ocrx_word' id='word_1_914' title='bbox 1860 5637 1913 5684; x_wconf 88' lang='lat' dir='ltr'><strong>et</strong></span> <span class='ocrx_word' id='word_1_915' title='bbox 1945 5628 2215 5699; x_wconf 81' lang='lat' dir='ltr'><strong>fulgentes</strong></span> <span class='ocrx_word' id='word_1_916' title='bbox 2244 5636 2473 5704; x_wconf 84' lang='lat' dir='ltr'><strong>cuspide</strong></span> <span class='ocrx_word' id='word_1_917' title='bbox 2506 5652 2604 5691; x_wconf 86' lang='lat' dir='ltr'><strong>sua</strong></span> <span class='ocrx_word' id='word_1_918' title='bbox 2655 5638 2824 5707; x_wconf 88' lang='lat' dir='ltr'><strong>gladii</strong></span> <span class='ocrx_word' id='word_1_919' title='bbox 2854 5655 2868 5703; x_wconf 91' lang='lat'><strong>;</strong></span> <span class='ocrx_word' id='word_1_920' title='bbox 2908 5639 2999 5692; x_wconf 87' lang='lat' dir='ltr'><strong>ubi</strong></span> <span class='ocrx_word' id='word_1_921' title='bbox 3036 5653 3169 5691; x_wconf 88' lang='lat' dir='ltr'><strong>vasa</strong></span> <span class='ocrx_word' id='word_1_922' title='bbox 3232 5652 3425 5706; x_wconf 84' lang='lat' dir='ltr'><strong>argen-</strong></span> 
     </span>
    </p>
   </div>
   <div class='ocr_carea' id='block_1_116' title="bbox 1861 5724 3428 5799">
    <p class='ocr_par' dir='ltr' id='par_1_116' title="bbox 1861 5724 3428 5799">
     <span class='ocr_line' id='line_1_116' title="bbox 1861 5724 3428 5799; baseline 0.003 -23"><span class='ocrx_word' id='word_1_923' title='bbox 1861 5734 1966 5787; x_wconf 91' lang='lat' dir='ltr'><strong>tea,</strong></span> <span class='ocrx_word' id='word_1_924' title='bbox 2000 5732 2055 5777; x_wconf 92' lang='lat' dir='ltr'><strong>et</strong></span> <span class='ocrx_word' id='word_1_925' title='bbox 2092 5724 2215 5778; x_wconf 91' lang='lat' dir='ltr'><strong>lecti</strong></span> <span class='ocrx_word' id='word_1_926' title='bbox 2275 5731 2553 5799; x_wconf 86' lang='lat' dir='ltr'><strong>argentei;</strong></span> <span class='ocrx_word' id='word_1_927' title='bbox 2599 5730 2692 5783; x_wconf 91' lang='lat' dir='ltr'><strong>ubi</strong></span> <span class='ocrx_word' id='word_1_928' title='bbox 2727 5729 2942 5792; x_wconf 85' lang='lat' dir='ltr'><strong>famuli.</strong></span> <span class='ocrx_word' id='word_1_929' title='bbox 2987 5730 3079 5783; x_wconf 90' lang='lat' dir='ltr'><strong>ubi</strong></span> <span class='ocrx_word' id='word_1_930' title='bbox 3134 5730 3428 5798; x_wconf 80' lang='lat' dir='ltr'><strong>spadones.</strong></span> 
     </span>
    </p>
   </div>
   <div class='ocr_carea' id='block_1_117' title="bbox 1860 5814 3430 5889">
    <p class='ocr_par' dir='ltr' id='par_1_117' title="bbox 1860 5814 3430 5889">
     <span class='ocr_line' id='line_1_117' title="bbox 1860 5814 3430 5889; baseline 0.004 -19"><span class='ocrx_word' id='word_1_931' title='bbox 1860 5816 1952 5870; x_wconf 90' lang='lat' dir='ltr'><strong>ubi</strong></span> <span class='ocrx_word' id='word_1_932' title='bbox 1998 5814 2160 5886; x_wconf 80' lang='lat'><strong>500</strong></span> <span class='ocrx_word' id='word_1_933' title='bbox 2186 5819 2371 5875; x_wconf 82' lang='lat' dir='ltr'><strong>amici,</strong></span> <span class='ocrx_word' id='word_1_934' title='bbox 2404 5822 2494 5877; x_wconf 87' lang='lat' dir='ltr'><strong>ubi</strong></span> <span class='ocrx_word' id='word_1_935' title='bbox 2531 5823 2698 5880; x_wconf 84' lang='lat' dir='ltr'><strong>aedes.</strong></span> <span class='ocrx_word' id='word_1_936' title='bbox 2727 5822 2868 5889; x_wconf 81' lang='lat' dir='ltr'><strong>Quid</strong></span> <span class='ocrx_word' id='word_1_937' title='bbox 2899 5824 3121 5878; x_wconf 87' lang='lat' dir='ltr'><strong>divitias</strong></span> <span class='ocrx_word' id='word_1_938' title='bbox 3153 5822 3430 5883; x_wconf 78' lang='lat' dir='ltr'><strong>contines.</strong></span> 
     </span>
    </p>
   </div>
   <div class='ocr_carea' id='block_1_118' title="bbox 2877 5939 2947 6011">
    <p class='ocr_par' dir='ltr' id='par_1_118' title="bbox 2877 5939 2947 6011">
     <span class='ocr_line' id='line_1_118' title="bbox 2877 5939 2947 6011; baseline 0 -12"><span class='ocrx_word' id='word_1_939' title='bbox 2877 5939 2947 6011; x_wconf 76' lang='grc'>48</span> 
     </span>
    </p>
   </div>
  </div>
