4052 6402
675 346 807 414 1535

1873 352 1932 412 S.
1968 350 2289 413 JOANNIS
2321 351 2751 413 DAMASCENI

3755 368 3851 438 1516

628 517 635 547 θ
670 476 732 516 ex
760 460 979 531 quibus,
1010 475 1131 515 cum
1158 462 1467 518 necessitas
1495 469 1671 533 urget,
1700 460 1841 516 nihil
1861 462 2118 517 utilitatis
2153 477 2226 516 ca-

2315 515 2319 524 ,
2349 479 2464 517 σιον
2495 463 2770 519 διαὸἁλλω
2800 466 2833 537 ἢ
2877 464 3125 538 λοιδορῶ,
3173 468 3249 539 μὴ
3279 469 3506 537 γένοιτο,
3538 473 3660 529 ἀλλά
3686 478 3758 533 τὸν
3780 485 3850 552 ap.

670 554 826 623 pias?
865 551 963 607 Hic
1004 569 1103 624 ego
1165 554 1366 610 divites
1424 571 1537 610 non
1594 554 1834 626 exagito,
1891 554 1985 609 sed
2018 570 2113 610 eos
2148 554 2244 624 qui

669 650 882 703 divitiis
922 650 1243 705 abutuntur.
1305 648 1423 705 Non
1470 650 1690 705 divitem
1714 648 1967 713 traduco,
1993 664 2095 703 nec
2127 663 2243 702 ma-

668 740 889 797 ledictis
964 744 1197 808 lacesso,
1261 742 1425 809 absit,
1459 742 1554 797 sed
1610 750 1912 812 raptorem,
1954 740 2119 795 Aliud
2161 749 2245 797 est

666 833 844 899 dives,
904 835 1054 890 aliud
1084 844 1294 905 raptor,
1360 832 1508 888 aliud
1543 833 1787 889 habendi
1823 832 2082 905 cupidus.
2137 831 2244 887 Res

667 924 853 981 divide
896 942 907 978 :
947 942 1017 981 ne
1038 942 1100 981 ea
1148 927 1319 996 junge
1361 941 1485 996 qua:
1514 942 1717 981 nexum
1747 942 1858 981 non
1896 926 2121 981 habent.
2156 924 2246 979 Di-

664 1034 762 1074 ves
787 1034 868 1073 es.
917 1017 1037 1073 Non
1064 1018 1349 1089 prohibeo,
1388 1034 1491 1074 nec
1531 1019 1800 1075 obtrecto.
1834 1018 2027 1074 Aliena
2056 1017 2245 1089 rapis?

664 1111 768 1167 hoc
790 1112 1146 1182 reprehendo.
1187 1112 1368 1169 Habes
1420 1129 1543 1186 qua:
1590 1122 1681 1167 tua
1720 1113 1887 1168 sunt?
1916 1112 2003 1168 his
2037 1111 2237 1168 fruere.

662 1202 852 1257 Aliena
884 1201 1100 1257 sumis?
1135 1216 1246 1257 non
1273 1204 1434 1271 sileo,
1464 1203 1559 1260 sed
1603 1203 1802 1258 clamo.
1840 1200 1938 1257 Vis
1979 1217 2067 1257 me
2100 1201 2240 1272 lapi-

661 1295 823 1350 dibus
853 1296 1083 1363 petere?
1118 1304 1319 1365 praesto
1356 1312 1499 1352 sum.
1542 1294 1639 1351 Vis
1678 1294 1813 1349 mihi
1849 1300 2016 1365 caput
2046 1288 2241 1364 ampul

662 1387 814 1441 tare?
843 1401 953 1441 non
982 1402 1200 1443 recuso.
1266 1390 1587 1460 Promptum
1633 1397 1719 1444 est
1743 1387 1877 1443 mihi
1914 1388 2239 1457 sanguinem

656 1477 1016 1548 profundere,
1051 1481 1216 1536 modo
1268 1491 1555 1552 peccatum
1591 1489 1746 1536 tuum
1784 1478 2154 1544 lucrifaciam,
2187 1486 2240 1533 et

656 1585 686 1622 a
721 1578 773 1624 te
802 1571 1197 1628 submovcam:
1231 1573 1284 1628 id
1329 1573 1467 1627 mihi
1504 1588 1653 1628 curae
1700 1580 1807 1637 est,
1842 1573 2106 1643 quoniam
2139 1570 2238 1625 tibi

655 1662 940 1718 nocivum.
994 1664 1177 1720 Unum
1210 1664 1313 1719 hoc
1349 1665 1481 1719 mihi
1514 1664 1787 1725 duntaxat
1814 1680 1963 1718 curae
1986 1670 2093 1726 est,
2135 1677 2238 1716 au-

652 1753 921 1809 dientium
951 1755 1249 1827 profectus.
1281 1758 1446 1829 Atqui
1496 1773 1766 1828 pauperes
1802 1757 1895 1811 filii
1932 1756 2039 1810 mei
2083 1764 2234 1820 sunt,

2358 574 2532 625 παγα.
2561 558 2726 612 Ἀλλο
2753 559 3031 625 πλούσιος,
3056 559 3186 615 ἄλλο
3214 561 3417 634 ἅρπαξ,
3453 568 3543 619 καὶ
3572 568 3685 623 ἄλλο
3709 574 3847 631 πλέον.

2351 650 2539 721 ἐκτης.
2576 651 2729 704 Δίελε
2792 652 2862 705 τά
2908 654 3244 724 πράγματα·
3281 654 3359 726 μὴ
3396 658 3551 727 μίσγε
3589 661 3649 714 τά
3674 664 3845 735 ἄμικτα,

2350 739 2613 805 Πλούσιος
2642 736 2726 810 el;
2756 742 2817 795 ού
2871 743 3088 811 κωλύω,
3121 745 3183 799 οὐ
3235 744 3469 815 ζηλεύω.
3519 750 3772 822 Ἀρπάζεις
3805 763 3852 816 τὰ

2346 830 2634 902 ἀλλότρια;
2667 836 2980 906 κατηγορῶ.
3010 836 3198 907 Ἔχεις
3223 837 3293 891 τά
3314 837 3385 892 σά
3407 855 3423 905 ;
3457 841 3678 899 ἀπόλαυε
3698 850 3847 908 αὑτῶν.

2348 923 2665 994 Λαμδάνεις
2714 926 2785 980 τά
2832 927 3127 1000 ἀλλότρια;
3155 932 3215 983 ού
3273 931 3485 999 σιωπῶ,
3523 934 3649 989 ἀλλά
3690 943 3847 1012 κράζω.

2347 1012 2536 1077 Θέλεις
2594 1032 2661 1085 με
2698 1015 2957 1085 Mediam;
2996 1019 3215 1092 ἕτοιμός
3256 1023 3396 1093 είμι.
3454 1024 3743 1098 ’Δποτεμείν
3778 1034 3850 1105 τὴν

2348 1106 2595 1178 κεφαλὴν
2635 1107 2846 1175 Baete;
2882 1111 2942 1164 ού
2989 1111 3387 1186 παραιτοῦμαι.
3424 1113 3496 1169 Τὸ
3523 1114 3650 1189 αἷμα
3688 1122 3850 1196 ἕτοιμός

2346 1198 2463 1268 εἰμι
2490 1199 2694 1268 ὲκχεῖν,
2727 1200 2887 1272 μόνον
2930 1203 3029 1275 τὴν
3060 1205 3341 1278 ἁμαρτίαν
3386 1224 3482 1262 σου
3517 1213 3752 1283 κερδήσω,
3782 1221 3849 1272 καὶ

2345 1286 2578 1341 κωλύσω
2605 1289 2777 1363 αὐτὴν
2809 1292 2915 1346 ἀπὸ
2944 1292 3062 1349 σοῦ.
3095 1294 3251 1366 Ἐμοὶ
3282 1296 3456 1368 μέλει,
3487 1300 3660 1373 ἐπειδή
3686 1321 3733 1357 σε
3757 1306 3847 1375 βλά-

2345 1395 2506 1433 πτει’
2544 1380 2667 1446 ἑνός
2720 1400 2812 1453 μοι
2871 1384 3035 1456 μόνον
3092 1386 3266 1459 μέλει,
3299 1390 3419 1463 ,τῆς
3476 1396 3732 1467 προκοπῆς
3770 1400 3847 1453 τῶν

2345 1475 2679 1530 ἀκουόντων.
2708 1478 2820 1533 Kal
2854 1481 2903 1534 οξ
2937 1480 3173 1553 πένητες
3204 1482 3315 1555 ὲμά
3338 1486 3524 1554 τέκνα,
3553 1489 3642 1544 καὶ
3664 1494 3704 1544 οί
3731 1493 3846 1547 πλού-

2345 1585 2449 1621 σιοι
2481 1568 2591 1638 ὲμά
2613 1570 2781 1624 τέκνα
2811 1573 2971 1628 εἰσίν.
3019 1574 3084 1628 Ἦ
3113 1577 3253 1648 αὑτὴ
3280 1577 3391 1651 γάρ
3429 1580 3633 1653 γαστὴρ
3666 1584 3845 1655 ἀμφιτί-

2345 1678 2472 1732 ρους
2506 1661 2771 1733 ὠδίνησεν
2791 1680 2806 1695 ·
2843 1666 2901 1721 αἱ
2932 1667 3096 1723 αὐταὶ
3144 1670 3352 1741 ὠδῖνες,
3383 1675 3477 1730 καὶ⁵
3508 1678 3555 1730 οί
3583 1679 3717 1732 αὐτοὶ
3739 1684 3847 1736 πόνοι

2340 1753 2691 1827 ἀμφοτέρους
2749 1756 2957 1814 ἔτεκον.
3000 1760 3129 1816 Ἐὰν
3180 1767 3514 1839 κεκόλλησαι
3563 1770 3635 1841 τῷ
3676 1774 3845 1845 πένητι,

652 1849 895 1918 itemque
940 1848 1037 1904 ﬁlii
1073 1850 1177 1905 mei
1231 1860 1361 1905 sunt
1415 1851 1634 1905 divites.
1696 1849 1841 1905 ldem
1870 1850 2014 1905 enim
2046 1859 2226 1903 uterus

2341 1846 2637 1917 κατηγορῶ
2670 1865 2785 1915 σου,
2820 1851 2881 1903 ού
2929 1851 3023 1905 τοῦ
3059 1855 3294 1927 πένητος
3349 1860 3606 1916 τοσοῦτον
3640 1863 3743 1918 ὅσον
3781 1868 3847 1921 τοῦ

653 1940 851 1996 ambus
877 1940 1212 2010 parturivit;
1277 1940 1443 1996 iidem
1494 1940 1735 2004 dolores,
1767 1937 1958 1995 eadem
1993 1936 2226 1999 tormina

2340 1935 2620 1993 πλουσίου.
2659 1939 2719 1993 'O
2776 1941 2948 2014 πένης
2989 1945 3097 2019 γάρ
3130 1923 3284 2003 ούδὲν
3337 1952 3488 2023 μέγα
3532 1954 3780 2013 ἀδικεῖται.
3803 1962 3847 2014 Τί

654 2038 921 2101 utrosque
990 2042 1340 2102 pepererunt.
1376 2033 1537 2099 Quod
1591 2033 1639 2088 si
1667 2046 1966 2103 pauperem
2022 2029 2228 2100 carpis,

653 2120 996 2191 reprehendo
1017 2131 1088 2189 te,
1112 2130 1344 2178 nectam
1381 2122 1645 2193 pauperis
1675 2122 1853 2177 vicem
1877 2135 2045 2191 quam
2077 2129 2228 2174 tuam

654 2210 837 2265 doleo.
876 2208 1095 2282 Pauper
1143 2212 1290 2266 enim
1328 2213 1475 2267 haud
1527 2214 1601 2267 ita
1655 2226 1909 2283 magnam
1965 2210 2224 2282 injuriam

2334 2026 2481 2098 ἔχεις
2507 2030 2614 2103 γάρ
2642 2033 2805 2087 αὑτοῦ
2860 2036 3126 2108 ἁρπάσαι,
3152 2043 3202 2094 εί
3246 2043 3453 2115 μήτιγε
3503 2046 3594 2100 ἐὰν
3620 2044 3716 2119 εἶχε
3752 2054 3848 2121 χρή-

2335 2136 2511 2215 ίξ-αῖίξῖ
2542 2124 2617 2177 Σὺ
2649 2125 2706 2178 δὲ
2764 2129 2846 2193 εἰς
2890 2130 2993 2201 τὴν
3032 2131 3214 2205 ψυχήν
3253 2152 3349 2189 σου
3412 2137 3747 2206 ἐπιϐουλεύεις
3777 2144 3847 2215 τὴν

2338 2210 2561 2284 βλάϐην,
2581 2216 2844 2287 ἁρπάζων
2873 2220 3099 2292 πένητα.

653 2309 872 2378 accipit.
929 2308 1074 2376 Quid
1145 2309 1294 2365 enim
1327 2311 1375 2366 ei
1424 2309 1620 2382 eripis,
1652 2310 1699 2367 si
1730 2309 1983 2382 pecuniis
2037 2306 2311 2363 caret?tu
2342 2321 2477 2363 vero
2501 2309 2701 2367 anima:
2742 2312 2860 2384 ipse
2922 2324 3029 2371 tua:
3083 2316 3319 2375 insidias
3379 2320 3569 2389 struis,
3617 2337 3844 2395 pauperem

655 2400 982 2474 diripienda.

723 2494 910 2566 Ejusd.
929 2493 1433 2567 ibid.—Quousque
1448 2492 1733 2565 pecuniae?
1749 2508 2040 2567 quousque
2055 2508 2243 2566 argen-

650 2600 738 2649 tea
767 2589 1014 2661 supellex
1042 2589 1065 2645 ?
1093 2604 1384 2660 quousque
1404 2586 1735 2644 famulorum
1785 2587 2186 2643 assentationes
2215 2586 2239 2640 ?

540 2662 583 2763 ,ί
651 2697 941 2755 quousque
980 2682 1171 2744 vinum
1198 2680 1475 2740 effusum?
1517 2696 1807 2753 quousque
1837 2686 2103 2735 coronata
2132 2693 2233 2749 po-

652 2776 816 2831 cula?
868 2790 1166 2847 quousque
1222 2771 1482 2829 Satanica
1518 2770 1796 2838 convivia,
1849 2778 2015 2841 atque
2044 2768 2228 2824 afflatu

645 2866 928 2924 diabolico
980 2866 1225 2923 referta?
1270 2866 1352 2919 An
1383 2872 1438 2921 te
1486 2863 1625 2935 fugit
1686 2872 2014 2933 praesentem
2061 2862 2228 2917 vitam

645 2960 781 3015 nihil
811 2959 961 3015 aliud
1014 2959 1126 3016 nisi
1158 2959 1301 3014 viam
1348 2956 1513 3014 esse?
1551 2971 1621 3011 an
1659 2970 1719 3011 es
1750 2954 1975 3011 nescius
1998 2969 2101 3009 nos
2141 2952 2229 3009 his

644 3052 1029 3124 peregrinari?
1061 3050 1203 3106 Num
1253 3050 1400 3106 enim
1445 3048 1537 3103 hic
1571 3049 1713 3104 civis
1742 3048 1840 3104 es?
1868 3062 1935 3101 an
1967 3060 2076 3101 non
2109 3046 2228 3100 via-

2408 2486 2589 2559 Μέχρι
2623 2489 2755 2544 πότε
2786 2492 3085 2562 χρήματα;
3136 2496 3299 2571 μέχρι
3330 2500 3468 2553 πότε
3506 2500 3844 2573 ἀργυρώματας

2337 2576 2501 2650 μέχρι
2528 2581 2657 2635 πότε
2678 2583 2962 2639 κολακεται
2996 2582 3260 2657 οίκετῶνς
3298 2590 3467 2663 μέχρι
3508 2594 3627 2647 πότε
3650 2590 3764 2655 οἶνος
3784 2596 3845 2645 Ex-

2331 2672 2624 2743 χεόμενος;
2657 2675 2821 2749 μέχρι
2867 2678 2998 2733 πότε
3038 2681 3316 2753 κρατῆρες
3347 2684 3699 2756 ἐστεμμένοι;
3728 2685 3843 2757 μέχρι

2330 2762 2461 2817 πότε
2508 2767 2790 2836 συμπόσια
2848 2771 3158 2840 Σατανικὰ,
3190 2774 3288 2827 καὶ
3319 2774 3637 2841 διαδολικῆς
3664 2778 3843 2847 γέμοντα

2336 2856 2655 2927 ὲνεργείας;
2691 2856 2805 2914 Οὐκ
2835 2857 3014 2928 οἶσθα,
3044 2864 3127 2918 ὅτι
3149 2866 3178 2919 6
3211 2865 3409 2938 παρὼν
3441 2867 3551 2938 βίος
3586 2868 3689 2932 ὁδός
3710 2870 3841 2931 tam;

2335 2945 2437 2999 οὐκ
2470 2944 2628 3002 οἶσθα
2675 2950 2760 3003 ὅτι
2813 2952 3240 3024 ἀποδημοῦμεν;
3281 2956 3356 3028 μὴ
3416 2957 3526 3030 γάρ
3558 2957 3753 3029 πολίτης
3783 2952 3842 3009 εἶ’

2335 3036 2513 3110 ὁδίτης
2539 3037 2607 3095 εἷ.
2634 3042 2749 3095 Ούκ
2798 3044 2963 3114 ἐσμὲν
3014 3046 3256 3112 πολῖται,
3293 3049 3417 3102 ἀλλ’
3445 3050 3613 3103 ὁδῖται
3642 3052 3721 3103 καὶ
3748 3050 3842 3103 660t-

645 3145 776 3199 tor?
826 3144 977 3200 cives
1022 3143 1212 3214 utique
1265 3158 1375 3196 nou
1435 3156 1649 3207 sumus,
1692 3139 1787 3196 sed
1853 3140 2113 3195 viatores.
2153 3137 2226 3193 Ne

2338 3130 2516 3203 πόροι.
2544 3133 2636 3204 Μὴ
2667 3135 2849 3207 εἴπῃς,
2889 3137 3028 3208 Ἐχω
3060 3140 3218 3211 τήνδε
3264 3142 3365 3213 τὴν
3412 3143 3598 3197 πόλιν·
3624 3145 3709 3196 οὐκ
3741 3142 3841 3212 ἔχεις

646 3232 851 3289 dixeris
889 3233 1086 3290 :llanc
1140 3234 1420 3289 civitatem
1477 3232 1673 3287 habeo.
1726 3230 1873 3285 Nihil
1918 3229 2006 3284 hic
2035 3228 2225 3285 habes.

646 3326 856 3383 Civitas
905 3334 1097 3381 nostra
1153 3338 1375 3380 sursum
1401 3331 1506 3378 est.
1542 3322 1839 3377 Praesentia
1896 3320 2035 3375 nihil
2057 3327 2225 3383 sunt;

648 3416 750 3472 iter
781 3426 912 3473 sunt
942 3417 1254 3488 praesentia.
1295 3415 1552 3483 Quotidie
1587 3415 1694 3470 iter
1725 3413 1979 3468 facimus.
2012 3412 2223 3467 Natura

648 3512 840 3565 currit.
886 3510 1089 3581 Ecquis
1155 3519 1240 3565 est
1287 3510 1381 3580 qui
1450 3509 1554 3563 iter
1610 3505 1823 3578 agendo
1873 3506 2091 3561 domum
2131 3520 2226 3559 ex-

643 3603 854 3656 struat?
890 3601 1024 3669 Quis
1049 3601 1140 3657 ille
1177 3610 1262 3657 est
1295 3602 1388 3670 qui
1432 3600 1485 3654 in
1518 3599 1714 3654 itinere
1743 3598 2003 3668 pecunias
2023 3611 2224 3651 recon-

641 3695 772 3751 dat?
820 3692 958 3751 Cum
1001 3693 1272 3758 ambulas,
1302 3704 1464 3764 atque
1497 3694 1550 3747 in
1592 3692 1963 3747 diversorium
2034 3690 2223 3760 ingre-

642 3788 817 3850 deris,
872 3802 941 3840 an
1002 3786 1373 3842 diversorium
1427 3785 1713 3841 exornas?
1762 3801 1831 3839 an
1871 3799 1980 3839 non
2032 3783 2222 3855 potius

634 3879 766 3937 tedis
796 3887 849 3933 et
877 3877 1043 3945 bibis,
1080 3887 1248 3950 atque
1294 3878 1481 3949 egredi
1535 3878 1808 3934 festinas?
1845 3876 2220 3933 Diversorium

642 3972 829 4041 itaque
886 3981 970 4026 est
1000 3972 1115 4026 hare
1138 3972 1255 4027 vita
1310 3987 1578 4042 praesens.
1618 3973 1735 4027 Hoc
1766 3969 1929 4025 modo
1975 3969 2219 4040 ingressi

645 4080 857 4126 sumus.
897 4074 951 4119 et
973 4063 1325 4121 diversamur
1353 4070 1408 4120 in
1438 4066 1541 4121 hac
1573 4067 1708 4133 vita,
1738 4066 1869 4120 hinc
1896 4063 2221 4120 studeamus

642 4169 765 4207 cum
822 4171 919 4225 spe
976 4157 1268 4212 excedere.
1326 4155 1476 4211 Nihil
1526 4156 1656 4211 istic
1707 4155 2106 4224 relinquamus,
2152 4168 2222 4208 ne

638 4249 975 4303 amittamus.
1029 4247 1338 4318 Hospitium
1403 4248 1703 4317 ingressus,
1758 4246 1840 4300 ais
1870 4260 1883 4297 :
1912 4243 2023 4300 Fac
2060 4243 2221 4300 nobis

637 4347 702 4391 ut
750 4356 913 4408 quam
987 4342 1230 4411 primum
1280 4339 1631 4405 reficiamur;
1665 4354 1791 4392 nam
1817 4338 1885 4394 de
1916 4347 2079 4392 nocte
2113 4337 2221 4393 iter

642 4428 843 4484 fleturi
894 4445 1110 4486 sumus.
1150 4430 1396 4500 Itemque
1458 4428 1667 4483 famulo
1704 4427 1942 4485 :Vestes
1995 4437 2219 4484 nostras

2337 3223 2489 3276 οὐδὲν
2520 3225 2777 3279 ἐνταῦθα.
2811 3227 2875 3281 Ἦ
2901 3228 3057 3292 πόλις
3089 3230 3245 3301 ἡμῶν
3268 3233 3383 3287 ἄνω
3414 3234 3636 3287 cui.“
3664 3233 3841 3303 παρόντα

2336 3315 2489 3369 οὐδέν
2519 3317 2666 3371 ἐστιν
2687 3334 2703 3350 ⁸
2732 3318 2850 3382 ὁδός
2882 3322 2990 3375 εἱσι
3043 3324 3111 3377 τά
3144 3324 3419 3396 παρόντα.
3465 3327 3726 3395 Ὀδεύομεν
3756 3326 3841 3378 καθ’

2334 3408 2569 3478 ἡμέραν.
2606 3410 2672 3461 'H
2705 3409 2869 3479 φύσις
2895 3413 3104 3484 τρέχει.
3140 3413 3297 3469 Ἐστι
3336 3434 3429 3480 τις
3473 3420 3529 3471 ἐν
3572 3417 3668 3487 ὁδῷ
3691 3416 3839 3467 οἰκοδο-

2337 3499 2454 3571 μῶν
2498 3502 2710 3568 οίκίαν;
2746 3504 2902 3557 Ἔστι
2933 3522 3017 3569 τις
3048 3506 3152 3578 ὀδῷ
3178 3512 3447 3580 χρήματα
3494 3509 3838 3581 ἀποτιθέμενοςς

2334 3591 2505 3645 Ὅταν
2560 3592 2775 3664 ὁδεύῃς,
2820 3600 2915 3650 καὶ
2965 3598 3190 3671 είσέρχῃ
3220 3602 3301 3665 εἰς
3353 3602 3681 3673 πανδοχεῖον,
3710 3600 3767 3671 μὴ
3800 3598 3843 3649 τὸ

2334 3684 2649 3755 πανδοχεῖον
2686 3689 3055 3755 καλλωπίζεις
3088 3692 3120 3763 ἤ
3156 3693 3364 3758 κτίζεις
3392 3711 3407 3759 ;
3434 3693 3518 3760 οὒ,
3554 3691 3842 3765 φησίν-ἀλλὰ

2330 3774 2584 3846 τρώγεις,
2610 3779 2808 3846 πίνεις,
2828 3782 2925 3835 καὶ
2945 3782 3143 3855 ἐπείγῃ
3162 3785 3258 3837 τοῦ
3289 3785 3529 3852 ἐξελθεῖν
3548 3803 3562 3852 ;
3590 3784 3841 3852 Πανδοχεῖον

2330 3868 2425 3923 οὖν
2455 3871 2604 3925 ἐστιν
2631 3873 2661 3925 6
2696 3872 2888 3942 παρὼν
2914 3874 3049 3944 βίος.
3078 3876 3267 3940 Οὕτως
3298 3878 3642 3951 εἰσήλθομεν,
3670 3877 3745 3930 καὶ
3768 3894 3839 3927 κα-

2328 3961 2601 4035 ταλύομεν
2626 3965 2707 4030 είς
2728 3966 2821 4019 τὸν
2846 3971 3093 4040 παρόντα
3124 3969 3236 4040 βίον
3254 3987 3270 4002 ⁸
3303 3971 3629 4043 σπεύσωμεν
3660 3968 3841 4034 ἐξελθεῖν

2332 4053 2472 4123 μετὰ
2505 4053 2681 4126 καλῆς
2719 4056 2952 4122 ἐλπίδος.
2985 4060 3170 4131 Μηδὲν
3207 4060 3465 4132 ἀφῶμεν,
3503 4061 3618 4116 οὐδὲ
3675 4060 3734 4131 μὴ
3766 4059 3839 4111 ἀπ·

2328 4145 2629 4219 ολέσωμεν.
2664 4150 2794 4203 Ὅτε
2831 4151 3085 4225 είσέλθῃς
3114 4153 3197 4215 είς
3235 4152 3297 4206 τὸ
3332 4152 3837 4225 πανδοχεῖον,λέτεις”

2328 4240 2562 4312 Ποίησον
2588 4242 2719 4312 ἡμῖν
2742 4243 2939 4313 ἕτοιμα
2959 4244 3028 4297 τὰ
3052 4243 3255 4311 ψυκτά,
3280 4245 3365 4298 ὅτι
3392 4246 3496 4318 τὴν
3526 4249 3683 4299 νύκτα
3705 4239 3838 4295 ὁδεύο-

2330 4349 2453 4403 μεν.
2490 4331 2767 4399 Ὡσαύτως
2796 4335 2851 4389 δὲ
2891 4336 2984 4389 καὶ
3027 4337 3106 4408 τῷ
3135 4338 3447 4410 παιδαρίῳ’
3486 4338 3769 4406 Ἀσφάλισαι
3792 4332 3838 4383 τὲ

2330 4425 2545 4497 ίμάτια,
2574 4427 2661 4480 ἵνα
2686 4428 2853 4499 μηδὲν
2869 4429 3242 4502 λησμονὴσῃς,
3268 4432 3345 4503 μή
3369 4448 3425 4484 τι
3453 4431 3722 4500 ἀπόληται,
3741 4422 3839 4478 ἀλλὰ

637 4523 697 4573 in
724 4530 840 4576 tuto
858 4522 1094 4588 colloca,
1121 4538 1224 4579 nec
1256 4522 1585 4593 cujusquam
1616 4520 1975 4584 obliviscere,
2000 4537 2068 4578 ne
2084 4521 2219 4592 quid

2326 4515 2505 4569 πάντα
2538 4516 2618 4581 είς
2643 4517 2742 4585 τὴν
2784 4518 2964 4572 οἰκίαν
2994 4520 3391 4591 ὲπαγάγωμεν.
3419 4521 3576 4576 Οὕτω
3612 4520 3695 4573 καὶ
3720 4517 3837 4587 ἡμεῖς

644 4617 803 4672 nobis
867 4604 1225 4689 deperdatur,
1284 4618 1379 4674 sed
1431 4615 1654 4671 domum
1716 4617 1902 4671 omnia
1950 4615 2213 4671 feramus.

638 4708 845 4765 Eodem
872 4711 1036 4767 modo
1057 4726 1160 4766 nos
1188 4725 1410 4782 quoque
1438 4710 1605 4763 vitam
1637 4709 1778 4764 hanc
1810 4716 2075 4780 tanquam
2113 4707 2217 4762 ho-

645 4799 870 4868 spitium
908 4800 1246 4854 inlueamur.
1304 4798 1450 4853 Nihil
1488 4799 1597 4862 hic,
1632 4797 1686 4852 id
1718 4805 1823 4862 est,
1854 4796 1909 4852 in
1970 4797 2217 4868 hospitio

654 4891 1053 4960 relinquamus.
1140 4888 1337 4944 Omnia
1398 4888 1454 4943 in
1506 4888 1851 4959 metmpolim
1918 4888 2213 4943 nobiscum

636 4982 954 5040 efferamus.
985 4980 1171 5037 Viator
1198 4998 1281 5048 es,
1304 4981 1437 5052 quin
1480 4990 1535 5037 et
1561 4981 1769 5037 viatore
1807 4982 2006 5051 quovis
2027 4981 2212 5038 vilior.

637 5070 871 5136 Quinam
912 5070 1104 5126 istud?
1136 5070 1326 5125 Viator
1392 5072 1549 5126 novit
1575 5087 1688 5141 quo
1738 5079 1987 5142 tempore
2025 5070 2081 5124 in
2106 5069 2213 5125 ho-

631 5164 860 5231 spitium
915 5163 1227 5234 ingreditur
1260 5180 1275 5220 :
1306 5163 1459 5217 novit
1512 5163 1678 5216 etiam
1745 5160 2101 5233 quandouam
2139 5163 2214 5218 sit

628 5271 985 5328 egressurus.
1014 5254 1128 5325 Ego
1164 5271 1297 5310 vero
1328 5256 1385 5309 in
1413 5254 1583 5321 hujus
1618 5254 1745 5309 vita:
1786 5254 2089 5325 hospitium
2123 5254 2211 5309 in-

628 5347 876 5413 gredior,
934 5362 1037 5401 nec
1070 5347 1290 5416 quando
1320 5345 1425 5399 sim
1451 5343 1703 5400 exiturus
1746 5346 1897 5400 novi.
1933 5343 2210 5400 Interdum

614 5422 690 5493 in
758 5438 981 5509 longum
1042 5447 1261 5509 tempus
1322 5437 1581 5493 alimenta
1640 5446 1892 5507 paro;et
1954 5436 2213 5493 dominus

642 5546 793 5590 meus
828 5545 913 5585 me
937 5530 1235 5585 confestim
1272 5531 1533 5592 accersit,
1586 5529 1773 5599 aitque
1812 5546 1825 5581 :
1866 5529 2061 5595 Stulte,
2094 5516 2212 5599 quer

642 5621 846 5691 parasti
882 5622 1037 5691 cujus
1064 5625 1260 5678 erunt?
1288 5625 1405 5677 Hac
1429 5623 1567 5677 enim
1603 5631 1753 5675 nocte
1784 5622 1965 5674 anima
1996 5632 2088 5675 tua
2118 5620 2213 5675 tibi

644 5716 913 5786 auferetur
974 5713 1144 5784 (Luc.
1174 5715 1704 5785 x1:,20).|ncertus
1764 5721 1958 5769 noster
2026 5716 2211 5770 exitus

631 5816 740 5890 est,
766 5809 979 5887 incerta
1009 5808 1313 5883 possessio,
1349 5816 1610 5863 sexcenta
1637 5806 1966 5880 uraacipitia,
2006 5806 2207 5887 fluctus

2322 4606 2612 4679 βλέπωμεν
2652 4611 2966 4680 πανδοχεῖον
2998 4612 3091 4665 τὸν
3121 4614 3369 4683 παρόντα
3417 4613 3552 4685 βίον.
3582 4612 3738 4683 Μηδὲν
3761 4602 3834 4661 ὦδε

2318 4700 2712 4774 καταλίπωμεν
2743 4705 2800 4757 ὲν
2836 4722 2914 4776 τῳ
2948 4706 3248 4775 πανδοκείῳ
3267 4723 3281 4737 ·
3317 4706 3499 4761 πάντα
3541 4708 3619 4768 είς
3646 4705 3729 4774 τὴν
3758 4718 3836 4770 pf,-

2316 4790 2572 4863 τρόπολιν
2624 4795 3043 4866 ἀπενέγκωμεν.
3101 4796 3314 4868 Ὀδίτης
3359 4790 3411 4850 εἶ
3459 4799 3552 4852 καὶ
3592 4778 3835 4862 ὁδοιπόρος.

2320 4885 2522 4955 μᾶλλον
2554 4887 2611 4940 δὲ
2631 4888 2727 4940 καὶ
2758 4887 2935 4942 ὁδίτου
2968 4890 3374 4961 εὐτελέστερος.
3417 4890 3542 4953 Πῶς
3585 4887 3683 4956 ἐγὼ
3702 4886 3833 4950 λέγω

2328 4978 2388 5031 '0
2416 4980 2602 5051 ὁδίτης
2632 4975 2777 5034 οἶδεν
2827 4982 2957 5034 πότε
2997 4982 3397 5053 εἰσέρχεται“ὲν
3443 4981 3522 5052 τῷ
3568 4975 3833 5045 πανδοκείῳ,

2316 5071 2412 5124 καὶ
2444 5065 2585 5125 οἶδεν
2615 5072 2745 5126 πότε
2790 5072 3097 5143 ἐξέρχεται.
3132 5072 3276 5142 Ἐγὼ
3302 5073 3359 5126 δὲ
3383 5075 3688 5143 εἰσέρχομαι
3715 5069 3776 5128 εἰς
3793 5064 3836 5116 τὸ

2316 5162 2633 5234 πανδοχεῖον
2658 5164 2755 5218 τοῦ
2787 5164 2905 5235 βίου
2934 5154 3151 5233 τούτου,
3174 5166 3271 5220 καὶ
3299 5167 3400 5219 οὐκ
3430 5163 3549 5219 οῖδα
3568 5165 3683 5217 πότε
3714 5158 3832 5225 ἐξέρ-

2315 5272 2501 5326 χομαι.
2545 5256 2746 5309 Ἐνίοτε
2798 5256 2854 5309 δὲ
2901 5257 2995 5310 καὶ
3042 5258 3406 5329 ἐτοιμάζομαι
3452 5253 3641 5309 πολλοῦ
3681 5250 3833 5322 χρόνον

2313 5345 2402 5399 διὰ
2438 5345 2667 5417 τροφὰς,
2694 5346 2787 5399 καὶ
2825 5348 2854 5399 6
2889 5346 3158 5419 δεσπότης
3196 5365 3301 5418 μου
3347 5345 3679 5418 παραχρῆμα
3715 5335 3836 5391 καλεῖ

2317 5455 2384 5509 με
2403 5455 2417 5469 ⁹
2453 5439 2694 5508 Ἀφρονν
2721 5438 2759 5493 ἀ
2782 5440 3141 5510 ἡτοίμασας,
3165 5440 3285 5493 τινι
3313 5440 3487 5494 ἔσται
3516 5454 3535 5502 ;
3559 5438 3665 5503 τὴν
3688 5432 3833 5485 νύκτα

2311 5531 2543 5599 ταύτην
2580 5530 2959 5600 λαμϐάνουσι
3013 5531 3129 5599 τὴν
3162 5531 3373 5601 ψυχήν
3425 5548 3541 5586 σου
3576 5526 3685 5583 ἀπὸ
3727 5519 3829 5575 σοῦ.

2316 5622 2549 5692 Ἀδηλος
2581 5624 2614 5694 ἡ
2660 5622 2838 5687 ἕξθδος
2871 5622 3061 5694 ἡμῶν⁹
3092 5623 3325 5688 ἀστατος
3356 5625 3389 5695 η
3421 5623 3623 5685 κτίσις·
3662 5615 3831 5670 ὲπῑόου-

2312 5715 2404 5778 λος
2434 5716 2467 5784 ἡ
2496 5714 2834 5778 ἀπόλαυσις·
2880 5714 3066 5784 μυρίοι
3114 5718 3369 5785 κρημνοὶ,
3413 5718 3509 5768 καὶ
3548 5706 3829 5777 πανταχόθεν

2314 5807 2556 5879 κύματα.
2594 5809 2658 5861 ΤΞ
2690 5807 2850 5881 μένῃ,
2880 5808 2973 5862 καὶ
2994 5808 3260 5875 ’θορυϐεῖς
3305 5826 3359 5861 σε
3394 5809 3523 5879 περὶ
3554 5808 3643 5868 τὰς
3670 5800 3827 5861 σκιάς)
