4052 6404
225 326 348 395 1517

1406 324 1643 384 SACRA
1679 322 2114 383 PARALLELA
2127 369 2140 381 .

3334 312 3469 382 1518

220 435 456 509 Τίάφεις
485 439 579 510 τήν
618 440 895 509 ἀλήθειαν,
929 439 1278 513 καὶῖτρέχεις
1318 442 1411 496 ἐπὶ
1438 442 1537 513 τὴν
1582 452 1778 509 σκιανς

1899 438 2146 509 rudique.
2172 436 2315 504 Quid
2349 436 2496 491 circa
2539 436 3057 502 umbras'moraris,
3088 434 3299 506 tibique
3330 434 3469 504 ipse.

221 535 447 607 μίσησον
480 534 760 605 χρήματα,
788 535 883 589 καὶ
913 535 1103 604 ἀγάπα
1141 553 1236 589 σου
1265 536 1363 602 τὴν
1392 537 1559 610 ζωήν.
1604 537 1790 607 Ῥίψον

218 627 285 680 τὰ
311 626 438 679 ὄντα
464 624 559 678 τοῦ
594 626 708 696 βίου
743 628 912 694 κακὰ,
952 631 1042 684 ἵνα
1073 629 1143 683 τὰ
1173 631 1290 683 ἐκεῖ
1319 631 1503 697 ἀγαθὰ
1531 632 1790 704 κληρονο-

221 720 413 791 μήσης.
448 712 573 771 Οῗόν
605 737 657 772 τι
684 722 829 788 λέγω
855 737 869 750 ·
899 720 990 792 Μὴ
1015 720 1271 794 ἁρπάσῃς
1294 722 1528 794 πένητα.
1566 726 1640 795 μὴ
1668 725 1791 777 ἐπι-

217 811 464 880 θυμήσῃς
492 810 560 864 τὰ
595 810 689 866 τοῦ
719 812 982 883 πλησίονο
1014 813 1113 884 τὴν
1143 815 1320 888 χήραν
1353 814 1429 886 μὴ
1458 813 1787 887 γυμνώσῃςο

216 904 304 955 τὸν
329 902 564 971 ὀρφανὸν
604 904 679 974 μὴ
725 904 979 977 ἁρπάσῃς
999 923 1013 937 ο
1043 906 1143 976 τὴν
1176 906 1357 961 οἰκίαν
1387 908 1462 979 μὴ
1496 906 1669 981 λάϐῃς
1693 905 1790 961 τοῦ

216 996 469 1062 πένητος.
494 996 562 1049 Ei’
586 1014 732 1060 τινος
762 998 1202 1069 ἐπιλαμϐάνεται
1228 999 1291 1053 τὺ
1329 1001 1592 1065 συνειδὸς,
1629 1002 1793 1066 αὐτός

215 1089 361 1140 ἐστιν
397 1089 427 1139 6
455 1088 649 1152 αἴτιος.
683 1090 747 1142 Τί
777 1091 1047 1162 ἀρπάζεις
1097 1092 1336 1164 πένητας
1390 1093 1445 1147 τί
1498 1094 1787 1165 ἀρπάζεις,

213 1179 344 1231 ὅπου
380 1181 574 1248 φθόνος
617 1180 709 1235 καὶ
744 1183 1012 1253 κατάραι,
1048 1184 1329 1256 ’Ἅρπασον
1366 1185 1499 1240 ὅπου
1531 1186 1793 1256 στέφανος

212 1272 544 1342 ἀφθαρσίας.
595 1274 688 1345 Μὴ
717 1274 933 1347 ἅρπαζε
963 1277 1033 1331 τὰ
1053 1279 1153 1349 τῆς
1189 1280 1313 1348 γῆς,
1349 1279 1483 1351 μηδὲ
1526 1282 1625 1351 τὴν
1662 1280 1789 1351 γῆν,

211 1364 345 1417 ἀλλὰ
384 1365 637 1436 ἅρπασον
669 1367 760 1420 τὸν
793 1369 1044 1440 οὐρανόν.
1077 1371 1310 1439 Βιαστὴ
1342 1375 1452 1443 γάρ
1490 1372 1642 1435 ἐστι,
1684 1390 1792 1444 φη·-

211 1457 317 1519 σὶν,
349 1457 387 1523 -ἠ
415 1458 711 1521 ,βασιλεία
727 1460 847 1515 τῶν
885 1462 1177 1532 οὐρανῶν,
1208 1463 1304 1518 καὶ
1320 1463 1572 1528 βιασταὶ
1602 1463 1793 1533 ἀρπά-

208 1546 422 1607 ζουσιν
446 1548 659 1616 αὑτήν.
697 1551 993 1621 ’Λρπάζεις
1024 1552 1117 1607 τὸν
1152 1553 1382 1625 πένητα,
1416 1557 1502 1609 τὸν
1531 1555 1796 1628 ἐντυγχά-

208 1655 367 1694 νοντα
416 1640 565 1695 κατά
618 1641 713 1696 σοῦ
751 1642 831 1714 τῷ
886 1643 1005 1713 Θεῷ
1047 1644 1217 1700 νύκτα
1261 1648 1357 1701 καὶ
1402 1648 1650 1719 ἡμέραν,
1699 1648 1796 1702 καὶ

209 1729 457 1800 βοῶντας
484 1733 770 1804 ’Ἅρπασον
796 1735 888 1790 τὸν
912 1737 1171 1807 Χριστὸν,
1203 1739 1295 1794 τὸν
1345 1741 1676 1795 ἐπαινοῦντά
1709 1759 1790 1796 σε.

1892 531 2168 586 tumultus
2211 528 2532 596 cies?Quid
2585 530 2779 584 relicta
2813 529 3061 603 _\'eritate
3115 528 3184 584 ad
3214 526 3469 582 umbram

1892 624 2109 679 curris?
2137 623 2282 693 Opes
2312 622 2441 677 odio
2477 622 2640 687 habe,
2667 637 2733 676 ac
2776 621 2944 675 vitam
2968 629 3127 706 .tuam
3152 632 3296 672 ama.
3329 617 3472 671 Vera

1893 716 2061 785 hujus
2096 715 2218 770 vita:
2248 713 2389 768 mala
2429 713 2631 784 abjice,
2670 722 2732 768 ut
2779 713 2977 767 futurae
2995 711 3139 767 bona
3158 724 3471 779 consequa-

1894 807 1994 863 ris.
2042 804 2281 861 Perinde
2318 811 2403 860 est
2437 819 2503 859 ac
2533 804 2615 860 sic
2669 804 2863 858 dixero
2895 818 2909 855 :
2949 799 3028 856 Ne
3058 814 3359 872 pauperem
3389 797 3473 851 di-

1894 899 2084 971 ripias,
2141 914 2211 955 ne
2253 897 2547 969 propinqui
2572 896 2729 967 501
2776 896 2921 951 bona
2980 892 3371 964 concupiscas,
3407 904 3476 943 ne

1896 994 2117 1049 viduam
2180 993 2409 1064 spolies,
2478 991 2695 1062 pupillo
2745 988 3039 1044 facultates
3084 1002 3156 1042 ne
3221 982 3469 1045 auferas,
3544 1004 3553 1017 ν

1892 1086 2115 1143 domum
2156 1084 2420 1157 pauperis
2462 1098 2575 1139 non
2629 1090 2985 1152 extorqueas.
3030 1078 3088 1136 Si
3119 1093 3284 1150 quem
3341 1090 3475 1130 con-

1894 1179 2129 1236 scientia
2154 1176 2526 1248 reprehendit,
2552 1176 2643 1231 hic
2673 1176 2730 1230 in
2767 1176 2930 1244 culpa
2964 1182 3071 1231 est.
3107 1171 3247 1238 Quid
3266 1182 3477 1240 paupe-

1894 1286 2007 1327 rem
2042 1268 2417 1340 diripis?quid
2449 1268 2597 1339 rapis
2626 1266 2714 1322 ubi
2743 1265 3067 1321 obtrectatio
3091 1273 3147 1320 et
3190 1261 3476 1333 maledicta

1895 1359 2204 1418 sunt?1llic
2237 1359 2443 1430 rapias,
2488 1357 2581 1414 ubi
2614 1370 2818 1412 corona
2863 1352 3312 1410 immortalitatis.
3354 1348 3474 1405 Non

1897 1458 2143 1517 terrena,
2196 1464 2306 1505 non
2354 1458 2582 1515 terram,
2647 1446 2746 1503 sed
2792 1447 2995 1503 coelum
3029 1459 3184 1516 rape.
3241 1441 3476 1512 Regnum

1894 1543 2043 1599 enim
2107 1542 2379 1608 calorum,
2443 1542 2629 1612 inquit
2668 1540 2954 1605 Christus,
3006 1539 3109 1593 vim
3141 1536 3370 1606 patitur,
3422 1546 3471 1588 et

1899 1636 2109 1691 violenti
2152 1636 2369 1706 rapiunt
2424 1634 2832 1705 illud(Matth.
2884 1649 2962 1697 XI,
3016 1632 3134 1702 12).
3175 1629 3475 1699 Pauperem

1897 1730 2092 1800 diripis
2146 1745 2159 1781 :
2203 1746 2330 1785 eum
2391 1729 2485 1800 qui
2550 1728 2718 1784 Deum
2785 1726 3022 1785 subinde
3060 1725 3116 1779 in
3172 1721 3476 1796 perniciem

208 1822 320 1891 Τήν
367 1824 527 1878 κάτω
577 1826 860 1895 βασιλείαν
915 1829 1011 1881 ἐὰν
1065 1829 1309 1901 ζητήσῃς
1369 1833 1655 1902 ἀρπασαι,
1694 1832 1795 1886 κᾶν

1900 1830 2048 1876 tuam
2102 1820 2194 1877 die
2247 1830 2524 1893 nocteque
2554 1822 2838 1884 convenit,
2869 1829 2923 1876 ct
2958 1828 3154 1875 contra
3191 1825 3246 1873 te
3271 1814 3481 1873 vocife-

209 1913 435 1985 νοηθῇς,
474 1916 727 1981 κολάζει·
756 1918 854 1990 τὴν
883 1918 939 1972 δὲ
980 1919 1093 1974 ἄνω
1119 1919 1217 1975 ὲάν
1259 1921 1334 1993 μὴ
1363 1922 1643 1996 ἁρπάσῃς,
1675 1925 1796 1978 τότε

207 2007 397 2074 χεῖρον
423 2006 667 2073 κολάζει.

278 2283 466 2361 Ἦψαι
512 2293 707 2364 λύχνον
758 2296 818 2349 ἐν
859 2300 926 2369 τῇ
958 2296 1261 2368 ἐκκλησίᾳ;
1318 2298 1435 2353 ἀλλ’
1480 2300 1728 2371 εἰσῆλθεν
1770 2304 1799 2356 6

208 2385 389 2455 πένης
435 2388 463 2438 6
523 2387 628 2439 ὑπὸ
664 2388 758 2441 σοῦ
807 2390 1108 2462 ἀδικηθεὶς,
1138 2392 1232 2444 καὶ
1279 2392 1367 2446 διὰ
1410 2393 1517 2447 τῶν
1548 2393 1799 2465 δακρύων

209 2479 673 2549 κατεντυγχὰνων
728 2480 806 2550 τῷ
845 2477 1228 2553 Θεῴ,”έσϐεσε
1284 2485 1378 2538 τὸν
1426 2485 1618 2557 λύχνον
1678 2505 1795 2543 σου.

138 2630 142 2636 .
212 2569 471 2634 Ἔδωκας
512 2571 592 2642 τῷ
628 2574 821 2644 πένητι
854 2573 1053 2645 ἄρτον;
1089 2576 1203 2629 ἀλλ’
1237 2579 1270 2648 ή
1310 2577 1482 2649 ἀγέλη
1512 2578 1620 2632 τῶν
1660 2578 1831 2649 βοῶνκ

210 2662 306 2714 καὶ
330 2663 446 2717 τῶν
476 2664 765 2735 προϐάτων
804 2685 896 2721 σου
933 2668 1228 2749 ὀλόκληρον
1259 2669 1414 2741 θέρος
1442 2671 1535 2724 τοῦ
1568 2672 1801 2743 πένητος

205 2754 652 2825 κατενεμήσατο.
689 2758 780 2830 Μὴ
820 2759 1089 2832 ἀδικήσῃς
1124 2761 1317 2827 πολλὰ,
1348 2763 1443 2815 καὶ
1475 2765 1802 2835 καλλοποιή-

205 2860 310 2917 σῃς
333 2845 518 2914 ὀλίγα.
549 2848 640 2919 Μὴ
671 2850 936 2923 ἀδικήσῃς
958 2852 1047 2905 τὸν
1083 2851 1311 2923 πλησίον
1344 2870 1471 2906 σου’
1512 2854 1587 2924 μὴ
1611 2855 1800 2908 κονδυ-

200 2937 371 3008 λίσῃς
392 2938 488 2991 τὸν
516 2939 780 3010 ὀρφανόνο
807 2943 881 3013 μὴ
915 2945 1426 3017 καταδυναστεύσης
1457 2947 1556 3017 τὴν
1584 2947 1759 3019 χήραν
1781 2963 1795 2978 ·

204 3028 286 3099 μὴ
312 3030 600 3102 φθονήσῃς
625 3031 716 3086 τὸν
745 3034 983 3101 γείτονα.

287 3208 353 3260 '0
385 3209 529 3279 πρὸς
556 3211 684 3274 τοὺς
713 3212 771 3265 ἐν
793 3212 1035 3285 ὑπεροχῇ
1066 3214 1302 3285 βλέπων,
1332 3216 1433 3287 τῆς
1456 3216 1623 3289 οὔσης
1645 3218 1795 3289 αύτῷ

199 3296 482 3368 εὐπορίας
526 3299 589 3351 ού
630 3299 920 3372 δυνήσεται
959 3302 1144 3357 λαϐεῖν
1178 3304 1463 3375 αἴσθησινο
1492 3301 1603 3359 οἷον
1636 3308 1664 3359 6
1706 3324 1797 3359 κε-

199 3387 495 3458 κτημένος
545 3389 740 3443 ἑκατὸν
766 3392 1094 3462 χρυσίνους,
1127 3394 1223 3449 ἐάν
1269 3397 1437 3468 νοήσῃ
1474 3398 1565 3451 τὸν
1616 3397 1799 3452 διακο-

202 3478 364 3543 σίους
395 3479 613 3550 ἔχοντα,
645 3482 798 3535 οὐδὲν
837 3485 1109 3555 ήγήσεται
1149 3485 1315 3557 ἔχειν,
1344 3491 1444 3558 τῆς
1495 3490 1797 3559 ἐπιθυμίας

196 3569 314 3622 τῶν
342 3570 618 3625 πλειόνων
647 3572 813 3627 αὑτὸν
836 3574 1155 3646 κεντούσης.
1187 3578 1306 3631 Κᾶν
1342 3578 1483 3631 αὐτὰ
1510 3578 1671 3651 λάϐῃ,
1698 3581 1797 3652 τὴν

199 3661 520 3731 ἐπιθυμίαν
549 3663 668 3716 οὐδὲ
698 3662 873 3728 οὕτως
911 3666 1273 3737 ἀποϐήσεται,
1311 3668 1515 3741 ἐτέρων
1537 3669 1798 3726 πλειόνων

198 3752 534 3822 ἐφιέμενος.
560 3753 670 3806 Καὶ
699 3754 734 3824 ή
762 3754 871 3807 τῶν
914 3754 1125 3808 οὐδέπω
1155 3756 1503 3827 κτησθέντων
1531 3757 1799 3830 ἐπιθυμία

192 3843 485 3915 διηνεκῶς
514 3844 679 3898 αὑτὸν
707 3846 1021 3917 ἐνοχλοῦσα,
1043 3848 1155 3903 τῶν
1186 3848 1286 3920 ήδη
1313 3852 1670 3921 συνηγμένων
1697 3851 1798 3922 τὴν

192 3935 405 4007 ἡδονὴν
433 3936 538 3990 οὐκ
570 3937 765 4007 ἀφίησι
795 3938 1098 3994 φαίνεσθαι.

281 4287 643 4359 Ἔπισφαλὴς
671 4290 699 4341 6
742 4288 854 4358 βίος
895 4307 1007 4353 τοις
1056 4292 1369 4359 πλουτουσι,
1402 4311 1496 4347 και
1533 4295 1797 4366 δυσμετα-

191 4381 493 4453 χείριστος
521 4381 554 4449 ή
590 4380 881 4450 μεταϐολή.
912 4382 1031 4436 Ἔτι
1052 4383 1109 4436 δὲ
1142 4385 1321 4452 λέγεις
1342 4401 1355 4414 ·
1391 4385 1617 4450 πολλοὺς
1650 4387 1797 4440 οίκέο

1901 1911 2099 1966 ratur?
2134 1910 2421 1967 Christum
2480 1928 2633 1983 rape,
2678 1912 2774 1982 qui
2806 1913 2911 1966 hoc
2953 1921 3004 1965 te
3031 1908 3255 1964 nomine
3282 1904 3479 1960 lauda-

1897 2005 2001 2060 bit.
2032 2002 2087 2057 Si
2117 2011 2398 2059 terrenum
2427 2019 2657 2074 regnum
2685 2004 2939 2067 invadas,
2959 2017 3023 2057 ac
3046 2001 3133 2057 vel
3155 2002 3209 2055 in
3233 2000 3476 2053 animum

1900 2097 2006 2152 hoc
2032 2095 2344 2162 induxeris,
2380 2097 2472 2152 ille
2506 2107 2559 2151 te
2599 2110 2765 2167 prena
2819 2094 2986 2150 allicit
3022 2115 3034 2150 :
3078 2093 3309 2149 caeleste
3344 2104 3475 2145 vero

1899 2185 2007 2241 nisi
2042 2185 2316 2258 rapueris,
2355 2193 2488 2241 tunc
2539 2185 2763 2257 gravius
2801 2183 3165 2239 excruciabit.

1970 2299 2251 2369 Ejusdem.
2279 2332 2347 2341 -—
2385 2298 2697 2355 Lucernam
2734 2300 2791 2355 in
2841 2299 3079 2356 ecclesia
3112 2296 3421 2355 accendisti
3457 2295 3482 2348 ἲ

1900 2405 2087 2445 verum
2126 2392 2411 2463 ingressus
2447 2406 2658 2463 pauper
2687 2399 2792 2454 est,
2827 2391 2922 2461 qui
2947 2390 3115 2446 laesus
3147 2404 3177 2442 a
3207 2399 3259 2445 te
3281 2388 3481 2452 fuerat,

1900 2492 1955 2538 et
2008 2499 2107 2554 per
2165 2485 2443 2556 lacrymas
2505 2485 2797 2539 adversum
2844 2492 2900 2537 te
2942 2482 3292 2538 intercedeus
3336 2479 3484 2551 apud

1904 2574 2098 2641 Deum,
2145 2577 2427 2632 lucernam
2467 2585 2622 2631 tuam
2655 2577 2941 2632 exstinxit.
2974 2577 3211 2647 Pauperi
3278 2590 3477 2646 panem

1902 2668 2148 2724 dedisti?
2172 2678 2227 2723 at
2259 2685 2394 2740 grex
2429 2670 2597 2724 boum
2635 2678 2689 2724 et
2719 2669 2903 2724 ovium
2938 2672 3161 2725 tuarum
3202 2669 3483 2747 integram

1903 2763 2164 2833 pauperis
2202 2779 2436 2818 messem
2475 2765 2741 2834 depastus
2771 2771 2878 2819 est.
2909 2762 2987 2819 Ne
3016 2764 3069 2817 id
3102 2777 3260 2833 agas,
3291 2772 3350 2818 ut
3381 2778 3482 2834 pro

1903 2856 2092 2910 multis
2120 2856 2344 2925 injuriis
2367 2864 2420 2910 et
2449 2856 2750 2910 calumniis
2776 2871 2949 2926 pauca
2983 2854 3254 2910 beneﬁcia
3281 2869 3481 2925 repen-

1901 2947 2019 3002 das.
2058 2946 2137 3002 Ne
2168 2948 2420 3017 proximo
2452 2955 2549 3001 tuo
2580 2946 2843 3016 iniuriam
2892 2946 3104 3002 inferas
3136 2964 3151 3001 :
3191 2961 3259 3001 ne
3280 2945 3481 3016 pugnis

1902 3041 2171 3111 pupillum
2212 3039 2543 3105 contendas,
2599 3056 2668 3095 ne
2699 3039 2922 3095 viduam
2965 3039 3272 3111 opprimas,
3301 3053 3370 3095 ne
3404 3039 3482 3093 vi-

1826 3149 1869 3207 c
1904 3134 2029 3186 cino
2064 3133 2335 3189 invideas.

1973 3223 2165 3294 Ejusd.
2206 3255 2277 3264 ——
2312 3225 2416 3291 Qui
2480 3225 2607 3280 illos
2665 3225 2916 3281 intuetur
2973 3225 3070 3296 qui
3108 3225 3306 3296 opibus
3337 3240 3481 3295 prat-

1901 3318 2196 3372 stantiores
2220 3328 2368 3381 sunt,
2400 3317 2446 3373 is
2476 3332 2703 3372 suarum
2757 3316 3085 3372 facultatum
3150 3331 3316 3373 sensu
3342 3314 3483 3371 allici

1899 3423 2181 3477 nunquam
2241 3406 2645 3477 poterit.Verbi
2680 3408 2879 3478 gratia,
2917 3408 3012 3479 qui
3037 3416 3257 3463 centum
3282 3424 3483 3464 aureos

1901 3500 2086 3564 habet,
2123 3500 2168 3554 si
2204 3499 2442 3554 alterum
2486 3500 2789 3569 inspexerit
2820 3500 2915 3570 qui
2951 3500 3224 3555 ducentos
3254 3500 3480 3565 habeat,

1901 3590 2040 3644 nihil
2090 3604 2149 3646 se
2191 3590 2396 3645 habere
2454 3589 2750 3645 censebit:
2789 3598 2981 3661 utpote
3002 3606 3170 3662 quem
3206 3591 3479 3662 majorum

1900 3695 2068 3749 opum
2099 3679 2369 3750 cupiditas
2422 3678 2757 3737 exstimulet.
2785 3679 2891 3746 Qui
2925 3680 2973 3734 si
3006 3680 3109 3736 hos
3143 3695 3361 3751 quoque
3388 3697 3481 3735 ac-

1902 3774 2130 3843 ceperit,
2180 3788 2245 3828 ne
2277 3773 2357 3827 sic
2389 3772 2615 3842 quidem
2674 3772 2967 3845 cupiditati
3023 3789 3138 3829 suae
3171 3774 3331 3829 fidem
3366 3784 3480 3829 sta-

1901 3874 2018 3920 tuet
2047 3882 2060 3919 :
2092 3871 2151 3919 ut
2178 3865 2269 3935 qui
2295 3865 2447 3934 plura
2475 3865 2581 3919 alia
2616 3873 2854 3937 expetat.
2879 3865 2957 3920 Ita
2990 3865 3045 3921 fit
3068 3874 3127 3921 ut
3147 3882 3336 3923 eorum
3360 3884 3481 3938 quae

1903 3956 2145 4012 nondum
2179 3957 2411 4028 adeptus
2475 3966 2560 4013 est
2587 3959 2885 4029 cupiditas,
2910 3960 3188 4030 negotium
3217 3971 3479 4032 perpetuo

1903 4046 2210 4112 facesseris,
2276 4048 2633 4116 voluptatem,
2662 4063 2826 4119 quam
2860 4060 3032 4119 partae
3061 4050 3263 4106 divitiae
3288 4051 3479 4108 afferre

1910 4149 2191 4209 poterant,
2215 4155 2482 4211 apparere
2518 4157 2628 4195 non
2659 4142 2831 4201 sinat.

1973 4294 2162 4363 Ejusd.
2194 4327 2261 4334 _
2291 4292 2527 4350 Lubrica
2550 4296 2816 4352 divitibus
2849 4296 2957 4351 vita
2981 4302 3086 4362 est,
3118 4282 3475 4367 diﬂicilisque’

1900 4387 2152 4441 mutatio.
2219 4385 2431 4442 Forsan
2493 4387 2673 4442 adhuc
2729 4387 2895 4459 dicis,
2934 4402 3223 4443 servorum
3280 4404 3476 4460 greges

194 4490 300 4537 τας
346 4472 638 4544 περιάγει,
698 4476 793 4525 καὶ
840 4473 1013 4525 πολλὰ
1065 4474 1328 4544 κέκτηται
1376 4476 1585 4547 πλέθρα
1633 4479 1733 4547 γῆς
1767 4479 1795 4530 6

1901 4479 2345 4544 circumducere,
2416 4488 2469 4533 et
2510 4480 2670 4548 plura
2724 4489 2882 4535 terra:
2936 4480 3136 4551 jugera
3183 4472 3489 4552 possidere

195 4564 486 4617 πλουτῶν.
525 4561 745 4632 Πρῶτον
797 4563 897 4633 μὲν
932 4564 1175 4633 χαλεπὰς
1221 4566 1331 4633 ἕξει
1389 4567 1488 4630 τὰς
1544 4568 1791 4633 εὐθύνας,

193 4657 431 4709 πάντων
471 4654 554 4723 τῷ
603 4654 722 4725 Θεῷ
758 4655 849 4709 τὸν
902 4658 1061 4725 λόγον
1108 4658 1347 4728 ὑπέχων.
1378 4659 1453 4711 Ού
1506 4661 1794 4730 γάρ.ὄπως

190 4746 567 4807 ἀπολαύσειε,
625 4747 783 4816 μόνον
814 4746 1025 4812 ἔλαϐεν,
1071 4748 1185 4801 ἀλλ’
1240 4750 1391 4812 ὅπως
1440 4750 1534 4803 καὶ
1584 4751 1796 4823 ἑτέροις

189 4841 415 4907 γένοιτο
458 4840 753 4910 χρήσιμος.
793 4839 1055 4910 Δεύτερον
1081 4840 1158 4904 δὲ,
1192 4842 1274 4894 ὅτι
1310 4840 1470 4894 πλέον
1503 4843 1656 4896 οὐδὲν
1689 4842 1796 4895 ἀπὸ

188 4934 293 5002 τῆς
332 4932 670 5004 περιουσίας
710 4931 859 5002 αύτῷ
895 4935 1106 5001 γίνεται
1148 4934 1377 5004 ταύτης,
1419 4937 1451 5005 ἦ
1488 4937 1793 5006 φροντίδες,

187 5025 287 5077 καί
317 5024 629 5101 μέριμναι,
662 5026 755 5076 καὶ
805 5027 967 5095 ὀργαὶ
1020 5025 1411 5095 καθημεριναὶ,
1451 5026 1547 5077 καὶ
1588 5028 1795 5093 ἀγανα-

188 5119 450 5189 κτήσεις,
501 5117 601 5170 καὶ
641 5118 702 5169 τὸ
731 5118 818 5171 διὰ
848 5117 1048 5182 παντὸς
1099 5115 1237 5172 εἷναι
1284 5120 1341 5171 ἐν
1390 5123 1661 5189 ταραχαῖς
1702 5121 1797 5173 καὶ

187 5209 483 5280 θορύϐοις.
534 5202 705 5272 Οὗτος
741 5209 839 5279 μὲν
874 5210 982 5279 γὰρ
1016 5211 1217 5282 μυρίας
1256 5211 1457 5283 πληροί
1491 5212 1793 5282 γαστέρας·

186 5307 211 5357 6
240 5305 300 5355 δὲ
352 5305 536 5371 πένης
572 5302 699 5371 μίαν
730 5303 932 5373 πληροῖ
961 5304 1119 5373 μόνον
1142 5321 1155 5335 ·
1191 5304 1328 5358 ἀλλά
1366 5305 1460 5359 καὶ
1498 5299 1656 5366 οὗτος
1700 5305 1799 5358 κά-

188 5398 379 5457 κε’ἷνος
420 5394 582 5465 μίαν,
616 5395 710 5446 καὶ
739 5394 796 5447 ἓν
848 5396 1150 5467 ἀμφότεροι
1199 5395 1567 5466 θεραπεύουσι
1606 5396 1796 5467 σῶμαο

188 5488 309 5540 ἀλλ’
352 5489 383 5537 ὁ
420 5488 527 5557 μὲν
570 5487 740 5556 χωρὶς
763 5487 1002 5556 ἀγωνίας
1041 5488 1134 5541 καὶ
1164 5488 1339 5554 δέους,
1371 5490 1399 5542 6
1436 5489 1493 5541 δὲ
1527 5489 1665 5560 μετά
1702 5489 1797 5542 τοῦ

194 5580 431 5649 τρέμειν
472 5580 575 5631 καὶ
616 5579 913 5633 δεδοικέναι
955 5580 1053 5642 τὰς
1104 5582 1526 5646 ἐπαναστάσεις,
1558 5583 1654 5634 καὶ
1694 5600 1799 5651 μυ-

82 5674 85 5679 ’
189 5672 329 5737 ρίων
348 5670 575 5722 δεῖσθαι
593 5671 701 5722 τῶν
726 5672 1186 5743 συνεφαψομένων
1208 5674 1356 5745 αὐτῷ
1376 5676 1475 5745 τῆς
1499 5674 1604 5726 τῶν
1623 5691 1799 5744 πραγ-

190 5761 392 5831 μάτων
433 5760 779 5829 οἰκονομίας.
823 5763 910 5819 λίὴ
950 5764 1128 5816 τοίνυν
1168 5760 1296 5829 εἶδε,
1333 5764 1408 5828 ὡς
1455 5764 1654 5834 πολλὴν
1683 5766 1796 5835 ἔχει

1898 4588 2023 4626 eum
2064 4573 2157 4641 qui
2216 4573 2371 4626 dives
2430 4572 2521 4626 sit.
2554 4576 2621 4626 At
2654 4573 2889 4641 primum
2925 4573 3145 4641 quidem
3181 4575 3364 4644 gravis
3397 4574 3473 4628 illi

1899 4679 2133 4720 censura
2166 4664 2308 4728 erit,
2344 4666 2543 4735 quippe
2564 4680 2897 4720 cumeorum
2926 4667 3168 4720 omnium
3201 4670 3471 4722 rationem

1899 4758 2013 4814 Deo
2069 4759 2407 4814 reddendam
2465 4761 2686 4816 habeat.
2730 4761 2914 4833 Neque
2945 4764 3093 4818 enim
3125 4778 3220 4819 eas
3249 4773 3307 4818 ut
3347 4775 3471 4819 tan—

1901 4852 2183 4906 tummodo
2237 4853 2511 4907 frueretur
2552 4854 2785 4924 accepit,
2823 4856 2921 4910 sed
2987 4864 3045 4910 ut
3076 4857 3199 4911 aliis
3254 4872 3475 4928 quoque

1900 4943 2126 4995 utilitati
2158 4952 2323 4997 esset.
2358 4942 2560 4998 Deinde
2600 4960 2672 5007 ex
2701 4945 2802 5000 hac
2843 4947 3157 5001 divitiarum
3188 4949 3348 5017 copia
3392 4949 3473 5001 ni-

1903 5036 1977 5089 hil
2000 5034 2147 5089 aliud
2169 5034 2235 5088 ad
2260 5050 2384 5089 eum
2419 5035 2576 5102 redit,
2599 5052 2763 5107 quam
2788 5054 2955 5102 curae,
2977 5049 3031 5094 et
3047 5040 3470 5103 sollicitudines,

1900 5139 1953 5183 et
1980 5128 2312 5199 quotidianae
2342 5129 2659 5195 iracundiae,
2684 5139 2738 5187 et
2764 5130 3192 5202 indignationes,
3220 5140 3384 5203 atque
3416 5133 3470 5186 in

1902 5221 2183 5291 perpetuis
2206 5220 2614 5277 turbationibus
2639 5232 2692 5278 et
2736 5224 3062 5279 tumultibus
3090 5225 3321 5279 versari.
3353 5226 3472 5294 lpse

1901 5314 2050 5368 enim
2100 5323 2389 5370 sexcentos
2442 5327 2667 5372 ventres
2720 5317 2951 5387 implere
2997 5330 3227 5373 necesse
3257 5317 3470 5371 habet:

1903 5420 2112 5475 pauper
2164 5420 2295 5460 vero
2329 5422 2499 5460 unum
2530 5406 2817 5462 duntaxat.
2852 5406 2997 5474 Quin
3027 5409 3195 5464 etiam
3238 5418 3473 5479 uterque

1904 5510 2074 5550 unum
2121 5496 2470 5551 solummodo
2497 5507 2743 5552 ventrem
2792 5510 2957 5567 atque
2983 5498 3211 5554 unicum
3266 5515 3498 5571 corpus.

1903 5594 2100 5652 curat;
2149 5602 2337 5641 verum
2373 5588 2462 5653 hic
2492 5589 2612 5643 sine
2656 5596 2805 5644 metu
2837 5598 2891 5644 et
2921 5589 3316 5657 sollicitudine,
3383 5594 3474 5645 ille

1904 5684 2086 5730 autem
2116 5730 2119 5735 ,
2149 5691 2271 5731 cum
2315 5685 2555 5732 tremore
2615 5688 2669 5733 et
2710 5680 3037 5735 insidiarum
3093 5692 3265 5749 metu,
3304 5690 3472 5751 atque

1904 5768 1975 5824 ita
2005 5768 2261 5838 denique,
2294 5779 2351 5824 ut
2381 5782 2767 5827 sescentorum
2800 5772 3087 5829 hominum
3124 5789 3293 5845 opera
3324 5775 3472 5830 indi-
