4052 6400
659 325 794 390 15-19

1888 332 1949 393 S.
1974 332 2295 394 JOANNIS
2329 335 2762 399 DAMASCENI

3730 351 3826 419 1520

648 448 795 509 geat,
831 440 925 509 qui
971 454 1157 496 rerum
1188 443 1634 513 procurationem
1672 457 1860 497 secum
1896 444 2226 513 suscipiant.

2260 452 2304 510 Α
2334 463 2400 499 πε
2410 464 2677 518 ριουσιαν,
2703 449 2822 504 ἀλλ’
2848 451 2899 503 εί
2933 451 3096 507 πλέον
3117 470 3170 508 τι
3193 457 3294 528 τῆς
3320 457 3513 530 πολλῆς
3540 462 3715 535 ταύτης
3733 469 3827 521 ἀπο.

649 531 783 597 Quae
807 545 931 585 cum
955 530 1030 585 ita
1052 530 1191 598 sint,
1226 547 1297 587 ne
1318 533 1422 588 hoc
1466 531 1835 604 perspexeris,
1861 532 2013 601 quod
2042 532 2241 603 ingen-

644 631 760 678 tem
816 623 1183 680 substantiam
1250 625 1468 688 habeat,
1543 625 1641 680 sed
1697 639 1767 678 an
1799 641 1862 678 ex
1898 625 2000 680 hac
2028 625 2237 696 ingenti

649 715 805 785 copia
840 716 1182 787 perfruatur.

721 806 917 878 Ejusd.
945 838 1017 849 -
1043 808 1148 876 Qui
1202 809 1450 863 molliter
1493 818 1547 863 et
1597 807 1831 864 delicate
1865 807 2025 875 vixit,
2078 823 2144 863 ac
2174 824 2236 865 se

646 910 829 958 totum
864 902 1054 973 ~huius
1086 902 1215 957 vita:
1246 902 1414 956 rebus
1440 898 1632 964 aliixit,
1659 914 1788 955 cum
1816 900 1886 955 ab
1911 900 1983 955 iis
2008 900 2232 956 abstra-

650 994 803 1050 hitur
832 1001 911 1051 et'
947 994 1312 1066 disiungitur,
1369 993 1503 1047 hinc
1550 992 1777 1064 gravius
1836 992 2229 1059 discruciatur,

650 1086 941 1158 magisque
989 1086 1306 1158 ingemiscit
1349 1092 1409 1140 et
1474 1084 1833 1141 lamentatur.
1894 1083 1967 1140 At
2022 1099 2234 1156 pauper

650 1194 761 1234 non
814 1178 981 1246 item;
1019 1178 1117 1233 sed
1169 1192 1295 1233 cum
1351 1176 1630 1247 superiori
1678 1185 1930 1247 tempore
1991 1176 2232 1232 multum

646 1266 849 1341 diuq‘ue
877 1270 950 1326 sit
982 1269 1433 1340 philosophatus,
1494 1283 1605 1325 non
1640 1267 1761 1339 pari
1792 1267 1967 1324 animi
1990 1282 2231 1324 mmrore

648 1373 880 1418 mortem
943 1362 1236 1433 suscipiet.
1268 1362 1349 1418 Ac
1389 1363 1509 1434 ipsa
1534 1361 1789 1433 proinde,
1812 1360 1929 1417 sive
1960 1376 2228 1433 promens,

645 1456 764 1511 sive
825 1454 881 1510 in
911 1455 1322 1527 exspectatione
1377 1454 1559 1527 posita
1615 1453 1709 1519 sit,
1766 1453 2037 1524 majorem
2099 1455 2228 1509 huic

642 1560 812 1615 quam
837 1545 919 1600 illi
938 1553 1211 1603 terrorem
1242 1546 1463 1601 incutit.

716 1639 878 1710 502
911 1637 972 1695 S.
997 1636 1190 1710 Cyriu.
1223 1670 1292 1679 —
1318 1636 1463 1693 Sane
1487 1639 1535 1693 is
1570 1636 1667 1708 qui
1696 1636 1940 1702 la2ditur,
1972 1649 2088 1705 prae
2119 1634 2226 1689 tri-

2340 537 2517 594 λαύει.

2416 809 2474 861 ’0
2524 812 3056 884 καταμαλακισθεὶς,
3118 818 3213 871 καὶ
3243 820 3360 883 τοῖς
3395 822 3648 893 παροῦσιν
3688 828 3833 886 ἐαυτὸν

2333 902 2718 974 προσηλώσας,
2749 906 3151 975 ἀποσπώμενος
3179 912 3276 965 καὶ
3307 913 3675 986 χωριζόμενος,
3701 923 3832 990 μειζό-

2331 1013 2438 1062 νως
2462 999 2741 1067 δάκνεται,
2770 1002 2866 1059 καὶ
2890 1004 3096 1075 μᾶλλον
3119 1005 3373 1078 ὀδύρεται
3402 1010 3495 1064 καὶ
3522 1010 3704 1083 θρηνεῖ.
3732 1018 3777 1071 '0
3794 1020 3833 1072 δὲ

2333 1092 2504 1163 πένης
2534 1095 2635 1166 οὐχ
2689 1096 2890 1162 οὕτως,
2935 1098 3072 1153 ἁλλά
3119 1100 3297 1155 πολλά
3350 1102 3692 1177 φιλοσοφήσας
3732 1116 3833 1166 κατὰ

2328 1184 2422 1239 τὸν
2446 1186 2760 1260 ἔμπροσθεν
2780 1190 2999 1263 χρόνον,
3026 1194 3089 1247 οὐ
3117 1194 3257 1265 μετά
3279 1196 3545 1269 τοσαύτης
3567 1198 3742 1266 δέξεται
3763 1204 3832 1274 τῆς

2328 1277 2571 1351 ἀθυμίας
2600 1281 2695 1337 τὸν
2747 1283 3005 1349 θάνατον.
3032 1285 3173 1341 ὥστε
3222 1288 3319 1342 καὶ
3356 1288 3567 1359 παρὼν,
3594 1293 3675 1344 καὶ
3708 1309 3831 1364 προσ-

2324 1368 2660 1443 δοκώμενος,
2691 1376 2886 1449 ἐκείνῳ
2914 1377 3117 1448 μᾶλλόν
3146 1381 3264 1436 ἐστι
3293 1379 3575 1453 φοϐερὸςῆ
3605 1385 3762 1456 τούτῳ.

2398 1636 2627 1702 Πάντως
2650 1640 2680 1693 ὁ
2707 1639 3087 1712 ἀδικούμενος,
3119 1644 3525 1714 καταφλέγεται
3555 1645 3647 1716 μὲν
3671 1647 3753 1699 ὑπὸ
3772 1649 3832 1701 ii-

645 1732 797 1789 stitia
841 1724 1065 1804 quidem
1108 1731 1479 1788 incenditur:
1519 1744 1647 1787 cum
1710 1738 1901 1784 autem
1939 1737 2224 1799 acceptam

2255 1803 2291 1808 _
2326 1743 2459 1797 πης,
2490 1729 2806 1800 ἀμύνασθαι
2827 1733 2886 1786 δὲ
2908 1735 3011 1789 οὐκ
3036 1734 3199 1806 έχων,
3225 1735 3259 1808 ἢ
3291 1736 3382 1792 διὰ
3412 1737 3521 1790 τῶν
3549 1737 3665 1791 ἰσων
3687 1738 3829 1803 ἐλθεῖν,

646 1803 911 1895 iniuriam
972 1824 1194 1888 ulcisci,
1226 1828 1322 1878 aut
1353 1838 1455 1894 par
1501 1821 1713 1878 referre
1742 1836 1855 1876 non
1884 1821 2089 1893 possit,
2137 1822 2223 1875 in-

2254 1803 2299 1863 Β
2325 1816 2438 1871 ἐσθ’
2468 1820 2560 1893 fit:
2580 1821 2669 1875 διὰ
2689 1822 2852 1877 τοῦτο
2879 1828 2979 1898 τῆς
3001 1803 3211 1881 ἀνωθεν
3236 1803 3398 1899 δίκης
3419 1828 3481 1882 τὸ
3499 1828 3700 1900 κέντρον
3723 1831 3832 1882 καλεῖ

640 1917 859 1971 terdum
896 1916 1110 1972 idcirco
1144 1915 1343 1971 divinae
1394 1915 1626 1984 iustitiae
1662 1915 1919 1971 aculeum
1950 1913 2007 1968 in
2037 1913 2225 1969 subsi-

639 2010 794 2064 dium
849 2016 1034 2065 vocat.

715 2120 775 2179 S.
798 2120 1052 2177 Maximi.
1094 2121 1354 2178 —Nemo
1410 2121 1811 2192 ﬂagitiosorum
1866 2128 1974 2188 est,
2027 2120 2124 2194 qui
2172 2121 2226 2174 id

637 2216 787 2287 quod
819 2215 966 2286 juris
994 2214 1068 2271 sit
1094 2229 1219 2271 esse
1240 2215 1447 2269 malum
1478 2229 1587 2268 non
1618 2213 1937 2269 arbitretur.

712 2328 771 2387 S.
790 2329 1207 2385 Clementwrat.
1230 2346 1249 2381 ι
1279 2328 1410 2394 Quis
1434 2327 1575 2383 dive:
1601 2326 1889 2383 salvandus
1916 2326 2009 2394 sit,
2038 2345 2057 2379 ι
2089 2326 2226 2399 §H.

639 2450 711 2461 -—
740 2420 927 2477 Vende
956 2434 1082 2491 qua
1104 2420 1297 2476 habes.
1321 2418 1462 2486 Quid
1494 2427 1577 2475 est
1613 2417 1969 2488 quamobrem
1998 2419 2225 2488 quidam

640 2529 751 2569 non
809 2522 1064 2586 prompto
1101 2512 1287 2568 animo
1336 2512 1442 2567 hoc
1497 2510 1825 2581 suscipiant,
1854 2518 1911 2563 ut
1940 2507 2226 2565 facultates

642 2622 775 2663 suas
841 2605 1124 2678 abiiciant,
1167 2614 1334 2675 atque
1392 2603 1646 2659 allectum
1708 2616 1920 2668 earum,
1972 2602 2224 2658 immodi-

636 2713 875 2769 camque
905 2698 1282 2768 cupiditatem,
1317 2712 1537 2751 necnon
1572 2693 1788 2765 vigilias
1825 2692 1880 2748 in
1915 2692 1986 2751 iis
2013 2709 2223 2766 augen-

638 2790 749 2856 dis,
783 2789 1031 2855 morbos,
1080 2803 1266 2854 curas,
1304 2796 1359 2844 et
1380 2788 1573 2859 spinas
1617 2787 1765 2849 vita},
1797 2784 2002 2855 quibus
2032 2801 2223 2843 semen

636 2884 968 2939 suffocatur.

708 2997 767 3055 S.
805 2998 946 3054 Nili.
972 3030 1039 3039 ——
1068 2993 1325 3069 Magnum
1387 2995 1458 3051 iis
1486 2994 1585 3067 qui
1615 2993 1807 3050 virtuti
1834 2994 2222 3064 comparanda:

2328 1911 2467 1982 πρὸς
2493 1915 2841 1989 ἐπικουρίαν.

2398 2115 2651 2187 Πέφυκεν
2678 2118 2911 2184 ἕκαστος
2939 2118 3050 2174 τῶν
3086 2119 3417 2193 κακουργῶν
3462 2119 3675 2193 ἀνδρῶν,
3709 2122 3755 2175 τὸ
3782 2121 3832 2175 δί-

2325 2224 2483 2262 καιον
2516 2204 2657 2263 εἷναι
2686 2211 2932 2282 νομίζειν
2964 2212 3157 2268 κακόν.

2398 2322 2661 2395 Πώλησὸν
2691 2341 2788 2381 σου
2829 2324 2900 2381 τά
2925 2327 3265 2399 ὑπάρχοντα.
3300 2326 3371 2381 Τί
3405 2328 3467 2381 οὐ
3491 2329 3754 2400 προχείρως
3773 2327 3830 2381 δέ·

2326 2416 2514 2487 χονταί
2540 2433 2687 2482 τινες
2711 2417 2814 2490 τὴν
2853 2418 3207 2491 ὑπάρχουσαν
3234 2418 3429 2474 οὐσίαν
3459 2418 3745 2491 ἀπορρίψει,
3763 2421 3832 2488 τὴν

2326 2507 2465 2579 πρὸς
2494 2509 2634 2564 αὑτά
2686 2510 3053 2582 συμπάθειαν,
3093 2511 3194 2585 τὴν
3246 2511 3536 2584 ὑπεράγαν
3581 2511 3829 2582 ἐπιθυμίαν,

2324 2600 2424 2672 τὴν
2445 2602 2575 2673 περὶ
2595 2602 2769 2674 αὐτὴν
2793 2603 3124 2675 ἀγρυπνίαν,
3151 2603 3253 2676 τὴν
3282 2604 3463 2670 νόσον,
3485 2604 3580 2667 τὰς
3607 2603 3831 2674 μερίμνας,

2323 2694 2424 2759 τὰς
2454 2694 2699 2761 ἀκάνθας
2725 2695 2818 2750 τοῦ
2855 2696 2996 2769 βίου,
3024 2698 3084 2751 αἶ
3109 2697 3170 2751 τὸ
3211 2696 3438 2770 σπέρμα
3475 2697 3569 2769 τῆς
3598 2695 3720 2763 ζωῆς
3740 2712 3833 2765 σιμ-

2326 2786 2611 2857 πνίγουσιν
2632 2806 2647 2856 ;

2396 2993 2556 3063 Μέγα
2598 2995 2713 3059 τοῖς
2744 2995 2882 3068 πρὸς
2910 2996 3122 3067 ἀρετὴν
3165 2994 3545 3065 ἐπειγομένοις
3576 2992 3832 3064 ἐμπόδιωή

640 3091 885 3148 student.
907 3090 1360 3161 impedimentum
1384 3085 1541 3142 allert
1563 3095 1938 3158 przeposterus
1963 3085 2058 3142 ille
2079 3099 2213 3156 erga

2327 3086 2435 3141 τῶν
2466 3087 2751 3160 κοσμικῶν
2771 3088 3120 3161 πραγμάτων
3147 3088 3492 3159 συμπάθεια,
3520 3087 3608 3142 καὶ
3628 3086 3745 3157 ψυχῇ
3764 3084 3827 3138 καὶ

639 3183 804 3251 huius
821 3179 1009 3235 mundi
1036 3193 1124 3235 res
1154 3178 1403 3243 all‘ectus,
1426 3192 1489 3232 ac
1516 3192 1679 3247 saepe,
1705 3184 1821 3231 tum
1837 3177 2076 3247 corpori,
2108 3185 2224 3231 tum

2251 3162 2297 3223 ε
2332 3177 2544 3251 σώματι
2577 3178 2841 3245 πολλάκις
2886 3179 3110 3253 ὄλεθρον
3139 3179 3502 3251 προξενοῦσα.
3550 3178 3609 3231 Τί
3645 3178 3732 3247 γὰρ
3756 3175 3827 3227 Να-

640 3272 838 3327 animaa
876 3270 1176 3342 perniciem
1209 3267 1443 3324 invehit.
1473 3267 1615 3335 Quid
1631 3267 1778 3324 enim
1808 3267 2021 3324 Naboth
2046 3266 2224 3324 Israe-

639 3367 794 3420 litam
830 3364 887 3419 in
940 3362 1171 3418 exitium
1199 3362 1437 3432 coniecit
1471 3359 1588 3416 ?an
1619 3376 1730 3416 non
1751 3361 2026 3416 invidiosa
2058 3360 2221 3415 vinea

637 3456 687 3511 ei
749 3461 983 3509 mortem
1035 3452 1358 3519 accersivit,
1389 3458 1451 3506 ut
1485 3465 1610 3522 quae
1640 3447 1890 3504 vicinum
1928 3448 2124 3504 Achab
2148 3448 2217 3503 ad

641 3549 819 3621 ipsius
863 3548 1070 3605 caedem
1120 3545 1427 3603 excitarit?
1455 3544 1599 3613 Quid
1654 3554 1835 3600 autem
1872 3543 2012 3599 duas
2040 3544 2221 3599 tribus

636 3650 691 3697 et
720 3640 1000 3697 dimidiam
1054 3638 1283 3695 alterius
1314 3636 1562 3708 impulit,
1601 3642 1660 3691 ut
1693 3643 1848 3692 extra
1898 3634 2219 3706 promissio-

636 3734 726 3790 nis
778 3744 983 3789 terram
1019 3731 1428 3790 subsisterent?
1456 3746 1527 3786 an
1584 3744 1695 3785 non
1724 3744 1991 3800 pecorum
2025 3729 2217 3785 multi-

635 3825 804 3882 tudo?
828 3824 973 3893 Quid
1009 3826 1173 3882 etiam
1200 3823 1302 3879 Lot
1330 3823 1398 3880 ab
1436 3823 1756 3880 Abrahamo
1784 3820 2063 3894 disiunxit
2090 3821 2114 3875 ?
2142 3836 2213 3876 an

636 3934 745 3974 non
796 3919 987 3989 ingens
1022 3924 1404 3973 armentorum
1448 3930 1739 3981 numerus,
1764 3921 2031 3987 perpetua
2072 3912 2216 3969 inter

635 4020 885 4082 pastores
910 4009 1092 4083 iurgia
1117 4022 1369 4078 movens,
1405 4007 1591 4080 quoad
1615 4023 1850 4080 prorsus
1888 4024 1989 4066 eos
2016 4008 2087 4065 ab
2127 4008 2215 4065 in-

634 4104 814 4161 vicem
851 4102 1099 4160 avulsit?

703 4194 922 4291 Ioseph.
946 4249 1015 4259 —
1053 4218 1214 4275 Nulla
1260 4226 1373 4274 tam
1422 4217 1635 4273 nefaria
1675 4216 1765 4273 via
1813 4226 1920 4283 est,
1946 4230 2070 4288 qua
2098 4230 2213 4272 non

634 4318 881 4381 quaestus
900 4324 1072 4365 causa
1103 4309 1341 4365 ineatur.

693 4442 1007 4512 :Fortassis}
1028 4443 1274 4499 animum
1342 4445 1413 4499 ad
1441 4459 1563 4501 eam
1601 4446 1933 4501 sententiam
1966 4460 2077 4501 non
2106 4443 2208 4498 ad-

2327 3271 2519 3325 ϐουθαὶ
2548 3270 2639 3327 τὸν
2677 3270 3020 3344 Ἰσραηλίτην
3040 3271 3360 3344 ἀπώλεσενκς
3392 3272 3493 3326 οὐκ
3516 3265 3827 3343 Watzi-

2325 3365 2519 3436 φθονος
2558 3324 2731 3429 αἴτιος
2755 3324 2917 3435 ἀιέιῖᾷ
2932 3324 3175 3419 θανάτου
3207 3324 3530 3433 γέγᾷήται,
3555 3324 3690 3433 ’ἕξοις
3711 3324 3829 3427 ipim

2321 3458 2490 3512 αὐτοῦ
2544 3459 2776 3530 κινήσας
2805 3459 2899 3514 τὸν
2936 3459 3155 3529 γείτονα
3190 3458 3441 3533 Ἀχαᾴ6;
3470 3458 3535 3511 Τί
3566 3457 3620 3510 δέ
3648 3454 3728 3517 τὰς
3764 3450 3829 3503 δύο

2320 3550 2494 3621 ἥμισυ
2525 3548 2698 3619 φυλὰς
2746 3547 2855 3615 ἔξω
2904 3549 3004 3621 τῆς
3041 3538 3531 3620 ἐπαγγελλομένης
3562 3548 3654 3617 γῆς
3697 3542 3827 3613 μεῖναι

2321 3638 2771 3711 παρεσκεύασεν;
2819 3639 2881 3693 οὐ
2913 3638 3122 3711 πλῆθος
3154 3641 3439 3712 ,κτηνῶν;
3473 3639 3537 3693 Ti
3563 3637 3616 3691 δέ
3663 3634 3739 3690 καὶ
3764 3632 3829 3685 νὺν

2319 3730 2446 3787 Λὼτ
2477 3732 2586 3787 ἀπὸ
2611 3730 2708 3786 τοῦ
2741 3731 2991 3806 Ἀϐραάμ
3021 3731 3324 3804 ἐχώρισενς
3354 3733 3461 3803 οὐχ
3495 3733 3524 3786 ὁ
3547 3731 3646 3784 τῶν
3671 3728 3827 3798 βοσκη-

2320 3824 2508 3897 μάτων
2550 3825 2719 3891 πολὺς
2750 3824 3007 3903 ἀριθμὸς,
3042 3826 3287 3896 συνεχεῖς
3324 3828 3442 3889 τοῖς
3471 3820 3680 3893 ποιμέσι
3712 3817 3825 3886 κινή-

2319 3936 2418 3983 σας
2455 3919 2554 3983 τὰς
2582 3920 2788 3991 ἐριδας,
2817 3919 2923 3983 ἕως
2956 3918 3156 3982 αὐτοὺς
3211 3916 3404 3973 τέλεον
3450 3914 3729 3989 ἀπέρρηξεν
3757 3908 3829 3964 ἀπ’

2314 4012 2560 4083 ἀλλήλων
2580 4030 2596 4079 ;

2382 4212 2574 4267 Πᾶσαν
2605 4210 2866 4282 ἀθέμιτον
2886 4212 3005 4267 ὁδὸν
3028 4214 3173 4268 ποιεῖ
3194 4212 3257 4267 τὸ
3283 4212 3502 4286 κέρδος.

2386 4432 2543 4499 Ἴσως
2588 4434 2691 4488 οὐκ
2746 4435 3057 4507 ἐπέστησας
3103 4436 3184 4507 τῷ
3232 4436 3533 4507 προσφυῶς
3578 4429 3824 4507 χρησμοδο-

631 4537 838 4608 iecisti,
867 4551 1033 4610 quam
1070 4535 1289 4608 quidam
1331 4544 1457 4609 apte
1490 4536 1561 4592 ad
1601 4538 1749 4594 hunc
1777 4536 2004 4594 modum
2042 4544 2206 4593 extu-

2239 4516 2287 4574 Β
2313 4526 2518 4595 τοῦντι,
2552 4527 2648 4583 καὶ
2696 4527 2912 4598 λέγοντι
2932 4544 2948 4561 ⁸
2974 4530 3069 4602 Μὴ
3100 4530 3298 4585 σπεῦδε
3338 4530 3606 4596 πλουτεῖν,
3634 4527 3697 4600 μὴ
3722 4522 3823 4593 “IL

632 4629 699 4684 lit
728 4629 846 4686 :Ne
902 4630 1132 4685 festines
1162 4628 1351 4694 ditari,
1418 4644 1488 4684 ne
1520 4627 1708 4685 statim
1738 4629 1795 4685 in
1824 4636 2207 4700 paupertatem

636 4719 870 4777 incidas.

707 4856 1037 4913 Hominibus
1084 4856 1196 4911 illis
1220 4854 1315 4926 qui
1364 4856 1654 4911 avaritiam
1699 4872 1765 4912 ac
1800 4856 2207 4926 parcimoniam

640 4950 707 5004 ad
752 4958 1056 5006 extremum
1103 4949 1313 5015 colunt,
1365 4947 1567 5004 multas
1599 4948 1785 5003 divina
1859 4948 2209 5018 providentia

638 5041 1092 5098 detrimentorum
1120 5042 1442 5098 occasiones
1469 5055 1666 5112 parare
1685 5041 1996 5098 consuevit.

704 5177 967 5235 Philonis.
995 5210 1065 5221 ——
1085 5177 1406 5233 Divitiarum
1432 5177 1813 5248 pulchritudo,
1846 5193 1959 5234 non
1993 5179 2049 5234 in
2078 5194 2207 5236 crn-

630 5273 829 5338 menis,
887 5272 981 5329 sed
1014 5270 1071 5327 in
1132 5286 1435 5346 pauperum
1486 5280 1729 5341 egestate
1765 5272 2000 5330 levanda
2029 5273 2209 5345 posita

700 5497 762 5553 S.
777 5497 829 5551 Ν
834 5498 1134 5557 ili.—Nibil
1149 5500 1371 5557 omnino
1390 5499 1489 5556 tibi
1512 5498 1693 5557 studio
1711 5507 1929 5567 est,non
1946 5499 2207 5572 praeclara

628 5585 765 5652 vita,
831 5604 941 5644 non
991 5601 1141 5649 recta
1171 5593 1589 5657 doctrina,.non
1631 5606 2023 5663 oppressorum
2045 5607 2201 5656 cura,

629 5695 740 5735 non
772 5682 1069 5753 quidquam
1102 5686 1273 5751 aliud,
1298 5695 1497 5757 praeter
1513 5686 1618 5742 hoc
1637 5699 1829 5753 unum,
1853 5685 2003 5755 quod
2023 5701 2197 5752 amas,

630 5779 794 5845 atque
819 5774 879 5832 in
901 5777 1044 5834 votis
1075 5776 1268 5846 babes,
1290 5785 1345 5835 et
1367 5776 1580 5847 colligis
1606 5776 2021 5834 oloconitidem.

2314 4619 2484 4691 πένης
2509 4619 2663 4694 γένῃ.

2384 4851 2512 4915 Τοῖς
2535 4852 2637 4923 τὴν
2669 4852 2846 4923 ἄκραν
2882 4851 3325 4923 φιλοχρηματίαν
3355 4852 3449 4905 καὶ
3487 4843 3741 4918 φειδωλίαν
3761 4840 3824 4903 ὲξσ

2310 4942 2613 5013 ησκηκόσιν
2638 4943 2972 5016 ἀνθρώποις,
3004 4942 3207 5007 πολλὰς
3235 4941 3374 5013 πρὸς
3396 4940 3591 5011 ζημίαν
3620 4930 3821 5004 ἀφορμὰς

2312 5037 2345 5105 ἡ
2376 5036 2610 5107 Πρόνοια
2633 5038 2942 5108 περιποιεῖν
2969 5034 3179 5089 εἴωθεν.

2381 5167 2623 5223 Πλούτου
2656 5169 2718 5223 τὸ
2756 5167 2954 5232 κάλλος
2984 5168 3085 5222 οὐκ
3116 5169 3174 5221 ἐν
3217 5166 3537 5238 βαλαντίοις,
3565 5160 3665 5215 ἀλλ’
3701 5159 3747 5210 ἐν
3768 5154 3821 5223 τῇ

2308 5260 2417 5313 τῶν
2440 5260 2754 5333 χρῃζόντων
2777 5262 3091 5331 ἐπικουρίᾳ.

2376 5503 2545 5558 Οὐδὲν
2599 5503 2841 5574 πάμπαν
2893 5500 3254 5565 σπουδάζεται
3295 5497 3448 5569 παρὰ
3497 5492 3615 5559 σοῦ,
3640 5487 3694 5542 οὐ
3731 5480 3819 5574 βίος

2306 5596 2581 5668 λαμπρὸς,
2614 5572 2873 5664 οὑήλόγος
2900 5593 3080 5666 ὀρθὸς,
3120 5592 3184 5647 οὐ
3229 5588 3531 5664 προστασία
3557 5582 3656 5639 τῶν
3682 5572 3814 5672 Oileo-

2310 5682 2511 5759 μένων,
2540 5689 2602 5741 οὐ
2627 5689 2697 5743 τά
2741 5688 2889 5760 ἑξῆς,
2921 5687 3063 5756 πλὴν
3096 5685 3188 5740 τοῦ
3234 5683 3429 5754 φιλεῖν,
3476 5678 3567 5731 καὶ
3597 5672 3657 5727 δι’
3688 5668 3813 5733 εὐχῆς

2306 5779 2597 5847 ποιεῖσθαι,
2627 5779 2725 5835 καὶ
2760 5777 3037 5846 συλλέγειν
3062 5776 3135 5831 τά
3165 5770 3514 5830 ὁλοκωνίτιδα
