4052 6402
81 5462 97 5492 ς

193 434 321 500 1521

1455 446 1690 506 SACRA
1729 449 2187 510 PARALLELA.

3307 460 3434 524 1522

188 549 466 644 'l'lJTALLl'.
495 553 740 644 -BH§pl
797 555 986 638 ἕρπων
1026 560 1124 644 καί
1160 561 1476 644 πράξεων·
1513 564 1632 644 καὶ.
1662 565 1726 644 ᾄτ

1855 567 2012 644 ΤΙΤ.Δ
2031 567 2255 644 Χς-ῼε
2285 570 2527 644 operibus
2552 578 2600 644 et
2627 570 2926 644 actionibus
2961 580 3055 644 {et
3079 573 3219 641 quod
3247 576 3433 644 qualia

251 621 425 701 ὁποῖά
453 623 698 701 τις-δρᾷ,
725 621 1120 701 τοᾴάῦτα-καί
1143 621 1468 699 ὐᾴῖσταται
1490 649 1506 665 ο
1539 633 1637 688 καί
1669 635 1751 701 ὡς

252 691 401 774 κατᾲ
438 691 678 774 regem
698 696 876 774 ᾑλέῶζ
919 699 1016 752 καί
1054 703 1085 753 ὀ
1116 691 1336 770 μισθὸς
1371 691 1749 774 ἐξομοιοῦται

249 762 408 828 παρὰ
439 762 546 816 τοῦ
577 762 790 832 Θεοῦῆἱ
793 765 942 835 μῶν.

252 911 271 944 ι
307 893 435 948 Ἐάν
482 913 564 960 τις
603 896 680 967 δῷ
732 897 922 969 μῶμον
967 902 1045 972 τῷ
1077 903 1324 975 πλησίον,
1375 907 1451 970 ὡς
1489 907 1747 979 ἐποίησεν

174 985 344 1055 αὐτῷ,
376 984 638 1052 ὡσαύτως
673 989 1160 1064 ἀντιποιηθήσεται
1194 997 1344 1068 αὐτῷ
1368 1014 1381 1028 ·
1429 998 1744 1071 σύντριμμα

171 1078 292 1132 ἀντὶ
314 1079 719 1152 συντρίμματος
735 1100 750 1114 ·
779 1084 1059 1156 ὀφθαλμὸν
1083 1089 1204 1142 ἀντὶ
1222 1091 1504 1162 ὀφθαλμοῦ
1520 1111 1533 1124 ·
1553 1093 1746 1147 ὀδόντα

170 1170 289 1224 ἀντὶ
318 1169 551 1238 ὀδόντος.
585 1175 789 1230 Καθότι
824 1177 891 1231 ἂν
927 1179 1002 1251 δῷ
1033 1181 1227 1253 μῶμον
1261 1183 1557 1257 ἀνθρώπῳ,
1590 1185 1736 1240 οὕτω

167 1260 454 1332 δοθήσεται
474 1263 644 1336 αὐτῷ.
678 1285 698 1319 ι

239 1371 259 1405 ι
295 1353 655 1427 Κατέδραμον
691 1359 868 1414 ὀπίσω
909 1361 1288 1435 Ἀδωνιϐεζὲκ,
1314 1369 1410 1421 καὶ
1437 1368 1735 1424 κατέλαϐον

165 1442 343 1512 αὐτὸν,
371 1447 470 1501 καὶ
495 1447 779 1520 ἀπέκοψαν
807 1453 877 1508 τὰ
902 1454 1046 1527 ἄκρα
1072 1457 1180 1511 τῶν
1203 1460 1403 1530 χειρῶν
1425 1461 1613 1529 αὐτοῦ,
1639 1465 1734 1516 καὶ

169 1537 266 1592 τῶν
303 1539 486 1594 ποδῶν
520 1542 706 1602 αὑτοῦ.
725 1545 836 1600 Καὶ
863 1544 1017 1603 εἶπεν
1041 1551 1429 1617 ’Λδωνιϐεζέκο
1477 1554 1734 1628 Ἐϐδομή-

162 1647 322 1685 κοντα
359 1630 605 1702 βασιλεῖς
630 1637 700 1692 τά
741 1638 887 1712 ἄκρα
916 1641 1027 1696 τῶν
1057 1644 1237 1699 ποδῶν
1271 1644 1452 1700 αὐτῶν
1485 1649 1581 1702 καὶ
1622 1649 1731 1704 τῶν

1921 640 2040 710 quis
2100 640 2252 709 facit,
2315 641 2450 715 talia
2504 643 2666 695 etiam
2704 643 2822 715 ipse
2858 640 3122 715 sustineat
3157 640 3436 715 :qu'odque

1922 720 2165 833 opertjus
2211 713 2409 765 nostris
2443 727 2635 766 merces
2686 712 2823 780 apud
2856 711 3024 766 Deum
3075 711 3316 768 nostrum
3348 711 3433 770 re-

1921 797 2048 835 anon
2088 792 2194 835 eat.

1947 797 2194 848 ponaeat.

1916 914 2084 971 Levit.
2124 933 2275 981 χχιιι,
2319 917 2408 982 19,
2453 917 2542 972 20.
2576 949 2644 960 —
2677 935 2695 970 ι
2719 917 2776 973 Si
2811 918 2937 989 quis
2999 917 3214 974 dederit
3253 917 3430 972 labem

1840 1011 2091 1080 proximo
2119 1026 2242 1078 suo,
2266 1012 2405 1067 sicut
2444 1011 2594 1078 fecit,
2626 1011 2704 1067 sic
2735 1012 2826 1068 ﬁet
2851 1012 2900 1068 ei
2934 1031 2949 1069 :
2978 1011 3272 1068 fracturam
3331 1026 3430 1081 pro

1839 1101 2102 1167 fractura,
2166 1103 2387 1158 oculum
2447 1118 2547 1174 pro
2598 1104 2783 1168 oculo,
2837 1103 3054 1160 dentem
3104 1119 3204 1174 pro
3266 1102 3428 1158 dente

1839 1196 2111 1252 restituet.
2145 1193 2371 1260 Qualem
2433 1194 2691 1251 inﬂixerit
2743 1195 3012 1251 maculam
3060 1195 3289 1264 homini,
3347 1194 3427 1250 sic

1805 1283 2055 1376 .dabitur
2074 1286 2145 1342 ei.
2174 1305 2194 1339 ι

1903 1377 2087 1434 Judic.
2117 1394 2157 1442 ι,
2180 1378 2406 1436 5-7.--ι
2429 1377 2496 1433 Ει
2516 1378 2794 1448 persecuti
2822 1388 2950 1436 sunt
2979 1386 3106 1450 post
3145 1377 3422 1433 Adonibe-

1841 1470 1997 1536 sech,
2043 1479 2101 1526 et
2146 1469 2682 1541 comprehenderunt
2711 1485 2858 1536 eum,
2918 1477 2972 1525 et
2999 1479 3424 1539 amputaverunt

1838 1564 2216 1619 extremitates
2249 1578 2510 1618 manuum
2548 1562 2669 1634 ejus
2700 1569 2755 1618 et
2777 1560 2979 1633 pedum
3007 1561 3148 1630 ejus.
3181 1559 3248 1614 Et
3284 1561 3424 1613 dixit

1839 1651 2220 1710 Adonibesecb
2276 1668 2290 1706 :
2333 1653 2690 1724 Septuaginta
2737 1668 2915 1725 reges,
2973 1651 3416 1708 extremitatibus

159 1721 358 1816 ζειρῶν
393 1725 577 1782 αὐτῶν
607 1730 1073 1805 ἀποκεκομμένοι,
1112 1731 1253 1808 ἦσαν
1282 1739 1636 1810 συλλέγοντες
1661 1741 1726 1797 τά

1839 1743 2028 1814 pedum
2090 1752 2339 1816 ipsorum
2394 1754 2448 1803 et
2501 1759 2766 1800 manuum
2833 1744 3082 1814 ipsorum
3131 1741 3417 1801 abscissis,

159 1813 418 1869 ὕποκάτω
452 1817 555 1888 τῆς
594 1822 874 1893 τραπέζης
917 1842 1047 1894 μου.
1093 1828 1292 1893 Καθὼς
1319 1826 1415 1884 οὖν
1471 1833 1728 1904 ἐποίησα,

158 1905 328 1969 οὕτως
357 1909 747 1967 ἀνταπέδωκέν
775 1915 916 1985 μοιὸ
949 1916 1103 1982 Θεός.
1131 1938 1152 1972 ι

227 2014 248 2050 ι
278 2000 343 2052 Oi
374 2001 694 2074 σπείροντες
718 2005 789 2060 τά
820 2007 1029 2079 ἄτοπα,
1060 2010 1258 2077 ὀδύνας
1295 2012 1574 2086 θεριοῠσιν
1603 2018 1735 2070 έαυ-

153 2091 288 2145 τοῖς.
325 2111 345 2143 ι

226 2107 235 2144 ι
274 2130 288 2144 .
325 2111 345 2143 ι

226 2107 268 2233 «ς
295 2182 615 2256 Ἀποδοθείη
645 2185 795 2258 αὐτῷ
819 2187 857 2242 ἃ
888 2188 1148 2262 ἔπραξεν.
1180 2211 1199 2244 ι

226 2291 246 2324 ο
288 2274 444 2328 Κενά
470 2278 650 2341 κενοῖς
677 2277 1042 2351 ἀποϐήσεται.
1072 2302 1092 2335 ι

227 2385 246 2417 ι
292 2367 670 2442 Ἀνταπόδομα
697 2371 923 2443 χειλέων
957 2375 1126 2430 αὑτοῦ
1161 2377 1450 2451 δοθήσεται
1495 2383 1663 2456 αὐτῷ.
1708 2404 1725 2436 ι

226 2582 248 2616 ‹
289 2563 544 2619 Ἔδονται
588 2568 688 2639 τῆς
717 2569 928 2625 ἑαυτῶν
961 2571 1082 2626 ὁδοῦ
1131 2575 1255 2639 τοὺς
1314 2581 1581 2649 καρποὺς,
1635 2583 1730 2634 καὶ

145 2657 245 2727 τῆς
276 2658 494 2713 ἑαυτῶν
527 2660 782 2727 ἀσεϐείας
801 2664 1228 2738 πλησθήσονται.
1272 2670 1602 2744 Ἐξετασμὸς
1623 2677 1730 2747 γὰρ

144 2751 372 2816 ἀσεϐεῖς
403 2753 536 2810 όλεῖ.
581 2772 601 2807 ι
1273 2774 1279 2784 ·

221 2864 243 2897 ‹
277 2843 716 2918 Τεκταινόμενος
745 2850 948 2919 ἀγαθά,
979 2852 1134 2925 ζητεῖ
1162 2856 1322 2926 {datr
1341 2872 1356 2889 -
1392 2858 1731 2930 ὲκζητοῦντα.

135 2935 199 2990 δὲ
228 2937 386 2992 κακά
409 2941 783 3016 καταλήψεται
809 2944 990 3001 αὐτόν.
1036 2965 1055 2998 ι

297 3115 361 3172 '0
393 3121 636 3193 σπείρων
677 3122 879 3192 φαῦλα,
916 3124 1124 3196 θερίσει
1162 3130 1346 3184 κακά·
1390 3134 1727 3207 ματαιότητα

138 3208 200 3262 δὲ
233 3208 424 3281 ἔργων
453 3212 617 3267 αὐτοῦ
649 3215 980 3273 συντελέσει.
1021 3236 1040 3270 ι

217 3321 240 3355 ι
281 3302 422 3357 Δότε
450 3305 591 3377 αὐτῇ
621 3307 728 3364 ἀπὸ
747 3309 856 3364 τῶν
883 3313 1113 3381 καρπῶν
1144 3316 1348 3386 χειρῶν
1379 3319 1570 3392 αὐτῆς.
1602 3340 1619 3374 ι

219 3502 240 3538 ι
279 3486 385 3541 ’ον
400 3487 602 3559 τρόπον
624 3491 908 3565 ἐποίησας,
937 3493 1111 3560 οὕτως
1136 3496 1287 3554 ἔσται
1344 3517 1452 3556 σοι.
1492 3501 1567 3555 Τὸ
1603 3505 1734 3558 άντ-

139 3575 408 3647 απόδομά
432 3596 529 3634 σου
561 3581 1059 3657 ἀνταποδοθήσεται
1088 3589 1171 3654 είς
1201 3591 1446 3662 κεφαλήν
1482 3609 1599 3649 σου.
1643 3614 1662 3646 ι

214 3774 237 3808 ι
279 3755 368 3812 Τά
390 3773 710 3832 γεννήματα
730 3766 840 3818 τῶν
860 3766 1038 3837 ἔργων
1067 3773 1250 3826 αυτῶν
1281 3774 1589 3844 φάγωνται.
1633 3797 1652 3830 ι

211 3953 234 3988 ι
269 3937 423 4032 Οδαὶ
443 3939 531 4032 τῷ
556 3941 744 4015 ἀνόμῳ
766 3961 782 3978 ο
819 3949 1036 4020 πονηρά
1051 3953 1196 4008 κατά
1228 3954 1298 4010 τά
1327 3956 1466 4028 ἔργα
1482 3960 1592 4014 τῶν
1615 3979 1729 4032 χει-

135 4026 250 4096 ρῶν
289 4028 470 4084 αὑτοῦ
501 4033 790 4106 δοθήσεται
811 4039 983 4113 αὐτῷ.
1021 4062 1040 4096 ι

208 4139 229 4173 ‹
283 4120 438 4217 Ἐγὼ
469 4124 674 4217 ιςύριος
718 4129 928 4196 έτάζων
972 4137 1225 4207 καρδίας,
1277 4142 1373 4195 κο.)⁸
1410 4143 1728 4217 δοκιμάζων

130 4213 401 4284 νεφροὺς,
433 4214 529 4272 τοῦ
572 4218 758 4276 δοῦναι
789 4223 1006 4298 ἑκάστῳ
1037 4229 1180 4284 κατά
1207 4231 1306 4297 τάς
1337 4233 1492 4300 ὀδοὺς
1534 4213 1723 4308 αὐτοῦ,

130 4302 227 4356 καὶ
261 4303 414 4358 κατά
437 4307 565 4371 τοὺς
584 4312 834 4381 καρποὺς
861 4314 970 4368 τῶν
1006 4316 1457 4392 ἐπιτηδευμάτων
1482 4326 1669 4382 αὑτοῦ.

202 4524 224 4556 ‹
263 4504 482 4570 Καθὼς
503 4507 749 4581 ἐποίησε,
774 4516 1042 4587 ποιήσατε
1073 4521 1236 4593 αὐτῇ.
1276 4541 1297 4577 ι

1834 1845 1996 1890 erant
2045 1838 2368 1909 colligentes
2414 1854 2538 1910 qua:
2600 1838 2865 1893 caderent
2895 1838 2998 1892 sub
3054 1851 3239 1890 mensa
3275 1849 3417 1888 mea.

1764 1904 1806 1958 Β
1837 1904 2314 1993 Quemadmodum
2337 1904 2470 2002 ergo
2497 1930 2633 1997 feci,
2667 1931 2743 1984 ita
2775 1929 3014 1986 reddidit
3045 1928 3175 1981 mihi
3207 1929 3369 1982 Deus.
3394 1945 3411 1977 ι

1903 2018 2005 2075 Job
2084 2037 2161 2088 iv,
2226 2022 2281 2078 8.
2312 2052 2383 2063 —
2418 2041 2436 2074 ι
2470 2022 2572 2090 Qui
2632 2029 2828 2080 serunt
2879 2021 3143 2092 pessima,
3191 2019 3416 2073 dolores

1834 2113 1938 2169 sibi
1961 2114 2098 2182 ipsis
2121 2122 2347 2171 metent.
2387 2133 2405 2166 ι

1907 2220 1927 2254 ι
1968 2201 2296 2259 Reddantur
2321 2204 2371 2260 ei
2405 2220 2531 2275 qua:
2554 2203 2707 2260 fecit.
2745 2224 2763 2257 ι

1909 2314 1926 2347 ι
1966 2294 2114 2351 Vana
2143 2297 2304 2353 vanis
2335 2306 2598 2353 eventura
2627 2307 2774 2353 sunt.

1902 2388 2062 2460 503
2095 2390 2256 2445 Prov.
2305 2406 2417 2458 xu,
2471 2391 2559 2445 M.
2603 2420 2672 2432 —-
2719 2408 2737 2443 ι
2789 2387 3100 2444 Retributio
3142 2385 3433 2441 labioruin.

1834 2497 2060 2539 suorum
2092 2481 2316 2537 dabitur
2343 2483 2414 2537 ei.
2451 2500 2468 2534 ι

1903 2575 2064 2630 Prov.
2097 2591 2141 2642 ι,
2165 2576 2257 2632 51.
2283 2608 2351 2617 —
2385 2594 2403 2627 ‹
2438 2575 2744 2631 Comedent
2788 2572 3001 2629 fructus
3048 2572 3151 2627 via:
3198 2587 3332 2636 suae,
3366 2583 3421 2627 et

1832 2667 2115 2738 impietate
2143 2683 2243 2724 sua
2275 2667 2674 2739 implebuntur.
2705 2665 2840 2722 Nam
2861 2664 3195 2722 examinatio
3218 2663 3432 2734 impios-

1832 2759 2045 2831 perdet.
2079 2779 2097 2812 ι

1905 2853 2060 2908 Prov.
2099 2866 2174 2917 xi,
2199 2853 2291 2906 27.
2325 2883 2392 2893 ~—
2426 2871 2445 2904 ι
2479 2853 2585 2918 Qui
2631 2858 2795 2924 parat
2837 2850 3005 2918 bona,
3050 2847 3248 2920 quaerit
3292 2863 3414 2918 gra-

1832 2944 1961 3006 tiam
2013 2961 2026 2998 :
2079 2951 2414 3016 quaerentem
2475 2951 2657 2998 autem
2708 2941 2888 3007 mala,
2947 2940 3426 3011 comprehendent

1828 3051 1975 3092 eum.
2012 3053 2032 3088 ι

1898 3128 2058 3183 Prov.
2099 3143 2252 3192 xxii,
2304 3129 2357 3183 8.
2389 3159 2459 3170 -—-
2495 3145 2516 3179 ‹
2548 3126 2654 3193 Qui
2713 3124 2955 3182 seminat
3003 3138 3194 3193 prava,
3249 3123 3417 3178 metet

1755 3245 1800 3310 ο
1832 3220 1996 3280 mala.
2021 3219 2334 3277 Vanitatem
2361 3228 2544 3275 autem
2566 3232 2795 3289 operum
2822 3231 3048 3310 suorum
3085 3216 3355 3286 perﬁciet.
3391 3235 3409 3266 ι

1905 3313 2066 3370 Prov.
2096 3329 2250 3378 xxxi,
2280 3313 2372 3369 3i.
2412 3345 2480 3354 —
2512 3332 2529 3366 ι
2567 3313 2702 3368 Date
2733 3310 2784 3368 ei
2811 3308 2881 3366 de
2923 3307 3104 3363 fructu
3148 3325 3422 3366 manuum-

1834 3420 2086 3463 suarum.
2118 3425 2138 3459 ι

1901 3495 2038 3551 Abd.
2078 3513 2117 3562 ι,
2150 3497 2327 3553 15.-
2366 3517 2384 3550 ι
2423 3496 2895 3565 Quemadmodum
2937 3497 3142 3564 fecisti,
3190 3497 3272 3554 sic
3312 3496 3419 3552 erit

1833 3586 1934 3642 tibi
1988 3606 2002 3643 :
2058 3589 2482 3645 retributionem
2554 3599 2704 3645 tuam
2778 3598 3066 3647 convertet
3131 3591 3185 3645 in
3249 3597 3421 3660 caput

1831 3687 2012 3734 tuum.
2053 3698 2076 3732 ›

1901 3769 2062 3826 Prov.
2091 3787 2249 3841 xvui,
2272 3773 2364 3830 20.
2391 3805 2456 3816 —
2494 3792 2512 3826 ‹
2554 3773 2844 3830 Genimina
2884 3788 3149 3830 manuum
3186 3788 3410 3830 suarum

1830 3861 2147 3919 comedent.
2187 3881 2207 3916 ›

1898 3959 2033 4014 lsai.
2076 3974 2154 4022 ιιι,
2208 3960 2261 4015 9.
2289 3992 2358 4001 —-
2409 3981 2428 4012 ι
2476 3958 2569 4015 Vae
2623 3959 2814 4030 iniquo
2850 3978 2864 4016 :
2904 3958 3206 4017 secundum
3247 3973 3411 4029 opera

1828 4065 2090 4106 manuum
2130 4051 2306 4122 ipsius
2341 4051 2561 4108 dabitur
2590 4054 2659 4110 ei.
2702 4072 2720 4106 ι

1895 4141 2097 4198 Jerem.
2156 4160 2306 4211 xvu,
2366 4143 2456 4199 10.
2489 4178 2559 4186 —
2605 4163 2624 4198 ι
2678 4145 2792 4217 Ego
2846 4146 3118 4204 Dominus
3166 4145 3410 4217 probans

1826 4233 2016 4300 corda,
2052 4244 2108 4292 et
2144 4246 2402 4294 scrutans
2449 4253 2652 4306 renes;
2693 4247 2755 4293 ut
2811 4240 2934 4295 dem
2990 4227 3294 4310 unicuique
3325 4252 3413 4292 se-

1825 4330 2068 4384 cundum
2097 4331 2216 4386 vias
2250 4347 2404 4399 suas,
2443 4342 2500 4388 et
2530 4332 2840 4389 secundum
2893 4334 3110 4390 fructus
3142 4334 3410 4390 adinven-

1825 4421 2037 4477 tionum
2084 4423 2358 4493 ipsorum.
2399 4443 2422 4478 ι

1893 4512 2092 4568 Jerem.
2120 4528 2174 4580 ι,
2219 4513 2309 4568 29.
2344 4545 2410 4554 —
2446 4533 2464 4567 ι
2508 4514 2665 4569 Sicut
2699 4513 2846 4581 fecit,
2880 4513 3046 4570 facite
3078 4512 3177 4569 illi.
3213 4533 3232 4566 ι

203 4613 224 4647 ‹
262 4596 437 4652 Κατά
469 4598 570 4662 τάς
589 4599 743 4667 ὁδοὺς
764 4603 945 4661 αὐτῶν
971 4610 1186 4681 ποιήσω
1229 4613 1413 4681 αὐτοῖς
1431 4658 1450 4687 ,
1478 4619 1572 4674 καὶ
1611 4623 1725 4686 τοῖς

1901 4603 2097 4659 Ezeclt.
2151 4621 2300 4671 xxw,
2356 4606 2443 4661 14.
2472 4637 2540 4644 -
2581 4626 2599 4659 ι
2640 4605 2956 4660 Secundum
2993 4607 3111 4662 vias
3162 4606 3406 4677 ipsorum

127 4686 409 4759 κρίμασιν
445 4689 629 4746 αὐτῶν
686 4694 962 4767 ἐκδικήσω
1006 4700 1227 4771 αὐτοὺς,
1272 4707 1369 4761 καὶ
1418 4686 1729 4779 γνώσονται

124 4778 207 4835 ὅτι
235 4781 355 4851 ἐγὼ
383 4781 613 4855 Κύριος.
653 4803 673 4837 ι

206 4893 229 4928 ι
252 4875 338 4929 Δι’
369 4869 455 4932 ὧν
481 4894 570 4942 τις
599 4878 930 4952 ἁμαρτάνει,
958 4884 1050 4942 διὰ
1081 4888 1290 4947 τούτων
1327 4893 1635 4963 κολάζεται.
1657 4920 1674 4954 ι

210 5072 232 5108 ι
263 5055 332 5109 Ol
365 5054 711 5125 φυλάξαντες
741 5061 1018 5136 ὁσιότητα,
1045 5068 1454 5144 όσιωθήσονται.
1485 5096 1502 5129 ι

214 5245 237 5281 ι
263 5230 364 5324 Μὴ
388 5229 541 5324 ποίει
572 5234 749 5324 κακὰ,
799 5237 892 5292 καὶ
916 5239 978 5293 οὐ
1009 5242 1082 5314 μή
1133 5262 1192 5297 σε
1239 5249 1519 5324 καταλάϐῃ
1551 5257 1720 5312 κακά.

138 5321 455 5394 Ἀπόστηθι
484 5323 595 5379 ἀπὸ
623 5326 833 5396 ἀδίκου,
865 5333 963 5386 καὶ
988 5333 1208 5391 ἔκκλινε
1225 5339 1336 5394 ἀπὸ
1367 5321 1668 5417 ἁμαρτίας.
1693 5369 1714 5402 ι

201 5521 222 5554 ι
269 5500 494 5570 Ἀγαθὰ
517 5502 633 5567 τοῖς
670 5503 900 5573 ἀγαθοῖς
937 5509 1162 5588 ἐκτίσθη
1201 5514 1299 5570 ἀπ’
1332 5518 1508 5592 ἀρχῆς
1529 5539 1542 5552 ·
1575 5524 1719 5581 οὕτω

121 5599 237 5662 τοῖς
265 5598 624 5669 ἁμαρτωλοῖς
647 5602 813 5658 κακά.
854 5622 874 5656 ι

203 5708 222 5741 ι
267 5687 488 5760 ’Δνδρα
519 5690 662 5746 κατά
691 5692 760 5748 τὰ
780 5693 918 5767 ἔργα
945 5699 1111 5756 αὑτοῦ
1139 5708 1334 5776 κρινεῖ,
1365 5708 1460 5764 καὶ
1489 5710 1717 5777 ἕκαστος

126 5785 271 5840 κατὰ
306 5786 454 5857 ἔργα
486 5787 652 5844 αὑτοῦ
684 5791 926 5865 εὑρήσει.
965 5812 983 5848 ι

1833 4693 2030 4748 faciam
2085 4696 2188 4762 eis,
2241 4705 2296 4753 et
2351 4698 2576 4769 judiciis
2630 4699 2873 4769 ipsorum
2912 4700 3150 4756 ulciscar
3191 4715 3308 4767 eos,
3355 4709 3415 4754 et

1830 4797 2164 4856 cognoscent
2199 4790 2325 4860 quia
2356 4805 2458 4861 ego
2493 4791 2778 4846 Dominus.
2825 4810 2844 4844 ›

1903 4880 2033 4950 Sap.
2092 4898 2167 4948 χι,
2202 4883 2294 4939 16.
2323 4917 2392 4925 -—
2425 4903 2442 4936 ι
2478 4882 2582 4939 Per
2608 4899 2733 4954 qua:
2764 4886 2891 4956 quis
2923 4895 3136 4956 peccat,
3166 4902 3260 4957 per
3289 4885 3403 4940 113:0

1828 4982 1883 5032 et
1921 4974 2169 5044 punitur.
2206 4995 2226 5029 ι

1901 5066 2033 5138 Sap.
2064 5085 2140 5135 vr,
2179 5070 2266 5126 1ο.
2295 5103 2363 5112 -
2398 5089 2416 5123 ι
2448 5069 2552 5138 Qui
2598 5072 2922 5129 custodierit
2949 5073 3410 5142 sanctimoniam,

1830 5160 2291 5218 sanetilicabitur.
2328 5183 2348 5217 ι

1899 5251 2068 5308 Eucti.
2103 5271 2196 5322 vu,
2229 5257 2282 5311 1.
2308 5288 2376 5298 --
2411 5276 2430 5310 ι
2464 5255 2585 5312 Noli
2620 5257 2803 5314 facere
2841 5257 2981 5311 mala
3005 5296 3020 5320 ,
3084 5264 3142 5312 et-
3179 5272 3292 5312 non
3345 5266 3400 5315 te
3475 5303 3480 5309 .

1827 5346 2257 5416 apprehendeut.
2299 5350 2549 5406 Abscede
2591 5351 2660 5406 ab
2723 5350 2952 5420 injuste,
3003 5357 3058 5405 et
3106 5347 3324 5405 declina
3368 5369 3398 5406 a

1825 5448 2069 5508 peccato.
2109 5458 2127 5492 ›

1897 5529 2062 5585 Eccli.
2099 5533 2399 5596 xxxrx,25.
2431 5567 2502 5577 —
2543 5553 2562 5587 ι
2601 5535 2746 5590 Bona
2783 5535 2941 5592 bonis
2968 5544 3147 5592 creata
3179 5545 3307 5593 sunt
3331 5538 3400 5594 ab

1826 5619 1983 5678 initio
2017 5639 2030 5651 ·
2066 5630 2120 5677 et
2159 5624 2351 5680 eodem
2387 5627 2549 5681 modo
2581 5628 2964 5696 peccatoribus
2991 5629 3155 5684 mala.
3196 5649 3216 5683 ι

1896 5708 2063 5767 Eccli.
2095 5730 2203 5779 xvr,
2241 5716 2328 5770 1‘2.
2371 5749 2440 5760 --
2471 5737 2490 5771 ι
2532 5716 2818 5774 Hominem
2872 5720 3177 5776 secundum
3233 5736 3396 5792 opera

1824 5821 1922 5863 sua
1975 5807 2282 5878 judicabit;
2335 5819 2387 5865 et
2443 5813 2824 5884 unusquisque
2876 5813 3179 5870 secundum
3237 5824 3403 5869 actus-

1835 5914 1967 5956 suos
2006 5899 2268 5957 inveniet.
2312 5920 2330 5953 ι
