4052 6406
721 451 859 518 1593

1906 452 1966 512 S.
1999 447 2316 512 JOANNIS
2354 446 2781 507 DAMASCENI
3756 443 3841 507 1521

774 567 1137 632 Eccli.xxvit,
1170 566 1262 631 9.9,
1286 565 1377 621 50.
1405 597 1473 607 —-
1507 584 1524 616 ι
1559 564 1664 632 Qui
1699 563 1837 618 fodit
1872 563 2106 627 foveam,
2148 560 2284 615 inci-
2314 563 2362 620 Α

2244 560 2284 613 i-
2314 563 2362 620 Α
2468 584 2486 614 ε
2531 563 2590 614 '0
2613 560 2864 632 ὀρύσσων
2911 554 3127 627 βόθρον,
3180 551 3529 625 ὲμπευ·εῑται”,
3564 554 3646 607 καὶ
3679 557 3702 609 ὁ
3738 558 3844 615 ἱστῶν

700 661 791 714 det
821 662 874 715 in
912 677 1028 715 eam
1064 677 1078 713 :
1112 661 1280 730 etqui
1311 660 1505 715 statuit
1538 659 1819 727 laqueum,
1846 657 1901 710 in
1923 670 1987 711 eo
2010 655 2273 726 capietur.

700 753 806 819 Qui
843 753 972 807 facit
1006 753 1169 815 mala,
1203 752 1257 807 in
1288 751 1369 806 eis
1399 750 1745 816 involvetur;
1777 763 1958 819 neque
1985 751 2281 818 cognoscet

703 846 847 899 unde
880 844 983 914 ipsi
1018 844 1260 897 venient.
1294 860 1314 895 ι

772 935 903 991 Luc.
927 952 1003 1001 vt,
1037 935 1126 997 57,
1151 933 1240 989 58.
1264 964 1335 975 —
1361 950 1380 985 ι
1415 931 1594 988 Nolite
1625 931 1900 1003 judicare,
1927 938 1982 985 et
2004 944 2114 984 non
2134 927 2285 998 judi-

702 1029 964 1084 eahimini
993 1046 1007 1081 :
1040 1027 1209 1101 nolite
1234 1027 1628 1091 condemnare,
1656 1032 1710 1081 et
1744 1040 1857 1078 non
1887 1020 2287 1078 condemnabi-

702 1122 861 1176 mini.
905 1120 1197 1183 Dimittite,
1225 1128 1279 1173 et
1304 1118 1616 1173 dimittetur
1637 1118 1792 1172 vobis
1822 1136 1835 1170 :
1870 1114 2019 1180 date,
2047 1120 2103 1169 et
2129 1111 2286 1166 dabi-

703 1222 794 1268 tur
816 1213 991 1267 vobis.
1019 1210 1332 1266 Mensuram
1355 1210 1576 1275 bonam,
1599 1214 1652 1264 et
1668 1206 1997 1271 confertam,
2020 1212 2073 1257 et
2102 1201 2288 1273 eoagi-

702 1316 894 1369 tatam,
914 1313 966 1361 et
992 1305 1468 1376 superellluentem
1494 1302 1706 1358 dabunt
1728 1302 1783 1355 in
1815 1300 1996 1355 sinum
2018 1304 2284 1353 vestrum.

704 1399 821 1468 Qua
876 1397 1026 1455 enim
1089 1410 1343 1452 mensura
1390 1395 1566 1451 mensi
1642 1393 1905 1454 fueritis,
1964 1390 2289 1445 remetietur

703 1490 885 1543 vobis.
929 1507 948 1539 ι

775 1581 954 1637 Galat.
988 1598 1063 1646 v1,
1093 1581 1144 1647 7,
1175 1580 1228 1636 8.
1248 1611 1315 1622 -—
1342 1598 1360 1631 ‹
1382 1577 1565 1635 Nolite
1592 1591 1800 1638 errare,
1837 1576 1979 1630 Deus
2011 1588 2120 1627 non
2160 1571 2290 1625 irri-

704 1674 886 1729 detur.
912 1673 1043 1740 Qum
1065 1673 1214 1729 enim
1252 1671 1604 1728 seminaverit
1640 1671 1825 1732 homo,
1860 1667 1979 1721 hate
2012 1674 2067 1721 et
2101 1668 2287 1717 metet.

2383 655 2612 725 παγίδα,
2653 654 2712 706 ὲν
2749 650 2887 720 αὐτῇ
2938 647 3231 703 ἁλώσεται.
3290 648 3349 699 ⁸0
3386 644 3541 698 ποιῶν
3585 649 3767 718 πονηρὰ,
3796 656 3844 716 εἰς

2383 748 2525 805 αὐτά
2556 745 3037 817 ὲγκυλισθήσεται,
3067 742 3163 795 καὶ
3190 740 3252 794 οὐ
3278 740 3354 811 μὴ
3384 738 3574 809 ἐπιγνῷ
3606 739 3847 812 πόθενοῐμει

2385 841 2553 911 αὐτῷ.
2597 859 2616 891 s

2465 956 2483 986 ‹
2511 934 2601 1005 Μὴ
2635 931 2885 1003 κρίνετε,
2930 929 3027 983 καὶ
3073 928 3132 982 οὑ
3169 925 3243 998 μὴ
3274 925 3519 997 κριθῆτε·
3552 923 3616 994 μὴ
3640 926 3849 980 καταδικά-

2388 1027 2530 1092 ζετε,
2567 1026 2660 1080 καὶ
2688 1025 2746 1077 οὐ
2776 1024 2851 1094 μὴ
2882 1018 3341 1086 καταδικασθῆτε.
3383 1014 3849 1077 Ἀπολύετε,καὶὰτιο

2387 1119 2708 1193 λυθήσεσθε.
2739 1116 2941 1179 Δίδοτε,
2971 1114 3067 1167 καὶ
3100 1111 3386 1183 δοθήσεται
3416 1109 3553 1178 ὑμῖν.
3590 1109 3758 1178 Μέτρον
3784 1127 3848 1163 iu-

2388 1212 2500 1276 λὺν,
2524 1207 2918 1279 πεπιεσμένον,
2958 1205 3053 1259 καὶ
3086 1199 3497 1270 σεσαλευμένον,
3531 1198 3613 1251 καὶ
3636 1198 3850 1269 ὑπερεκχυ-

2389 1306 2613 1375 νόμενον
2650 1302 2915 1356 δώσουσιν
2941 1299 3023 1361 είς
3060 1296 3153 1350 τὸν
3192 1293 3394 1348 κόλπον
3414 1291 3573 1359 ὑμῶν.
3610 1283 3669 1360 ᾯ
3692 1290 3769 1360 γὰρ
3792 1291 3851 1359 μέ·

2392 1414 2503 1469 τρῳ
2540 1393 2796 1466 μετρῆτε,
2831 1387 3364 1461 ἀντιμετρηθήσεται
3396 1384 3535 1453 ὑμῖν.
3575 1402 3591 1433 ι

2471 1594 2488 1624 ς
2521 1572 2614 1643 Μὴ
2653 1567 2965 1641 πλανᾷσθεσ
3007 1563 3140 1627 Θεὸς
3186 1560 3249 1616 οὐ
3291 1556 3674 1632 μυκτηρίζεται.
3709 1555 3755 1609 '0
3783 1554 3850 1626 γὰρ

2394 1665 2490 1719 ἐὰν
2536 1663 2736 1734 σπείρῃ
2790 1660 3103 1731 ἄνθρωπος,
3155 1654 3316 1707 τοῦτο
3356 1649 3449 1703 καὶ
3490 1647 3686 1716 θερίσει.
3726 1645 3852 1697 Ὀτιὸ

705 1766 979 1833 Quoniam
1036 1766 1127 1837 qui
1171 1765 1409 1821 seminat
1456 1764 1515 1818 in
1552 1777 1721 1818 carne
1774 1775 1896 1825 sua,
1932 1759 2003 1814 de
2035 1771 2206 1813 carne
2237 1762 2292 1810 et

2251 1762 2292 1810 at
2396 1756 2640 1827 σπείρων
2672 1755 2753 1815 είς
2779 1752 2878 1822 τὴν
2902 1750 3083 1821 σάρκα
3114 1742 3336 1803 ἑαυτοῦ,
3363 1741 3428 1793 ἐκ
3458 1740 3549 1808 τῆς
3579 1736 3741 1837 σαρκὸς
3759 1736 3851 1836 θερίῖ

705 1866 871 1913 metet
899 1857 1347 1927 corruptionem:
1382 1855 1474 1927 qui
1506 1862 1693 1909 autem
1727 1853 1969 1908 seminat
1992 1850 2047 1904 in
2067 1847 2287 1919 spiritu,

705 1951 771 2006 de
803 1950 998 2020 spiritu
1032 1956 1198 2003 metet
1220 1949 1388 2002 vitam
1424 1955 1713 2002 aeternam.
1748 1965 1767 1998 ι

775 2040 964 2108 Ephes,
1003 2054 1076 2105 vt,
1105 2038 1157 2093 8.
1185 2066 1255 2079 —-
1289 2056 1308 2090 ι
1346 2036 1743 2109 Unusquisque
1773 2034 2148 2107 quodcunque
2180 2031 2283 2087 bo-

610 2154 615 2165 ι
705 2149 837 2189 num
872 2132 1085 2195 fecerit,
1118 2132 1223 2187 hoc
1254 2130 1488 2202 recipiet
1534 2144 1563 2184 a
1604 2128 1858 2195 Domino,
1892 2127 2009 2184 sive
2059 2139 2283 2186 servus,

705 2227 823 2281 sive
857 2224 1015 2280 liber.

776 2315 835 2372 S.
868 2315 1173 2370 Basilii.—
1201 2314 1355 2368 Bona
1404 2328 1495 2368 res
1552 2322 1637 2368 est
1686 2326 1813 2382 spes
1863 2307 2280 2365 misericordiae.

704 2410 792 2464 Ait
816 2408 963 2463 enim
988 2426 1001 2462 :
1030 2407 1275 2461 Potestas
1316 2405 1415 2461 Dei
1460 2414 1560 2470 est,
1593 2415 1639 2459 et
1687 2404 1754 2458 ab
1784 2420 1845 2459 eo
1876 2402 2285 2464 misericordia;

703 2502 832 2571 quia
860 2511 917 2554 tu
949 2498 1134 2555 reddes
1164 2498 1447 2569 unicuique
1468 2498 1631 2567 juxta
1658 2513 1818 2567 opera
1839 2512 1937 2550 sua
1970 2493 2146 2566 (Psal.
2169 2509 2281 2559 ut,

706 2591 797 2657 ιε,
834 2590 945 2661 ιδ).

777 2684 898 2753 Qua
920 2701 1170 2740 mensura
1200 2686 1365 2739 mensi
1385 2683 1614 2755 fueritis,
1666 2683 1865 2753 inquit,
1910 2680 2092 2736 eadem
2124 2679 2285 2732 etiam

703 2776 1007 2832 remetietur
1051 2777 1196 2831 vobis
1231 2775 1451 2846 (Matth.
1496 2791 1603 2839 vlt,
1647 2775 1730 2845 2).
1771 2775 2020 2830 Fratrem
2054 2786 2285 2842 oppres-

2400 1867 2482 1903 σει
2521 1826 2765 1919 φθοράνο
2804 1846 2832 1898 ό
2878 1842 2935 1896 δὲ
2975 1839 3216 1911 σπείρων
3268 1835 3353 1897 είς
3396 1832 3456 1885 τδ
3486 1828 3692 1898 πνεῦμα,
3731 1826 3851 1878 ἐειτοῦ

2320 1914 2363 1969 Β
2391 1914 2701 2009 πνεύματος
2727 1934 2935 2006 θερίσει
2964 1930 3111 2001 ζωὴν
3144 1926 3387 1982 αἰώνιον.
3421 1942 3439 1974 ι

2466 2051 2484 2083 t
2520 2030 2792 2090 Ἕκαστος
2815 2025 2843 2078 δ
2870 2023 2965 2079 ἐὰν
2994 2021 3197 2092 ποιήσῃ
3223 2016 3430 2086 ἀγαθὸν
3449 2057 3464 2080 ,
3495 2011 3639 2067 τοῦτο
3667 2010 3853 2079 κομιεῖται

2389 2121 2542 2192 παρὰ
2574 2118 2804 2189 Κυρίου,
2836 2116 2947 2169 εῐτε
2976 2111 3183 2176 δοῦλος,
3209 2109 3325 2162 εἴτε
3356 2105 3637 2176 ἐλεύθερος.
3670 2120 3684 2151 ι

2471 2316 2701 2388 Ἀγαθὸν
2734 2314 2888 2377 ἐλπὶς
2936 2310 3030 2366 τοῦ
3082 2308 3287 2372 ἐλέους.
3354 2305 3425 2361 Τὸ
3476 2302 3577 2374 γὰρ
3608 2299 3771 2370 κράτος
3788 2298 3851 2351 τοῦ

2390 2411 2562 2475 Θεοῦ,
2606 2409 2706 2464 καὶ
2754 2405 2890 2475 παρ’
2930 2403 3116 2459 αὑτοῦ
3157 2401 3223 2457 τὸ
3250 2400 3457 2465 ἐλεοςο
3487 2397 3569 2451 ὅτι
3604 2396 3672 2449 σὺ
3701 2392 3852 2447 ἀποδώ-

2387 2522 2518 2572 σεις
2539 2502 2773 2570 ἑκάστῳ
2801 2498 2954 2555 κατὰ
2982 2496 3055 2551 τὰ
3083 2498 3227 2567 ἔργα
3250 2492 3463 2549 αὐτοῦ.

2460 2678 2534 2755 ’ᾯ
2562 2682 2775 2754 μέτρῳ,
2817 2678 2974 2751 φησὶ,
2994 2675 3283 2748 μετρῆτε,
3320 2669 3712 2744 μετρηθήσεται
3749 2662 3851 2732 ὑμῖν.

2392 2778 2657 2848 Ἔθλιψας
2697 2775 2792 2828 τὸν
2825 2770 3094 2842 ἀδελφόν;
3136 2767 3361 2838 ὲκδέχου
3406 2765 3465 2818 τὸ
3493 2759 3617 2816 ἶσον.
3650 2761 3854 2829 Ἥρπασιις

706 2868 878 2926 sisti?
920 2868 1062 2924 idem
1099 2881 1382 2940 exspecta.
1437 2866 1766 2923 lnferiorum
1814 2868 1959 2921 bona
2010 2864 2287 2934 rapuisti?

2266 2864 2287 2917 ?
2385 2872 2455 2926 τὰ
2508 2871 2615 2924 τῶν
2669 2866 3109 2937 ὑποδεεστέρωνς
3178 2857 3618 2918 κατεκονδὺλισας
3664 2850 3848 2919 πένητας]

704 2976 976 3032 pauperes
1006 2939 1214 3032 pugnis,
1235 2960 1580 3016 contudisti?
1610 2958 1916 3013 maledictis
1941 2954 2296 3027 proscidisti?

2249 2954 2296 3009 ﬁ?
2389 2964 2736 3034 κατῄσχυνας
2753 2962 2812 3013 ὲν
2828 2956 3149 3028 λοιδορίαις;
3185 2950 3645 3019 ὲσυκοφάντησας;
3671 2939 3849 3008 κατεᾷεὼ

704 3053 1058 3109 contumeliis
1094 3053 1425 3123 aspersisti?
1462 3052 1619 3108 falsis
1675 3051 2029 3106 sermonibus
2060 3048 2292 3102 lazsisli?

2265 3048 2292 3100 ?
2390 3070 2503 3117 σω;
2530 3049 2832 3120 ἀλλοτρίοις
2858 3044 3262 3106 ὲπεὸούλευσας
3303 3040 3530 3111 γάμοις;
3566 3034 3848 3123 ἐπιώρκηςαςς

706 3145 905 3201 alienis
932 3145 1087 3200 lectis
1114 3145 1350 3220 insidias
1386 3142 1687 3200 struxisti?
1742 3141 2034 3212 pejerasti?
2063 3149 2282 3211 patrum

2250 3156 2282 3194 n
2388 3148 2510 3217 ὅρια
2542 3142 2793 3214 πατέρων
2827 3139 3169 3212 μετέθηκας;
3202 3136 3481 3207 κτήμασιν
3518 3127 3728 3201 ὀρφανῶν

708 3237 975 3293 terminos
1010 3236 1385 3293 transtulisti?
1422 3237 1476 3291 in
1529 3235 1865 3306 pupillorum
1930 3235 2072 3288 bona
2128 3236 2281 3287 inva-

2248 3258 2281 3285 μ·
2313 3274 2356 3333 c
2394 3214 2484 3301 θες
2507 3256 2522 3304 ;
2554 3237 2729 3308 χήρας
2756 3232 3083 3302 ὲξέθλιψας;
3109 3230 3209 3300 τὴν
3228 3220 3703 3333 ’παροῦσανήδονὴν
3721 3216 3793 3321 τῶν
3814 3214 3848 3263 ἐν

706 3330 879 3385 sisti?
907 3331 1108 3386 viduas
1150 3329 1518 3401 oppressisti?
1561 3337 1887 3399 praesentem
1942 3328 2278 3397 voluptatem

705 3423 864 3479 bonis
882 3424 936 3478 in
971 3424 1371 3495 pollicitatione
1392 3422 1692 3479 reconditis
1709 3421 1979 3492 potiorem
2003 3418 2286 3474 habuisti?

704 3532 870 3586 pares
928 3517 1080 3573 vices
1129 3516 1471 3588 praestolare.
1520 3514 1722 3581 Qualia
1768 3513 1985 3583 quisque
2035 3512 2282 3577 seminat,

707 3607 890 3662 eadem
920 3615 973 3661 et
1001 3616 1157 3662 metet
1221 3606 1426 3681 (Colat.
1468 3621 1544 3672 Vl,
1585 3603 1662 3674 8).
1703 3602 1989 3658 Consimili
2039 3602 2203 3657 modo
2238 3603 2285 3657 si

703 3699 836 3770 quid
870 3714 899 3754 a
929 3706 985 3756 te
1021 3699 1227 3756 factum
1261 3706 1347 3756 est
1380 3699 1548 3763 boni,
1589 3697 1756 3766 hujus
1793 3711 2014 3768 quoque
2062 3695 2283 3751 uberem

703 3791 1011 3848 mercedem
1051 3792 1390 3865 praestolare.

776 3882 941 3957 5(ιῆΙ
971 3883 1031 3940 S.
1066 3884 1220 3957 Greg.
1249 3884 1504 3956 Nysseni.
1540 3914 1610 3925 —-
1636 3880 1857 3938 Justum
1887 3879 1984 3936 Dei
2015 3879 2285 3952 judicium

703 3977 1096 4036 all‘ectionibns
1142 3979 1351 4035 nostris
1408 3986 1749 4049 exaequatur.
1803 3975 1871 4029 Et
1928 3978 2116 4047 qualia
2156 3984 2287 4031 sunt

701 4084 825 4142 quae
855 4073 1216 4141 gesserimus,
1252 4071 1383 4129 talia
1407 4073 1568 4126 nobis
1602 4068 2008 4141 rependuntur.
2049 4068 2288 4125 Necesse

702 4171 789 4218 est
844 4162 993 4220 enim
1050 4162 1106 4218 id
1138 4177 1414 4235 quemque
1449 4170 1656 4217 metere
1696 4161 1841 4231 quod
1872 4160 2226 4216 seminaverit
2269 4176 2282 4211 :

704 4271 885 4327 neque
915 4257 1075 4315 aliter
1098 4257 1218 4313 lleri
1247 4264 1454 4328 potest.
1494 4256 1694 4312 Semen
1731 4270 1898 4326 porro
1925 4262 2011 4311 est
2045 4255 2284 4321 humana

704 4349 1000 4415 voluntas;
1052 4347 1253 4404 messis
1294 4356 1504 4410 autem,
1547 4361 1761 4403 merces
1789 4362 1912 4417 quae
1955 4346 2083 4401 huic
2115 4346 2284 4401 animi

705 4438 1017 4495 inductioni
1049 4438 1401 4511 persolvitur.

779 4533 1007 4604 Dignam
1031 4540 1275 4590 semente
1306 4547 1539 4589 messem
1574 4531 1734 4589 facis.
1756 4531 2125 4607 Acerbitatem
2157 4546 2284 4586 cru-

708 4625 1099 4698 delitatemque
1136 4625 1326 4683 sevisti
1360 4645 1379 4681 :
1412 4624 1578 4682 modo
1615 4626 1928 4697 manipulos
1965 4625 2180 4695 collige.

705 4737 841 4795 Tl'l‘.
881 4738 977 4795 XI.
1011 4772 1079 4781 —
1111 4738 1190 4794 De
1220 4738 1477 4811 felicitate
1500 4748 1547 4793 et
1574 4737 1890 4811 infelicitate
1917 4754 1935 4792 :
1959 4745 2008 4791 et
2036 4735 2175 4811 quod
2194 4752 2286 4791 nec

774 4812 838 4865 ob
886 4826 1164 4881 prosperos
1216 4806 1490 4866 successus
1532 4810 1713 4879 e/ferri
1757 4806 2282 4879 quisquam‘debeat,

775 4898 869 4936 nec
897 4881 962 4936 ob
993 4880 1239 4937 adversos
1267 4880 1493 4936 demitti.

776 4997 931 5053 Prov.
969 5013 1101 5061 xxx,
1138 4996 1193 5062 8,
1224 4995 1280 5052 9.
1313 5028 1383 5037 —
1413 5014 1432 5046 ι
1461 4995 1693 5049 Divitias
1719 5002 1773 5050 et
1804 5000 2180 5063 paupertatem
2218 5007 2287 5045 ne

705 5088 923 5146 dederis
953 5089 1110 5153 mihi,
1147 5089 1243 5145 sed
1271 5090 1550 5144 constitue
1577 5088 1709 5141 mihi
1738 5085 2052 5141 necessaria
2088 5094 2143 5140 et
2170 5085 2285 5141 suf-

708 5184 971 5251 ficientia,
1000 5198 1070 5240 ne
1092 5183 1235 5238 forte
1267 5183 1502 5238 satiatus
1530 5181 1729 5235 illiciar
1758 5181 1825 5235 ad
1860 5179 2195 5249 negandum,
2231 5186 2287 5236 et

645 5288 651 5297 '
707 5277 888 5331 dicam
923 5294 936 5331 :
980 5275 1114 5342 Quis
1155 5291 1242 5331 me
1292 5275 1487 5330 videt?
1516 5281 1611 5328 aut
1652 5281 1898 5345 egestate
1938 5274 2283 5343 compulsus,

634 5432 638 5436 ,
704 5371 877 5432 furer,
907 5376 961 5423 et
989 5368 1263 5441 perjurem
1302 5383 1498 5423 nomen
1533 5365 1768 5421 Domini.
1813 5385 1833 5417 ι

780 5460 946 5515 Ereti.
977 5477 1054 5526 si,
1094 5460 1189 5514 25.
1215 5492 1283 5502 ——
1308 5480 1327 5510 ι
1366 5461 1421 5514 1η
1455 5459 1544 5515 die
1575 5459 1845 5514 bonorum
1882 5473 1951 5512 ne
1979 5459 2055 5514 sis
2092 5459 2288 5514 imme-

708 5566 830 5607 mor
854 5555 1121 5606 malorum
1152 5572 1165 5607 :
1199 5561 1251 5607 et
1278 5553 1333 5607 in
1362 5552 1452 5608 die
1483 5553 1752 5607 malorum
1778 5566 1847 5605 ne
1881 5550 1961 5603 sis
1998 5551 2287 5608 immemor

705 5644 998 5699 bonorum.

777 5738 947 5794 Eccli.
992 5754 1148 5803 xvm,
1188 5740 1280 5806 25,
1309 5739 1363 5795 9.
1384 5772 1450 5780 —
1476 5759 1495 5792 ι
1530 5740 1799 5798 Memento
1833 5743 2099 5812 temporis
2127 5743 2285 5797 famis

710 5836 763 5887 in
799 5840 1046 5904 tempore
1077 5835 1464 5891 abundantiae:
1492 5846 1546 5891 et
1576 5837 1923 5892 necessitatis
1950 5847 2004 5891 et
2051 5852 2284 5906 pauper-

711 5922 840 5977 tatis
863 5923 919 5977 in
947 5925 1146 5981 diebus
1171 5925 1508 5979 di\itiarum.
1544 5926 1584 5978 A
1616 5942 1776 5981 mane
1811 5940 1983 5995 usque
2007 5927 2073 5981 ad
2097 5947 2283 5999 vespe-

2388 3329 2749 3400 Εὐαγγελίοις
2796 3325 3018 3395 ἀγαθῶν
3051 3322 3461 3395 προετίμησας;
3512 3315 3699 3385 ἐκδέχου
3719 3308 3850 3400 τούτων

2387 3424 2484 3495 τὴν
2500 3398 2619 3477 ἀντι
2627 3420 2911 3492 μέτρησιν.
2932 3412 3037 3471 Οἷα
3053 3414 3161 3485 γὰρ
3176 3413 3415 3480 σπείρει
3438 3410 3681 3471 ἕκαστος,
3694 3398 3851 3495 τοιαῦτα

2388 3491 2487 3569 καὶ
2538 3491 2778 3581 θερίσει.
2824 3509 2933 3563 Καὶ
2978 3507 3027 3559 εἰ
3074 3506 3173 3577 μέν
3214 3521 3268 3557 τι
3323 3502 3433 3555 τῶν
3477 3496 3670 3567 ἀγαθῶν
3715 3491 3853 3559 πέτριο

2389 3607 2516 3661 κταί
2538 3622 2640 3669 σοι,
2674 3602 2945 3658 κάκείνων
2975 3599 3196 3673 ὲκδέχου
3219 3593 3598 3655 πολυπλασίως
3620 3589 3700 3650 τὰς
3720 3581 3853 3638 ἀντιξό-

2392 3717 2523 3764 σεις.

2389 3882 2408 3897 '
2472 3880 2535 3934 'H
2570 3876 2664 3931 τοῦ
2696 3875 2834 3930 Θεοῦ
2868 3871 3241 3945 δικαιοκρισία
3262 3873 3385 3934 ταῖς
3406 3864 3675 3939 ἡμετέραις
3695 3850 3856 3945 διαθέσει

2392 3992 2477 4028 σιν
2532 3969 2893 4043 ἐξομοιοῦται,
2943 3968 3039 4022 καὶ
3089 3939 3294 4036 ὀἷάπερ
3352 3963 3420 4017 ἂν
3451 3960 3517 4014 τά
3548 3956 3658 4026 παρ’
3687 3939 3855 4043 illiilli:

2388 4034 2792 4134 conﬁsa-ﬂuis;
2840 4034 2904 4115 ἐκ
2942 4060 3052 4114 τῶν
3089 4034 3295 4130 ὁμοίων
3344 4034 3856 4134 ἀντιπαρέχεταιεΧξῆ

2388 4160 2499 4229 γὰρ
2550 4128 2765 4219 πάνέῶς
2814 4152 3030 4224 θερίσαι
3081 4128 3207 4204 τινὰ
3251 4150 3396 4221 ἆπερ
3444 4128 3855 4229 gemmeum-0'31

2388 4221 2536 4305 ἐστιν
2566 4247 2762 4310 ἄλλως.
2801 4221 2988 4317 Σπορά
3017 4243 3062 4296 δ’
3096 4242 3245 4295 ἐστὶν
3278 4242 3313 4310 ἡ
3345 4234 3641 4305 ἀνθρωπίνη
3678 4221 3855 4298 προαίρε-

2389 4359 2474 4406 σις
2493 4357 2508 4372 ⁸
2532 4340 2691 4413 θέρος
2718 4338 2794 4403 δὲ,
2824 4340 2859 4409 ἡ
2887 4337 2979 4390 ἐπὶ
3004 4332 3330 4407 προαιρέσει
3372 4325 3712 4383 ἀνταπόδοσις.

2461 4526 2771 4593 Ἀξιόνξσοι
2801 4524 2902 4593 τῆς
2946 4523 3157 4594 σπορᾶς
3184 4518 3247 4573 τὸ
3283 4517 3463 4589 θέρος.
3502 4510 3704 4581 Πικρίαν
3734 4502 3856 4556 ἔσπει-

2320 4632 2364 4688 Ῑ)
2395 4636 2517 4692 ρας,
2547 4619 2748 4690 δρέπου
2782 4615 2853 4669 τὰ
2877 4615 3187 4687 δράγματα.

2394 4733 2580 4789 ἸἸΤΛ.
2616 4732 2721 4787 IA'.
2749 4722 2813 4769 —4
2844 4728 2982 4797 Περὶ
3014 4725 3367 4797 εὐπραγίαςι
3405 4720 3502 4776 καλ
3522 4706 3858 4797 ﬁvs’mtfi’f

2704 4776 2776 4855 οὐ
2799 4776 3415 4869 γῇἴέεὲιὶὶῥὲἇράζέν
3451 4776 3858 4869 ταῖςβῠπραγίαεςν

2466 4858 2565 4929 καὶ
2590 4858 3046 4929 συστέλῖιεσθαι
3074 4858 3146 4922 ἐν
3176 4865 3253 4934 τῇ
3285 4858 3632 4931 δυσπραγιᾳ.

2473 5008 2491 5038 ι
2531 4983 2772 5039 Πλοῦτον
2802 4968 2896 5035 καὶ
2929 4980 3121 5033 πενίαν
3172 4976 3246 5048 μή
3306 4992 3398 5047 μοι
3430 4970 3561 5042 δῷς·
3609 4947 3859 5048 σύνταξονδέ

2398 5095 2490 5149 μοι
2523 5076 2595 5130 τὰ
2634 5076 2835 5129 ’δέοντα
2885 5073 2983 5127 καὶ
3039 5070 3109 5123 τὰ
3136 5045 3415 5139 αῦτναρκῆ,
3445 5065 3526 5117 ἵνα
3556 5059 3622 5132 μὴ
3657 5045 3858 5149 ulnae-51.4.

2392 5138 2596 5241 ἐθευδὴς
2629 5168 2898 5239 γένωμαι,
2924 5167 3017 5219 καὶ
3048 5163 3205 5229 εἴπω,
3244 5161 3341 5225 Τίς
3381 5175 3447 5230 με
3477 5150 3651 5227 όρᾷ;ἢ
3680 5138 3859 5210 πενηθεῖς

2396 5266 2600 5336 κλέψω,
2626 5264 2722 5319 καὶ
2747 5263 2931 5334 ὁμόσω
2950 5261 3012 5315 τὸ
3041 5259 3215 5328 ὄνομα
3238 5255 3334 5311 τοῦ
3362 5252 3515 5308 Θεοῦ.
3552 5268 3568 5299 ι

2468 5470 2487 5500 ι
2536 5449 2624 5501 Ἐν
2679 5447 2861 5519 ἡμέραιι
2911 5443 3135 5514 ἀγαθῶν
3198 5442 3274 5512 μὴ
3318 5412 3854 5519 ἀμνημονήσης-κακῶν·

2396 5543 2489 5597 καὶ
2518 5543 2577 5595 ἐν
2610 5514 2804 5613 ὴμέῥᾴ
2826 5514 3036 5603 έεακῶν,
3072 5534 3146 5608 μὴ
3167 5531 3552 5605 ἀμνημονήσῃς
3573 5514 3767 5589 ἀγαθῶν·
3797 5523 3809 5554 ’

2471 5765 2487 5792 σ
2527 5739 2814 5813 Μνήσθητι
2853 5737 3043 5809 καιρὸν
3090 5733 3251 5805 λιμοῦ
3296 5734 3350 5787 ὲν
3394 5724 3560 5798 καιρῷ
3596 5705 3852 5813 πλησμ

2398 5796 2672 5905 πτωχείαιν
2693 5796 2784 5887 καὶ
2814 5796 3024 5886 ἕνδείαν
3046 5832 3102 5883 ὲν
3124 5796 3307 5900 μέρᾳ
3327 5796 3563 5877 790575”-
3580 5796 3855 5905 “ﬂoridos:

2398 5930 2503 5992 ἓως
2520 5900 2650 5983 έήσπέ
2659 5944 2757 5999 ρας
2776 5925 3070 5998 μεταϐαλεῖ
3086 5939 3177 5977 και
3185 5921 3295 5993 ρόςσ
3321 5918 3409 5973 καὶ
3426 5912 3589 5986 πάντα
3608 5901 3703 5975 ἐπὶ
3723 5900 3854 5959 ταχινι
