4052 6398
243 384 380 475 1525'

1413 395 1544 455 SAC
1554 393 1651 452 BA
1692 387 2154 450 PARALLELA.

3355 379 3486 444 1336

241 527 415 580 ἔναντι
445 517 673 590 Κυρίου.
699 515 1016 588 ’Ἄνθρωπος
1045 513 1153 585 γὰρ
1185 513 1344 582 σοφὸς
1373 513 1430 566 ἐν
1458 511 1621 566 παντὶ
1650 507 1806 562 ευλα·

1918 518 2024 557 ram
2063 499 2368 557 mutabitur
2411 507 2624 568 tempus
2660 515 2674 552 :
2710 506 2764 552 et
2799 497 2916 553 [nec
2960 501 3141 554 omnia
3200 499 3360 555 citata
3391 517 3487 555 co-

238 615 557 688 ϐηθήσεται.
601 629 622 664 ι
673 636 687 649 ·

310 809 329 842 ι
377 790 468 844 Ἑν
493 787 717 858 ἀγαθοῖς
745 787 938 860 ἀνδρὸς
958 788 1007 840 οἰ
1030 788 1216 858 ἐχθροὶ⁸
1244 785 1410 840 αὑτοῦ
1441 787 1498 839 ἐν
1522 783 1690 858 λύπῃ,
1714 781 1806 836 καὶ

235 885 292 936 ἐν
321 883 513 945 κακοῖς
545 880 708 936 αὑτοῦ
741 880 834 935 καί
863 882 892 934 6
929 880 1080 948 φίλος
1107 879 1620 953 διαχωρισθήσεται.
1653 895 1672 929 ›

312 1081 330 1114 ι
364 1064 479 1117 Πᾶν
505 1062 533 1116 δ
553 1063 646 1116 ἐὰν
680 1063 894 1135 ἐπαχθῇ
924 1080 1028 1130 σοι,
1059 1063 1232 1129 δέξαι,
1259 1063 1355 1116 καὶ
1384 1064 1443 1117 ἐν
1463 1062 1807 1134 ἀλαλάγματι

232 1154 619 1220 ταπεινώσεως
648 1173 742 1209 σου
781 1154 1231 1228 μακροθὺμησον,
1259 1157 1342 1209 ὅτι
1371 1156 1724 1226 δοκιμάζεται
1752 1157 1809 1210 ἐν

232 1249 366 1320 πυρὶ
391 1249 612 1319 χρυσὸς,
640 1252 732 1303 καὶ
768 1250 1045 1322 ἄνθρωποι
1065 1250 1248 1304 δεκτοὶ
1277 1249 1335 1303 ἐν
1367 1250 1586 1322 καμίνῳ
1617 1267 1808 1302 ταπει-

230 1356 470 1404 νωσεως.
510 1359 530 1392 ›

299 1514 659 1586 Κυϐερνήτου
687 1517 867 1588 χρεία,
915 1519 1000 1571 ἵνα
1053 1520 1147 1573 καὶ
1190 1519 1248 1572 ἐν
1291 1518 1503 1590 γαλήνῃ
1536 1519 1633 1573 τοῦ
1693 1518 1808 1588 βίου

229 1607 454 1662 πάντων
499 1609 649 1681 αὑτῷ
681 1612 821 1665 κατὰ
851 1611 980 1683 ῥοῦν
1017 1615 1341 1685 προϊόντων,
1379 1613 1478 1677 τὰς
1506 1613 1810 1682 μεταϐολὰς

229 1700 545 1770 ἐκδέχηται,
579 1703 674 1756 καὶ
702 1704 776 1775 μὴ
808 1705 882 1768 ὡς
905 1705 1191 1770 ἀθανάτοις
1233 1707 1654 1778 ἐπαναπαὺηται
1696 1710 1810 1771 τοῖς

229 1794 494 1866 παροῦσι,
527 1797 621 1848 καὶ
666 1798 723 1849 ἐν
750 1799 869 1860 ταῖς
912 1798 1396 1870 σκυθρωποτέραις
1439 1800 1809 1854 καταστάσεσι

1910 609 2026 648 ram
2061 593 2193 649 Deo.
2239 590 2414 646 Homo
2461 589 2606 646 enim
2638 588 2861 658 sapiens
2890 589 2944 643 in
2985 591 3246 646 omnibus
3274 609 3487 647 revere-

1910 685 2079 740 bitur.
2114 705 2132 738 ι

1988 779 2154 833 Εεειὶ.
2193 796 2288 845 xu,
2333 781 2386 835 9.
2413 810 2481 818 --
2522 795 2538 827 ι
2584 773 2641 828 1η
2671 773 2832 828 honis
2878 773 2980 828 viri
3031 773 3238 829 inimici
3271 774 3393 843 ejus
3432 775 3489 828 in

1911 888 2150 929 maerore
2177 882 2304 929 sunt
2345 892 2357 927 :
2402 871 2539 927 etin
2583 866 2744 922 malis
2777 867 2970 937 ipsius,
3005 867 3215 923 amicus
3265 883 3486 938 quoque

1910 963 2031 1034 ejus
2067 966 2135 1020 ab
2163 981 2228 1021 eo
2258 975 2567 1034 separatur.
2609 982 2627 1015 ι

1981 1055 2150 1114 Eccli.
2187 1074 2243 1124 ιι,
2281 1059 2336 1126 4,
2371 1059 2422 1114 5.
2455 1091 2522 1099 —
2566 1078 2584 1111 ‹
2617 1058 2795 1114 Omne
2837 1058 2985 1130 quod
3029 1054 3126 1111 tibi
3166 1054 3487 1126 applicitum

1912 1151 2100 1218 fuerit,
2132 1152 2341 1223 accipe,
2361 1160 2414 1207 et
2446 1154 2498 1207 in
2521 1154 2765 1208 clamore
2800 1149 3125 1206 humilitatis
3149 1155 3256 1202 tuae
3282 1148 3491 1217 patieno

1910 1245 2046 1298 tiam
2084 1243 2222 1300 habe
2255 1263 2268 1299 :
2307 1246 2568 1315 quoniam
2625 1248 2680 1301 in
2734 1249 2859 1317 igne
2902 1243 3167 1315 probatur
3215 1255 3407 1294 aurum
3438 1247 3492 1292 et

1912 1338 2243 1400 argentum;
2282 1333 2532 1389 homines
2569 1349 2699 1389 vero
2755 1333 3113 1405 receptihiles
3164 1331 3220 1385 in
3276 1329 3492 1386 camino

1913 1423 2336 1480 humiliationis.
2377 1446 2396 1479 ι

1984 1513 2042 1570 8.
2082 1515 2256 1571 Basil.
2288 1517 2344 1571 in
2389 1517 2559 1585 princ.
2611 1518 2776 1574 Prov.
2809 1550 2876 1558 —
2912 1517 3291 1572 Cuhernatore
3353 1530 3492 1586 opus

1911 1618 1992 1663 est
2024 1608 2262 1673 homini,
2288 1618 2347 1663 ut
2379 1612 2434 1664 in
2476 1611 2792 1681 tranquillis
2843 1610 3077 1680 hujusce
3125 1609 3249 1663 vitae
3305 1607 3491 1672 rebus,

1913 1709 2077 1772 atque
2109 1703 2177 1756 ad
2207 1702 2382 1772 ipsius
2414 1704 2759 1758 voluntatem
2802 1702 3127 1768 fluentibus,
3160 1701 3492 1754 mutationes

1911 1803 2213 1863 exspectet,
2240 1809 2305 1850 ac
2328 1810 2437 1849 non
2467 1795 2852 1866 przesentibus,
2896 1803 3156 1864 tanquam
3189 1793 3232 1847 si
3266 1793 3493 1846 immor-

231 1865 322 1956 puli
357 1885 636 1956 ἁπελπίζῃ
690 1886 904 1953 ἑαυτὸν,
941 1865 1075 1961 μηδέ
1123 1893 1188 1961 τῇ
1241 1865 1610 1961 περισσοτέρᾳ
1662 1890 1808 1962 λύπῃ

1918 1884 2052 1938 tales
2094 1894 2303 1950 essent,
2352 1887 2708 1957 acquiescat;
2742 1902 2843 1942 nec
2897 1901 3096 1940 rursus
3143 1884 3200 1938 in
3243 1882 3494 1938 adversis

228 1976 568 2040 καταποθεὶς
623 1978 957 2051 ὑποϐρύχιος
1011 1981 1271 2054 φέρηται.
1305 1982 1442 2035 Οὔτε
1491 1983 1597 2055 γὰρ
1650 1982 1810 2050 ὑγεία

227 2065 512 2137 σώματος,
556 2067 679 2121 οὔτε
707 2071 958 2142 νεότητος
986 2072 1164 2137 ἄνθος,
1198 2071 1321 2126 οὔτε
1355 2073 1611 2145 εὑθήνεια
1637 2075 1808 2139 οἴκου,

227 2159 332 2229 οὑχ
374 2161 408 2229 ὴ
448 2159 608 2232 λοιπὴ
646 2161 740 2214 τοῦ
783 2162 896 2232 βίου
966 2166 1234 2236 εὑημερία
1272 2167 1501 2220 ἐπιπολὺ
1543 2167 1808 2238 διαμένει.

243 2252 391 2304 Ἀλλ’
425 2254 484 2306 ἐν
507 2255 572 2324 τῇ
598 2254 748 2326 εὑδίᾳ
777 2256 950 2328 ταύτῃ
1006 2257 1099 2310 τοῦ
1131 2258 1246 2328 βίου
1297 2260 1519 2330 ἐκδέχου
1551 2261 1680 2313 ποτέ
1719 2261 1813 2313 καὶ

227 2343 485 2415 χειμῶνα
515 2348 878 2418 πραγμάτων.
905 2349 1064 2414 Ἥξει
1086 2351 1191 2423 γὰρ
1221 2351 1398 2419 νόσος,
1441 2354 1535 2406 καὶ
1562 2352 1681 2424 ἥξει
1711 2371 1814 2406 πε-

228 2433 342 2501 νία,
377 2435 477 2489 οὑκ
505 2437 592 2490 ἀεὶ
624 2440 764 2494 κατὰ
795 2440 1048 2512 πρύμναν
1082 2441 1374 2513 ἱσταμένου
1419 2442 1513 2496 τοῦ
1565 2443 1812 2515 πνεύμα-

228 2542 347 2592 τος,
379 2527 517 2582 ἀλλά
572 2531 666 2583 καὶ
709 2531 801 2585 τὸν
831 2533 1204 2604 ὑπέρϐλεπτον
1259 2537 1316 2588 ἐν
1369 2537 1523 2600 πᾶσι,
1575 2536 1813 2607 ζηλωτὸν

228 2619 492 2689 ἀδόκητοι
529 2622 790 2688 πολλάκις
819 2626 1022 2692 ἀδοξίαι
1047 2627 1545 2699 καταλαμϐάνουσι,
1579 2630 1674 2683 καὶ
1708 2633 1812 2684 πᾶ-

232 2727 337 2762 σαν
371 2711 674 2784 εὐημερίαν
711 2716 861 2785 βίου,
905 2711 1016 2771 οἷον
1066 2719 1320 2783 σπιλάδες
1364 2721 1507 2784 τινὲς
1554 2724 1814 2793 περιστά-

233 2818 392 2854 σεσιν
434 2803 753 2876 ἀϐουλήτοις
789 2809 1181 2880 συνετάραξαν.
1231 2812 1344 2865 Καὶ
1406 2812 1658 2882 συνέχεια
1705 2814 1814 2867 τῶν

229 2893 427 2948 κακῶν
449 2897 636 2968 ὥσπερ
670 2899 890 2970 κὺματά
916 2903 1084 2969 ἐστιν,
1116 2904 1251 2958 ἄλλα
1273 2905 1357 2956 ἐπ’
1389 2905 1571 2968 ἄλλοις
1599 2907 1814 2976 ἐπειγό-

231 3000 404 3052 μενα,
455 2987 793 3057 τραχὺνοντά
859 3008 953 3044 σου
983 2991 1073 3046 τὸν
1129 2993 1266 3063 βίον,
1302 2995 1398 3048 καὶ
1448 2996 1814 3065 περιϊστῶντα

228 3073 472 3145 φοϐερόν
514 3093 596 3130 σοι
639 3078 740 3148 τῆς
788 3079 934 3151 ζωῆς
967 3081 1057 3136 τὸν
1085 3081 1350 3146 κλυδῶνα,
1385 3083 1499 3136 ἀλλ’
1524 3083 1645 3152 ὕψει
1681 3084 1814 3137 ποτὲ

231 3166 332 3220 καὶ
355 3165 548 3222 τοῦτον
574 3169 1004 3243 παραδραμόντα
1043 3173 1180 3245 πρὸς
1211 3173 1524 3246 ἱλαρότητα,
1551 3175 1646 3230 καὶ
1689 3176 1812 3230 λευ-

232 3258 342 3329 κὴν
367 3257 541 3323 ὅντως
570 3261 650 3325 εἰς
677 3261 921 3334 γαλήνην
959 3264 1050 3320 τὸν
1089 3264 1203 3336 βίον
1243 3266 1672 3338 μεταϐληθὲντα.
1709 3263 1810 3324 Οὔ·

228 3364 328 3412 τος
353 3342 451 3402 οὖν
481 3350 628 3404 ἐστιν
656 3352 684 3405 6
712 3352 932 3424 νοήμων
953 3355 1315 3429 κυϐερνήτης,
1357 3360 1385 3412 6
1417 3359 1813 3432 στοχαζόμενος

230 3438 339 3509 τῆς
369 3440 743 3515 ὑποκειμένης
763 3443 1002 3513 φύσεως,
1041 3449 1559 3520 μεταχειριζόμενος
1584 3452 1652 3506 τὰ
1673 3471 1815 3524 συμ-

232 3532 534 3600 πίπτοντα,
566 3534 663 3588 καὶ
691 3536 874 3606 ὅμοιος
898 3537 1076 3609 ἐαυτῷ
1109 3539 1401 3610 διαμένων,
1431 3544 1567 3614 μήτε
1592 3545 1818 3616 ἐπαιρό-

233 3642 406 3694 μενος
436 3626 496 3682 ἐν
527 3629 648 3694 ταῖς
676 3631 987 3703 εὐθυμίαις,
1029 3633 1169 3704 μήτε
1210 3635 1570 3692 καταπίπτων
1607 3639 1665 3694 ἐν
1695 3641 1816 3703 ταῖς

227 3734 298 3770 συ
305 3719 574 3789 μφοραῖς.

304 3901 510 3965 Νόσον,
552 3905 647 3959 καὶ
674 3907 886 3975 πενίαν,
920 3908 1013 3963 καὶ
1040 3910 1276 3979 ἀδοξίαν,
1308 3914 1401 3968 καὶ
1445 3915 1695 3984 θάνατον,
1725 3921 1818 3974 καὶ

225 3992 338 4045 ὅσα
367 3991 593 4083 λυπηρά
620 3999 733 4062 τοῖς
761 4000 1090 4072 ἀνθρώποις,
1136 4004 1288 4060 οὔπω
1320 4008 1378 4061 ἐν
1407 4013 1474 4079 τῇ
1499 4010 1666 4083 μοίρᾳ
1709 4012 1820 4067 τῶν

226 4082 436 4137 κακῶν
465 4087 917 4157 καταλογίζεσθαι
946 4094 1118 4160 ἄξιον,
1150 4096 1240 4151 διὰ
1272 4098 1334 4152 τὸ
1382 4101 1518 4170 μηδέ
1561 4082 1817 4157 τάίάντι-

228 4176 488 4246 κείμενα⁸
515 4179 729 4245 τούτοις
777 4183 834 4237 ἐν
889 4188 1004 4250 τοῖς
1043 4189 1320 4258 μεγίστοις
1351 4193 1501 4263 ἡμᾶς
1530 4193 1639 4247 τῶν
1683 4195 1816 4264 ἀγα-

227 4267 348 4322 θῶν
375 4271 657 4342 ἀριθμεῖν,
689 4274 764 4340 ὡς
793 4276 861 4331 τὰ
897 4277 994 4349 μὲν
1020 4281 1083 4334 ἐκ
1115 4281 1330 4350 φύσεώς
1361 4285 1498 4352 ἐστι,
1529 4286 1597 4340 τὰ
1633 4287 1689 4340 δέ
1730 4289 1820 4341 καὶ

228 4363 634 4436 συμφερόντως
659 4368 874 4434 πολλοῖς
899 4371 1291 4445 ἀπαντήσαντα
1316 4379 1584 4446 φαίνεται.

1912 1975 2251 2046 despondeat
2278 1980 2545 2044 animum,
2585 1980 2872 2050 nimiaque
2920 1979 3217 2047 absorptus
3271 1976 3490 2031 tristitia

1913 2083 2248 2140 pessumeat.
2309 2070 2418 2126 Nec
2465 2071 2610 2126 enim
2662 2071 2917 2142 corporis
2952 2071 3185 2132 sanitas,
3240 2085 3342 2124 nec
3395 2067 3495 2124 ﬂos

1908 2163 2170 2233 juvenilis
2225 2165 2425 2232 aetatis,
2475 2181 2574 2220 nec
2610 2164 2808 2219 domus
2856 2178 2990 2234 opes
3049 2170 3103 2216 et
3150 2161 3344 2228 copiae,
3396 2175 3496 2215 nec

1914 2255 2152 2326 denique
2182 2257 2395 2328 reliqua
2430 2258 2553 2313 vitae
2582 2256 2818 2313 felicitas
2846 2257 3106 2312 diuturna
3142 2263 3249 2312 est.
3287 2253 3495 2310 Verum

1913 2347 1969 2400 in
2003 2345 2229 2416 hujusce
2268 2351 2390 2402 vitae
2419 2349 2714 2403 serenitate
2765 2363 2944 2403 rerum
2995 2347 3226 2401 hiemem
3270 2355 3324 2401 et
3359 2354 3498 2400 tem-

1915 2444 2181 2506 pestatem
2235 2439 2573 2508 prazstolare.
2638 2438 2828 2493 Veniet
2888 2439 3198 2510 siquidem,
3250 2439 3494 2505 morbus,

1915 2527 2096 2583 veniet
2126 2536 2180 2583 et
2214 2539 2534 2599 paupertas,
2565 2537 2727 2584 vento
2759 2530 2907 2584 haud
2935 2545 3152 2598 semper
3177 2529 3244 2583 ad
3271 2531 3495 2599 puppim

1915 2622 2181 2677 instante.
2244 2622 2387 2688 Quin
2442 2623 2710 2678 illustrem
2747 2637 2970 2693 quoque
3027 2623 3081 2676 in
3148 2621 3404 2675 omnibus
3444 2629 3497 2676 et

1917 2715 2333 2784 suspiciendum
2358 2716 2637 2769 hominem
2673 2715 2968 2785 inopinatae
2995 2729 3238 2784 perszepe
3265 2713 3498 2782 ignomi-

1917 2807 2022 2862 niae
2051 2818 2346 2878 occupant,
2385 2820 2439 2863 et
2469 2824 2689 2863 omnem
2729 2809 2854 2862 vitae
2884 2807 3204 2863 felicitatem
3240 2821 3341 2860 ceu
3373 2821 3498 2859 sco-

1917 2893 2030 2964 puli
2083 2896 2343 2965 quidam,
2397 2912 2496 2966 per
2556 2896 2867 2968 insperatas
2930 2912 3111 2952 rerum
3168 2896 3496 2951 acerbitates

1917 2985 2339 3042 eonturbarunt.
2371 2987 2551 3058 Atque
2604 2988 2870 3044 continua
2906 2988 3284 3043 calamitatum
3323 2989 3496 3044 series

1918 3077 2156 3149 speciem
2195 3079 2491 3149 quamdam
2519 3078 2790 3136 ﬂuctuum
2835 3079 3101 3148 referunt,
3132 3089 3191 3136 ut
3221 3095 3342 3152 qua:
3379 3081 3498 3135 alia:

1918 3185 2085 3241 super
2131 3170 2268 3227 alias
2316 3169 2590 3237 cieantnr,
2622 3179 2903 3242 totamque
2932 3173 3098 3228 vitam
3141 3183 3495 3244 exasperent,

1918 3269 1973 3317 et
2010 3264 2339 3318 horrendam
2369 3265 2467 3320 tibi
2494 3267 2788 3338 procellam
2817 3276 3126 3323 aceersant.
3158 3268 3300 3334 Quin
3334 3269 3498 3323 etiam

1919 3354 2136 3412 videbis
2169 3359 2502 3430 quandoque
2536 3358 2650 3415 hmo
2688 3359 2744 3414 in
2777 3359 3114 3416 hilaritatem
3145 3361 3409 3427 transire,
3445 3368 3500 3417 et

1921 3446 1976 3501 in
2010 3464 2263 3503 serenam
2314 3465 2509 3506 revera
2548 3449 3007 3522 tranquillitatem
3050 3451 3216 3507 vitam
3271 3454 3494 3507 mutari.

1921 3541 2191 3609 Quocirca
2227 3544 2274 3598 is
2305 3543 2551 3613 prudens
2585 3552 2919 3612 gubernator
2951 3545 3044 3611 sit,
3068 3545 3162 3616 qui
3192 3545 3502 3614 subiectam

1921 3646 2175 3690 naturam
2228 3640 2478 3707 apprime
2522 3652 2885 3709 cognoscens,
2921 3638 3064 3693 hanc
3099 3639 3238 3694 scite
3277 3645 3497 3705 tractet,

1920 3739 1975 3787 et
1999 3733 2084 3790 sui
2119 3748 2334 3805 semper
2376 3733 2575 3789 similis
2607 3743 2884 3805 perstans,
2909 3748 3013 3790 nec
3039 3733 3302 3789 secundis
3333 3733 3500 3789 rebus

1921 3828 2220 3895 attollatur,
2258 3843 2361 3884 nec
2397 3830 2450 3882 in
2491 3828 2898 3884 calamitatibus
2935 3827 3192 3882 concidat

1991 3920 2186 3990 Ejusd.
2219 3920 2557 3990 —Aiquum
2616 3921 2840 3976 minime
2892 3919 3078 3984 fuerit,
3140 3920 3394 3975 morbum
3445 3929 3501 3974 et

1921 4022 2242 4086 egestatem,
2268 4016 2529 4085 probrum
2559 4022 2614 4070 et
2640 4022 2898 4080 mortem,
2931 4022 2986 4070 et
3008 4028 3350 4084 quaecunque
3379 4027 3500 4066 mo-

1922 4107 2058 4163 lesta
2104 4107 2423 4162 hominibus
2479 4108 2760 4172 accidunt,
2817 4107 2872 4162 in
2935 4107 3211 4162 malorum
3269 4120 3500 4159 numero

1923 4202 2217 4266 collocare,
2257 4201 2480 4273 quando
2513 4216 2615 4257 nec
2654 4216 2717 4257 ea
2757 4216 2878 4271 quae
2915 4215 3039 4256 cum
3091 4201 3177 4256 his
3231 4208 3498 4270 pugnant,

1924 4291 2082 4364 505
2119 4293 2259 4348 inter
2291 4309 2506 4349 summa
2538 4294 2682 4348 bona
2718 4308 3101 4349 numeramus.
3163 4291 3383 4347 Etenim
3435 4306 3499 4345 ea

1925 4387 2124 4456 partim
2161 4402 2190 4441 a
2229 4395 2423 4441 natura
2461 4393 2711 4451 manant,
2749 4387 2974 4456 partim,
3019 4393 3078 4439 ut
3127 4399 3355 4441 cernere
3388 4392 3496 4447 est,

1925 4476 1992 4531 ad
2033 4478 2324 4533 utilitatem
2358 4479 2649 4548 permultis
2687 4477 2970 4533 accidunt.

305 4561 467 4657 ’Λνω
502 4561 770 4635 νεὺωμεν,
832 4566 1094 4637 ἀδελφοί·
1146 4569 1208 4625 ἐν
1261 4575 1426 4627 παντὶ
1492 4577 1672 4646 καιρῷ
1727 4578 1813 4632 καῖ

1997 4568 2055 4623 S.
2096 4568 2250 4639 Greg.
2295 4567 2438 4623 Naz.
2493 4578 2634 4625 orat.
2681 4568 2750 4622 ad
2800 4569 2933 4622 cives
2981 4565 3377 4622 Nazianzenos.
3433 4597 3502 4609 —

226 4655 564 4728 περιστάσει
595 4657 743 4730 πάσῃ
775 4659 1212 4731 προϐαλλὼμεθα
1256 4663 1357 4735 τὴν
1404 4667 1574 4738 καλὴν
1605 4668 1815 4735 ἐλπίδα,

228 4751 378 4822 μήτε
433 4750 492 4806 ἐν
523 4753 645 4814 ταῖς
692 4751 1010 4823 ἐπιθυμίαις
1050 4755 1444 4827 ἀποϐάλλωμεν
1483 4759 1575 4813 τὸν
1632 4763 1815 4831 φόϐον,

229 4841 379 4912 μήτε
409 4842 470 4894 ἐν
498 4842 611 4904 τοῖς
632 4841 896 4914 λυπηροῖς
926 4844 988 4898 τὸ
1014 4843 1221 4900 εὔελπι.
1253 4849 1600 4920 Μνησθῶμεν
1634 4853 1730 4906 καὶ
1761 4855 1819 4906 ὲν

225 4933 389 5003 εὑδίᾳ
441 4932 544 5003 τῆς
603 4932 796 5006 ζάλης,
827 4935 920 4989 καὶ
967 4938 1026 4990 ἐν
1055 4939 1284 5010 χειμῶνι
1315 4941 1408 4995 τοῦ
1457 4943 1815 5017 κυϐερνήτου.

237 5025 416 5079 Ἀλλά
457 5028 535 5096 μὴ
562 5028 685 5090 ταῖς
728 5027 972 5098 θλίψεσιν
1002 5031 1430 5105 ἐκκακήσωμεν,
1475 5038 1612 5109 μηδὲ
1647 5041 1817 5108 γενώ-

226 5117 381 5190 μεθα
411 5117 591 5173 δοῦλοι
620 5119 800 5177 κακοί.
865 5123 1215 5191 Ἀγαθὺνοντι
1257 5129 1357 5197 μὲν
1400 5129 1821 5206 ἐξομολογούμε-

224 5225 310 5262 νοι
345 5208 430 5280 τῷ
462 5209 732 5283 Δεσπότῃ,
788 5212 1095 5268 παιδεύοντι
1148 5216 1203 5268 δέ
1250 5218 1325 5290 μὴ
1362 5224 1814 5294 προστιθέμενοι*

226 5301 420 5356 καίτοι
447 5299 580 5355 ποτὲ
623 5303 896 5374 κρείσσων
941 5305 1131 5374 ὑγείας
1164 5309 1339 5374 νόσος,
1381 5314 1474 5367 καὶ
1511 5315 1819 5388 ὑπόμνησις

225 5393 483 5457 ἀνέσεως
508 5433 524 5459 ,
563 5395 659 5449 καὶ
715 5397 1007 5468 ἐπίσκεψις
1061 5401 1342 5471 ἀμελείας,
1381 5407 1473 5459 καὶ
1517 5409 1818 5484 ἐπιστροφὴ

229 5489 670 5560 συγχωρήσεως.
707 5491 862 5560 atqu
901 5493 992 5546 διὰ
1031 5495 1130 5559 τὰς
1177 5501 1463 5570 συμφορὰς
1507 5503 1815 5576 πίπτωμεν,

233 5577 384 5649 μήτε
411 5578 503 5632 διὰ
528 5579 621 5635 τὸν
645 5581 805 5651 κόρον
836 5582 1167 5656 ὑϐρίζωμεν.

310 5842 471 5915 Μήτι
499 5844 685 5915 ὑγείαν
717 5851 895 5906 πᾶσαν
921 5851 1308 5926 θαυμάζωμεν,
1344 5859 1480 5928 μήτε
1520 5860 1670 5915 νόσον
1702 5862 1817 5916 δια-

1926 4662 2158 4718 Sursum
2195 4663 2512 4719 attollamus
2549 4663 2764 4727 oculos,
2804 4662 3032 4728 fratres;
3068 4663 3120 4716 in
3167 4663 3318 4716 omni
3366 4671 3502 4717 tem-

1920 4770 2056 4826 pore
2086 4764 2142 4810 et
2171 4755 2227 4811 in
2259 4756 2408 4811 omni
2436 4771 2620 4811 rerum
2646 4762 2796 4810 statu
2824 4755 3026 4810 bonam
3059 4769 3210 4825 spem
3242 4754 3500 4825 prazfera-

1922 4863 2062 4903 mus.
2101 4845 2193 4902 Sic
2247 4863 2350 4904 nos
2410 4862 2832 4917 comparemus,
2881 4853 2940 4901 ut
2975 4860 3075 4901 nec
3108 4846 3164 4900 in
3204 4847 3368 4900 rebus
3413 4861 3500 4900 se-

1921 4941 2118 4998 cundis
2150 4950 2379 5005 metum,
2414 4955 2516 4998 nec
2545 4942 2601 4996 in
2638 4940 2885 4997 adversis
2941 4957 3092 5013 spem
3147 4939 3515 5009 abjieiamus-

1923 5035 2195 5092 Memores
2225 5037 2422 5100 simus,
2455 5045 2570 5090 tum
2604 5035 2944 5106 tempestatis
2976 5036 3033 5089 in
3067 5032 3496 5103 tranquillitate,

1922 5139 2033 5184 tum
2066 5125 2453 5198 gubernatoris
2486 5126 2539 5181 in
2567 5136 2907 5198 tempestate.
2944 5126 3020 5180 Ac
3055 5141 3163 5180 non
3192 5125 3244 5178 in
3270 5123 3500 5178 calami-

1921 5215 2129 5271 tatibus
2165 5215 2508 5286 frangamur,
2546 5231 2646 5271 nec
2680 5231 2870 5271 servos
2899 5215 3074 5269 malos
3118 5229 3222 5269 nos
3254 5213 3497 5282 praebea-

1925 5322 2077 5372 mus;
2111 5305 2249 5362 bene
2301 5307 2368 5361 de
2400 5307 2560 5362 nobis
2615 5306 2847 5361 merenti
2880 5304 3113 5360 Domino
3143 5304 3473 5360 confitentes
3495 5349 3509 5366 .

1922 5415 2046 5454 eum
2066 5415 2195 5454 vero
2212 5400 2279 5454 ab
2302 5400 2421 5470 ipso
2443 5401 2804 5470 castigamur,
2827 5399 3144 5454 recedentes
3175 5419 3186 5452 :
3213 5399 3338 5453 licet
3361 5414 3428 5469 pr
3441 5419 3508 5453 a2-

1923 5491 2176 5548 stahilior
2209 5493 2512 5563 aliquando
2546 5493 2781 5548 sanitate
2807 5491 3511 5556 sitmorhus,submonitiu

1923 5586 2274 5652 remissione,
2317 5585 2531 5641 incuria
2571 5585 2834 5650 visitatio,
2885 5593 2940 5640 et
2975 5584 3380 5640 animadversio
3421 5601 3505 5634 νιιο

1925 5676 2033 5731 nia.
2071 5675 2180 5731 Nec
2231 5685 2450 5746 prepter
2495 5675 2836 5731 calamitates
2878 5676 3078 5731 animis
3117 5677 3497 5735 concidamus.

1925 5783 2022 5822 nec
2055 5775 2276 5836 propter
2299 5767 2642 5821 saturitatem
2674 5766 2970 5821 insolentes
3001 5782 3101 5821 nos
3139 5767 3495 5836 praebeamus.

1998 5859 2188 5929 Ejusd.
2223 5891 2290 5902 —
2327 5858 2682 5932 Nequaquam
2718 5859 3005 5916 sanitatem
3057 5875 3270 5915 euntem
3322 5859 3476 5927 susp't
