3968 6396
129 429 276 493 139.9

1328 432 1562 492 SACRA
1601 428 2066 490 PABALLELA.

3257 414 3275 477 Ῑ
3285 416 3389 478 530

119 549 483 617 πράγμασιν·
538 544 675 599 ἀλλὰ
714 546 835 600 τότε
871 548 966 601 καὶ
1024 548 1192 602 πλέον
1226 549 1572 622 εὐχαριστεῖν
1604 550 1685 602 δεῖ

1813 548 1968 605 lestis
2001 545 2303 602 conticere.
2336 542 2449 597 lmo
2479 554 2613 597 vero
2652 548 2768 593 tum
2822 537 3117 608 ampliores
3166 551 3387 605 quoque

118 639 363 703 είδότας,
388 637 471 691 ὅτι
500 638 573 692 ὃν
598 638 802 709 ἀγαπᾷ
830 642 1065 709 Κύριος,
1105 642 1393 710 παιδεύει,
1424 648 1689 713 nudare

1813 642 2020 714 gratias
2048 654 2212 710 agere
2243 636 2531 702 debemus,
2552 632 2703 688 illud
2727 631 3072 702 exploratum
3097 628 3383 691 habentes,

115 727 198 782 δὲ
218 726 418 782 πάντα
441 728 597 793 υἱὸν,
630 729 703 783 ὃν
736 730 1157 801 παραδέχεται.

201 906 389 978 Τάφος
419 907 719 974 διαδέξεται
742 909 802 964 τὸ
839 910 939 982 τῆς
961 911 1121 983 δόξης
1147 911 1320 977 τέλος.

198 1092 412 1165 Ὥσπερ
436 1097 817 1168 ἀπειροκάλων
841 1097 904 1150 τὸ
933 1097 1053 1151 λίαν
1088 1097 1412 1169 ἐπαίρεσθαι
1450 1099 1569 1163 ταῖς
1606 1098 1697 1151 εὑ-

81 1186 511 1259 ,στιλαγχνίαιςν
551 1188 726 1253 οὕτως
777 1190 1057 1261 ἀνάνδρων
1100 1191 1161 1244 τὸ
1204 1192 1612 1264 καταπτήσσειν
1642 1194 1699 1246 ἐν

108 1281 239 1343 τοῖς
273 1279 631 1352 πταίσμασιν.
678 1280 856 1349 Ὀξεῖα
894 1282 1005 1354 γὰρ
1034 1283 1093 1336 ἐν
1123 1282 1458 1355 ἀμφοτέροις
1493 1285 1528 1355 ή
1558 1300 1700 1355 μετα

112 1374 285 1445 ϐολή.

192 1466 467 1539 Καθάπερ
502 1468 634 1522 ἴδιόν
659 1468 776 1523 ἐστι
806 1468 900 1523 τοῦ
928 1468 1104 1540 φωτὸς
1122 1472 1185 1525 τδ
1210 1470 1489 1541 φωτίζειν,
1522 1469 1698 1535 οὕτως

111 1559 260 1613 ἴδιον
284 1558 423 1613 Θεοῦ
461 1560 522 1613 τὸ
574 1561 746 1615 ἐλεεῖν
797 1564 893 1616 καὶ
915 1562 1210 1634 οἰκτείρειν
1238 1564 1307 1618 τά
1342 1564 1518 1618 οἰκεῖα
1543 1565 1699 1635 ποιή-

111 1668 295 1720 ματα.
365 1652 671 1724 Ἐλεήμων
721 1655 831 1725 γὰρ
877 1656 979 1709 καί
1023 1656 1338 1726 οίκτίρμων
1379 1658 1413 1709 o'
1459 1656 1694 1723 Κύριος,

110 1741 269 1796 κατὰ
319 1744 420 1816 τὴν
468 1746 654 1816 φωνὴν
700 1747 886 1801 Δαϐίδ.
942 1748 1097 1817 Μήτε
1128 1744 1221 1802 οὖν
1247 1746 1521 1818 ἁπογνῷς,
1559 1748 1696 1819 μήτε

107 1842 571 1913 καταφρονήσῃς.

186 2017 421 2074 Πάντων
453 2038 549 2075 σου
571 2022 681 2076 τῶν
710 2025 1058 2096 πραγμάτων
1082 2027 1580 2099 κατευοδουμένων,
1608 2030 1700 2084 ἐκ·

103 2108 281 2180 δέχου
308 2112 635 2185 μεταϐολήν.
661 2116 773 2169 Καὶ
801 2116 963 2170 πάλιν
982 2118 1088 2173 ὑπὸ
1107 2119 1529 2191 ἀπροσδοκήτων
1560 2139 1698 2192 συμ-

103 2201 307 2272 φορῶν
343 2204 733 2275 κυκλούμενος,
782 2206 1055 2277 φαντάζου
1110 2210 1181 2263 τά
1213 2211 1456 2279 χρηστὰ,
1498 2212 1592 2265 καὶ
1626 2211 1697 2264 τὰ

101 2290 431 2361 κρείττονα.

183 2383 268 2436 Οὐ
302 2383 410 2456 χρὴ
464 2384 755 2457 δυσφορεῖν
796 2386 890 2440 ἐπὶ
935 2390 1050 2451 τοῖς
1093 2387 1505 2458 συμϐαίνουσιν,
1557 2389 1696 2444 ἀλλὰ

102 2474 323 2545 μᾶλλον
336 2477 625 2549 ἐπιθυμεῖν
651 2478 746 2533 ἐπὶ
762 2481 885 2543 ταῖς
910 2479 1131 2544 πολλαῖς
1153 2480 1386 2550 θλίψεσι.
1409 2480 1508 2535 Διὰ
1534 2481 1695 2535 τοῦτο

98 2568 248 2638 γάρ,
286 2569 472 2639 φησιν,
507 2568 706 2641 tenes
756 2589 815 2624 σε
863 2571 961 2626 καὶ
1010 2572 1422 2645 ἐλιμαγχόνησά
1470 2590 1554 2638 σε,
1603 2573 1693 2627 ἵνα

96 2659 497 2768 ψὶιιμισθῇςντὺ
527 2661 704 2733 μάννα
747 2664 849 2735 τῆς
871 2664 1149 2733 γνώσεως,
1190 2666 1285 2720 καὶ
1330 2666 1417 2720 ἐπ’
1446 2665 1693 2737 ἐσχάτων

99 2753 166 2805 εὖ
204 2767 271 2804 σε
306 2753 541 2824 ποιήσω.

186 2843 253 2897 '0
275 2843 384 2899 τῶν
400 2845 709 2920 ἀνθρώπων
734 2847 851 2920 βίος
867 2849 1223 2922 ὁμοιούμενος
1244 2850 1689 2923 πελάγειίκυμα-

101 2935 305 3002 τώσεις
335 2938 430 2992 καὶ
467 2940 709 3012 στροφὰς
757 2942 1023 3007 παντοίας
1054 2944 1429 3016 προσδέχεται.
1458 2946 1602 2999 κατά
1626 2962 1688 2998 τε

100 3030 417 3102 εὐπραγίας
449 3032 545 3086 καὶ
572 3034 977 3106 κακοπραγίας.
1001 3037 1243 3108 Ἵδρυται
1266 3040 1376 3107 γὰρ
1403 3038 1556 3092 οὐδὲν
1576 3040 1687 3094 τῶν

110 3122 382 3192 γηγενῶν,
414 3124 553 3179 ἀλλὰ
580 3123 683 3180 ὧδε
713 3127 941 3181 κάκεῖσε
966 3128 1287 3200 διαφέρεται
1307 3172 1322 3193 ,
1355 3128 1445 3185 οία
1476 3131 1686 3201 σκάφος

100 3214 439 3272 θαλαττεῦον
467 3218 562 3273 ὑπ’
596 3220 860 3276 ἐναντίων
878 3221 1241 3294 πραγμάτων.
1560 3207 1565 3213 ’

102 3399 296 3483 ΤΙΤΛ.
324 3401 671 3483 ῙξΥμτ-Περὶ
698 3405 989 3483 εὐθηιςίας
1009 3406 1109 3483 καὶ
1134 3406 1449 3483 εὐπορίας·
1481 3407 1692 3483 καὶ-ὅτι

168 3472 407 3598 ,ἓνὲἔῖῗῷ
435 3472 747 3544 εὐπορίαις
782 3474 953 3545 φιλεῖ
998 3476 1072 3529 τὰ
1115 3475 1505 3546 ἁμαρτήματα
1529 3478 1693 3546 τίνε-

176 3675 198 3709 ι
237 3654 494 3726 Ἔφαγεν
542 3655 762 3725 Ἰακὼϐ,
792 3658 891 3713 καὶ
919 3658 1252 3732 ἐνεπλήσθη,
1276 3661 1372 3716 καὶ
1394 3662 1692 3718 ἀπελάκτι-

103 3767 194 3803 σεν
220 3751 252 3805 ὁ
281 3749 475 3822 imum
484 3750 667 3820 μένος.
708 3770 730 3804 ι

178 3860 201 3895 e
239 3840 443 3910 ⁴ιιαγὼν
476 3841 574 3896 καὶ
628 3843 988 3915 ἐμπλησθεὶς,
1047 3846 1285 3920 πρόσεχε
1321 3849 1559 3920 σεαυτῷ,
1613 3850 1691 3921 μὴ

101 3933 344 4007 ἐπιλάθῃ
370 3933 581 4007 Κυρίου
606 3935 703 3991 τοῦ
726 3937 865 3994 Θεοῦ
892 3956 1010 3995 σου.
1046 3958 1067 3991 ι

176 4136 195 4170 ι
224 4118 326 4192 Μὴ
376 4118 590 4190 φαγὼν,
630 4122 724 4176 καὶ
776 4122 1135 4195 ἐμπλησθεὶς,
1187 4126 1281 4179 καὶ
1306 4126 1483 4191 οἰκίας
1517 4129 1691 4195 καλὰς

102 4211 493 4283 οἰκοδομήσας,
544 4214 640 4268 καὶ
688 4219 1030 4288 κατοικήσας
1082 4220 1140 4272 ἐν
1179 4220 1393 4286 αὑταῖς,
1449 4223 1689 4276 καὶτῶν

102 4302 397 4371 προϐάτων
434 4322 552 4367 σου.
591 4306 687 4360 καὶ
712 4308 823 4362 τῶν
843 4308 982 4380 βοῶν
1007 4328 1104 4366 σου
1129 4304 1564 4383 πληθυνθέντων,
1592 4318 1690 4387 ἀρ-

103 4395 300 4465 γυρίου
331 4397 429 4449 καὶ
467 4398 699 4469 χρυσίου
736 4399 1158 4469 πληθυνθέντων
1197 4421 1301 4471 σοι,
1349 4407 1425 4477 μὴ
1466 4407 1688 4481 semen;

102 4482 159 4536 ἐν
193 4488 262 4557 τῇ
298 4465 646 4559 καρδία-σου.
680 4506 699 4539 ι
834 4465 845 4469 ’
1288 4465 1299 4471 ⁷
1349 4465 1362 4477 ’
1413 4465 1425 4476 ’
1513 4465 1525 4477 ’
1628 4465 1638 4479 ³

176 4594 196 4628 ι
236 4578 440 4648 Φαγὼν
464 4580 562 4633 καὶ
586 4580 729 4635 πιὼν
757 4581 995 4656 πρόσεχε
1029 4585 1278 4657 σεαυτῷ,
1326 4585 1401 4659 μὴ
1436 4586 1683 4660 πλανηθῇ
1716 4605 1764 4662 ι)

102 4666 361 4741 ἠκαρδία
383 4686 499 4737 σου,
527 4671 605 4743 μὴ
636 4673 927 4746 άπατηθῇς
962 4675 1022 4728 ἐν
1041 4677 1311 4751 χορτασίᾳ
1342 4680 1572 4745 κοιλίας.
1606 4700 1625 4733 ι

177 4865 197 4900 ι
243 4849 726 4922 Ἐμεγαλύνθησαν
774 4853 870 4909 καὶ
900 4854 1263 4927 ἐπλούτησαν*
1293 4857 1685 4932 ἐλιπάνθησαν,

102 4935 539 5081 ἐῖτεατώθησαν,
572 4944 669 4998 καὶ
696 4946 1018 5016 παρέϐησαν
1047 4946 1244 5013 λόγους
1273 4965 1378 5019 μου
1410 4950 1493 5014 είς
1517 4967 1685 5023 πονησ-

108 5044 138 5081 ο
170 5047 220 5081 ν.
262 5050 283 5081 ι

108 5044 220 5096 ρον.
262 5050 283 5083 ι

147 5141 197 5227 ς(
230 5122 402 5227 Τοῦτο
424 5125 686 5227 άνόμημα
710 5128 983 5227 Σοδόμων,
1021 5131 1105 5185 ὅτι
1133 5133 1193 5187 ἐν
1219 5134 1570 5208 ὑπερηφανίᾳ
1590 5137 1683 5191 καὶ

104 5218 388 5319 πλησμονῇ
422 5218 624 5319 αρτων,
674 5222 768 5275 καὶ
824 5224 884 5276 ἐν
912 5223 1139 5297 εὐθηνίᾳ
1189 5227 1332 5280 οῐνου
1362 5229 1684 5284 ἐσπατάλων

105 5309 243 5377 αῦτη
268 5309 362 5363 καί¹
383 5311 442 5364 αἱ
470 5311 768 5384 θυγατέρες
792 5314 983 5387 αὐτῆς,
1002 5317 1097 5371 καὶ
1120 5320 1301 5391 χειρὸς
1327 5321 1571 5392 πτωχοῦ,
1588 5323 1684 5376 καὶ

106 5396 333 5469 πένητος
361 5402 461 5458 οὐκ
486 5404 975 5478 ἀντελαμϐάνοντο,
1009 5410 1105 5465 καὶ⁵
1132 5411 1395 5483 ἐποίησαν
1422 5414 1682 5484 ἀνόμημα

108 5486 335 5548 ἐνώπιόν
366 5513 494 5566 μου.
531 5516 552 5552 ι

146 5666 158 5685 ’
181 5597 201 5630 t
230 5582 471 5685 Πρόσεχε
528 5587 605 5661 μὴ
652 5589 1066 5665 ἁποπλανηθῇς,
1124 5595 1217 5649 καὶ
1251 5596 1595 5669 ταπειωθῇς
1624 5598 1682 5653 ἐν

110 5676 411 5750 εὐφροσύνῃ
458 5697 574 5736 σου.
613 5701 633 5734 ι

171 5761 238 5864 .Ai
266 5765 508 5864 εόθηνίαι
565 5772 658 5827 τοῦ
713 5774 830 5845 βίου
873 5776 995 5832 ἀντὶ
1040 5781 1407 5853 πειρατηρίων
1440 5782 1678 5853 γίνονται

113 5858 216 5916 τοῖς
243 5858 473 5925 πολλοῖς.
1566 5889 1574 5896 ι

1810 732 1955 803 quod
1991 741 2145 803 quam
2181 728 2323 783 Deus
2361 735 2530 790 amat,
2571 724 2709 779 hunc
2758 724 3004 795 castigat,
3052 731 3101 776 et
3147 719 3384 791 ﬂagellat

1806 842 2013 882 omnem
2032 823 2204 894 ﬁlium
2240 837 2393 893 quem
2418 818 2603 889 recipit
2639 815 2830 888 (Hebr.
2866 832 2964 880 ιιιι,
2997 814 3075 885 6).

1873 916 1932 972 S.
1955 910 2532 986 Chrysost.—Gloria3
2572 906 2736 963 finem
2768 905 3015 960 tumulus
3049 911 3382 971 excepturus

1865 1016 1906 1063 ι.

1865 1023 1906 1063 ι.

1800 1023 2107 1165 esJoseplu'.
2139 1126 2210 1137 ——
2236 1090 2714 1161 Quemadmodum
2754 1088 3064 1156 ineptorum
3093 1082 3376 1139 hominum

1798 1190 2068 1247 estrebus
2098 1187 2361 1259 praeclare
2388 1184 2561 1257 gestis
2588 1179 2836 1253 gloriari,
2854 1179 2939 1235 sic
2971 1184 3027 1235 et
3058 1177 3376 1248 ignavorum

1799 1288 1885 1337 est
1911 1280 2114 1336 enatis
2144 1275 2517 1335 consternari.
2582 1273 2755 1330 Velox
2808 1270 2958 1327 enim
3006 1268 3065 1325 in
3128 1268 3378 1338 utrisque

1798 1374 2033 1429 mutatio
2059 1379 2167 1430 est.

1869 1466 1928 1522 S.
1958 1465 2098 1522 Nili.
2128 1496 2199 1508 —
2227 1460 2702 1531 Quemadmodum
2760 1455 2903 1512 lucis
2949 1451 3235 1525 proprium
3293 1458 3380 1505 est

1797 1558 2143 1630 splendorem
2195 1555 2394 1612 atl'erre
2435 1573 2450 1610 :
2493 1554 2575 1610 sic
2622 1552 2786 1609 etiam
2839 1548 2959 1612 vei,
3016 1546 3182 1601 rebus
3231 1558 3261 1597 a
3318 1559 3380 1597 se

1794 1652 2035 1707 conditis
2072 1647 2509 1705 misericordiam
2567 1644 2867 1715 impertire.
2914 1639 3049 1694 Nam
3078 1638 3379 1692 misericors

1793 1755 1843 1799 et
1873 1747 2153 1799 miserator
2174 1751 2252 1797 est
2277 1741 2552 1804 Dominus,
2589 1745 2650 1793 ut
2681 1735 2851 1790 David
2883 1732 3064 1803 inquit
3090 1729 3261 1801 (Psal.
3285 1744 3374 1786 cx.

1798 1839 1832 1893 4
1849 1842 1889 1909 ).
1916 1836 2287 1905 Quamobrem
2315 1834 2389 1888 ita
2414 1842 2470 1889 te
2492 1843 2773 1900 compara,
2793 1834 2853 1882 ut
2877 1840 2977 1882 nec
2994 1822 3378 1894 desperatione

1729 1910 1773 1966 Β
1801 1930 2093 2003 frangaris,
2131 1944 2235 1984 nec
2262 1927 2444 1998 ipsum
2468 1932 2814 1979 contemnas.

1869 2022 2006 2079 Cum
2041 2035 2134 2078 res
2162 2033 2354 2075 omnes
2379 2025 2489 2072 tua:
2510 2031 2579 2071 ex
2606 2010 2879 2070 sententia
2900 2013 3225 2068 succedunt,
3256 2019 3374 2057 mu-

1797 2118 2064 2174 tationem
2086 2121 2369 2185 exspecta.
2401 2110 2482 2166 Ac
2510 2121 2705 2163 rursus
2734 2121 2860 2160 cum
2895 2100 3199 2172 inopinatis
3230 2097 3376 2152 cala-

1795 2207 2081 2263 mitatibus
2133 2204 2380 2275 undique
2428 2197 2728 2264 obsideris,
2776 2192 3007 2250 meliora
3057 2198 3114 2247 et
3164 2187 3376 2244 leniora

1794 2300 2000 2369 cogita.

1861 2388 1944 2444 Ob
1972 2387 2235 2443 adversos
2265 2398 2453 2439 rerum
2489 2386 2721 2436 eventus
2755 2371 3090 2433 discruciari
3148 2370 3377 2424 minime

1791 2480 2073 2545 convenit,
2095 2491 2289 2534 verum
2316 2476 2376 2530 in
2400 2472 2593 2530 multis
2613 2467 2999 2527 aﬂlictionibus
3025 2464 3169 2519 bono
3190 2461 3373 2515 animo

1791 2589 1937 2631 esse.
1974 2571 2056 2629 Ob
2115 2585 2239 2627 eam
2270 2568 2419 2625 enim
2453 2578 2682 2621 causam
2722 2560 2891 2616 alllixi
2942 2569 3014 2626 te,
3059 2555 3260 2626 inquit,
3317 2562 3374 2607 et

1789 2668 1936 2724 fame
1958 2665 2230 2739 oppressi,
2251 2672 2313 2719 ut
2330 2660 2579 2720 scientiae
2595 2673 2797 2715 manna
2819 2656 3035 2721 ederes,
3054 2667 3120 2707 ac
3135 2651 3372 2720 benigne

1790 2762 2011 2818 tandem
2042 2760 2144 2816 tibi
2174 2757 2437 2814 facerem.

1857 2853 2000 2910 Vitae
2022 2852 2312 2909 hominum
2359 2847 2535 2905 maris
2563 2845 2742 2902 instar
2768 2842 2969 2897 ﬂuctus
3020 2838 3369 2898 innumeros,

1787 2948 2107 3019 variasque,
2148 2954 2264 3000 tum
2293 2944 2349 2999 in
2388 2939 2694 3014 prosperis,
2730 2945 2847 2993 tum
2880 2935 2937 2988 in
2982 2929 3236 2987 adversis
3284 2941 3371 2982 re-

1786 3043 1892 3098 bus
1924 3040 2261 3096 mutationes
2302 3034 2567 3091 admittit.
2611 3031 2802 3102 Neque
2828 3028 2975 3084 enim
3021 3033 3371 3079 terrenarum

1786 3148 1969 3190 rerum
2000 3130 2306 3204 quidquam
2352 3128 2567 3182 ﬁrmum
2620 3132 2677 3180 et
2731 3119 2929 3178 stabile
2976 3126 3064 3172 est
3117 3133 3132 3171 :
3178 3126 3368 3167 verum

1713 3248 1756 3307 ο
1790 3230 1900 3285 huc
1931 3235 2100 3298 atque
2151 3224 2284 3281 illuc
2328 3238 2432 3279 ceu
2470 3219 2632 3277 navis
2672 3214 2856 3273 ventis
2895 3208 3097 3268 validis
3143 3208 3370 3281 agitata,

1794 3322 1991 3378 fertur.

1791 3415 1928 3471 ΤΙΤ.
1963 3412 2080 3469 XII.
2112 3444 2181 3454 —
2208 3411 2283 3465 De
2323 3407 2655 3464 abundantia
2690 3414 2740 3459 et
2779 3403 3060 3473 fertilitate
3095 3416 3114 3454 :
3154 3410 3203 3453 et
3229 3414 3369 3469 quoa

2041 3499 2103 3539 eo
2132 3492 2360 3551 tempore
2388 3487 2604 3551 peccata
2634 3475 2846 3547 patrari
2873 3474 3098 3527 soleant.

1863 3666 2019 3723 Deut.
2052 3680 2226 3727 χχιιι,
2257 3663 2345 3718 l5.
2377 3692 2443 3703 --
2474 3679 2494 3712 ι
2526 3657 2779 3715 Comedit
2800 3653 2993 3719 Jacoh,
3020 3651 3369 3722 repletusque

1787 3768 1898 3827 est,
1935 3766 1991 3815 et
2022 3754 2395 3813 recalcitravit
2431 3752 2692 3809 dilectus.
2734 3768 2753 3799 ι

1864 3852 2018 3908 Deut.
2045 3865 2123 3916 vr,
2165 3850 2256 3904 12.
2282 3877 2353 3888 —-
2387 3866 2407 3899 ι
2444 3846 2580 3902 Cum
2620 3841 2932 3899 comederis
2971 3847 3027 3895 et
3082 3844 3367 3894 saturatus

1789 3946 1998 4011 fueris,
2034 3941 2254 3999 attende
2304 3939 2432 4006 tibi,
2484 3954 2553 3995 ne
2602 3934 2953 3993 obliviscaris
3005 3929 3224 3987 Domini
3273 3928 3367 3983 Dei

1788 4036 1890 4093 tui.
1921 4053 1942 4089 ι

1861 4127 2014 4183 Deut.
2047 4141 2169 4191 vm,
2200 4123 2395 4179 42-14.
2428 4151 2498 4163 ——
2540 4140 2560 4173 ι
2597 4119 2679 4175 Ne
2730 4132 2854 4175 cum
2913 4112 3226 4171 comederis
3250 4150 3265 4175 ,
3314 4116 3367 4163 et

1789 4225 2072 4275 ssturatus
2102 4214 2293 4275 fueris.
2320 4222 2376 4268 et
2400 4211 2597 4267 domos
2639 4205 3019 4271 mdilicaveris,
3065 4209 3123 4257 et
3152 4199 3367 4255 habita-

1789 4310 1935 4368 veris
1960 4311 2017 4366 in
2049 4309 2153 4373 eis,
2184 4321 2421 4377 cumque
2461 4319 2591 4360 oves
2621 4311 2729 4357 tuae
2770 4308 2825 4356 et
2856 4299 3025 4354 boves
3057 4294 3135 4349 tui
3182 4291 3368 4347 multi-

1788 4400 1975 4474 plicati
2015 4399 2238 4465 fuerint,
2260 4406 2315 4453 et
2350 4394 2777 4466 multiplicatum
2819 4388 2988 4444 fuerit
3026 4385 3130 4440 tibi
3170 4398 3371 4440 aurum

1786 4503 1843 4549 et
1869 4500 2180 4563 argentum,
2211 4486 2495 4542 extollaris
2515 4486 2571 4539 in
2607 4481 2778 4539 corde
2805 4488 2923 4534 tuo.
2953 4498 2974 4531 ι

1862 4583 2019 4639 Prov.
2056 4598 2216 4646 χχιιι,
2254 4582 2306 4635 1.
2346 4610 2417 4619 -
2452 4598 2471 4630 ι
2503 4577 2642 4632 Cum
2689 4573 3000 4629 comederis
3048 4577 3105 4626 et
3133 4567 3367 4630 biberis,

1786 4678 2004 4733 attende
2030 4676 2128 4731 tibi
2160 4675 2367 4745 ipsi,ne
2394 4672 2655 4726 dilatetur
2693 4682 2793 4722 cor
2824 4676 3000 4745 tuum.
3029 4663 3106 4718 Ne
3134 4662 3369 4717 seduca-

1784 4772 1865 4828 ris
1888 4772 1944 4826 in
1974 4769 2231 4824 alimonia
2268 4765 2497 4822 ventris.
2540 4782 2560 4816 ι
2974 4744 2979 4759 ’

1855 4860 2017 4931 507
2049 4856 2248 4913 Jerem.
2276 4872 2333 4920 ν,
2362 4855 2456 4909 28.
2481 4881 2553 4894 —-
2590 4871 2612 4904 ι
2650 4847 2979 4921 Magniﬁcati
3022 4855 3172 4911 sunt,
3201 4853 3252 4899 et
3277 4841 3363 4896 di-

1783 4952 1928 5008 vites
1956 4951 2085 5006 facti
2116 4958 2246 5005 sunt
2270 4945 2617 5019 impinguati,
2646 4953 2702 5001 et
2728 4941 2889 5013 adipe
2913 4940 3063 4997 obesi
3090 4958 3105 5007 ;
3141 4947 3197 4992 et
3223 4949 3364 5007 pra:-

1783 5043 2015 5098 varicati
2039 5050 2171 5099 sunt
2201 5054 2485 5098 sermones
2515 5052 2671 5095 meos
2698 5038 2756 5092 in
2788 5035 3018 5091 malum.
3061 5051 3080 5083 ι

1855 5135 2050 5190 Ezech.
2082 5150 2194 5201 xvr,
2216 5133 2309 5198 49,
2334 5131 2422 5188 50.
2448 5160 2518 5172 --
2565 5149 2585 5185 ‹
2621 5130 2750 5185 Haec
2785 5135 2871 5185 est
2892 5124 3156 5195 iniquitas
3190 5117 3366 5177 Sodo-

1783 5245 1908 5295 mae,
1932 5228 2064 5300 quia
2093 5228 2149 5283 in
2180 5224 2463 5297 superbia,
2490 5232 2547 5280 et
2596 5222 2892 5281 saturitate
2942 5229 3170 5289 panum,
3213 5220 3269 5267 et
3310 5211 3366 5266 in

1782 5322 2122 5380 abundantia
2144 5320 2258 5376 vini
2302 5318 2598 5375 luxuriata:
2636 5322 2788 5381 sunt,
2831 5313 2950 5367 hzec
2989 5318 3044 5363 et
3071 5307 3196 5363 ﬁliae
3220 5304 3363 5376 ejus,

1780 5422 1837 5470 et
1851 5429 2054 5471 manus
2079 5409 2344 5484 pauperis
2361 5418 2416 5467 et
2443 5409 2601 5483 egeni
2638 5423 2747 5464 non
2778 5402 3285 5476 apprehenderunt,
3312 5408 3367 5455 et

1782 5507 1973 5577 inique
2000 5516 2229 5577 egerunt
2247 5519 2436 5562 coram
2463 5520 2573 5561 me.
2602 5522 2623 5557 ι

1853 5599 2022 5655 Eccti.
2057 5615 2180 5664 xm,
2220 5598 2275 5655 8.
2301 5630 2371 5640 —
2395 5617 2415 5651 ι
2451 5597 2598 5655 Cave
2621 5611 2692 5653 ne
2721 5595 3034 5661 seducaris,
3064 5599 3232 5663 atque
3260 5588 3365 5645 hu-

1782 5692 2014 5747 milieris
2049 5692 2105 5746 in
2141 5691 2335 5746 laetitia
2363 5699 2477 5745 tua.
2512 5709 2532 5743 ι

1853 5782 1909 5838 8.
1939 5783 2112 5839 Basil.
2152 5814 2222 5825 -—
2248 5784 2387 5840 Vitae
2420 5783 2815 5855 prosperitates
2840 5780 3209 5839 tentationum
3242 5776 3364 5833 loco

1784 5876 2060 5947 plerisque
2090 5878 2437 5943 contingunt.
3284 5874 3287 5877 “
