4052 6448
540 404 680 491 15:31

1737 423 1798 483 S.
1836 420 2077 484 JOANN
2085 419 2155 479 IS
2187 416 2619 479 DAMASCENI

3688 411 3825 475 1532

612 539 829 610 Didymi
858 546 1045 594 contra
1092 537 1436 593 Manichaeos.
1472 569 1540 578 -
1569 536 1760 592 Solent
1798 541 2023 605 peccata
2052 548 2119 590 ex
2150 581 2156 593 .

2293 531 2511 586 Φιλοῦσι
2556 532 2629 586 τὰ
2662 531 3036 604 ἁμαρτήματα
3091 532 3157 586 ὲκ
3209 530 3448 602 πλήθους
3494 528 3702 599 ὄχλων,
3734 522 3828 582 καὶ

543 631 950 687 iuconditarum
978 632 1264 687 turbarum
1301 628 1677 695 multitudine,
1726 636 1780 683 et
1812 642 1995 683 rerum
2031 641 2125 681 ne—

543 727 908 782 cessariarum
943 726 1277 781 abundantia
1312 723 1490 779 nasci.

2227 625 2484 697 εὐθηνίας
2511 626 2619 681 τῶν
2653 624 2967 695 ἀναγκαίων
3000 623 3303 681 τίκτεσθαι.

545 855 682 912 ΤΙΤ.
751 856 890 912 ΧΙΙΙ.
947 889 1015 898 --
1071 856 1147 911 De
1194 856 1444 920 insidiis,
1504 863 1553 909 et
1609 854 1676 910 iis
1730 854 1820 925 qui
1870 854 2127 922 proximis

2280 851 2410 908 ΙΤΛ.
2441 853 2612 907 ΙΡ.--
2626 850 3245 925 Περὶὲπιϐονλῆςμαί
3272 849 3838 905 τῶνὲπιϐουλευόγ-

1160 925 1508 982 insidiantur.

620 1045 771 1101 Psal.
818 1062 915 1111 vu,
973 1046 1060 1101 15.
1094 1076 1165 1086 -
1224 1063 1243 1097 ι
1298 1045 1502 1101 Lacum
1542 1046 1778 1117 aperuit,
1821 1054 1880 1102 et
1940 1045 2132 1102 effodit

547 1152 695 1199 eum,
725 1147 778 1192 et
803 1137 1006 1192 incidet
1034 1136 1088 1189 in
1126 1135 1338 1190 foveam
1374 1151 1537 1207 quam
1563 1135 1715 1193 fecit.
1756 1154 1775 1188 ι

629 1230 776 1283 Ριιηί.
807 1244 883 1293 Ix,
920 1229 1005 1283 16.
1038 1260 1108 1269 ——
1136 1248 1155 1280 ι
1189 1229 1248 1283 ιη
1273 1229 1472 1300 laqueo
1499 1244 1664 1300 quem
1698 1228 2130 1295 absconderunt,

551 1321 988 1389 comprehensus
1015 1330 1099 1375 est
1126 1336 1224 1391 pes
1248 1336 1463 1376 eorum.
1499 1340 1517 1373 ι

627 1412 773 1468 Psal.
810 1429 920 1478 LVI,
954 1413 1005 1469 7.
1033 1446 1101 1455 -—
1148 1433 1165 1465 ι
1205 1412 1485 1468 Foderunt
1543 1423 1673 1469 ante
1726 1413 1925 1470 faciem
1959 1429 2136 1470 meam

556 1502 789 1569 foveam,
825 1513 877 1558 et
911 1503 1223 1559 inciderunt
1264 1504 1315 1557 in
1355 1519 1493 1558 eain.
1536 1522 1554 1555 ι

627 1594 776 1647 Psal.
817 1611 941 1661 οη,
971 1596 1054 1650 ιο.
1085 1627 1157 1637 -
1191 1614 1209 1647 ‹
1243 1594 1457 1651 Cadent
1488 1597 1542 1651 in
1571 1596 1841 1654 retiaculo
1879 1612 1981 1653 suo
2005 1611 2136 1668 pec-

554 1694 797 1740 catores.
834 1706 852 1739 ι

628 1780 785 1836 Prov.
813 1792 961 1847 xxw,
992 1782 1084 1836 27.
1117 1812 1188 1822 —
1227 1801 1247 1833 ‹
1288 1780 1390 1847 Qui
1418 1782 1555 1837 fodit
1587 1782 1822 1849 foveam,
1845 1783 2056 1842 incidet
2087 1788 2139 1842 in

2726 941 2846 978 των
2880 923 3006 988 τοῖς
3032 923 3319 990 πλησίον.

2308 1056 2328 1089 ι
2368 1036 2585 1091 Λάκκον
2618 1036 2849 1108 ὤρυξεν,
2868 1038 2962 1091 καὶ
2991 1033 3298 1103 ἀνέσκαψεν
3326 1034 3511 1091 αὑτὸν.
3543 1034 3642 1087 καὶ
3664 1034 3839 1103 ἐμπε-

2236 1132 2408 1183 σεῖται
2442 1129 2523 1193 είς
2558 1128 2769 1200 βόθρον.
2807 1147 2827 1181 ι

2311 1239 2330 1272 ι
2384 1220 2473 1274 Ἐν
2496 1219 2684 1290 παγίδι
2713 1218 2884 1292 ταύτῃ
2977 1218 3247 1292 ἔκρυψαν,
3296 1217 3614 1289 συνελήφθη
3642 1220 3671 1271 ὀ
3700 1216 3837 1281 ποῦς

2237 1311 2436 1366 αὐτῶν.
2466 1330 2486 1363 ι

2315 1425 2334 1458 ι
2375 1405 2613 1477 Ὠρυξαν
2643 1405 2749 1477 πρὸ
2780 1403 3073 1475 προσώπου
3108 1421 3210 1476 μου
3241 1402 3456 1475 βόθρον,
3512 1403 3617 1456 καὶ
3642 1401 3837 1456 ἐνέπε-

2242 1517 2340 1553 σαν
2365 1499 2445 1562 είς
2470 1497 2655 1553 αὐτόν.
2691 1516 2710 1551 ι
2774 1570 2783 1579 ⁸
3082 1560 3085 1567 η

2317 1610 2336 1644 ι
2363 1589 2665 1645 Πεσοῢνται
2699 1591 2756 1644 ὲν
2788 1589 3189 1662 ἀμφιϐλήστρῳ
3247 1588 3426 1643 αὐτῶν
3468 1587 3520 1641 oi
3558 1587 3839 1660 ἁμαρτω-

2243 1682 2341 1740 λοί.
2382 1702 2400 1734 ι

2322 1796 2341 1829 ι
2386 1776 2445 1828 '0
2474 1773 2720 1845 ὀρύσσων
2752 1773 2945 1845 βόθρον
2986 1774 3064 1844 τῷ
3118 1771 3353 1844 πλησίω,
3388 1774 3725 1843 ἐμπεσεῖται
3762 1771 3841 1835 είς

553 1889 717 1937 eam;
756 1881 810 1927 et
844 1874 937 1942 qui
979 1874 1147 1928 volvit
1190 1873 1448 1943 lapidem,
1479 1884 1785 1931 revertetur
1822 1877 1890 1931 ad
1926 1893 2073 1933 eum.
2113 1899 2131 1932 ι

2281 1869 2421 1923 ὐτόν.
2473 1868 2531 1921 Ὀ
2559 1868 2615 1920 δὲ
2644 1866 2844 1920 κυλίων
2876 1866 3043 1930 λίθον,
3076 1866 3160 1935 ἐφ’
3193 1866 3387 1919 ἑαυτὸν
3410 1866 3613 1919 κυλιεῖ.
3656 1884 3676 1917 ι

627 1965 785 2020 Prov.
826 1982 977 2032 xxnx,
1008 1967 1061 2021 5.
1094 1998 1162 2007 --
1198 1984 1217 2016 ι
1251 1965 1424 2020 llomo
1480 1967 1570 2033 qui
1628 1978 1901 2038 praeparat
1953 1986 2139 2027 coram

556 2060 736 2113 amico
767 2075 867 2114 suo
910 2068 1045 2123 rete,
1082 2061 1187 2116 lioc
1226 2060 1451 2114 involvit
1490 2061 1719 2130 pedibus
1760 2062 1897 2117 suis.
1939 2081 1958 2114 ι

631 2152 805 2206 Eccte.
848 2169 902 2216 κ,
962 2151 1017 2207 8.
1052 2183 1119 2193 -—
1156 2171 1174 2204 ι
1213 2152 1317 2219 Qui
1374 2152 1512 2209 fodit
1549 2152 1786 2220 foveam,
1840 2154 2048 2209 incidet
2086 2155 2141 2210 in

553 2257 674 2297 eam
699 2259 714 2307 ;
741 2250 794 2295 et
814 2242 906 2312 qui
937 2242 1167 2312 dissipat
1192 2258 1400 2313 sepem,
1429 2242 1697 2299 mordebit
1721 2260 1846 2299 eum
1870 2244 2098 2302 coluber
2125 2263 2140 2301 :

556 2334 651 2402 qui
683 2332 863 2388 aufert
896 2333 1126 2403 lapides,
1160 2333 1431 2403 aﬂligetur
1459 2334 1513 2388 in
1548 2334 1650 2390 eis.
1690 2354 1709 2386 ι

630 2424 795 2479 Eccli.
831 2440 1003 2489 xxv",
1034 2425 1120 2479 ἓξ).
1149 2458 1218 2466 -
1250 2445 1268 2477 ι
1310 2425 1414 2491 Qui
1465 2425 1680 2481 foveam
1727 2425 1901 2495 fodit,
1943 2428 2146 2486 incidet

558 2520 611 2573 in
650 2533 767 2573 eam
807 2535 821 2573 :
856 2527 909 2573 et
956 2518 1047 2588 qui
1086 2520 1276 2573 statuit
1309 2520 1583 2590 laqueum,
1632 2519 1687 2575 in
1730 2520 1827 2575 illo
1878 2524 2143 2594 capietur.

559 2612 624 2665 Et
654 2612 745 2680 qui
777 2611 904 2666 facit
940 2614 1102 2674 mala,
1135 2612 1187 2665 in
1215 2614 1296 2668 eis
1318 2612 1655 2679 devolvetur,
1683 2625 1736 2669 et
1760 2615 1971 2671 nesciet
2003 2616 2147 2674 unde

558 2704 781 2758 veniant
818 2705 943 2775 ipsi.
983 2724 1000 2757 ι

632 2795 689 2850 S.
728 2795 867 2852 Nili.
893 2828 965 2840 —
1002 2798 1184 2864 Quare
1215 2798 1562 2869 discipulus?
1595 2816 1767 2871 quare
1801 2802 1964 2857 etiam
2012 2804 2147 2860 insi-

558 2888 763 2957 diator,
796 2891 1058 2963 magistro
1091 2908 1193 2947 suo
1247 2893 1477 2948 insidias
1537 2907 1795 2961 struens,
1845 2905 1899 2952 et
1950 2894 2144 2953 Judam

561 2982 714 3038 illum
741 2986 1046 3051 aemulatur,
1079 2987 1174 3058 qui
1204 2988 1451 3058 magistri
1476 2988 1561 3045 sui
1585 2989 1835 3059 proditor
1856 2991 2101 3046 exstitit?
2121 3011 2140 3044 ι

2317 1980 2336 2015 ι
2373 1963 2470 2023 Ὃς
2514 1960 2992 2031 παρασκευάζεται
3022 1959 3115 2011 ἐπὶ
3140 1957 3433 2027 πρόσωπον
3487 1956 3587 2010 τοῦ
3642 1956 3842 2009 ἑαυτοῦ

2242 2051 2397 2122 φίλου
2435 2051 2670 2117 δίκτυον,
2718 2050 3035 2123 περιϐάλλει
3061 2051 3175 2114 τοῖς
3210 2049 3405 2104 ἑαυτοῦ
3430 2050 3621 2102 ποσίν.
3650 2068 3669 2100 ι

2320 2163 2338 2195 ι
2389 2144 2447 2199 '0
2470 2143 2721 2215 ὀρύσσων
2757 2143 2974 2215 βόθρον,
3028 2143 3109 2206 είς
3144 2142 3306 2197 αὑτὸν
3336 2144 3689 2212 ἐμπεσεῖται,
3747 2142 3842 2194 καὶ

2244 2235 2607 2306 καθαιροῦντα
2640 2235 2915 2308 φραγμὸν,
2958 2234 3175 2306 δήξεται
3206 2234 3368 2289 αὐτὸν
3412 2234 3539 2303 ὅλοις
3562 2251 3578 2265 ·
3608 2233 3840 2305 ἐξαιρῶν

2243 2328 2423 2392 λίθους
2454 2328 2916 2399 διαπονηθήσεται
2948 2330 3008 2380 ὲν
3030 2328 3233 2391 αὐτοῖς.
3274 2346 3293 2380 ι

2321 2441 2341 2473 ‹
2387 2422 2447 2475 '0
2480 2421 2729 2493 ὀρύσσων
2782 2420 2973 2491 βόθρον
2999 2422 3078 2484 είς
3117 2419 3279 2475 αὑτὸν
3309 2420 3666 2491 ἐμπεσεῖται,
3700 2418 3791 2471 καὶ
3817 2420 3846 2471 ὀ

2246 2515 2409 2570 ίστῶν
2440 2514 2663 2583 παγίδα,
2696 2514 2918 2586 ὲνλαύτῇ
2948 2513 3240 2568 ἁλώσεται.
3284 2512 3345 2564 Ὃ
3377 2512 3549 2569 ποιῶν
3602 2515 3841 2581 πονηρὰ,

2247 2608 2326 2671 είς
2354 2606 2493 2661 αὑτά
2531 2605 2940 2678 κυλισθήσεται,
3001 2606 3093 2659 καὶ
3149 2606 3211 2660 ού
3274 2607 3349 2678 μὴ
3403 2604 3622 2675 ἐπιγνῷ
3682 2605 3843 2658 πόθεν

2248 2700 2396 2770 ἥκει.
2438 2719 2459 2752 ι

2320 2792 2416 2846 Διά
2444 2792 2498 2846 τί
2536 2791 2822 2864 μαθητής;
2859 2791 2950 2845 διὰ
2991 2792 3045 2846 τί
3093 2792 3188 2845 καὶ
3236 2791 3543 2855 ἐπίϐουλος,
3592 2790 3677 2861 τῷ
3735 2790 3844 2859 ίὸίῳ

2248 2885 2554 2958 διδασκάλῳ
2582 2884 2969 2949 ἐπιϐουλεύων,
3024 2886 3118 2939 καὶ
3144 2886 3234 2939 τὸν
3276 2884 3479 2938 Ἰούδαν
3511 2886 3733 2938 ἐκεῖνον
3761 2903 3845 2953 μι-

2253 2976 2550 3048 μούμενος,
2609 2979 2703 3034 τοῦ
2736 2978 2868 3034 ἰδίου
2915 2978 3238 3033 διδασκάλου
3294 2977 3567 3048 προδότην
3622 2979 3844 3047 γενόμε·

2250 3084 2337 3122 νον
2355 3086 2368 3133 ;
2407 3088 2428 3123 ο

565 3227 705 3302 ΤΙΤ.
900 3260 975 3302 λ--ο
1001 3227 1081 3282 De
1118 3229 1439 3302 inimicis,“
1469 3246 1596 3284 casu
1629 3232 1903 3299 ipsorum;
1928 3241 1978 3286 et
2009 3232 2147 3302 quod

2280 3225 2431 3302 ,‘l’i‘A.
2466 3226 2638 3302 μκή
2654 3226 2793 3302 Ιζερί
2822 3226 3052 3302 ἐχθρῶν
3074 3227 3173 3302 καί
3196 3227 3480 3302 πτώσεως
3502 3229 3842 3302 αὐτῶνκαὶ

632 3299 700 3421 ge
759 3299 1096 3353 inimicorum
1149 3299 1456 3355 calamitate
1514 3302 1728 3356 minime
1781 3302 1850 3355 sit
1911 3299 2149 3373 gauden-

672 3386 779 3421 um.

672 3386 779 3422 um.

638 3482 798 3538 Prov.
836 3500 985 3551 xxrv,
1018 3484 1196 3565 i7.—
1241 3503 1261 3537 ι
1299 3483 1357 3541 Si
1401 3485 1665 3541 ceciderit
1708 3486 1964 3542 inimicus
2002 3496 2149 3555 tuus,

564 3592 634 3630 ne
672 3574 914 3646 gaudeas
945 3592 1112 3647 super
1139 3592 1262 3632 eum
1290 3595 1305 3645 ;
1348 3593 1528 3649 neque
1558 3578 1614 3633 in
1642 3578 1798 3649 lapsu
1826 3579 2001 3649 ipsius
2034 3580 2156 3651 glo-

566 3669 712 3725 riare
743 3685 759 3723 :
789 3668 919 3739 quia
954 3669 1161 3725 videbit
1199 3670 1487 3737 Dominus,
1523 3678 1578 3726 et
1633 3685 1745 3726 non
1789 3671 2025 3741 placebit
2051 3673 2154 3736 illi,

562 3767 619 3814 et
648 3766 858 3815 avertet
889 3760 1025 3815 iram
1058 3775 1217 3816 suam
1243 3761 1312 3818 ab
1335 3761 1481 3834 ipso.
1516 3759 1597 3817 Ne
1618 3761 1820 3819 laeteris
1841 3778 2007 3834 super
2030 3764 2155 3820 illos

565 3852 658 3922 qui
698 3852 842 3908 male
870 3862 1062 3924 agunt.
1100 3873 1120 3906 ι

637 3943 796 3998 Prov.
837 3962 968 4008 xxv.
999 3945 1091 4000 21.
1129 3980 1195 3989 -
1230 3966 1248 3999 ι
1288 3945 1345 4002 Si
1402 3949 1663 4005 esurierit
1710 3950 1969 4006 inimicus
2004 3958 2154 4017 tuus,

566 4036 691 4092 ciba
726 4037 915 4107 illum;
942 4038 986 4094 si
1023 4039 1247 4108 sitierit,
1278 4048 1404 4112 pota
1424 4057 1574 4098 eum.
1604 4042 1720 4099 Hoc
1749 4044 1895 4099 enim
1925 4043 2155 4109 faciens,

566 4130 837 4186 carbones
885 4131 1029 4203 ignis
1074 4133 1303 4207 colliges
1340 4149 1506 4207 super
1549 4144 1716 4207 caput
1755 4138 1927 4203 illius,
1968 4147 2023 4194 et
2052 4137 2157 4193 Do-

568 4221 754 4277 minus
780 4223 970 4279 reddet
1000 4224 1122 4280 tibi.
1160 4246 1179 4279 ι

641 4311 808 4370 Mida.
836 4330 937 4379 vn,
968 4314 1022 4369 8.
1058 4346 1128 4357 -—
1165 4335 1185 4369 ι
1215 4316 1294 4373 Ne
1320 4318 1554 4375 insultes
1578 4319 1734 4385 mihi,
1763 4320 1984 4375 inimica
2014 4336 2155 4388 mea,

568 4404 701 4473 quia
728 4406 901 4461 cecidi
926 4423 941 4460 :
976 4421 1261 4478 resurgam
1288 4410 1455 4465 enim.
1494 4429 1513 4462 ι

642 4493 778 4549 Abd.
834 4511 875 4559 ι,
925 4496 1014 4553 12.
1048 4525 1121 4536 -
1155 4516 1176 4550 ι
1212 4498 1290 4556 Ne
1319 4500 1522 4558 laeteris
1554 4518 1724 4573 super
1756 4503 1896 4561 ﬁlios
1924 4503 2066 4561 Juda
2100 4505 2156 4560 in

2324 3297 2409 3370 ὅτι
2471 3298 2543 3370 οὐ
2606 3297 2698 3352 δεῖ
2735 3298 2967 3369 χαίρειν
3011 3297 3109 3352 ἐπὶ
3162 3297 3239 3366 τῇ
3299 3302 3681 3370 κακοπραγίᾳ
3732 3300 3844 3354 τῶν

2324 3366 2575 3437 ἐχθρῶν.

2331 3503 2349 3536 ι
2390 3483 2516 3537 Ἐἀν
2536 3482 2677 3554 πέσῃ
2706 3483 2735 3536 ὀ
2760 3481 2955 3555 ἐχθρός
2979 3500 3096 3550 σου,
3126 3484 3200 3554 μὴ
3245 3484 3523 3557 ἐπιχαρῇς
3567 3486 3745 3557 αὐτῷ,
3788 3489 3844 3541 ἐν

2253 3575 2311 3629 δὲ
2342 3574 2418 3646 τῷ
2449 3574 2884 3647 ὑποσκελίσματι
2914 3575 3080 3629 αὑτοῦ
3111 3576 3185 3647 μὴ
3228 3577 3478 3648 ὲπαίρου.
3503 3579 3631 3631 Ὅτι
3658 3580 3843 3649 ὄψεται

2257 3667 2482 3740 Κύριος,
2514 3667 2610 3723 καὶ
2634 3668 2735 3722 οὐκ
2788 3667 2979 3739 ἀρέσει
3016 3668 3188 3739 αὐτῷ,
3221 3670 3316 3722 καὶ
3372 3669 3714 3741 ἀποστρέψει
3754 3673 3841 3725 τὸν

2256 3760 2430 3831 θυμὸν
2488 3758 2653 3814 αὐτοῦ
2704 3759 2801 3813 ἀπ’
2843 3759 3030 3816 αὑτοῦ.
3089 3761 3183 3834 Μὴ
3218 3760 3471 3834 ὲπίχαιρε
3518 3764 3615 3817 ἐπὶ
3674 3780 3837 3818 κακο-

2256 3855 2450 3917 ποιοῖς.
2489 3870 2508 3904 ι

2333 3965 2352 3998 ι
2400 3945 2525 3998 Ἐὰν
2547 3946 2706 4017 πεινᾷ
2737 3945 2767 3998 ὀ
2793 3945 2987 4018 ἐχθρός
3012 3964 3130 4011 σου,
3160 3946 3377 4020 ψώμιζε
3405 3949 3592 4016 αὑτὸν,
3632 3952 3728 4004 καὶ
3750 3952 3843 4005 ἐὰν

2254 4036 2402 4108 διψᾷ,
2435 4037 2620 4103 πότιζε
2640 4037 2823 4093 αὐτόν.
2855 4039 3027 4093 Τοῦτο
3054 4040 3162 4111 γὰρ
3190 4040 3384 4109 ποιῶν,
3427 4041 3715 4112 ἄνθρακας⁹
3745 4062 3845 4095 πυ-

2258 4128 2351 4198 ρὸς
2384 4129 2676 4199 σωρεύσεις
2706 4131 2797 4183 ἐπὶ
2835 4129 2935 4200 τὴν
2983 4130 3224 4203 κεφαλὴν
3263 4131 3456 4199 αὑτοῦ,
3511 4136 3607 4186 καὶ
3643 4137 3846 4208 Κύριος

2256 4219 2630 4275 ἀνταποδώσει
2663 4238 2745 4275 σοι
2779 4222 2983 4291 ἀγαθά.
3016 4243 3036 4277 ι

2335 4332 2354 4365 ι
2391 4313 2483 4383 Μὴ
2518 4314 2768 4386 ὲπίχαιρέ
2791 4319 2954 4388 μοι,ἡ
2984 4317 3158 4389 ἐχθρά
3180 4336 3308 4390 μου,
3330 4320 3411 4374 ὅτι
3446 4318 3735 4375 πέπτωκα*
3760 4323 3849 4376 καὶ

2259 4406 2368 4478 γὰρ
2395 4407 2794 4478 ἁναστήσομαι.
2835 4428 2856 4462 ι

2338 4517 2357 4550 ι
2388 4498 2481 4569 Μὴ
2499 4499 2751 4571 ὲπίχαιρε
2772 4501 2867 4555 ἐπὶ
2889 4503 3002 4567 τοῖς
3026 4502 3163 4563 υἱοῖς
3204 4503 3378 4559 Ἰούδα
3398 4506 3457 4558 ὲν
3488 4505 3679 4577 ἡμέρᾳ
3702 4508 3851 4561 ἀπω-

571 4587 663 4643 die
687 4587 1015 4657 perditionis
1043 4604 1265 4660 eorum;
1302 4600 1357 4649 et
1378 4609 1448 4651 ne
1471 4609 1668 4667 magna
1704 4596 1947 4668 loquaris
1978 4598 2030 4652 in
2067 4597 2154 4654 die

2280 4592 2409 4654 κείας
2457 4591 2659 4659 αὐτῶν,
2713 4592 2810 4648 καὶ
2842 4593 2916 4666 μὴ
2952 4595 3517 4672 μεγαλορρημονήσῃς
3562 4600 3622 4651 ἐν
3667 4599 3850 4671 ἡμέρᾳ

571 4681 861 4750 angustia}.
896 4701 918 4735 ι

646 4771 841 4827 Ezech.
881 4791 1008 4842 xxv,
1036 4776 1091 4842 6,
1127 4776 1179 4832 7.
1208 4809 1279 4819 ——
1313 4796 1332 4831 ι
1372 4779 1500 4837 Ηαιο
1527 4780 1663 4836 dicit
1696 4781 1962 4837 Dominus
1997 4801 2010 4837 :
2051 4781 2157 4836 Pro

571 4878 641 4920 eo
666 4866 812 4936 quod
838 4866 1087 4937 plausisti
1116 4870 1397 4937 manibus,
1431 4880 1487 4928 et
1522 4873 1819 4931 insonuisti
1869 4874 2005 4945 pede
2038 4882 2155 4941 tuo,

573 4966 628 5011 et
678 4957 961 5015 insultasti
995 4975 1064 5015 ex
1111 4962 1297 5019 animo
1350 4974 1444 5020 tuo
1495 4982 1663 5037 super
1704 4975 1905 5022 terram
1948 4966 2157 5023 Israel:

576 5049 786 5106 idcirco
831 5067 932 5123 ego
979 5055 1272 5110 extendam
1324 5073 1548 5114 manum
1583 5075 1761 5115 meam
1800 5076 1963 5130 super
2007 5070 2080 5126 te,
2109 5072 2163 5117 et

575 5140 790 5197 tradam
818 5146 947 5199 tein
978 5144 1338 5217 direptionem
1371 5150 1647 5220 gentibus,
1671 5158 1724 5205 et
1760 5150 2082 5205 interiiciam
2110 5160 2164 5207 te

576 5247 643 5287 ex
672 5233 908 5301 pepulis,
939 5240 995 5292 et
1023 5237 1247 5307 perdam
1289 5246 1343 5294 te
1381 5240 1712 5309 perditione.
1753 5260 1773 5294 ι

650 5322 816 5397 508
867 5327 1010 5383 Ibid.
1067 5330 1187 5386 5-5.
1240 5363 1311 5377 —~
1381 5350 1400 5383 ι
1444 5330 1568 5387 Haec
1624 5333 1756 5387 dicit
1826 5332 2089 5390 Dominus
2148 5356 2162 5392 :

580 5415 691 5494 Pro
712 5433 777 5474 eo
804 5421 953 5489 quod
1007 5423 1184 5494 gavisi
1215 5426 1349 5480 estis
1377 5439 1542 5495 super
1564 5425 1939 5480 sanctuarium
1966 5443 2164 5493 meum,

581 5506 714 5576 quia
758 5510 1025 5578 pollutum
1076 5522 1184 5581 est,
1227 5523 1282 5569 et
1326 5531 1491 5585 super
1520 5516 1743 5570 domum
1789 5532 1991 5581 meam,
2041 5523 2169 5587 quia

585 5595 813 5667 profecti
846 5609 973 5655 sunt
1002 5603 1057 5658 in
1095 5604 1467 5676 captivitatem
1520 5625 1534 5662 :
1585 5607 1792 5662 idcirco
1829 5624 1931 5674 ego
1960 5610 2170 5664 tradam

586 5700 689 5743 vos
725 5688 853 5745 filiis
892 5692 1101 5749 Kedem
1142 5696 1199 5751 in
1250 5698 1664 5765 haereditatem;
1699 5708 1751 5752 et
1803 5708 2007 5763 ponent
2057 5718 2173 5756 sar-

588 5782 743 5837 cinas
775 5796 906 5840 suas
932 5784 987 5839 iu
1028 5793 1101 5852 te,
1137 5796 1193 5843 et
1230 5798 1436 5858 ponent
1463 5791 1516 5844 in
1553 5798 1606 5843 te
1639 5789 1875 5845 tentoria
1912 5808 2035 5846 sua.
2067 5793 2174 5862 lpsi

590 5871 884 5933 comedent
923 5878 1132 5937 fructus
1154 5888 1298 5948 tuos,
1340 5890 1392 5938 ct
1431 5883 1532 5952 ipsi
1556 5883 1761 5957 bibent
1788 5882 2173 5954 pinguedinem

2258 4680 2513 4753 θλίψεως.
2549 4702 2569 4735 ι

2336 4794 2355 4826 ι
2393 4776 2530 4831 Τάδε
2567 4776 2714 4846 λέγει
2766 4776 2991 4849 Κύριος·
3037 4778 3179 4833 Ἀνθ’
3221 4772 3298 4833 ὧν
3344 4780 3726 4852 ὲπεκρότησας
3782 4782 3848 4851 τῇ

2260 4870 2404 4940 χειρί
2435 4887 2551 4934 σου,
2581 4871 2678 4923 καὶ
2712 4871 3069 4943 ἐπεψόφησας
3100 4871 3179 4941 τῷ
3212 4873 3335 4927 ποδί
3372 4890 3488 4940 σου,
3523 4875 3619 4927 καὶ
3644 4874 3846 4944 ἐπέχα-

2265 4980 2363 5032 ρας
2391 4965 2456 5016 ἐκ
2484 4962 2665 5034 ψυχῆς
2695 4981 2790 5018 σου
2816 4964 2910 5018 ἐπὶ
2929 4964 3029 5037 τὴν
3057 4968 3162 5037 γῆν
3189 4967 3287 5020 τοῦ
3316 4967 3559 5038 Ἰσραὴλ,
3581 4968 3672 5022 διὰ
3694 4968 3847 5021 τοῦτο

2266 5054 2377 5107 ἰδοὺ
2401 5053 2514 5125 ἐγὼ
2535 5056 2739 5109 ἐκτενῶ
2788 5057 2888 5129 τὴν
2914 5057 3072 5127 χεῖρά
3108 5074 3211 5129 μου
3244 5060 3339 5111 ἐπὶ
3372 5059 3453 5121 σὲ,
3482 5060 3576 5112 καὶ
3600 5058 3760 5112 δώσω
3790 5075 3846 5110 σε

2264 5146 2343 5206 είς
2370 5144 2680 5216 διαρπαγὴν
2706 5148 2765 5199 ὲν
2792 5150 2906 5210 τοῖς
2934 5146 3136 5212 ἔθνεσι,
3166 5149 3264 5202 καὶ
3311 5148 3677 5220 ἐξολοθρεύσω
3699 5167 3759 5202 σε
3789 5150 3849 5203 ὲκ

2265 5236 2374 5291 τῶν
2396 5237 2564 5303 λαῶν,
2598 5239 2692 5292 καὶ
2725 5239 2977 5293 ἀπολέσω
3000 5257 3059 5293 σε
3083 5241 3349 5313 ἀπωλείᾳ.
3393 5260 3413 5294 ι

2348 5348 2367 5380 ‹
2402 5330 2544 5383 Τάδε
2564 5329 2712 5399 λέγει
2742 5332 2968 5402 Κύριος*
3017 5332 3157 5385 Ἀνθ’
3187 5325 3263 5387 ὧν
3285 5333 3595 5405 ὲπεχάρητε
3643 5334 3740 5387 ἐπὶ
3786 5332 3847 5385 τὰ

2270 5421 2404 5491 ἆγιά
2434 5440 2558 5493 μου,
2592 5424 2675 5477 ὅτι
2703 5423 3039 5494 ὲϐεϐηλώθη,
3092 5426 3186 5479 καὶ
3220 5426 3313 5479 ἐπὶ
3343 5426 3437 5479 τὸν
3480 5422 3631 5479 οἷκον
3683 5424 3848 5480 Ἰούδα

2270 5516 2355 5568 ὅτι
2385 5515 2764 5587 ἐπορεύθησαν
2801 5520 2859 5571 ὲν
2913 5518 3282 5590 αἰχμαλωσίᾳ·
3335 5519 3423 5572 διά
3443 5518 3605 5571 τοῦτο
3631 5518 3746 5587 ἐγὼ
3774 5518 3845 5570 δίο

2273 5607 2415 5677 δωμι
2446 5609 2589 5678 ὑμᾶς
2623 5612 2735 5673 τοῖς
2762 5612 2896 5673 υἱοῖς
2930 5611 3115 5680 Κέδεμ
3176 5612 3259 5675 εἰς
3315 5612 3702 5683 κληρονομίαν,
3762 5611 3843 5663 καὶ

2278 5700 2792 5770 κατασκηνώσουσιν
2820 5705 2879 5756 ὲν
2904 5704 2986 5756 σοὶ
3017 5706 3114 5757 σὺν
3138 5707 3201 5775 τῇ
3234 5705 3479 5776 ἀπαρτίᾳ
3509 5705 3709 5767 αὐτῶν,
3757 5706 3842 5756 καὶ

2279 5794 2540 5847 δώσουσιν
2560 5796 2616 5848 ὲν
2646 5795 2727 5848 σοὶ
2761 5797 2827 5849 τὰ
2861 5796 3195 5867 σκηνώματα
3228 5797 3426 5851 αὐτῶν.
3452 5788 3618 5850 Αὐτοὶ
3650 5798 3840 5864 φάγον-

2284 5904 2372 5942 ται
2397 5886 2520 5951 τοὺς
2549 5887 2793 5958 καρπούς
2824 5905 2939 5956 σου,
2995 5889 3087 5942 καὶ
3133 5890 3285 5943 αὐτοὶ
3340 5888 3551 5960 πίονςαι
3599 5872 3843 5954 τῆν’πιό-
