4052 6400
218 5835 243 5873 ΔΙ

247 423 380 492 1533

1446 422 1685 482 SACRA
1721 418 2182 479 PARALLELA.

3349 398 3487 466 1534

242 540 379 613 τητά
402 552 517 593 σου.
553 536 662 590 Καὶ
690 535 847 591 δώσω
876 537 975 608 τὴν
996 536 1151 591 πόλιν
1172 534 1266 589 τοῦ
1309 535 1491 605 Ἀμὼν
1524 539 1603 599 εἰς
1643 534 1815 604 νομὰς
1840 557 1854 593 λ

1957 550 2085 588 iam.
2122 532 2190 587 Et
2225 530 2364 585 dabo
2395 526 2672 597 civitatem
2707 525 2882 577 Amon
2924 522 2979 574 in
3013 531 3216 590 pascua
3250 515 3489 572 camelo-

244 631 525 704 καμήλων,
554 630 801 695 καὶτοὺς
817 630 968 694 υἱοὺς
1021 629 1203 700 Ἀμὼν
1230 630 1311 692 είς
1347 628 1549 699 νομέας
1598 625 1808 697 προδά·

242 743 366 780 των.
407 744 425 777 ι

312 816 697 877 Νουθετεῖσθαι
724 816 805 870 δεῖ
824 817 890 886 τῇ
918 813 1026 867 τῶν
1058 814 1301 886 πλησίων
1335 814 1545 885 πληγῇ,
1591 812 1687 867 καὶ
1725 811 1814 865 διὰ

227 908 347 983 ξτῶν
367 908 667 980 ἀλλοτρίων
696 907 884 961 κακῶν
908 906 978 961 τὰ
1012 908 1187 960 οἰκεῖα
1215 902 1274 960 εὖ
1305 906 1573 960 τίθεσθαι.

313 1080 564 1137 ⁴Ῑ>ι5λασσε
595 1081 811 1149 σαυτὸν,
839 1080 1041 1153 πτῶμα
1068 1080 1114 1135 δ’
1140 1082 1301 1137 ἄλλου
1341 1080 1417 1152 μὴ
1443 1080 1597 1150 γέλα.

311 1260 409 1329 Μὴ
440 1258 674 1330 γελάσῃς
706 1258 904 1329 πτῶμα
930 1259 1025 1313 τοῦ
1068 1258 1262 1324 πέλας.
1290 1259 1543 1314 Διάϐαινε
1568 1258 1626 1313 δὲ
1648 1260 1825 1328 ἀσφαο

1913 641 2057 689 rum,
2088 632 2142 680 et
2170 623 2313 677 lllios
2340 620 2513 674 Amon
2541 617 2597 672 in
2626 622 2876 688 pastores
2910 611 3114 667 ovium.
3149 627 3168 661 ι

1988 808 2049 863 S.
2088 805 2243 876 Greg.
2267 801 2535 857 Nazianz.
2558 828 2630 839 —
2658 796 2737 853 Ex
2758 795 2993 851 aliorum
3026 791 3205 863 plaga,
3237 796 3399 858 atque
3427 802 3492 841 ex

1919 900 2163 970 ipsorum
2196 890 2599 950 calamitatibus
2631 886 3016 942 documentum
3057 880 3126 935 ad
3158 894 3246 935 res
3276 884 3494 931 nostras

1920 1000 2065 1049 recte
2088 983 2493 1059 componendas
2512 989 2732 1051 captare
2754 977 3038 1033 debemus.

1995 1082 2161 1153 Ejud.
2189 1110 2260 1121 -—
2291 1076 2413 1133 'l‘ibi
2445 1074 2551 1146 ipsi
2600 1071 2846 1135 cavesis',
2881 1082 2980 1123 nec
3032 1063 3258 1120 alterius
3307 1073 3495 1115 casum

1923 1176 2195 1233 derideas.

1994 1263 2281 1335 Ejusd.-—
2301 1258 2380 1315 Ne
2408 1255 2573 1313 vicini
2598 1266 2786 1309 casum
2823 1249 3027 1305 rideas.
3063 1244 3264 1299 Verum
3292 1249 3347 1295 tu
3377 1236 3500 1309 qni-

244 1352 363 1423 λὴς,
423 1352 524 1423 ὅση
557 1329 640 1405 σοι
677 1350 925 1424 δύναμις,
956 1351 1092 1406 ἀλλά
1139 1353 1236 1406 καὶ
1278 1352 1422 1406 δίδου
1451 1355 1609 1425 χεῖρα
1652 1352 1828 1423 χαμαὶ

1957 1365 2068 1422 lem,
2101 1370 2265 1426 quam
2302 1350 2574 1407 tutissime
2615 1344 2843 1417 poteris,
2901 1338 3118 1403 incede,
3166 1351 3229 1390 ac
3279 1333 3356 1388 illi
3407 1329 3502 1401 qui

244 1444 512 1515 κειμένῳ.

308 1538 604 1611 Χρηστοὺς
630 1533 772 1592 εἶναι
820 1537 926 1610 χρὴ
972 1540 1087 1602 τοῖς
1132 1537 1564 1610 προεμπσοῦσι,
1615 1536 1709 1591 καὶ
1751 1534 1830 1607 τῷ

245 1633 385 1705 ἐλέῳ
408 1632 640 1688 κτᾶσθαι
666 1632 755 1686 τὸν
780 1631 950 1686 ἔλεον.
1012 1638 1017 1651 ³

326 1810 425 1865 Ἐν
462 1813 584 1875 ταῖς
611 1810 921 1881 ἀλλοτρίαις
961 1810 1272 1881 συμφοραῖς
1304 1808 1367 1863 τὰ
1395 1811 1573 1864 οἰκεῖα
1601 1808 1663 1863 εὖ
1688 1808 1834 1863 τίθε-

1927 1452 2081 1508 humi
2106 1449 2273 1521 jacet,
2308 1459 2527 1500 manum
2561 1439 2801 1513 porrige.

2003 1517 2191 1614 Ejusd.
2212 1569 2283 1580 -—
2319 1537 2594 1607 Benignos
2628 1548 2729 1587 nos
2757 1545 2879 1586 esse
2916 1533 3133 1598 oportet
3177 1523 3230 1576 in
3262 1520 3382 1575 illos
3410 1517 3505 1587 qui

1931 1637 1988 1692 in
2027 1611 2367 1691 calamitates
2408 1627 2564 1699 prius
2596 1621 2927 1685 inciderunt,
2962 1631 3026 1672 ac
3055 1630 3155 1685 per
3183 1611 3505 1667 misericor-

1932 1730 2077 1785 diam
2114 1721 2546 1782 misericordiam
2582 1716 2740 1772 nobis
2771 1711 3088 1769 conciliare.

2008 1815 2377 1890 Ejusd.—In
2417 1810 2611 1867 alienis
2651 1802 3062 1863 calamitatibus
3099 1797 3264 1852 rebus
3303 1789 3512 1847 nostris

249 1904 375 1957 σθαι
411 1901 540 1974 χρὴ,
595 1904 691 1955 καὶ
728 1900 994 1966 δανείζειν
1020 1900 1139 1972 Θεῷ
1185 1901 1278 1954 τὸν
1311 1899 1458 1954 έλεον
1490 1900 1675 1965 ἐλέους
1699 1901 1837 1973 χρῄ-

1957 1913 2274 1983 )rospicere,
2328 1914 2382 1962 et
2428 1905 2538 1958 Deo
2571 1896 3004 1956 misericordiam
3058 1891 3306 1946 fenerare
3351 1882 3509 1938 debe-

246 1996 471 2059 ζοντας,
503 1993 601 2047 καὶ
643 1993 718 2065 μὴ
748 1994 1113 2064 καταφρονεῖν
1139 1990 1250 2044 τῶν
1285 1989 1611 2062 ἀνθρώπων,
1634 1990 1840 2062 ἀνθρώ-

252 2104 398 2150 πους
426 2085 609 2150 δντας.

246 2185 284 2246 ς’
328 2180 503 2233 ’νοταν
556 2177 673 2249 ἴδῃς
701 2177 792 2231 τὸν
826 2177 1020 2249 ἐχθρὸν
1066 2176 1378 2247 ἐμπεσόντα
1408 2178 1488 2240 είς
1525 2176 1626 2240 τὰς
1653 2177 1843 2246 χεῖρας

252 2271 357 2334 τὰς
384 2270 506 2336 σὰς,
539 2270 613 2341 μὴ
648 2267 837 2340 νόμιζε
887 2268 1180 2340 τιμωρίας,
1237 2267 1376 2322 ἀλλά
1401 2267 1672 2339 σωτηρίας
1698 2269 1844 2321 ἐκεῖ-

252 2380 351 2418 νον
378 2358 519 2418 εἶναι
549 2362 641 2417 τὸν
670 2362 888 2435 καιρόν.
924 2360 1025 2415 Διὰ
1074 2360 1237 2414 τοῦτο
1262 2359 1385 2413 τότε
1412 2358 1647 2431 μάλιστα
1670 2358 1846 2428 φείδε-

256 2453 389 2506 σθαι
411 2452 496 2507 δεὶ⁹
517 2450 628 2505 τῶν
660 2450 892 2523 ἐχθρῶν,
925 2452 1051 2504 ὅταν
1102 2449 1285 2505 αὐτῶν
1322 2447 1614 2518 γενώμεθα
1640 2446 1843 2520 κύριοι.

255 2543 458 2598 Πολλοί¹
486 2543 726 2615 βασιλεῖς
756 2544 849 2597 ἐπὶ
886 2543 986 2615 τὴν
1020 2541 1196 2614 ἀρχὴν
1226 2541 1494 2605 ἐλθόντες,
1523 2542 1652 2604 τοὺς
1675 2541 1845 2595 πάλαι

254 2632 641 2707 λελυπηκότας
669 2632 948 2699 λαϐόντες,
981 2632 1131 2698 ἄξιον
1193 2631 1374 2685 αὐτῶν
1403 2624 1545 2685 εῖναι
1584 2630 1847 2702 ἐνόμισαν

254 2726 423 2799 δίκην
470 2727 545 2799 μὴ
594 2726 900 2797 ἀπαιτῆσαι
937 2725 1048 2781 τῶν
1107 2723 1689 2796 πεπλημμελημένων,
1751 2724 1849 2779 καὶ

255 2819 363 2890 τῆς
395 2817 649 2885 ἐξουσίας
684 2819 720 2890 ἡ
768 2816 1060 2891 περιουσία
1080 2816 1430 2885 καταλλαγῆς
1474 2815 1732 2881 ὑπόθεσις
1761 2816 1853 2886 γέ-

257 2928 452 2981 γονεν.

330 3093 505 3149 Οὐδὲν
538 3093 946 3166 ἀσφαλέστερον
975 3094 1071 3148 τοῦ
1121 3091 1402 3164 φείδεσθαι
1449 3093 1558 3146 τῶν
1614 3092 1849 3164 ἐχθρῶν

1938 1981 2224 2058 inus—cum
2270 1995 2375 2066 ipsi
2409 1988 2790 2049 misericordia
2840 1999 2979 2055 opus
3016 1981 3359 2039 habeamus;
3416 1985 3513 2025 nec

1940 2094 2188 2153 homines
2217 2084 2523 2158 aspernari,
2552 2077 2770 2151 quando
2803 2074 2906 2144 ipsi
2946 2070 3202 2126 homines
3230 2080 3443 2121 sumus.

2013 2188 2073 2244 S.
2108 2154 2383 2255 Chrysoat.
2412 2209 2483 2220 ——
2512 2176 2651 2232 Cum
2678 2172 2897 2225 hostem
2942 2174 3094 2219 tuum
3126 2162 3180 2215 in
3214 2170 3333 2212 tuas
3378 2154 3512 2208 inci-

1942 2280 2090 2334 disse
2112 2247 2309 2330 manus
2339 2268 2567 2329 videris,
2593 2280 2664 2319 ne
2694 2271 2907 2329 tempus
2944 2253 3090 2312 istud
3118 2267 3239 2308 esse
3267 2247 3521 2311 ultionis,

1944 2372 2040 2430 sed
2102 2367 2297 2426 salutis
2367 2361 2644 2419 existima.
2712 2354 2983 2421 Quocirca
3044 2358 3157 2402 tum
3217 2340 3521 2414 praesertim

1945 2463 2196 2521 hostibus
2240 2454 2573 2530 parcendum
2613 2456 2721 2515 est,
2760 2460 2886 2501 cum
2928 2457 3026 2497 eos
3078 2441 3136 2493 in
3197 2443 3522 2506 potestatem

1948 2566 2191 2613 nostram
2224 2550 2477 2607 redactos
2525 2543 2813 2598 habemus.
2856 2534 3007 2590 Multi
3045 2530 3356 2602 principes,
3396 2540 3524 2578 cum

1948 2658 2168 2722 arrepto
2197 2644 2450 2716 imperio,
2487 2653 2582 2695 eos
2617 2650 2648 2689 a
2673 2631 2877 2706 quibus
2905 2625 3018 2681 lmsi
3051 2623 3302 2686 fuerant,
3347 2615 3527 2685 cepis-

1950 2716 2094 2809 sent,
2111 2755 2324 2813 aequum
2355 2737 2758 2799 honestumque
2781 2739 2903 2780 esse
2924 2723 3252 2777 censuerunt
3271 2716 3527 2803 acceptas

1952 2794 2190 2911 injuria;
2231 2832 2460 2887 minime
2498 2823 2802 2881 vindicare.
2873 2819 3054 2886 Atque
3113 2827 3176 2867 cx
3238 2794 3529 2907 potestatis

1952 2898 2309 3001 amplitudine
2337 2922 2538 2976 factum
2569 2922 2653 2971 est
2686 2921 2745 2968 ut
2790 2924 2916 2966 cum
2959 2906 3041 2962 eis
3085 2903 3138 2957 iu
3175 2898 3403 2971 gratiam
3447 2908 3529 2947 re-

1995 3020 2178 3077 ierint.

1995 3023 2005 3034 '
2078 3023 2178 3072 'nt.

1954 3023 2218 3181 ὼῗζὲιιδά.
2247 3136 2318 3147 ——
2354 3101 2503 3157 Nihil
2550 3104 2634 3154 est
2672 3094 2845 3149 tutius
2876 3103 3039 3161 quam
3098 3080 3338 3138 inimicis
3377 3077 3532 3181 igno-

252 3187 421 3241 οὐδὲν
452 3186 864 3259 σφαλερώτερον
901 3184 998 3240 τοῦ
1032 3184 1317 3257 βούλεσθαι
1340 3185 1631 3240 διεκδικεῖν
1658 3186 1851 3240 ἑαυτὸν

1958 3169 2110 3261 scere
2135 3219 2150 3269 ;
2176 3197 2312 3254 nihil
2344 3188 2710 3268 periculosius
2745 3196 2909 3256 quam
2937 3180 3179 3249 seipsum
3212 3169 3423 3227 ulcisci.

255 3279 360 3334 καὶ
394 3279 724 3351 ἀμύνεσθαι.

329 3372 527 3445 Πολλῷ
554 3372 739 3445 μεῖζον
761 3372 857 3427 καὶ
885 3372 1324 3444 κερδαλεώτερον
1352 3373 1413 3427 τὸ
1442 3372 1733 3442 φείσασθαι
1756 3373 1852 3426 τοῦ

252 3464 598 3536 διαφθεῖραι.
644 3463 701 3519 '0
732 3462 834 3536 μὲν
861 3464 970 3536 γὰρ
1001 3463 1321 3536 διαφθείρας
1350 3463 1442 3519 τὸν
1487 3463 1702 3534 ἐχθρὸν,
1761 3464 1855 3517 καὶ

253 3556 686 3626 καταγνώσεται
734 3556 998 3621 πολλάκις
1042 3557 1235 3612 ἑαυτοῦ
1256 3599 1272 3624 ,
1320 3556 1418 3612 καί⁵
1461 3558 1698 3630 πονηρὸν
1744 3559 1855 3623 ags:

254 3649 534 3717 συνειδὸς,
591 3650 713 3705 καθ’
757 3650 998 3723 ἑκάστην
1028 3650 1242 3723 ἡμέραν
1278 3650 1373 3706 καὶ
1412 3650 1564 3722 ῶραν
1609 3650 1716 3704 ὑπὸ
1757 3651 1856 3723 τῆς

253 3741 553 3814 ἁμαρτιας
576 3740 795 3812 ἐκείνης
824 3741 1175 3813 διωκόμενος.
1211 3742 1270 3797 '0
1288 3742 1347 3797 δὲ
1379 3743 1732 3814 φεισάμενος,
1769 3759 1858 3813 μι-

256 3833 405 3906 κρὸν
436 3834 785 3906 καρτερήσας
810 3833 1022 3905 χρόνον,
1064 3834 1331 3904 γὰννυται
1391 3835 1530 3907 μετὰ
1555 3836 1729 3891 ταῦτα
1762 3836 1858 3890 καὶ

253 3927 476 4000 τρυφᾷ,
518 3928 761 3999 χρηστὰς
806 3928 903 3982 καὶ
945 3928 1208 3999 ἀμείνους
1240 3928 1587 4002 κτησάμενος
1614 3928 1856 3994 ἐλπίδας,

253 4018 488 4083 καὶτὰς
536 4018 771 4089 ἀμοιϐὰς
820 4020 920 4092 τῆς
968 4019 1319 4085 ἀνεξικακίας
1365 4020 1517 4092 παρὰ
1571 4022 1667 4075 τοῦ
1721 4020 1858 4075 Θεοῦ

253 4106 570 4179 προσδοκᾷ.
606 4108 718 4161 Καὶ
750 4107 806 4162 εί
855 4126 989 4163 ποτε
1016 4110 1316 4183 παραπέσῃ
1354 4111 1464 4165 τινὶ
1492 4111 1671 4183 δεινῷ,
1721 4112 1862 4182 μετά

252 4201 479 4273 πολλῆς
512 4202 828 4275 παρρησίας
860 4204 1158 4279 ἀπαιτήσει
1200 4206 1296 4260 τὸν
1323 4204 1458 4260 Θεὸν
1500 4205 1602 4277 τὴν
1655 4207 1861 4261 ἀντίδο-

255 4311 376 4352 σιν.

329 4386 661 4460 Περιφανὴς
701 4390 797 4445 καὶ
820 4390 1184 4463 ἀξιοζήλωτος
1234 4394 1511 4466 ἀγαθότης
1542 4394 1712 4461 ἐστὶν,
1764 4394 1861 4467 δη-

253 4480 404 4553 λαδὴ
426 4479 491 4534 τὸ
511 4480 726 4551 ὀρέγειν
752 4481 902 4537 ἐλεον
923 4485 1037 4548 τοῖς
1056 4483 1309 4554 μισοῦσιν
1324 4487 1473 4557 ἡμᾶς
1494 4487 1858 4558 αἱρουμένοις,

2026 3377 2215 3452 Ejusd.
2253 3405 2323 3417 ~—
2350 3372 2537 3440 Longe
2567 3363 2748 3434 majus
2789 3367 2873 3415 est
2922 3370 2987 3411 ac
3036 3349 3376 3452 fructuosius
3409 3360 3537 3415 par-

1956 3442 2085 3531 cere
2112 3482 2272 3540 quam
2308 3465 2660 3519 obtruncare.
2692 3452 2796 3519 Qui
2846 3451 2993 3504 enim
3048 3442 3331 3499 inimicum
3364 3453 3394 3493 e

1956 3528 2047 3619 dio
2086 3528 2395 3620 sustulerit,
2424 3552 2515 3607 hic
2548 3564 2607 3605 se
2638 3556 2856 3617 quoque
2883 3539 3199 3609 frequenter
3228 3528 3537 3593 accusabit,

1958 3665 2012 3713 et
2062 3653 2203 3708 male
2227 3648 2333 3707 sibi
2390 3641 2648 3701 conscius
2698 3636 2826 3701 crit,
2882 3630 3229 3702 singulisque
3259 3624 3453 3680 diebus
3484 3629 3540 3676 et

1959 3744 2113 3802 horis
2142 3749 2377 3812 peccato
2414 3736 2520 3789 hoc
2549 3726 2783 3786 cruciari
2833 3739 2892 3779 se
2930 3720 3151 3778 sentiet.
3192 3714 3299 3783 Qui
3355 3719 3541 3767 autem

1961 3804 2248 3910 ignoverit,
2278 3830 2371 3887 ubi
2404 3823 2726 3899 patientiam
2766 3813 3162 3885 aliquantisper
3197 3804 3537 3881 prazstiterit,

1962 3899 2020 3985 iii
2073 3939 2287 3983 summa
2342 3924 2691 3992 postmodum
2739 3909 2905 3966 animi
2959 3904 3146 3961 laetitia
3179 3909 3233 3956 et
3262 3899 3543 3967 voluptate

1963 4020 2291 4084 versabitur,
2342 4023 2399 4070 et
2455 4006 2671 4065 meliori
2716 4019 2814 4075 spe
2866 4001 3096 4061 nitetur,
3150 3996 3481 4063 exspectans
3511 3999 3542 4038 a

1963 4114 2076 4171 Deo
2104 4080 2379 4183 patientiae
2406 4119 2521 4162 sua:
2558 4098 2866 4172 praemium.
2901 4095 2979 4148 Ac
3009 4086 3277 4161 siquando
3304 4086 3358 4138 in
3391 4080 3542 4135 cala-

1965 4176 2211 4262 mitatem
2237 4200 2477 4268 aliquam
2505 4189 2781 4254 inciderit,
2811 4201 2936 4242 cum
2973 4181 3179 4253 ingenti
3211 4176 3411 4232 ﬁducia
3445 4184 3546 4241 par

1965 4299 2073 4358 sibi
2109 4294 2301 4353 referri
2325 4307 2355 4346 a
2387 4290 2499 4345 Deo
2530 4281 2848 4357 postulabit.

2039 4391 2103 4448 S.
2136 4386 2327 4459 Cyri".
2360 4413 2431 4426 σ-
2460 4356 2732 4436 Praeclara
2776 4384 2941 4442 atque
2982 4362 3355 4459 aemulatio-ne-
3380 4356 3545 4459 digna

1967 4485 2186 4542 bonitas
2217 4490 2322 4545 est,
2352 4470 2790 4533 misericordiam
2821 4466 2890 4521 iis
2917 4461 3010 4533 qui
3048 4473 3147 4513 nos
3185 4453 3311 4509 odio
3342 4450 3548 4545 habere

257 4539 504 4683 καὶνῖτὴν
529 4539 690 4683 χεῖρα
720 4572 911 4646 φέρειν
959 4539 1275 4648 ἐπίκουρονο
1330 4539 1726 4647 βούλεσθαι-.δέ

1964 4578 2155 4635 volunt
2176 4578 2458 4643 praestare,
2475 4574 2808 4631 manumque
2829 4558 2885 4611 in
2901 4552 3162 4609 auxilium
3188 4546 3361 4608 ferre;
3386 4539 3548 4610 quin-

1995 4671 2028 4683 "
2164 4677 2339 4683 ~~---
2380 4657 2538 4683 --ι--σι
2606 4651 2828 4683 ...ηιξκιε-ο
2906 4659 3009 4683 που
3066 4650 3179 4683 tam
3235 4632 3548 4683 iacentibus

260 4664 476 4731 σώζειν
530 4632 752 4733 αὐτοὺς,
785 4632 884 4721 όύκ
940 4632 1301 4739 ἐμϐαίνόντας
1330 4632 1562 4739 μᾶλλον,
1611 4669 1707 4722 καὶ
1748 4664 1854 4722 οἷον

1960 4632 2124 4727 etiam
2153 4632 2344 4721 eorum
2379 4632 2541 4716 saluti
2606 4651 2851 4713 studere,
2906 4659 3012 4701 nec
3066 4650 3179 4696 tam
3232 4632 3549 4737 jacentibus

260 4757 563 4827 κειμένοις
620 4757 1043 4831 ἐποχουμένους,
1092 4759 1190 4813 καλ⁵
1240 4760 1341 4830 τῆς
1393 4761 1624 4831 ἐνούσης
1675 4762 1861 4826 αὐτοῖς

256 4848 597 4918 ἀθλιότητος
625 4850 1095 4921 καταμειδιῶντας
1145 4852 1661 4924 ἀφιλοικτιρμόνως,
1690 4856 1863 4926 δρῶν-

257 4961 370 5009 τας
393 4942 458 4997 δὲ
484 4942 688 5013 μᾶλλον
706 4945 909 5008 ἐκεῖνα,
936 4947 1006 5000 τὰ
1027 4945 1095 4998 δι’
1122 4941 1197 5000 ὧν
1222 4945 1327 5011 ἔξω
1342 4947 1585 5015 γένοιντο
1612 4948 1861 5018 παγίδος,

260 5034 645 5107 ποιουμένους
683 5036 740 5091 δέ
765 5036 862 5092 καὶ¹
888 5036 1040 5102 λιτὰς
1072 5038 1212 5111 ὑπὲρ
1243 5039 1423 5093 αὐτῶν
1462 5041 1597 5111 πρὸς
1632 5041 1725 5095 τὸν
1753 5042 1868 5095 τῶν

260 5130 415 5184 ὅλων
448 5128 576 5195 ἐξου
585 5127 856 5195 σιάζοντα.

340 5220 466 5284 Τάς
488 5220 777 5291 συμφορὰς
805 5220 994 5288 ἐλεεῖν,
1022 5222 1083 5275 οὐ
1114 5224 1290 5293 μισεῖν
1321 5225 1617 5295 προσῆκεν.

344 5400 429 5454 Οὐ
463 5397 574 5470 χρὴ
603 5398 699 5453 ἐπὶ
726 5402 886 5455 παντὶ
915 5401 1172 5472 πτώματι
1195 5402 1291 5456 καὶ
1314 5402 1464 5474 πάσῃ
1510 5403 1757 5475 ἁμαρτίᾳ
1776 5404 1871 5458 ἀν·-

267 5490 510 5565 θρώπου
545 5492 892 5563 ἐπαίρεσθαι,
952 5494 1073 5547 οὐδὲ
1114 5494 1419 5573 ἐπιχαίρειν
1449 5496 1581 5549 ποτὲ
1630 5494 1708 5566 τῷ
1736 5497 1870 5549 ὑπο-

272 5585 725 5657 σχετλιασθέντι,
759 5588 917 5641 κάνεὶ
962 5587 1093 5661 δοκῇ
1138 5591 1167 5643 ό
1203 5587 1443 5653 τοιοῦτος
1471 5589 1663 5661 ἐχθρὸς
1693 5590 1871 5655 φόνιος

272 5673 449 5731 εἶναι’
496 5677 696 5746 μᾶλλον
720 5678 780 5731 δὲ
825 5680 1170 5751 συμπάσχειν
1193 5682 1291 5734 καὶ
1321 5680 1632 5750 συναλγεῖν,
1660 5683 1754 5736 καὶ
1786 5683 1875 5735 εὑ-

276 5770 385 5840 χὴν
412 5768 562 5840 ὑπὲρ
600 5769 767 5824 αὐτοῦ
814 5771 953 5842 πρὸς
981 5772 1073 5824 τὸν
1120 5772 1253 5825 Θεὸν
1301 5774 1596 5839 ποιεῖσθαι,
1645 5773 1872 5841 δεδιότα,

1964 4761 2256 4820 insultare,
2286 4760 2341 4810 et
2379 4748 2658 4806 miseriam
2694 4744 2748 4797 in
2790 4753 2900 4811 qua
2929 4742 3226 4791 versantur
3255 4723 3549 4784 immiseri-

1965 4851 2208 4911 corditer
2232 4844 2483 4906 irridere,
2507 4852 2672 4909 quam
2720 4848 2785 4890 ea
2824 4831 3008 4885 facere
3032 4836 3088 4883 et
3117 4820 3322 4883 moliri,
3349 4815 3549 4887 quibus

1965 4908 2225 5017 eilaqueo
2251 4938 2415 4997 eximi
2444 4932 2683 5007 possint.
2715 4929 2795 4984 Ac
2850 4930 3137 5017 praeterea.
3175 4912 3451 4985 supplices
3485 4908 3549 4961 ad

1966 5008 2225 5107 eum-pro
2259 5031 2370 5088 illis
2404 5025 2499 5099 qui
2530 5022 2696 5079 rebus
2718 5017 2976 5075 omnibus
2991 5008 3330 5067 dominatur,
3362 5013 3550 5071 preces

1969 5131 2254 5188 adhibere.

2043 5223 2104 5278 S.
2136 5218 2281 5274 Nili.
2310 5247 2379 5258 --
2409 5208 2801 5270 Calamitatum
2846 5196 3099 5257 misereri
3130 5188 3410 5252 convenit,
3446 5201 3554 5239 non

1970 5332 2063 5375 eas
2090 5315 2294 5371 odisse.

2043 5408 2265 5464 Minime
2310 5418 2526 5475 aequum
2572 5406 2660 5456 cst
2710 5395 2779 5451 ad
2811 5404 3027 5449 omnem
3058 5382 3296 5442 hominis
3338 5380 3551 5451 lapsum

1979 5514 2029 5559 at
2065 5509 2349 5572 peccatum
2375 5473 2497 5554 sese
2525 5492 2826 5551 insolenter
2845 5484 3058 5547 efferre,
3088 5490 3143 5536 et
3167 5479 3217 5534 ei
3251 5476 3343 5548 qui
3387 5473 3546 5527 mise-

1975 5598 2073 5651 riis
2104 5594 2351 5664 dejectus
2373 5591 2540 5662 jacet,
2584 5583 2873 5646 insultare,
2914 5573 3163 5649 quamvis
3193 5568 3395 5638 alioqui
3427 5580 3544 5620 cru-

1981 5687 2300 5743 delissimus
2329 5682 2504 5740 hostis
2533 5695 2656 5737 esse
2688 5675 2973 5736 videatur;
3005 5682 3196 5724 verum
3231 5663 3404 5733 ipsius
3449 5675 3542 5730 po-

1982 5779 2093 5834 tius
2129 5777 2303 5832 vicem
2335 5774 2541 5836 dolcrc,
2583 5784 2647 5824 ac
2671 5776 2793 5821 vota
2825 5778 2926 5835 pro
2955 5776 3019 5817 eo
3046 5757 3115 5812 ad
3151 5755 3317 5808 Deum
3354 5750 3556 5816 facere,

276 5861 384 5917 καὶ
432 5862 769 5933 πεφρικότα,
814 5840 910 5918 καὶ
937 5864 1390 5936 διαλογιζόμενον,
1438 5867 1649 5937 μήποτε
1698 5868 1727 5920 ὁ
1782 5868 1854 5935 με

1987 5876 2244 5937 metuque
2276 5876 2330 5923 ct
2365 5878 2563 5935 pavore
2590 5858 2749 5924 allici,
2795 5867 3091 5923 secumque
3131 5853 3405 5920 reputare,
3437 5840 3553 5899 ﬁeri
