4052 6402
218 373 347 439 1537

1411 373 1645 455 δΑριιΑ
1686 371 2150 432 PARALLELA.

3337 369 3477 437 1538

211 480 575 554 ἢκολοὸὁριν,
639 481 672 551 ἢ
711 481 1052 553 ἀπότμητος,
1109 483 1142 555 ἢ
1197 476 1241 551 ᾧ
1295 483 1359 536 ἂν
1471 484 1786 556 σύντριμμα

1901 484 2154 546 claudus,
2197 483 2278 538 vel
2319 497 2452 538 naso
2505 483 2777 545 mutilato,
2815 484 2904 538 vel
2945 485 3171 540 auribus
3221 496 3475 556 amputa-

214 572 445 644 χειρὸςῆ
474 571 654 636 ποδὸς,
685 572 718 642 ἢ
747 575 964 644 κυρτὸς,
1000 573 1034 643 ἢ
1066 573 1262 644 ἔφηλος
1288 575 1414 637 τοὺς
1443 575 1793 644 ὀφθαλμοὺς,

212 667 245 737 ἦ
271 663 509 729 πτιλλὸς,
537 665 570 736 ἢ
605 658 648 732 ᾧ
678 665 746 718 ἂν
847 667 904 718 ὲν
935 665 1086 736 αύτῷ
1117 665 1274 737 ψώρα
1305 667 1497 737 ἀγρία,
1525 668 1560 738 ἢ
1591 668 1798 740 λειχὴν,

212 757 242 827 ἧ
276 755 550 826 μονὸρχις,
593 755 654 808 ού
700 758 1019 828 προσεγγιεῖ
1062 755 1153 810 τοῦ
1188 760 1581 828 προσενεγκεῖν
1607 756 1801 818 Θυσίας

210 846 420 917 Κυρίῳ,
476 847 558 900 ὅτι
592 845 785 916 μῶμος
819 848 877 900 ἐν
920 846 1088 916 αύτῷ.
1127 847 1262 900 Ἀπὸ
1317 847 1428 900 τῶν
1472 845 1662 918 δώρων
1693 845 1800 899 τῶν

209 940 380 1007 ἁγίων
410 939 665 1009 φάγεται,
693 939 832 1010 πλὴν
856 939 992 1010 πρὸς
1023 940 1085 992 τὸ
1112 939 1512 1011 καταπέτασμα
1534 940 1596 993 οὐ
1628 955 1800 1010 προσ-

207 1030 512 1096 ελεύσεται,
544 1033 637 1084 καὶ
668 1032 805 1103 πρὸς
847 1032 908 1084 τὸ
954 1031 1347 1103 θυσιαστήριόν
1379 1049 1479 1102 μου
1510 1033 1610 1085 οὐκ
1653 1031 1803 1100 ἐγγί-

209 1124 311 1187 ζει.
333 1119 576 1175 Γυναῖκα
608 1123 815 1194 πόρνην
857 1123 950 1177 καὶ
984 1122 1374 1195 βεϐηλωμένην
1411 1123 1474 1176 ού
1506 1123 1795 1194 λήψονται,

205 1217 288 1270 ὃτι
313 1215 464 1283 ἅγιοι
488 1215 646 1270 είσίν.
685 1233 703 1267 ι

285 1412 303 1446 ι
344 1394 412 1447 Οί
451 1394 616 1465 ίερεῖς
677 1412 769 1448 σου
805 1395 1114 1450 ὲνδύσονται
1167 1396 1550 1470 δικαιοσύνην,
1610 1397 1706 1451 καὶ
1749 1395 1799 1449 ot

208 1486 344 1539 ὅσιοί
380 1503 480 1539 σου
510 1486 825 1555 ἀγαλλιάσει
848 1487 1292 1555 ἀγαλλιάσονται.
1321 1508 1340 1542 ι

284 1601 302 1631 ι
331 1579 600 1644 Γνωστῶς
631 1581 913 1654 ἐπιγνώσῃ
937 1582 1113 1652 ψυχὰς
1141 1583 1392 1653 ποιμνίου
1427 1601 1546 1649 σου,
1573 1582 1667 1638 καὶ
1689 1583 1802 1636 ἐπι·

209 1674 372 1743 στήσε
385 1691 436 1736 ις
465 1673 695 1745 καρδίαν
730 1693 824 1728 σου
845 1677 967 1738 σαῖς
992 1675 1238 1744 ἀγέλαις.
1279 1696 1296 1728 ι

1903 573 1998 636 tis,
2035 574 2119 628 vel
2156 574 2469 642 cuicunque
2519 573 2687 644 διο
2745 573 2909 628 fuerit
2962 577 3223 630 contritio
3278 595 3478 632 manus

1903 671 1998 718 aut
2043 663 2221 732 pedis,
2259 665 2343 718 vel
2399 665 2689 732 gibhosns.
2738 664 2821 718 vel
2874 665 3106 733 ephelus
3158 667 3359 728 oculis,
3391 668 3483 720 vel

1902 756 2262 821 maculosus;
2293 757 2377 810 vel
2413 756 2578 810 homo
2612 757 2668 809 in
2711 771 2822 826 quo
2871 755 3038 810 fuerit
3073 757 3290 811 scabies
3322 775 3479 827 agre-

1903 848 2026 912 stis,
2058 848 2147 902 vel
2183 847 2464 918 impetigo,
2503 847 2589 902 vel
2620 849 2786 902 unius
2825 848 3093 914 testiculi,
3132 864 3241 903 non
3275 866 3479 921 appro-

1901 940 2194 1011 pinquabit
2230 942 2297 995 ad
2348 939 2686 994 ollerendum
2743 941 3017 995 sacriﬁcia
3060 939 3315 1006 Domino,
3347 944 3482 1012 quia

1902 1032 2116 1087 macula
2145 1041 2230 1086 est
2260 1033 2314 1088 in
2348 1047 2436 1088 eo.
2479 1032 2559 1086 Ex
2599 1032 2762 1087 donis
2795 1033 3008 1087 sanctis
3037 1032 3289 1088 comedet
3325 1053 3340 1088 :
3381 1051 3478 1088 vc-

1903 1133 2215 1180 rumtamen
2241 1125 2311 1179 ad
2340 1108 2521 1179 velum
2550 1140 2660 1178 non
2691 1125 2944 1188 accedet,
2987 1133 3041 1179 et
3067 1124 3133 1178 ad
3167 1127 3341 1179 altare
3369 1141 3482 1180 non

1901 1219 2388 1290 appropinquabit.
2419 1216 2703 1273 Mulierem
2726 1219 3071 1274 meretricem
3103 1227 3156 1274 et
3187 1219 3477 1290 profanam

1902 1323 2011 1363 non
2036 1310 2334 1380 accipient,
2373 1309 2636 1380 quoniam
2677 1311 2857 1365 sancti
2889 1320 3040 1366 sunt.
3071 1331 3090 1363 ι

1972 1399 2122 1455 Ρεαι.
2172 1416 2372 1466 εχχιιι,
2423 1401 2476 1455 9.
2515 1430 2585 1441 -—
2633 1420 2651 1452 ι
2690 1400 3019 1459 Sacerdotes
3050 1403 3125 1457 ttti
3181 1403 3483 1458 induantur

1897 1490 2196 1562 justitiam,
2224 1503 2279 1549 et
2314 1493 2491 1547 sancti
2521 1493 2599 1547 tui
2630 1493 3002 1549 exsultatione
3029 1495 3406 1550 exsultabunt.
3456 1515 3474 1546 ι

1976 1583 2138 1638 Prov.
2188 1600 2380 1647 xxvn,
2428 1586 2620 1640 25.-—-
2653 1603 2672 1637 ι
2725 1584 2878 1657 Scite
2915 1601 3220 1657 cognosces
3269 1589 3482 1641 animas

1902 1675 2119 1744 pecoris
2178 1676 2281 1740 tui,
2338 1683 2394 1731 et
2441 1691 2616 1745 pones
2675 1691 2773 1730 cor
2837 1685 2994 1729 tuum
3059 1691 3226 1747 super
3289 1693 3487 1749 greges

1903 1775 2051 1823 tuos.
2099 1787 2117 1819 ι

280 1873 298 1904 ‹
321 1854 652 1925 Ποιμαίνετε
697 1855 768 1908 τὰ
799 1855 1049 1927 πρόϐατα
1091 1857 1193 1926 τῆς
1251 1857 1488 1926 σφαγῆς,
1520 1856 1556 1910 ἃ
1583 1857 1632 1909 οί
1665 1873 1797 1927 κτη-

1977 1859 2142 1913 Zach.
2188 1876 2279 1924 xi,
2312 1861 2365 1914 4.
2397 1893 2465 1903 -
2503 1880 2522 1914 ι
2557 1861 2776 1918 Pascite
2809 1879 2941 1919 oves
2978 1862 3309 1926 occisionis,
3340 1877 3482 1933 quas

205 1946 440 2016 σάμενοι
481 1945 845 2016 κατέσφαζον,
896 1949 989 2000 καὶ
1034 1947 1094 2000 οὑ
1157 1945 1572 2017 μετεμελοῦντο,
1624 1946 1720 2000 καὶ
1747 1948 1796 2000 οί

201 2039 522 2102 πωλοῦντες
542 2040 680 2093 αύτά
703 2039 888 2108 ἔλεγον
912 2056 926 2069 ο
961 2039 1267 2109 Εὐλογητὸς
1296 2039 1524 2110 Κύριος,
1570 2040 1666 2094 xat
1695 2056 1796 2092 πε-

201 2133 627 2203 πλουτήκαμεν,
685 2134 782 2186 καὶ
810 2133 859 2186 οί
905 2133 1166 2204 ποιμένες
1196 2133 1377 2187 αὐτῶν
1411 2134 1510 2186 ούκ
1559 2133 1797 2204 ἔπασχον

196 2222 363 2275 οὐδὲν
397 2221 486 2274 ἐπ’
518 2222 724 2285 αὐτοῖς.

282 2331 303 2365 ι
325 2313 426 2367 Υίὲ
472 2313 786 2385 ἀνθρώπου,
844 2313 1049 2367 σκοπὸν
1078 2313 1288 2368 δέδωκά
1315 2332 1375 2367 σε
1408 2313 1488 2384 τῷ
1516 2313 1651 2384 οἴκῳ
1693 2313 1795 2367 Ἰσ-

202 2407 373 2478 ραὴλ,
413 2408 507 2460 καὶ
529 2407 760 2461 ἀκοῦσαι
791 2407 856 2459 ἐκ
885 2406 981 2460 τοῦ
1029 2407 1298 2477 στόματός
1332 2425 1433 2477 μου
1463 2407 1642 2475 λόγον,
1703 2406 1798 2459 καὶ

198 2499 512 2554 διαστεῖλαι
569 2497 752 2562 αὐτοῖς
801 2499 935 2570 παρ’
967 2499 1124 2570 ἐμοῦ.
1170 2501 1258 2552 Ἐν
1285 2500 1364 2571 τῷ
1413 2499 1593 2567 λέγειν
1627 2517 1694 2569 με
1719 2498 1798 2570 τῷ

194 2592 422 2663 ἀνόμῳ,
446 2592 787 2662 ἀποστρέψαι
820 2591 930 2646 ἀπὸ
953 2591 1061 2644 τῶν
1090 2592 1226 2646 ὁδῶν
1253 2592 1418 2646 αὑτοῦ
1448 2592 1544 2646 τοῦ
1577 2592 1677 2664 ζῇν
1700 2593 1797 2645 αύ-

195 2684 315 2737 τόν·
353 2685 454 2737 ὲάν
487 2686 515 2737 ό
542 2685 746 2755 ἄνομος
775 2674 980 2748 ἐκεῖνος
1013 2687 1078 2757 τῇ
1105 2684 1289 2757 ἀδικίᾳ
1323 2684 1489 2740 αὑτοῦ
1522 2684 1798 2754 ἀποθάνη-

194 2794 316 2839 ται,
352 2775 418 2828 τὸ
442 2770 580 2846 αἷμα
608 2775 773 2830 αὐτοῦ
799 2779 862 2830 ἐκ
893 2777 994 2848 τῆς
1026 2777 1210 2850 χειρός
1231 2795 1325 2831 σου
1352 2778 1658 2848 ὲκζητήσω.
1688 2777 1799 2830 Καὶ

197 2865 269 2917 σὺ
304 2865 408 2918 ἐὰν
427 2865 702 2937 διαστείλῃ
743 2866 822 2938 τῷ
850 2868 1057 2938 ἀνόμῳ,
1088 2869 1182 2922 καὶ
1218 2869 1292 2940 μὴ
1319 2868 1639 2940 ἀποστρέψῃ
1690 2868 1798 2920 ἀπὸ

193 2961 304 3029 τῆς
335 2957 570 3029 ἀνομίας
601 2959 787 3024 αὑτοῦ,
842 2961 900 3012 ὲν
930 2963 999 3031 τῇ
1057 2960 1244 3031 ἀδικίᾳ
1293 2959 1458 3014 αὐτοῦ
1508 2959 1798 3014 ἀποθανεῖ-

192 3068 315 3109 ται.
343 3051 444 3103 καὶ
468 3051 532 3103 σὺ
563 3051 662 3122 τὴν
682 3050 863 3122 ψυχήν
890 3069 986 3105 σου
1020 3052 1180 3123 ῥύσῃ.
1218 3053 1327 3106 Καὶ
1343 3052 1404 3106 ἐν
1427 3051 1506 3122 τῷ
1539 3051 1798 3122 ἀποστρέ-

1898 1951 1992 2023 qui
2026 1954 2419 2022 possederunt,
2479 1955 2915 2019 interﬁciebant,
2971 1966 3026 2010 et
3079 1971 3188 2010 non
3246 1955 3485 2024 agebant

1897 2045 2327 2116 pwnitentiam;
2379 2055 2435 2102 et
2487 2048 2587 2117 qui
2648 2049 2961 2103 vendebant
3007 2063 3123 2112 eas,
3178 2047 3477 2102 dicebant:

1898 2139 2228 2196 Benedictus
2277 2139 2568 2204 Dominus,
2624 2149 2678 2196 et
2716 2140 2920 2195 divites
2980 2139 3110 2193 facti
3158 2154 3378 2198 sumus.
3427 2147 3482 2193 et

1898 2241 2152 2304 pastores
2186 2247 2382 2288 earum
2410 2233 2548 2288 nihil
2576 2231 2930 2303 patiebantur
2970 2246 3138 2302 super
3169 2232 3269 2287 eis.
3315 2249 3335 2283 ι

1968 2323 2164 2378 Ezech.
2203 2337 2307 2387 ιιι,
2336 2322 2528 2379 17-21.
2561 2351 2631 2361 —-
2668 2341 2687 2374 ‹
2727 2321 2831 2376 Fili
2867 2321 3132 2385 hominis,
3171 2321 3473 2391 speculato-

1897 2433 2013 2473 rem
2047 2415 2173 2471 dedi
2235 2423 2291 2471 te
2321 2415 2506 2469 domui
2546 2414 2749 2478 lsrael,
2803 2422 2857 2467 et
2908 2425 2970 2468 ut
3018 2413 3211 2468 audias
3259 2430 3331 2468 ex
3383 2427 3486 2468 ore

1897 2521 2020 2562 meo
2046 2505 2298 2572 verbum,
2326 2512 2381 2559 et
2427 2503 2718 2575 przecipias
2757 2504 2839 2559 eis
2881 2519 2947 2557 ex
2991 2518 3099 2560 me.
3151 2501 3209 2556 Si
3262 2501 3486 2556 dicente

1897 2615 1985 2654 me
2016 2599 2084 2654 ad
2116 2598 2393 2668 iniquum,
2428 2605 2489 2651 ut
2526 2605 2810 2650 avertatur
2841 2611 2869 2650 a
2901 2595 3008 2650 viis
3036 2596 3176 2659 suis,
3210 2603 3263 2649 ut
3293 2595 3478 2656 vivat;

1898 2691 1947 2747 si
1985 2691 2214 2762 iniquus
2243 2690 2334 2745 ille
2368 2691 2423 2744 in
2471 2689 2763 2760 iniquitate
2811 2703 2912 2744 sua
2968 2695 3228 2742 mortuus
3289 2686 3484 2748 fuerit,

1897 2781 2223 2852 sanguinem
2269 2780 2391 2848 ejus
2445 2779 2512 2834 de
2565 2795 2731 2834 manu
2780 2787 2873 2832 tua
2928 2779 3233 2848 requiram.
3285 2776 3382 2830 Sin
3419 2784 3482 2829 ιιι

1899 2871 2225 2940 praeceperis
2258 2871 2479 2940 iniquo,
2515 2885 2617 2924 nec
2651 2885 2955 2925 conversus
2990 2870 3151 2924 fuerit
3181 2886 3246 2924 ex
3280 2868 3485 2938 iniqui-

1897 2971 2007 3018 tate
2039 2977 2160 3028 sua,
2202 2961 2255 3015 iu
2295 2962 2564 3031 injustitia
2601 2977 2702 3017 sua
2739 2962 3023 3028 morietur,
3058 2970 3114 3015 et
3139 2969 3196 3014 tu
3235 2963 3481 3015 animam

1898 3064 2047 3108 tuam
2091 3053 2376 3107 liberabis.
2421 3052 2487 3106 Et
2522 3067 2646 3106 cum
2682 3054 2945 3109 averterit
2980 3068 3038 3108 se
3065 3056 3275 3122 justus,
3303 3061 3359 3107 et
3395 3052 3485 3106 fe-

191 3160 326 3211 φειν
360 3142 594 3208 δίκαιον,
617 3146 711 3197 καὶ
734 3145 950 3214 ποιήσει
977 3147 1354 3216 παράπτωμα,
1392 3145 1450 3198 ὲν
1469 3146 1589 3208 ταῖς
1620 3146 1797 3215 ἀμαρ-

1901 3146 2040 3200 cerit
2071 3144 2355 3208 delictum,
2386 3145 2440 3198 in
2475 3143 2720 3214 peccatis
2767 3144 2883 3198 suis
2921 3144 3210 3208 morietur,
3243 3157 3310 3198 eo
3336 3142 3485 3213 quod

191 3237 349 3297 τίαις
383 3235 552 3288 αὐτοῦ
578 3236 951 3303 ἀποθανεῖται,
998 3236 1133 3290 διότι
1166 3237 1225 3292 ού
1260 3236 1336 3308 μὴ
1384 3237 1703 3308 μνησθῶσιν
1740 3238 1797 3290 αἱ

189 3327 550 3382 δικαιοσύναι
579 3329 765 3391 αὑτοῦ,
792 3330 887 3382 καὶ
911 3329 970 3383 τὸ
996 3325 1136 3401 αἷμα
1170 3331 1236 3384 ὲκ
1258 3331 1360 3400 τῆς
1380 3330 1563 3402 χειρός
1597 3347 1692 3383 σου
1708 3330 1800 3383 ὲκ-

191 3422 454 3488 ζητὴσω.
499 3419 623 3473 Ἐάν
650 3419 706 3472 δὲ
733 3419 1010 3492 διαστείλῃ
1033 3420 1110 3491 τῷ
1147 3421 1340 3492 δικαίῳ
1366 3420 1461 3473 τοῦ
1497 3420 1573 3492 μὴ
1612 3421 1798 3490 ἀμαρ-

189 3514 416 3574 τάνειν,
443 3513 507 3564 σὺ
537 3511 633 3584 τὴν
666 3514 894 3567 σεαυτοῦ
922 3512 1098 3584 ψυχὴν
1135 3513 1294 3584 ῥύσῃ.
1326 3533 1346 3566 ι

271 3625 291 3655 ι
324 3599 494 3660 Οἶνον
517 3605 576 3659 ού
608 3605 683 3676 μὴ
727 3605 891 3659 πίωσι
925 3607 1034 3670 πᾶς
1059 3605 1236 3676 ἱερεὺς
1282 3607 1341 3659 ὲν
1370 3604 1448 3677 τῷ
1481 3603 1798 3676 εἰσπορεύε-

190 3694 331 3746 σθαι
369 3694 540 3750 αὐτὸν
569 3695 650 3759 εἱς
671 3696 771 3765 τὴν
800 3696 967 3766 αύλὴν
996 3697 1294 3770 ἐσωτέραν.
1335 3697 1429 3750 Ἐκ
1454 3697 1672 3752 πάντων
1689 3695 1800 3750 τῶν

185 3787 483 3859 ἀπαρχῶν
505 3786 662 3856 ὑμῶν
691 3790 802 3850 τοῖς
822 3788 1056 3856 ἱερεῦσιν
1095 3787 1268 3843 ἔσται.
1310 3808 1328 3842 ι

271 3899 291 3932 ι
321 3880 395 3932 Οἱ
427 3877 762 3947 φυλάξαντες
793 3879 955 3942 ὁσίως
993 3879 1063 3934 τὰ
1094 3879 1235 3946 ὅσια,
1260 3880 1671 3952 ὁσιωθήσονται,
1705 3881 1799 3934 καὶ

181 3974 238 4025 oi
270 3970 635 4040 διδαχθέντες
657 3968 820 4034 αύτά,
852 3970 1176 4042 εὑρήσουσιν
1200 3969 1517 4040 ἀπολογίαν.
1545 3989 1564 4022 ι

268 4173 290 4204 ι
332 4150 437 4224 Μὴ
463 4151 615 4223 ζήτει
645 4153 792 4222 παρά
824 4152 1015 4220 κυρίου
1070 4152 1418 4223 κηδεμονίαν,
1456 4152 1594 4224 μηδὲ
1645 4152 1797 4224 παρά

182 4246 481 4316 βασιλέως
527 4246 798 4317 καθέδραν
836 4247 1013 4318 δόξης.
1049 4248 1137 4299 Ἐν
1184 4247 1280 4318 ὅλῃ
1321 4247 1466 4318 ψυχῇ
1505 4263 1598 4299 σου
1633 4246 1796 4300 εύλα-

179 4339 287 4391 ὗοῦ
318 4339 420 4390 τὸν
452 4336 677 4408 Κύριον,
715 4338 959 4400 καὶτοὺς
990 4338 1155 4408 ἱερεῖς
1188 4337 1356 4391 αὑτοῦ
1387 4337 1656 4408 θαύμαζε,
1707 4336 1797 4391 Ἐν

180 4432 288 4501 ὅλῃ
313 4428 561 4498 δυνάμει
601 4445 695 4482 σου
715 4427 906 4496 δόξαζε
952 4429 1044 4482 τὸν
1071 4430 1378 4500 ποιήσαντά
1399 4448 1482 4494 σε,
1523 4432 1619 4484 καὶ
1669 4430 1797 4494 τοὺς

1901 3254 2015 3293 ιιοιι
2058 3247 2221 3293 erunt
2254 3237 2308 3291 in
2347 3237 2614 3292 memoria
2643 3236 2875 3306 justitia:
2925 3236 3118 3302 illius;
3164 3245 3220 3291 et
3259 3236 3486 3307 sangui-

1901 3345 2024 3386 nem
2065 3331 2186 3399 ejus
2217 3329 2284 3385 de
2324 3346 2490 3384 manu
2530 3338 2626 3383 tua
2662 3330 2964 3400 requiram.
3015 3327 3075 3383 Si
3125 3339 3308 3384 autem
3346 3345 3484 3399 pra:-

1901 3423 2115 3492 ceperis
2162 3423 2314 3491 justo
2371 3431 2429 3476 ut
2477 3437 2588 3476 non
2645 3431 2860 3492 peccet,
2923 3430 2981 3476 tu
3038 3422 3278 3477 animam
3332 3431 3493 3477 tuam.

1901 3513 2190 3569 liberabis.
2235 3533 2253 3565 ι

1970 3605 2164 3660 Ezech.
2194 3621 2343 3670 xuv,
2376 3605 2468 3672 21,
2501 3605 2666 3662 50.-
2701 3623 2719 3657 ι
2754 3603 2957 3660 Vinum
2987 3619 3095 3659 non
3121 3603 3272 3659 bibet
3303 3605 3492 3660 omnis

1901 3698 2186 3762 sacerdos,
2223 3699 2447 3768 quando
2475 3697 2817 3768 ingredietur
2861 3696 2916 3750 in
2977 3695 3180 3749 atrium
3225 3695 3489 3750 interius.

1900 3791 1977 3847 Ex
2003 3792 2261 3847 omnibus
2303 3792 2564 3862 primitiis
2599 3790 2828 3857 vestris,
2862 3789 3251 3845 sacerdotibus
3285 3788 3412 3843 erit.
3455 3807 3475 3838 ι

1969 3882 2097 3952 Sap.
2130 3899 2219 3949 vt,
2259 3885 2342 3938 li.
2371 3911 2440 3920 —-
2479 3901 2498 3934 ι
2539 3881 2646 3949 Qui
2699 3882 2852 3952 justa
2899 3879 3291 3945 custodierint,
3344 3893 3480 3935 san-

1898 3975 2290 4031 ctiﬁcabuntur
2321 3991 2340 4029 :
2398 3982 2453 4029 et
2517 3976 2613 4044 qui
2661 3972 2962 4028 didicerint
3016 3970 3147 4039 ista,
3199 3970 3484 4026 invenient

1897 4067 2031 4139 quid
2064 4067 2455 4138 respondeant.
2494 4085 2513 4119 ι

1971 4158 2138 4214 Eccli.
2175 4176 2275 4225 vn,
2317 4160 2372 4226 4,
2406 4157 2494 4212 5-1.
2523 4188 2590 4200 —
2621 4176 2639 4209 ι
2677 4154 2802 4211 Noli
2844 4169 3096 4226 quaerere
3151 4154 3219 4210 ab
3257 4153 3488 4210 homine

1898 4251 2185 4314 ducatum,
2240 4265 2419 4321 neque
2478 4264 2666 4320 arege
2723 4248 3045 4304 cathedram
3103 4245 3356 4302 honoris.
3420 4245 3484 4300 In

1896 4351 2013 4397 tota
2062 4343 2242 4397 anima
2266 4350 2355 4396 tua
2390 4356 2578 4412 quaere
2612 4339 2928 4404 Dominum,
2961 4349 3017 4393 et
3057 4337 3380 4393 sacerdotes
3410 4339 3480 4392 il-

1897 4436 2009 4491 lius
2048 4435 2289 4505 suscipe.
2330 4433 2386 4489 ln
2417 4435 2569 4489 omni
2621 4434 2827 4488 virtute
2878 4441 2968 4484 tua
3034 4429 3276 4501 gloriﬂca
3317 4430 3479 4484 illum

178 4521 559 4593 λειτουργοὺς
595 4521 758 4574 αὐτοῦ
811 4522 886 4593 μὴ
917 4522 1311 4594 ὲγκαταλίπῃς.
1345 4523 1516 4576 Φοϐοὖ
1542 4523 1636 4577 τὸν
1676 4523 1791 4576 Κύ-

1901 4528 1993 4598 qui
2020 4526 2150 4583 fecit
2177 4535 2252 4591 te,
2288 4535 2342 4581 et
2369 4527 2654 4581 ministros
2681 4525 2800 4594 ejus
2835 4539 2904 4577 ne
2920 4523 3292 4591 derelinquas.
3323 4520 3486 4576 Time

183 4635 337 4690 ριον,
393 4617 498 4668 καὶ
515 4614 734 4679 δόξασον
783 4612 954 4686 ἱερέα,
987 4615 1083 4668 καὶ
1111 4613 1198 4678 δὸς
1225 4615 1324 4684 τὴν
1366 4614 1563 4686 μερίδα
1589 4614 1791 4681 αὐτῶν,

179 4710 386 4774 καθὼς
434 4707 746 4761 ἐνετείλατό
770 4726 872 4761 σοι.
915 4726 934 4760 ι

268 4822 288 4854 ι
339 4797 682 4871 -Ηγούμενόν
696 4817 754 4852 σε
783 4799 1125 4870 κατέστησαν
1144 4815 1160 4864 ;
1182 4799 1256 4869 μὴ
1287 4798 1540 4869 ὲπαίρου.
1560 4797 1717 4851 Γίνου
1737 4797 1796 4852 ὲν

177 4898 385 4959 αὐτοῖς
436 4895 518 4957 ὡς
549 4887 628 4957 εἷς
660 4893 721 4958 ἐξ
773 4892 974 4946 αὐτῶν.
1003 4893 1292 4966 Φρόντισον
1329 4893 1540 4957 αὐτῶν,
1581 4892 1674 4945 καὶ
1704 4891 1796 4944 οὒ-

177 5008 298 5052 τως
361 4987 631 5052 κάθισον,
693 4987 791 5041 καὶ
843 4988 1024 5040 πᾶσαν
1077 4986 1177 5057 τὴν
1205 4985 1396 5057 χρείαν
1431 5003 1524 5038 σου
1562 4986 1796 5057 ποιήσας

177 5081 512 5144 ἀνάπεσον,
546 5078 634 5132 ῖνα
683 5079 997 5150 εὐφρανθῇς
1033 5077 1099 5131 δι’
1139 5077 1373 5143 αὐτοὺς,
1411 5078 1506 5130 καὶ
1547 5077 1796 5140 εὐδοκίας

178 5175 357 5246 χάριν
395 5170 578 5242 λάϐῃς
601 5170 693 5225 τὸν
726 5170 1011 5239 στέφανον.
1032 5188 1050 5221 ι

263 5284 284 5317 ι
343 5261 563 5317 Ἐλθὼν
601 5263 630 5314 ὁ
691 5261 894 5331 Ἰησοῦς
924 5261 1004 5323 είς
1051 5260 1122 5313 τά
1155 5259 1297 5331 μέρη
1324 5260 1660 5331 Καισαρείας
1695 5258 1796 5328 τῆς

172 5357 508 5417 Φιλίππου,
533 5371 552 5404 ι
586 5353 680 5406 καὶ
700 5353 769 5406 τὰ
789 5352 968 5406 λοιπά.

259 5470 281 5504 ι
319 5447 509 5504 Εἶπεν
543 5446 573 5499 ὁ
617 5445 821 5517 Κύριος
847 5446 924 5514 τῷ
959 5445 1167 5515 Πέτρῳ·
1201 5444 1384 5512 Σίμων
1424 5443 1594 5504 Ἰωνᾶ,
1654 5441 1794 5509 ἀγα-

176 5544 300 5613 πᾷς
337 5557 448 5611 iis;
497 5558 516 5589 ι

267 5652 293 5688 c
350 5631 615 5700 Ἐγένετο
649 5628 978 5700 φιλονείκεια
1018 5630 1077 5681 ὲν
1103 5631 1215 5690 τοῖς
1263 5625 1558 5697 μαθηταῖς,
1588 5621 1670 5688 τίς
1692 5624 1792 5677 αύ-

177 5729 301 5786 τῶν
333 5725 499 5778 δοκεῖ
535 5718 671 5775 εἶναι
723 5721 941 5791 μείζων.
981 5720 1040 5774 '0
1069 5720 1125 5773 δὲ
1161 5718 1369 5790 Ἰησοῦς
1411 5714 1562 5770 εἶπεν
1587 5717 1794 5779 αὐτοῖς’

178 5821 253 5880 OE
304 5814 568 5892 βασιλεῖς
607 5813 717 5870 τῶν
751 5814 920 5871 ἐθνῶν
953 5811 1442 5883 κατακυριεύουσιν
1470 5810 1672 5875 αὐτῶν,
1703 5810 1795 5864 καὶ

1900 4619 2213 4682 Dominum,
2247 4625 2302 4672 et
2333 4617 2544 4672 honora
2579 4616 2947 4679 sacerdotem,
2998 4623 3051 4668 et
3090 4613 3160 4668 da
3211 4612 3324 4668 illis
3350 4628 3481 4683 par-

1898 4715 2006 4762 tem
2041 4723 2196 4762 suam
2223 4707 2370 4761 sicut
2401 4705 2692 4760 mandavit
2723 4705 2849 4759 tibi.
2886 4723 2904 4756 ι

1969 4797 2138 4852 Eccli.
2178 4813 2365 4862 χχχιι,
2402 4797 2607 4851 1-5.-
2641 4815 2659 4848 ι
2708 4795 2999 4850 Rectorem
3040 4804 3093 4852 te
3124 4796 3482 4866 posuerunt?

1898 4889 2013 4943 noli
2047 4887 2241 4942 extolli
2278 4896 2438 4944 :esto
2478 4889 2532 4942 in
2580 4887 2689 4943 illis
2729 4887 2876 4943 sicut
2912 4903 3057 4943 unus
3083 4904 3146 4943 ex
3178 4889 3333 4957 ipsis.
3365 4887 3480 4940 Cu-

1897 4995 2015 5035 ram
2047 4980 2266 5034 illorum
2300 4978 2463 5044 habe,
2497 4987 2549 5034 et
2573 4979 2655 5033 sic
2676 4979 2923 5046 conside,
2963 4990 3017 5035 et
3036 4980 3184 5035 omni
3217 4993 3350 5032 cura
3378 4986 3481 5031 tua

1897 5071 2151 5141 explicita
2183 5071 2465 5136 recumbc,
2501 5076 2561 5124 ut
2597 5069 2800 5126 lateris
2841 5077 3070 5141 propter
3103 5069 3251 5132 illos,
3289 5074 3346 5122 et
3378 5066 3479 5121 be-

1898 5160 2226 5216 nevolentiae
2262 5159 2494 5230 gratiam
2529 5158 2770 5228 accipias
2807 5170 3092 5212 coronam.
3130 5173 3150 5206 ι

1969 5253 2164 5307 Matth.
2201 5268 2325 5316 xvi,
2364 5252 2450 5306 15.
2479 5282 2548 5292 -—
2583 5268 2602 5301 ι
2641 5248 2805 5303 Venit
2845 5246 3013 5301 Jesus
3044 5245 3101 5300 in
3133 5251 3320 5315 partes
3355 5242 3481 5298 Cat-

1897 5362 2067 5403 sarea:
2093 5345 2351 5415 Philippi,
2391 5363 2410 5396 ι
2445 5352 2498 5398 et
2523 5357 2645 5414 quae
2673 5352 3006 5411 sequuntur.

1966 5438 2130 5493 Joan.
2166 5453 2301 5502 xxx,
2338 5437 2425 5490 l6.
2459 5465 2529 5476 —
2569 5454 2589 5485 ι
2627 5433 2775 5486 Dixit
2817 5431 2981 5488 Jesus
3018 5429 3184 5485 Petro
3215 5446 3237 5483 τ
3279 5425 3475 5482 Simon

1895 5530 2055 5597 Jona,
2107 5529 2296 5600 diligis
2323 5543 2410 5583 me
2441 5528 2566 5598 plus
2608 5525 2736 5580 his?
2777 5543 2797 5575 ι
2833 5533 2944 5579 etc.

1967 5623 2097 5676 Luc.
2125 5636 2238 5675 χιιι
2260 5662 2276 5687 ,
2311 5619 2377 5674 24
2420 5635 2562 5689 seqq.
2597 5647 2664 5655 —
2700 5636 2719 5668 ι
2753 5614 2922 5672 Facta
2963 5621 3046 5671 est
3069 5612 3355 5670 contentio
3386 5612 3474 5667 in-

1899 5725 1982 5770 ter
2011 5713 2347 5784 discipulos,
2393 5711 2522 5782 quis
2551 5723 2742 5764 eorum
2777 5708 3060 5763 videretur
3101 5720 3228 5760 esse
3268 5702 3469 5772 major.

1897 5808 2060 5864 Jesus
2091 5817 2276 5863 autem
2308 5803 2447 5859 dixit
2475 5803 2596 5858 cis:
2631 5800 2807 5873 Reges
2833 5799 3078 5872 gentium
3110 5796 3472 5854 dominantur
