4052 6424
688 334 823 400 1539

1898 346 1960 405 S.
1999 344 2315 406 JOANNIS
2355 344 2780 405 DAMASCENI
3728 356 3819 423 13m

681 467 892 517 eorum,
929 458 985 506 et
1016 422 1111 520 qui
1143 460 1468 522 potestatem
1499 455 1705 513 habent
1727 474 1893 528 super
1917 474 2036 522 eos.
2072 463 2232 515 bene~

2344 458 2393 508 οί
2416 458 2819 523 ἐξουσιάζοντες
2847 458 3026 514 αὐτῶν
3059 458 3345 531 εὐεργέται
3378 462 3650 521 καλοῦνται.
3686 469 3823 541 Ὑμεῖς

682 544 773 597 fici
804 552 1092 599 vocantur.
1130 544 1242 600 Vos
1280 555 1459 601 autem
1499 562 1609 601 non
1652 549 1734 603 sic
1760 566 1779 602 :
1819 549 1917 604 sed
1949 551 2042 620 qui
2072 552 2247 621 major

681 645 768 691 est
797 637 851 690 in
883 638 1063 702 vobis,
1118 639 1211 693 fiat
1264 640 1410 696 sicut
1442 641 1655 707 minor;
1696 650 1751 697 et
1798 643 1890 713 qui
1945 659 2248 714 prmcessor

680 738 787 793 est,
828 731 977 786 sicut
1026 731 1393 786 ministrator.
1432 731 1568 786 Nam
1617 733 1740 802 quis
1787 735 1962 804 major
2004 744 2107 801 est,
2152 737 2247 806 qui

678 822 976 886 recumbit,
1022 838 1089 876 an
1125 824 1217 892 qui
1246 824 1565 878 ministrat?
1609 840 1795 881 nonne
1835 826 1991 897 511
2026 828 2121 899 qui
2161 845 2247 884 re-

676 915 933 970 cumbit?
965 915 1076 985 Ego
1104 927 1283 970 autem
1311 915 1368 969 in
1400 917 1581 972 medio
1609 928 1855 974 vestrum
1891 935 2014 976 sum
2038 963 2054 989 ,
2093 921 2245 977 sicut

654 986 772 1077 Iqui
803 1010 1102 1065 ministrat.
1159 1030 1178 1062 ι

746 1101 878 1156 Luc.
906 1117 1018 1167 χιι,
1048 1102 1241 1157 57-42.
1272 1134 1343 1145 —-
1375 1122 1395 1156 ι
1428 1103 1584 1160 Beati
1615 1102 1759 1160 Servi
1803 1106 1883 1160 illi
1925 1121 2091 1177 quos,
2119 1122 2243 1161 cum

674 1197 895 1250 venerit
928 1195 1214 1262 Dominus,
1258 1198 1539 1255 invenerit
1569 1200 1883 1271 vigilantes.
1918 1202 2091 1256 Amen
2121 1201 2246 1257 dico

673 1284 854 1347 vobis,
891 1285 1041 1355 quod
1082 1288 1379 1360 praecinget
1426 1306 1509 1358 se,
1545 1298 1601 1345 et
1640 1292 1807 1348 faciet
1838 1293 1963 1349 illos
2002 1294 2245 1349 discum-

672 1376 823 1441 bere,
875 1388 931 1433 et
962 1381 1239 1437 transiens
1290 1383 1634 1439 ministrabit
1677 1384 1808 1440 illis.
1870 1385 2020 1441 Dixit
2063 1394 2243 1443 autem

672 1468 941 1526 Dominus
975 1490 990 1527 :
1026 1473 1185 1540 Quis,
1225 1484 1413 1545 putas,
1444 1486 1531 1531 est
1572 1476 1754 1533 fidelis
1802 1477 2154 1548 dispensator
2192 1486 2247 1533 et

669 1561 939 1631 prudens,
971 1582 1134 1635 quem
1172 1568 1472 1623 constituet
1504 1567 1761 1624 dominus
1788 1585 1953 1641 super
1983 1570 2243 1625 familiam

668 1669 850 1719 suam,
891 1665 952 1710 ut
990 1657 1084 1712 det
1119 1658 1230 1714 illis
1281 1660 1336 1714 in
1384 1668 1633 1731 tempore
1679 1660 1852 1715 tritici
1890 1661 2245 1716 mensuram?

673 1743 873 1801 Beatus
913 1747 1005 1802 ille
1056 1763 1249 1804 servus
1308 1765 1494 1820 quem,
1544 1765 1671 1806 cum
1706 1750 1920 1807 venerit
1958 1750 2238 1817 dominus,

2347 549 2403 602 δὲ
2427 550 2522 621 οὑχ
2548 549 2739 614 οὕτως’
2773 550 2908 604 ἀλλὰ
2936 553 2963 605 ὁ
3006 550 3209 622 μείζων
3250 555 3308 607 ὲν
3359 555 3481 625 ὑμῖν
3517 560 3823 627 γενέσθωὼςό

2347 642 2630 713 νεώτερος,
2654 645 2747 696 καὶ
2778 644 2807 695 ὁ
2828 643 3133 715 ἡγούμενος
3176 644 3253 707 ὡς
3302 646 3331 698 ὁ
3360 645 3615 705 διακονῶν.
3642 651 3719 716 Τίς
3750 659 3824 727 γὰρ

2350 731 2571 802 μείζων,
2603 735 2631 785 ὀ
2681 733 3060 802 ἀνακείμενος,
3089 734 3124 806 ἦ
3158 734 3187 787 ὁ
3220 734 3504 804 διακονῶν;
3545 740 3647 811 οὐχὶ
3688 744 3826 797 δᾶνι.

2347 822 2629 893 κείμενος;
2674 824 2815 892 Ἐγὼ
2843 824 2901 878 δέ
2929 826 3045 896 είμι
3096 826 3154 880 ὲν
3195 824 3346 897 μέσῳ
3378 826 3521 899 ὑμῶν
3549 830 3614 896 ὡς
3650 832 3828 888 ὁδιιικο.

2346 932 2473 971 νων.
2513 935 2532 968 ι

2424 1109 2444 1144 ι
2487 1092 2762 1165 Μακάριοι
2798 1095 2849 1147 οί
2889 1094 3065 1149 δοῦλοι
3095 1096 3318 1162 ὲκεῖνοι,
3354 1096 3445 1161 οὓς
3473 1097 3625 1151 ἐλθὼν
3646 1100 3670 1152 ὁ
3691 1102 3827 1173 κύριος

2347 1186 2571 1258 εὑρήσει
2610 1188 3048 1259 γρηγοροῦντας.
3107 1191 3283 1262 Ἀμὴν
3322 1190 3463 1261 λέγω
3508 1193 3642 1263 ὑμῖν,
3665 1195 3729 1249 ὅτι
3760 1213 3828 1250 τε·

2349 1279 2658 1347 ριζώσεται,
2691 1283 2785 1336 καὶ
2818 1283 3097 1337 ἀνακλινεῖ
3128 1284 3348 1349 αὑτοὺς,
3373 1285 3466 1338 καὶ
3486 1287 3730 1357 παρελθὼν
3746 1290 3826 1344 διας

2346 1373 2565 1442 κονήσει
2610 1374 2814 1437 αὐτοῖς.
2860 1370 2998 1428 Εἷπε
3037 1376 3096 1428 δὲ
3139 1376 3377 1446 Κύριοςο
3431 1377 3521 1440 Τίς
3555 1379 3652 1449 ἄρα
3688 1382 3827 1435 ἐστὶνό

2346 1464 2537 1528 πιστὸς
2582 1466 2865 1537 οἰκονόμος
2921 1465 3015 1521 καὶ
3072 1470 3352 1540 φρόνιμος,
3402 1468 3460 1521 δν
3503 1474 3827 1542 καταστήσειὸ

2347 1560 2540 1632 κύριος
2572 1562 2667 1616 ἐπὶ
2689 1562 2790 1633 τῆς
2812 1563 3109 1635 θεραπείας
3128 1565 3294 1619 αὑτοῦ
3323 1564 3419 1618 τοῦ
3447 1563 3617 1618 δοῦναι
3641 1568 3689 1618 ὲν
3706 1569 3827 1639 καιρῷ

2342 1653 2405 1706 τὸ
2426 1657 2800 1727 σιτομέτριον;
2834 1658 3121 1728 Μακάριος
3152 1659 3181 1710 ὁ
3208 1657 3397 1722 δοῦλος
3431 1660 3624 1723 ἐκεῖνος
3640 1661 3687 1712 ὃν
3713 1661 3828 1713 ἐλθὼν

2345 1748 2374 1799 ό
2404 1746 2612 1817 κύριος,
2645 1748 2810 1803 αὑτὸν
2856 1750 3080 1821 εὑρήσει
3127 1749 3388 1804 ποιοῦντα
3418 1749 3600 1814 οὕτως.
3656 1751 3828 1821 Ἀληθῶς

664 1850 795 1890 eum
848 1837 1125 1893 invenerit
1176 1840 1257 1895 sic
1316 1840 1628 1895 facientem.
1678 1839 1819 1896 Vere
1875 1839 2000 1894 dico
2058 1840 2232 1906 vobis,

2345 1814 2487 1907 λέγώ
2522 1840 2673 1910 ὑμῖν,
2700 1840 2784 1893 ὅτι
2814 1814 3069 1896 snt-ardor.
3091 1845 3204 1906 τοῖς
3244 1842 3577 1915 ὑπάρχουσιν
3602 1814 3828 1896 αὑτοῦ-κέ

665 1927 934 1995 quoniam
988 1944 1154 2000 super
1210 1930 1400 1985 omnia
1464 1946 1585 2002 quae
1640 1930 1888 1986 possidet
1938 1930 2240 1986 constituet

663 2030 815 2073 eum.
846 2036 866 2069 ι

738 2112 861 2165 Act.
893 2127 986 2175 xx,
1016 2112 1207 2167 26-52.
1241 2145 1312 2155 —
1335 2131 1355 2164 ι
1387 2121 1684 2170 contestor
1706 2128 1801 2171 vos
1825 2115 2096 2171 hodierna
2126 2115 2239 2181 die,

666 2208 799 2273 quia
834 2203 1072 2260 mundus
1118 2220 1241 2260 sum
1286 2220 1317 2259 a
1352 2206 1625 2277 sanguine
1667 2207 1914 2261 omnium
1964 2215 2236 2264 vestrum.

666 2294 786 2351 Non
849 2296 995 2350 enim
1065 2296 1419 2368 subterfugi,
1487 2299 1791 2368 quominus
1850 2300 2239 2355 annuntiarem

667 2387 826 2442 vobis
869 2402 1034 2443 omne
1076 2388 1379 2443 consilium
1414 2387 1532 2445 Dei.
1566 2390 1852 2446 Attendite
1883 2406 2020 2462 ergo
2058 2390 2238 2460 vobis,

661 2487 720 2533 et
750 2480 1016 2536 universo
1046 2481 1220 2552 gregi,
1244 2483 1305 2538 in
1336 2498 1446 2553 quo
1474 2498 1573 2539 vos
1604 2483 1847 2553 Spiritus
1881 2492 2111 2540 sanctus
2141 2500 2240 2555 po—

662 2574 782 2625 suit
814 2573 1106 2643 episcopos
1145 2588 1342 2644 regere
1370 2573 1676 2630 Ecclesiam
1711 2575 1829 2640 Dei,
1852 2591 2015 2645 quam
2051 2578 2239 2647 acqui-

662 2664 795 2718 sivit
826 2666 1094 2736 sanguine
1138 2681 1260 2720 suo.
1298 2666 1459 2720 Nunc
1490 2666 1818 2722 commendo
1847 2681 1967 2733 vos,
2013 2667 2235 2735 fratres,

664 2756 799 2821 Deo,
826 2768 880 2812 ct
921 2758 1088 2813 verbo
1114 2762 1305 2828 gratiae
1333 2759 1532 2829 ipsius,
1575 2759 1669 2829 qui
1720 2769 1913 2830 potens
1940 2768 2025 2816 est
2068 2759 2239 2816 aedili-

661 2865 818 2917 care,
854 2858 910 2905 et
942 2851 1078 2907 dare
1104 2852 1488 2908 btereditatem
1528 2854 1585 2908 in
1616 2854 1998 2909 sanctiﬁcatis.
2036 2871 2056 2905 ι

750 3075 770 3133 Ι
799 3076 1045 3135 Thessat.
1078 3095 1153 3143 ιι,
1183 3078 1299 3133 4-6.
1338 3110 1407 3120 -
1435 3096 1453 3129 ι
1490 3079 1572 3133 lta
1600 3079 1903 3149 loquimur,
1941 3093 2052 3133 non
2078 3078 2237 3148 quasi

2338 1948 2405 1986 τα
2414 1932 2598 2005 στήσει
2632 1933 2814 1989 αὑτόν.
2856 1954 2875 1986 ι

2416 2136 2435 2169 ι
2482 2117 2936 2191 Διαμαρτύρομαι
2986 2120 3117 2190 ὑμῖν
3150 2121 3210 2173 ἐν
3242 2122 3309 2192 τῇ
3340 2121 3576 2192 σήμερον
3595 2120 3757 2193 ἡμέρᾳ,
3774 2123 3832 2174 ὅτι

2340 2208 2583 2280 καθαρός
2611 2211 2726 2281 εἰμι
2744 2212 2853 2264 ἀπὸ
2879 2210 2975 2265 τοῦ
3002 2211 3239 2283 αἵματος
3260 2213 3483 2266 πάντων
3509 2213 3668 2285 ὑμῶν.
3686 2216 3743 2268 Οὑ
3760 2215 3833 2282 γὰρ

2340 2301 2746 2374 ὑπεστειλάμην
2800 2303 2896 2358 τοῦ
2930 2306 3005 2377 μὴ
3049 2306 3373 2375 ἀναγγεῖλαι
3425 2309 3551 2378 ὑμῖν
3582 2309 3734 2359 πᾶσαν
3766 2309 3831 2375 τὴν

2341 2392 2537 2467 βουλὴν
2570 2396 2663 2449 τοῦ
2695 2396 2853 2453 Θεοῦ.
2886 2398 3191 2469 Προσέχετε
3221 2395 3315 2453 οῦν
3347 2401 3583 2466 ἑαυτοῖς,
3616 2400 3697 2453 καὶ
3720 2400 3834 2451 παντὶ

2338 2487 2417 2558 τῷ
2450 2490 2709 2561 ποιμνίῳ,
2740 2492 2797 2544 ὲν
2849 2484 2894 2559 ᾧ
2933 2491 3079 2562 ὑμᾶς
3110 2492 3173 2545 τὸ
3218 2493 3449 2563 Πνεῦμα
3487 2492 3546 2544 τὸ
3573 2492 3707 2559 ἅγιον
3728 2490 3833 2543 ἔθετο

2339 2583 2673 2647 ἐπισκόπους
2702 2586 3016 2655 ποιμαίνειν
3045 2588 3144 2658 τὴν
3180 2587 3511 2658 Ἐκκλησίαν
3538 2586 3625 2641 τοῦ
3650 2584 3774 2648 Θεοῦ,
3791 2586 3834 2653 ἦν

2340 2679 2769 2748 περιεποιήσατο
2790 2678 2878 2733 διὰ
2905 2679 3001 2734 τοῦ
3030 2679 3158 2733 ίδίου
3181 2680 3440 2751 αἵματος.
3472 2681 3580 2734 Καὶ
3602 2677 3740 2732 τανῦν
3764 2694 3833 2728 πα-

2343 2769 2601 2841 ρατίθημι
2636 2772 2802 2841 ὑμᾶς,
2848 2772 3090 2842 ἀδελφοὶ,
3122 2772 3200 2844 τῷ
3237 2772 3378 2843 Θεῷ,
3413 2772 3507 2826 καὶ
3532 2770 3605 2841 τῷ
3628 2770 3744 2839 λόγῳ
3770 2769 3836 2836 τῆς

2340 2862 2563 2933 χάριτος
2589 2864 2778 2929 αὐτοῦ,
2802 2864 2881 2935 τῷ
2906 2865 3191 2937 δυναμένῳ
3217 2868 3315 2919 καὶ
3342 2864 3529 2919 δοῦναι
3557 2866 3671 2934 ὑμῖν
3694 2861 3835 2929 κληρο-

2340 2955 2532 3026 νομίαν
2564 2957 2624 3010 ἐν
2655 2959 2773 3021 τοῖς
2797 2959 3178 3030 ἡγιασμένοις.
3217 2980 3235 3012 ι

2416 3089 2434 3121 ι
2470 3071 2656 3135 Οὕτως
2682 3072 2976 3144 λαλοῦμεν,
3006 3073 3103 3145 οὑχ
3122 3075 3198 3137 ὡς
3230 3073 3542 3145 ἀνθρώποις
3568 3071 3835 3142 ἀρέσκοντες.

658 3169 983 3225 hominibus
1034 3170 1339 3240 placentes,
1374 3170 1471 3226 sed
1511 3170 1643 3235 Deo,
1693 3171 1784 3240 qui
1822 3171 2017 3240 probat
2067 3169 2232 3224 corda

2339 3162 2476 3217 ἀλλά
2521 3165 2600 3235 τῷ
2632 3164 2751 3234 Θεῷ
2804 3167 2883 3238 τῷ
2928 3166 3278 3236 δοκιμάζοντι
3308 3165 3413 3229 τὰς
3466 3164 3677 3235 καρδίας
3712 3160 3835 3230 ἡμῶν.

662 3270 874 3317 nostra.
907 3263 1100 3335 Neque
1129 3264 1277 3318 enim
1307 3265 1608 3335 aliquando
1644 3265 1853 3321 fuimus
1887 3269 1941 3319 in
1982 3280 2235 3321 sermone

658 3355 1023 3421 adulationis,
1075 3355 1223 3409 sicut
1254 3356 1432 3424 scitis,
1477 3373 1659 3429 neque
1694 3360 1751 3413 in
1779 3359 2074 3414 occasione
2104 3372 2235 3412 ava-

658 3448 801 3504 ritiae
830 3447 1000 3518 (Deus
1042 3448 1207 3503 testis
1242 3448 1371 3519 est),
1412 3465 1515 3504 nec
1545 3457 1853 3519 quaerentes
1890 3450 1957 3505 ab
1993 3449 2232 3504 homini-

657 3540 762 3594 hus
798 3540 1050 3611 gloriam,
1083 3559 1264 3614 neque
1297 3558 1329 3597 a
1372 3544 1553 3609 vobis,
1602 3558 1778 3614 neque
1809 3544 1877 3598 ab
1908 3543 2068 3609 aliis;
2106 3558 2231 3599 cum

657 3648 949 3704 possemus
982 3636 1136 3692 vobis
1169 3637 1327 3693 oneri
1353 3651 1500 3702 esse,
1548 3642 1813 3707 tanquam
1846 3634 2053 3690 Chrisri
2100 3651 2232 3706 apo-

657 3730 827 3784 stoli:
863 3728 957 3785 sed
992 3729 1125 3785 facti
1172 3745 1365 3786 sumus
1408 3730 1464 3785 in
1508 3729 1690 3784 medio
1737 3728 1933 3795 vestri,
1967 3737 2227 3799 tanquam

653 3821 705 3876 si
742 3824 932 3877 nutrix
962 3821 1143 3879 foveat
1182 3823 1327 3879 ﬁlios
1365 3838 1518 3879 suos.
1558 3841 1577 3874 ι

745 3933 776 3993 ι
800 3938 934 3992 Tim.
975 3954 1073 4005 ιιι,
1122 3937 1151 3990 1
1206 3954 1350 4008 seqq.
1384 3956 1500 3988 -ι
1558 3935 1619 3991 Si
1672 3936 1797 4007 quis
1849 3935 2226 4005 episcopatum

651 4030 956 4097 desiderat,
1014 4030 1225 4086 bonum
1279 4045 1420 4101 opus
1469 4028 1774 4085 desiderat.
1837 4026 2067 4098 Oportet
2096 4042 2227 4098 ergo

650 4127 973 4198 episcopum
1018 4126 1563 4198 irreprehcnsibilem
1612 4140 1757 4193 esse,
1811 4125 1981 4180 unius
2036 4125 2226 4179 uxoris

650 4223 852 4285 virum,
888 4221 1162 4284 sobrium,
1206 4231 1487 4285 ornatum,
1516 4218 1873 4290 hospitalem,
1912 4217 2224 4283 doctorem,

650 4328 763 4369 non
794 4312 1156 4373 vinolentum,
1196 4326 1304 4364 non
1338 4323 1748 4379 percussorem,
1782 4306 1880 4363 sed
1906 4308 2079 4378 magis
2104 4322 2226 4361 mo-

648 4403 891 4467 destum,
927 4417 1037 4455 non
1075 4400 1360 4469 cupidum.
1402 4415 1516 4453 sua:
1553 4398 1743 4454 domui
1785 4399 1925 4454 bene
1958 4400 2223 4469 praeposi-

2337 3257 2477 3311 Οῦτε
2512 3260 2621 3331 γάρ
2650 3278 2780 3314 ποτε
2810 3262 2868 3315 ὲν
2897 3261 3040 3333 λόγῳ
3070 3261 3366 3325 κολακείας
3417 3259 3748 3330 ἐγενήθημεν,
3773 3271 3835 3305 κα·

2336 3348 2443 3413 om;
2473 3351 2669 3417 οἴδατε,
2695 3352 2819 3405 οῦτε
2848 3354 2906 3407 ὲν
2934 3356 3207 3425 προφάσει
3233 3352 3571 3417 πλεονεξίας,
3602 3350 3715 3412 Θεὸς
3740 3348 3838 3417 μάρ-

2331 3461 2450 3510 τυς,
2489 3442 2616 3497 οὔτε
2667 3444 2957 3516 ζητοῦντες
2981 3447 3040 3514 ἐξ
3093 3445 3401 3518 ἀνθρώπων
3436 3444 3611 3510 δόξαν,
3641 3441 3743 3496 οὔτε
3774 3438 3836 3505 ἀφ’

2333 3537 2505 3607 ὑμῶν,
2529 3536 2649 3590 οὕτε
2680 3537 2789 3591 ἀπὸ
2809 3537 3003 3605 ἄλλων,
3034 3539 3319 3608 δυνάμενοι
3354 3541 3417 3592 ὲν
3460 3538 3611 3609 βάρει
3635 3531 3765 3595 εἶναι,
3788 3530 3838 3590 ὡς

2331 3630 2573 3700 Χριστοῦ
2600 3632 2922 3685 ἀπόστολοι·
2956 3631 3072 3685 ἀλλ’
3104 3632 3451 3704 ἐγενήθημεν
3478 3634 3535 3684 ἐν
3576 3630 3707 3700 μέσῳ
3731 3624 3839 3693 ὑμῶν

2330 3722 2405 3786 ὡς
2428 3724 2522 3778 ἐὰν
2548 3726 2741 3795 τροφὸς
2783 3724 2964 3797 θάλπῃ
2991 3726 3058 3780 τά
3086 3725 3284 3797 ἑαυτῆς
3308 3726 3501 3779 τέκνα.
3533 3743 3552 3776 ι

2408 3947 2424 3976 ι
2468 3927 2534 3980 El’
2566 3945 2651 3991 τις
2680 3914 2987 4002 ἐπισκοπῆς
3011 3931 3284 4003 ὀρέγεται,
3313 3931 3488 3986 καλοῦ
3516 3931 3667 4001 ἔργου
3702 3924 3841 3980 ἐπιθυ-

2331 4022 2444 4090 μεῖ.
2474 4022 2567 4074 Δεῖ
2602 4021 2695 4075 οῦν
2716 4022 2805 4076 τὸν
2835 4023 3138 4079 ἐπίσκοπον
3168 4025 3548 4096 ἀνεπίληπτον
3576 4020 3718 4085 εἶναι,
3752 4021 3840 4089 μιᾶς

2327 4113 2586 4180 γυναικὸς
2637 4115 2826 4187 ἄνδρα.
2861 4116 3142 4187 νηφάλιον,
3191 4118 3463 4188 κόσμιον,
3508 4114 3767 4187 φιλόξενον,
3788 4111 3841 4164 δι-

2325 4205 2600 4272 δακτικὸν,
2659 4207 2737 4277 μὴ
2777 4209 3057 4280 πάροινον,
3094 4210 3168 4281 μή
3204 4211 3480 4281 πλήκτην,
3520 4210 3633 4265 ἀλλ’
3676 4206 3837 4270 ἐπιεικῆ

2329 4296 2549 4366 μᾶλλον,
2576 4298 2970 4371 ἀφιλάργυρον,
2994 4301 3089 4353 τοῦ
3119 4300 3248 4355 ἰδίου
3267 4303 3417 4356 οἴκου
3441 4303 3619 4365 καλῶς
3643 4298 3843 4371 προϊστά·

2328 4405 2511 4458 μενον,
2539 4389 2704 4442 τέκνα
2735 4391 2927 4461 ἔχοντα
2964 4392 3023 4446 ἐν
3053 4393 3299 4464 ὑποταγῇ
3332 4394 3509 4465 πολλῇ
3556 4394 3686 4464 μετὰ
3710 4392 3841 4449 πάσης

648 4504 789 4561 tum,
847 4492 993 4548 ﬁlios
1049 4491 1343 4547 habentem
1396 4490 1654 4547 subditos
1699 4491 1757 4544 in
1807 4490 1983 4544 multa
2040 4490 2224 4559 subje-

2327 4481 2674 4552 σεμνότητος.
2706 4483 2770 4535 Εἰ
2802 4484 2859 4536 δέ
2884 4502 2967 4548 τις
2996 4485 3091 4537 τοῦ
3118 4485 3247 4539 ἰδίου
3281 4485 3435 4540 οἴκου
3468 4485 3749 4558 προστῆναι
3772 4481 3843 4533 οῦκ

648 4589 831 4643 ctione
867 4602 994 4641 cum
1028 4585 1183 4640 omni
1218 4585 1496 4640 castitate.
1539 4583 1597 4638 Si
1643 4582 1770 4653 quis
1804 4592 1986 4638 autem
2033 4582 2218 4637 domui

646 4693 760 4733 suae
791 4692 1027 4747 prmesse
1058 4675 1273 4745 nequit,
1318 4675 1599 4746 quomodo
1645 4673 1901 4731 Ecclesia:
1944 4675 2039 4731 Dei
2091 4676 2218 4729 dili-

645 4769 886 4839 gentiam
920 4767 1191 4822 habebit?
1236 4766 1360 4822 Non
1388 4768 1751 4839 neopliytum,
1783 4781 1854 4822 ne
1909 4768 1967 4822 in
2019 4782 2216 4836 super-

644 4859 791 4915 biam
831 4861 1032 4924 elatus,
1078 4861 1134 4914 in
1163 4859 1431 4928 judicium
1472 4858 1683 4915 incidat
1726 4859 1955 4915 diaboli.
1990 4858 2218 4931 Oportet

643 4964 826 5012 autem
856 4963 910 5010 et
938 4953 1092 5008 illum
1120 4952 1505 5009 testiinonium
1549 4953 1756 5007 habere
1796 4954 2001 5007 bonum
2049 4954 2215 5010 abiis

640 5051 739 5119 qui
769 5049 906 5105 foris
939 5055 1091 5115 sunt,
1149 5063 1220 5103 ne
1273 5047 1331 5101 in
1380 5047 1741 5118 cpprobrium
1792 5048 2015 5113 incidat,
2064 5057 2117 5104 et
2157 5049 2213 5104 in

642 5146 898 5213 laqueum
932 5143 1160 5199 diaboli.
1208 5160 1229 5195 ι

722 5302 904 5365 lTim.
935 5319 989 5369 v,
1017 5302 1108 5356 τε.
1149 5329 1220 5341 —-—
1251 5320 1269 5353 ι
1302 5301 1497 5356 Manus
1538 5300 1651 5355 cito
1686 5301 1892 5357 nemini
1931 5304 2209 5375 imposue-

622 5398 737 5462 ris,
758 5411 935 5465 neque
973 5395 1475 5451 communicaveris
1512 5395 1757 5464 peccatis
1785 5396 2005 5454 alienis.
2042 5396 2211 5471 Teip-

640 5506 761 5547 sum
788 5500 1001 5547 castum
1030 5488 1272 5545 custodi.
1314 5507 1333 5539 ι

708 5606 818 5662 Tit.
858 5620 917 5669 ι,
952 5605 1005 5659 7.
1036 5637 1106 5648 --
1148 5625 1167 5657 ‹
1203 5607 1434 5678 Oportet
1468 5606 1789 5679 episcopum
1824 5611 1945 5665 sine
1974 5611 2208 5666 crimine

633 5719 777 5770 esse,
828 5702 976 5756 sicut
1023 5702 1229 5757 Christi
1273 5704 1585 5773 apostolum
1638 5711 1693 5757 ct
1743 5702 2203 5774 dispensatorem,

622 5815 743 5853 'non
787 5800 1108 5869 superbum,
1151 5813 1259 5853 non
1306 5797 1657 5856 iracundum.
1696 5814 1808 5856 non
1838 5798 2203 5865 vinolentum,

2326 4567 2465 4627 οἶδεν
2493 4615 2508 4640 ,
2547 4575 2663 4638 πῶς
2736 4576 3061 4646 Ἐκκλησίας
3135 4578 3270 4632 Θεοῦ
3323 4580 3744 4649 ὲπιμελήσεταις
3791 4572 3842 4623 0‘3

2327 4668 2601 4735 νεόφυτον,
2640 4669 2725 4724 ἵνα
2762 4669 2838 4741 μὴ
2865 4670 3158 4741 τυφωθεὶς,
3185 4672 3286 4736 ἐἰς
3336 4672 3517 4743 κρίμα
3547 4671 3740 4743 ἐμπέσῃ
3776 4661 3842 4717 τοῦ

2324 4759 2597 4813 διαὸόλου.
2631 4763 2725 4815 Δεῖ
2751 4761 2808 4814 δὲ
2848 4763 2944 4815 καὶ
2992 4764 3299 4835 μαρτυρίαν
3344 4766 3521 4836 καλήν
3555 4765 3689 4834 ἔχειν
3723 4757 3845 4812 αὐτὸν

2324 4850 2431 4905 ἀπὸ
2462 4852 2570 4908 τῶν
2596 4852 2815 4919 ἔξωθεν,
2854 4854 2940 4908 ἵνα
2979 4856 3055 4928 μὴ
3080 4859 3160 4920 εἰς
3187 4856 3498 4927 ὀνειδισμὸν
3529 4857 3729 4929 ἐμπέσῃ
3774 4846 3845 4901 καὶ

2324 4944 2529 5013 παγίδα
2560 4944 2654 4999 τοῦ
2680 4946 2949 5001 διαϐόλου.
2985 4970 3003 5001 ι

3390 5123 3433 5161 δ

2396 5322 2415 5354 ‹
2446 5304 2650 5374 Χεῖρας
2678 5302 2889 5373 ταχέως
2919 5304 3113 5374 μηδενὶ
3163 5305 3415 5371 ἐπιτίθει,
3466 5304 3600 5375 μηδὲ
3644 5295 3843 5385 κοινώνει

2322 5393 2617 5463 ἁμαρτίαις
2642 5392 2974 5465 ἀλλοτρίαις.
3028 5394 3249 5449 Ἑαυτὸν
3285 5395 3448 5463 ἁγνὸν
3476 5396 3650 5465 τήρει.
3684 5409 3702 5442 ι

2391 5639 2409 5670 ι
2452 5622 2542 5672 Δεῖ
2562 5619 2657 5673 τὸν
2681 5619 2977 5673 ἐπίσκοπον
3004 5618 3339 5689 ἀνέγκλητον
3366 5612 3530 5679 εἶναι,
3551 5613 3625 5673 ὡς
3649 5611 3839 5678 Χριστσυ

2316 5713 2614 5767 ἀπόστολον
2647 5714 2744 5767 καὶ
2782 5713 3066 5783 οἰκονόμον
3094 5729 3108 5741 ·
3147 5712 3221 5783 μὴ
3280 5709 3510 5778 αὐθάδη,
3552 5706 3623 5776 μή

2316 5807 2391 5876 μὴ
2423 5806 2698 5879 πάροινον,
2756 5806 2833 5877 μὴ
2883 5805 3150 5877 πλήκτην,
3204 5804 3280 5874 μὴ
3322 5797 3693 5885 αἰσχροκερδῆ,
3728 5794 3849 5863 ἀλλα,
