3968 6400
65 376 225 444 1541

1312 378 1547 438 SACRA
1608 373 2070 434 PARALLELA.

3214 376 3353 443 1542

56 496 367 565 φιλόξενον
396 482 431 559 ξ’
483 491 780 563 φιλάγαθον
853 490 1126 565 σώφρονα,
1174 492 1384 548 δίκαιον
1411 537 1426 560 ,
1482 495 1663 558 ὅσιον,

1786 504 1877 540 mn
1925 499 2335 555 percussorem,
2377 500 2485 540 non
2522 486 2700 557 turpis
2738 488 2881 542 lucri
2930 488 3214 561 cupidum,
3252 492 3350 548 sed

58 589 356 661 ἐγκρατῆ.
399 606 418 641 ι

148 786 174 821 ε
224 768 434 840 Μηδείς
481 785 575 821 σου
631 767 1029 840 περιφρονείτω
1057 768 1156 837 τῆς
1187 766 1458 837 νεότητος.
1507 764 1671 818 Ὑπο-

59 860 371 932 μίμνησκε
391 860 587 923 αὑτοὺς
612 860 809 932 ἀρχαῖς
832 860 928 914 καὶ
950 860 1223 925 ἐξουσίαις
1250 856 1666 922 ὑποτάττεσθαι,

58 952 428 1024 πειθαρχεῖν,
461 952 601 1024 πρὸς
620 952 727 1005 πᾶν
743 951 904 1024 ἔργον
935 952 1144 1022 ἀγαθὸν
1168 950 1423 1023 ἑτοίμους
1449 945 1611 1011 εἶναι.
1644 967 1664 1000 ι

153 1150 176 1184 ε
224 1131 709 1196 Ἐπισκοποῦντες,
733 1131 808 1203 μὴ
835 1129 1219 1201 ἀναγκαστῶς,
1237 1127 1353 1183 ἀλλ’
1378 1127 1666 1194 ἑκουσίως,

61 1220 225 1293 μηδὲ
294 1219 724 1293 αἰσχροκερδῶς,
763 1221 901 1276 ἀλλὰ.
962 1220 1260 1294 προθύμως
1304 1218 1447 1273 κατὰ
1503 1218 1666 1271 Θεόν·

65 1310 223 1382 μηδέ
253 1311 332 1375 ὡς
370 1310 867 1384 κατακυριεύοντες
892 1312 1002 1365 τῶν
1037 1312 1280 1383 κλήρων,
1338 1310 1474 1365 ἀλλά
1501 1311 1671 1375 τύπος

60 1403 366 1474 γινόμενοι
402 1405 495 1457 τοῦ
526 1405 801 1476 ποιμνίου.
839 1422 859 1457 ι

143 1498 263 1549 Τὸν
298 1499 619 1569 προεστῶτα
666 1498 743 1569 μὴ
782 1496 1057 1568 ὲπαιρέτω
1107 1497 1169 1550 τὸ
1209 1495 1447 1569 ἀξίωμα,
1477 1497 1564 1552 ἵνα
1594 1497 1670 1570 μὴ

63 1590 298 1663 ἐκπέσῃ
332 1590 427 1644 τοῦ
491 1590 845 1663 μακαρισμοῦ
900 1590 1002 1661 τῆς
1055 1589 1585 1661 ταπεινοφροσύνης,
1636 1588 1669 1658 ἢ

66 1682 177 1735 καὶ
206 1682 375 1746 αὑτὸς
407 1682 739 1751 τυφλωθεὶς
788 1684 876 1747 εὶς
906 1680 1085 1749 κρίμα
1115 1678 1350 1748 ἐμπέσῃ
1390 1676 1496 1731 τοῦ
1543 1676 1669 1729 δια-

64 1776 297 1829 ϐόλου.
340 1772 483 1827 Ἀλλ’
529 1776 706 1828 ἐκεῖνο
749 1772 1050 1838 πεπείσθω,
1080 1773 1221 1842 ὅτιὴ
1256 1769 1363 1824 τῶν
1404 1769 1670 1822 πλειόνων

64 1867 376 1939 ἐπιμέλεια
418 1866 676 1920 πλειόνων
717 1866 865 1919 ἐστὶν
897 1864 1194 1936 ὑπηρεσία.
1238 1864 1326 1927 Ὦς
1355 1859 1449 1917 οῦν
1476 1864 1504 1915 ὁ
1543 1862 1672 1915 πο).-

64 1959 195 2024 λοίς
236 1961 336 2031 μὲν
360 1959 647 2031 ὑπηρετῶν
670 1956 1226 2030 τετραυματισμένοις
1246 1995 1261 2021 ,
1296 1955 1391 2009 καὶ
1414 1953 1667 2022 ἀποξύων

65 2051 185 2121 μὲν
204 2052 331 2115 τοὺς
354 2052 558 2123 ἰχῶρας
577 2050 807 2104 ἑκάστου
830 2048 1163 2121 τραύματος,
1195 2048 1489 2120 προσάγων
1513 2046 1571 2101 δὲ
1591 2046 1661 2100 τά

68 2140 409 2213 βοηθήματα
430 2140 570 2194 κατά
591 2141 690 2211 τὴν
715 2141 949 2211 ίδιότητα
973 2140 1073 2209 τῆς
1095 2138 1468 2210 ὑποκειμένης
1488 2138 1669 2192 κακώ-

69 2249 250 2297 σεως,
268 2231 389 2302 οὐχὶ
417 2230 968 2303 ἐπάρσεωςάφορμὴν
992 2232 1092 2301 τὴν
1122 2230 1433 2301 ὑπηρεσίαν
1451 2228 1668 2300 λαμϐά-

68 2342 182 2384 νει,
227 2323 367 2377 ἀλλά
388 2322 588 2394 μᾶλλον
604 2322 985 2387 ταπεινώσεως
1006 2324 1096 2376 καὶ
1113 2322 1350 2391 ἀγωνίας
1372 2338 1386 2353 ’
1414 2323 1507 2376 καὶ
1534 2321 1668 2376 πολὺ

66 2415 253 2470 πλέον
272 2410 424 2480 οὗτος
444 2417 473 2468 ὁ
494 2415 564 2469 τά
588 2414 789 2487 ἀσθενή
799 2432 947 2486 ματα
973 2414 1155 2469 ἰᾶσθαι
1177 2414 1279 2485 τῆς
1308 2413 1668 2484 ἀδελφότητος

70 2507 420 2574 πιστευθεὶς,
446 2507 523 2571 ὡς
545 2508 761 2562 πάντων
790 2509 1089 2579 ὑπηρέτης,
1121 2508 1215 2561 καὶ
1262 2507 1403 2577 ὑπὲρ
1445 2506 1668 2561 πάντων

70 2600 247 2668 λόγον
263 2599 400 2672 ἔχων
425 2600 631 2666 δοῦναι,
661 2600 991 2656 διανοεῖσθαι
1029 2600 1122 2654 καὶ
1165 2601 1407 2673 ἀγωνιᾷν
1438 2600 1665 2669 ὀφείλει.

78 2691 286 2762 Τούτῳ
320 2693 428 2765 γάρ
456 2692 535 2764 τῷ
564 2692 755 2764 τρόπῳ
780 2692 1263 2764 κατορθωθήσεται
1293 2694 1322 2746 ὁ
1349 2692 1550 2756 σκοπὸς
1571 2692 1667 2746 τοῦ

75 2786 295 2856 Κυρίου
334 2785 578 2849 εἰπόντος
601 2801 616 2816 ⁸
645 2786 720 2840 ΕΖ
747 2803 838 2852 τις
871 2785 1029 2841 θέλει
1063 2786 1133 2839 ἐν
1162 2784 1305 2854 ὑμῖν
1334 2781 1487 2839 εἶναι
1511 2784 1667 2855 πρῶ-

80 2894 214 2944 τος,
275 2879 433 2933 ἔστω
466 2877 711 2932 πάντων
761 2877 1045 2947 ἔσχατος,
1094 2875 1195 2930 καὶ
1252 2874 1497 2930 πάντων
1542 2874 1668 2929 διά-

76 2987 294 3036 κον-ος.

1773 578 2120 657 hospitalem,
2143 568 2469 647 benignum,
2495 579 2770 645 sobrium,
2800 580 3035 650 justum,
3066 593 3349 650 sanetum,

1772 670 2177 733 continentem,
2211 688 2229 721 ι
2266 679 2377 725 etc.

1846 762 1954 818 Tit.
2022 778 2097 827 ιι,
2156 762 2345 818 15.-
2396 781 2413 813 ι
2476 762 2649 819 Nemo
2705 765 3135 823 adolescentiam
3200 778 3349 826 tuam

1773 862 2112 910 contemnat.
2142 854 2393 910 Admone
2423 855 2548 912 illos
2587 857 2936 929 principibus
2977 869 3030 915 et
3067 866 3353 931 potestati-

1770 947 1875 1003 bus
1922 947 2180 1003 subditos
2213 962 2359 1014 esse,
2400 947 2547 1002 dicto
2585 948 2833 1015 obedire,
2885 952 2953 1007 ad
3008 968 3173 1009 omne
3210 972 3354 1026 upus

1770 1038 1978 1094 bonum
2017 1048 2245 1110 paratos
2278 1055 2422 1097 esse.
2466 1060 2487 1095 ι

1842 1132 1873 1186 Ι
1910 1129 2062 1186 Petr.
2110 1147 2165 1196 ν,
2191 1132 2245 1187 5.
2281 1162 2350 1171 -
2385 1151 2403 1185 ι
2442 1132 2825 1200 Providentes,
2858 1150 2965 1189 non
3003 1147 3219 1204 coacte,
3253 1139 3353 1194 sed

1772 1234 2111 1296 spontanee;
2148 1239 2327 1295 neque
2366 1224 2547 1296 turpis
2588 1226 2730 1280 lucri
2768 1226 2971 1296 gratia,
3015 1230 3108 1282 sed
3144 1230 3351 1284 volun-

1772 1315 1914 1371 tarie
1958 1314 2264 1371 secundum
2315 1313 2486 1369 Deum
2528 1334 2543 1368 :
2587 1331 2766 1387 neque
2813 1324 2872 1370 ut
2906 1317 3262 1375 dominantes
3293 1322 3351 1377 in

1772 1404 1959 1469 cleris,
1996 1404 2092 1460 sed
2128 1403 2307 1459 forma
2338 1404 2471 1459 facti
2494 1406 2695 1476 gregis.
2734 1424 2753 1457 ι

1840 1495 1899 1551 S.
1934 1495 2105 1551 Basil.
2141 1511 2207 1551 ex
2250 1512 2444 1550 canon.
2490 1495 2725 1552 Constit.
2776 1509 2964 1568 quiest.
2998 1501 3052 1553 5.
3095 1531 3164 1539 —
3194 1502 3353 1556 Anti-

1774 1588 1921 1644 stitis
1962 1589 2177 1644 animos
2214 1588 2457 1659 dignitas
2485 1606 2595 1644 non
2634 1591 2874 1656 attollat,
2924 1608 2991 1647 ne
3036 1593 3107 1647 ab
3135 1593 3357 1648 humili—

1774 1681 1911 1735 tatis
1956 1690 2013 1735 οι
2061 1681 2349 1736 modestia:
2407 1681 2753 1737 beatitudine
2805 1684 3045 1749 excidat,
3098 1693 3193 1740 aut
3229 1687 3353 1757 ipse

1773 1772 1941 1829 etiam
1968 1773 2024 1825 in
2060 1772 2366 1840 superbiam
2406 1772 2601 1837 elatus,
2636 1775 2687 1827 in
2704 1774 2968 1844 judicium
3000 1778 3203 1832 incidat
3231 1780 3353 1834 dia-

1776 1860 1883 1914 boli
1926 1858 1980 1930 (I
2024 1858 2159 1913 Tim.
2218 1876 2314 1927 ιιι,
2365 1859 2440 1925 6).
2499 1860 2641 1927 Quit:
2684 1864 2868 1931 potius
2923 1865 3024 1920 hoc
3065 1865 3174 1921 sibi
3226 1883 3353 1938 per-

1774 1952 2027 2018 suadeat,
2063 1952 2367 2007 multormn
2416 1967 2605 2007 curam
2638 1969 2832 2024 gerere
2865 1955 3005 2010 nihil
3040 1957 3187 2012 aliud
3230 1973 3355 2017 esse

1768 2059 1937 2116 quam
1976 2044 2170 2098 multis
2200 2044 2490 2099 inservire.
2545 2043 3021 2111 Quemadmodum
3056 2048 3227 2119 igitur
3256 2051 3351 2121 qui

1769 2136 1961 2191 multis
1994 2135 2205 2191 sauciis
2249 2151 2473 2207 operam
2506 2144 2694 2199 navat,
2728 2152 2795 2192 ac
2839 2146 2955 2192 tum
3002 2139 3350 2210 singulorum

1768 2229 2057 2283 vulnerum
2099 2216 2260 2297 51⁸2
2302 2228 2511 2283 saniem
2542 2229 2743 2294 eradit,
2773 2236 2891 2284 tum
2934 2231 3134 2302 cuique
3173 2232 3353 2289 dolori

1770 2329 2210 2375 consentaneum
2234 2319 2544 2375 remedium
2575 2318 2827 2388 adhibet,
2859 2321 2951 2377 hic
2980 2337 3047 2378 ex
3079 2323 3353 2393 ejusmodi

1770 2410 1952 2467 cilicio
1990 2410 2253 2467 elationis
2310 2425 2507 2468 ausam
2581 2426 2934 2483 nequaquam
2986 2415 3207 2485 arripit,
3255 2418 3355 2473 sed

1770 2502 2106 2559 humilitatis
2134 2503 2320 2573 potius
2365 2512 2421 2558 et
2463 2502 2863 2561 sollicitudinis
2894 2524 2909 2561 :
2938 2508 3135 2564 eodem
3168 2510 3352 2576 modo,

1771 2604 1827 2649 et
1854 2592 2080 2665 quidem
2108 2592 2283 2647 multo
2309 2594 2483 2663 magis
2510 2593 2560 2649 is
2593 2594 2663 2649 ad
2710 2610 2873 2666 quem
2905 2599 3077 2654 totius
3108 2600 3353 2657 sodalitii

1776 2684 2158 2740 inﬁrmitatum
2212 2686 2430 2740 curatio
2486 2694 2725 2756 spectat,
2783 2688 2933 2745 velut
2970 2692 3062 2760 qui
3109 2693 3353 2750 omnium

1775 2777 2029 2833 minister
2074 2776 2169 2842 sit,
2226 2778 2614 2848 rationemque
2653 2794 2756 2851 pro
2808 2782 3074 2839 omnibus
3122 2785 3357 2840 redden-

1774 2869 1900 2925 dam
1937 2869 2161 2930 babeat,
2194 2869 2271 2922 ita
2311 2869 2497 2923 animo
2537 2872 2880 2929 constitutus
2920 2888 3047 2928 esse
3075 2874 3258 2941 debet,
3291 2891 3357 2931 ac

1774 2960 2076 3032 trepidare.
2121 2959 2236 3015 lloc
2287 2965 2438 3017 enini
2476 2970 2644 3033 pacto
2690 2963 2823 3019 illud
2873 2967 3154 3035 prmstabit
3208 2969 3354 3038 quod

83 3062 193 3116 sibi
234 3062 501 3119 Dominus
545 3064 910 3135 proponebat,
949 3079 1075 3120 cum
1109 3065 1319 3121 diceret
1369 3085 1382 3120 :
1430 3063 1490 3121 Si
1534 3063 1652 3133 quis
1686 3059 1796 3115 vult
1831 3058 1969 3110 inter
2016 3072 2106 3109 vos
2162 3055 2367 3124 primus
2415 3072 2545 3119 esse,
2594 3059 2662 3111 sit
2716 3060 2951 3113 omnium
3011 3062 3354 3136 novissimus,

82 3164 133 3207 et
176 3158 417 3209 omnium
442 3158 685 3211 minister
714 3155 909 3229 (Mart.
943 3174 1021 3223 ix,
1053 3158 1170 3228 54).

168 3251 232 3305 Ὀ
262 3250 360 3321 τὴν
396 3253 582 3323 κοινὴν
611 3255 869 3325 φροντίδα
916 3254 1368 3327 πεπιστευμένος,
1398 3254 1473 3320 ὡς
1520 3254 1669 3323 ὀφείι
1700 3258 1742 3315 C

84 3343 196 3397 λων
231 3344 391 3414 λόγον
417 3343 603 3398 δοῦναι
635 3346 765 3417 περὶ
812 3346 1044 3400 ἑκάστου
1075 3345 1185 3399 τῶν
1218 3346 1665 3417 ὲμπεπιστευμέο

84 3454 216 3501 νων,
257 3437 400 3490 οὕτω
429 3436 745 3493 διακείσθω.

156 3616 472 3672 Μανθάνειν
518 3617 1011 3688 ἀνεπαισχύντως,
1084 3618 1179 3671 καὶ
1240 3617 1511 3672 διδάσκειν
1577 3620 1671 3671 ἁν-

88 3710 418 3779 επιφθόνως,
464 3709 561 3763 καὶ
605 3709 658 3762 εί
694 3727 749 3764 τι
783 3709 915 3781 παρ’
963 3708 1153 3781 ἐτέρου
1203 3710 1535 3776 δεδίδακται,
1594 3710 1669 3780 μὴ

87 3802 471 3875 ἐπικρύπτειν,
495 3801 684 3873 ὥσπερ
727 3802 783 3855 αἱ
823 3801 1025 3872 φαῦλαι
1047 3802 1156 3855 τῶν
1180 3802 1474 3872 γυναικῶν,
1514 3803 1569 3855 αἱ
1602 3800 1671 3854 τά

88 3896 215 3949 νόθα
266 3894 747 3965 ὑποῦαλλόμεναιο,
778 3893 917 3949 ἀλλὰ
968 3894 1267 3966 κηρύσσειν
1312 3893 1670 3965 εὐγνωμόνως

89 3988 178 4042 τὸν
214 3987 436 4058 Πατέρα
466 3986 563 4041 τοῦ
593 3988 792 4058 Λόγου.

170 4167 495 4239 Ἀνθρώπῳ,
519 4167 760 4239 χαλεποῦ
811 4168 965 4234 ὄντος
996 4167 1093 4223 τοῦ
1140 4168 1344 4224 εἰδέναι
1376 4168 1666 4241 ἄρχεσθαι,

93 4261 389 4315 κινδυνεύει
464 4260 668 4332 μᾶλλον
719 4261 1100 4332 χαλεπώτερον
1162 4258 1301 4315 εἶναι
1354 4262 1415 4314 τὸ
1465 4261 1666 4315 είδέναι

94 4353 283 4424 ἄρχειν
308 4352 611 4425 ἀνθρώπων
632 4368 649 4384 '
700 4353 795 4407 καὶ
844 4354 1080 4423 μάλιστα
1103 4354 1279 4425 ἀρχὴν
1327 4352 1532 4423 ταύτην
1566 4356 1667 4425 τὴν

94 4444 388 4516 ἡμετέραν,
418 4444 517 4514 τὴν
546 4445 604 4497 ἐν
626 4443 775 4513 νόμῳ
803 4442 932 4514 θείῳ
960 4442 1057 4495 καί¹
1086 4444 1223 4513 πρὸς
1246 4443 1379 4497 Θεὸν
1403 4444 1665 4513 ἄγουσαν,

94 4529 159 4605 ἦς
191 4536 314 4589 ὅσον
340 4534 403 4588 τὸ
438 4532 572 4605 ῦψος
601 4533 694 4587 καὶ
728 4524 788 4585 τὸ
817 4532 1058 4604 ἀξίωμα,
1086 4533 1342 4589 τοσοῦτον
1368 4538 1463 4589 καὶ
1493 4537 1521 4589 ὁ
1555 4535 1668 4589 κίν-

93 4625 267 4693 δυνος.

166 4806 314 4876 Δῦτη
342 4823 431 4877 μοι
464 4806 711 4875 φαίνεται
734 4802 813 4875 τῷ
837 4803 949 4857 ὄντι
980 4801 1144 4873 τέχνη
1169 4818 1253 4865 τις
1276 4797 1418 4855 εἶναι
1444 4802 1669 4871 τεχνῶν,

101 4899 191 4951 καὶ
222 4900 497 4970 ἐπιστήμη
527 4897 868 4969 ἐπιστημῶν,
903 4896 1190 4967 ἄνθρωπον
1221 4894 1376 4963 ἄγειν
1404 4893 1470 4946 τὸ
1508 4894 1673 4946 πολυ-

102 4990 444 5059 τροπάπατον
474 4990 614 5055 ζῶον
643 4992 739 5045 καὶ
765 4989 1178 5043 ποικιλώτατον.

172 5085 379 5155 ’Ὠσπερ
426 5086 537 5148 τοῖς
562 5083 838 5154 σώμασιν,
878 5083 938 5136 ού
964 5083 1066 5153 τὴν
1095 5080 1267 5152 αὐτὴν
1315 5079 1672 5151 φαρμακείαν

106 5176 195 5228 καὶ
220 5176 423 5249 τροφὴν
455 5176 861 5247 προσφέρονται
915 5175 1177 5241 ἅπαντες,
1211 5172 1362 5227 ἀλλοι
1386 5172 1442 5225 δὲ
1476 5171 1663 5242 ἄλλην,

106 5266 136 5337 ἦ
172 5267 534 5333 εύεκτοῦντες,
570 5269 605 5339 ἢ
640 5268 961 5338 κάμνοντες,
1012 5263 1156 5319 οὑτω
1214 5264 1309 5318 καὶ
1346 5262 1447 5327 τὰς
1492 5261 1668 5331 ψυχὰς

106 5359 340 5431 διαφόρῳ
362 5360 506 5431 λόγῳ
528 5360 621 5413 καὶ
646 5358 835 5429 ἀγωγῇ
868 5356 1255 5429 θεραπευτέον.
1288 5355 1582 5427 Μάρτυρες
1611 5352 1668 5405 δὲ

106 5450 196 5514 τῆς
233 5448 547 5520 θεραπείας,
579 5442 655 5502 ὧν
677 5449 770 5502 καὶ
799 5448 868 5501 τά
916 5447 1083 5517 πάθη.
1116 5446 1257 5510 Τοὺς
1293 5445 1393 5516 μὲν
1422 5446 1545 5512 ἀγει
1577 5443 1668 5496 λό-

107 5552 214 5603 γος,
248 5544 294 5595 oi
317 5541 371 5595 δὲ
399 5540 756 5612 ρυθμίζονται
784 5540 1208 5611 παραδείγματι.
1240 5538 1304 5590 Οἱ
1331 5536 1431 5607 μὲν
1458 5535 1669 5589 δέονται

112 5628 348 5699 κέντρου,
373 5634 423 5685 oi
457 5633 512 5686 δὲ
554 5631 793 5703 χαλινοῦ.
825 5631 936 5685 Καὶ
980 5632 1030 5684 οἱ
1064 5632 1160 5701 μὲν
1200 5629 1309 5700 γάρ
1334 5630 1440 5681 είσι
1479 5626 1670 5690 νωθεϊς

114 5719 199 5770 καὶ
231 5720 535 5793 δυσκίνητοι
586 5723 722 5795 πρὸς
772 5720 832 5774 τὸ
856 5718 1042 5785 καλὸν,
1101 5720 1196 5785 οὓς
1234 5722 1302 5790 τῇ
1358 5718 1541 5789 πληγῇ
1572 5715 1668 5770 τοῦ

119 5807 262 5881 λόγου
293 5815 614 5886 διεγερτὲον,
644 5816 692 5868 οί
733 5814 790 5868 δὲ
830 5812 1148 5884 θερμότεροι
1200 5810 1292 5866 τοῦ
1338 5811 1563 5882 μετρίου
1594 5809 1671 5879 τῷ

1855 3241 1995 3296 Ibid.
2027 3250 2214 3312 qua’st.
2247 3240 2338 3296 25.
2370 3271 2440 3280 κ-
2467 3240 2571 3308 Qui
2599 3256 2948 3296 communem
2974 3241 3222 3295 omnium
3254 3257 3355 3297 cu-

1774 3348 1888 3386 ram
1925 3333 2189 3402 suscepit,
2223 3348 2288 3386 eo
2316 3333 2502 3388 animo
2551 3349 2674 3389 esse
2718 3333 2900 3398 debet,
2949 3341 3216 3404 tanquam
3252 3350 3356 3405 pro

1776 3440 2110 3493 unoquoque
2153 3439 2346 3477 eorum
2394 3425 2489 3494 qui
2537 3439 2654 3480 suae
2698 3424 2825 3480 ﬁdei
2865 3426 3149 3482 commissi
3202 3437 3353 3491 sunt,

1775 3517 2048 3572 rationem
2076 3515 2150 3568 sit
2190 3515 2536 3569 redditurus.

1846 3606 2099 3676 Ejusdem
2123 3607 2276 3675 epist.
2310 3606 2438 3659 1.-
2459 3606 2685 3662 Discere
2715 3606 2835 3662 sine
2874 3605 3105 3677 pudore,
3146 3614 3203 3662 et
3233 3608 3355 3664 sine

1776 3700 1982 3755 invidia
2017 3698 2219 3754 docere
2262 3706 2521 3769 oportet:
2575 3700 2621 3754 si
2658 3700 2789 3769 quid
2820 3700 2889 3755 ab
2918 3700 3027 3754 alio
3067 3699 3351 3767 didiceris,

1776 3789 2002 3844 minime
2049 3788 2269 3844 silentio
2306 3788 2665 3843 dissimulare
2713 3787 3198 3859 (quemadmodum
3250 3788 3354 3841 im-

1772 3884 1959 3956 probae
2000 3883 2255 3939 mulieres
2294 3884 2495 3949 solent,
2529 3899 2652 3953 qua:
2675 3882 3021 3938 adulterinos
3051 3880 3199 3937 fetus
3247 3897 3352 3953 pro

1772 3977 1889 4033 suis
1917 3977 2287 4048 supponunt),
2329 3975 2425 4032 sed
2458 3974 2698 4030 candido
2729 3976 2917 4030 animo
2948 3973 3111 4030 Verbi
3136 3973 3349 4031 Patrem

1772 4070 2101 4141 praedicare.

1841 4163 1899 4217 S.
1925 4160 2078 4234 Greg.
2116 4160 2391 4216 Nazianz.
2429 4169 2571 4216 orat.
2617 4160 2669 4215 1.
2701 4189 2772 4198 -
2795 4158 2934 4215 Cum
2968 4158 3175 4214 homini
3208 4158 3348 4213 ditii-

1771 4253 1879 4310 cile
1909 4256 1982 4311 sit
2030 4270 2200 4311 nosse
2250 4268 2470 4323 parere,
2510 4261 2629 4309 tum
2672 4266 2808 4307 vero
2856 4251 3021 4322 longe
3073 4251 3349 4306 dillicilius

1770 4350 1988 4405 videtur
2038 4350 2183 4407 scire
2232 4350 2557 4406 hominibus
2597 4349 2889 4417 imperare,
2936 4360 3000 4401 ac
3038 4345 3345 4417 praesertim

1772 4444 1876 4498 hoc
1898 4455 2089 4499 nostro
2121 4443 2377 4513 imperio,
2421 4441 2568 4513 quod
2615 4441 2735 4511 lege
2762 4440 2949 4495 divina
2986 4438 3347 4494 administra-

1770 4542 1863 4589 tur
1891 4542 1949 4589 et
1975 4533 2045 4588 ad
2078 4533 2249 4588 Deum
2282 4533 2439 4588 ducit
2475 4552 2487 4586 :
2538 4533 2704 4602 cujus
2737 4538 2949 4601 quanto
2977 4530 3156 4601 major
3181 4529 3348 4585 celsi-

1701 4645 1747 4700 υ
1776 4622 1910 4678 tudo
1937 4630 1991 4679 et
2021 4623 2260 4694 dignitas
2294 4627 2386 4691 sit,
2425 4632 2577 4679 tanto
2620 4637 2843 4694 quoque
2869 4624 3093 4693 gravius
3131 4625 3348 4693 pericu-

1774 4716 1888 4771 lum
1914 4724 2021 4771 est.

1844 4802 1983 4857 Ibid.
2026 4834 2095 4843 —
2140 4801 2268 4857 llaec
2297 4800 2431 4857 mihi
2455 4818 2588 4859 vere
2638 4818 2729 4860 ars
2770 4804 2971 4859 artium
3007 4814 3063 4861 et
3115 4806 3348 4861 scientia

1773 4898 2135 4953 scientiarum
2158 4912 2284 4952 esse
2310 4896 2554 4963 videtur,
2588 4898 2867 4953 hominem
2898 4914 3110 4971 regere,
3144 4899 3349 4953 animal

1774 4989 1909 5045 illud
1948 4990 2088 5045 mire
2116 4988 2423 5059 multiplex,
2460 4996 2514 5043 et
2542 5004 2704 5059 quam
2734 4991 2973 5047 maxime
3004 4990 3242 5045 varium.

1842 5080 1982 5136 Ibid.
2018 5109 2090 5120 -—
2121 5078 2306 5133 Veluti
2348 5095 2449 5136 nec
2481 5081 2909 5148 medicamenta,
2952 5096 3056 5135 nec
3087 5081 3347 5135 alimenta

1772 5172 1961 5229 eadem
2013 5173 2343 5244 corporibus
2388 5174 2650 5230 omnibus
2706 5175 3040 5238 oﬂ’eruntur,
3095 5174 3192 5228 sed
3240 5174 3348 5230 alia

1776 5263 1921 5328 aliis,
1948 5278 2048 5335 pro
2083 5278 2300 5331 eorum,
2336 5265 2423 5320 vel
2455 5265 2736 5329 sanitatis,
2776 5264 2859 5320 vel
2887 5262 3218 5319 valetudinis
3253 5279 3345 5320 ra-

1774 5356 1922 5412 tione
1950 5375 1963 5410 :
2001 5356 2084 5411 sic
2113 5356 2315 5411 animae
2343 5355 2570 5413 diverso
2596 5356 2759 5413 modo
2784 5364 2838 5411 et
2867 5355 3037 5411 ductu
3059 5364 3343 5412 curantur.

1771 5448 1850 5503 Ac
1897 5450 2212 5504 curationis
2265 5456 2438 5506 testes
2492 5457 2622 5505 sunt
2677 5450 2771 5520 qui
2827 5448 3037 5505 morbis
3087 5448 3346 5518 hujusce—

1772 5540 1923 5595 modi
1960 5550 2254 5596 vexantur.
2284 5542 2442 5603 Alios
2475 5548 2659 5597 movet
2697 5542 2901 5605 oratio,
2944 5540 3043 5594 alii
3075 5541 3348 5601 antistitis

1770 5632 2024 5702 exemplo
2052 5642 2486 5702 componuntur.
2564 5632 2891 5688 Calcaribus
2939 5632 3034 5686 alii
3075 5648 3216 5704 opus
3245 5633 3345 5685 ha-

1773 5725 1926 5791 bent,
1960 5724 2050 5778 alii
2090 5722 2271 5781 freno.
2300 5724 2434 5779 Nam
2463 5726 2555 5795 qui
2599 5726 2745 5781 lente
2772 5732 2825 5780 et
2860 5726 3102 5795 segniter
3131 5724 3199 5778 ad
3233 5723 3329 5776 vir‘

1774 5822 1939 5868 tutcm
1973 5796 2293 5882 moventur,
2340 5814 2395 5870 bi
2440 5815 2735 5871 verborum
2780 5814 3023 5871 stimulis
3061 5809 3341 5867 excitandi
