3968 6400
627 309 647 369 i
659 310 762 372 543

1814 304 1875 360 5.
1910 298 2228 360 JOANNIS
2263 297 2691 359 DAMASCENI

3751 301 3869 368 lfri‘i

621 436 786 490 sunt;
816 424 913 495 qui
955 436 1085 477 vero
1121 419 1330 492 spiritu
1364 416 1486 489 plus
1523 428 1687 486 quam
1732 428 1835 484 par
1868 413 1941 467 sit
1988 411 2178 464 incale-

2295 407 2569 479 πνεύματι
2615 410 2708 462 καὶ
2761 410 3123 464 δυσκάθεκτοι
3160 413 3281 475 ταῖς
3329 413 3565 482 ὁρμαῖς,
3626 414 3869 486 καθιεῖν-ἰε

621 529 807 585 scunt,
843 529 898 574 et
926 516 1192 589 praecipiti
1229 515 1440 584 impetu
1483 512 1755 573 feruntur,
1787 509 1936 563 velut
1967 504 2189 576 equulei

617 612 872 683 generosi
925 611 1118 680 procul
1173 624 1203 661 a
1251 615 1395 661 meta
1440 604 1806 666 cursitantes,
1861 601 1962 653 hos
1996 599 2189 668 utique

616 704 890 759 orationis
950 703 1107 756 freno
1159 713 1415 755 coercere
1483 694 1823 766 prmstiterit.
1874 692 2019 746 Aliis
2069 691 2191 743 laus

619 798 867 866 prodest,
922 795 1046 847 aliis
1079 788 1462 860 reprehensio,
1510 783 1671 840 modo
1702 795 1935 853 utraque
1981 790 2191 849 tempe-

619 863 760 938 stive
813 880 1226 951 prudenterque
1275 873 1626 928 adhibeatur.
1672 869 1824 924 Alios
1869 863 2189 921 adhortatio

615 973 865 1045 corrigit,
893 972 1033 1024 alios
1061 963 1409 1036 objurgatio;
1442 969 1611 1032 atque
1642 959 1756 1015 haec
1785 971 1978 1011 rursus
2014 967 2187 1024 quos-

612 1042 843 1130 ἀδιηίεί
875 1061 1055 1133 palam
1084 1062 1418 1129 arguantur;
1452 1053 1617 1117 alios,
1673 1050 1722 1105 si
1766 1046 1995 1104 remotis
2040 1042 2190 1098 arbi-

617 1160 720 1214 tris
760 1158 1133 1225 increpentur.
1183 1150 1329 1204 Sunt
1370 1147 1518 1204 enim
1546 1143 1645 1216 qui
1681 1142 1820 1197 nihil
1850 1147 2047 1195 curent
2078 1136 2189 1207 pri-

616 1257 771 1304 vatas
815 1244 1249 1308 admonitiones,
1291 1237 1515 1310 publica
1563 1248 1697 1290 vero
1750 1228 2189 1302 reprehensione

611 1340 1009 1403 emendentur;
1054 1340 1186 1389 sunt
1214 1344 1410 1385 rursus
1446 1325 1563 1398 qui,
1592 1339 1721 1380 cum
1746 1323 1975 1377 liberius
2000 1319 2188 1373 redar—

610 1442 876 1504 guantur,
914 1426 1177 1498 pudorem
1223 1436 1448 1478 omnem
1498 1419 1837 1487 abstergant,
1885 1420 2187 1481 contraque

612 1526 841 1597 privatis
893 1517 1350 1590 castigationibus
1391 1514 1650 1569 meliores
1692 1509 1802 1564 illis
1858 1506 2015 1570 ﬁant,
2046 1518 2186 1573 quos

611 1620 786 1672 vicem
822 1629 981 1670 suam
1013 1612 1200 1667 dolere
1225 1608 1607 1679 perspiciunt:
1639 1604 1742 1657 hoc
1772 1599 2021 1656 vicissim
2052 1612 2180 1651 mu-

609 1712 763 1767 neris
794 1706 1177 1779 rependentes,
1230 1710 1289 1755 ut
1330 1714 1523 1755 eorum
1555 1693 1781 1751 monitis
1832 1703 2043 1745 morem
2092 1702 2184 1758 ge-

2290 500 2464 554 πῶλοι
2503 502 2742 568 γενναῖοι
2795 500 2900 566 ἔξω
2924 501 3026 571 τῆς
3067 501 3271 573 νύσσης
3314 501 3566 565 θέοντες.
3604 502 3757 566 Τοὺς
3788 506 3870 575 μὲν

2290 592 2512 656 ἔπαινος
2530 590 2763 663 ὤνησεν,
2791 594 2916 656 τοὺς
3042 592 3210 661 ψόγος
3226 564 3261 622 :7
3278 593 3585 664 ἀμφότερα
3625 564 3772 664 μετά

2289 684 2485 756 καιροῦ
2514 686 2608 737 καὶ
2638 683 2733 738 τοῦ
2765 682 2944 753 λόγου.
2978 683 3116 747 Τοὺς
3148 684 3250 755 μὲν
3279 685 3655 757 παράκλησις
3692 703 3869 757 uta?-
3902 692 3905 697 '

2289 776 2395 843 θοῖ,
2416 778 2543 842 τοὺς
2573 778 2631 831 δὲ
2672 777 2990 847 ἐπιτίμησις
3016 794 3030 806 ·
3058 779 3152 831 καλ⁵
3190 773 3368 842 αὖθις,
3407 778 3546 841 τοὺς
3594 780 3702 848 μὲν
3726 781 3782 831 ἐν
3810 782 3872 848 τῷ

2289 866 2452 938 κοινῷ
2481 867 2949 939 διελεγχομένους,
2984 868 3110 933 τοὺς
3137 868 3194 921 δὲ
3218 868 3489 941 κρύϐδην.
3518 870 3756 923 Φιλοῦσι
3782 874 3867 939 γὰρ

2289 957 2341 1008 οἱ
2374 958 2473 1028 μὲν
2502 960 2865 1030 καταφρονεῖν
2904 958 3014 1012 τῶν
3063 958 3210 1013 ἰδίων
3236 960 3717 1032 νουθετημάτων,
3750 963 3866 1032 ὠή-

2288 1048 2414 1113 θους
2443 1051 2785 1121 καταγνώσει
2821 1051 3280 1125 σωφρονιζόμενοι
3302 1070 3322 1085 ο
3345 1054 3399 1107 οἱ
3447 1054 3512 1108 δὲ
3550 1056 3701 1125 πρὸς
3732 1056 3863 1108 Elea-

2287 1140 2477 1212 θερίαν
2505 1143 2614 1198 τῶν
2640 1144 2877 1216 ἐλέγχων
2907 1122 3304 1217 ἀναισχυντεῖν,
3339 1146 3423 1217 τῷ
3463 1149 3579 1219 τῆς
3606 1122 3859 1218 -ὲπιτιμή-
3966 1122 3968 1139 ⁵

2289 1246 2426 1295 σεως
2478 1234 2762 1307 μυστηρίῳ
2815 1236 3343 1308 παιδαγωγούμενοι,
3377 1239 3483 1291 καὶ
3518 1240 3860 1304 ἀντιδιδόντες

2285 1322 2386 1393 τῆς
2411 1326 2756 1396 συμπαθείας
2780 1327 2881 1399 τὴν
2900 1329 3214 1384 εὐπάθειαν.
3243 1331 3365 1384 Τῶν
3390 1331 3503 1402 μὲν
3534 1336 3855 1404 παρατηρείῖ

2285 1416 2563 1486 ἐπιμελῶς
2594 1420 2914 1488 ἀναγκαῖον,
2964 1421 3125 1494 μέχρι
3160 1427 3252 1477 καὶ
3294 1424 3408 1477 τῶν
3461 1429 3851 1496 σμικροτξτων,

2285 1508 2409 1561 ὅσον
2434 1508 2494 1561 τὸ
2512 1510 2717 1563 οἴεσθαι
2737 1487 3045 1567 λανθάνεινί
3058 1487 3173 1568 ’τῶν
3190 1514 3246 1567 δὲ
3266 1516 3423 1568 ἐστιν
3440 1516 3484 1571 ἃ

2285 1599 2528 1671 ἄμεινον,
2562 1600 2702 1656 ὥστε
2735 1605 2979 1674 ὁρῶντας
3012 1605 3087 1677 μὴ
3120 1606 3272 1677 ὁρᾷν,
3306 1608 3407 1660 καὶ
3453 1578 3852 1678 ἀκούονταςνιίῃ

2285 1690 2506 1745 ἀκούειν
2531 1708 2546 1723 '
2571 1694 2711 1765 μήτε
2732 1698 2799 1765 τῇ
2830 1698 3157 1768 χρηστότητι
3180 1696 3549 1769 μαλακίζειν,
3591 1700 3735 1770 μήτε
3757 1715 3849 1769 τρε-

607 1812 753 1858 rant.
791 1772 1025 1869 Quidam
1056 1797 1130 1850 ita
1176 1792 1419 1849 sollicite
1459 1784 1795 1843 observandi
1826 1788 1979 1845 sunt,
2022 1787 2081 1832 ut
2118 1792 2178 1832 ne

2290 1776 2471 1848 χύνειν
2494 1781 2561 1850 τῇ
2590 1780 2941 1855 χαλεπότητι.

608 1899 839 1956 minima
897 1893 1122 1966 quidem
1198 1902 1389 1943 eorum
1440 1892 1627 1939 errata
1686 1876 2168 1935 dissimulentur:
2217 1883 2417 1930 contra
2487 1875 2544 1930 in
2595 1878 2721 1934 aliis
2763 1881 3029 1936 nonnulla
3076 1882 3361 1953 praeterire
3434 1885 3640 1940 satius
3704 1885 3843 1949 fieri.

608 1998 684 2049 ita
726 2000 787 2048 ut
832 1989 1085 2045 videntes
1128 1997 1239 2039 non
1300 1980 1628 2039 videamus,
1679 1982 1735 2028 et
1782 1969 2072 2025 audientes
2114 1980 2225 2021 non
2296 1967 2610 2025 audiamus.
2679 1969 2871 2043 Neque
2929 1989 3152 2030 rursum
3227 1977 3601 2048 benignitate
3666 1979 3834 2034 nim

605 2094 822 2161 Oportet
849 2081 1126 2142 emollire,
1159 2086 1343 2143 neque
1371 2068 1667 2124 severitate
1696 2074 2050 2132 exasperare.

678 2183 815 2239 Ibid.
854 2207 926 2219 --
966 2175 1071 2231 Hic
1118 2172 1337 2228 demum
1391 2161 1700 2237 spiritualis
1753 2157 1939 2213 omnis
1985 2151 2180 2225 praefe-

604 2258 934 2334 cturze'iinis
974 2285 1098 2327 esse
1136 2268 1319 2330 debet,
1348 2271 1409 2317 ut
1442 2260 1537 2332 qui
1582 2262 1783 2328 praeest
1810 2254 2025 2323 privata
2060 2245 2182 2301 ubi-

604 2385 713 2441 que
748 2360 1037 2421 commoda
1071 2372 1174 2415 sua
1198 2355 1462 2427 negligat,
1488 2359 1652 2421 atque
1691 2346 1925 2400 aliorum
1957 2336 2179 2395 utilitati

604 2459 1075 2625 ωὲῗξῐἘὶιωά.
1124 2553 1261 2596 orat.
1304 2540 1359 2594 in
1409 2534 1605 2591 Pasch.
1636 2559 1708 2573 —-
1740 2529 1896 2585 Filiis
1948 2536 2176 2597 parcere

601 2656 827 2717 paterna
858 2644 940 2696 lex
972 2650 1078 2694 est.

676 2734 868 2807 Ejusd.
904 2761 976 2773 —
1003 2727 1218 2784 Alentis
1250 2722 1418 2780 etiam
1469 2714 1732 2773 alimonia
1786 2709 2038 2764 doctrina
2066 2711 2173 2760 est.

674 2800 1121 2897 E'jusdp—Animi
1158 2816 1504 2875 serenitatem
1537 2810 1593 2863 in
1622 2800 1986 2875 objurganda,
2012 2804 2066 2852 et
2089 2812 2176 2850 se-

601 2894 886 2975 veritatem
922 2916 977 2970 in
1008 2908 1279 2967 laudando
1311 2903 1569 2960 adhibere
1604 2894 1885 2955 convenit,
1928 2905 1993 2942 ac
2048 2900 2179 2940 neu-

601 3026 745 3069 trum
774 3024 868 3081 per
895 3000 1408 3063 immoderationem
1451 2989 1819 3051 labefactare;
1847 2996 2035 3036 verum
2075 2977 2180 3031 hoc

602 3071 882 3176 praestare,
916 3108 974 3155 ut
1001 3107 1056 3153 et
1099 3105 1327 3167 paterna
1365 3083 1675 3158 objurgatio
1724 3079 1819 3143 sit,
1849 3087 1903 3132 et
1939 3071 2180 3127 laudatio

600 3162 827 3267 gravis:
871 3192 951 3247 sic
982 3162 1175 3255 nempe
1210 3192 1271 3237 ut
1298 3194 1401 3236 nee
1453 3172 1712 3231 mollities
1765 3166 2034 3222 dissoluta
2085 3162 2178 3227 sit,

2357 2146 2524 2217 Οὗτος
2553 2153 2679 2225 ὄρος
2706 2154 2887 2227 πάσης
2914 2159 3287 2229 πνευματικῆς
3332 2162 3725 2231 προστασίας,
3751 2181 3839 2217 τετε

2283 2244 2451 2315 ταχοῦ
2484 2244 2545 2299 τὸ
2571 2246 2693 2300 καθ’
2734 2248 2925 2303 ἑαυτὸν
2962 2252 3210 2323 παρορᾷν
3240 2254 3381 2322 πρὸς
3435 2255 3511 2308 τὸ
3543 2255 3667 2308 τῶν
3713 2256 3841 2312 ἰδέ-εν

2284 2338 2585 2391 συμφέρον.

2353 2355 2585 2411 μφερον.

2352 2521 2565 2600 Παίδων
2588 2523 2868 2594 φείδεσθαι
2894 2527 3163 2599 πατρικὸς
3190 2528 3381 2597 νόμος.

2351 2697 2542 2770 Τροφὴ
2571 2700 2780 2755 καὶτοῦ
2809 2704 3100 2775 τρέφοντός
3130 2707 3276 2761 ἐστιν
3313 2709 3349 2780 ἡ
3384 2709 3640 2775 δίδαξις.

2365 2792 2718 2865 Ἐπιτιμῆσαι
2739 2795 3009 2868 γαληνῶς,
3035 2799 3319 2853 ἐπαινέσαι
3342 2802 3751 2870 παιδευτικιξ,
3772 2805 3846 2857 ni

2284 2884 2581 2956 μηδέτερον
2610 2889 2676 2958 τῇ
2710 2888 2950 2960 ἀμετρίᾳ
3002 2887 3389 2960 λυμαίνεσθαι,
3443 2894 3596 2949 ἀλλὰ
3650 2897 3845 2967 ποιῆται

2284 2980 2381 3029 καὶ
2431 2978 2531 3048 τὴν
2593 2980 2910 3051 ἐπιτίμησιν
2972 2984 3273 3053 πατρικὴν,
3334 2986 3437 3038 καὶ
3501 2987 3600 3041 τὸν
3655 2990 3847 3041 ἔπαινον

2283 3069 2509 3141 ἀρχικόν
2531 3088 2543 3101 ·
2580 3073 2718 3143 μήτε
2762 3073 2825 3125 τὸ
2851 3073 3059 3128 ἁπαλὸν
3087 3075 3334 3143 ἔκλυτον,
3383 3080 3537 3149 μήτε
3571 3082 3762 3147 στάξον
3795 3098 3847 3131 τ)

2284 3162 2555 3231 αὐστηρόν
2577 3179 2592 3195 ⁸
2619 3164 2759 3218 ἀλλά
2788 3165 2850 3219 τὸ
2885 3167 2984 3237 μὲν
3018 3169 3344 3239 ἐπιείκειαν,
3383 3173 3454 3225 τὸ
3489 3174 3545 3227 δὲ
3572 3178 3838 3243 φρόνησιν,

602 3237 704 3340 nec
742 3280 935 3335 acerba
974 3237 1259 3335 severitas,
1318 3267 1417 3323 sed
1465 3266 1638 3319 altera
1686 3257 1950 3317 lenitatis,
2001 3252 2175 3306 altera

2290 3255 2377 3307 καὶ
2398 3254 2716 3326 φιλοσοφίαν
2748 3258 3054 3329 ἀμφότερα.

601 3374 901 3446 prudentia
954 3382 1153 3424 nomen
1220 3364 1489 3425 retineat;
1547 3364 1779 3424 utraque
1832 3359 2013 3404 autem
2050 3360 2173 3401 cum

599 3464 949 3539 philosophia
980 3460 1275 3529 conjuncta
1306 3455 1397 3509 sit.

672 3556 956 3626 Ejusd.—
1007 3552 1223 3618 Quanta
1280 3541 1597 3602 sublimitas
1652 3536 2006 3608 dignitasque
2065 3538 2170 3594 est,

595 3662 749 3707 tanto
773 3662 937 3719 grave
965 3655 1050 3701 cst
1087 3640 1410 3714 periculum.

668 3741 859 3813 Ejusd.
889 3770 957 3783 ——
982 3737 1329 3799 Sacerdotes,
1377 3729 1587 3787 induite
1608 3724 1901 3798 justitiam.
1951 3720 2174 3775 Pascuae

594 3851 729 3891 oves
769 3851 879 3890 non
904 3834 1304 3903 diSpergamus,
1335 3841 1437 3881 nec
1473 3822 1813 3884 occidamus,
1848 3831 1945 3889 pro
1976 3813 2174 3886 quibus

594 3932 833 3986 animam
863 3942 1020 3984 suam
1045 3925 1222 3979 bonus
1254 3922 1345 3977 ille
1379 3928 1569 3989 pastor
1595 3913 1804 3987 posuit,
1832 3910 1928 3982 qui
1965 3922 2173 3976 cogno-

590 4020 702 4074 scit
730 4032 882 4083 suas,
914 4027 969 4072 et
996 4031 1028 4070 a
1058 4014 1174 4070 suis
1215 4008 1606 4083 cognoscitur;
1638 4006 1730 4076 qui
1764 4014 1925 4058 vocat
1951 4014 2045 4056 eas
2072 4013 2172 4053 no-

589 4113 862 4176 minatim,
891 4119 947 4166 et
981 4106 1284 4164 introducit
1330 4119 1425 4158 eas
1456 4099 1640 4173 (Joau.
1682 4115 1739 4164 ι,
1771 4098 1851 4169 5),
1890 4105 1947 4151 et
1990 4092 2172 4150 educit

586 4205 667 4258 ab
696 4201 1016 4257 inﬁdelitate
1044 4197 1113 4252 ad
1138 4196 1317 4259 (idem,
1349 4202 1406 4250 et
1428 4192 1499 4246 ab
1520 4192 1690 4245 haece
1708 4189 1822 4242 vita
1854 4186 1921 4241 ad
1947 4184 2171 4239 alterius

596 4298 718 4350 vita:
758 4296 1029 4364 requiem.
1060 4290 1365 4344 Metuamus
1397 4302 1489 4348 ne,
1522 4285 1665 4355 quod
1702 4283 1987 4352 Scriptura
2022 4295 2174 4334 com-

589 4388 857 4449 minatur,
885 4382 1153 4454 judicium
1183 4395 1215 4433 a
1252 4378 1414 4433 nobis
1441 4376 1669 4445 incipiat
1690 4373 1742 4444 (1
1768 4372 1916 4428 Petr.
1941 4389 2013 4438 ιν,
2045 4371 2168 4449 ιΊ);

589 4495 666 4534 ne
689 4476 930 4546 duplicia
962 4480 1194 4546 peccata
1220 4473 1287 4528 de
1319 4486 1485 4525 manu
1518 4467 1735 4524 Domini
1781 4467 2168 4538 suscipiamus,

2345 3516 2509 3573 Ὅσον
2536 3519 2598 3573 τὸ
2632 3518 2767 3589 ὕψος
2794 3521 2887 3575 καὶ
2913 3520 2977 3575 τὸ
3000 3521 3240 3592 ἀξίωμα,
3263 3523 3540 3579 τοσοῦτον
3564 3532 3661 3581 καὶ
3680 3532 3710 3582 ὁ
3742 3534 3841 3583 xiv-

2270 3613 2445 3676 δυνος.

2343 3708 2406 3760 Οί
2441 3708 2624 3780 ἱερεῖς,
2654 3706 2949 3763 ἐνδύσασθε
2982 3708 3353 3780 δικαιοσύνην.
3399 3711 3502 3784 Μὴ
3534 3714 3840 3783 διασπείρω-

2273 3818 2377 3871 μεν
2419 3802 2491 3854 τὰ
2533 3801 2778 3872 πρόόατα
2820 3802 2922 3874 τῆς
2968 3804 3223 3874 νομικῆς,
3272 3804 3374 3859 καὶ
3417 3806 3838 3878 διαφθείρωμεν,

2272 3892 2411 3963 ὑπὲρ
2443 3886 2517 3947 ῶν
2571 3892 2737 3965 ἔθηκε
2766 3894 2866 3966 τὴν
2915 3894 3092 3966 ψυχὴν
3121 3895 3151 3947 ὁ
3182 3896 3397 3967 ποιμὴν
3416 3897 3449 3949 ό
3483 3900 3682 3965 καλὸς,
3706 3904 3734 3952 ὁ
3766 3916 3839 3966 γι-

2272 3983 2496 4041 νώσκων
2530 3987 2601 4041 τὰ
2630 3988 2758 4053 ἴδια,
2789 3988 2885 4041 κα)⁸
2926 3988 3337 4058 γινωσκόμενος
3369 3990 3483 4044 ὑπὸ
3530 3992 3648 4045 τῶν
3694 3993 3839 4052 ἱδὲιεη,

2272 4078 2366 4131 καὶ
2400 4078 2581 4133 καλῶν
2609 4081 2728 4134 κατ’
2753 4079 2945 4151 ὄνομα,
2992 4082 3088 4134 καὶ⁹
3133 4084 3380 4150 εἰσάγων
3405 4085 3597 4155 αὐτὰ,
3628 4086 3728 4139 καὶ
3765 4083 3839 4146 ἰξ-

2275 4171 2421 4239 ἀγων
2449 4172 2556 4225 ἀπό
2578 4188 2637 4225 τε
2660 4173 2919 4236 ἀπιστίας
2941 4175 3021 4238 είς
3048 4176 3253 4243 πίστιν,
3284 4176 3383 4227 καὶ
3425 4177 3546 4229 ἀπὸ
3581 4178 3684 4247 τῆς
3712 4176 3837 4243 ζωῆς

2272 4268 2475 4336 ταύτης
2508 4268 2590 4330 είς
2628 4268 2729 4336 τὴν
2782 4268 2998 4321 ἐκεῖθεν
3019 4267 3331 4321 ἀνάπαυσιν
3351 4284 3368 4299 σ
3402 4271 3747 4340 φοϐηθῶμεν
3776 4286 3841 4339 με

2270 4358 2364 4429 ἀφ’
2396 4361 2556 4431 ἡμῶν
2600 4363 2835 4433 ἄρξηται
2862 4363 2924 4415 τὸ
2967 4364 3140 4433 κρίμα
3188 4364 3283 4416 καὶ
3328 4363 3433 4433 τὴν
3469 4364 3745 4435 ἀπειλήν
3778 4380 3841 4434 pr,

2270 4450 2523 4522 λάϐωμεν
2551 4454 2616 4505 ὲκ
2644 4454 2825 4525 χειρὸς
2855 4454 3064 4524 Κυρίου
3110 4455 3273 4507 διπλᾶ
3317 4457 3391 4508 τὰ
3437 4457 3839 4527 ἁμαρτήματα,

586 4582 801 4627 etcum
856 4545 975 4638 ipsi
1014 4580 1127 4621 non
1183 4562 1578 4635 ingrediamur,
1614 4560 1754 4616 alios
1795 4560 1890 4629 qui
1952 4556 2164 4630 ingredi

2290 4545 2421 4598 ιύτοί
2458 4562 2517 4598 τε
2558 4546 2658 4601 ούκ
2692 4547 2974 4611 εἰσιόντες,
3021 4548 3116 4602 καὶ
3145 4548 3584 4611 τοὺςέείσελθείν
3622 4550 3841 4618 δυναμε-

590 4669 825 4731 possunt
850 4658 1245 4729 prohibeamus
1266 4653 1419 4727 (Luc.
1455 4669 1532 4718 xi,
1565 4653 1676 4722 52).

665 4750 830 4819 Oves,
859 4760 1074 4815 vestros
1102 4756 1352 4820 pastores
1392 4758 1742 4816 nequaquam
1776 4742 2009 4813 pascite,
2063 4753 2165 4794 nec

2266 4659 2389 4705 νους
2416 4640 2735 4704 κωλύοντες.

2336 4733 2418 4787 Τὰ
2442 4734 2711 4805 πρόϐατα,
2746 4733 2823 4807 μὴ
2858 4733 3178 4805 ποιμαίνετε
3210 4735 3337 4797 τοὺς
3383 4734 3689 4804 ποιμένας,
3720 4734 3842 4805 μηδὲ

597 4846 743 4902 ultra
775 4843 1040 4900 terminos
1077 4850 1294 4898 vestros
1342 4837 1637 4908 assurgite.
1692 4836 1876 4890 Satius
1903 4833 2061 4887 vobis
2094 4831 2166 4886 sit

2290 4830 2403 4901 ιπὲρ
2422 4831 2549 4893 τοὺς
2570 4830 2776 4885 ἑαυτῶν
2800 4832 2959 4901 ὄρους
2983 4828 3297 4900 ἐπαίρεσθε.
3333 4828 3534 4898 ’Δρκεί
3564 4832 3678 4899 γὰρ
3724 4829 3842 4896 ὑμῖν

598 4951 659 4996 ut
686 4948 836 4995 recte
886 4936 1212 5008 pascamini.
1241 4932 1549 4989 Censuram
1580 4932 1637 4986 in
1670 4928 1885 5000 judices
1908 4942 1977 4980 ne
2010 4925 2163 4980 Vobis

2290 4941 2331 4975 ιν
2363 4923 2546 4987 καλῶς
2599 4923 2989 4994 ποιμαίνησθε.
3030 4923 3125 4992 Μὴ
3174 4922 3392 4993 κρίνετε
3436 4922 3575 4984 τοὺς
3627 4924 3840 4989 κριτὰς,

594 5032 889 5103 arrogetis,
940 5043 1044 5085 nec
1090 5028 1269 5095 legum
1331 5024 1599 5080 latoribus
1648 5024 1795 5095 leges
1844 5017 2185 5089 imponatis._

2266 5016 2404 5086 μηδὲ
2452 5015 2778 5087 νομοθετῆτε
2809 5018 2923 5079 τοῖς
2957 5014 3298 5087 νομοθέταις.
3344 5014 3421 5066 Ού
3469 5014 3593 5084 γάρ
3635 5017 3787 5066 ἐστιν
3817 5016 3845 5061 ο

594 5125 711 5181 Non
748 5126 897 5181 enim
924 5122 1289 5180 dissensionis
1308 5128 1365 5177 et
1394 5118 1738 5176 confusionis
1769 5118 1913 5173 Deus
1932 5122 2039 5181 est,
2063 5111 2159 5168 sed

2290 5110 2394 5174 leo;
2436 5108 2848 5175 ἀκαταστασίας
2889 5109 2986 5163 καὶ
3024 5107 3279 5175 ἀταξίας,
3310 5107 3431 5161 ἀλλ’
3479 5110 3723 5179 εἰρήνης
3757 5123 3843 5160 και

596 5218 745 5287 pacis
772 5216 824 5287 (Ι
860 5214 986 5271 Cor.
1014 5230 1129 5280 xw,
1166 5214 1280 5284 33).

665 5307 1022 5378 Praeceptoris
1046 5305 1241 5362 oculus
1267 5304 1435 5360 tacita
1460 5302 1712 5359 doctrina
1740 5309 1845 5359 cst.

663 5396 722 5450 S.
757 5395 909 5467 Greg.
937 5397 1104 5467 Nysa.
1132 5426 1203 5435 —
1233 5395 1505 5460 Quantum
1547 5394 1767 5464 corpori
1794 5398 2019 5465 praestat
2042 5390 2161 5446 ani-

2259 5203 2484 5271 τάξεως.

2334 5302 2442 5354 Καὶ
2468 5300 2746 5374 ὀφθαλμὸς
2777 5298 3062 5355 παιδευτοῦ
3090 5297 3352 5351 σιωπῶσα
3384 5294 3742 5353 διδασκαλία.

2332 5394 2497 5447 Ὅσον
2545 5394 2811 5465 κρείττων
2838 5396 2872 5464 ἡ
2916 5394 3060 5463 ψυχὴ
3100 5391 3195 5444 τοῦ
3260 5392 3545 5462 σώματος,
3603 5393 3836 5460 τοσούτῳ

596 5504 737 5553 tuus,
782 5496 995 5543 tantum
1050 5502 1269 5560 quoque
1298 5488 1346 5543 is
1390 5488 1486 5558 qui
1538 5488 1736 5542 animis
1764 5486 2031 5551 medetur,
2062 5499 2159 5541 eos

2295 5486 2587 5557 ιμιώτερος
2643 5485 2751 5541 τῶν
2800 5489 2870 5539 τά
2911 5489 3140 5556 σώματα
3193 5485 3626 5555 θεραπευόντων
3662 5489 3695 5539 ὁ
3748 5489 3831 5546 τὰς

625 5580 865 5635 ntecellit
890 5581 988 5650 qui
1014 5596 1244 5651 corpora
1276 5581 1539 5635 duntaxat
1558 5589 1772 5635 curant.

662 5671 727 5728 S.
756 5669 1026 5741 Chrysost.
1046 5674 1142 5727 lib.
1164 5690 1223 5729 ιιι
1250 5674 1328 5729 De
1350 5674 1555 5728 δασεῖα.
1574 5672 1833 5730 ——Tanto
1864 5672 2156 5729 sublimius

591 5767 733 5819 cado
764 5766 1129 5823 sacerdotium
1171 5777 1287 5833 est,
1321 5775 1526 5837 quanto
1563 5767 1789 5836 spiritus
1821 5781 1986 5822 carne
2017 5781 2152 5836 prae-

589 5859 839 5914 stantior.

2255 5580 2433 5652 ψυχὰς
2461 5580 2773 5652 ἐξιώμενος.

2328 5674 2597 5729 Τοσοῦτον
2628 5674 2902 5745 ἀνώτερον
2940 5670 3220 5744 βασιλείας
3257 5672 3497 5743 ἕστηκεν
3542 5670 3825 5744 ἱερωσύνη,

2256 5768 2378 5821 ὅσον
2413 5766 2721 5837 πνεύματος
2748 5767 2841 5819 καὶ
2872 5764 3073 5834 σαρκὸς
3102 5763 3163 5817 τὸ
3196 5763 3385 5832 μέσον.
