4052 6398
131 390 262 463 ιβιδ

1367 385 1619 447 SACRA.
1642 382 1727 441 PA
1740 378 2105 439 RALLELA.

3239 369 3374 435 1546

190 501 264 557 Οὐ
293 499 402 569 γὰρ
429 497 545 551 ἔστι
580 497 648 552 τὰ
674 497 783 552 τῶν
814 498 1006 570 ίερέων
1046 496 1387 571 κρύπτεσθαι
1440 496 1678 549 ἐλαττὼ-

1857 484 2000 540 lbid.
2034 513 2104 526 —
2135 482 2278 539 Fieri
2325 497 2434 537 non
2490 487 2672 552 potest
2724 489 2783 535 ut
2835 481 3186 536 sacerdotum
3242 485 3374 537 vitia

133 611 287 669 ματα,
318 589 453 644 ἀλλὰ
479 591 575 646 κα)⁸
600 590 670 645 τὰ
698 593 1036 663 σμικρότατα
1056 591 1269 661 ταχέως
1301 590 1578 661 κατάδηλα
1610 588 1689 658 γί-

134 703 288 743 οεται.

191 800 265 854 Οὐ
293 799 401 870 χρὴ
426 799 530 871 τὴν
561 796 777 852 σύνεσιν
800 797 987 869 ήλικεᾳ
1031 797 1256 870 κρίνειν,
1288 796 1409 851 οὐδὲ
1438 795 1530 849 τὸν
1553 812 1693 863 πρε-ν

129 891 322 961 σϐύτην
349 890 457 945 ἀπὸ
500 891 601 960 τῆς
644 890 836 954 πολιᾶς
872 889 1210 961 δοκιμάζειν.
1255 889 1378 942 οὐδὲ
1425 889 1516 942 τὸν
1571 888 1691 941 νέον

126 982 336 1043 πάντως
370 980 658 1051 ἀπείργειν
683 982 781 1050 τῆς
804 980 1061 1049 τοιαύτης
1095 980 1396 1043 διακονίας,
1429 979 1567 1035 ἀλλὰ
1600 979 1692 1033 τὸν

124 1072 396 1140 νεόφυτον.
428 1070 568 1125 Πολύ
588 1070 644 1125 δὲ
674 1071 998 1143 ἀμφοτέρων
1024 1071 1084 1125 τὸ
1116 1071 1303 1142 μέσον.

187 1271 249 1325 Οί
282 1269 471 1323 πολλοὶ
516 1270 645 1324 ὅταν
693 1271 816 1324 τινὰ
866 1270 1016 1325 ἴδωσι
1045 1272 1345 1343 χρημάτων
1378 1270 1692 1343 κρείττονα,

123 1362 315 1426 εὐθέως
342 1364 509 1416 αὐτὸν
534 1363 843 1433 ἐπιτήδειον
865 1361 1006 1417 εἷναι
1042 1364 1180 1431 πρὸς
1213 1363 1423 1435 ταύτην
1456 1365 1695 1431 ἀποφαί-

125 1473 295 1510 νονται
337 1455 675 1526 οἰκονομίαν.
723 1455 785 1510 ὐ
821 1456 1064 1517 τοιοῦτος
1094 1456 1313 1528 λυμεὼν
1340 1458 1407 1512 ἂν
1441 1458 1528 1527 εἴη
1560 1476 1696 1531 προ-

125 1547 338 1618 στάτης,
373 1549 466 1601 καὶ
492 1545 657 1611 λύκος
677 1547 801 1601 ἀντὶ
841 1548 1122 1616 ποιμένος.

185 1742 392 1813 Μηδεὶς
421 1741 559 1813 μήτε
590 1740 708 1795 νέον
748 1742 1031 1817 διαϐάλλῃ,
1064 1745 1202 1816 μήτε
1247 1745 1482 1817 γέροντα
1514 1748 1693 1815 ἐγκω-

1792 578 2029 633 ohscura
2058 575 2199 637 sint;
2227 589 2419 629 verum
2446 580 2500 628 et
2529 570 2808 627 levissima
2840 582 3059 641 quoque
3087 573 3273 627 statim
3320 572 3374 625 in

1791 678 2040 739 apertum
2068 667 2452 738 proferuntur.

1866 777 2054 849 Ejusd.
2080 809 2152 821 -
2178 778 2369 849 Neque
2402 774 2746 848 prudentiam
2779 782 2938 829 aetate
2968 773 3379 844 metiri,-neque

1793 889 1978 929 senem
2008 889 2077 929 ex
2102 872 2307 927 canitie
2349 871 2586 941 probare
2619 868 2901 935 convenit,
2934 884 3037 923 nec
3068 882 3265 939 rursus
3289 867 3381 933 ju-

1795 981 1984 1020 venem
2022 966 2091 1019 ab
2122 962 2507 1019 ecclesiastico
2540 960 2851 1017 ministerio
2906 960 3254 1021 submovere,
3284 957 3382 1012 sed

1795 1055 2154 1127 neophytum.
2214 1052 2362 1110 Inter
2423 1065 2720 1125 utrumque
2782 1067 2950 1124 porro
3006 1052 3239 1106 multum
3297 1058 3384 1105 est

1794 1147 2158 1205 discriminis.

1866 1259 2064 1330 Ejusd.
2089 1291 2160 1301 —
2179 1258 2337 1315 Multi
2371 1266 2503 1315 sunt
2526 1259 2620 1329 qui
2650 1259 2815 1315 simul
2846 1267 3012 1327 atque
3046 1256 3287 1328 aliquem
3314 1257 3383 1312 ab

1795 1355 1995 1425 opibus
2016 1353 2405 1409 abhorrentem
2430 1351 2690 1416 viderint,
2717 1353 2972 1423 protinus
3009 1368 3133 1409 eum
3160 1352 3231 1406 ad
3280 1352 3384 1406 hu-

1793 1447 2035 1518 jusmodi
2068 1461 2274 1501 munus
2307 1444 2623 1502 obeundum
2650 1446 2907 1500 idoneum
2931 1455 3182 1500 censent.
3218 1443 3385 1515 Atqui

1797 1539 1913 1596 ﬁeri
1968 1545 2150 1611 potest
2182 1546 2241 1594 ut
2286 1538 2335 1596 is
2382 1538 2653 1609 peStilens
2688 1539 2925 1594 antistes
2963 1538 3058 1605 sit,
3091 1552 3157 1593 ac
3201 1537 3385 1607 lupus,

1797 1644 1906 1685 non
1946 1636 2157 1699 pastor.

1870 1744 2149 1814 Ejusdem,
2202 1755 2341 1799 orat.
2393 1744 2418 1800 l
2470 1745 2526 1799 in
2577 1742 2710 1800 Psal
2764 1759 2815 1798 ι..
2854 1741 3064 1799 -Νεε
3120 1745 3385 1813 juvenem

124 1835 307 1906 μιάςῃ.
344 1832 484 1886 Οὐτε
511 1833 621 1904 γὰρ
655 1836 875 1905 ὴπολια
909 1836 1101 1908 ἀρετὴ,
1134 1835 1259 1890 οὐτε
1293 1840 1326 1909 ἡ
1362 1839 1551 1908 νεότης
1593 1858 1694 1894 κα-

1808 1837 2092 1907 quisquam
2124 1836 2476 1900 criminetur,
2528 1850 2633 1890 nec
2670 1850 2856 1890 senem
2888 1834 3145 1890 laudibus
3175 1834 3385 1889 ell'erat.

122 1930 228 1980 κὶα.
257 1927 452 1981 Πολλοὶ
481 1928 577 1981 καὶ
607 1929 662 1983 ὲν
688 1928 899 1999 νεότητι
941 1928 1261 1998 φιλοσοφίαν
1295 1930 1651 1996 ὐπεδείξαντο
1676 1949 1692 1964 ⁸

123 2018 302 2073 πολλοὶ
328 2021 427 2073 καὶ
460 2019 570 2091 γὰρ
603 2023 661 2073 ὲν
686 2022 843 2090 γήρει
889 2020 1393 2093 ὐπεσκελίσθησαν.
1425 2023 1540 2077 Καὶ
1585 2024 1696 2097 γὰρ

122 2111 166 2162 οἰ
197 2112 345 2180 τρεῖς
374 2110 561 2174 παῖδες
598 2111 655 2163 ὲν
683 2113 751 2181 τῇ
785 2110 999 2181 καμίνῳ
1048 2106 1213 2181 ἦσαν,
1265 2114 1359 2165 καὶ
1390 2112 1489 2183 τὴν
1520 2114 1698 2183 φλόγα

120 2206 309 2276 δρόσον
348 2206 673 2276 εἰργάσαντο
692 2220 705 2235 ·
754 2205 848 2258 καὶ
875 2208 1077 2277 Δανιὴλ
1127 2208 1470 2279 δωδεκαέτης
1500 2209 1598 2273 ὢν,
1620 2210 1699 2281 τῷ

120 2300 278 2371 δήμῳ
305 2299 385 2370 τῷ
420 2297 694 2371 Ἐϐραῖκῴ
727 2298 1020 2366 διελέγετο,
1053 2300 1149 2352 καὶ
1175 2301 1301 2363 τοὺς
1330 2300 1551 2365 λέοντας
1572 2304 1704 2372 πρό-

122 2391 261 2445 ϐατα
287 2390 546 2464 εποίησεν
567 2409 583 2425 ο
614 2390 677 2445 οὐ
703 2391 804 2462 τὴν
828 2391 992 2460 φύσιν
1032 2390 1379 2462 μεταϐαλὼν,
1420 2391 1560 2446 ἀλλὰ
1601 2394 1701 2465 τὴν

121 2484 415 2555 θηριωδίαν
441 2485 621 2540 αὐτῶν
661 2489 727 2558 τῇ
763 2487 945 2540 πίστει
977 2484 1306 2558 χαλινώσας.
1344 2486 1454 2539 Καὶ
1488 2486 1702 2549 Παῦλος

121 2579 453 2651 γεγηρακὼς
504 2577 572 2651 ἦν
616 2581 711 2633 καὶ
761 2580 1196 2649 πεπολιωμένος,
1245 2579 1340 2633 καὶ
1400 2581 1703 2648 σκυλευτὴς

120 2673 313 2740 γέγονε
361 2673 472 2726 τῶν
528 2672 894 2743 Ἑκκλησιῶν.
932 2674 1041 2725 Καὶ
1092 2672 1233 2741 μετὰ
1274 2673 1449 2727 ταῦτα
1477 2675 1541 2727 τὸ
1571 2674 1703 2745 βρα-

120 2767 267 2820 ϐεῖον
293 2766 395 2836 τῆς
440 2766 678 2829 πίστεως
719 2766 995 2836 ¹ἥρπασεν.
1037 2765 1132 2818 καὶ
1175 2763 1445 2835 προϐατον
1478 2766 1703 2834 γέγονεν

120 2855 485 2924 ἅγαθὸτητος,
520 2856 616 2909 καὶ
640 2856 838 2926 κήρυξ,
877 2855 973 2908 καὶ¹
1003 2854 1324 2919 ἀπόστολος.
1362 2855 1455 2927 Μὴ
1483 2856 1577 2909 οὖν
1611 2856 1703 2910 τὸν

120 2949 242 3003 νέον
272 2947 551 3011 διάϐαλλε,
578 2948 715 3019 μηδὲ
735 2948 827 3000 τὸν
846 2946 1201 3018 γεγηρακότα
1230 2947 1462 3000 ἐπαίνει.
1492 2947 1568 3000 Οὐ
1595 2948 1704 3019 γὰρ

118 3046 179 3096 ὲν
210 3044 279 3113 τῇ
307 3042 544 3113 διαφορᾷ
568 3044 665 3111 τῆς
694 3040 914 3112 ἡλικίας
941 3041 1115 3111 ἀρετὴ
1146 3041 1240 3093 καὶ
1267 3039 1457 3103 κακία,
1488 3039 1624 3093 ἀλλὰ
1646 3043 1703 3093 ὲν

119 3137 186 3206 τῇ
224 3135 459 3207 διαφορᾷ
486 3134 586 3204 τῆς
612 3134 861 3204 γνώμης.
892 3133 1012 3186 Κᾶν
1042 3129 1109 3206 ᾖς
1142 3133 1425 3203 νηφάλιος,
1455 3133 1608 3186 οὐδέν
1640 3150 1701 3185 σε

1796 1925 1989 1996 Neque
2030 1926 2179 1983 enim
2236 1926 2473 1981 canities
2503 1925 2680 1979 virtus
2709 1930 2818 1985 est,
2855 1938 2958 1978 nec
3003 1922 3268 1991 juventus
3308 1922 3389 1983 νὶτ

1800 2017 1959 2071 tium.
2013 2015 2167 2070 Multi
2207 2016 2374 2071 etiam
2430 2014 2486 2069 in
2521 2012 2755 2083 juvenili
2801 2019 2961 2067 aetate
3021 2012 3388 2082 philosophia:

1797 2108 2131 2175 documenta
2163 2108 2556 2179 praebuerunt;
2614 2104 2777 2160 multi
2829 2103 3023 2159 itidem
3066 2104 3125 2157 in
3163 2112 3389 2159 senecta

1800 2203 2042 2272 prolapsi
2101 2209 2255 2256 sunt.
2320 2199 2614 2255 Enimvero
2660 2208 2776 2254 tres
2837 2196 2992 2266 pueri
3048 2196 3106 2251 in
3161 2194 3391 2251 fornace

1800 2304 1980 2355 erant,
2012 2302 2066 2349 et
2094 2294 2366 2346 llannnam
2410 2293 2465 2346 in
2511 2306 2690 2346 rorem
2734 2296 3147 2345 converterunt.
3185 2288 3252 2343 Et
3280 2288 3391 2343 Da.-

1803 2386 1911 2440 niel
1951 2385 2277 2441 duodecimo
2298 2386 2478 2439 aetatis
2509 2400 2656 2438 anno
2685 2385 2753 2438 ad
2791 2383 3052 2453 populum
3096 2381 3389 2437 Hebraeum

1803 2474 2124 2529 concionem
2163 2474 2427 2538 habebat;
2454 2474 2585 2539 quin
2612 2484 2665 2528 et
2693 2488 2757 2527 ex
2783 2472 3036 2529 leonibus
3067 2487 3199 2528 oves
3229 2472 3394 2527 facie-

1804 2566 1896 2619 bat
1932 2584 1945 2619 :
1985 2583 2091 2619 non
2122 2566 2343 2636 quidem
2382 2574 2577 2618 natura
2622 2580 2813 2619 eorum
2847 2573 3078 2629 mutata,
3129 2565 3225 2619 sed
3257 2564 3391 2619 feri-

1806 2664 1914 2710 tate
1940 2655 2094 2711 l'reno
2115 2656 2240 2710 lldei
2264 2670 2604 2725 compressa.
2627 2654 2692 2707 Et
2720 2655 2925 2710 Paulus
2949 2671 3119 2711 senex
3141 2663 3196 2709 et
3218 2670 3393 2711 canus

1804 2764 1930 2804 cum
1996 2758 2176 2813 esset,
2238 2748 2516 2804 Ecclesiae
2573 2748 2981 2818 populabatur;
3039 2747 3394 2819 postmodum

1806 2854 1936 2894 vero
1961 2839 2084 2895 fidei
2110 2840 2348 2911 palmam
2377 2838 2581 2908 rapuit,
2619 2848 2784 2909 atque
2812 2841 2933 2894 ovis
2968 2840 3133 2904 bona,
3162 2847 3217 2895 et
3254 2853 3395 2909 pra:-

1805 2948 1892 2996 co,
1926 2940 1981 2988 et
2008 2933 2292 3003 apostolus
2323 2933 2556 2989 exstitit.
2581 2931 2715 2998 Quae
2747 2948 2873 2987 cum
2902 2933 2976 2995 ita
3005 2933 3144 2999 sint,
3175 2949 3281 2987 non
3310 2940 3397 2999 est

1806 3040 1906 3080 cur
1937 3026 2019 3080 vel
2062 3026 2321 3095 juvenem
2378 3025 2667 3095 suggilles,
2726 3027 2809 3080 vel
2856 3041 3044 3081 senem
3104 3026 3392 3096 praedices.

1804 3117 1996 3188 Neque
2023 3118 2170 3173 enim
2203 3119 2255 3173 in
2287 3120 2464 3173 relatis
2518 3118 2824 3173 dill'erentia
2859 3120 3037 3174 virtus
3083 3126 3138 3174 et
3175 3118 3392 3180 vitium,

122 3227 467 3301 καταϐλάψει
489 3227 550 3279 τὸ
581 3227 759 3298 ἄωρον
789 3228 890 3296 τῆς
918 3226 1135 3297 ἡλικίας
1158 3226 1309 3285 ’,κᾶν
1331 3221 1397 3299 ᾗς
1432 3225 1695 3297 ῥᾴθυμος,

1808 3212 1899 3265 sed
1932 3212 1986 3265 in
2013 3212 2212 3265 mentis
2233 3208 2396 3282 514
2410 3219 2464 3265 ει
2496 3226 2696 3265 sensus
2718 3211 3039 3267 discrimine
3061 3210 3392 3266 consistunt.

122 3320 279 3375 οὐδέν
317 3336 379 3373 σε
407 3319 677 3390 ὠφελήσει
716 3318 779 3372 τὸ
813 3320 1008 3390 γῆρας.
1062 3318 1231 3372 Πολιὰ
1259 3319 1369 3389 γὰρ
1402 3320 1463 3371 οὐ
1520 3319 1706 3389 τρίχες

123 3414 339 3481 λευκαὶ,
390 3413 528 3467 ἀλλὰ
574 3412 755 3483 ψυχῆς
807 3412 1002 3483 ἀρετή.
1052 3405 1224 3472 Οὗτος
1270 3410 1449 3463 τοίνυν
1491 3410 1708 3464 ὁΔαϐὶδ

123 3509 242 3573 νέος
267 3508 370 3574 ὣν,
402 3506 611 3579 ὥριμον
648 3508 740 3560 τὸν
780 3505 989 3577 καρπὸν
1017 3505 1118 3573 τῆς
1164 3504 1370 3574 ἀρετῆς
1421 3505 1705 3574 ἐκέκτητο.

120 3594 332 3655 Ἦλθεν
364 3602 394 3654 0
415 3597 666 3670 Σαμουὴλ
696 3597 832 3668 πρὸς
862 3596 953 3648 τὸν
997 3596 1217 3659 Ἰεσσαὶ,
1254 3595 1394 3665 ἔχων
1433 3596 1494 3647 τὸ
1514 3594 1705 3664 κέρας,

125 3696 260 3750 ἔνθα
278 3696 343 3750 τὸ
375 3694 555 3747 ἔλαιον
582 3688 651 3761 ἦν
684 3691 745 3744 τὸ
768 3690 944 3758 ἆγιον.
986 3690 1094 3743 Καὶ
1123 3687 1177 3740 τί
1217 3703 1416 3757 φησιν;
1453 3685 1709 3757 ’Βπεμψέ

127 3805 196 3857 με
235 3787 265 3839 0
305 3786 443 3849 θεὸς
478 3784 702 3854 ποιῆσαι
740 3780 963 3853 βασιλέα
1007 3780 1118 3833 τῶν
1176 3779 1310 3832 υἱῶν
1347 3795 1442 3831 σου
1488 3778 1605 3831 ἕνα.
1649 3777 1709 3829 Ὅ

137 3880 342 3933 Ἰεσσαὶ
360 3875 602 3939 ἀκούσας
630 3875 877 3945 βασιλέα,
906 3873 1137 3944 νομίσας
1176 3872 1372 3942 ἐκείνῳ
1402 3871 1711 3941 ἐπιτήδειον

125 3969 268 4027 εἶναι
309 3972 371 4025 τὸ
399 3970 637 4040 ἀξίωμα,
678 3968 800 4038 ἄγει
828 3969 919 4021 τὸν
955 3968 1173 4037 πρῶτον
1199 3966 1335 4030 υἱὸν,
1361 3964 1455 4019 καί
1491 3981 1655 4034 φησιν
1681 3965 1711 4017 ὁ

126 4065 448 4136 προφήτης’
498 4062 721 4133 Παραγε
765 4057 947 4119 αὐτὸν,
994 4060 1095 4111 οὐκ
1144 4057 1451 4128 ηὐδόκησεν
1495 4055 1525 4107 0
1577 4054 1712 4117 Θεὸς

127 4159 183 4211 ἒν
215 4154 394 4225 αὐτῷ.
438 4154 598 4221 Ἀγει
626 4153 717 4205 τὸν
740 4151 996 4222 δεύτερον
1026 4166 1041 4180 ⁸
1083 4149 1207 4203 οὐδὲ
1244 4142 1423 4212 οὗτος.
1452 4149 1558 4201 Τὸν
1589 4145 1712 4219 τρία

125 4266 219 4305 τον
245 4266 260 4281 ·
292 4249 421 4303 οὐδὲ
451 4242 634 4306 οὔτας’
667 4245 758 4298 τὸν
798 4244 1079 4315 τέταρτον,
1131 4242 1222 4295 τὸν
1267 4241 1540 4312 πέμπτον.
1592 4240 1713 4291 Ἀν-

129 4342 317 4415 ηλὼθη
355 4340 386 4392 0
416 4338 575 4409 χορὸς
616 4336 723 4389 τῶν
766 4334 995 4399 παίδων,
1027 4334 1122 4388 καὶ
1165 4334 1195 4386 0
1237 4331 1571 4403 ζητούμενος
1613 4333 1712 4401 οὐχ

126 4434 450 4505 ηὑρίσκετο.
507 4428 671 4496 Λέγει
710 4426 896 4496 αὐτῷ’
942 4427 1129 4495 Ἔχεις
1172 4424 1371 4492 ἄλλον;
1404 4423 1648 4494 ⁴ᾐσχύνθη
1683 4424 1714 4476 0

128 4529 317 4598 πατήρ
345 4542 361 4556 ·
398 4525 551 4593 "Exin
603 4520 742 4598 'éva,_
774 4519 960 4589 φησιν,
1000 4517 1216 4588 μικρὸν,
1257 4515 1485 4585 εὐτελῆ·
1557 4514 1713 4584 βασι-

125 4619 221 4674 λέα
258 4592 469 4690 ζητεῖς,
524 4592 742 4688 μικρὸν,
781 4613 993 4680 εὐτελῆ,
1049 4608 1303 4678 ποιμένα.
1362 4605 1708 4676 Ἄνθρωπος,

126 4712 427 4781 ὲξουθενεῖ,
457 4708 573 4762 ἀλλ’
601 4710 629 4761 0
660 4705 794 4765 Θεὸς
830 4704 1103 4772 στεφανοῖ.
1132 4702 1215 4753 Ob
1243 4697 1351 4768 γὰρ
1383 4697 1464 4762 ὡς
1497 4697 1710 4763 ὄψεται

126 4805 464 4874 ἅνθρωπος,
479 4801 689 4869 ὄψεται
712 4800 874 4864 Θεός.
899 4798 1240 4862 Ἀνθρωπος
1257 4794 1343 4856 είς
1362 4791 1711 4858 πρόσωπον,

128 4900 273 4967 Θεὸς
300 4898 371 4952 δὲ
399 4900 491 4962 εὶς
523 4893 798 4961 καρδίαν.
824 4889 914 4953 Μὴ
945 4890 1053 4958 γὰρ
1095 4884 1470 4956 πολυσαρκίαν
1519 4881 1715 4952 ζητοῖ-

129 5008 250 5061 μεν,
276 4989 464 5061 ψυχῆς
494 4986 772 5052 εὐγένειαν
806 4977 1206 5049 ἐπιθυμοῦμεν.

127 5086 231 5138 lem
283 5082 499 5143 habeo,
557 5079 732 5147 inquit
789 5092 803 5129 :

1805 3302 1884 3356 Ac
1917 3303 2165 3372 proinde,
2192 3318 2291 3357 nec
2329 3307 2374 3357 si
2408 3302 2630 3358 sobrius
2652 3312 2706 3357 et
2729 3302 2971 3373 prudens
3002 3302 3197 3367 lueris,
3231 3299 3393 3371 quid-

1808 3414 1975 3469 quam
2017 3397 2116 3452 tibi
2165 3398 2477 3453 detrimenti
2523 3407 2855 3468 praematura
2906 3405 3043 3451 mtas
3099 3394 3392 3457 attulerit;

1812 3507 1910 3545 nec
1939 3491 1983 3545 si
2016 3491 2201 3561 segnis
2226 3488 2571 3560 ignavusque
2604 3490 2705 3552 sis,
2728 3489 3028 3559 quidquam
3058 3496 3112 3544 te
3135 3496 3394 3555 Senectus

1806 3582 2039 3652 juvabit.
2075 3584 2348 3637 Senectus
2387 3583 2531 3636 enim
2561 3599 2669 3636 non
2701 3584 2752 3637 in
2792 3582 3025 3637 crinium
3057 3581 3278 3645 canitie,
3298 3580 3393 3634 sed

1812 3676 1865 3729 in
1901 3675 2071 3728 animi
2105 3675 2311 3727 virtute
2338 3675 2443 3726 sita
2486 3681 2590 3727 est.
2628 3673 2720 3726 Sic
2757 3672 3020 3725 nimirum
3054 3669 3244 3735 David,
3265 3685 3395 3724 cum

1813 3768 1994 3821 adhuc
2045 3766 2269 3837 juvenis
2328 3775 2504 3828 esset,
2574 3774 2849 3819 maturum
2900 3762 3121 3817 virtutis
3154 3760 3396 3816 fruetum

1816 3861 2146 3932 possidebat.
2190 3860 2351 3915 Venit
2391 3874 2555 3929 porro
2603 3857 2825 3912 Samuel
2876 3857 2944 3911 ad
2995 3854 3171 3918 Jesse,
3220 3870 3395 3909 cornu

1814 3964 2057 4027 gestans,
2087 3954 2143 4008 in
2170 3970 2283 4024 quo
2320 3964 2571 4007 sanctum
2599 3960 2749 4006 esset
2797 3950 3003 4005 oleum.
3033 3949 3098 4003 Et
3123 3947 3253 4018 quid
3280 3947 3398 4001 ait?

1818 4049 1968 4105 Misit
1998 4064 2084 4103 me
2130 4049 2275 4103 Deus
2312 4055 2373 4101 ut
2408 4060 2577 4099 unum
2608 4061 2640 4098 e
2671 4045 2783 4098 tuis
2820 4043 2947 4097 liliis
2986 4057 3167 4111 regem
3199 4040 3397 4093 faciam

1816 4140 1942 4212 (clr.
1968 4140 1993 4194 1
2024 4138 2148 4209 Reg.
2176 4140 2309 4202 xw).
2340 4136 2544 4190 Audito
2564 4134 2719 4190 Iesse
2751 4135 2894 4204 regis
2938 4130 3176 4196 nomine,
3213 4131 3384 4183 lilium

1818 4245 1950 4286 natu
1978 4230 2274 4285 maximum
2323 4226 2565 4285 adducit.
2611 4225 2913 4279 arbitratus
2944 4236 3069 4275 eum
3105 4222 3171 4273 ad
3208 4218 3400 4286 hujus-

1818 4322 1963 4376 modi
2016 4318 2339 4390 dignitatem
2401 4315 2662 4371 idoneum
2694 4328 2840 4368 esse.
2905 4310 3182 4380 Propheta
3221 4324 3396 4361 vero:

1820 4416 2027 4467 Aniove
2081 4411 2267 4476 hunc;
2332 4426 2444 4467 non
2509 4420 2768 4480 acceptus
2827 4416 2914 4462 est
2983 4405 3232 4459 Domino.
3286 4404 3402 4456 Ad-

1821 4505 1976 4558 ducit
2015 4504 2105 4557 ille
2156 4503 2499 4569 secundum;
2536 4512 2593 4556 at
2642 4518 2740 4557 nec
2773 4502 2877 4555 iste
2922 4499 3111 4553 etiam.
3153 4497 3400 4549 'l‘erlium

1819 4597 2063 4656 adducit,
2100 4612 2200 4650 nec
2229 4596 2274 4649 is
2305 4611 2523 4664 quoque
2561 4605 2715 4656 erat;
2766 4602 2882 4645 tum
2921 4599 3201 4659 quartum,
3245 4588 3403 4661 quin-

1817 4700 1961 4753 tum;
1985 4686 2209 4756 jamque
2243 4686 2480 4739 ﬁliorum
2512 4687 2716 4738 chorus
2748 4690 3119 4750 consumptus,
3141 4688 3281 4744 erat,
3302 4693 3403 4733 nec

1816 4789 1996 4833 tamen
2038 4779 2420 4833 inveniebatur
2453 4778 2543 4830 ille
2575 4777 2668 4846 qui
2713 4776 3087 4849 quaerebatur.
3124 4772 3264 4825 Dixit
3299 4771 3402 4823 ita-

1816 4889 1923 4941 que
1981 4870 2200 4924 Samuel
2256 4888 2269 4923 :
2316 4867 2589 4922 Nullusne
2651 4875 2912 4936 praeterea
2954 4864 3049 4918 tibi
3108 4864 3252 4915 illius
3284 4858 3404 4914 est?

1815 4964 2030 5018 Pudore
2089 4961 2336 5017 sull'usns
2391 4972 2541 5031 pater
2575 4979 2589 5014 ;
2628 4956 2803 5013 Unum
2869 4956 3158 5027 parvulum
3219 4960 3274 5005 et
3320 4950 3401 5003 vi-

858 5044 1044 5128 verum
1088 5044 1288 5141 regem
1346 5066 1573 5137 qumris,
1629 5064 1674 5119 is
1727 5070 1911 5115 autem
1973 5058 2099 5113 vilis
2163 5068 2247 5112 est
2301 5056 2492 5125 opilio.
2548 5054 2724 5107 llutno
2772 5050 3082 5122 vilipendit,
3137 5054 3192 5101 at
3257 5044 3399 5099 Deus

123 5186 376 5233 coronat.
411 5141 540 5228 Non
568 5141 706 5226 enim
734 5179 791 5222 ut
845 5168 978 5223 videt
1034 5165 1208 5227 homo,
1238 5164 1315 5217 sic
1357 5163 1494 5216 videt
1540 5159 1702 5212 Deus.
1734 5155 1904 5211 Homo
1944 5154 2131 5221 quippe
2165 5151 2302 5205 ridet
2339 5150 2395 5203 in
2452 5149 2688 5217 faciem:
2730 5144 2871 5199 Deus
2936 5152 3114 5196 autem
3154 5141 3390 5190 intuetur

127 5290 217 5327 εον
252 5271 306 5343 (ι
342 5270 477 5341 Reg.
509 5284 621 5333 xw,
652 5269 730 5335 7).
776 5263 895 5317 Non
940 5259 1086 5316 enim
1153 5257 1480 5312 obesitatem
1537 5252 1858 5321 quaerimus,
1912 5248 2007 5303 sed
2037 5245 2205 5298 animi
2240 5243 2422 5312 potius
2448 5241 2817 5296 nobilitatem.

200 5391 393 5446 Βούλει
423 5387 641 5460 μαθεῖν,
696 5385 795 5453 ὅση
826 5380 934 5435 τῶν
967 5376 1156 5449 ἱερέων
1195 5374 1343 5428 ἐστὶν
1366 5373 1400 5442 ἡ
1434 5370 1668 5439 δύναμις
1695 5385 1711 5433 ;

137 5486 426 5554 Ἐννόησον
491 5481 554 5533 τὸ
614 5479 919 5549 βάπτισμα,
970 5488 1079 5524 των
1149 5465 1570 5539 ἁμαρτημάτων
1617 5462 1717 5531 τὴν

126 5576 345 5645 ἄφεσιν,
371 5573 471 5645 τὴν
502 5569 797 5630 υἱοθεσίαν,
832 5566 904 5617 τὰ
949 5562 1120 5633 μυρία
1167 5556 1372 5628 ἀγαθὰ,
1410 5555 1445 5610 ἆ
1479 5556 1567 5608 δια
1615 5555 1716 5625 τῆς

127 5667 429 5729 ἐπιθέσεως
460 5665 568 5717 τῶν
592 5662 793 5733 χειρῶν
823 5658 1030 5711 τούτων
1054 5673 1139 5710 σοι
1174 5650 1567 5723 παραγίνεται,
1619 5646 1715 5700 καὶ

129 5761 217 5814 διὰ
247 5761 351 5829 τῆς
373 5758 716 5825 ἐπικλήσεως
748 5754 846 5822 τῆς
876 5751 984 5804 ὑπὸ
1019 5747 1229 5803 τούτων
1262 5761 1345 5796 σοι
1392 5740 1711 5810 γινομένης.

144 5853 282 5908 Ἀλλ’
339 5840 532 5920 ἐπειδὴ
577 5847 838 5921 ῥαθύμως
889 5844 1072 5906 αὐτοῖς
1133 5834 1577 5912 προσερχόμεθα,
1620 5836 1715 5887 καὶ

415 5950 688 6008 Pyram.
720 5944 841 6004 Gtt.
860 5939 1041 6002 XCV.

1898 5366 2092 5437 Ejusd.
2120 5397 2189 5407 —
2222 5362 2317 5418 Vis
2348 5362 2494 5417 scire
2530 5369 2738 5432 quanta
2773 5355 3127 5412 sacerdotum
3167 5346 3410 5419 putentia

1822 5462 1930 5517 sit?
1958 5460 2295 5530 Baptismum
2336 5456 2569 5525 inspice,
2617 5461 2965 5523 peccatorum
3002 5444 3411 5503 remissionem,

1822 5553 2198 5623 adoptionem,
2227 5554 2489 5603 sexcenta
2522 5544 2761 5613 denique
2786 5541 2928 5595 bona
2959 5550 3081 5607 quae
3102 5550 3196 5606 per
3230 5534 3411 5603 impo-

1822 5649 2079 5704 sitioueln
2124 5656 2386 5697 manuum
2434 5640 2703 5711 ipsorum,
2752 5645 2809 5692 et
2851 5649 2949 5704 per
3008 5628 3414 5685 invocationem

1822 5755 1988 5812 quam
2020 5746 2111 5792 tua
2147 5750 2316 5790 causa
2374 5732 2612 5793 faciunt,
2644 5728 2743 5783 tibi
2794 5728 3143 5796 contingunt.
3179 5722 3248 5775 At
3282 5717 3414 5787 quia

1828 5809 2169 5902 negligenter
2203 5826 2272 5883 ad
2306 5827 2479 5899 ipsos,
2507 5825 2812 5894 ignaroque
2841 5830 2895 5875 et
2936 5813 3191 5889 languido
3228 5809 3413 5881 animo

2872 5908 2939 5974 49
