3968 6400
74 441 217 509 1549

1324 439 1563 502 SACRA
1602 436 2066 499 PARALLELA.

3185 424 3323 493 1550

154 556 332 632 ’ἱερέα
355 557 634 630 φρόνησις,
691 558 787 611 καὶ
835 557 987 627 βίος,
1044 558 1140 612 καὶ
1186 556 1437 627 εὐγένεια
1481 556 1648 609 ποιεῖ.

1820 548 2034 620 Evagrii
2064 566 2078 609 ;
2114 548 2199 602 Al.
2242 546 2300 602 S.
2342 544 2480 599 Nili.
2509 577 2576 586 --
2604 542 2958 599 Sacerdotem
2992 543 3319 632 prudentia".

68 652 239 722 Λόγῳ
300 650 402 722 μὲν
425 650 522 720 τὴν
559 650 761 720 ἀρετὴν
813 650 1057 716 δίδασκε,
1093 648 1241 721 ἔργῳ
1266 650 1324 703 δὲ
1353 649 1527 720 αὐτὴν
1548 648 1652 719 κή-

70 762 271 815 ρυσσε.

160 836 513 905 Ἀλέξανδρος
559 834 844 907 πόρρωθεν
904 835 1048 899 ἱδὼν,
1092 836 1152 889 τὸ
1200 837 1297 907 μὲν
1350 836 1557 905 πλῆθος
1596 839 1654 890 ὲν

66 930 307 991 λευκαῖς
351 929 564 998 ἐσθῆσι,
611 930 737 990 τοὺς
757 929 814 981 δὲ
857 930 1023 999 ἱερεῖς
1074 927 1426 1001 προεστῶτας
1455 933 1512 983 ὲν
1535 933 1655 994 ταῖς

70 1023 363 1091 βυσσίναις
407 1022 603 1084 αὐτῶν,
662 1022 755 1074 τὸν
802 1023 858 1075 δὲ
918 1023 1181 1093 ἀρχιερέα
1225 1025 1284 1077 ἐν
1308 1028 1374 1095 τῇ
1413 1025 1655 1095 ὑακίνθῳ

71 1114 181 1167 καὶ
244 1114 526 1186 διαχρύσῳ
563 1116 746 1186 στολῇ,
781 1116 877 1169 καὶ
923 1117 1013 1169 ἐπὶ
1039 1119 1138 1187 τῆς
1171 1117 1415 1186 κεφαλῆς
1462 1118 1656 1203 ἔχοντα

71 1207 183 1278 τὴν
214 1207 461 1278 κίδαριν,
498 1209 589 1261 καὶ
616 1208 678 1260 τὸ
705 1208 939 1278 χρυσοῦν
997 1210 1084 1261 ἐπ’
1123 1210 1292 1280 αὐτῆς
1347 1210 1576 1280 ἔλασμα,
1612 1207 1657 1280 ᾧ

67 1300 142 1351 τὸ
178 1299 274 1352 τοῦ
327 1299 463 1353 Θεοῦ
516 1300 689 1371 ὄνομα
740 1304 1072 1373 ἐγέγραπτο,
1123 1303 1441 1376 προσελθὼν
1497 1306 1656 1374 μόνος

70 1396 463 1464 προσεκύνησε
495 1394 555 1447 τὸ
592 1395 764 1466 ὄνομα
826 1397 921 1449 καὶ
958 1398 1049 1449 τὸν
1083 1396 1371 1469 ἀρχιερέα.
1433 1399 1657 1469 Παρμε-

71 1483 259 1547 νὶονος
301 1484 359 1537 δὲ
424 1484 755 1553 πυθομένου,
800 1486 855 1538 τί
903 1487 965 1555 δή
1017 1504 1145 1540 ποτε
1203 1490 1655 1558 προσκυνούντων

67 1576 246 1630 αὐτὸν
265 1577 543 1641 ἁπάντων,
574 1578 739 1641 αὐτὸς
788 1581 1221 1649 προσκυνήσειεν
1247 1581 1339 1633 τὸν
1385 1581 1658 1636 Ἰουδαίων

65 1667 367 1737 ἀρχιερέα,
415 1669 489 1721 Ού
555 1669 765 1735 τοῦτον,
823 1666 964 1737 εἷπε,
1030 1672 1434 1744 προσεκύνησα,
1480 1674 1572 1729 τὸν
1599 1674 1658 1729 δὲ

65 1755 214 1810 Θεὸν
248 1773 262 1788 ο
294 1753 354 1813 οῦ
382 1760 480 1831 τὴν
514 1761 927 1832 ἀρχιερωσύνην
950 1756 1105 1827 οὗτος
1126 1764 1443 1834 τετίμηται.

1753 650 1807 695 et
1838 641 1983 706 vita,
2036 648 2090 693 ct
2139 639 2451 708 ingenuitas
2506 653 2719 689 morum
2771 634 3003 690 faciunt.
3063 626 3328 691 Sermone

1756 736 2015 792 virtutem
2048 731 2223 795 doce;
2259 745 2429 800 Opere
2458 739 2642 783 autem
2668 742 2788 782 eam
2819 728 3059 797 praedica

1823 827 2073 896 Iosephi,
2106 825 2197 878 lib.
2227 840 2279 877 χι
2300 864 2315 885 ,
2350 840 2396 877 α.
2433 823 2486 877 8.
2512 853 2579 864 -
2607 822 2917 877 Alexander
2950 822 3164 893 plebem
3195 822 3331 875 emi-

1754 935 1860 976 nus
1885 918 2135 974 candidis
2162 917 2409 970 indutam
2440 916 2684 969 vestibus
2714 916 3096 984 conspicatus,
3133 929 3319 969 sacer-

1754 1011 1915 1066 dotes
1947 1025 2081 1064 vero
2114 1019 2168 1064 et
2199 1008 2479 1061 antisnites
2514 1007 2756 1077 byssinis
2787 1006 3056 1071 amictos,
3090 1022 3155 1060 ac
3192 1021 3332 1077 pon-

1756 1104 1961 1159 tiﬁcem
1993 1100 2297 1171 hyacintho
2330 1108 2494 1169 atque
2529 1114 2697 1151 aurea
2747 1099 2890 1153 stola
2939 1099 3239 1163 vestitum,
3277 1109 3334 1154 et

1758 1196 1941 1266 capite
1965 1194 2221 1255 Cidarim,
2251 1208 2472 1245 auream
2498 1191 2778 1252 laminam,
2807 1192 2859 1244 in
2880 1208 2985 1261 qua
3012 1208 3212 1247 nomen
3239 1192 3333 1246 Dei

1756 1286 2091 1355 inscriptum
2121 1298 2299 1350 esset,
2330 1292 2637 1353 gestantem
2659 1325 2674 1350 ,
2705 1284 2856 1338 solus
2893 1284 3199 1350 accedens,
3235 1270 3334 1339 no-

1758 1396 1881 1434 men
1925 1379 2055 1431 illud
2098 1388 2151 1433 et
2190 1378 2502 1448 pontiﬁcem
2544 1378 2818 1432 adoravit.
2859 1376 3194 1434 Sciscitante
3233 1395 3335 1432 au—

1759 1484 1865 1526 tem
1910 1472 2278 1531 Parmenione
2315 1470 2447 1539 quid
2484 1477 2670 1532 esset,
2713 1484 2875 1539 quam
2917 1470 2989 1523 ob
3026 1486 3141 1523 rem
3183 1469 3332 1538 ipse,

1758 1578 1880 1619 cum
1906 1566 1973 1617 ab
1998 1564 2256 1617 omnibus
2283 1564 2630 1626 adoreretur,
2653 1561 2965 1616 Judaaorum
2992 1570 3175 1615 tamen
3202 1576 3339 1631 pon-

1758 1654 1962 1707 tilicem
2010 1656 2265 1707 adoraret
2313 1671 2325 1706 :
2375 1652 2492 1706 Non
2537 1669 2695 1717 eum,
2732 1654 2941 1723 inquit,
2982 1653 3076 1707 sed
3129 1653 3335 1717 Deum,

1759 1745 1920 1814 cujus
1951 1746 2041 1799 hic
2079 1745 2392 1799 sacerdotio
2419 1757 2649 1799 ornatus
2681 1759 2801 1807 est,
2838 1747 3083 1798 adoravi.

67 1874 264 1929 TITA.
286 1875 489 1966 IH'x—
517 1876 653 1966 {Iepl
679 1877 1050 1966 δέκστιρνκιξατιυν⁸
1069 1876 1382 1966 ,πονηρῶηη
1412 1877 1512 1959 σέαὶ
1570 1876 1657 1948 μὴ

1785 1859 1897 1914 ΓΙΤ.
1935 1857 2126 1913 XVIII.
2154 1890 2223 1899 —
2250 1858 2326 1941 De
2357 1860 2513 1940 malis
2547 1861 2805 1966 episcopis
2828 1900 2841 1921 ,
2871 1872 2920 1913 et
2954 1858 3052 1912 Dei
3081 1862 3341 1915 ntandata

281 1948 714 2014 φυλαττόντων
740 1950 847 2012 τὰς
874 1946 1130 2012 ἐντολὰς
1160 1946 1267 2002 τοῦ
1301 1948 1470 2003 Θεοῦ.

160 2056 180 2087 ι
217 2038 281 2090 υἱ
313 2038 477 2107 ἱερεῖς
501 2037 678 2091 αύτῶν
701 2041 758 2091 ἐν
784 2040 1031 2110 ῥομφαίᾳ
1066 2039 1289 2094 ἔπεσαν.
1318 2060 1338 2094 ι

160 2236 182 2269 ι
211 2216 495 2288 Ἕκρυψαν
531 2220 579 2271 οἱ
609 2220 774 2290 ἱερεῖς
807 2219 924 2272 ὁδὸν
959 2220 1188 2291 Κυρίου.
1214 2239 1233 2272 ι

167 2416 186 2448 ι
218 2394 283 2451 Οἱ
309 2398 603 2469 ἡγούμενοι
632 2398 807 2468 αὐτῆς
869 2398 1006 2467 μετὰ
1058 2398 1245 2470 δώρων
1287 2398 1529 2469 ἔκριναν,
1569 2400 1662 2453 καὶ

77 2491 138 2542 οἱ
160 2492 325 2560 ἱερεῖς
376 2490 546 2559 αὐτῆς
601 2492 738 2560 μετὰ
792 2490 989 2561 μισθοῦ
1040 2492 1424 2562 ἀπεκρίναντο,
1464 2493 1559 2545 καὶ
1611 2493 1661 2544 οἱ

82 2581 370 2650 προφῆται
417 2580 590 2650 αὐτῆς
635 2580 774 2651 μετὰ
819 2582 1089 2651 ἀργυρίου
1123 2581 1509 2650 ἐμαντεύοντο.
1547 2583 1661 2651 Οὐχ

79 2672 246 2740 ὑμῶν
273 2673 389 2725 ἐστι
418 2670 621 2740 γνῶναι
652 2675 846 2744 κρῖμα,
879 2674 928 2724 οἱ
954 2672 1236 2744 μισοῦντες
1274 2674 1343 2725 τὰ
1363 2673 1505 2726 καλὰ
1524 2713 1538 2735 ,
1567 2674 1661 2726 καὶ

82 2762 380 2832 ζητοῦντες
411 2765 478 2819 τὰ
506 2765 741 2835 πονηρά.
780 2766 1144 2836 Ἀρπάζοντες
1177 2766 1245 2818 τὰ
1282 2765 1530 2836 δέρματα
1566 2766 1663 2819 αύι-

78 2854 219 2917 τῶν,
254 2857 349 2909 καὶ
381 2857 478 2920 τὰς
500 2857 710 2928 σάρκας
748 2858 855 2910 ἀπὸ
878 2858 987 2911 τῶν
1017 2858 1219 2911 ὀστέων
1269 2858 1466 2911 αὐτῶν.
1498 2878 1516 2907 ι

169 2969 187 3000 ι
210 2951 271 3002 υἱ
301 2951 467 3020 ἱερεῖς
501 2951 671 3022 αὐτῆς
733 2950 1023 3021 βεϐηλοῦσι
1057 2952 1124 3004 τὰ
1161 2950 1313 3018 ἅγια,
1381 2952 1475 3002 καὶ
1531 2951 1662 3003 ἀσε-

82 3041 247 3095 ϐοῦσι
274 3044 463 3112 νόμον.
503 3062 521 3095 ι

168 3152 188 3183 ι
225 3125 295 3185 τΩ
320 3134 369 3185 οἱ
395 3135 778 3203 ποιμαίνοντες
813 3135 1038 3203 μάταια,
1070 3134 1165 3186 καὶ
1195 3135 1244 3185 οἱ
1268 3131 1661 3185 καταλελοιπό-

2252 1931 2465 1983 mim'me
2491 1932 2844 1985 servantibus.

1834 2021 1987 2076 Psal.
2021 2037 2201 2075 Lxxvu
2225 2060 2239 2083 ,
2272 2020 2360 2074 64.
2389 2051 2459 2062 -—
2489 2040 2507 2072 ι
2543 2023 2870 2078 Sacerdotes
2903 2040 3090 2077 eorum
3128 2024 3183 2078 in
3216 2025 3339 2095 gla-

1761 2116 1855 2171 dio
1885 2115 2229 2170 ceciderunt.
2261 2134 2280 2165 ι

1838 2204 1970 2259 Osee
1996 2221 2071 2267 Iv,
2104 2203 2157 2259 6.
2188 2233 2259 2244 —-
2288 2223 2307 2255 ‹
2344 2204 2773 2260 Αὺειοοιιᾱειιιιιι
2819 2206 3141 2261 sacerdotes
3195 2207 3339 2261 viam

1764 2298 2001 2351 Domini.
2040 2319 2058 2349 ι

1834 2388 1999 2444 Mich.
2042 2407 2103 2443 ιιι
2134 2432 2150 2456 ,
2193 2391 2252 2445 Η
2279 2431 2294 2455 ,
2338 2391 2389 2444 1.
2421 2422 2493 2430 —
2523 2410 2540 2440 ι
2577 2393 2749 2444 duces
2784 2392 2906 2460 ejus
2937 2408 3060 2446 cum
3095 2394 3343 2448 muneri-

1763 2482 1867 2536 bus
1891 2482 2216 2551 judicabant
2240 2524 2254 2548 ,
2287 2491 2341 2536 et
2374 2484 2690 2537 sacerdotes
2725 2483 2848 2551 ejus
2880 2485 2935 2536 in
2970 2486 3223 2539 mercede
3254 2502 3343 2541 re-

1764 2576 2127 2643 spondebant.
2153 2573 2269 2628 Non
2299 2584 2541 2629 vestrum
2572 2583 2656 2628 est
2683 2590 3021 2644 cognoscere
3043 2575 3342 2644 judicium,

1763 2669 1854 2736 qui
1882 2670 2007 2721 odio
2037 2669 2251 2722 habetis
2276 2668 2475 2721 bonum
2501 2708 2515 2731 ,
2541 2678 2594 2721 et
2617 2669 2864 2736 quaeritis
2886 2668 3050 2721 mala.
3073 2668 3344 2739 Diripien-

1764 2772 1846 2817 tes
1901 2765 2072 2831 pelles
2106 2777 2297 2817 eorum
2337 2764 2405 2815 ab
2438 2764 2551 2827 cis,
2588 2771 2641 2815 et
2677 2777 2874 2815 carnes
2908 2777 3098 2816 eorum
3130 2762 3199 2815 ab
3245 2777 3344 2817 os-

1763 2856 1918 2909 sibus
1947 2871 2161 2909 corum.
2199 2874 2217 2907 ι

1833 2946 1994 3019 Soph.
2026 2965 2084 3003 Ill
2111 2988 2125 3011 ,
2152 2948 2205 3001 4.
2240 2980 2312 2990 —
2346 2968 2362 2999 ι
2401 2948 2734 3002 Sacerdotes
2768 2948 2890 3016 ejus
2924 2949 3176 3019 polluunt
3211 2962 3344 3003 san-

1766 3051 1886 3104 cta,
1922 3049 1975 3095 et
2008 3042 2172 3112 impie
2206 3049 2375 3110 agunt
2408 3042 2459 3094 in
2495 3042 2689 3110 legem.
2726 3061 2743 3091 ι
3314 3030 3319 3039 ’

1833 3132 1998 3188 Zach.
2030 3151 2083 3187 XI
2108 3175 2121 3197 ,
2151 3135 2241 3200 17,
2269 3134 2324 3189 9.
2351 3163 2418 3174 -ο
2449 3152 2467 3183 ‹
2504 3132 2548 3187 Ο
2575 3137 2665 3203 qui
2699 3136 2928 3204 pascitis
2958 3152 3132 3199 vana,
3165 3145 3220 3191 et
3248 3139 3345 3209 qui

78 3242 189 3286 τες
216 3226 283 3277 τὰ
329 3224 604 3296 πρόϐαταὶ
666 3227 913 3297 μάχαιρα
967 3226 1061 3278 ἐπὶ
1117 3225 1402 3296 βραχίονος
1469 3223 1656 3278 αὑτοῦ.

1785 3226 2142 3296 Iereliquistis
2193 3229 2364 3281 oves!
2429 3228 2644 3297 gladius
2697 3236 2782 3281 est
2835 3244 3002 3296 super
3053 3228 3343 3284 brachium

93 3315 246 3382 Ἐγὼ
280 3317 341 3369 οὐ
392 3318 664 3387 ποιμαίνω
711 3319 855 3386 ὑμᾶς
884 3336 897 3349 ·
922 3318 983 3370 τὸ
1016 3318 1364 3387 ἀποθνῆσκον
1419 3316 1655 3385 ἀποθνη-

81 3409 289 3471 σκέτω,
313 3412 404 3462 καὶ
436 3410 497 3461 τὸ
533 3410 785 3462 ἐκλεῖπον
844 3409 1164 3473 ὲκλειπέτω,
1201 3409 1386 3461 καὶτὰ
1406 3408 1661 3460 κατάλοι-

78 3515 169 3553 πα
195 3500 647 3561 κατεσθιέτωσαν,
678 3501 911 3564 ἕκαστος
932 3500 1031 3563 τὰς
1070 3500 1280 3570 σάρκας
1302 3499 1397 3551 τοῦ
1429 3498 1660 3569 πλησίον

81 3591 280 3646 αὺτοῦ.
322 3593 453 3646 Ἰδοὺ
499 3592 609 3660 ἐγὼ
640 3592 879 3662 ἐξεγερῶ
922 3593 1158 3662 ποιμένα
1191 3592 1416 3661 ἄπειρον
1445 3592 1536 3643 ἐπὶ
1565 3591 1663 3661 τὴν

81 3684 229 3753 γῆν
267 3684 327 3737 τὸ
353 3685 605 3738 ἐκλεῖπον
631 3686 732 3738 οὐκ
757 3685 1173 3755 ἐπιστρέψεται,
1232 3685 1327 3737 καὶ
1378 3684 1440 3735 τὸ
1469 3685 1662 3751 ἐσκορ-

82 3777 360 3845 πισμένον
402 3776 462 3829 ού
495 3776 574 3848 μὴ
626 3777 868 3846 ἰάσηται,
915 3776 1011 3830 καὶ
1034 3778 1096 3829 τὸ
1142 3775 1439 3846 ὁλόκληρον
1480 3776 1542 3828 ού
1589 3775 1663 3844 μὴ

40 3888 43 3889 ⁷
84 3868 534 3941 κατευθύνῃ,καὶ
553 3870 621 3924 τὰ
651 3871 791 3941 κρέα
839 3869 950 3925 τῶν
980 3870 1254 3924 ἐκλεκτῶν
1281 3869 1538 3939 φάγεται,
1567 3870 1663 3923 καὶ

84 3963 222 4024 τοὺς
239 3962 614 4034 ἀστραγάλους
650 3962 829 4016 αὐτῶν
867 3962 1183 4028 ἐκστρέψει.
1212 3980 1230 4013 ι

169 4073 195 4107 c
240 4054 650 4126 Ἐπλανήθησαν
693 4056 780 4109 διὰ
803 4055 872 4109 τὰ
895 4055 1112 4126 σίκερα,
1179 4056 1359 4126 ἱερεὺς
1415 4054 1666 4124 καὶπρο-

90 4147 295 4216 φήτης.
354 4147 682 4217 Ἐξέστησαν
737 4147 827 4201 διὰ
852 4147 944 4202 τὸν
990 4143 1136 4201 οἱνον
1160 4163 1176 4180 ’
1204 4145 1527 4217 ἐσείσθησαν
1559 4145 1668 4198 ἀπὸ

88 4241 197 4310 τῆς
230 4239 401 4311 μέθης
435 4238 530 4294 τοῦ
553 4242 769 4312 σίκερα.
795 4260 815 4295 ι

170 4439 195 4473 ι
228 4416 301 4473 Ὠ
321 4421 373 4474 οἱ
400 4421 662 4491 ποιμένες
682 4422 730 4474 oi
755 4420 1234 4490 διασκορπίζοντες
1263 4422 1358 4474 καὶ
1400 4420 1667 4475 ἀπολοῦν-

90 4529 188 4573 τες
207 4510 275 4564 τὰ
303 4511 554 4583 πρόϐατα
584 4512 683 4581 τῆς
716 4510 971 4581 ποίμνης.
1006 4512 1104 4565 Διὰ
1160 4511 1318 4564 τοῦτο
1365 4514 1490 4565 τάδε
1520 4514 1668 4581 λέγει

92 4600 301 4670 Κύριος
334 4601 427 4653 ἐπὶ
467 4601 594 4663 τοὺς
650 4600 914 4671 ποιμένας
969 4603 1095 4665 τοὺς
1147 4602 1541 4671 ποιμαίνοντας
1575 4604 1670 4655 τὸν

93 4691 228 4746 λαόν
261 4710 361 4760 μου
400 4708 414 4722 ·
463 4692 652 4764 Ὑμεῖς
705 4693 1123 4765 διεσκορπίσατε
1154 4694 1223 4747 τὰ
1249 4694 1503 4764 πρόϐατά
1543 4712 1666 4763 μου,

96 4786 197 4838 καὶ
223 4784 458 4849 ὲξώσατε
483 4785 643 4850 αὐτὰ,
684 4784 781 4839 καὶ
807 4786 909 4840 οὐκ
942 4784 1318 4855 ἐπεσκέψασθε
1344 4787 1504 4839 αὑτά.
1537 4786 1669 4840 Ἰδοὺ

97 4874 215 4945 ἐγὼ
269 4876 468 4931 ἐκδικῶ
513 4877 660 4947 ὑμᾶς
702 4876 850 4931 κατὰ
891 4877 961 4930 τά
1006 4876 1221 4948 πονηρὰ
1264 4877 1671 4947 ἐπιτηδεύματα

99 4967 276 5037 ὑμῶν.
304 4987 321 5018 ι
1294 4966 1295 4969 “

177 5079 197 5110 ι
237 5060 488 5131 Πρόὸατα
546 5060 861 5114 ἀπολωλότα
906 5061 1140 5133 ἐγενήθη
1191 5064 1219 5115 δ
1271 5061 1400 5126 λαός
1446 5076 1585 5133 μου⁶
1620 5062 1672 5115 οἱ

110 5154 482 5221 ποιμαίνοντες
511 5154 675 5207 αὑτὸν
702 5152 909 5218 ἓξωσαν
934 5156 1152 5220 αὐτοὺς,
1184 5156 1279 5209 ὲπὶ
1326 5154 1395 5208 τὰ
1414 5155 1537 5226 ὅρη,
1567 5155 1673 5207 ἀπ-

106 5248 415 5316 επλάνησαν
460 5246 679 5310 αύτούς.
696 5266 719 5302 ι

183 5360 199 5390 ι
236 5342 297 5393 Οἱ
323 5339 700 5411 ἀφηγούμενοι
762 5340 942 5394 αὐτῶν
998 5340 1212 5403 λέοντες
1263 5341 1586 5411 ὠρυόμενοι,
1622 5341 1671 5392 οἱ

107 5433 438 5503 ἁρπάζοντες
499 5435 789 5504 ἅρπαγμα,
850 5433 1026 5502 ψυχὰς
1082 5433 1461 5494 κατεσθίοντες
1493 5435 1549 5485 ὲν
1576 5432 1671 5484 δυ-

105 5526 345 5597 ναστείᾳ,
375 5528 468 5581 καὶ
493 5526 659 5599 τιμὰς
693 5527 1065 5598 λαμϐάνοντες
1096 5528 1155 5578 ὲν
1182 5525 1384 5597 ἀδικία.
1415 5545 1433 5576 ι

181 5741 201 5774 ι
233 5724 342 5777 Καὶ
369 5726 535 5797 ἱερεῖς
578 5724 856 5795 ἠθέτησαν
883 5724 1046 5793 νόμον
1079 5740 1203 5793 μου,
1242 5722 1338 5775 καὶ
1376 5721 1675 5791 ὲὸεὸήλουν

106 5811 174 5864 τὰ
196 5812 324 5881 ama
361 5832 489 5884 μου·
523 5815 797 5884 ἀναμέσων
841 5813 1156 5884 ἀκαθάρτου
1190 5813 1286 5864 καὶ
1334 5811 1582 5882 καθαροῦ
1613 5813 1673 5864 οὐ

109 5902 426 5973 διέστελλον,
475 5909 569 5961 καὶ
623 5905 914 5976 ὲϐεϐή).ονν
960 5922 1025 5976 με
1060 5908 1120 5958 ὲν
1152 5904 1303 5975 μέσῳ
1353 5905 1554 5961 αὐτῶν.
1611 5906 1672 5959 Οἱ

1765 3323 1907 3390 ejus.
1948 3322 2060 3391 Ego
2092 3338 2198 3375 non
2234 3336 2457 3391 pascam
2493 3337 2589 3375 vos
2620 3339 2633 3374 :
2666 3320 2814 3389 quod
2848 3324 3105 3385 moritur,
3140 3325 3345 3377 moria-

1766 3421 1878 3475 tur,
1910 3424 1964 3466 et
1990 3412 2138 3482 quod
2171 3413 2360 3467 dclicit
2380 3455 2394 3478 ,
2422 3413 2644 3465 deliciat
2665 3454 2679 3475 ,
2705 3420 2760 3465 et
2802 3414 3013 3483 reliqua
3043 3414 3345 3477 devorent,

1768 3507 2151 3574 unusquisque
2196 3520 2395 3559 carnes
2436 3505 2671 3571 proximi
2709 3506 2817 3559 sui.
2866 3505 3005 3559 Ecce
3035 3521 3137 3573 ego
3166 3506 3350 3562 susci-

1768 3600 1894 3655 tabo
1926 3608 2198 3668 pastorem
2234 3599 2545 3668 imperitum
2582 3614 2748 3668 super
2777 3607 2978 3652 terram
3016 3618 3028 3653 :
3069 3599 3214 3668 quod
3250 3600 3350 3654 de-

1769 3693 1946 3755 ticiet,
1970 3708 2079 3746 non
2108 3700 2428 3754 convertet,
2450 3700 2505 3746 et
2538 3691 2682 3759 quod
2714 3690 3028 3759 dispersum
3062 3693 3167 3746 erit
3188 3733 3203 3759 ,
3235 3696 3347 3747 no'n

1772 3784 1993 3838 sanabit
2016 3823 2030 3846 ,
2067 3795 2122 3838 et
2156 3786 2430 3855 integrum
2467 3800 2579 3838 non
2608 3783 2806 3852 diriget
2838 3803 2850 3838 :
2885 3796 2939 3838 ct
2992 3799 3190 3840 carnes
3233 3785 3349 3842 eid-‘-

1772 3887 1988 3932 ctorum
2025 3878 2344 3942 devorabit,
2377 3885 2432 3933 et
2457 3878 2599 3932 talos
2628 3891 2821 3932 eorum
2853 3886 3150 3946 pervertet.
3182 3896 3204 3931 ο

1858 4058 1972 4112 lsa.
2005 4070 2175 4110 xxvut
2196 4097 2209 4118 ,
2237 4056 2292 4109 7.
2320 4085 2391 4098 -—
2421 4073 2440 4106 ι
2475 4054 2813 4109 Erraverunt
2844 4064 3067 4126 propter
3089 4072 3349 4114 siceram.

1774 4151 2046 4219 Sacerdos
2074 4161 2128 4203 et
2162 4149 2426 4220 propheta
2459 4148 2625 4219 516
2647 4149 2978 4203 exciderunt
3009 4160 3190 4205 mente
3221 4167 3351 4220 pro-

1773 4256 1896 4316 pter
1938 4245 2124 4297 vinum
2156 4263 2168 4297 :
2205 4243 2602 4298 vacillaverunt
2652 4249 2879 4311 propter
2907 4241 3232 4297 ebrietatem
3271 4242 3356 4298 si-

1772 4351 1932 4393 cera.
1966 4352 1989 4389 ῑ

1844 4429 2045 4483 Jerem.
2078 4445 2211 4482 xxm
2233 4470 2248 4491 ,
2284 4428 2337 4481 I.
2365 4458 2433 4470 -—
2458 4444 2477 4477 ‹
2509 4424 2555 4481 0
2584 4433 2871 4496 pastores,
2906 4424 2996 4491 qui
3036 4422 3355 4494 dispergitis

1774 4534 1829 4578 et
1855 4522 2086 4592 perditis
2119 4537 2248 4575 oves
2284 4535 2522 4587 pascuae.
2568 4519 2696 4573 Ideo
2748 4519 2861 4572 haec
2905 4517 3041 4571 dicit
3086 4515 3356 4571 Dominus

1708 4614 1748 4666 υ
1775 4630 1939 4684 super
1988 4623 2238 4682 pastores
2287 4614 2380 4681 qui
2432 4625 2665 4681 pascunt
2697 4610 2953 4679 populum
2985 4625 3165 4664 meum
3194 4625 3209 4662 :
3243 4607 3355 4662 Vos

1777 4705 2125 4777 dispersistis
2153 4718 2304 4766 oves,
2326 4713 2380 4757 et
2407 4703 2653 4769 ejecistis
2677 4718 2792 4765 eas,
2817 4717 2917 4755 nec
2946 4701 3214 4755 visitastis
3236 4716 3354 4758 eas.

1776 4797 2049 4867 Ecce-ego
2084 4796 2323 4851 ulciscar
2353 4811 2454 4850 vos
2476 4837 2491 4862 ,
2528 4802 2583 4850 et
2618 4794 2763 4848 mala
2795 4794 2979 4850 studia
3008 4804 3217 4849 vestra.
3254 4810 3278 4846 ›
3308 4802 3316 4810 '

1843 5068 2043 5123 Jerem.
2084 5080 2150 5129 ι,
2182 5065 2235 5118 ϐ.
2266 5096 2337 5106 -
2366 5082 2386 5116 ι
2422 5068 2663 5137 Popums
2712 5079 2869 5118 meus
2921 5077 3103 5117 raetus
3151 5067 3238 5115 est
3291 5073 3355 5115 ut

1774 5178 1906 5217 oves
1936 5176 2057 5230 quae
2090 5160 2306 5229 periere
2339 5174 2353 5212 :
2389 5156 2484 5225 qui
2510 5158 2809 5227 pascebant
2836 5172 2985 5221 eum,
3017 5154 3354 5225 expulerunt

1775 5271 1872 5312 eos
1904 5256 1958 5308 in
1996 5261 2244 5315 montes,
2278 5266 2469 5305 errare
2503 5250 2753 5305 fecerunt
2783 5263 2901 5304 eos.
2940 5267 2959 5299 ι

1848 5345 2041 5400 Ezech.
2080 5359 2217 5405 χιιι,
2242 5341 2333 5397 25.
2359 5373 2430 5384 -
2454 5360 2473 5392 ι
2504 5340 2681 5395 Duces
2712 5342 2767 5395 in
2802 5340 2983 5395 medio
3013 5354 3206 5396 eorum
3239 5339 3363 5395 εἷος

1780 5449 1841 5493 ιιι
1882 5438 2074 5491 leones
2103 5435 2418 5502 rugientes,
2464 5433 2740 5503 rapientes
2794 5433 3087 5501 rapinam,
3138 5433 3356 5489 animas

1776 5533 2108 5585 devoranlcs
2139 5526 2195 5581 in
2226 5526 2498 5596 potentia,
2531 5533 2587 5579 et
2612 5525 2788 5595 pretia
2820 5525 3157 5597 accipientes
3187 5524 3243 5581 in
3275 5526 3361 5580 in-

1773 5625 2008 5694 iustitia.
2036 5645 2053 5675 ν

1853 5718 1998 5773 Ibid.
2033 5718 2227 5774 26—98.
2254 5751 2324 5761 —
2360 5739 2378 5770 ι
2413 5718 2480 5773 Ει
2509 5713 2826 5770 sacerdotes
2856 5713 3072 5769 irritam
3102 5710 3357 5767 fecerunt

1780 5814 1953 5882 legem
1991 5827 2197 5877 meam,
2249 5819 2303 5868 et
2353 5810 2788 5884 profanaverunt
2837 5805 3153 5864 sanctuaria
3183 5815 3350 5860 mea:

1782 5909 1926 5966 inter
1978 5904 2323 5963 immundum
2372 5912 2427 5963 et
2475 5912 2727 5962 sanctum
2759 5917 2869 5959 non
2904 5895 3358 5968 distinguebant.
