3968 6392
52 455 190 523 1553

1282 458 1525 517 ’ΞΑΟΗΑ
1569 455 2035 517 PARALLELA.

3164 437 3303 503 1554
3338 430 3351 441 ’

48 568 147 624 καὶ
175 566 268 622 τὸν
315 560 487 633 ἔλεον,
534 562 631 620 καὶ
674 566 774 636 τὴν
835 565 1017 618 πίστιν
1043 581 1057 595 ο
1086 566 1132 618 oi
1156 565 1481 629 διυλίζοντες
1532 567 1621 619 τὸν

1753 564 1870 634 μιυά
1901 561 2111 619 deforis
2140 566 2227 616 est
2251 558 2446 615 calicis
2475 566 2531 613 et
2558 555 2911 628 paropsldis:
2940 556 3086 610 intus
3117 570 3311 612 autem

47 659 308 725 κώνωπα,
341 656 434 712 τὸν
450 656 507 710 δὲ
537 656 786 728 κάμηλον
800 654 1213 720 καταπίνοντες.
1236 656 1374 711 Οὐαὶ
1390 656 1444 710 δὲ
1474 657 1624 727 ὑμῖν,

46 749 469 823 ὅτικαθαρίζετε
493 748 557 803 τὸ
577 748 777 815 ἔξωθεν
795 747 888 803 τοῦ
915 748 1201 820 ποτηρίου,
1229 749 1322 802 καὶ
1355 748 1457 825 τῆς
1485 765 1629 819 παρ-

48 842 250 913 οψίδος,
280 838 553 902 έσωθενζδὲ
569 838 832 909 γέμουσιν
849 838 1167 909 ὲξαρπαγῆς
1184 838 1276 891 καὶ
1291 837 1625 902 πλεονεξίας.

48 933 312 1006 Φαρισαῖε
335 930 526 1001 τυφλὲ,
557 929 855 999 καθάρισον
892 928 1109 1001 πρῶτον
1130 930 1191 982 τὸ
1219 930 1369 993 ὲντδς
1400 928 1494 983 τοῦ
1530 945 1628 981 πο-

48 1026 241 1099 τηρίου
267 1026 364 1080 καὶ
390 1024 492 1094 τῆς
519 1022 836 1092 παροψίδος,
873 1021 960 1076 ἵνα
984 1023 1215 1092 γένηται
1247 1023 1345 1076 καὶ
1376 1022 1437 1075 τὸ
1470 1021 1628 1083 ὲκτὸς

48 1119 219 1174 αὐτοῦ
252 1116 513 1189 καθαρόν.
539 1116 677 1170 Οὐαὶ
696 1114 753 1168 δὲ
790 1115 941 1184 ὑμῖν,
977 1115 1058 1169 ὅτι
1093 1114 1497 1185 παρομοιάζετε
1531 1116 1628 1166 τά·

46 1231 174 1284 φοις
206 1210 612 1281 κεκονιαμένοις
630 1251 645 1275 ,
678 1209 874 1270 οἵτινες
901 1206 1096 1272 ἔξωθεν
1127 1206 1227 1278 μὲν
1251 1207 1530 1276 φαίνονται
1556 1204 1629 1257 ὼ-

53 1305 222 1375 ραῐοι.
259 1300 501 1367 Ἕξωθεν
526 1303 625 1372 μὲν
651 1299 909 1371 φαίνεσθε
929 1303 1042 1363 τοῖς
1059 1301 1369 1371 ἀνθρώποις
1398 1299 1622 1363 δίκαιοι,

47 1396 256 1451 ἔσωθεν
284 1395 341 1449 δὲ
374 1394 565 1465 μεστοί
624 1394 746 1447 ἐστε
810 1393 1154 1462 ὑποκρίσεως
1206 1393 1300 1447 καὶ
1342 1392 1621 1461 ἀνομίας.»

128 1508 149 1541 ι
188 1487 316 1543 Ἐὰν
345 1486 400 1542 δὲ
427 1488 554 1559 εἴπῃ
580 1488 608 1541 6
646 1486 814 1549 κακὸς
842 1486 1029 1549 δοῦλος
1067 1487 1273 1549 ἐκεῖνος
1311 1486 1369 1538 ἐν
1399 1486 1465 1555 τῇ
1498 1499 1631 1555 καρ-

44 1584 140 1656 δίᾳ
175 1582 363 1644 αὑτοῦ,
382 1579 637 1655 Χρονίζει
654 1581 682 1633 6
707 1579 896 1651 κύριός
932 1596 1033 1650 μου
1060 1578 1255 1643 ὲλθεῖν,
1279 1579 1375 1631 καὶ
1397 1577 1630 1648 ἄρξηται

45 1676 280 1729 τύπτειν
308 1674 434 1737 τοὺς
488 1671 809 1735 συνδούλους
864 1671 1051 1733 αὑτοῦ,
1084 1670 1287 1724 ἐσθίειν
1321 1670 1376 1724 δὲ
1412 1670 1508 1723 καὶ
1541 1666 1633 1721 πί-

46 1784 165 1821 νειν
238 1765 380 1837 μετὰ
436 1765 545 1819 τῶν
603 1764 914 1835 μεθυόντων
961 1779 976 1794 °
1022 1762 1145 1834 ἥξει
1206 1764 1235 1816 6
1279 1763 1471 1832 κύριος
1537 1758 1630 1813 ’τοῦ

48 1856 243 1911 δούλου
282 1856 491 1910 ἐκείνου
521 1858 578 1910 ὲν
604 1855 788 1927 ἡμέρᾳ
857 1857 919 1909 οὐ
954 1856 1251 1925 προσδοκᾷ,
1284 1855 1380 1908 καὶ
1405 1855 1465 1907 ὲν
1488 1851 1630 1922 ὥρᾳ,

1731 655 1875 727 pleni
1930 655 2066 711 estis
2122 654 2318 722 rapina
2373 661 2426 707 et
2483 650 2741 705 avaritia.
2801 647 3074 703 Pharisaee
3124 666 3299 708 (ειευυ,

1733 744 1938 798 munda
1972 743 2127 813 prius
2162 740 2305 809 quod
2340 740 2494 795 intus
2524 746 2609 793 est
2638 739 2834 792 calicis
2866 748 2921 791 et
2958 740 3266 808 paropsidis
3289 779 3302 802 ,

1732 850 1791 891 ut
1843 838 1936 891 liat
1979 838 2030 891 id
2084 834 2229 905 quod
2282 833 2491 888 deforis
2522 839 2634 896 est,
2670 830 2959 884 mundum.
3000 829 3084 883 Va)
3114 831 3300 892 vobis.

1734 927 1942 982 Scriba:
1983 936 2037 980 et
2076 922 2339 978 Pharisaai
2382 920 2684 992 hypocritaa
2710 958 2723 979 ,
2757 918 2882 987 quia
2922 918 3133 970 simile
3171 920 3307 972 estis

1732 1019 2003 1090 sepulcris
2034 1017 2302 1072 dealbatis
2323 1054 2337 1078 ,
2369 1029 2492 1083 qua:
2527 1028 2557 1065 a
2597 1012 2731 1065 loris
2769 1019 2962 1080 parent
2992 1010 3308 1064 hominibus

1731 1113 2006 1183 speciosa.
2056 1111 2162 1165 \‘os
2232 1108 2451 1179 quidem
2502 1120 2529 1157 ιι
2578 1104 2708 1158 foris
2762 1103 2967 1170 paretis
2992 1101 3308 1157 hominibus

1727 1205 1906 1274 justi:
1940 1205 2089 1259 intus
2148 1213 2328 1257 autem
2380 1198 2524 1270 pleni
2553 1197 2690 1253 estis
2741 1194 3016 1267 hyporrisi
3043 1204 3095 1249 et
3120 1195 3305 1264 impie-

1732 1304 1865 1351 tate.
1897 1315 1916 1349 ι

1802 1472 1998 1527 Matth.
2033 1488 2184 1534 xxw,
2219 1470 2411 1524 48-31.
2444 1499 2511 1509 --
2547 1486 2565 1518 ι
2593 1466 2651 1520 Si
2687 1473 2865 1519 autem
2898 1460 3101 1516 dixerit
3136 1460 3313 1515 malus

1735 1565 1824 1619 ille
1875 1580 2071 1620 servus
2120 1564 2172 1616 in
2226 1562 2391 1616 corde
2442 1576 2562 1623 suo,
2629 1558 2836 1613 Moram
2886 1556 3020 1609 facit
3053 1554 3313 1607 dominus

1736 1674 1897 1712 meus
1924 1657 2134 1718 venire.
2166 1664 2222 1709 et
2247 1653 2481 1723 (πωροι-η
2510 1659 2795 1722 percutere
2826 1662 3128 1704 conservos
3160 1661 3313 1709 suos.

1736 1747 2075 1803 manducare
2119 1750 2301 1797 autem
2337 1753 2389 1798 ct
2430 1742 2623 1796 bibere
2654 1754 2781 1793 cum
2819 1736 3099 1802 cbriosis;
3134 1734 3316 1789 veniet

1737 1840 1998 1895 dominus
2043 1839 2189 1893 servi
2230 1836 2380 1891 illius
2414 1837 2465 1889 in
2504 1833 2593 1887 die
2620 1849 2725 1904 qua
2769 1847 2877 1885 non
2906 1835 3225 1898 exspectat.
3262 1836 3317 1880 et

47 1943 84 2020 ᾖ
119 1949 182 2002 ού
214 1947 498 2018 γινώσκει,
537 1948 635 2000 καὶ
670 1948 1021 2019 διχοτομήσει
1070 1947 1252 2010 αὐτὸν,
1321 1943 1504 2000 καὶτὸ
1537 1944 1632 2013 μέ-

1760 1949 1792 1985 n
1824 1931 1959 1985 hora
1991 1945 2098 1995 qua
2135 1928 2348 1991 nescit,
2374 1936 2428 1981 et
2455 1922 2664 1978 dividet
2690 1937 2851 1987 eum,
2875 1930 2929 1975 ct
2954 1926 3165 1990 partem
3196 1916 3327 1988 ejus

50 2057 148 2111 ρος
171 2039 337 2094 αὐτοῦ
381 2040 519 2109 μετὰ
553 2039 661 2093 τῶν
691 2040 1004 2112 ὑποκριτῶν
1036 2039 1212 2110 θήσει.
1239 2059 1258 2092 ι

121 2149 145 2183 ι
191 2130 338 2183 ’ἰδὼν
367 2131 572 2200 Σίμων,
599 2131 679 2183 ὅτι
711 2132 800 2183 διὰ
825 2132 922 2201 τῆς
953 2130 1251 2194 ἐπιθέσεως
1273 2130 1384 2184 τῶν
1413 2133 1615 2203 χειρῶν

46 2224 163 2277 τῶν
211 2222 525 2276 ἀποστόλων
570 2222 773 2276 δίδοται
803 2223 864 2275 τὸ
895 2223 1113 2293 πνεῦμα
1143 2223 1203 2275 τὸ
1234 2222 1412 2291 ἅγιον,
1464 2242 1634 2294 προσ·

48 2315 258 2385 ήνεγκε
327 2312 515 2376 αὐτοῖς
561 2313 822 2385 χρήματα
874 2312 1051 2380 λέγων
1082 2329 1095 2342 ο
1127 2314 1259 2367 Δότε
1310 2314 1478 2384 κάμοὶ
1534 2315 1634 2384 τὴν

51 2404 308 2469 ἐξουσίαν
360 2404 588 2475 ταύτην,
649 2406 735 2457 ἵνα
759 2398 802 2473 ᾧ
834 2405 899 2458 ἂν
938 2404 1113 2458 meo
1142 2405 1241 2468 τὰς
1271 2406 1457 2477 χεῖράς
1507 2423 1631 2477 μου,

50 2496 313 2569 λαμόάνῃ
340 2498 566 2569 Πνεῦμα
586 2497 763 2566 ἆγιον.
800 2494 970 2551 Εἶπεν
1001 2499 1057 2551 δὲ
1082 2500 1110 2551 6
1133 2498 1338 2568 Πέτρος
1381 2498 1517 2568 πρὸς
1539 2499 1635 2552 αύο

50 2587 188 2641 τόνο
221 2586 295 2641 Τὸ
316 2588 580 2659 ἀργύριόν
636 2605 730 2641 σου
788 2590 882 2642 σὺν
929 2589 1013 2641 σοὶ
1066 2589 1150 2658 εἴη
1193 2591 1273 2650 εἰς
1317 2587 1632 2652 ἀπώλειαν,

50 2679 138 2733 ὅτι
182 2679 286 2751 τὴν
332 2679 542 2749 δωρεὰν
599 2679 695 2732 τοῦ
734 2677 868 2732 Θεοῦ
926 2678 1187 2749 ἐνόμισας
1224 2678 1315 2731 διὰ
1334 2679 1635 2749 χρημάτων

53 2776 313 2833 κτᾶσθαι.
369 2778 485 2831 Ούκ
534 2775 650 2829 ἐστι
702 2792 783 2829 σοι
842 2776 1023 2847 μερὶς,
1087 2775 1207 2827 οὐδὲ
1257 2773 1459 2846 κλῆρος
1482 2771 1636 2844 ἐντῷ

52 2871 202 2943 λόγῳ
219 2870 414 2943 τούτῳ.
450 2890 469 2924 ι

130 2965 305 3020 Πόσον
342 2964 512 3019 κακόν
564 2965 712 3017 ἐστιν
759 2963 880 3016 ἀντὶ
924 2961 1147 3033 ὁδηγίας
1191 2962 1400 3032 πλάνης
1464 2960 1637 3015 αἴτιον

54 3057 314 3126 γενέσθαι
346 3060 459 3122 τοῖς
487 3057 840 3128 ὑποχειρίοιςί
874 3055 1066 3120 Οὐδεὶς
1107 3056 1341 3127 περιορᾷ
1362 3055 1422 3107 τὸ
1439 3053 1635 3108 ἑαυτοῦ

53 3148 250 3204 τέκνον
281 3149 475 3220 μέλλον
526 3148 887 3203 καταπίπτειν
918 3149 999 3208 είς
1058 3147 1301 3219 βόθυνον,
1330 3146 1362 3218 ἥ
1397 3145 1638 3217 ἐμπεσὸν

56 3238 315 3310 ἰναφίησι
355 3239 434 3310 τῷ
484 3240 762 3309 πτώματι.
815 3241 985 3293 Πόσον
1012 3240 1068 3294 δὲ
1105 3240 1409 3310 δεινότερον
1460 3240 1638 3308 ψυχὴν

54 3334 139 3397 είς
186 3332 349 3404 βάθος
403 3336 592 3389 κακῶν
640 3335 1020 3405 ἐμπίπτουσαν
1100 3337 1380 3405 ἐναφεῖναι
1418 3337 1483 3406 τῇ
1533 3336 1642 3388 ἁπ-

54 3426 226 3499 ωλείᾳ
243 3445 258 3494 ;

123 3604 223 3676 Μὴ
262 3606 402 3660 ἔστω
424 3624 507 3670 τις
537 3607 748 3678 κεφαλὴ
786 3609 939 3677 μόλις
973 3625 1073 3660 που
1106 3607 1227 3679 χεὶρ
1261 3606 1565 3676 τυγχάνων,
1606 3606 1640 3677 ἢ

56 3693 281 3767 ποῦς,ῆ
319 3696 449 3751 ἄλλο
489 3715 542 3751 τι
591 3699 701 3751 τῶν
753 3698 1155 3767 εὐτελεστέρων
1203 3697 1298 3750 τοῦ
1362 3696 1637 3765 σώματος.

58 3788 343 3854 Ἕκαστος
361 3792 419 3843 ὲν
510 3790 713 3871 ἐκλήθη
766 3792 939 3859 τάξει,
968 3791 1217 3861 ἀδελφοὶ,
1244 3791 1303 3843 ὲν
1332 3789 1515 3861 ταύτῃ,
1538 3806 1637 3859 μετ⁹

60 3880 221 3936 νέτω.

181 4057 526 4130 έΥμῖνλέγω
557 4062 820 4123 μάλιστα
850 4061 976 4128 τοῖς
1000 4062 1107 4117 τοῦ
1123 4062 1424 4130 βήματος,

180 4129 521 4202 Ὀφθαλμὸν
542 4130 690 4186 εἶναι
724 4134 804 4197 μὴ
831 4137 1091 4200 σκότους
1119 4130 1572 4202 πεπλησμένον,

165 4200 331 4266 Μηδὲ
357 4203 632 4269 πρόεδροι
651 4204 756 4255 τοῦ
779 4204 968 4257 κακοῦ
991 4203 1349 4271 φαινώμεθα.

165 4272 236 4323 El
262 4271 371 4339 γὰρ
396 4273 463 4325 τὸ
484 4272 612 4341 φῶς
636 4276 927 4337 τοιοῦτον,
946 4276 1013 4327 τὸ
1036 4276 1258 4339 σκότος
1286 4276 1487 4328 πόσον
1510 4293 1528 4341 ;

126 4361 233 4425 Τίς
259 4360 325 4416 ἂν
363 4365 489 4426 τοὺς
552 4365 745 4427 ἄλλους
796 4367 1041 4419 πείσειεν
1095 4365 1436 4437 μετριάζειν,
1493 4365 1636 4420 οὕτω

56 4452 171 4505 τῶν
227 4454 589 4524 προεστώτων
641 4457 1043 4528 διακειμένων;
1086 4458 1139 4511 τί
1198 4457 1392 4525 ὄφελος
1438 4460 1638 4530 κυϐερ-

55 4546 229 4613 νήτην
296 4540 437 4598 εῐναι
501 4547 766 4618 χρηστὸν,
828 4550 1088 4620 πονηροῖς
1152 4548 1435 4618 χρώμενον
1513 4548 1635 4620 ὲρέ-

59 4650 185 4698 ταις
210 4651 227 4700 ;

130 4727 324 4793 Πόθεν,
390 4728 515 4783 εἰπέ
567 4749 678 4802 μοι,
710 4732 952 4804 νομίζεις
986 4733 1083 4795 τὰς
1131 4731 1401 4795 τοσαύτας
1436 4733 1493 4786 ἐν
1515 4735 1637 4796 ταῖς

70 4818 419 4890 Ἐκκὶησίαις
463 4822 746 4879 τίκτεσθαι
814 4825 1108 4895 ταραχάς;
1160 4824 1305 4891 Ἐγὼ
1375 4824 1474 4895 μὲν
1526 4824 1636 4895 γὰρ

53 4911 158 4964 ’δύκ
210 4911 432 4965 ἄλλοθεν
490 4912 664 4985 οἶμαι,
715 4916 844 4988 ἢὲκ
902 4918 996 4970 τοῦ
1055 4916 1153 4979 τὰς
1201 4916 1311 4970 τῶν
1353 4915 1635 4987 προεστώ-

58 5019 170 5054 των
203 5003 442 5074 αἱρέσεις
474 5008 569 5060 καὶ
598 5007 830 5077 ἐκλογὰς
852 5007 1064 5073 ἁπλῶς,
1096 5008 1192 5061 καὶ
1221 5006 1295 5071 ὡς
1326 5006 1515 5077 ἔτυχεν
1546 5008 1633 5076 Tl-

57 5101 266 5157 νεσθαι.

130 5196 298 5251 Οὐδὲν
346 5198 670 5253 διδασκάλου
718 5196 1054 5269 ψυχρότερον
1089 5196 1148 5248 ἐν
1183 5193 1367 5265 λόγοις
1418 5193 1635 5263 φιλοσο-

58 5288 289 5355 φοῦντος
322 5290 499 5359 μόνον.
532 5288 703 5344 Τοῦτο
734 5290 795 5343 οὐ
824 5287 1169 5351 διδάσκαλος,
1230 5284 1366 5339 ἀλλά
1413 5286 1633 5357 ὑποκρι-

59 5380 177 5448 τής.
204 5382 497 5452 ’Δρχοντος
548 5381 717 5454 μηδὲν
750 5380 877 5445 τοὺς
905 5380 1241 5452 ἀρχομένους
1273 5377 1639 5449 ὠφελοῦντος,

58 5470 212 5527 οὐδὲν
242 5472 597 5548 ἀθλιώτερον.

136 5643 302 5697 Ὅσον
329 5644 463 5716 πρὸς
489 5646 712 5718 μείζονα
745 5646 909 5714 ὄγκον
931 5648 1031 5719 τῆς
1057 5648 1477 5719 ἀρχιερωσυνης
1500 5648 1633 5701 ἀνα-

62 5734 298 5803 ϐέϐηκεν
325 5738 354 5790 6
383 5738 482 5810 τὴν
540 5740 847 5811 ἐπισκοπὴν
904 5738 1105 5811 λαχὼν,
1142 5739 1386 5810 τοσούτῳ
1412 5739 1635 5792 πλείονα

64 5827 501 5901 άπαιτηθήσεται
522 5831 700 5899 λόγον,
730 5831 851 5901 οὐχι
881 5831 1230 5895 διδασκαλίας
1261 5832 1441 5902 μόνον,
1500 5830 1636 5883 ἀλλὰ

71 5918 430 5991 Italam!)th
461 5922 813 5990 προστασίας.
845 5922 1109 5991 Καθάπερ
1133 5924 1240 5992 γὰρ
1279 5924 1438 5991 ἡμεῖς
1465 5922 1635 5991 ἀίγύ-

1736 2033 1904 2094 ponet
1934 2036 2062 2075 cum
2096 2018 2423 2089 hypocritis.
2460 2035 2478 2068 ι

1808 2111 1929 2166 Act.
1963 2128 2062 2166 vm
2082 2152 2095 2173 .
2129 2109 2315 2166 18le.
2342 2142 2410 2150 —
2441 2128 2459 2160 ι
2490 2108 2692 2162 Videns
2724 2106 2914 2161 Simon
2942 2105 3067 2175 quia
3095 2119 3189 2173 per
3216 2103 3320 2155 im-

1737 2204 2069 2274 positionem
2106 2215 2367 2254 manuum
2396 2201 2772 2267 apostolorum
2816 2199 3043 2253 daretur
3069 2194 3327 2262 Spiritus

1740 2304 1969 2349 sanctus
1990 2335 2005 2359 ,
2034 2294 2239 2348 obtulit
2269 2295 2353 2347 eis
2405 2294 2692 2363 pecuniam
2715 2332 2728 2352 .
2759 2292 2989 2345 dicens:
3026 2291 3159 2343 Date
3188 2288 3335 2340 mihi:

1739 2385 1889 2440 hanc
1921 2395 2292 2456 potestatem,
2326 2394 2380 2437 ιιι
2418 2387 2731 2453 cuicunque
2770 2385 3090 2453 imposuero
3122 2398 3327 2437 manus

1741 2493 1931 2545 meas,
1958 2478 2192 2547 accipiat
2226 2476 2491 2547 Spiritqu
2525 2488 2799 2531 sanetum.
2832 2476 2977 2530 Dixit
3006 2485 3188 2528 autem
3219 2472 3319 2526 Pe-

1741 2579 1862 2625 trus
1892 2569 1961 2623 ad
1995 2584 2119 2624 eum
2148 2582 2164 2622 :
2202 2572 2501 2636 Argentum
2537 2576 2690 2618 tuum
2728 2574 2903 2618 tecum
2938 2565 3013 2618 sit
3044 2564 3097 2616 in
3142 2561 3328 2631 perdi-

1742 2665 1976 2730 tionem,
2025 2663 2154 2733 quia
2188 2660 2522 2716 existimasti
2564 2661 2772 2712 donum
2802 2656 2896 2712 Dei
2933 2656 3164 2727 pecunia
3197 2671 3323 2725 pos-

1742 2755 1935 2811 sideri.
1977 2752 2099 2808 Nou
2140 2760 2227 2808 est
2266 2750 2364 2806 tibi
2413 2766 2539 2821 pars
2583 2764 2764 2821 neque
2802 2765 2924 2803 sors
2967 2749 3022 2802 in
3066 2760 3333 2803 sermone.

1745 2849 1878 2905 isto.
1913 2866 1932 2900 ι

1815 2942 1876 2998 S.
1914 2941 2087 2995 Basil.
2118 2956 2185 2995 ea:
2204 2957 2327 2994 can.
2361 2938 2542 2995 Const.
2571 2946 2760 3007 quiest.
2783 2936 2878 2992 25.
2903 2966 2971 2977 --
2994 2936 3170 3003 Quam
3202 2950 3345 2989 mam

1745 3049 1911 3104 gnum
1946 3033 2150 3089 malum
2184 3040 2272 3088 est
2304 3032 2551 3086 subditis
2579 3031 2787 3085 erroris
2819 3044 3012 3085 ansam
3042 3029 3320 3099 praebere.

1746 3140 1909 3197 quem
1940 3126 2156 3181 itineris
2183 3141 2307 3181 esse
2342 3126 2536 3179 ducem
2569 3123 2863 3192 oportebat
2892 3123 2905 3175 !
2944 3119 3117 3175 Nemo
3153 3120 3362 3174 lilium-

1750 3236 1913 3275 suum
1944 3218 2057 3289 jam
2093 3234 2232 3289 pene
2268 3218 2323 3271 in
2355 3216 2569 3271 ﬂoream
2603 3214 2893 3269 cadentem
2930 3214 3190 3283 negligit,
3231 3220 3334 3266 aut-

1669 3302 1716 3363 C
1747 3313 1804 3365 in
1834 3325 1953 3366 eam
1983 3312 2302 3381 prolapsum
2332 3309 2615 3378 relinquit.
2640 3306 2856 3373 Quanto
2889 3313 3072 3360 autem
3102 3304 3327 3375 gravius
3350 3342 3364 3347 -ι

1745 3414 1832 3458 est
1863 3403 2102 3456 animam
2131 3404 2184 3456 iu
2218 3403 2386 3455 imum
2422 3401 2685 3456 vitiorum
2706 3397 2985 3470 gurgitem
3011 3397 3321 3460 labentem,
3348 3446 3365 3455 ,

1747 3494 1803 3551 in
1836 3494 2005 3550 exitio
2030 3494 2376 3564 relinquere!

1822 3588 2095 3659 Tlteologi.
2123 3619 2191 3629 -—
2214 3586 2293 3642 Ne
2337 3587 2561 3658 capitis.
2595 3585 2773 3639 locum
2807 3588 3069 3654 usurpet;
3100 3581 3197 3651 qui
3233 3578 3346 3635 vis-

1745 3695 1966 3740 manus.
1996 3687 2090 3731 aut
2124 3677 2302 3748 pedis,
2328 3688 2421 3729 aut
2452 3674 2759 3744 cuiuspiam
2793 3673 2935 3726 alius
2961 3670 3176 3725 vilioris
3199 3682 3327 3738 par-

1742 3770 1817 3824 tis
1864 3767 2116 3838 corporis
2147 3766 2326 3821 ollicio
2386 3765 2536 3835 fungi
2586 3764 2780 3833 possit.
2842 3759 3236 3830 Unusquisque
3266 3759 3333 3814 in,

1747 3875 1869 3933 quo.
1893 3861 2064 3933 gradu
2102 3868 2338 3916 vocatus
2367 3867 2481 3923 est,
2524 3857 2601 3911 fra
2638 3873 2757 3920 res,
2794 3857 2848 3911 in
2879 3871 2946 3912 eo
2975 3860 3217 3910 maneat.

2264 3949 2456 4021 Ejttsd.
2492 3964 2556 4003 ex
2590 3957 2712 4002 tetr.
2748 3947 2803 4001 5.

1884 4043 2094 4107 Cavete,
2126 4060 2304 4113 quwso
2330 4082 2344 4101 .
2378 4041 2611 4093 maxime
2641 4056 2754 4113 vos,
2790 4035 3067 4113 prtvsttles.

1886 4115 1969 4169 Ne
2002 4109 2173 4168 lumen
2209 4113 2351 4166 oomi
2380 4128 2597 4182 prorsus
2630 4109 3081 4182 orbumtunzine..

1893 4184 2122 4255 Vitiique
2151 4176 2395 4243 tantum;
2430 4200 2532 4235 non
2565 4181 2716 4241 boni.
2751 4180 2868 4255 sitis
2902 4176 3093 4255 duces-

1884 4257 1945 4312 Si
1977 4247 2081 4310 tale
2113 4255 2327 4316 lumen,
2358 4261 2587 4323 quantus
2619 4268 2697 4304 est.
2736 4250 2946 4303 tandem
2979 4249 3161 4317 nigror
3178 4247 3209 4300 ."

1811 4349 2005 4419 Ejusd.
2030 4359 2172 4403 orat.
2195 4346 2352 4416 Apol.
2373 4377 2439 4386 α-
2468 4343 2670 4412 Ecquis
2703 4341 2926 4396 tandem
2953 4341 3091 4394 alios
3113 4338 3179 4391 ad
3207 4353 3349 4413 ωο-ην

1740 4442 1975 4497 destiatn
2011 4448 2181 4510 queat
2212 4437 2517 4499 adducere,
2545 4436 2769 4505 quando
2800 4432 3079 4487 antistites
3115 4430 3216 4497 ipsi
3251 4430 3326 4483 ita

1741 4543 1871 4590 sunt
1902 4532 2125 4587 allecti?
2156 4530 2299 4597 Quid
2335 4530 2516 4599 prosit
2568 4529 2798 4597 probum
2833 4538 2955 4579 esse
2983 4522 3322 4595 gubernato~

1676 4642 1893 4705 D'rem,
1930 4626 1977 4680 si
2011 4624 2170 4678 malis
2205 4621 2504 4688 remigibus
2535 4618 2773 4672 utatur?

1816 4715 1877 4770 S.
1906 4714 2180 4784 (.‘Itrysost.
2222 4742 2277 4752 —
2309 4711 2464 4766 Unde
2487 4752 2501 4775 ,
2528 4725 2717 4778 qumso
2737 4749 2750 4770 ,
2781 4706 3095 4776 huiusmodi
3121 4705 3325 4760 tumul-

1745 4819 1835 4863 tus
1866 4810 1919 4862 in
1953 4805 2224 4861 Ecelesiis
2254 4804 2412 4859 nasci
2467 4800 2714 4857 censes?
2747 4798 3013 4870 Equidem
3058 4800 3174 4869 ipse
3210 4786 3323 4851 non

1746 4902 1969 4958 aliunde
1994 4900 2281 4960 existimo,
2310 4913 2475 4969 quam
2504 4895 2649 4965 quod
2679 4895 2992 4950 antistitum
3018 4892 3323 4948 electiones

1746 5002 1955 5048 temere
1984 4998 2041 5047 et
2075 4988 2487 5045 inconsiderate
2518 4988 2673 5040 liant.

1815 5172 2016 5244 Ejusd.
2043 5203 2112 5213 ——
2138 5169 2291 5225 Nihil
2320 5169 2550 5224 doctore
2587 5166 2845 5237 frigidius
2880 5169 3002 5226 est,
3055 5176 3149 5230 qut
3204 5151 3321 5216 ser-

1743 5269 2004 5323 monibus
2037 5264 2306 5320 duntaxat
2336 5260 2747 5332 philosophiam
2803 5255 2959 5310 colit.
3009 5248 3107 5307 Hic
3162 5253 3322 5322 plane

1744 5378 1861 5417 non.
1883 5360 2099 5419 doctor.
2130 5356 2294 5427 518
2322 5356 2418 5412 sed
2451 5352 2740 5426 hypocrita
2772 5358 2875 5403 est.
2908 5345 3054 5401 Νιιιὶι
3085 5349 3321 5416 praesule

1745 5453 2026 5517 miserius,
2077 5452 2170 5520 qui
2218 5450 2289 5504 iis
2350 5447 2555 5518 quibus
2604 5449 2801 5514 praeest
2871 5439 3010 5495 nihil
3062 5439 3320 5494 utilitatis

1744 5546 1923 5600 aﬂ'ert.

1808 5639 1998 5709 Ejusd.
2029 5668 2098 5679 —-
2123 5636 2339 5703 Quanto
2391 5633 2458 5686 ad
2509 5630 2759 5684 altiorem
2811 5628 3041 5697 gradum
3073 5624 3321 5680 ascendit

1745 5733 1834 5787 ille
1887 5732 1973 5785 cui
2015 5729 2373 5800 episcopatus
2425 5723 2629 5792 obtigit
2662 5763 2679 5787 ,
2723 5730 2875 5774 tanto
2925 5733 3147 5789 quoque
3205 5731 3321 5768 am-

1745 5826 1886 5897 plior
1908 5823 1976 5879 ab
2001 5837 2068 5878 eo
2097 5823 2238 5875 ratio
2268 5826 2618 5889 exposcetur,
2651 5829 2757 5868 non
2780 5815 3046 5867 doctrina!
3071 5818 3317 5873 tantum,

1744 5935 1932 5975 rerum
1985 5927 2038 5971 ct
2090 5929 2389 5985 pauperum
2438 5926 2605 5967 curae.
2656 5901 3339 5990 Quemadtuodumqeniu}.
