4052 6412
572 422 722 487 1:155-

1745 416 1804 474 s.
1846 413 2162 474 JOANNIS
2196 385 2640 480 DAMASCENI;

3688 414 3842 484 1556-

566 557 668 596 nos
690 581 706 602 ,
737 553 863 594 cum
897 535 1166 612 pecunias
1216 531 1440 586 famulis
1475 528 1892 591 commisimus,
1925 540 2142 580 omnem

2258 548 2343 600 ρια
2368 535 2480 595 τοῖς
2505 533 2748 594 οἰκέταις
2787 534 3236 604 ὲμπιστεύοντες,
3267 532 3525 588 ἁπάντων
3558 534 3826 590 hamo-5-

565 635 636 690 ab
669 635 750 689 eis
787 632 1056 686 rationem
1087 629 1395 698 ﬂagitamus
1427 644 1442 681 :
1478 626 1559 679 sic
1605 623 1767 678 etiam
1832 623 1973 678 Deus
2011 637 2136 676 cum

566 741 853 782 sermones
886 737 1020 779 suos
1063 721 1186 776 ﬁdei
1232 731 1440 776 nostra:
1469 718 1844 778 commiserit,
1885 731 2140 786 expensas

566 819 832 874 rationem
865 814 1131 885 requiret.

633 910 840 966 Justini
875 908 1088 962 adhort.
1121 904 1190 958 ad
1225 902 1378 958 Gent.
1408 934 1478 943 —
1507 899 1660 956 Fieri
1706 915 1817 954 non
1868 906 2049 970 potest
2081 905 2141 952 ut

565 1004 664 1077 qui
695 1019 786 1059 res
816 1001 956 1056 adeo
987 1013 1215 1068 magnas
1247 1004 1302 1052 et
1332 995 1546 1051 divinas
1577 994 1647 1050 ab
1681 993 1750 1048 iis
1779 993 1872 1062 qui
1905 1008 1999 1047 eas
2028 992 2141 1046 cal-

567 1102 716 1165 lent,
765 1097 993 1152 minime
1032 1093 1390 1156 didicerunt,
1432 1097 1527 1144 aut
1575 1089 1682 1160 ipsi
1730 1103 1824 1143 eas
1877 1095 2140 1152 noscant,

567 1201 663 1247 aut
695 1190 823 1244 aliis
858 1196 1011 1242 recte
1038 1184 1260 1240 tradere
1291 1189 1517 1253 queant.

635 1280 696 1338 S.
734 1280 874 1335 Nili.
903 1309 973 1320 --
1004 1276 1261 1332 Doctoris
1315 1272 1592 1346 imperitia
1635 1271 1929 1341 discipulis
1975 1269 2142 1325 exitio

566 1384 684 1440 est,
715 1384 773 1428 et
803 1371 1209 1442 discipulorum
1244 1366 1498 1423 socordia
1532 1363 1802 1434 magistro
1833 1361 2140 1432 periculum

564 1474 738 1532 creat,
773 1463 1080 1535 praesertim
1125 1461 1174 1518 si
1209 1460 1385 1531 ipsius
1420 1456 1642 1513 inscitia
1679 1454 1810 1518 fiat,
1843 1460 1905 1508 ut
1937 1451 2016 1506 illi
2050 1466 2143 1507 so—

563 1560 759 1616 cordia
787 1563 1127 1628 torpescant.

635 1735 829 1805 Ejusd.
850 1765 922 1777 -—
944 1730 1301 1802 Nequaquam
1331 1726 1649 1784 existiment
1669 1737 1786 1780 rem
1807 1735 1926 1776 eam
1949 1718 2146 1776 remis-

566 1829 744 1884 sionis
773 1827 942 1882 animi
969 1834 1026 1882 et
1051 1820 1447 1879 oblectationis
1476 1827 1800 1889 przetextum
1821 1829 1966 1870 esse.
1991 1811 2142 1867 Nihil

565 1922 714 1977 enim
745 1936 902 1990 aeque
932 1918 1164 1972 arduum
1201 1923 1257 1970 et
1291 1913 1628 1968 laboriosum
1659 1918 1781 1972 est,
1823 1914 1988 1977 atque
2023 1905 2143 1959 ani-

566 2015 671 2069 mis
719 2014 1014 2081 imperare.
1065 2007 1338 2076 Quocirca
1391 2018 1574 2074 operze
1626 2001 1863 2072 pretium
1893 2005 2072 2054 estut
2105 1996 2142 2050 ii

565 2107 661 2176 qui
695 2105 760 2160 ad
795 2105 899 2157 hoc
931 2117 1135 2156 munus
1161 2097 1468 2160 accedunt,
1494 2093 1728 2164 perinde
1754 2107 1814 2148 se
1839 2090 2141 2160 inungant,

568 2206 830 2272 tanquam
864 2195 930 2249 ad
962 2209 1129 2264 grave
1162 2199 1444 2246 certamen
1476 2185 1696 2257 aliquod
1734 2181 2063 2254 ingressuri.

641 2289 836 2359 Ejusrl.
861 2317 929 2330 -—
948 2287 1050 2353 Qui
1078 2285 1278 2341 scindit
1311 2285 1479 2353 ligna,
1504 2277 1916 2351 periclitabitur
1954 2276 2008 2328 in
2039 2272 2143 2336 eis,

569 2381 614 2434 si
648 2381 859 2435 ferrum
891 2379 1180 2435 exciderit.
1217 2377 1350 2430 Nam
1383 2375 1471 2444 qui
1508 2386 1764 2428 sermone
1793 2385 1882 2424 res
1911 2368 2144 2430 dividit,

571 2473 675 2527 nisi
710 2487 1023 2526 sermonem
1061 2470 1429 2538 undecunque
1465 2466 1822 2520 obfirmatum
1859 2461 2144 2522 habuerit,

569 2565 713 2619 inter
742 2564 1032 2620 audientes
1059 2559 1494 2633 periclitabitur,
1525 2574 1623 2629 per
1650 2569 1966 2613 sermonem
1995 2553 2148 2609 vide-
2183 2612 2186 2614 γ

571 2657 699 2711 licet
736 2658 1025 2728 discipulis
1055 2656 1304 2711 scandali
1338 2653 1622 2708 materiam
1656 2649 1969 2719 porrigens.

642 2749 836 2819 Ejusd.
869 2783 939 2792 -
975 2749 1054 2804 Ne
1107 2748 1242 2802 illud
1303 2746 1463 2798 velim
1520 2743 1780 2811 ignores,
1831 2739 2149 2812 complures

569 2847 859 2917 episcopos
893 2845 1035 2914 ignis
1071 2842 1349 2894 fornacem
1380 2844 1674 2890 ornaturos
1700 2849 1842 2888 esse.

647 2938 840 3008 Ejusd.
866 2934 1271 3005 --Cujuslibet
1321 2930 1569 3000 episcopi
1613 2943 1677 2982 ac
1717 2925 1965 2981 doctoris
2007 2941 2150 2996 opus

573 3032 738 3101 quale
765 3030 874 3096 sit,
901 3027 1274 3097 sempiternus
1307 3024 1454 3094 ignis
1507 3023 1788 3094 probabit.
1840 3019 1978 3075 Nam
2030 3021 2149 3075 dies

573 3124 670 3176 ille
703 3120 885 3175 omnia
921 3120 1170 3186 deteget,
1205 3124 1260 3171 et
1291 3117 1586 3186 perspicua
1637 3114 1866 3177 reddet,
1917 3113 2045 3184 quia
2093 3111 2149 3166 in

573 3215 699 3285 igne
734 3211 1088 3268 revelabitur.

651 3305 842 3374 Ejusd.
873 3335 942 3345 —
975 3304 1059 3357 An
1096 3310 1151 3356 te
1181 3301 1356 3372 fugit,
1413 3300 1708 3371 episcopos
1754 3315 2149 3372 nonnunquam

573 3400 744 3455 etiam
774 3398 1000 3454 exitium
1027 3404 1080 3450 et
1109 3396 1324 3449 ruinam
1356 3394 1579 3448 subire?

650 3489 844 3557 Ejusd.
871 3519 941 3529 —
962 3487 1278 3542 Ahsurdurn
1307 3495 1390 3540 est
1418 3501 1542 3540 eum
1569 3484 1665 3555 qui
1695 3484 1934 3539 honores
1961 3499 2156 3538 conse-

580 3592 788 3646 ctatur,
836 3582 1056 3636 labores
1106 3579 1367 3650 defugere
1417 3578 1623 3649 quibus
1673 3578 1916 3632 honores
1965 3577 2156 3630 conci-

574 3676 783 3729 lianlllt‘

651 3766 737 3820 Sit
766 3766 858 3820 illa
894 3766 988 3819 ler
1009 3763 1314 3819 constituta
1346 3764 1616 3816 adversus
1646 3775 1744 3816 eos
1770 3761 1861 3829 qui
1894 3774 1983 3814 res
2029 3774 2156 3812 san-

577 3869 696 3914 ctas
719 3867 780 3913 et
804 3859 1018 3913 divinas
1049 3873 1158 3910 uon
1189 3864 1381 3912 sancte
1406 3863 1574 3923 atque
1605 3855 1768 3924 digne
1792 3855 1902 3908 Deo
1933 3868 2176 3908 cernere.

577 3951 771 4006 volunt
841 3951 983 4006 unde
1016 3949 1149 4020 ipsis
1176 3949 1438 4004 caecitatis
1467 3947 1804 4016 supplicium
1837 3945 2127 4001 inferatur.

856 4125 998 4182 ΤΙΤ.
1035 4125 1179 4180 XIX.
1213 4155 1283 4168 —
1314 4123 1390 4178 De
1417 4123 1871 4193 oppignerationc.

1111 4245 1131 4282 ι
1163 4245 1325 4300 Deest
1355 4245 1408 4299 in
1440 4245 1622 4314 mss.)

579 4403 720 4464 TlT.
745 4391 864 4458 XX:
888 4435 956 4445 —-
981 4401 1056 4455 De
1085 4401 1506 4466 concupiscentia
1531 4416 1550 4472 ξ
1574 4411 1623 4454 et
1650 4401 1790 4469 quod
1825 4401 1981 4455 malis
2005 4405 2154 4472 cupi-

827 4473 1086 4526 ditatibus
1124 4472 1338 4525 minime
1381 4473 1450 4524 sit
1497 4470 1906 4542 obsequendum.

653 4590 827 4644 Exod.
861 4605 930 4644 xx
952 4628 968 4651 ,
1000 4589 1086 4643 16.
1106 4620 1178 4630 —
1198 4608 1215 4640 ι
1238 4587 1354 4642 Νοη
1382 4587 1748 4658 concupisces
1774 4605 1999 4644 uxorem
2031 4606 2157 4660 pro-
2190 4598 2236 4656 ι)

580 4683 714 4740 xiini
743 4683 862 4745 tui,
888 4697 1070 4752 neque
1095 4680 1358 4744 domum,
1389 4697 1490 4735 nec
1519 4697 1745 4751 agrum,
1774 4699 1875 4738 nec
1902 4699 2119 4737 servum
2143 4724 2158 4746 ,

583 4791 688 4832 nec
721 4775 979 4830 ancillam
1002 4813 1018 4838 ,
1052 4789 1154 4829 nec
1182 4775 1374 4828 bovem
1397 4815 1414 4841 ,
1446 4789 1549 4829 nec
1593 4774 1844 4828 asinum.
1878 4791 1980 4830 nec
2034 4777 2162 4830 tini-

579 4886 744 4927 versa
779 4885 897 4934 (ius:
926 4867 1077 4924 illius
1108 4876 1256 4924 sunt.
1294 4886 1314 4919 ›

657 5042 686 5098 I
716 5041 907 5097 Paral.
942 5058 997 5097 χι
1020 5083 1037 5108 ,
1075 5041 1258 5096 I749.
1285 5073 1356 5084 -—
1383 5061 1402 5094 ‹
1435 5042 1778 5098 Desideravit
1811 5042 1983 5098 David
2017 5043 2162 5098 desi-

585 5136 801 5192 derium
826 5178 843 5202 ,
876 5142 932 5190 et
961 5135 1100 5191 dixit
1125 5153 1139 5190 :
1173 5134 1311 5202 Quis
1341 5136 1494 5190 dabit
1523 5137 1657 5190 mihi
1689 5148 1878 5203 potum
1911 5153 2066 5207 aqua:
2095 5137 2163 5191 de

587 5231 831 5286 cisterna
859 5242 983 5299 quae
1010 5236 1096 5284 est
1132 5228 1186 5282 in
1219 5227 1546 5282 Bethleem?
1579 5229 1644 5282 Et
1678 5239 2013 5296 acceperunt
2046 5237 2161 5283 tres

587 5323 786 5385 fortes,
808 5330 864 5375 et
882 5327 1157 5376 venerunt
1182 5320 1249 5374 ad
1274 5318 1466 5375 David.
1488 5323 1556 5373 At
1585 5321 1762 5372 uoluit
1793 5336 1914 5374 eam
1947 5320 2162 5386 bibere,

580 5423 643 5467 .et
671 5412 866 5466 libavit
895 5426 1015 5466 eam
1049 5411 1304 5472 Domino,
1333 5417 1388 5463 et
1418 5410 1494 5462 ait
1520 5428 1532 5463 :
1561 5407 1841 5479 Propitius
1875 5409 1946 5463 sit
1979 5410 2164 5464 Domi-

588 5520 718 5570 nus,
769 5519 839 5558 ne
864 5503 1064 5558 faciam
1097 5503 1236 5568 hoc,
1261 5501 1424 5572 519
1447 5502 1490 5554 si
1523 5503 1846 5571 sanguinem
1877 5503 2160 5557 hominum

589 5596 825 5649 istorum
871 5596 966 5665 qui
1011 5594 1239 5664 profecti
1284 5605 1415 5648 sunt
1464 5594 1518 5647 in
1572 5593 1880 5650 animarum
1933 5612 2160 5652 suarum

589 5687 925 5758 ptri-iculum,
955 5688 1166 5743 bibero.
1208 5706 1226 5738 ι
1674 5753 1682 5760 ε

662 5779 819 5835 Prov.
877 5797 996 5844 xui,
1045 5781 1138 5835 ~12.
1177 5813 1244 5822 --
1282 5800 1298 5832 ι
1359 5779 1590 5851 Liguum
1647 5779 1766 5834 vita:
1826 5781 2160 5838 desiderium

592 5870 816 5928 bonum.
854 5893 871 5924 ι

2249 642 2356 695 μεν
2398 624 2597 687 αὐτοὺς
2635 624 2791 692 λόγον
2813 641 2824 654 ·
2853 625 3028 689 οὕτως
3058 626 3150 679 καὶ
3174 627 3204 679 ό
3238 624 3370 688 Θεὸς
3406 626 3636 695 ῥήματα.
3697 626 3832 695 ἡμῖν

2247 716 2649 787 ἐμπιστεύσας,
2680 719 2749 773 τά
2774 717 2942 773 αὑτοῦ
3005 717 3256 789 ζητήσει,
3289 718 3384 770 καὶ
3429 716 3533 786 τῆς
3577 717 3835 787 δαπάνης

2245 813 2338 865 τὸν
2370 811 2592 882 τρόπον.

2330 903 2618 958 ’Λδύνατον
2661 903 2730 958 τά
2785 901 2961 967 οὕτως
3011 901 3226 973 μεγάλα
3277 902 3373 957 καὶ
3417 903 3541 957 θεῖα
3592 901 3729 965 τοὺς
3759 901 3837 972 μὴ

2249 997 2512 1068 πρότερον
2556 995 2710 1066 παρὰ
2764 996 2874 1048 τῶν
2924 995 3143 1049 εἰδότων
3196 995 3632 1066 μεμαθηκότας,
3663 993 3698 1065 ἢ
3737 994 3838 1047 αὒ-

2246 1093 2373 1156 τοὺς
2429 1089 2661 1156 εἰδέναι,
2693 1088 2740 1160 ¹ἥ
2791 1087 3012 1160 ἐτέρους
3072 1086 3335 1143 δύνασθαι
3385 1087 3672 1142 διδάσκειν
3735 1088 3834 1157 όρο

2249 1186 2380 1249 θῶς.

2333 1280 2398 1334 Ἡ
2437 1278 2534 1334 τοῦ
2585 1277 2908 1333 διδασκάλου
2957 1275 3187 1348 ἀπειρία
3238 1274 3504 1329 ἀπόλλυσι
3547 1272 3687 1336 τοὺς
3737 1285 3836 1341 μιν

2249 1371 2681 1443 θητευομένους,
2710 1372 2807 1425 καὶ
2834 1371 2868 1441 ή
2905 1369 3014 1424 τῶν
3071 1367 3532 1440 μαθητευομένων
3593 1361 3835 1434 ἀμέλεια

2248 1465 2494 1520 κίνδυνον
2546 1464 2701 1535 φέρει
2726 1462 2806 1534 τῷ
2842 1461 3185 1532 διδασκάλῳ,
3243 1459 3342 1513 καὶ
3401 1458 3648 1528 μάλιστα
3700 1455 3832 1508 ὅταν

2250 1557 2405 1629 παρὰ
2436 1556 2536 1628 τὴν
2563 1554 2730 1610 αὑτοῦ
2770 1553 3284 1627 ἀνεπιστημοσύνην
3339 1551 3650 1624 ῥᾳθυμοτεν
3682 1549 3832 1601 ἐκεί-

2248 1667 2353 1704 νοι.

2321 1741 2415 1814 Μὴ
2439 1740 2816 1813 νομιζέτωσαν
2867 1738 3108 1799 ἀνέσεως
3139 1737 3231 1790 καὶ
3283 1733 3646 1797 ἀπολαύσεως
3693 1729 3838 1787 εἶναι

2249 1839 2527 1910 πρόφασιν
2548 1836 2609 1887 τὸ
2637 1835 2892 1905 πρᾶγμα.
2926 1832 3154 1885 Πάντων
3205 1828 3312 1898 γάρ
3368 1828 3521 1880 ἐστιν
3557 1823 3828 1878 ἐπιπονόν

2251 1949 2411 2003 τερον
2466 1929 2656 2002 ἄρχειν
2685 1925 2897 1998 ψυχῶν.
2927 1924 3042 1977 Καὶ
3067 1923 3148 1976 δεῖ
3185 1922 3314 1984 τοὺς
3337 1920 3432 1972 ἐπὶ
3456 1917 3637 1970 ταῦτα
3671 1918 3822 1984 ὲρχοι

2252 2025 2444 2096 μένους
2465 2020 2789 2092 ἀλείψασθαι
2815 2018 2890 2082 ὠς
2910 2017 3048 2089 πρὸς
3098 2013 3286 2085 ἀγῶνα
3324 2012 3585 2066 ἐπίπονον
3614 2006 3842 2062 εἰσῧάλ-

2249 2109 2460 2180 Iov-mf.

2322 2279 2531 2350 Σχῑζων
2561 2276 2692 2342 ξύλα
2729 2271 3064 2330 κινδυνεύσει
3100 2271 3158 2324 ὲν
3183 2269 3389 2331 αὐτοῖς,
3421 2265 3518 2319 ἐάν
3537 2263 3760 2334 ἐκπέσῃ
3781 2262 3835 2315 τὸ

2253 2372 2512 2443 σιδήριον.
2560 2370 2618 2422 ’0
2649 2367 2759 2439 γὰρ
2811 2364 3032 2432 διαιρῶν
3097 2361 3172 2432 τῷ
3215 2361 3359 2429 λόγῳ
3388 2356 3455 2410 τά
3500 2354 3837 2424 πράγματα,

2253 2465 2348 2519 ἐὰν
2380 2467 2455 2534 μὴ
2488 2460 2831 2530 πανταχόθεν
2858 2459 2957 2530 ἔχῃ
2980 2450 3497 2526 προησφαλισμένον
3527 2447 3626 2500 τὸν
3651 2445 3838 2512 λόγον,

2253 2555 2588 2610 κινδυνεύσει
2621 2557 2677 2606 ὲν
2702 2556 2815 2615 τοῖς
2846 2548 3128 2610 ἀκούουσι,
3153 2543 3450 2598 σκανδάλου
3483 2537 3746 2610 ἀφορμὴν

2253 2646 2398 2714 λόγῳ
2426 2648 2538 2707 τοῖς
2569 2641 3037 2715 μαθητευομένοις
3065 2635 3456 2708 παρεχόμενος.

2344 2740 2552 2792 Ἐκεῖνο
2581 2738 2658 2807 μὴ
2698 2737 2990 2807 ἀγνοήσῃς,
3031 2732 3112 2785 ὅτι
3144 2730 3331 2782 πολλοὶ
3365 2727 3476 2780 τῶν
3514 2721 3838 2778 ἐπισκόπων

2255 2833 2438 2903 ἔχουσι
2465 2829 2886 2899 κατακοσμῆσαι
2913 2827 3012 2896 τὴν
3042 2825 3269 2894 κάμινον
3291 2819 3386 2874 τοῦ
3425 2819 3627 2889 πυρός.

2332 2923 2598 2977 Ἐκάστου
2633 2921 2842 2992 ἱερέως,
2901 2919 2994 2972 κα)⁸
3044 2914 3366 2968 διδασκάλου
3423 2911 3484 2964 τὸ
3540 2910 3740 2982 ἔργον,
3779 2907 3836 2958 6-

2257 3019 2408 3071 ποῐόν
2445 3017 2614 3077 ἐστιν,
2643 3014 2706 3066 τὸ
2758 3011 2870 3083 πῦρ
2910 3009 3196 3080 δοκιμάσει
3227 3007 3288 3058 τὸ
3322 3005 3564 3058 αἰώνιον.
3611 3002 3682 3056 Ἥ
3733 3001 3845 3068 γὰρ

2259 3107 2444 3179 ἡμέρα
2492 3105 2677 3174 ἐκείνη
2739 3101 2811 3156 τά
2860 3101 3041 3154 πάντα
3093 3096 3388 3165 ἐκκαλύψει
3450 3095 3548 3148 καὶ
3605 3107 3845 3163 φανερο-

2258 3200 2497 3270 ποιήσει,
2529 3196 2667 3249 διότι
2696 3197 2755 3248 ἐν
2784 3193 2917 3264 πυρὶ
2933 3189 3476 3258 ἀποκαλυφθήσεται.

2337 3293 2452 3346 Οὐκ
2473 3286 2652 3352 οἶσθα,
2708 3289 2788 3341 ὅτι
2835 3288 2930 3340 κα)⁴
2969 3283 3262 3338 ἐπίσκοποί
3319 3298 3450 3334 ποτε
3509 3276 3842 3346 ὑφίστανται

2255 3388 2477 3455 ὀλέθρου
2505 3387 2602 3438 καὶ
2626 3382 2949 3452 πτώματος;

2340 3478 2579 3531 Ἀτοπόν
2632 3479 2750 3529 ἐστι
2806 3472 3073 3526 διώκοντα
3095 3469 3196 3532 τὰς
3219 3465 3427 3536 τιμὰς,
3453 3465 3690 3534 φεύγειν
3717 3461 3841 3523 τοὺς

2255 3574 2453 3635 πόνους
2479 3571 2547 3623 δι’
2581 3562 2656 3624 ὧν
2686 3570 2742 3621 αἱ
2769 3565 2946 3637 τιμαί.

2321 3755 2506 3824 Νόμος
2540 3752 2683 3805 ἔστω
2714 3748 2858 3804 κατὰ
2889 3746 2997 3800 τῶν
3027 3746 3094 3799 τὰ
3122 3744 3294 3815 σεμνὰ
3327 3743 3419 3796 καὶ
3471 3742 3597 3793 θεῖα
3633 3738 3710 3808 μὴ
3749 3753 3844 3789 σε-

2259 3846 2430 3918 μνῶς,
2472 3845 2568 3899 καὶ
2595 3841 2918 3912 θεοπρεπῶς
2938 3841 3070 3910 ὸρᾷν
3099 3834 3420 3902 ἀξιούντων,
3458 3833 3691 3886 κόλασιν
3714 3830 3844 3880 En-

2258 3943 2447 4012 φέρειν
2478 3939 2761 4009 άορασίας.

2644 4122 2826 4176 ΤΙΤΛ.
2860 4119 3046 4172 ΙΘ⁹.--
3070 4111 3205 4181 Περὶ
3240 4111 3480 4179 ἐγγύης.

2805 4233 3008 4303 (Deest.
3029 4233 3079 4286 in
3110 4231 3267 4298 mss.)

2257 4398 2441 4452 ΤΙΤΛ.
2471 4395 2558 4450 κ’.
2593 4425 2660 4435 -
2692 4393 2830 4459 Περὶ
2853 4387 3171 4456 ἐπιθυμίας
3194 4401 3208 4414 ο
3238 4378 3543 4459 καὶδηῄοὑ
3565 4373 3665 4459 ζεῖ
3685 4370 3850 4442 ἡμᾶς

2397 4448 2832 4532 ἐξακολουθεῗν
2859 4460 2988 4524 ταῖς
3005 4448 3297 4523 εἱονήραῙς
3334 4448 3701 4516 ἐπιθυμίαις.

2341 4604 2359 4634 ι
2401 4583 2516 4636 Ούκ
2546 4577 2906 4648 ἐπιθυμήσεις
2939 4573 3040 4640 τὴν
3063 4569 3298 4638 γυναῖκα
3336 4563 3433 4617 τοῦ
3463 4560 3699 4630 πλησξον
3727 4574 3849 4617 σου,

2265 4678 2388 4732 οὔτε
2417 4675 2515 4746 τὴν
2537 4668 2882 4735 οὶκίαν,οῦτε
2932 4666 3023 4718 τὸν
3076 4662 3278 4732 ἀγρὸν,
3334 4656 3459 4710 οὔτε
3509 4654 3602 4706 τὸν
3657 4650 3850 4709 παῖδα,

2264 4770 2389 4824 οὕτε
2441 4769 2540 4837 τὴν
2592 4763 2918 4831 παιδίσκην,
2975 4757 3098 4811 οὔτε
3136 4754 3229 4808 τοῦ
3283 4750 3403 4820 βοὸς
3456 4745 3625 4801 αὑτοῦ
3657 4786 3673 4807 ,
3718 4740 3847 4794 οὔτε

2264 4865 2358 4918 τοῦ
2387 4860 2680 4929 ὑποζυγίου
2712 4854 2896 4920 αὑτοῦ,
2923 4852 3044 4906 οὔτε
3095 4851 3204 4902 πᾶν
3253 4848 3352 4899 ὅσα
3378 4841 3457 4912 τῷ
3488 4839 3719 4909 πλησίον
3746 4832 3845 4887 σού

2265 4959 2433 5011 ἐστιν.
2473 4974 2492 5006 ι

2347 5067 2366 5099 ι
2410 5044 2760 5114 Ἐπεθύμησε
2793 5038 2956 5093 Δαϐὶδ
3007 5031 3325 5102 ἐπιθυμίαν,
3369 5026 3462 5080 καὶ
3517 5019 3713 5076 εἶπενο
3747 5019 3848 5081 Τίς

2266 5143 2444 5196 ποτιεῖ
2502 5156 2569 5207 με
2592 5110 2734 5205 ὕδωρ
2787 5133 2852 5185 ὲκ
2901 5127 2996 5182 τοῦ
3047 5127 3276 5184 λάκκου,
3321 5117 3417 5172 τοῦ
3457 5119 3514 5169 ἐν
3556 5110 3844 5207 Βηθλεέμς

2265 5233 2375 5286 Καὶ
2406 5201 2597 5284 ἕλαδον
2625 5228 2673 5281 οἱ
2697 5201 2847 5296 τρεῖς
2892 5219 3106 5273 δυνατοὶ
3124 5255 3141 5278 ,
3166 5216 3262 5267 καὶ
3291 5207 3658 5281 παρεγένοντο
3707 5201 3847 5270 πρὸς

2265 5327 2462 5381 Δαϐίδο
2491 5323 2586 5376 καὶ
2646 5321 2747 5373 οὐκ
2800 5315 3025 5383 ἐθέλησε
3063 5311 3207 5362 πιεῖν
3262 5304 3414 5368 αὐτὸ,
3446 5299 3542 5354 καὶ
3585 5297 3846 5351 ἔσπεισεν

2266 5419 2396 5473 αῦτδ
2429 5416 2506 5485 τῷ
2527 5411 2736 5484 Κυρίῳ,
2781 5407 2876 5460 καὶ
2904 5400 3056 5457 εἶπεν
3086 5417 3101 5431 ο
3137 5395 3321 5458 Ἵλεώς
3357 5411 3471 5464 μοι,
3505 5391 3710 5461 Κύριε,
3746 5384 3846 5438 τοῦ

2266 5513 2490 5581 ποιῆσαι
2519 5505 2696 5568 τοῦτο,
2740 5502 2788 5555 εἰ
2812 5494 2952 5568 αἷμα
2971 5494 3080 5548 τῶν
3141 5489 3452 5561 ἀνθρώπων
3479 5483 3593 5539 τῶν
3644 5495 3845 5552 τωρω-

2266 5605 2466 5660 θέντων
2499 5602 2556 5653 ἐν
2583 5600 2704 5661 ταῖς
2733 5593 2932 5665 ψυχαῖς
2961 5587 3142 5644 αὐτῶν
3173 5582 3391 5653 πίομαι.

2343 5805 2362 5837 ‹
2394 5782 2625 5855 Δὲνδρον
2655 5776 2800 5850 ζωῆς
2832 5771 3098 5843 ἐπιθυμία
3126 5765 3328 5856 άγαθή.
3367 5781 3388 5816 ι
