  <div class='ocr_page' id='page_1' title='image "/cluster/home/n/w/nwhite01/storage/ocr_20150623/95/hvd.32044019208057/784.png"; bbox 0 0 4052 6398; ppageno 0'>
   <div class='ocr_carea' id='block_1_1' title="bbox 100 451 240 546">
    <p class='ocr_par' dir='ltr' id='par_1_1' title="bbox 100 451 240 546">
     <span class='ocr_line' id='line_1_1' title="bbox 100 451 240 546; baseline -0.029 -25"><span class='ocrx_word' id='word_1_1' title='bbox 100 451 240 546; x_wconf 25' lang='grc'><strong>,1557</strong></span> 
     </span>
    </p>
   </div>
   <div class='ocr_carea' id='block_1_2' title="bbox 1357 445 2092 508">
    <p class='ocr_par' dir='ltr' id='par_1_2' title="bbox 1357 445 2092 508">
     <span class='ocr_line' id='line_1_2' title="bbox 1357 445 2092 508; baseline -0.001 0"><span class='ocrx_word' id='word_1_2' title='bbox 1357 450 1589 508; x_wconf 80' lang='lat' dir='ltr'><strong>SACRA</strong></span> <span class='ocrx_word' id='word_1_3' title='bbox 1632 445 2092 508; x_wconf 62' lang='lat' dir='ltr'><strong>PAl’tALLELA.</strong></span> 
     </span>
    </p>
   </div>
   <div class='ocr_carea' id='block_1_3' title="bbox 3209 428 3382 496">
    <p class='ocr_par' dir='ltr' id='par_1_3' title="bbox 3209 428 3382 496">
     <span class='ocr_line' id='line_1_3' title="bbox 3209 428 3382 496; baseline -0.006 -1"><span class='ocrx_word' id='word_1_4' title='bbox 3209 428 3382 496; x_wconf 55' lang='lat'><strong>1558»</strong></span> 
     </span>
    </p>
   </div>
   <div class='ocr_carea' id='block_1_4' title="bbox 179 547 1688 641">
    <p class='ocr_par' dir='ltr' id='par_1_4' title="bbox 179 567 1670 641">
     <span class='ocr_line' id='line_1_4' title="bbox 179 567 1670 641; baseline -0.006 -16"><span class='ocrx_word' id='word_1_5' title='bbox 179 591 198 625; x_wconf 74' lang='grc' dir='ltr'>ι</span> <span class='ocrx_word' id='word_1_6' title='bbox 245 570 448 627; x_wconf 85' lang='grc' dir='ltr'>Ὀπίσω</span> <span class='ocrx_word' id='word_1_7' title='bbox 486 569 596 624; x_wconf 85' lang='grc' dir='ltr'><strong>τῶν</strong></span> <span class='ocrx_word' id='word_1_8' title='bbox 640 567 946 641; x_wconf 81' lang='grc' dir='ltr'>ἐπιθυμιῶν</span> <span class='ocrx_word' id='word_1_9' title='bbox 996 586 1092 623; x_wconf 90' lang='grc' dir='ltr'><strong>σου</strong></span> <span class='ocrx_word' id='word_1_10' title='bbox 1143 570 1219 640; x_wconf 75' lang='grc' dir='ltr'>μὴ</span> <span class='ocrx_word' id='word_1_11' title='bbox 1262 568 1519 638; x_wconf 82' lang='grc' dir='ltr'>πορεύου.</span> <span class='ocrx_word' id='word_1_12' title='bbox 1578 569 1670 618; x_wconf 80' lang='grc' dir='ltr'><strong>καί</strong></span> 
     </span>
    </p>
   </div>
   <div class='ocr_carea' id='block_1_5' title="bbox 1796 547 3348 641">
    <p class='ocr_par' dir='ltr' id='par_1_5' title="bbox 1851 547 3348 621">
     <span class='ocr_line' id='line_1_5' title="bbox 1851 547 3348 621; baseline -0.008 -7"><span class='ocrx_word' id='word_1_13' title='bbox 1851 561 2018 616; x_wconf 78' lang='lat' dir='ltr'><strong>Eccli.</strong></span> <span class='ocrx_word' id='word_1_14' title='bbox 2058 576 2212 619; x_wconf 81' lang='lat' dir='ltr'><strong>xvm.</strong></span> <span class='ocrx_word' id='word_1_15' title='bbox 2249 558 2338 612; x_wconf 82' lang='lat'><strong>30.</strong></span> <span class='ocrx_word' id='word_1_16' title='bbox 2369 547 2438 597; x_wconf 52' lang='lat'><strong>4-</strong></span> <span class='ocrx_word' id='word_1_17' title='bbox 2465 574 2484 608; x_wconf 73' lang='lat' dir='ltr'><em>c</em></span> <span class='ocrx_word' id='word_1_18' title='bbox 2518 553 2652 609; x_wconf 82' lang='lat' dir='ltr'><strong>Post</strong></span> <span class='ocrx_word' id='word_1_19' title='bbox 2701 550 3188 621; x_wconf 69' lang='lat' dir='ltr'><strong>concupiscentiae</strong></span> <span class='ocrx_word' id='word_1_20' title='bbox 3223 557 3348 603; x_wconf 74' lang='lat' dir='ltr'><strong>tuas</strong></span> 
     </span>
    </p>
   </div>
   <div class='ocr_carea' id='block_1_6' title="bbox 96 633 1052 733">
    <p class='ocr_par' dir='ltr' id='par_1_6' title="bbox 96 633 1052 733">
     <span class='ocr_line' id='line_1_6' title="bbox 96 633 820 653; baseline -0.017 0"><span class='ocrx_word' id='word_1_21' title='bbox 96 633 109 653; x_wconf 80' lang='lat'><strong>.</strong></span> <span class='ocrx_word' id='word_1_22' title='bbox 806 633 820 641; x_wconf 90' lang='lat'><strong>.</strong></span> 
     </span>
     <span class='ocr_line' id='line_1_7' title="bbox 107 660 1052 733; baseline -0.011 -11"><span class='ocrx_word' id='word_1_23' title='bbox 107 666 213 726; x_wconf 76' lang='grc' dir='ltr'><strong>ἀπὸ</strong></span> <span class='ocrx_word' id='word_1_24' title='bbox 235 663 340 718; x_wconf 84' lang='grc' dir='ltr'><strong>τῶν</strong></span> <span class='ocrx_word' id='word_1_25' title='bbox 373 660 611 733; x_wconf 75' lang='grc' dir='ltr'>ὀρέξεων</span> <span class='ocrx_word' id='word_1_26' title='bbox 645 678 740 715; x_wconf 85' lang='grc' dir='ltr'><strong>σου</strong></span> <span class='ocrx_word' id='word_1_27' title='bbox 772 661 1004 716; x_wconf 86' lang='grc' dir='ltr'>κωλύου.</span> <span class='ocrx_word' id='word_1_28' title='bbox 1033 679 1052 712; x_wconf 74' lang='grc' dir='ltr'><strong>ι</strong></span> 
     </span>
    </p>
   </div>
   <div class='ocr_carea' id='block_1_7' title="bbox 94 744 1674 826">
    <p class='ocr_par' dir='ltr' id='par_1_7' title="bbox 94 744 1674 826">
     <span class='ocr_line' id='line_1_8' title="bbox 94 744 1674 826; baseline -0.005 -14"><span class='ocrx_word' id='word_1_29' title='bbox 94 744 104 756; x_wconf 77' lang='grc'><strong>’</strong></span> <span class='ocrx_word' id='word_1_30' title='bbox 179 776 200 812; x_wconf 77' lang='lat' dir='ltr'><strong>t</strong></span> <span class='ocrx_word' id='word_1_31' title='bbox 237 753 586 826; x_wconf 78' lang='grc' dir='ltr'>Ῥεμὸασμδς</span> <span class='ocrx_word' id='word_1_32' title='bbox 645 753 940 825; x_wconf 71' lang='grc' dir='ltr'><strong>ἐπιθυμίας</strong></span> <span class='ocrx_word' id='word_1_33' title='bbox 986 751 1302 825; x_wconf 84' lang='grc' dir='ltr'>μεταλλεύει</span> <span class='ocrx_word' id='word_1_34' title='bbox 1360 752 1486 806; x_wconf 83' lang='grc' dir='ltr'>νοῦν</span> <span class='ocrx_word' id='word_1_35' title='bbox 1536 751 1674 805; x_wconf 74' lang='grc' dir='ltr'>ἄκα-</span> 
     </span>
    </p>
   </div>
   <div class='ocr_carea' id='block_1_8' title="bbox 176 866 284 904">
    <p class='ocr_par' dir='ltr' id='par_1_8' title="bbox 176 866 284 904">
     <span class='ocr_line' id='line_1_9' title="bbox 176 866 284 904; baseline -0.019 0"><span class='ocrx_word' id='word_1_36' title='bbox 176 866 284 904; x_wconf 74' lang='grc' dir='ltr'>ν.»</span> 
     </span>
    </p>
   </div>
   <div class='ocr_carea' id='block_1_9' title="bbox 88 869 1674 1018">
    <p class='ocr_par' dir='ltr' id='par_1_9' title="bbox 88 869 1674 1018">
     <span class='ocr_line' id='line_1_10' title="bbox 147 869 284 906; baseline -0.029 0"><span class='ocrx_word' id='word_1_37' title='bbox 147 869 223 906; x_wconf 91' lang='grc' dir='ltr'><strong>ον.</strong></span> <span class='ocrx_word' id='word_1_38' title='bbox 264 869 284 902; x_wconf 69' lang='grc' dir='ltr'><strong>ι</strong></span> 
     </span>
     <span class='ocr_line' id='line_1_11' title="bbox 88 871 1674 1018; baseline -0.002 -24"><span class='ocrx_word' id='word_1_39' title='bbox 88 871 145 1018; x_wconf 29' lang='grc' dir='ltr'>,κ</span> <span class='ocrx_word' id='word_1_40' title='bbox 180 960 200 994; x_wconf 70' lang='grc' dir='ltr'><strong>ε</strong></span> <span class='ocrx_word' id='word_1_41' title='bbox 238 941 335 1003; x_wconf 88' lang='grc' dir='ltr'>Ὃς</span> <span class='ocrx_word' id='word_1_42' title='bbox 367 939 463 993; x_wconf 84' lang='grc' dir='ltr'>ἐὰν</span> <span class='ocrx_word' id='word_1_43' title='bbox 499 938 583 1010; x_wconf 75' lang='grc' dir='ltr'><strong>ἴδῃ</strong></span> <span class='ocrx_word' id='word_1_44' title='bbox 611 939 846 1008; x_wconf 83' lang='grc' dir='ltr'>γυναῖκα</span> <span class='ocrx_word' id='word_1_45' title='bbox 873 938 1009 1009; x_wconf 84' lang='grc' dir='ltr'>πρὸς</span> <span class='ocrx_word' id='word_1_46' title='bbox 1029 939 1088 993; x_wconf 81' lang='grc' dir='ltr'><strong>τὸ</strong></span> <span class='ocrx_word' id='word_1_47' title='bbox 1111 939 1448 1010; x_wconf 76' lang='grc' dir='ltr'>ἐπιθυμῆσαι</span> <span class='ocrx_word' id='word_1_48' title='bbox 1481 938 1674 1011; x_wconf 75' lang='grc' dir='ltr'>αὐτὴν,</span> 
     </span>
    </p>
   </div>
   <div class='ocr_carea' id='block_1_10' title="bbox 108 1027 1401 1105">
    <p class='ocr_par' dir='ltr' id='par_1_10' title="bbox 108 1027 1401 1105">
     <span class='ocr_line' id='line_1_12' title="bbox 108 1027 1401 1105; baseline -0.002 -19"><span class='ocrx_word' id='word_1_49' title='bbox 108 1031 203 1105; x_wconf 81' lang='grc' dir='ltr'><strong>ήδη</strong></span> <span class='ocrx_word' id='word_1_50' title='bbox 232 1028 550 1101; x_wconf 79' lang='grc' dir='ltr'><strong>ἐμοίχευσεν</strong></span> <span class='ocrx_word' id='word_1_51' title='bbox 569 1027 738 1100; x_wconf 79' lang='grc' dir='ltr'>αὐτὴν</span> <span class='ocrx_word' id='word_1_52' title='bbox 768 1032 826 1084; x_wconf 86' lang='grc' dir='ltr'><strong>ἐν</strong></span> <span class='ocrx_word' id='word_1_53' title='bbox 848 1033 914 1102; x_wconf 84' lang='grc' dir='ltr'>τῇ</span> <span class='ocrx_word' id='word_1_54' title='bbox 940 1030 1138 1102; x_wconf 77' lang='grc' dir='ltr'>καρδίᾳ</span> <span class='ocrx_word' id='word_1_55' title='bbox 1160 1032 1349 1088; x_wconf 80' lang='grc' dir='ltr'>αὑτοῦ.</span> <span class='ocrx_word' id='word_1_56' title='bbox 1381 1051 1401 1084; x_wconf 71' lang='grc' dir='ltr'><strong>ι</strong></span> 
     </span>
    </p>
   </div>
   <div class='ocr_carea' id='block_1_11' title="bbox 179 1179 1679 1282">
    <p class='ocr_par' dir='ltr' id='par_1_11' title="bbox 179 1179 1679 1282">
     <span class='ocr_line' id='line_1_13' title="bbox 179 1179 1679 1282; baseline -0.001 -18"><span class='ocrx_word' id='word_1_57' title='bbox 179 1230 199 1264; x_wconf 76' lang='grc' dir='ltr'>ι</span> <span class='ocrx_word' id='word_1_58' title='bbox 234 1210 350 1264; x_wconf 80' lang='grc' dir='ltr'><strong>Πᾶν</strong></span> <span class='ocrx_word' id='word_1_59' title='bbox 381 1179 444 1263; x_wconf 57' lang='lat' dir='ltr'><strong>ab</strong></span> <span class='ocrx_word' id='word_1_60' title='bbox 489 1211 547 1265; x_wconf 89' lang='grc' dir='ltr'><strong>ἐν</strong></span> <span class='ocrx_word' id='word_1_61' title='bbox 594 1209 673 1280; x_wconf 84' lang='grc' dir='ltr'>τῷ</span> <span class='ocrx_word' id='word_1_62' title='bbox 706 1209 897 1280; x_wconf 84' lang='grc' dir='ltr'>κόσμῳ</span> <span class='ocrx_word' id='word_1_63' title='bbox 929 1213 962 1282; x_wconf 82' lang='grc' dir='ltr'>ὴ</span> <span class='ocrx_word' id='word_1_64' title='bbox 1012 1209 1275 1280; x_wconf 87' lang='grc' dir='ltr'>ἐπιθυμία</span> <span class='ocrx_word' id='word_1_65' title='bbox 1303 1211 1403 1281; x_wconf 78' lang='grc' dir='ltr'>τῆς</span> <span class='ocrx_word' id='word_1_66' title='bbox 1454 1211 1679 1281; x_wconf 71' lang='grc' dir='ltr'>σαρκὸς,</span> 
     </span>
    </p>
   </div>
   <div class='ocr_carea' id='block_1_12' title="bbox 106 1302 1682 1375">
    <p class='ocr_par' dir='ltr' id='par_1_12' title="bbox 106 1302 1682 1375">
     <span class='ocr_line' id='line_1_14' title="bbox 106 1302 1682 1375; baseline -0.001 -17"><span class='ocrx_word' id='word_1_67' title='bbox 106 1304 250 1375; x_wconf 77' lang='grc' dir='ltr'>καὶὴ</span> <span class='ocrx_word' id='word_1_68' title='bbox 279 1302 550 1373; x_wconf 80' lang='grc' dir='ltr'>ἐπιθυμία</span> <span class='ocrx_word' id='word_1_69' title='bbox 583 1303 694 1356; x_wconf 88' lang='grc' dir='ltr'><strong>τῶν</strong></span> <span class='ocrx_word' id='word_1_70' title='bbox 721 1303 1039 1373; x_wconf 85' lang='grc' dir='ltr'>ὀφθαλμῶν,</span> <span class='ocrx_word' id='word_1_71' title='bbox 1075 1304 1169 1357; x_wconf 64' lang='grc' dir='ltr'><strong>καλ⁵</strong></span> <span class='ocrx_word' id='word_1_72' title='bbox 1196 1305 1232 1374; x_wconf 77' lang='grc' dir='ltr'><strong>ἡ</strong></span> <span class='ocrx_word' id='word_1_73' title='bbox 1267 1303 1556 1367; x_wconf 77' lang='grc' dir='ltr'><strong>ἀλαζονεία</strong></span> <span class='ocrx_word' id='word_1_74' title='bbox 1585 1303 1682 1356; x_wconf 52' lang='grc' dir='ltr'>τοῦ»</span> 
     </span>
    </p>
   </div>
   <div class='ocr_carea' id='block_1_13' title="bbox 111 1394 1680 1469">
    <p class='ocr_par' dir='ltr' id='par_1_13' title="bbox 111 1394 1680 1469">
     <span class='ocr_line' id='line_1_15' title="bbox 111 1394 1680 1469; baseline -0.001 -19"><span class='ocrx_word' id='word_1_75' title='bbox 111 1396 300 1468; x_wconf 80' lang='grc' dir='ltr'>βίου,ή</span> <span class='ocrx_word' id='word_1_76' title='bbox 329 1396 436 1449; x_wconf 85' lang='grc' dir='ltr'><strong>οὐκ</strong></span> <span class='ocrx_word' id='word_1_77' title='bbox 461 1394 609 1448; x_wconf 79' lang='grc' dir='ltr'>ἐστιν</span> <span class='ocrx_word' id='word_1_78' title='bbox 631 1396 698 1450; x_wconf 84' lang='grc' dir='ltr'><strong>ἐκ</strong></span> <span class='ocrx_word' id='word_1_79' title='bbox 717 1394 813 1449; x_wconf 82' lang='grc' dir='ltr'>τοῦ</span> <span class='ocrx_word' id='word_1_80' title='bbox 848 1396 1082 1469; x_wconf 83' lang='grc' dir='ltr'>Πατρὸς,</span> <span class='ocrx_word' id='word_1_81' title='bbox 1111 1396 1229 1450; x_wconf 80' lang='grc' dir='ltr'>ἀλλ’</span> <span class='ocrx_word' id='word_1_82' title='bbox 1257 1397 1323 1451; x_wconf 83' lang='grc' dir='ltr'><strong>ἐκ</strong></span> <span class='ocrx_word' id='word_1_83' title='bbox 1345 1395 1440 1452; x_wconf 83' lang='grc' dir='ltr'>τοῦ</span> <span class='ocrx_word' id='word_1_84' title='bbox 1473 1397 1680 1468; x_wconf 82' lang='grc' dir='ltr'>κόσμου</span> 
     </span>
    </p>
   </div>
   <div class='ocr_carea' id='block_1_14' title="bbox 109 1489 329 1544">
    <p class='ocr_par' dir='ltr' id='par_1_14' title="bbox 109 1489 329 1544">
     <span class='ocr_line' id='line_1_16' title="bbox 109 1489 329 1544; baseline -0.014 -1"><span class='ocrx_word' id='word_1_85' title='bbox 109 1489 270 1544; x_wconf 86' lang='grc' dir='ltr'>ἐστίν.</span> <span class='ocrx_word' id='word_1_86' title='bbox 308 1506 329 1540; x_wconf 70' lang='grc' dir='ltr'><strong><em>ι</em></strong></span> 
     </span>
    </p>
   </div>
   <div class='ocr_carea' id='block_1_15' title="bbox 70 1581 1682 1655">
    <p class='ocr_par' dir='ltr' id='par_1_15' title="bbox 70 1581 1682 1655">
     <span class='ocr_line' id='line_1_17' title="bbox 70 1581 1682 1655; baseline 0.001 -21"><span class='ocrx_word' id='word_1_87' title='bbox 70 1641 77 1650; x_wconf 36' lang='grc'><strong>,</strong></span> <span class='ocrx_word' id='word_1_88' title='bbox 179 1601 198 1634; x_wconf 74' lang='grc' dir='ltr'><strong>ι</strong></span> <span class='ocrx_word' id='word_1_89' title='bbox 239 1581 555 1650; x_wconf 86' lang='grc' dir='ltr'>Παρακαλῶ</span> <span class='ocrx_word' id='word_1_90' title='bbox 587 1581 732 1652; x_wconf 80' lang='grc' dir='ltr'>ὑμᾶς</span> <span class='ocrx_word' id='word_1_91' title='bbox 759 1581 836 1647; x_wconf 87' lang='grc' dir='ltr'>ὼς</span> <span class='ocrx_word' id='word_1_92' title='bbox 883 1583 1186 1654; x_wconf 82' lang='grc' dir='ltr'><strong>παροίκους</strong></span> <span class='ocrx_word' id='word_1_93' title='bbox 1233 1583 1328 1637; x_wconf 75' lang='grc' dir='ltr'><strong>καὶ</strong></span> <span class='ocrx_word' id='word_1_94' title='bbox 1373 1583 1682 1655; x_wconf 85' lang='grc' dir='ltr'>παρεπιδή-</span> 
     </span>
    </p>
   </div>
   <div class='ocr_carea' id='block_1_16' title="bbox 110 1673 1683 1748">
    <p class='ocr_par' dir='ltr' id='par_1_16' title="bbox 110 1673 1683 1748">
     <span class='ocr_line' id='line_1_18' title="bbox 110 1673 1683 1748; baseline 0.001 -20"><span class='ocrx_word' id='word_1_95' title='bbox 110 1691 238 1744; x_wconf 84' lang='grc' dir='ltr'><strong>μους</strong></span> <span class='ocrx_word' id='word_1_96' title='bbox 281 1673 594 1746; x_wconf 82' lang='grc' dir='ltr'>ἀπέχεσθαι</span> <span class='ocrx_word' id='word_1_97' title='bbox 632 1675 741 1728; x_wconf 90' lang='grc' dir='ltr'><strong>τῶν</strong></span> <span class='ocrx_word' id='word_1_98' title='bbox 793 1677 1074 1746; x_wconf 79' lang='grc' dir='ltr'>σαρκικῶν</span> <span class='ocrx_word' id='word_1_99' title='bbox 1114 1676 1444 1748; x_wconf 77' lang='grc' dir='ltr'><strong>ἐπιθυμιῶν,</strong></span> <span class='ocrx_word' id='word_1_100' title='bbox 1481 1679 1683 1741; x_wconf 79' lang='grc' dir='ltr'>αἵτινες</span> 
     </span>
    </p>
   </div>
   <div class='ocr_carea' id='block_1_17' title="bbox 107 1763 1044 1838">
    <p class='ocr_par' dir='ltr' id='par_1_17' title="bbox 107 1763 1044 1838">
     <span class='ocr_line' id='line_1_19' title="bbox 107 1763 1044 1838; baseline 0.002 -20"><span class='ocrx_word' id='word_1_101' title='bbox 107 1763 479 1838; x_wconf 85' lang='grc' dir='ltr'>πρωτεύονται</span> <span class='ocrx_word' id='word_1_102' title='bbox 505 1767 648 1820; x_wconf 88' lang='grc' dir='ltr'>κατὰ</span> <span class='ocrx_word' id='word_1_103' title='bbox 669 1767 770 1837; x_wconf 82' lang='grc' dir='ltr'>τῆς</span> <span class='ocrx_word' id='word_1_104' title='bbox 796 1767 993 1838; x_wconf 79' lang='grc' dir='ltr'>ψυχῆς.</span> <span class='ocrx_word' id='word_1_105' title='bbox 1025 1787 1044 1820; x_wconf 72' lang='grc' dir='ltr'><strong><em>ι</em></strong></span> 
     </span>
    </p>
   </div>
   <div class='ocr_carea' id='block_1_18' title="bbox 176 1856 1680 1930">
    <p class='ocr_par' dir='ltr' id='par_1_18' title="bbox 176 1856 1680 1930">
     <span class='ocr_line' id='line_1_20' title="bbox 176 1856 1680 1930; baseline 0.002 -20"><span class='ocrx_word' id='word_1_106' title='bbox 176 1875 198 1910; x_wconf 83' lang='grc'><strong>‹</strong></span> <span class='ocrx_word' id='word_1_107' title='bbox 239 1856 388 1927; x_wconf 83' lang='grc' dir='ltr'>Ἐγὼ</span> <span class='ocrx_word' id='word_1_108' title='bbox 419 1858 448 1910; x_wconf 85' lang='grc' dir='ltr'><strong>ὁ</strong></span> <span class='ocrx_word' id='word_1_109' title='bbox 483 1857 814 1930; x_wconf 80' lang='grc' dir='ltr'>δημιουργὸς</span> <span class='ocrx_word' id='word_1_110' title='bbox 864 1859 1089 1925; x_wconf 77' lang='grc' dir='ltr'>ἐνέταξα</span> <span class='ocrx_word' id='word_1_111' title='bbox 1119 1859 1198 1928; x_wconf 83' lang='grc' dir='ltr'>τῷ</span> <span class='ocrx_word' id='word_1_112' title='bbox 1231 1861 1513 1929; x_wconf 77' lang='grc' dir='ltr'><strong>πλάσματι</strong></span> <span class='ocrx_word' id='word_1_113' title='bbox 1558 1863 1680 1913; x_wconf 81' lang='grc' dir='ltr'>ἐπι-</span> 
     </span>
    </p>
   </div>
   <div class='ocr_carea' id='block_1_19' title="bbox 109 1949 1684 2021">
    <p class='ocr_par' dir='ltr' id='par_1_19' title="bbox 109 1949 1684 2021">
     <span class='ocr_line' id='line_1_21' title="bbox 109 1949 1684 2021; baseline 0.002 -19"><span class='ocrx_word' id='word_1_114' title='bbox 109 1949 324 2021; x_wconf 79' lang='grc' dir='ltr'>θυμίαν,</span> <span class='ocrx_word' id='word_1_115' title='bbox 352 1951 451 2004; x_wconf 74' lang='grc' dir='ltr'><strong>καὶ</strong></span> <span class='ocrx_word' id='word_1_116' title='bbox 475 1951 536 2002; x_wconf 84' lang='grc' dir='ltr'><strong>οὐ</strong></span> <span class='ocrx_word' id='word_1_117' title='bbox 557 1950 619 2004; x_wconf 75' lang='grc' dir='ltr'>τὸ</span> <span class='ocrx_word' id='word_1_118' title='bbox 643 1951 871 2018; x_wconf 82' lang='grc' dir='ltr'>φυσικὸν</span> <span class='ocrx_word' id='word_1_119' title='bbox 898 1951 1104 2021; x_wconf 81' lang='grc' dir='ltr'>κίνημα</span> <span class='ocrx_word' id='word_1_120' title='bbox 1122 1951 1411 2005; x_wconf 78' lang='grc' dir='ltr'>διαϐάλλω.</span> <span class='ocrx_word' id='word_1_121' title='bbox 1439 1954 1513 2004; x_wconf 80' lang='grc' dir='ltr'><strong>οὐ</strong></span> <span class='ocrx_word' id='word_1_122' title='bbox 1541 1951 1684 2019; x_wconf 83' lang='grc' dir='ltr'>λέγω</span> 
     </span>
    </p>
   </div>
   <div class='ocr_carea' id='block_1_20' title="bbox 108 2043 1683 2114">
    <p class='ocr_par' dir='ltr' id='par_1_20' title="bbox 108 2043 1683 2114">
     <span class='ocr_line' id='line_1_22' title="bbox 108 2043 1683 2114; baseline 0.001 -17"><span class='ocrx_word' id='word_1_123' title='bbox 108 2045 213 2114; x_wconf 86' lang='grc' dir='ltr'><strong>γάρ</strong></span> <span class='ocrx_word' id='word_1_124' title='bbox 233 2058 246 2072; x_wconf 86' lang='lat'><strong><em>°</em></strong></span> <span class='ocrx_word' id='word_1_125' title='bbox 278 2044 396 2097; x_wconf 78' lang='grc' dir='ltr'>Οὐκ</span> <span class='ocrx_word' id='word_1_126' title='bbox 422 2043 802 2113; x_wconf 81' lang='grc' dir='ltr'>ἐπιθυμήσεις.</span> <span class='ocrx_word' id='word_1_127' title='bbox 833 2044 949 2097; x_wconf 86' lang='grc' dir='ltr'>Ούκ</span> <span class='ocrx_word' id='word_1_128' title='bbox 980 2045 1210 2099; x_wconf 85' lang='grc' dir='ltr'>άνασπῶ</span> <span class='ocrx_word' id='word_1_129' title='bbox 1236 2044 1330 2098; x_wconf 80' lang='grc' dir='ltr'><strong>τοῦ</strong></span> <span class='ocrx_word' id='word_1_130' title='bbox 1363 2045 1546 2108; x_wconf 84' lang='grc' dir='ltr'>καλῶς</span> <span class='ocrx_word' id='word_1_131' title='bbox 1577 2063 1683 2111; x_wconf 68' lang='lat' dir='ltr'><strong>(pu-</strong></span> 
     </span>
    </p>
   </div>
   <div class='ocr_carea' id='block_1_21' title="bbox 108 2133 1682 2206">
    <p class='ocr_par' dir='ltr' id='par_1_21' title="bbox 108 2133 1682 2206">
     <span class='ocr_line' id='line_1_23' title="bbox 108 2133 1682 2206; baseline 0.001 -19"><span class='ocrx_word' id='word_1_132' title='bbox 108 2134 395 2197; x_wconf 85' lang='grc' dir='ltr'>τευθέντος</span> <span class='ocrx_word' id='word_1_133' title='bbox 419 2135 518 2202; x_wconf 81' lang='grc' dir='ltr'>τὴν</span> <span class='ocrx_word' id='word_1_134' title='bbox 551 2133 730 2204; x_wconf 77' lang='grc' dir='ltr'>ῥίζαν,</span> <span class='ocrx_word' id='word_1_135' title='bbox 760 2134 895 2187; x_wconf 77' lang='grc' dir='ltr'>ἀλλὰ</span> <span class='ocrx_word' id='word_1_136' title='bbox 926 2135 1021 2186; x_wconf 83' lang='grc' dir='ltr'>τοῦ</span> <span class='ocrx_word' id='word_1_137' title='bbox 1057 2135 1468 2206; x_wconf 78' lang='grc' dir='ltr'>προφθαρέντος</span> <span class='ocrx_word' id='word_1_138' title='bbox 1514 2136 1682 2205; x_wconf 84' lang='grc' dir='ltr'>φυτοῦ</span> 
     </span>
    </p>
   </div>
   <div class='ocr_carea' id='block_1_22' title="bbox 109 2225 1686 2299">
    <p class='ocr_par' dir='ltr' id='par_1_22' title="bbox 109 2225 1686 2299">
     <span class='ocr_line' id='line_1_24' title="bbox 109 2225 1686 2299; baseline 0.001 -21"><span class='ocrx_word' id='word_1_139' title='bbox 109 2228 173 2281; x_wconf 75' lang='grc' dir='ltr'>τὰ</span> <span class='ocrx_word' id='word_1_140' title='bbox 202 2226 340 2282; x_wconf 84' lang='grc' dir='ltr'>νόθα</span> <span class='ocrx_word' id='word_1_141' title='bbox 384 2225 606 2296; x_wconf 80' lang='grc' dir='ltr'>πρέμνα</span> <span class='ocrx_word' id='word_1_142' title='bbox 647 2227 913 2282; x_wconf 79' lang='grc' dir='ltr'>κὶαδεύω.</span> <span class='ocrx_word' id='word_1_143' title='bbox 943 2230 1018 2280; x_wconf 84' lang='grc' dir='ltr'>Ού</span> <span class='ocrx_word' id='word_1_144' title='bbox 1052 2228 1196 2295; x_wconf 80' lang='grc' dir='ltr'>λέγω</span> <span class='ocrx_word' id='word_1_145' title='bbox 1238 2225 1332 2282; x_wconf 79' lang='grc' dir='ltr'><strong>οὖν</strong></span> <span class='ocrx_word' id='word_1_146' title='bbox 1358 2229 1458 2299; x_wconf 79' lang='grc' dir='ltr'>τὴν</span> <span class='ocrx_word' id='word_1_147' title='bbox 1497 2229 1686 2282; x_wconf 77' lang='grc' dir='ltr'>ἐπιθυ-</span> 
     </span>
    </p>
   </div>
   <div class='ocr_carea' id='block_1_23' title="bbox 112 2317 1686 2392">
    <p class='ocr_par' dir='ltr' id='par_1_23' title="bbox 112 2317 1686 2392">
     <span class='ocr_line' id='line_1_25' title="bbox 112 2317 1686 2392; baseline 0.001 -20"><span class='ocrx_word' id='word_1_148' title='bbox 112 2319 243 2388; x_wconf 83' lang='grc' dir='ltr'>μίαν</span> <span class='ocrx_word' id='word_1_149' title='bbox 273 2320 448 2390; x_wconf 81' lang='grc' dir='ltr'>αύτὴν</span> <span class='ocrx_word' id='word_1_150' title='bbox 483 2317 727 2390; x_wconf 76' lang='grc' dir='ltr'>ἐξορίσαι</span> <span class='ocrx_word' id='word_1_151' title='bbox 753 2320 853 2390; x_wconf 83' lang='grc' dir='ltr'>τῆς</span> <span class='ocrx_word' id='word_1_152' title='bbox 892 2319 1094 2391; x_wconf 79' lang='grc' dir='ltr'>ψυχῆς,</span> <span class='ocrx_word' id='word_1_153' title='bbox 1128 2320 1266 2373; x_wconf 77' lang='grc' dir='ltr'>ἀλλὰ</span> <span class='ocrx_word' id='word_1_154' title='bbox 1317 2321 1412 2374; x_wconf 80' lang='grc' dir='ltr'>τοῦ</span> <span class='ocrx_word' id='word_1_155' title='bbox 1448 2321 1686 2392; x_wconf 82' lang='grc' dir='ltr'>μαχικοῦ</span> 
     </span>
    </p>
   </div>
   <div class='ocr_carea' id='block_1_24' title="bbox 110 2411 1685 2482">
    <p class='ocr_par' dir='ltr' id='par_1_24' title="bbox 110 2411 1685 2482">
     <span class='ocr_line' id='line_1_26' title="bbox 110 2411 1685 2482; baseline 0.003 -18"><span class='ocrx_word' id='word_1_156' title='bbox 110 2411 318 2474; x_wconf 82' lang='grc' dir='ltr'><strong>πάθους</strong></span> <span class='ocrx_word' id='word_1_157' title='bbox 336 2411 437 2474; x_wconf 83' lang='grc' dir='ltr'>τὰς</span> <span class='ocrx_word' id='word_1_158' title='bbox 473 2411 840 2482; x_wconf 83' lang='grc' dir='ltr'>παραφυάδας</span> <span class='ocrx_word' id='word_1_159' title='bbox 867 2411 949 2465; x_wconf 81' lang='grc' dir='ltr'>ἔτι</span> <span class='ocrx_word' id='word_1_160' title='bbox 979 2412 1383 2482; x_wconf 82' lang='grc' dir='ltr'>βλαστανούσας</span> <span class='ocrx_word' id='word_1_161' title='bbox 1409 2413 1685 2468; x_wconf 79' lang='grc' dir='ltr'>ἐκκόπτω.</span> 
     </span>
    </p>
   </div>
   <div class='ocr_carea' id='block_1_25' title="bbox 109 2505 1690 2580">
    <p class='ocr_par' dir='ltr' id='par_1_25' title="bbox 109 2505 1690 2580">
     <span class='ocr_line' id='line_1_27' title="bbox 109 2505 1690 2580; baseline 0.004 -23"><span class='ocrx_word' id='word_1_162' title='bbox 109 2505 204 2568; x_wconf 89' lang='grc' dir='ltr'><strong>Τίς</strong></span> <span class='ocrx_word' id='word_1_163' title='bbox 235 2507 302 2576; x_wconf 87' lang='grc' dir='ltr'>τῇ</span> <span class='ocrx_word' id='word_1_164' title='bbox 349 2505 490 2577; x_wconf 80' lang='grc' dir='ltr'>καλῇ</span> <span class='ocrx_word' id='word_1_165' title='bbox 521 2505 738 2578; x_wconf 67' lang='grc' dir='ltr'>ἁρούρᾳ.</span> <span class='ocrx_word' id='word_1_166' title='bbox 764 2505 978 2571; x_wconf 77' lang='grc' dir='ltr'>ζιζάνια</span> <span class='ocrx_word' id='word_1_167' title='bbox 1023 2508 1422 2580; x_wconf 86' lang='grc' dir='ltr'>παρασπείρει;</span> <span class='ocrx_word' id='word_1_168' title='bbox 1459 2510 1690 2579; x_wconf 80' lang='grc' dir='ltr'>Σπέρμα</span> 
     </span>
    </p>
   </div>
   <div class='ocr_carea' id='block_1_26' title="bbox 110 2594 1686 2670">
    <p class='ocr_par' dir='ltr' id='par_1_26' title="bbox 110 2594 1686 2670">
     <span class='ocr_line' id='line_1_28' title="bbox 110 2594 1686 2670; baseline 0.003 -23"><span class='ocrx_word' id='word_1_169' title='bbox 110 2594 276 2649; x_wconf 76' lang='grc' dir='ltr'>καλὸν</span> <span class='ocrx_word' id='word_1_170' title='bbox 325 2595 592 2667; x_wconf 69' lang='grc' dir='ltr'>ἔσπειραο</span> <span class='ocrx_word' id='word_1_171' title='bbox 645 2597 810 2649; x_wconf 85' lang='grc' dir='ltr'>πόθεν</span> <span class='ocrx_word' id='word_1_172' title='bbox 855 2596 965 2650; x_wconf 91' lang='grc' dir='ltr'><strong>τῶν</strong></span> <span class='ocrx_word' id='word_1_173' title='bbox 1045 2597 1304 2660; x_wconf 73' lang='grc' dir='ltr'>ζιζανίων</span> <span class='ocrx_word' id='word_1_174' title='bbox 1350 2601 1379 2654; x_wconf 88' lang='grc' dir='ltr'>ὁ</span> <span class='ocrx_word' id='word_1_175' title='bbox 1429 2600 1686 2670; x_wconf 76' lang='grc' dir='ltr'>ὄλεθροςς</span> 
     </span>
    </p>
   </div>
   <div class='ocr_carea' id='block_1_27' title="bbox 109 2687 1689 2764">
    <p class='ocr_par' dir='ltr' id='par_1_27' title="bbox 109 2687 1689 2764">
     <span class='ocr_line' id='line_1_29' title="bbox 109 2687 1689 2764; baseline 0.004 -25"><span class='ocrx_word' id='word_1_176' title='bbox 109 2687 392 2760; x_wconf 75' lang='grc' dir='ltr'>ἐκτριψον,</span> <span class='ocrx_word' id='word_1_177' title='bbox 432 2689 701 2760; x_wconf 80' lang='grc' dir='ltr'>πάτησον,</span> <span class='ocrx_word' id='word_1_178' title='bbox 737 2689 1036 2756; x_wconf 78' lang='grc' dir='ltr'>ἀπόπνιξον</span> <span class='ocrx_word' id='word_1_179' title='bbox 1066 2691 1129 2744; x_wconf 79' lang='grc' dir='ltr'><strong>τὸ</strong></span> <span class='ocrx_word' id='word_1_180' title='bbox 1157 2693 1382 2763; x_wconf 85' lang='grc' dir='ltr'>σπέρμα</span> <span class='ocrx_word' id='word_1_181' title='bbox 1421 2693 1484 2746; x_wconf 83' lang='grc' dir='ltr'><strong>τὸ</strong></span> <span class='ocrx_word' id='word_1_182' title='bbox 1517 2711 1689 2764; x_wconf 74' lang='grc' dir='ltr'>πονηι-</span> 
     </span>
    </p>
   </div>
   <div class='ocr_carea' id='block_1_28' title="bbox 109 2781 1685 2856">
    <p class='ocr_par' dir='ltr' id='par_1_28' title="bbox 109 2781 1685 2856">
     <span class='ocr_line' id='line_1_30' title="bbox 109 2781 1685 2856; baseline 0.003 -22"><span class='ocrx_word' id='word_1_183' title='bbox 109 2781 225 2850; x_wconf 83' lang='grc' dir='ltr'>ρδν,</span> <span class='ocrx_word' id='word_1_184' title='bbox 286 2784 384 2835; x_wconf 78' lang='grc' dir='ltr'><strong>καὶ</strong></span> <span class='ocrx_word' id='word_1_185' title='bbox 438 2783 498 2836; x_wconf 83' lang='grc' dir='ltr'><strong>ού</strong></span> <span class='ocrx_word' id='word_1_186' title='bbox 547 2783 795 2847; x_wconf 82' lang='grc' dir='ltr'>πονέσεις</span> <span class='ocrx_word' id='word_1_187' title='bbox 844 2783 1211 2856; x_wconf 83' lang='grc' dir='ltr'>ἁδρυνομένου</span> <span class='ocrx_word' id='word_1_188' title='bbox 1269 2785 1367 2839; x_wconf 82' lang='grc' dir='ltr'><strong>τοῦ</strong></span> <span class='ocrx_word' id='word_1_189' title='bbox 1424 2786 1685 2850; x_wconf 76' lang='grc' dir='ltr'>ζιζανίου.</span> 
     </span>
    </p>
   </div>
   <div class='ocr_carea' id='block_1_29' title="bbox 105 2872 1688 2945">
    <p class='ocr_par' dir='ltr' id='par_1_29' title="bbox 105 2872 1688 2945">
     <span class='ocr_line' id='line_1_31' title="bbox 105 2872 1688 2945; baseline 0.003 -17"><span class='ocrx_word' id='word_1_190' title='bbox 105 2872 236 2941; x_wconf 85' lang='grc' dir='ltr'><strong>Πᾶς</strong></span> <span class='ocrx_word' id='word_1_191' title='bbox 280 2873 352 2927; x_wconf 82' lang='grc' dir='ltr'>δὲ</span> <span class='ocrx_word' id='word_1_192' title='bbox 395 2873 464 2941; x_wconf 81' lang='grc' dir='ltr'>ὃς</span> <span class='ocrx_word' id='word_1_193' title='bbox 509 2875 618 2929; x_wconf 82' lang='grc' dir='ltr'><strong>ἐὰν</strong></span> <span class='ocrx_word' id='word_1_194' title='bbox 653 2875 927 2945; x_wconf 73' lang='grc' dir='ltr'><strong>ἐμϐλέψῃ</strong></span> <span class='ocrx_word' id='word_1_195' title='bbox 975 2877 1217 2945; x_wconf 70' lang='grc' dir='ltr'>γυναικὶ</span> <span class='ocrx_word' id='word_1_196' title='bbox 1256 2877 1409 2944; x_wconf 82' lang='grc' dir='ltr'>πρὸς</span> <span class='ocrx_word' id='word_1_197' title='bbox 1436 2878 1503 2931; x_wconf 84' lang='grc' dir='ltr'>τὸ</span> <span class='ocrx_word' id='word_1_198' title='bbox 1555 2880 1688 2932; x_wconf 80' lang='grc' dir='ltr'>ἐπι-</span> 
     </span>
    </p>
   </div>
   <div class='ocr_carea' id='block_1_30' title="bbox 104 2963 1690 3040">
    <p class='ocr_par' dir='ltr' id='par_1_30' title="bbox 104 2963 1690 3040">
     <span class='ocr_line' id='line_1_32' title="bbox 104 2963 1690 3040; baseline 0.004 -22"><span class='ocrx_word' id='word_1_199' title='bbox 104 2963 384 3033; x_wconf 81' lang='grc' dir='ltr'>θυμῆσαι</span> <span class='ocrx_word' id='word_1_200' title='bbox 417 2964 631 3034; x_wconf 84' lang='grc' dir='ltr'>αὐτὴν,</span> <span class='ocrx_word' id='word_1_201' title='bbox 686 2965 806 3035; x_wconf 78' lang='grc' dir='ltr'>ἤδη</span> <span class='ocrx_word' id='word_1_202' title='bbox 839 2966 1198 3038; x_wconf 79' lang='grc' dir='ltr'>ἐμοίχευσεν</span> <span class='ocrx_word' id='word_1_203' title='bbox 1251 2969 1450 3040; x_wconf 79' lang='grc' dir='ltr'>αὐτὴν</span> <span class='ocrx_word' id='word_1_204' title='bbox 1503 2972 1578 3027; x_wconf 80' lang='grc' dir='ltr'><strong>ἐν</strong></span> <span class='ocrx_word' id='word_1_205' title='bbox 1612 2970 1690 3040; x_wconf 78' lang='grc' dir='ltr'>τῇ</span> 
     </span>
    </p>
   </div>
   <div class='ocr_carea' id='block_1_31' title="bbox 103 3057 564 3125">
    <p class='ocr_par' dir='ltr' id='par_1_31' title="bbox 103 3057 564 3125">
     <span class='ocr_line' id='line_1_33' title="bbox 103 3057 564 3125; baseline 0.009 -15"><span class='ocrx_word' id='word_1_206' title='bbox 103 3057 328 3125; x_wconf 78' lang='grc' dir='ltr'>καρδίᾳ</span> <span class='ocrx_word' id='word_1_207' title='bbox 358 3058 564 3114; x_wconf 85' lang='grc' dir='ltr'>αυτοῦ.</span> 
     </span>
    </p>
   </div>
   <div class='ocr_carea' id='block_1_32' title="bbox 181 3148 1690 3226">
    <p class='ocr_par' dir='ltr' id='par_1_32' title="bbox 181 3148 1690 3226">
     <span class='ocr_line' id='line_1_34' title="bbox 181 3148 1690 3226; baseline 0.009 -27"><span class='ocrx_word' id='word_1_208' title='bbox 181 3148 400 3220; x_wconf 84' lang='grc' dir='ltr'>Ὥσπερ</span> <span class='ocrx_word' id='word_1_209' title='bbox 453 3149 531 3219; x_wconf 86' lang='grc' dir='ltr'><strong>τῷ</strong></span> <span class='ocrx_word' id='word_1_210' title='bbox 588 3150 970 3226; x_wconf 79' lang='grc' dir='ltr'>στρουθῷτῶν</span> <span class='ocrx_word' id='word_1_211' title='bbox 1012 3153 1232 3224; x_wconf 85' lang='grc' dir='ltr'>πτερῶν</span> <span class='ocrx_word' id='word_1_212' title='bbox 1285 3156 1480 3226; x_wconf 74' lang='grc' dir='ltr'>ὄφελος</span> <span class='ocrx_word' id='word_1_213' title='bbox 1533 3159 1690 3212; x_wconf 81' lang='grc' dir='ltr'>οὐδὲν</span> 
     </span>
    </p>
   </div>
   <div class='ocr_carea' id='block_1_33' title="bbox 1778 652 3024 717">
    <p class='ocr_par' dir='ltr' id='par_1_33' title="bbox 1778 652 3024 717">
     <span class='ocr_line' id='line_1_35' title="bbox 1778 652 3024 717; baseline -0.01 -8"><span class='ocrx_word' id='word_1_214' title='bbox 1778 672 1846 709; x_wconf 87' lang='lat' dir='ltr'><strong>ne</strong></span> <span class='ocrx_word' id='word_1_215' title='bbox 1884 655 2069 717; x_wconf 83' lang='lat' dir='ltr'><strong>abeas,</strong></span> <span class='ocrx_word' id='word_1_216' title='bbox 2101 660 2156 707; x_wconf 86' lang='lat' dir='ltr'><strong>et</strong></span> <span class='ocrx_word' id='word_1_217' title='bbox 2187 668 2218 706; x_wconf 84' lang='lat' dir='ltr'><strong>a</strong></span> <span class='ocrx_word' id='word_1_218' title='bbox 2253 652 2540 705; x_wconf 70' lang='lat' dir='ltr'><strong>voluntate</strong></span> <span class='ocrx_word' id='word_1_219' title='bbox 2572 655 2666 702; x_wconf 82' lang='lat' dir='ltr'><strong>tua</strong></span> <span class='ocrx_word' id='word_1_220' title='bbox 2692 654 2963 702; x_wconf 74' lang='lat' dir='ltr'><strong>avertere.</strong></span> <span class='ocrx_word' id='word_1_221' title='bbox 3001 663 3024 697; x_wconf 76' lang='grc' dir='ltr'><strong>ι</strong></span> 
     </span>
    </p>
   </div>
   <div class='ocr_carea' id='block_1_34' title="bbox 1846 737 3351 815">
    <p class='ocr_par' dir='ltr' id='par_1_34' title="bbox 1846 737 3351 815">
     <span class='ocr_line' id='line_1_36' title="bbox 1846 737 3351 815; baseline -0.009 -12"><span class='ocrx_word' id='word_1_222' title='bbox 1846 748 1974 815; x_wconf 82' lang='lat' dir='ltr'><strong>Sap.</strong></span> <span class='ocrx_word' id='word_1_223' title='bbox 2011 763 2083 808; x_wconf 80' lang='grc' dir='ltr'><strong>ιν,</strong></span> <span class='ocrx_word' id='word_1_224' title='bbox 2115 746 2289 800; x_wconf 69' lang='grc'><strong>12.-</strong></span> <span class='ocrx_word' id='word_1_225' title='bbox 2325 765 2344 796; x_wconf 75' lang='grc' dir='ltr'>ι</span> <span class='ocrx_word' id='word_1_226' title='bbox 2379 742 2637 814; x_wconf 78' lang='lat' dir='ltr'><strong>Evagatio</strong></span> <span class='ocrx_word' id='word_1_227' title='bbox 2669 737 3140 810; x_wconf 68' lang='lat' dir='ltr'><strong>concupiscentia:</strong></span> <span class='ocrx_word' id='word_1_228' title='bbox 3177 747 3351 790; x_wconf 77' lang='lat' dir='ltr'><strong>trans-</strong></span> 
     </span>
    </p>
   </div>
   <div class='ocr_carea' id='block_1_35' title="bbox 1778 840 2228 896">
    <p class='ocr_par' dir='ltr' id='par_1_35' title="bbox 1778 840 2228 896">
     <span class='ocr_line' id='line_1_37' title="bbox 1778 840 2228 896; baseline -0.009 -2"><span class='ocrx_word' id='word_1_229' title='bbox 1778 840 1886 896; x_wconf 79' lang='lat' dir='ltr'><strong>l&#39;ert</strong></span> <span class='ocrx_word' id='word_1_230' title='bbox 1912 849 2174 896; x_wconf 87' lang='lat' dir='ltr'><strong>mentem.</strong></span> <span class='ocrx_word' id='word_1_231' title='bbox 2209 858 2228 890; x_wconf 76' lang='grc' dir='ltr'><strong>ι</strong></span> 
     </span>
    </p>
   </div>
   <div class='ocr_carea' id='block_1_36' title="bbox 1848 922 3374 999">
    <p class='ocr_par' dir='ltr' id='par_1_36' title="bbox 1848 922 3374 999">
     <span class='ocr_line' id='line_1_38' title="bbox 1848 922 3374 999; baseline -0.013 -11"><span class='ocrx_word' id='word_1_232' title='bbox 1848 933 2043 988; x_wconf 83' lang='lat' dir='ltr'><strong>Matth.</strong></span> <span class='ocrx_word' id='word_1_233' title='bbox 2086 950 2140 996; x_wconf 83' lang='grc' dir='ltr'><strong>ν,</strong></span> <span class='ocrx_word' id='word_1_234' title='bbox 2175 932 2272 986; x_wconf 73' lang='grc'>28.</span> <span class='ocrx_word' id='word_1_235' title='bbox 2297 961 2368 974; x_wconf 90' lang='lat'><strong>-—</strong></span> <span class='ocrx_word' id='word_1_236' title='bbox 2401 948 2420 981; x_wconf 78' lang='grc' dir='ltr'><strong>ι</strong></span> <span class='ocrx_word' id='word_1_237' title='bbox 2454 929 2648 984; x_wconf 86' lang='lat' dir='ltr'><strong>Omnis</strong></span> <span class='ocrx_word' id='word_1_238' title='bbox 2697 928 2794 999; x_wconf 92' lang='lat' dir='ltr'><strong>qui</strong></span> <span class='ocrx_word' id='word_1_239' title='bbox 2831 925 3030 980; x_wconf 88' lang='lat' dir='ltr'><strong>viderit</strong></span> <span class='ocrx_word' id='word_1_240' title='bbox 3060 922 3374 978; x_wconf 78' lang='lat' dir='ltr'><strong>mulierem.</strong></span> 
     </span>
    </p>
   </div>
   <div class='ocr_carea' id='block_1_37' title="bbox 1780 1019 3353 1093">
    <p class='ocr_par' dir='ltr' id='par_1_37' title="bbox 1780 1019 3353 1093">
     <span class='ocr_line' id='line_1_39' title="bbox 1780 1019 3353 1093; baseline -0.01 -15"><span class='ocrx_word' id='word_1_241' title='bbox 1780 1025 1846 1078; x_wconf 86' lang='lat' dir='ltr'><strong>ad</strong></span> <span class='ocrx_word' id='word_1_242' title='bbox 1880 1022 2392 1093; x_wconf 87' lang='lat' dir='ltr'><strong>concupiscendum</strong></span> <span class='ocrx_word' id='word_1_243' title='bbox 2420 1037 2567 1087; x_wconf 84' lang='lat' dir='ltr'><strong>eam,</strong></span> <span class='ocrx_word' id='word_1_244' title='bbox 2603 1019 2722 1091; x_wconf 79' lang='lat' dir='ltr'><strong>jam</strong></span> <span class='ocrx_word' id='word_1_245' title='bbox 2764 1019 3076 1074; x_wconf 66' lang='lat' dir='ltr'><strong>moechatus</strong></span> <span class='ocrx_word' id='word_1_246' title='bbox 3110 1019 3199 1069; x_wconf 89' lang='lat' dir='ltr'><strong>est</strong></span> <span class='ocrx_word' id='word_1_247' title='bbox 3229 1025 3353 1067; x_wconf 87' lang='lat' dir='ltr'><strong>eam</strong></span> 
     </span>
    </p>
   </div>
   <div class='ocr_carea' id='block_1_38' title="bbox 1778 1118 2248 1174">
    <p class='ocr_par' dir='ltr' id='par_1_38' title="bbox 1778 1118 2248 1174">
     <span class='ocr_line' id='line_1_40' title="bbox 1778 1118 2248 1174; baseline -0.002 -2"><span class='ocrx_word' id='word_1_248' title='bbox 1778 1124 1832 1172; x_wconf 86' lang='lat' dir='ltr'><strong>in</strong></span> <span class='ocrx_word' id='word_1_249' title='bbox 1867 1118 2034 1173; x_wconf 84' lang='lat' dir='ltr'><strong>corde</strong></span> <span class='ocrx_word' id='word_1_250' title='bbox 2064 1134 2186 1174; x_wconf 86' lang='lat' dir='ltr'><strong>suo.</strong></span> <span class='ocrx_word' id='word_1_251' title='bbox 2226 1136 2248 1171; x_wconf 70' lang='grc' dir='ltr'><strong><em>ι</em></strong></span> 
     </span>
    </p>
   </div>
   <div class='ocr_carea' id='block_1_39' title="bbox 1851 1197 3354 1276">
    <p class='ocr_par' dir='ltr' id='par_1_39' title="bbox 1851 1197 3354 1276">
     <span class='ocr_line' id='line_1_41' title="bbox 1851 1197 3354 1276; baseline -0.008 -14"><span class='ocrx_word' id='word_1_252' title='bbox 1851 1209 1874 1262; x_wconf 88' lang='grc'><em>1</em></span> <span class='ocrx_word' id='word_1_253' title='bbox 1911 1207 2076 1265; x_wconf 76' lang='lat' dir='ltr'><strong>Joan.</strong></span> <span class='ocrx_word' id='word_1_254' title='bbox 2131 1225 2192 1275; x_wconf 80' lang='grc' dir='ltr'><strong>ιι,</strong></span> <span class='ocrx_word' id='word_1_255' title='bbox 2223 1207 2308 1264; x_wconf 83' lang='grc'><strong>16.</strong></span> <span class='ocrx_word' id='word_1_256' title='bbox 2333 1238 2402 1250; x_wconf 81' lang='grc'><strong>-·</strong></span> <span class='ocrx_word' id='word_1_257' title='bbox 2428 1225 2447 1259; x_wconf 77' lang='grc' dir='ltr'><strong>ι</strong></span> <span class='ocrx_word' id='word_1_258' title='bbox 2477 1205 2653 1262; x_wconf 86' lang='lat' dir='ltr'><strong>Omne</strong></span> <span class='ocrx_word' id='word_1_259' title='bbox 2690 1203 2837 1276; x_wconf 87' lang='lat' dir='ltr'><strong>quod</strong></span> <span class='ocrx_word' id='word_1_260' title='bbox 2887 1202 2943 1256; x_wconf 91' lang='lat' dir='ltr'><strong>in</strong></span> <span class='ocrx_word' id='word_1_261' title='bbox 2995 1197 3200 1255; x_wconf 87' lang='lat' dir='ltr'><strong>mundo</strong></span> <span class='ocrx_word' id='word_1_262' title='bbox 3227 1203 3311 1252; x_wconf 89' lang='lat' dir='ltr'><strong>est</strong></span> <span class='ocrx_word' id='word_1_263' title='bbox 3336 1230 3354 1258; x_wconf 82' lang='lat'><strong>.</strong></span> 
     </span>
    </p>
   </div>
   <div class='ocr_carea' id='block_1_40' title="bbox 1779 1288 3360 1372">
    <p class='ocr_par' dir='ltr' id='par_1_40' title="bbox 1779 1288 3360 1372">
     <span class='ocr_line' id='line_1_42' title="bbox 1779 1288 3360 1372; baseline -0.009 -16"><span class='ocrx_word' id='word_1_264' title='bbox 1779 1313 1876 1356; x_wconf 88' lang='lat' dir='ltr'><strong>aut</strong></span> <span class='ocrx_word' id='word_1_265' title='bbox 1905 1313 1992 1359; x_wconf 86' lang='lat' dir='ltr'><strong>est</strong></span> <span class='ocrx_word' id='word_1_266' title='bbox 2024 1301 2482 1372; x_wconf 81' lang='lat' dir='ltr'><strong>concupiscentia</strong></span> <span class='ocrx_word' id='word_1_267' title='bbox 2513 1299 2705 1354; x_wconf 85' lang='lat' dir='ltr'><strong>carnis</strong></span> <span class='ocrx_word' id='word_1_268' title='bbox 2725 1337 2740 1363; x_wconf 86' lang='lat'><strong>,</strong></span> <span class='ocrx_word' id='word_1_269' title='bbox 2773 1308 2865 1352; x_wconf 84' lang='lat' dir='ltr'><strong>aut</strong></span> <span class='ocrx_word' id='word_1_270' title='bbox 2898 1288 3360 1362; x_wconf 85' lang='lat' dir='ltr'><strong>concupiscentia-</strong></span> 
     </span>
    </p>
   </div>
   <div class='ocr_carea' id='block_1_41' title="bbox 1780 1392 3360 1466">
    <p class='ocr_par' dir='ltr' id='par_1_41' title="bbox 1780 1392 3360 1466">
     <span class='ocr_line' id='line_1_43' title="bbox 1780 1392 3360 1466; baseline -0.008 -18"><span class='ocrx_word' id='word_1_271' title='bbox 1780 1399 2106 1459; x_wconf 83' lang='lat' dir='ltr'><strong>oculorum,</strong></span> <span class='ocrx_word' id='word_1_272' title='bbox 2167 1404 2263 1450; x_wconf 89' lang='lat' dir='ltr'><strong>aut</strong></span> <span class='ocrx_word' id='word_1_273' title='bbox 2309 1393 2566 1466; x_wconf 81' lang='lat' dir='ltr'><strong>superbia</strong></span> <span class='ocrx_word' id='word_1_274' title='bbox 2616 1393 2788 1458; x_wconf 68' lang='lat' dir='ltr'><strong>vitae,</strong></span> <span class='ocrx_word' id='word_1_275' title='bbox 2822 1405 2947 1461; x_wconf 75' lang='lat' dir='ltr'><strong>qua:</strong></span> <span class='ocrx_word' id='word_1_276' title='bbox 3002 1402 3114 1443; x_wconf 88' lang='lat' dir='ltr'><strong>non</strong></span> <span class='ocrx_word' id='word_1_277' title='bbox 3159 1392 3243 1440; x_wconf 89' lang='lat' dir='ltr'><strong>est</strong></span> <span class='ocrx_word' id='word_1_278' title='bbox 3289 1399 3360 1438; x_wconf 71' lang='lat' dir='ltr'><strong>ex</strong></span> 
     </span>
    </p>
   </div>
   <div class='ocr_carea' id='block_1_42' title="bbox 1783 1488 2643 1552">
    <p class='ocr_par' dir='ltr' id='par_1_42' title="bbox 1783 1488 2643 1552">
     <span class='ocr_line' id='line_1_44' title="bbox 1783 1488 2643 1552; baseline -0.005 -10"><span class='ocrx_word' id='word_1_279' title='bbox 1783 1489 1946 1543; x_wconf 87' lang='lat' dir='ltr'><strong>Patre</strong></span> <span class='ocrx_word' id='word_1_280' title='bbox 1971 1530 1986 1552; x_wconf 83' lang='grc'><strong>,</strong></span> <span class='ocrx_word' id='word_1_281' title='bbox 2023 1489 2118 1545; x_wconf 88' lang='lat' dir='ltr'><strong>sed</strong></span> <span class='ocrx_word' id='word_1_282' title='bbox 2141 1505 2208 1544; x_wconf 82' lang='lat' dir='ltr'><strong>ex</strong></span> <span class='ocrx_word' id='word_1_283' title='bbox 2249 1488 2454 1542; x_wconf 90' lang='lat' dir='ltr'><strong>mundo</strong></span> <span class='ocrx_word' id='word_1_284' title='bbox 2482 1495 2587 1542; x_wconf 90' lang='lat' dir='ltr'><strong>est.</strong></span> <span class='ocrx_word' id='word_1_285' title='bbox 2624 1503 2643 1538; x_wconf 74' lang='grc' dir='ltr'><strong>ι</strong></span> 
     </span>
    </p>
   </div>
   <div class='ocr_carea' id='block_1_43' title="bbox 1853 1569 3359 1643">
    <p class='ocr_par' dir='ltr' id='par_1_43' title="bbox 1853 1569 3359 1643">
     <span class='ocr_line' id='line_1_45' title="bbox 1853 1569 3359 1643; baseline -0.009 -9"><span class='ocrx_word' id='word_1_286' title='bbox 1853 1580 1882 1634; x_wconf 89' lang='lat' dir='ltr'><strong><em>I</em></strong></span> <span class='ocrx_word' id='word_1_287' title='bbox 1913 1581 2059 1636; x_wconf 73' lang='lat' dir='ltr'><strong>Patr.</strong></span> <span class='ocrx_word' id='word_1_288' title='bbox 2091 1597 2149 1643; x_wconf 85' lang='grc' dir='ltr'><strong>ιι,</strong></span> <span class='ocrx_word' id='word_1_289' title='bbox 2179 1581 2269 1636; x_wconf 77' lang='grc'><strong>11.</strong></span> <span class='ocrx_word' id='word_1_290' title='bbox 2293 1612 2360 1622; x_wconf 89' lang='grc'><strong><em>-</em></strong></span> <span class='ocrx_word' id='word_1_291' title='bbox 2391 1599 2408 1633; x_wconf 76' lang='grc' dir='ltr'><strong>ι</strong></span> <span class='ocrx_word' id='word_1_292' title='bbox 2444 1578 2690 1636; x_wconf 86' lang='lat' dir='ltr'><strong>Obsecro</strong></span> <span class='ocrx_word' id='word_1_293' title='bbox 2713 1591 2838 1638; x_wconf 85' lang='lat' dir='ltr'><strong>vos,</strong></span> <span class='ocrx_word' id='word_1_294' title='bbox 2889 1582 3156 1642; x_wconf 81' lang='lat' dir='ltr'><strong>tanquam</strong></span> <span class='ocrx_word' id='word_1_295' title='bbox 3189 1569 3359 1623; x_wconf 83' lang='lat' dir='ltr'><strong>adve-</strong></span> 
     </span>
    </p>
   </div>
   <div class='ocr_carea' id='block_1_44' title="bbox 1783 1658 3365 1742">
    <p class='ocr_par' dir='ltr' id='par_1_44' title="bbox 1783 1658 3365 1742">
     <span class='ocr_line' id='line_1_46' title="bbox 1783 1658 3365 1742; baseline -0.007 -18"><span class='ocrx_word' id='word_1_296' title='bbox 1783 1688 1885 1724; x_wconf 81' lang='lat' dir='ltr'><strong>nas</strong></span> <span class='ocrx_word' id='word_1_297' title='bbox 1917 1681 1970 1724; x_wconf 77' lang='lat' dir='ltr'><strong>ot</strong></span> <span class='ocrx_word' id='word_1_298' title='bbox 2000 1673 2326 1742; x_wconf 80' lang='lat' dir='ltr'><strong>peregrinos</strong></span> <span class='ocrx_word' id='word_1_299' title='bbox 2347 1714 2361 1733; x_wconf 84' lang='lat'><strong>.</strong></span> <span class='ocrx_word' id='word_1_300' title='bbox 2392 1671 2677 1725; x_wconf 68' lang='lat' dir='ltr'><strong>abstinuere</strong></span> <span class='ocrx_word' id='word_1_301' title='bbox 2708 1683 2808 1722; x_wconf 86' lang='lat' dir='ltr'><strong>vos</strong></span> <span class='ocrx_word' id='word_1_302' title='bbox 2846 1681 2877 1720; x_wconf 87' lang='lat' dir='ltr'><strong>a</strong></span> <span class='ocrx_word' id='word_1_303' title='bbox 2911 1661 3236 1718; x_wconf 77' lang='lat' dir='ltr'><strong>carnalibus</strong></span> <span class='ocrx_word' id='word_1_304' title='bbox 3267 1658 3365 1714; x_wconf 84' lang='lat' dir='ltr'><strong>de-</strong></span> 
     </span>
    </p>
   </div>
   <div class='ocr_carea' id='block_1_45' title="bbox 1783 1756 3132 1833">
    <p class='ocr_par' dir='ltr' id='par_1_45' title="bbox 1783 1756 3132 1833">
     <span class='ocr_line' id='line_1_47' title="bbox 1783 1756 3132 1833; baseline -0.012 -13"><span class='ocrx_word' id='word_1_305' title='bbox 1783 1764 2011 1820; x_wconf 83' lang='lat' dir='ltr'><strong>sideriis</strong></span> <span class='ocrx_word' id='word_1_306' title='bbox 2032 1804 2046 1824; x_wconf 89' lang='grc'><strong>,</strong></span> <span class='ocrx_word' id='word_1_307' title='bbox 2082 1779 2205 1832; x_wconf 78' lang='lat' dir='ltr'><strong>quae</strong></span> <span class='ocrx_word' id='word_1_308' title='bbox 2239 1770 2484 1833; x_wconf 67' lang='lat' dir='ltr'><strong>prmsunt</strong></span> <span class='ocrx_word' id='word_1_309' title='bbox 2513 1761 2781 1814; x_wconf 89' lang='lat' dir='ltr'><strong>adversus</strong></span> <span class='ocrx_word' id='word_1_310' title='bbox 2814 1756 3080 1810; x_wconf 87' lang='lat' dir='ltr'><strong>animam.</strong></span> <span class='ocrx_word' id='word_1_311' title='bbox 3113 1771 3132 1804; x_wconf 76' lang='grc' dir='ltr'><strong>ι</strong></span> 
     </span>
    </p>
   </div>
   <div class='ocr_carea' id='block_1_46' title="bbox 1855 1851 3364 1925">
    <p class='ocr_par' dir='ltr' id='par_1_46' title="bbox 1855 1851 3364 1925">
     <span class='ocr_line' id='line_1_48' title="bbox 1855 1851 3364 1925; baseline -0.009 -15"><span class='ocrx_word' id='word_1_312' title='bbox 1855 1855 1913 1910; x_wconf 92' lang='lat' dir='ltr'><strong>S.</strong></span> <span class='ocrx_word' id='word_1_313' title='bbox 1955 1854 2234 1924; x_wconf 78' lang='lat' dir='ltr'><strong>Chrysost.</strong></span> <span class='ocrx_word' id='word_1_314' title='bbox 2265 1888 2335 1906; x_wconf 92' lang='lat'><strong>-.——</strong></span> <span class='ocrx_word' id='word_1_315' title='bbox 2360 1855 2473 1925; x_wconf 81' lang='lat' dir='ltr'><strong>Ego</strong></span> <span class='ocrx_word' id='word_1_316' title='bbox 2506 1851 2694 1922; x_wconf 80' lang='lat' dir='ltr'><strong>opifex</strong></span> <span class='ocrx_word' id='word_1_317' title='bbox 2724 1852 2991 1920; x_wconf 79' lang='lat' dir='ltr'><strong>ﬁgmento</strong></span> <span class='ocrx_word' id='word_1_318' title='bbox 3030 1862 3150 1901; x_wconf 90' lang='lat' dir='ltr'><strong>meo</strong></span> <span class='ocrx_word' id='word_1_319' title='bbox 3195 1860 3364 1916; x_wconf 86' lang='lat' dir='ltr'><strong>appe-</strong></span> 
     </span>
    </p>
   </div>
   <div class='ocr_carea' id='block_1_47' title="bbox 1787 1933 3387 2015">
    <p class='ocr_par' dir='ltr' id='par_1_47' title="bbox 1787 1933 3387 2015">
     <span class='ocr_line' id='line_1_49' title="bbox 1787 1933 3387 2015; baseline -0.008 -17"><span class='ocrx_word' id='word_1_320' title='bbox 1787 1947 1944 2000; x_wconf 87' lang='lat' dir='ltr'><strong>titum</strong></span> <span class='ocrx_word' id='word_1_321' title='bbox 2001 1945 2212 2012; x_wconf 85' lang='lat' dir='ltr'><strong>indidi;</strong></span> <span class='ocrx_word' id='word_1_322' title='bbox 2254 1943 2597 2015; x_wconf 89' lang='lat' dir='ltr'><strong>proindeque</strong></span> <span class='ocrx_word' id='word_1_323' title='bbox 2633 1939 2942 1995; x_wconf 84' lang='lat' dir='ltr'><strong>naturalem</strong></span> <span class='ocrx_word' id='word_1_324' title='bbox 2994 1944 3204 1991; x_wconf 89' lang='lat' dir='ltr'><strong>motum</strong></span> <span class='ocrx_word' id='word_1_325' title='bbox 3257 1933 3387 1986; x_wconf 28' lang='lat' dir='ltr'><strong>mi-‘</strong></span> 
     </span>
    </p>
   </div>
   <div class='ocr_carea' id='block_1_48' title="bbox 1788 2025 3366 2103">
    <p class='ocr_par' dir='ltr' id='par_1_48' title="bbox 1788 2025 3366 2103">
     <span class='ocr_line' id='line_1_50' title="bbox 1788 2025 3366 2103; baseline -0.01 -13"><span class='ocrx_word' id='word_1_326' title='bbox 1788 2039 1936 2091; x_wconf 90' lang='lat' dir='ltr'><strong>nime</strong></span> <span class='ocrx_word' id='word_1_327' title='bbox 1965 2036 2255 2090; x_wconf 84' lang='lat' dir='ltr'><strong>criminor.</strong></span> <span class='ocrx_word' id='word_1_328' title='bbox 2313 2035 2500 2103; x_wconf 75' lang='lat' dir='ltr'><strong>Neque</strong></span> <span class='ocrx_word' id='word_1_329' title='bbox 2536 2033 2689 2087; x_wconf 89' lang='lat' dir='ltr'><strong>enim</strong></span> <span class='ocrx_word' id='word_1_330' title='bbox 2740 2030 2888 2094; x_wconf 87' lang='lat' dir='ltr'><strong>dico,</strong></span> <span class='ocrx_word' id='word_1_331' title='bbox 2930 2026 3052 2082; x_wconf 79' lang='lat' dir='ltr'><strong>Non</strong></span> <span class='ocrx_word' id='word_1_332' title='bbox 3100 2025 3366 2093; x_wconf 84' lang='lat' dir='ltr'><strong>concupi-</strong></span> 
     </span>
    </p>
   </div>
   <div class='ocr_carea' id='block_1_49' title="bbox 1787 2117 3375 2198">
    <p class='ocr_par' dir='ltr' id='par_1_49' title="bbox 1787 2117 3375 2198">
     <span class='ocr_line' id='line_1_51' title="bbox 1787 2117 3375 2198; baseline -0.011 -15"><span class='ocrx_word' id='word_1_333' title='bbox 1787 2145 1933 2184; x_wconf 71' lang='lat' dir='ltr'><strong>sces.</strong></span> <span class='ocrx_word' id='word_1_334' title='bbox 1966 2127 2094 2182; x_wconf 86' lang='lat' dir='ltr'><strong>Non</strong></span> <span class='ocrx_word' id='word_1_335' title='bbox 2133 2127 2254 2198; x_wconf 85' lang='lat' dir='ltr'><strong>ejus</strong></span> <span class='ocrx_word' id='word_1_336' title='bbox 2307 2124 2456 2196; x_wconf 91' lang='lat' dir='ltr'><strong>quod</strong></span> <span class='ocrx_word' id='word_1_337' title='bbox 2498 2132 2648 2180; x_wconf 89' lang='lat' dir='ltr'><strong>recte</strong></span> <span class='ocrx_word' id='word_1_338' title='bbox 2705 2130 2888 2176; x_wconf 89' lang='lat' dir='ltr'><strong>satum</strong></span> <span class='ocrx_word' id='word_1_339' title='bbox 2942 2119 3083 2183; x_wconf 81' lang='lat' dir='ltr'><strong>fuit,</strong></span> <span class='ocrx_word' id='word_1_340' title='bbox 3123 2117 3375 2174; x_wconf 82' lang='lat' dir='ltr'><strong>radicem.</strong></span> 
     </span>
    </p>
   </div>
   <div class='ocr_carea' id='block_1_50' title="bbox 1788 2205 3366 2287">
    <p class='ocr_par' dir='ltr' id='par_1_50' title="bbox 1788 2205 3366 2287">
     <span class='ocr_line' id='line_1_52' title="bbox 1788 2205 3366 2287; baseline -0.009 -15"><span class='ocrx_word' id='word_1_341' title='bbox 1788 2220 2010 2287; x_wconf 85' lang='lat' dir='ltr'><strong>avello;</strong></span> <span class='ocrx_word' id='word_1_342' title='bbox 2042 2233 2236 2275; x_wconf 87' lang='lat' dir='ltr'><strong>verum</strong></span> <span class='ocrx_word' id='word_1_343' title='bbox 2279 2214 2626 2272; x_wconf 87' lang='lat' dir='ltr'><strong>adulterinas</strong></span> <span class='ocrx_word' id='word_1_344' title='bbox 2663 2219 2940 2280; x_wconf 77' lang='lat' dir='ltr'><strong>corruptae</strong></span> <span class='ocrx_word' id='word_1_345' title='bbox 2974 2207 3167 2281; x_wconf 83' lang='lat' dir='ltr'><strong>stirpis</strong></span> <span class='ocrx_word' id='word_1_346' title='bbox 3197 2205 3366 2259; x_wconf 81' lang='lat' dir='ltr'><strong>ﬁbras</strong></span> 
     </span>
    </p>
   </div>
   <div class='ocr_carea' id='block_1_51' title="bbox 1789 2300 3371 2381">
    <p class='ocr_par' dir='ltr' id='par_1_51' title="bbox 1789 2300 3371 2381">
     <span class='ocr_line' id='line_1_53' title="bbox 1789 2300 3371 2381; baseline -0.01 -16"><span class='ocrx_word' id='word_1_347' title='bbox 1789 2311 1933 2367; x_wconf 68' lang='lat' dir='ltr'><strong>olido</strong></span> <span class='ocrx_word' id='word_1_348' title='bbox 1963 2323 2132 2381; x_wconf 85' lang='lat' dir='ltr'><strong>atque</strong></span> <span class='ocrx_word' id='word_1_349' title='bbox 2160 2319 2410 2381; x_wconf 90' lang='lat' dir='ltr'><strong>amputo.</strong></span> <span class='ocrx_word' id='word_1_350' title='bbox 2432 2308 2554 2363; x_wconf 84' lang='lat' dir='ltr'><strong>Non</strong></span> <span class='ocrx_word' id='word_1_351' title='bbox 2585 2307 2693 2362; x_wconf 84' lang='lat' dir='ltr'><strong>hoc</strong></span> <span class='ocrx_word' id='word_1_352' title='bbox 2725 2305 2850 2360; x_wconf 88' lang='lat' dir='ltr'><strong>dico</strong></span> <span class='ocrx_word' id='word_1_353' title='bbox 2879 2312 2938 2357; x_wconf 91' lang='lat' dir='ltr'><strong>ut</strong></span> <span class='ocrx_word' id='word_1_354' title='bbox 2968 2300 3371 2370; x_wconf 86' lang='lat' dir='ltr'><strong>concupiscen—</strong></span> 
     </span>
    </p>
   </div>
   <div class='ocr_carea' id='block_1_52' title="bbox 1789 2391 3368 2473">
    <p class='ocr_par' dir='ltr' id='par_1_52' title="bbox 1789 2391 3368 2473">
     <span class='ocr_line' id='line_1_54' title="bbox 1789 2391 3368 2473; baseline -0.009 -15"><span class='ocrx_word' id='word_1_355' title='bbox 1789 2407 1922 2458; x_wconf 86' lang='lat' dir='ltr'><strong>tiam</strong></span> <span class='ocrx_word' id='word_1_356' title='bbox 1972 2404 2246 2473; x_wconf 75' lang='lat' dir='ltr'><strong>exstirpes</strong></span> <span class='ocrx_word' id='word_1_357' title='bbox 2293 2417 2364 2456; x_wconf 76' lang='lat' dir='ltr'><strong>ex</strong></span> <span class='ocrx_word' id='word_1_358' title='bbox 2419 2400 2646 2463; x_wconf 87' lang='lat' dir='ltr'><strong>animo;</strong></span> <span class='ocrx_word' id='word_1_359' title='bbox 2697 2396 2796 2454; x_wconf 86' lang='lat' dir='ltr'><strong>sed</strong></span> <span class='ocrx_word' id='word_1_360' title='bbox 2836 2396 3037 2466; x_wconf 82' lang='lat' dir='ltr'><strong>spuria:</strong></span> <span class='ocrx_word' id='word_1_361' title='bbox 3059 2391 3368 2448; x_wconf 69' lang='lat' dir='ltr'><strong>aﬂectionis</strong></span> 
     </span>
    </p>
   </div>
   <div class='ocr_carea' id='block_1_53' title="bbox 1793 2482 3370 2564">
    <p class='ocr_par' dir='ltr' id='par_1_53' title="bbox 1793 2482 3370 2564">
     <span class='ocr_line' id='line_1_55' title="bbox 1793 2482 3370 2564; baseline -0.011 -14"><span class='ocrx_word' id='word_1_362' title='bbox 1793 2497 2133 2564; x_wconf 79' lang='lat' dir='ltr'><strong>pullulantes</strong></span> <span class='ocrx_word' id='word_1_363' title='bbox 2212 2494 2397 2550; x_wconf 87' lang='lat' dir='ltr'><strong>adhuc</strong></span> <span class='ocrx_word' id='word_1_364' title='bbox 2472 2493 2720 2547; x_wconf 90' lang='lat' dir='ltr'><strong>stolones</strong></span> <span class='ocrx_word' id='word_1_365' title='bbox 2779 2487 3090 2544; x_wconf 11' lang='lat' dir='ltr'><strong>sexscindo.</strong></span> <span class='ocrx_word' id='word_1_366' title='bbox 3167 2482 3370 2552; x_wconf 81' lang='lat' dir='ltr'><strong>Ecquis</strong></span> 
     </span>
    </p>
   </div>
   <div class='ocr_carea' id='block_1_54' title="bbox 1791 2581 3368 2659">
    <p class='ocr_par' dir='ltr' id='par_1_54' title="bbox 1791 2581 3368 2659">
     <span class='ocr_line' id='line_1_56' title="bbox 1791 2581 3368 2659; baseline -0.01 -17"><span class='ocrx_word' id='word_1_367' title='bbox 1791 2591 2015 2659; x_wconf 77' lang='lat' dir='ltr'><strong>optima:</strong></span> <span class='ocrx_word' id='word_1_368' title='bbox 2060 2588 2247 2644; x_wconf 86' lang='lat' dir='ltr'><strong>telluri</strong></span> <span class='ocrx_word' id='word_1_369' title='bbox 2307 2584 2519 2641; x_wconf 86' lang='lat' dir='ltr'><strong>zizania</strong></span> <span class='ocrx_word' id='word_1_370' title='bbox 2568 2581 2864 2652; x_wconf 82' lang='lat' dir='ltr'><strong>inspersit?</strong></span> <span class='ocrx_word' id='word_1_371' title='bbox 2904 2581 3116 2634; x_wconf 84' lang='lat' dir='ltr'><strong>Bonum</strong></span> <span class='ocrx_word' id='word_1_372' title='bbox 3177 2591 3368 2630; x_wconf 84' lang='lat' dir='ltr'><strong>semen</strong></span> 
     </span>
    </p>
   </div>
   <div class='ocr_carea' id='block_1_55' title="bbox 1793 2668 3374 2746">
    <p class='ocr_par' dir='ltr' id='par_1_55' title="bbox 1793 2668 3374 2746">
     <span class='ocr_line' id='line_1_57' title="bbox 1793 2668 3374 2746; baseline -0.011 -8"><span class='ocrx_word' id='word_1_373' title='bbox 1793 2681 2085 2746; x_wconf 81' lang='lat' dir='ltr'><strong>seminavi,</strong></span> <span class='ocrx_word' id='word_1_374' title='bbox 2133 2679 2284 2736; x_wconf 92' lang='lat' dir='ltr'><strong>unde</strong></span> <span class='ocrx_word' id='word_1_375' title='bbox 2324 2677 2563 2734; x_wconf 82' lang='lat' dir='ltr'><strong>exitiosa</strong></span> <span class='ocrx_word' id='word_1_376' title='bbox 2611 2675 2830 2731; x_wconf 88' lang='lat' dir='ltr'><strong>zizania</strong></span> <span class='ocrx_word' id='word_1_377' title='bbox 2876 2668 3244 2743; x_wconf 85' lang='lat' dir='ltr'><strong>prodierunt?</strong></span> <span class='ocrx_word' id='word_1_378' title='bbox 3273 2683 3374 2722; x_wconf 80' lang='lat' dir='ltr'><strong>ex-</strong></span> 
     </span>
    </p>
   </div>
   <div class='ocr_carea' id='block_1_56' title="bbox 1794 2763 3404 2849">
    <p class='ocr_par' dir='ltr' id='par_1_56' title="bbox 1794 2763 3404 2849">
     <span class='ocr_line' id='line_1_58' title="bbox 1794 2763 3404 2849; baseline -0.011 -23"><span class='ocrx_word' id='word_1_379' title='bbox 1794 2785 1944 2841; x_wconf 88' lang='lat' dir='ltr'><strong>tere,</strong></span> <span class='ocrx_word' id='word_1_380' title='bbox 2001 2773 2299 2842; x_wconf 86' lang='lat' dir='ltr'><strong>proculca,</strong></span> <span class='ocrx_word' id='word_1_381' title='bbox 2355 2768 2598 2841; x_wconf 64' lang='lat' dir='ltr'><strong>praefoca</strong></span> <span class='ocrx_word' id='word_1_382' title='bbox 2639 2782 2828 2824; x_wconf 87' lang='lat' dir='ltr'><strong>semen</strong></span> <span class='ocrx_word' id='word_1_383' title='bbox 2877 2763 3119 2824; x_wconf 85' lang='lat' dir='ltr'><strong>malum,</strong></span> <span class='ocrx_word' id='word_1_384' title='bbox 3153 2767 3210 2814; x_wconf 73' lang='lat' dir='ltr'><strong>et</strong></span> <span class='ocrx_word' id='word_1_385' title='bbox 3262 2772 3404 2849; x_wconf 43' lang='lat' dir='ltr'><strong>non...</strong></span> 
     </span>
    </p>
   </div>
   <div class='ocr_carea' id='block_1_57' title="bbox 1792 2854 3385 2922">
    <p class='ocr_par' dir='ltr' id='par_1_57' title="bbox 1792 2854 3385 2922">
     <span class='ocr_line' id='line_1_59' title="bbox 1792 2854 3385 2922; baseline -0.011 -1"><span class='ocrx_word' id='word_1_386' title='bbox 1792 2869 1900 2922; x_wconf 88' lang='lat' dir='ltr'><strong>erit</strong></span> <span class='ocrx_word' id='word_1_387' title='bbox 1931 2882 2031 2922; x_wconf 91' lang='lat' dir='ltr'><strong>cur</strong></span> <span class='ocrx_word' id='word_1_388' title='bbox 2063 2863 2455 2921; x_wconf 80' lang='lat' dir='ltr'><strong>crescentibus</strong></span> <span class='ocrx_word' id='word_1_389' title='bbox 2495 2861 2724 2916; x_wconf 81' lang='lat' dir='ltr'><strong>zizaniis</strong></span> <span class='ocrx_word' id='word_1_390' title='bbox 2774 2857 3016 2912; x_wconf 72' lang='lat' dir='ltr'><strong>labores.</strong></span> <span class='ocrx_word' id='word_1_391' title='bbox 3061 2854 3385 2921; x_wconf 76' lang='lat' dir='ltr'><strong>Quicunque.</strong></span> 
     </span>
    </p>
   </div>
   <div class='ocr_carea' id='block_1_58' title="bbox 1792 2943 3368 3027">
    <p class='ocr_par' dir='ltr' id='par_1_58' title="bbox 1792 2943 3368 3027">
     <span class='ocr_line' id='line_1_60' title="bbox 1792 2943 3368 3027; baseline -0.013 -13"><span class='ocrx_word' id='word_1_392' title='bbox 1792 2960 2121 3027; x_wconf 74' lang='lat' dir='ltr'><strong>conspexerit</strong></span> <span class='ocrx_word' id='word_1_393' title='bbox 2144 2956 2418 3011; x_wconf 85' lang='lat' dir='ltr'><strong>mulierem</strong></span> <span class='ocrx_word' id='word_1_394' title='bbox 2448 2953 2518 3008; x_wconf 84' lang='lat' dir='ltr'><strong>ad</strong></span> <span class='ocrx_word' id='word_1_395' title='bbox 2568 2948 3046 3020; x_wconf 75' lang='lat' dir='ltr'><strong>concupiscendam</strong></span> <span class='ocrx_word' id='word_1_396' title='bbox 3089 2961 3229 3006; x_wconf 86' lang='lat' dir='ltr'><strong>eam,</strong></span> <span class='ocrx_word' id='word_1_397' title='bbox 3247 2943 3368 3011; x_wconf 79' lang='lat' dir='ltr'><strong>jam</strong></span> 
     </span>
    </p>
   </div>
   <div class='ocr_carea' id='block_1_59' title="bbox 1793 3037 3269 3115">
    <p class='ocr_par' dir='ltr' id='par_1_59' title="bbox 1793 3037 3269 3115">
     <span class='ocr_line' id='line_1_61' title="bbox 1793 3037 3269 3115; baseline -0.012 -7"><span class='ocrx_word' id='word_1_398' title='bbox 1793 3054 2083 3108; x_wconf 69' lang='lat' dir='ltr'><strong>moechatus</strong></span> <span class='ocrx_word' id='word_1_399' title='bbox 2113 3060 2192 3106; x_wconf 78' lang='lat' dir='ltr'><strong>est</strong></span> <span class='ocrx_word' id='word_1_400' title='bbox 2226 3067 2343 3104; x_wconf 86' lang='lat' dir='ltr'><strong>eam</strong></span> <span class='ocrx_word' id='word_1_401' title='bbox 2383 3050 2438 3102; x_wconf 84' lang='lat' dir='ltr'><strong>in</strong></span> <span class='ocrx_word' id='word_1_402' title='bbox 2477 3045 2638 3101; x_wconf 83' lang='lat' dir='ltr'><strong>corde</strong></span> <span class='ocrx_word' id='word_1_403' title='bbox 2671 3061 2767 3100; x_wconf 75' lang='lat' dir='ltr'><strong>suo</strong></span> <span class='ocrx_word' id='word_1_404' title='bbox 2796 3042 3028 3115; x_wconf 80' lang='lat' dir='ltr'><strong>(Matth.</strong></span> <span class='ocrx_word' id='word_1_405' title='bbox 3059 3057 3112 3101; x_wconf 77' lang='grc' dir='ltr'><strong>ν,</strong></span> <span class='ocrx_word' id='word_1_406' title='bbox 3139 3037 3269 3109; x_wconf 69' lang='grc'><strong>28).</strong></span> 
     </span>
    </p>
   </div>
   <div class='ocr_carea' id='block_1_60' title="bbox 1866 3131 3374 3214">
    <p class='ocr_par' dir='ltr' id='par_1_60' title="bbox 1866 3131 3374 3214">
     <span class='ocr_line' id='line_1_62' title="bbox 1866 3131 3374 3214; baseline -0.013 -14"><span class='ocrx_word' id='word_1_407' title='bbox 1866 3144 1959 3200; x_wconf 86' lang='lat' dir='ltr'><strong>Uti</strong></span> <span class='ocrx_word' id='word_1_408' title='bbox 2018 3157 2304 3214; x_wconf 86' lang='lat' dir='ltr'><strong>passerem</strong></span> <span class='ocrx_word' id='word_1_409' title='bbox 2343 3141 2484 3197; x_wconf 90' lang='lat' dir='ltr'><strong>nihil</strong></span> <span class='ocrx_word' id='word_1_410' title='bbox 2518 3153 2708 3210; x_wconf 68' lang='lat' dir='ltr'><strong>penna:</strong></span> <span class='ocrx_word' id='word_1_411' title='bbox 2745 3136 2976 3207; x_wconf 86' lang='lat' dir='ltr'><strong>juvant,</strong></span> <span class='ocrx_word' id='word_1_412' title='bbox 3018 3148 3142 3187; x_wconf 89' lang='lat' dir='ltr'><strong>cum</strong></span> <span class='ocrx_word' id='word_1_413' title='bbox 3176 3131 3374 3200; x_wconf 84' lang='lat' dir='ltr'><strong>laqueo</strong></span> 
     </span>
    </p>
   </div>
   <div class='ocr_carea' id='block_1_61' title="bbox 105 3225 1688 3332">
    <p class='ocr_par' dir='ltr' id='par_1_61' title="bbox 105 3225 1688 3332">
     <span class='ocr_line' id='line_1_63' title="bbox 105 3225 1688 3332; baseline 0.008 -38"><span class='ocrx_word' id='word_1_414' title='bbox 105 3241 214 3294; x_wconf 80' lang='grc' dir='ltr'><strong>ὑπὸ</strong></span> <span class='ocrx_word' id='word_1_415' title='bbox 233 3241 339 3311; x_wconf 84' lang='grc' dir='ltr'><strong>τῆς</strong></span> <span class='ocrx_word' id='word_1_416' title='bbox 366 3242 594 3332; x_wconf 85' lang='grc' dir='ltr'>παγίδος</span> <span class='ocrx_word' id='word_1_417' title='bbox 619 3245 822 3312; x_wconf 88' lang='grc' dir='ltr'>ἁλόντι,</span> <span class='ocrx_word' id='word_1_418' title='bbox 847 3225 963 3298; x_wconf 79' lang='grc' dir='ltr'>ἀλλ’</span> <span class='ocrx_word' id='word_1_419' title='bbox 992 3247 1114 3319; x_wconf 84' lang='grc' dir='ltr'>είκῆ</span> <span class='ocrx_word' id='word_1_420' title='bbox 1148 3251 1240 3302; x_wconf 77' lang='grc' dir='ltr'><strong>καὶ</strong></span> <span class='ocrx_word' id='word_1_421' title='bbox 1272 3225 1454 3320; x_wconf 89' lang='grc' dir='ltr'>μάτην</span> <span class='ocrx_word' id='word_1_422' title='bbox 1485 3252 1688 3322; x_wconf 87' lang='grc' dir='ltr'>πτερύ-</span> 
     </span>
    </p>
   </div>
   <div class='ocr_carea' id='block_1_62' title="bbox 1796 3225 3376 3332">
    <p class='ocr_par' dir='ltr' id='par_1_62' title="bbox 1796 3227 3376 3309">
     <span class='ocr_line' id='line_1_64' title="bbox 1796 3227 3376 3309; baseline -0.013 -15"><span class='ocrx_word' id='word_1_423' title='bbox 1796 3241 2139 3309; x_wconf 84' lang='lat' dir='ltr'><strong>interceptus</strong></span> <span class='ocrx_word' id='word_1_424' title='bbox 2191 3244 2309 3300; x_wconf 86' lang='lat' dir='ltr'><strong>est,</strong></span> <span class='ocrx_word' id='word_1_425' title='bbox 2347 3235 2443 3289; x_wconf 81' lang='lat' dir='ltr'><strong>sed</strong></span> <span class='ocrx_word' id='word_1_426' title='bbox 2489 3232 2697 3288; x_wconf 80' lang='lat' dir='ltr'><strong>frustra</strong></span> <span class='ocrx_word' id='word_1_427' title='bbox 2745 3237 2913 3300; x_wconf 89' lang='lat' dir='ltr'><strong>atque</strong></span> <span class='ocrx_word' id='word_1_428' title='bbox 2964 3227 3246 3281; x_wconf 87' lang='lat' dir='ltr'><strong>incassum</strong></span> <span class='ocrx_word' id='word_1_429' title='bbox 3279 3235 3376 3275; x_wconf 83' lang='lat' dir='ltr'><strong>eas</strong></span> 
     </span>
    </p>
   </div>
   <div class='ocr_carea' id='block_1_63' title="bbox 108 3331 1687 3412">
    <p class='ocr_par' dir='ltr' id='par_1_63' title="bbox 108 3331 1687 3412">
     <span class='ocr_line' id='line_1_65' title="bbox 108 3331 1687 3412; baseline 0.008 -28"><span class='ocrx_word' id='word_1_430' title='bbox 108 3349 300 3386; x_wconf 86' lang='grc' dir='ltr'>σεται·</span> <span class='ocrx_word' id='word_1_431' title='bbox 331 3331 475 3386; x_wconf 74' lang='grc' dir='ltr'>οὕτω</span> <span class='ocrx_word' id='word_1_432' title='bbox 523 3335 620 3388; x_wconf 75' lang='grc' dir='ltr'><strong>καὶ</strong></span> <span class='ocrx_word' id='word_1_433' title='bbox 667 3335 761 3389; x_wconf 70' lang='grc' dir='ltr'><strong>ἐπὶ</strong></span> <span class='ocrx_word' id='word_1_434' title='bbox 793 3336 906 3390; x_wconf 78' lang='grc' dir='ltr'><strong>τῶν</strong></span> <span class='ocrx_word' id='word_1_435' title='bbox 949 3336 1226 3406; x_wconf 88' lang='grc' dir='ltr'>λογισμῶν</span> <span class='ocrx_word' id='word_1_436' title='bbox 1273 3341 1428 3394; x_wconf 80' lang='grc' dir='ltr'>οὐδὲν</span> <span class='ocrx_word' id='word_1_437' title='bbox 1473 3343 1687 3412; x_wconf 79' lang='grc' dir='ltr'>ὄφελος,</span> 
     </span>
    </p>
   </div>
   <div class='ocr_carea' id='block_1_64' title="bbox 106 3425 1688 3504">
    <p class='ocr_par' dir='ltr' id='par_1_64' title="bbox 106 3425 1688 3504">
     <span class='ocr_line' id='line_1_66' title="bbox 106 3425 1688 3504; baseline 0.007 -26"><span class='ocrx_word' id='word_1_438' title='bbox 106 3425 203 3478; x_wconf 87' lang='grc' dir='ltr'><strong>ἐάν</strong></span> <span class='ocrx_word' id='word_1_439' title='bbox 233 3426 382 3479; x_wconf 81' lang='grc' dir='ltr'>κατὰ</span> <span class='ocrx_word' id='word_1_440' title='bbox 414 3427 615 3498; x_wconf 85' lang='grc' dir='ltr'>κράτος</span> <span class='ocrx_word' id='word_1_441' title='bbox 644 3428 750 3481; x_wconf 80' lang='grc' dir='ltr'>ὑπὸ</span> <span class='ocrx_word' id='word_1_442' title='bbox 776 3429 877 3500; x_wconf 84' lang='grc' dir='ltr'>τῆς</span> <span class='ocrx_word' id='word_1_443' title='bbox 897 3433 1140 3504; x_wconf 79' lang='grc' dir='ltr'>πονηρᾶς</span> <span class='ocrx_word' id='word_1_444' title='bbox 1167 3433 1463 3503; x_wconf 78' lang='grc' dir='ltr'>ἐπιθυμίας</span> <span class='ocrx_word' id='word_1_445' title='bbox 1481 3437 1688 3501; x_wconf 80' lang='grc' dir='ltr'>ἁπλῶς,</span> 
     </span>
    </p>
   </div>
   <div class='ocr_carea' id='block_1_65' title="bbox 106 3517 1691 3598">
    <p class='ocr_par' dir='ltr' id='par_1_65' title="bbox 106 3517 1691 3598">
     <span class='ocr_line' id='line_1_67' title="bbox 106 3517 1691 3598; baseline 0.007 -29"><span class='ocrx_word' id='word_1_446' title='bbox 106 3517 222 3570; x_wconf 84' lang='grc' dir='ltr'>ἀλλ’</span> <span class='ocrx_word' id='word_1_447' title='bbox 257 3518 362 3591; x_wconf 86' lang='grc' dir='ltr'>ὅσα</span> <span class='ocrx_word' id='word_1_448' title='bbox 405 3517 501 3570; x_wconf 77' lang='grc' dir='ltr'>ἐὰν</span> <span class='ocrx_word' id='word_1_449' title='bbox 555 3520 879 3592; x_wconf 77' lang='grc' dir='ltr'>σκιρτήσῃς,</span> <span class='ocrx_word' id='word_1_450' title='bbox 929 3522 1123 3586; x_wconf 76' lang='grc' dir='ltr'>ἑάλως.</span> <span class='ocrx_word' id='word_1_451' title='bbox 1160 3524 1261 3578; x_wconf 84' lang='grc' dir='ltr'><strong>Διὰ</strong></span> <span class='ocrx_word' id='word_1_452' title='bbox 1309 3524 1468 3578; x_wconf 80' lang='grc' dir='ltr'>τοῦτο</span> <span class='ocrx_word' id='word_1_453' title='bbox 1514 3529 1691 3598; x_wconf 85' lang='grc' dir='ltr'>πτερά</span> 
     </span>
    </p>
   </div>
   <div class='ocr_carea' id='block_1_66' title="bbox 105 3606 1693 3685">
    <p class='ocr_par' dir='ltr' id='par_1_66' title="bbox 105 3606 1693 3685">
     <span class='ocr_line' id='line_1_68' title="bbox 105 3606 1693 3685; baseline 0.008 -28"><span class='ocrx_word' id='word_1_454' title='bbox 105 3608 222 3670; x_wconf 87' lang='grc' dir='ltr'>τοῖς</span> <span class='ocrx_word' id='word_1_455' title='bbox 275 3606 602 3677; x_wconf 86' lang='grc' dir='ltr'>στρουθίοις,</span> <span class='ocrx_word' id='word_1_456' title='bbox 661 3609 750 3663; x_wconf 78' lang='grc' dir='ltr'><strong>ἵνα</strong></span> <span class='ocrx_word' id='word_1_457' title='bbox 796 3611 1012 3685; x_wconf 79' lang='grc' dir='ltr'><strong>ἐκφύγῃ</strong></span> <span class='ocrx_word' id='word_1_458' title='bbox 1067 3613 1335 3676; x_wconf 87' lang='grc' dir='ltr'>παγίδας·</span> <span class='ocrx_word' id='word_1_459' title='bbox 1389 3614 1477 3668; x_wconf 85' lang='grc' dir='ltr'><strong>διά</strong></span> <span class='ocrx_word' id='word_1_460' title='bbox 1534 3618 1693 3670; x_wconf 85' lang='grc' dir='ltr'>τοῦτο</span> 
     </span>
    </p>
   </div>
   <div class='ocr_carea' id='block_1_67' title="bbox 107 3695 1692 3782">
    <p class='ocr_par' dir='ltr' id='par_1_67' title="bbox 107 3695 1692 3782">
     <span class='ocr_line' id='line_1_69' title="bbox 107 3695 1692 3782; baseline 0.008 -32"><span class='ocrx_word' id='word_1_461' title='bbox 107 3695 365 3770; x_wconf 77' lang='grc' dir='ltr'>λογισμοὶ</span> <span class='ocrx_word' id='word_1_462' title='bbox 398 3702 510 3764; x_wconf 88' lang='grc' dir='ltr'>τοῖς</span> <span class='ocrx_word' id='word_1_463' title='bbox 548 3700 880 3773; x_wconf 83' lang='grc' dir='ltr'>ἀνθρώποις,</span> <span class='ocrx_word' id='word_1_464' title='bbox 914 3704 1002 3759; x_wconf 83' lang='grc' dir='ltr'><strong>ἵνα</strong></span> <span class='ocrx_word' id='word_1_465' title='bbox 1024 3704 1306 3774; x_wconf 78' lang='grc' dir='ltr'>ἐκφύγωσι</span> <span class='ocrx_word' id='word_1_466' title='bbox 1335 3706 1403 3760; x_wconf 81' lang='grc' dir='ltr'><strong>τά</strong></span> <span class='ocrx_word' id='word_1_467' title='bbox 1437 3708 1692 3782; x_wconf 77' lang='grc' dir='ltr'>ἀμαρτήο</span> 
     </span>
    </p>
   </div>
   <div class='ocr_carea' id='block_1_68' title="bbox 109 3807 282 3859">
    <p class='ocr_par' dir='ltr' id='par_1_68' title="bbox 109 3807 282 3859">
     <span class='ocr_line' id='line_1_70' title="bbox 109 3807 282 3859; baseline 0 -15"><span class='ocrx_word' id='word_1_468' title='bbox 109 3807 282 3859; x_wconf 85' lang='grc' dir='ltr'>ματα.</span> 
     </span>
    </p>
   </div>
   <div class='ocr_carea' id='block_1_69' title="bbox 139 3905 1661 3978">
    <p class='ocr_par' dir='ltr' id='par_1_69' title="bbox 139 3905 1661 3978">
     <span class='ocr_line' id='line_1_71' title="bbox 139 3905 1661 3978; baseline 0.01 -21"><span class='ocrx_word' id='word_1_469' title='bbox 139 3905 330 3960; x_wconf 84' lang='grc' dir='ltr'>ΤΙΤΛ.</span> <span class='ocrx_word' id='word_1_470' title='bbox 374 3907 508 3960; x_wconf 63' lang='grc' dir='ltr'>κεν.</span> <span class='ocrx_word' id='word_1_471' title='bbox 552 3939 622 3948; x_wconf 94' lang='grc'><strong><em>--</em></strong></span> <span class='ocrx_word' id='word_1_472' title='bbox 666 3911 807 3977; x_wconf 78' lang='grc' dir='ltr'>Περὶ</span> <span class='ocrx_word' id='word_1_473' title='bbox 859 3911 1157 3978; x_wconf 62' lang='grc' dir='ltr'>ἑκουσίων</span> <span class='ocrx_word' id='word_1_474' title='bbox 1200 3917 1298 3970; x_wconf 81' lang='grc' dir='ltr'><strong>καί</strong></span> <span class='ocrx_word' id='word_1_475' title='bbox 1352 3917 1661 3972; x_wconf 77' lang='grc' dir='ltr'>ἀκουσίων</span> 
     </span>
    </p>
   </div>
   <div class='ocr_carea' id='block_1_70' title="bbox 669 3982 1124 4050">
    <p class='ocr_par' dir='ltr' id='par_1_70' title="bbox 669 3982 1124 4050">
     <span class='ocr_line' id='line_1_72' title="bbox 669 3982 1124 4050; baseline 0.007 -17"><span class='ocrx_word' id='word_1_476' title='bbox 669 3982 1124 4050; x_wconf 77' lang='grc' dir='ltr'>ἁμαρτημάτων.</span> 
     </span>
    </p>
   </div>
   <div class='ocr_carea' id='block_1_71' title="bbox 179 4071 1696 4151">
    <p class='ocr_par' dir='ltr' id='par_1_71' title="bbox 179 4071 1696 4151">
     <span class='ocr_line' id='line_1_73' title="bbox 179 4071 1696 4151; baseline 0.007 -28"><span class='ocrx_word' id='word_1_477' title='bbox 179 4091 201 4123; x_wconf 76' lang='grc' dir='ltr'>ι</span> <span class='ocrx_word' id='word_1_478' title='bbox 253 4071 387 4125; x_wconf 83' lang='grc' dir='ltr'>Ἐάν</span> <span class='ocrx_word' id='word_1_479' title='bbox 441 4072 661 4143; x_wconf 79' lang='grc' dir='ltr'>πατάξῃ</span> <span class='ocrx_word' id='word_1_480' title='bbox 691 4074 779 4136; x_wconf 80' lang='grc' dir='ltr'><strong>τίς</strong></span> <span class='ocrx_word' id='word_1_481' title='bbox 828 4091 972 4141; x_wconf 88' lang='grc' dir='ltr'>τινα,</span> <span class='ocrx_word' id='word_1_482' title='bbox 1008 4077 1102 4128; x_wconf 73' lang='grc' dir='ltr'><strong>καὶ</strong></span> <span class='ocrx_word' id='word_1_483' title='bbox 1155 4077 1429 4151; x_wconf 86' lang='grc' dir='ltr'>ἀποθάνῃ,</span> <span class='ocrx_word' id='word_1_484' title='bbox 1479 4079 1696 4150; x_wconf 79' lang='grc' dir='ltr'>θανάτῳ</span> 
     </span>
    </p>
   </div>
   <div class='ocr_carea' id='block_1_72' title="bbox 107 4160 1697 4244">
    <p class='ocr_par' dir='ltr' id='par_1_72' title="bbox 107 4160 1697 4244">
     <span class='ocr_line' id='line_1_74' title="bbox 107 4160 1697 4244; baseline 0.008 -30"><span class='ocrx_word' id='word_1_485' title='bbox 107 4160 490 4221; x_wconf 82' lang='grc' dir='ltr'>θανατούσθω.</span> <span class='ocrx_word' id='word_1_486' title='bbox 519 4165 576 4217; x_wconf 80' lang='grc' dir='ltr'>Ὀ</span> <span class='ocrx_word' id='word_1_487' title='bbox 605 4166 661 4218; x_wconf 78' lang='grc' dir='ltr'>δὲ</span> <span class='ocrx_word' id='word_1_488' title='bbox 690 4166 788 4237; x_wconf 88' lang='grc' dir='ltr'>ούχ</span> <span class='ocrx_word' id='word_1_489' title='bbox 819 4167 983 4233; x_wconf 79' lang='grc' dir='ltr'>ἑκὼν,</span> <span class='ocrx_word' id='word_1_490' title='bbox 1013 4169 1130 4223; x_wconf 80' lang='grc' dir='ltr'>ἀλλ’</span> <span class='ocrx_word' id='word_1_491' title='bbox 1158 4173 1187 4224; x_wconf 83' lang='grc' dir='ltr'>ὁ</span> <span class='ocrx_word' id='word_1_492' title='bbox 1216 4172 1349 4235; x_wconf 74' lang='grc' dir='ltr'>Θεὸς</span> <span class='ocrx_word' id='word_1_493' title='bbox 1380 4174 1697 4244; x_wconf 77' lang='grc' dir='ltr'>παρέδωκεν</span> 
     </span>
    </p>
   </div>
   <div class='ocr_carea' id='block_1_73' title="bbox 108 4255 1697 4333">
    <p class='ocr_par' dir='ltr' id='par_1_73' title="bbox 108 4255 1697 4333">
     <span class='ocr_line' id='line_1_75' title="bbox 108 4255 1697 4333; baseline 0.01 -28"><span class='ocrx_word' id='word_1_494' title='bbox 108 4255 188 4317; x_wconf 73' lang='grc' dir='ltr'><strong>είς</strong></span> <span class='ocrx_word' id='word_1_495' title='bbox 213 4255 320 4318; x_wconf 83' lang='grc' dir='ltr'><strong>τάς</strong></span> <span class='ocrx_word' id='word_1_496' title='bbox 351 4258 546 4325; x_wconf 84' lang='grc' dir='ltr'>χεῖρας</span> <span class='ocrx_word' id='word_1_497' title='bbox 571 4258 761 4322; x_wconf 74' lang='grc' dir='ltr'>αὐτοῦ,</span> <span class='ocrx_word' id='word_1_498' title='bbox 807 4258 966 4313; x_wconf 82' lang='grc' dir='ltr'>δώσω</span> <span class='ocrx_word' id='word_1_499' title='bbox 995 4278 1077 4314; x_wconf 89' lang='grc' dir='ltr'><strong>σοι</strong></span> <span class='ocrx_word' id='word_1_500' title='bbox 1120 4263 1305 4327; x_wconf 77' lang='grc' dir='ltr'>τόπον,</span> <span class='ocrx_word' id='word_1_501' title='bbox 1343 4257 1406 4318; x_wconf 77' lang='grc' dir='ltr'><strong>οὗ</strong></span> <span class='ocrx_word' id='word_1_502' title='bbox 1436 4264 1697 4333; x_wconf 84' lang='grc' dir='ltr'>φεύξεται</span> 
     </span>
    </p>
   </div>
   <div class='ocr_carea' id='block_1_74' title="bbox 108 4343 651 4413">
    <p class='ocr_par' dir='ltr' id='par_1_74' title="bbox 108 4343 651 4413">
     <span class='ocr_line' id='line_1_76' title="bbox 108 4343 651 4413; baseline 0.006 -19"><span class='ocrx_word' id='word_1_503' title='bbox 108 4343 226 4397; x_wconf 76' lang='grc' dir='ltr'>ἐκεῖ</span> <span class='ocrx_word' id='word_1_504' title='bbox 249 4347 278 4398; x_wconf 88' lang='grc' dir='ltr'><strong>ὁ</strong></span> <span class='ocrx_word' id='word_1_505' title='bbox 303 4346 598 4413; x_wconf 79' lang='grc' dir='ltr'>φονεύσας.</span> <span class='ocrx_word' id='word_1_506' title='bbox 632 4366 651 4397; x_wconf 77' lang='grc' dir='ltr'><strong>ι</strong></span> 
     </span>
    </p>
   </div>
   <div class='ocr_carea' id='block_1_75' title="bbox 185 4527 1701 4604">
    <p class='ocr_par' dir='ltr' id='par_1_75' title="bbox 185 4527 1701 4604">
     <span class='ocr_line' id='line_1_77' title="bbox 185 4527 1701 4604; baseline 0.009 -27"><span class='ocrx_word' id='word_1_507' title='bbox 185 4545 204 4577; x_wconf 76' lang='grc' dir='ltr'><strong>ι</strong></span> <span class='ocrx_word' id='word_1_508' title='bbox 251 4527 502 4590; x_wconf 85' lang='grc' dir='ltr'>Ἐκεῖνος</span> <span class='ocrx_word' id='word_1_509' title='bbox 539 4527 568 4578; x_wconf 87' lang='grc' dir='ltr'><em>ὁ</em></span> <span class='ocrx_word' id='word_1_510' title='bbox 609 4527 797 4592; x_wconf 84' lang='grc' dir='ltr'>δοῦλος</span> <span class='ocrx_word' id='word_1_511' title='bbox 825 4529 854 4581; x_wconf 87' lang='grc' dir='ltr'>ὁ</span> <span class='ocrx_word' id='word_1_512' title='bbox 899 4531 1063 4598; x_wconf 82' lang='grc' dir='ltr'>γνοὺς</span> <span class='ocrx_word' id='word_1_513' title='bbox 1100 4531 1162 4584; x_wconf 85' lang='grc' dir='ltr'><strong>τὸ</strong></span> <span class='ocrx_word' id='word_1_514' title='bbox 1201 4532 1413 4604; x_wconf 75' lang='grc' dir='ltr'>θέλημα</span> <span class='ocrx_word' id='word_1_515' title='bbox 1457 4534 1552 4588; x_wconf 80' lang='grc' dir='ltr'>τοῦ</span> <span class='ocrx_word' id='word_1_516' title='bbox 1601 4553 1701 4591; x_wconf 87' lang='grc' dir='ltr'>κυ-</span> 
     </span>
    </p>
   </div>
   <div class='ocr_carea' id='block_1_76' title="bbox 1793 3315 3384 3404">
    <p class='ocr_par' dir='ltr' id='par_1_76' title="bbox 1793 3315 3384 3404">
     <span class='ocr_line' id='line_1_78' title="bbox 1793 3315 3384 3404; baseline -0.015 -17"><span class='ocrx_word' id='word_1_517' title='bbox 1793 3333 1984 3404; x_wconf 76' lang='lat' dir='ltr'><strong>gerit:</strong></span> <span class='ocrx_word' id='word_1_518' title='bbox 2040 3331 2115 3384; x_wconf 86' lang='lat' dir='ltr'><strong>ita</strong></span> <span class='ocrx_word' id='word_1_519' title='bbox 2172 3343 2276 3384; x_wconf 89' lang='lat' dir='ltr'><strong>nec</strong></span> <span class='ocrx_word' id='word_1_520' title='bbox 2341 3327 2444 3382; x_wconf 89' lang='lat' dir='ltr'><strong>tibi</strong></span> <span class='ocrx_word' id='word_1_521' title='bbox 2504 3326 2809 3396; x_wconf 87' lang='lat' dir='ltr'><strong>quidquam</strong></span> <span class='ocrx_word' id='word_1_522' title='bbox 2867 3319 3098 3404; x_wconf 79' lang='lat' dir='ltr'><strong>prodest</strong></span> <span class='ocrx_word' id='word_1_523' title='bbox 3149 3315 3384 3372; x_wconf 41' lang='lat' dir='ltr'><strong>ratione-</strong></span> 
     </span>
    </p>
   </div>
   <div class='ocr_carea' id='block_1_77' title="bbox 1795 3401 3390 3494">
    <p class='ocr_par' dir='ltr' id='par_1_77' title="bbox 1795 3401 3390 3494">
     <span class='ocr_line' id='line_1_79' title="bbox 1795 3401 3390 3494; baseline -0.014 -17"><span class='ocrx_word' id='word_1_524' title='bbox 1795 3423 2082 3494; x_wconf 77' lang='lat' dir='ltr'><strong>praeditum</strong></span> <span class='ocrx_word' id='word_1_525' title='bbox 2130 3435 2302 3484; x_wconf 86' lang='lat' dir='ltr'><strong>esse,</strong></span> <span class='ocrx_word' id='word_1_526' title='bbox 2365 3419 2412 3474; x_wconf 89' lang='lat' dir='ltr'><strong>si</strong></span> <span class='ocrx_word' id='word_1_527' title='bbox 2476 3418 2546 3473; x_wconf 89' lang='lat' dir='ltr'><strong>ab</strong></span> <span class='ocrx_word' id='word_1_528' title='bbox 2602 3415 2858 3486; x_wconf 89' lang='lat' dir='ltr'><strong>improba</strong></span> <span class='ocrx_word' id='word_1_529' title='bbox 2919 3401 3390 3481; x_wconf 25' lang='lat' dir='ltr'><strong>concupiscentia.</strong></span> 
     </span>
    </p>
   </div>
   <div class='ocr_carea' id='block_1_78' title="bbox 1793 3507 3376 3588">
    <p class='ocr_par' dir='ltr' id='par_1_78' title="bbox 1793 3507 3376 3588">
     <span class='ocr_line' id='line_1_80' title="bbox 1793 3507 3376 3588; baseline -0.009 -17"><span class='ocrx_word' id='word_1_530' title='bbox 1793 3516 2172 3588; x_wconf 77' lang='lat' dir='ltr'><strong>expugnaris;</strong></span> <span class='ocrx_word' id='word_1_531' title='bbox 2232 3512 2328 3569; x_wconf 88' lang='lat' dir='ltr'><strong>sed</strong></span> <span class='ocrx_word' id='word_1_532' title='bbox 2395 3509 2807 3582; x_wconf 86' lang='lat' dir='ltr'><strong>quantumlibet</strong></span> <span class='ocrx_word' id='word_1_533' title='bbox 2873 3507 3125 3566; x_wconf 85' lang='lat' dir='ltr'><strong>saltites,</strong></span> <span class='ocrx_word' id='word_1_534' title='bbox 3177 3513 3376 3572; x_wconf 89' lang='lat' dir='ltr'><strong>captus</strong></span> 
     </span>
    </p>
   </div>
   <div class='ocr_carea' id='block_1_79' title="bbox 1796 3596 3372 3670">
    <p class='ocr_par' dir='ltr' id='par_1_79' title="bbox 1796 3596 3372 3670">
     <span class='ocr_line' id='line_1_81' title="bbox 1796 3596 3372 3670; baseline -0.011 -8"><span class='ocrx_word' id='word_1_535' title='bbox 1796 3620 1990 3664; x_wconf 82' lang='lat' dir='ltr'><strong>tamen</strong></span> <span class='ocrx_word' id='word_1_536' title='bbox 2023 3607 2258 3663; x_wconf 81' lang='lat' dir='ltr'><strong>teneris.</strong></span> <span class='ocrx_word' id='word_1_537' title='bbox 2306 3605 2438 3659; x_wconf 84' lang='lat' dir='ltr'><strong>Eam</strong></span> <span class='ocrx_word' id='word_1_538' title='bbox 2471 3604 2542 3658; x_wconf 91' lang='lat' dir='ltr'><strong>ob</strong></span> <span class='ocrx_word' id='word_1_539' title='bbox 2572 3617 2690 3657; x_wconf 88' lang='lat' dir='ltr'><strong>rem</strong></span> <span class='ocrx_word' id='word_1_540' title='bbox 2726 3598 3050 3670; x_wconf 88' lang='lat' dir='ltr'><strong>passeribus</strong></span> <span class='ocrx_word' id='word_1_541' title='bbox 3081 3596 3180 3648; x_wconf 69' lang='lat' dir='ltr'><strong>ala:</strong></span> <span class='ocrx_word' id='word_1_542' title='bbox 3205 3601 3335 3650; x_wconf 90' lang='lat' dir='ltr'><strong>sunt</strong></span> <span class='ocrx_word' id='word_1_543' title='bbox 3359 3636 3372 3653; x_wconf 86' lang='lat'><strong>.</strong></span> 
     </span>
    </p>
   </div>
   <div class='ocr_carea' id='block_1_80' title="bbox 1795 3687 3374 3771">
    <p class='ocr_par' dir='ltr' id='par_1_80' title="bbox 1795 3687 3374 3771">
     <span class='ocr_line' id='line_1_82' title="bbox 1795 3687 3374 3771; baseline -0.011 -16"><span class='ocrx_word' id='word_1_544' title='bbox 1795 3703 2001 3771; x_wconf 87' lang='lat' dir='ltr'><strong>quibus</strong></span> <span class='ocrx_word' id='word_1_545' title='bbox 2054 3702 2288 3771; x_wconf 87' lang='lat' dir='ltr'><strong>laqueos</strong></span> <span class='ocrx_word' id='word_1_546' title='bbox 2340 3701 2552 3762; x_wconf 85' lang='lat' dir='ltr'><strong>vitent;</strong></span> <span class='ocrx_word' id='word_1_547' title='bbox 2605 3695 2820 3749; x_wconf 89' lang='lat' dir='ltr'><strong>idcirco</strong></span> <span class='ocrx_word' id='word_1_548' title='bbox 2850 3692 3017 3745; x_wconf 86' lang='lat' dir='ltr'><strong>etiam</strong></span> <span class='ocrx_word' id='word_1_549' title='bbox 3052 3687 3374 3743; x_wconf 75' lang='lat' dir='ltr'><strong>ltoll&#39;tinibus</strong></span> 
     </span>
    </p>
   </div>
   <div class='ocr_carea' id='block_1_81' title="bbox 1797 3785 2885 3860">
    <p class='ocr_par' dir='ltr' id='par_1_81' title="bbox 1797 3785 2885 3860">
     <span class='ocr_line' id='line_1_83' title="bbox 1797 3785 2885 3860; baseline -0.008 -13"><span class='ocrx_word' id='word_1_550' title='bbox 1797 3795 1945 3848; x_wconf 88' lang='lat' dir='ltr'><strong>inest</strong></span> <span class='ocrx_word' id='word_1_551' title='bbox 1982 3792 2126 3847; x_wconf 84' lang='lat' dir='ltr'><strong>ratio</strong></span> <span class='ocrx_word' id='word_1_552' title='bbox 2146 3833 2162 3858; x_wconf 92' lang='lat'><strong>,</strong></span> <span class='ocrx_word' id='word_1_553' title='bbox 2191 3806 2298 3860; x_wconf 92' lang='lat' dir='ltr'><strong>qua</strong></span> <span class='ocrx_word' id='word_1_554' title='bbox 2337 3796 2563 3860; x_wconf 88' lang='lat' dir='ltr'><strong>peccata</strong></span> <span class='ocrx_word' id='word_1_555' title='bbox 2594 3785 2885 3857; x_wconf 77' lang='lat' dir='ltr'><strong>eﬂ‘ugiant.</strong></span> 
     </span>
    </p>
   </div>
   <div class='ocr_carea' id='block_1_82' title="bbox 1797 3903 3377 3972">
    <p class='ocr_par' dir='ltr' id='par_1_82' title="bbox 1797 3903 3377 3972">
     <span class='ocr_line' id='line_1_84' title="bbox 1797 3903 3377 3972; baseline -0.007 -11"><span class='ocrx_word' id='word_1_556' title='bbox 1797 3906 1932 3961; x_wconf 82' lang='lat' dir='ltr'><strong>TlT.</strong></span> <span class='ocrx_word' id='word_1_557' title='bbox 1968 3904 2113 3961; x_wconf 75' lang='lat' dir='ltr'><strong>XXI.</strong></span> <span class='ocrx_word' id='word_1_558' title='bbox 2161 3934 2233 3946; x_wconf 82' lang='lat'><strong>——</strong></span> <span class='ocrx_word' id='word_1_559' title='bbox 2267 3903 2342 3958; x_wconf 87' lang='lat' dir='ltr'><strong>De</strong></span> <span class='ocrx_word' id='word_1_560' title='bbox 2391 3903 2623 3972; x_wconf 82' lang='lat' dir='ltr'><strong>peccatis</strong></span> <span class='ocrx_word' id='word_1_561' title='bbox 2688 3917 2806 3970; x_wconf 80' lang='lat' dir='ltr'><strong>qmv</strong></span> <span class='ocrx_word' id='word_1_562' title='bbox 2846 3910 2954 3952; x_wconf 87' lang='lat' dir='ltr'><strong>tum</strong></span> <span class='ocrx_word' id='word_1_563' title='bbox 2993 3907 3210 3968; x_wconf 78' lang='lat' dir='ltr'><strong>sponte,</strong></span> <span class='ocrx_word' id='word_1_564' title='bbox 3267 3907 3377 3950; x_wconf 86' lang='lat' dir='ltr'><strong>tum</strong></span> 
     </span>
    </p>
   </div>
   <div class='ocr_carea' id='block_1_83' title="bbox 2272 3973 2894 4028">
    <p class='ocr_par' dir='ltr' id='par_1_83' title="bbox 2272 3973 2894 4028">
     <span class='ocr_line' id='line_1_85' title="bbox 2272 3973 2894 4028; baseline -0.008 0"><span class='ocrx_word' id='word_1_565' title='bbox 2272 3976 2436 4028; x_wconf 82' lang='lat' dir='ltr'><strong>invite</strong></span> <span class='ocrx_word' id='word_1_566' title='bbox 2463 3973 2894 4026; x_wconf 84' lang='lat' dir='ltr'><strong>committuntur.</strong></span> 
     </span>
    </p>
   </div>
   <div class='ocr_carea' id='block_1_84' title="bbox 1876 4062 3378 4134">
    <p class='ocr_par' dir='ltr' id='par_1_84' title="bbox 1876 4062 3378 4134">
     <span class='ocr_line' id='line_1_86' title="bbox 1876 4062 3378 4134; baseline -0.007 -12"><span class='ocrx_word' id='word_1_567' title='bbox 1876 4067 2050 4124; x_wconf 75' lang='lat' dir='ltr'><strong>Exod.</strong></span> <span class='ocrx_word' id='word_1_568' title='bbox 2109 4085 2222 4126; x_wconf 71' lang='lat' dir='ltr'><strong>xxx.</strong></span> <span class='ocrx_word' id='word_1_569' title='bbox 2256 4066 2344 4121; x_wconf 73' lang='grc'><strong>12.</strong></span> <span class='ocrx_word' id='word_1_570' title='bbox 2378 4097 2449 4108; x_wconf 90' lang='grc'><strong><em>--</em></strong></span> <span class='ocrx_word' id='word_1_571' title='bbox 2485 4084 2504 4116; x_wconf 71' lang='grc' dir='ltr'><em>ς</em></span> <span class='ocrx_word' id='word_1_572' title='bbox 2543 4062 2600 4118; x_wconf 85' lang='lat' dir='ltr'><strong>Si</strong></span> <span class='ocrx_word' id='word_1_573' title='bbox 2639 4063 2770 4134; x_wconf 90' lang='lat' dir='ltr'><strong>quis</strong></span> <span class='ocrx_word' id='word_1_574' title='bbox 2817 4062 3057 4130; x_wconf 75' lang='lat' dir='ltr'><strong>aliquem</strong></span> <span class='ocrx_word' id='word_1_575' title='bbox 3088 4075 3378 4128; x_wconf 81' lang='lat' dir='ltr'><strong>percusse-</strong></span> 
     </span>
    </p>
   </div>
   <div class='ocr_carea' id='block_1_85' title="bbox 1799 4151 3376 4232">
    <p class='ocr_par' dir='ltr' id='par_1_85' title="bbox 1799 4151 3376 4232">
     <span class='ocr_line' id='line_1_87' title="bbox 1799 4151 3376 4232; baseline -0.009 -16"><span class='ocrx_word' id='word_1_576' title='bbox 1799 4163 1910 4228; x_wconf 90' lang='lat' dir='ltr'><strong>rit,</strong></span> <span class='ocrx_word' id='word_1_577' title='bbox 1969 4161 2063 4232; x_wconf 85' lang='lat' dir='ltr'><strong>qui</strong></span> <span class='ocrx_word' id='word_1_578' title='bbox 2122 4168 2380 4215; x_wconf 86' lang='lat' dir='ltr'><strong>mortuus</strong></span> <span class='ocrx_word' id='word_1_579' title='bbox 2442 4157 2646 4220; x_wconf 75' lang='lat' dir='ltr'><strong>fuerit,</strong></span> <span class='ocrx_word' id='word_1_580' title='bbox 2697 4161 2874 4208; x_wconf 90' lang='lat' dir='ltr'><strong>morte</strong></span> <span class='ocrx_word' id='word_1_581' title='bbox 2932 4155 3218 4206; x_wconf 76' lang='lat' dir='ltr'><strong>moriatur.</strong></span> <span class='ocrx_word' id='word_1_582' title='bbox 3272 4151 3376 4216; x_wconf 71' lang='lat' dir='ltr'><strong>Qui</strong></span> 
     </span>
    </p>
   </div>
   <div class='ocr_carea' id='block_1_86' title="bbox 1799 4243 3400 4322">
    <p class='ocr_par' dir='ltr' id='par_1_86' title="bbox 1799 4243 3400 4322">
     <span class='ocr_line' id='line_1_88' title="bbox 1799 4243 3400 4322; baseline -0.011 -14"><span class='ocrx_word' id='word_1_583' title='bbox 1799 4263 1984 4309; x_wconf 86' lang='lat' dir='ltr'><strong>autem</strong></span> <span class='ocrx_word' id='word_1_584' title='bbox 2012 4267 2122 4308; x_wconf 89' lang='lat' dir='ltr'><strong>non</strong></span> <span class='ocrx_word' id='word_1_585' title='bbox 2157 4261 2360 4322; x_wconf 83' lang='lat' dir='ltr'><strong>sponte</strong></span> <span class='ocrx_word' id='word_1_586' title='bbox 2389 4292 2406 4316; x_wconf 88' lang='lat'><strong>,</strong></span> <span class='ocrx_word' id='word_1_587' title='bbox 2460 4249 2556 4304; x_wconf 88' lang='lat' dir='ltr'><strong>sed</strong></span> <span class='ocrx_word' id='word_1_588' title='bbox 2597 4263 2722 4302; x_wconf 90' lang='lat' dir='ltr'><strong>cum</strong></span> <span class='ocrx_word' id='word_1_589' title='bbox 2754 4246 2902 4302; x_wconf 90' lang='lat' dir='ltr'><strong>Deus</strong></span> <span class='ocrx_word' id='word_1_590' title='bbox 2930 4243 3220 4298; x_wconf 71' lang='lat' dir='ltr'><strong>tradiderit</strong></span> <span class='ocrx_word' id='word_1_591' title='bbox 3249 4259 3400 4298; x_wconf 81' lang='lat' dir='ltr'><strong>eum.</strong></span> 
     </span>
    </p>
   </div>
   <div class='ocr_carea' id='block_1_87' title="bbox 1801 4336 3401 4408">
    <p class='ocr_par' dir='ltr' id='par_1_87' title="bbox 1801 4336 3401 4408">
     <span class='ocr_line' id='line_1_89' title="bbox 1801 4336 3401 4408; baseline -0.007 -8"><span class='ocrx_word' id='word_1_592' title='bbox 1801 4347 1858 4400; x_wconf 90' lang='lat' dir='ltr'><strong>in</strong></span> <span class='ocrx_word' id='word_1_593' title='bbox 1916 4360 2118 4400; x_wconf 90' lang='lat' dir='ltr'><strong>manus</strong></span> <span class='ocrx_word' id='word_1_594' title='bbox 2158 4359 2334 4399; x_wconf 85' lang='lat' dir='ltr'><strong>suas:</strong></span> <span class='ocrx_word' id='word_1_595' title='bbox 2386 4341 2532 4398; x_wconf 87' lang='lat' dir='ltr'><strong>dabo</strong></span> <span class='ocrx_word' id='word_1_596' title='bbox 2583 4341 2636 4397; x_wconf 89' lang='lat' dir='ltr'><strong>ei</strong></span> <span class='ocrx_word' id='word_1_597' title='bbox 2675 4340 2856 4395; x_wconf 82' lang='lat' dir='ltr'><strong>locum</strong></span> <span class='ocrx_word' id='word_1_598' title='bbox 2882 4378 2899 4404; x_wconf 90' lang='lat'><strong>,</strong></span> <span class='ocrx_word' id='word_1_599' title='bbox 2942 4353 3052 4408; x_wconf 81' lang='lat' dir='ltr'><strong>quo</strong></span> <span class='ocrx_word' id='word_1_600' title='bbox 3085 4336 3259 4407; x_wconf 76' lang='lat' dir='ltr'><strong>fugiat</strong></span> <span class='ocrx_word' id='word_1_601' title='bbox 3288 4337 3401 4390; x_wconf 45' lang='lat' dir='ltr'><strong>ille.</strong></span> 
     </span>
    </p>
   </div>
   <div class='ocr_carea' id='block_1_88' title="bbox 1801 4437 2290 4510">
    <p class='ocr_par' dir='ltr' id='par_1_88' title="bbox 1801 4437 2290 4510">
     <span class='ocr_line' id='line_1_90' title="bbox 1801 4437 2290 4510; baseline -0.012 -16"><span class='ocrx_word' id='word_1_602' title='bbox 1801 4439 1895 4510; x_wconf 90' lang='lat' dir='ltr'><strong>qui</strong></span> <span class='ocrx_word' id='word_1_603' title='bbox 1935 4437 2228 4493; x_wconf 85' lang='lat' dir='ltr'><strong>occiderit.</strong></span> <span class='ocrx_word' id='word_1_604' title='bbox 2269 4455 2290 4488; x_wconf 73' lang='grc' dir='ltr'><strong>ι</strong></span> 
     </span>
    </p>
   </div>
   <div class='ocr_carea' id='block_1_89' title="bbox 1876 4519 3381 4592">
    <p class='ocr_par' dir='ltr' id='par_1_89' title="bbox 1876 4519 3381 4592">
     <span class='ocr_line' id='line_1_91' title="bbox 1876 4519 3381 4592; baseline -0.007 -10"><span class='ocrx_word' id='word_1_605' title='bbox 1876 4527 2007 4583; x_wconf 84' lang='lat' dir='ltr'><strong>Luc.</strong></span> <span class='ocrx_word' id='word_1_606' title='bbox 2042 4543 2140 4591; x_wconf 76' lang='lat' dir='ltr'><strong>xu,</strong></span> <span class='ocrx_word' id='word_1_607' title='bbox 2186 4525 2277 4580; x_wconf 71' lang='grc'><strong>47.</strong></span> <span class='ocrx_word' id='word_1_608' title='bbox 2308 4557 2378 4565; x_wconf 95' lang='grc'><strong>-</strong></span> <span class='ocrx_word' id='word_1_609' title='bbox 2410 4544 2429 4576; x_wconf 74' lang='grc' dir='ltr'>ι</span> <span class='ocrx_word' id='word_1_610' title='bbox 2465 4524 2562 4580; x_wconf 90' lang='lat' dir='ltr'><strong>llle</strong></span> <span class='ocrx_word' id='word_1_611' title='bbox 2621 4538 2823 4580; x_wconf 81' lang='lat' dir='ltr'><strong>servus</strong></span> <span class='ocrx_word' id='word_1_612' title='bbox 2856 4522 2948 4592; x_wconf 82' lang='lat' dir='ltr'><strong>qui</strong></span> <span class='ocrx_word' id='word_1_613' title='bbox 2985 4519 3245 4590; x_wconf 75' lang='lat' dir='ltr'><strong>cognovit</strong></span> <span class='ocrx_word' id='word_1_614' title='bbox 3277 4535 3381 4573; x_wconf 84' lang='lat' dir='ltr'><strong>vo-</strong></span> 
     </span>
    </p>
   </div>
   <div class='ocr_carea' id='block_1_90' title="bbox 114 4613 1688 4696">
    <p class='ocr_par' dir='ltr' id='par_1_90' title="bbox 114 4614 1688 4694">
     <span class='ocr_line' id='line_1_92' title="bbox 114 4614 1688 4694; baseline 0.008 -26"><span class='ocrx_word' id='word_1_615' title='bbox 114 4615 229 4685; x_wconf 87' lang='grc' dir='ltr'>ρίου</span> <span class='ocrx_word' id='word_1_616' title='bbox 266 4614 466 4678; x_wconf 82' lang='grc' dir='ltr'>αὐτοῦ,</span> <span class='ocrx_word' id='word_1_617' title='bbox 497 4617 591 4670; x_wconf 71' lang='grc' dir='ltr'><strong>καὶ</strong></span> <span class='ocrx_word' id='word_1_618' title='bbox 624 4619 698 4688; x_wconf 83' lang='grc' dir='ltr'>μὴ</span> <span class='ocrx_word' id='word_1_619' title='bbox 739 4621 997 4690; x_wconf 85' lang='grc' dir='ltr'>ποιήσας,</span> <span class='ocrx_word' id='word_1_620' title='bbox 1036 4621 1336 4694; x_wconf 78' lang='grc' dir='ltr'>δαρήσεται</span> <span class='ocrx_word' id='word_1_621' title='bbox 1370 4624 1597 4689; x_wconf 87' lang='grc' dir='ltr'>πολλάς.</span> <span class='ocrx_word' id='word_1_622' title='bbox 1636 4626 1688 4680; x_wconf 85' lang='lat' dir='ltr'><strong>&#39;(J</strong></span> 
     </span>
    </p>
   </div>
   <div class='ocr_carea' id='block_1_91' title="bbox 1796 4613 3401 4696">
    <p class='ocr_par' dir='ltr' id='par_1_91' title="bbox 1802 4613 3401 4696">
     <span class='ocr_line' id='line_1_93' title="bbox 1802 4613 3401 4696; baseline -0.008 -20"><span class='ocrx_word' id='word_1_623' title='bbox 1802 4622 2071 4676; x_wconf 89' lang='lat' dir='ltr'><strong>luntatem</strong></span> <span class='ocrx_word' id='word_1_624' title='bbox 2102 4617 2314 4672; x_wconf 89' lang='lat' dir='ltr'><strong>domini</strong></span> <span class='ocrx_word' id='word_1_625' title='bbox 2341 4616 2452 4682; x_wconf 89' lang='lat' dir='ltr'><strong>sui,</strong></span> <span class='ocrx_word' id='word_1_626' title='bbox 2489 4624 2546 4670; x_wconf 90' lang='lat' dir='ltr'><strong>et</strong></span> <span class='ocrx_word' id='word_1_627' title='bbox 2576 4630 2684 4670; x_wconf 89' lang='lat' dir='ltr'><strong>non</strong></span> <span class='ocrx_word' id='word_1_628' title='bbox 2711 4615 2864 4677; x_wconf 82' lang='lat' dir='ltr'><strong>fecit,</strong></span> <span class='ocrx_word' id='word_1_629' title='bbox 2893 4615 3071 4696; x_wconf 78' lang='lat' dir='ltr'><strong>plagis</strong></span> <span class='ocrx_word' id='word_1_630' title='bbox 3104 4613 3401 4683; x_wconf 79' lang='lat' dir='ltr'><strong>vapulabit.</strong></span> 
     </span>
    </p>
   </div>
   <div class='ocr_carea' id='block_1_92' title="bbox 109 4705 1127 4782">
    <p class='ocr_par' dir='ltr' id='par_1_92' title="bbox 109 4705 1127 4782">
     <span class='ocr_line' id='line_1_94' title="bbox 109 4705 1127 4782; baseline 0.008 -24"><span class='ocrx_word' id='word_1_631' title='bbox 109 4705 164 4759; x_wconf 76' lang='grc' dir='ltr'>δὲ</span> <span class='ocrx_word' id='word_1_632' title='bbox 193 4707 270 4778; x_wconf 84' lang='grc' dir='ltr'>μὴ</span> <span class='ocrx_word' id='word_1_633' title='bbox 305 4709 496 4776; x_wconf 84' lang='grc' dir='ltr'>γνοὺς,</span> <span class='ocrx_word' id='word_1_634' title='bbox 531 4709 831 4780; x_wconf 81' lang='grc' dir='ltr'>δαρήσεται</span> <span class='ocrx_word' id='word_1_635' title='bbox 863 4711 1072 4782; x_wconf 83' lang='grc' dir='ltr'>ὀλίγας.</span> <span class='ocrx_word' id='word_1_636' title='bbox 1107 4734 1127 4766; x_wconf 74' lang='grc' dir='ltr'><strong><em>ι</em></strong></span> 
     </span>
    </p>
   </div>
   <div class='ocr_carea' id='block_1_93' title="bbox 184 4799 1701 4881">
    <p class='ocr_par' dir='ltr' id='par_1_93' title="bbox 184 4799 1701 4881">
     <span class='ocr_line' id='line_1_95' title="bbox 184 4799 1701 4881; baseline 0.009 -29"><span class='ocrx_word' id='word_1_637' title='bbox 184 4818 204 4852; x_wconf 70' lang='grc' dir='ltr'>ι</span> <span class='ocrx_word' id='word_1_638' title='bbox 237 4801 420 4870; x_wconf 81' lang='grc' dir='ltr'>Χάριν</span> <span class='ocrx_word' id='word_1_639' title='bbox 471 4799 582 4869; x_wconf 81' lang='grc' dir='ltr'>ἔχω</span> <span class='ocrx_word' id='word_1_640' title='bbox 621 4800 700 4871; x_wconf 81' lang='grc' dir='ltr'><strong>τῷ</strong></span> <span class='ocrx_word' id='word_1_641' title='bbox 742 4802 1182 4874; x_wconf 76' lang='grc' dir='ltr'>ἐνδύναμώσαντί</span> <span class='ocrx_word' id='word_1_642' title='bbox 1212 4825 1281 4880; x_wconf 91' lang='grc' dir='ltr'><strong>με</strong></span> <span class='ocrx_word' id='word_1_643' title='bbox 1323 4809 1568 4881; x_wconf 78' lang='grc' dir='ltr'>Χριστῷ,</span> <span class='ocrx_word' id='word_1_644' title='bbox 1615 4811 1701 4864; x_wconf 84' lang='grc' dir='ltr'>ὅτι</span> 
     </span>
    </p>
   </div>
   <div class='ocr_carea' id='block_1_94' title="bbox 112 4891 1701 4969">
    <p class='ocr_par' dir='ltr' id='par_1_94' title="bbox 112 4891 1701 4969">
     <span class='ocr_line' id='line_1_96' title="bbox 112 4891 1701 4969; baseline 0.009 -27"><span class='ocrx_word' id='word_1_645' title='bbox 112 4891 308 4944; x_wconf 82' lang='grc' dir='ltr'>πιστόν</span> <span class='ocrx_word' id='word_1_646' title='bbox 337 4909 411 4961; x_wconf 87' lang='grc' dir='ltr'><strong>με</strong></span> <span class='ocrx_word' id='word_1_647' title='bbox 449 4893 719 4963; x_wconf 82' lang='grc' dir='ltr'>ἡγήσατο,</span> <span class='ocrx_word' id='word_1_648' title='bbox 753 4893 984 4966; x_wconf 83' lang='grc' dir='ltr'>θέμενος</span> <span class='ocrx_word' id='word_1_649' title='bbox 1021 4898 1102 4962; x_wconf 84' lang='grc' dir='ltr'><strong>είς</strong></span> <span class='ocrx_word' id='word_1_650' title='bbox 1129 4899 1231 4969; x_wconf 84' lang='grc' dir='ltr'>τὴν</span> <span class='ocrx_word' id='word_1_651' title='bbox 1281 4901 1563 4956; x_wconf 87' lang='grc' dir='ltr'>διακονίαν</span> <span class='ocrx_word' id='word_1_652' title='bbox 1605 4902 1701 4956; x_wconf 79' lang='grc' dir='ltr'><strong>τὸν</strong></span> 
     </span>
    </p>
   </div>
   <div class='ocr_carea' id='block_1_95' title="bbox 111 4982 1701 5062">
    <p class='ocr_par' dir='ltr' id='par_1_95' title="bbox 111 4982 1701 5062">
     <span class='ocr_line' id='line_1_97' title="bbox 111 4982 1701 5062; baseline 0.008 -29"><span class='ocrx_word' id='word_1_653' title='bbox 111 4982 385 5054; x_wconf 86' lang='grc' dir='ltr'>πρότερον</span> <span class='ocrx_word' id='word_1_654' title='bbox 438 4982 571 5036; x_wconf 73' lang='grc' dir='ltr'>ὄντα</span> <span class='ocrx_word' id='word_1_655' title='bbox 617 4984 960 5057; x_wconf 79' lang='grc' dir='ltr'>βλάσφημον,</span> <span class='ocrx_word' id='word_1_656' title='bbox 986 4989 1082 5042; x_wconf 70' lang='grc' dir='ltr'><strong>κα)⁸</strong></span> <span class='ocrx_word' id='word_1_657' title='bbox 1119 4987 1381 5062; x_wconf 79' lang='grc' dir='ltr'>διώκτην,</span> <span class='ocrx_word' id='word_1_658' title='bbox 1417 4993 1513 5046; x_wconf 84' lang='grc' dir='ltr'>καὶ</span> <span class='ocrx_word' id='word_1_659' title='bbox 1542 4991 1701 5061; x_wconf 81' lang='grc' dir='ltr'>ὑϐρι-</span> 
     </span>
    </p>
   </div>
   <div class='ocr_carea' id='block_1_96' title="bbox 112 5073 1700 5153">
    <p class='ocr_par' dir='ltr' id='par_1_96' title="bbox 112 5073 1700 5153">
     <span class='ocr_line' id='line_1_98' title="bbox 112 5073 1700 5153; baseline 0.008 -30"><span class='ocrx_word' id='word_1_660' title='bbox 112 5075 245 5143; x_wconf 89' lang='grc' dir='ltr'>στήν</span> <span class='ocrx_word' id='word_1_661' title='bbox 264 5091 283 5109; x_wconf 80' lang='grc' dir='ltr'><strong>ο</strong></span> <span class='ocrx_word' id='word_1_662' title='bbox 315 5073 438 5126; x_wconf 82' lang='grc' dir='ltr'>ἀλλ’</span> <span class='ocrx_word' id='word_1_663' title='bbox 469 5073 732 5145; x_wconf 75' lang='grc' dir='ltr'>ἠλεήθην,</span> <span class='ocrx_word' id='word_1_664' title='bbox 754 5076 835 5130; x_wconf 83' lang='grc' dir='ltr'>ὅτι</span> <span class='ocrx_word' id='word_1_665' title='bbox 866 5078 1080 5147; x_wconf 80' lang='grc' dir='ltr'>ἀγνοῶν</span> <span class='ocrx_word' id='word_1_666' title='bbox 1099 5080 1335 5151; x_wconf 86' lang='grc' dir='ltr'>ἐποίησα</span> <span class='ocrx_word' id='word_1_667' title='bbox 1359 5082 1419 5136; x_wconf 86' lang='grc' dir='ltr'>ὲν</span> <span class='ocrx_word' id='word_1_668' title='bbox 1446 5082 1700 5153; x_wconf 79' lang='grc' dir='ltr'>ἀπιστίᾳ.</span> 
     </span>
    </p>
   </div>
   <div class='ocr_carea' id='block_1_97' title="bbox 118 5163 1703 5244">
    <p class='ocr_par' dir='ltr' id='par_1_97' title="bbox 118 5163 1703 5244">
     <span class='ocr_line' id='line_1_99' title="bbox 118 5163 1703 5244; baseline 0.008 -27"><span class='ocrx_word' id='word_1_669' title='bbox 118 5163 607 5237; x_wconf 85' lang='grc' dir='ltr'>’Υπερεπλεόνασε</span> <span class='ocrx_word' id='word_1_670' title='bbox 645 5167 705 5220; x_wconf 82' lang='grc' dir='ltr'>δὲ</span> <span class='ocrx_word' id='word_1_671' title='bbox 752 5170 786 5238; x_wconf 85' lang='grc' dir='ltr'><strong>ή</strong></span> <span class='ocrx_word' id='word_1_672' title='bbox 825 5171 986 5240; x_wconf 82' lang='grc' dir='ltr'>χάρις</span> <span class='ocrx_word' id='word_1_673' title='bbox 1031 5171 1130 5224; x_wconf 82' lang='grc' dir='ltr'>τοῦ</span> <span class='ocrx_word' id='word_1_674' title='bbox 1159 5173 1366 5244; x_wconf 86' lang='grc' dir='ltr'>Κυρίου</span> <span class='ocrx_word' id='word_1_675' title='bbox 1420 5173 1562 5244; x_wconf 83' lang='grc' dir='ltr'>μετὰ</span> <span class='ocrx_word' id='word_1_676' title='bbox 1607 5174 1703 5228; x_wconf 88' lang='grc' dir='ltr'>πί-</span> 
     </span>
    </p>
   </div>
   <div class='ocr_carea' id='block_1_98' title="bbox 112 5258 1454 5336">
    <p class='ocr_par' dir='ltr' id='par_1_98' title="bbox 112 5258 1454 5336">
     <span class='ocr_line' id='line_1_100' title="bbox 112 5258 1454 5336; baseline 0.006 -25"><span class='ocrx_word' id='word_1_677' title='bbox 112 5275 308 5324; x_wconf 85' lang='grc' dir='ltr'>στεως,</span> <span class='ocrx_word' id='word_1_678' title='bbox 343 5259 444 5314; x_wconf 73' lang='grc' dir='ltr'><strong>καὶ</strong></span> <span class='ocrx_word' id='word_1_679' title='bbox 473 5258 696 5330; x_wconf 79' lang='grc' dir='ltr'>ἀγάπης</span> <span class='ocrx_word' id='word_1_680' title='bbox 722 5261 821 5334; x_wconf 79' lang='grc' dir='ltr'>τῆς</span> <span class='ocrx_word' id='word_1_681' title='bbox 851 5264 911 5316; x_wconf 81' lang='grc' dir='ltr'><strong>ἐν</strong></span> <span class='ocrx_word' id='word_1_682' title='bbox 934 5263 1160 5335; x_wconf 77' lang='grc' dir='ltr'>Χριστῷ</span> <span class='ocrx_word' id='word_1_683' title='bbox 1193 5263 1398 5336; x_wconf 83' lang='grc' dir='ltr'>Ἰησοῦ.</span> <span class='ocrx_word' id='word_1_684' title='bbox 1429 5284 1454 5319; x_wconf 63' lang='grc' dir='ltr'>ι</span> 
     </span>
    </p>
   </div>
   <div class='ocr_carea' id='block_1_99' title="bbox 192 5519 1704 5598">
    <p class='ocr_par' dir='ltr' id='par_1_99' title="bbox 192 5519 1704 5598">
     <span class='ocr_line' id='line_1_101' title="bbox 192 5519 1704 5598; baseline 0.009 -28"><span class='ocrx_word' id='word_1_685' title='bbox 192 5532 215 5569; x_wconf 71' lang='grc' dir='ltr'>ι</span> <span class='ocrx_word' id='word_1_686' title='bbox 251 5519 560 5586; x_wconf 81' lang='grc' dir='ltr'>Ἑκουσίως</span> <span class='ocrx_word' id='word_1_687' title='bbox 591 5523 1208 5598; x_wconf 80' lang='grc' dir='ltr'>ἀμαρτανόντωνήμῶν</span> <span class='ocrx_word' id='word_1_688' title='bbox 1236 5527 1376 5598; x_wconf 80' lang='grc' dir='ltr'>μετὰ</span> <span class='ocrx_word' id='word_1_689' title='bbox 1416 5526 1479 5582; x_wconf 82' lang='grc' dir='ltr'>τὺ</span> <span class='ocrx_word' id='word_1_690' title='bbox 1517 5527 1704 5584; x_wconf 73' lang='grc' dir='ltr'>λαϐεῖν</span> 
     </span>
    </p>
   </div>
   <div class='ocr_carea' id='block_1_100' title="bbox 113 5613 1704 5694">
    <p class='ocr_par' dir='ltr' id='par_1_100' title="bbox 113 5613 1704 5694">
     <span class='ocr_line' id='line_1_102' title="bbox 113 5613 1704 5694; baseline 0.007 -29"><span class='ocrx_word' id='word_1_691' title='bbox 113 5613 213 5683; x_wconf 82' lang='grc' dir='ltr'>τὴν</span> <span class='ocrx_word' id='word_1_692' title='bbox 243 5614 550 5682; x_wconf 76' lang='grc' dir='ltr'>ἐπίγνωσιν</span> <span class='ocrx_word' id='word_1_693' title='bbox 575 5617 676 5688; x_wconf 81' lang='grc' dir='ltr'>τῆς</span> <span class='ocrx_word' id='word_1_694' title='bbox 713 5617 996 5689; x_wconf 87' lang='grc' dir='ltr'>ἀληθείας,</span> <span class='ocrx_word' id='word_1_695' title='bbox 1027 5621 1210 5674; x_wconf 82' lang='grc' dir='ltr'>οὐκέτι</span> <span class='ocrx_word' id='word_1_696' title='bbox 1253 5622 1385 5692; x_wconf 73' lang='grc' dir='ltr'>περὶ</span> <span class='ocrx_word' id='word_1_697' title='bbox 1416 5622 1704 5694; x_wconf 87' lang='grc' dir='ltr'>ἁμαρτιῶν</span> 
     </span>
    </p>
   </div>
   <div class='ocr_carea' id='block_1_101' title="bbox 113 5701 1701 5784">
    <p class='ocr_par' dir='ltr' id='par_1_101' title="bbox 113 5701 1701 5784">
     <span class='ocr_line' id='line_1_103' title="bbox 113 5701 1701 5784; baseline 0.008 -30"><span class='ocrx_word' id='word_1_698' title='bbox 113 5701 482 5759; x_wconf 83' lang='grc' dir='ltr'>ἀπολείπεται</span> <span class='ocrx_word' id='word_1_699' title='bbox 512 5705 694 5774; x_wconf 87' lang='grc' dir='ltr'>θυσία,</span> <span class='ocrx_word' id='word_1_700' title='bbox 724 5708 932 5781; x_wconf 82' lang='grc' dir='ltr'>φοϐερά</span> <span class='ocrx_word' id='word_1_701' title='bbox 971 5709 1029 5763; x_wconf 81' lang='grc' dir='ltr'>δέ</span> <span class='ocrx_word' id='word_1_702' title='bbox 1079 5729 1166 5775; x_wconf 83' lang='grc' dir='ltr'><strong>τις</strong></span> <span class='ocrx_word' id='word_1_703' title='bbox 1207 5711 1404 5784; x_wconf 86' lang='grc' dir='ltr'>ἐκδοχὴ</span> <span class='ocrx_word' id='word_1_704' title='bbox 1444 5713 1701 5784; x_wconf 82' lang='grc' dir='ltr'>κρίσεως,</span> 
     </span>
    </p>
   </div>
   <div class='ocr_carea' id='block_1_102' title="bbox 115 5794 1701 5875">
    <p class='ocr_par' dir='ltr' id='par_1_102' title="bbox 115 5794 1701 5875">
     <span class='ocr_line' id='line_1_104' title="bbox 115 5794 1701 5875; baseline 0.01 -30"><span class='ocrx_word' id='word_1_705' title='bbox 115 5794 213 5846; x_wconf 81' lang='grc' dir='ltr'>καὶ</span> <span class='ocrx_word' id='word_1_706' title='bbox 261 5795 445 5866; x_wconf 78' lang='grc' dir='ltr'>πυρὸς</span> <span class='ocrx_word' id='word_1_707' title='bbox 504 5797 666 5872; x_wconf 75' lang='grc' dir='ltr'>ζῆλος</span> <span class='ocrx_word' id='word_1_708' title='bbox 715 5800 917 5857; x_wconf 85' lang='grc' dir='ltr'>ἐσθίειν</span> <span class='ocrx_word' id='word_1_709' title='bbox 953 5802 1242 5875; x_wconf 83' lang='grc' dir='ltr'>μέλλοντος</span> <span class='ocrx_word' id='word_1_710' title='bbox 1290 5805 1419 5869; x_wconf 78' lang='grc' dir='ltr'>τοὺς</span> <span class='ocrx_word' id='word_1_711' title='bbox 1469 5805 1701 5860; x_wconf 84' lang='grc' dir='ltr'>ὑπεναν-</span> 
     </span>
    </p>
   </div>
   <div class='ocr_carea' id='block_1_103' title="bbox 115 5886 346 5953">
    <p class='ocr_par' dir='ltr' id='par_1_103' title="bbox 115 5886 346 5953">
     <span class='ocr_line' id='line_1_105' title="bbox 115 5886 346 5953; baseline 0.009 -13"><span class='ocrx_word' id='word_1_712' title='bbox 115 5886 288 5953; x_wconf 81' lang='grc' dir='ltr'>τίους.</span> <span class='ocrx_word' id='word_1_713' title='bbox 326 5907 346 5941; x_wconf 74' lang='grc' dir='ltr'><strong><em>ι</em></strong></span> 
     </span>
    </p>
   </div>
   <div class='ocr_carea' id='block_1_104' title="bbox 1803 4706 3377 4776">
    <p class='ocr_par' dir='ltr' id='par_1_104' title="bbox 1803 4706 3377 4776">
     <span class='ocr_line' id='line_1_106' title="bbox 1803 4706 3377 4776; baseline -0.004 -12"><span class='ocrx_word' id='word_1_714' title='bbox 1803 4711 2014 4766; x_wconf 69' lang='lat' dir='ltr'><strong>mntis.</strong></span> <span class='ocrx_word' id='word_1_715' title='bbox 2045 4709 2148 4776; x_wconf 88' lang='lat' dir='ltr'><strong>Qui</strong></span> <span class='ocrx_word' id='word_1_716' title='bbox 2175 4717 2356 4764; x_wconf 84' lang='lat' dir='ltr'><strong>autem</strong></span> <span class='ocrx_word' id='word_1_717' title='bbox 2385 4723 2494 4762; x_wconf 88' lang='lat' dir='ltr'><strong>non</strong></span> <span class='ocrx_word' id='word_1_718' title='bbox 2516 4708 2810 4776; x_wconf 53' lang='lat' dir='ltr'><strong>cognovit,</strong></span> <span class='ocrx_word' id='word_1_719' title='bbox 2829 4707 3109 4774; x_wconf 83' lang='lat' dir='ltr'><strong>vapulabit</strong></span> <span class='ocrx_word' id='word_1_720' title='bbox 3133 4706 3339 4775; x_wconf 81' lang='lat' dir='ltr'><strong>paucis.</strong></span> <span class='ocrx_word' id='word_1_721' title='bbox 3358 4726 3377 4758; x_wconf 75' lang='grc' dir='ltr'><strong>ο</strong></span> 
     </span>
    </p>
   </div>
   <div class='ocr_carea' id='block_1_105' title="bbox 1874 4797 3383 4867">
    <p class='ocr_par' dir='ltr' id='par_1_105' title="bbox 1874 4797 3383 4867">
     <span class='ocr_line' id='line_1_107' title="bbox 1874 4797 3383 4867; baseline -0.005 -12"><span class='ocrx_word' id='word_1_722' title='bbox 1874 4799 1904 4855; x_wconf 88' lang='grc'><strong>1</strong></span> <span class='ocrx_word' id='word_1_723' title='bbox 1946 4801 2085 4855; x_wconf 87' lang='lat' dir='ltr'><strong>Tim.</strong></span> <span class='ocrx_word' id='word_1_724' title='bbox 2121 4816 2160 4866; x_wconf 81' lang='grc' dir='ltr'><strong>ι,</strong></span> <span class='ocrx_word' id='word_1_725' title='bbox 2192 4799 2378 4853; x_wconf 73' lang='grc'><strong>12-14.</strong></span> <span class='ocrx_word' id='word_1_726' title='bbox 2398 4829 2470 4839; x_wconf 86' lang='grc'><strong><em>-</em></strong></span> <span class='ocrx_word' id='word_1_727' title='bbox 2493 4797 2766 4853; x_wconf 72' lang='lat' dir='ltr'><strong>t..Gratins</strong></span> <span class='ocrx_word' id='word_1_728' title='bbox 2790 4812 2892 4867; x_wconf 81' lang='lat' dir='ltr'><strong>ago</strong></span> <span class='ocrx_word' id='word_1_729' title='bbox 2923 4797 2972 4851; x_wconf 84' lang='lat' dir='ltr'><strong>ei</strong></span> <span class='ocrx_word' id='word_1_730' title='bbox 3009 4799 3100 4866; x_wconf 87' lang='lat' dir='ltr'><strong>qui</strong></span> <span class='ocrx_word' id='word_1_731' title='bbox 3135 4815 3221 4852; x_wconf 88' lang='lat' dir='ltr'><strong>me</strong></span> <span class='ocrx_word' id='word_1_732' title='bbox 3250 4799 3383 4851; x_wconf 68' lang='lat' dir='ltr'><strong>cini-</strong></span> 
     </span>
    </p>
   </div>
   <div class='ocr_carea' id='block_1_106' title="bbox 1803 4889 3376 4962">
    <p class='ocr_par' dir='ltr' id='par_1_106' title="bbox 1803 4889 3376 4962">
     <span class='ocr_line' id='line_1_108' title="bbox 1803 4889 3376 4962; baseline -0.005 -14"><span class='ocrx_word' id='word_1_733' title='bbox 1803 4894 2010 4959; x_wconf 68' lang='grc' dir='ltr'>[οι-εει,</span> <span class='ocrx_word' id='word_1_734' title='bbox 2059 4891 2321 4954; x_wconf 83' lang='lat' dir='ltr'><strong>Christo,</strong></span> <span class='ocrx_word' id='word_1_735' title='bbox 2369 4891 2502 4962; x_wconf 92' lang='lat' dir='ltr'><strong>quia</strong></span> <span class='ocrx_word' id='word_1_736' title='bbox 2560 4890 2774 4944; x_wconf 86' lang='lat' dir='ltr'><strong>ﬁdelem</strong></span> <span class='ocrx_word' id='word_1_737' title='bbox 2845 4905 2934 4944; x_wconf 89' lang='lat' dir='ltr'><strong>me</strong></span> <span class='ocrx_word' id='word_1_738' title='bbox 2997 4889 3376 4952; x_wconf 78' lang='lat' dir='ltr'><strong>existimavit,</strong></span> 
     </span>
    </p>
   </div>
   <div class='ocr_carea' id='block_1_107' title="bbox 1803 4982 3380 5058">
    <p class='ocr_par' dir='ltr' id='par_1_107' title="bbox 1803 4982 3380 5058">
     <span class='ocr_line' id='line_1_109' title="bbox 1803 4982 3380 5058; baseline -0.006 -16"><span class='ocrx_word' id='word_1_739' title='bbox 1803 5002 2018 5058; x_wconf 80' lang='lat' dir='ltr'><strong>ponens</strong></span> <span class='ocrx_word' id='word_1_740' title='bbox 2061 4985 2116 5040; x_wconf 90' lang='lat' dir='ltr'><strong>in</strong></span> <span class='ocrx_word' id='word_1_741' title='bbox 2152 4985 2468 5040; x_wconf 83' lang='lat' dir='ltr'><strong>ministerio</strong></span> <span class='ocrx_word' id='word_1_742' title='bbox 2490 4984 2633 5054; x_wconf 87' lang='lat' dir='ltr'><strong>,.qui</strong></span> <span class='ocrx_word' id='word_1_743' title='bbox 2680 4984 2838 5054; x_wconf 85' lang='lat' dir='ltr'><strong>prius</strong></span> <span class='ocrx_word' id='word_1_744' title='bbox 2871 4982 3228 5052; x_wconf 84' lang='lat' dir='ltr'><strong>blasphemus</strong></span> <span class='ocrx_word' id='word_1_745' title='bbox 3264 4982 3340 5034; x_wconf 82' lang='lat' dir='ltr'><strong>tui</strong></span> <span class='ocrx_word' id='word_1_746' title='bbox 3363 5019 3380 5044; x_wconf 84' lang='lat'><strong>,</strong></span> 
     </span>
    </p>
   </div>
   <div class='ocr_carea' id='block_1_108' title="bbox 1800 5074 3380 5149">
    <p class='ocr_par' dir='ltr' id='par_1_108' title="bbox 1800 5074 3380 5149">
     <span class='ocr_line' id='line_1_110' title="bbox 1800 5074 3380 5149; baseline -0.004 -17"><span class='ocrx_word' id='word_1_747' title='bbox 1800 5085 1856 5132; x_wconf 90' lang='lat' dir='ltr'><strong>et</strong></span> <span class='ocrx_word' id='word_1_748' title='bbox 1885 5087 2234 5149; x_wconf 80' lang='lat' dir='ltr'><strong>persecutor,</strong></span> <span class='ocrx_word' id='word_1_749' title='bbox 2284 5085 2342 5130; x_wconf 87' lang='lat' dir='ltr'><strong>et</strong></span> <span class='ocrx_word' id='word_1_750' title='bbox 2391 5076 2862 5142; x_wconf 87' lang='lat' dir='ltr'><strong>contumeliosus;</strong></span> <span class='ocrx_word' id='word_1_751' title='bbox 2914 5075 3008 5130; x_wconf 88' lang='lat' dir='ltr'><strong>scd</strong></span> <span class='ocrx_word' id='word_1_752' title='bbox 3057 5074 3380 5128; x_wconf 84' lang='lat' dir='ltr'><strong>misericor-</strong></span> 
     </span>
    </p>
   </div>
   <div class='ocr_carea' id='block_1_109' title="bbox 1801 5164 3384 5239">
    <p class='ocr_par' dir='ltr' id='par_1_109' title="bbox 1801 5164 3384 5239">
     <span class='ocr_line' id='line_1_111' title="bbox 1801 5164 3384 5239; baseline -0.004 -16"><span class='ocrx_word' id='word_1_753' title='bbox 1801 5169 1950 5224; x_wconf 88' lang='lat' dir='ltr'><strong>diam</strong></span> <span class='ocrx_word' id='word_1_754' title='bbox 2004 5177 2343 5224; x_wconf 86' lang='lat' dir='ltr'><strong>consecutus</strong></span> <span class='ocrx_word' id='word_1_755' title='bbox 2397 5184 2516 5224; x_wconf 90' lang='lat' dir='ltr'><strong>sum</strong></span> <span class='ocrx_word' id='word_1_756' title='bbox 2545 5211 2560 5234; x_wconf 88' lang='lat'><strong>,</strong></span> <span class='ocrx_word' id='word_1_757' title='bbox 2597 5170 2728 5239; x_wconf 87' lang='lat' dir='ltr'><strong>quia</strong></span> <span class='ocrx_word' id='word_1_758' title='bbox 2763 5169 3034 5238; x_wconf 80' lang='lat' dir='ltr'><strong>ignorans</strong></span> <span class='ocrx_word' id='word_1_759' title='bbox 3073 5165 3174 5219; x_wconf 77' lang='lat' dir='ltr'><strong>feci</strong></span> <span class='ocrx_word' id='word_1_760' title='bbox 3209 5165 3260 5218; x_wconf 90' lang='lat' dir='ltr'><strong>in</strong></span> <span class='ocrx_word' id='word_1_761' title='bbox 3298 5164 3384 5218; x_wconf 83' lang='lat' dir='ltr'><strong>in-</strong></span> 
     </span>
    </p>
   </div>
   <div class='ocr_carea' id='block_1_110' title="bbox 1803 5253 3451 5330">
    <p class='ocr_par' dir='ltr' id='par_1_110' title="bbox 1803 5253 3451 5330">
     <span class='ocr_line' id='line_1_112' title="bbox 1803 5253 3451 5330; baseline -0.004 -14"><span class='ocrx_word' id='word_1_762' title='bbox 1803 5261 2157 5318; x_wconf 84' lang='lat' dir='ltr'><strong>credulitate.</strong></span> <span class='ocrx_word' id='word_1_763' title='bbox 2192 5260 2690 5330; x_wconf 76' lang='lat' dir='ltr'><strong>Superabundavit</strong></span> <span class='ocrx_word' id='word_1_764' title='bbox 2723 5267 2908 5313; x_wconf 89' lang='lat' dir='ltr'><strong>autem</strong></span> <span class='ocrx_word' id='word_1_765' title='bbox 2949 5259 3129 5326; x_wconf 71' lang='lat' dir='ltr'><strong>gratia</strong></span> <span class='ocrx_word' id='word_1_766' title='bbox 3160 5256 3382 5311; x_wconf 86' lang='lat' dir='ltr'><strong>Domini</strong></span> <span class='ocrx_word' id='word_1_767' title='bbox 3450 5253 3451 5256; x_wconf 47' lang='grc'><em>“</em></span> 
     </span>
    </p>
   </div>
   <div class='ocr_carea' id='block_1_111' title="bbox 1805 5350 3398 5412">
    <p class='ocr_par' dir='ltr' id='par_1_111' title="bbox 1805 5350 3398 5412">
     <span class='ocr_line' id='line_1_113' title="bbox 1805 5350 3398 5412; baseline -0.003 -3"><span class='ocrx_word' id='word_1_768' title='bbox 1805 5355 1980 5410; x_wconf 80' lang='lat' dir='ltr'><strong>nostri</strong></span> <span class='ocrx_word' id='word_1_769' title='bbox 2013 5352 2147 5412; x_wconf 80' lang='lat' dir='ltr'><strong>Jcsu</strong></span> <span class='ocrx_word' id='word_1_770' title='bbox 2177 5355 2388 5410; x_wconf 77' lang='lat' dir='ltr'><strong>Christi</strong></span> <span class='ocrx_word' id='word_1_771' title='bbox 2443 5372 2568 5410; x_wconf 91' lang='lat' dir='ltr'><strong>cum</strong></span> <span class='ocrx_word' id='word_1_772' title='bbox 2605 5353 2710 5408; x_wconf 82' lang='lat' dir='ltr'><strong>[ide</strong></span> <span class='ocrx_word' id='word_1_773' title='bbox 2743 5361 2799 5407; x_wconf 87' lang='lat' dir='ltr'><strong>et</strong></span> <span class='ocrx_word' id='word_1_774' title='bbox 2830 5352 3105 5406; x_wconf 79' lang='lat' dir='ltr'><strong>cliaritate</strong></span> <span class='ocrx_word' id='word_1_775' title='bbox 3130 5353 3184 5406; x_wconf 91' lang='lat' dir='ltr'><strong>in</strong></span> <span class='ocrx_word' id='word_1_776' title='bbox 3219 5350 3398 5405; x_wconf 54' lang='lat' dir='ltr'><strong>Chrim</strong></span> 
     </span>
    </p>
   </div>
   <div class='ocr_carea' id='block_1_112' title="bbox 1803 5445 2074 5503">
    <p class='ocr_par' dir='ltr' id='par_1_112' title="bbox 1803 5445 2074 5503">
     <span class='ocr_line' id='line_1_114' title="bbox 1803 5445 2074 5503; baseline -0.007 0"><span class='ocrx_word' id='word_1_777' title='bbox 1803 5457 1894 5503; x_wconf 87' lang='lat' dir='ltr'><strong>sto</strong></span> <span class='ocrx_word' id='word_1_778' title='bbox 1921 5445 2074 5502; x_wconf 87' lang='lat' dir='ltr'><strong>Jesu.</strong></span> 
     </span>
    </p>
   </div>
   <div class='ocr_carea' id='block_1_113' title="bbox 1878 5534 3384 5604">
    <p class='ocr_par' dir='ltr' id='par_1_113' title="bbox 1878 5534 3384 5604">
     <span class='ocr_line' id='line_1_115' title="bbox 1878 5534 3384 5604; baseline 0 -14"><span class='ocrx_word' id='word_1_779' title='bbox 1878 5535 2044 5592; x_wconf 84' lang='lat' dir='ltr'><strong>lIebr.</strong></span> <span class='ocrx_word' id='word_1_780' title='bbox 2081 5554 2132 5601; x_wconf 65' lang='grc' dir='ltr'><strong>κ,</strong></span> <span class='ocrx_word' id='word_1_781' title='bbox 2165 5536 2258 5591; x_wconf 73' lang='grc'><strong>26.</strong></span> <span class='ocrx_word' id='word_1_782' title='bbox 2286 5569 2356 5578; x_wconf 84' lang='lat'><strong>—-</strong></span> <span class='ocrx_word' id='word_1_783' title='bbox 2389 5557 2406 5586; x_wconf 74' lang='grc' dir='ltr'>ι</span> <span class='ocrx_word' id='word_1_784' title='bbox 2443 5534 2769 5590; x_wconf 77' lang='lat' dir='ltr'><strong>Voluntarie</strong></span> <span class='ocrx_word' id='word_1_785' title='bbox 2803 5535 3167 5604; x_wconf 82' lang='lat' dir='ltr'><strong>peccantibus</strong></span> <span class='ocrx_word' id='word_1_786' title='bbox 3220 5535 3384 5590; x_wconf 83' lang='lat' dir='ltr'><strong>nobis</strong></span> 
     </span>
    </p>
   </div>
   <div class='ocr_carea' id='block_1_114' title="bbox 1807 5629 3383 5700">
    <p class='ocr_par' dir='ltr' id='par_1_114' title="bbox 1807 5629 3383 5700">
     <span class='ocr_line' id='line_1_116' title="bbox 1807 5629 3383 5700; baseline -0.002 -16"><span class='ocrx_word' id='word_1_787' title='bbox 1807 5638 1932 5700; x_wconf 89' lang='lat' dir='ltr'><strong>post</strong></span> <span class='ocrx_word' id='word_1_788' title='bbox 1967 5639 2250 5699; x_wconf 84' lang='lat' dir='ltr'><strong>acceptam</strong></span> <span class='ocrx_word' id='word_1_789' title='bbox 2305 5630 2554 5684; x_wconf 86' lang='lat' dir='ltr'><strong>notitiam</strong></span> <span class='ocrx_word' id='word_1_790' title='bbox 2590 5629 2877 5691; x_wconf 86' lang='lat' dir='ltr'><strong>veritatis,</strong></span> <span class='ocrx_word' id='word_1_791' title='bbox 2907 5630 3020 5695; x_wconf 88' lang='lat' dir='ltr'><strong>jam</strong></span> <span class='ocrx_word' id='word_1_792' title='bbox 3068 5643 3178 5682; x_wconf 85' lang='lat' dir='ltr'><strong>non</strong></span> <span class='ocrx_word' id='word_1_793' title='bbox 3209 5629 3383 5682; x_wconf 68' lang='lat' dir='ltr'><strong>melin-</strong></span> 
     </span>
    </p>
   </div>
   <div class='ocr_carea' id='block_1_115' title="bbox 1805 5719 3381 5789">
    <p class='ocr_par' dir='ltr' id='par_1_115' title="bbox 1805 5719 3381 5789">
     <span class='ocr_line' id='line_1_117' title="bbox 1805 5719 3381 5789; baseline 0 -17"><span class='ocrx_word' id='word_1_794' title='bbox 1805 5719 1999 5789; x_wconf 91' lang='lat' dir='ltr'><strong>quitur</strong></span> <span class='ocrx_word' id='word_1_795' title='bbox 2029 5733 2132 5788; x_wconf 89' lang='lat' dir='ltr'><strong>pro</strong></span> <span class='ocrx_word' id='word_1_796' title='bbox 2161 5720 2406 5788; x_wconf 80' lang='lat' dir='ltr'><strong>peccatis</strong></span> <span class='ocrx_word' id='word_1_797' title='bbox 2459 5720 2668 5780; x_wconf 86' lang='lat' dir='ltr'><strong>hostia;</strong></span> <span class='ocrx_word' id='word_1_798' title='bbox 2705 5719 2798 5774; x_wconf 84' lang='lat' dir='ltr'><strong>sed</strong></span> <span class='ocrx_word' id='word_1_799' title='bbox 2833 5719 3102 5774; x_wconf 79' lang='lat' dir='ltr'><strong>terribilis</strong></span> <span class='ocrx_word' id='word_1_800' title='bbox 3129 5719 3381 5788; x_wconf 73' lang='lat' dir='ltr'><strong>quzedam</strong></span> 
     </span>
    </p>
   </div>
   <div class='ocr_carea' id='block_1_116' title="bbox 1805 5810 3404 5884">
    <p class='ocr_par' dir='ltr' id='par_1_116' title="bbox 1805 5810 3404 5884">
     <span class='ocr_line' id='line_1_118' title="bbox 1805 5810 3404 5884; baseline -0.002 -18"><span class='ocrx_word' id='word_1_801' title='bbox 1805 5810 2146 5879; x_wconf 77' lang='lat' dir='ltr'><strong>exspectatio</strong></span> <span class='ocrx_word' id='word_1_802' title='bbox 2173 5810 2368 5879; x_wconf 89' lang='lat' dir='ltr'><strong>judicii</strong></span> <span class='ocrx_word' id='word_1_803' title='bbox 2391 5851 2403 5873; x_wconf 89' lang='lat'><strong>,</strong></span> <span class='ocrx_word' id='word_1_804' title='bbox 2436 5819 2491 5863; x_wconf 86' lang='lat' dir='ltr'><strong>et</strong></span> <span class='ocrx_word' id='word_1_805' title='bbox 2534 5811 2678 5879; x_wconf 81' lang='lat' dir='ltr'><strong>ignis</strong></span> <span class='ocrx_word' id='word_1_806' title='bbox 2724 5813 3004 5869; x_wconf 69' lang='lat' dir='ltr'><strong>munulatio</strong></span> <span class='ocrx_word' id='word_1_807' title='bbox 3028 5854 3045 5880; x_wconf 88' lang='lat'><strong><em>,</em></strong></span> <span class='ocrx_word' id='word_1_808' title='bbox 3076 5828 3199 5884; x_wconf 83' lang='lat' dir='ltr'><strong>qua:</strong></span> <span class='ocrx_word' id='word_1_809' title='bbox 3234 5825 3404 5867; x_wconf 86' lang='lat' dir='ltr'><strong>con-.</strong></span> 
     </span>
    </p>
   </div>
   <div class='ocr_carea' id='block_1_117' title="bbox 1808 5888 3282 5965">
    <p class='ocr_par' dir='ltr' id='par_1_117' title="bbox 1808 5888 3282 5965">
     <span class='ocr_line' id='line_1_119' title="bbox 1808 5888 3282 5965; baseline -0.001 -5"><span class='ocrx_word' id='word_1_810' title='bbox 1808 5912 2095 5965; x_wconf 80' lang='lat' dir='ltr'><strong>sumptura</strong></span> <span class='ocrx_word' id='word_1_811' title='bbox 2125 5912 2210 5960; x_wconf 90' lang='lat' dir='ltr'><strong>est</strong></span> <span class='ocrx_word' id='word_1_812' title='bbox 2249 5903 2622 5960; x_wconf 77' lang='lat' dir='ltr'><strong>adversarios.</strong></span> <span class='ocrx_word' id='word_1_813' title='bbox 2661 5920 2684 5958; x_wconf 74' lang='grc' dir='ltr'><strong><em>ι</em></strong></span> <span class='ocrx_word' id='word_1_814' title='bbox 2984 5901 2990 5906; x_wconf 83' lang='grc'><em>’</em></span> <span class='ocrx_word' id='word_1_815' title='bbox 3258 5888 3282 5895; x_wconf 46' lang='grc'><em>”</em></span> 
     </span>
    </p>
   </div>
  </div>
