4052 6404
241 448 374 540 issi

1507 461 1742 521 SACBA
1782 459 2242 521 PABALLELA.

3343 436 3493 524 1562‘

241 592 393 665 αὐτῷ
422 590 554 647 δέκα
570 588 760 658 λεπροὶ
783 584 996 655 ἄνδρες,
1019 578 1115 634 καὶ
1134 573 1276 651 ἦραν
1305 576 1488 648 φωνὴν
1515 576 1769 665 λέγοντες
1791 590 1805 605 ο

1931 575 2230 643 :ivitatem,
2282 586 2647 633 occurrerunt
2678 577 2727 633 ei
2769 579 2957 633 decem
2997 577 3099 631 viri
3152 577 3384 646 leprosi,
3425 584 3482 629 et

254 662 433 756 Ἰησοῦ
485 681 788 743 ἐπιστάτα,
837 674 1062 745 ἐλέησον
1100 673 1270 743 ἡμᾶς.
1317 669 1428 724 Καὶ
1488 666 1610 720 ἰδὼν
1652 662 1808 720 εἶπεν

241 755 458 839 αὐτοῖς’
489 769 861 845 Πορευθέντες
890 764 1196 830 ἐπιδείξατε
1225 760 1452 824 ἑαυτοὺς
1486 761 1601 823 τοῖς
1629 755 1809 829 ἱερεῦ-

243 870 353 924 σιν.
402 867 513 921 Καὶ
560 867 618 919 ὲν
666 862 744 935 τῷ
792 859 1030 929 ὑπάγειν
1090 857 1296 920 αὐτοὺς
1347 852 1809 925 ἐκαθαρίσθησαν.

241 956 339 1021 Εἷς
365 960 423 1014 δὲ
457 959 515 1025 ἐξ
547 956 748 1020 αὐτῶν,
799 952 923 1008 ἰδὼν
961 953 1045 1006 ὅτι
1099 948 1246 1018 ίάθη,
1291 945 1630 1018 ὑπέστρεψεν
1678 942 1811 1015 μετὰ

244 1050 431 1122 φωνῆς
466 1047 708 1121 μεγάλης
752 1042 992 1110 δοξάζων
1019 1042 1110 1096 τὸν
1140 1041 1293 1105 Θεὸν,
1328 1039 1422 1093 καὶ
1472 1038 1670 1092 ἔπεσεν
1719 1036 1815 1107 ἐπὶ

241 1142 540 1215 πρόσωπον
577 1137 743 1193 αὐτοῦ
774 1134 1115 1208 εὐχαριστῶν
1144 1132 1295 1204 αὑτῷ
1316 1150 1333 1163 θ
1369 1132 1466 1185 καὶ
1512 1128 1676 1194 αὐτὸς
1707 1130 1814 1184 Σα-

242 1232 536 1306 μαρείτης.
579 1226 927 1300 ’Δποκριθεὶς
955 1224 1013 1278 δὲ
1052 1225 1082 1277 ὁ
1116 1222 1326 1294 Ἰησοῦς
1360 1218 1516 1275 εἶπεν
1542 1236 1556 1250 ο
1596 1218 1734 1289 Οὐχὶ
1767 1219 1815 1271 oi

239 1326 378 1381 δέκα
419 1320 898 1394 ἐκαθαρίσθησαν;
941 1318 1084 1372 οίιδὲ
1128 1316 1285 1371 ὲννέα
1318 1314 1465 1381 ποῦς
1501 1314 1614 1384 Οὐχ
1658 1311 1817 1383 εὑρέ-

241 1412 424 1485 θησαν
466 1410 911 1482 ὑποστρέψαντες
946 1406 1133 1461 δοῦναι
1163 1405 1322 1469 δόξαν
1364 1404 1446 1477 τῷ
1491 1404 1631 1476 Θεῷ,
1664 1405 1711 1456 εί
1741 1402 1818 1474 μὴ

238 1513 269 1566 ὁ
290 1510 593 1580 ἀλλογενὴς
618 1504 793 1573 οὗτος,
831 1507 945 1562 Καὶ
976 1501 1133 1560 εἶπεν
1179 1501 1335 1574 αὐτῷ
1355 1517 1369 1531 ·
1409 1499 1673 1563 Ἀναστὰς
1719 1514 1819 1551 πο-

240 1604 433 1678 ρεύου,
464 1604 503 1673 ἡ
529 1602 716 1666 πίστις
740 1618 835 1655 σου
864 1598 1108 1653 σέσωκέν
1140 1614 1222 1652 σε.
1264 1615 1283 1648 ι

316 1807 338 1841 ι
388 1786 479 1840 Ἐν
529 1784 695 1841 παντὶ
755 1782 1169 1853 εὐχαριστεῖτεο
1226 1777 1381 1832 τοῦτο
1449 1774 1558 1846 γὰρ
1613 1771 1824 1842 θέλημά

236 1878 395 1933 ἐστιν
418 1874 553 1931 Θεοῦ
583 1876 641 1929 ὲν
670 1870 889 1945 Χριστῷ
929 1868 1105 1938 Ἰησοῦ
1144 1869 1224 1931 είς
1253 1868 1400 1936 ὑμᾶς
1453 1885 1471 1916 ι

314 2048 621 2123 Πρέπουσα
652 2045 961 2117 δοξολογίας
999 2042 1281 2107 ὑπόθεσις,
1314 2042 1350 2113 ἡ
1386 2038 1491 2094 τῶν
1530 2038 1824 2109 εὐεργετη-

242 2145 443 2221 μάτων
468 2145 746 2215 διήγησις.

334 2235 740 2305 Ἀποδώσωμεν
783 2231 966 2286 τοίνυν
997 2231 1094 2284 σὺν
1125 2228 1272 2298 τόκῳ
1304 2225 1365 2281 τὸ
1392 2224 1572 2296 χρέος,
1608 2223 1675 2278 ἂν
1720 2220 1829 2292 ἄρα

240 2330 511 2388 τοσοῦτον
539 2326 907 2400 εὐποροῦντες
940 2323 1217 2394 φανῶμεν.

241 2533 438 2589 ΤΙΤΛ.
465 2531 594 2587 Kl".
627 2561 696 2572 -ο
722 2527 864 2597 Περὶ
890 2523 1263 2597 ἐκδικήσεως
1280 2539 1318 2597 '_
1341 2520 1439 2575 καὶ
1479 2521 1558 2587 ὡς
1602 2518 1833 2597 ᾀπῃγό-

310 2620 525 2671 ρευται
557 2602 653 2667 δίς
682 2591 817 2669 ειερῖ
847 2597 954 2652 τοῦ
984 2595 1171 2651 αὑτοῦ
1202 2592 1547 2662 πράγματος
1571 2591 1826 2655 εὐθύνας

316 2672 809 2742 εἰσπράττεσθαι.

326 2805 349 2840 ι
382 2785 498 2840 Οὐκ
525 2783 833 2855 ὲκδικήσεις
867 2782 950 2846 δὶς
976 2780 1073 2833 ἐπὶ
1107 2777 1168 2831 τὸ
1202 2776 1359 2831 αὐτό.
1393 2794 1411 2827 ι

324 2896 347 2931 ι
382 2875 449 2930 Τί
477 2875 757 2945 λογίζεσθε
790 2875 882 2928 ἐπὶ
915 2873 1007 2926 τὸν
1040 2870 1283 2941 Κύριον;
1322 2868 1642 2921 συντέλειαν
1670 2864 1833 2928 αὐτὸς

244 2966 504 3038 ποιήσει,
536 2968 634 3020 καὶ
664 2966 765 3020 οὐκ
801 2965 1079 3035 ἐκδικήσει
1106 2962 1188 3026 δίς
1220 2961 1312 3015 ἐπὶ
1347 2960 1409 3013 τὸ
1450 2958 1583 3013 αὐτὸ
1624 2960 1680 3011 ὲν
1715 2956 1831 3009 ολί-

244 3058 373 3131 qm.
408 3078 428 3112 ι
1773 3039 1793 3057 ’

243 3174 441 3252 ΤΙΤΔ.
474 3174 602 3252 Κᾼ’.
627 3202 708 3252 —_
751 3171 888 3240 Περὶ
927 3170 1260 3252 ,ἐπικρίνων
1304 3164 1663 3252 πραγμάτων
1685 3178 1718 3252 ’ἢ
1734 3161 1833 3252 καὶ

1910 666 2232 723 levaverunt
2280 686 2467 725 vocem
2521 688 2708 737 suam,
2751 670 3036 727 dicentes:
3087 669 3216 725 Jesu
3276 686 3501 740 prtece-.

1913 768 2055 829 ptor,
2090 760 2355 816 miserere
2396 763 2595 825 nostri,
2627 771 2681 817 et
2726 763 2865 816 dixit
2894 762 3016 817 eis:
3051 761 3127 815 Ite
3155 801 3170 824 ,
3212 769 3267 814 et
3298 770 3483 814 osten-

1910 847 2023 931 dite
2041 864 2137 905 vos
2164 850 2566 906 sacerdotibus.
2592 851 2658 905 Et
2686 868 2810 907 cum
2837 852 3012 913 irent,
3046 850 3292 904 muudati
3328 856 3481 903 sunt.

1916 939 2070 996 Unus
2103 950 2285 997 autem
2329 958 2393 996 ex
2442 944 2577 1005 illis,
2609 954 2670 997 ut
2697 944 2836 996 vidit
2876 944 3007 1013 quia
3037 953 3266 996 sanatus
3295 951 3483 1005 esset,

1915 1046 2202 1101 rc'gressns
2236 1041 2321 1087 est
2356 1049 2479 1088 cum
2516 1049 2649 1088 voce
2676 1050 2901 1103 magna,
2938 1034 3255 1104 glorilii-aus
3290 1031 3486 1105 Deum,

1915 1130 1969 1178 et
2027 1124 2227 1179 cecidit
2290 1126 2343 1179 iu
2396 1125 2592 1179 faciem
2654 1135 2783 1180 ante
2862 1128 3026 1196 pedes
3078 1125 3220 1193 ejus,
3279 1124 3491 1193 gratias

1917 1230 2125 1287 agens:
2166 1226 2222 1272 et
2256 1218 2346 1272 hic
2397 1228 2516 1272 erat
2550 1218 2958 1273 Samaritanus.
2992 1217 3358 1287 Respondeas
3389 1232 3490 1270 au-

1918 1316 2027 1365 tem
2084 1308 2280 1375 Jesus,
2335 1312 2513 1367 dixit:
2570 1310 2762 1366 Nonne
2815 1312 3003 1367 decem
3044 1308 3493 1366 niundatisunt?

1919 1413 1971 1457 et
2000 1418 2197 1457 n0vem
2228 1402 2319 1459 ubi
2350 1404 2517 1458 sunt?
2554 1400 2673 1457 Non
2705 1402 2910 1458 inventi
2937 1410 3071 1457 sunt
3098 1401 3190 1471 qui
3226 1400 3490 1463 redirent,

1920 1506 1975 1551 et
2012 1499 2209 1550 darent
2256 1496 2484 1566 gloriam
2537 1494 2648 1551 Deo
2675 1535 2693 1563 ,
2737 1496 2845 1550 nisi
2913 1496 3003 1551 hic
3058 1494 3389 1561 alienigena.
3424 1491 3496 1545 Et

1924 1588 1998 1641 ait
2031 1588 2109 1643 illi
2147 1606 2161 1642 :
2200 1588 2412 1658 Surge,
2442 1586 2619 1649 vade,
2665 1588 2794 1657 quia
2856 1586 2991 1643 ﬁdes
3035 1596 3128 1642 tua
3177 1596 3227 1640 te
3277 1584 3492 1638 salvum

1926 1684 2075 1740 fecit.
2117 1700 2135 1734 ι

1997 1777 2152 1847 521
2211 1774 2237 1830 Ι
2291 1775 2473 1830 Thess.
2508 1774 2685 1838 v.17.
2708 1806 2775 1816 --
2806 1793 2824 1825 ι
2858 1773 2915 1827 In
2969 1773 3226 1826 omnibus
3284 1768 3495 1840 gratias

1927 1875 2107 1939 agite:
2146 1873 2260 1927 haec
2294 1880 2380 1927 est
2407 1870 2551 1926 enim
2592 1870 2848 1924 voluntas
2884 1866 2976 1923 Dei
3019 1870 3073 1922 in
3106 1865 3328 1921 Christo
3362 1862 3495 1919 Jesu

1930 1968 1981 2019 in
2015 1966 2190 2020 vobis.
2228 1985 2246 2019 ι

1999 2058 2061 2114 8.
2097 2058 2271 2113 Basil.
2300 2088 2371 2099 —
2391 2059 2705 2129 Congrnum
2736 2053 3069 2109 laudationis
3109 2058 3498 2121 argumentum

1926 2164 2039 2217 est.
2068 2162 2426 2224 acceptorum
2466 2153 2862 2208 beneﬁciorum
2898 2144 3372 2201 commemoratio.

2001 2247 2058 2301 S.
2099 2246 2253 2317 (ἔτερ.
2283 2245 2429 2305 Nos.
2459 2255 2602 2301 orat.
2634 2245 2687 2298 in
2712 2243 2771 2297 S.
2803 2242 2965 2310 Cypr.
2995 2268 3064 2282 --
3094 2237 3347 2291 Deliitum
3372 2248 3509 2303 ergo

1931 2353 2058 2393 cum
2119 2338 2313 2392 fenore
2366 2338 2789 2406 persolvamus;
2847 2333 2892 2387 si
2928 2340 3111 2386 tamen
3159 2337 3247 2382 sat
3286 2326 3505 2397 amplas

1931 2446 2062 2500 opes
2096 2431 2302 2486 habere
2329 2430 2694 2499 reperiamnr.

1933 2542 2071 2598 ἸΙΤ.
2101 2542 2296 2597 XXIII.
2328 2572 2399 2583 —-
2428 2540 2507 2595 De
2543 2539 2899 2593 vindicatione
2933 2553 2951 2592 :
2978 2544 3027 2588 et
3067 2533 3206 2603 quod
3237 2532 3301 2588 de
3329 2548 3387 2587 re
3416 2546 3511 2586 ea-

2179 2613 2298 2669 dem
2343 2613 2423 2667 bis
2454 2627 2636 2682 poenas
2679 2610 2889 2679 exigere
2923 2623 3029 2663 non
3074 2607 3258 2662 liceat.
3506 2640 3511 2648 ι

2009 2797 2165 2850 Deut.
2190 2824 2262 2835 —
2288 2811 2308 2846 ι
2348 2792 2467 2848 Non
2496 2792 2583 2847 bis
2611 2788 2921 2845 vindicabis
2952 2788 3007 2841 in
3039 2784 3304 2855 idipsum.
3342 2802 3363 2835 ι

2009 2887 2226 2942 Nahum
2257 2902 2297 2952 t,
2342 2886 2395 2942 9.
2428 2914 2499 2928 --
2532 2902 2550 2935 ι
2594 2882 2736 2950 Quid
2786 2878 3048 2951 cogitatis
3088 2884 3284 2951 contra
3324 2871 3514 2927 Domi-

1935 2998 2066 3037 num
2089 2982 2112 3036 ἲ
2137 2978 2689 3036 Consummationem
2728 2975 2847 3044 ipse
2893 2973 3095 3034 faciet.
3132 2981 3186 3025 et
3226 2983 3335 3023 non
3368 2964 3511 3022 ulci-

1936 3086 2125 3130 scetur
2162 3073 2246 3128 bis
2272 3072 2327 3127 in
2368 3072 2608 3141 idipsqu
2637 3069 2695 3124 in
2732 3066 3118 3123 tribulatione.
3160 3083 3179 3116 ι

1940 3184 2076 3242 ΤΙΤ.
2105 3182 2300 3240 XXIV.
2330 3214 2401 3223 —
2444 3183 2517 3237 De
2549 3181 2916 3237 communibus
2957 3177 3181 3249 negotiis
3210 3191 3247 3249 :7
3272 3171 3523 3249 quodque:

319 3244 418 3321 ὅτι
451 3243 567 3314 χρὴ
600 3232 845 3321 φεύγειᾶ
877 3241 952 3321 τὰ
978 3240 1257 3321 enimn-£1
1287 3232 1641 3319 xdfa'jtbrra,
1682 3232 1828 3289 διότι

2008 3256 2310 3310 communia
2344 3254 2637 3308 diversoria
2673 3253 2891 3307 vitanda
2921 3232 3053 3318 sint",
3082 3250 3210 3320 quia
3230 3232 3351 3300 hinc
3380 3232 3527 3299 riam-

320 3308 530 3386 μάχὸς
553 3308 671 3369 ὀἷαι
702 3308 1052 3377 διαστάσεις
1085 3308 1544 3379 προξενοῦνται.

327 3443 351 3478 ε
391 3420 557 3477 Εἶπεν
598 3422 852 3495 Ἀϐραὰμ
870 3422 1008 3495 πρὸς
1036 3420 1189 3475 Λώτο
1225 3422 1301 3491 μὴ
1341 3419 1483 3472 ἔστω
1520 3417 1672 3489 μάχη
1702 3416 1842 3471 ἀνα-

248 3518 432 3591 μέσον
461 3515 616 3589 ἐμοῦ,
652 3518 748 3571 καὶ
800 3517 1079 3585 ἁναμέσον
1112 3532 1230 3578 σου,
1277 3512 1375 3566 καὶ
1424 3511 1698 3582 ἁναμέσον
1732 3509 1842 3562 τῶν

245 3610 539 3683 ποιμένων
570 3628 694 3683 μου.
721 3611 815 3663 καί
843 3610 953 3662 τῶν
993 3606 1271 3677 ποιμένων
1301 3622 1417 3671 σου,
1450 3604 1534 3658 ὅτι
1563 3601 1842 3670 ἄνθρωποι

244 3702 484 3772 ἀδελφοὶ⁵
513 3703 680 3775 ἡμεῖς
708 3703 898 3771 ἐσμεν.
932 3697 1047 3755 Οὐκ
1079 3698 1189 3752 ίδοὺ
1233 3699 1385 3751 πᾶσα
1422 3696 1457 3767 ἡ
1487 3697 1557 3766 γῆ
1598 3692 1843 3748 ἐναντίον

247 3795 358 3852 σού
392 3796 580 3861 tactv;
620 3794 1030 3867 Διαχωρίσθητι
1072 3792 1167 3846 ἀπ’
1200 3790 1358 3862 ἐμοῦ.
1403 3790 1466 3843 Ei
1500 3789 1564 3842 σὺ
1596 3789 1676 3851 είς
1718 3787 1843 3858 ἀρι-

247 3887 462 3961 στερὰ,
519 3886 631 3958 ἐγὼ
682 3890 762 3950 εἰς
813 3886 1003 3950 δεξιά’
1061 3885 1111 3937 εί
1161 3880 1227 3937 σὺ
1265 3884 1347 3947 είς
1390 3880 1561 3947 δεξιὰ,
1610 3877 1722 3948 ἐγὼ
1760 3880 1845 3942 εἰς

248 3979 555 4055 ἀριστερά.
584 3980 695 4034 Καὶ
734 3978 950 4049 ἐπάρας
976 3976 1100 4031 Λὼτ
1129 3977 1261 4039 τοὺς
1298 3974 1614 4045 ὀφθαλμοὺς
1652 3970 1839 4037 αὑτοῦ,

248 4073 407 4131 εἶδεν
453 4074 554 4147 τὴν
601 4073 913 4144 περίχωρον
952 4070 1048 4124 τοῦ
1088 4068 1388 4140 Ἰορδάνου,
1445 4067 1530 4120 ὅτι
1576 4066 1726 4119 πᾶσα
1772 4059 1841 4136 ἦν

246 4164 621 4238 ποτιζομένη,
657 4165 765 4235 πρὸ
788 4162 884 4217 τοῦ
920 4161 1297 4233 καταστρέψαι
1334 4159 1427 4213 τὸν
1464 4157 1597 4212 Θεὸν
1633 4157 1842 4228 Σόδομα

246 4259 356 4314 καὶ
386 4256 671 4329 Γόμορρα,
702 4256 778 4318 ὡς
809 4255 1138 4324 παράδεισος
1168 4251 1262 4306 τοῦ
1291 4250 1450 4315 Θεοῦ,
1477 4251 1570 4304 καὶ
1602 4249 1678 4313 ὡς
1705 4250 1738 4320 ή
1767 4248 1840 4319 γῆ

243 4350 570 4419 Αἰγύπτου.
603 4349 716 4403 Καὶ
739 4348 1021 4414 ἐξελέξατο
1054 4346 1235 4417 ἑαυτῷ
1260 4344 1385 4399 Λὼτ
1403 4345 1502 4415 τὴν
1530 4344 1841 4417 περίχωρον

245 4443 354 4505 τοῦ
402 4440 694 4513 Ἰορδάνου,
724 4440 820 4493 καὶ
860 4440 1071 4511 ἀπῆρεν
1110 4437 1233 4493 Λὼτ
1273 4438 1380 4491 ἀπὸ
1418 4437 1714 4504 ἀνατολῶν,
1747 4438 1843 4491 καὶ⁹

245 4532 671 4613 ἐχωρίσθησαν.
713 4549 731 4582 ι

2012 3340 2064 3382 ει
2103 3327 2334 3382 dissidia
2360 3334 2671 3379 nascantur.

2014 3440 2145 3495 Gen.
2181 3456 2305 3505 xm,
2337 3440 2370 3494 8
2412 3456 2557 3509 seqq.
2585 3468 2656 3480 ——
2686 3456 2704 3490 ι
2738 3436 2888 3492 Dixit
2931 3436 3209 3492 Abraham
3248 3432 3315 3487 ad
3361 3431 3464 3487 Lot
3496 3448 3513 3486 :

1942 3529 2019 3586 Ne
2048 3532 2156 3594 sit,
2186 3546 2418 3601 quieso,
2461 3529 2707 3600 jurgium
2749 3529 2900 3583 inter
2935 3543 3021 3584 me
3058 3534 3113 3583 et
3158 3538 3248 3593 te,
3284 3534 3340 3580 et
3369 3526 3519 3580 inter

1942 3636 2193 3695 pastores
2227 3638 2379 3678 meos
2404 3630 2458 3677 et
2494 3632 2747 3692 pastores
2780 3630 2945 3675 tuos:
3003 3618 3204 3674 fratres
3242 3618 3391 3673 enim
3422 3632 3517 3674 su-

1943 3732 2088 3772 mus.
2119 3715 2202 3770 An
2245 3730 2355 3769 non
2400 3730 2530 3770 ecce
2563 3714 2822 3769 universa
2874 3725 3022 3768 terra
3067 3728 3255 3767 coram
3300 3719 3356 3767 te
3390 3709 3529 3767 est?-

1942 3807 2157 3863 Recede
2180 3823 2209 3861 a
2243 3822 2350 3863 me.
2384 3805 2439 3860 Si
2484 3806 2555 3861 ad
2604 3806 2830 3861 sinistra
2861 3805 2990 3860 ieris
3011 3846 3027 3872 ,
3060 3819 3161 3875 ego
3192 3801 3260 3857 ad
3290 3802 3518 3858 dextera

1941 3903 2068 3970 ibo;
2103 3904 2147 3957 si
2197 3909 2256 3956 tu
2302 3901 2368 3955 ad
2418 3899 2645 3955 dextera
2673 3940 2689 3965 ,
2732 3913 2836 3969 ego
2875 3897 2944 3952 ad
2992 3897 3220 3953 sinistra
3268 3908 3517 3967 pergam.

1942 3995 2187 4052 Elevatis
2237 3994 2424 4065 itaque
2456 3992 2557 4048 Lot
2600 3991 2785 4048 oculis
2825 3991 2974 4055 suis,
3010 3989 3147 4045 vidit
3180 4002 3401 4045 omnem
3431 4000 3520 4042 re-

1941 4089 2161 4161 gionem
2210 4087 2494 4151 Jordanis,
2541 4085 2687 4156 quod
2738 4085 3001 4139 universa
3040 4082 3521 4152 irrigaretur,an-

1942 4187 2164 4250 tequam
2212 4178 2579 4235 subvertisset
2632 4175 2900 4230 Dominus
2965 4173 3259 4228 Sodomam
3312 4178 3369 4225 et
3405 4167 3519 4223 Go-

1943 4272 2221 4327 morrham
2246 4309 2261 4335 ,
2297 4271 2447 4325 sicut
2480 4267 2774 4339 paradisus
2804 4265 3058 4325 Domini.
3089 4272 3146 4320 et
3179 4263 3322 4319 sicut
3348 4259 3520 4332 Egy-

1942 4373 2089 4436 ptus.
2116 4364 2403 4435 Elegitque
2430 4362 2534 4417 sibi
2563 4359 2665 4416 Lot
2696 4359 2978 4429 regionem
3010 4356 3158 4412 circa
3187 4352 3510 4417 Iordanem,

1942 4467 1998 4515 et
2028 4458 2259 4513 recessit
2282 4456 2355 4512 ab
2382 4456 2628 4521 oriente,
2660 4463 2715 4510 et
2741 4451 2906 4508 divisi
2941 4456 3070 4505 sunt
3094 4447 3164 4505 ab
3204 4446 3461 4502 invicem.
3495 4462 3519 4495 ι

333 4649 356 4686 ι
395 4628 672 4699 Κρείσσον
700 4625 871 4678 οἰκεῖν
894 4625 987 4678 ἐπὶ
1012 4624 1215 4695 γωνίας
1244 4624 1534 4695 ὑπαίθρου,
1562 4622 1594 4695 ἦ
1626 4626 1683 4677 ἐν
1709 4622 1828 4694 οῖκιι

2022 4628 2181 4684 Prov.
2219 4645 2335 4691 χιι,
2365 4629 2437 4694 9;
2469 4644 2600 4690 xxv,
2626 4626 2719 4681 24.
2746 4655 2818 4667 -
2853 4643 2869 4675 ι
2908 4623 3100 4679 Melius
3143 4630 3229 4678 est
3275 4619 3523 4675 habitare

291 4740 459 4778 οινω.
499 4739 518 4771 ι

291 4741 381 4778 οιν
444 4761 459 4775 .
499 4740 518 4771 ι

248 4742 289 4783 κ
331 4834 355 4867 ι
386 4740 778 4886 (ξισχυροτέρῳ
804 4827 901 4865 σου
928 4810 1023 4866 καὶ
1067 4806 1447 4883 πλουσιωτέρῳ
1476 4826 1570 4864 σου
1612 4808 1688 4882 μὴ
1728 4826 1845 4863 κοι-

246 4905 449 4961 νώνει.
499 4922 519 4955 ι

330 4996 602 5067 Ἐχουσιν
631 4995 688 5049 ai
726 4993 837 5048 τῶν
876 4991 1077 5047 κοινῶν
1116 4992 1429 5064 ἐπιμέλειαι
1471 4990 1643 5058 λαϐὰς
1671 4992 1751 5055 είς
1783 4990 1847 5045 τὸ

251 5086 619 5162 μεμφθῆναι.

244 5201 455 5259 ἹΊΤΛ.
487 5199 616 5254 KE'.
644 5230 713 5240 —
742 5198 883 5267 Περὶ
915 5196 1295 5265 εὐδοκιμίας·
1331 5196 1422 5252 ὅτι
1451 5198 1641 5268 εὐχῆς
1670 5196 1846 5263 ἄξιον

830 5269 894 5323 τὸ
922 5270 1287 5335 κατόρθωμα.
1324 5306 1331 5311 -

333 5381 357 5419 ε
399 5360 534 5416 Ἐπὶ
566 5360 749 5432 μικρῷ
769 5359 865 5414 καὶ
896 5359 1120 5431 μεγάλῳ
1147 5359 1465 5433 εὐδοκιμίαν
1493 5359 1608 5431 έχε.
1642 5377 1659 5410 ι

335 5563 358 5599 ι
392 5542 710 5599 Σπούδασον
752 5544 981 5599 σεαυτὸν
1032 5545 1322 5617 εὐδόκιμον
1370 5546 1727 5619 παραστῆσαι
1766 5543 1844 5617 τῷ

252 5633 409 5710 Θεῷ,
447 5634 693 5709 ἐργάτην
718 5637 1169 5710 ἀνεπαίσχυντον.
1202 5657 1221 5691 ι

588 5814 769 5869 ΤΙΤΔ.
802 5811 946 5883 KG".
973 5844 1039 5854 —
1066 5815 1203 5885 Περὶ
1230 5816 1525 5889 ἐμπόρων.

326 5923 359 5993 ρ
395 5902 574 5972 Μόλις
606 5904 869 5974 ἑξελεϊται
899 5906 1141 5980 ἔμπορος
1168 5908 1275 5965 ἀπὸ
1306 5909 1710 5985 πλημμελείας.
1744 5935 1764 5970 ι

1951 4724 2004 4779 in
2037 4724 2241 4794 angulo
2272 4722 2377 4778 sub
2404 4721 2517 4787 dio,
2558 4735 2721 4790 quam
2758 4720 2812 4773 in
2844 4720 3008 4772 douio
3033 4714 3336 4771 communi.
3374 4732 3394 4764 ι

2024 4815 2190 4869 Eccli.
2217 4832 2341 4878 xm,
2373 4815 2429 4869 2.
2448 4845 2519 4856 --
2542 4832 2560 4865 ι
2584 4811 2826 4881 Fortiori
2862 4819 2917 4867 et
2943 4809 3129 4866 ditiori
3156 4816 3208 4863 te
3234 4821 3301 4861 ue
3332 4802 3522 4857 socius

1952 4906 2147 4963 fueris.
2182 4927 2202 4961 ι

2024 4998 2238 5054 Habent
2256 4995 2633 5053 communium
2658 4994 3009 5066 negotiorum
3037 5006 3186 5048 cura:
3221 4987 3523 5059 reprelien-

1950 5094 2128 5151 sionis
2152 5106 2341 5146 ansas.

1950 5208 2088 5265 TlT.
2119 5206 2285 5261 XXV.
2304 5232 2376 5246 -ο
2396 5203 2475 5258 De
2508 5205 2735 5257 nominis
2761 5200 3042 5273 splendore
3067 5215 3085 5273 ς
3122 5206 3173 5253 ιι
3210 5194 3351 5268 quod
3379 5203 3518 5249 recte

2342 5277 2545 5345 factum
2584 5275 2757 5345 gloria
2785 5271 3002 5342 dignum
3036 5271 3128 5325 sit.

2019 5371 2185 5426 Eccli.
2226 5386 2377 5431 nix,
2400 5370 2489 5425 '50.
2514 5398 2587 5409 -—
2611 5387 2631 5421 ι
2662 5368 2721 5423 ιιι
2749 5382 2919 5437 parva
2953 5376 3010 5423 et
3050 5378 3250 5435 magna
3276 5378 3356 5429 re,
3381 5333 3518 5416 CUFI

1953 5473 2009 5520 ut
2044 5466 2180 5520 bene
2199 5464 2411 5520 audias.
2452 5482 2471 5516 ι

2023 5556 2085 5611 II
2115 5557 2252 5612 Tim.
2290 5572 2351 5620 ιι,
2382 5557 2470 5613 15.
2494 5585 2567 5596 —-
2599 5574 2617 5606 ι
2650 5554 2902 5610 Sollicite
2933 5570 3067 5609 cura
3113 5554 3353 5626 teipsum
3384 5563 3518 5622 pro-

1949 5649 2184 5704 babilem
2239 5650 2500 5705 exhibere
2549 5649 2693 5712 Deo,
2747 5647 3151 5702 mercenarium
3208 5639 3525 5701 iuconl’usi-

1949 5741 2136 5796 bilem.
2173 5758 2191 5792 ι

2229 5828 2364 5887 ΤΙΤ.
2399 5829 2591 5887 XXVI.
2618 5861 2688 5872 —
2718 5829 2792 5886 De
2829 5832 3231 5887 mercatoribus.

2023 5919 2190 5976 Eccli.
2223 5952 2290 5963 ——
2325 5938 2343 5973 ι
2385 5918 2487 5977 Vix
2541 5928 2812 5979 mercator
2852 5922 3119 5995 eripietur
3168 5938 3198 5978 a
3237 5920 3511 5991 delicti».
