3968 6438
471 422 611 486 1563

543 627 674 698 Sap.
721 643 807 694 tu,
869 628 1048 682 M.—
1083 646 1101 680 ι
1145 627 1350 682 Beatus
1401 636 1486 682 est
1535 629 1746 698 spado,
1793 626 1888 698 qui
1935 643 2047 682 non

468 727 732 790 operatus
791 727 878 775 est
941 735 1038 790 per
1085 735 1285 774 manus
1335 735 1466 774 suas
1507 717 1890 790 iniquitatem,
1943 733 2049 774 nec

470 813 735 884 cogitavit
779 814 1052 869 adversus
1103 811 1272 867 Deum
1301 813 1668 882 nequissima.
1701 812 1933 867 Dabitur
1968 810 2050 865 illi

475 903 598 960 ﬁdei
653 906 860 961 donum
899 906 1134 960 electum
1164 945 1179 970 ,
1225 913 1279 960 et
1315 920 1439 960 sors
1493 904 1552 960 in
1597 905 1802 976 templo
1833 905 1932 960 Dei
1960 919 2053 959 ac-

473 997 811 1067 ceptissima.
859 1015 879 1050 ι

548 1083 716 1142 Eccli.
749 1103 840 1149 xx,
876 1086 930 1142 4.
953 1116 1021 1126 -
1044 1103 1063 1137 ι
1091 1085 1559 1158 Concupiscentia
1578 1088 1840 1160 spadonis
1864 1098 1923 1144 ut
1954 1090 2056 1148 dc-

480 1178 720 1246 virginet
742 1179 1123 1250 juvenculam.
1160 1198 1180 1232 ι

551 1269 747 1326 Matth.
790 1287 908 1336 χιι,
941 1271 1030 1326 12.
1068 1303 1134 1313 -
1160 1289 1178 1323 ι
1211 1269 1353 1326 Sunt
1383 1271 1622 1328 eunuchi
1648 1272 1741 1344 qui
1764 1273 1832 1328 de
1869 1284 2059 1330 ventre

1594 419 1658 480 S.
1697 419 2019 480 JOANNIS
2056 418 2452 480 DAMASCEN
2457 420 2487 479 Ι

811 532 949 590 ΤΙΤ.
982 531 1201 588 XXVII.
1221 563 1290 574 -—
1316 531 1397 589 De
1424 535 1701 590 eunuchis.
2077 543 2118 604 Α

3591 415 3764 486 ιὸὅι

2440 533 2628 589 ΤΙΤΛ.
2666 535 2792 587 KZ'.
2825 561 2894 575 --
2940 529 3083 601 Περὶ
3117 531 3448 601 εὐνούχων.

2228 645 2249 679 ‹
2282 626 2574 699 Μακάριος
2601 626 2631 678 ὁ
2660 623 2939 694 εὐνοῦχος,
2963 623 2991 676 ὁ
3018 622 3092 694 μὴ
3111 623 3492 695 ἐργασάμενος
3531 624 3592 678 ἓν
3616 642 3774 696 χερ-

2155 719 2239 772 σὶν
2294 717 2581 790 ἀνόμημα,
2633 716 2768 787 μηδὲ
2799 714 3127 786 ἐνθυμηθεὶς
3188 716 3332 769 κατὰ
3389 715 3487 769 τοῦ
3531 716 3772 789 Κυρίου

2154 810 2389 882 πονηρά.
2413 809 2717 880 Δοθήσεται
2740 806 2889 877 αὐτῷ
2908 808 3009 876 τῆς
3041 808 3278 871 πίστεως
3299 807 3462 880 χάρις
3487 809 3771 879 inlex-:1",

2155 901 2256 957 καὶ
2293 903 2496 974 κλῆρος
2527 903 2585 955 ὲν
2625 899 2738 972 ναῷ
2766 900 2970 974 Κυρίου
3005 898 3436 971 θυμηδέστερος.
3472 919 3495 952 ι

2235 1097 2256 1132 ι
2300 1078 2604 1151 Ἐπιθυμία
2625 1077 2880 1148 εὐνούχου
2911 1075 3378 1146 αποπαρθενῶσαι
3408 1074 3628 1128 νεᾶνιν.
3661 1093 3682 1126 ι

2237 1273 2258 1308 ι
2293 1254 2449 1310 Είσὶν
2487 1254 2756 1328 εὐνοῦχοι,
2786 1232 2986 1320 οἵτινες
3024 1272 3089 1308 εκ
3134 1254 3349 1319 κοιλίας
3399 1254 3628 1326 μητρὸς
3659 1254 3764 1308 αὐ-

481 1362 676 1416 matris
723 1378 836 1416 sua:
878 1362 959 1417 sic
1016 1362 1134 1417 nati
1179 1370 1341 1429 sunt;
1383 1371 1439 1418 et
1494 1372 1626 1419 sunt
1683 1366 1925 1420 eunuchi
1962 1369 2057 1438 qui

2208 1348 2270 1402 ὒν
2299 1347 2668 1421 ἐγεννήθησαν
2706 1348 2912 1413 οὕτως·
2943 1349 3040 1402 καὶ
3081 1349 3220 1402 εἰσὶν
3252 1346 3536 1418 εὐνοῦχοι,
3565 1347 3765 1413 οἵτινες

481 1451 610 1506 facti
643 1463 775 1506 sunt
809 1453 877 1508 ab
910 1453 1271 1521 hominibus;
1310 1461 1364 1509 et
1393 1465 1522 1510 sunt
1548 1455 1791 1510 eunuchi
1846 1456 1941 1528 qui
1972 1472 2060 1513 se-

482 1544 634 1612 ipsos
669 1553 1064 1601 castraverunt
1098 1555 1325 1616 propter
1356 1561 1592 1616 regnum
1626 1546 1949 1603 caelorum.»

552 1712 712 1784 522
738 1713 798 1771 S.
834 1714 1011 1771 Basit.
1046 1718 1205 1788 epist.
1243 1717 1313 1771 ad
1357 1718 1605 1788 Simplic.
1644 1718 1828 1774 liceret.
1857 1748 1929 1759 —
1956 1717 2066 1773 Eu-

483 1807 794 1861 nuchorum
833 1824 1005 1879 genus
1031 1809 1236 1865 infame
1259 1819 1427 1882 atque
1458 1810 1920 1866 exitiosissimum
1949 1819 2052 1866 est.

2163 1440 2592 1512 εὐνουχίσθησαν
2621 1440 2726 1494 ὑπὸ
2754 1440 2864 1494 τῶν
2893 1439 3230 1512 ἀνθρώπων
3263 1440 3360 1494 καὶ
3389 1441 3546 1493 εἰσιν
3578 1441 3760 1505 εὐνοῦ-

2165 1551 2271 1604 χοι,
2321 1532 2521 1596 οἵτινες
2571 1531 2894 1604 εὐνούχισαν
2938 1533 3170 1596 ἑαυτοὺς
3206 1530 3295 1585 διὰ
3323 1531 3429 1602 τὴν
3477 1530 3762 1602 βασιλείαν

2163 1627 2274 1678 τῶν
2303 1622 2574 1696 οὐρανῶν.
2609 1642 2628 1675 ι

2240 1721 2471 1790 Ἀτιμον
2499 1718 2562 1772 τὸ
2591 1718 2702 1772 τῶν
2748 1715 3021 1788 εὐνούχων
3053 1715 3209 1786 γένος
3241 1716 3336 1770 καὶ
3371 1714 3764 1788 πανώλεθρον.

2168 1811 2340 1865 Τοῦτο
2365 1809 2431 1881 δὴ
2456 1809 2617 1863 τοῦτο
2647 1809 2841 1880 ἄθηλυ,
2874 1808 3156 1880 ἄνανδρον,
3188 1807 3639 1878 γυναικομανὲς,
3673 1806 3768 1859 καὶ

484 1898 622 1960 Hoc,
679 1899 934 1969 inquam,
992 1902 1174 1970 ipsum
1214 1917 1320 1958 nec
1351 1902 1662 1968 muliebre,
1704 1917 1810 1958 nec
1855 1901 2020 1959 virile
2048 1943 2063 1970 ,

2208 1902 2450 1976 πίζηλον,
2481 1902 2840 1974 ἀμετάδοτον,
2869 1901 3154 1972 πάνδοχον,
3183 1899 3577 1971 ἀπροσκορὲς,
3606 1898 3764 1951 x119-

484 1992 776 2047 mulierum
863 1993 1063 2049 insano
1146 2010 1336 2051 amore
1408 1995 1644 2062 ardens,
1711 1996 2062 2066 zelotypum,

487 2082 790 2150 illiberale,
838 2087 979 2140 nihil
1039 2103 1150 2142 non
1199 2089 1523 2158 accipiens,
1580 2089 1941 2158 inexplebile,
1993 2088 2068 2142 ob

485 2187 698 2227 cenam
742 2177 970 2245 plorans
994 2215 1009 2241 ,
1063 2177 1426 2242 iracundum,
1459 2179 1578 2232 auri
1615 2180 1835 2234 avidum
1867 2218 1882 2242 ,
1917 2179 2066 2234 foede

487 2269 883 2322 mercenarium
905 2313 919 2335 ,
980 2269 1185 2325 saevum
1209 2313 1224 2336 ,
1281 2270 1691 2338 effeminatum,
1755 2272 1934 2326 ventri
1967 2271 2063 2326 de—

485 2355 664 2408 ditum
699 2373 714 2410 :
753 2358 885 2426 quid
942 2358 1165 2414 tandem
1217 2360 1446 2414 dicant?
1489 2359 1559 2414 ab
1589 2361 1710 2429 ipso
1744 2367 1870 2414 ortu
1907 2359 2064 2413 dam-

488 2453 676 2501 natunt
745 2450 909 2505 ferro.
959 2451 1236 2516 Quidnam
1292 2461 1478 2506 atttem
1535 2453 1731 2506 horum
1792 2452 2062 2523 integrum

2175 1998 2465 2061 σίδειπνον,
2494 1995 2786 2066 ὀξύθυμον,
2823 1993 3187 2065 χρυσομανὲς,
3219 1991 3611 2062 κακὸμισθον,
3639 1991 3762 2059 ἁπτέ-

2172 2088 2283 2153 νὲς,
2330 2087 2690 2160 θηλυδρῶδες,
2725 2086 3114 2158 γαστρίδουλον
3136 2102 3149 2115 ·
3199 2087 3295 2139 καὶ
3326 2085 3380 2138 τί
3437 2083 3558 2154 γὰρ
3591 2082 3753 2145 eius;

2177 2179 2273 2232 σὺν
2297 2179 2434 2250 αὐτῇ
2493 2180 2558 2250 τῇ
2592 2179 2869 2247 γεννήσει,
2919 2175 3435 2247 σιδηροκατάδικον.
3484 2171 3630 2236 Πῶς
3668 2172 3766 2240 γαρ

2173 2271 2307 2342 ὀρθὴ
2355 2270 2548 2342 γνώμη
2597 2269 2823 2329 τούτων.
2857 2261 2932 2321 ὧν
2967 2269 3016 2320 οἱ
3052 2266 3211 2329 πόδες
3259 2264 3576 2336 στρεϐλοίς
3631 2259 3772 2317 οὗτοι

2176 2365 2272 2433 μὲν
2297 2360 2390 2417 οὖν
2424 2361 2788 2434 σωφρονοῦσιν
2840 2360 3048 2430 ἄμισθα
3093 2359 3184 2412 διὰ
3227 2359 3502 2430 σιδήρουο
3551 2357 3770 2426 μένουσι

2175 2453 2230 2504 δὲ
2263 2453 2508 2523 ἄκαρποι
2540 2453 2608 2506 δι’
2637 2452 2845 2506 οἰκείαν
2878 2452 3234 2521 αἰσχρότητα.

487 2538 754 2609 judicium
802 2543 905 2608 sit,
977 2559 1214 2614 quorum
1291 2544 1459 2614 pedes
1525 2559 1746 2614 quoque
1823 2545 2060 2614 perversi
2097 2545 2267 2598 sunt?
2329 2545 2392 2598 lli
2459 2533 2723 2600 nimirum
2792 2554 2845 2599 et
2915 2543 3049 2598 ferri
3115 2555 3284 2612 opera
3349 2535 3574 2596 frustra
3637 2539 3764 2595 casti

487 2645 652 2700 sunt,
681 2649 744 2688 ac
781 2644 1008 2705 propter
1049 2637 1456 2692 obscenitatem
1511 2653 1664 2690 suam
1720 2636 1938 2690 fructus
1973 2647 2225 2704 expertes
2256 2645 2502 2691 manent.

560 2728 620 2782 S.
650 2727 788 2781 Nili.
815 2762 885 2771 —
918 2731 1000 2784 Ab
1062 2746 1237 2786 uxore
1294 2740 1386 2786 tua
1435 2732 1744 2801 spadonum
1776 2734 2066 2802 strepitum

490 2835 729 2874 remove.
763 2822 1026 2886 Quamvis
1055 2823 1200 2876 enim
1243 2823 1419 2892 spado
1449 2823 1701 2892 geminos
1736 2822 1876 2875 infra
1903 2832 2069 2875 testes

490 2926 744 2970 exsectos
775 2918 980 2979 habere
1007 2916 1282 2977 videatur.
1324 2928 1379 2971 at
1402 2933 1570 2987 supra
1607 2927 1790 2970 tamen
1822 2919 2069 2986 geminos

493 3008 549 3063 in
574 3008 731 3062 facie
760 3011 954 3064 oculos
981 3009 1147 3064 habet
1186 3010 1482 3065 libidinose
1517 3011 1816 3072 intuentes,
1852 3019 1906 3063 et
1928 3009 2066 3062 mala

495 3117 682 3156 secum
715 3104 1035 3157 testimonia
1079 3103 1382 3157 trahentes.

495 3213 636 3269 ΤΙΤ.
677 3213 916 3267 XXVIII.
946 3245 1014 3253 —
1051 3215 1123 3268 De
1163 3215 1590 3278 laudationibus,
1639 3226 1690 3266 et
1731 3215 1840 3268 illis
1891 3217 1980 3283 qui
2021 3218 2074 3268 in

569 3287 646 3338 eis
685 3286 1006 3353 voluptatem
1060 3288 1314 3353 capiunt;
1347 3297 1395 3339 et
1438 3288 1575 3351 quod
1615 3295 1739 3339 ante
1781 3288 2076 3355 periculum

568 3356 773 3424 factum
803 3356 1062 3409 neminem
1088 3357 1310 3411 laudare
1345 3368 1603 3427 oporteat.

571 3469 732 3526 Prov.
786 3486 958 3536 xxvu,
1005 3470 1200 3526 21.--
1253 3489 1273 3525 ι
1328 3472 1628 3527 Prohatum
1681 3482 1970 3545 argentum
2027 3486 2080 3530 et

502 3579 698 3618 aurum
738 3564 864 3634 igne
889 3563 1188 3634 probabis;
1227 3567 1390 3621 homo
1425 3583 1557 3621 vero
1583 3567 1852 3638 probatur
1883 3581 1980 3635 per
2011 3582 2073 3620 os

503 3657 852 3711 laudantium
888 3672 1038 3711 eum.
1081 3676 1104 3707 ι

579 3769 599 3802 ι
643 3749 908 3804 Εικιιᾱειιι
948 3749 1178 3806 laudare
1213 3762 1268 3807 ct
1309 3752 1624 3822 vituperare
1655 3769 1763 3807 non
1792 3766 1875 3809 est
1904 3754 2081 3808 homi-

504 3842 594 3898 nis
625 3841 800 3912 probi.
843 3860 861 3893 ι

577 3934 750 3989 Eccli.
806 3950 977 3999 xxvn,
1007 3934 1063 3987 7.
1094 3966 1161 3976 --
1195 3953 1214 3985 ‹
1261 3935 1408 3990 Ante
1461 3934 2088 3991 considerationem'ne

505 4026 700 4084 laudes
737 4027 939 4081 virum.
984 4025 1112 4082 llaec
1147 4028 1293 4081 enim
1335 4037 1420 4083 est
1462 4029 1693 4084 tentatio
1729 4027 1991 4084 hominis.
2028 4047 2047 4080 ι

576 4117 709 4173 Luc.
770 4136 847 4180 vi,
879 4117 970 4173 26.
1005 4147 1076 4159 —
1102 4137 1121 4169 ι
1163 4115 1255 4172 Va:
1289 4118 1481 4181 vobis,
1527 4134 1655 4173 cum
1707 4119 2091 4174 benedixerint

2259 2735 2592 2803 Ἀπόστησον
2642 2732 2748 2786 ἀπὸ
2783 2731 2881 2798 τῆς
2929 2730 3160 2801 συμϐίου
3213 2747 3307 2782 σου
3344 2730 3446 2784 τὸν
3498 2731 3762 2800 εὐνούχων

2179 2825 2484 2895 σμάραγον.
2517 2825 2634 2878 Κᾶν
2666 2825 2772 2894 γὰρ
2815 2824 2999 2892 δοκοίη
3033 2823 3142 2876 τῶν
3178 2823 3333 2876 κάτω
3374 2823 3639 2895 διδύμων
3682 2827 3767 2875 ὲκ-

2175 2917 2503 2986 τετμῆσῢαι,
2547 2916 2660 2969 ἀλλ’
2689 2916 2803 2969 ἄνω
2824 2915 2937 2984 ἔχει
2971 2917 3027 2966 ἐν
3055 2914 3130 2985 τῷ
3161 2914 3451 2986 προσώπῳ
3483 2918 3618 2977 τοὺς
3640 2914 3770 2969 69.5-5-

2180 3026 2310 3078 μους
2346 3008 2662 3078 ὀφθαλμοὺς
2690 3007 2955 3078 ἐμπαθῶς
3013 3007 3335 3076 βλέποντας,
3376 3009 3480 3061 καὶ
3513 3009 3765 3078 ἐπισυρῶ

2179 3119 2340 3170 μενον
2369 3102 2470 3172 ἤδη
2505 3102 2749 3173 πονηρὰς
2786 3102 3113 3173 μαρτυρίας.

2176 3218 2355 3271 ἸΊΤΛ.
2393 3218 2526 3270 Kli'.
2559 3247 2628 3256 ——
2658 3217 2794 3284 Περὶ
2827 3216 3132 3282 ἐγκωμίων
3160 3214 3259 3267 καί
3285 3213 3414 3268 τῶν
3441 3216 3753 3284 χαιρόντων

2246 3289 2314 3340 ἑν
2351 3288 2556 3354 αὐτοῖς
2575 3302 2588 3315 °
2623 3283 2847 3342 xairdu
2869 3289 2942 3341 οὐ
2979 3286 3074 3340 δεῖ
3101 3285 3216 3353 πρὸ
3241 3288 3473 3355 πείρας
3502 3283 3760 3339 ἐπαινεῖν

2252 3376 2401 3412 τινα.

2255 3492 2272 3523 ι
2309 3472 2540 3543 Δόκιμον
2570 3471 2836 3544 ἀργύριον
2874 3471 2968 3524 καὶ
3004 3470 3226 3541 χρυσίον
3258 3469 3586 3540 πυρώσεις·
3637 3469 3770 3539 ωὴρ

2180 3565 2236 3616 δὲ
2290 3565 2642 3635 δοκιμάζεται
2685 3565 2774 3618 διὰ
2821 3564 3090 3633 στόματος
3145 3560 3629 3631 ἐγκωμιαζόντων
3682 3561 3776 3616 m5-

2181 3675 2294 3710 τον.
2336 3678 2354 3710 ι

2260 3769 2278 3801 ‹
2311 3749 2416 3803 Τὸν
2446 3749 2610 3804 αὐτὸν
2645 3751 2892 3806 ἐπαινεῖν
2923 3751 3018 3805 καὶ
3046 3749 3237 3820 ψέγειν
3267 3747 3375 3798 οὐκ
3408 3743 3614 3816 ἀνδρὸς
3652 3746 3771 3812 ἀγα-

2187 3841 2301 3895 Θοῦ.
2335 3861 2355 3893 ι

2264 3956 2282 3986 ι
2315 3934 2430 4001 Πρὸ
2472 3934 2734 4005 λογισμοῦ
2777 3938 2850 4005 μὴ
2898 3935 3197 4004 ἐπαινέσῃς
3226 3932 3421 4004 ἄνδρα.
3456 3929 3641 3997 Οὗτος
3673 3930 3774 4000 γᾶρ

2189 4028 2499 4101 πειρασμὸς
2523 4026 2835 4098 ἀνθρώπου.
2867 4046 2884 4077 ι

2267 4143 2283 4174 ι
2322 4122 2458 4175 Οὐαὶ
2485 4121 2615 4190 ὐμῐν
2649 4120 2776 4173 ὅταν
2817 4119 2997 4182 καλῶς
3028 4120 3256 4172 εἴπωσιν
3287 4120 3439 4189 ὑμᾶς
3489 4118 3700 4179 πάντες
3729 4115 3771 4166 οἱ

507 4211 667 4266 vobis
730 4211 1006 4268 homines.
1069 4207 1386 4265 Secundum
1438 4209 1555 4265 haec
1605 4211 1752 4266 enim
1815 4209 2075 4266 faciebant

2208 4216 2487 4286 ἱνορωποι.
2525 4214 2684 4266 Κατὰ
2711 4212 2884 4265 ταῦτα
2923 4214 3032 4282 γὰρ
3081 4213 3298 4264 ἐποίουν
3326 4213 3445 4274 τοῖς
3478 4209 3773 4280 ψευδοπρο-

508 4302 1009 4372 pseudoprophetis
1050 4308 1237 4369 patres
1265 4314 1479 4354 eorum.
1522 4319 1541 4351 ι

2193 4310 2392 4380 φήταις
2419 4307 2468 4358 οἱ
2499 4305 2734 4374 πατέρες
2764 4303 2968 4357 αὐτῶν.
2999 4322 3021 4352 ι

584 4391 838 4462 SJgnat.
871 4394 1025 4461 epist.
1055 4393 1123 4444 ad
1155 4389 1323 4445 Trall.
1356 4391 1806 4460 iuterpol.—Etsi
1839 4395 1894 4448 in
1934 4397 2075 4451 rebu:

2277 4419 2295 4450 ‹
2325 4397 2443 4452 Κᾶν
2467 4395 2779 4468 ἐρρωμένος
2811 4389 2855 4448 ὧ
2886 4395 3032 4449 κατὰ
3058 4394 3150 4447 τὸν
3185 4392 3344 4459 Θεὸν,
3379 4392 3579 4446 πλεῖόν
3609 4411 3678 4462 με
3706 4392 3776 4444 δεῖ

511 4501 634 4554 qua:
661 4485 728 4538 ad
759 4484 930 4539 Deum
963 4491 1249 4553 spectant,
1296 4484 1564 4540 robustus
1609 4483 1789 4551 fuero,
1827 4497 1940 4542 tum
1969 4504 2075 4542 am-

2208 4489 2474 4560 ροϐεἶσθαι
2531 4489 2628 4541 καὶ
2687 4485 2981 4559 προσέχειν
3019 4488 3132 4548 τοῖς
3177 4485 3304 4556 εἰκῆ
3367 4483 3636 4568 φυσῶσίν

513 4577 660 4647 plius
697 4576 924 4631 timeam
971 4584 1224 4645 oportet,
1276 4585 1438 4646 atque
1489 4578 1560 4632 ab
1606 4578 1688 4633 eis
1730 4594 1951 4636 caveam
1994 4581 2089 4650 qui

514 4684 603 4723 me
628 4667 906 4724 incassum
934 4667 1150 4723 inﬂant.
1195 4667 1261 4722 l-li
1295 4668 1442 4724 enim
1477 4684 1564 4724 me
1605 4668 1884 4726 laudando
1917 4670 2092 4726 casti-

519 4769 670 4830 gant.
1913 4772 1921 4780 ‘

588 4851 667 4909 Nc
689 4853 758 4908 ad
789 4869 883 4910 eas
909 4853 1099 4916 laudes
1136 4871 1262 4928 quae
1301 4855 1595 4912 veritatem
1649 4855 1967 4922 excedunt,
2007 4856 2094 4910 iu-

520 4954 919 5002 tumescamus.

527 5051 529 5053 ‘
593 5037 654 5093 S.
689 5037 861 5092 Basil.
890 5068 962 5079 —
993 5037 1183 5103 Multi,
1224 5038 1356 5094 dum
1385 5037 1535 5108 vulgi
1578 5036 1776 5092 laudes
1819 5052 1884 5091 ac
1935 5037 2098 5106 plau-

525 5145 648 5185 sum
705 5140 1079 5202 aucupantur,
1131 5146 1193 5186 re
1235 5130 1464 5201 quidem
1502 5131 1620 5199 ipsa
1666 5129 1995 5197 iniustitiam
2043 5137 2100 5183 et

526 5221 817 5278 avaritiam
854 5231 1120 5296 tanquam
1172 5224 1364 5278 utilem
1405 5220 1742 5290 praeferunt;
1779 5221 1964 5292 specie
1997 5237 2100 5275 au-

528 5325 639 5371 tem
662 5323 720 5369 et
760 5329 1015 5373 sermone
1043 5315 1363 5386 aequitatem
1395 5323 1451 5368 et
1479 5311 1757 5382 justitiam
1795 5313 2000 5368 mirum
2043 5313 2101 5368 in

529 5404 754 5459 modum
789 5406 1160 5462 admirantur.

601 5494 706 5550 llic
755 5512 889 5567 opes
943 5515 1076 5555 suas
1123 5500 1178 5554 in
1217 5515 1313 5555 eos
1358 5500 1450 5570 qui
1499 5516 1623 5555 cum
1683 5500 1817 5556 feris
1857 5509 2106 5570 pugnant

533 5585 858 5653 eﬂ’undens,
905 5599 1078 5660 atque
1133 5591 1396 5646 inanibus
1449 5592 1595 5663 vulgi
1625 5594 1972 5647 sermonibus
2003 5607 2103 5646 ex-

537 5680 756 5737 sultans
777 5719 794 5744 ,
833 5681 1092 5739 laudibus
1122 5684 1445 5739 intumescit
1467 5726 1481 5746 .
1509 5684 1910 5753 inagniﬂceque
1943 5683 2013 5738 de
2047 5699 2107 5738 se

539 5773 741 5840 sentit,
806 5773 1036 5842 gloriam
1097 5776 1352 5831 videlicet
1407 5778 1618 5832 habens
1673 5777 1729 5829 in
1777 5776 2105 5831 confusione

542 5879 681 5920 sua.
741 5866 946 5938 quippe
1007 5868 1100 5937 qui
1139 5868 1471 5934 clarissimis
1520 5869 1830 5938 quibusque
1887 5868 2106 5924 civibus

541 5953 598 6020 in
627 5955 833 6014 tabulis
862 5956 1075 6028 pictum
1114 5969 1403 6030 peccatum
1443 5968 1688 6016 ostentet
1715 5973 1896 6014 suum.

2203 4579 2582 4645 Ἐπαινοῦντες
2613 4579 2723 4651 γάρ
2753 4596 2821 4650 με
2861 4576 3246 4650 μαστιγοῦσιν.
3285 4594 3305 4627 ι

2266 4847 2358 4918 Μὴ
2403 4847 2541 4918 πρὸς
2590 4845 2847 4909 ἐπαίνους
2892 4842 3266 4916 χαυνωθῶμεν
3312 4842 3444 4904 τοὺς
3481 4842 3634 4912 ὑπὲρ
3686 4840 3786 4910 τὴν

2196 4939 2484 5009 ἀλήθειαν.

2270 5033 2465 5086 Πολλοὶ
2490 5034 2580 5086 τὸν
2608 5031 2758 5102 παρὰ
2796 5029 2907 5084 τῶν
2940 5027 3153 5082 πολλῶν
3182 5026 3408 5080 ἔπαινον
3440 5023 3776 5094 θηρώμενοι,

2201 5127 2349 5197 ἔργῳ
2395 5125 2494 5195 μὲν
2523 5126 2626 5191 τὴν
2668 5121 2882 5176 ἀδικίαν
2915 5120 3011 5175 καὶ
3040 5117 3356 5182 πλεονεξίαν
3378 5115 3459 5178 ὡς
3501 5114 3777 5185 ὠφέλιμον

2203 5217 2530 5291 προτιμῶσι,
2563 5217 2802 5287 σχήματι
2842 5215 2898 5268 δὲ
2941 5213 3037 5267 καὶ
3082 5212 3248 5281 λόγῳ,
3283 5209 3385 5280 τὴν
3421 5209 3657 5280 ἰσότητα
3696 5210 3780 5262 καὶ

2202 5312 2301 5384 τὴν
2329 5310 2681 5378 δικαιοσύνην
2712 5304 3255 5379 ὐπερθαυμάζουσιν.

2287 5495 2347 5548 Ὀ
2371 5493 2520 5548 δεῖνα
2541 5492 2635 5546 τὸν
2663 5489 2893 5544 πλοῦτον
2933 5489 3047 5552 τοῖς
3098 5483 3463 5555 θηριομάχοις
3512 5500 3782 5552 προσανα-

2205 5585 2430 5646 λίσκων,
2475 5583 2571 5638 καὶ
2615 5585 2738 5645 ταῖς
2771 5579 3028 5650 ματαίαις
3071 5575 3182 5628 τῶν
3211 5575 3402 5645 δήμων
3450 5576 3668 5643 (panni;
3706 5577 3783 5627 ἑπ-

2209 5675 2598 5743 αγαλλόμενος,
2622 5674 2857 5741 φυσᾶται
2878 5672 2988 5732 τοῖς
3007 5667 3271 5729 ἐπαίνοις,
3291 5665 3388 5717 καὶ
3404 5663 3555 5734 μέγα
3581 5667 3776 5736 φρονεῖ.

2211 5769 2309 5837 τὴν
2336 5765 2494 5832 δόξαν
2536 5764 2676 5834 ἔχων
2728 5764 2786 5815 ὲν
2824 5764 2888 5832 τῇ
2933 5757 3164 5830 αἰσχύνῃ
3209 5753 3418 5809 αὐτοῦ’
3475 5756 3539 5819 ὃς
3589 5772 3657 5824 γε
3701 5755 3784 5809 καὶ

2215 5860 2494 5929 ἔγγραφον
2550 5859 2662 5918 τοῖς
2710 5852 3034 5924 περιφανέσι
3067 5852 3166 5921 τῆς
3195 5847 3409 5912 πόλεως
3439 5848 3545 5920 τὴν
3598 5844 3784 5904 ἑαυτοῦ

2219 5950 2494 6022 ἁμαρτίαν
2523 5948 2617 6002 ἐπὶ
2637 5946 2744 6002 τῶν
2777 5937 3020 6000 πινάκων
3049 5939 3305 5996 δεικνύει.
3542 5939 3548 5941 “
