4052 6436
226 453 362 528 i665

1473 468 1706 527 SACRA
1736 466 2191 525 PARALLELA.

3314 439 3473 521 ‘1'566‘

222 556 406 637 ΤΪΤΛ.
445 581 571 636 ΚΘ’.
589 615 657 624 —
678 582 812 653 Περὶ
839 583 1200 651 ἐκδικήσεως
1224 565 1377 639 ⁸Θεοῦ
1406 583 1531 649 τοῖς
1557 583 1787 637 ἀδικου-

1896 580 2041 653 ΤΙΤ.
2081 578 2273 653 XXIX.
2308 609 2380 653 —_
2407 571 2756 653 Decindicta
2802 586 2906 653 quq
2948 570 3090 653 Deus
3137 587 3223 625 eos
3260 572 3458 653 quibus

283 652 488 739 perat;
513 652 836 739 γενρμέγης
855 672 868 685 ο
908 654 997 709 ὅτι
1033 656 1152 725 χρὴ
1182 653 1262 720 τῷ
1280 655 1419 739 ΧΘεῷ
1447 655 1787 721 ἐπιτρέπειν

288 724 361 777 τὰ
397 722 509 791 τῆς
523 722 919 791 ἐκδικήσεως.

291 852 313 885 ι
346 834 482 898 Θεὸς
507 834 843 906 ὲκδικήσεων
866 835 1090 907 Κύριος,
1121 836 1253 900 Θεὸς
1275 837 1607 908 ὲκδικήσεων
1628 838 1788 907 ὲπαῤ-

220 924 545 997 ρησιάσατο.
586 944 605 976 ι

292 1034 311 1067 ‹
342 1016 522 1070 Ποιῶν
556 1015 924 1087 ἐλεημοσύνας
955 1019 984 1072 ό
1028 1018 1265 1091 Κύριος,
1302 1019 1398 1073 καὶ
1444 1021 1618 1090 κρῖμα
1654 1021 1785 1072 πᾶσι

215 1109 331 1172 τοῖς
365 1108 554 1163 ἁδικου
564 1111 766 1181 μένοις.
808 1129 826 1162 ι

292 1219 311 1252 ι
344 1200 562 1269 Ἐγνων
590 1202 674 1256 ὅτι
703 1204 918 1267 ποιήσει
943 1203 1149 1276 Κύριος
1176 1203 1275 1275 τὴν
1296 1204 1479 1277 κρίσιν
1510 1203 1619 1257 τῶν
1646 1221 1785 1257 πτω-

213 1289 344 1360 χῶν,
382 1291 479 1344 καὶ
512 1291 610 1364 τὴν
634 1292 811 1364 δίκην.
845 1311 863 1345 ι

288 1400 307 1432 ι
335 1383 432 1453 Μὴ
465 1382 647 1455 εἴπῃς,
677 1384 909 1453 Τίσομαι
937 1384 1029 1438 τὸν
1076 1386 1293 1459 ἐχθρὸν,
1336 1385 1452 1440 ἀλλ’
1490 1385 1784 1455 ὑπόμεινον

209 1472 301 1527 τὸν
333 1474 563 1545 Κύριον,
594 1476 681 1529 ἵνα
704 1493 765 1529 σε
796 1476 1060 1551 βοηθήσῃ.
1094 1496 1114 1528 ι

284 1586 303 1619 ι
344 1568 560 1639 Σκόλοψ
613 1570 839 1641 πικρίας
879 1570 974 1623 καὶ
1032 1569 1250 1624 ἄκανθα
1299 1571 1492 1642 ὀδύνης
1523 1569 1632 1623 ἀπὸ
1674 1568 1784 1620 τῶν

208 1655 533 1728 περικύκλῳ
561 1658 761 1712 αὐτῶν.
794 1659 905 1712 Καὶ
943 1660 1155 1712 ποιήσω
1196 1660 1370 1729 κοῖμα
1400 1660 1459 1713 ὲν
1496 1658 1632 1711 πᾶσι
1674 1659 1783 1718 τοῖς

210 1749 571 1819 ἀτιμάζουσιν
601 1749 819 1814 αὐτούς.
861 1768 879 1801 ι

1963 651 2165 720 injuria
2212 652 2271 718 ﬁt
2324 646 2636 708 ulciscitur;
2677 652 2727 696 et
2769 644 2906 703 quod
2945 644 3014 696 ad
3056 658 3171 696 eum
3214 642 3347 697 ultio
3378 659 3459 695 τεο

1959 722 2212 775 mittenda
2239 721 2329 774 sit.

1953 833 2104 888 Psal.
2156 848 2309 891 xcm.
2363 832 2415 884 1.
2466 847 2582 880 -ι
2642 828 2787 884 Deus
2827 826 3097 882 ultionum
3153 821 3457 885 Dominus,

1890 926 2036 980 Deus
2073 927 2345 979 ultionum
2386 924 2559 977 libere
2589 922 2720 992 egit.
2761 940 2779 973 ι

1955 1018 2105 1072 Psal.
2139 1032 2232 1077 cu,
2266 1015 2418 1069 6.-‹
2454 1012 2688 1068 Faciens
2723 1006 3137 1065 misericordias
3168 1003 3458 1064 Dominus,

1882 1119 1939 1163 et
1970 1107 2238 1177 judicium
2277 1105 2534 1158 omnibus
2563 1101 2819 1170 injuriam
2850 1096 3217 1169 patientibus.
3264 1111 3281 1144 ι

1958 1198 2106 1253 Ρεαι.
2162 1213 2389 1262 cxxxrx,
2422 1196 2509 1250 15.
2539 1224 2608 1234 --
2645 1212 2665 1245 ι
2704 1192 2949 1261 Cognovi
2994 1189 3125 1259 quia
3156 1187 3323 1241 faciet
3347 1183 3459 1237 Do-

1884 1292 2070 1346 minus
2094 1291 2368 1359 judicium
2404 1290 2625 1359 inopum
2653 1279 2673 1349 ζ
2709 1295 2765 1342 et
2793 1285 3118 1339 vindictam.
3144 1299 3164 1332 ι
3256 1338 3262 1344 ι

1958 1384 2120 1438 Prov.
2175 1399 2266 1447 xx,
2316 1381 2409 1436 22.
2438 1411 2509 1419 —
2540 1398 2558 1430 ι
2598 1377 2676 1432 Ne
2723 1378 2928 1431 dicas:
2983 1369 3297 1442 Rependam
3348 1368 3462 1422 ini-

1781 1527 1792 1539 ,
1891 1474 2071 1539 mico;
2108 1473 2200 1526 sed
2238 1478 2498 1541 etspecta
2533 1467 2846 1528 Dominum,
2882 1472 2941 1518 ut
2974 1474 3026 1517 te
3059 1462 3297 1530 adjuvet.
3330 1476 3352 1510 ι

1952 1564 2110 1635 523
2142 1562 2335 1617 Ezeclt.
2367 1577 2562 1624 xxvm,
2592 1559 2684 1615 24.
2709 1587 2779 1597 ——
2809 1554 3079 1610 Stimulus
3140 1549 3463 1605 amaritudi—

1887 1657 1994 1723 nis,
2029 1665 2085 1711 et
2133 1658 2291 1725 spina
2331 1654 2542 1709 doloris
2572 1668 2669 1722 per
2701 1649 2997 1705 circuitum
3026 1661 3248 1702 eorum.
3284 1642 3350 1697 Et
3376 1641 3463 1695 fa-

1884 1750 2023 1802 ciam
2062 1748 2333 1817 judicium
2370 1745 2628 1800 omnibus
2657 1742 2751 1814 qui
2794 1740 3021 1797 fecerint
3070 1738 3150 1792 eis
3178 1744 3465 1790 contume-

1890 1840 2041 1893 liam.
2074 1858 2094 1891 ι

283 1946 301 1978 ι
335 1926 548 1998 Κριτής
574 1943 660 1990 τις
685 1922 753 1998 ἦν
781 1926 840 1979 ἕν
860 1944 967 1980 τινι
992 1924 1146 1980 πόλει
1179 1927 1270 1980 τὸν
1300 1927 1435 1979 Θεὸν
1479 1925 1553 1996 μὴ
1585 1924 1778 1994 φοϐού-

1951 1931 2082 1984 Luc.
2118 1930 2330 1993 xvnr,2
2372 1946 2513 1999 seqq.
2542 1960 2617 1970 —
2668 1947 2687 1980 ι
2716 1926 2892 1982 Judex
2943 1923 3165 1991 quidam
3218 1926 3341 1976 erat
3395 1917 3452 1972 in

207 2038 394 2091 μενος,
422 2021 516 2074 καὶ
540 2021 828 2091 ἄνθρωπον
877 2022 951 2093 μὴ
1002 2022 1417 2092 ἐντρεπόμενος.
1450 2021 1610 2090 Χήρα
1630 2020 1686 2073 δὲ
1712 2015 1780 2089 ἦν

205 2114 264 2165 ὲν
297 2115 363 2183 τῇ
394 2114 547 2167 πόλει
566 2113 769 2184 ἐκείνῃ,
792 2115 886 2166 καὶ
914 2114 1113 2184 1ήρχετο
1138 2114 1275 2184 πρὸς
1322 2114 1483 2166 αὑτὸν
1511 2112 1746 2179 λέγουσα
1765 2129 1779 2143 ο

219 2204 539 2275 Ἐκδίκησόν
561 2221 627 2273 με
657 2204 765 2257 ἀπὸ
792 2204 884 2255 τοῦ
907 2204 1177 2257 ἀντιδίκου
1205 2220 1328 2274 μου.
1345 2204 1452 2256 Καὶ
1477 2204 1577 2255 οὐκ
1596 2202 1783 2272 ήθελεν

205 2295 301 2348 ἐπὶ
320 2295 535 2365 χρόνου.
568 2293 721 2347 Μετὰ
743 2294 799 2346 δὲ
830 2292 1005 2346 ταῦτα
1037 2289 1195 2345 εἶπεν
1242 2295 1299 2344 ὲν
1327 2291 1507 2362 ἐαυτῷ
1526 2308 1539 2324 ο
1592 2293 1655 2344 El
1692 2292 1784 2344 καὶ

207 2386 299 2438 τὸν
326 2384 463 2437 Θεὸν
497 2384 559 2437 οὐ
603 2382 901 2453 φοϐοῦμαι,
934 2383 1029 2435 καὶ
1050 2381 1338 2452 ἄνθρωπον
1378 2382 1479 2434 οὐκ
1521 2380 1779 2452 ἐντρέπο-

210 2491 333 2542 μαι,
362 2472 451 2526 διά
479 2488 543 2540 γε
588 2472 649 2524 τὸ
679 2470 945 2541 παρέχειν
989 2486 1078 2539 μοι
1110 2468 1276 2521 κόπον
1306 2467 1403 2537 τὴν
1442 2467 1618 2536 χήραν
1655 2464 1785 2518 ταύ-

206 2580 328 2635 την,
368 2564 638 2633 ἐκδικήσω
682 2562 850 2633 αὐτὴν
876 2603 889 2624 ,
947 2563 1032 2614 ἵνα
1080 2560 1154 2631 μὴ
1210 2562 1291 2623 εἰς
1337 2560 1489 2621 τέλος
1515 2558 1781 2629 ἐρχομένη

208 2655 492 2727 ύποπιάζῃ
548 2672 635 2725 με.
685 2650 854 2708 Εἶπεν
879 2655 985 2708 δὲό
1025 2655 1269 2725 Κύριος⁸
1340 2652 1632 2706 Ἀκούσατε
1680 2655 1784 2707 τίό

207 2745 403 2817 κριτὴς
421 2745 520 2815 τῆς
543 2744 756 2806 ἀδικίας
792 2744 963 2812 λέγει.
1014 2745 1070 2796 '0
1122 2744 1179 2796 δὲ
1216 2743 1351 2807 Θεὸς
1378 2743 1437 2796 οὐ
1477 2742 1550 2813 μὴ
1586 2746 1782 2815 ποιήσῃ

206 2836 307 2905 τὴν
336 2833 617 2903 ἐκδίκησιν
662 2834 770 2886 τῶν
816 2834 1086 2887 ἐκλεκτῶν
1135 2833 1334 2899 αὐτοῦ,
1382 2834 1491 2888 τῶν
1539 2834 1784 2904 βοώντων

207 2926 349 2995 πρὸς
379 2926 541 2978 αὑτὸν
564 2926 760 2989 νυκτὸς
790 2926 885 2979 καὶ
913 2926 1149 2997 ἡμέρας,
1188 2928 1283 2980 καὶ
1308 2928 1676 2999 μακροθυμῶν
1697 2930 1782 2983 ἐπ’

207 3022 423 3088 αὑτοῖςς
451 3023 611 3090 Λέγω
638 3021 789 3092 ὑμῖν,
819 3022 899 3074 ὅτι
923 3022 1140 3093 ποιήσει
1163 3022 1261 3093 τὴν
1293 3024 1570 3094 ἐκδίκησιν
1592 3025 1784 3079 αὐτῶν

206 3112 267 3163 ὲν
288 3112 464 3181 τάχει.
500 3130 519 3163 ι

284 3222 303 3253 ι
336 3201 427 3273 Μὴ
463 3204 689 3266 ἑαυτοὺς
715 3202 1075 3267 ἐκδικοῦντες,
1104 3204 1239 3257 ἀλλά
1264 3204 1383 3257 δότε
1410 3206 1573 3258 τόπον
1594 3210 1661 3275 τῇ
1691 3208 1782 3278 op-

205 3295 301 3364 γῇ.
337 3269 653 3365 Γέγραπται
681 3295 826 3365 γάρ*
863 3295 1018 3365 Ἐμοὶ
1049 3295 1358 3366 ἐκδίκησις,
1400 3295 1510 3366 ἐγὼ
1547 3269 1783 3353 ἀνταποο
1810 3269 1853 3326 c

206 3384 386 3448 δώσω,
417 3384 567 3453 λέγει
590 3384 815 3452 Κύριος.
857 3404 875 3436 ι

276 3560 506 3623 Πάντως
534 3561 561 3613 ὁ
591 3560 972 3630 ἀδικούμενος.
1002 3559 1404 3630 καταφλέγεται
1439 3563 1537 3633 μὲν
1560 3564 1664 3617 ὑπὸ
1692 3563 1785 3617 λύο

208 3670 340 3720 πης,
382 3652 693 3721 ἀμύνασθαι
727 3652 783 3705 δὲ
811 3653 911 3705 ούκ
933 3653 1094 3724 ἔχων,
1121 3653 1153 3722 ἢ
1185 3654 1273 3706 διὰ
1296 3653 1405 3707 τῶν
1448 3655 1575 3707 ἴσων
1610 3656 1786 3709 ἐλθεῖν

208 3741 323 3794 ἐσθ’
357 3741 466 3807 ὅτε,
500 3742 587 3795 διὰ
612 3742 672 3795 τὸ
693 3742 962 3812 ἡττᾶσθαι
985 3744 1085 3813 τῆς
1121 3744 1215 3796 τοῦ
1244 3743 1557 3808 ἁδικοῦντος
1578 3747 1781 3816 χειρὸς,

206 3832 308 3900 τῆς
360 3830 567 3885 ἄνωθεν
605 3833 1001 3904 μισοπονηρίας
1055 3833 1117 3886 τὸ
1160 3832 1388 3903 κέντρον
1437 3835 1593 3888 καλεῖ
1647 3838 1785 3908 πρὸς

207 3923 552 3994 ἐπικουρίαν.

275 4104 421 4167 Δεῖν,
455 4096 631 4172 οἶμαι,
662 4102 787 4166 τοὺς
813 4104 1011 4175 χωρίον
1036 4104 1181 4176 ἱερὸν
1202 4106 1535 4177 νεμομένους
1570 4108 1786 4179 ἐπιτρέ-

210 4211 334 4247 πειν
364 4195 542 4248 πάντα
569 4194 646 4265 τῷ
677 4194 794 4265 Θεῷ
814 4197 1079 4261 δικάζειν,
1107 4199 1204 4251 καὶ
1230 4204 1590 4271 καταφρονεῖν
1617 4201 1782 4268 τῆσδε

209 4287 393 4356 χειρὸς
437 4285 800 4357 ἀνθρωπίνης,
856 4288 985 4343 ὅταν
1034 4290 1191 4343 αὐτοὶ
1226 4291 1320 4343 τὸν
1378 4290 1490 4344 ἄνω
1522 4292 1782 4365 δικαστὴν

211 4394 279 4430 πε
286 4376 645 4449 ρισκοπῶσιν.

210 4511 392 4565 ΤΙΤΛ.
446 4510 524 4564 Λ’.
546 4540 615 4584 τ-
647 4510 785 4576 Περῑ
822 4512 1241 4584 ενῠθυνομένωκ
1297 4516 1395 4567 καὶ
1448 4517 1622 4584 δίκας
1658 4524 1781 4573 εἰσ-

280 4581 731 4677 πραττρὲἐνξῖ·
769 4583 867 4635 καὶ
893 4583 973 4647 ὠς
997 4582 1271 4651 οὐδαμῶς
1300 4585 1487 4652 ἄλλος
1507 4581 1641 4642 ἀντὶ
1669 4591 1776 4644 ἀλ-
1808 4622 1857 4677 θ

276 4655 393 4705 λου
421 4651 875 4719 εὐθυνθήσεται.

284 4781 303 4813 ι
343 4764 460 4816 Ούκ
483 4762 883 4818 ἀποθανοῦνται
930 4763 1167 4836 πατέρες
1200 4765 1341 4838 ὑπὲρ
1376 4766 1613 4835 τέκνων,
1652 4771 1776 4825 οὔτε

212 4854 317 4907 υἱοὶ
337 4854 481 4924 ὑπὲρ
502 4855 754 4925 πατέρων
773 4871 788 4885 ·
813 4854 1045 4920 ἕκαστος
1069 4859 1135 4927 τῇ
1159 4857 1353 4912 ἑαυτοῦ
1375 4859 1620 4933 ἁμαρτίᾳ
1639 4866 1778 4918 ἀπο-

214 4945 475 5002 θανεῖται.
520 4964 539 4997 ›

281 5056 300 5090 ι
345 5037 601 5108 Ἀδελφὸς
622 5037 683 5092 οὐ
706 5036 1022 5110 λυτροῦται,
1044 5041 1381 5114 λυτρώσεται
1403 5043 1500 5099 ἄνθ
1510 5062 1689 5117 ρωπος
1711 5066 1726 5114 ;
1754 5068 1772 5100 ι

287 5240 305 5272 ι
353 5223 446 5275 Ἐν
464 5223 583 5286 ταῖς
612 5220 847 5293 ἡμέραις
867 5222 1106 5287 ἐκείναις
1130 5225 1192 5278 οὐ
1226 5224 1299 5296 μὴ
1342 5227 1538 5280 εἴπωσι
1557 5242 1571 5257 ο
1604 5224 1783 5281 Πατέ-

218 5330 304 5382 ρες
352 5314 560 5385 ἔφαγον
613 5315 891 5386 δμφακας,
922 5318 1018 5370 καὶ
1069 5319 1119 5371 οἱ
1164 5319 1376 5383 ὀδόντες
1420 5320 1530 5372 τῶν
1574 5321 1782 5373 τέκνων

216 5407 565 5475 ᾐμωδίασαν·
623 5408 739 5462 ἀλλ’
784 5409 1015 5473 ἕκαστος
1072 5411 1133 5463 ὲν
1188 5414 1257 5481 τῇ
1304 5410 1495 5465 ἑαυτοῦ
1535 5412 1783 5485 ἁμαρτίᾳ

218 5495 593 5566 ἀποθανεῖται,
637 5500 731 5553 καὶ
781 5501 875 5554 τοῦ
926 5501 1194 5571 φαγόντος
1248 5502 1676 5571 αἱμωδιάσουσιν
1733 5507 1781 5556 οἱ

218 5583 445 5649 ὀδόντες.
484 5607 502 5640 ι

288 5695 307 5728 ι
336 5683 395 5732 Οἱ
431 5681 664 5751 πατέρες
691 5680 890 5750 ἔφαγον
925 5683 1203 5752 δμφακας,
1234 5686 1326 5738 καὶ
1355 5688 1402 5738 οἱ
1430 5686 1644 5751 ὀδόντες
1671 5690 1781 5743 τῶν

221 5768 421 5824 τέκνοιν
448 5774 783 5845 ᾑμωδίασαν.
826 5774 910 5828 Ζῶ
938 5776 1068 5840 ἐγὼ,
1098 5777 1249 5843 λέγει
1292 5777 1528 5849 Κύριος.
1568 5782 1601 5849 ή
1636 5781 1780 5852 ψυχὴ

224 5859 257 5926 ἡ
287 5860 692 5936 ἁμαρτάνουσα,
724 5866 861 5936 αύτὴ
885 5867 976 5920 καὶ
1002 5866 1374 5921 ἀποθανεῖται.
1411 5868 1468 5921 '0
1489 5867 1543 5921 δὲ
1574 5869 1781 5941 ἄνθρως

1884 2021 2121 2089 quadam
2159 2020 2408 2079 civitate,
2443 2020 2539 2088 qui
2586 2017 2755 2073 Deum
2791 2032 2899 2072 non
2928 2015 3172 2078 timebat,
3198 2020 3253 2067 et
3284 2009 3459 2064 homi-

1884 2129 2008 2167 nem
2043 2128 2151 2167 non
2183 2112 2557 2166 reverebatur.
2590 2109 2767 2163 Vidua
2802 2116 2988 2162 autem
3023 2113 3142 2160 erat
3173 2104 3232 2157 in
3262 2100 3463 2157 civita-

1885 2214 1941 2259 te
1974 2205 2089 2266 illa,
2123 2211 2175 2257 et
2234 2202 2494 2258 veniebat
2522 2201 2591 2255 ad
2621 2216 2776 2265 eum,
2836 2199 3026 2254 dicens
3058 2213 3077 2250 :
3100 2194 3337 2249 Vindica
3371 2208 3458 2248 me

1883 2293 1951 2347 de
1974 2292 2298 2347 adversario
2330 2306 2472 2346 meo.
2508 2290 2571 2344 Et
2594 2291 2811 2346 nolebat
2836 2304 2933 2361 per
2951 2289 3183 2342 multum
3215 2298 3460 2354 tempus.

1883 2384 2131 2438 Posthzec
2180 2392 2362 2437 autem
2400 2383 2543 2437 dixit
2572 2383 2714 2436 intra
2759 2397 2818 2437 se
2854 2398 2867 2433 :
2899 2381 3016 2436 Etsi
3047 2378 3216 2434 Deum
3242 2391 3355 2431 non
3382 2374 3457 2428 ti-

1884 2489 2027 2537 meo,
2079 2488 2178 2527 nec
2246 2473 2523 2526 hominem
2590 2487 2863 2538 revereor,
2916 2481 3103 2525 tamen
3139 2472 3270 2539 quia
3322 2466 3458 2522 mibi

1884 2567 2108 2620 molesta
2139 2573 2223 2619 est
2265 2565 2378 2619 haec
2420 2565 2605 2629 vidua,
2642 2563 2934 2619 vindicabo
2968 2563 3138 2622 illam.
3166 2576 3237 2615 ne
3260 2560 3316 2614 in
3348 2573 3455 2613 no-

1884 2657 2109 2711 vissimo
2131 2657 2357 2710 veniens
2385 2655 2638 2725 suggillet
2679 2670 2784 2709 me.
2810 2655 2904 2707 Ait
2930 2663 3112 2707 autem
3151 2649 3419 2704 Dominus
3439 2665 3462 2702 ι

1883 2748 2082 2802 Audite
2142 2747 2272 2816 quid
2314 2747 2483 2816 jndex
2534 2746 2842 2813 iniquitatis
2873 2746 3041 2799 dicat.
3088 2742 3236 2799 Deus
3274 2749 3456 2796 autem

1885 2854 1997 2892 non
2060 2838 2225 2893 faciet
2257 2837 2558 2891 vindictam
2604 2838 2906 2892 electorum
2937 2849 3159 2890 suorum
3216 2833 3458 2901 claman-

1884 2932 2018 2983 tium
2061 2930 2129 2984 ad
2163 2946 2222 2985 se
2273 2929 2363 2983 die
2392 2945 2455 2984 ac
2488 2937 2674 2993 nocte,
2714 2937 2767 2984 et
2794 2927 3114 3000 patientiam
3154 2924 3372 2979 habebit
3402 2923 3463 2976 in

1884 3023 2039 3078 illis?
2090 3024 2222 3077 uico
2272 3023 2452 3087 vobis,
2485 3023 2617 3093 quia
2659 3022 2772 3077 cito
2822 3022 3121 3077 vindictam
3152 3018 3317 3072 faciet
3339 3017 3459 3071 illo-

1884 3130 2028 3169 rum.
2060 3133 2078 3166 ι

1953 3205 2106 3261 Rom.
2143 3222 2237 3270 χιι,
2289 3206 2378 3261 19.
2413 3235 2483 3244 -
2515 3223 2535 3257 ι
2562 3204 2681 3259 Non
2734 3203 3109 3272 vosmetipsos
3149 3198 3456 3256 defenden-

1886 3306 1989 3361 tes,
2039 3299 2373 3363 charissimi,
2408 3298 2504 3353 sed
2533 3297 2660 3351 date
2703 3298 2882 3351 locum
2914 3296 3028 3349 irae.
3068 3294 3343 3362 Scriptum
3371 3300 3459 3347 est

1885 3392 2030 3445 enim
2067 3406 2081 3442 :
2116 3390 2250 3444 Mihi
2307 3390 2571 3453 vindicta,
2606 3397 2662 3444 et
2687 3404 2789 3460 ego
2817 3389 3143 3456 retribuam,
3175 3386 3311 3441 dicit
3350 3383 3461 3440 Do-

1884 3479 2092 3532 minus.
2123 3498 2142 3531 ι

1960 3569 2017 3624 8.
2048 3570 2243 3640 Cyrill.
2284 3569 2379 3625 llle
2436 3570 2664 3624 omnino
2702 3569 2796 3638 qui
2845 3567 3049 3638 injuria
3082 3566 3337 3631 aﬂicitur,
3366 3565 3455 3619 in-

1884 3662 2139 3716 cenditur
2196 3663 2418 3733 quidem
2454 3676 2565 3732 pra;
2626 3675 2905 3725 maerore;
2941 3675 3066 3713 cum
3101 3666 3283 3712 autem
3313 3656 3456 3726 inju-

1884 3754 2022 3808 riam
2062 3766 2343 3825 acceptam
2396 3753 2670 3809 interdum
2703 3752 2896 3808 ulcisci
2947 3759 3203 3822 nequeat,
3230 3765 3333 3805 nec
3356 3765 3461 3820 par

1884 3849 2003 3918 pari
2058 3847 2297 3912 referre,
2327 3839 2472 3917 quod
2523 3847 2780 3901 videlicet
2830 3846 2880 3901 ei
2908 3861 2936 3899 a
2990 3859 3101 3914 quo
3134 3844 3299 3899 laesus
3344 3850 3452 3908 est,

1882 3941 2095 3995 viribus
2152 3940 2309 3995 cedat
2340 3956 2355 3993 :
2390 3954 2640 4008 supernae
2708 3940 2858 3994 illius
2898 3937 3155 4005 iustitiae,
3189 3951 3311 4006 quae
3339 3934 3467 3990 odit

1884 4031 2313 4097 improbitatem,
2347 4032 2598 4084 aculeum
2633 4031 2685 4083 in
2727 4030 2993 4083 auxilium
3023 4029 3279 4083 accersit.

1925 4121 2168 4190 .Josep/t.
2222 4121 2582 4191 —0portere
2644 4122 2902 4176 existimo
2959 4136 3054 4175 eos
3087 4120 3179 4188 qui
3232 4120 3287 4173 in
3332 4118 3463 4173 loco

1884 4221 2077 4268 sancto
2130 4212 2405 4276 habitant,
2465 4214 2709 4267 omnium
2757 4212 3027 4281 judicium
3057 4211 3167 4267 Deo
3198 4209 3455 4266 commit-

1882 4310 2019 4367 tere,
2050 4310 2214 4372 atque
2250 4302 2546 4355 humanam
2601 4317 2825 4355 manum
2862 4301 3163 4370 aspernari,
3194 4314 3321 4354 cum
3349 4298 3455 4368 ipsi

1881 4394 2097 4448 interim
2136 4409 2433 4463 supernum
2461 4391 2703 4460 judicent
2734 4393 3216 4461 circumspiciunt.

1883 4529 2019 4586 ΤΙΤ.
2042 4530 2210 4583 XXX.
2241 4561 2311 4572 —-
2342 4531 2416 4584 De
2466 4531 2530 4583 iis
2555 4531 2645 4599 qui
2697 4530 3014 4588 multantur.
3054 4538 3101 4583 et
3127 4544 3307 4595 poenas
3334 4542 3454 4596 per—

1986 4603 2193 4654 solvunt
2218 4618 2236 4662 ;
2263 4613 2308 4654 et
2336 4601 2474 4670 quod
2503 4618 2651 4653 nemo
2681 4616 2774 4667 pro
2800 4601 2906 4653 alio
2937 4600 3241 4667 plectendas
3267 4599 3360 4652 sit.

1952 4778 2105 4833 Deut.
2152 4794 2299 4837 χειν.
2342 4778 2429 4834 16.
2455 4809 2524 4818 —
2569 4798 2586 4828 ι
2622 4777 2737 4830 Non
2801 4777 3108 4830 morientur
3138 4785 3322 4844 patres
3352 4788 3456 4843 pro

1882 4868 2029 4931 ﬁliis,
2063 4884 2161 4923 nec
2212 4869 2306 4921 lilii
2341 4885 2438 4938 pro
2486 4870 2836 4937 parentibus;
2863 4869 2954 4921 sed
2994 4868 3369 4937 unusquisque
3396 4866 3448 4918 in

1885 4971 2112 5030 l)CC(':Il0
2152 4976 2253 5015 suo
2284 4961 2571 5016 morietur.
2621 4980 2638 5012 ι

1957 5052 2107 5106 Ριαι.
2144 5067 2339 5115 XLVIII,
2375 5052 2425 5106 7.
2454 5083 2521 5092 —
2556 5072 2573 5103 ι
2610 5051 2832 5107 Fratres
2872 5051 3115 5115 redimit,
3152 5065 3263 5105 non
3303 5050 3450 5104 redi-

1884 5154 1992 5199 met
2023 5144 2219 5198 ltomo?
2248 5163 2265 5195 ι
2302 5153 2407 5198 etc.

1952 5235 2150 5289 Jerem.
2193 5252 2342 5296 xxxr,
2375 5233 2467 5289 29.
2503 5264 2574 5274 --
2600 5251 2618 5283 ι
2657 5232 2714 5286 l'n
2750 5233 2943 5287 diebus
2978 5231 3082 5286 illis
3127 5247 3235 5286 non
3262 5231 3451 5285 dicent

1884 5330 2025 5383 ultra
2065 5348 2078 5384 :
2110 5328 2298 5384 Patres
2324 5327 2680 5383 comederunt
2735 5342 2892 5378 uvam
2925 5326 3199 5388 acerbam,
3226 5333 3280 5378 et
3314 5325 3446 5378 den-

1883 5431 1966 5475 tes
2006 5420 2240 5473 ﬁliorum
2291 5419 2698 5489 obstupuerunt
2735 5434 2748 5470 :
2784 5416 2879 5471 sed
2947 5416 3328 5485 unusquisque
3392 5420 3446 5471 In

1884 5510 2173 5577 iniquitate
2203 5522 2303 5562 sua
2329 5509 2613 5564 morietur.
2650 5508 2845 5561 Omnis
2874 5507 3039 5561 homo
3066 5507 3157 5577 qui
3189 5506 3447 5563 comede-

1885 5601 1956 5654 rit
1997 5613 2154 5653 uvam
2218 5601 2495 5661 acerbam,
2538 5602 2729 5655 dentes
2763 5600 2936 5667 ipsius
2965 5598 3382 5669 obstupescent.
3421 5618 3440 5649 ι

1954 5690 2144 5745 Ezeclt.
2172 5707 2322 5753 xvnt,
2345 5691 2401 5757 2,
2428 5690 2518 5745 20.
2542 5722 2609 5733 —-
2637 5708 2656 5741 ι
2682 5690 2870 5745 Patres
2909 5691 3270 5745 comederunt
3286 5704 3443 5744 uvam

1882 5783 2153 5845 acerbam,
2216 5792 2270 5835 et
2294 5779 2484 5834 dentes
2556 5781 2789 5834 tiliormn
2848 5782 3276 5850 obswpuerunt.
3311 5777 3451 5832 Vivo

1881 5889 2002 5941 ego,
2062 5872 2197 5928 dicit
2243 5869 2504 5927 Dominus
2536 5886 2550 5923 :
2587 5871 2770 5926 anima
2796 5886 2917 5937 quae
2946 5869 3277 5935 peccaverit.
3318 5868 3440 5940 ipsa
