4052 6428
214 434 366 506 λῧῧυ

1418 424 1427 431 ’
1511 436 1749 496 suam
1792 431 2251 494 PABALELLA.

3329 426 3469 500 1570

212 539 539 611 καιοσύνης.
589 542 653 595 Οἱ
684 542 740 597 δὲ
771 544 948 614 ὀρθῶς
976 542 1267 615 ζητοῦντες
1307 544 1474 601 αὐτὸν
1493 585 1511 610 ,
1534 542 1783 617 εὑρήσου‹

1901 542 2034 595 tiam
2065 557 2191 595 cum
2215 540 2455 613 justitia.
2503 540 2608 606 Qui
2647 546 2830 596 autem
2858 548 3112 609 quaerunt
3141 555 3291 607 eum,
3317 542 3471 597 inve.

209 648 303 686 σιν
327 635 573 706 είρήνην.
609 653 628 685 ι

289 740 313 779 t
360 726 449 790 Ὠς
474 726 554 780 ἔτι
582 726 797 798 καιρὸς,
828 726 1163 802 ὲκξητήσατε
1199 729 1292 785 τὸν
1320 729 1546 803 Κύριον.
1591 749 1609 780 ι

282 921 307 956 ι
348 904 538 958 Ι’Ἰεζλεον
568 907 662 959 καὶ
700 909 874 978 κρῖμα
933 908 1232 974 φυλάσσου.
1267 913 1363 966 καὶ
1409 911 1598 981 ἐγγιζε
1653 912 1791 982 πρὸς

200 991 299 1049 τὸν
324 993 461 1048 Θεόν
488 1013 584 1049 σου
605 996 695 1051 διὰ
716 998 934 1062 παντός.
980 1019 999 1053 ι
1100 1030 1103 1037 λ

283 1103 304 1139 ι
349 1085 648 1141 Ἀκούσατέ
676 1106 802 1158 μου,
832 1092 929 1144 καὶ
955 1092 1196 1161 φάγεσθε
1223 1092 1425 1163 ἀγαθὰ,
1452 1096 1548 1150 καὶ
1580 1098 1791 1168 τρυφή-

202 1192 293 1232 σει
332 1180 398 1232 ἑν
421 1180 696 1249 ἀγαθοτςή
721 1182 867 1255 ψυχὴ
901 1184 1076 1255 ὑμῶν.
1115 1206 1135 1239 ι
1724 1248 1727 1253 ί

282 1289 301 1324 ι
338 1275 806 1349 Αἰσχυνθήσονται
843 1280 1045 1343 πάντες
1080 1282 1128 1334 οἱ
1170 1281 1522 1354 ἀφορίζοντες
1558 1285 1793 1351 ἑαυτοὺς

197 1366 314 1420 ἀπὸ
345 1368 582 1440 Κυρίου.
633 1389 652 1422 ι

278 1476 300 1511 ι
352 1459 727 1532 Ἕκζητήσατέ
759 1480 827 1534 με
847 1463 905 1517 ὲν
934 1464 1032 1539 ὅλῃ
1063 1468 1263 1540 καρδίᾳ
1289 1470 1464 1539 ὑμῶν,
1519 1473 1616 1525 καὶ
1667 1472 1790 1527 ἑπι-

198 1551 489 1623 φανοῦμαι
519 1555 669 1624 ὑμῖν.
709 1576 729 1609 ι

276 1665 296 1698 ι
332 1647 468 1711 Τοῖς
499 1647 824 1719 ἐκζητοῦσιν
858 1653 1022 1709 αὐτὸν
1057 1654 1461 1730 μισθαποδότης
1486 1657 1516 1710 ό
1541 1658 1673 1724 Θεὸς
1703 1660 1790 1730 γί-

196 1755 361 1795 νεται
373 1778 385 1795 ι
736 1780 737 1783 η

276 1848 297 1882 ι
352 1830 647 1901 Ἔγγίσατε
666 1834 747 1906 τῷ
776 1834 917 1907 Θεῷ,
942 1836 1035 1891 καὶ
1066 1839 1248 1907 ὲγγιεῖ
1275 1840 1425 1912 ὑμῖν.
1466 1859 1486 1894 ι

279 2005 599 2079 ’Δμήχανον
627 2011 973 2083 ἐκτραπῆναι
1000 2012 1100 2084 τῆς
1126 2012 1344 2079 δικαίας
1385 2012 1533 2081 ὀδοῦ,
1569 2015 1646 2087 μή
1686 2016 1787 2089 λή-

192 2096 302 2170 θην
331 2098 473 2154 Θεοῦ
499 2104 620 2166 ταῖς
644 2103 847 2175 ψυχαῖς
867 2108 1225 2177 νοσήσαντας.

276 2368 447 2423 Ὅσον
473 2369 740 2440 ἀφίστατο
762 2370 862 2443 τῆς
891 2370 1038 2441 ζωῆς
1058 2372 1087 2425 ό
1114 2369 1306 2441 Ἀδὰμ,
1337 2370 1593 2426 τοσοῦτον
1619 2390 1790 2445 προσ-

202 2464 432 2535 ήγγιζεν
460 2461 538 2534 τῷ
585 2462 822 2534 θανάτῳ.
859 2461 982 2534 Ζωὴ
1027 2461 1136 2533 γὰρ
1166 2464 1195 2516 ό
1236 2462 1405 2526 Θεόςθ
1444 2464 1702 2535 στέρησις
1730 2466 1789 2520 δὲ

199 2554 355 2624 ζωῆς
375 2556 402 2608 ό
432 2554 682 2618 θάνατος.
712 2554 872 2607 ’Ὠστε
910 2553 1001 2607 τὸν
1029 2554 1260 2607 θάνατον
1292 2554 1320 2606 ό
1362 2554 1536 2626 Ἀδὰμ
1571 2555 1661 2609 διὰ
1687 2556 1788 2627 τῆς

200 2649 609 2720 ἀναχωρήσεως
636 2648 731 2701 τοῦ
767 2646 903 2701 Θεοῦ
950 2646 1381 2715 κατεσκεύασεν,
1425 2648 1566 2702 κατὰ
1608 2648 1671 2703 τὸ
1695 2666 1790 2718 γε·

195 2743 552 2815 γραμμένον,
583 2742 665 2794 ὅτι
707 2739 851 2796 Ἰδοὺ
882 2743 937 2795 ol
950 2740 1370 2814 μακρύνοκτες
1394 2739 1649 2809 ἑαυτοὺς
1666 2741 1788 2797 ἀπὸ

202 2834 344 2896 ποῦ,
373 2831 766 2887 ἀπολοῦνται.
1092 2900 1098 2907 ἢ

285 2925 528 2996 Ἀνάγκη
558 2926 657 2994 τὴν
708 2922 1092 2996 ἐρημωθεῖσαν
1131 2922 1309 2995 ψυχὴν
1333 2924 1436 2995 τῆς
1460 2923 1788 2988 οίκειώσεως

205 3019 297 3072 τοῦ
338 3017 496 3087 Θεοῦ,
525 3018 843 3090 οἰκητήριον
873 3016 1129 3087 γενέσθαι
1167 3017 1498 3087 πνευμάτων
1536 3017 1784 3088 ἀκαθάρ·

206 3130 310 3165 τιον
316 3151 331 3166 ο

268 3207 314 3258 Τ
319 3205 441 3270 άξις
472 3204 671 3275 ἀρίστη
694 3201 897 3266 παντὸς
917 3199 1226 3274 ἀρχομένου
1245 3239 1262 3267 ,
1308 3200 1404 3263 καὶ
1443 3199 1630 3269 λόγου,
1688 3202 1785 3256 καὶ

1896 634 2057 688 nient
2093 647 2303 702 paceni.
2344 651 2365 685 ι

1968 723 2099 780 Osee
2125 741 2179 790 ι,
2215 725 2302 780 12.
2327 755 2396 767 --
2417 743 2437 779 ι
2462 723 2600 781 Dum
2639 724 2820 781 adhuc
2851 732 3068 796 tempus
3096 733 3202 790 est,
3237 726 3468 796 quaerito

1898 813 2207 872 Dominum.
2252 835 2272 868 ι

1966 906 2100 963 Osee
2160 926 2256 973 xu,
2329 908 2481 965 6.—a
2539 927 2560 962 ι
2598 908 3033 966 Miscricordiam
3096 918 3151 964 et
3191 908 3464 979 judicium

1893 1002 2133 1068 custodi,
2158 1011 2214 1057 et
2239 1004 2623 1073 appropinqua
2653 1002 2721 1058 ad
2765 1002 2938 1058 Deum
2980 1013 3131 1057 tuum
3163 1017 3405 1072 semper.
3442 1022 3460 1052 ι

1964 1090 2079 1147 lsa.
2115 1108 2203 1157 ιν,
2236 1094 2290 1148 2.
2322 1124 2393 1136 ——-
2421 1113 2440 1147 ι
2473 1092 2675 1148 Audite
2696 1109 2803 1152 me.
2833 1103 2888 1148 et
2915 1092 3183 1148 comedite
3209 1091 3375 1158 bona,
3413 1101 3466 1147 et

1891 1182 2259 1240 delectabitur
2286 1186 2335 1243 in
2367 1186 2526 1242 bonis
2556 1186 2741 1241 anima
2769 1193 2977 1240 vestra.
3019 1203 3038 1236 ι

1966 1275 2083 1332 Isa.
2123 1292 2248 1341 xm,
2283 1278 2376 1333 25.
2400 1310 2471 1321 --
2494 1295 2514 1330 ι
2542 1277 2971 1333 Conl‘undantur
3012 1291 3207 1332 omnes
3248 1275 3342 1346 qui
3373 1290 3467 1331 se-

1890 1377 2086 1435 parant
2116 1369 2326 1439 seipsos
2356 1385 2385 1424 a
2420 1368 2672 1425 Domino.
2704 1388 2723 1421 ι

1957 1457 2156 1514 Jerent.
2189 1477 2284 1527 ιιι,
2339 1461 2516 1516 15.-
2548 1478 2567 1512 ι
2604 1460 2843 1527 Quaerite
2874 1474 2979 1520 .me
3030 1461 3083 1513 in
3137 1467 3255 1513 toto
3301 1457 3466 1514 corde

1889 1560 2098 1619 vestro,
2135 1561 2191 1608 et
2230 1553 2506 1623 apparebo
2532 1552 2710 1608 vobis.
2748 1571 2768 1605 ι

1962 1642 2129 1699 Hebr.
2156 1660 2236 1707 xi,
2255 1644 2310 1700 6.
2334 1674 2408 1685 —
2430 1664 2449 1697 ι
2486 1643 2901 1716 lnquirentibus
2948 1640 3120 1697 Deum
3152 1641 3271 1711 ipse
3293 1655 3469 1696 remu-

1888 1745 2113 1792 nerator
2137 1745 2245 1793 εει.

1957 1826 2081 1883 Jac.
2104 1844 2178 1890 iv,
2205 1828 2259 1885 8.
2278 1859 2346 1870 -—
2372 1845 2392 1880 ι
2412 1826 2862 1899 Appropinquate
2880 1823 3011 1890 Deo,
3032 1832 3088 1880 et
3118 1824 3237 1895 ipse
3267 1835 3466 1893 appro-

1821 1896 1863 2006 ά
1890 1921 2176 1992 pinquabit
2206 1924 2379 1978 vobis.
2420 1941 2439 1975 ι

1962 2010 2022 2068 S.
2056 2011 2230 2068 Basil.
2260 2011 2406 2066 hom.
2429 2030 2448 2064 ι
2485 2011 2642 2078 Quod
2664 2010 2803 2065 Deus
2819 2026 2924 2065 non
2948 2009 3021 2064 sit
3048 2019 3237 2065 auctor
3266 2010 3416 2066 mali.
3442 2028 3463 2062 ι

1886 2134 1958 2146 -
1987 2104 2133 2160 Fieri
2186 2120 2300 2161 non
2341 2112 2521 2176 potest
2576 2105 2952 2174 utquisquaiu
2989 2119 3021 2156 a
3071 2110 3221 2158 recta
3256 2103 3340 2155 via
3370 2102 3469 2156 de-

1888 2194 2095 2261 ﬂectat,
2164 2195 2271 2252 nisi
2327 2194 2480 2267 prius
2514 2193 2734 2250 animus
2773 2194 2923 2248 illius
2948 2191 3044 2248 Dei
3078 2191 3357 2248 oblivione
3384 2192 3468 2246 la-

1889 2287 2195 2345 boraverit.

1960 2372 2100 2429 Ibid.
2130 2404 2200 2417 —-
2229 2376 2511 2440 Quantum
2542 2391 2573 2430 a
2613 2376 2724 2430 vita
2767 2374 3063 2431 recedebat
3100 2373 3301 2442 Adam,
3338 2381 3465 2427 tan-

1890 2474 2006 2520 tum
2058 2481 2280 2537 quoque
2327 2466 2398 2520 ad
2446 2480 2683 2521 mortem
2748 2465 3066 2522 accedebat.
3103 2464 3248 2521 Deus
3269 2464 3468 2534 quippe

1888 2558 2000 2613 vita
2026 2567 2153 2615 est:
2184 2558 2419 2629 privatio
2438 2570 2619 2613 autem
2642 2558 2785 2622 vitae,
2811 2573 2980 2613 mors.
3000 2559 3081 2611 Ac
3110 2556 3347 2627 proinde
3371 2570 3470 2626 per

1889 2666 2174 2709 recessum
2198 2667 2229 2705 a
2261 2650 2374 2706 Deo
2401 2650 2575 2704 Adam
2608 2650 2712 2705 sibi
2751 2662 2982 2704 mortem
3012 2648 3245 2720 paravit,
3269 2662 3468 2703 secun-

1889 2744 2021 2799 dum
2047 2745 2183 2800 illud
2213 2744 2361 2815 quod
2396 2744 2666 2814 scriptum
2701 2754 2786 2798 est
2820 2760 2835 2797 :
2871 2740 3005 2796 Ecce
3022 2742 3113 2813 qui
3138 2741 3386 2812 elongant
3413 2756 3469 2795 se

1887 2853 1922 2891 α
1949 2846 2018 2901 te,
2048 2837 2291 2906 peribunt
2316 2834 2703 2907 (.Psal.t.xxu.
2737 2834 2870 2905 27).

1955 2928 2151 3001 Ejusd.
2174 2931 2227 2983 in
2254 2945 2374 2999 cap.
2406 2944 2505 2984 xm
2537 2929 2813 2982 Isaiw.—-
2839 2926 3077 2982 Necesse
3110 2932 3197 2982 est
3228 2926 3468 2981 animam

1887 3035 1919 3076 τ
1963 3018 2055 3075 Dei
2080 3019 2346 3076 aiiinitate
2370 3029 2425 3075 et
2458 3018 2875 3090 propinquitate
2913 3018 3256 3085 destitutam,
3287 3018 3471 3089 impu-

1885 3128 2074 3168 rorum
2095 3114 2389 3179 spirituum
2411 3114 2752 3171 domicilium
2781 3114 2923 3169 deri.

1954 3204 2115 3276 525
2136 3206 2197 3262 S.
2219 3205 2372 3277 Greg.
2397 3205 2667 3262 Naziauz.
2686 3216 2826 3262 orat.
2848 3204 3470 3264 L—Prastantissimu;

203 3300 552 3371 πράγματος,
578 3300 642 3352 ὲκ
669 3295 807 3351 Θεοῦ
835 3313 895 3351 τε
922 3295 1217 3366 ἄρχεσθαι,
1254 3295 1349 3349 καὶ
1373 3294 1455 3359 είς
1481 3294 1613 3349 Θεὸν
1643 3294 1779 3349 ἁνα-

1888 3297 1973 3353 hic
1993 3299 2129 3353 ordo
2143 3308 2249 3365 est,
2274 3306 2334 3353 ut
2353 3300 2448 3369 qui
2471 3299 2770 3353 orationem
2800 3298 3041 3368 aliquam
3072 3306 3168 3352 aut
3185 3297 3466 3366 negotium

205 3391 498 3461 παύεσθαι.

299 3484 490 3557 Αρχὴν
520 3484 779 3539 ἁπάντων
802 3480 900 3536 καὶ
926 3479 1078 3544 τέλος
1098 3476 1257 3534 ποιοῦ
1282 3476 1437 3536 Θεόν.

199 3696 392 3751 ΤΙΤΛ.
424 3691 717 3761 Β’.--Περί
744 3688 902 3751 ζώων
919 3687 1175 3761 ἀλόγων,
1202 3682 1323 3738 τῶν
1342 3681 1579 3754 φυσικῇ
1596 3682 1786 3753 σοφίᾳ

670 3810 671 3813 η
745 3757 1237 3830 κεκοσμημένων.

230 3892 231 3895 η
279 3878 298 3912 ι
341 3858 416 3911 Ἢ
451 3857 516 3910 σὺ
550 3854 890 3926 περιέθηκας
920 3852 1078 3920 ,ἵππῳ
1110 3848 1360 3919 δύναμιν,
1406 3846 1679 3910 .ὲνέδυσας
1727 3845 1786 3899 δὲ

204 3950 463 4023 τραχήλῳ
520 3948 687 4004 αὑτοῦ
737 3946 937 4017 φόόον;
988 3940 1274 4015 πόῤῥωθεν
1317 3940 1376 3995 δὲ
1428 3939 1784 4011 ὀσφραίνεται

201 4044 497 4114 πολέμους.
548 4041 642 4094 Ἐκ
669 4039 727 4093 δὲ
752 4041 853 4109 τῆς
886 4036 985 4106 σῆς
1005 4035 1316 4105 ἐπιστήμης
1343 4032 1576 4103 ἕστηκεν
1603 4030 1781 4102 ίέραξ,

202 4135 561 4197 ἀναπετάσας
590 4131 687 4193 τὰς
736 4130 1015 4200 πτέρυγας
1068 4127 1235 4181 αὐτου
1259 4166 1275 4192 ,
1327 4124 1588 4194 ἀκίνητος
1641 4121 1784 4195 δρῶν

202 4228 343 4300 πρὸς
368 4225 549 4287 νότον;
572 4222 690 4293 Fiath
716 4221 809 4275 ἐπὶ
823 4219 1038 4274 νοσσιὰν
1056 4216 1225 4274 αὐτοῦ
1241 4214 1547 4278 καθεσθεὶς,
1567 4214 1785 4279 αὐλίζε-

203 4337 295 4373 ται
324 4316 413 4370 ἐπ’
438 4316 598 4385 ἑξοχῇ
630 4313 856 4383 πέτρας,
880 4312 985 4365 ,καὶ
1011 4307 1347 4379 άποκρύφῳς
1393 4308 1510 4362 ἐκεῖ
1534 4305 1610 4360 ὢν
1634 4305 1786 4378 ζητεῖ

204 4414 275 4466 τὰ
306 4414 464 4465 σῖτα·
516 4404 803 4479 πόρρωθεν
842 4403 900 4457 δὲ
936 4404 987 4456 oi
1023 4400 1297 4472 ὀφθαλμοὶ
1337 4399 1505 4453 αὑτοῦ
1546 4396 1783 4454 σκοπεύ-

202 4521 351 4558 ουσι.
394 4520 413 4555 ι

281 4615 303 4648 ι
341 4594 440 4657 Τίς
466 4589 734 4664 ἡτοίμασε
763 4588 961 4659 κόρακι
996 4584 1199 4657 βοράν;
1239 4582 1454 4637 νεοσσοὶ
1472 4582 1580 4654 γὰρ
1609 4579 1778 4637 αὐτοῦ

206 4686 347 4759 πρὸς
374 4683 583 4756 Κύριον
615 4683 961 4751 κεκράγασι,
1005 4677 1376 4748 πλανώμενοι,
1412 4676 1481 4731 τὰ
1522 4680 1645 4729 σῖτα
1687 4676 1784 4746 ζη-

1888 3388 2220 3461 aggreditur,
2266 3398 2365 3445 eta
2402 3390 2510 3445 Deo
2528 3390 2775 3460 incipiat,
2797 3391 2924 3446 etin
2949 3390 3061 3447 Deo
3087 3390 3248 3447 tinem
3276 3390 3463 3448 faciat.

1962 3480 2469 3553 Ejusdem.-—Fac
2530 3484 2677 3539 Deus
2743 3494 3070 3539 cunctorum
3115 3484 3216 3540 tibi
3241 3484 3465 3541 initium

1888 3590 1954 3629 ac
1980 3575 2105 3630 linis
2133 3576 2224 3629 sit.

1886 3666 2024 3722 Tl'i‘.
2085 3667 2340 3723 ll.-——De
2391 3668 2561 3722 brutis
2613 3668 3001 3740 animantibus,
3047 3685 3168 3740 qua:
3219 3671 3466 3726 naturali

2209 3741 2475 3807 sapientia
2504 3739 2741 3810 quadam
2766 3750 2960 3794 ornata
2989 3739 3135 3795 sunt.

1956 3831 2058 3889 Job
2077 3848 2270 3897 xxxix,
2290 3833 2378 3897 i9,
2394 3832 2486 3888 29.
2504 3860 2572 3873 -—-
2591 3852 2609 3884 ι
2632 3831 2907 3903 Numquid
2928 3841 2982 3887 tu
3010 3834 3465 3906 circumposuiin

1888 3942 2032 3997 equo
2064 3926 2393 3997 potentiam,
2437 3924 2665 3981 induisti
2690 3933 2873 3981 autem
2900 3926 3102 3981 collum
3138 3926 3261 3997 ejus
3299 3928 3465 3982 timo-

1889 4019 2040 4077 rem?
2064 4018 2108 4074 A
2146 4021 2306 4091 longe
2330 4026 2512 4074 autem
2558 4017 2750 4072 olfacit
2778 4017 3007 4072 bellum.
3038 4017 3117 4073 Ex
3160 4026 3252 4074 tua
3282 4019 3466 4076 scien-

1885 4111 1959 4164 tia
1988 4110 2141 4166 stetit
2184 4109 2463 4180 accipiter,
2516 4107 2833 4178 expandens
2871 4109 2989 4163 alas
3022 4123 3153 4164 suas
3173 4108 3467 4175 immotus,

1889 4203 2165 4275 aspiciens
2217 4218 2342 4275 qua:
2383 4202 2453 4258 ad
2486 4212 2737 4257 austrum
2791 4202 2964 4257 sunt?
3001 4199 3197 4256 Vultur
3242 4204 3300 4256 in
3333 4201 3466 4256 nido

1890 4298 2089 4355 sedens
2118 4297 2330 4353 habitat
2364 4297 2418 4352 in
2450 4295 2752 4352 eminentia
2788 4304 2956 4363 petra:
2992 4304 3051 4351 et
3098 4294 3461 4361 abscondito;

1884 4390 2001 4446 illic
2055 4389 2331 4447 exsistens
2380 4388 2579 4460 quaerit
2632 4386 2785 4444 cibos
2817 4385 3106 4458 :delongc
3141 4387 3290 4443 oculi
3339 4386 3464 4457 ejus

1885 4483 2267 4553 Speculantur.
2303 4499 2321 4533 ι

1953 4572 2057 4628 Job
2108 4588 2337 4635 xxxvut,
2371 4572 2436 4638 lt;
2467 4586 2659 4634 χχχιι,
2690 4569 2801 4626 1-6.
2846 4600 2916 4615 -—-
2952 4587 2972 4620 ι
3001 4569 3135 4637 Quis
3184 4584 3464 4641 praepara-

1886 4665 1966 4719 vit
2036 4677 2206 4718 corvo
2264 4662 2487 4718 escam?
2516 4662 2651 4732 pulli
2706 4661 2854 4716 enim
2888 4661 3040 4717 illius
3067 4662 3136 4716 ad
3173 4660 3471 4718 Dominum

207 4752 566 4843 τεῦντεςίΕί
615 4774 787 4843 ἔγνως
824 4771 1018 4843 καιρὸν
1052 4770 1279 4825 τοκετοῦ
1305 4769 1654 4841 τραγελάφου
1689 4769 1783 4823 ἐπὶ

1888 4758 2283 4821 clamaverunt,
2343 4763 2626 4825 vagantes,
2661 4754 2820 4811 cibos
2854 4762 3186 4825 quaareutes.
3224 4752 3282 4810 Si
3314 4755 3461 4812 nosti

209 4873 442 4943 πέτρας,
470 4866 744 4939 ὲφύλαξας
770 4865 829 4920 δὲ
861 4864 1058 4928 ὠδῖνας
1080 4863 1329 4933 ὲλάφωνς
1366 4861 1707 4933 Ἦρίθμησας
1729 4862 1783 4916 δὲ

1889 4856 2108 4919 tempus
2124 4856 2314 4917 partus
2335 4862 2511 4918 capra:
2532 4847 2802 4903 silvestris
2824 4846 2880 4901 in
2900 4857 3054 4917 petra
3078 4856 3132 4900 et
3147 4846 3460 4902 observasti

213 4936 389 5036 μῆνας
417 4936 599 5018 αὐτῶν
621 4962 851 5033 πλήρεις
875 4956 1122 5021 τοκετοῦ,
1146 4956 1345 5020 ὠδῖνας
1368 4955 1426 5008 δὲ
1458 4953 1639 5009 αὐτῶν
1664 4954 1783 5008 ἔλυ-

1891 4940 2111 4995 dolores
2164 4948 2357 5010 partus
2386 4938 2711 4994 cervarum?
2740 4936 3073 4994 Numcrasti
3104 4951 3323 4994 menses
3367 4951 3465 4990 ea-

212 5030 342 5124 σαςς
393 5030 812 5126 Ἐξέθρεψαςδὲ
856 5048 1035 5103 αὐτῶν
1067 5049 1138 5103 τὰ
1172 5047 1363 5102 παιδία
1402 5047 1533 5101 ἄνευ
1582 5046 1783 5116 φόϐους

1891 5050 2016 5089 rum
2049 5036 2238 5105 plenos
2266 5044 2462 5104 partu;
2499 5033 2721 5090 dolores
2741 5043 2924 5089 autem
2955 5047 3149 5088 earum
3203 5030 3463 5087 solvisti?

210 5154 308 5217 Τίς
327 5153 385 5207 δέ
414 5123 564 5204 ἔστιν
597 5148 627 5200 ὁ
648 5146 810 5214 ἀφεὶς
841 5143 963 5197 δνον
992 5142 1185 5213 ἄγριον
1210 5138 1493 5208 ἐλεύθερον
1519 5156 1534 5205 ;
1559 5139 1783 5208 δεσμοὺς

1891 5125 2161 5182 Enutristi
2199 5125 2346 5183 fetus
2373 5142 2562 5183 earum
2592 5133 2751 5183 extra
2781 5126 3062 5181 timorem.
3095 5123 3232 5191 Quis
3255 5126 3459 5195 estqui

211 5245 268 5299 δὲ
290 5214 462 5299 αὑτοῦ
502 5240 589 5304 τίς
629 5238 850 5303 ἑλυσεν;
879 5232 1085 5305 ἐθέμην
1130 5231 1188 5285 δὲ
1235 5229 1337 5301 τήν
1360 5229 1570 5284 δίαιταν
1612 5227 1783 5283 αὐτοῦ

1891 5218 2106 5273 dimisit
2163 5232 2432 5289 onagrum
2491 5217 2769 5284 liberum;
2824 5214 3047 5271 vincula
3112 5224 3297 5271 autem
3341 5214 3463 5286 ejus

213 5337 440 5409 ἔρημον,
472 5350 496 5388 ι
1794 5381 1854 5409 Α
1891 5311 2018 5382 quis
2084 5311 2288 5365 solvit?
2326 5309 2485 5382 posui
2549 5318 2732 5366 autem
2783 5306 3163 5365 habitaculum
3216 5306 3340 5379 ejus
3362 5307 3463 5365 de-

1790 5381 1859 5447 ώ
1892 5420 2123 5474 sertum,
2150 5427 2169 5460 ι
2203 5417 2312 5462 etc.

291 5548 310 5582 ι
347 5528 457 5583 Ἴθι
486 5526 626 5599 πρὸς
652 5524 938 5595 μύρμηκα,
960 5514 1007 5573 ὦ
1028 5517 1250 5589 ὁκνηρὲ,
1277 5515 1374 5569 καὶ
1398 5514 1641 5585 ζήλωσον
1666 5509 1789 5564 ἰδὼν

218 5623 313 5684 τὰς
359 5623 512 5685 ὀδοὺς
573 5617 761 5684 αὐτοῦ,
817 5617 913 5669 καὶ
963 5611 1123 5682 γενοῦ
1189 5609 1399 5663 ἐκείνου
1457 5605 1785 5676 σοφώτερος.

228 5717 462 5779 Ἐκεῖνος
503 5714 613 5785 γὰρ
662 5707 930 5780 γεωργίου
986 5705 1061 5778 μὴ
1103 5704 1467 5775 ὑπάρχοντος,
1509 5699 1646 5771 μηδὲ
1695 5697 1790 5751 τὸν

220 5806 593 5874 ἀναγκάζοντα
626 5801 786 5872 ἔχων,
820 5796 957 5870 μηδὲ
986 5797 1092 5849 ὑπὸ
1123 5795 1391 5865 δεσπότην
1422 5791 1519 5859 ὢν,
1564 5789 1789 5860 ἑτοιμά-

221 5899 367 5953 ζεται
393 5900 581 5970 θέρους
623 5896 725 5961 τὴν
749 5894 977 5961 τροφὴν,
1008 5889 1214 5959 πολλήν
1267 5903 1329 5940 τε
1377 5888 1436 5941 ὲν
1483 5883 1563 5957 τῷ
1594 5881 1791 5955 ἀμητῷ

1965 5502 2123 5558 Prov.
2168 5518 2229 5569 ιι,
2262 5502 2314 5555 6.
2350 5515 2492 5569 seqq.
2523 5529 2594 5540 —
2640 5514 2660 5548 ι
2688 5493 2841 5551 Vade
2859 5494 2929 5549 ad
2968 5492 3275 5557 formicam,
3325 5507 3360 5548 ο
3389 5493 3469 5564 pi-

1892 5617 2010 5674 ger,
2048 5612 2103 5656 et
2133 5599 2391 5654 aemulare
2426 5596 2618 5652 videns
2674 5592 2794 5647 vias
2820 5591 2964 5661 ejus,
3018 5599 3073 5645 et
3107 5597 3228 5645 esto
3257 5588 3351 5645 illa
3376 5604 3471 5645 sa-

1892 5695 2149 5767 pientior.
2192 5689 2318 5745 Haec
2365 5689 2510 5744 enim
2558 5701 2684 5740 cum
2735 5699 2928 5739 arvum
2960 5698 3070 5737 non
3104 5681 3323 5745 habeat,
3365 5696 3468 5737 nec

1891 5791 1984 5861 qui
2041 5789 2213 5857 ipsam
2276 5789 2455 5851 cogat,
2522 5793 2700 5848 neque
2730 5778 2832 5833 sub
2896 5775 3127 5831 domino
3153 5775 3475 5837 sit,atstate.

1894 5888 2048 5955 parat
2079 5878 2292 5941 cibum,
2338 5880 2393 5929 et
2421 5871 2651 5932 multam
2674 5869 2733 5927 in
2784 5884 2966 5925 messe
2995 5867 3129 5923 facit
3171 5879 3463 5939 compara-
