4052 6402
612 387 743 454 1571

1791 396 1851 454 s.
1887 358 2225 460 JOANNIS'
2244 397 2669 469 DAMASCENI

3716 425 3861 491 1573

608 502 833 553 tionem.
885 499 991 552 Aut
1022 499 1158 554 vade
1197 499 1265 554 ad
1296 515 1475 571 apem,
1511 506 1569 555 et’
1596 501 1720 556 vide
1754 518 2013 571 quoniam
2040 518 2141 572 ope

2243 552 2246 560 .
2272 512 2507 605 ποιεῖται
2533 516 2632 587 τὴν
2653 521 2973 590 παράθεσιν.
3006 526 3078 579 Ἦ
3111 530 3406 602 πορεύθητι
3440 536 3576 605 πρὸς
3620 541 3723 605 τὴν
3759 539 3858 605 μέ-

605 596 748 647 raria
789 604 893 658 est,
925 611 1201 665 quamque
1249 598 1622 667 operationem
1664 612 1819 652 suam
1853 599 2171 668 praeclaram

607 688 787 742 laciat.
845 687 1016 757 Cujus
1079 691 1292 744 labores
1343 705 1503 760 reges
1548 698 1604 745 et
1656 691 1853 760 privati
1922 690 2172 745 sanitatis

604 794 772 832 causa
823 791 1131 833 assumunt.
1160 779 1552 835 Desiderabilis
1591 795 1723 835 vero
1774 782 2036 836 omnibus
2058 792 2165 843 est,

603 881 659 921 ot
716 870 978 941 gloriosa,
1042 871 1260 926 tametsi
1327 870 1533 941 alioqui
1621 871 1830 928 viribus
1884 871 2171 927 imbecillis

603 963 695 1017 sit.

674 1053 833 1109 Prov.
854 1071 982 1115 xxx,
999 1054 1069 1108 24
1086 1055 1582 1123 seqq.-«Quatuor
1596 1065 1725 1111 sunt
1748 1056 1969 1111 minima
1988 1068 2167 1125 terrm,

601 1154 656 1199 et
685 1146 800 1215 ipsa
841 1155 968 1200 sunt
999 1147 1336 1216 sapientiora
1369 1148 1712 1217 sapientibus
1742 1166 1757 1203 :
1791 1150 2035 1205 formica:
2068 1167 2168 1221 po-

599 1237 765 1306 pulus
799 1235 1068 1300 inﬁrmus,
1102 1247 1156 1291 et
1215 1250 1482 1307 praeparat
1538 1241 1592 1292 in
1633 1249 1820 1294 aestate
1854 1242 2035 1295 cibum
2071 1260 2085 1297 :
2116 1252 2169 1297 et

599 1327 951 1397 chmrogrylli
993 1328 1231 1396 populus
1261 1328 1562 1392 invalidus,
1595 1332 1689 1398 qui
1721 1329 1965 1384 fecerunt
1992 1331 2044 1384 in
2073 1347 2167 1400 pe-

598 1417 701 1471 tris
768 1418 959 1472 domos
1005 1434 1159 1472 suas.
1218 1418 1416 1488 Regem
1473 1421 1686 1476 locusta
1744 1437 1853 1475 non
1901 1424 2082 1488 habet,
2116 1433 2167 1477 et

596 1510 879 1562 turmatim
937 1511 1216 1579 egreditur
1247 1512 1312 1564 ad
1360 1512 1661 1581 iussionem
1703 1530 1865 1568 uuam
1895 1531 1910 1580 ;
1940 1524 1995 1569 et
2022 1517 2167 1568 cala-

594 1600 751 1655 botes
784 1604 1036 1657 manilius
1065 1605 1281 1667 nititur,
1323 1620 1387 1658 ac
1421 1605 1576 1659 facile
1634 1607 1872 1673 capitur,
1904 1616 1957 1659 ct
1986 1617 2164 1660 tamen

595 1693 805 1747 habitat
838 1695 892 1747 in
944 1696 1343 1750 munitionibus
1395 1712 1608 1766 regum.
1665 1696 1795 1750 Tria
1860 1708 1991 1751 sunt
2046 1714 2167 1767 qua:

592 1785 731 1839 bene
753 1786 1097 1855 gradiuntur,
1124 1796 1179 1840 ct
1233 1796 1492 1856 quartum
1530 1788 1673 1856 quod
1707 1801 1853 1845 recte
1884 1791 2159 1846 ambulat:

2272 597 2481 698 λισσαν,
2518 608 2611 659 καὶ
2641 611 2779 678 μάθε
2806 614 2887 667 ὃτι
2914 619 3139 686 ἐργάτις
3166 597 3283 674 ἑστι
3306 597 3447 696 ⁸τὴν
3478 597 3534 679 δὲ
3583 597 3859 698 ἐργασίαν

2271 692 2346 754 ὡς
2378 698 2580 767 σεμνὴν
2611 705 2771 757 ποιεῖ.
2804 698 2912 769 Ἦς
2932 708 3060 772 τοὺς
3088 712 3284 776 πόνους
3312 713 3554 783 βασιλεῖς
3579 720 3681 771 καὶ
3716 720 3862 772 ίδιῶο

2268 801 2356 879 ται
2389 787 2521 856 πρὸς
2540 790 2729 857 ὑγείαν
2758 798 3179 869 προσφέρονται.
3204 806 3433 879 Ποθεινὴ
3456 809 3514 862 δέ
3542 811 3665 863 ἑστι
3694 812 3863 874 πᾶα,

2270 878 2365 929 καί
2401 879 2667 950 ἐπίδοξος,
2710 888 2914 962 καίπερ
2945 888 3079 946 οὖσα
3106 896 3163 948 ἑν
3195 896 3355 970 ῥώμῃ
3390 901 3652 973 ἀσθενής.
3684 921 3704 954 ›

2344 1078 2363 1110 ι
2400 1060 2655 1134 Τέσσαρά
2681 1065 2831 1120 ἑστιν
2865 1069 3141 1140 ἐλάχιστα·
3167 1076 3258 1128 ἐπὶ
3281 1077 3381 1147 τῆς
3410 1079 3513 1149 γῆς
3532 1097 3546 1109 ·
3570 1080 3756 1136 ταῦτα.
3800 1084 3860 1137 δέ

2269 1152 2384 1203 ἑστι
2407 1152 2689 1228 σοφώτερα
2707 1158 2819 1212 τῶν
2838 1162 3019 1230 σοφῶν
3038 1180 3051 1194 -
3076 1167 3123 1217 οἱ
3152 1167 3460 1238 μύρμηκες,
3491 1166 3574 1235 οἷς
3602 1175 3679 1243 μή
3702 1176 3861 1226 ἐστιν

2270 1242 2456 1311 ἰσχὺς,
2491 1246 2587 1298 καὶ
2632 1249 2978 1320 ἐτοιμάζεται
3011 1255 3203 1326 θέρους
3241 1261 3339 1327 τὴν
3376 1265 3586 1334 τροφήν
3609 1281 3624 1294 ο
3670 1242 3773 1319 καὶ
3804 1271 3855 1319 οἰ

2266 1335 2640 1405 χοιρόγρυλλοι
2670 1341 2819 1405 ἔθνος
2850 1346 2948 1398 οὑκ
2972 1349 3210 1420 ἰσχυρὸν,
3237 1352 3284 1404 οἳ
3304 1355 3633 1423 ἐποιήσαντο
3652 1358 3711 1408 ἒν
3745 1359 3853 1411 πέ-

2265 1443 2424 1498 τραις
2470 1432 2595 1495 τοὺς
2653 1435 2863 1490 ἑαυτῶν
2911 1439 3115 1504 οῐκους.
3191 1444 3574 1511 Ἀϐασίλευτός
3629 1452 3782 1503 ἐστιν
3812 1454 3847 1521 ἡ

2264 1518 2445 1590 ἀκρίς,
2470 1524 2822 1593 ὲκστρατεύει
2849 1531 2941 1600 ἀφ’
2965 1533 3083 1597 ἑνὸς
3113 1535 3482 1608 κελεύσματος
3502 1558 3518 1571 ο
3552 1544 3655 1595 καὶ
3685 1544 3844 1597 καλα-

2266 1611 2444 1684 6ὠτης
2465 1620 2651 1688 χερσὶν
2676 1622 3038 1695 ἐρειδόμενος,
3073 1629 3168 1682 καὶ
3210 1631 3476 1696 εὐάλωτος
3507 1633 3585 1687 ὢν
3607 1678 3622 1699 ,
3664 1656 3848 1692 κατοι-

2264 1708 2351 1758 κεῖ
2379 1711 2434 1760 ὲν
2481 1711 2799 1783 ὀχυρώμασι
2855 1717 3138 1787 βασιλέων.
3197 1725 3335 1794 Τρία
3384 1727 3537 1780 ἐστὶν
3565 1728 3604 1781 ἃ
3646 1731 3849 1794 εὑὸδως

2268 1800 2605 1870 πορεύονται,
2665 1809 2757 1859 καὶ
2804 1808 2864 1859 τὸ
2911 1808 3169 1881 τέταρτον
3229 1815 3257 1867 δ
3306 1817 3485 1881 καλῶς
3538 1820 3843 1874 διαϐαίνειο

593 1880 809 1935 catulus
846 1880 1017 1934 leonis
1043 1879 1236 1935 fortior
1268 1882 1484 1944 bestiis,
1536 1884 1629 1952 qui
1665 1898 1772 1937 non
1834 1896 2140 1939 revertetur

2266 1892 2502 1960 σκύμνος
2542 1894 2756 1962 λέοντος
2799 1901 3143 1973 ἰσχυρότερος
3187 1908 3421 1978 κτηνῶν,
3461 1912 3523 1973 ὃς
3568 1914 3677 1965 οὑκ
3710 1915 3843 1966 ﬁm-

592 1986 773 2039 neque
808 1972 1024 2040 pavebit
1044 1972 1276 2025 belluain
1303 1990 1317 2038 ;
1359 1982 1413 2026 et
1438 1975 1614 2041 gallus
1645 1977 1735 2043 qui
1761 1976 1900 2030 inter
1933 1976 2162 2032 feminas

591 2062 834 2116 ambulat
867 2066 1070 2128 alacer,
1103 2080 1166 2118 ac
1209 2065 1397 2121 haedus
1447 2067 1557 2119 dux
1592 2068 1793 2137 gregis.
1832 2088 1851 2122 ι

671 2241 729 2296 S.
773 2242 945 2296 Basil.
1007 2242 1189 2299 Itomt'l.
1223 2259 1250 2295 v
1281 2245 1335 2297 in
1365 2243 1622 2301 Ilexaem.
1669 2277 1738 2286 —
1765 2246 1957 2302 Cicuta
1987 2247 2159 2301 sturni

586 2343 905 2395 vescuntur,
957 2342 1012 2384 ct
1045 2334 1115 2384 ob
1140 2342 1473 2387 structuram
1526 2336 1609 2389 sui
1652 2337 1926 2404 corporis,
1977 2338 2160 2406 perni-

586 2422 723 2473 ciem
772 2436 891 2475 eam
926 2438 1047 2490 qua:
1088 2438 1150 2477 ex
1186 2438 1398 2477 veneno
1455 2434 1831 2494 comparatur,
1869 2427 2155 2497 ell‘ugiuut.

586 2512 719 2565 Nam
775 2514 901 2581 quia
935 2524 1126 2569 tenues
1169 2516 1370 2569 habent
1400 2516 1457 2570 in
1490 2516 1657 2572 corde
1693 2526 1929 2580 meatus.
1995 2521 2150 2589 prius

586 2604 638 2658 id
674 2607 821 2675 quod
872 2620 1163 2671 voraruut,
1204 2608 1525 2673 conficiunt,
1568 2626 1732 2680 quam
1766 2611 2036 2682 frigiditas
2085 2613 2153 2667 ad

581 2696 770 2751 vitalia
797 2708 1061 2768 penetret.
1096 2698 1409 2754 Elleborum
1451 2710 1634 2755 autem
1670 2703 2021 2771 coturnicum
2046 2704 2154 2758 ali-

580 2788 761 2840 monia
787 2797 889 2850 est,
916 2799 976 2841 ut
1003 2805 1123 2858 quae
1148 2792 1553 2859 temperamenti
1577 2793 1661 2846 sui
1687 2794 2043 2863 proprietate,
2066 2797 2153 2850 ni-

580 2877 657 2931 hil
683 2880 808 2933 lnnc
838 2882 1152 2935 detrimenti
1193 2883 1544 2937 contrahant.
1585 2883 1730 2948 Quin
1778 2884 1895 2940 haec
1931 2900 2150 2956 quoque

580 2970 699 3040 ipsa
732 2972 893 3027 nobis
928 2973 1198 3027 interdum
1239 2975 1361 3029 usui
1396 2983 1547 3029 sunt.

650 3062 851 3119 Ilomil.
886 3066 937 3118 7.
966 3098 1035 3106 —
1070 3065 1286 3137 Vipera,
1324 3071 1598 3139 reptilium
1629 3073 1876 3128 omnium
1911 3074 2147 3130 atrocis-

577 3154 801 3220 simum,
834 3156 898 3209 ad
930 3173 1184 3213 muraena:
1204 3161 1430 3215 marina:
1476 3163 1812 3218 connubium
1878 3166 2140 3230 occurrit,

577 3252 747 3313 atque
784 3246 947 3301 sibilo
985 3250 1219 3317 quodam
1246 3251 1593 3318 praesentiam
1618 3268 1772 3309 suam
1804 3254 2141 3323 signiﬁcans,

576 3334 648 3389 ab
682 3336 809 3393 imis
852 3354 969 3392 eam
1024 3340 1333 3411 gurgitibus
1360 3342 1428 3397 ad
1484 3359 1772 3400 venereum
1802 3347 2142 3416 complexum

575 3437 755 3484 vocat.
821 3430 917 3483 llla
951 3441 1129 3485 autem
1186 3448 1395 3489 morem
1433 3419 1592 3504 gerit,
1623 3444 1820 3492 etcum
1865 3452 2143 3493 venenosa

575 3520 855 3575 animante
884 3526 1195 3593 copulatur.

646 3611 788 3665 Ibid.
824 3644 893 3653 —
925 3613 1065 3666 Sunt
1095 3615 1258 3669 etiam
1287 3617 1537 3671 nonnulli
1567 3619 1747 3687 pisces
1778 3619 1871 3690 qui
1900 3620 2143 3691 peregri-

572 3714 797 3772 nantur,
848 3705 1010 3776 526
1038 3716 1091 3759 et
1113 3709 1263 3761 velut
1312 3711 1594 3764 communi
1625 3712 1864 3781 quodam
1919 3712 2140 3767 decreto

570 3795 626 3848 in
664 3806 880 3851 exteras
947 3797 1196 3865 regiones
1226 3798 1405 3863 missi,
1436 3815 1501 3854 ex
1530 3816 1639 3855 uno
1669 3803 1925 3857 condicto
1953 3804 2138 3857 cuncti

570 3889 735 3943 simul
769 3890 1214 3957 proﬁciscmitur.
1256 3890 1391 3943 Cum
1420 3892 1566 3946 enim
1595 3902 1807 3948 certum
1844 3903 1899 3949 et
1930 3897 2138 3950 consti-

568 3990 743 4035 tutum
769 3981 1008 4050 pariendi
1033 3992 1243 4051 tempus
1266 3982 1570 4052 appetierit,
1588 3984 1677 4039 alii
1700 4000 1763 4041 ex
1780 3985 1898 4041 aliis
1923 3986 2137 4044 sinibus

565 4076 929 4145 emigrantes,
994 4077 1272 4128 communi
1323 4076 1534 4131 scilicet
1581 4077 1699 4147 lege
1758 4079 2008 4147 excitati,
2066 4081 2135 4135 ad

565 4165 802 4221 Boreum
839 4182 989 4221 mare
1016 4168 1372 4221 contendunt.
1418 4169 1497 4223 Ac
1519 4184 1630 4239 quo
1662 4180 1907 4240 tempore
1941 4188 2135 4227 ascen-

564 4261 722 4322 dunt,
756 4262 936 4328 pisces
961 4261 1146 4314 videas
1198 4262 1453 4314 torrentis
1485 4261 1663 4315 inStar
1697 4264 1882 4318 unitos
1907 4266 2131 4335 conglo-

565 4349 835 4419 batosque
859 4364 887 4401 a
915 4350 1246 4418 Pr0p0ntide
1279 4351 1345 4403 ad
1376 4351 1646 4404 Euxinum
1664 4368 1811 4408 mare
1832 4354 2127 4410 conﬂuere.

563 4438 699 4505 Quis
753 4455 916 4509 porro
965 4456 1060 4494 eos
1104 4441 1375 4511 impellit?
1413 4443 1557 4510 quod
1589 4444 1940 4513 imperatoris
1979 4462 2130 4500 man-

562 4532 793 4585 datum?
833 4544 1088 4600 quaenam
1137 4531 1317 4584 edicta
1342 4531 1393 4585 in
1441 4531 1559 4587 foro
1580 4548 1821 4602 expansa
1852 4537 2127 4606 praestitu-
2156 4581 2202 4637 Β
2230 4543 2529 4614 ἡπλωμένα

561 4632 675 4676 tum
718 4631 934 4689 tempus
966 4619 1312 4688 significant?
1341 4623 1565 4693 quinam
1609 4626 1743 4693 ipsis
1776 4636 1906 4680 sunt
1953 4626 2124 4684 duces

559 4714 808 4769 itineris?
835 4711 1071 4767 Videsne
1099 4715 1554 4781 quemadmodum
1588 4717 1771 4769 divina
1803 4720 2125 4774 constitutio

557 4808 741 4862 omnia
791 4807 1037 4874 impleat,
1090 4818 1144 4862 et
1176 4810 1257 4863 vel
1318 4826 1490 4880 usque
1541 4810 1608 4864 ad
1640 4813 1861 4866 minima
1892 4832 2125 4885 quaeque

488 4971 496 4982 .
556 4900 866 4972 pertineat?
916 4901 1089 4955 Piscis
1139 4901 1241 4970 legi
1274 4900 1367 4956 Dei
1429 4918 1537 4955 non
1571 4904 1908 4973 reluctatur;
1945 4916 2000 4961 et
2023 4924 2123 4964 nos

557 4992 804 5048 homines
836 4991 1175 5046 salutaribus
1196 4992 1431 5048 decretis
1461 4994 1837 5065 obtemperare
1866 5014 1975 5053 non
2001 5016 2124 5056 sus-

554 5086 815 5142 tinemus.
881 5086 959 5142 Ne
992 5088 1097 5142 hoc
1155 5087 1375 5141 nomine
1404 5087 1581 5155 pisces
1627 5101 1967 5156 contemnas,
1992 5096 2120 5163 quia

550 5177 784 5234 rationis
809 5187 865 5234 et
910 5181 1061 5235 vocis
1092 5195 1195 5233 usu
1226 5190 1413 5234 carent
1441 5195 1454 5231 :
1482 5196 1670 5234 verum
1727 5194 1909 5239 metue
1946 5202 2012 5240 ne
2032 5188 2118 5241 bis

548 5285 768 5341 quoque
806 5288 835 5325 a
859 5274 1074 5328 ratione
1132 5273 1362 5327 alienior
1417 5272 1674 5337 exsistas,
1703 5276 1795 5344 qui
1835 5277 2117 5335 Creatoris

543 5362 891 5431 jussionibus
951 5364 1284 5418 adversaris.
1340 5363 1484 5416 Audi
1529 5365 1730 5431 pisces,
1790 5384 1899 5421 non
1952 5386 2116 5426 voces

546 5441 946 5519 tantummodo,
986 5457 1078 5510 sed
1129 5458 1298 5525 gestis
1324 5456 1692 5520 declarantes,
1748 5464 2113 5517 conservandi

546 5548 766 5614 generis
798 5563 962 5603 causa
1013 5550 1225 5619 longam
1279 5550 1419 5602 hanc
1455 5551 1957 5619 peregrinationem
1984 5572 2014 5611 a
2056 5572 2115 5611 se

544 5640 773 5710 suscipi.
802 5640 1027 5711 Propria
1053 5641 1271 5711 quidem
1303 5656 1410 5693 vox
1438 5641 1573 5710 ipsis
1598 5643 1782 5711 deest;
1816 5656 1872 5700 at
1904 5658 2113 5705 natura:

541 5730 716 5801 legem
774 5732 1002 5786 lirmiter
1053 5732 1274 5786 inlisam
1328 5731 1547 5797 habent,
1610 5748 1733 5802 qua:
1789 5740 2112 5805 praescribat

538 5824 671 5895 quid
720 5824 991 5896 agendum
1045 5826 1137 5883 sit.
1170 5823 1390 5891 Eamus,
1420 5825 1724 5896 -inquiunt,
1772 5831 1838 5885 ad
1876 5833 2107 5890 Boreum

2265 1984 2572 2052 στρέφεται,
2596 1988 2717 2041 οὑδὲ
2747 2006 2815 2045 κε
2831 1995 3091 2065 ςαπτήσει
3121 1997 3350 2065 κτῆνος,
3384 2001 3478 2053 καὶ
3518 2002 3847 2074 ἁλεκτρυὼν

2262 2074 2655 2146 ἐμπεριπατῶν
2678 2082 2735 2131 ὲν
2763 2082 3007 2152 θηλείαις
3039 2085 3295 2158 εὔψυχος,
3324 2092 3418 2145 καὶ
3447 2094 3656 2163 τράγος
3678 2097 3845 2165 ἡγού-

2265 2181 2425 2233 μενος
2450 2168 2714 2224 αἰπολίου.
2752 2190 2771 2221 ι

2332 2257 2403 2308 Τὸ
2433 2257 2655 2313 κώνειον
2706 2264 2755 2315 οί
2809 2264 2985 2336 ψάρες
3029 2268 3349 2338 βόσκονται,
3383 2274 3469 2329 διὰ
3513 2278 3619 2349 τὴν
3670 2296 3837 2334 κατα-

2262 2350 2465 2445 σκευην
2492 2353 2585 2406 τοῦ
2620 2356 2872 2425 σώματος
2891 2360 2991 2431 τὴν
3011 2364 3075 2416 ὲκ
3102 2364 3198 2417 τοῦ
3242 2366 3573 2441 δηλητηρίου
3630 2372 3840 2445 βλάϐην

2258 2439 2761 2514 ἀποδιδράσκοντες.
2810 2453 3055 2518 Λεπτοὺς
3079 2459 3188 2525 γάρ
3217 2458 3426 2530 ἔχοντες
3453 2439 3581 2527 τοὺς
3616 2439 3712 2519 ἑπὶ

2257 2534 2486 2604 καρδίαν
2519 2537 2758 2610 πόρους,
2795 2542 3091 2612 φθάνουσιν
3129 2550 3543 2622 ἐκπέμψασθαι.
3581 2534 3833 2613 Ἐλλέϐο-

2258 2623 2440 2720 Δδὲ
2468 2625 2715 2698 ὀρτύγων
2763 2633 2882 2687 ἐστὶ
2925 2638 3120 2710 τροφὴ,
3173 2640 3395 2713 ἰδιότητι
3448 2647 3711 2717 κράσεως
3734 2652 3835 2720 τὴν

2256 2714 2460 2789 βλάϐην
2482 2720 2919 2817 άποφευγόντων.
2946 2731 3104 2787 Ἔστι
3123 2734 3180 2788 δὲ
3208 2737 3347 2793 αὑτὰ
3371 2714 3546 2795 ταῦτα
3568 2744 3631 2796 ἑν
3658 2714 3834 2817 καιρις»

2253 2825 2386 2864 ποτε
2414 2814 2511 2869 καὶ
2536 2815 2666 2886 ἡμῖν
2696 2820 2963 2893 χρήσιμα.

2324 3079 2546 3149 Ἔχιδνα
2577 3084 2636 3138 τὸ
2655 3086 3041 3157 χαλεπώτατον
3072 3094 3181 3148 τῶν
3208 3097 3453 3169 ἑρπετῶν
3477 3103 3621 3173 πρὸς
3652 3105 3833 3175 γάμον

2247 3169 2593 3268 ἀπαντᾷ-τῆς
2623 3179 2924 3248 θαλασσίας
2972 3187 3261 3260 μυραίνης,
3301 3194 3398 3245 καὶ
3437 3169 3705 3267 συριγμῷ
3730 3169 3829 3268 τὴν

2248 3266 2553 3335 παρουσίαν
2581 3273 2899 3343 σημήνασα,
2927 3278 3237 3336 ἐκκαλεῖται
3282 3286 3453 3355 αὐτὴν
3485 3289 3554 3340 ὲκ
3574 3289 3691 3342 τῶν
3730 3290 3827 3361 βυ-

2246 3355 2354 3449 θῶν
2381 3358 2518 3428 πρὸς
2549 3366 2794 3435 γαμικὴν
2834 3369 3175 3443 συμπλοκήν.
3217 3375 3282 3428 Ἥ
3310 3377 3367 3430 δὲ
3393 3379 3695 3449 ὑπακούει,

2243 3447 2463 3505 ἑνοῦται
2486 3452 2565 3525 τῷ
2599 3456 2807 3530 ἰοϐόλῳ.

2312 3625 2471 3690 Τινὲς
2485 3628 2887 3711 ἀποδημητικοὶη
2902 3636 3011 3691 τῶν
3040 3638 3259 3709 ἰχθύων,
3293 3643 3443 3698 ὥσπε
3453 3663 3483 3717 ρ
3506 3647 3620 3701 ἀπὸ
3642 3653 3822 3704 κοινοῦ

2242 3714 2626 3811 βουλευτηρίου
2661 3724 2797 3796 πρὸς
2841 3727 2941 3800 τὴν
2988 3731 3285 3805 ὑπερορίαν
3333 3714 3706 3809 στελλόμενοι,
3730 3744 3820 3811 ὑφ’

2240 3809 2320 3903 ἑνλ
2340 3812 2642 3884 συνθήματι
2665 3818 2865 3883 πάντες
2890 3823 3239 3894 ἀπαίρουσιν.
3287 3829 3543 3884 Ἐπειδὰν
3567 3834 3597 3885 ὁ
3629 3809 3818 3903 τεταγ-

2242 3900 2405 3993 μένος
2433 3906 2621 3976 καιρὸς
2642 3908 2742 3978 τῆς
2761 3913 3010 3983 κυήσεως
3038 3918 3358 3986 καταλάϐοι,
3374 3923 3527 3976 ἄλλοι
3550 3900 3816 3993 αἰγιαλῶν

2239 3991 2454 4047 κόλπων
2498 4000 2863 4067 μεταστάντες
2887 4045 2903 4070 ,
2955 4007 3035 4077 τῷ
3083 4011 3247 4082 κοινῷ
3275 4013 3374 4083 τῆς
3412 4015 3636 4084 φύσεως
3664 4020 3813 4090 νόμῳ

2236 4082 2606 4155 διεγερθέντες
2636 4092 2728 4145 ἐπὶ
2753 4092 2851 4165 τὴν
2884 4094 3132 4170 βορεινὴν
3161 4082 3472 4173 ἐπείγονται
3503 4082 3806 4163 enacava

2235 4175 2344 4273 ἰξαὶ
2392 4178 2521 4243 ἴδοις
2543 4181 2627 4273 ,ἂν
2653 4186 2795 4239 κατὰ
2838 4188 2930 4242 τὸν
2954 4193 3145 4262 καιρὸν
3172 4196 3273 4265 τῆς
3299 4198 3510 4265 ἀνόδου,
3539 4201 3729 4273 ὥσπερ
3749 4218 3803 4257 τι

2235 4265 2431 4364 ῥεῦμα,
2471 4272 2602 4364 τοὺς
2632 4274 2821 4343 ἰχθύας
2853 4280 3187 4351 ἡνωμένους,
3218 4289 3312 4339 καὶ
3342 4291 3405 4343 ὲκ
3427 4293 3530 4361 τῆς
3566 4265 3805 4364 Προπον-

2230 4358 2374 4423 τίδος
2398 4363 2492 4416 ἐπὶ
2516 4365 2606 4418 τὸν
2632 4366 2885 4433 Εὔξεινον
2921 4374 3165 4443 ῥέοντας.
3213 4379 3309 4442 Τίς
3342 4382 3370 4432 δ
3409 4358 3629 4450 κινῶνς-
3657 4391 3805 4442 ποῖον

2231 4452 2558 4551 πρόσταγμα
2588 4456 2880 4527 βασιλέωςς
2912 4468 3039 4519 ποῖα
3063 4468 3408 4542 διατάγματα
3443 4478 3567 4529 κατ’
3597 4481 3805 4551 ἀγοράν

2571 4549 2752 4643 δηλοῖ;
2807 4557 2856 4608 οἰ
2904 4554 3257 4627 ξεναγοῦντες
3296 4564 3477 4635 shaec;
3526 4569 3664 4643 ὁρᾷς

2230 4634 2381 4688 θείαν
2431 4637 2671 4705 διάταξιν
2717 4646 2899 4703 πάντα
2936 4650 3271 4721 πληροῦσαν,
3307 4663 3401 4713 καὶ
3422 4661 3510 4714 διὰ
3540 4664 3652 4717 τῶν
3682 4683 3803 4736 σμι·

2229 4730 2508 4828 κροτάτων
2554 4733 2893 4828 ,διήκουσαη
2962 4744 3114 4814 ἰχθὺς
3173 4749 3273 4803 οὑκ
3316 4754 3593 4823 ἀντιλέγει
3650 4730 3802 4828 νόμῳ

2225 4817 2359 4922 Θεοῦ
2379 4862 2394 4886 ,
2421 4826 2514 4922 καὶ
2542 4826 2817 4896 ἄνθρωποι
2844 4838 3133 4907 σωτηρίων
3168 4841 3458 4913 δογμάτων
3488 4817 3592 4902 οὐκ
3610 4817 3801 4922 ἀνεχά-

2228 4913 2398 5009 pelia;
2426 4917 2503 4988 μὴ
2536 4925 2867 4993 καταφρόνει
2895 4927 3002 4981 τῶν
3033 4931 3253 5001 ἰχθύων,
3289 4937 3476 5009 ἐπειδὴ
3502 4940 3675 5009 ἄλογα
3704 4913 3799 4996 καὶ

2221 5004 2415 5098 ἄφωνα
2448 5012 2728 5098 παντελῶς
2748 5029 2763 5045 ⁸
2795 5017 2931 5072 ἀλλὰ
2960 5023 3148 5090 φοϐοῦ,
3188 5028 3263 5098 μὴ
3303 5031 3397 5082 καὶ
3429 5004 3635 5086 τούτων
3672 5036 3799 5088 άλοο

2221 5096 2461 5170 γὼτερος
2486 5097 2573 5173 ᾖς.
2596 5107 2661 5174 τῇ
2689 5108 2928 5173 διατάξει
2948 5112 3043 5166 τοῦ
3062 5115 3361 5183 κτίσαντος
3381 5124 3793 5195 ἀντιστάμενος.

2224 5189 2423 5284 ΞΑκουε
2455 5194 2565 5246 τῶν
2591 5197 2807 5267 ἰχθύων,
2851 5209 3137 5279 μονονουχὶ
3166 5213 3349 5281 φωνὴν
3396 5189 3687 5284 ἀφιέντων,
3726 5221 3793 5272 δι’

2215 5273 2291 5333 ὧν
2320 5284 2587 5350 ποιοῦσιν,
2610 5289 2692 5342 ὅτι
2713 5292 2791 5355 εἰς
2812 5293 3072 5369 διαμονὴν
3094 5300 3188 5353 τοῦ
3215 5304 3424 5370 γένους,
3448 5307 3548 5378 τὴν
3572 5314 3792 5382 μακράν

2214 5374 2421 5468 ταύτην
2452 5380 2763 5451 ἀποδημίαν
2808 5387 3160 5460 στελλόμεθα.
3215 5395 3328 5449 Οὑκ
3390 5374 3609 5468 ἔχουσιν
3660 5374 3790 5457 ῐδιον

2214 5462 2392 5565 λόγρν,
2426 5469 2543 5523 ἀλλ’
2588 5472 2772 5542 έχουσι
2816 5478 2906 5532 τὸν
2933 5481 3035 5549 τῆς
3083 5486 3296 5551 φύσεως
3339 5462 3504 5559 νόμον
3552 5494 3791 5565 ἰσχυρῶς

2214 5556 2585 5629 ἐνιδρυμένον,
2613 5565 2707 5618 καὶ
2730 5567 2790 5620 τὸ
2810 5573 3084 5640 πρακτέον
3110 5556 3518 5636 ὑποδεικνύντα.
3551 5556 3791 5639 Baeti-cm;

2217 5666 2336 5750 μεν,
2381 5655 2582 5750 ιρησὶν,
2628 5659 2722 5712 ἐπὶ
2759 5660 2821 5713 τὸ
2859 5662 3099 5734 βορεινὸν
3145 5669 3399 5739 πέλαγος.
3450 5674 3785 5750 Γλυκύτερον

2214 5742 2319 5812 γὰρ
2347 5744 2446 5814 τῆς
2477 5746 2669 5819 λοιπῆς
2718 5752 2995 5826 θαλάσσης
3030 5760 3207 5814 ἐκεῖνο
3234 5763 3292 5816 τὺ
3329 5764 3496 5838 ὓδωρ,
3530 5770 3665 5823 διότι

2211 5836 2407 5913 ὀλίγων
2439 5842 2577 5919 αὑτῇ
2607 5846 3040 5918 προσδιατρίϐων
3077 5853 3106 5905 δ
3132 5852 3315 5923 ἥλιος,
3350 5836 3453 5911 οὐκ
3484 5860 3664 5931 ἐξάγει
3689 5863 3785 5915 αὑ·-
