3968 6470
217 436 358 497 1573

1536 443 1773 503 SACRA
1814 445 2277 507 PARALLELA.

3322 448 3461 516 1571

213 546 313 616 τῆς
340 546 461 599 ὅλον
487 547 575 600 διὰ
602 551 700 617 τῆς
734 549 952 612 ἀκτῖνος
978 550 1035 601 τὸ
1070 549 1318 620 πότιμον.
1354 551 1549 621 Χαίρει
1580 550 1637 603 δὲ
1669 554 1760 604 τοῖς

1882 556 2128 625 pelagus.
2194 556 2416 609 Dulcior
2492 554 2692 626 quippe
2749 569 2888 624 aqua
2942 556 3046 612 ista
3100 564 3185 613 est
3243 559 3463 631 reliquo

214 641 439 707 γλυκέσι
492 643 585 695 καὶ
634 643 703 696 τὰ
752 644 1046 697 θαλάσσιαο
1104 646 1349 698 ὅθενκαὶ
1380 645 1473 697 ἐπὶ
1499 646 1781 715 ποταμοὺς

210 731 542 801 ἀνανήχεται
570 736 847 797 πολλάκις,
892 737 983 789 καὶ
1015 737 1298 809 πόρρωθεν
1317 736 1595 808 θαλάσσης
1620 737 1781 807 φέρε-

211 840 324 878 ται.
364 825 456 878 Ἐκ
490 826 678 880 τούτου
716 831 1119 901 προτιμώτερος
1151 832 1335 894 αὐτοῖς
1365 834 1394 884 6
1432 832 1632 894 Πόντος
1671 830 1781 883 τῶν

209 913 417 970 λοιπῶν
447 920 562 972 ἐστι
591 920 809 986 κόλπος,
835 923 911 986 ὡς
945 925 1249 994 ἐπιτήδειος
1277 925 1653 997 ὲναποκυῆσαι
1685 922 1782 976 καὶ

207 1006 472 1079 ἰκθρέψαι
511 1011 579 1065 τά
617 1012 834 1081 ἔγγονα.
880 1014 1132 1068 Ἐπειδὰν
1168 1017 1225 1069 δὲ
1270 1015 1339 1069 τὰ
1370 1014 1779 1085 σπουδαζόμενα

205 1100 522 1167 ἀρκούντως
551 1108 901 1181 ἐκπληρωθῇ,
931 1110 1089 1163 πάλιν
1119 1110 1391 1181 πανδημεὶ
1416 1108 1615 1172 πάντες
1646 1108 1780 1160 ὐπο-

205 1196 534 1265 οτρέφουσιν
572 1199 751 1253 οἴκαδε
763 1242 775 1255 ,

1886 648 2023 701 mari
2062 663 2077 697 :
2111 648 2239 718 quia
2263 649 2522 701 nimirum
2553 650 2635 703 sol
2665 648 2808 702 haud
2840 649 3161 704 diuturnam
3189 651 3304 707 illic
3333 668 3456 708 mo-

1886 754 2003 792 ram
2048 740 2295 806 trahens,
2348 755 2446 809 per
2492 741 2676 795 radios
2707 756 2838 796 suos
2875 756 2984 796 non
3033 743 3086 797 id
3125 761 3289 801 omne
3311 747 3458 817 quod

1884 833 2045 887 dulce
2074 840 2179 900 est,
2231 831 2436 886 educit.
2464 832 2629 901 Atqui
2676 848 2738 887 ea
2770 849 2986 903 quoque
3009 834 3309 890 animantia
3332 852 3457 906 qua:

1884 922 1938 975 in
2006 923 2140 976 mari
2192 922 2418 993 degunt,
2481 924 2738 979 dulcibus
2780 927 2938 993 aquis
2982 926 3255 996 gaudent;
3311 927 3457 983 unde

1883 1012 2045 1068 etiam
2092 1013 2161 1067 ad
2216 1013 2411 1070 ﬂuvios
2460 1015 2778 1083 frequenter
2816 1028 3066 1081 enatant,
3109 1028 3164 1074 et
3202 1021 3451 1090 procula

1880 1107 2018 1160 mari
2050 1107 2321 1163 feruntur.
2355 1108 2474 1173 Quo
2504 1109 2562 1161 lit
2600 1116 2659 1161 ut
2684 1107 2975 1163 Ponticum
3003 1112 3188 1166 sinum
3225 1113 3451 1180 reliquis

1878 1200 2136 1259 omnibus
2177 1208 2531 1270 anteponant,
2562 1212 2621 1257 ut
2650 1203 2741 1270 qui
2806 1212 2917 1256 tum
2955 1204 3020 1258 ad
3058 1206 3451 1275 procreandos,

204 1296 324 1342 tum
357 1290 422 1342 ad
444 1293 670 1346 alendos
695 1294 835 1348 lctus
864 1302 1024 1362 aptus
1048 1295 1138 1350 sit.
1179 1293 1278 1350 Ubi
1306 1308 1438 1349 vero
1458 1306 1523 1347 eo
1546 1305 1772 1345 munere
1799 1291 1959 1346 cuius
2000 1291 2185 1347 studio
2224 1293 2554 1349 tenebantur
2614 1296 2889 1365 perfuncti
2946 1306 3095 1361 sunt,
3156 1295 3452 1357 confertim

198 1398 397 1438 omnes
430 1385 650 1438 domum
690 1396 1055 1441 revertuntur.

278 1481 545 1544 Ἤκουσα,
579 1481 659 1532 ὅτι
691 1479 976 1544 θαλάσσιος
1014 1483 1208 1551 ἐχῖνος,
1249 1481 1312 1533 τὸ
1348 1477 1543 1551 μικρὸν
1575 1494 1778 1530 παντε-

1951 1468 2094 1524 Ibid.
2129 1500 2198 1515 --
2228 1469 2343 1526 Hoc
2371 1472 2577 1538 audivi,
2601 1474 2872 1528 marinum
2887 1475 3166 1542 echinum,
3193 1477 3451 1547 exiguum

198 1571 312 1635 λῶς
344 1572 437 1625 καὶ
460 1573 929 1644 εὐκαταφρόνητον
959 1575 1115 1636 ζῶον,
1164 1574 1481 1637 διδάσκαλος
1518 1572 1760 1633 πολλάκις

1877 1561 2011 1615 illud
2041 1577 2271 1632 prorsus
2293 1572 2347 1618 et
2372 1564 2643 1634 abiectum
2676 1567 2904 1629 animal,
2941 1569 3361 1638 tranquillitatis
3394 1579 3451 1625 et

200 1663 445 1734 γαλήνης
470 1666 561 1718 καὶ
593 1666 854 1728 κλύδωνος
876 1668 988 1729 τοῖς
1010 1666 1233 1718 πλέουσι
1260 1666 1489 1734 γίνεται.
1518 1666 1614 1728 Ὃς
1645 1665 1760 1717 ὃται

1874 1655 2216 1735 tempestatis
2275 1654 2594 1722 magistrum
2658 1668 2781 1709 sese
2863 1657 3254 1724 navigantibus
3306 1674 3452 1730 saepe

198 1758 398 1828 προῖδῃ
428 1758 670 1828 ταραχὴν
700 1758 921 1828 ἀνέμου,
948 1758 1156 1829 ψηφίδα
1199 1758 1319 1811 τινὰ
1357 1756 1605 1811 ὑπελθὼν
1644 1774 1760 1826 γεν-

1872 1742 2133 1812 praebere.
2165 1743 2297 1797 Nam
2320 1759 2442 1798 cum
2497 1753 2781 1799 ventorum
2813 1748 3275 1815 perturbationem
3319 1766 3450 1821 pro-

196 1848 379 1909 ναίαν,
406 1849 490 1901 ἐπ’
524 1850 661 1921 αὐτῇ
681 1850 869 1920 ῶσπερ
896 1851 984 1902 ἐπ’
1006 1848 1253 1920 ἀγκύρας
1275 1848 1508 1918 βεϐαίως
1528 1846 1760 1913 σαλεύει,

1872 1834 2049 1903 spicit,
2100 1850 2316 1904 gravem
2346 1845 2401 1891 et
2429 1837 2687 1890 eximium
2726 1839 2995 1893 calculum
3021 1840 3169 1894 subit
3193 1881 3208 1905 ,
3257 1842 3311 1896 in
3339 1857 3448 1913 quo

195 1939 562 2010 κατεχόμενος
590 1943 666 2011 τῷ
690 1941 845 2012 βάρει
875 1941 1012 2013 πρὸς
1042 1941 1101 1994 τὸ
1128 1942 1201 2012 μὴ
1233 1941 1431 2012 ῥᾳδίως
1450 1944 1563 2005 τοῖς
1588 1939 1770 2010 κύμα-

194 2049 283 2087 σιν
309 2034 698 2106 άποσύρεσθαι.
730 2034 901 2089 Τοῦτο
930 2038 1057 2090 ὅταν
1091 2036 1273 2089 ἴδωσιν
1317 2036 1367 2089 οί
1430 2035 1679 2089 ναυτικοὶ
1710 2032 1771 2087 τὸ

193 2128 441 2193 σημεῖον,
488 2126 635 2178 ἴσασι
680 2127 780 2196 τὴν
826 2124 1285 2196 προσδοκωμένην
1326 2124 1512 2195 βιαίαν
1551 2124 1769 2195 κίνησιν

193 2213 302 2264 τῶν
340 2215 572 2278 ἀνέμων.

276 2392 334 2447 Ὀ
368 2397 626 2465 καρκῖνος
671 2396 770 2466 τῆς
822 2397 1024 2468 σαρκὸς
1066 2397 1327 2471 ἐπιθυμεῖ
1363 2400 1459 2454 τοῦ
1516 2400 1765 2471 ὀστρέου,

190 2487 328 2542 ἀλλὰ
366 2488 672 2551 δυσάλωτος
705 2491 737 2559 ἡ
762 2490 906 2560 ἄγρα
937 2490 1085 2561 αὐτῷ
1108 2491 1196 2545 διὰ
1215 2492 1314 2564 τῆν
1350 2491 1644 2564 περιϐολὴν
1670 2491 1765 2545 τοῦ

188 2578 460 2649 ὀστράκου
481 2579 712 2648 γίνεται.
749 2580 1008 2652 Ἀρραγεῖ
1034 2580 1142 2653 γὰρ
1169 2583 1323 2655 ’ἐρκει
1346 2583 1409 2636 τὸ
1439 2583 1646 2638 ἁπαλὸν
1664 2584 1767 2651 τῆς

190 2672 394 2741 σαρκὸς
424 2673 457 2743 ἡ
491 2672 651 2741 φύσις
676 2674 1138 2744 κατησφαλίσατο.
1180 2676 1271 2729 Διὸ
1297 2678 1388 2729 καὶ
1409 2677 1766 2748 ὀστρακόδερ-

189 2778 294 2831 μον
318 2766 774 2835 προσηγόρευται.
808 2767 916 2818 Καὶ
938 2766 1127 2837 ἐπειδὴ
1156 2766 1248 2819 δύο
1268 2768 1582 2839 κοιλότητες
1605 2770 1765 2839 ἀκριο

186 2853 300 2917 ὄῶς
324 2854 582 2926 ἀλλήλαις
610 2855 1097 2927 προσηρμοσμέναι
1123 2855 1200 2927 τῷ
1231 2858 1438 2928 ὀστρέῳ
1456 2857 1762 2929 περιπτύσ-

187 2964 394 3012 σονται,
422 2950 737 3016 ἀναγκαίως
758 2949 1037 3019 ἄπρακταί
1068 2952 1205 3003 εἰσιν
1234 2953 1289 3004 αί
1317 2951 1481 3022 χηλαὶ
1507 2951 1601 3005 τοῦ
1627 2968 1764 3022 καρ-

186 3037 358 3091 κίνου.
389 3039 454 3092 Τί
491 3034 583 3093 οὖν
615 3043 790 3107 noui;
834 3042 962 3094 ὅταν
993 3042 1080 3115 ἴδῃ
1103 3044 1159 3095 ὲν
1193 3043 1501 3113 ἀπηνέμοις
1538 3043 1763 3114 χωρίοις

185 3128 309 3198 μεθ’
354 3130 548 3200 ἡδονῆς
588 3131 1038 3202 διαθαλπόμενον,
1087 3134 1183 3188 καὶ
1227 3135 1365 3205 πρὸς
1405 3135 1506 3199 τὰς
1533 3136 1761 3199 ἀκτῖνας

1873 1942 1980 1979 non
2009 1941 2171 1981 secus
2202 1942 2267 1980 ac
2298 1928 2355 1980 in
2407 1928 2651 1982 anchora
2678 1928 2799 1985 sine
2826 1929 3150 1986 discrimine
3179 1932 3293 1987 ullo
3327 1935 3449 2004 agi-

1871 2024 2022 2071 tatur
2060 2035 2072 2071 :
2104 2019 2306 2089 quippe
2342 2019 2436 2089 qui
2468 2020 2642 2091 lapilli
2664 2021 2807 2075 mole
2830 2023 3120 2089 retinetur,
3148 2028 3449 2095 quominus

1871 2108 2094 2165 facilea
2146 2110 2405 2167 ﬂuctibus
2470 2114 2847 2169 abstrahatur.
2898 2116 3052 2183 Quod
3078 2118 3296 2188 signum
3352 2120 3449 2176 ubi

1870 2210 2049 2257 nautae
2074 2220 2430 2275 perspexere,
2464 2206 2591 2260 hinc
2612 2208 2955 2277 exploratum
2986 2209 3191 2265 habent
3254 2213 3450 2283 ingen-

1870 2301 1977 2348 tem
2001 2302 2285 2349 ventorum
2316 2299 2740 2353 commotionem
2777 2300 3117 2369 impendere.

1940 2384 2083 2438 Ibid.
2120 2419 2191 2427 —
2217 2386 2428 2442 Cancer
2479 2391 2646 2444 ostrei
2707 2405 2928 2445 carnem
2960 2393 3185 2463 appetit.
3246 2393 3447 2451 Verum

1869 2484 2034 2547 captu
2082 2478 2325 2533 dilﬁcilis
2365 2480 2482 2535 haec
2536 2482 2718 2550 przeda
2763 2493 2848 2537 est
2880 2494 3275 2554 praptertesta':
3305 2488 3449 2543 inte-

1867 2580 2209 2642 gumentum.
2287 2571 2494 2627 Natura
2550 2574 2828 2641 siquidem
2888 2579 3075 2631 carnis
3157 2578 3447 2634 mollitiem

1868 2665 2025 2720 firmo
2058 2667 2470 2735 propugnaculo
2499 2667 2883 2722 communivit.
2916 2666 3072 2723 Unde
3101 2669 3203 2723 hoc
3225 2686 3448 2741 quoque

1866 2758 2303 2829 ὀστρακόδερμον
2353 2760 2677 2828 appellatur.
2710 2761 2792 2815 Ac
2846 2763 3107 2830 quoniam
3143 2762 3265 2817 dum
3298 2766 3447 2819 cavi-

1867 2856 2006 2902 tates
2060 2849 2127 2903 ad
2154 2852 2418 2904 amussim
2446 2850 2678 2903 invicem
2707 2860 2974 2921 coaptatae
3007 2863 3248 2907 ostreum
3288 2870 3445 2910 com-

1867 2940 2198 3011 plectuntur,
2256 2941 2381 2995 hinc
2410 2945 2719 2997 necessario
2751 2944 2808 2995 lit
2847 2951 2901 2995 nt
2950 2944 3297 2999 denticulatae
3314 2961 3446 3002 can-

1865 3036 1944 3087 cri
1976 3033 2208 3103 forcipes
2265 3035 2399 3088 nihil
2432 3035 2654 3089 omnino
2695 3035 2963 3090 coniicere
3012 3037 3245 3105 possint.
3301 3037 3446 3104 Quid

1866 3141 1997 3196 ergo
2046 3127 2215 3181 facit?
2244 3126 2379 3181 Cum
2422 3135 2667 3181 ostreum
2700 3128 2754 3181 in
2790 3128 2857 3181 iis
2887 3130 3018 3182 locis
3051 3146 3172 3198 quae
3212 3145 3239 3182 a
3267 3130 3445 3186 ventis

184 3220 279 3274 τοῦ
307 3222 457 3294 ⁴ἡλίου
477 3223 577 3287 τὰς
606 3224 814 3295 πτύχας
840 3225 1034 3279 ἑαυτοῦ
1063 3225 1478 3295 διαπλώσαντα,
1514 3230 1636 3282 τότε
1658 3228 1757 3283 λά-

1872 3226 2074 3271 remuta
2125 3228 2275 3281 sunt,
2307 3218 2680 3273 ammiiissime
2707 3233 2766 3274 se
2801 3219 3004 3280 fovere,
3045 3228 3213 3288 atque
3244 3219 3311 3273 ad
3344 3235 3443 3275 so-

185 3314 292 3385 θρα
313 3316 518 3387 ψηφῖδα
549 3318 920 3387 παρεμϐαλὼν
954 3322 982 3373 ὀ
1007 3324 1266 3392 καρκίνος
1289 3362 1303 3384 ,
1340 3321 1629 3375 διακωλύει
1662 3322 1760 3394 τὴν

188 3407 513 3479 σύμπτυξιν,
542 3410 635 3463 καὶ
668 3412 981 3481 εὑρίσκεται
1002 3412 1062 3465 τὸ
1094 3412 1341 3466 ἐλλεῖπον
1360 3414 1457 3483 τῆς
1479 3412 1762 3485 δυνάμεως

180 3499 269 3553 διὰ
293 3501 389 3571 τῆς
430 3502 670 3565 ἐπινοίας
709 3505 1142 3575 περιγινόμενον,
1186 3502 1337 3574 Αὕτη
1396 3505 1624 3575 ἡκακία
1651 3504 1761 3559 τῶν

187 3592 324 3663 μήτε
356 3592 536 3662 λόγου,
572 3595 709 3666 μήτε
744 3596 930 3666 φωνῆς
962 3596 1318 3667 μετεχόντων.
1738 3578 1748 3590 ’

257 3773 369 3825 Οὐκ
393 3773 458 3827 ἂν
484 3775 744 3847 παρέλθοι
772 3793 862 3847 μοι
880 3776 942 3829 τὸ
970 3776 1065 3830 τοῦ
1094 3776 1395 3839 πολύποδος
1419 3776 1635 3849 δολερὸν
1659 3779 1757 3831 καὶ

187 3865 500 3930 ἑπίπλοκον,
535 3868 563 3920 ὂ
590 3868 750 3940 ὁποίᾳ
795 3869 926 3922 ποτὲ
961 3868 1027 3923 ἂν
1071 3869 1247 3942 πέτρᾳ
1296 3869 1632 3942 περιπλακῇ,
1660 3870 1759 3941 τὴν

184 3958 400 4028 ἐκείνης
454 3959 713 4029 ύ-πέχεται
766 3960 955 4031 χρόαν,
1002 3961 1143 4015 ῶστε
1199 3962 1326 4025 τοὺς
1380 3961 1613 4025 πολλοὺς
1648 3963 1758 4015 τῶν

189 4052 384 4121 ἰχθύων
419 4053 745 4122 άπροόπτως
774 4055 1107 4125 νηχομένους
1135 4054 1213 4126 τῷ
1240 4054 1499 4107 πολύποδι
1530 4056 1756 4124 περιπί-

185 4160 359 4206 πτειν,
380 4148 446 4216 τῇ
478 4147 650 4218 πέτρᾳ
681 4145 865 4216 δῆθεν,
906 4145 1001 4199 καὶ
1032 4146 1219 4217 ἕτερον
1244 4145 1499 4215 γενέσθαι
1530 4145 1755 4217 Θήραμα

182 4236 258 4307 τῷ
283 4238 451 4291 πανού
461 4255 592 4309 ργῳ.

253 4330 459 4400 Γαῦρον
503 4333 530 4383 6
572 4330 905 4401 ἁλεκτρυὼν,
950 4330 1241 4401 φιλόκαλον
1284 4330 1314 4382 6
1355 4329 1522 4397 ταὼς,
1560 4329 1753 4400 λάγνοι

184 4422 525 4491 περιστεραὶ,
559 4422 653 4474 καὶ
703 4424 761 4475 αἱ
807 4423 1123 4475 κατοικίδιοι
1179 4422 1361 4494 ὄρνεις
1414 4422 1510 4476 ἐπὶ
1547 4422 1753 4487 παντὸς

181 4514 373 4584 καιροῦ
426 4514 487 4589 τδ
541 4514 895 4568 συνουσιακὸν
934 4514 1181 4584 ἔχουσαι*
1234 4513 1450 4585 δολερὸν
1480 4514 1510 4565 6
1552 4514 1749 4586 πέρδιξ

1864 3312 1931 3365 lis
1992 3311 2174 3366 radios
2224 3312 2597 3365 concavitates
2658 3326 2790 3365 snas
2850 3314 3123 3381 explicare
3154 3314 3439 3383 perspicit,

1860 3408 1976 3453 tum
2015 3398 2205 3454 furtim
2264 3401 2464 3470 injecto
2486 3401 2704 3455 calculo
2728 3404 2986 3470 prohibet
3024 3418 3094 3457 ne
3121 3418 3319 3459 rursus
3343 3419 3443 3459 eas

1860 3493 2181 3563 centiplicet,
2234 3501 2397 3561 atque
2440 3493 2513 3546 ita
2542 3493 2596 3547 id
2639 3495 2785 3563 quod
2835 3494 3049 3550 viribus
3079 3495 3283 3560 deerat,
3311 3496 3443 3551 arti-

1860 3585 1986 3638 licio
2041 3594 2206 3655 atque
2263 3584 2542 3640 industria
2583 3587 2892 3656 suppletur.
2926 3587 3056 3642 Haec
3107 3594 3193 3642 est
3232 3589 3442 3644 malitia

1858 3689 2049 3729 eorum
2072 3691 2194 3744 quae
2222 3691 2324 3731 nec
2347 3690 2536 3731 vocem
2571 3692 2672 3731 nec
2702 3676 2972 3732 rationem
3002 3678 3222 3732 habent.

1933 3766 2129 3836 Ejusd.
2161 3798 2231 3809 —-
2264 3769 2378 3823 Nec
2443 3784 2571 3822 vero
2611 3776 2786 3823 astum
2837 3772 3440 3845 versutiamquepolypi

1858 3858 2081 3915 silentio
2106 3861 2446 3931 praeteriero,
2471 3862 2562 3931 qui
2596 3862 2662 3916 ad
2694 3862 3069 3933 quodcunque
3107 3880 3304 3919 saxum
3342 3864 3443 3919 ad-

1859 3950 2101 4012 haeserit,
2144 3952 2288 4007 illius
2338 3954 2576 4008 colorem
2624 3954 2796 4008 subit.
2838 3954 2913 4009 Ex
2951 3972 3060 4022 quo
3093 3957 3328 4011 eliicitur
3378 3966 3440 4012 ut

1860 4044 2015 4097 multi
2050 4043 2209 4115 527
2235 4046 2415 4115 pisces
2438 4046 2738 4117 improviso
2764 4057 3040 4109 natantes,
3063 4049 3117 4102 in
3148 4065 3272 4104 eum
3315 4058 3439 4103 tan-

1856 4150 2020 4205 quam
2047 4138 2103 4190 in
2129 4152 2317 4191 saxum
2350 4139 2618 4203 incidant,
2644 4140 3052 4210 veteratoriqne
3073 4141 3150 4195 illi
3179 4142 3439 4212 protinus

1856 4229 1911 4284 in
1932 4230 2170 4299 praedam
2212 4228 2429 4286 cedant.

1932 4321 2125 4389 Ejusd.
2147 4320 2333 4375 homil.
2366 4322 2420 4377 8.
2448 4353 2515 4362 —
2540 4321 2785 4391 Superbe
2810 4322 2984 4391 gallus
3029 4323 3282 4393 graditur
3308 4325 3427 4394 gal-

1856 4416 2123 4481 linaceus,
2177 4415 2397 4470 decoris
2448 4425 2537 4470 est
2568 4415 2857 4469 studiosus
2898 4429 3061 4483 pavo,
3100 4416 3316 4471 salaces
3339 4431 3434 4471 co-

1857 4510 2060 4564 lumba:
2121 4524 2187 4563 ac
2213 4508 2532 4564 domesticae
2564 4510 2839 4570 volucres,
2876 4519 2936 4563 ut
2963 4524 3084 4577 quae
3102 4512 3256 4565 omni
3288 4522 3429 4566 tem-

181 4608 276 4661 καὶ
309 4606 628 4679 ζηλότυπον,
665 4608 989 4678 κακούργως
1023 4607 1393 4678 συμπράττων
1423 4607 1538 4670 τοῖς
1562 4606 1755 4679 θηρευ-

1872 4617 1987 4657 )ore
2020 4602 2297 4672 proclives
2330 4603 2386 4655 in
2424 4616 2677 4656 venerem
2698 4602 2843 4669 sint;
2872 4603 3076 4657 callida
3097 4610 3153 4658 et
3179 4605 3430 4675 zelotypa

178 4702 295 4763 ταῖς
323 4700 458 4771 πρὸς
489 4699 587 4771 τὴν
620 4700 816 4771 ἄγραν.

246 4878 368 4932 Τῶν
406 4877 677 4949 μελισσῶν
705 4879 860 4951 κοινὴ
894 4880 992 4951 μὲν
1036 4882 1070 4951 ή
1128 4881 1362 4951 οἴκησις,
1412 4880 1651 4952 δργαοία
1693 4881 1752 4935 δὲ

177 4971 392 5026 πάντων
441 4972 566 5041 μίαν
615 4973 711 5026 καὶ
736 4973 798 5025 τὸ
830 4972 1087 5042 μέγιστον
1124 4973 1205 5026 ὅτι
1245 4974 1351 5026 ὑπὸ
1400 4973 1613 5044 βασιλεί
1653 4973 1752 5028 καὶ

175 5064 384 5135 ἐξάρχω
410 5065 518 5117 τινὶ
559 5065 670 5119 τῶν
714 5064 891 5137 ἔργων
926 5065 1211 5131 ἅπτονται,
1237 5067 1299 5120 ού
1330 5068 1599 5139 πρότερον
1638 5085 1743 5122 κα-

174 5160 518 5228 ταδεχόμενοι
582 5161 674 5212 ἐπὶ
735 5160 861 5223 τοὺς
902 5159 1176 5229 λειμῶνας
1229 5161 1425 5224 ἐλθεῖν,
1491 5162 1623 5231 πρὶν
1676 5161 1747 5216 ἂν

178 5251 356 5306 ἴδωσιν
386 5252 729 5322 κατάρξαντα
765 5255 857 5307 τὸν
901 5253 1127 5325 βασιλέα
1171 5255 1269 5325 τῆς
1313 5255 1588 5325 πτήσεως.
1633 5254 1747 5309 Καὶ

176 5342 317 5394 ἔστιν
356 5345 549 5406 αὐταῖς
581 5343 641 5395 οὐ
673 5345 1043 5415 χειροτόνητος
1072 5346 1099 5398 ὀ
1146 5343 1397 5414 βασιλεύς
1417 5361 1430 5375 '
1481 5344 1745 5409 πολλάκις

174 5434 279 5503 γὰρ
309 5436 403 5489 καὶ
443 5436 684 5507 ἀκρασία
710 5449 735 5477 ι
773 5437 948 5507 δήμου
992 5437 1085 5490 τὸν
1118 5438 1391 5509 χείριστον
1437 5438 1520 5499 είς
1567 5438 1744 5508 ἀρχὴν

173 5528 544 5596 προεστήσατο
565 5543 578 5556 ·
612 5526 734 5580 οὐδὲ
784 5527 1073 5599 κληρωτὴν
1102 5527 1239 5598 ἔχων
1288 5528 1389 5599 τὴν
1443 5525 1693 5592 ἐξουσίαν
1726 5545 1743 5561 θ

173 5616 349 5686 ἄλογοι
386 5616 496 5689 γάρ
528 5620 584 5675 αἱ
620 5620 902 5692 συντυχίαι
944 5621 1052 5675 τῶν
1082 5620 1321 5692 κλήρων,
1354 5619 1449 5674 ἐπὶ
1478 5618 1567 5673 τὸν
1602 5618 1742 5673 πάν-

1853 4694 2068 4765 perdix,
2123 4708 2248 4764 quae
2345 4694 2582 4750 subdole
2667 4695 3027 4751 venatoribus
3079 4712 3305 4767 operam
3357 4688 3430 4752 ad

1850 4788 2093 4861 praedam
2133 4797 2319 4845 navet.

1918 4881 2225 4938 Commune
2298 4880 2498 4953 apibus
2539 4881 2884 4939 domicilium
2940 4893 3049 4950 est,
3114 4884 3429 4940 communis

1849 4976 2100 5031 omnium
2157 4976 2345 5044 labor;
2382 4974 2648 5045 quodque
2697 4977 2946 5032 omnium
2996 4978 3297 5032 maximum
3321 4984 3425 5040 est,

1851 5071 1955 5127 sub
1993 5084 2105 5126 uno
2131 5085 2259 5143 rege
2285 5077 2336 5125 et
2365 5070 2621 5141 principe
2659 5086 2860 5143 operas
2889 5080 3209 5141 capessunt.
3241 5069 3429 5141 Neque

1851 5162 1997 5218 enim
2032 5162 2191 5233 prius
2238 5161 2308 5216 ad
2346 5158 2506 5231 prata
2536 5178 2597 5219 se
2626 5165 2884 5219 conferre
2908 5163 3208 5225 sustinent,
3256 5177 3423 5234 quam

1848 5269 2034 5324 regem
2084 5254 2336 5311 avolasse
2388 5255 2651 5313 viderint.
2676 5255 2789 5311 Nec
2834 5269 2966 5310 vero
3007 5253 3151 5323 apud
3176 5268 3273 5309 eas
3306 5252 3428 5308 sul“-

1850 5345 2044 5417 fragiis
2069 5361 2167 5403 rex
2205 5354 2427 5403 creatur
2456 5347 2807 5420 (frequenter
2845 5346 2990 5401 enim
3025 5345 3209 5417 populi
3236 5360 3427 5401 vecors

1852 5436 1944 5492 dia
1972 5438 2175 5495 factum
2205 5446 2290 5493 est
2327 5445 2389 5492 ut
2419 5439 2513 5509 qui
2548 5439 2827 5509 pessimus
2852 5446 2999 5494 esset
3028 5438 3096 5491 ad
3130 5436 3425 5507 imperium

1851 5529 2284 5600 ascisceretur),
2331 5544 2435 5587 nec
2471 5545 2672 5585 rursus
2706 5530 2906 5584 sortito
2940 5529 3236 5599 imperium
3276 5526 3426 5583 obti-

1852 5628 1945 5676 net
1996 5621 2057 5692 (a
2077 5621 2293 5678 ratione
2317 5621 2519 5693 quippe
2553 5619 2732 5676 aliena
2762 5628 2890 5675 sunt
2942 5634 3065 5691 quae
3097 5626 3245 5674 sorte
3285 5630 3427 5673 con-

1472 5794 1709 5853 VAlilA'I
1746 5795 2155 5854 LECTIONES.

243 5900 270 5935 ι
292 5889 433 5948 Edit.
456 5892 666 5960 Basilii,
696 5895 939 5966 ἁκρισια.
