4052 6402
572 364 716 429 ³5⁸15

1730 366 1792 426 S.
1830 363 2148 425 JOANNIS
2172 363 2564 423 DAMASCEN
2572 364 2599 422 Ι

3691 357 3825 424 15ἷῦ

569 480 813 547 tingunt,
846 484 904 529 ιιι
925 492 1045 544 qua:
1067 491 1172 529 non
1201 491 1325 531 rare
1354 476 1403 531 ei
1433 477 1525 546 qni
1560 477 1807 532 omnium
1832 486 2130 548 postremus

2246 493 2354 530 των
2381 477 2608 549 ἔσχατον
2637 476 2896 540 πολλάκις
2925 476 2987 529 τὸ
3016 475 3216 545 κράτος
3248 472 3482 545 ἀκρισία
3513 473 3785 543 φέρουσαι
3807 490 3823 505 ’

566 576 675 631 est.
725 567 1016 636 imperium
1069 568 1310 634 tradat),
1372 583 1471 624 nec
1498 569 1741 637 denique
1766 578 1993 638 paterna
2025 585 2146 624 suc-

567 661 821 716 cessione
879 671 933 716 et
986 662 1309 716 lnereditate
1369 661 1533 730 regiis
1602 661 1807 716 insidet
1874 661 2040 733 (nam
2092 662 2142 717 hi

565 765 792 820 quoque
850 752 923 805 ob
951 752 1141 805 luxum
1187 762 1244 805 et
1270 752 1702 806 assentationem
1738 760 1797 806 ut
1846 751 2142 823 plurimum

568 841 758 897 stolidi
817 843 1111 912 omnisque
1136 842 1363 896 virtutis
1393 842 1567 912 ignari
1610 842 1953 910 exsistunt),
1988 840 2086 897 sed
2118 856 2144 891 τι

568 940 765 987 natura
789 932 1080 1005 primatum
1101 932 1285 987 habet.
1311 932 1578 997 Quamvis
1598 933 1745 988 enim
1774 947 1870 986 rex
1893 931 2144 986 aculeum

566 1021 789 1087 habent,
847 1039 913 1076 eo
981 1031 1163 1077 tamen
1219 1022 1284 1077 ad
1319 1024 1623 1078 vindictam
1682 1023 1911 1078 minime
1944 1022 2142 1079 utitur.

565 1116 806 1180 Audiant
837 1115 1163 1181 Christiani,
1194 1116 1399 1184 quibus
1459 1114 1808 1171 interdicitur
1843 1129 1911 1170 ne
1938 1114 2141 1168 malum

564 1222 664 1278 pro
714 1207 859 1261 malo
909 1206 1161 1269 reddant,
1219 1207 1313 1263 sed
1351 1207 1576 1262 vincant
1629 1208 1683 1262 in
1727 1209 1875 1262 bono
1937 1208 2141 1262 malum

562 1297 755 1366 (Rom.
823 1315 923 1362 χιι,
961 1300 1024 1352 9.1
1054 1300 1098 1370 ).
1128 1298 1423 1354 ltuitamini
1449 1299 1503 1354 id
1537 1301 1681 1370 quod
1715 1300 1834 1371 apis
1863 1301 2144 1371 peculiare

558 1400 667 1457 est,
721 1393 985 1447 nimirum
1041 1394 1187 1461 quod
1248 1393 1386 1451 citra
1435 1394 1584 1463 regis
1636 1393 1928 1464 imperium
2005 1395 2143 1451 nihil

556 1482 859 1553 quidquam
912 1483 1232 1539 detrimenti
1284 1493 1530 1553 praestet.
1564 1499 1662 1539 nec
1684 1484 1898 1541 alienos
1926 1484 2143 1541 fructus

559 1575 945 1630 labefactanda
1013 1575 1167 1631 favos
1225 1575 1454 1631 condat.
1488 1574 1633 1642 Quin
1685 1592 1787 1632 nec
1815 1578 1885 1633 ad
1948 1593 2140 1634 omnes

557 1662 720 1719 flores
775 1666 1091 1733 promiscue
1143 1665 1388 1730 accedit,
1451 1674 1509 1720 et
1548 1666 1617 1720 ad
1656 1683 1796 1738 quos
1819 1670 2137 1734 accesserit,

558 1754 653 1811 ubi
708 1766 973 1825 quantum
1010 1755 1079 1810 ad
1132 1772 1274 1827 Opus
1309 1768 1503 1827 aptum
1550 1758 1645 1825 sit,
1715 1761 2037 1830 sumpserit,
2082 1761 2136 1815 id

2244 570 2365 623 οὐδὲ
2383 570 2447 624 ἐκ
2467 570 2739 642 πατρικῆς
2754 568 3005 639 διαδοχῆς
3018 570 3128 631 τοῖς
3147 567 3437 638 βασιλείοις
3455 567 3823 634 ἐγκαθεζόμε-

2242 681 2333 727 νος
2352 680 2365 694 ’
2384 663 2479 717 καὶ
2496 663 2604 735 γὰρ
2619 655 2767 717 οὗτοι
2794 663 3110 716 ἀπαίδευτοι
3128 662 3221 714 καὶ
3242 659 3478 731 ἀμαθεῖς
3500 661 3689 728 πάσης
3706 660 3833 730 ἀρεκ

2241 757 2339 826 τῆς
2359 756 2447 810 διὰ
2473 756 2685 829 τρυφὴν
2711 758 2806 811 καὶ
2838 755 3128 811 κολακείαν
3151 755 3228 818 ὡς
3258 754 3331 807 τα
3352 753 3525 807 πολλὰ
3549 754 3828 821 γίνονται’

2241 844 2358 900 ἀλλ’
2412 846 2477 899 ὲκ
2535 846 2749 916 φύσεως
2788 847 2926 916 ἔχων
2974 845 3039 898 τὸ
3083 846 3226 900 κατὰ
3272 846 3491 899 πάντων
3530 845 3827 913 πρωτεῖον.

2247 938 2401 992 Ἐστι
2426 938 2525 1010 μὲν
2552 940 2663 1010 γὰρ
2682 939 2761 1010 τῷ
2792 938 3002 1010 βασιλεί
3030 939 3279 1008 κέντρον.
3306 937 3421 991 ἀλλ’
3452 936 3515 989 οὗ
3550 935 3830 1005 κέχρηται

2241 1030 2416 1101 τούτῳ
2458 1030 2595 1102 πρὸς
2622 1030 2858 1101 ἄμυναν.
2899 1028 3276 1082 Ἀκουέτωσαν
3304 1029 3354 1081 οἱ
3378 1028 3724 1096 Χριστιανοὶ,
3751 1019 3829 1087 οἷς
3858 1104 3868 1115 '

2243 1123 2576 1194 πρόσταγμὰ
2606 1127 2742 1187 ἐστι,
2776 1122 2946 1177 κακὸν
2978 1123 3102 1176 ἀντὶ
3135 1120 3306 1175 κακοῦ
3346 1121 3539 1192 μηδενὶ
3579 1118 3828 1172 ἀποδιδό-

2243 1233 2352 1282 ναι,
2377 1216 2515 1271 ἀλλὰ
2542 1218 2699 1288 νικᾷν
2729 1218 2787 1269 ἐν
2818 1215 2896 1285 τῷ
2924 1215 3118 1286 ἀγαθῷ
3158 1215 3217 1268 τὸ
3268 1215 3459 1269 κακόν.
3489 1212 3829 1285 Μιμήσασθε

2240 1306 2343 1376 τῆς
2379 1306 2648 1377 μελίσσης
2677 1306 2737 1359 τὸ
2774 1307 3108 1377 ἰδιότροπον·
3139 1307 3222 1361 ὅτι
3266 1303 3364 1357 τοῦ
3405 1304 3677 1373 βασιλέως
3708 1304 3831 1371 δίχα

2241 1399 2393 1454 οὐδὲν
2456 1398 2848 1469 λυμαινομένη,
2910 1398 3032 1452 οὐδὲ
3081 1398 3297 1469 καρπὸν
3364 1397 3658 1467 ἀλλότριον
3710 1395 3828 1448 δια·

2243 1491 2564 1564 φθείρουσα,
2598 1492 2666 1545 τὰ
2690 1492 2859 1564 κηρία
2910 1492 3314 1563 συμπήγνυσιν.
3353 1485 3528 1544 Λῦται
3588 1489 3651 1542 δὲ
3706 1489 3828 1543 οὔτε

2241 1585 2415 1640 ἅπασι
2449 1588 2564 1650 τοῖς
2610 1585 2829 1641 ἄνθεσιν
2878 1585 3279 1657 παραπλησίως
3332 1585 3690 1655 ἐπέρχονται,
3738 1584 3829 1636 καὶ

2240 1673 2322 1740 οἷς
2350 1676 2417 1733 ἂν
2445 1676 2473 1717 ιι
2503 1676 2808 1746 ἐπιτήδειον
2842 1676 2976 1747 πρὸς
3008 1675 3111 1746 τὴν,
3148 1675 3411 1746 ἐργασίαν
3445 1674 3743 1734 λαϐοῦσαι,
3771 1673 3831 1726 τδ

2240 1769 2426 1822 λοιπὸν
2452 1770 2666 1841 χαίρειν
2695 1770 2933 1838 ἀφῆκαν.
2979 1767 3083 1821 Τὸν
3120 1768 3221 1839 μὲν
3246 1768 3417 1838 κηρὸν
3443 1767 3554 1821 ἀπὸ
3594 1766 3709 1820 τῶν
3742 1769 3829 1819 ἁν-

554 1845 704 1916 qnod
733 1846 1015 1902 residuum
1045 1854 1133 1904 est
1156 1850 1335 1905 valere
1364 1850 1548 1919 jubet.
1590 1850 1670 1906 Ac
1700 1866 1886 1907 ceram
1908 1853 2130 1923 quidem

2243 1862 2352 1916 θῶν
2376 1862 2628 1934 φανερῶς
2662 1860 2995 1932 συναγείρει,
3025 1861 3086 1915 τὸ
3116 1860 3174 1914 δὲ
3208 1860 3331 1932 μέλι
3363 1859 3466 1930 τὴν
3501 1858 3829 1930 δροσοειδῶς

552 1953 586 1993 e
611 1938 846 1995 floribus
881 1940 1060 2009 palam
1095 1941 1308 2011 colligit
1347 1957 1360 1994 :
1393 1944 1501 1997 mel
1538 1952 1748 2008 antem,
1789 1944 1895 2001 hoc
1915 1954 2002 2001 est
2037 1946 2140 2001 hu-

555 2044 766 2088 morem
820 2048 947 2085 enm
1009 2033 1104 2102 qui
1156 2036 1299 2090 roris
1358 2036 1534 2090 instar
1582 2037 1812 2094 fioribus
1854 2038 2139 2109 inspersus

551 2128 665 2185 est,
717 2131 1013 2177 attractqu
1062 2139 1159 2177 ore
1192 2127 1522 2182 cellularum
1551 2130 1999 2185 concavitatibus
2032 2131 2138 2186 im-

556 2211 743 2266 mittit.
788 2214 865 2267 Ac
906 2214 1137 2283 proinde
1166 2217 1449 2273 humidum
1498 2235 1723 2290 quoque
1749 2221 1984 2291 primum
2015 2233 2136 2289 est;

554 2315 683 2375 post
721 2318 928 2368 autem.
986 2309 1076 2363 ubi
1113 2313 1377 2380 temporis
1409 2330 1704 2386 progressu
1755 2327 1971 2373 coctum
2031 2326 2135 2384 est,

552 2397 625 2452 ad
650 2400 890 2456 nativam
938 2404 1347 2459 concretionem
1382 2421 1449 2461 ac
1480 2407 1831 2465 dulcedinem
1863 2426 2023 2469 suam
2049 2427 2139 2467 re-

551 2488 655 2547 dit.
712 2489 782 2543 Ea
830 2507 997 2561 porro
1032 2503 1153 2549 arte
1206 2506 1262 2550 et
1307 2496 1490 2551 studio
1529 2498 1710 2556 mellis
1758 2504 2135 2572 promptuaria

547 2581 817 2648 elaborat,
857 2592 914 2637 ut
945 2583 1265 2655 frequentes
1295 2596 1463 2658 atque
1510 2590 1745 2647 invicem
1779 2594 2134 2650 cohaerentes

550 2671 822 2727 cavitates
851 2685 1130 2743 exstruat,
1164 2694 1278 2749 quo
1316 2681 1563 2737 densitas
1588 2683 1681 2737 illa
1714 2694 1921 2739 mutua:
1950 2702 2133 2741 rerum

549 2756 910 2813 minimarum
962 2765 1334 2835 colligationis
1365 2784 1506 2838 opus
1554 2773 1880 2829 universum
1912 2783 2136 2831 susten-

550 2857 632 2903 tet
663 2858 719 2902 et
773 2850 986 2908 fulciat.
1025 2854 1480 2928 Uuiuscujnsque
1508 2863 1654 2916 enim
1713 2865 1917 2919 cellula
1953 2867 2134 2922 utrin-

546 2957 658 3010 que
709 2946 972 3006 cohaeret.
1029 2951 1184 3003 tenui
1237 2952 1307 3005 ab
1354 2954 1464 3007 alia
1522 2963 1681 3025 septo
1734 2957 2012 3029 dirempta
2077 2969 2134 3014 et

542 3034 826 3103 copulata.
858 3035 1000 3102 Quin
1032 3049 1088 3094 et
1119 3039 1344 3110 distegae
1376 3047 1733 3117 tristegteqne
1751 3047 1952 3105 ﬁstula:
1975 3061 2130 3118 sunt,

546 3132 717 3195 atque
755 3127 874 3183 alia:
932 3146 1101 3200 supra
1134 3134 1272 3189 alias
1304 3135 1609 3192 tedilicatae.
1650 3139 1931 3196 Caverunt
1978 3144 2129 3199 enim

2242 1955 2596 2027 ἐσπαρμένην
2630 1954 2808 2008 νοτίδα
2865 1956 2980 2013 τοῖς
3030 1952 3249 2007 ἄνθεσιν
3282 1951 3724 2020 ἐπισπασαμένη
3760 1948 3831 2018 τῷ

2243 2048 2490 2119 στόματι,
2515 2046 2721 2117 ταύτην
2753 2049 2874 2110 ταῖς
2906 2046 3183 2118 κοιλότησι
3209 2047 3321 2099 τῶν
3350 2047 3563 2117 κηρίων
3597 2045 3830 2114 ἐνίησιν.

2242 2140 2406 2196 Ὅθεν
2436 2142 2528 2194 καὶ
2573 2141 2742 2211 ὑγρὸν
2789 2142 2942 2212 παρὰ
2978 2140 3078 2213 τὴν
3106 2139 3334 2213 πρώτην
3368 2140 3519 2193 ἐστίν
3541 2154 3557 2169 ·
3606 2133 3732 2191 εἶτα
3758 2135 3831 2206 τῷ

2240 2234 2417 2307 χρόνῳ
2453 2234 2792 2304 συμπεφθὲν,
2829 2235 2968 2306 πρὸς
3018 2234 3118 2307 τὴν
3172 2234 3382 2287 οίκείαν
3434 2234 3710 2286 σύστασιν
3738 2230 3830 2283 καὶ

2240 2327 2433 2399 ἡδονὴν
2480 2326 2863 2399 ἐπανέρχεται.
2900 2326 3058 2382 Οὕτω
3100 2326 3158 2380 δὲ
3210 2326 3391 2395 σοφῶς
3434 2324 3828 2395 φιλοτεχνοῦσα

2235 2418 2338 2482 τὰς
2390 2416 2675 2489 ἀποθήκας
2727 2416 2823 2471 τοῦ
2876 2417 3114 2489 μέλιτος,
3159 2418 3240 2481 είς
3286 2416 3488 2470 λεπτὸν
3522 2415 3711 2486 ὑμένα
3743 2414 3828 2467 τὸν

2238 2511 2408 2583 κηρὸν
2463 2511 2799 2577 διατείνασα,
2850 2510 3068 2575 πυκνὰς
3110 2511 3210 2564 καὶ
3260 2510 3511 2579 συνεχεῖς
3561 2508 3827 2579 ἀλλήλαις

2238 2604 2614 2675 συνοικοδομεῖ
2640 2602 2739 2666 τὰς
2769 2602 3112 2671 κοιλότητας.
3142 2601 3219 2666 ὡς
3245 2601 3306 2655 τὸ
3346 2600 3556 2654 πυκνὸν
3585 2600 3693 2671 τῆς
3722 2599 3828 2651 τῶν

2238 2696 2582 2767 μικροτάτων
2621 2696 2760 2767 πρὸς
2812 2695 3021 2768 ἄλληλα
3059 2696 3259 2760 δέσεως
3295 2694 3533 2768 ἔρεισμα
3564 2693 3826 2762 γενέσθαι

2233 2788 2312 2860 τῷ
2355 2789 2539 2843 παντί.
2583 2790 2823 2861 Ἐκάστη
2869 2792 2981 2861 γὰρ
3026 2790 3261 2861 φρεὰτια
3295 2800 3343 2854 ε,
3395 2789 3497 2859 τῆς
3550 2789 3824 2857 ἑκατέρας

2230 2883 2419 2955 ,ἔχεται
2443 2898 2458 2911 ·
2488 2881 2672 2954 λεπτῷ
2705 2883 2814 2953 γὰρ
2860 2882 3004 2954 πρὸς
3034 2882 3206 2954 αὐτῆς
3238 2880 3565 2952 διισταμένη
3601 2898 3668 2933 τε
3691 2880 3821 2949 ὀμοῦ

2235 2975 2331 3029 καὶ
2378 2977 2763 3047 συναπτομένη
2817 2978 2897 3047 τῷ
2947 2974 3348 3047 διαφράγματι.
3382 2976 3625 3028 Ἔπειτα
3654 2974 3823 3044 διόρο-

2234 3086 2325 3138 φοι
2354 3071 2451 3129 καὶ
2480 3056 3053 3141 τριόροφοισύριγγες
3078 3070 3242 3124 αὑταὶ
3262 3068 3525 3140 ἀλλήλαις
3548 3069 3810 3139 ἐπῳκοδό

2157 3188 2199 3244 C
2236 3178 2456 3233 μηνται.
2503 3162 2869 3231 Ἐφυλάξαντο
2926 3163 3034 3234 γὰρ
3073 3162 3204 3233 μίαν
3233 3161 3461 3233 ποιῆσαι
3512 3163 3821 3233 διαμπερὲς

544 3233 619 3283 ne
666 3220 1004 3288 perforatam
1054 3226 1319 3296 utrinque
1393 3229 1693 3285 cavitatem
1755 3231 2024 3299 facerent,
2058 3252 2129 3293 ne

2356 3220 2667 3324 κοιλότητα,
2703 3220 2789 3309 ἵνα
2833 3256 2908 3327 μὴ
2937 3220 3031 3326 Et}.
3060 3220 3223 3327 βάρει
3270 3220 3543 3327 τὸλΰγρὸν
3589 3220 3786 3325 πρὸς-’τ

538 3308 746 3372 humor
807 3317 1077 3383 gravitate
1109 3333 1213 3372 sua
1276 3319 1429 3375 foras
1476 3322 1843 3381 dilaberetur.
1906 3328 2129 3400 Inspice

543 3418 658 3473 quo
694 3418 855 3475 pacto
905 3413 1223 3476 geometria:
1254 3412 1607 3472 inventiones
1652 3419 1799 3474 velut
1829 3420 2014 3477 obiter
2035 3439 2131 3480 sa-

538 3497 893 3567 pientissima
943 3504 1066 3570 apis
1097 3517 1459 3575 exsequatur.
1515 3510 1844 3583 Sexangulte
1877 3519 2026 3571 enim
2074 3524 2130 3573 et

541 3588 877 3657 aequitatem:
943 3601 1076 3646 sunt
1142 3610 1337 3651 omnes
1372 3596 1627 3655 favorum
1676 3601 1896 3667 fistulae,
1934 3621 2035 3662 nec
2071 3607 2125 3662 in

543 3689 758 3742 rectum
815 3682 936 3736 alia:
963 3683 1091 3739 aliis
1114 3685 1464 3755 incumbunt,
1488 3706 1559 3746 ne
1588 3690 1712 3747 ima:
1741 3705 1929 3763 partes
1963 3697 2125 3752 labo-

544 3781 684 3835 rent,
716 3774 1287 3847 inanibnscoaptatte;
1317 3796 1507 3835 verum
1534 3786 1965 3853 sexangnlorum
1986 3788 2128 3845 infe-

536 3863 753 3915 riorum
785 3864 970 3934 anguli
1009 3865 1353 3921 fundamenti
1401 3876 1459 3922 et
1488 3871 1790 3927 columinis
1823 3873 1941 3929 loco
1967 3884 2123 3942 sunt,

539 3970 651 4022 quo
711 3965 835 4010 tuto
884 3972 1010 4027 qua:
1044 3974 1211 4028 supra
1245 3972 1376 4017 snut
1428 3963 1673 4032 pondera
1724 3969 2047 4038 sustollant,
2069 3980 2125 4026 et

528 4046 794 4115 privatim
849 4049 906 4105 in
945 4066 1281 4123 unaquaque
1324 4054 1564 4112 cavitate
1595 4056 1795 4115 humor
1826 4063 2120 4119 continea-

541 4148 655 4193 tur.

610 4230 805 4299 Ejusd.
838 4263 907 4274 --
938 4233 1174 4300 Quinam
1208 4252 1340 4293 vero
1375 4238 1549 4303 fiat,ut
1577 4256 1748 4311 grues
1773 4246 1961 4313 noctis
1984 4248 2123 4318 vigi-

532 4324 644 4380 lias
674 4326 920 4380 vicissim
958 4329 1306 4399 suscipiant;
1354 4341 1548 4401 utque,
1581 4334 1713 4390 dum
1738 4348 1952 4395 caetera:
1979 4341 2118 4396 dor-

536 4415 739 4477 miunt.
771 4432 878 4470 una
908 4417 961 4471 in
993 4419 1182 4474 orbem
1211 4420 1570 4490 circumiens,
1600 4441 1875 4485 summam
1896 4430 1967 4488 iis
1992 4449 2119 4504 quae

2229 3345 2387 3409 ἐκτὸς
2417 3345 2707 3420 διαπίπτῃ.
2751 3348 3055 3420 Κατάμαθε
3085 3350 3204 3413 πῶς
3227 3348 3295 3402 τὰ
3327 3352 3430 3421 τῆς
3463 3348 3818 3420 γεωμετρίας

2229 3438 2511 3510 εὑρέματα
2559 3440 2815 3511 πάρεργά
2859 3441 2977 3495 ἐστι
3013 3441 3115 3511 τῆς
3155 3441 3473 3514 σοφωτάτης
3525 3442 3817 3513 μελίσσης.

2228 3528 2539 3599 ’Ἑξάγωνοι
2571 3532 2683 3603 γὰρ
2725 3533 2899 3585 πᾶσαι
2929 3531 3025 3586 καὶ
3050 3531 3362 3604 ίσόπλευροι
3390 3532 3501 3586 τῶν
3528 3533 3744 3605 κηρίων
3764 3535 3816 3586 αῖ

2230 3620 2512 3692 σύριγγες,
2540 3624 2643 3676 οὐκ
2673 3625 2759 3677 ἐπ’
2784 3623 3004 3686 εὐθείας
3031 3624 3281 3698 ἀλλήλων
3321 3627 3816 3697 κατεπεκείμεναι,

2229 3714 2317 3768 ἵνα
2364 3716 2439 3787 μὴ
2469 3718 2721 3786 κάμωσιν
2753 3718 2808 3770 οἱ
2855 3718 3135 3791 πυθμένες
3170 3721 3285 3784 τοῖς
3326 3718 3601 3783 διακένοις
3642 3721 3814 3790 ἐφηρ-

2228 3806 2510 3876 μοσμένοι,
2550 3806 2665 3860 ἀλλ’
2716 3808 2773 3861 αἱ
2816 3809 3011 3878 γωνίαι
3060 3809 3169 3865 τῶν
3218 3810 3467 3865 κάτωθεν
3520 3810 3814 3880 έξάγωνοι,

2226 3896 2429 3967 βάθρον
2462 3898 2556 3951 καὶ
2589 3899 2826 3971 ἔρεισμα
2866 3903 2986 3965 ταῖς
3032 3903 3141 3955 τῶν
3191 3903 3609 3974 ὑπερκειμένων
3642 3906 3814 3968 ἐστὶν,

2222 3989 2298 4052 ὡς
2325 3989 2588 4060 ἀσφαλῶς
2619 3991 2760 4062 ὑπὲρ
2784 3993 2975 4067 αὐτῶν
3024 3995 3383 4064 μετεωρίζειν
3408 3994 3480 4048 τὰ
3506 3995 3677 4066 βάρη,
3718 3996 3811 4047 καὶ

2225 4080 2535 4154 ἰδιαζόντως
2558 4084 2766 4158 ἑκάστῃ
2798 4084 3070 4158 κοιλότητι
3108 4086 3169 4140 τὸ
3190 4088 3356 4158 ὑγρὸν
3386 4086 3807 4157 ἑγκατέχεσθαι.

2292 4263 2415 4333 Πῶς
2444 4265 2542 4335 μὲν
2571 4267 2627 4319 αί
2658 4267 2878 4340 γέρανοι
2923 4267 3023 4333 τὰς
3058 4271 3118 4323 ἐν
3160 4272 3223 4340 τῇ
3255 4271 3412 4322 νυκτὶ
3443 4268 3804 4342 προφυλακὰς

2216 4356 2662 4431 ἐκπεριστροφῆς
2688 4359 3040 4433 ὑποδέχονται
3061 4378 3077 4426 ;
3099 4363 3194 4415 καὶ
3212 4363 3268 4415 αξ
3300 4364 3399 4430 μὲν
3424 4362 3802 4423 καθεύδουσιν.

2214 4452 2249 4520 ἡ
2279 4450 2337 4504 δὲ
2382 4450 2569 4524 κύκλῳ
2603 4453 2914 4523 περιιοῦσα,
2971 4456 3156 4508 πᾶσαν
3206 4455 3397 4516 αὑταῖς
3438 4456 3496 4505 ἐν
3542 4453 3623 4523 τῷ
3651 4454 3805 4524 ὕπνῳ

535 4508 774 4578 quietem
802 4519 1044 4580 captant,
1071 4515 1428 4571 securitatem
1469 4519 1758 4588 praebeat?
1785 4522 1915 4580 Haec
1950 4542 2117 4597 porro

2230 4541 2522 4615 παρέχεται
2560 4543 2660 4616 τὴν
2692 4546 3031 4615 ἁσφάλειανς
3066 4541 3186 4601 εἶτα
3208 4544 3302 4599 τοῦ
3333 4544 3528 4616 καιροῦ
3564 4547 3666 4616 τῆς
3702 4565 3805 4615 quo

526 4599 704 4671 528
733 4611 1089 4672 posteaquam
1141 4606 1503 4663 excubiarnm
1542 4624 1768 4667 munere
1824 4613 2118 4683 perfunCta

533 4693 815 4756 est,edito
843 4694 1085 4750 clamore
1120 4696 1185 4749 ad
1216 4712 1477 4753 somnum
1504 4714 1564 4755 se
1592 4704 1902 4771 convertit;
1939 4706 2117 4764 altera

531 4795 716 4840 autem
746 4785 795 4841 ei
825 4789 1158 4853 succedens,
1187 4790 1438 4847 eamdem
1467 4807 1578 4862 qua
1611 4794 1776 4851 modo
1821 4796 2117 4857 fruebatur

534 4878 890 4935 securitatem
960 4880 1063 4949 ipsi
1118 4883 1395 4952 rependit.
1456 4883 1603 4951 Quin
1676 4886 1822 4961 hanc
1889 4905 2115 4963 quoque

534 4969 590 5025 in
619 4985 808 5025 earum
843 4972 1026 5027 volatu
1073 4973 1425 5046 disciplinam
1461 4977 1788 5048 perspicies.
1816 4980 1971 5045 Alias
2029 4991 2115 5039 et-

522 5064 678 5118 enim
705 5065 811 5118 alia
879 5063 1115 5121 ducendi
1166 5067 1402 5137 agminis
1464 5069 1807 5138 provinciam
1853 5074 2113 5147 suscipit,

520 5169 765 5225 cumque
786 5165 942 5211 certo
968 5157 1236 5226 temporis
1261 5156 1444 5227 spatio
1468 5166 1601 5219 ante
1632 5167 1866 5235 caeteras
1891 5164 2111 5221 volave-

529 5246 625 5311 rit,
686 5254 805 5302 tum
852 5261 995 5303 retro
1048 5265 1109 5305 se
1175 5237 1449 5313 referens,
1501 5252 1552 5313 ei
1582 5267 1708 5325 qua:
1762 5268 1824 5325 se
1850 5258 2111 5333 sequitur

522 5338 770 5395 ducendi
795 5357 1003 5397 munus
1035 5343 1343 5398 contradit.

598 5430 745 5488 Ibid.
772 5463 843 5476 -—«
889 5435 1046 5500 Quod
1114 5452 1247 5491 vero
1287 5438 1354 5491 ad
1410 5436 1662 5497 ciconias
1728 5439 1954 5507 attinet,
1994 5458 2129 5499 non.

524 5522 823 5581 admodum
877 5526 945 5581 ad
1005 5527 1371 5585 animantium
1460 5529 1680 5587 ratione
1740 5534 2106 5603 praeditorum

2219 4633 2391 4704 λακῆς
2423 4635 2824 4707 πληρουμένου,
2850 4639 2883 4708 ἡ
2918 4639 3015 4708 μὲν
3044 4638 3287 4709 βοήσασα
3318 4640 3455 4710 πρὸς
3478 4638 3650 4692 ὕπνον
3680 4642 3805 4711 τρέ-

2218 4742 2401 4790 πεται,
2428 4727 2461 4797 ἡ
2487 4727 2544 4781 δὲ
2574 4727 2672 4798 τὴν
2696 4729 2949 4799 διαδοχὴν
2976 4730 3270 4800 δεξαμένη,
3303 4725 3370 4802 ἧς
3401 4731 3592 4802 ἔτυχεν
3623 4733 3803 4800 ἀσσα-

2180 4802 2382 4881 ίλείας,
2414 4819 2737 4889 ἀντέδωκεν.
2770 4821 2990 4891 Ταύτην
3026 4824 3120 4876 καὶ
3148 4824 3208 4876 ἐν
3240 4826 3303 4894 τῇ
3347 4825 3544 4894 πτήσει
3569 4823 3674 4893 τὴν
3702 4824 3801 4875 εὖ·-

2213 4909 2404 4974 ταξίαν
2456 4912 2701 4981 κατόψει.
2760 4912 2985 4967 Ἀλλοτε
3046 4913 3157 4985 γὰρ
3223 4915 3356 4986 ἄλλη
3431 4916 3532 4986 τὴν
3576 4916 3801 4985 δδηγίαν

2213 5001 2540 5072 διαδέχεται,
2589 5003 2683 5057 καὶ
2725 5004 2925 5058 τακτόν
2961 5022 3085 5063 τινα
3118 5007 3312 5077 χρόνον
3364 5008 3798 5078 προκαθηγησα-

2224 5093 2360 5163 μένη
2392 5094 2492 5164 τῆς
2525 5096 2800 5166 πτήσεως,
2831 5097 2913 5160 εἰς
2939 5097 3001 5151 τὸ
3025 5100 3256 5151 κατόπιν
3300 5100 3685 5171 περιελθοῦσα,
3726 5101 3793 5168 τῇ

2221 5185 2341 5255 μετ’
2364 5185 2535 5257 αὐτὴν
2566 5185 2665 5257 τὴν
2702 5187 3002 5259 ἡγεμονίαν
3032 5190 3129 5260 τῆς
3158 5190 3278 5243 ὁδοῦ
3304 5192 3665 5262 παραδίδωσι.

2285 5450 2357 5504 Τὸ
2398 5451 2453 5504 δὲ
2500 5453 2606 5505 τῶν
2637 5454 2929 5525 πελαργῶν
2960 5456 3113 5509 οὐδὲν
3158 5458 3345 5529 πόρρω
3376 5460 3491 5511 ἐστὶ
3526 5459 3792 5521 συνέσεως

2213 5537 2436 5611 λογικῆς
2457 5556 2470 5571 ο
2499 5541 2641 5595 οὕτω
2673 5544 2773 5615 μὲν
2800 5544 2895 5598 οὖν
2918 5546 3061 5600 κατά
3090 5547 3184 5601 ἕνα
3218 5550 3406 5621 καιρὸν
3428 5551 3637 5613 πάντας
3672 5552 3791 5604 ἐπι-

1806 5689 1896 5745 VA
1906 5689 2046 5747 RM‘Z
2093 5693 2388 5754 LECTION
2398 5700 2503 5756 ES.

594 5790 625 5833 δ
653 5791 818 5863 Lego,
842 5798 933 5850 καὶ
961 5796 1069 5850 ὃᾶν
1098 5794 1154 5864 ἦ.
1182 5799 1339 5857 Deest
1370 5802 1481 5857 haec
1513 5802 1773 5871 periodus
1804 5806 1861 5861 in
1891 5808 2081 5866 editis.
2158 5824 2181 5851 ε
2215 5813 2361 5870 Edit.
2397 5821 2643 5890 φρεατίς.
2677 5822 2763 5877 Al.
2798 5826 3080 5894 φρεατεία.
