3968 6426
545 378 701 449 -1579

1732 392 1797 451 S.
1838 390 2160 452 JUANNIS
2194 388 2629 450 DAMASCENI
2708 430 2711 433 »
3672 379 3811 445 132?)

565 498 821 552 monendi
873 499 949 552 tui
1001 500 1404 554 causa‘sancila
1440 512 1584 565 sunt,
1641 514 1701 557 ut
1757 520 1821 558 ex
1875 504 1965 559 Dei
2000 519 2122 573 erga

2234 519 2330 573 ρας
2362 503 2573 566 ὲκείνας
2608 502 3087 574 προσαγορεύουσι.
3118 498 3301 554 Ταῦτά
3341 516 3419 553 σοι
3444 500 3527 562 είς
3548 516 3813 568 προπομ-

560 591 861 644 auimantia
894 607 1015 661 quae
1048 592 1258 646 ratione
1281 603 1473 647 carent
1500 595 1866 663 providentia,
1907 614 1969 652 ea
2001 612 2123 666 qua:

560 684 822 737 salutaria
875 685 969 738 tibi
1017 685 1129 739 sint
1163 687 1425 756 postules.
1465 687 1603 752 Quid
1641 690 1785 743 enim
1816 690 2121 744 inauditum

563 775 689 846 {logi
738 777 936 845 possit,
970 777 1115 844 quod
1153 793 1261 831 non
1300 786 1390 831 tua
1422 794 1593 834 causa
1642 780 1779 834 effici
1808 791 1993 851 queat,
2026 783 2121 849 qui

559 866 627 919 ad
672 866 969 936 imaginem
1003 864 1096 921 Dei
1132 868 1392 924 conditus
1431 880 1524 934 es;
1565 887 1689 925 cum
1733 887 1830 941 pro
1863 882 1969 926 tam
2000 873 2121 928 exi-

558 974 664 1027 gua
699 960 909 1013 avicula
942 964 1196 1029 magnum
1226 963 1357 1017 illud
1396 970 1559 1033 atque
1605 964 1941 1019 horrendum
1976 980 2125 1020 mare

561 1060 903 1113 coerceatur,
944 1052 1161 1124 ipsique
1216 1055 1395 1109 media
1428 1057 1482 1110 in
1542 1057 1717 1115 hieme
1746 1059 2124 1130 tranquillitas

558 1143 900 1212 imperetur?

627 1235 766 1291 Ibid.
792 1269 859 1276 —
891 1237 1185 1305 Turturem
1254 1240 1408 1294 aiunt
1439 1239 1667 1313 conjuge
1722 1241 1966 1296 orbatam
2000 1256 2123 1308 suo,

556 1332 698 1385 ultra
731 1348 855 1386 cum
890 1334 1064 1387 altero
1088 1335 1291 1388 sociari
1326 1350 1433 1389 non
1460 1335 1759 1402 sustinere,
1794 1351 1984 1392 verum
2012 1337 2124 1391 coi-

555 1431 643 1477 tus
679 1424 860 1481 omnis
893 1426 1152 1497 deinceps
1181 1439 1459 1497 expertem
1519 1438 1763 1493 manere,
1797 1431 2003 1486 veteris
2035 1431 2122 1484 ni-

554 1515 753 1567 mirum
818 1515 1070 1586 conjugis
1114 1517 1502 1573 recordatione
1552 1534 1911 1588 congressum
1959 1534 2123 1590 repu-

538 1604 820 1660 diantem.
876 1607 1118 1662 Audiant
1181 1610 1445 1665 mulieres
1506 1611 1787 1679 quomodo
1837 1611 2123 1666 viduitatis

552 1696 744 1759 decus,
799 1699 964 1752 etiam
1033 1700 1174 1770 apud
1216 1716 1276 1755 ea
1326 1717 1447 1770 qua:
1482 1703 1695 1757 ratione
1733 1712 1947 1768 carent,
1987 1719 2125 1774 prae-

552 1790 794 1845 stantius
845 1791 1137 1857 habeatur,
1179 1809 1339 1862 quam
1393 1795 1690 1850 multorum
1735 1795 2119 1866 conjugiorlm

553 1894 661 1934 non
720 1882 858 1935 Satis
912 1884 1141 1939 honesta
1205 1886 1543 1940 contractio.
1596 1884 1947 1955 Iniquissima
1981 1887 2128 1940 circa

552 1973 759 2028 sobolis
781 1973 1163 2031 educationem
1192 1984 1277 2031 est
1297 1976 1505 2043 aquila.
1531 1975 1665 2031 Nam
1687 1993 1813 2031 cum
1846 1975 1986 2031 duos
2014 1977 2131 2046 pul-

552 2066 634 2120 los
659 2067 974 2132 excluserit,
1003 2067 1231 2123 alterum
1264 2086 1450 2125 eorum
1476 2085 1773 2139 pennarum
1796 2070 1995 2125 ictibus
2032 2084 2129 2124 ex-

548 2159 767 2229 pulsum
796 2167 955 2214 terra:
984 2160 1168 2225 illidit,
1201 2162 1433 2217 alterum
1458 2179 1588 2217 vero
1605 2163 1780 2218 solum
1812 2163 2128 2233 suscipiens

550 2252 961 2321 complectitur,
1019 2261 1073 2308 et
1103 2256 1331 2309 charum
1395 2255 1576 2323 habet,
1607 2271 1669 2311 eo
1714 2256 1930 2311 interim
1966 2272 2126 2326 quem

548 2346 758 2412 genuit,
783 2346 854 2397 ob
887 2345 1239 2401 educationis
1278 2348 1588 2402 molestiam
1654 2349 1929 2403 abdicato.
1966 2348 2127 2404 Hunc

548 2448 677 2487 vero
700 2433 971 2505 ossifraga
1002 2434 1181 2505 perire
1211 2451 1318 2491 non
1352 2437 1518 2501 sinit;
1572 2437 1703 2507 quin
1734 2446 1789 2491 et
1809 2446 2123 2507 susceptum

551 2543 657 2580 una
704 2541 833 2582 cum
890 2529 1008 2583 suis
1041 2530 1209 2599 pullis
1266 2530 1463 2584 nutrit.
1502 2528 1665 2585 Tales
1696 2536 2124 2599 suntparentes

550 2618 628 2671 illi
657 2619 748 2689 qui
784 2620 1128 2690 paupertatis
1162 2628 1425 2691 przetcxtu
1460 2619 1603 2676 ﬁlios
1647 2630 1950 2690 exponunt.
1997 2618 2120 2675 Noli

550 2696 733 2763 avium
764 2710 996 2766 aduncis
1046 2712 1327 2782 unguibus
1364 2720 1701 2766 armatorum
1736 2712 2120 2766 crudelitatem

550 2803 776 2861 imitari.
811 2819 933 2873 quae
972 2804 1135 2858 simul
1173 2810 1339 2873 atque
1372 2804 1554 2875 pullos
1578 2816 1710 2860 suos
1737 2803 1848 2873 jam
1882 2805 2120 2859 volatum

551 2898 774 2967 aggredi
835 2897 1099 2964 viderint,
1131 2914 1160 2952 e
1196 2898 1326 2953 nido
1391 2898 1647 2968 protinus
1694 2897 1950 2968 ejiciunt,
1984 2914 2122 2967 peu-

551 2990 639 3043 nis
669 3004 765 3045 eos
802 2988 1066 3045 ferientes
1097 2999 1151 3046 et
1178 2991 1594 3055 submoventes,
1622 3006 1725 3046 nec
1758 2990 1924 3044 ullam
1964 2998 2121 3061 post-

552 3081 655 3136 hac
676 3098 868 3138 eorum
901 3100 1089 3139 curam
1128 3092 1347 3155 gerunt.
1378 3084 1449 3140 At
1473 3093 1667 3140 contra
1696 3086 1942 3140 cornicis
1990 3099 2120 3155 erga

2232 597 2338 664 πὴν
2368 595 2459 649 τοῦ
2488 598 2657 649 αἰτεῖν
2680 596 2829 666 παρά
2861 593 2993 648 Θεοῦ
3021 594 3080 647 τδ
3100 595 3236 664 πρὸς
3268 595 3567 665 σωτηρίαν,
3592 593 3691 646 διὰ
3720 594 3811 662 τῆς

2234 691 2359 761 περὶ
2410 691 2477 743 τὰ
2528 690 2696 758 ἄλογα
2740 689 2833 741 τοῦ
2878 687 3013 741 Θεοῦ
3063 687 3318 757 προνοίας
3355 685 3811 757 νενομοθέτηται.

2231 781 2297 837 Τί
2323 783 2420 835 οὐκ
2438 781 2505 836 ἂν
2528 780 2738 851 γένοιτο
2761 781 2868 833 τῶν
2891 779 3209 851 παραδόξων
3236 778 3424 833 ἕνεκεν
3454 778 3581 842 σοῦ,
3603 778 3665 840 ὃς
3692 782 3816 831 κατ’

2230 875 2412 929 εἰκόνα
2449 873 2679 943 γέγονας
2711 872 2843 928 Θεοῦ
2873 889 2888 938 ;
2916 874 3049 926 ’όπου
3098 888 3164 942 γε
3218 873 3363 942 ὑπὲρ
3407 872 3631 943 ὄρνιθος
3668 872 3813 925 οὕτω

2234 967 2432 1037 μικρᾶς
2467 966 2501 1037 ἡ
2535 964 2743 1036 μεγάλη
2774 965 2869 1018 καὶ
2900 963 3105 1035 φοϐερὰ
3131 962 3423 1034 κατέχεται
3455 961 3735 1027 θάλασσα,
3759 962 3812 1014 ὲν

2233 1059 2383 1130 μέσῳ
2406 1057 2633 1130 χειμῶνι
2668 1057 2909 1128 γαλήνην
2932 1056 3320 1126 ἐπιταχθεῖσα;

2300 1241 2411 1313 Τὴν
2440 1242 2677 1313 τρυγόνα
2709 1240 2874 1309 φασιν
2899 1237 3310 1308 διαζευχθεῖσάν
3357 1253 3498 1290 ποτε
3547 1235 3644 1289 τοῦ
3683 1239 3808 1307 ὀμο-

2232 1334 2420 1405 ζύγου,
2456 1334 2653 1405 μηκέτι
2685 1333 2785 1404 τὴν
2826 1331 2960 1404 πρὸς
3002 1332 3189 1401 ἕτερον
3218 1327 3478 1399 δέχεσθαι
3503 1331 3804 1390 κοινωνίαν,

2231 1426 2368 1482 ἀλλά
2419 1426 2601 1497 μένειν
2652 1423 3039 1485 ἀσυνδύαστον,
3073 1423 3259 1492 μνήμῃ
3293 1421 3391 1473 τοῦ
3432 1437 3579 1473 ποτε
3625 1420 3801 1483 nisa.

2229 1520 2451 1590 χθέντος
2474 1519 2573 1589 τὴν
2616 1518 2750 1586 πρὸς
2779 1517 2994 1585 ἓταιρον
3025 1515 3307 1569 κοινωνίαν
3352 1498 3797 1584 ἀπαρνουμένην.

2245 1608 2611 1663 Ἀκουέτωσαν
2642 1609 2697 1661 αἱ
2738 1610 3016 1675 γυναῖκες,
3053 1607 3200 1668 ὅπως
3225 1606 3286 1657 τὸ
3320 1604 3533 1674 σεμνὸν
3576 1604 3675 1671 τῆς
3702 1622 3797 1671 χιιι

2234 1697 2385 1769 ρείας
2409 1697 2503 1750 xa‘.
2533 1694 2681 1766 παρά
2704 1698 2817 1757 τοῖς
2844 1694 3059 1762 ἀλόγοις
3088 1695 3178 1746 τοῦ
3201 1695 3259 1745 ὲν
3282 1695 3405 1755 ταῖς
3438 1693 3800 1761 πολυγαμίαις

2231 1786 2515 1861 ἀπρεποῦς
2551 1787 2963 1859 προτιμότερον.
3005 1784 3360 1847 Ἀδικώτατος
3404 1787 3548 1855 περὶ
3579 1787 3677 1855 τὴν
3712 1787 3797 1837 τέη

2161 1867 2203 1924 Β
2234 1883 2471 1953 ἐγγόνων
2500 1881 2769 1953 ἐκτροφὴν
2798 1882 2826 1933 ὁ
2855 1881 3029 1942 ἀετός.
3078 1879 3179 1932 Δύο
3210 1878 3317 1949 γὰρ
3348 1877 3655 1947 ἐξαγαγὼν

2237 1976 2383 2040 σοὺς,
2406 1974 2496 2028 τὸν
2524 1975 2711 2046 ἕτερον
2732 1972 2912 2026 αὐτῶν
2941 1973 3021 2034 είς
3056 1971 3157 2040 γῆν
3186 1971 3675 2041 καταρῤήγνυσιν,
3698 1971 3789 2029 cxi;

2232 2070 2466 2139 πληγαῖς
2493 2067 2603 2121 τῶν
2632 2065 2919 2139 πτερύγων
2948 2064 3334 2136 ἀπωθούμενος
3353 2081 3368 2093 ·
3399 2064 3501 2115 τὸν
3538 2062 3604 2116 δὲ
3639 2064 3783 2127 ἕτεραι

2234 2158 2708 2233 μόνον’ἀναλαόὼν
2738 2158 3057 2221 οἰκειοῦται,
3085 2157 3171 2210 διὰ.
3218 2156 3279 2209 τὸ
3319 2157 3429 2225 τῆς
3458 2158 3677 2226 τροφῆς
3702 2155 3790 2209 ὲέσ

2230 2272 2391 2310 πονον
2447 2252 2877 2323 ἁποποιούμενος
2928 2251 2988 2303 ὃν
3037 2252 3345 2320 ἐγέννησεν.
3405 2249 3566 2302 Ἀλλ’
3616 2250 3711 2302 οὒκ

2226 2349 2417 2403 τοῦτον
2450 2347 2809 2417 διαφθαρῆναι
2836 2346 2868 2417 ἡ
2894 2346 3059 2416 φήνη,
3093 2344 3205 2398 ἀλλ’
3231 2342 3604 2396 ὑπολαϐοῦσα
3639 2343 3792 2399 eritis.

2227 2445 2337 2505 τοῖς
2374 2441 2597 2503 οἰκείοις
2626 2440 2827 2509 ἑαυτῆς
2868 2440 3102 2503 νεοττοῖς
3147 2436 3544 2507 συνεκτρέφει.
3577 2434 3793 2488 Τοιοῦτει

2225 2534 2332 2587 τῶν
2379 2531 2579 2601 γονέων
2607 2532 2656 2585 οί
2708 2531 2799 2585 ἐπὶ
2826 2530 3097 2602 προφάσει
3140 2528 3333 2591 πενίας
3368 2525 3721 2595 ἐκτιθέμενοι
3743 2526 3795 2576 τὰ

2224 2630 2415 2699 νήπια.
2465 2626 2558 2695 Μὴ
2615 2626 2825 2696 μιμήσῃ
2877 2621 2986 2676 τῶν
3042 2619 3416 2691 καμψονύχων
3479 2617 3710 2689 ὀρνίθων
3748 2616 3796 2667 τὺ

2224 2719 2451 2790 ἀπηνὲς,
2467 2720 2515 2772 οἳ
2544 2717 2760 2771 ἐπειδὰν
2785 2711 3334 2777 εἴδωσιτοὺςὲαυτῶν
3358 2711 3629 2773 νεοττοὺς
3650 2724 3790 2761 κειται

2223 2811 2542 2882 τολμῶντας
2588 2810 2774 2865 λοιπὸν
2824 2808 2926 2876 τῆς
2970 2808 3259 2877 πτήσεως,
3322 2803 3663 2859 ἐκϐάλλουσι
3712 2802 3792 2869 τῆς

2222 2903 2443 2968 καλιᾶς,
2472 2902 2765 2966 τύπτοντες
2818 2903 2929 2963 τοῖς
2976 2900 3215 2970 πτεροῖς,
3249 2898 3349 2951 καὶ
3381 2897 3688 2959 ὠθοῦντες,
3715 2894 3794 2947 iu".

2222 2998 2480 3067 οὐδεμίαν
2502 2995 2822 3068 ἐπιμέλειαν
2846 2992 3123 3047 ποιοῦνται
3148 2992 3283 3063 πρὸς
3302 2991 3367 3043 τὸ
3384 2991 3613 3045 λοιπόν.
3643 2990 3795 3041 Ἐπαι-

2225 3091 2376 3145 νετδν
2429 3091 2523 3160 τῆς
2578 3088 2824 3158 κορώνης
2850 3088 2910 3141 τὸ
2936 3085 3265 3155 φιλότεκνον,
3304 3084 3340 3152 ἢ
3367 3083 3473 3135 καὶ
3505 3080 3794 3149 πταμένα-θ

552 3174 734 3242 pullos
780 3190 935 3229 amor
984 3176 1201 3231 laudem
1244 3187 1509 3241 meretur,
1540 3179 1787 3250 quaajam
1819 3179 1983 3234 etiam
2018 3194 2118 3234 vo-

2231 3181 2325 3252 ἤδη
2375 3179 2718 3250 παρέπεται,
2763 3176 3038 3241 σιτίζουσα
3078 3174 3274 3237 αὐτοὺς
3320 3172 3427 3226 καὶ
3479 3172 3786 3239 ἐκτρέφουσα

548 3266 728 3319 tantes
781 3276 1107 3331 assectatur,
1171 3267 1375 3338 diuque
1420 3269 1501 3325 eis
1537 3268 1693 3325 cibos
1742 3279 1796 3323 et
1853 3268 2112 3324 alimenta

548 3356 806 3427 porrigit.

626 3451 768 3505 Ibid.
800 3451 1151 3518 —Quonam
1200 3453 1361 3509 modo
1418 3450 1718 3509 domestica
1750 3464 1804 3511 te
1866 3456 1985 3513 avis
2048 3454 2115 3510 ad

546 3560 722 3615 opera
755 3546 982 3611 excitat,
1018 3552 1183 3601 acuta
1233 3546 1449 3601 scilicet
1473 3561 1607 3602 voce
1638 3548 1978 3605 inclamans?
2004 3552 2117 3605 An-

554 3653 735 3691 serum
763 3651 942 3708 genus
970 3637 1452 3706 vigilantissimum
1482 3645 1587 3701 est,
1621 3646 1787 3709 atque
1817 3640 1884 3695 ad
1926 3640 2119 3694 occul-

550 3740 735 3784 tarum
778 3744 962 3785 rerum
1019 3742 1239 3785 sensum
1292 3730 1699 3787 acutissimum.
1734 3730 1829 3787 Ha:
1852 3732 2118 3787 nimirum

556 3822 862 3891 principem
904 3820 1071 3877 etiam
1105 3821 1293 3877 urbem
1316 3824 1701 3886 servaverunt,
1743 3824 1931 3880 hostes
1957 3840 2121 3896 quos-

553 3913 677 3966 dam
743 3912 1047 3983 prodendo,
1114 3914 1205 3984 qui
1252 3929 1351 3985 per
1383 3915 1776 3972 subterraneos
1836 3917 2122 3973 cuniculos

552 4005 744 4059 Roma:
770 4020 948 4060 arcem
991 4006 1215 4077 jamjam
1253 4007 1575 4077 occupaturi
1610 4014 1785 4063 erant.
1829 4006 2118 4074 Quodnam

555 4096 773 4151 tandem
801 4112 969 4166 genus
996 4095 1176 4150 avium
1200 4105 1281 4152 est
1311 4097 1365 4150 in
1397 4110 1626 4166 quonon
1662 4096 1933 4168 peculiare
1959 4099 2123 4152 mira-

553 4191 736 4243 culum
769 4189 990 4259 aliquod
1035 4199 1243 4245 natura
1288 4189 1580 4244 ostendat?
1620 4188 1755 4256 Quis
1817 4190 2123 4246 vulturibus

555 4291 785 4335 mortem
819 4280 1101 4335 hominum
1151 4280 1501 4349 prmnuntiat,
1556 4295 1679 4334 cum
1722 4280 1813 4335 alii
1854 4281 2123 4335 adversus

532 4372 692 4425 alios
716 4372 1037 4441 praeliantur
1059 4372 1082 4425 ‘3
1108 4369 1313 4425 Videas
1344 4372 1491 4425 enim
1524 4379 1819 4425 sexcentos
1840 4372 2120 4426 vulturum

532 4477 749 4530 rgreges
776 4473 955 4516 castra
985 4462 1336 4528 comitantes,
1372 4478 1494 4532 qua:
1523 4479 1590 4518 ex
1627 4477 1907 4518 armorum
1950 4480 2121 4534 appa-

538 4563 679 4607 ratu
712 4553 897 4608 futura
943 4554 1357 4625 conjecteutur.
1394 4554 1512 4610 Jam
1553 4570 1662 4625 quo
1698 4564 1861 4625 pacto
1893 4555 2122 4611 horren-

536 4646 653 4700 “das
717 4645 1051 4700 locustarum
1088 4646 1468 4715 expeditiOnes
1506 4648 1974 4704 commemorem?
2003 4665 2127 4718 qua:

538 4738 706 4789 'velut
756 4735 915 4806 signo
976 4738 1106 4792 dato
1160 4747 1378 4793 cuncta
1429 4740 1605 4805 elatae,
1663 4738 1830 4808 inque
1885 4741 2125 4807 regionis

540 4826 843 4896 planitiem
878 4832 1362 4887 castrametautes,
1416 4825 1631 4880 fructus
1659 4835 1785 4880 ante
1812 4840 1922 4879 non
1959 4826 2125 4878 attin-

538 4928 691 4988 gunt
735 4934 899 4989 quam
958 4919 1011 4973 id
1053 4920 1154 4973 sibi
1190 4935 1285 4989 per
1318 4919 1563 4974 divinum
1614 4918 1903 4987 imperium
1937 4917 2122 4971 liceat.

630 5012 772 5065 Ibid.
816 5043 882 5052 ——
909 5010 1156 5077 Quonam
1210 5013 1369 5067 modo
1392 5012 1595 5066 cicadae
1640 5017 1861 5064 cantum
1922 5010 2127 5063 edunt?

630 5104 859 5160 Ibid.—
889 5103 948 5160 Si
980 5105 1273 5175 diligenter
1318 5105 1625 5174 inspexeris
1667 5102 2124 5172 quemadmodum

538 5212 769 5270 ‘cycnus
831 5198 974 5253 collo
1003 5199 1057 5251 in
1104 5195 1436 5267 profundum
1490 5196 1751 5265 depresso
1808 5192 1990 5247 cibum
2023 5192 2125 5247 sibi

558 5308 622 5345 ex
667 5292 776 5345 imo
805 5290 1042 5353 attollat,
1067 5298 1182 5343 tum
1219 5287 1440 5344 demum
1480 5287 1763 5343 Creatoris
1796 5286 2123 5357 sapientiam

558 5385 865 5454 comperies
900 5403 911 5437 :
946 5382 1210 5436 nimirum
1258 5379 1405 5451 quod
1458 5378 1564 5432 hac
1592 5380 1659 5434 de
1713 5394 1881 5434 causa
1924 5380 2124 5433 collum

560 5476 664 5545 ipsi
721 5475 953 5545 pedibus
1000 5474 1272 5544 prolixius
1316 5473 1660 5545 imposuerit,
1711 5480 1770 5526 ut
1830 5472 2124 5542 piscatoria

558 5569 728 5621 veluti
790 5568 933 5623 linea
988 5570 1226 5639 quadam
1260 5569 1522 5631 demissa,
1547 5567 1727 5623 cibum
1756 5567 1811 5620 in
1835 5565 2122 5637 profundo

560 5662 877 5715 abstrusum
915 5662 1018 5717 sibi
1055 5671 1354 5733 comparet.

634 5750 795 5822 53o
833 5750 1024 5821 Ejusd.
1063 5752 1264 5807 Ilomil.
1301 5753 1355 5807 9.
1384 5750 1655 5806 —\’ariis
1690 5752 2125 5823 preprictatibus

564 5846 779 5911 gingiua
804 5844 1071 5899 animalia
1109 5845 1335 5913 praedita
1367 5855 1515 5901 sunt.
1550 5844 1655 5901 Bos
1683 5843 1901 5912 quidem
1936 5845 2127 5900 ﬁrmus

2232 3274 2393 3345 μέχρι
2422 3272 2697 3326 πλείστου.

2296 3452 2417 3515 Πῶς
2478 3452 2564 3504 ἐπ’
2621 3448 2759 3519 ἔργα
2820 3465 2879 3501 σε
2937 3446 3194 3517 διεγείρει
3252 3448 3281 3498 ὀ
3339 3444 3601 3507 σύνοικος
3648 3443 3794 3513 ὅρνις.

2224 3545 2377 3616 ὀξείᾳ
2404 3544 2467 3615 τῇ
2500 3544 2649 3612 φωνῇ
2683 3541 2907 3606 ἐκϐοῶν,
2939 3536 3308 3609 καταμηνύων
3364 3535 3698 3606 πόρρωθενς
3736 3533 3797 3594 ὡς

2224 3637 2504 3709 ἄγρυπνον
2525 3635 2585 3688 τὸ
2610 3634 2718 3687 τῶν
2741 3632 2922 3703 χηνῶν
2947 3631 3123 3700 γένος,
3142 3629 3235 3683 καὶ
3257 3628 3402 3699 πρὸς
3430 3627 3543 3697 τὴν
3558 3626 3672 3679 τῶν
3693 3626 3799 3676 λατ-

2229 3730 2498 3784 θανόντων
2532 3728 2781 3797 αίσθησιν
2806 3725 3061 3791 ὀξύτατον
3080 3741 3094 3754 ο
3123 3723 3176 3777 οῖ
3203 3722 3267 3789 γέ
3293 3738 3433 3774 ποτε
3478 3721 3581 3775 καὶ
3600 3718 3699 3790 τὴν
3718 3718 3797 3787 βα·

2231 3824 2406 3879 σιλίδα
2429 3822 2586 3877 πόλιν
2625 3821 3049 3891 περιεσώσαντο,
3081 3814 3376 3886 πολεμίους
3389 3814 3558 3875 τινὰς
3578 3812 3688 3866 ὑπὸ
3713 3810 3798 3878 γῆς

2228 3914 2297 3969 δι’
2336 3914 2624 3985 ὑπονόμων
2653 3910 2877 3981 ἀφανῶν
2906 3909 3008 3981 ἤδη
3041 3908 3335 3980 μέλλοντας
3366 3908 3473 3977 τὴν
3504 3906 3689 3974 ἄκραν
3714 3900 3799 3969 τῆς

2242 4004 2458 4075 Ῥώμης
2508 4001 2952 4072 καταλαμὸἀνειν
2990 3996 3508 4067 καταμηνύσαντες.
3553 3994 3648 4046 Ἑν
3680 3991 3800 4057 ποίᾳ

2228 4098 2374 4167 γένει
2417 4095 2525 4149 τῶν
2570 4095 2796 4165 ὀρνίθων
2843 4094 2943 4146 οὐκ
2977 4092 3107 4145 ἴδιόν
3136 4108 3189 4144 τι
3220 4088 3408 4158 θαῦμα
3434 4089 3474 4157 ἡ
3508 4086 3681 4157 φύσις
3706 4082 3798 4137 δεί-

2229 4210 2421 4258 κνυσι;
2452 4189 2548 4255 Τίς
2573 4193 2601 4243 ὀ
2628 4192 2739 4252 τοῖς
2768 4187 2901 4256 γυψὶ
2940 4182 3334 4254 παραγγέλλων
3358 4180 3475 4233 τῶν
3504 4178 3799 4248 ἀνθρώπων

2228 4285 2321 4337 τὸν
2363 4283 2614 4346 θάνατον,
2665 4281 2792 4334 ὅταν
2835 4278 2923 4331 ἐπ’
2968 4276 3213 4345 ἀλλήλων
3254 4270 3795 4342 ὲπιστρατεύσωσιννς

2235 4376 2392 4439 Ἴδοις
2429 4373 2538 4445 γὰρ
2583 4374 2649 4428 ἂν
2705 4370 2903 4443 μυρίας
2944 4369 3144 4437 ἀγέλας
3187 4365 3381 4431 γυπῶν
3425 4366 3553 4425 τοῖς
3591 4374 3797 4428 στρατε-

2232 4468 2414 4532 πέδοις
2440 4465 2850 4536 παρεπομένας,
2875 4464 2939 4515 ὲκ
2975 4460 3075 4530 τῆς
3104 4458 3212 4511 τῶν
3235 4455 3417 4510 ὃπλων
3444 4450 3796 4523 παρασκευῆς

2155 4571 2197 4625 1)
2228 4560 2682 4633 τεκμαιρομένων
2720 4557 2821 4624 τὴν
2866 4554 3106 4608 ἔκϐασιν.
3150 4551 3272 4613 Πῶς
3318 4566 3402 4601 σοι
3433 4548 3541 4609 τὰς
3572 4543 3798 4615 φοϐερὰς

2228 4652 2329 4722 τῆς
2376 4650 2600 4721 ἀκρίδος
2646 4648 3013 4720 διηγήσομαις
3048 4643 3138 4712 ὑφ’
3172 4643 3251 4696 ένὶ
3301 4639 3623 4709 συνθήματι
3666 4638 3797 4688 πᾶσα

2227 4744 2483 4816 ἀρθεῖσα,
2548 4743 2643 4796 καὶ
2685 4734 3257 4809 στρατοπεδευσαμένη
3306 4730 3451 4785 κατὰ
3504 4730 3571 4783 τὸ
3608 4728 3796 4784 πλάτος

2226 4839 2327 4909 τῆς
2349 4836 2554 4908 χώρας,
2589 4834 2649 4888 οὐ
2686 4834 2951 4905 πρότερον
2984 4828 3212 4883 ἅπτεται
3246 4827 3355 4878 τῶν
3386 4822 3652 4894 καρπῶν,
3681 4818 3796 4888 πρὶν

2226 4933 2261 5003 ἢ
2296 4930 2573 5001 ὲνδοθῆναι
2605 4927 2742 4997 αὐτῇ
2771 4925 2830 4978 τὺ
2857 4925 3000 4978 θεῖον
3028 4921 3376 4991 πρόσταγμα.

2299 5021 2395 5082 Τίς
2423 5020 2452 5071 ὀ
2479 5017 2678 5089 τρόπος
2709 5017 2809 5086 τῆς
2837 5012 3100 5084 μελῳδίας
3138 5010 3231 5062 τοῦ
3258 5008 3553 5074 τέττιγος;

2313 5112 2440 5165 Ἐἀν
2486 5108 2834 5179 καταμάθῃς,
2869 5104 2986 5166 πῶς
3028 5104 3107 5164 είς
3134 5100 3295 5170 βάθος
3328 5099 3356 5151 ὀ
3397 5098 3630 5157 κύκνος,
3677 5090 3795 5146 καθ-

2230 5204 2330 5268 ιεὶς
2365 5184 2460 5256 τὸν
2492 5201 2694 5272 αὐχένα
2740 5197 3007 5258 κάτωθεν,
3056 5193 3234 5263 ἐαυτῷ
3260 5190 3359 5261 τὴν
3413 5188 3630 5258 τροφὴν
3663 5188 3794 5237 ἁνα-

2230 5292 2410 5367 φέρεί,
2456 5293 2577 5346 τότε
2634 5291 2888 5363 εὑρήσεις
2935 5288 3034 5359 τὴν
3075 5286 3266 5354 σοφίαν
3315 5280 3412 5334 τοῦ
3467 5280 3789 5367 Κτίσαντςσ

2228 5366 2313 5445 ὅτι
2345 5386 2437 5457 διὰ
2468 5384 2629 5440 τοῦτο
2667 5383 3005 5457 μακρότερον
3053 5380 3162 5434 τῶν
3209 5376 3387 5430 ποδῶν
3448 5374 3549 5426 τὸν
3610 5366 3793 5440 αὐχένι

2230 5454 2601 5554 προσέθηκεν,
2635 5454 2722 5530 ἵνα
2785 5454 2973 5546 ῶσπερ
3030 5472 3152 5526 τινὰ
3195 5468 3393 5540 ὁρμιὰν
3450 5463 3793 5532 καταγαγὼν,

2228 5549 2327 5645 την
2362 5576 2421 5628 ἐν
2451 5549 2531 5641 ~34)
2563 5569 2715 5638 βάθει
2745 5564 3136 5639 κεκρυμμένην
3162 5559 3367 5632 τροφὴν
3401 5556 3699 5627 ἐκπορίζῃ.

2300 5748 2597 5818 Διαφόςροις
2635 5743 2918 5813 ίδιώμασιν
2943 5740 3173 5793 ἕκαστον
3202 5735 3310 5790 τῶν
3341 5732 3500 5797 ζώων
3535 5722 3793 5799 κέκριται.

2236 5815 2524 5911 Εύσταθῆς
2563 5839 2661 5911 μὲν
2704 5838 2732 5890 ὁ
2789 5835 2933 5907 βοῦς,
2977 5832 3154 5903 νωθὴς
3197 5829 3253 5883 δὲ
3276 5830 3336 5916 ’ὀ
3368 5827 3517 5891 ὄνος,
3552 5822 3800 5895 θερμόςρ
