4052 6408
212 442 341 509 1581

1491 434 2223 506 ΞΑΕΠΑῈΡΑΒΑΕΕΕΕΑ.

3283 435 3435 501 1582:

210 562 375 622 ἵππος
401 558 534 629 πρὸς
568 556 859 628 ἐπιθυμίαν
902 557 995 611 τοῦ
1037 556 1288 629 θήλεως,“
1315 556 1698 621 ἀτιθάσσευτος
1732 558 1759 609 ὁ

1866 566 1964 621 cst,
2003 558 2185 626 segnis
2223 555 2435 617 asinus,
2488 566 2667 623 equus
2717 552 2783 606 ad
2814 550 3032 607 femina:
3059 552 3435 631 cupiditatem

210 652 395 716 λύκος,
441 652 536 704 καὶ
584 650 797 721 δολερὸν
837 652 868 721 ἡ
916 649 1161 720 ἀλώπηξ,
1190 648 1362 704 δειλὸν
1400 651 1437 721 ή
1479 650 1695 720 ἔλαφος,
1735 651 1763 703 ό

210 742 437 815 μύρμηξ
466 742 768 811 φιλόπονος,
808 741 1127 813 εὐχάριστον
1155 743 1183 795 ὁ
1223 741 1366 796 κύων
1395 743 1488 795 καὶ
1511 742 1645 812 πρὸς
1674 758 1762 810 φι-

206 836 331 890 λίαν
371 835 819 906 μνημονευτικόν.
853 834 1017 906 Ὀμοῦ
1043 852 1103 888 τε
1127 834 1236 907 γάρ
1265 836 1487 906 ἐκτίσθη
1512 836 1760 900 ἕκαστον,

207 927 303 987 καὶ
370 926 781 995 συνεπηγάγετο
831 924 1005 995 ἐαυτῷ
1049 928 1148 998 τῆς
1189 925 1402 995 φύσεως
1436 927 1498 980 τὸ
1530 927 1761 996 ἰδίωμα·

208 1019 656 1089 συναπεγεννήθη
688 1018 856 1088 θυμὸς
879 1018 956 1089 τῷ
986 1018 1180 1085 λέοντι,
1214 1019 1276 1071 τὸ
1309 1018 1628 1088 μοναστικδν
1670 1018 1767 1070 αύ-

205 1110 301 1173 τοῦ
341 1112 442 1182 τῆς
490 1110 657 1180 ζωῆς,
700 1109 759 1163 τὸ
792 1108 1152 1180 ἀκοινώνητον
1201 1108 1335 1180 πρὸς
1379 1108 1440 1162 τὸ
1476 1107 1762 1179 ὁμόφυλον.

207 1199 334 1259 Οἷον
365 1204 474 1273 γάρ
504 1220 586 1267 τις
615 1200 877 1273 τύραννος
916 1202 1023 1256 τῶν
1069 1202 1277 1270 ἀλόγων
1302 1200 1391 1255 διὰ
1426 1200 1524 1271 τὴν
1552 1203 1617 1254 ἐκ
1666 1199 1767 1270 φύ-

180 1310 184 1367 ξ
210 1314 349 1361 σεως
376 1295 699 1367 ὑπεροψίαν,
726 1293 825 1365 τὴν
855 1294 992 1363 πρὸς
1034 1294 1160 1357 τοὺς
1196 1292 1425 1359 πολλοὺς
1480 1291 1768 1365 όμοτιμίαν

179 1358 268 1459 ξού
306 1358 678 1457 καταδέχεται.
729 1358 800 1455 ᾟ
848 1358 941 1438 καὶ
974 1358 1205 1439 τοιαῦτα
1262 1385 1446 1455 φωνῆς
1496 1358 1767 1459 όργαναή

179 1446 373 1559 ξφύσις
410 1446 685 1550 ἐνέθηκεν,
716 1446 871 1535 ὥστε
922 1479 989 1531 τὰ
1038 1477 1205 1531 πολλὰ
1256 1446 1363 1547 τῶν
1402 1446 1769 1548 ’ξωνιπερζ

180 1572 475 1643 ξϐάλλοντα
521 1575 589 1643 τῇ
645 1573 927 1642 ταχύτητι,
970 1571 1115 1641 μόνῳ
1161 1570 1417 1634 πολλάκις
1454 1569 1769 1639 ἁλίσκεσθαι

179 1624 283 1737 ιτῷ
688 1624 982 1732 ’ἕαγόαίόνι
1021 1624 1305 1734 πάρδαλις,
1354 1624 1446 1717 καὶ
1474 1636 1769 1733 ὀξύρροπον

203 1760 327 1821 ταῖς
353 1759 549 1828 ὁρμαῖς
574 1757 877 1828 ἐπιτήδειον
903 1755 1071 1824 αὐτῆς
1108 1754 1168 1809 τὸ
1203 1755 1360 1826 σῶμα
1391 1752 1763 1819 συνέζευκται,

206 1851 271 1919 τῇ
300 1847 557 1919 ὑγρότητι
586 1848 680 1901 καὶ⁹
706 1846 784 1918 τῷ
815 1848 1002 1916 κούφῳ
1026 1849 1138 1909 τοῖς
1164 1847 1263 1916 τῆς
1297 1846 1477 1917 ψυχῆς
1504 1846 1767 1917 κινήμασι

1866 648 2092 709 ardens,
2142 650 2301 716 lupus
2335 645 2483 703 nulla
2526 652 2645 699 arte
2672 644 2909 699 cicurari
2943 651 3156 713 potest;
3188 643 3437 711 fraudu-_

1864 740 2012 797 lenta
2064 739 2257 809 vulpes
2309 746 2416 804 cst,
2465 753 2661 797 cervus
2715 737 2957 798 timidus,
2990 737 3195 801 laboris
3229 752 3419 792 amans

1866 831 2117 897 formica,
2162 832 2415 887 benelicii
2463 830 2672 900 accepti
2721 845 2932 884 memor
2953 830 3128 893 canis,
3163 838 3325 900 atque
3353 829 3417 883 ad

1865 923 2292 981 benevolentiam
2343 921 2622 992 proclivis.
2658 920 2834 975 Simul
2858 928 3022 990 atque
3054 920 3199 974 enim
3232 934 3423 974 unum-

1864 1016 2121 1086 quodque
2171 1022 2415 1071 creatum
2458 1014 2582 1078 fuit,
2616 1029 2804 1069 secum
2852 1013 3017 1068 etiam
3049 1021 3259 1066 natura;
3290 1025 3421 1081 pro-

1865 1107 2128 1177 prietates
2176 1108 2360 1160 traxit.
2389 1104 2564 1159 Furor
2610 1104 2755 1160 leoni
2787 1103 2897 1173 jam
2934 1103 3061 1157 inde
3091 1102 3157 1155 ab
3189 1110 3312 1155 ortu
3338 1102 3422 1153 in-

1867 1200 2007 1255 situs
2058 1208 2162 1263 est,
2198 1205 2252 1254 et
2301 1197 2411 1254 vita
2446 1196 2708 1266 solivaga,
2770 1206 2935 1264 atque
2966 1195 3034 1248 ab
3080 1210 3270 1251 eorum
3305 1208 3424 1265 qua:

1867 1291 1954 1349 sui
2004 1291 2217 1361 generis
2266 1298 2416 1356 sunt,
2448 1287 2782 1344 commercio
2846 1287 3176 1342 abhorrens.
3212 1285 3422 1339 Etenim

1867 1380 2018 1445 velut
2072 1379 2345 1450 quispiam
2402 1379 2692 1433 brutorum
2722 1376 3083 1431 animantium
3135 1384 3422 1446 tyrannus,

1869 1488 1981 1544 prae
2034 1472 2269 1531 naturali
2306 1470 2585 1541 superbia,
2621 1469 2877 1538 aequabili
2911 1468 3036 1538 jure
3090 1466 3275 1521 vivere
3300 1480 3439 1541 cum

1869 1564 1991 1627 aliis
2030 1570 2270 1625 recusat.
2295 1563 2396 1617 Cui
2427 1572 2684 1632 praeterea
2708 1558 2991 1630 'cjusmodi
3018 1558 3184 1626 ivocis
3222 1569 3427 1625 organa

1869 1675 1899 1713 a
1931 1668 2122 1713 natura
2143 1658 2345 1715 tributa
2370 1664 2520 1721 sunt,
2547 1665 2607 1711 ut
2634 1658 2895 1727 pleraque
2911 1651 3229 1721 animantia,
3258 1650 3424 1705 etiam

1868 1753 2276 1823 pernicissima,
2306 1751 2422 1806 solo
2466 1751 2665 1821 saepius
2712 1750 2892 1820 rugitu
2916 1749 3223 1818 capiantur.
3252 1745 3441 1819 lmpc-g

1870 1854 2027 1901 tuosa
2058 1852 2145 1900 est
2196 1844 2484 1915 panthera,
2523 1852 2577 1899 et
2609 1859 2719 1913 quo
2750 1858 2867 1899 eam
2905 1841 3079 1896 libido
3115 1839 3326 1903 tulerit,
3348 1824 3439 1891 fa?

208 1903 594 2011 σύνεπόμενον.
644 1903 848 2010 Νωθρὰ
904 1903 1151 2009 {eam}
1366 1903 1766 2008 EP;TOU,.E6t6-

1868 1939 1970 1992 cile
2001 1953 2188 1992 ruens.
2221 1937 2485 2002 Quocirca
2514 1935 2928 1991 accommodum
2969 1935 3071 2003 ipsi
3101 1948 3302 2002 corpus
3333 1930 3427 1984 ad-

205 2050 408 2105 τροπον
437 2033 531 2087 καὶ
560 2032 621 2087 τὸ
639 2029 790 2103 ἦθος,
820 2031 1071 2097 ὕπουλον,
1106 2028 1264 2103 βαθὺ,
1294 2029 1591 2093 ἐνδεδυκός.

285 2309 346 2363 ὐ
377 2308 601 2381 μύρμηξ
630 2309 777 2380 θέρει
819 2310 918 2380 τὴν
951 2308 1229 2380 χειμέριον
1258 2308 1463 2381 τροφὴν
1512 2308 1773 2380 θησαυρίο

203 2400 311 2467 ζει,
345 2400 450 2469 ’ἐως
478 2400 547 2455 ἂν
573 2400 672 2473 τὴν
708 2399 984 2472 ἀρκοῦσαν
1017 2401 1167 2473 αὐτῷ
1194 2402 1401 2474 τροφὴν
1437 2399 1771 2473 ἐναπόθηται

202 2495 315 2558 τοῖς
340 2493 632 2563 ταμιείοις,
681 2494 778 2549 καὶ
818 2493 938 2547 οὐδὲ
978 2493 1136 2548 τοῦτο
1169 2493 1444 2567 ῥᾳθύμως,
1470 2494 1606 2549 ἀλλὰ
1633 2496 1769 2568 σοφῇ

185 2601 311 2651 ,τινι
339 2584 555 2657 ἐπινοίᾳ
593 2584 692 2658 τὴν
727 2586 935 2657 τροφὴν
964 2586 1261 2657 ἐνδιαρκεῖν
1293 2587 1767 2659 μηχανησάμενος.

203 2674 501 2730 Διακόπτει
528 2676 635 2746 γὰρ
660 2678 780 2742 ταῖς
832 2676 1025 2731 ἑαυτοῦ
1076 2678 1270 2748 χηλαῖς
1306 2676 1415 2731 τῶν
1446 2677 1673 2751 καρπῶν
1709 2678 1777 2733 τὸ

184 2766 558 2835 μεσαίτατον,
587 2767 662 2832 ὡς
687 2767 753 2822 ἂν
782 2769 857 2838 μὴ
888 2770 1201 2838 ὲκφυέντων
1224 2770 1486 2841 ἄχρηστοι
1514 2772 1614 2842 τὴν
1646 2789 1771 2843 τροο

203 2857 313 2929 φὴν
342 2857 489 2930 αὐτῷ
533 2859 795 2928 γένοιντο.
830 2859 926 2924 Τίς
968 2861 1208 2930 ἐφίκοιτο
1232 2860 1412 2931 λόγοις
1440 2880 1455 2929 ;
1506 2862 1636 2917 ποία
1664 2881 1772 2935 χω-

206 2949 366 3020 ρήσει
393 2950 568 3020 ἀκοῆς
604 2951 689 3015 τίς
714 2950 998 3023 ἐξαρκέσει
1037 2954 1226 3024 χρόνος
1262 2954 1439 3008 πάντα
1472 2954 1647 3007 εἰπεῖν
1677 2952 1771 3008 καὶ

202 3041 570 3112 διηγήσασθαι
599 3041 694 3095 τοῦ
726 3043 968 3114 τεχνίτου
998 3043 1066 3097 τὰ
1097 3043 1386 3115 θαύματα;

1862 2031 2115 2100 junctum
2177 2038 2280 2093 est,
2317 2030 2463 2099 quod
2506 2030 2575 2084 ob
2617 2028 2998 2085 humiditatem
3035 2026 3446 2093 levitatemque

1868 2122 2064 2178 animae
2118 2121 2511 2193 agitationibus
2565 2121 2850 2177 inserviat.
2894 2117 3132 2188 Torpida
3167 2116 3279 2170 ursi
3326 2106 3442 2168 πει-³

1868 2226 1989 2274 tura
2032 2226 2139 2280 est,
2172 2232 2354 2272 mores
2386 2216 2714 2286 peculiares,
2740 2214 2891 2277 tecti,
2917 2212 3113 2267 intime
3146 2206 3443 2280 profundi,

1940 2305 2183 2360 1bid.—
2239 2306 2491 2359 Formica
2562 2305 2754 2360 aestivo
2824 2311 3071 2374 tempore
3135 2301 3426 2355 hibernum

1870 2398 2051 2454 cibum
2099 2397 2325 2467 colligit,
2373 2398 2551 2467 quoad
2584 2398 2929 2459 alimentum,
2977 2404 3244 2464 quantum
3295 2393 3428 2447 satis

1868 2489 1961 2557 sit,
1994 2490 2049 2545 in
2077 2489 2289 2546 horreis
2312 2488 2640 2545 condiderit.
2672 2489 2751 2544 Ac
2783 2504 2850 2545 ne
2876 2486 2930 2541 id
2963 2486 3183 2557 quidem
3210 2484 3427 2553 ignave,

1868 2597 2057 2638 verum
2122 2582 2260 2639 scito
2309 2582 2545 2653 quodam
2610 2581 2846 2637 artificio
2894 2579 2999 2637 hoc
3052 2576 3310 2639 efﬁciens,
3372 2583 3432 2627 ttt

1868 2678 2024 2734 cibus
2073 2692 2236 2748 quam
2294 2675 2602 2733 diutissime
2641 2675 2828 2731 duret.
2883 2671 3163 2742 Siquidem
3219 2668 3449 2723 medias.

1870 2771 2057 2842 fruges
2104 2770 2327 2841 ungulis
2381 2777 2551 2833 secat,
2611 2782 2678 2823 ne
2726 2764 3099 2838 germinantcs
3125 2762 3211 2817 ad.
3244 2762 3449 2815 cilttnn.

1869 2863 1971 2920 sibi
2003 2864 2112 2918 sint
2165 2863 2408 2917 inutiles.
2440 2860 2572 2927 Quae
2604 2870 2783 2927 autem
2825 2857 3003 2913 oratio
3036 2854 3287 2924 assequi,
3309 2869 3431 2923 qua:

1870 2956 2023 3010 auris
2045 2971 2263 3025 capere,
2291 2955 2436 3026 quod
2468 2954 2715 3009 sullicere
2746 2965 2965 3019 tempus
3000 2956 3187 3018 queat,
3226 2945 3272 3001 si
3304 2945 3430 3013 quis

1869 3048 2053 3102 omnia
2114 3048 2311 3102 summi
2363 3047 2512 3102 illius
2559 3044 2791 3099 artificis
2853 3040 3118 3097 miracula
3175 3050 3453 3093 sermone»

1870 3139 2159 3208 complecti
2192 3139 2365 3193 velit?

275 3220 480 3274 Λέαινα
519 3221 733 3291 στέργει
761 3220 831 3275 τὰ
865 3222 1067 3293 ἐαυτῆς
1088 3223 1276 3288 τέκνα,
1317 3224 1411 3279 καὶ
1436 3222 1597 3288 λύκος
1628 3226 1766 3295 ὑπὲρ

1942 3230 2086 3289 Ibid.
2120 3263 2186 3272 —
2209 3230 2405 3285 Leaana
2441 3228 2685 3285 sobolem
2739 3235 2887 3281 amat
2917 3239 3107 3286 suam;
3142 3237 3239 3293 pro
3273 3228 3430 3273 catu-

208 3313 498 3367 σκυλάκων
536 3315 789 3384 μάχεται.
844 3314 1150 3385 Ἀμήχανος
1177 3316 1286 3386 γάρ
1329 3316 1532 3386 ἐστινὴ
1570 3318 1770 3389 στοργὴ

188 3402 321 3479 τοῖς
355 3405 571 3474 ἀλόγοις
605 3405 808 3459 τέκνων
837 3406 933 3460 καὶ
976 3407 1178 3476 γονέων
1206 3406 1343 3479 πρὸς
1370 3407 1596 3477 ἄλληλα.
1627 3409 1771 3464 Διότι

204 3494 236 3546 ὁ
259 3493 672 3565 δημιουργήσας
720 3494 860 3548 αὐτὰ
900 3494 1032 3559 Θεὸς
1072 3497 1174 3569 τὴν
1211 3496 1306 3551 τοῦ
1346 3496 1507 3566 λόγου
1535 3498 1771 3570 ἔλλειψιν

206 3583 295 3637 διὰ
321 3584 421 3652 τῆς
444 3584 556 3637 τῶν
584 3584 950 3657 αἰσθητηρίων
972 3587 1289 3657 περιουσίας
1319 3588 1765 3659 παρεμυθήσατο.

209 3674 384 3729 Πόθεν
418 3677 475 3729 ἐν
507 3677 723 3748 μυρίοις
753 3677 1045 3747 προϐάτοις
1072 3679 1233 3750 άρνδς
1258 3678 1369 3733 τῶν
1399 3678 1582 3751 σηκῶν
1610 3677 1769 3746 ἐξαλ-

207 3766 452 3838 λόμενος,
481 3767 620 3822 οἶδεν
653 3770 750 3839 μὲν
773 3768 874 3840 τὴν
900 3769 1080 3841 φωνὴν
1113 3771 1214 3842 τῆς
1256 3773 1479 3842 μητρὸς,
1516 3772 1769 3845 καὶπρὸς

207 3858 381 3929 αὐτὴν
423 3859 733 3927 ἐπείγεται,
788 3860 1035 3932 ἐπιζητεῖ
1083 3861 1142 3914 δέ
1196 3861 1295 3925 τὰς
1334 3863 1540 3927 οἰκείας
1585 3863 1769 3935 πηγὰς

204 3948 303 4002 τοῦ
356 3950 659 4018 γάλακτος·
707 3951 810 4005 κᾶν
859 3956 1142 4023 πενιχραῑς
1187 3954 1467 4026 μητρῴαις
1502 3955 1770 4029 περιτύχῃ

207 4040 420 4110 θηλαίς,
453 4034 687 4106 ἐκείναις
721 4044 969 4115 ἀρκεῖται
995 4060 1011 4111 ;
1038 4044 1147 4098 Kal
1174 4046 1207 4117 ἡ
1244 4046 1424 4116 μήτηρ
1457 4046 1515 4100 ἐν
1557 4048 1770 4119 μυρίοις

205 4130 437 4200 ἄρνασιν
460 4132 811 4200 ἐπιγινώσκει
844 4134 903 4186 τὸ
928 4135 1057 4187 ίδιον
1084 4135 1348 4206 γέννημα.

228 4264 231 4265 ν
276 4221 453 4290 Λόγου
479 4222 705 4294 ἄμοιρος
731 4225 760 4277 ὁ
788 4222 955 4290 κύων,
986 4226 1409 4297 ίσοδυναμοῦσαν
1435 4227 1490 4281 δὲ
1517 4229 1666 4297 ὅμως
1692 4230 1769 4301 τῷ

207 4306 349 4379 λόγῳ
383 4311 480 4383 τὴν
510 4313 764 4385 αἴσθησιν
799 4314 931 4384 ἔχει.
983 4315 1056 4368 Τδ
1105 4316 1161 4369 δὲ
1204 4318 1629 4387 μνημονευτικὸν
1669 4320 1769 4389 τῆς

205 4400 427 4470 χάριτος
455 4401 548 4455 τοῦ
580 4402 741 4467 ζώου,
784 4405 905 4456 τίνα
951 4404 1057 4457 τῶν
1094 4407 1400 4477 ἀχαρίστων
1442 4409 1579 4480 πρὸς
1618 4411 1768 4481 εὐερ-

206 4488 366 4554 γέτας
389 4490 450 4543 ού
487 4493 819 4564 καταισχύνῃ
845 4510 860 4557 ;
889 4494 1021 4548 ὅπου
1053 4512 1116 4563 γε
1164 4497 1258 4549 καὶ
1295 4499 1598 4566 φονευθεῖσι
1647 4502 1766 4553 κατ’

1871 3325 1939 3381 lis
1979 3325 2143 3395 lupus
2205 3323 2448 3377 dimicat.
2499 3320 2772 3375 Estenim
2825 3316 3169 3373 incredibilis
3203 3315 3427 3383 quidam

1868 3415 2161 3471 brutorum
2208 3413 2262 3467 in
2334 3412 2477 3467 fetus
2538 3427 2690 3476 suos,
2737 3418 2792 3463 et
2846 3415 3133 3477 parentum
3195 3405 3437 3458 invicem

1871 3521 2047 3561 amor.
2087 3503 2541 3573 Quandoquidem
2570 3508 2896 3572 procreator
2934 3515 3124 3555 eorum
3162 3497 3308 3553 Deus
3346 3512 3433 3551 ra-

1872 3600 2037 3654 tionis
2074 3598 2313 3666 tnopiam
2369 3610 2631 3650 sensuum
2670 3592 2993 3663 praestantia
3029 3590 3427 3660 compensavit.

1871 3689 2031 3746 Unde
2060 3689 2120 3744 (it
2172 3696 2234 3742 ut
2264 3690 2406 3742 inter
2438 3687 2758 3741 innumeras
2784 3699 2916 3739 oves
2948 3698 3119 3753 agnus
3149 3698 3179 3737 e
3212 3681 3431 3735 stabulo

1871 3783 2129 3839 cxsiliens
2198 3781 2392 3837 matris
2428 3795 2621 3835 vocem
2651 3785 2938 3850 agnoscat.
2972 3786 3137 3846 atque
3185 3776 3252 3829 ad
3310 3791 3431 3829 eam

1870 3875 2188 3932 contendat.
2241 3873 2448 3941 Quaerit
2500 3887 2631 3927 vero
2672 3872 2887 3935 nativos
2927 3869 3088 3925 lactis
3136 3868 3338 3929 fontes,
3378 3876 3433 3919 tet

1869 3968 2122 4039 quamvis
2160 3967 2349 4037 jejuna
2404 3966 2597 4020 matris
2626 3965 2793 4019 ubera
2841 3962 3219 4023 nanciscatur,
3256 3960 3327 4014 iis
3352 3968 3432 4012 ta-

1869 4074 1993 4113 men
2043 4066 2128 4113 est
2157 4066 2470 4112 contentus.
2496 4054 2601 4110 Sed
2634 4062 2690 4109 et
2720 4063 2895 4109 mater
2930 4052 3073 4107 inter
3113 4050 3447 4111 innumeros.

1868 4163 2038 4220 agnos
2077 4146 2245 4202 fetum
2272 4146 2551 4216 cognoscit
2574 4159 2757 4199 suum.

1939 4239 2082 4294 Ibid.
2113 4270 2183 4280 —
2220 4237 2467 4295 Rationis
2520 4245 2605 4291 est
2656 4249 2852 4303 expers
2882 4233 3074 4297 canis;
3122 4237 3175 4284 at
3205 4245 3431 4285 sensum

1868 4342 2049 4388 tamen
2086 4330 2282 4385 rationi
2318 4343 2459 4398 pene
2499 4342 2684 4398 parem
2717 4326 2904 4383 habet.
2938 4323 3205 4381 Memoria
3245 4330 3435 4389 autem

1867 4424 2075 4495 accepti
2137 4422 2412 4487 beneficii,
2490 4436 2611 4489 quae
2671 4419 2773 4489 ipsi
2833 4423 2999 4483 inest,
3059 4430 3287 4486 ecquem
3322 4429 3433 4467 non

1866 4529 2056 4571 eorum
2116 4513 2213 4581 qui
2266 4527 2397 4578 erga
2424 4512 2561 4566 bene
2591 4511 2658 4564 dc
2686 4526 2744 4564 se
2773 4509 3000 4563 meritos
3042 4505 3243 4575 ingrati
3278 4512 3425 4561 sunt,

204 4578 441 4676 ἐρημίαν
478 4583 666 4636 πολλοὶ
704 4584 813 4651 τῶν
851 4585 1028 4641 κυνῶν
1073 4587 1502 4653 ἐπαποθανόντες
1555 4607 1766 4660 μνημο-

1870 4605 2077 4676 pudore
2123 4578 2426 4666 suﬂ‘undat,
2467 4601 2691 4670 quando
2728 4601 3022 4668 plerosque
3048 4598 3216 4651 etiam
3274 4594 3459 4663 juxta.

206 4669 472 4726 νεύονται.
511 4674 648 4744 Ἤδη
687 4674 745 4728 δέ
767 4694 908 4740 τινες
936 4679 1030 4730 καὶ
1061 4679 1251 4749 θερμῷ
1279 4680 1357 4750 τῷ
1388 4681 1549 4734 πάθει
1581 4682 1766 4751 ὁδηγοὶ

205 4764 316 4827 τοῖς
352 4765 647 4836 ἐκζητοῦσι
688 4771 816 4833 τοὺς
842 4772 1036 4839 φονέας
1082 4774 1349 4841 ἐγένοντο,
1394 4776 1489 4829 καὶ
1528 4776 1631 4830 ὑπὸ
1666 4778 1768 4848 τὴν

204 4851 355 4927 δίκην
387 4857 617 4929 ἀχθῆναι
648 4862 775 4925 τοὺς
801 4864 1143 4935 κακούργους
1166 4866 1448 4937 ἐποίησαν.

268 5122 371 5214 Τὸν
423 5130 788 5200 χαμαιλέοντα
847 5134 1030 5201 πάσας
1080 5138 1516 5209 μεταλαμϐάνειν
1573 5142 1761 5214 χρόας,

204 5210 336 5284 πλὴν
361 5220 494 5289 μιᾶς
522 5221 620 5291 τῆς
656 5222 994 5298 λευκότητος.

270 5306 362 5373 Τίς
406 5312 436 5363 ὁ
469 5312 655 5385 κύκνῳ
679 5318 1018 5387 συνυφαίνων
1048 5321 1211 5393 ᾠδὴν,
1238 5326 1366 5385 ὅταν
1394 5326 1668 5400 ἐκπετάση
1702 5330 1761 5382 τὸ

204 5403 397 5491 πτερὸν
420 5409 538 5470 ταῖς
565 5408 780 5477 αὔραις,
803 5413 897 5465 καὶ
929 5418 1056 5486 ποιῇ
1087 5416 1248 5484 μέλος
1271 5418 1332 5472 τὸ
1361 5419 1631 5491 σύριγμα;
1658 5422 1761 5476 Πό-

207 5485 295 5543 θεν
322 5496 464 5561 ταὼς
492 5500 750 5566 όάλαξὼν
778 5506 874 5557 καὶ
902 5485 1139 5578 Μηδικὸς
1165 5508 1339 5574 οὕτως
1358 5485 1645 5579 φιλόκαλος
1666 5515 1759 5566 καὶ

207 5582 475 5658 φιλότιμος
490 5608 506 5656 ;
538 5593 647 5659 Καὶ
672 5596 789 5667 γὰρ
810 5598 1122 5654 αἰσθάνεται
1142 5599 1235 5654 τοῦ
1257 5603 1459 5656 οἰκείου
1484 5603 1711 5667 κάλλους
1740 5623 1757 5636 “

206 5667 326 5764 ὅταν
357 5678 438 5750 ιδῃ
473 5682 597 5735 τινὰ
628 5685 998 5757 πλησιάζοντα
1036 5695 1155 5756 ταῖς
1186 5693 1449 5762 θηλείαις,
1489 5695 1564 5759 ὥς
1599 5714 1753 5764 φασιν

210 5762 595 5859 καλλωπίζεται
634 5777 724 5830 τὸν
762 5781 963 5851 αὐχένα
992 5783 1199 5854 διάρας,
1222 5788 1313 5840 καὶ
1337 5787 1398 5840 τὸ
1425 5762 1621 5859 πτερὸν
1660 5807 1754 5841 κυ-

212 5849 463 5929 κλοτερῶς
495 5849 933 5945 περιστήσας,γτὸ
961 5849 1264 5946 χρυσαυγὲς
1303 5879 1397 5933 καὶ
1424 5849 1753 5951 κατάστερον

1864 4694 2120 4749 dominos
2148 4693 2201 4746 in
2239 4692 2539 4747 solitudine
2567 4690 2936 4745 obtruncatos
2966 4696 3198 4742 mortem
3223 4685 3429 4740 obiissc

1864 4783 2145 4855 proditum
2175 4784 2282 4837 sit?
2305 4782 2448 4847 Quin
2476 4780 2726 4837 nonnulli
2766 4794 3008 4849 quoque,
3031 4778 3291 4847 ﬂagrante
3329 4778 3430 4828 ad-

1863 4877 1977 4931 huc
2028 4876 2197 4940 caadc,
2232 4876 2300 4930 iis
2329 4875 2424 4945 qui
2470 4872 2859 4931 interfectores
2903 4877 3214 4942 quaererent
3258 4868 3455 4923 duces.

1862 4986 1922 5025 se
1971 4968 2345 5039 praebuerunt,
2423 4966 2837 5035 eﬂ‘eceruntqtte
2907 4964 2985 5019 uti
3037 4960 3333 5018 facinorosi
3359 4960 3439 5013 ad

1864 5061 2095 5118 luendas
2125 5076 2324 5132 pmnas
2357 5060 2715 5115 ducerentur.
3398 5108 3399 5111 η

1881 5196 1887 5203 .
1930 5153 1988 5209 S.
2032 5153 2189 5223 Greg.
2217 5150 2361 5206 Naz.
2385 5183 2453 5192 —
2488 5149 2946 5205 Chamaelecntent
2996 5146 3181 5199 ferunt
3213 5142 3424 5197 colores

1860 5247 2096 5301 subinde
2152 5260 2344 5300 omnes
2375 5257 2687 5304 assumere,
2714 5239 2961 5295 candore
3013 5252 3123 5291 uno
3172 5243 3420 5304 excepto.

1928 5335 2120 5404 Ejusd.
2188 5344 2325 5390 orat.
2359 5333 2394 5387 Ε).
2426 5332 2489 5388 de
2524 5331 2706 5388 Tlteol.
2739 5360 2809 5373 --
2846 5328 2982 5395 Quis
3035 5334 3256 5387 cantum
3291 5341 3424 5379 con-

1859 5425 1993 5493 texit
2038 5439 2235 5496 cycno.
2271 5439 2392 5485 cum
2418 5422 2484 5476 ad
2514 5431 2706 5476 ventos
2757 5419 2956 5489 pennis
2979 5418 3261 5487 expansis,
3292 5415 3423 5469 stri-

1857 5515 2044 5570 dulum
2074 5530 2293 5571 carmen
2341 5514 2616 5569 effundit?
2665 5511 2945 5567 Undenam
2976 5508 3219 5563 Medicus
3251 5507 3341 5560 ille
3370 5513 3422 5559 et

1859 5621 2126 5676 arrogans
2188 5620 2348 5675 pavo,
2410 5602 2703 5671 elegantia
2754 5608 2809 5656 et
2840 5600 3032 5675 gloriae
3083 5612 3259 5666 usque
3287 5595 3422 5650 adeo

1855 5697 2089 5768 cupidus
2116 5697 2245 5753 est?
2274 5696 2490 5751 Etenim
2528 5694 2786 5749 decorem
2825 5708 2985 5747 suum
3024 5691 3142 5769 ipse
3171 5701 3423 5755 comper-

1856 5790 2186 5858 tuntlhabet:
2221 5803 2455 5858 cumquo
2481 5787 2714 5855 aliquem
2738 5785 2803 5839 ad
2833 5783 3062 5839 feminas
3088 5778 3310 5851 pmpius
3331 5792 3422 5829 ac-

1857 5880 2136 5937 cedentem
2170 5880 2366 5943 cernit,
2396 5878 2684 5937 ambitiose
2704 5892 2848 5943 sese,
2875 5883 2933 5929 ut
2956 5875 3127 5938 aiunt,
3158 5877 3421 5931 ostentat,
