4052 6300
704 381 841 448 1583

1848 380 1909 439 S.
1948 378 2264 440 JOANNIS
2301 377 2730 443 DAMASCENI

3728 391 3824 461 158i

702 516 766 552 ac
800 496 1023 552 diducto
1048 494 1208 563 collo,
1254 495 1555 565 pennisque
1576 494 1632 547 in
1665 493 1851 548 orbem
1913 492 2256 562 compositis,
2289 513 2302 552 ι

2222 507 2256 555 ι,
2289 496 2335 553 Α
2362 494 2632 568 θεατρίζει
2667 498 2727 551 τὸ
2753 498 2948 563 κάλλος
2974 502 3085 564 τοῖς
3111 500 3364 571 ἐρασταῖς
3394 504 3518 571 μετὰ
3544 508 3734 580 σοεαροῦ
3761 517 3822 567 τοῦ

702 596 949 645 auratam
1004 586 1293 657 quamdam
1327 592 1383 639 et
1417 585 1700 639 stellarum
1756 583 1933 638 instar
1968 583 2264 638 micantem

702 680 1168 752 pulchritudinem
1240 677 1510 732 rivalibus
1562 676 1678 731 suis
1734 676 1977 747 superbo
2028 676 2258 732 incessu

702 780 1129 828 commonstrat.
2034 770 2044 781 '

772 863 829 918 S.
858 864 1013 935 Greg.
1042 864 1182 918 Naz.
1210 862 1571 918 ibid.—Unde
1592 861 1790 932 apibus
1816 868 1871 915 et
1896 862 2116 916 araneis
2141 876 2269 916 con-l

701 954 918 1010 ﬁciendi
966 958 1168 1025 operis,
1197 962 1250 1010 et
1284 955 1439 1026 531
1476 956 1612 1010 artis
1639 954 1957 1009 exercendae
1998 955 2263 1021 studium,

702 1056 760 1102 ut
788 1056 842 1103 et
873 1048 976 1101 illa:
1006 1062 1104 1116 per
1133 1047 1458 1115 sexangul-as
1489 1055 1654 1116 atque
1685 1047 1830 1099 inter
1882 1060 1943 1100 se
1980 1045 2269 1115 oppositas

699 1138 1099 1213 ﬁstulasfavos
1128 1148 1425 1193 contexaut
1452 1147 1506 1193 et
1529 1139 1779 1202 fulciant,
1802 1151 1865 1192 ac
1889 1153 1983 1203 per
2004 1139 2265 1192 interme-

699 1233 849 1286 dium
890 1240 1106 1300 septum
1142 1240 1197 1285 et
1232 1232 1696 1300 permutationem
1734 1230 2061 1300 angulorum
2096 1230 2264 1285 rectis

699 1324 862 1378 lineis
893 1323 1226 1377 adnexorum
1262 1323 1572 1377 ﬁrmitatem
1623 1323 1756 1392 ipsis
1784 1323 2083 1377 concilient
2125 1341 2137 1376 :
2180 1323 2265 1376 hae

696 1420 881 1468 autem
930 1428 1028 1482 per
1061 1412 1246 1466 tenuia
1280 1420 1334 1466 et
1369 1415 1517 1466 aeria
1545 1412 1940 1482 propemodum
1985 1412 2073 1464 ﬁla
2116 1411 2266 1465 varie

696 1505 939 1559 distenta
978 1504 1313 1574 multiplices
1348 1504 1486 1559 telas
1526 1512 1753 1569 texant,
1789 1504 1952 1570 idque
1995 1502 2266 1573 ejusmodi

696 1596 931 1651 nexibus
971 1595 1063 1665 qui
1095 1596 1385 1650 oculorum
1418 1594 1590 1649 aciem
1628 1591 1883 1664 fugiunt?

766 1689 824 1743 ιιι
850 1689 1242 1745 observatione
1265 1697 1604 1759 compertum
1635 1696 1752 1752 est,
1782 1689 1997 1743 leonum
2023 1689 2263 1753 catulos,

696 1783 1160 1851 quemadmodum
1194 1793 1248 1837 et
1277 1796 1444 1835 canes
1468 1821 1484 1841 .
1523 1795 1703 1837 caecos
1739 1782 1795 1835 in
1832 1782 2008 1835 lucem
2044 1781 2153 1836 edi.

767 1873 904 1929 Cum
940 1874 1153 1928 leonina
1187 1888 1313 1927 ossa
1349 1874 1682 1936 tunduntur»,
1734 1874 1967 1943 perinde
2018 1882 2185 1942 atque
2233 1889 2264 1929 e
2293 1852 2336 1908 Β

698 1965 963 2020 silicibus
991 1964 1134 2036 ignis
1166 1963 1466 2018 excutitur.

768 2057 1024 2111 Clement.
1057 2086 1129 2107 -τ
1155 2055 1390 2126 Aquila,
1427 2063 1487 2109 ut
1521 2062 1829 2124 serpentem
1865 2071 1893 2108 a
1930 2055 2098 2124 pullis
2144 2053 2265 2108 abi-

697 2160 788 2221 gat
810 2191 824 2213 ,
859 2150 1083 2205 amuleti
1112 2150 1237 2204 loco
1287 2149 1519 2220 lapidem
1582 2167 1742 2221 quem
1778 2151 1986 2203 aetitem
2034 2159 2262 2215 vocant,

697 2242 753 2297 in
787 2242 917 2296 nido
950 2242 1122 2311 ponit.

780 2333 1046 2388 Philonis.
1071 2363 1144 2374 —
1166 2332 1263 2388 Est
1295 2333 1475 2389 bellua
1495 2372 1509 2395 ,
1539 2348 1662 2403 quae
1684 2334 1983 2388 taraudrus
2009 2341 2262 2399 vocatur,

697 2421 1077 2492 magnitudine
1123 2422 1249 2477 bovi
1295 2437 1408 2476 non
1456 2423 1654 2493 impar,
1701 2424 1816 2478 oris
1860 2433 2042 2478 autem
2088 2423 2266 2479 forma

674 2498 675 2505 “
695 2529 860 2569 cervo
880 2529 1045 2584 quam
1068 2515 1367 2570 simillima.
1387 2513 1539 2570 Hanc
1554 2516 1703 2570 aiunt
1719 2516 1876 2586 juxta
1890 2533 1952 2572 ea
1969 2517 2089 2572 loca
2105 2528 2266 2587 atque

697 2607 925 2663 arbores
970 2607 1175 2677 quibus
1208 2608 1522 2678 propinqua
1574 2618 1691 2675 est,
1736 2610 1972 2681 pilorum
2018 2612 2265 2666 colorem

698 2699 934 2754 subinde
959 2708 1179 2756 mutare
1201 2742 1214 2764 ,
1252 2700 1389 2756 adeo
1416 2710 1476 2755 ut
1507 2702 1579 2756 ob
1607 2705 1812 2758 coloris
1838 2704 2265 2760 similitudinem

698 2793 768 2845 ab
798 2792 864 2847 iis
888 2791 981 2861 qui
1010 2792 1225 2847 obviam
1254 2795 1392 2847 liunt
1417 2794 1785 2849 animadverti
1809 2795 2035 2849 minime
2060 2802 2263 2864 queat,

696 2893 751 2937 et
778 2886 879 2938 hac
904 2883 1121 2939 ratione
1145 2885 1326 2954 potius
1351 2900 1513 2956 quam
1542 2886 1746 2941 robore
1771 2888 2024 2958 corporis
2049 2888 2102 2942 id
2130 2902 2265 2942 con-

698 2974 889 3044 sequi,
924 2985 984 3030 ut
1012 2977 1098 3030 vix
1132 2978 1359 3032 omnino
1394 2979 1517 3048 capi
1547 2981 1746 3049 possit.

768 3088 907 3156 TlT.
949 3089 1042 3145 lll.
1064 3122 1138 3163 5—
1166 3089 1240 3145 De
1272 3090 1588 3160 ponderibus
1622 3092 1790 3161 justis
1818 3102 1866 3145 et
1901 3094 2185 3146 mensuris.

2368 588 2720 660 βαδίσματος.,

2446 866 2617 922 Πόθεν
2656 868 2940 937 μελίσσαις
2958 884 3018 920 τε
3042 868 3134 921 καὶ
3160 868 3416 939 ἀράχναις
3441 870 3497 923 τὸ
3522 872 3745 944 φιλεργὸν,
3762 882 3826 933 καὶ

2368 962 2698 1032 φιλότεχνον,
2731 948 2817 1014 ἵνα
2842 965 2959 1024 ταῖς
2983 961 3081 1031 μὲν
3111 961 3178 1014 τὰ
3200 961 3366 1032 κηρία
3388 962 3627 1034 πλέκηται
3648 971 3719 1019 καὶ
3740 986 3824 1024 συν-

2368 1058 2557 1128 έχηται
2593 1057 2661 1109 δι’
2695 1055 2980 1124 ἐξαγώνιον
3008 1056 3281 1126 συρίγγων
3302 1056 3397 1107 καὶ
3420 1058 3746 1129 ἀντιστρόφων.
3763 1068 3824 1118 καὶ

2366 1134 2427 1203 τὸ
2456 1150 2666 1221 ἑδραῖον
2692 1149 2884 1213 αὑταῖς
2905 1148 2994 1202 διὰ
3022 1147 3118 1201 τοῦ
3151 1148 3318 1217 μέσου
3340 1149 3431 1200 τοῦ
3458 1150 3747 1220 τειχίσματος
3762 1158 3823 1208 καὶ

2366 1244 2610 1313 ἀλλαγῆς
2650 1242 3096 1312 ἐπιπλεκομένων
3126 1244 3248 1304 ταῖς
3280 1242 3511 1306 εὐθείαις
3547 1244 3640 1296 τῶν
3678 1250 3823 1313 γωνιῶν

2367 1338 2853 1411 πραγματεύηται·
2877 1339 2931 1389 αἱ
2968 1336 3024 1390 δὲ
3058 1335 3144 1388 διὰ
3171 1336 3380 1387 λεπτῶν
3402 1336 3489 1389 καὶ
3507 1336 3677 1406 ἀερίων
3701 1341 3822 1409 σχεδὸν

2366 1431 2475 1484 τῶν
2506 1430 2763 1501 νημάτων
2788 1428 3080 1491 πολυειδῶς
3108 1428 3519 1497 διατεταμένων,
3546 1429 3822 1496 πολυπλόκους

2365 1523 2491 1585 τοὺς
2522 1523 2697 1584 ἱστοὺς
2718 1519 3083 1590 ὲξυιραίνουσι,
3104 1520 3194 1573 καὶ
3221 1519 3392 1573 ταῦτα
3406 1519 3463 1584 ἐξ
3479 1522 3671 1590 ἀφανῶν
3684 1525 3820 1593 dmin;

2439 1710 2776 1779 Τετήρηνται
2810 1706 2859 1759 οἱ
2882 1704 2991 1758 τῶν
3019 1704 3246 1757 λεόντων
3282 1702 3522 1773 σκύμνοι,
3550 1702 3749 1773 καθάπερ
3765 1707 3822 1757 καὶ

2367 1802 2417 1853 ot
2445 1801 2626 1864 κύνες,
2655 1798 2936 1852 τίκτεσθαι
2952 1796 3164 1866 τυφλοί.
3468 1786 3480 1799 ’

2434 1894 2800 1964 Κοπτομένων
2844 1892 2953 1945 τῶν
3004 1892 3255 1945 λεοντίων
3303 1890 3519 1954 ὀστέων,
3575 1889 3770 1960 καθάπερ
3786 1893 3823 1942 ἐκ

2362 1990 2471 2041 τῶν
2510 1984 2935 2056 πυριτῶνλλίθων
2970 1966 3081 2054 πῦρ
3102 1981 3417 2047 ἐξάπτεται.

2447 2080 2811 2150 Ἀλεξιτήριον
2849 2080 2907 2131 ὲν
2949 2080 3013 2147 τῇ
3055 2075 3221 2145 καλιᾷ
3255 2073 3467 2142 τίθησιν
3488 2078 3514 2125 ὸ
3540 2073 3687 2135 ἀετὸς,
3718 2072 3822 2123 ἐλαύ-

2366 2192 2469 2229 νων
2498 2173 2605 2227 ἁπὸ
2632 2172 2739 2224 τῶν
2769 2169 3005 2224 νεοσσῶν
3021 2169 3112 2222 τὸν
3138 2167 3284 2237 ὅφιν,
3311 2166 3457 2219 λίθον
3477 2166 3559 2218 τὸν
3581 2164 3821 2233 καλούμενον

2366 2266 2601 2335 ἁετίτην.

2435 2358 2647 2411 Γίνεται
2694 2356 2899 2426 θηρίον,
2953 2354 2982 2407 ὃ
3045 2352 3289 2408 καλεῖται
3333 2350 3627 2421 τάρανδρος,
3671 2347 3825 2418 μέγεθος

2370 2453 2469 2523 μὲν
2491 2450 2632 2522 βοὸς,
2660 2450 2843 2519 ἐλάφῳ
2876 2447 2932 2502 δὲ
2961 2447 3051 2501 τὸν
3074 2446 3166 2499 τού
3199 2444 3486 2518 προσώπου
3527 2444 3670 2495 τύπον
3710 2443 3822 2507 ἐμφε-

2371 2543 2649 2615 ρέστατον.
2681 2541 2849 2609 Λόγος
2891 2539 3003 2611 ἔχει
3060 2538 3248 2591 τοῦτον
3304 2535 3635 2608 μεταϐάλλειν
3668 2533 3733 2586 ἀεὶ
3764 2530 3823 2590 τις

2367 2635 2560 2706 τρίχας
2594 2635 2727 2705 πρός
2756 2651 2815 2686 τε
2847 2634 2915 2684 τὰ
2947 2632 3142 2702 χωρία,
3178 2632 3274 2684 καὶ
3301 2630 3371 2683 τὰ
3399 2629 3579 2697 δένδρα
3598 2621 3665 2688 οἷς
3690 2624 3737 2677 ἂν
3767 2624 3823 2689 ty-

2368 2731 2468 2797 γὺς
2494 2729 2724 2790 ἵσταται,
2758 2726 2832 2788 ὡς
2854 2724 2941 2776 διά
2965 2724 3061 2793 τὴν
3089 2726 3189 2794 τῆς
3221 2723 3411 2792 χροιᾶς
3464 2719 3711 2788 ὁμοιότητα
3743 2715 3822 2765 λιν-

2367 2823 2549 2877 θάνειν
2567 2822 2692 2883 τοὺς
2725 2818 3166 2887 ἐντυγχάνοντας,
3210 2817 3308 2869 καὶ
3348 2813 3514 2885 ταύτῃ
3545 2808 3755 2881 μᾶλλονῆ
3782 2808 3821 2871 af

2367 2930 2434 2965 πε
2445 2912 2496 2984 pl.
2520 2911 2581 2964 τὸ
2609 2908 2768 2980 σῶμα
2783 2909 2921 2979 ἀλκῇ
2951 2906 3304 2978 δυσθήρατον.

2368 3097 2548 3150 ΤΙΤΛ.
2577 3093 2650 3147 Γ’.
2678 3122 2745 3134 --
2776 3091 2915 3161 Περὶ
2954 3087 3160 3161 ζυγπῶις,
3184 3087 3282 3161 καὶ
3322 3083 3604 3156 σταθμῶν.
3646 3080 3718 3133 κα)
3757 3078 3820 3145 μὲ-

2925 3158 3079 3226 τρων
3105 3158 3370 3211 δικαίων.

770 3248 891 3305 Lev.
924 3265 1015 3304 xtx
1039 3289 1054 3314 ,
1088 3250 1177 3305 56.
1205 3282 1273 3293 —-
1300 3268 1318 3301 ι
1351 3250 1469 3305 Non
1502 3249 1673 3308 facies
1695 3252 1963 3321 judicium
1992 3254 2260 3318 iniustum
2290 3257 2337 3318 C

2221 3270 2260 3307 ιιι
2290 3257 2337 3318 C
2440 3275 2459 3308 ι
2495 3256 2569 3309 Οὐ
2624 3255 2867 3324 ποιήσεις
2924 3251 3105 3305 ἄδικον
3140 3247 3327 3315 κρίσιν
3383 3249 3438 3298 ἐν
3489 3236 3821 3312 μέτροις,κα¹ιὲι

632 3344 635 3397 ζ
697 3344 753 3397 in
801 3344 1115 3410 mensuris,
1163 3350 1217 3397 et
1264 3344 1603 3411 ponderibus
1627 3385 1642 3409 ,
1670 3354 1724 3400 et
1758 3347 2003 3400 stateris.
2034 3346 2267 3401 Stateraa

691 3436 893 3504 justas,
941 3443 996 3491 et
1030 3436 1512 3518 mensurarjusta:
1537 3477 1551 3500 ,
1591 3447 1645 3492 et
1683 3438 1901 3492 chtenix
1940 3439 2123 3508 justus
2162 3439 2267 3493 erit

696 3528 878 3584 vobis.
922 3546 943 3581 ι
1336 3514 1355 3518 Ψ

767 3621 923 3676 Deut.
952 3636 1084 3685 xxv,
1112 3620 1300 3675 15-16.
1322 3650 1388 3660 ——
1410 3619 1558 3676 «Non
1585 3621 1814 3677 habebis
1840 3622 1892 3675 in
1920 3621 2144 3676 sacculo
2170 3628 2265 3675 tuo

693 3714 914 3770 diversa
948 3713 1227 3785 pondera,
1266 3713 1445 3783 majus
1478 3722 1532 3767 et
1564 3716 1785 3780 minus;
1820 3722 1874 3769 et
1908 3730 2020 3769 non
2061 3714 2166 3768 erit
2206 3715 2262 3769 in

695 3808 861 3862 domo
892 3817 985 3861 tua
1015 3805 1233 3863 modius
1271 3806 1448 3876 major
1487 3814 1541 3861 et
1577 3807 1777 3861 minor.
1814 3805 2037 3863 Pondus
2069 3823 2261 3862 verum

668 3898 983 3966 ,etjustum
1016 3898 1087 3953 sit
1117 3897 1254 3962 tibi,
1307 3904 1365 3951 ut
1414 3897 1607 3952 multis
1652 3898 1850 3954 diebus
1900 3900 2052 3956 vivas
2099 3915 2263 3968 super

694 3996 899 4042 terram
928 4002 1096 4058 quam
1140 3986 1408 4043 Dominus
1459 3986 1676 4043 dederit
1725 3988 1842 4042 tibi.
1900 3987 2263 4043 Ahominatur

692 4081 838 4133 enim
875 4077 1143 4134 Dominus
1173 4088 1304 4135 tuus
1334 4094 1458 4134 eum
1490 4080 1583 4149 qui
1620 4077 1755 4133 facit
1785 4078 1923 4135 haec.
1956 4096 1977 4130 ι

761 4172 953 4226 Ezech.
988 4186 1111 4234 xu,
1147 4171 1235 4224 10.
1265 4202 1337 4212 —
1366 4189 1385 4221 ι
1425 4170 1651 4224 Statura
1679 4170 1829 4239 justa
1851 4212 1865 4236 ,
1899 4179 1950 4224 et
1998 4183 2259 4223 mensura

687 4265 840 4343 justa
862 4306 878 4331 ,
908 4271 967 4319 et
994 4262 1215 4317 chaanix
1242 4262 1427 4331 justus
1461 4263 1566 4317 erit
1594 4262 1779 4316 vobis.
1816 4279 1833 4311 ι

762 4376 898 4448 ἸῘΙΤ.
939 4372 1206 4435 lV.—De
1232 4374 1447 4443 injuslis
1474 4374 1795 4443 ponderibus
1821 4384 1870 4427 et
1902 4374 2185 4429 mensuris.

768 4538 913 4591 Paul.
944 4553 1065 4602 ιιι,
1097 4538 1185 4593 10.
1212 4568 1282 4577 -
1307 4554 1325 4587 ι
1354 4534 1649 4592 Mendaces
1708 4535 1804 4589 ﬁlii
1859 4535 2143 4591 hominum
2195 4536 2255 4591 in

688 4629 935 4695 steteris,
970 4638 1030 4682 ut
1060 4628 1369 4698 decipiant,
1397 4646 1417 4679 ι
1447 4636 1553 4682 etc.

760 4722 917 4776 Prov.
945 4738 1031 4786 xl,
1070 4722 1121 4774 1».
1154 4752 1226 4762 -
1259 4740 1277 4772 ι
1313 4721 1529 4776 Statera
1563 4718 1753 4775 dolosa
1789 4719 2139 4774 abominatio
2172 4729 2258 4774 est

686 4815 829 4884 apud
851 4813 1172 4883 Dominurq;
1193 4823 1246 4867 et
1264 4811 1480 4889 pondus
1495 4826 1713 4882 aequum
1737 4818 2023 4881 acceptum
2041 4818 2127 4867 est
2142 4810 2217 4865 ei.
2230 4830 2249 4861 ι

758 4905 914 4961 Prov.
950 4922 1021 4960 xx
1042 4946 1058 4970 ,
1092 4905 1177 4959 10.
1206 4937 1276 4946 -—
1301 4923 1319 4956 ι
1348 4904 1574 4960 Pondus
1605 4920 1862 4975 magnum
1893 4913 1948 4959 et
1984 4919 2211 4975 parvum
2238 4943 2251 4968 ,

685 5010 736 5051 et
771 5014 1042 5054 mensura:
1065 5000 1333 5068 duplices,
1363 5008 1597 5068 utraque
1625 4998 1907 5051 immunda
1938 5013 2123 5052 coram
2151 4997 2258 5051 Do-

684 5093 875 5156 mino;
916 5102 971 5147 et
1005 5092 1099 5163 qui
1136 5090 1270 5146 facit
1310 5092 1460 5157 haec,
1504 5091 1559 5146 in
1602 5092 1721 5148 suis
1760 5090 2250 5148 adinventionibus

683 5187 1085 5258 compedietur.
1116 5204 1136 5237 ι

760 5276 902 5332 Ibid.
930 5277 1020 5331 23.
1049 5310 1119 5318 -——
1148 5295 1165 5328 ι
1192 5276 1546 5331 Abominatio
1593 5274 1835 5330 Domino.
1886 5276 2101 5346 pondus
2152 5274 2257 5329 du-

681 5372 801 5439 plex
831 5388 843 5422 :
874 5378 929 5425 et
962 5378 1170 5430 statera
1202 5371 1392 5425 dolosa
1423 5385 1531 5443 non
1566 5376 1652 5423 est
1682 5369 1827 5424 bona
1857 5383 2045 5423 coram
2079 5383 2164 5423 eo.
2195 5388 2215 5420 ι

753 5460 884 5514 Osee
908 5476 1017 5527 xu,
1050 5464 1101 5516 7.
1122 5492 1189 5502 —
1220 5480 1239 5513 ι
1267 5461 1567 5541 Chanaan,
1594 5462 1646 5514 in
1691 5461 1950 5517 manibus
1973 5459 2095 5530 ejus
2136 5468 2256 5516 sta-

679 5561 799 5608 tera
846 5553 1072 5616 dolosa,
1122 5555 1456 5610 calumniam
1507 5555 1719 5610 dilexit.
1773 5556 1982 5609 Omnes
2038 5552 2256 5608 labores

678 5648 801 5713 ejus
838 5659 947 5699 non
981 5644 1335 5701 invenientur
1368 5647 1475 5717 ipsi
1503 5654 1730 5719 propter
1760 5645 2087 5715 iniquitates
2117 5659 2257 5715 quas

678 5740 948 5813 peccavit.
983 5756 1001 5790 ι
1526 5726 1527 5729 “

640 5888 646 5918 ὲ
750 5830 907 5887 Amos
942 5844 1070 5897 vtn,
1124 5829 1176 5888 4.
1202 5862 1271 5876 —-
1300 5847 1318 5882 ι
1349 5829 1553 5887 Audite
1596 5829 1747 5895 haec,
1809 5828 1904 5899 qui
1956 5826 2243 5885 conteritis

2372 3350 2648 3421 σταθμοῖς,
2681 3348 2773 3401 καὶ
2801 3348 2859 3397 ὲν
2888 3344 3091 3413 ζυγοῖς.
3121 3340 3267 3408 Ζυγά
3293 3339 3495 3397 δίκαια.
3525 3336 3607 3389 καὶ
3639 3333 3767 3404 μέτρα
3782 3327 3821 3380 δί-

2370 3458 2519 3507 καια,
2545 3441 2637 3494 καὶ
2662 3437 2826 3509 χοῖνιξ
2851 3437 3057 3498 δίκαιος
3088 3433 3241 3486 ἔσται
3268 3433 3420 3501 ὑμῖν.
3453 3451 3469 3481 ι

2444 3639 2463 3671 ι
2500 3619 2613 3672 Οὐκ
2642 3617 2790 3670 ἔσται
2822 3617 2878 3669 ἐν
2897 3613 2975 3685 τῷ
3011 3612 3306 3683 μαρσίππῳ
3350 3626 3445 3663 σου
3479 3603 3698 3674 στάθμιον
3733 3599 3820 3668 μέῖι

2365 3711 2398 3781 ἢ
2435 3709 2630 3779 μικρόν
2663 3724 2677 3739 ⁸
2709 3708 2800 3761 καὶ
2828 3707 2927 3760 οὐκ
2950 3705 3102 3758 ἔσται
3123 3705 3182 3756 ἐν
3205 3705 3270 3773 τῇ
3302 3701 3448 3771 οἰκίᾳ.
3474 3715 3559 3750 σου
3593 3695 3706 3765 μέγα
3726 3688 3749 3759 ἦ

2366 3780 2516 3873 κρόν.
2554 3801 2819 3871 Στάθμιον
2841 3797 3092 3869 ἀληθινὸν
3120 3796 3213 3850 καὶ
3258 3794 3468 3848 δίκαιον
3500 3792 3623 3843 ἔστω
3655 3802 3731 3847 σοι,
3767 3780 3821 3831 ἶνα

2366 3896 2707 3967 πολυήμερος
2734 3894 2864 3964 γένῃ
2896 3894 2988 3945 ἐπὶ
3016 3892 3115 3962 τῆς
3148 3891 3249 3960 γῆς
3276 3884 3348 3960 ἦς
3380 3888 3573 3957 Κύριος
3594 3884 3618 3936 ό
3643 3879 3817 3976 eadem?

2363 3989 2544 4043 δίδωσί
2571 4007 2652 4044 σοι
2682 3991 2738 4043 ὲν
2768 3989 2976 4059 κλήρῳ,
3007 3987 3089 4040 ὅτι
3126 3983 3403 4055 βδέλυγμα
3448 3979 3620 4050 Κυρίῳ
3745 3970 3818 4034 θεῷ

2366 4100 2460 4135 σου
2486 4084 2594 4145 πᾶς
2618 4081 2786 4135 ποιῶν
2808 4079 2999 4135 ταῦτα.
3030 4098 3049 4131 ι

2438 4191 2457 4225 ι
2490 4173 2659 4240 Ζυγδς
2690 4172 2916 4234 δίκαιος,
2957 4170 3053 4223 καὶ
3086 4169 3283 4240 μέτρον
3336 4167 3555 4226 δίκαιον,
3600 4158 3674 4214 καὶ
3708 4148 3817 4223 χοῖνιξ

2360 4266 2567 4328 δίκαιος
2596 4265 2751 4318 ἔσται
2780 4265 2927 4336 ὑμῖν.
2968 4283 2987 4315 ι

2360 4380 2542 4434 ΤΙΤΛ.
2574 4379 2646 4431 A'.
2686 4408 2752 4419 --
2778 4379 2916 4447 Περὶ
2967 4376 3174 4447 ζυγῶν,
3195 4377 3291 4432 καὶ
3321 4372 3605 4444 σταθμῶν,
3658 4363 3725 4417 καὶ
3753 4355 3819 4425 μέ·

2932 4466 3085 4517 τρων
3104 4448 3343 4503 ἀδίκων.

2434 4562 2452 4595 ι
2487 4543 2716 4606 Ψευδεῖς
2744 4543 2849 4596 υίοὶ
2879 4542 2985 4596 τῶν
3030 4541 3330 4614 ἀνθρώπων
3362 4543 3418 4594 ὲν
3446 4536 3627 4605 ζυγοῖς,
3649 4526 3717 4581 τεσό
3748 4519 3821 4572 d62-

2358 4636 2544 4707 κῆσαι.
2576 4655 2594 4688 ι
3790 4700 3797 4713 ⁸

2435 4744 2453 4779 ι
2486 4728 2651 4795 Ζυγοὶ
2704 4725 2865 4779 δόλιοι
2910 4724 3187 4796 βδέλυγμα
3223 4722 3452 4777 ἐνώπιον
3490 4716 3665 4787 Κυρίου
3687 4727 3699 4740 ⁸
3736 4717 3821 4756 στιθ

2359 4819 2517 4891 θμιον
2546 4819 2603 4872 δὲ
2633 4819 2840 4873 δίκαιον
2872 4818 3055 4872 δεκτδν
3083 4816 3249 4889 αὐτῷ.
3288 4834 3307 4867 ι

2435 4931 2453 4963 ι
2497 4913 2767 4983 Στάθμιον
2811 4910 2953 4982 μέγα
3004 4911 3099 4963 καὶ
3139 4885 3356 4981 μικρὸν,
3411 4906 3497 4960 καὶ
3540 4885 3821 4984 Papiam?

2358 5005 2642 5076 ἀκάθαρτα
2676 5002 2905 5057 ἐνώπιον
2934 5000 3139 5068 Κυρίου
3167 5000 3451 5070 ἀμφότερα
3472 5010 3487 5029 ·
3530 4993 3610 5046 καὶ
3654 4988 3677 5037 ό

2357 5093 2530 5156 αὐτὰ,
2596 5092 2654 5146 ὲν
2709 5093 2819 5154 τοῖς
2862 5088 3286 5161 ἐπιτηδεύμασιν
3337 5080 3496 5140 αύτοῦ
3544 5062 3821 5145 συμποδισθῆσ

2360 5205 2532 5241 σεται.
2565 5206 2584 5239 ι

2434 5298 2453 5330 ι
2488 5277 2769 5348 Βδέλυγμα
2812 5276 3001 5349 Κυρίῳ
3033 5275 3213 5331 δισσὸν
3258 5273 3541 5342 στάθμιον·
3593 5258 3669 5315 καὶ
3711 5246 3818 5316 illi“

2358 5371 2526 5434 δόλιος
2554 5372 2616 5423 ού
2640 5371 2803 5425 καλὸν
2828 5370 3055 5424 ἐνώπιον
3086 5366 3275 5422 αὐτοῦ.
3313 5385 3330 5417 ι

2434 5481 2452 5515 ι
2484 5463 2723 5528 Χαναὰν,
2761 5466 2819 5516 ἐν
2846 5463 3033 5533 χερσὶν
3064 5458 3231 5515 αὐτοῦ
3274 5457 3431 5526 ζυγὸς
3485 5450 3663 5507 ἄδικος,
3700 5446 3817 5533 κίξυς

2359 5551 2704 5608 δυναστεύειν
2763 5552 3072 5622 ἠγάπησεν.
3133 5551 3341 5612 Πάντες
3412 5545 3457 5599 οἱ
3512 5539 3643 5593 πόνοι
3706 5528 3812 5581 eius?

2360 5648 2456 5717 οὐχ
2482 5646 2870 5718 εὑρεθήσονται
2896 5643 3065 5714 αὐτῷ,
3094 5642 3163 5695 δι’
3193 5639 3459 5712 ἁμαρτίας
3493 5632 3550 5696 ἃς
3571 5630 3774 5699 ἥμαρτεν·
3798 5626 3809 5657 '

2435 5845 2453 5878 ι
2488 5826 2779 5880 Ἀκούσατε
2809 5824 3000 5890 ταῦτα,
3030 5820 3078 5874 οἱ
3106 5819 3436 5891 ἑκτρίὸοντες
3454 5814 3525 5874 εἰς
3546 5808 3595 5861 τδ
3618 5794 3728 5872 πρωῒ
3751 5803 3823 5857 πεί
