4052 6402
173 448 315 515 1585
374 483 380 490 -

1426 431 1664 494 SACRA
1698 424 2160 489 PARALLELA.

3279 422 3415 490 1586

165 580 332 634 νητα,
359 562 451 617 καὶ
495 554 1054 617 καταδυναστεύοντες
1088 547 1339 619 πτωχοὺς
1358 547 1450 598 ἐπὶ
1472 542 1572 613 τῆς
1598 539 1701 609 γῆς
1726 555 1738 568 ·

1863 548 2008 588 uane
2041 534 2257 598 inopem
2280 567 2296 592 ,
2330 535 2383 584 et
2421 528 2734 598 opprimitis
2762 543 2965 599 egenos
3000 530 3053 585 in
3087 540 3229 587 terra
3260 554 3274 602 ;
3311 538 3405 606 qui

167 662 219 711 οἱ
243 658 495 725 λέγοντες
526 652 661 707 Πότε
693 647 1024 703 διελεύσεται
1048 646 1077 698 ό
1110 641 1240 713 μὴν,
1285 639 1378 693 καλ⁵
1416 636 1740 725 ιμπωλὴσοέ

178 748 425 822 μεν,και
458 743 734 805 Σάϐϐατα,
790 741 884 795 καὶ
939 738 1221 809 ἀνοίξομεν
1277 730 1606 804 θησαυροὺς,
1643 724 1739 822 τοῦ

171 820 400 913 ττοιῆσαι
420 838 620 911 μικρὸν
644 832 707 890 τὸ
737 834 956 905 μέτρον,
1006 833 1100 886 καὶ
1128 827 1223 884 τοῦ
1276 824 1575 897 μεγαλῦναι
1611 820 1739 874 στά-

170 935 331 1005 θμια,
366 933 461 986 καὶ
490 931 718 1003 ποιῆσαι
750 930 913 995 ζυγὸν
941 926 1147 986 ἄδικον,
1174 921 1270 975 τοῦ
1292 917 1524 974 κτᾶσθαι
1553 918 1611 970 ὲν
1638 915 1741 985 ἀρ-

170 1024 350 1095 γυρίῳ
406 1023 676 1092 πτωχοὺς,
749 1017 842 1072 καὶ
867 1013 1149 1075 ταπεινοὺς
1186 1011 1308 1065 ἀντὶ
1354 1007 1737 1085 ὑποδημάτων,

177 1116 277 1171 καὶ
308 1114 417 1175 ἀπὺ
468 1110 673 1177 παντὸς
738 1106 1076 1178 γεννήματος
1124 1098 1672 1173 ὲμπορευθησόμεθα.
1716 1116 1734 1147 ι

247 1225 267 1259 ι
318 1206 411 1270 Ἐξ
435 1196 511 1259 ὧν
537 1201 630 1256 τὸν
653 1197 884 1253 πλοῦτον
909 1196 1091 1252 αὐτῶν
1129 1193 1384 1256 ἀσεϐείας
1412 1190 1673 1260 ἔπλησαν.
1715 1206 1734 1240 ι

244 1384 428 1438 ΤΙΤΛ.
454 1382 532 1439 E'.
556 1412 625 1424 -—
646 1379 785 1448 Περὶ
826 1377 1015 1447 ζήλου
1052 1374 1279 1447 ἀγαθοῦ
1312 1374 1350 1443 ἦ
1381 1370 1667 1441 πονηροῦ.

247 1497 267 1531 ι
300 1477 393 1548 Μὴ
426 1473 745 1547 παμζὴλου
773 1473 833 1525 ὲν
881 1467 1360 1543 πονηρευομένοις,
1398 1466 1534 1537 μηδὲ
1576 1464 1739 1535 ζήλου

166 1568 297 1633 τοὺς
317 1567 609 1631 ποιοῦντας
637 1564 745 1636 τὴν
794 1562 1048 1634 ἀνομίαν.
1078 1561 1170 1630 Μὴ
1225 1556 1544 1631 παραζὴλου
1574 1559 1634 1610 ὲν
1662 1552 1742 1626 τῷ

169 1659 623 1732 κατευοδουμένῳ
686 1659 745 1711 ὲν
801 1658 868 1729 τῇ
910 1654 1015 1726 ὁδῷ
1074 1652 1270 1720 αὑτοῦ,
1326 1654 1384 1707 ὲν
1468 1648 1743 1722 ἀνθρώπῳ

169 1752 415 1807 ποιοῦντι
442 1751 691 1823 ἀνομίαν.
709 1749 803 1821 Μὴ
821 1746 1137 1819 παραζὴλου
1155 1745 1295 1800 ὥστε
1323 1741 1739 1816 πονηρεύεσθαισ

168 1846 253 1898 ὅτι
288 1846 337 1899 οἱ
366 1842 793 1916 πονηρευόμενοι
814 1837 1381 1912 ὲξολοθρευθὴσονται.
1413 1856 1432 1889 ι

248 2045 267 2079 ι
300 2026 389 2099 Μὴ
413 2025 657 2099 ζηλούτω
687 2042 786 2079 σου
818 2026 856 2096 ἡ
909 2022 1110 2094 καρδία
1138 2021 1268 2085 τοὺς
1294 2013 1680 2091 ἁμαρτωλούς.
1718 2034 1739 2067 ι

250 2221 269 2255 ι
305 2202 423 2267 Υἱὲ,
450 2202 526 2274 μὴ
555 2198 806 2273 ζηλώσῃς
837 2200 1040 2263 κακοὺς
1067 2199 1289 2269 ἀνδρας,
1320 2196 1455 2267 μηδὲ
1477 2192 1748 2262 ἐπιθυμὴ-

170 2312 274 2369 σῃς
303 2291 445 2349 εῖναι
479 2294 599 2366 μετ’
624 2293 825 2349 αὐτῶν.
870 2311 889 2344 ι

248 2405 267 2438 ι
311 2385 402 2457 Mi;
431 2387 609 2458 χαῖρε,
657 2385 754 2438 ἐπὶ
807 2385 1023 2450 κακοῖς,
1076 2382 1212 2455 μηδὲ
1260 2379 1427 2452 ζήλου
1488 2378 1748 2449 ἀμαρτω-

168 2479 318 2534 λούς.
360 2498 378 2532 ι

250 2499 265 2532 δ
304 2520 318 2534 .
360 2498 378 2532 ι

250 2497 393 2643 ιςΜὴ
421 2570 673 2645 ζηλώσῃς
700 2572 862 2640 δόξαν
894 2570 1258 2645 ἁμαρτωλῶν.
1288 2590 1306 2622 ι

251 2767 270 2802 ι
298 2746 534 2823 Ζηλοῦτε
552 2748 624 2804 τὰ
651 2750 970 2823 χαρίσματα
994 2750 1066 2804 τά
1096 2748 1403 2823 κρείττονα.
1446 2768 1464 2801 ι

244 2925 336 2997 Μὴ
387 2929 558 2999 φρονῇ
581 2927 689 2982 τῶν
716 2929 904 2984 κακῶν
931 2930 1221 2999 φαίνεσθαι
1250 2931 1516 3003 κρείττων
1537 2947 1551 2962 ο
1578 2930 1751 2985 λυποῦ

171 3016 232 3071 δὲ
258 3018 367 3072 τῶν
390 3019 613 3089 ἀγαθῶν
638 3020 976 3093 ἡττώμενος.

1844 621 2035 676 dicitis
2060 637 2077 675 :
2108 617 2342 685 Quando
2370 618 2731 688 pertransibit
2758 620 2995 683 mensis.
3023 631 3073 675 et
3106 626 3417 695 negotiabi-

1844 730 1997 779 mur;
2030 721 2086 768 et
2119 712 2387 775 Sabbata,
2415 718 2469 765 et
2498 710 2810 780 aperiemus
2837 710 3119 777 horreum,
3147 723 3209 769 ut
3242 716 3416 771 facia-

1842 824 1967 862 mus
1999 807 2266 862 minorem
2304 820 2657 869 mensuram,
2690 815 2747 859 et
2776 804 2993 875 pondus
3025 806 3206 876 majus
3238 809 3415 864 facia-

1841 916 1999 967 mus,
2023 910 2078 955 et
2101 900 2370 955 faciamus
2401 898 2560 969 532
2587 906 2856 953 stateram
2887 899 3136 969 iniquam
3160 941 3174 964 ,
3204 912 3262 955 ut
3293 918 3419 972 pos-

1841 991 2125 1048 sideamus
2162 990 2218 1046 in
2250 992 2489 1063 pecunia
2525 1004 2827 1060 pauperes,
2859 1001 2913 1046 et
2940 1006 3145 1061 egenos
3176 1008 3276 1063 pro
3307 1000 3420 1048 cal-

1840 1086 2143 1141 ceamentis
2166 1125 2181 1151 ,
2214 1094 2270 1141 et
2304 1085 2372 1140 de
2406 1084 2556 1139 omni
2593 1093 2859 1153 proventu
2900 1086 3288 1154 negotiemur?
3327 1106 3344 1139 ι

1910 1176 2075 1233 ΗίεΙι.
2111 1194 2164 1232 ιι
2188 1217 2204 1241 ,
2234 1178 2322 1232 12.
2352 1208 2423 1217 —
2450 1196 2467 1229 ι
2509 1176 2586 1231 Ex
2617 1178 2819 1246 quibus
2858 1177 3081 1232 divitias
3134 1194 3268 1233 suas
3322 1181 3421 1234 imo

1842 1271 2047 1342 pietate
2080 1271 2457 1341 repleverunt.
2500 1290 2517 1322 ι

1984 1362 2118 1419 ΤΙΤ.
2159 1364 2227 1420 ν.
2254 1394 2323 1404 -
2354 1364 2428 1418 De
2455 1363 2797 1419 aemulatione
2827 1363 2963 1415 bona
2990 1372 3083 1415 aut
3115 1362 3280 1416 mala.

1860 1466 1861 1469 ‘
1911 1452 2063 1508 Psat.
2095 1470 2265 1510 xxxvt
2288 1496 2302 1521 ,
2329 1455 2448 1516 1-7,
2478 1456 2533 1518 8,
2555 1455 2608 1510 9.
2634 1484 2703 1494 -—
2733 1473 2751 1505 ι
2784 1451 2908 1508 Noli
2942 1454 3192 1508 aemulari
3227 1456 3279 1507 iu
3312 1470 3424 1506 ma-

1842 1545 2187 1615 lignantihus
2209 1588 2224 1613 ,
2249 1563 2427 1619 neque
2451 1547 2726 1603 zelaveris
2756 1545 3024 1601 facientes
3053 1546 3422 1616 iniquitatem.

1841 1635 1963 1691 Noli
1992 1639 2241 1693 amulari
2271 1639 2327 1694 in
2359 1654 2426 1695 eo
2452 1639 2546 1709 qui
2581 1646 2947 1709 prosperatur
2979 1638 3035 1693 in
3067 1640 3155 1694 via
3188 1654 3287 1695 sua
3320 1680 3335 1703 ,
3368 1638 3424 1692 in

1848 1730 2074 1785 homine
2097 1728 2333 1785 faciente
2364 1729 2699 1801 injustitias.
2734 1728 2856 1783 Noli
2891 1730 3142 1785 aemulari
3197 1737 3256 1783 ut
3310 1746 3427 1783 iuu-

1844 1822 2100 1894 ligneris.
2140 1824 2417 1890 Quoniam
2472 1823 2567 1895 qui
2619 1824 3024 1895 malignantur,
3068 1822 3428 1878 extermina-

1770 1888 1814 1942 Β
1845 1888 2075 1973 buntur.
2109 1935 2127 1967 ι

1915 2008 2075 2064 Prov.
2111 2024 2287 2074 χχιιι,
2328 2010 2416 2064 17.
2446 2040 2517 2051 —
2548 2028 2568 2063 ι
2601 2009 2682 2066 Ne
2715 2010 3013 2065 aemuletur
3047 2024 3144 2063 cor
3182 2019 3333 2063 tuum
3371 2009 3426 2062 iu

1848 2098 2259 2169 peccatoribus.
2294 2116 2312 2149 ›

1920 2190 2081 2245 Prov.
2130 2208 2282 2257 nlv,
2323 2193 2376 2248 1.
2407 2226 2475 2235 -
2504 2212 2522 2246 ι
2562 2192 2673 2249 Fili
2713 2196 2824 2260 mi,
2861 2211 2930 2249 ne
2966 2194 3244 2247 azmuleris
3282 2194 3431 2247 viros

1848 2298 2085 2352 nequam
2108 2324 2124 2347 ,
2158 2301 2341 2355 neque
2371 2287 2658 2344 desideres
2688 2303 2815 2344 esse
2845 2304 2969 2343 cum
3006 2288 3160 2357 ipsis.
3198 2308 3215 2338 ›

1922 2372 2066 2427 Ibid.
2106 2375 2195 2430 19.
2223 2407 2291 2416 —
2326 2393 2346 2427 ι
2378 2375 2501 2431 Noli
2532 2378 2777 2447 gaudere
2806 2395 2975 2448 super
3004 2380 3214 2441 malos,
3253 2393 3432 2447 neque

1849 2466 2130 2520 aemuleris
2164 2477 2510 2536 peccatores.
2551 2488 2570 2521 ι

1922 2556 2096 2611 Eccli.
2135 2573 2225 2623 Ix,
2262 2558 2312 2611 7.
2354 2589 2420 2598 ——
2462 2574 2479 2605 ι
2514 2556 2637 2613 Noli
2681 2560 2931 2613 aemulari
2971 2560 3202 2629 gloriam
3238 2574 3433 2630 pecca-

1855 2659 2062 2705 lOTUﬂL
2098 2670 2119 2703 ι

1924 2742 1955 2797 Ι
1986 2743 2111 2799 Cor.
2146 2760 2218 2801 xtl
2244 2789 2258 2813 ,
2290 2748 2383 2802 51.
2409 2779 2476 2787 ——
2506 2765 2524 2798 ι
2560 2745 2919 2800 Ᾱιίιῐιυιίιιηὶιιί
2954 2746 3289 2800 charismata
3322 2760 3438 2799 me—

1855 2835 2018 2893 liora.
2051 2856 2071 2888 ι

1926 2927 1986 2982 S.
2021 2928 2172 2999 Greg.
2212 2928 2357 2984 Naz.
2386 2962 2454 2972 —
2484 2930 2596 2987 Nec
2630 2932 2735 2987 hoc
2782 2932 3006 2986 nomine
3053 2932 3321 3001 prreclare
3369 2930 3439 2985 de

1854 3025 1910 3071 te
1941 3020 2150 3075 sentias
2173 3061 2187 3085 ,
2226 3021 2375 3091 quod
2408 3024 2568 3078 malis
2599 3023 2799 3079 melior
2832 3039 3101 3094 apparens
3130 3042 3144 3091 ;
3186 3022 3282 3079 sed
3311 3022 3439 3077 dole

1726 3108 1740 3121 “
1857 3119 1912 3167 te
1943 3111 2112 3167 bonis
2146 3112 2466 3171 inferiorem
2500 3132 2647 3173 esse.

717 3251 763 3302 Σ
772 3252 890 3304 T01
890 3252 1018 3305 XEI
1023 3252 1121 3305 ΟΝ
1156 3255 1227 3306 11.

403 3360 587 3414 ΤΙΤΛ.
622 3362 700 3415 A'.
734 3392 804 3405 -—
826 3363 968 3429 Περὶ
1002 3363 1227 3432 ἡμέρας
1278 3364 1527 3434 ἀγαθῆς.

260 3495 279 3527 ι
312 3475 459 3547 Αὕτη
480 3479 513 3547 ἡ
551 3478 733 3549 ἡμέρα
758 3478 825 3549 ἢν
855 3479 1110 3549 ἐποίησεν
1131 3482 1159 3533 ό
1194 3480 1397 3553 Κύριος
1419 3497 1433 3512 ο
1488 3481 1753 3550 ἀγαλλια-

185 3568 427 3638 σώμεθα,
454 3571 545 3623 καὶ
574 3570 974 3642 εὐφρανθῶμεν
1000 3575 1059 3627 ὲν
1083 3573 1242 3643 αὐτῇ.
1290 3593 1309 3626 ι

264 3680 283 3711 ι
329 3662 417 3715 Ἐν
436 3662 619 3735 ἡμέρᾳ
646 3663 1009 3735 ἀγαθωσύνης
1042 3662 1167 3735 ζῆθι
1191 3668 1247 3719 έν
1276 3664 1489 3737 ἀγαθῷ.
1530 3686 1548 3719 ι

263 3774 281 3804 ι
328 3755 417 3809 Ἑν
449 3757 631 3827 ἡμέρᾳ.
655 3757 857 3828 ἀγαθῇ,
888 3758 1218 3829 ἀμνημησία
1246 3760 1454 3814 κακῶν.
1491 3780 1509 3813 ι

166 3896 169 3897 ,
262 3866 283 3903 ι
322 3848 414 3919 Μὴ
447 3849 837 3922 ἀφυστερήσῃς
858 3851 967 3904 ἀπὸ
997 3851 1210 3921 ἀγαθῆς
1243 3853 1477 3925 ἡμέρας.
1517 3874 1535 3905 ι

461 3943 642 3997 ΊΊΤΔ.
676 3941 752 3997 B’.
772 3974 840 3983 ~—
862 3944 1002 4012 Περὶ
1018 3945 1242 4014 ἡμέρας
1260 3946 1474 4015 κακῆς.

270 4053 290 4085 ι
318 4034 407 4097 Ἐν
438 4034 620 4106 ἡμέρᾳ.
640 4036 829 4089 κακῶν
865 4037 928 4091 ού
960 4040 1327 4110 μνησθήσεται
1348 4040 1587 4109 ἀγαθῶν.
1628 4062 1647 4094 ι

264 4231 284 4262 ι
325 4213 417 4282 Mi)
454 4214 826 4284 μεριμνήσετε
852 4216 934 4278 είς
960 4215 1054 4286 τὴν
1078 4216 1288 4288 αύριον.
1342 4218 1404 4271 Ἣ
1430 4218 1536 4290 γὰρ
1572 4220 1762 4291 αὔριον

189 4305 517 4374 μεριμνήσει
546 4305 615 4359 τὰ
639 4306 830 4378 αὐτῆς.
900 4308 1156 4379 Ἀρκετὸν
1198 4312 1266 4381 τῇ
1319 4310 1503 4382 ἡμέρᾳ
1532 4314 1563 4382 ἡ
1595 4313 1765 4367 κακία

186 4413 378 4459 αυτης.

331 4413 378 4459 ς.

293 4413 325 4465 η
363 4490 542 4545 ΤΙΤΛ.
570 4492 645 4545 I".
686 4524 755 4533 --
786 4494 927 4560 Περὶ
966 4494 1191 4561 ἡμέρας
1225 4496 1322 4548 καί
1346 4498 1587 4561 νυκτός.

2449 3256 2759 3313 LITTERA
2805 3258 2871 3317 11.

2241 3373 2378 3429 ΤΙΤ.
2418 3373 2512 3429 ιν.
2547 3404 2616 3414 -—
2651 3374 2728 3429 De
2760 3375 2847 3429 die
2884 3376 3038 3429 bona.

1848 3524 1853 3529 -
1925 3488 2087 3547 Ρδαί.
2124 3505 2296 3556 οινιι,
2331 3490 2487 3542 14η-
2523 3508 2542 3541 ι
2575 3488 2696 3543 Haec
2730 3488 2849 3543 dies
2879 3505 3048 3559 quam
3086 3491 3217 3544 fecit
3251 3491 3440 3545 Domi-

1855 3597 1959 3636 nus
1992 3598 2007 3646 ;
2041 3580 2389 3636 exsultemus
2419 3589 2474 3633 et
2507 3579 2757 3633 laetemur
2791 3579 2843 3631 in
2876 3595 2962 3633 ea.
2994 3599 3012 3631 ι

1928 3672 2106 3728 Eccle.
2145 3689 2198 3727 Ix
2222 3712 2237 3737 ,
2270 3672 2357 3727 15.
2378 3702 2448 3712 -—-
2468 3690 2486 3722 ι
2518 3673 2576 3725 ιιι
2601 3671 2691 3745 die
2717 3671 2987 3726 bonitatis
3012 3671 3131 3726 vive
3156 3672 3208 3725 in
3236 3672 3435 3727 bona.»

1927 3764 2096 3819 Eccli.
2131 3780 2183 3818 λι
2208 3804 2224 3828 ,
2257 3764 2346 3815 27.
2368 3794 2434 3803 —
2461 3780 2479 3812 ι
2508 3762 2563 3816 In
2588 3763 2678 3817 die
2702 3764 2846 3817 bona
2868 3763 3076 3818 oblivio
3105 3762 3463 3817 maloran

1930 3859 2101 3913 Eccli.
2137 3876 2249 3924 xw,
2291 3858 2379 3912 M.
2408 3889 2477 3898 —
2509 3876 2526 3908 ι
2559 3856 2637 3913 Ne
2667 3856 3018 3913 defrauderis
3050 3872 3077 3909 a
3104 3857 3199 3911 die
3230 3858 3392 3911 bono.
3420 3876 3437 3905 ι

2272 3950 2409 4005 ΤΙΤ.
2448 3950 2511 4004 ll.
2541 3978 2609 3991 —-
2639 3951 2713 4004 De
2741 3950 2824 4003 die
2857 3950 3025 4004 mala.

1935 4044 2102 4099 Eccli.
2142 4060 2194 4098 xu
2218 4085 2232 4108 ,
2266 4042 2359 4098 9.7.
2387 4071 2457 4083 -ω
2486 4062 2503 4093 ι
2544 4044 2601 4096 In
2630 4041 2722 4097 die
2754 4044 3029 4096 malorum
3068 4057 3177 4095 non
3214 4043 3319 4096 erit
3357 4059 3445 4097 rc-

1864 4139 2111 4196 cordatio
2140 4138 2437 4192 bonorum.
2471 4156 2489 4187 ι

1939 4231 2132 4286 Matth.
2167 4247 2220 4284 vr
2245 4272 2259 4295 ,
2286 4230 2451 4283 5‘2.——
2482 4248 2500 4279 ι
2534 4227 2717 4284 Nolite
2745 4229 2973 4284 solliciti
3005 4246 3128 4285 esse
3161 4231 3213 4285 in
3246 4234 3446 4285 craui-

1866 4341 2019 4380 num.
2048 4324 2345 4379 Crastinus
2376 4323 2523 4375 enim
2560 4322 2680 4377 dies
2713 4324 2992 4378 sollicitus
3025 4324 3129 4379 erit
3168 4325 3274 4379 sibi
3318 4326 3445 4395 ipsi.

1867 4416 2079 4473 Sulﬁcit
2113 4414 2223 4469 diei
2260 4413 2473 4467 malitia
2509 4428 2628 4467 sua.
2674 4434 2693 4464 ι

2222 4507 2361 4561 TIT.
2396 4506 2490 4560 lll.
2514 4536 2583 4548 -—
2608 4507 2683 4560 De
2716 4507 2800 4561 die
2834 4518 2884 4562 et
2923 4519 3092 4563 nocte.

266 4602 283 4633 ι
325 4582 490 4636 Ἐθου
573 4584 784 4650 σκότος,
843 4586 937 4638 καὶ
986 4587 1202 4653 ἐγένετο
1229 4588 1358 4652 νύξ’
1403 4588 1460 4641 έν
1503 4590 1642 4661 αὐτῇ
1685 4591 1752 4643 δι·

1951 4601 2100 4655 Psal.
2138 4616 2255 4665 cm,
2284 4599 2376 4652 ‘20.
2398 4627 2470 4639 —
2497 4618 2513 4649 ι
2546 4598 2791 4653 Posuisti
2821 4601 3100 4664 tenebras,
3126 4610 3180 4654 et
3205 4601 3343 4655 facta
3370 4609 3455 4655 est

192 4672 499 4729 ελεύσονται
554 4678 731 4740 πάντα
776 4678 846 4731 τὰ
889 4678 1054 4751 θηρία
1087 4680 1180 4733 τοῦ
1236 4680 1427 4747 ἀγροῦ.
1467 4701 1483 4734 ι

269 4767 365 4830 Τίς
389 4768 444 4821 δὲ
471 4769 656 4841 ἡμέρα
700 4771 794 4823 καὶ
824 4772 920 4837 νὺξ
972 4772 1276 4842 ἰσομοιρίαν
1332 4774 1468 4844 πρὸς
1533 4774 1768 4845 ἀλλήλας

191 4859 473 4929 λαχοῦσαι,
500 4863 595 4915 καὶ
622 4863 964 4935 περιτροπήν
1016 4864 1314 4937 ἔμμετρον,
1352 4866 1447 4919 καὶ
1487 4868 1519 4935 ἡ
1560 4868 1659 4937 μὲν
1691 4870 1771 4932 εἰς

194 4953 355 5023 ἔργον
387 4956 539 5025 ἡμᾶς
569 4954 883 5027 ἐγείρουσα,
919 4958 963 5038 ἡὶ
990 4957 1045 5010 δὲ
1067 4957 1446 5012 ἁναπαύουσα.

266 5244 458 5299 Νύκτα
486 5249 581 5300 καὶ
608 5250 824 5320 ἡμέραν
858 5251 1122 5323 ἀλλήλαις
1168 5254 1340 5307 εἴκειν
1360 5254 1533 5325 ἡπίως
1557 5255 1774 5323 ἔταξας,

195 5336 361 5405 νόμον
386 5337 564 5408 τιμῶν
616 5339 980 5414 ἀδελφότητος
1020 5344 1117 5397 καὶ
1178 5346 1383 5415 φιλίας.
1431 5349 1540 5401 Καὶ
1578 5351 1644 5418 τῇ
1678 5349 1777 5419 μὲν

197 5430 438 5495 ἔπαυσας
477 5433 681 5497 κόπους
707 5435 807 5503 τῆς
836 5420 1183 5507 πολυμόχθου
1208 5439 1434 5509 σαρκὸς,
1458 5442 1522 5510 τῇ
1550 5438 1607 5492 δὲ
1626 5440 1780 5511 ἡγει-

202 5541 299 5591 ρας
331 5526 410 5589 είς
441 5525 603 5597 ἔργον
638 5527 731 5581 καὶ
756 5530 986 5600 πράξεις
1021 5530 1122 5595 τάς
1157 5548 1238 5584 σοι
1268 5530 1448 5601 φίλας.
1497 5553 1513 5584 ι

284 5804 309 5840 ι
338 5788 455 5853 Νὺξ
482 5791 575 5846 καὶ
595 5792 885 5864 ἄνθρωπος
940 5793 1092 5867 ὕπνῳ
1135 5796 1507 5865 συστέλλεται,
1568 5803 1658 5854 καὶ
1714 5802 1783 5855 τά

212 5881 375 5953 θηρία
414 5885 881 5957 παρρησιάζεται,
947 5889 1038 5943 καὶ
1093 5890 1245 5961 ζητεῖ
1290 5891 1498 5964 τροφὴν
1550 5892 1781 5947 ἕκαστον

1874 4709 2023 4759 nox;
2062 4694 2117 4746 in
2156 4693 2274 4763 ipsa
2312 4691 2732 4761 pertransibunt
2766 4707 2964 4745 omnes
3004 4692 3194 4747 bestiae
3228 4692 3400 4749 silva).
3430 4713 3447 4743 ο

1945 4786 2002 4840 S.
2040 4785 2195 4852 (ἶνες.
2232 4784 2377 4839 Naz.
2414 4782 2571 4839 Orat.
2604 4785 2668 4838 de
2699 4784 2897 4839 moder.
2932 4785 3131 4854 dispar.
3157 4816 3227 4825 ——
3252 4785 3375 4840 Dies
3402 4793 3457 4839 et

1877 4895 1986 4933 nox
2034 4894 2225 4948 aequas
2276 4877 2423 4931 inter
2476 4892 2536 4931 se
2591 4885 2818 4947 partes,
2877 4878 3354 4947 compositamque
3401 4886 3457 4931 et

1874 4981 2057 5041 aptam
2093 4970 2517 5025 conversionem
2552 4978 2732 5023 nactze
2784 4978 2954 5037 sunt;
2992 4980 3156 5040 atque
3204 4970 3297 5024 ille
3334 4971 3457 5039 qui—

1876 5064 1999 5120 dem
2036 5081 2139 5120 nos
2171 5064 2237 5118 ad
2271 5079 2412 5133 Opus
2442 5064 2681 5130 excitat,
2720 5063 2808 5120 bic
2839 5073 3023 5119 autem
3079 5064 3258 5119 fessos
3311 5064 3454 5117 levat

1877 5166 1932 5214 et
1967 5168 2204 5212 recreat.

1953 5249 2094 5303 Ibid.
2124 5281 2191 5290 —
2219 5248 2298 5303 Tu
2332 5250 2436 5304 hoc
2472 5250 2854 5313 constituisti,
2890 5257 2949 5302 ut
2983 5265 3088 5301 nnx
3127 5256 3183 5302 et
3214 5248 3334 5302 dies
3371 5249 3455 5302 in-

1880 5345 2056 5399 vicem
2090 5346 2195 5399 sibi
2226 5344 2426 5399 blande
2481 5345 2787 5400 cederent:
2836 5344 2935 5397 hac
2983 5343 3194 5397 scilicet
3243 5344 3459 5396 ratione

1884 5436 2260 5492 fraternitatis
2290 5444 2345 5490 et
2373 5435 2635 5490 amicitiae
2666 5435 2842 5505 legem
2878 5434 3185 5488 honoraris.
3238 5432 3316 5486 Ac
3362 5446 3459 5502 per

1884 5533 2113 5586 alteram
2166 5546 2491 5586 amunnosa:
2544 5531 2732 5585 carnis
2780 5529 2997 5583 labores
3038 5524 3461 5596 compressisti,

1884 5641 1980 5694 per
2016 5626 2249 5678 alterum
2287 5633 2471 5679 autem
2508 5623 2573 5678 ad
2618 5638 2757 5692 opus
2796 5622 3153 5690 actionesque
3194 5618 3291 5674 tibi
3332 5632 3459 5688 gra-

1884 5718 1992 5772 tias
2026 5718 2309 5774 excitaSti.

1957 5805 2099 5860 Ibid.
2138 5839 2204 5848 —
2233 5807 2352 5863 Nox
2386 5806 2582 5862 venit?
2620 5806 2784 5861 homo
2823 5802 3412 5860 somno‘contrahitnr
3440 5819 3467 5853 :-

1889 5915 1951 5956 ac
1988 5898 2116 5956 fera?
2148 5900 2317 5957 libere
2353 5907 2647 5972 vagantur,
2690 5908 2743 5956 et
2783 5898 3012 5971 singula:
3064 5897 3247 5952 cibum
3284 5893 3459 5948 Creo-
