4230 6438
789 392 884 457 Ε31

1982 393 2042 450 8.
2081 388 2400 450 JOANNIS
2441 387 2869 447 DAMASCEXI

3929 376 4038 439 632

791 503 922 558 Nam
968 514 1022 560 ct
1053 505 1337 561 hominum
1369 521 1542 576 genus
1589 520 1686 575 per
1714 505 1891 574 ipsum
1925 518 1990 557 ex
2031 501 2203 555 nihilo
2231 515 2357 568 pro-
2387 506 2415 557 Α

2495 497 2619 550 ύτοῦ
2639 498 2747 566 γὰρ
2766 498 2860 548 καὶ
2880 497 2943 546 ὲκ
2969 492 3062 544 τοῦ
3091 493 3166 561 μὴ
3177 492 3326 552 Euro;
3348 487 3604 560 παρήχθη
3631 488 3690 540 τὸ
3709 488 3815 540 τῶν
3829 486 4039 555 ἀνθρώ-

790 594 1014 650 ductum
1048 595 1174 660 fuit,
1207 606 1370 666 atque
1402 598 1471 650 ab
1499 610 1684 650 errore
1722 596 1790 649 ad
1817 595 2098 649 veritatem
2140 605 2364 645 revoca-

793 695 912 741 tum
938 696 1043 742 est.
1073 686 1311 756 ldeoque
1345 688 1460 742 haec
1493 686 1785 757 particula,
1810 701 1875 739 ea:
1911 701 2036 754 quo,
2081 682 2364 738 Christum

793 794 905 833 non
953 778 1216 834 excludit.
1257 778 1334 832 Ex
1372 779 1495 848 ipso
1536 777 1683 832 enim
1720 791 1816 846 per
1846 775 2128 830 Christum
2158 770 2366 825 conditi

793 885 1006 925 sumus.
1056 870 1158 935 Qui
1211 886 1310 924 nec
1344 871 1567 924 nomina
1595 879 1855 938 tanquam
1887 866 2188 934 unicuique
2221 872 2370 918 sorte
2413 857 2415 860 ⁴

794 961 1093 1014 distributa
1123 961 1336 1025 divisit,
1373 961 1500 1014 dum
1529 962 1666 1016 Filio
1696 959 1917 1029 quidem
1944 971 2152 1020 vocem,
2186 954 2370 1007 Domi-

795 1065 921 1114 nus,
963 1050 1111 1105 Patri
1162 1065 1291 1105 vero
1320 1066 1542 1114 nomen,
1596 1051 1757 1113 Deus,
1801 1047 2076 1102 attribuit.
2129 1043 2262 1097 Nam
2316 1051 2372 1098 et

801 1137 1085 1208 Scriptura
1107 1138 1424 1208 frequenter
1445 1140 1587 1194 solet
1611 1154 1675 1192 ea
1706 1145 2044 1208 permutare,
2074 1141 2134 1188 ut
2150 1133 2372 1204 quando

801 1229 916 1282 ait:
955 1228 1100 1282 Dixit
1154 1229 1413 1284 Dominus
1470 1231 1696 1285 Domino
1720 1245 1834 1283 meo
1879 1228 1948 1279 τί.
1996 1227 2063 1279 Et
2110 1239 2370 1280 rursum:

801 1317 1095 1386 Propterea
1152 1323 1305 1374 unxit
1359 1331 1407 1376 te
1464 1321 1625 1385 Deus,
1673 1320 1814 1374 Deus
1869 1328 1989 1372 tuus
2028 1319 2097 1371 ⁷³.
2151 1315 2255 1370 Et:
2290 1313 2374 1368 Ea:

803 1411 989 1479 quibus
1043 1410 1287 1465 Christus
1337 1413 1624 1466 secundum
1673 1427 1906 1476 carnem,
1956 1411 2047 1479 qui
2100 1418 2178 1463 est
2222 1422 2376 1476 super

805 1501 988 1553 omnia
1029 1499 1167 1554 Deus
1210 1503 1276 1554 ⁷³.
1312 1504 1495 1572 Atque
1523 1503 1708 1556 multis
1747 1503 1802 1555 in
1839 1502 1980 1556 locis
2023 1499 2224 1556 videris
2261 1499 2378 1551 bare

805 1593 1027 1646 nomina
1051 1593 1432 1646 transmutari.
1464 1593 1620 1658 Quod
1651 1593 1696 1646 si
1723 1599 1978 1660 quaerunt
1999 1590 2187 1658 aliqui,
2211 1603 2377 1658 quam

805 1680 878 1733 ob
914 1695 1139 1736 causam
1187 1699 1295 1737 non
1333 1685 1642 1737 meminerit
1685 1681 1967 1752 Spiritus:
2015 1681 2124 1734 hoc
2159 1693 2261 1734 nos
2294 1693 2380 1733 re-

807 1772 1226 1840 sponderimus,
1278 1789 1403 1828 cum
1455 1773 1524 1828 ad
1575 1775 1815 1828 cultores
1876 1771 2153 1826 idolorum
2212 1769 2378 1824 verba

808 1862 1014 1928 facere,
1043 1874 1204 1933 atque
1224 1864 1296 1918 de
1325 1863 1436 1919 diis
1465 1865 1736 1932 pluribus,
1764 1863 1948 1932 deque
1973 1861 2212 1916 dominis
2240 1860 2381 1913 mul-

809 1955 883 2010 tis
924 1955 1229 2025 disputare.
1268 1955 1635 2021 Quamobrem
1682 1965 1974 2026 postquam
2007 1969 2176 2009 unum
2205 1953 2380 2008 Deum

807 2043 1028 2099 Patrem
1065 2045 1226 2108 dixit,
1258 2042 1455 2099 Filium
1489 2044 1782 2099 Dominum
1812 2044 2128 2115 appellavit.
2158 2041 2215 2096 Si
2249 2057 2381 2114 ergo

805 2133 1027 2191 Patrem
1061 2151 1170 2189 una
1196 2152 1322 2190 cum
1364 2135 1505 2190 Filio
1543 2152 1689 2191 nunc
1717 2151 1889 2192 ausus
1921 2151 2031 2190 non
2067 2144 2154 2190 est
2191 2133 2381 2188 Domi-

808 2241 941 2282 num
982 2227 1279 2296 appellare,
1309 2243 1378 2281 ne
1405 2228 1548 2297 apud
1580 2227 1706 2283 illos
1745 2228 1800 2280 in
1826 2226 2204 2297 suspicionem
2232 2226 2386 2281 veni-

809 2325 894 2372 ret
924 2320 1079 2387 quasi
1114 2319 1254 2374 duos
1329 2320 1582 2374 dominos
1632 2321 1878 2386 diceret;
1929 2335 2111 2389 neque
2159 2334 2383 2374 rursum

810 2407 1012 2462 Filium
1039 2424 1146 2462 una
1185 2424 1312 2464 cum
1340 2407 1503 2464 Patre
1529 2409 1698 2464 Deum
1729 2425 1948 2473 vocare,
1977 2424 2046 2464 ne
2070 2408 2212 2464 duos
2240 2408 2385 2462 adir-

812 2515 966 2555 mare
1008 2501 1139 2555 deos
1173 2510 1460 2570 putaretur
1487 2521 1500 2555 :
1527 2501 1658 2570 quid
1691 2501 1936 2567 miraris,
1970 2502 2017 2556 si
2047 2516 2159 2556 non
2188 2501 2386 2556 memi-

810 2591 894 2644 nit
945 2591 1225 2660 Spiritus?
1274 2591 1410 2645 Nam
1463 2592 1732 2649 adversus
1785 2593 1910 2648 illos
1964 2603 2094 2648 tune
2139 2592 2386 2648 decerta-

811 2682 927 2746 bat,
989 2682 1311 2750 volebatque
1358 2685 1673 2749 ostendere,
1735 2685 1881 2753 apud
1941 2700 2041 2740 nos
2092 2700 2203 2740 non
2263 2700 2385 2740 esse

812 2771 1042 2826 deorum
1107 2773 1538 2831 multitudinem.
1597 2775 1896 2844 Propterea
1944 2791 2176 2842 vocem,
2245 2793 2383 2830 unus

813 2863 1035 2919 assidue
1089 2866 1308 2930 retinet,
1365 2867 1607 2920 dicens:
1647 2865 1849 2921 Nullus
1905 2875 1986 2920 est
2047 2866 2215 2935 Deus,
2277 2867 2382 2919 nisi

2468 607 2584 642 πων
2605 589 2781 655 γένος,
2806 585 2899 638 καὶ
2927 585 3034 637 ἀπὸ
3065 583 3273 652 πλάνης
3295 584 3374 644 εἰς
3423 579 3686 649 ἀλήθειαν
3721 577 3996 646 ἐπανῆλθε
4018 592 4035 608 ⁸

2467 683 2608 735 ὥστε
2633 683 2712 744 τὸ,
2745 681 2810 743 ἐξ
2841 674 2938 741 οὗ,
2968 677 3127 730 τοῦτο
3170 676 3270 728 ούκ
3299 674 3413 726 ἐστι
3441 674 3610 742 χωρὶς
3653 669 3745 723 τοῦ
3778 668 4038 739 Χριστοῦ.

2483 773 2574 837 Ἐξ
2598 771 2764 824 αὑτοῦ
2808 771 2916 839 γὰρ
2946 768 3035 822 διὰ
3079 767 3174 820 τοῦ
3225 763 3462 835 Χριστοῦ
3503 761 4041 832 ἐδημιουργήθημεν.

2470 866 2544 918 Ού
2583 863 2688 933 μὴν
2719 861 2925 914 ούδέτά
2948 859 3183 929 ὀνόματα
3205 857 3279 918 ὼς
3296 853 3797 922 ἀποκεκληρωμὲνα
3824 851 4043 913 διεῖλεν,

2471 954 2549 1023 τῷ
2584 953 2683 1022 μὲν
2710 951 2823 1021 Υἱῷ
2850 951 2910 1002 τὸ
2939 951 3157 1016 Κύριος
3183 988 3197 1012 ,
3232 946 3310 1016 τῷ
3334 946 3389 997 δέ
3413 944 3587 1014 lla-rp).
3613 944 3676 994 τὸ
3703 942 3846 1004 θεὸς
3875 955 4046 1008 προσο

2473 1045 2688 1113 νείμας.
2723 1040 2880 1095 Οἶδεν
2932 1040 3042 1110 γὰρ
3104 1038 3246 1092 αὐτὰ
3287 1038 3384 1089 καὶ
3417 1033 3819 1100 ἐναλλάττεινή
3850 1028 4048 1099 Γραφὴ

2475 1135 2755 1200 πολλάκις,
2787 1132 2861 1194 ὡς
2892 1131 3020 1184 ὅταν
3042 1129 3197 1198 λέγῃ·
3227 1123 3410 1181 Εἶπεν·
3440 1127 3474 1178 ό
3495 1124 3710 1189 Κύριος
3742 1118 3822 1184 τῷ
3852 1119 4051 1186 Κυρίῳ

2473 1208 2612 1296 pou:
2659 1224 2768 1277 Καὶ
2805 1221 2969 1276 πάλιν
2994 1237 3008 1250 ⁶
3043 1219 3147 1273 Διά
3195 1217 3373 1272 τοῦτο
3411 1212 3623 1284 ἐχρισέ
3656 1228 3729 1266 σε
3751 1214 3783 1264 ό
3811 1209 3980 1274 Θεὸς,
4017 1211 4052 1262 ό

2484 1321 2628 1385 Θεός
2646 1335 2784 1372 σου.
2825 1317 2934 1370 Καί
2961 1331 2975 1344 ο
3018 1313 3121 1376 Ἐξ
3163 1305 3235 1366 οὗ
3259 1307 3514 1377 Χριστὸς
3536 1307 3605 1358 τὸ
3638 1302 3786 1356 κατὰ
3826 1302 4050 1369 σάρκα,

2478 1415 2512 1466 ὀ
2545 1408 2631 1462 ὢν
2665 1407 2764 1460 ἐπὶ
2821 1405 3063 1458 πάντων
3101 1401 3264 1464 Θεός.
3317 1397 3427 1450 Καὶ
3477 1392 3745 1464 πολλαχοῦ
3806 1392 3874 1445 ἀν
3919 1391 4056 1450 ῐόοις

2479 1500 2652 1554 ταῦτα
2683 1496 3077 1567 μεταϐαίνοντα
3109 1491 3180 1544 τά
3209 1491 3468 1559 ὀνόματα.
3493 1486 3553 1538 Εἰ
3579 1485 3633 1537 δέ
3655 1499 3797 1544 τινες
3818 1482 4054 1546 λέγοιεν,

2481 1591 2638 1653 Τίνος
2667 1589 2854 1642 ἕνεκεν
2886 1585 3201 1654 Πνεύματος
3249 1581 3348 1634 οὐκ
3383 1577 3830 1648 ἐμνημόνευσενς
3871 1574 4054 1626 ἐκεῖνο

2480 1683 2549 1736 ἂν
2584 1682 2854 1750 εἴποιμεν,
2878 1679 2959 1731 ὅτι
2992 1677 3130 1747 πρὸς
3188 1672 3573 1741 εἰδωλολάτραις
3614 1663 3682 1736 ἦν
3711 1669 3740 1718 ό
3769 1665 3927 1733 λόγος
3957 1663 4059 1716 αύ-

2482 1771 2582 1842 τῷ,
2612 1770 2710 1824 καὶ
2732 1770 2862 1839 περὶ
2890 1768 3028 1820 θεῶν
3071 1764 3282 1817 πολλῶν
3308 1764 3336 1814 ὁ
3365 1759 3535 1828 ἀγὼν,
3575 1759 3670 1811 καὶ
3699 1755 3826 1825 περὶ
3849 1752 4062 1822 κυρίων

2409 1829 2452 1883 Β
2486 1829 2698 1918 πόλλῶν
2719 1879 2732 1892 ·
2765 1829 2845 1914 δζδ
2888 1860 2983 1912 καὶ
3009 1858 3142 1910 Θεὸν
3161 1856 3254 1908 τὸν
3276 1853 3496 1922 Πατέρα
3529 1849 3715 1911 εἰπὼν,
3743 1847 3952 1915 Κύριον
3969 1844 4064 1895 τὸν

2487 1958 2617 2010 Υἱὸν
2646 1954 2926 2008 ἐκάλεσεν.
2968 1953 3032 2004 Ei
3066 1949 3246 2002 τοίνυν
3290 1945 3382 1997 τὸν
3414 1941 3632 2010 Πατέρα
3658 1941 3757 1992 οὐκ
3790 1936 4063 2004 ἐτόλμησε

2488 2048 2716 2104 καλέσαι
2737 2044 2940 2116 Κύριον
2967 2042 3064 2095 νῦν
3089 2039 3230 2111 μετά
3265 2037 3360 2091 τοῦ
3395 2033 3546 2099 Tini},
3575 2033 3665 2086 ἵνα
3695 2029 3770 2099 μὴ
3803 2027 3897 2081 δύο
3929 2023 4067 2094 παρ’

2489 2141 2721 2203 ἐκείνοις
2757 2135 3131 2204 ὑποπτεύηται
3158 2131 3338 2197 λέγειν
3371 2127 3594 2196 κυρίους
3615 2141 3627 2154 ·
3662 2122 3781 2175 οὺδέ
3816 2119 3909 2172 τὸν
3935 2117 4068 2170 Υέὸν

2486 2232 2621 2284 Θεὸν
2657 2228 2796 2300 μετά
2831 2227 2924 2280 τοῦ
2956 2211 3192 2294 Πατρὸς,
3227 2221 3314 2274 ἵνα
3337 2219 3412 2289 μὴ
3443 2215 3538 2269 δύο
3564 2215 3746 2282 λέγειν
3771 2210 4070 2280 νομίζηται

2487 2323 2664 2385 θεοὺς,
2721 2319 2776 2373 τί
2836 2316 3160 2388 θαυμάζεις,
3195 2315 3244 2366 εἰ
3292 2309 3387 2366 τοῦ
3416 2307 3732 2377 Πνεύματος
3768 2303 3868 2355 οὐκ
3895 2302 4066 2370 ἐμνη-

2489 2414 2758 2484 μόνευσε;
2788 2409 2926 2480 πρὸς
2954 2407 3064 2477 γάρ
3087 2405 3329 2466 ἐκείνους
3360 2397 3428 2470 ἦν
3485 2400 3622 2460 τέως
3657 2393 3803 2464 αὐτῷ
3832 2396 3859 2446 ό
3889 2389 4070 2484 ἀγῲν,

2488 2480 2584 2558 καὶ
2607 2503 2670 2554 τὸ
2696 2498 2866 2564 δεῖξαι
2915 2498 3000 2550 ὅτι
3054 2496 3155 2549 οὐκ
3178 2493 3296 2546 ἐστι
3327 2488 3589 2544 πολυθεία
3619 2487 3750 2554 παρ’
3783 2485 3937 2552 ἡμῖν.
3977 2480 4075 2531 Διὸ

2491 2595 2552 2648 τὸ
2601 2590 2689 2658 εἷς
2722 2590 2962 2660 συνεχῶς
2988 2587 3214 2656 κατέχει
3256 2584 3453 2653 λέγων·
3483 2578 3692 2643 Οὐδεὶς
3727 2575 3871 2640 Θεὸς
3897 2575 3948 2626 ει
3981 2570 4074 2639 μὴ

2491 2681 2600 2749 εἷς.
2635 2685 2742 2736 Καὶ
2767 2682 2962 2734 πάλινο
3024 2677 3196 2744 Ἡμῖν
3237 2669 3324 2740 εἷς
3380 2672 3544 2736 Θεὸς,
3576 2668 3676 2723 καὶ
3707 2661 3795 2729 εἷς
3828 2663 4074 2729 Κύριος.

2493 2773 2659 2825 Ὀθεν
2690 2771 2847 2843 δῆλον
2875 2770 2958 2823 ὅτι
2987 2767 3302 2836 φειδόμενος
3330 2763 3429 2832 τῆς
3456 2759 3743 2821 ἀσθενείας
3767 2754 3876 2808 τῶν
3904 2755 4078 2806 ἀκου-

2488 2864 2679 2926 όντων,
2718 2861 2890 2932 ταύτῃ
2913 2860 3183 2930 ἐχρήσατο
3210 2857 3277 2926 τῇ
3311 2854 3572 2922 διασκευῇ

813 2969 972 3008 unus.
1005 2951 1072 3006 Et
1103 2955 1324 3018 iterum,
1355 2955 1526 3010 Nobis
1557 2972 1692 3010 unus
1723 2957 1866 3012 Deus
1892 2967 1994 3021 est,
2028 2966 2079 3010 et
2111 2933 2248 3010 unus
2265 2955 2550 3010 Dominus.
2594 2957 2672 3009 Ex
2731 2969 2843 3025 quo
2874 2950 3224 3006 manifestum
3287 2953 3373 3002 est
3441 2958 3590 3009 eum,
3656 2950 3715 2996 ut
3785 2933 4082 2993 imbecilli-

815 3045 913 3100 tati
949 3055 1204 3115 parceret
1251 3047 1598 3114 auditorum,
1645 3052 1748 3105 bac
1797 3052 2058 3121 loquendi
2106 3061 2393 3107 structura
2428 3068 2590 3107 usum
2621 3067 2764 3107 esse.

890 3157 910 3189 ι
951 3137 1182 3204 Quidam
1209 3148 1392 3196 autem
1421 3145 1828 3200 consuetudine
1857 3145 2013 3200 idoli.
2065 3165 2083 3196 ι

885 3227 1072 3298 Neque
1099 3231 1223 3286 illos
1250 3232 1426 3300 palam
1455 3235 1725 3298 declarat,
1752 3252 1818 3291 ne
1845 3236 2042 3300 feriat;
2073 3251 2251 3305 neque
2271 3251 2390 3290 om-

817 3323 950 3377 nino
973 3326 1348 3391 praetercurrit
1377 3343 1390 3376 :
1424 3326 1520 3380 sed
1555 3321 1834 3382 indeﬁnite
1871 3327 2206 3383 mentionem
2239 3328 2390 3397 ipso-

817 3425 940 3464 rum
975 3410 1130 3465 facit.

892 3517 914 3550 ι
956 3498 1140 3570 Usque
1169 3517 1316 3555 nunc
1353 3503 1508 3570 quasi
1535 3502 1840 3572 idolothyta
1869 3502 2221 3558 manducant.
2261 3522 2281 3554 ι

889 3590 1093 3644 Eadem
1121 3605 1228 3660 qua
1259 3591 1415 3659 prius
1449 3601 1650 3645 mente.

894 3696 914 3730 ι
951 3677 1016 3732 Et
1053 3680 1394 3735 conscientia
1429 3683 1698 3747 ipsorum,
1733 3697 1858 3735 cum
1892 3682 1966 3736 sit
1997 3681 2234 3747 infirma,
2269 3683 2389 3751 pol-

820 3770 1009 3825 luitur.
1046 3789 1066 3822 ›
2164 3753 2168 3758 ’
2323 3755 2328 3758 ’

893 3859 1033 3926 Quia
1069 3862 1309 3915 nondum
1358 3861 1502 3915 valet
1552 3875 1615 3915 ea
1665 3861 1968 3931 despicere,
2022 3877 2124 3918 nec
2169 3864 2393 3918 omnino

820 3953 1073 4008 deridere
1105 3971 1120 4008 :
1153 3954 1248 4008 sed
1279 3954 1459 4008 adhuc
1501 3955 1742 4010 hzesitat.
1781 3955 2052 4010 Caeterum
2109 3970 2390 4024 nusquam

823 4047 1127 4100 orationem
1179 4045 1326 4099 sistit
1368 4045 1516 4098 circa
1573 4055 1826 4098 naturam
1874 4046 1951 4098 rei
1985 4064 1998 4100 :
2029 4047 2124 4100 sed
2175 4061 2394 4101 sursum

824 4137 1083 4190 deorsum
1137 4145 1389 4189 versatur
1436 4137 1583 4190 circa
1648 4137 2049 4192 conscientiam
2108 4137 2257 4192 illius
2301 4139 2396 4208 qui

826 4227 1140 4296 participat.
1183 4225 1412 4280 Veretur
1443 4228 1591 4280 enim
1626 4243 1692 4283 ne
1731 4228 2011 4281 inllrmum
2040 4227 2232 4282 volens
2266 4244 2396 4283 eor-

826 4319 1027 4387 rigere,
1088 4316 1284 4372 fortem
1340 4319 1613 4381 verberet,
1669 4320 1927 4388 huncque
1967 4319 2203 4375 subinde
2241 4319 2398 4374 inm:

826 4424 974 4463 mum
1007 4407 1217 4462 reddat.

897 4499 1064 4556 Vens.
1119 4501 1174 4558 8.
1231 4519 1249 4550 ι
1290 4499 1428 4565 Esca
1473 4512 1654 4554 autem
1691 4515 1790 4554 vos
1840 4514 1949 4555 non
1988 4502 2400 4558 commendabit
2430 4491 2475 4546 Ι)

827 4587 958 4642 Deo.
997 4607 1018 4639 ι

901 4679 1014 4747 89
1067 4676 1199 4731 Vide
1253 4677 1529 4745 quomodo
1565 4678 1758 4731 horum
1796 4694 1996 4735 rursus
2026 4683 2398 4752 arrogantiam

828 4767 1099 4829 deprimit.
1152 4768 1319 4834 Quasi
1357 4769 1545 4824 dicat:
1573 4770 1816 4827 Tametsi
1859 4772 2046 4827 nullus
2097 4774 2258 4829 laesus
2294 4783 2401 4840 est,

830 4875 931 4914 nec
960 4859 1066 4911 ulla
1101 4859 1230 4914 inde
1259 4861 1500 4929 proximi
1535 4862 1814 4930 perversio
1846 4864 2107 4935 contigit,
2157 4875 2401 4921 attamen

828 4965 898 5004 ne
921 4949 1002 5005 sic
1027 4947 1256 5018 quidem
1285 4951 1341 5006 id
1365 4951 1553 5007 facere
1578 4953 1886 5021 Oportebat.
1915 4954 2029 5010 Hoc
2051 4957 2195 5010 enim
2215 4968 2299 5012 est
2319 4959 2404 5029 in-

828 5056 1052 5096 cassum
1095 5040 1370 5098 laborare.
1403 5043 1539 5098 Nam
1585 5045 1680 5114 qui
1721 5045 1931 5099 audivit
1967 5047 2203 5100 alterum
2255 5049 2397 5111 laedi,

829 5133 951 5200 ipse
973 5138 1156 5186 autem
1184 5133 1388 5203 alioqui
1410 5135 1663 5189 nonnihil
1691 5136 1838 5204 capit
1867 5136 2031 5200 lucri,
2058 5137 2204 5192 haud
2240 5141 2398 5195 valde

829 5231 990 5275 curat
1022 5222 1304 5279 abstinere
1338 5241 1352 5277 :
1398 5226 1493 5278 sed
1531 5234 1662 5278 tunc
1697 5240 1933 5292 prorsus
1984 5230 2206 5296 quando
2252 5231 2396 5283 didi-

832 5312 996 5375 cerit,
1073 5313 1209 5366 nihil
1245 5329 1308 5367 se
1340 5327 1402 5367 ea
1439 5330 1498 5368 re
1534 5315 1737 5382 juvari.
1790 5313 2064 5378 Quocirca
2095 5319 2170 5373 ait
2202 5339 2213 5373 :
2267 5320 2404 5374 Esca

832 5416 926 5460 nos
968 5417 1072 5460 non
1103 5400 1489 5456 commendabit
1521 5401 1649 5456 Deo.

909 5510 928 5542 ι
969 5489 1158 5572 Neque
1193 5493 1339 5546 enim
1373 5493 1418 5547 si
1456 5509 1566 5547 non
1619 5497 2172 5562 inanducaverinms,
2209 5501 2401 5553 deliu-

834 5597 975 5640 umr.
1022 5601 1040 5633 ι

899 5759 942 5793 ’⁸
979 5757 1125 5818 Psal.
1152 5776 1260 5827 clx,
1300 5760 1346 5815 Ι.
1422 5761 1465 5792 ⁷⁸
1494 5760 1632 5816 Psal.
1677 5777 1818 5830 των,
1851 5764 1899 5818 8.
2010 5766 2052 5797 "
2092 5765 2248 5821 llom.
2275 5781 2347 5831 1x,
2377 5767 2427 5821 5.

2417 3150 2464 3211 C

2570 3166 2588 3198 ι
2622 3147 2779 3208 Τινὲς
2801 3145 2858 3196 δέ
2887 3145 2954 3214 τῇ
2993 3139 3253 3211 συνηθείᾳ
3277 3137 3372 3192 τοῦ
3403 3135 3642 3191 εἰδώλου.
3677 3151 3694 3184 ι

2567 3236 2704 3290 Οὔτε
2759 3233 3090 3289 ἐκκαλύπτει
3148 3230 3344 3292 αὐτοὺς
3391 3227 3600 3296 σαφῶς,
3632 3225 3716 3276 ἵνα
3741 3223 3816 3294 μὴ
3847 3221 4034 3292 πλήξῃ
4062 3261 4080 3284 ς

2497 3327 2623 3381 οὔτε
2645 3329 2983 3396 παρατρέχει
3025 3321 3281 3385 καθόλου,
3317 3320 3432 3373 ἀλλ’
3473 3317 3742 3389 ἀορίστως
3770 3313 3954 3367 αὐτῶν
3986 3315 4084 3384 μὲ-

2502 3435 2722 3491 μνηται.

2575 3529 2594 3560 ι
2635 3509 2782 3571 Ἕως
2802 3508 2927 3578 ἄρτι
2956 3507 3032 3571 ὡς
3058 3504 3384 3560 εἰδωλόθυτα
3415 3501 3710 3555 ἐσθίουσιν.
3737 3519 3756 3550 ι

2570 3599 2731 3655 Μετὰ
2753 3597 3026 3667 τοσαύτης
3044 3596 3284 3658 διανοίας
3324 3593 3444 3663 μεθ’
3481 3587 3549 3663 ἦς
3587 3591 3648 3644 τὸ
3681 3592 3977 3662 πρότερον.

2503 3675 2541 3684 ”
2579 3704 2598 3737 ι
2639 3686 2750 3739 Καὶ
2796 3686 2832 3755 ἡ
2894 3683 3201 3754 συνείδησις
3249 3682 3428 3735 αὐτῶν
3465 3679 3698 3748 ἀσθενὴς
3748 3672 3885 3730 οὖσα
3912 3674 4088 3746 μολύ-

2501 3795 2672 3830 νεται.
2705 3796 2724 3828 ι
2775 3833 2785 3842 ,

2574 3869 2803 3923 Οὐδέπω
2849 3868 3125 3938 δυναμένη
3172 3864 3612 3936 καταφρονῆσαι,
3654 3861 3774 3914 οὖδέ
3822 3860 4092 3923 καθάπαξ

2503 3963 2685 4017 αὐτῶν
2730 3961 3124 4030 καταγελᾶσαι,
3173 3960 3292 4014 ἀλλ’
3323 3959 3515 4029 ὥσπερ
3532 3956 3949 4026 διακρινομένη.
3977 3955 4091 4007 Οὖ-

2503 4051 2675 4123 δαμοῦ
2700 4051 2759 4104 δὲ
2793 4053 2928 4121 περὶ
2956 4050 3056 4120 τὴν
3081 4048 3244 4118 φύσιν
3294 4048 3389 4101 τοῦ
3421 4047 3747 4119 πράγματος
3785 4045 3876 4097 τὸν
3925 4045 4092 4113 λόγον

2505 4144 2739 4214 ἵστησιν,
2794 4143 2931 4196 ἀλλά
2979 4143 3090 4197 ἀνω
3123 4142 3219 4194 καὶ
3256 4140 3408 4193 κάτω
3459 4139 3588 4210 περὶ
3621 4137 3681 4190 τὸ
3714 4136 3960 4198 συνειδὸς
3992 4137 4092 4188 τοῦ

2508 4235 2906 4307 μεταλαϐόντος
2959 4234 3276 4305 στρέφεται.
3339 4230 3555 4285 Δέδοικε
3619 4230 3728 4300 γὰρ
3784 4230 3858 4299 μὴ
3908 4229 4094 4282 θέλων

2503 4327 2800 4398 διορθῶσαι
2821 4325 2913 4378 τὸν
2937 4324 3161 4394 ἀσθενῆ,
3181 4323 3360 4394 πλήξῃ
3389 4323 3481 4375 τὸν
3503 4321 3740 4390 ἰσχυρὸν,
3765 4320 3860 4371 καὶ
3877 4318 4092 4387 ἀσθενῆ

2506 4418 2600 4470 καὶ
2628 4414 2817 4469 τοῦτον
2849 4413 3172 4482 ἐργάσηται.

2583 4524 2601 4558 ι
2641 4505 2850 4576 Βρῶμα
2869 4504 2925 4556 δὲ
2953 4505 3098 4574 ὑμᾶς
3129 4505 3190 4557 ού
3222 4503 3567 4574 παραστήσει
3600 4501 3678 4572 τῷ
3698 4499 3838 4570 Θεῷ.
3877 4519 3896 4552 ι

2580 4683 2720 4752 Ὀρα
2749 4682 2867 4744 πῶς
2908 4680 3068 4735 πάλιν
3091 4680 3270 4734 αὐτῶν
3305 4679 3553 4733 καθεῖλεν
3589 4680 3651 4732 τὸ
3679 4679 3937 4748 φρόνημα
3961 4698 3974 4708 ·
4001 4681 4090 4733 λέο

2507 4791 2641 4843 γων,
2678 4775 2760 4826 ὅτι
2785 4773 2832 4824 εἰ
2867 4775 2960 4825 καὶ
2994 4772 3185 4841 μηδεὶς
3226 4770 3544 4833 ἐϐλάπτετο,
3588 4769 3722 4840 μηδέ
3755 4771 3786 4837 ἡ
3821 4769 3918 4821 τοῦ
3950 4771 4098 4840 πλη-

2511 4867 2625 4919 σίον
2693 4865 2902 4936 προσῆν
2964 4861 3285 4932 διαστροφὴ,
3368 4861 3487 4913 ούδέ
3540 4860 3714 4922 οὓτως
3766 4860 3873 4912 ἔδει
3925 4861 4098 4913 τοῖο-το

2512 4955 2684 5008 ποιεῖν
2711 4971 2724 4983 ·
2762 4954 3146 5022 ματαιοπονεῖν
3171 4951 3280 5020 γὰρ
3309 4950 3461 5002 τοῦτὸ
3488 4952 3637 5001 ἐστιν
3658 4966 3670 4978 ο
3711 4949 3738 4998 ό
3777 4948 3885 5018 γὰρ
3920 4951 4097 5003 ἀκού-

2511 5063 2609 5109 σας
2635 5046 2716 5098 ὃτι
2744 5045 3038 5113 βλάπτεται
3065 5044 3161 5112 μὲν
3185 5043 3396 5110 ἕτερος,
3439 5041 3597 5103 αὐτὸς
3621 5041 3678 5092 δέ
3706 5041 3818 5109 ἔχει
3854 5059 3909 5092 τι
3957 5043 4094 5110 κέρ-

2506 5139 2614 5201 δος,
2667 5139 2728 5189 ού
2785 5137 2990 5205 σφόδρα
3047 5135 3367 5202 ἀφίσταται,
3397 5132 3531 5186 ἀλλά
3554 5134 3673 5185 τότε
3706 5132 3932 5202 μᾶλλον,
3961 5136 4096 5187 ὅταν

2513 5229 2659 5299 μάθῃ
2688 5231 2770 5280 ὅτι
2799 5229 2962 5288 αὐτὸς
3027 5226 3185 5286 οὐδὲν,
3224 5225 3514 5293 ὠφελεῖται
3573 5225 3635 5276 ὲκ
3693 5222 3786 5276 τοῦ
3821 5225 4097 5295 πράγμα-

2508 5335 2617 5378 τος.
2655 5315 2752 5367 Διὰ
2780 5315 2940 5367 τοῦτὸ
2987 5330 3184 5384 φησιν·
3220 5312 3429 5381 Βρώμιι
3472 5311 3627 5380 ὑμᾶς
3665 5315 3737 5365 οὐ
3770 5314 4098 5382 παραστή-

2507 5424 2602 5460 σει
2625 5405 2702 5469 τῷ
2729 5405 2868 5469 Θεῷ.

2584 5519 2601 5549 ι
2632 5499 2767 5550 Οὔτε
2803 5497 2930 5567 γὰρ,
2967 5499 3059 5550 ἐὰν
3089 5498 3370 5568 φάγωμεν,
3411 5496 3805 5567 ὑστερούμεθα.
3846 5515 3866 5549 ι
