4230 6438
234 423 339 488 633

300 536 616 599 Τουτέστιν,
646 536 746 589 οὐκ
768 535 987 589 ἔλαττόν
1015 554 1069 589 τι
1101 537 1316 606 ἔχομεν.

311 646 329 678 ι
360 627 501 680 οὔτε
530 626 625 679 raw
656 628 730 697 μὴ
762 627 1048 696 φάγωμεν,
1072 627 1492 699 περισσεύομεν.
1532 649 1550 680 ι

307 717 623 777 Τουτέστιν,
685 718 784 771 οὐκ
829 717 1227 787 εὐδοκιμοῦμεν
1275 720 1423 789 παρά
1450 720 1529 790 τῷ
1555 720 1695 790 Θεῷ,
1729 722 1805 786 ὡς

232 809 438 875 ἀγαθόν
467 826 521 861 τι
552 810 878 873 ποιήσαντες
906 809 1000 862 καὶ
1030 809 1192 880 μέγα.

310 920 329 950 ι
371 901 607 953 Βλέπετε
636 900 694 953 δὲ
720 901 913 969 μήπως
947 903 981 970 ἡ
1019 901 1235 966 ἐξουσία
1282 903 1436 971 ὑμῶν
1469 904 1605 975 αὕτη
1637 905 1808 978 πρόσ-

234 1006 426 1058 κομμα
453 991 678 1058 γένηται
711 993 824 1051 τοῖς
850 990 1187 1043 ἀσθενοῦσιν.
1223 1011 1241 1043 ι

301 1083 418 1134 Οὐκ
433 1076 608 1145 εἶπεν,
632 1084 665 1149 ὴ
685 1082 886 1148 γνῶσις
909 1082 938 1133 ύ
946 1082 1083 1150 μῶν,
1102 1083 1243 1149 οὐδὲ,
1274 1085 1307 1153 ἡ
1328 1084 1603 1148 τελείωσις
1633 1086 1662 1137 ύ
1671 1086 1803 1155 μῶν,

234 1171 374 1233 ἀλλ’,
407 1174 444 1238 ὴ
472 1172 739 1236 ἐξουσία,
766 1173 903 1242 ὅπερ
930 1174 1257 1242 προπετείας
1288 1171 1428 1229 εἶναι
1485 1176 1684 1246 μᾶλλον
1712 1179 1808 1230 καὶ

236 1263 536 1326 αὐθαδείας
571 1259 711 1317 εἶναι
733 1265 898 1319 δοκεῖ.
922 1265 1031 1317 Καὶ
1054 1266 1153 1318 οὑκ
1187 1263 1361 1331 εἶπεν,
1390 1271 1502 1331 τοῖς
1536 1269 1806 1336 ἀδελφοῖς,

240 1354 381 1407 ἀλλὰ
417 1355 541 1420 τοῖς
569 1355 876 1417 ἀσθενέσι,
934 1355 1044 1407 τῶν
1068 1356 1313 1425 ἀδελφῶν
1343 1356 1522 1422 αὔξων
1546 1360 1646 1428 τὴν
1674 1376 1807 1412 κατ-

241 1448 503 1516 ηγορίαν·
556 1448 638 1499 ὅτι
664 1446 783 1499 οὐδὲ
812 1446 1182 1501 ἀσθενούντων
1215 1448 1508 1516 φείδονται,
1538 1450 1810 1503 καὶτοῦτο

239 1540 511 1608 ἀδελφῶν.

322 1650 340 1680 ι
377 1631 505 1683 Ἐὰν
528 1630 634 1699 γάρ
660 1645 748 1691 τις
769 1628 852 1698 ἴδῃ
884 1645 942 1680 σε
975 1630 1068 1681 τὸν
1102 1627 1294 1697 ἔχοντα
1325 1632 1546 1698 γνῶσιν.
1577 1632 1635 1683 ἐν
1656 1633 1821 1700 εἰδιρτυ

242 1723 376 1791 λείῳ
403 1721 820 1791 κατακείμενον,
877 1720 999 1788 οὐχὶ
1034 1721 1067 1788 ἠ
1101 1720 1405 1790 συνείδησις
1452 1721 1614 1774 αὐτοῦ
1649 1723 1809 1777 ἀσθε-

244 1812 373 1875 νοῦς
440 1812 590 1875 ὄντος
662 1812 1141 1881 οἰκοδομηθήσεται
1213 1812 1293 1874 εἰς
1349 1812 1410 1865 τὸ
1487 1812 1810 1866 εἰδωλόθυτα

244 1903 447 1955 ἐσθίειν
469 1920 515 1967 ς»

318 1997 576 2050 Τουτέστι
602 1996 690 2049 τδν
716 1997 942 2051 τέλειον.

324 2107 343 2138 ι
384 2089 494 2142 Καὶ
539 2089 836 2141 ἀπόλλυται
901 2082 993 2141 οὖν
1044 2090 1073 2140 ὁ
1109 2087 1351 2141 ἀσθενῶν
1379 2088 1607 2158 ἀδελφὸς
1664 2091 1721 2142 ὲν
1749 2089 1813 2159 τῇ

246 2176 448 2242 γνώσει
478 2193 592 2238 σου,
626 2177 694 2229 δι’
720 2177 778 2230 δν
804 2177 1038 2247 Χριστὸς
1063 2175 1355 2232 ἀπέθανεν.
1395 2197 1413 2229 ι
1638 2213 1670 2251 ,ι

324 2267 579 2337 Τέσσαρα
599 2268 812 2337 τίθησιν
844 2270 1169 2342 ἐγκλήματα
1203 2272 1299 2326 καὶ
1320 2272 1526 2340 σφοδρά
1564 2273 1813 2341 μέγιστα,

246 2358 331 2410 ὅτι
372 2359 468 2411 καὶ
525 2359 791 2426 ἀσθενῶν,
851 2365 943 2415 καὶ
1006 2364 1254 2433 ἀδελφὸς,
1298 2364 1393 2417 καὶ
1418 2358 1479 2417 οῦ
1508 2362 1760 2416 τοσοῦτον
1791 2365 1818 2416 ὁ

247 2447 487 2517 Χριστὸς
518 2450 811 2518 ἐποιήσατο
874 2451 1050 2518 λόγον,
1086 2452 1161 2515 ὡς
1203 2452 1299 2505 καὶ
1342 2451 1631 2503 ἀποθανεῖν
1678 2451 1817 2523 ὑπὲρ

247 2537 437 2599 αὑτοῦ,
468 2538 561 2590 καὶ
589 2538 668 2591 ὅτι
693 2538 832 2608 μετά
861 2541 1031 2594 ταῦτα
1065 2540 1243 2594 πάντα
1272 2540 1360 2593 διὰ
1406 2540 1601 2610 βρῶμα
1650 2539 1819 2593 ἀπόλ-

248 2629 429 2684 λυται.

325 2745 343 2778 ι
377 2726 561 2789 Οὕτως
585 2726 639 2779 δὲ
663 2724 1072 2797 ἁμαρτάνοντες
1126 2725 1208 2787 εἰς
1249 2725 1373 2786 τοὺς
1411 2723 1692 2791 ἀδελφοὺς,
1725 2725 1820 2777 καὶ

252 2817 551 2880 τύπτοντες
609 2816 788 2869 αὐτῶν
856 2816 955 2885 τὴν
1008 2815 1309 2885 συνείδησιν
1360 2815 1820 2877 ἀσθενοῦσαν,εἰς

250 2908 491 2976 Χριστὸν
518 2907 881 2975 ἁμαρτάνετε.
922 2925 940 2955 ι

327 2995 475 3064 Ὅρα
510 2994 627 3055 πῶς
656 2992 796 3045 κατὰ
831 2992 1027 3062 μικρὸν
1056 2994 1135 3055 είς
1161 2992 1332 3063 αὐτὴν
1353 2992 1451 3063 τῆς
1476 2993 1821 3061 παρανομίας

248 3086 353 3153 τὴν
382 3085 626 3154 κορυφὴν
647 3085 708 3136 τὸ
738 3084 1041 3153 ἁμάρτημα
1074 3084 1369 3151 ἀνήγαγεν.
1392 3085 1501 3135 Καὶ
1534 3083 1695 3136 πάλιν
1719 3082 1822 3150 τῆς

1382 427 1461 486 ΙΝ
1500 428 1735 485 EPIST.
1778 429 1876 486 AD
1910 428 2269 487 CORINTH‘.
2312 428 2359 487 Ι.

1987 539 2042 593 ld
2077 548 2188 600 est,
2228 538 2364 592 nihil
2397 538 2696 607 quidquam
2728 536 2909 593 minus
2942 535 3230 591 habemus.

1983 649 2001 681 ι
2036 629 2221 699 Neque
2253 630 2297 682 si
2330 627 2868 692 manducaverimus,
2899 626 3262 681 abundamus.
3308 643 3330 677 ι

1978 721 2092 775 lloc
2129 729 2233 779 est.
2291 734 2399 772 non
2434 719 2648 787 probati
2696 733 2891 773 sumus
2923 717 3068 787 apud
3116 715 3311 779 Deum,
3356 723 3477 771 tan—

1908 829 2070 883 quam
2106 812 2310 865 bonum
2342 810 2549 877 aliquid
2575 817 2629 863 et
2651 808 2913 862 eximium
2937 808 3291 877 gesserimus.

1980 904 2150 957 Vens.
2201 902 2255 955 9.
2294 919 2312 951 ι
2353 901 2547 955 Videte
2586 912 2767 953 autem
2811 914 2879 953 ne
2909 898 3051 953 forte
3104 900 3219 951 haec
3254 896 3477 951 licentia

1909 1004 2095 1051 vestra
2127 992 2521 1048 oﬂ‘endiculum
2553 992 2627 1046 sit
2650 991 2903 1045 inﬁrmis.
2943 1010 2962 1043 ι

1979 1086 2097 1141 Νοιι
2158 1086 2317 1146 dixit,
2379 1083 2614 1138 scientia
2674 1090 2883 1143 vestra,
2948 1096 3146 1149 neque,
3211 1077 3478 1150 perfectio

1909 1186 2115 1239 vestra,
2141 1177 2256 1235 sed.
2307 1176 2523 1229 licentia
2544 1213 2560 1237 ,
2589 1172 2739 1244 quod
2774 1171 3102 1227 temeritatis
3133 1172 3316 1240 potius
3352 1185 3477 1225 esse

1910 1276 1965 1320 et
1998 1266 2183 1320 nimiae
2228 1265 2439 1317 fiducia:
2468 1262 2705 1317 videtur.
2740 1260 2930 1330 Neque
2955 1273 3176 1315 rursum
3224 1260 3319 1322 ait,
3359 1258 3467 1311 fra-

1912 1356 2117 1419 tribus,
2156 1353 2277 1417 sed,
2330 1354 2596 1421 inﬁrmis;
2630 1360 2685 1405 ut
2719 1348 2954 1403 fratrum
3000 1349 3211 1402 crimen
3261 1353 3476 1417 augeat,

1910 1450 2002 1518 qui
2036 1465 2137 1503 nec
2173 1447 2541 1511 inﬁrmorum,
2574 1445 2688 1499 imo
2725 1457 2828 1498 nec
2862 1442 3094 1496 fratrum
3124 1454 3350 1497 suorum
3384 1453 3477 1493 ra-

1911 1542 2117 1595 tionem
2151 1540 2412 1593 habeant.

1984 1629 2151 1683 Vsus.
2208 1629 2294 1681 ιι).
2343 1646 2361 1677 ι
2402 1626 2458 1680 Si
2492 1627 2619 1695 quis
2651 1625 2798 1680 enim
2832 1620 3035 1678 viderit
3069 1627 3144 1683 te,
3178 1620 3274 1689 qui
3310 1619 3482 1674 habes

1913 1718 2220 1780 scientiam,
2249 1718 2304 1768 in
2326 1714 2492 1768 idolio
2515 1711 2959 1775 recumbentem;
2984 1720 3169 1761 nonne
3190 1706 3482 1759 conscien-

1913 1809 1989 1861 tia
2018 1808 2141 1871 ejus
2168 1821 2292 1859 cum
2326 1806 2399 1859 sit
2436 1803 2651 1857 inﬁrma
2679 1842 2694 1865 ,
2728 1798 3097 1855 asdiﬁcabitur
3125 1796 3193 1852 ad
3244 1791 3482 1849 mandu-

1912 1898 2150 1953 candum
2187 1894 2525 1965 idolothyta?
2557 1912 2576 1945 ›

1987 1991 2100 2043 lloc
2135 1997 2242 2053 est,
2275 1995 2329 2041 te
2358 1985 2661 2057 perfectum
2690 1998 2835 2039 esse.
2884 2024 2909 2039 ..

1987 2082 2154 2135 Vsus.
2204 2081 2288 2133 ll.
2334 2097 2352 2130 ι
2406 2077 2474 2130 Et
2508 2075 2651 2147 perit
2704 2074 2956 2128 inﬁrmus
2998 2071 3054 2125 in
3104 2075 3200 2123 tua
3255 2064 3484 2122 scientia

1916 2173 2087 2227 frater
2119 2178 2340 2240 propter
2366 2184 2528 2237 quem
2559 2166 2816 2220 Christus
2850 2172 3101 2217 mortuus
3123 2168 3227 2215 est.
3272 2177 3290 2211 ι

1986 2265 2237 2331 Quatuor
2263 2261 2644 2317 accusationis
2688 2259 2872 2327 capita
2915 2258 3133 2319 statuit,
3165 2267 3340 2321 eaque
3366 2265 3487 2305 ma-

1918 2360 2064 2413 xima
2101 2372 2367 2428 prorsus;
2401 2362 2533 2425 puta
2583 2350 2731 2422 quod
2782 2349 3061 2412 inﬁrmus,
3096 2345 3243 2415 quod
3293 2342 3485 2406 frater,

1918 2450 2066 2520 quod
2100 2457 2310 2503 tantam
2339 2448 2462 2517 ejus
2508 2446 2779 2500 rationem
2816 2441 3077 2497 Christus
3122 2434 3400 2497 habuerit,
3428 2440 3489 2486 ut

1918 2556 2020 2612 pro
2054 2543 2177 2610 ipso
2202 2547 2546 2601 moreretur;
2576 2533 2724 2605 quod
2754 2532 2973 2588 tandem
3003 2536 3130 2601 post
3164 2528 3281 2582 haec
3303 2524 3487 2581 omnia

1918 2643 2138 2705 propter
2162 2632 2345 2687 cibum
2375 2638 2583 2700 pereat.

1992 2724 2160 2778 Vens.
2194 2723 2281 2777 1‘2.
2327 2742 2347 2773 ι
2394 2722 2486 2775 Sic
2520 2724 2703 2772 autem
2748 2719 3041 2786 peccantes
3082 2710 3138 2763 in
3170 2707 3390 2769 fratres,
3423 2713 3479 2759 et

1919 2814 2295 2886 percutientes
2360 2808 2762 2866 conscientiam
2825 2818 3017 2859 eorum
3075 2800 3391 2863 inﬁrmam,
3436 2798 3491 2851 in

1920 2907 2202 2961 Christum
2236 2904 2497 2974 peccatis.
2537 2920 2555 2953 ι

1992 2996 2206 3066 Inspice
2236 2992 2514 3064 quomodo
2555 2989 2821 3062 paulatim
2862 2991 3151 3066 peccatum
3180 2980 3247 3035 ad
3283 2981 3495 3051 ipsum—

1922 3096 2033 3141 mct
2088 3084 2371 3154 fastigium
2423 3080 2733 3151 iniquitatis
2780 3093 2876 3133 eos
2918 3074 3167 3129 adduxit.
3212 3069 3378 3139 Atqui
3414 3067 3495 3135 ip—

249 3173 539 3236 ἀσθενείας
572 3174 975 3243 ἐμνημόνευσεν
999 3173 1098 3240 τῆς
1132 3173 1378 3235 ἐκείνων,
1413 3172 1498 3224 ἵνα
1536 3173 1671 3243 ὅπερ
1706 3172 1822 3224 ὲνό-
1851 3204 1897 3264 C

1851 3204 1897 3264 ρ
1926 3192 2114 3232 sorum
2150 3190 2344 3231 rursus
2368 3170 2704 3227 inﬁrmitatis
2729 3166 3002 3229 meminit,
3036 3164 3111 3217 ita
3147 3168 3210 3216 ut
3243 3158 3392 3230 quod
3417 3156 3495 3210 illi

258 3267 417 3336 μιζον
449 3267 498 3317 οἱ
530 3266 796 3327 ἐσθίοντες
829 3263 968 3333 ὑπὲρ
1018 3263 1197 3321 αὐτῶν
1236 3258 1395 3324 εἶναι,
1426 3264 1585 3315 τοῦτο
1617 3281 1823 3316 παντα-

250 3359 351 3429 χοῦ
384 3360 463 3420 εἰς
496 3357 592 3427 τὴν
622 3356 829 3410 ἑαυτῶν
880 3355 1114 3425 εὕρωσιν
1164 3356 1634 3425 περιτρεπόμενον
1659 3372 1828 3425 κεφα-

250 3452 373 3520 λήν.
421 3450 546 3513 Πῶς
597 3450 653 3501 δὲ
691 3450 768 3510 είς
812 3448 1045 3518 Χριστὸν
1099 3446 1538 3517 ἀμαρτάνουσινς
1580 3448 1694 3501 Ἑνὶ
1728 3448 1827 3518 μὲν

250 3544 465 3613 τρόπῳ,
509 3540 683 3594 ὃτιτά
732 3539 839 3592 τῶν
878 3538 1107 3590 οἰκετῶν
1141 3537 1303 3598 αὐτὸς
1343 3537 1657 3590 οἰκειοῦται.
1690 3539 1826 3589 Δευο

252 3634 401 3706 τέρῳ
422 3633 498 3697 δὲ,
529 3632 610 3684 ὅτι
640 3630 719 3693 είς
752 3629 811 3682 τὸ
838 3627 998 3698 σῶμα
1021 3625 1181 3679 αὑτοῦ
1225 3627 1320 3679 καὶ
1356 3626 1434 3688 εἰς
1462 3626 1523 3677 τὸ
1549 3626 1710 3695 μέλος
1737 3642 1827 3678 τε·

254 3726 442 3780 λοῦσιν
475 3722 894 3791 οίτυπτόμενοι.
946 3719 1125 3789 Τρίτῳ
1180 3718 1259 3781 δὲ,
1308 3719 1389 3770 ὅτι
1439 3717 1600 3787 ἔργον
1630 3717 1822 3782 αὑτοῦ,

254 3820 283 3870 ὃ
312 3818 405 3872 διὰ
438 3816 536 3885 τῆς
562 3814 766 3875 οἰκείας
812 3811 1128 3882 ᾠκοδόμησε
1183 3809 1419 3878 σφαγῆς,
1452 3808 1607 3861 τοῦτο
1636 3808 1828 3861 καθαι-

259 3911 358 3983 ροῦ
368 3928 441 3963 σι.

337 4021 357 4052 ι
400 4000 600 4069 Διόπερ
647 4000 694 4050 εί
728 3996 922 4068 βρῶμα
961 3993 1303 4057 σκανδαλίζει
1331 3994 1423 4045 τὸν
1452 3992 1679 4061 ἀδελφόν
1703 4010 1826 4062 μου,

260 4096 321 4147 ού
354 4093 432 4163 μὴ
458 4093 617 4160 φάγω
649 4090 783 4161 κρέα
808 4090 887 4152 εἰς
908 4089 997 4140 τὸν
1031 4085 1223 4151 αἰῶνα,
1251 4085 1338 4137 ἵνα
1372 4085 1447 4155 μὴ
1480 4085 1572 4137 τὸν
1603 4084 1831 4152 ἀδελφόν

264 4204 370 4255 μου
398 4182 756 4246 σκανδαλίζω.
801 4200 821 4233 ι

332 4276 507 4329 Τοῦτο
540 4275 763 4345 ἀρίστου
783 4273 1129 4336 διδασκάλου,
1162 4271 1223 4325 τὸ
1248 4272 1312 4323 δι’
1339 4269 1531 4322 ἑαυτοῦ
1559 4266 1832 4320 παιδεύειν

260 4370 296 4421 ἃ
328 4368 499 4436 λέγει.
532 4368 642 4420 Καὶ
681 4367 779 4419 οὐκ
806 4361 982 4432 εἶπεν,
1024 4364 1136 4417 εἴτε
1171 4363 1416 4425 δικαίως,
1466 4360 1573 4413 εἴτε
1613 4361 1829 4421 ἀδίκως,

258 4459 403 4523 ἀλλ’,
434 4456 698 4512 ὁπωσοῦν.

832 4590 1081 4645 ΚΕΦΑΛ.
1120 4590 1197 4643 Θ¹.

340 4727 360 4757 ι
386 4707 498 4759 Ούκ
524 4703 638 4774 εἰμὶ
664 4702 989 4768 ἁπόστολοςς
1022 4702 1120 4754 οὐκ
1157 4702 1273 4768 εἰμὶ
1304 4699 1623 4765 ἐλεύθερος;
1665 4714 1683 4746 ›

338 4820 459 4870 ’Ίνα
525 4817 599 4887 μή
634 4833 718 4879 τις
787 4814 925 4887 λέγῃ
950 4829 963 4841 ·
994 4812 1316 4882 Κομπάζεις
1340 4811 1461 4877 εἱκῆ
1488 4825 1498 4836 ⁸
1542 4807 1712 4871 δεῖξον
1743 4806 1829 4858 διὰ

258 4912 373 4985 τῶν
400 4910 577 4977 ἔργων
600 4908 741 4969 τίνος
785 4906 1216 4976 κατεφρόνησας,
1260 4903 1397 4972 ὑπὲρ
1428 4900 1521 4952 τοῦ
1562 4900 1634 4968 μὴ
1670 4916 1831 4950 σκαν-

258 5002 478 5054 δαλίσαι
508 5000 598 5051 τὸν
627 4999 852 5065 ἀδελφόν
878 5015 893 5029 ο
924 4998 1013 5049 διὰ
1050 4996 1208 5049 τοῦτο
1256 4992 1621 5060 ἀναγκάζεται
1646 4990 1831 5043 λοιπὸν

262 5094 346 5155 εἰς
402 5092 502 5160 τὴν
559 5090 830 5153 ἀπόδειξιν
862 5089 1067 5144 τούτων
1096 5086 1293 5140 ἐλθεῖν.
1341 5086 1396 5136 Ὀ
1425 5083 1479 5135 δὲ
1515 5082 1638 5143 νοῦς
1677 5074 1831 5140 οὗτος

261 5182 415 5251 αὐτῷ
437 5198 451 5212 ·
484 5182 538 5233 τί
570 5181 674 5249 χρὴ
703 5181 881 5247 λέγειν
915 5180 1043 5249 περὶ
1084 5177 1193 5231 τῶν
1238 5173 1622 5236 εἰδωλοθύτων,
1661 5171 1829 5241 gandi;

261 5271 501 5341 τοῦηγάρ
554 5270 787 5338 Χριστοῦ
845 5268 1199 5331 ἐπιτάξαντος
1228 5266 1354 5326 τοὺς
1400 5264 1461 5315 τὸ
1498 5260 1831 5328 Εὑαγγέλιον

264 5363 643 5434 κηρύσσοντας
674 5363 736 5413 ὲκ
761 5361 869 5412 τῶν
906 5358 1362 5429 μαθητευομένων
1399 5354 1517 5423 ζῇν,
1541 5352 1652 5420 ἐγὼ
1679 5350 1834 5403 τοῦτο

257 5457 367 5512 ,οὐκ
397 5454 650 5522 ἐποίησα,
702 5451 812 5504 ἀλλ’
860 5451 1083 5521 εἱλόμην
1108 5449 1249 5520 λιμῷ
1294 5447 1494 5517 μᾶλλον
1529 5443 1833 5498 καταλῦσαι

263 5549 358 5601 τὸν
385 5546 522 5614 βίον,
552 5545 585 5613 ἦ
611 5544 793 5596 λαϐεῖν
816 5560 869 5594 τι
920 5542 1069 5613 παρά
1113 5542 1220 5593 τῶν
1257 5540 1677 5609 κατηχουμὲνων
1699 5553 1712 5566 ο
1735 5536 1833 5586 οὐκ

265 5638 460 5706 ἐπειδὴ
488 5632 936 5697 σκανδαλίζεσθαι
995 5633 1241 5701 ἔμελλον,
1273 5631 1387 5683 ἀλλ’
1414 5629 1602 5696 ἐπειδὴ
1628 5629 1833 5679 οἰκονο-

272 5729 490 5795 μεῖσθαι
514 5726 709 5787 αὑτοῦς
729 5725 1057 5793 ἠϐουλόμην.
1088 5724 1197 5776 Καὶ
1228 5722 1313 5775 ἵνα
1347 5722 1422 5790 μή
1453 5738 1535 5781 τις
1574 5720 1728 5789 λέγῃ,
1752 5719 1831 5771 ὅτι

271 5817 338 5872 Ei
362 5818 453 5871 καὶ
485 5817 561 5887 μὴ
590 5816 796 5878 ἕλαόες,
866 5815 1052 5883 ἐπειδὴ
1092 5815 1173 5885 μὴ
1206 5812 1324 5878 ἐξὸν
1355 5809 1440 5884 ἦν,
1476 5814 1572 5866 οὐκ
1615 5811 1819 5873 ἔλαϐες.

1862 4526 1909 4583 D

1928 3270 2020 3337 qui
2079 3264 2460 3327 comedebant,
2516 3260 2622 3314 sibi
2682 3257 2871 3311 favere
2926 3252 3363 3313 arbitrabantur,
3392 3247 3496 3301 hoc

1932 3360 2135 3427 ubique
2159 3358 2214 3411 in
2251 3364 2421 3425 caput
2452 3367 2613 3408 suum
2647 3347 2869 3405 devolvi
2901 3344 3232 3414 reperirent.
3257 3340 3495 3406 Quinam

1929 3466 2061 3505 vero
2103 3449 2158 3503 in
2204 3447 2484 3504 Christum
2553 3439 2825 3513 peccant?
2871 3451 2980 3491 uno
3036 3432 3257 3504 quidem
3312 3429 3497 3491 modo,

1929 3544 2059 3611 quia
2090 3542 2195 3597 sihi
2225 3541 2316 3594 ille
2344 3537 2609 3597 vindicat,
2639 3548 2759 3602 quae
2787 3529 3028 3585 famulos
3062 3540 3195 3581 suos
3224 3527 3495 3611 spectant.

1932 3608 2191 3686 Secundo
2231 3635 2438 3688 autem,
2471 3622 2616 3692 quod
2653 3620 2747 3691 qui
2799 3615 3140 3687 percutiunt,
3182 3611 3236 3665 id
3287 3608 3499 3662 faciunt

1932 3724 1989 3776 in
2032 3736 2235 3790 corpus
2271 3719 2443 3788 ipsius
2466 3726 2514 3770 et
2543 3716 2599 3768 in
2627 3710 2868 3766 membra
2891 3707 3092 3777 ipsius.
3116 3702 3306 3758 Tertio
3334 3697 3497 3753 deli-

1930 3827 2058 3881 que,
2088 3810 2231 3879 quod
2265 3824 2406 3877 opus
2450 3806 2647 3874 ipsius,
2698 3799 2845 3872 quod
2881 3796 3178 3852 occasione
3215 3804 3316 3846 sua
3346 3796 3497 3843 stru-

1932 3904 2036 3966 xit,
2070 3901 2177 3955 hoc
2206 3902 2282 3954 illi
2314 3900 2630 3953 destruunt.

2007 3995 2175 4049 Vsus.
2216 3994 2303 4046 15.
2341 4011 2359 4041 ι
2391 3990 2736 4057 Quapropter
2778 3984 2823 4038 si
2858 3996 2985 4037 esca
3019 3977 3365 4035 scandalizat
3394 3975 3499 4029 fra.

1933 4098 2073 4142 trem
2116 4098 2321 4145 meum,
2353 4096 2460 4138 non
2494 4075 2841 4132 manducabo
2870 4085 3095 4127 carnem
3126 4069 3182 4123 in
3208 4076 3498 4131 aeternum,

1933 4197 2001 4236 ne
2033 4182 2257 4232 fratrem
2292 4189 2467 4227 meum
2502 4169 2887 4225 scandalizent.
2925 4185 2944 4218 ι

2004 4267 2208 4339 Optimi
2245 4263 2488 4331 magistri
2546 4262 2649 4315 hoc
2700 4274 2900 4314 munus
2935 4264 3039 4322 est,
3094 4254 3366 4324 exempIO'
3397 4266 3499 4307 suo

1934 4363 2132 4417 docere
2158 4375 2278 4429 qua:
2304 4355 2586 4425 praedicat.
2618 4352 2729 4406 Nec
2760 4352 2920 4415 dixit,
2959 4349 3073 4402 sive
3097 4348 3243 4416 jure,
3275 4348 3391 4402 sive
3414 4345 3499 4399 in-

1932 4454 2101 4523 juria,
2130 4450 2245 4514 sed,
2274 4447 2651 4516 qualicunque
2681 4442 2864 4495 modo.

2588 4576 2738 4631 CAP.
2765 4574 2854 4629 IX.

2004 4696 2147 4749 Vens
2194 4694 2243 4747 ι.
2279 4711 2296 4742 ι
2330 4690 2448 4744 Non
2473 4704 2589 4743 sum
2624 4678 2953 4755 apostolus?
2981 4678 3088 4735 non
3120 4696 3241 4735 sum
3273 4680 3440 4737 liber?
3466 4697 3483 4729 ι

2007 4807 2085 4862 Ne
2142 4807 2432 4876 quisquam
2488 4799 2756 4867 ohjiccret
2792 4816 2805 4849 :
2847 4803 3135 4863 Pcrperam
3192 4800 3243 4844 te
3274 4790 3444 4859 jactus
3482 4810 3495 4845 :

1949 4898 2209 4969 operibus
2236 4893 2461 4949 ostende
2498 4889 2763 4959 quidnam
2797 4886 3113 4953 despicalus
3142 4881 3241 4946 sis,
3276 4895 3345 4933 ne
3383 4878 3498 4931 fra-

1936 5002 2021 5046 ter
2054 4988 2297 5044 offendat
2322 5001 2334 5035 :
2361 4990 2695 5053 quapropter
2728 4992 2955 5047 pergere
2978 4976 3091 5044 jam
3118 4972 3338 5041 cogitur
3392 4971 3504 5039 90

1937 5080 2004 5134 ad
2037 5080 2153 5132 haec
2202 5073 2652 5128 demonstranda.
2701 5067 2803 5120 llic
2850 5073 3031 5119 autem
3078 5078 3277 5118 sensus
3329 5060 3503 5129 ipsius

1937 5180 2021 5227 est
2054 5190 2068 5224 :
2103 5168 2243 5234 Quid
2286 5166 2355 5219 de
2400 5162 2637 5216 victimis
2670 5159 2967 5221 idolorum,
3004 5155 3203 5223 inquit,
3239 5152 3386 5206 ultra
3420 5150 3504 5204 di-

1938 5277 2065 5317 cere
2122 5273 2346 5314 necesse
2404 5256 2515 5309 sit?
2542 5254 2695 5305 Licet
2739 5250 2888 5304 enim
2936 5247 3193 5301 Christus
3223 5242 3499 5312 Evangelii

1940 5348 2399 5425 prtedicatorihus
2435 5341 2781 5399 mandaverit
2825 5349 2886 5393 ut
2935 5338 3137 5391 victum
3181 5334 3283 5387 sibi
3330 5334 3399 5388 ab
3435 5333 3502 5386 iis

1940 5421 2080 5515 quos
2113 5440 2394 5498 erudiunt,
2428 5443 2776 5502 qumrercnt,
2812 5431 2914 5483 hoc
2955 5443 3054 5495 ego
3092 5441 3202 5479 non
3236 5423 3361 5477 fuci.
3394 5421 3501 5476 Sed

1942 5513 2083 5604 apud
2133 5547 2219 5586 me
2239 5530 2405 5586 statui
2453 5528 2595 5580 fame
2627 5526 2806 5592 potius
2847 5521 3072 5575 interire
3134 5531 3297 5585 quam
3355 5528 3389 5566 α
3418 5513 3501 5567 di-

1943 5626 2174 5696 scipulis
2205 5621 2483 5694 quidpiam
2529 5618 2777 5684 accipere
2809 5633 2820 5667 :
2858 5628 2970 5665 non
3006 5610 3147 5680 quod
3195 5607 3273 5661 illi
3323 5604 3497 5659 oﬂen-

1943 5717 2104 5774 dcndi
2136 5721 2354 5776 essent,
2386 5710 2479 5765 sed
2529 5710 2654 5777 quia
2698 5702 3047 5759 anliﬁcationi
3091 5702 3333 5769 ipsorum
3380 5703 3497 5747 stu-

1948 5808 2161 5861 debam.
2198 5803 2272 5855 Ae
2318 5816 2385 5855 ne
2429 5797 2557 5870 quis
2592 5796 2803 5850 diceret
2844 5810 2856 5845 :
2899 5790 3011 5845 Etsi
3054 5803 3161 5843 non
3216 5783 3489 5853 accepissi
