4230 6438
214 400 246 459 6
254 401 316 463 37

540 690 690 744 "silet
708 691 795 745 ἐπ’
826 692 1001 745 ἐλπίδι
1031 692 1059 743 ὁ
1085 692 1352 761 ἀροτριῶν
1379 693 1658 763 ἀροτριᾷν,
1686 693 1780 745 καὶ

644 783 828 846 ’πίδος
860 782 1026 836 αὑτοῦ
1060 784 1310 853 μετέχειν
1344 784 1434 835 ἐπ’
1470 784 1665 838 ἐλπίδι.
1701 786 1779 853 ⁸Εἰ

786 876 1049 945 -υματικα
1107 875 1465 949 ἐσπείραμεν,
1531 876 1675 946 μέγα
1733 876 1781 928 εἰ

902 968 970 1020 τὰ
1023 968 1349 1037 θερίσομεν;
1404 967 1465 1019 Ei
1500 968 1648 1021 ἄλλοι
1684 970 1782 1038 τῆς

1034 1061 1097 1112 οὐ
1131 1060 1330 1129 μᾶλλον
1356 1062 1516 1130 ἡμεῖς
1541 1079 1555 1126 ;
1594 1079 1612 1112 ›

180 1280 303 1343 Ἀ)
1207 1240 1391 1310 ὀυσία
1431 1240 1623 1310 ταύτῃ,
1652 1239 1787 1291 ἀλλὰ

290 1318 317 1355 ⁵⁸
356 1360 401 1397 ιφ
1338 1348 1401 1382 να
1444 1318 1675 1399 δίδωμὲν
1711 1328 1788 1399 τῷ

182 1404 193 1411 ’
208 1404 273 1449 “ᾋ
642 1406 681 1449 ⁴νΔ
704 1428 711 1439 .

228 1542 329 1605 τὸ
424 1536 451 1561 δ

326 1616 337 1627 ⁵
400 1638 457 1691 .9
468 1682 511 1719 λ
1640 1624 1670 1657 κ
1696 1604 1787 1657 τοῦ

310 1856 323 1863 Α
336 1858 377 1887 ν
1494 1802 1637 1838 ανειν
1670 1786 1790 1837 ἐπι-

1350 1955 1792 2040 λ.Εὖδέ·τὸμὴ

1280 2063 1435 2116 μάνου
1445 2080 1549 2127 σιν,
1583 2061 1700 2115 ἀλλ’
1730 2064 1793 2114 ἐκ

1202 2194 1212 2205 .
1242 2156 1308 2207 λα
1316 2154 1613 2224 μϐάνοντες
1648 2154 1793 2205 ὀνει-

1144 2245 1502 2314 επαὶρωνται.

1050 2336 1433 2409 ρεδρεύοντες,
1488 2335 1565 2405 τῷ
1602 2334 1793 2388 θυσια-

986 2430 1144 2491 ιῦτως
1178 2428 1274 2482 καὶ
1307 2428 1334 2478 ὁ
1361 2427 1565 2498 Κύριος
1613 2424 1794 2478 διέτα-

908 2522 1339 2589 .αταγγέλλουσι,
1376 2522 1439 2573 ἐκ
1483 2519 1575 2572 τοῦ
1610 2520 1792 2584 Εὐαγ-

756 2706 977 2775 εχθέντα
1027 2704 1210 2757 οὐκέτι
1245 2703 1433 2756 λοιπον
1482 2701 1591 2753 τῶν
1623 2716 1793 2769 προσ-

664 2818 737 2861 .ν,
770 2798 908 2851 ἀλλὰ
934 2797 1030 2850 τοῦ
1066 2796 1211 2865 ἱεροῦ
1242 2796 1335 2848 καὶ
1363 2792 1456 2846 τοῦ
1492 2793 1783 2859 θυσιαστη-

600 2875 1053 2956 .ησυμμερίζονται.
1079 2891 1138 2941 οὗ
1172 2888 1271 2959 τὴν
1295 2888 1355 2953 ἔξ
1386 2887 1501 2940 ἴσου
1530 2884 1792 2955 διανομὴν

510 2997 554 3031 α
580 2979 675 3049 τὴν
707 2980 767 3043 ἐξ
805 2980 1028 3049 ὀξειλῆς
1059 2980 1344 3049 διδομένην
1388 2979 1573 3040 αὐτοῖς
1613 2993 1793 3047 παρα-

370 3162 504 3231 Ἐγὼ
523 3162 580 3214 δὲ
602 3163 662 3213 οὐ
691 3162 966 3230 κέχρημαι
985 3160 1159 3213 οὐδενὶ
1185 3160 1411 3215 τούτων.
1438 3162 1551 3214 Οὐκ
1576 3160 1789 3233 ἔγραψα
1822 3198 1865 3252 C

236 3275 277 3306 ,ε
304 3254 499 3316 ταῦτα,
530 3253 617 3306 ἵνα
644 3252 818 3315 οὕτως
847 3253 1069 3321 γένηται
1100 3255 1160 3305 ἐν
1198 3252 1340 3321 ἐμοί.
1385 3272 1404 3303 ι

295 3346 525 3415 Ὅμοιον
553 3344 629 3406 ὡς
649 3345 696 3396 εἰ
728 3343 902 3409 λέγοι,
953 3343 1166 3395 πολλῶν
1203 3359 1293 3411 μοι
1331 3343 1794 3413 παραδειγμάτων

221 3434 577 3504 παρεχόντων
606 3430 854 3494 ἐξουσίαν
878 3430 971 3483 τοῦ
997 3430 1355 3501 στρατιώτου,
1390 3432 1486 3483 τοῦ
1520 3432 1791 3502 γεωργοῦ,

220 3524 320 3577 τοῦ
344 3524 619 3592 ποιμένος,
652 3525 760 3577 τῶν
787 3523 1115 3583 ἀποστόλων,
1148 3523 1241 3576 τοῦ
1276 3524 1464 3593 νόμου,
1508 3523 1615 3575 τῶν
1664 3525 1795 3594 παρ’

222 3616 386 3684 ἡμῶν
417 3616 497 3677 εἰς
534 3616 676 3683 ὑμᾶς
700 3615 1030 3685 γενομένων,
1058 3612 1168 3666 τῶν
1205 3614 1337 3684 παρ’
1366 3614 1525 3684 ἡμῶν
1557 3615 1637 3677 al;
1670 3616 1796 3678 τοὺς

220 3708 443 3770 ἄλλους,
475 3706 585 3759 τῶν
620 3708 832 3779 ἱερέων,
867 3708 959 3761 τοῦ
990 3709 1418 3779 προστάγματος
1440 3707 1534 3760 τοῦ
1561 3708 1793 3779 Κυρίου,

220 3800 407 3853 οὐδενὶ
453 3799 658 3852 τούτων
716 3799 782 3855 ἂν
832 3800 1091 3870 ἐπείσθην
1137 3802 1215 3864 εἰς
1271 3800 1331 3853 τὸ
1357 3799 1660 3854 καταλῦσαι
1707 3799 1797 3852 τὸν

221 3891 466 3963 ἐμαυτοῦ
496 3891 682 3962 νόμον,
716 3891 812 3945 καλ⁵
842 3890 1051 3945 λαϐεῖν.

306 4006 325 4038 c
361 3985 541 4039 Καλὸν
570 3986 678 4056 γάρ
704 4002 793 4055 μοι
826 3984 1025 4055 μᾶλλον
1048 3967 1363 4049 ἀποθανεῖν’,
1392 3983 1427 4051 ἢ
1447 3984 1507 4037 τὸ
1536 3982 1798 4054 καύχημά

222 4096 356 4149 μου,
398 4078 486 4130 ἵνα
515 4095 596 4140 τις
618 4075 851 4148 κενώσει.
902 4094 919 4126 ι

301 4167 576 4239 Αίροῦμαι
604 4166 823 4233 μᾶλλον,
860 4164 1049 4236 φησὶν,
1088 4163 1381 4218 ἀποθανεῖν
1406 4162 1573 4232 λιμῷ,
1608 4163 1639 4233 ἦ
1673 4162 1797 4216 τού-

220 4276 334 4312 των
368 4255 811 4328 ἀποστερηθῆναι
862 4256 971 4309 τῶν
1020 4255 1319 4322 στεφάνων.
1372 4249 1443 4307 Εὖ
1474 4254 1551 4318 δὲ,
1609 4254 1701 4307 καὶ
1740 4253 1799 4307 τὸ

219 4351 510 4417 καύχημα
536 4349 731 4410 εἰπεῖν,
761 4346 854 4398 κα⁶ι
886 4345 961 4415 μὴ
985 4345 1075 4398 τὸν
1108 4343 1308 4397 σκοπὸν
1334 4344 1367 4414 ἢ
1396 4344 1457 4397 τὸ
1498 4344 1657 4409 δόξαν
1698 4362 1794 4397 κα-

220 4441 337 4494 λόν.
375 4441 489 4493 Ἵνα
522 4438 627 4507 γὰρ
675 4438 749 4507 μή
800 4453 883 4499 τις
934 4436 1090 4507 λέγῃ,
1116 4437 1197 4488 ὅτι
1243 4437 1388 4488 ποιεῖ
1421 4434 1520 4505 μὲν
1551 4434 1701 4498 αὐτὸ,
1735 4435 1795 4487 οὐ

1368 404 1449 462 IN
1495 404 1728 464 EPIST.
1766 404 1864 469 AD
1900 405 2260 468 CORINTII.
2303 408 2353 469 Ι.

280 509 371 580 Μὴ
393 506 451 573 ἐξ
478 505 834 578 ἀνθρωπίνων
872 507 1032 577 μόνον
1074 508 1533 579 παραδειγμάτων
1576 508 1782 581 ἰσχυρί-
1810 517 1855 572 Α

1412 1922 1425 1937 ,
1453 1878 1513 1928 τὸ
1541 1876 1789 1943 Εὑαγγέ-
1821 1844 1865 1902 Β

3359 415 3464 479 G38

1953 511 2214 584 Nunquid
2259 515 2517 571 humanis
2566 516 2838 571 duntaxat
2883 518 3151 590 exemplis
3194 521 3300 578 hoc
3331 536 3463 579 con-

1884 604 2083 659 ﬁrmo?

1949 696 2367 766 91tQuoniam
2408 699 2571 754 debet
2621 698 2674 752 in
2720 715 2816 768 spe
2847 701 2941 771 qui
2982 708 3126 768 arat,
3175 714 3366 767 arare;
3410 710 3465 756 et

1880 790 1971 859 qui
2001 790 2242 855 triturat,
2266 807 2414 861 spem
2436 793 2556 861 ejus
2576 793 2906 861 participare
2935 793 2989 846 in
3014 808 3131 862 spe.
3157 790 3348 863 [Vt-:as.
3372 793 3462 848 ll.

1883 880 1995 953 l1]
2023 879 2080 935 Si
2100 897 2203 935 nos
2225 882 2379 936 vobis
2414 882 2723 952 spiritualia
2757 884 3173 944 seminavimus,
3206 897 3461 952 magnum

1882 981 1968 1026 est
1999 972 2045 1027 si
2078 988 2179 1027 nos
2210 973 2452 1027 carnalia
2473 982 2653 1028 vestra
2678 973 2981 1029 metamus?
3017 972 3074 1027 Si
3100 973 3190 1026 alii
3223 979 3463 1042 potesta-

1884 1064 1959 1117 tis
1985 1073 2179 1118 vestrae
2199 1063 2506 1133 participes
2536 1072 2685 1131 sunt,
2716 1079 2888 1133 quare
2916 1079 3022 1118 non
3052 1062 3237 1132 potius
3267 1060 3409 1114 nos?
3436 1078 3455 1110 ι

1958 1153 2117 1224 Spem
2158 1155 2355 1209 futurae
2388 1157 2511 1209 vitae
2544 1156 2640 1209 ait.

1963 1264 1982 1296 ‹
2026 1243 2132 1297 Sed
2169 1260 2275 1298 non
2322 1246 2403 1299 usi
2437 1260 2629 1299 sumus
2658 1244 2763 1299 hac
2796 1251 3068 1314 potestate
3108 1262 3121 1296 :
3154 1241 3461 1297 sed-omnia

1890 1335 2247 1399 sustinemus,
2278 1352 2343 1390 ne
2369 1337 2512 1405 quod
2540 1335 2926 1390 oll'endiculum
2961 1336 3153 1388 demus
3175 1332 3463 1401 Evangelio

1839 1416 1841 1419 ’
1890 1425 2119 1479 Christi.
2162 1444 2182 1477 ›

1961 1517 2017 1571 ld
2048 1526 2153 1580 est,
2182 1533 2291 1570 non
2324 1517 2656 1587 accepimus.

1961 1609 2127 1663 Vsus.
2159 1609 2247 1672 l5,
2282 1610 2369 1662 H.
2430 1626 2449 1659 ‹
2486 1608 2723 1663 Nescitis
2755 1607 3014 1677 quoniam
3056 1604 3148 1676 qui
3184 1617 3341 1658 sacra
3386 1600 3457 1654 l'a-

1894 1702 2069 1763 ciuut,
2099 1700 2166 1755 de
2200 1700 2446 1754 sacrario
2480 1699 2795 1753 comedunt.
2828 1718 2847 1751 ι

1965 1788 2259 1858 Postquam
2299 1802 2329 1840 a
2370 1788 2487 1857 lege
2518 1785 2918 1840 demonstravit
2962 1783 3165 1838 habere
3214 1797 3275 1837 se
3313 1787 3464 1850 pote.

1894 1888 2090 1935 statem
2121 1879 2448 1948 accipiendi,
2480 1892 2785 1933 sermonem
2822 1874 3082 1929 transfert
3120 1874 3186 1926 ad
3221 1870 3464 1940 Evange-

1895 1973 2052 2035 Iium,
2087 1969 2231 2024 unde
2257 1979 2313 2024 et
2352 1967 2870 2038 ipsumconlirmat.
2904 1966 3164 2035 Apprime
3194 1979 3321 2017 vero
3354 1978 3461 2017 non

1893 2066 1970 2119 ait
1991 2079 2086 2120 eos
2119 2063 2189 2118 ab
2219 2062 2286 2117 iis
2305 2064 2395 2131 qui
2423 2059 2661 2115 ollerunt
2688 2058 2958 2127 accipere,
2991 2054 3190 2121 scd,de
3217 2070 3274 2107 re
3306 2066 3463 2107 saera

1893 2157 2216 2222 comedere;
2256 2162 2319 2208 ut
2352 2168 2527 2223 neque
2562 2152 2666 2206 illis
2692 2150 2787 2220 qui
2822 2148 3062 2202 oﬂ‘eruut
3097 2147 3149 2201 id
3180 2146 3311 2200 vitio
3340 2159 3464 2198 ver-

1893 2259 2063 2315 tatur,
2089 2263 2269 2319 neque
2307 2246 2400 2316 qui
2439 2245 2691 2299 tribuunt
2719 2241 3039 2296 cll'erantur.

1969 2362 1987 2394 ι
2029 2341 2133 2407 Qui
2172 2339 2332 2393 altari
2366 2335 2699 2394 deserviunt,
2736 2347 2859 2386 cum
2906 2330 3066 2382 altari
3104 2326 3461 2397 participant.

1894 2433 1969 2487 lta
1999 2442 2053 2488 et
2079 2431 2341 2488 Dominus
2362 2425 2636 2483 ordinavit
2660 2424 2729 2478 iis
2753 2421 2844 2493 qui
2872 2420 3224 2491 Evangeliqu
3259 2408 3467 2471 annun-

1894 2528 2056 2592 tiant,
2096 2524 2163 2578 de
2195 2520 2486 2590 Evangelio
2512 2517 2718 2571 vivere.
2756 2531 2776 2564 ο

1962 2701 2097 2755 Nam
2130 2712 2251 2768 qua:
2291 2696 2471 2750 oblata
2502 2684 2682 2755 erant,
2735 2705 2843 2744 non
2890 2689 3004 2758 jam
3055 2687 3122 2742 ad
3174 2686 3465 2740 onere-tes

1895 2790 2263 2863 pertinebant,
2298 2787 2391 2839 sed
2438 2783 2505 2838 ad
2548 2783 2806 2852 templum
2840 2790 2895 2835 et
2928 2781 3121 2833 altare.
3174 2776 3308 2830 Illud
3367 2791 3467 2828 au-

1894 2893 2022 2946 tem,
2055 2895 2161 2934 una
2190 2879 2532 2947 participant,
2566 2891 2674 2929 non
2704 2873 2965 2945 :equalem
2998 2869 3206 2924 iudicat
3238 2866 3466 2937 partici-

1895 2976 2193 3046 pationem,
2226 2971 2318 3025 sed
2369 2968 2804 3022 consolationem
2847 2979 2971 3035 qua:
3004 2978 3071 3017 ex
3117 2960 3306 3015 debito
3355 2958 3464 3013 illis

1894 3064 2235 3118 adhibeatur.

1968 3153 2136 3207 Vens.
2170 3150 2258 3204 15.
2309 3168 2328 3201 Ι
2367 3148 2481 3219 Ego
2520 3154 2701 3202 autem
2749 3145 2900 3199 nullo
2929 3144 3128 3196 horum
3157 3155 3291 3195 usus
3320 3152 3465 3193 sum.

1899 3246 2016 3301 Non
2052 3253 2232 3298 autem
2262 3242 2458 3310 scripsi
2490 3240 2605 3292 htec
2634 3237 2707 3291 ita
2736 3244 2798 3287 ut
2832 3236 2962 3288 tiant
2988 3234 3041 3286 in
3068 3246 3174 3285 me.
3210 3248 3230 3281 ›

1964 3337 2042 3390 Ac
2075 3335 2121 3389 si
2145 3334 2389 3388 diceret:
2425 3329 2561 3384 Cum
2598 3328 2756 3397 plura
2786 3325 2919 3378 mihi
2954 3322 3199 3391 exempla
3232 3318 3467 3374 faculta-

1897 3438 2004 3484 tem
2037 3429 2178 3480 hanc
2223 3431 2468 3481 asseram
2494 3437 2508 3482 ;
2539 3426 2669 3489 puta
2706 3416 2921 3478 militis,
2969 3414 3251 3483 agricolze,
3285 3418 3469 3480 pasto-

1896 3522 1993 3584 ris,
2020 3517 2411 3588 apostolorum,
2457 3529 2520 3569 ex
2565 3512 2701 3580 lege,
2732 3526 2795 3563 ex
2828 3506 2895 3561 iis
2922 3520 3044 3575 qua:
3081 3520 3182 3560 nos
3210 3516 3341 3572 erga
3368 3515 3468 3555 vos

1896 3610 2274 3681 prmstitimus,
2316 3619 2542 3674 qumque
2570 3617 2668 3655 vos
2690 3598 3007 3655 contulistis
3035 3596 3179 3659 aliis,
3209 3591 3469 3649 sacerdo-

1898 3711 2011 3755 tum
2048 3704 2199 3763 item,
2233 3701 2344 3751 imo
2366 3703 2420 3750 et
2450 3692 2767 3748 mandatum
2803 3686 3057 3753 Domini;
3089 3684 3227 3739 nihil
3269 3682 3466 3736 horum

1898 3808 1985 3847 me
2015 3790 2258 3862 pellexit,
2293 3792 2354 3840 ut
2385 3798 2547 3854 quam
2583 3781 2714 3837 mihi
2751 3780 2922 3850 legem
2959 3775 3257 3848 pratstitui,
3294 3773 3470 3828 viola-

1898 3898 2038 3947 rem,
2074 3886 2129 3935 et
2161 3876 2365 3948 aliquid
2396 3876 2727 3945 acciperem.

1973 3991 1992 4023 ‹
2024 3972 2238 4025 Bonum
2286 3974 2372 4023 est
2416 3967 2561 4021 enim
2615 3962 2746 4017 mihi
2779 3960 2952 4032 magis
2985 3960 3147 4024 mori,
3204 3972 3366 4030 quam
3408 3966 3470 4015 ut

1897 4061 2124 4134 gloriam
2162 4072 2335 4113 meam
2358 4056 2483 4127 quis
2517 4059 2762 4109 evacuet.
2797 4068 2815 4103 ο

1968 4153 2134 4208 Fame
2163 4151 2348 4221 potius
2398 4145 2620 4203 interire
2651 4142 2928 4213 elcgerim,
2977 4140 3176 4210 inquit,
3211 4152 3377 4210 quam
3409 4147 3468 4193 ut

1899 4242 2119 4298 coronis
2156 4241 2274 4294 istis
2321 4236 2593 4292 excidam.
2656 4233 2797 4288 Bene
2830 4246 2980 4295 vero,
3019 4230 3269 4301 gloriam.
3303 4230 3464 4293 dixit.

1900 4350 2008 4389 non
2036 4347 2163 4386 vero
2200 4330 2380 4393 linem,
2408 4343 2509 4383 nec
2542 4324 2688 4396 quod
2720 4324 2823 4378 sibi
2855 4325 3031 4379 visum
3063 4332 3211 4378 esset
3236 4323 3464 4378 bonum.

1900 4426 1976 4480 Ne
2014 4424 2157 4479 enim
2187 4420 2456 4491 quispiam
2488 4418 2718 4481 diceret,
2757 4429 2880 4469 eum
2914 4414 3022 4469 hoc
3050 4413 3270 4484 quidem
3308 4414 3473 4469 modo

219 4532 432 4603 χαίρων
465 4530 545 4591 δὲ,
576 4505 711 4582 ἀλλά
740 4505 942 4581 στένων
982 4505 1075 4579 καὶ
1107 4526 1451 4594 ὀδυνάμενος,
1480 4525 1672 4578 τούτου
1696 4524 1796 4594 χά·
1829 4520 1875 4578 Ι)

1829 4520 1875 4578 Ι)
1904 4533 1962 4573 se
2000 4529 2208 4585 gerere.
2250 4521 2305 4566 at
2338 4526 2444 4565 nou
2477 4508 2635 4563 hilari
2696 4506 2903 4569 animo,
2945 4505 3042 4561 sed
3093 4511 3360 4559 mcerente
3415 4513 3469 4558 et

225 4638 312 4691 ριν
338 4621 438 4688 τὴν
490 4616 795 4692 ρπερϐολὴν
826 4616 925 4685 τῆς
962 4616 1136 4686 χαρᾶς
1168 4615 1336 4679 δεῖξαι
1376 4614 1564 4678 θέλων,
1606 4614 1698 4666 καὶ
1737 4613 1796 4665 τὸ

225 4710 469 4783 μέγεθος
496 4710 593 4778 τῆς
621 4707 950 4779 προθυμίας,
980 4706 1241 4775 καύχημα
1265 4704 1325 4757 τὸ
1358 4706 1589 4774 πρᾶγμα
1616 4705 1789 4757 καλεῖ.

307 4888 435 4940 Ἔάν
466 4886 574 4955 γὰρ
607 4884 1071 4951 εὐαγγελίζωμαι,
1104 4881 1202 4933 οὐκ
1236 4880 1349 4933 ἔστι
1388 4898 1477 4948 μοι
1510 4879 1791 4949 καύχημα·

237 4980 446 5047 iviqu
490 4978 600 5045 γάρ
646 4993 733 5043 μοι
772 4974 1065 5027 ἐπίκειται.
1098 4972 1236 5024 Οὐαὶ
1270 4971 1325 5023 δέ
1374 4971 1463 5040 μοί
1493 4972 1659 5032 ἐστιν,
1696 4971 1792 5023 ἐὰν

224 5071 302 5139 μὴ
333 5067 793 5135 εὐαγγελίζωμαι,
838 5085 854 5113 ν

294 5157 469 5211 Τοῦτό
501 5173 685 5226 φησιν,
709 5156 807 5224 οὐχ
841 5156 917 5217 ὡς
964 5154 1211 5224 μείζονος
1247 5152 1399 5215 ὄντος
1440 5150 1532 5204 τοῦ
1565 5153 1795 5221 εὐαγγε-

222 5248 505 5308 λίσασθαι,
539 5246 632 5298 τοῦ
668 5245 939 5298 ἀδάπανον
970 5243 1144 5305 θεῖναι
1187 5243 1246 5293 τὸ
1292 5242 1634 5308 εὐαγγέλιον,
1681 5243 1795 5296 ἀλλ’

220 5344 299 5404 ὡς
330 5338 599 5408 ἑτέρωθεν
626 5338 840 5406 ἔχοντος
861 5335 921 5387 τὸ
943 5334 1124 5387 πλέον.
1156 5328 1301 5397 Οἷον,
1334 5334 1414 5385 ὅτι
1438 5333 1498 5385 τὺ
1522 5334 1619 5401 μέν
1642 5337 1791 5386 ἐστιν

221 5436 533 5501 ἐπίταγμα,
566 5431 625 5482 τὸ
654 5430 709 5481 δὲ
740 5430 835 5498 τῆς
861 5428 1003 5496 ἐμῆς
1038 5426 1411 5493 προαιρέσεως
1440 5426 1791 5495 κατόρθωμα.

229 5523 298 5573 Ἀ
340 5520 439 5584 μὲν
472 5518 582 5585 γὰρ
616 5516 754 5586 ὑπὲρ
804 5515 902 5583 τὴν
944 5512 1165 5582 ἐντολὴν
1198 5513 1427 5579 γίνεται,
1478 5513 1646 5566 πολὺν
1686 5514 1796 5582 ἔχει

229 5611 429 5680 μισθόν
455 5626 466 5637 ⁸
502 5609 538 5661 ἂ
566 5609 623 5661 δὲ
654 5609 710 5659 ἐν
744 5608 963 5676 ἐντολῆς
990 5606 1164 5671 τάξει,
1216 5606 1275 5656 οὐ
1323 5607 1595 5659 τοσοῦτον.
1631 5607 1792 5661 Ὥστε

226 5704 374 5756 κατὰ
412 5700 569 5753 τοῦτό
603 5718 787 5768 φησιν,
824 5700 883 5752 τὸ
908 5698 983 5767 μὴ
1027 5698 1326 5765 λαμϐάνειν
1362 5696 1457 5749 τοῦ
1515 5702 1792 5769 εὐαγγελὲο

234 5791 431 5844 τααοῖι
488 5789 645 5841 πλέον
686 5783 816 5840 εἶναι
853 5788 950 5839 οὐκ
988 5786 1150 5854 αὐτὴν
1184 5786 1274 5837 τοῦ
1334 5788 1648 5857 πράγματος
1684 5792 1786 5854 τὴν

1903 4604 2278 4678 gemehundo;
2318 4602 2525 4656 ideirco
2573 4606 2633 4652 ut
2679 4597 2855 4666 gaudii
2898 4595 2984 4652 sui
3026 4594 3472 4663 exsuperantiam

1902 4708 1957 4751 et
1986 4694 2409 4765 magnitudinem
2440 4688 2741 4744 alacritatis
2775 4686 2951 4756 palam
2988 4685 3173 4750 faciat,
3199 4699 3312 4739 rem
3348 4684 3469 4753 glo-

1906 4789 1997 4841 rize
2029 4785 2249 4839 nomine
2280 4788 2578 4847 nuncupat.

1975 4877 2137 4929 Vens.
2172 4873 2254 4926 16.
2291 4891 2307 4921 ι
2332 4870 2465 4923 Nam
2497 4870 2539 4922 si
2582 4867 3050 4938 evangelizavero,
3082 4879 3191 4918 non
3213 4871 3298 4917 est
3333 4862 3468 4916 mihi

1903 4968 2097 5037 gloria.
2134 4962 2444 5018 Necessitas
2483 4959 2628 5013 enim
2677 4959 2811 5011 mihi
2843 4956 3131 5009 incumbit.
3161 4954 3254 5010 Vae
3285 4964 3465 5009 autem

1904 5057 2033 5110 mihi
2067 5056 2112 5109 si
2145 5068 2249 5108 non
2281 5049 2747 5119 evangelizavero.
2784 5065 2801 5097 ι

1976 5148 2091 5202 lloc
2153 5146 2265 5207 ait,
2334 5158 2441 5196 non
2499 5142 2654 5210 quasi
2712 5138 2892 5207 majus
2954 5135 3162 5204 aliquid
3214 5134 3286 5188 sit
3349 5133 3468 5188 sine

1905 5248 2123 5311 sumptu
2155 5236 2477 5306 praedicare,
2514 5245 2675 5299 quam
2704 5228 3087 5296 evangelizare
3130 5244 3141 5277 :
3186 5224 3282 5279 sed
3323 5224 3465 5292 quod

1907 5334 2037 5391 illud
2090 5328 2310 5384 aliunde
2358 5324 2589 5392 amplius
2641 5320 2848 5389 aliquid
2890 5319 3069 5372 habet.
3105 5316 3291 5386 V.gr.,
3336 5315 3465 5368 illud

1907 5426 2125 5496 quidem
2183 5424 2509 5490 prmceptum
2540 5421 2655 5479 est;
2706 5412 2805 5465 hoc
2834 5426 2965 5464 vero
3008 5423 3139 5461 mea:
3174 5407 3467 5460 voluntatis

1907 5495 1989 5571 est
2044 5511 2301 5567 cilicium.
2354 5507 2483 5559 Nam
2542 5518 2663 5571 qu:e
2718 5513 2881 5568 supra
2932 5504 3264 5565 prmeeptum
3311 5495 3444 5546 ﬁunt

1910 5617 2157 5673 magnam
2196 5599 2397 5652 habent
2441 5592 2745 5646 mercedem
2792 5605 2806 5641 :
2850 5601 2971 5655 qua:
3001 5593 3178 5638 autem
3216 5598 3280 5636 ex
3331 5598 3465 5652 pra:-

1911 5704 2089 5765 cepto,
2116 5694 2450 5746 noutantam
2483 5702 2494 5736 :
2528 5682 2769 5748 adeoque
2802 5675 3097 5730 secundum
3129 5674 3267 5727 hanc
3300 5674 3466 5725 ratio—

1914 5804 2059 5853 nem,
2092 5782 2284 5852 inquit,
2332 5775 2465 5830 nihil
2503 5772 2627 5827 inde
2672 5769 2921 5838 accipere
2953 5765 3125 5834 majus
3159 5771 3262 5828 est,
3305 5778 3472 5833 quam
