4230 6438
773 362 878 424 639

771 574 1025 621 naturam
1081 586 1282 624 rerum.
1326 573 1534 645 Ecquid
1579 580 1725 633 enim
1767 582 2173 648 praedicationis
2221 601 2338 636 tnu-

773 657 895 710 neri
947 659 1055 727 92
1112 667 1424 732 comparari
1457 677 1659 735 queat,
1706 671 1852 739 quod
1901 671 2033 725 facit
2076 689 2176 727 nos
2214 689 2336 728 cum

774 746 1023 817 ipsismet
1077 755 1288 819 angelis
1328 761 1575 812 certare?
1626 759 2046 827 Verumtamen,
2091 767 2344 834 quando-

771 836 994 905 quidem
1024 840 1129 893 hoc
1158 843 1335 911 jussio
1374 856 1460 901 est
1499 860 1554 903 et
1602 851 1872 916 debitum,
1910 856 2039 907 illud
2080 873 2208 909 vero
2236 874 2350 910 am-

772 928 922 984 bitus
963 932 1292 1001 voluntatis;
1329 938 1672 1008 aliquantum
1707 945 2151 1011 pricdicationent
2208 964 2349 1016 pra:-

771 1021 946 1084 cellit,
969 1024 1102 1078 nihil
1139 1029 1461 1097 accipiendo
1499 1035 1819 1103 praedicare.

852 1111 1012 1169 νεεδ.
1045 1118 1133 1182 17,
1174 1119 1257 1174 18.
1287 1121 1343 1173 Si
1369 1124 1515 1176 enim
1543 1128 1731 1180 volens
1763 1128 1863 1180 ho:-
1889 1144 2012 1198 agn,
2046 1131 2350 1184 mercedem

778 1200 997 1259 habeo:
1032 1208 1079 1261 si
1131 1221 1310 1264 autem
1361 1213 1535 1269 invito
1588 1216 1930 1285 dispensatio
1979 1221 2112 1271 mihi
2147 1218 2352 1273 credita

777 1304 863 1349 est
886 1314 901 1362 ;
928 1314 1048 1365 qua:
1076 1309 1161 1355 cst
1182 1318 1314 1372 ergo
1335 1320 1548 1361 merces
1570 1310 1722 1361 mea?
1749 1318 1808 1362 ut
1834 1309 2186 1379 Erangclium
2219 1325 2356 1379 pra:-

778 1384 970 1441 dicans
1027 1390 1147 1445 sine
1195 1403 1418 1464 sumptu
1460 1412 1655 1464 ponam
1706 1398 2082 1469 Evangelium,
2137 1413 2191 1453 ut
2248 1417 2354 1454 non

779 1477 979 1532 abutar
1020 1491 1289 1550 potestate
1329 1501 1445 1540 mea
1490 1487 1544 1540 in
1576 1487 1895 1560 Evangelio.
1926 1510 1944 1541 ι

852 1566 1027 1624 Voces
1056 1572 1196 1635 istm,
1241 1575 1437 1640 rolens,
1478 1586 1555 1639 et,
1608 1580 1825 1645 invitus,
1881 1581 1947 1634 ad
2003 1596 2113 1635 rem
2169 1596 2360 1652 aggre-

782 1659 1037 1713 diendam
1072 1664 1152 1716 vel
1179 1680 1286 1718 non
1333 1670 1757 1736 aggrediendam
1790 1672 2126 1725 referuntur.
2158 1672 2359 1725 l-lodem

782 1762 1001 1816 quoque
1042 1753 1207 1815 modo
1254 1755 1674 1825 intelligendum
1712 1768 1799 1813 est
1839 1760 2008 1823 istud,
2056 1759 2357 1813 Necessitas

1968 380 2030 434 S.
2068 377 2389 437 JOANNIS
2426 380 2856 440 DAMASCENI

770 472 1124 546 Evangelium
1189 482 1527 549 prmdieare;
1591 487 1808 542 tametsi
1877 503 1985 542 non
2039 492 2339 545 secundum
2376 497 2414 549 Α

2376 497 2414 549 Α
2444 493 2636 561 gis-nr
2676 497 2729 547 τί
2758 495 2867 566 γὰρ
2893 496 2988 549 τοῦ
3032 498 3267 567 κηρύξαι
3315 500 3505 563 ίσον,δ
3557 500 3651 551 καὶ
3705 497 3841 567 apis;
3891 500 4016 561 τους

3914 385 4021 445 020

2452 586 2716 652 ἀγγέλους
2740 590 2884 656 ἡμᾶς
2914 589 3246 657 ἁμιλλᾶσθαι
3266 594 3441 653 ποιεῖς
3480 591 3621 642 Ἀλλ’
3650 592 3800 657 ὅμως
3833 589 4018 641 ἐπειῶ

2451 677 2512 728 τὸ
2540 678 2640 745 μὲν
2679 680 2960 750 ἐπίταγμά
2989 683 3109 735 ἐστι
3163 683 3260 736 καὶ
3289 684 3480 753 ὀφειλή
3502 700 3517 713 ο
3552 682 3614 735 τὸ
3652 683 3710 735 δὲ
3759 681 4024 750 προαιρέ-

2452 786 2589 832 σεως
2616 771 2917 840 φιλοτιμία,
2951 774 3097 827 κατὰ
3120 775 3281 827 τοῦτο
3314 774 3464 844 αὐτῷ
3491 776 3554 827 τὸ
3590 773 3667 843 μὴ
3697 772 4021 841 λαμϐάνειν,

2452 862 2614 914 πλέον
2635 879 2689 915 τι
2725 862 2821 916 τοῦ
2852 866 3145 934 κηρύττειν
3180 867 3318 937 ἔχει.

2531 1153 2548 1184 ι
2590 1135 2652 1186 ΕΞ
2684 1139 2791 1204 γαρ
2825 1140 2967 1189 ὲκων
2987 1141 3144 1190 τοῦτο
3174 1139 3427 1207 πρᾶσσω,
3465 1137 3659 1207 μισθὸν
3697 1134 3826 1203 ἔχω.
3870 1134 3935 1185 Εἰ
3968 1133 4027 1183 δὲ

2453 1223 2601 1276 ἄκων
2622 1225 2937 1295 οἰκονομίαν
2975 1226 3370 1296 πεπίστευμαι,
3412 1227 3496 1289 τίς
3550 1220 3646 1276 οὖν
3674 1223 3766 1292 μοί
3799 1223 3967 1275 ,ἐστιν
3998 1221 4027 1269 ι

2459 1315 2687 1383 μισθὸςς
2737 1316 2823 1367 ἵνα
2870 1317 3378 1385 εὐαγγελιζόμενος,
3430 1316 3707 1371 ἀδάπανον
3760 1314 3914 1383 θήσω
3965 1309 4027 1362 τέ

2457 1403 2788 1470 Εὐαγγέλιον
2821 1404 2914 1457 τοῦ
2954 1406 3216 1474 Χριστοῦ,
3243 1410 3323 1469 είς
3357 1407 3420 1458 τὸ
3459 1406 3536 1477 μὴ
3568 1402 4029 1475 καταχρήσασθαι

2455 1495 2522 1561 τῇ
2557 1493 2774 1564 ἐξουσίᾳ
2809 1512 2911 1563 μου
2940 1498 2998 1547 ἐν
3030 1495 3108 1564 τῷ
3139 1497 3472 1567 Εὑαγγεὶλῳ.
3513 1516 3533 1548 ι

2528 1585 2621 1649 Τὸ,
2660 1586 2814 1638 ἑκὼν
2838 1589 2931 1639 καὶ
2961 1587 3143 1653 ἄκων,
3183 1590 3275 1642 ἐπὶ
3306 1589 3368 1640 τὸ
3392 1587 3786 1659 ἐγχειρεῖσθαι,
3817 1587 3916 1640 καὶ
3952 1585 4031 1653 μὴ

2461 1676 2829 1743 ἐγχειρεῖσθαι
2867 1678 3155 1747 λαμϐάνει.
3181 1679 3338 1732 Οὕτω
3385 1680 3480 1732 καὶ
3534 1679 3617 1746 τὸ,
3663 1679 3896 1747 ἀνάγκη
3924 1694 4029 1743 μο¹

2460 1768 2770 1827 ἐπίκειται,
2791 1771 3031 1839 νοητέονο
3059 1773 3158 1840 οὐχ
3176 1771 3251 1833 ὡς
3270 1771 3495 1834 ἄκοντάς
3515 1789 3569 1825 τι
3587 1770 3781 1824 τούτου
3815 1767 4033 1822 ποιοῦνο

784 1843 914 1894 mihi
956 1845 1261 1900 incumbit:
1311 1863 1419 1901 non
1466 1852 1626 1919 quasi
1691 1853 1897 1908 invitus
1939 1863 2063 1924 agat
2122 1855 2352 1924 aliquid.
2391 1832 2431 1885 Β

2391 1832 2431 1885 Β
2462 1877 2573 1922 τος,
2605 1860 2722 1912 ἀλλ’
2753 1861 2829 1923 ὡς
2858 1862 3165 1915 ὑπευθύνου
3191 1864 3348 1926 ὄντος
3388 1866 3503 1926 τοῖς
3531 1862 3877 1931 ἐπιταχθεῖαι
3899 1877 3913 1888 ⁸
3950 1857 4032 1908 διὸ

784 1931 879 1986 sed
908 1935 1054 2000 quod
1089 1936 1368 1993 obnoxius
1402 1940 1475 1993 sit
1506 1941 1666 2009 jussa
1699 1953 1980 2012 pnestare.
2012 1945 2355 2016 Quapropter

784 2037 898 2077 non
929 2025 1072 2078 dixit
1108 2044 1123 2079 :
1154 2027 1211 2081 Si
1246 2037 1430 2084 autem
1454 2032 1658 2087 invitus
1685 2035 1989 2090 mercedem
2017 2052 2126 2091 non
2163 2039 2354 2103 habeo,

784 2112 880 2168 δρᾶ
912 2133 925 2167 :
961 2114 1134 2170 Im'ito
1159 2118 1486 2187 dispensatio
1524 2124 1653 2177 mihi
1685 2126 1889 2179 credita
1923 2130 2358 2188 cst;ostent|cns

789 2206 1049 2261 nimirum
1114 2211 1264 2279 quod
1330 2215 1639 2270 mercedem
1687 2226 1740 2270 et
1796 2218 1914 2287 ipse
1970 2219 2202 2285 habeat;
2262 2222 2357 2276 sed

785 2304 1045 2365 quantam
1070 2300 1158 2355 ille
1184 2302 1276 2371 qui
1308 2314 1639 2375 prmeeptum
1664 2308 2014 2378 exsequitur,
2034 2326 2143 2365 non
2180 2328 2358 2380 quan-

785 2394 895 2439 tam
937 2388 983 2443 is
1004 2392 1097 2458 qni
1120 2407 1184 2446 ex
1221 2394 1405 2464 seipso
1429 2397 1627 2451 nititur
1652 2399 1893 2468 operari,
1917 2406 1972 2454 et
2004 2415 2172 2470 supra
2194 2416 2359 2471 quam

787 2480 1127 2549 przecipitur,
1154 2483 1308 2539 facit.

858 2567 1138 2638 Vens,19.
1177 2592 1196 2625 ι
1235 2574 1369 2630 Nam
1410 2592 1535 2633 cum
1582 2580 1722 2635 liber
1756 2596 1933 2637 essem
1965 2583 2034 2637 ab
2077 2585 2360 2649 omnibus,

785 2660 1032 2714 omnium
1074 2678 1161 2718 me
1197 2680 1415 2722 servum
1448 2668 1573 2732 ieci,
1606 2679 1666 2724 ut
1687 2672 1873 2740 plures
1906 2673 2311 2731 Iucrifacercm.
2337 2695 2357 2727 ι

858 2749 1331 2823 Superjectionem
1396 2762 1560 2815 aliam
1625 2764 1821 2817 iterum
1880 2767 2053 2835 ponit.
2108 2765 2361 2839 Magnum

785 2842 989 2911 quippe
1019 2854 1126 2913 est,
1167 2864 1275 2907 non
1308 2853 1559 2922 accipere
1594 2873 1606 2907 :
1650 2855 1864 2925 hocque
1918 2858 2077 2928 longe
2132 2871 2363 2929 praesta-

788 2930 956 2988 biiius
993 2943 1081 2990 cst
1110 2937 1307 2993 altero.
1338 2941 1481 3008 Quid
1514 2959 1644 2998 vero
1681 2945 1815 3000 illud
1842 2955 1929 3001 est
1961 2950 2106 3018 quod
2137 2949 2226 3004 hic
2253 2949 2365 3005 ait?

788 3020 906 3076 Non
942 3025 1120 3081 solum
1147 3045 1256 3083 non
1288 3033 1501 3102 accepi,
1534 3050 1714 3103 neque
1752 3052 1886 3092 usus
1917 3053 2039 3092 sum
2068 3047 2363 3108 potestate,

791 3113 885 3169 sed
914 3124 969 3169 et
1019 3134 1106 3173 me
1139 3120 1259 3190 ipse
1305 3138 1525 3178 servum
1577 3126 1701 3191 feci,
1738 3143 1948 3198 magna:
1980 3138 2035 3183 et
2073 3131 2365 3200 multiplici

792 3206 1056 3261 servitndi
1098 3225 1185 3266 me
1219 3214 1585 3283 mancipando
1616 3233 1628 3269 :
1675 3232 1988 3288 quanquam
2018 3220 2097 3274 sic
2129 3236 2215 3274 me
2246 3236 2369 3275 ser-

789 3309 920 3351 vum
953 3298 1079 3364 feci,
1115 3311 1175 3357 ut
1227 3310 1409 3361 tamen
1450 3308 1601 3361 nulla
1638 3309 1693 3362 in
1746 3324 1807 3362 re
1863 3311 2069 3365 nemini
2115 3312 2369 3368 subditus

791 3401 995 3454 essem,
1035 3408 1138 3447 nec
1171 3397 1557 3452 necessitatem
1591 3409 1835 3468 paterer.
1875 3400 1990 3456 lloc
2019 3403 2165 3457 enim
2197 3404 2371 3475 signi-

794 3477 923 3534 ﬁcat
955 3480 1085 3535 dum
1116 3485 1194 3538 ait
1228 3504 1243 3540 :
1276 3486 1409 3541 Cum
1465 3489 1598 3544 liber
1637 3507 1805 3545 essem
1835 3491 1901 3544 ab
1952 3494 2214 3548 omnibus.
2264 3495 2371 3565 Ipsi

793 3568 938 3621 enim
974 3571 1282 3639 injunetum
1316 3575 1594 3631 duntaxat
1623 3591 1739 3632 erat
1773 3581 2107 3649 praedicandi
2150 3599 2373 3646 munus.

2462 1950 2559 2001 οὐκ
2591 1944 2765 2015 εἶπεν,
2801 1952 2849 2002 εί
2875 1951 2932 2003 δὲ
2960 1952 3110 2005 ἄκων
3140 1953 3243 2005 οὑκ
3265 1953 3375 2023 ἔχω
3404 1953 3620 2022 μισθὸν,
3649 1952 3766 2005 ἀλλ’
3798 1955 4026 2004 olxorc-

2455 2040 2605 2108 μίαν
2653 2042 3072 2109 πεπίστευμαι,
3111 2045 3329 2106 δεικνὺς
3357 2046 3441 2098 ὅτι
3471 2046 3565 2097 καὶ
3594 2043 3759 2107 αὐτὸς
3788 2044 3905 2111 ἔχει
3938 2061 4035 2113 μι-

2462 2128 2610 2193 σθὸν,
2641 2129 2779 2183 ἀλλὰ
2805 2132 3049 2185 τοιοῦτον
3089 2129 3202 2188 οἷον
3234 2136 3263 2187 ὁ
3299 2135 3363 2186 τὺ
3400 2134 3684 2203 ἐπίταγμα
3739 2133 4030 2197 ἐξανύσας.

2462 2222 2558 2291 οὐχ
2587 2216 2698 2274 οἷον
2738 2226 2945 2287 ἐκεῖνος
2996 2225 3062 2277 ἐκ
3102 2225 3213 2277 τῶν
3260 2223 3457 2278 ἑαυτοῦ
3506 2223 4030 2294 φιλοτιμησάμενοε,

2463 2317 2558 2366 καὶ
2590 2315 2838 2385 ὑπερϐὰς
2868 2318 2927 2367 τὸ
2954 2317 3255 2386 ἐπίταγμα.

2543 2602 2560 2635 ι
2607 2583 2920 2654 Ἐλεύθερος
2973 2586 3080 2655 γὰρ
3108 2586 3184 2637 ὣν
3230 2585 3294 2639 ἐκ
3322 2585 3564 2649 πάντων,
3594 2585 3760 2636 πᾶσιν
3800 2579 4033 2651 ἐμαυτὸν

2464 2676 2753 2739 ἐδούλωσα,
2789 2677 2876 2729 ἵνα
2902 2678 3029 2741 τοὺς
3067 2678 3314 2741 πλείονας
3351 2679 3616 2748 κερδήσω.
3658 2694 3677 2726 ι

2535 2769 2706 2821 Πάλιν
2746 2768 2915 2840 ἄλλην
2957 2769 3171 2837 τίθησιν
3223 2768 3553 2839 ὑπερϐολήν.
3603 2768 3763 2835 Μέγα
3794 2764 3894 2835 μὲν
3924 2763 4037 2835 γὰρ

2465 2858 2561 2910 καὶ
2587 2857 2649 2909 τὸ
2674 2857 2749 2927 μὴ
2781 2859 2968 2912 λαϐεῖν
2990 2876 3004 2889 ·
3037 2859 3198 2911 τοῦτο
3227 2859 3284 2912 δὲ
3306 2859 3440 2913 πολὺ
3471 2859 3657 2928 μεῖζον
3690 2858 3927 2911 ἐκείνου.
3972 2856 4039 2909 Tt

2463 2949 2523 3000 δέ
2554 2950 2701 3001 ἐστιν
2733 2948 2761 3000 δ
2798 2948 2994 3017 φησίνς
3037 2947 3161 3001 Ὅτι
3203 2948 3264 3001 οὗ
3304 2947 3468 3017 μόνον
3520 2947 3623 2999 οὐκ
3675 2946 3871 2999 ἔλαϐον
3914 2944 4038 2998 οὐδὲ

2467 3039 2791 3109 ἐχρησάμην
2811 3042 2878 3109 τῇ
2907 3038 3148 3110 ἐξουσία,
3181 3038 3317 3092 ἀλλὰ
3348 3039 3442 3092 καὶ
3474 3037 3751 3091 ἐδούλωσα
3776 3035 4041 3105 ἐμαυτὶν,

2468 3131 2563 3183 καὶ
2608 3130 2857 3184 δουλείαν
2908 3130 3154 3199 μεγάλην
3202 3128 3299 3185 καὶ
3332 3128 3716 3196 παντοδαπήψ
3758 3126 3852 3178 καὶ
3885 3124 4037 3177 ἐδούο

2470 3222 2619 3273 λωσα
2646 3219 3005 3289 ὑποκείμενος
3036 3219 3215 3272 οὐδενὶ
3241 3219 3364 3271 κατ’
3394 3217 3570 3283 οὐδὲν,
3621 3216 3743 3269 οὐδὲ
3783 3216 4041 3283 ἀνάγκην

2473 3310 2634 3379 ἔχων.
2657 3308 2831 3363 Τοῦτο
2854 3310 2963 3379 γάρ
2991 3312 3108 3362 ἐστι
3140 3309 3201 3361 τὸ
3228 3308 3543 3375 ἐλεύθερος
3570 3303 3655 3359 ὧν
3675 3305 3745 3359 ἐκ
3775 3303 4042 3358 πάντων.

2474 3401 2586 3455 Καὶ
2614 3402 2723 3472 γὰρ
2753 3402 2989 3472 κηρύξαι
3030 3401 3191 3472 μόνον
3219 3401 3569 3465 ἐπετάττετο,
3613 3397 3708 3453 καὶ
3733 3395 4041 3463 καταγγέλ.

2476 3495 2591 3546 λειν
2616 3492 2687 3546 τὰ
2715 3493 3117 3563 ἐμπιστεύοντα
3140 3508 3155 3523 ⁸
3187 3493 3251 3547 τὸ
3291 3492 3349 3546 δὲ
3390 3492 3560 3563 μυρία
3599 3486 4045 3562 μηχανήσασθαι.

2479 3582 2577 3636 καὶ
2601 3583 2860 3649 ἐπινοεῖν,
2886 3582 3071 3635 λοιπὸν
3095 3581 3197 3651 τῆς
3228 3582 3440 3635 ἐκείνου
3465 3580 3703 3649 σπουδῆς
3722 3573 3812 3649 ἦν.

793 3667 848 3711 et
877 3662 1241 3717 annuntiandi
1288 3681 1410 3734 qua:
1438 3666 1542 3721 sibi
1573 3668 1782 3722 credita
1833 3679 2073 3725 essent":
2107 3683 2369 3728 sexcenta
2441 3687 2572 3729 vero
2617 3672 2798 3727 moliri
2865 3680 2921 3726 et
2965 3672 3299 3742 excogitare,
3353 3671 3461 3725 hoc
3516 3670 3585 3724 ab
3634 3667 3811 3738 ipsius
3861 3662 4045 3720 ειυιΙὶι

794 3748 1267 3818 proﬁciscebatur.

870 3842 1036 3898 Vens.
1071 3845 1162 3901 20.
1212 3866 1230 3898 ι
1274 3847 1341 3902 Et
1394 3848 1573 3905 factus
1629 3867 1750 3906 sum
1802 3853 2042 3921 Judaiis,
2105 3864 2367 3929 tanquam

796 3934 1042 4000 .lndzens,
1078 3947 1132 3991 ut
1159 3937 1377 3996 Jndzeos
1416 3942 1819 3999 Iucril‘aeerem.
1850 3963 1869 3996 ι
2358 4006 2361 4011 ,

868 4028 1154 4095 Quomodo
1184 4046 1317 4085 vero
1350 4030 1525 4089 factus
1555 4042 1658 4099 est,
1694 4036 1797 4088 uisi
1825 4036 2044 4106 quando
2077 4039 2368 4095 circumci-

800 4118 883 4174 dit
939 4118 1309 4183 Timotheum,
1367 4132 1427 4176 ut
1475 4125 1961 4181 circumcisiouem
2016 4128 2259 4183 aboleret
2296 4129 2369 4178 "1'

802 4206 1146 4277 Quapropter
1175 4226 1282 4265 non
1335 4212 1491 4280 dixit,
1543 4212 1787 4282 Judzeus,
1829 4218 1923 4273 sed
1981 4228 2232 4288 tanquam
2273 4219 2377 4274 Ju-

802 4301 972 4353 da'us.
1006 4300 1118 4355 lloc
1156 4304 1302 4357 enim
1336 4321 1486 4360 mera
1515 4308 1855 4378 dispensatio
1888 4318 2029 4366 erat.

877 4392 1043 4447 Vens.
1079 4395 1170 4459 2i,
1198 4395 1288 4450 τε.
1326 4415 1344 4447 ι
1382 4396 1450 4453 lis
1470 4400 1564 4468 qui
1606 4400 1851 4472 sublege
1888 4411 2043 4466 sunt,
2074 4404 2232 4473 quasi
2271 4405 2375 4459 sub

806 4481 924 4549 lege
956 4496 1134 4536 essent
1171 4485 1317 4552 (cum
1360 4485 1479 4555 ipse
1516 4503 1623 4542 nou
1654 4504 1835 4545 essem
1873 4490 1978 4547 sub
2011 4490 2241 4562 lege).ut
2279 4507 2375 4547 eos

806 4570 902 4640 qui
928 4571 1031 4625 sub
1059 4573 1177 4643 lege
1196 4583 1354 4629 erant
1382 4576 1785 4634 lucrifacerem.
1825 4598 1845 4631 ι

880 4659 1112 4724 Quando
1138 4678 1350 4719 comam
1390 4668 1549 4732 rasit,
1582 4669 1806 4738 quando
1845 4670 2201 4726 sacriﬁcavit.
2251 4671 2376 4726 llaec

809 4764 976 4819 porro
1019 4750 1277 4819 iaciebat,
1314 4771 1424 4810 non
1480 4757 1766 4812 immutata
1808 4760 2091 4816 voluntate
2121 4775 2244 4826 sua,
2277 4760 2375 4815 sed

810 4840 1012 4893 amoris
1042 4840 1398 4911 indulgentia.

886 4947 907 4980 ι
942 4929 1005 4982 Et
1044 4930 1114 4985 iis
1148 4932 1239 5000 qui
1294 4933 1415 4988 sine
1444 4934 1564 5003 lege
1594 4945 1774 5002 erant,
1803 4943 2063 5006 tanquam
2110 4938 2229 4992 sine
2260 4938 2375 5007 lege

811 5033 1010 5084 essem,
1046 5034 1171 5073 cum
1202 5020 1324 5077 sine
1355 5022 1472 5093 lege
1510 5022 1607 5079 Dei
1635 5040 1744 5079 non
1782 5041 1985 5094 essem,
2025 5026 2118 5081 sed
2149 5027 2203 5080 in
2260 5028 2377 5097 lege

812 5122 989 5163 essem
1025 5109 1250 5164 Christi.
1286 5128 1306 5162 ι

884 5196 1113 5266 Exleges
1145 5198 1236 5253 isti
1274 5214 1452 5270 neque
1477 5199 1652 5257 Judaei
1678 5211 1857 5272 erant,
1893 5219 2073 5275 neque
2110 5205 2373 5275 gentiles;

816 5287 910 5341 sed
945 5298 1120 5343 tamen
1144 5298 1299 5345 extra
1334 5291 1504 5362 legem
1532 5296 1807 5364 agebant:
1837 5296 2139 5365 cuiusmodi
2164 5294 2379 5350 fuerant

817 5377 1109 5433 Cornelius
1126 5386 1180 5433 et
1207 5378 1631 5437 Melchisedech.
1650 5381 1785 5437 Nam
1810 5383 2030 5454 quando
2057 5399 2152 5440 eos
2172 5385 2376 5450 adibat,

820 5469 991 5521 multa
1011 5468 1395 5527 dissimulabat
1432 5488 1553 5543 qua:
1582 5473 1648 5529 ab
1681 5474 1816 5544 ipsis
1837 5483 2178 5546 gererentur.
2214 5475 2385 5531 (hete-

824 5574 942 5614 rum
973 5560 1221 5615 nonnulli
1273 5572 1528 5619 asserunt
1579 5581 1725 5630 cum,
1762 5566 1982 5637 quando
2008 5567 2162 5635 dicit,
2198 5566 2276 5621 lis
2299 5566 2385 5634 qui

899 5734 941 5766 "
966 5737 1086 5792 Act;
1110 5754 1217 5792 ινι.
1253 5739 1304 5793 5.

2551 3875 2571 3907 ι
2600 3854 2712 3907 Καὶ
2747 3852 3017 3923 ἐγενόμην
3045 3853 3158 3914 τοῖς
3207 3850 3484 3913 Ἰουδαίοις
3508 3849 3583 3913 ὡς
3645 3848 3920 3912 Ἰουδαῖος,
3966 3848 4051 3902 ἵν)

2485 3944 2768 4007 Ἰουδαίους
2810 3943 3074 4013 κερδήσω.
3119 3960 3138 3992 r
3884 3962 3887 3963 '

2545 4035 2659 4087 Καὶ
2694 4034 2813 4096 πῶς
2836 4033 3071 4100 ἐγένετο,
3106 4030 3140 4101 ἢ
3168 4031 3256 4084 ὅτε
3288 4029 3616 4101 περιέτεμεν
3644 4027 3935 4098 Τιμόθεον,
3963 4029 4051 4080 ἵνα

2477 4124 2681 4196 καθέλῃ
2719 4124 3026 4194 περιτομήν
3052 4139 3067 4187 ;
3089 4122 3188 4176 Διὰ
3214 4122 3376 4175 τοῦτο
3400 4123 3501 4176 οὐκ
3550 4115 3724 4181 εἶπεν.
3765 4118 4053 4181 Ἰουδαῖος,

2476 4218 2596 4271 ἀλλ’
2623 4217 2703 4282 ὡς
2754 4214 3061 4280 Ἰουδαῖος.
3087 4214 3385 4284 Οίκονομία
3409 4214 3520 4284 γὰρ
3540 4212 3603 4266 τὸ
3632 4210 3873 4281 πρᾶγμά
3904 4210 4052 4262 ἐστι.

2556 4410 2574 4442 ι
2611 4391 2737 4452 Τοῖς
2766 4390 2871 4447 ὑπὸ
2892 4390 3080 4461 νόμον,
3106 4389 3181 4452 ὡς
3199 4389 3305 4442 ὑπὸ
3331 4389 3515 4459 νόμον,
3551 4389 3625 4459 μὴ
3642 4388 3718 4440 ὣν
3751 4387 3914 4450 αὐτὸς
3943 4388 4057 4440 ὑπὸ

2482 4483 2666 4551 νόμον,
2696 4482 2781 4535 ἵνα
2808 4483 2933 4545 τοὺς
2968 4480 3074 4533 ὑπὸ
3099 4479 3265 4550 νόμον
3298 4478 3569 4549 κερδήσω.
3612 4495 3630 4529 r

2554 4657 2684 4708 Ὅτε
2714 4654 2963 4724 ἐξύρατο,
3014 4654 3104 4706 ὅτε
3133 4650 3345 4705 ἔθυσεν.
3391 4649 3632 4719 Ἐγίνετο
3663 4649 3721 4701 δὲ
3749 4646 3950 4708 ταῦτα,
3993 4647 4060 4698 οὗ

2480 4749 2580 4818 τῆς
2610 4746 2837 4817 γνώμης
2866 4745 3033 4799 αὐτοῦ
3066 4743 3566 4815 μεταϐαλλομένης,
3602 4739 3739 4794 ἀλλᾶ
3771 4739 3869 4809 τῆς
3904 4740 4060 4807 ἁγά-

2483 4856 2597 4910 πης
2622 4834 3187 4905 συγκαταϐαινούσης.

2486 4938 2517 5000 ς
2558 4948 2576 4982 ι
2622 4928 2748 4991 Τοῖς
2793 4928 3020 4998 ἀνόμοις
3064 4927 3142 4989 ὡς
3190 4924 3423 4996 ἇνομος’
3458 4925 3533 4995 μὴ
3560 4923 3636 4977 ὣν
3677 4925 3875 4993 ἄνομος
3906 4921 4062 4992 Θεῷ,

2485 5022 2598 5077 ἀλλ’
2632 5021 2851 5091 ἔννομος
2873 5018 3113 5090 Χριστῷ.
3156 5037 3175 5070 ι

2558 5200 2622 5253 Oi
2651 5199 2865 5269 ἄνομοι,
2920 5197 3043 5251 οὗτε
3104 5197 3346 5250 Ἰουδαῖοι
3394 5190 3559 5266 ἦσαν,
3605 5194 3728 5248 οὔτε
3765 5196 4063 5265 Ἕλληνες,

2487 5292 2607 5347 ἀλλ’
2632 5291 2788 5354 ἐκτὸς
2817 5291 2983 5360 νόμου
3017 5287 3217 5353 ζῶντες
3241 5306 3255 5320 ο
3282 5282 3393 5351 οἷος
3419 5284 3485 5360 ἦν
3505 5290 3533 5342 ὁ
3565 5288 3867 5359 Κορνήλιος
3907 5291 4013 5341 καὶ
4038 5291 4067 5340 ό

2487 5381 2843 5454 Μελχισεδέκ.
2872 5382 2983 5435 Καὶ
3030 5380 3138 5452 γὰρ
3172 5380 3306 5452 πρὸς
3347 5379 3588 5440 ἐκείνους
3622 5376 3828 5443 εἰσιὼν,
3877 5379 4067 5433 πολλὰ

2493 5472 2813 5545 ὑπεκρίνετο
2842 5470 2951 5524 τῶν
2978 5469 3067 5522 ὑπ’
3095 5470 3337 5522 ἐκείνων.
3382 5467 3536 5530 Τινὲς
3565 5465 3622 5518 δέ
3652 5481 3817 5534 φασιν
3838 5464 3936 5517 καὶ
3962 5466 4067 5536 τὴν

2493 5562 2599 5616 ἀπὸ
2651 5560 2742 5615 τοῦ
2786 5560 3204 5631 ἐπιγράμματος
3235 5556 3327 5611 τοῦ
3368 5558 3422 5610 ἐν
3471 5555 3545 5625 τῷ
3596 5552 3764 5625 βωμῷ
3815 5553 4070 5623 διάλεξιν
