4230 6438
214 364 311 430 641

1368 363 1441 419 ιΝ
1489 360 1723 417 EPISI‘.
1756 359 1851 415 Al)
1887 359 2246 417 C(lil'iN'I‘ll.
2286 360 2331 417 Ι.

3351 358 3464 423 642

212 475 360 541 αὖτῷ
394 473 693 539 γενομένην
738 471 871 539 προς
934 468 1250 536 Ἀθηναιους
1294 468 1649 527 αἰνίττεσθαι,
1689 464 1779 517 καὶ
1812 472 1853 525 Α

1812 472 1853 525 Δ
1885 468 1992 519 sine
2029 468 2140 534 lege
2170 477 2342 527 erant,
2379 478 2629 535 tanquam
2677 464 2787 517 sine
2839 465 2949 534 lege
2998 481 3186 531 essent,
3237 467 3468 523 innuero

213 562 415 627 λέγειν,
470 559 596 623 Τοῖς
632 560 875 626 ἀνόμοις
912 558 991 622 ὠς
1036 558 1276 623 ἆνομος.
1325 555 1431 607 Καὶ
1467 555 1553 606 ἵνα
1590 556 1663 623 μή
1702 571 1784 614 τις

214 650 411 719 νομίσῃ
438 648 742 717 μεταϐολὴν
770 642 909 699 εἶναι
932 646 991 698 τὸ
1019 647 1271 714 πρᾶγμα.
1303 644 1397 711 Μὴ
1449 644 1532 697 ὢν
1560 645 1783 713 ἄνομος

218 741 388 803 Θεοῦ,
417 741 555 793 ἀλλ’
583 738 836 807 ἔννομος
863 736 1144 805 Χριστοῦ.

294 1032 312 1062 ι
360 1013 483 1063 Ἵνα
534 1010 779 1081 κερδήσω
827 1009 1079 1077 ἀνόμους.
1128 1006 1425 1075 Ἑγενὸμην
1462 1008 1573 1068 τοῖς
1621 1005 1785 1059 ἀσθε-

218 1104 365 1156 νέσιν
399 1104 476 1165 ὡς
500 1101 750 1169 ἀσθενὴς,
790 1100 873 1151 ἵνα
902 1100 1029 1161 τοὺς
1066 1098 1314 1159 ἀσθενεῖς
1350 1098 1623 1167 κερδήσω.
1667 1114 1684 1144 ι

288 1278 401 1346 Τὴν
427 1276 605 1327 αἰτίαν
635 1274 731 1343 τῆς
768 1270 1225 1340 συγκαταϐἀσεως
1256 1271 1426 1339 λέγει.

297 1475 315 1507 ι
354 1456 483 1517 Τοῖς
524 1456 684 1507 πᾶσιν
714 1452 1008 1521 γέγονωτὰ
1038 1452 1233 1516 πάντα,
1266 1450 1353 1502 ἴνα
1395 1452 1613 1514 πάντως
1639 1452 1789 1514 τινας

219 1548 404 1601 σώσω.
446 1567 465 1599 ι

293 1641 413 1691 Ἱνα
444 1640 517 1709 μὴ
541 1638 659 1691 καθ’
690 1639 922 1690 ἕκαστον
960 1636 1133 1704 λέγων
1164 1635 1437 1707 διατρίϐῃ.
1474 1636 1551 1704 τῷ
1584 1636 1788 1705 γενικῷ

216 1733 419 1799 χρῆται
447 1731 691 1799 ὀνόματι.

301 1844 318 1874 ι
358 1823 528 1874 Τοῦτο
562 1821 617 1872 δὲ
654 1821 790 1871 ποιῶ
819 1820 906 1872 δια
932 1820 992 1871 τὸ
1035 1819 1389 1887 Εὕαγγέλιον,
1433 1820 1522 1872 ἵνα
1564 1836 1785 1887 συγκοι-
1822 1810 1861 1862 Β

217 1912 389 1971 νωνδς
418 1910 580 1963 αὑτοῦ
606 1910 850 1979 γένωμαι
868 1950 879 1963 .
934 1929 951 1960 ι

295 2002 620 2059 Τουτέστιν.
662 2002 748 2053 ἵνα
789 2000 924 2063 δόξω
974 2017 1024 2051 τι
1076 1999 1229 2067 κάγὼ
1284 2000 1785 2068 συνεισενηνοχέναι

211 2092 459 2156 οἴκοθεν,
496 2092 589 2144 καὶ
623 2093 876 2161 μετασχῶ
916 2092 1025 2143 τῶν
1065 2086 1446 2160 ἀποκειμένων
1504 2092 1784 2158 στεφάνων

215 2187 335 2245 τοῖς
353 2186 584 2245 πιστοῖς.
604 2185 813 2253 Ὥσπερ
835 2184 943 2253 γὰρ
968 2182 1172 2250 ἔλεγεν,
1197 2184 1263 2235 ἐκ
1294 2182 1397 2235 τοῦ
1420 2183 1786 2251 Εὺαγγελιόυ

215 2274 351 2341 δεῖν,
380 2275 653 2327 τουτέστιν
702 2277 765 2327 ὲκ
819 2274 927 2327 τῶν
957 2276 1339 2336 πιστευόντων,
1371 2273 1546 2336 οὕτως
1583 2276 1675 2326 καὶ
1703 2276 1785 2325 ὲν-

214 2365 397 2417 ταῦοα
426 2406 439 2426 ,
490 2364 899 2431 συγκοινωνὸς
932 2364 1184 2431 γένωμαι
1244 2364 1351 2416 τοῦ
1393 2364 1785 2431 Edam-elici),

218 2458 312 2508 ἵνα
346 2456 556 2525 δυνηθῶ
588 2458 911 2525 κοινωνῆσαι
939 2459 1049 2518 τοῖς
1090 2454 1192 2526 [ἐν]
1228 2455 1306 2525 τῷ
1352 2456 1669 2525 Εὑαγγελίῳ
1695 2473 1791 2507 πει

216 2550 563 2600 πιστευκόσι.
621 2548 791 2600 Τοῦτο
834 2549 888 2599 δὲ
927 2549 1020 2601 καὶ
1057 2550 1563 2618 ταπεινοφροσύνης
1610 2548 1785 2618 μεγά-

214 2640 323 2707 λης
353 2640 607 2703 ἐπίδειξιν
645 2638 775 2707 ἔχει.
812 2638 947 2690 Ἕνα
975 2640 1082 2709 γὰρ
1113 2640 1219 2691 τῶν
1255 2640 1464 2694 πολλῶν
1492 2642 1683 2693 ἑαυτὸν
1712 2641 1788 2692 τί-

216 2730 374 2798 θησι,
402 2730 617 2781 πάντων
639 2730 821 2781 πλεῖον
858 2729 1049 2799 καμὼν
1072 2747 1085 2794 ;

303 2947 321 2979 ι
367 2930 480 2980 Οὐκ
501 2929 698 2990 οἴδατε,
733 2929 815 2979 ὅτι
842 2930 891 2979 0t
924 2928 981 2979 ἐν
1014 2929 1209 2997 σταδίῳ
1248 2929 1555 2998 τρέχοντες,
1586 2928 1790 2992 πάντες

220 3021 330 3089 μὲν
358 3022 662 3090 τρέχουσιν,
696 3016 774 3083 εἷς
804 3020 859 3072 δὲ
897 3020 1165 3090 λαμϐάνει
1195 3021 1256 3073 τὸ
1280 3021 1574 3103 ,βραϐεῖοκ
1605 3019 1789 3079 Οὕτως

215 3114 469 3183 τρέχετε,
500 3113 584 3163 ἵνα
615 3112 979 3181 καταλάϐητε.
1015 3131 1033 3163 ι

297 3224 487 3287 Δείξας
515 3226 598 3277 ὅτι
628 3225 762 3278 πολὺ
789 3226 1061 3294 χρήσιμον
1091 3226 1153 3277 τὸ
1184 3224 1662 3292 συγκαταϐαίνειν,
1696 3225 1792 3275 καὶ

217 3315 389 3369 τοῦτο
408 3320 440 3386 ὴ
466 3316 609 3384 ἄκρα
639 3317 932 3385 τελειότης,
957 3316 1301 3384 πληκτικώτε
1312 3334 1402 3386 ρον
1425 3316 1587 3369 πάλιν
1614 3315 1792 3369 αὐτῶν

222 3408 569 3461 καθάπτεται
604 3408 992 3478 αἰνιττόμενος,
1027 3410 1108 3461 ὅτι
1151 3408 1307 3461 τοῦτο
1354 3408 1415 3460 τὸ
1450 3408 1579 3478 παρ’
1612 3406 1790 3458 αὐτῶν

221 3498 511 3567 γινόμενον
547 3499 643 3550 καὶ
676 3498 865 3551 δοκοῦν
916 3494 1053 3550 εἶναι
1100 3500 1396 3568 τελειότης,
1434 3497 1791 3567 ματαιοπονία

222 3589 347 3640 ἐστὶ
385 3590 633 3657 περιττή.
702 3589 841 3640 Ἀλλ’
875 3592 935 3641 οὐ
970 3590 1118 3656 λέγει
1163 3588 1305 3641 οὕτω
1343 3588 1549 3656 σαφῶς,
1600 3588 1684 3639 ἵνα
1716 3586 1789 3655 μὴ

222 3679 668 3747 ἀπαισχυνθῶσιν
692 3696 704 3709 ·
744 3680 812 3731 δι’
838 3673 912 3732 ὧν
961 3681 1015 3732 δὲ
1049 3680 1467 3743 κατασκευάζει,
1516 3678 1674 3730 τοῦτο
1698 3677 1791 3745 δη-

221 3768 309 3818 λοῖ
332 3785 343 3797 ·
395 3768 455 3818 τὸ
482 3766 537 3817 δὲ
575 3767 772 3833 λέγειν,
827 3769 906 3819 ὅτι
935 3762 1016 3829 εἶς
1054 3768 1117 3819 ὲκ
1169 3767 1384 3820 πάντων
1430 3765 1698 3835 λαμϐάνει
1732 3764 1791 3815 τὸ

225 3857 501 3927 βραϐεῖον,
549 3858 647 3927 οὐχ
686 3859 761 3921 ὡς
788 3858 904 3920 ἐνὸς
951 3858 1236 3925 μέλλοντος
1286 3855 1556 3920 σώζεσθαι
1606 3856 1789 3925 μόνον,

220 3948 341 4001 ἀλλ’
374 3947 448 4008 ὼς
502 3947 703 4016 πολλὴν
741 3948 1065 4015 ὀφειλόντων
1109 3948 1264 4017 ἡμῶν
1311 3940 1643 4013 εἰσενεγκεῖν
1694 3946 1791 4013 τὴν

225 4040 492 4107 σπουδήν.
524 4038 735 4106 Ὠσπερ
759 4039 869 4108 γὰρ
893 4040 1007 4091 ἐκεῖ
1045 4036 1256 4090 πολλῶν
1290 4037 1589 4089 καθιόντων
1626 4038 1705 4098 είς
1738 4038 1792 4087 τὸ

224 4129 442 4181 στάδιον
479 4129 538 4179 οὐ
581 4128 969 4196 στεφανοῦνται
1011 4128 1213 4188 πολλοὶ,
1250 4128 1366 4179 ἀλλ’
1396 4128 1475 4189 εἷς
1504 4127 1602 4178 ἕνα·
1629 4124 1787 4193 ’κρέ’

223 4231 457 4272 σταται·
497 4218 590 4271 καὶ
618 4220 718 4270 οὐκ
748 4220 909 4288 ἀρκεῖ
937 4219 998 4271 τὸ
1032 4217 1277 4271 καθιέναι
1321 4220 1400 4280 εἰς
1448 4218 1539 4270 τὸν
1581 4216 1788 4285 ἀγῶνα,

222 4309 345 4361 οὐδὲ
376 4308 437 4360 τὸ
463 4307 783 4376 ἀλείψασθαι
812 4310 905 4361 καὶ
927 4309 1210 4360 παλαῖσαι·
1237 4307 1379 4359 οὕτω
1402 4308 1495 4360 καὶ
1528 4305 1756 4358 ἐνταῦθα
1773 4344 1786 4367 ,

221 4401 325 4453 οὐκ
368 4402 530 4468 ἀρκεῖ
567 4400 631 4451 τὸ
690 4398 998 4460 πιστεῦσαι,
1021 4398 1117 4449 καὶ
1152 4399 1223 4459 ὡς
1272 4397 1460 4466 ἔτυχεν
1521 4396 1791 4463 ἀγωνίσαο

224 4491 373 4553 σθαι,
415 4489 531 4542 ἀλλ’
562 4488 626 4541 ἂν
662 4490 735 4558 μὴ
776 4488 918 4542 οὕτω
945 4489 1261 4558 δράμωμεν,
1305 4488 1445 4539 ὥστε
1487 4489 1648 4556 μέχρι
1695 4484 1789 4537 τοῦ

223 4580 416 4642 τέλους
446 4579 718 4649 ἀλήπτους
750 4581 975 4640 ἑαυτοὺς
1007 4580 1330 4648 παρασχεῖν,
1371 4578 1466 4630 καλ⁵
1503 4578 1670 4643 ἐγγὺς
1702 4592 1793 4643 γε·

222 4672 413 4724 νέσθαι
439 4670 533 4723 τοῦ
562 4670 836 4739 βραϐεῖον,
861 4670 1011 4721 οὐδὲν
1036 4670 1165 4738 ἡμῖν
1194 4669 1348 4720 ἔσται
1376 4667 1555 4719 πλέον.
1593 4667 1653 4718 El
1685 4666 1793 4735 γὰρ

224 4762 321 4813 καὶ
355 4762 558 4813 τέλειον
589 4759 828 4829 νομίζεις
870 4760 1064 4812 σαυτὸν
1110 4760 1250 4813 κατὰ
1288 4760 1387 4831 τὴν
1411 4758 1629 4827 γνῶσιν,
1676 4758 1793 4810 ἀλλ’

222 4852 379 4903 οὖπω
402 4850 495 4902 τοῦ
527 4852 726 4912 παντὶς
758 4851 1027 4904 ἐπελάϐου
1058 4868 1070 4881 ⁸
1113 4850 1249 4919 ὅπερ
1283 4849 1652 4919 αἰνιττόμενος
1676 4846 1791 4898 ἔλε-

221 4959 339 5009 γεν,
370 4943 473 4993 ἵνα
511 4943 898 5008 καταλάϐητε.

295 5076 313 5106 ι
369 5055 485 5115 Πᾶς
519 5053 574 5105 δὲ
630 5056 658 5105 ὀ
712 5054 1113 5123 ἀγωνιζόμενος
1150 5056 1328 5105 πάντα
1373 5052 1786 5123 ἐγκρατεύεται.

233 5148 465 5199 Ἐκεῖνοι
497 5145 617 5213 μὲν,
654 5145 739 5196 ἵνα
761 5145 1000 5215 φθαρτόν
1025 5146 1287 5213 στέφανον
1317 5144 1555 5197 λάϐωσιν
1583 5162 1597 5176 ·
1631 5146 1791 5213 ἡμεῖς

220 5238 300 5300 δὲ,
328 5235 714 5304 ἁδιάφθαρτον.
752 5254 770 5285 ι

292 5350 362 5401 Τί
394 5352 531 5411 ἐστι,
556 5349 625 5400 τὰ
651 5349 844 5400 πάντα
866 5349 1281 5415 ἐγκρατεύεται
1305 5367 1322 5413 ;
1347 5348 1482 5417 Οὐχὶ
1513 5346 1665 5399 τοῦδε
1694 5347 1791 5413 μὲν

218 5442 511 5507 ἀπέχεται,
554 5438 722 5507 ἑτέρῳ
760 5439 815 5490 δὲ
854 5440 1233 5507 διαμαρτάνει,
1274 5440 1409 5493 ἀλλὰ
1444 5440 1538 5491 καὶ
1568 5455 1793 5505 γαστρι-

222 5530 470 5599 μαργίας
519 5529 610 5579 καὶ
641 5529 832 5598 μέθης,
861 5537 953 5582 καὶ
988 5536 1202 5583 πάντων
1235 5530 1418 5593 ἁπλῶς
1458 5533 1647 5599 κρατεῖ
1680 5529 1788 5581 τῶν

285 5708 333 5737 ⁷⁵
368 5706 490 5757 Aet.
533 5720 665 5771 ml,
694 5704 787 5763 ΞΕ).

1890 572 2203 611 sermonem
2246 574 2406 626 quem
2455 558 2520 611 ad
2573 557 2935 612 Athenienses
2988 559 3279 614 occasione
3325 560 3467 613 tituli

1888 664 1993 701 arm
2061 648 2309 717 inscripti
2376 649 2743 704 habuerat".
2802 648 3007 702 Deinde
3066 664 3134 704 ne
3189 647 3466 718 quispiam

1886 742 2249 801 existimaret,
2287 741 2387 794 hoc
2416 756 2539 795 esse
2570 742 2855 795 sententiae
2902 741 3261 795 mutationem
3284 778 3299 801 ,
3336 740 3469 794 sub-

1883 832 2110 902 junxit:
2146 829 2276 883 Cum
2322 832 2433 884 sine
2472 832 2578 901 lege
2615 831 2708 885 Dei
2751 848 2852 884 mm
2884 847 3070 895 essent,
3112 832 3203 884 sed
3247 832 3299 884 in
3355 831 3463 901 lege

1886 937 2054 980 essent
2087 920 2309 975 Christi.

1963 1027 1980 1057 ι
2024 1006 2094 1061 Ut
2119 1008 2497 1063 lucrifacerem
2525 1026 2618 1063 eos
2636 1011 2727 1077 qui
2761 1012 2878 1066 sine
2907 1013 3023 1080 lege
3046 1018 3226 1063 erant.
3260 1007 3467 1063 Factus

1890 1111 2009 1149 sum
2055 1098 2308 1160 infirmis,
2346 1101 2492 1153 velut
2539 1102 2810 1165 infirmus,
2855 1110 2911 1153 ιιι
2939 1101 3193 1154 infirmos
3231 1099 3467 1154 lucrifa-

1890 1199 2096 1237 CCI'CID.
2124 1204 2140 1235 ι

1958 1275 2068 1345 93
2108 1276 2344 1330 Causam
2388 1277 2543 1332 aﬂ'ert
2574 1293 2671 1330 cur
2711 1278 2789 1330 sic
2828 1276 3175 1347 indulgenter
3214 1278 3336 1333 illos
3371 1279 3467 1331 ha-

1889 1369 2091 1422 buerit.

1967 1478 1984 1509 ι
2028 1456 2297 1511 Omnibus
2328 1457 2511 1510 omnia
2556 1456 2736 1512 factus
2769 1474 2911 1521 smn,
2945 1466 3004 1512 ut
3042 1458 3266 1513 omnino
3296 1473 3469 1528 quos-

1892 1547 2016 1601 dam
2052 1545 2287 1599 facerem
2320 1545 2520 1599 salvos.
2562 1564 2579 1596 ι

1962 1637 2040 1690 Νο
2080 1636 2293 1704 singula
2329 1635 2703 1705 percensendo
2760 1644 2975 1704 tempus
3026 1643 3185 1699 terat,
3222 1636 3467 1705 generali

1894 1730 2117 1783 nomine
2150 1729 2341 1782 utitur.

1967 1839 1985 1870 ι
2036 1820 2148 1873 Hoc
2180 1827 2364 1872 autem
2404 1818 2546 1872 facio
2583 1824 2803 1888 propter
2844 1816 3222 1888 Evangelium,
3252 1826 3313 1872 ut
3347 1833 3470 1890 par-

1889 1915 2065 1981 ticeps
2090 1911 2212 1981 ejus
2240 1909 2466 1964 eﬂiciar.
2500 1928 2518 1960 ι

1957 2003 2011 2056 Id
2047 2012 2150 2066 est,
2179 2008 2239 2053 ut
2270 1999 2478 2069 aliquid
2501 2014 2567 2053 ex
2600 2014 2687 2053 me
2716 1998 2833 2069 ipse
2860 1999 3235 2057 contribuisse
3254 2002 3463 2069 videar,

1888 2104 1942 2149 et
1959 2109 2188 2149 consors
2209 2091 2410 2147 eiﬁciar
2429 2104 2758 2146 coronarum
2784 2105 2906 2160 qua:
2932 2091 3184 2148 fidelibus
3216 2094 3469 2163 reposita:

1891 2195 2039 2242 sunt.
2078 2186 2212 2239 Nam
2262 2182 2719 2253 quemadmodum
2769 2183 3015 2248 dicebat,
3074 2200 3139 2238 ea:
3187 2184 3468 2257 Evangelia

1889 2279 2075 2339 vivere,
2114 2277 2217 2331 hoc
2242 2283 2327 2329 est
2369 2275 2435 2329 de
2488 2273 2723 2328 fidelium
2777 2272 3164 2342 facultatibus;
3216 2276 3289 2329 ita
3326 2286 3380 2331 et
3413 2277 3467 2330 in

1892 2366 1994 2420 hoc
2028 2367 2165 2429 loco,
2212 2374 2269 2418 ut
2299 2367 2558 2433 particeps
2601 2363 2795 2432 eﬂiciar
2830 2363 3131 2433 Evangelii,
3189 2365 3331 2420 idem
3384 2375 3468 2422 est

1892 2468 2072 2528 atque,
2109 2465 2167 2509 ut
2201 2457 2409 2526 possim
2450 2456 2790 2511 consortium
2826 2455 3028 2511 habere
3083 2472 3208 2511 cum
3258 2457 3329 2512 iis
3370 2459 3468 2527 qui

1892 2551 2244 2605 crediderunt
2271 2548 2585 2618 Evangelia.
2622 2546 2736 2601 Hoc
2766 2561 2895 2602 vero
2929 2548 3058 2602 altae
3082 2549 3248 2603 etiam
3287 2548 3468 2603 itumi-

1892 2644 2061 2697 litatis
2117 2649 2496 2711 argumentum
2536 2640 2773 2710 pratfert.
2820 2638 2938 2695 Etsi
2994 2640 3137 2695 enim
3172 2641 3297 2711 plus
3342 2640 3467 2695 aliis

1894 2736 2259 2794 laboraverat,
2288 2749 2345 2786 se
2374 2732 2737 2787 nihilominus
2756 2742 3016 2802 tanquam
3045 2747 3213 2785 unum
3233 2732 3467 2802 aliquem

1894 2828 1960 2879 de
1991 2824 2153 2895 vulgo
2190 2825 2363 2894 ponit.

1967 2937 2130 2990 Vens.
2164 2936 2252 2990 24.
2294 2956 2312 2988 ι
2351 2935 2607 3003 Nescitis,
2637 2936 2782 3005 quod
2812 2937 2847 2990 ii
2875 2937 2967 3006 qui
3015 2937 3069 2990 in
3119 2935 3303 2991 stadio
3338 2949 3467 2988 cur-

1896 3039 2045 3090 runt,
2094 3043 2287 3082 omnes
2331 3027 2551 3097 quidem
2602 3037 2868 3092 currunt,
2917 3028 3012 3081 sed
3063 3042 3207 3081 unus
3265 3025 3467 3095 accipit

1820 3134 1859 3188 (ζ
1895 3124 2180 3178 bravium?
2210 3121 2301 3174 Sic
2340 3120 2566 3183 currite,
2603 3126 2661 3173 ut
2694 3117 3194 3187 comprehendatis.
3232 3135 3250 3169 ι

1966 3234 2261 3301 Postquam
2293 3231 2537 3286 ostendit
2583 3230 2981 3300 indulgentiam
3034 3228 3326 3283 admodum
3359 3227 3467 3282 uti-

1896 3325 1995 3378 lem
2054 3339 2199 3384 esse,
2255 3323 2386 3391 quin
2439 3329 2493 3375 et
2548 3318 2900 3389 perfectionis
2958 3334 3081 3373 esse
3136 3318 3460 3387 fastigium,

1895 3416 2143 3484 asperius
2178 3429 2394 3468 rursum
2418 3427 2513 3466 eos
2544 3412 2886 3480 perstringit.
2923 3410 3082 3478 quasi
3120 3409 3171 3461 id
3197 3408 3344 3478 quod
3385 3408 3463 3463 illi

1895 3508 2194 3569 faciebant,
2229 3506 2486 3573 quodque
2526 3503 2791 3571 perfectio
2840 3518 2959 3556 esse
3008 3501 3318 3567 videbatur,
3365 3516 3461 3556 su-

1894 3601 2133 3670 peitluus
2182 3599 2337 3652 labor
2390 3597 2704 3652 exsisteret.
2748 3594 3074 3662 Quanquam
3130 3594 3233 3646 hoc
3276 3599 3464 3661 aperte

1894 3709 2003 3747 non
2052 3692 2204 3754 dicit,
2251 3706 2319 3744 ne
2375 3690 2584 3758 pudore
2627 3686 3014 3741 suil'umlantur
3055 3702 3069 3738 :

1894 3782 2248 3837 manifestum
2286 3780 2343 3833 lit
2377 3796 2440 3833 ex
2476 3780 2675 3847 quibus
2719 3778 2823 3831 hoc.
2869 3777 3090 3830 evincit.
3124 3774 3279 3840 Quod
3330 3788 3462 3828 vero

1893 3876 1987 3937 ait,
2018 3887 2186 3924 unum
2220 3887 2285 3923 ex
2324 3870 2584 3922 omnibus
2626 3868 2874 3933 accipere
2904 3865 3179 3927 bravium,
3222 3878 3333 3919 non
3359 3862 3462 3917 hoc

1894 3962 2163 4030 signiﬁcat
2200 3975 2366 4013 unum
2428 3960 2696 4012 duntaxat
2727 3957 2937 4011 salvum
2974 3955 3108 4019 fore,
3152 3954 3245 4009 sed
3292 3954 3461 4009 multa

1892 4068 2029 4121 opus
2052 4068 2176 4105 esse
2207 4050 2508 4120 diligentia.
2542 4047 2678 4101 Nam
2725 4048 2871 4102 sicut
2902 4047 3089 4102 multis
3130 4046 3184 4099 in
3232 4059 3459 4099 arenam

1892 4141 2377 4203 descendentibus,
2412 4141 2554 4195 haud
2606 4141 2761 4194 multi
2824 4148 3182 4200 coronantur,
3233 4136 3327 4193 sed
3368 4136 3463 4190 uni

1895 4234 2175 4302 przemium
2214 4233 2508 4297 tribuitur;
2541 4232 2670 4301 quin
2702 4247 2804 4286 nec
2828 4230 2963 4285 satis
2987 4237 3069 4283 est
3092 4227 3157 4281 ad
3181 4235 3460 4282 certamen

1891 4321 2248 4383 descendere,
2280 4335 2455 4389 neque
2484 4322 2611 4387 ungi
2651 4328 2705 4374 et
2750 4320 2941 4373 luctari
2982 4337 2996 4373 :
3032 4318 3112 4372 sic
3145 4326 3200 4371 et
3233 4317 3287 4371 in
3320 4330 3462 4385 prae-

1894 4412 2031 4464 senti
2065 4425 2174 4463 non
2208 4410 2671 4473 suillcitcredere,
2704 4424 2803 4464 nec
2819 4408 3016 4478 quovis
3038 4407 3197 4461 modo
3218 4414 3461 4469 certare;

1894 4500 2011 4561 sed,
2050 4500 2152 4553 nisi
2190 4500 2270 4553 sic
2303 4514 2589 4553 curramus
2618 4509 2677 4553 ut
2703 4500 2767 4553 ad
2806 4500 2965 4554 linem
2990 4513 3164 4566 usque
3191 4497 3327 4551 nihil
3352 4511 3464 4566 quo

1896 4602 2184 4646 teneamur
2236 4592 2589 4659 objiciamus,
2634 4577 2797 4660 atque
2849 4590 2915 4644 ad
2961 4591 3206 4643 bravium
3235 4588 3463 4643 acceda-

1896 4697 2035 4741 mus,
2073 4680 2208 4734 nihil
2252 4681 2379 4734 inde
2423 4681 2657 4748 amplius
2689 4680 3074 4749 percipiemus.
3103 4677 3464 4742 Quantumvis

1893 4773 2038 4827 enim
2075 4780 2126 4824 te
2161 4771 2457 4839 perfectum
2483 4786 2605 4825 esse
2631 4771 2859 4825 scientia
2886 4768 3181 4838 putaveris,
3220 4766 3461 4820 nondum

1895 4869 2075 4913 tamen
2112 4868 2283 4912 totum
2337 4866 2623 4913 assecutus
2664 4874 2748 4911 cs.
2800 4858 2857 4911 Id
2900 4857 3040 4925 quod
3092 4856 3353 4911 innuebat
3381 4855 3464 4909 di-

1895 4952 2087 5014 cendo,
2124 4961 2181 5003 ut
2215 4950 2686 5019 comprehendatis.

1968 5062 2129 5115 Vens.
2160 5062 2249 5114 95.
2291 5080 2308 5111 ι
2342 5060 2529 5113 Omnis
2546 5067 2725 5113 autem
2752 5058 2844 5128 qui
2876 5058 2929 5111 in
2954 5070 3125 5127 agone
3155 5054 3460 5119 contendit,
3525 5095 3534 5103 .

1895 5152 1963 5205 ab
1996 5153 2249 5205 omnibus
2292 5168 2349 5206 se
2388 5152 2643 5204 abstinet.
2677 5148 2757 5202 Illi
2789 5148 3003 5217 quidem
3032 5156 3091 5199 ut
3124 5144 3463 5212 corruptibi-

1896 5245 1997 5296 lem
2030 5258 2289 5295 coronam
2324 5242 2618 5309 accipiant,
2655 5256 2754 5293 nos
2786 5246 2966 5291 autem
2999 5240 3399 5304 incorruptam.
3434 5254 3453 5285 ι

1969 5352 2107 5416 Quid
2146 5352 2250 5405 hoc
2296 5360 2401 5413 est,
2438 5352 2502 5403 ab
2550 5349 2788 5403 omnibus
2823 5364 2877 5402 se
2928 5347 3196 5399 abstinet?
3231 5342 3350 5397 Non
3394 5344 3464 5396 ab

1900 5446 1990 5499 illo
2025 5444 2246 5515 quidem
2282 5444 2540 5505 abstinet,
2594 5450 2757 5509 atque
2807 5439 2979 5492 altero
3022 5436 3329 5503 delinquit;
3368 5434 3461 5489 sed

1901 5536 2099 5605 gulam,
2137 5535 2481 5597 ebrietatem,
2509 5544 2560 5586 ct
2600 5546 2791 5585 omnes
2826 5543 3048 5599 prorsus
3078 5523 3305 5579 allectus
3328 5537 3462 5577 con-

3118 3693 3385 3758 caeterum
3406 3684 3463 3737 id
3547 3722 3557 3731 .
