4230 6438
784 377 888 435 6U

2049 379 2367 435 JU.\NNIS
2411 378 2833 437 DAMASCENI

3931 381 4044 444 6ίᾶ

787 488 941 543 tinet.
975 485 1130 551 Quod
1168 486 1211 539 si
1263 487 1393 548 illic,
1446 496 1642 539 runcta
1706 486 1817 539 ban-
1854 496 2202 555 praestantur,
2254 488 2345 541 tibi
2379 493 2419 548 Λ
2453 508 2457 518 ⁴

2379 493 2419 548 Λ
2453 488 2659 541 παθῶν.
2699 489 2758 542 Εἰ
2785 489 2838 541 δὲ
2874 492 2988 542 ὲκ;ί
3019 491 3216 557 πάντα,
3241 493 3376 546 ὅπου
3413 496 3492 557 είς
3527 494 3623 547 ἕνα
3672 496 3701 546 ὁ
3730 495 4001 563 στέιξανος
4026 514 4039 528 ·

788 580 876 631 uni
924 578 1193 630 duntaxat
1244 589 1446 630 corona
1501 576 1850 643 decernitur;
1912 589 2119 647 quanto
2177 581 2352 649 magis

788 673 939 735 istic,
974 673 1065 724 ubi
1099 671 1335 740 amplior
1365 672 1540 740 gloria
1576 672 1941 740 prmuittitttr.

860 762 1022 816 Vens.
1058 763 1148 814 ‘26.
1196 780 1214 812 ι
1264 760 1375 832 Ego
1408 771 1587 817 autem
1620 762 1700 816 sic
1737 776 1926 828 curro,
1960 776 2066 815 non
2106 762 2263 829 quasi
2298 760 2353 814 iu

789 858 1090 911 incertum.

856 946 1153 1014 Postquam
1213 948 1293 1000 eis
1345 945 1610 1016 pudorem
1668 946 1854 1013 injecit
1904 948 1972 1000 ab
2029 946 2350 1006 extraneis.

788 1057 937 1096 nunc
991 1042 1233 1109 seipsum
1297 1039 1350 1092 iu
1417 1040 1653 1096 medium
1711 1039 1986 1108 producit.
2045 1038 2189 1103 Quid
2227 1053 2354 1090 vero

786 1131 931 1185 istud
981 1138 1099 1194 est,
1138 1145 1238 1182 non
1271 1129 1323 1181 in
1361 1130 1665 1182 incertum?
1706 1129 1893 1195 utique
1948 1126 2179 1196 alicujus
2231 1126 2354 1181 finis

785 1221 981 1290 gratia,
1001 1234 1109 1273 non
1136 1230 1361 1282 temere,
1387 1233 1487 1271 nec
1511 1217 2203 1286 frustra,quemadutodum
2232 1232 2349 1269 vos.

783 1310 928 1378 Quid
958 1311 1103 1364 enim
1130 1310 1282 1362 vobis
1315 1308 1553 1377 amplius
1585 1308 1809 1371 accidit,
1844 1324 1909 1361 ex
1940 1322 2051 1376 quo
2086 1308 2139 1360 in
2175 1307 2351 1360 idolo-

786 1418 905 1455 rmn
938 1402 1137 1469 templa
1174 1398 1414 1463 intratis,
1470 1408 1523 1452 et
1576 1396 1969 1466 perfectionem
2019 1397 2355 1451 ostentatis?

787 1492 924 1545 nihil
962 1492 1143 1560 plane.
1192 1491 1257 1541 At
1289 1504 1389 1557 ego
1425 1503 1533 1541 non
1579 1504 1699 1541 sum
1734 1487 1893 1550 talis;
1944 1488 2036 1542 sed
2088 1487 2351 1556 quidquid

785 1582 949 1643 facio,
991 1596 1178 1632 amore
1208 1580 1443 1647 proximi
1477 1578 1638 1630 facio.
1670 1575 1785 1631 Etsi
1823 1576 2219 1646 perfectionem
2250 1578 2353 1631 ob-

785 1674 970 1737 tendo,
1013 1672 1251 1739 ipsorqu
1299 1670 1473 1738 gratia
1507 1668 1798 1731 obtendo:
1847 1668 1954 1723 etsi
2005 1668 2350 1738 indulgentia

786 1774 936 1827 utor,
969 1761 1288 1814 eormndem
1322 1759 1499 1829 gratia
1531 1760 1635 1811 hoc
1666 1767 1894 1827 przesto.

859 1876 877 1906 ι
916 1855 1006 1908 Sic
1033 1868 1234 1923 pugno,
1281 1866 1388 1906 non
1419 1852 1579 1919 quasi
1610 1865 1790 1905 aerem
1827 1851 2143 1905 verberans.
2185 1870 2203 1901 ι

852 1945 960 2017 94,
1014 1946 1125 1997 llae
1184 1944 1379 1995 iterum
1439 1941 1716 1996 locutione
1770 1939 1913 1995 idem
1969 1940 2349 2010 signiﬁcatur,

783 2052 846 2091 ac
874 2047 1079 2089 temore
1121 2041 1175 2087 et
1211 2033 1437 2087 frustra.

857 2127 1018 2181 Vens.
1066 2125 1157 2177 ΕΠ.
1201 2146 1218 2174 ι
1273 2122 1378 2177 Sed
1423 2123 1636 2193 castigo
1673 2123 2130 2192 corpus;meuni,
2183 2128 2239 2176 et
2294 2121 2349 2174 in

783 2218 1107 2275 servitutem
1140 2216 1346 2284 redigo.
1391 2233 1409 2264 ι

851 2310 949 2365 llis
985 2307 1170 2363 verbis
1223 2321 1318 2361 eos
1365 2304 1592 2370 indicat,
1639 2304 1734 2374 qui
1789 2305 2088 2359 desideriis
2138 2304 2352 2358 ventris

782 2399 1009 2455 obnoxii
1040 2404 1191 2461 sunt,
1236 2405 1291 2450 et
1338 2396 1442 2448 sub
1494 2393 1854 2464 perfectionis
1908 2398 2132 2450 obtentu
2169 2396 2350 2465 inglu-

786 2494 925 2546 viem
955 2505 1108 2543 suam
1147 2488 1458 2558 explebant.

860 2600 880 2633 ι
916 2578 995 2634 Ne
1029 2580 1172 2635 forte
1199 2592 1325 2631 cum
1359 2576 1484 2631 aliis
1514 2575 1959 2646 praedicaverunt,
2000 2575 2117 2644 ipse
2159 2588 2351 2642 repro-

784 2676 887 2727 bus
930 2671 1158 2725 clliciar.
1204 2689 1223 2721 ι

850 2760 1031 2815 Nolite
1058 2759 1205 2813 enim
1245 2765 1458 2827 putare,
1492 2758 1694 2826 inquit,
1722 2756 1824 2809 hoc
1852 2755 2031 2824 ipsum
2060 2752 2206 2822 quod
2232 2769 2349 2806 cre-

785 2853 1023 2917 didistis,
1056 2852 1192 2906 satis
1222 2866 1346 2905 esse
1367 2849 1434 2903 ad
1460 2849 1716 2903 salutem.
1756 2845 1889 2899 Nam
1921 2847 1967 2901 si
1998 2844 2350 2915 prmdicasse,

782 2955 837 2999 et
876 2945 1196 2998 immmeros
1222 2942 1500 3004 docuisse,
1543 2939 1968 3009 battdquaquani
2001 2937 2136 2991 mihi
2164 2937 2232 2989 ad
2267 2950 2353 2989 sa-

787 3038 954 3090 lutem
982 3036 1205 3101 suﬂicit,
1236 3035 1395 3103 longe
1427 3034 1612 3087 minus
1650 3033 1832 3085 vobis.

1429 3167 1584 3223 CAP.
1645 3166 1718 3221 Χ.

860 3288 1022 3340 \‘tzns.
1076 3287 1190 3339 1-4.
1228 3304 1245 3337 ι
1290 3284 1425 3338 Nolo
1468 3285 1615 3338 enim
1650 3299 1750 3337 vos
1802 3284 2074 3349 ignorare,
2127 3280 2351 3341 fratres,

786 3383 1047 3447 quoniam
1091 3390 1271 3446 patres
1305 3376 1479 3430 nostri
1531 3390 1722 3428 onmes
1772 3375 1876 3427 sub
1922 3374 2071 3427 nube
2108 3371 2351 3434 fuerunt,

787 3479 842 3522 et
891 3484 1082 3524 omnes
1116 3483 1264 3523 mare
1319 3468 1682 3531 transierunt,
1717 3475 1773 3520 et
1818 3479 2015 3518 omnes
2064 3464 2118 3516 in
2169 3463 2355 3532 Moyse

790 3560 1048 3630 lzaptizati
1079 3569 1227 3623 sust,
1284 3558 1339 3612 in
1396 3558 1563 3617 nube,
1625 3564 1680 3610 et
1738 3556 1794 3609 in
1847 3556 2030 3608 mari:
2071 3564 2125 3608 et
2163 3570 2354 3608 omnes

788 3652 1034 3705 eamdem
1088 3667 1268 3705 escam
1323 3649 1667 3719 spiritualem
1725 3647 2240 3708 manducaverunt,
2300 3652 2355 3700 et

789 3758 979 3795 omnes
1019 3741 1267 3794 eumdem
1293 3751 1480 3809 potum
1507 3738 1853 3808 spiritualem
1888 3738 2166 3791 biberunt.
2200 3735 2355 3790 Bibe-

790 3835 920 3883 baut
949 3840 1130 3882 autem
1159 3844 1352 3881 (mines
1399 3828 1468 3881 de
1521 3826 1801 3895 spirituali
1850 3835 2228 3895 consequente
2259 3840 2356 3894 pc-

792 3932 874 3973 tra
910 3936 922 3971 :
965 3928 1110 3987 petra
1148 3925 1334 3971 autem
1366 3926 1484 3977 etat
1516 3914 1792 3969 Christus.
1838 3933 1855 3963 ι

860 4028 1101 4081 ltursum
1131 4028 1305 4097 pergit
1337 4025 1404 4080 ad
1435 4041 1500 4080 ea
1534 4040 1655 4095 qua:
1686 4025 1854 4079 veteri
1896 4024 2132 4079 historia
2172 4022 2356 4092 perbi—

791 4118 1011 4171 bentur.
1059 4115 1195 4169 Illud
1229 4131 1416 4184 porro,
1449 4116 1569 4169 nolo
1615 4130 1702 4166 vos
1728 4115 2003 4182 ignorare,
2049 4112 2257 4167 dictum
2287 4113 2356 4167 ab

794 4212 912 4279 ipso
942 4217 1049 4270 est,
1085 4219 1145 4261 ut
1176 4208 1495 4261 ostenderet
1524 4222 1632 4260 non
1665 4207 1818 4260 valde
1862 4222 1959 4260 eos
1985 4206 2037 4259 in
2076 4206 2199 4260 istis
2225 4221 2356 4258 eru-

792 4304 938 4357 ditos
968 4316 1109 4355 esse.
1161 4299 1342 4365 Quare
1376 4315 1508 4353 vero
1552 4300 1860 4368 exemplum
1917 4300 2092 4368 ponit,
2146 4300 2251 4353 nisi
2297 4309 2357 4352 ut

792 4390 982 4460 probet
1021 4388 1167 4457 quod
1226 4388 1367 4441 sicut
1419 4388 1554 4440 nihil
1605 4388 1717 4441 illis
1764 4387 1968 4456 profuit
2023 4396 2177 4441 tanto
2210 4388 2356 4443 dono

792 4490 1017 4535 ornatos
1066 4479 1259 4543 fuisse,
1300 4480 1375 4532 ita
1426 4496 1527 4533 nec
1578 4480 1714 4532 istos
1764 4480 2073 4549 baptismus
2111 4479 2354 4548 juvarct,
2390 4510 2434 4563 ι)

792 4570 1005 4642 quodve
1054 4569 1351 4638 participes
1392 4568 1760 4637 spiritualium
1799 4577 2186 4637 mysteriorum
2242 4569 2359 4623 sive

792 4669 1260 4718 sacramentorum
1317 4659 1655 4722 exstiterint,
1715 4659 1818 4712 nisi
1871 4659 2037 4713 vitam
2088 4673 2356 4713 concessa

792 4753 966 4823 gratia
1000 4751 1224 4819 dignam
1270 4749 1793 4817 praemonstrarent?
1822 4749 2128 4817 Eapmptcr
2168 4764 2357 4802 saera-

790 4847 1099 4894 mentorum
1126 4835 1333 4905 profert
1360 4836 1586 4905 figuras.
1615 4837 1750 4901 Quis
1794 4852 1930 4891 vero
1966 4853 2163 4891 sensus
2195 4837 2357 4906 bujus

792 4930 924 4985 dicti
962 4938 1044 4983 est
1065 4967 1079 4992 ,
1107 4929 1162 4981 in
1188 4925 1369 4997 Moyse
1405 4926 1667 4994 baptizari
1696 4936 1842 4981 sunt.
1873 4925 2061 4989 Plane,
2090 4929 2359 4997 quemad-

794 5019 1014 5074 modum
1066 5033 1165 5071 nos
1196 5020 1249 5071 iu
1302 5017 1584 5072 Christum
1620 5027 1675 5071 et
1727 5019 2183 5072 resurrectionem
2235 5019 2357 5086 ejus

793 5107 1069 5163 credendo
1100 5108 1464 5176 baptizamur,
1497 5116 1556 5159 ut
1593 5117 1648 5160 et
1678 5107 1783 5177 ipsi
1831 5107 2023 5159 borum
2067 5107 2358 5176 participes

795 5202 990 5261 simus,
1018 5212 1140 5250 nam
1187 5198 1530 5264 baptizamur
1560 5213 1658 5265 pro
1687 5198 1939 5259 mortuis,
1989 5197 2091 5250 boc
2119 5209 2206 5253 est
2232 5213 2357 5252 cor-

796 5288 1021 5357 poribus
1051 5288 1280 5347 uostris,
1323 5287 1403 5340 sie
1434 5294 1491 5340 et
1548 5287 1623 5340 illi
1660 5288 1714 5341 in
1757 5287 1940 5358 Moyse
1978 5289 2231 5342 fiduciam
2266 5288 2360 5340 ba-

796 5382 1008 5442 bentes,
1053 5395 1146 5432 seu
1186 5376 1435 5432 videntes
1475 5393 1597 5431 eum
1631 5380 1876 5433 omnium
1903 5383 2138 5450 primum
2185 5392 2363 5436 trans-

801 5470 902 5527 ire.
969 5467 1127 5535 aquis
1168 5482 1227 5520 se
1266 5468 1487 5520 credere
1516 5467 1633 5520 ausi
1667 5477 1816 5522 sunt.
1852 5470 1921 5521 At
1965 5470 2096 5538 quia
2130 5471 2359 5539 figuram

793 5558 949 5627 juxta
979 5556 1258 5610 veritatem
1294 5556 1407 5609 vult
1446 5544 1742 5625 apponere,
1778 5574 1893 5614 rem
1927 5560 2029 5614 boc
2063 5562 2222 5615 modo
2253 5576 2358 5614 non

796 5646 1071 5712 enuntiat,
1107 5648 1201 5702 sed
1234 5648 1301 5701 de
1338 5649 1508 5716 ligura
1552 5650 1807 5719 loquens,
1841 5652 2077 5720 ipsamet
2106 5653 2360 5706 veritatis

800 5735 1067 5791 vocabula
1094 5737 1342 5799 adhibet;
1372 5748 1530 5798 atque
1558 5741 1657 5794 lioc
1682 5740 1923 5805 quidem,
1953 5740 2229 5797 lavacrum
2261 5758 2359 5798 sca

2457 581 2636 650 πολλῷ
2676 582 2877 648 μᾶλλον
2903 583 3136 637 ἐνταῦθα
3164 586 3298 638 ὅπου
3336 586 3593 655 πλείωνὴ
3628 586 3933 656 φιλοτιμία.

2532 776 2548 807 ι
2599 755 2740 824 Ἐγὼ
2775 757 2952 809 τοίνυν
2982 757 3126 810 οὕτω
3144 759 3346 828 τρέχω,
3375 762 3452 823 ὠς
3470 760 3571 813 οὑκ
3616 760 3852 832 ἀδήλως.
3898 780 3919 812 ι

2537 933 2835 1005 Ἐντρὲψας
2865 935 3063 998 αὑτοὺς
3090 935 3200 989 ἀπὸ
3224 937 3335 989 τῶν
3356 936 3578 1003 ἔξωθεν,
3613 940 3708 992 καὶ
3730 939 3923 993 ἑαυτὸν
3956 942 4041 1001 εἰς

2458 1024 2623 1091 μέσον
2654 1026 2776 1093 ἄγει
2804 1025 3011 1080 λοιπόν.
3045 1028 3112 1079 Τί
3137 1027 3193 1080 δέ
3217 1029 3332 1081 ἐστι
3361 1028 3440 1093 τὸ,
3466 1030 3578 1083 οὐκ
3598 1029 3871 1097 ἀδήλωςς
3897 1032 4041 1099 πρὸς

2458 1112 2658 1165 σκοπόν
2699 1130 2818 1166 τινα
2847 1115 3044 1181 ἐκεῖνο,
3070 1115 3256 1184 φησὶν,
3293 1116 3395 1168 οὑκ
3418 1118 3541 1187 εἰκῆ
3568 1121 3663 1172 καὶ
3695 1120 3873 1189 μάτην
3900 1119 4040 1171 καθ-

2456 1205 2597 1274 άπερ
2642 1206 2818 1276 ὑμεῖς.
2862 1206 2918 1258 τί
2965 1208 3075 1277 γὰρ
3108 1208 3237 1278 ὑμῖν
3266 1208 3478 1276 γίνεται
3502 1210 3664 1263 πλέον
3695 1212 3802 1263 ἀπὸ
3831 1210 3926 1264 τοῦ
3955 1212 4039 1271 είς

2456 1295 2698 1349 είδωλεῖα
2719 1297 2966 1360 εἰσιέναι,
2998 1299 3093 1351 καὶ
3122 1300 3221 1370 τὴν
3270 1300 3588 1370 τελειότητα
3618 1301 3778 1372 δῆθεν
3829 1303 4036 1355 ἐπιδεί-

2456 1385 2710 1450 κνυσθαι;
2737 1388 2904 1441 Οὑδέν
2929 1406 2943 1419 ·
2976 1389 3091 1441 ἀλλ’
3121 1390 3223 1443 οὑκ
3245 1390 3356 1458 ἐγὼ
3386 1392 3628 1456 τοιοῦτος
3647 1409 3659 1422 ⁸
3689 1393 3824 1446 ἀλλὰ
3852 1394 4039 1446 πάντα

2455 1478 2599 1546 ἅπερ
2630 1477 2792 1544 ποιῶ,
2836 1480 2977 1550 ὑπὲρ
3003 1480 3102 1549 τῆς
3123 1480 3234 1534 τῶν
3259 1483 3487 1553 πλησίον
3517 1485 3739 1556 ἀγάπης
3768 1485 3908 1538 ποιῶ
3935 1491 4037 1538 καὶ

2457 1570 2752 1639 σωτηρίας,
2793 1569 2896 1623 κᾶν
2940 1571 3261 1642 τελειότητα
3290 1572 3675 1643 ἐπιδείξωμαι,
3711 1575 3779 1627 δι’
3801 1574 4033 1637 αύτούς·

2454 1657 2557 1709 κᾶν
2590 1659 3019 1726 συγκατάὅασιν,
3047 1660 3114 1714 δι’
3141 1661 3358 1726 αὑτούς.

2534 1856 2552 1887 ι
2595 1837 2751 1891 Οὕτω
2782 1842 3059 1904 πυκτεύω,
3090 1841 3164 1906 ὡς
3200 1840 3301 1896 οὑκ
3330 1844 3467 1916 ἀέρα
3497 1845 3689 1915 δέρων.
3736 1865 3757 1897 ι

2532 1930 2700 1983 Ιιαλιν
2752 1935 2813 1985 το
2864 1933 2988 2002 είκῆ
3025 1935 3119 1986 καὶ
3162 1935 3342 2006 μάτην
3409 1938 3804 2006 αἰνιττόμενος,
3867 1936 4031 1991 τοῦτὸ

2460 2036 2644 2089 φησιν.

2533 2129 2552 2161 ι
2598 2112 2737 2165 Ἀλλ’
2763 2112 3050 2178 ὑποπιάζω
3076 2131 3177 2184 μου
3200 2114 3260 2168 τὸ
3286 2116 3465 2186 σῶμα,
3501 2119 3594 2170 καὶ
3623 2117 3978 2187 δουλαγωγῶ.
4008 2135 4030 2171 ι

2542 2290 2806 2346 Ἐνταῦοα
2857 2292 3100 2347 δείκνυσι
3140 2296 3238 2348 καὶ
3285 2295 3391 2349 ὑπὸ
3448 2296 3749 2366 ἐπιθυμίας
3785 2297 4029 2369 γαστρὸς

2460 2383 2875 2453 κατεχομένους,
2913 2385 3007 2436 καὶ
3047 2387 3399 2456 προσχήματι
3427 2386 3784 2456 τελειότητος,
3802 2388 3902 2458 τὴν
3928 2405 4032 2456 γα-

2461 2473 2824 2547 στριμαργίαν
2853 2476 3194 2547 πληροῦντας
3219 2478 3318 2550 τὴν
3356 2479 3587 2534 ἑαυτῶν.

2534 2591 2552 2624 ι
2612 2573 2827 2641 Μὴπως
2876 2570 3057 2632 ἄλλοις
3101 2568 3370 2641 κηρύξας,
3410 2569 3575 2633 αὑτὸς
3636 2568 3897 2641 ἀδόκιμος
3940 2568 4035 2638 γέ-

2460 2680 2659 2733 νωμαι.
2687 2681 2706 2713 ι

2529 2753 2622 2823 Μὴ
2670 2753 2781 2823 γὰρ
2811 2752 2876 2823 δὴ
2924 2754 3206 2824 νομίσητε,
3266 2754 3453 2821 φησὶν,
3507 2753 3591 2805 δτι
3648 2752 4032 2815 ἐπιστεύσατε,

2458 2848 2648 2915 ἀρκεῖν
2685 2847 2844 2899 τοῦτο
2890 2847 2971 2909 εἰς
3018 2846 3293 2917 σωτηρίαν
3336 2845 3486 2914 ὑμῖν.
3522 2844 3585 2897 EE
3644 2845 3752 2917 γὰρ
3809 2846 3940 2914 ἐμοὶ
3978 2846 4037 2896 το

2460 2937 2718 3007 κηρύξαι,
2747 2937 2838 2990 καὶ
2870 2937 3077 3000 διδάξαι
3112 2939 3337 3008 μυρίους
3362 2938 3462 2991 οὑκ
3491 2939 3654 3008 ἀρκεῖ
3692 2937 3830 3007 πρὸς
3854 2954 4036 3006 σωτη-

2463 3030 2608 3098 ρίαν,
2649 3028 2830 3098 πολλῷ
2860 3028 3060 3098 μᾶλλον
3091 3029 3242 3098 ὑμῖν.

3068 3165 3322 3218 ΚΕΦΑΛ.
3365 3163 3423 3216 I'.

2538 3300 2557 3332 ι
2595 3281 2670 3333 Οὑ
2708 3280 2846 3334 θέλω
2878 3279 2937 3333 δὲ
2964 3280 3108 3347 ὑμᾶς
3140 3280 3376 3347 ἀγνοεῖν,
3406 3279 3647 3346 ἀδελφοὶ,
3678 3280 3759 3332 ὅτι
3788 3278 3839 3330 οἱ
3866 3277 4038 3330 πατέ-

2465 3384 2557 3435 ρες
2590 3368 2747 3438 ἡμῶν
2773 3368 2974 3430 πάντες
3001 3367 3107 3419 ὑπὸ
3128 3367 3229 3437 τὴν
3253 3365 3485 3435 νέφελην
3513 3362 3677 3436 ἦσαν,
3712 3364 3809 3417 καὶ
3836 3365 4038 3424 πάντες

2461 3455 2551 3510 διὰ
2573 3460 2672 3527 τῆς
2702 3456 2978 3526 θαλάσσης
2999 3454 3239 3524 διῆλθον,
3264 3453 3361 3506 καὶ
3396 3454 3594 3516 πάντες
3621 3454 3700 3514 είς
3738 3452 3829 3503 τὸν
3868 3452 4038 3503 Μωῦ-

2463 3545 2562 3614 σῆν
2594 3545 2959 3599 ἐϐαπτίσαντο
3007 3543 3065 3595 ἐν
3089 3544 3155 3614 τῇ
3186 3542 3409 3614 νεφέλῃ,
3453 3542 3547 3594 καὶ
3581 3544 3640 3592 ὲν
3666 3543 3731 3610 τῇ
3766 3538 4037 3611 θαλάσσῃ,

2463 3636 2558 3688 καὶ
2580 3635 2781 3697 πάντες
2801 3633 2863 3685 τὸ
2888 3633 3021 3686 αὑτὸ
3043 3631 3241 3702 βρῶμα
3272 3630 3646 3701 πνευματικὸν
3674 3631 3901 3699 ἔφαγον,
3941 3633 4038 3682 καὶ

2464 3726 2665 3789 πάντες
2717 3724 2778 3777 τὸ
2810 3724 2943 3777 αὑτὸ
3000 3724 3151 3794 πόμα
3196 3723 3567 3792 πνευματικὸν
3598 3720 3770 3774 ἔπιον.
3812 3722 4040 3773 Ἐπινον

2463 3814 2572 3884 γὰρ
2599 3815 2663 3865 ἐκ
2685 3812 3059 3882 πνευματικῆς
3088 3811 3487 3880 ἀκολουθούσης
3529 3812 3755 3881 πέτρας,
3785 3812 3818 3880 ἠ
3851 3810 3909 3862 δὲ
3939 3811 4041 3863 τεέ-

2461 3920 2568 3975 τρα
2591 3898 2659 3973 ἦν
2682 3905 2710 3956 ὁ
2734 3904 2991 3973 Χριστός.
3027 3922 3046 3954 ι

2537 4016 2709 4068 Πάλιν
2740 4017 2834 4069 ἐπὶ
2870 4017 2939 4069 τὰ
2968 4018 3068 4086 τῆς
3121 4015 3359 4079 παλαιᾶς
3390 4017 3639 4086 πρόεισιν
3664 4015 3906 4085 ἱστορίας
3930 4033 3943 4045 ·
3977 4017 4043 4068 τὸ

2464 4107 2540 4172 δὲ,
2565 4110 2637 4161 οὐ
2664 4106 2816 4163 θέλω
2841 4106 2998 4176 ὑμᾶς
3032 4106 3294 4177 ἀγνοεῖν,
3314 4105 3654 4170 δεικνύοντός
3677 4108 3845 4169 ἐστιν,
3877 4107 3952 4169 ὡς
3974 4109 4040 4158 ού

2466 4198 2668 4268 σφόδρα
2712 4193 2854 4268 ἦσαν
2897 4197 3068 4250 ταῦτα
3101 4197 3546 4269 πεπαιδευμένοι.
3584 4198 3741 4261 Τίνος
3761 4197 3819 4250 δὲ
3847 4197 4039 4249 ἕνεκεν

2463 4291 2523 4343 το
2554 4289 2856 4359 ὑπόδειγμα
2887 4289 3124 4359 τίθησιν,
3161 4289 3192 4359 ἢ
3230 4289 3319 4343 ἵνα
3348 4289 3519 4361 δείξῃ,
3556 4290 3661 4352 ὅτι,
3691 4288 3885 4360 ὥσπερ
3933 4291 4039 4341 οὑκ

2464 4382 2672 4452 ὤνησεν
2719 4381 2963 4445 ἐκείνως
3015 4381 3077 4434 τὸ
3120 4382 3393 4451 τοσαύτης
3442 4381 3751 4436 ἀπολαῦσαι
3799 4382 4036 4451 δωρεᾶς,

2463 4473 2636 4536 οὑτως
2679 4474 2800 4526 οὑδὲ
2847 4472 3071 4536 τούτους
3102 4474 3198 4527 τοὺ
3238 4474 3620 4543 βαπτίσματος
3678 4476 3884 4542 τυχεῖν,
3939 4473 4038 4525 καὶ

2469 4566 2786 4635 μυστηρίων
2821 4564 3209 4633 πνευματικῶν
3251 4564 3581 4629 ἀπολαῦσαι,
3611 4566 3660 4616 εί
3686 4564 3761 4634 μὴ
3786 4564 4039 4634 μέλλοιεν

2464 4657 2613 4722 ἄξιον
2636 4656 2738 4725 τῆς
2786 4657 3008 4725 χάριτος
3047 4656 3449 4709 ἐπιδείκνυσθαι
3497 4656 3630 4725 βίον.
3664 4657 3755 4709 Διὸ
3806 4656 3903 4709 καὶ
3938 4657 4037 4708 τοῦ

2467 4747 2838 4816 βαπτίσματος
2877 4746 3108 4800 καὶτῶν
3142 4747 3459 4817 μυστηρίων
3493 4747 3735 4818 παράγει
3787 4748 3915 4808 τοὺς
3943 4747 4039 4797 τύ-

2466 4853 2622 4899 πους.
2654 4836 2719 4887 Τί
2749 4836 2806 4888 δέ
2848 4838 2966 4889 ἐστι
2997 4837 3078 4899 τὸ,
3108 4840 3196 4902 εἰς
3229 4837 3338 4890 τὸν
3378 4837 3648 4904 Momm}?
3672 4837 4039 4903 ἐϐαπτίσθη-

2466 4942 2585 4979 σαν
2606 4942 2623 4989 ;
2646 4926 2917 4998 Καθάπερ
2956 4930 3119 4996 ἡμεῖς
3143 4928 3222 4998 τῷ
3246 4929 3469 4998 Χριστῷ
3499 4928 3911 4991 πιστεύσαντες,
3943 4930 4041 4982 καὶ

2465 5020 2530 5087 τῇ
2552 5019 2844 5072 ἀναστάσει
2868 5019 3053 5083 αὑτοῦ,
3089 5019 3486 5090 βαπτιζόμεθα,
3519 5020 3596 5083 ὡς
3626 5021 3719 5072 καὶ
3741 5020 3899 5072 αὑτοὶ
3924 5019 4037 5071 τῶν

2467 5107 2645 5162 αὑτῶν
2693 5111 3119 5178 κοινωνήσαντες
3145 5127 3157 5140 ·
3194 5109 3570 5179 βαπιξόμεθα
3613 5111 3721 5181 γὰρ
3754 5111 3895 5181 ὑπὲρ
3926 5109 4039 5163 τῶν

2467 5198 2697 5269 νεκρῶν,
2728 5199 2973 5252 τουτέστι
3008 5201 3278 5268 σωμάτων
3300 5218 3313 5230 ο
3359 5200 3501 5254 οὑτω
3534 5203 3627 5254 καὶ
3660 5204 3859 5256 ἐκεῖνοι
3903 5202 4039 5271 θαρ-

2470 5288 2731 5355 σήσαντες
2761 5285 2839 5356 τῷ
2864 5288 3096 5357 Μωὺσῇ,
3130 5288 3436 5353 τουτέστιν,
3482 5290 3680 5353 ἰδόντες
3720 5290 3883 5344 αὑτὸν
3915 5292 4041 5345 δια-

2469 5378 2639 5432 ϐάντα
2658 5379 2894 5449 πρῶτον,
2925 5378 3340 5449 κατετόλμησαν
3364 5381 3458 5434 καὶ
3479 5382 3636 5435 αὑτοὶ
3665 5381 3773 5436 τῶν
3802 5383 4036 5438 ὑδάτων*

2471 5471 2585 5524 ἀλλ’
2625 5469 2811 5541 ἐπειδὴ
2843 5471 3091 5540 βούλεται
3124 5473 3217 5525 τὸν
3240 5472 3410 5526 τύπον
3440 5474 3607 5542 ἐγγὺς
3636 5474 3736 5544 τῆς
3778 5476 4041 5545 ἀληθείας

2471 5565 2720 5630 ἀγαγεῖν,
2764 5564 2824 5615 οὑ
2870 5562 3019 5630 λέγει
3068 5562 3262 5628 οὑτως,
3310 5565 3445 5618 ἀλλὰ
3472 5569 3584 5627 τοῖς
3628 5566 3726 5634 τῆς
3778 5566 4039 5636 ἀληθείας

2471 5653 2696 5721 ὀνόμασι
2727 5656 2988 5723 κέχρηται
3018 5655 3110 5707 καὶ
3145 5656 3235 5707 ἐπὶ
3259 5656 3351 5708 τού
3388 5657 3580 5710 τύπου.
3617 5658 3727 5710 Καὶ
3748 5656 3907 5711 τοῦτο
3935 5657 4041 5727 μὲν

2473 5744 2565 5796 τοῦ
2629 5745 2859 5813 λούτριυ
2920 5746 3227 5813 σύμεολον·
3295 5747 3360 5800 τὰ
3416 5748 3470 5800 δὲ
3529 5748 3663 5802 μετὰ
3703 5748 3897 5816 ταῦτα,
3937 5748 4041 5819 τῆς
