4230 6438
115 403 218 463 liii

1277 396 1345 451 IN
1399 393 1628 451 El’lS’l‘.
1673 393 1772 449 AD
1811 390 2168 450 C(JlllNTll.
2216 392 2260 447 Ι.

3258 387 3360 453 646

119 517 271 582 ἱερᾶς
301 511 599 582 τραπέζης.
633 512 898 579 Καθάπερ
927 508 1034 577 γὰρ
1067 510 1222 577 ἡμεῖς
1246 507 1304 558 τὸ
1335 505 1494 574 σῶμα
1527 504 1690 556 ἐσοίο-
1723 513 1760 562 Α

1683 533 1690 541 -
1723 513 1760 562 Α
1796 504 2126 570 baptismum
2156 521 2170 566 ;
2217 517 2336 570 qua:
2369 516 2495 554 vero
2537 498 2766 568 posthac
2796 508 2986 552 secuta
3024 505 3174 562 sunt,
3212 514 3353 554 men-

130 623 229 674 μεν
281 606 347 656 τὸ
380 605 731 666 Δεσποτικὸν,
769 605 911 656 οὕτω
954 602 1194 652 κάκεῖνοι
1236 600 1296 650 τὸ
1351 598 1557 665 μάννα·
1600 596 1690 648 καὶ

121 698 308 764 ὥσπερ
340 698 500 766 ἡμεῖς
530 699 591 749 τὸ
622 692 762 765 αἷμα
816 697 1047 762 πίνομεν
1086 695 1146 744 τὸ
1173 691 1519 752 Δεσποτικὺν,
1550 689 1692 742 οὕτω

122 792 371 842 κάκεῖνοι
403 789 544 857 ὓδωρ
574 791 636 840 ἐκ
661 789 886 856 πέτρας.
923 787 984 837 Ei
1015 784 1122 851 γὰρ
1157 784 1250 834 καὶ
1275 779 1509 850 αἰσθητὰ
1540 777 1603 849 ἦν
1623 781 1690 831 τὰ

121 883 396 950 διδόμενα,
451 882 587 932 ἀλλὰ
628 877 1013 948 πνευματικῶς
1065 874 1387 944 παρείχετο,
1448 873 1507 924 οὐ
1550 873 1691 924 κατὰ

122 973 338 1039 φύσεως
372 971 715 1034 ἀκολουθίαν,
752 969 890 1022 ἀλλὰ
922 969 1066 1020 κατὰ
1099 967 1307 1036 δωρεᾶς
1354 967 1514 1036 χάριν
1535 982 1548 994 ·
1597 964 1691 1016 καὶ

125 1061 257 1129 μετὰ
281 1060 380 1111 τοῦ
409 1058 662 1127 σώματος
718 1057 816 1127 τὴν
859 1057 1036 1126 ψυχὴν
1086 1056 1336 1124 ἔτρεφεν,
1387 1057 1466 1116 είς
1507 1055 1690 1106 πίστιν

123 1154 403 1217 ἐνάγοντα.
435 1149 533 1201 Διά
550 1149 706 1202 τοῦτο
729 1167 792 1200 πε
803 1151 856 1218 ρί
881 1150 977 1216 μὲν
999 1149 1098 1216 τῆς
1119 1149 1326 1218 τροφῆς
1342 1149 1492 1201 οὐδὲν
1514 1144 1687 1201 εἶπεν·

123 1239 499 1309 ἐξηλλαγμένη
548 1241 658 1309 γὰρ
685 1235 788 1309 ἦν’
819 1241 910 1291 ἐπὶ
955 1239 1016 1290 δὲ
1065 1238 1161 1291 τοῦ
1214 1239 1403 1301 πότου,
1450 1239 1690 1308 ἐπειδὴό

123 1332 319 1399 τρόπος
353 1332 513 1400 μόνος
534 1333 630 1401 τῆς
651 1334 937 1401 χορηγίας,
971 1332 1132 1400 μόνος
1158 1326 1227 1398 ἦν
1253 1331 1576 1402 παράδοξος,
1600 1334 1690 1384 καὶ

122 1425 471 1492 κατασκευῆς
510 1424 725 1492 ἐδεήθη,
767 1422 847 1475 διὸ
875 1421 1044 1474 εἰπὼν
1073 1423 1154 1475 ὅτι
1199 1424 1264 1475 τὸ
1301 1426 1445 1476 αὐτὸ
1481 1425 1690 1477 ἔπινον

122 1517 280 1583 πόμα
319 1517 744 1582 πνευματικὸν,
785 1515 1062 1583 ἐπήγαγεν
1089 1529 1102 1544 ·
1159 1517 1414 1568 Ἐπινον
1460 1516 1568 1583 γὰρ
1620 1518 1688 1568 ἐκ

122 1605 529 1672 πνευματικῆς
552 1606 1012 1671 ἀκολουθούσης
1036 1606 1258 1670 πέτρας
1277 1622 1289 1634 ·
1317 1607 1356 1671 ὴ
1391 1606 1459 1658 δὲ·
1505 1607 1690 1673 πέτρα

122 1692 196 1763 ἦν
224 1700 256 1748 ό
301 1697 579 1762 Χριστός,
613 1695 749 1747 Οὐδὲ
808 1698 916 1765 γὰρ
975 1698 1007 1766 ὴ
1045 1699 1142 1764 τῆς
1189 1697 1390 1767 πέτρας
1432 1698 1593 1765 φύσις
1629 1699 1692 1751 τὸ

123 1784 265 1854 ὕδωρ
303 1786 475 1853 ἠφίει.
515 1785 586 1836 ’Ἡ
619 1784 727 1853 γὰρ
779 1784 846 1838 ἂν
879 1787 972 1838 καὶ
997 1786 1104 1856 πρὸ
1145 1786 1330 1839 τούτου
1376 1787 1688 1851 ἀνέϐλυσεν,

122 1876 234 1928 ἀλλ’
271 1875 438 1945 ἑτέρα
467 1892 548 1938 τις
575 1877 749 1945 πέτρα
781 1877 1126 1947 πνευματικὴ
1156 1878 1216 1930 τὸ
1249 1880 1356 1932 πᾶν
1379 1879 1687 1948 εἰργάζετο,
1724 1861 1763 1914 Β

129 1965 400 2018 τουτέστιν
421 1968 450 2018 6
481 1968 735 2037 Χριστὸς,
759 1971 789 2022 6
818 1971 1012 2041 παρὼν
1043 1969 1344 2039 πανταχοῦ,
1385 1971 1480 2024 καὶ⁵
1513 1972 1689 2024 πάντα

123 2056 574 2128 θαυματουργῶν.
607 2060 707 2112 Διὰ
735 2061 842 2131 γὰρ
881 2060 1040 2114 τοῦτο
1087 2061 1180 2115 καὶ
1215 2058 1386 2128 εἶπεν,
1430 2063 1687 2116 ἀκολου-

124 2150 269 2202 οούσ
279 2168 371 2216 ης.

195 2431 214 2463 ι
260 2413 402 2465 Ἀλλ’
434 2415 534 2466 οὐκ
581 2417 639 2467 ἐν
676 2417 791 2478 τοῖς
833 2415 1078 2469 πλείοσιν
1118 2417 1298 2469 αὐτῶν
1338 2416 1638 2488 εὐδόκησεν
1663 2421 1690 2471 ὁ

125 2504 271 2566 θεός.
318 2524 336 2554 ο

188 2595 300 2647 Καὶ
321 2595 430 2664 μὴν
461 2595 660 2658 πάντες
691 2597 972 2649 ἀπώλοντο
995 2615 1009 2629 ο
1041 2599 1156 2651 ἀλλ’
1203 2599 1290 2652 ἴνα
1325 2601 1401 2670 μὴ
1428 2599 1556 2672 δόξῃ
1595 2603 1686 2653 καὶ

127 2686 335 2748 τούτοις
380 2687 756 2756 πανωλεθρίαν
801 2689 1193 2758 προφητεύειν,
1225 2691 1314 2743 διὰ
1344 2690 1505 2743 τοῦτο
1537 2690 1692 2745 εἶπεν

123 2779 200 2827 δτι
255 2779 527 2844 πλείους.
597 2781 812 2851 Ἐπειδὴ
865 2784 975 2844 τοῖς
1008 2785 1140 2850 περὶ
1173 2786 1401 2852 γεέννης
1436 2786 1614 2852 λόγοις
1642 2789 1690 2837 οἱ

123 2865 308 2918 πολλοὶ
342 2868 681 2930 ἀπιστοῦσιν,
719 2871 793 2932 ὡς
829 2871 903 2940 μὴ
940 2871 1200 2941 παροῦσι,
1243 2875 1381 2943 μηδέ
1431 2877 1694 2944 φαινομέ-

124 2973 255 3018 νοις,
320 2957 431 3009 ἀπὸ
465 2959 574 3010 τῶν
608 2959 707 3028 ἤδη
746 2963 1128 3032 γεγενημένων
1173 2963 1445 3018 δείκνυσιν
1488 2967 1570 3018 ὅτι
1605 2984 1694 3020 xo-

124 3045 273 3108 λαζει
295 3049 421 3109 τοὺς
455 3049 867 3118 ἁμαρτάνοντας
896 3053 926 3102 6
953 3053 1106 3116 Θεὸς,
1135 3054 1239 3106 κᾶν
1263 3055 1525 3124 μυριάκις
1557 3058 1692 3122 ἀγα.-

124 3137 211 3199 bo;

199 3247 217 3278 ‹
255 3228 732 3298 Κατεστρώοησαν
759 3231 866 3300 γὰρ
890 3234 946 3284 ἐν
975 3237 1038 3304 τῇ
1069 3236 1283 3304 ἐρήμῳ.
1320 3257 1338 3287 ι

192 3319 302 3386 Τὴν
333 3320 561 3371 ἄπιστον
590 3322 771 3374 αὐτῶν
815 3324 1093 3378 ἀπώλειαν
1123 3329 1552 3399 κατασημαίνει.

198 3430 216 3462 ι
260 3410 447 3462 Ταῦτα
483 3411 539 3462 δὲ
582 3412 742 3465 τύποι
792 3416 948 3484 ήμῶν
996 3418 1334 3488 ἐγενήθησαν
1358 3462 1372 3485 ,
1407 3426 1488 3486 εἰς
1521 3425 1581 3476 τὺ
1618 3427 1693 3496 μὴ

126 3495 258 3550 εἶναι
289 3501 438 3568 ἡμᾶς
461 3501 808 3573 ἐπιθυμητὰς
836 3507 1042 3571 κακῶν,
1080 3509 1263 3571 καθὼς
1294 3513 1542 3564 κάκεῖνοι
1599 3495 1695 3564 ἐπέ

127 3591 433 3659 εῢύμησαν,
461 3593 597 3662 μηδέ
633 3596 1017 3663 εἰδωλολάτραι
1051 3601 1288 3666 γίνεσθε,
1345 3604 1526 3666 καθώς
1548 3622 1693 3667 τινες

125 3682 326 3746 αὐτῶν,
353 3682 545 3753 ὥσπερ
575 3685 908 3754 γέγραπται.
948 3708 966 3738 ι

195 3865 312 3914 Ἷνα
346 3863 420 3930 μὴ
451 3863 683 3929 λέγωσιο
713 3866 820 3918 Καὶ
850 3867 903 3918 τί
934 3869 1229 3938 πρὸςήμᾶς
1250 3873 1282 3940 ἡ
1306 3873 1535 3924 ἐκείνων
1587 3876 1693 3927 ἀπ-

125 3954 320 4017 ώλειας
357 3954 517 4005 τοῦτο
534 3956 638 4023 γὰρ
660 3955 726 4007 δι’
747 3957 1067 4025 ⁴Ιιει.ἆ⁹.ς,ῶστε
1103 3965 1575 4034 σωφρονεστέρους
1604 3983 1694 4032 γε-

125 4045 309 4097 νέσθαι
338 4049 451 4106 τοῖς
480 4046 874 4116 ὑποδείγμασιν
906 4051 1162 4112 ἐκείνοις.

201 4154 219 4183 ι
269 4135 556 4186 Ἐκάθισεν
587 4137 615 4188 6
643 4137 768 4199 λαὸς
798 4143 990 4204 φαγεῖν
1024 4143 1114 4192 καὶ
1152 4146 1317 4208 πιεῖν,
1343 4147 1437 4196 καὶ
1466 4147 1692 4201 ἀνέστη-

127 4242 222 4276 σαν
245 4225 466 4287 παίζειν
488 4243 501 4255 ο
537 4227 671 4294 μηδέ
712 4230 1087 4300 πορνεύωμεν,
1136 4233 1319 4296 καθώς
1354 4253 1496 4298 τινες
1527 4238 1690 4308 ἐπόρ-

123 4332 318 4368 νευσαν
347 4315 548 4382 αὐτῶν,
582 4319 676 4370 καὶ
693 4318 896 4373 ἔπεσαν
915 4323 972 4373 ἐν
997 4324 1093 4391 μιᾷ
1124 4324 1306 4393 ἡμέρα
1341 4325 1511 4378 εἴκοσι
1543 4333 1690 4396 τρεῖς

126 4409 378 4478 χιλιάδες.
431 4427 450 4458 ι

1795 610 1911 647 sam
1961 609 2176 648 sacram
2227 593 2560 662 signiﬁcant.
2623 590 2758 643 Nam
2823 593 2968 645 sicut
3018 590 3362 644 Dominicum

1795 700 1997 754 corpus
2052 685 2286 747 edimus,
2324 686 2404 737 sic
2442 697 2494 738 et
2539 685 2618 738 illi
2657 699 2856 736 manna
2893 702 2905 737 :
2954 691 3007 737 et
3042 683 3206 737 veluti
3241 698 3358 737 san-

1794 780 2010 847 guinem
2045 777 2264 831 Domini
2298 777 2557 837 bibimus,
2593 778 2667 830 ita
2699 787 2753 830 ct
2791 775 2867 829 illi
2912 789 3110 843 aquam
3149 790 3180 828 e
3214 783 3363 844 petra

1797 879 2130 924 manantem.
2171 868 2308 922 Nam
2348 867 2603 937 quamvis
2661 867 2954 922 seusibilia
3014 873 3201 920 essent
3249 880 3362 934 qua

1795 961 2088 1024 dabantur,
2127 962 2493 1030 spiritualiter
2529 969 2709 1015 tamen
2772 960 3198 1026 pr:ebebantur:
3256 975 3363 1013 nou

1795 1052 2100 1106 secundum
2131 1061 2340 1106 natura:
2363 1051 2638 1115 ordinem,
2664 1052 2757 1105 sed
2783 1049 3086 1105 secundum
3119 1051 3364 1104 muneris

1793 1144 2065 1213 gratiam;
2095 1151 2258 1210 atque
2303 1157 2412 1195 una
2443 1157 2568 1196 cum
2601 1155 2833 1210 corpore
2872 1143 3120 1195 animum
3153 1140 3363 1193 nutrie-

1793 1236 1945 1295 bant,
1985 1247 2148 1301 quem
2188 1232 2252 1284 ad
2291 1232 2448 1285 ﬁdem
2476 1230 2815 1284 attollerent.
2841 1230 3112 1294 Quocirca
3147 1230 3214 1284 de
3240 1230 3365 1282 cibo

1791 1325 2014 1393 quidem
2047 1323 2292 1376 narravit
2325 1324 2460 1376 nihil
2491 1323 2756 1397 :‘quippe
2793 1322 2889 1390 qui
2924 1321 3178 1375 diversus
3223 1333 3360 1374 erat.

1791 1417 1948 1481 Quod
1981 1426 2164 1470 autem
2193 1415 2261 1470 ad
2315 1424 2500 1484 petum
2533 1416 2755 1479 attinet,
2790 1428 2915 1467 cum
2949 1427 3060 1466 uno
3098 1411 3365 1466 duntaxat

1793 1509 2240 1578 suppeditaretur
2274 1511 2455 1571 modo,
2494 1507 2540 1560 is
2567 1507 2721 1561 solus
2748 1504 3096 1559 admirabilis
3142 1515 3279 1566 erat.
3313 1515 3362 1556 et

1796 1601 2140 1669 expositione
2187 1613 2329 1668 opus
2375 1598 2588 1652 habuit.
2651 1597 3021 1664 Quamobrem
3071 1604 3363 1666 postquam

1794 1691 1931 1742 dixit
1959 1707 1973 1742 :
2022 1689 2366 1755 Spiritnalem
2398 1699 2580 1754 potum
2627 1688 2890 1751 biberunt,
2923 1687 3129 1755 adjecit
3165 1685 3368 1756 :‘Bibc-

1800 1781 1922 1834 bant
1969 1780 2106 1832 enim
2159 1780 2222 1832 de
2261 1779 2534 1847 spirituali
2577 1788 2920 1848 consequente
2953 1787 3102 1846 petra
3147 1793 3165 1832 :
3217 1788 3364 1846 petra

1794 1879 1968 1922 autem
2002 1879 2115 1922 erat
2149 1868 2418 1924 Christus.
2451 1869 2641 1939 Neque
2672 1871 2820 1924 enim
2862 1883 2925 1922 ca
2964 1877 3136 1938 petra:
3166 1877 3366 1924 natura

1793 1972 1931 2026 erat,
1963 1970 2022 2014 ut
2053 1977 2252 2032 aquam
2278 1962 2680 2032 profunderet:
2711 1961 2917 2031 alioqui
2945 1962 3177 2016 antehac
3206 1977 3270 2016 ex
3303 1979 3366 2016 ea

1792 2053 2186 2110 scaturiissent
2217 2066 2397 2120 aqum.
2451 2049 2660 2104 Verum
2711 2051 2882 2105 altera
2927 2051 3179 2120 qua-dam
3215 2061 3366 2120 petra

1792 2143 2102 2212 spiritualis
2139 2151 2313 2197 totum
2363 2143 2495 2196 illud
2529 2143 2887 2212 operabatur,
2920 2142 3180 2198 Christus
3219 2141 3368 2196 vidu-

1791 2235 1942 2298 licet,
1972 2235 2064 2303 qui
2097 2233 2205 2304 95
2235 2249 2480 2304 praesens
2513 2234 2714 2303 ubique
2750 2233 2962 2295 aderat,
3006 2240 3063 2287 et
3106 2232 3366 2286 miracula

1791 2334 1988 2379 cuncta
2029 2327 2306 2394 patrabat.
2351 2323 2563 2378 Idcirco
2596 2325 2746 2378 enim
2785 2323 2961 2386 dixit,
2999 2334 3365 2392 consequente.

1865 2415 2028 2470 Vens.
2059 2418 2114 2470 5.
2156 2436 2173 2466 ι
2212 2417 2322 2472 Sed
2360 2431 2470 2470 non
2502 2417 2558 2469 in
2589 2415 2845 2485 pluribus
2877 2429 3072 2470 eorum
3098 2413 3368 2484 benepla-

1792 2509 1962 2563 citum
1995 2517 2082 2563 est
2107 2507 2237 2562 Deo.
2276 2527 2294 2559 ι

1864 2601 1940 2653 Ae
1966 2613 2098 2654 sane
2130 2599 2418 2667 perierunt
2454 2613 2667 2652 omnes.
2704 2595 2782 2650 Ne
2813 2612 2946 2652 vero
2971 2597 3108 2667 ipsis
3145 2611 3370 2667 quoque

1794 2688 2054 2742 omuilms
2088 2687 2370 2739 videretur
2398 2687 2836 2740 internecionem
2865 2695 2920 2741 et
2951 2687 3180 2741 exitium
3226 2701 3369 2755 pra:-

1796 2781 2004 2842 dicere,
2039 2777 2162 2831 ideo
2195 2779 2294 2841 ait,
2326 2779 2378 2830 iu
2424 2778 2685 2844 pluribus.
2719 2777 2997 2842 Quoniam
3048 2777 3208 2830 uuilti
3258 2792 3366 2831 non

1795 2870 2028 2925 credunt
2059 2868 2128 2922 iis
2168 2885 2290 2936 qua:
2316 2869 2382 2922 de
2412 2868 2660 2938 gehenna
2693 2869 2978 2934 dicuntur,
3013 2878 3275 2938 tanquam
3304 2885 3367 2922 ea

1797 2963 2089 3034 praesentia
2132 2975 2244 3015 non
2290 2962 2420 3024 sint,
2471 2976 2571 3015 uec
2619 2962 2952 3029 conspicua;
2989 2977 3054 3015 ex
3097 2963 3370 3015 anteactis

1795 3058 2002 3112 evincit
2057 3063 2383 3126 peccatores
2429 3069 2458 3108 a
2501 3054 2613 3108 Deo
2659 3054 2873 3124 puniri,
2907 3052 3216 3124 quamlibet
3244 3051 3370 3106 inii-

1720 3187 1764 3243 Ο
1798 3150 1912 3202 nite
1942 3148 2122 3201 bonus
2159 3147 2251 3200 sit.

1874 3261 1890 3292 ι
1938 3241 2072 3293 Nam
2108 3239 2374 3309 prostrati
2404 3247 2532 3293 sunt
2565 3238 2616 3290 iu
2651 3237 2896 3300 deserto.
2927 3255 2944 3286 ι

1868 3333 2212 3402 luopiuatum
2241 3344 2432 3385 eorum
2475 3328 2759 3381 interitum
2790 3327 3086 3397 signiﬁcat.

1870 3423 2032 3478 Vens.
2070 3422 2122 3476 6.
2170 3421 2218 3474 7.
2278 3439 2295 3471 ι
2365 3419 2490 3473 ll-.ce
2549 3428 2730 3472 autem
2802 3419 2992 3488 ﬁgura:
3047 3418 3193 3472 facta
3239 3433 3368 3473 sunt

1795 3514 1996 3576 nostri,
2047 3521 2109 3566 ut
2160 3527 2267 3564 non
2317 3511 2496 3565 simus
2545 3510 2999 3578 concupiscentes
3048 3508 3363 3573 malorum;

1793 3605 1939 3660 sicut
1968 3612 2022 3657 et
2055 3603 2131 3655 illi
2159 3601 2579 3668 concupierunt.
2616 3597 2804 3668 Neque
2839 3599 3147 3653 idololatra:
3171 3599 3368 3652 cilicia-

1795 3693 1956 3757 miui,
1996 3693 2142 3747 sicut
2171 3690 2397 3760 quidam
2435 3705 2503 3744 ex
2540 3689 2700 3758 ipsis,
2733 3690 3198 3758 quemadmodum
3227 3691 3368 3744 scri-

1794 3792 1944 3852 ptum
1974 3791 2077 3836 cst.
2125 3801 2142 3832 ι

1864 3874 1942 3928 Νι
1973 3873 2225 3926 dicerent
2255 3871 2420 3936 :Quid
2445 3871 2510 3924 ad
2538 3886 2636 3925 nos
2668 3871 2757 3924 hic
2785 3872 3029 3940 ipsorum
3065 3873 3364 3932 interitus?

1794 3966 1984 4019 lstluec
2035 3966 2179 4017 enim
2229 3971 2452 4032 propter
2497 3977 2595 4017 nos
2643 3964 2958 4032 contigere,
2997 3972 3054 4017 ut
3089 3966 3360 4035 eiusmodi

1792 4056 2054 4123 exemplis
2105 4053 2490 4122 prudentiores
2519 4051 2898 4106 evaderemus.

1868 4165 1885 4197 ι
1947 4145 2103 4200 Sedit
2149 4144 2387 4212 populus
2434 4141 2771 4196 manducare
2802 4153 2857 4196 et
2896 4145 3118 4210 bibere,
3150 4156 3203 4201 et
3237 4164 3361 4204 sur-

1795 4248 2056 4295 rexerunt
2101 4226 2306 4290 ludere.
2367 4235 2554 4305 [Vr-ms.
2604 4235 2681 4305 8.]
2741 4234 2931 4305 Neque
2991 4237 3356 4304 fornicemur,

1795 4328 1942 4381 sicut
1968 4325 2186 4393 quidam
2222 4339 2286 4376 ex
2315 4323 2450 4389 ipsis
2483 4322 2736 4376 fornicati
2774 4335 2924 4386 sunt,
2951 4332 3005 4378 et
3039 4327 3361 4383 ceciderunt

1795 4433 1901 4471 una
1945 4417 2029 4469 die
2061 4415 2252 4483 viginti
2291 4414 2391 4466 tria
2426 4412 2616 4466 millia.
2664 4432 2682 4464 ι

191 4501 409 4568 ’Ὠσπερ
435 4501 654 4565 ἐκεῖνοι,
687 4503 870 4569 φησιν,
907 4501 1015 4554 ἀπὸ
1054 4503 1270 4573 τρυφῆς
1299 4508 1377 4568 είς
1409 4508 1689 4562 είδωλολα-
1725 4517 1767 4572 D

1725 4517 1767 4572 D
1864 4507 2337 4573 Quemadmodum
2372 4505 2449 4559 illi
2479 4519 2508 4556 a
2545 4506 2822 4574 voluptate
2853 4507 2918 4561 ad
2946 4507 3156 4563 cultum
3187 4510 3361 4565 idolo-

124 4590 309 4660 τρείαν
340 4588 646 4658 ἐξέϐησαν,
690 4590 832 4643 οὕτω
859 4592 978 4655 δέος
1024 4593 1097 4662 μὴ
1131 4597 1224 4647 καὶ
1265 4596 1422 4666 ὑμεῖς
1445 4599 1693 4653 ἐντεῦθεν

123 4683 416 4750 ἐκπέσητε.

201 4814 218 4844 ι
250 4795 405 4864 Μηδέ
437 4793 857 4864 ἐκπειράζωμεν
896 4798 989 4848 τὸν
1016 4799 1242 4867 Κύριον,
1271 4802 1453 4865 καθὼς
1485 4805 1578 4856 καί
1610 4823 1692 4858 τι-

127 4906 206 4948 νες
241 4889 424 4939 αὐτῶν
451 4887 772 4954 ἐπείρασαν,
807 4889 901 4940 καὶ
929 4889 1032 4940 ὑπὸ
1052 4891 1158 4942 τῶν
1182 4893 1359 4959 ὄφεων
1392 4895 1689 4951 ἀπώλοντο.

124 4979 272 5048 Μηδὲ
304 4975 626 5044 γογγύζετε,
662 4977 843 5040 καθώς
870 4997 1016 5042 τινες
1042 4982 1222 5034 αὐτῶν
1255 4985 1579 5052 ἐγόγγυσαν,
1599 4989 1692 5040 καὶ

125 5071 405 5122 ἀπώλοντο
453 5069 558 5119 ὑπὸ
611 5069 705 5120 τοῦ
764 5069 1106 5138 ὀλοθρευτοῦ.
1159 5073 1344 5126 Ταῦτα
1397 5077 1452 5128 δὲ
1516 5079 1693 5131 πάντα

123 5161 280 5213 τύποι
325 5159 643 5212 συνέϐαινον
680 5163 933 5224 ἐκείνοις.
981 5164 1228 5234 Ἐγράφη
1260 5167 1316 5219 δὲ
1346 5168 1482 5238 πρὸς
1511 5171 1694 5223 νουοε-

131 5254 244 5304 σίαν
277 5252 456 5321 ἡμῶν.
493 5270 510 5300 ι

193 5345 292 5396 Διά
322 5344 520 5396 τούτου
550 5344 736 5413 ἕτερον
764 5345 1063 5398 αἰνίττεται
1093 5348 1366 5418 ἔγκλημα,
1387 5352 1415 5403 ὃ
1443 5353 1694 5418 καὶπρὸς

127 5437 199 5502 τῷ
232 5435 379 5488 τέλει
411 5434 647 5503 τίθησιν,
699 5437 950 5502 ἐγκαλῶν
978 5431 1164 5502 αὐτοῖς
1185 5441 1264 5492 ὅτι
1294 5458 1358 5493 πε
1371 5445 1420 5510 pi.
1449 5445 1692 5511 σημείων

131 5526 413 5596 ἐμάχοντο,
446 5528 540 5578 καὶ
576 5527 683 5578 τῶν
727 5529 1051 5597 πειρασμῶν
1090 5530 1146 5581 δὲ
1173 5532 1358 5586 ἕνεκεν
1385 5551 1396 5562 ·
1428 5534 1693 5595 ἐξελοῖντο

134 5619 232 5688 γὰρ
275 5621 316 5682 ¹,
356 5619 606 5684 λέγοντες
627 5636 640 5649 ·
679 5619 816 5670 Πότε
848 5618 965 5686 ἣξει
995 5619 1062 5671 τὰ
1093 5621 1419 5690 ἁγαθώτερα
1452 5622 1689 5688 ἕπαο>.α;

1798 4618 1918 4655 rum
1943 4601 2306 4660 transierunt,
2352 4599 2424 4652 ita
2453 4599 2806 4654 metuendum
2832 4606 2937 4664 cst,
2970 4615 3038 4654 ne
3067 4600 3194 4655 inde
3226 4618 3363 4670 quo.

1797 4710 1903 4762 que
1946 4708 2040 4747 vos
2067 4692 2361 4747 exeidatis.

1868 4808 2033 4862 Vsus.
2067 4809 2217 4861 9-H.
2259 4826 2277 4856 ‹
2313 4805 2500 4875 Neque
2546 4813 2826 4858 teutemus
2863 4806 3176 4869 Dominum,
3219 4808 3365 4861 sicut

1797 4906 1849 4952 et
1870 4898 2094 4966 quidam
2125 4902 2499 4958 teutaveruut,
2531 4904 2584 4948 ct
2609 4910 2636 4946 a
2673 4896 3021 4962 serpentibus
3059 4897 3362 4964 perierunt.

1801 4989 1984 5057 Neque
2066 4987 2588 5049 murmuraveritis,
2655 4987 2797 5039 sicut
2869 4986 3093 5054 quidam
3177 5003 3365 5042 eorum

1802 5090 2309 5142 murmuraverunt,
2362 5089 2416 5133 et
2468 5080 2748 5146 perierunt
2795 5077 2864 5131 ab
2914 5078 3359 5134 cxterminatore.

1801 5172 1926 5225 ll:ec
1983 5180 2166 5225 autem
2215 5169 2400 5224 omnia
2456 5171 2508 5222 in
2562 5170 2732 5238 tigura
2787 5168 3184 5238 contingebant
3228 5171 3362 5224 illis.

1803 5262 2018 5329 Scripta
2052 5269 2232 5314 autem
2265 5268 2395 5313 sunt
2428 5260 2492 5311 ad
2527 5258 2934 5326 correptionem
2969 5266 3238 5310 nostram.
3273 5276 3291 5308 ι

1875 5351 1973 5406 llis
2005 5353 2191 5405 verbis
2223 5352 2432 5403 crimen
2461 5348 2691 5400 alterum
2730 5347 2928 5405 innuit.
2963 5345 3112 5413 quod
3163 5346 3218 5398 in
3262 5347 3369 5398 lino

1801 5443 2019 5496 tandem
2051 5441 2226 5508 ponit,
2253 5454 2350 5493 eos
2372 5436 2654 5507 arguendo
2686 5434 2830 5503 quod
2860 5433 2926 5486 de
2959 5433 3134 5502 signis
3163 5449 3366 5502 pugna-

1802 5543 1946 5589 rent.
1980 5533 2294 5598 Quiuetiam
2327 5531 2396 5584 ob
2425 5531 2758 5583 teutationcs
2794 5527 3231 5586 murmurahant,
3277 5524 3366 5575 di-

1801 5623 2013 5677 cendo:
2053 5623 2274 5677 Utinam
2311 5620 2682 5676 auferreutur.
2719 5616 3082 5684 Quandonam
3137 5615 3365 5670 meliora

1415 5737 1643 5791 VARIJ‘L
1685 5736 2078 5793 LECTIUNES.

1074 5833 1096 5845 υ

204 5830 220 5866 t
258 5827 404 5897 Lt'gt)
441 5847 503 5884 ex
536 5832 820 5887 CIIIWSQSL
861 5833 1156 5899 5...,;.‘..‘..d;w
