4230 6438
221 414 329 481 649

1361 400 1439 459 ΙΝ
1482 398 1715 458 EPIST.
1764 396 1860 452 AD
1892 393 2244 453 CORINTH.
2292 394 2338 451 Ι.

3323 393 3426 455 650

298 546 316 576 ι
354 527 475 577 Ὀτι
504 518 582 586 εἷς
608 522 789 590 άρτος,
818 520 876 571 ἓν
898 519 1057 587 σῶμα
1086 518 1134 568 οἱ
1165 512 1346 567 πολλοί
1374 515 1538 580 ἐσμεν
1559 529 1572 541 ο
1596 511 1644 561 οἱ
1670 508 1777 578 γάρ
1809 513 1853 564 Α
1954 503 1968 545 Ἰ

1754 513 1853 578 ρΑ
1954 503 2115 557 Vens.
2155 504 2240 558 17.
2302 524 2321 555 ι
2369 504 2640 569 Quoniam
2681 520 2823 559 unus
2874 506 3048 574 panis,
3085 522 3251 560 unum
3300 523 3424 562 cor-

224 618 423 678 πάντες
452 618 516 667 ὲκ
541 612 635 664 τοῦ
668 612 784 672 ἐνὸς
815 611 982 680 ἄρτου
1015 608 1334 677 μετέχομεν.
1379 628 1394 654 ο

294 797 359 849 Τί
388 797 528 862 λέγω
562 794 867 855 κοινωνίαν,
904 793 1067 861 φησιν
1086 830 1102 853 ,
1145 790 1275 841 αὐτό
1303 791 1470 856 ἐσμεν
1517 787 1692 838 έκεῖνο
1719 785 1782 836 τὸ

226 890 405 958 σῶμα.
436 890 494 941 Ὁ
514 886 622 956 γὰρ
645 885 807 956 άρτος
832 883 991 953 σῶμά
1015 884 1129 934 ἐστι
1148 878 1406 949 Χριστοῦ,
1429 879 1524 932 καὶ
1544 880 1592 930 οἰ
1616 895 1779 947 μετα-

225 980 590 1051 λαμϐάνοντες
618 977 673 1030 δὲ
699 1018 714 1041 ,
754 976 912 1044 σῶμα
938 976 1199 1042 γίνονται,
1240 972 1363 1040 οὐχὶ
1396 971 1622 1040 σώματα
1651 969 1780 1022 πολ-

224 1075 312 1137 λὰ,
341 1073 477 1126 ἀλλὰ
516 1071 675 1139 σῶμα
721 1070 796 1121 ἓν.
856 1068 1118 1134 Καθάπερ
1159 1067 1189 1115 ὁ
1231 1064 1394 1132 ἄρτος
1449 1064 1513 1115 ἐκ
1571 1061 1780 1113 πολλῶν

226 1164 584 1232 συγκείμενος
615 1159 828 1213 κόκκων
848 1159 1070 1228 ἥνωται,
1098 1155 1172 1218 ὼς
1199 1154 1463 1224 μηδαμῶς
1496 1152 1780 1220 φαίνεσθαι

222 1256 350 1315 τοὺς
391 1255 622 1313 κόκκους
641 1293 655 1313 ,
686 1250 801 1306 ἀλλ’
835 1245 973 1301 εἶναι
1003 1248 1101 1317 μὲν
1126 1249 1341 1309 αὐτοὺς,
1372 1245 1566 1314 ἄδηλον
1598 1244 1655 1297 δὲ
1682 1247 1781 1298 αὐ-

224 1344 334 1396 τῶν
358 1340 496 1396 εἶναι
527 1342 624 1412 τὴν
650 1338 910 1408 διαφοράν
939 1340 1005 1407 τῇ
1055 1333 1318 1404 συνάφεια
1339 1374 1354 1398 ,
1388 1334 1531 1386 οὕτω
1561 1334 1654 1387 καὶ
1686 1334 1779 1386 ἀλ-

224 1434 406 1504 λήλοις
432 1436 527 1486 καὶ
552 1433 629 1501 τῷ
680 1430 899 1501 Χριστῷ
950 1426 1351 1495 συναπτόμεθα.
1400 1427 1535 1478 Οὐδὲ
1578 1425 1687 1496 γάρ
1723 1425 1783 1489 ἐξ

222 1524 385 1579 ἄλλου
412 1526 512 1594 μὲν
535 1524 780 1594 σώματος
809 1522 988 1585 ἄλλος,
1019 1520 1075 1586 ἐξ
1104 1519 1262 1588 ᾇλλου
1300 1519 1357 1571 δὲ
1403 1520 1560 1580 ἄλλος
1588 1517 1784 1588 τρέφε-

222 1633 334 1680 ται,
358 1616 474 1668 ἀλλ’
499 1614 558 1677 ἐξ
586 1616 748 1668 αὐτοῦ
771 1614 992 1674 πάντες.
1025 1611 1116 1663 Διό
1155 1627 1318 1678 φησιν
1341 1625 1356 1639 ·
1389 1613 1453 1661 Οί
1490 1610 1600 1677 γὰρ
1628 1607 1781 1661 πάν-

222 1723 324 1770 τες
356 1707 425 1758 ἐκ
470 1707 575 1759 τοῦ
616 1704 754 1769 ἐνὸς
813 1701 992 1771 ἄρτου
1015 1700 1359 1768 μετέχομεν.
1397 1700 1458 1751 Εἰ
1502 1699 1558 1751 δὲ
1588 1701 1651 1751 ἐκ
1687 1698 1780 1751 τοῦ

220 1796 420 1859 αὐτοῦ,
454 1798 549 1848 καὶ
578 1796 640 1848 τὸ
670 1794 804 1847 αὐτὸ
839 1791 1099 1860 γινόμεθα
1127 1791 1345 1855 πάντες,
1379 1790 1466 1843 διὰ
1494 1791 1547 1842 τί
1582 1790 1656 1860 μὴ
1688 1791 1782 1843 καὶ

220 1889 321 1958 τὴν
340 1890 512 1957 αὐτὴν
534 1886 751 1954 ἀγάπην
778 1882 1219 1953 ἐπιδεικνύμεθα,
1242 1883 1337 1935 καὶ
1357 1881 1618 1953 γινόμεθα
1643 1880 1783 1935 κατὰ

220 1980 381 2032 τοῦτο
406 1981 465 2032 ἒν
485 1997 502 2043 ;

294 2170 315 2203 ι
337 2150 572 2203 Βλέπετε
587 2152 677 2204 τὸν
704 2150 925 2221 Ἰσραὴλ
952 2149 1094 2203 κατά
1116 2148 1316 2219 σάρκα.
1340 2148 1475 2218 Οὐχὶ
1500 2149 1547 2200 οἰ
1578 2146 1785 2199 ἐσθίον-

212 2259 308 2305 τες
336 2243 434 2304 τὰς
453 2244 658 2306 θυσίας,
688 2243 934 2296 κοινωνοὶ
962 2241 1058 2295 τοῦ
1082 2242 1471 2312 θυσιαστηρίου
1491 2241 1591 2292 οὐκ
1616 2239 1781 2306 εἰσίν;

212 2333 270 2387 τί
294 2329 432 2398 οὖν;
458 2334 619 2403 φημί.
659 2352 678 2383 ι

300 2425 520 2495 Ἐπειδὴ
555 2426 742 2479 πολλοὶ
765 2425 861 2478 τοῦ
897 2424 1157 2495 μεγέθους
1183 2424 1292 2476 τῶν
1324 2422 1622 2492 λεχθέντων
1642 2417 1784 2492 ἦσαν

210 2516 611 2586 ταπεινότεροι,
638 2517 747 2570 ἀπὸ
793 2516 903 2570 τῶν
931 2515 1214 2587 προτέρων
1243 2515 1439 2577 αὐτοὺς
1465 2513 1643 2566 πείθει
1689 2516 1785 2567 καὶ

215 2605 486 2675 συνήθων.
514 2608 623 2659 Καὶ
652 2607 832 2668 καλῶς
870 2607 1066 2674 σάρκα
1115 2607 1299 2675 φησὶν,
1330 2604 1405 2667 ὡς
1426 2605 1605 2658 αὐτῶν
1644 2604 1785 2658 κατὰ

215 2695 441 2766 πνεῦμα
462 2696 647 2753 ὄντων.
685 2700 749 2751 ’Ὀ
773 2698 830 2750 δὲ
872 2699 1020 2766 λέγει
1060 2696 1299 2750 τοιοῦτόν
1322 2696 1492 2749 ἐστιν·
1524 2698 1642 2751 Κᾶν
1676 2697 1784 2750 ἀπὸ

210 2789 327 2842 τῶν
357 2790 681 2861 παχυτέρων
707 2792 1051 2860 παιδευθῆτε.

301 2989 322 3022 ι
358 2970 482 3023 Ὅτι
534 2969 770 3032 εἴδωλον,
804 2972 857 3023 τὶ
893 2972 1072 3035 ἐστίν;
1112 2971 1145 3038 ἢ
1188 2973 1270 3024 δτι
1323 2970 1687 3031 εἰδωλόθυτον,
1731 2972 1783 3023 τὶ

212 3064 399 3130 ἔστίνς
429 3063 544 3116 ἀλλ’
572 3061 710 3115 ὅτιᾶ
742 3061 861 3114 θύει
887 3062 956 3114 τὰ
993 3062 1143 3131 ἔθνη,
1178 3062 1476 3131 δαιμονίοις
1522 3062 1657 3127 θύει,
1690 3063 1784 3113 καὶ

1877 609 1981 663 pus
2011 597 2164 648 multi
2196 612 2407 650 sumus.
2433 594 2632 649 Omnes
2660 596 2809 649 enim
2840 594 2907 647 de
2939 611 3046 649 uno
3084 611 3222 666 pane
3256 601 3427 667 parti-

1877 687 2146 756 cipamus.
2185 706 2204 738 ι

1946 778 2087 844 Quid
2121 782 2561 834 communionem
2591 778 2737 843 dico,
2773 778 2993 849 inquit?
3022 780 3310 848 ipsmnmet
3332 796 3430 835 nos

1881 870 2013 924 illud
2048 884 2247 938 corpus
2275 886 2486 925 sumus.
2514 870 2650 923 Nam
2690 871 2843 939 panis
2864 878 2949 925 est
2978 885 3179 940 corpus
3206 870 3429 935 Christi,

1881 962 2083 1030 quique
2129 962 2197 1016 de
2241 977 2304 1015 eo
2350 963 2651 1030 accipiunt,
2705 976 2907 1030 corpus
2949 963 3071 1030 ejus
3104 961 3281 1016 ﬁunt:
3325 979 3434 1017 non

1881 1053 2051 1107 multa
2088 1069 2345 1123 corpora,
2389 1054 2484 1107 sed
2523 1070 2689 1107 unum
2724 1069 2944 1121 corpus.
2986 1053 3146 1109 Velut
3179 1056 3334 1123 panis
3367 1072 3434 1108 ex

1882 1145 2073 1198 multis
2116 1147 2302 1215 granis
2349 1154 2701 1213 compactus,
2763 1147 2845 1200 sic
2902 1162 3043 1201 unus
3090 1146 3324 1200 eﬁicitnr
3373 1157 3435 1200 ut

1887 1251 2159 1307 nusquam
2185 1252 2350 1304 grana
2368 1248 2681 1307 appareant;
2712 1239 2828 1302 sed,
2850 1238 2952 1292 etsi
2988 1248 3279 1306 supersunt
3318 1238 3435 1301 illa,

1882 1328 2245 1382 animadverti
2276 1345 2381 1384 non
2424 1331 2603 1398 possit
2632 1343 2825 1383 eorum
2866 1330 3173 1383 ditierentia
3216 1340 3437 1400 propter

1882 1420 2326 1489 eonjnnetionem
2359 1441 2370 1475 :
2404 1423 2478 1475 ita
2503 1429 2557 1476 et
2589 1437 2691 1476 nos
2720 1422 2946 1491 perinde
2975 1423 3206 1476 invicem
3235 1432 3435 1477 etcum

1882 1511 2106 1566 Christo
2172 1513 2511 1580 copulamur.
2576 1512 3010 1583 Haudquaquam
3078 1515 3224 1568 enim
3294 1515 3439 1568 alius

1882 1604 2105 1673 quidem
2140 1620 2203 1657 ex
2236 1605 2347 1658 alio
2376 1619 2607 1673 corpore
2635 1606 2826 1669 alitur,
2864 1608 3004 1660 alius
3040 1622 3171 1660 vero
3200 1622 3267 1662 ex
3291 1608 3437 1671 alio;

1882 1696 1979 1750 sed
2030 1711 2094 1749 ex
2155 1696 2345 1749 eodem
2385 1712 2598 1751 omnes.
2651 1697 3020 1763 Quamobrem
3060 1699 3135 1751 ait
3178 1718 3193 1753 :
3248 1698 3439 1752 Omnes

1882 1789 2018 1840 enim
2043 1802 2108 1840 ex
2129 1804 2231 1840 uno
2262 1804 2397 1854 pane
2426 1788 2828 1857 participandas.
2861 1789 3017 1855 Quod
3050 1791 3096 1843 si
3135 1805 3200 1843 ex
3227 1788 3439 1851 eodem,

1883 1880 1993 1933 imo
2037 1887 2092 1933 et
2139 1880 2281 1933 idem
2316 1896 2507 1934 sumus
2552 1895 2782 1943 omnes;
2818 1882 2948 1951 quid
2989 1896 3169 1935 causa!
3200 1892 3303 1944 est,
3342 1898 3444 1936 cur

1882 1982 1991 2021 non
2053 1970 2303 2023 eamdem
2369 1985 2591 2040 quoque
2649 1970 3002 2026 dilectionem
3061 1972 3440 2042 piazl‘eramus,

1884 2060 2095 2130 hacque
2138 2063 2348 2115 ratione
2382 2077 2551 2116 unum
2584 2061 2925 2117 elﬁciamur?

1953 2150 2120 2208 Vsus.
2156 2154 2244 2217 18,
2281 2155 2363 2209 l9.
2398 2175 2417 2207 ι
2445 2156 2635 2210 Videte
2663 2154 2834 2211 Israel
2867 2160 3170 2214 secundum
3197 2174 3439 2213 carnem.

1881 2244 2080 2299 Nonne
2105 2245 2197 2314 qui
2230 2245 2403 2299 edunt
2434 2246 2669 2310 hostias,
2721 2248 3015 2316 participes
3056 2258 3184 2304 sunt
3213 2248 3446 2302 altaris?

1881 2335 2013 2404 quid
2051 2336 2219 2407 ergo?
2256 2336 2408 2390 Dico.
2451 2357 2469 2389 ι

1953 2426 2094 2493 Quia
2127 2427 2375 2497 plerique
2408 2428 2733 2485 humiliores
2774 2438 2932 2483 erant
2953 2469 2968 2491 ,
2999 2443 3165 2495 quam
3202 2438 3258 2484 ut
3292 2443 3445 2483 asse—

1883 2517 1976 2584 qui
2010 2525 2234 2585 possent
2266 2533 2386 2586 quar
2414 2519 2767 2584 dicebantur,
2800 2536 2831 2574 a
2865 2521 3118 2589 pristinis
3167 2529 3221 2577 et
3282 2521 3442 2577 fami-

1885 2606 2118 2662 liaribus
2150 2623 2245 2663 eos
2280 2610 2594 2678 persuadet.
2649 2610 2714 2663 Et
2752 2611 3006 2680 apposite
3047 2611 3215 2676 dicit,
3260 2630 3447 2667 secun-

1882 2698 2009 2751 dum
2044 2715 2295 2765 carnem;
2333 2701 2535 2772 quippe
2562 2717 2687 2756 eum
2713 2704 2816 2771 Ipsi
2863 2702 2993 2756 illud
3029 2711 3212 2758 essent
3244 2719 3443 2759 secun-

1882 2790 2012 2844 dum
2072 2792 2352 2860 spiritum.
2416 2794 2575 2859 Quod
2622 2808 2751 2848 vero
2803 2794 2901 2859 ait,
2959 2794 3065 2848 hoc
3122 2794 3440 2864 signiﬁcat:

1882 2881 2099 2937 Utinam
2128 2882 2319 2937 saltem
2358 2898 2390 2937 a
2429 2885 2796 2939 erassioribus
2816 2886 3142 2940 erndiamini

1958 2989 1977 3021 ι
2023 2970 2177 3036 Quod
2220 2971 2425 3025 idolum
2458 2973 2530 3026 sit
2568 2972 2811 3041 aliquid?
2835 2972 2991 3038 Quod
3045 2975 3207 3028 idolis
3246 2975 3444 3029 immo-

1884 3060 2051 3114 latum
2112 3063 2187 3115 sit
2260 3062 2504 3131 aliquid?
2557 3062 2746 3133 [Vens
2799 3062 2913 3135 20.]
2979 3065 3084 3118 Sed
3137 3067 3282 3135 quod
3325 3084 3446 3137 qua:

211 3156 276 3208 ού
305 3154 450 3223 Θεῷ.
473 3153 549 3206 Οὐ
575 3152 715 3209 θέλω
740 3152 796 3205 δὲ
836 3152 979 3222 ὑμᾶς
1014 3153 1308 3215 κοινωνοὺς
1342 3152 1451 3205 τῶν
1489 3152 1781 3223 δαιμονίων
1810 3180 1852 3237 C

1774 3170 1852 3237 lc
1884 3152 2171 3207 innnolant
2216 3163 2452 3222 gentes,
2507 3154 2793 3210 daemoniis
2851 3155 3167 3219 immolant,
3216 3167 3271 3213 et
3336 3174 3444 3213 non

212 3245 486 3316 γίνεσθαι.
518 3264 539 3297 ι

284 3415 475 3469 Εἰπὼν
497 3416 580 3467 δτι
608 3414 854 3467 κοινωνοὶ
878 3413 972 3466 τοῦ
1006 3413 1391 3486 θυσιαστηρίου
1425 3417 1586 3478 εἰσιν,
1614 3417 1776 3487 φοϐη-

214 3507 333 3569 θεὶς
366 3506 443 3576 μὴ
471 3505 594 3574 δόξῃ
619 3504 804 3574 ὥσπερ
840 3505 991 3572 ἰσχὺν
1019 3506 1251 3573 ἐχόντων
1273 3505 1381 3558 τῶν
1412 3506 1645 3559 εἰδώλων
1667 3507 1781 3559 δια-

212 3598 496 3668 λέγεσθαι,
536 3600 631 3650 καὶ
676 3598 988 3663 δυναμένων
1048 3596 1273 3665 βλάψαι,
1328 3600 1431 3667 δρα
1479 3598 1596 3661 πῶς
1646 3601 1784 3653 αύτὰ

212 3691 496 3755 καθαιρεῖ,
535 3688 818 3757 μονονουχὶ
845 3687 1039 3754 λέγων’
1085 3687 1269 3740 Ταῦτα
1293 3689 1455 3756 λέγω,
1490 3690 1644 3759 φησι,
1693 3692 1785 3743 καὶ

211 3782 439 3846 ἁπάγω,
467 3780 566 3848 οὐχ
594 3779 669 3841 ὡς
696 3780 1012 3847 δυναμένων
1044 3779 1244 3847 βλάψαι
1288 3797 1342 3831 τι
1392 3780 1499 3833 τῶν
1530 3780 1782 3848 εἰδώλων,

212 3876 310 3928 καὶ
339 3872 493 3941 ἰσχὺν
523 3871 784 3939 ἐχόντων’
813 3871 965 3922 οὐδὲν
995 3872 1104 3940 γάρ
1132 3874 1270 3923 εἰσιν
1296 3888 1311 3903 ·
1340 3870 1477 3923 ἀλλὰ
1524 3872 1784 3943 βούλομαι

212 3965 581 4033 καταφρονεῖν
615 3963 793 4016 αὐτῶν
820 3962 982 4031 ὑμᾶς,
1031 3963 1127 4014 καὶ
1191 3962 1380 4016 τούτου
1432 3964 1614 4034 χάριν,
1648 3966 1787 4033 μετὰ

215 4054 463 4123 σπουδῆς
503 4052 796 4122 ἀποτρέπω
819 4050 930 4103 τῶν
965 4048 1225 4103 τοιούτων
1260 4050 1588 4122 βρωμάτων,
1620 4054 1701 4107 ὅτι
1721 4057 1782 4108 οὐ

214 4148 556 4216 προσάγεται
605 4145 684 4215 τῷ
712 4143 850 4213 Θεῷ.
886 4143 976 4196 Διό
1021 4160 1214 4213 φησιν·
1268 4144 1329 4197 Ἃ
1375 4145 1485 4213 γὰρ
1536 4146 1663 4199 θύει
1712 4148 1785 4200 τὰ

213 4240 385 4307 ἔθνη,
411 4239 739 4307 (Samariam
761 4239 907 4301 θύει,
935 4236 1037 4290 καὶ
1054 4239 1127 4291 οὺ
1163 4236 1304 4302 Θεῷ.

294 4543 319 4577 ι
356 4525 432 4579 Οὐ
463 4523 692 4577 δύνασθε
716 4527 976 4595 ποτήριον
1017 4528 1225 4598 Κυρίου
1258 4530 1459 4593 πίνειν,
1486 4531 1581 4581 καὶ
1611 4532 1778 4601 ποτή-
1812 4524 1856 4577 D

220 4633 341 4686 ριον
372 4615 682 4683 δαιμονίων.
726 4615 801 4666 Οὐ
834 4614 1065 4669 δύνασθε
1100 4618 1381 4690 τραπέζης
1420 4619 1626 4690 Κυρίου
1660 4636 1785 4689 μετ-

218 4710 392 4778 έχειν,
420 4710 514 4760 καὶ
540 4711 817 4780 τραπέζης
846 4710 1161 4780 δαιμονίων.
1199 4730 1219 4762 ι

289 4887 657 4958 Χρησάμενος
705 4886 783 4957 τῷ
825 4887 967 4940 κατὰ
1017 4890 1336 4956 παραίνεσιν
1386 4890 1550 4959 λόγῳ,
1583 4891 1783 4960 χρῆται

215 4981 408 5036 λοιπὸν
429 4980 524 5032 καὶ
543 4979 622 5049 τῷ
644 4979 998 5050 ἀποφαντικῷ
1026 4984 1118 5034 καὶ
1143 4982 1461 5051 αὐθεντικῷ,
1486 4983 1579 5035 καὶ
1597 4985 1783 5053 ἀρκεῖ-

216 5092 310 5128 ται
346 5075 462 5134 τοίς
490 5073 715 5143 ὀνόμασι
752 5074 933 5142 μόνοις
965 5077 1044 5136 εἰς
1065 5076 1165 5144 τὴν
1210 5076 1533 5144 ἀπαγωγὴν,
1563 5078 1782 5143 Κυρίου

220 5165 532 5232 ποτήριον,
557 5166 655 5216 καί
681 5163 979 5232 δαιμόνων
1005 5165 1311 5233 ποτήριον,
1336 5166 1533 5232 λέγων.

298 5362 317 5394 ι
356 5342 432 5394 Ἦ
460 5341 882 5413 παραζηλοῦμεν
916 5342 1008 5396 τὸν
1054 5343 1287 5413 Κύριον;
1328 5342 1403 5412 μὴ
1449 5342 1780 5411 ἰσχυρότεροι

220 5434 387 5489 αὑτοῦ
420 5436 584 5505 ἐσμεν
607 5453 622 5501 ;
659 5454 678 5487 ι

294 5529 579 5589 Τουτέστι,
620 5530 960 5599 Πειράζομεν
1010 5532 1190 5597 αὐτὸν,
1228 5532 1276 5583 εἰ
1303 5531 1523 5584 δύναται
1553 5532 1779 5584 κολάσαι

222 5620 394 5687 ἡμᾶς,
434 5618 529 5670 καὶ
556 5618 959 5688 παρακνίζομεν
987 5622 1171 5681 αὐτὸν,
1207 5619 1342 5689 πρὸς
1389 5623 1516 5683 τοὺς
1558 5621 1781 5673 ὑπεναν-

224 5713 372 5772 τίους
419 5710 846 5779 ἀποχωροῦντες.
885 5712 1055 5764 Τοῦτο
1080 5712 1137 5763 δὲ
1158 5707 1332 5776 εἶπεν,
1355 5713 1781 5783 ἀναμιμνήσκων

222 5800 425 5863 αὐτοὺς
450 5799 678 5863 παλαιᾶς
712 5801 967 5871 ἱστορίαι..
991 5800 1081 5853 Διὸ
1113 5803 1204 5853 καὶ
1232 5805 1298 5875 τῇ
1322 5802 1465 5869 λέξει
1495 5802 1667 5874 ταύτῃ
1687 5805 1780 5858 κέ-

550 5896 820 5959 Parnm.
865 5897 981 5959 Gn.
1028 5896 1208 5960 XCV.

1884 3243 2015 3299 Deo.
2092 3245 2231 3300 Nolo
2298 3257 2483 3300 autem
2551 3262 2652 3303 vos
2717 3249 2899 3304 socios
2964 3249 3078 3305 ﬁeri
3146 3252 3442 3307 dannonio-

1885 3349 2025 3387 rum.
2075 3354 2094 3386 1

1950 3426 2059 3495 97
2111 3426 2252 3493 Quia
2297 3428 2515 3483 dixerat
2563 3444 2661 3485 eos
2705 3430 2899 3485 altaris
2932 3432 3229 3502 participes
3280 3449 3443 3493 esse.

1882 3519 2092 3573 veritus
2126 3534 2196 3573 ne
2232 3520 2301 3575 de
2354 3521 2520 3576 idolis
2560 3521 2780 3577 locutus
2818 3530 3129 3593 putaretur,
3175 3538 3238 3579 ac
3284 3525 3332 3579 si
3380 3541 3443 3579 ea

1884 3609 2142 3679 loquendi
2176 3609 2443 3665 facultate
2470 3611 2765 3680 pollerent,
2801 3623 2895 3668 aut
2923 3617 3116 3683 quovis
3150 3614 3312 3669 modo
3346 3632 3446 3669 no—

1885 3714 2010 3756 cere
2054 3709 2307 3770 possent,
2354 3703 2590 3758 observa
2643 3718 2752 3774 quo
2794 3714 2955 3774 pacto
3006 3706 3123 3761 haec
3166 3707 3442 3772 destruat,

1884 3793 2154 3861 ejusmodi
2202 3793 2317 3848 fere
2352 3795 2551 3851 verbis.
2586 3794 2714 3850 Haec
2746 3798 2851 3861 aio,
2911 3799 3112 3867 inquit,
3146 3808 3202 3854 et
3242 3801 3441 3855 abduci

1887 3883 2115 3953 suadeo,
2144 3900 2254 3940 non
2282 3887 2442 3955 quasi
2464 3888 2614 3942 idola
2647 3889 2956 3944 detrimenti
2987 3891 3196 3962 aliquid
3226 3893 3443 3947 valeant

1886 3974 2109 4041 inferre,
2146 3990 2380 4046 eamque
2421 3979 2530 4032 vim
2559 3978 2801 4034 habeant
2845 3980 2994 4050 (nam
3046 3982 3182 4037 nihil
3213 3999 3442 4053 prorsus

1887 4068 2059 4135 sunt),
2098 4067 2231 4135 quin
2276 4068 2460 4136 potius
2495 4069 2622 4123 volo
2653 4078 2708 4123 ιιι
2769 4086 2830 4125 ea
2882 4070 3221 4141 despiciatis,
3275 4084 3441 4146 atque

1888 4158 2095 4211 idcirco
2124 4161 2274 4213 omni
2307 4160 2492 4215 studio
2523 4161 2798 4215 contendo
2837 4174 3087 4219 avertere
3118 4181 3218 4221 vos
3252 4182 3283 4221 a
3315 4169 3439 4222 tali-

1886 4248 1988 4301 bus
2009 4248 2169 4310 cibis,
2191 4249 2322 4318 quia
2351 4263 2461 4303 non
2486 4249 2793 4305 offeruntur
2810 4251 2940 4308 Deo.
2968 4254 3238 4320 Quocirca
3268 4257 3400 4313 dicit
3424 4279 3436 4313 :

1888 4338 2017 4403 Qua:
2063 4341 2203 4392 enim
2240 4351 2415 4410 gentes
2463 4341 2764 4411 immolant,
2818 4344 3093 4399 daemoniis
3124 4348 3437 4414 immolant,

1885 4439 1933 4482 et
1962 4446 2066 4482 non
2094 4430 2223 4484 Deo.

1966 4540 1985 4570 ‹
2021 4520 2138 4575 Νοιι
2180 4524 2416 4591 potestis
2447 4524 2677 4578 calicem
2724 4525 2941 4580 Domini
2980 4526 3187 4591 bibere,
3218 4536 3273 4584 et
3302 4532 3438 4585 cali-

1885 4627 1999 4667 cem
2041 4612 2455 4668 daemoniorum.
2497 4612 2686 4685 [Vsns.
2724 4614 2839 4687 2L]
2867 4615 2986 4671 Non
3012 4618 3244 4687 potestis
3281 4635 3437 4674 men-

1885 4718 1959 4757 sa:
1996 4700 2211 4757 Domini
2259 4704 2556 4772 participes
2589 4720 2734 4771 esse,
2780 4716 2835 4760 et
2895 4722 3097 4762 mensa:
3144 4709 3439 4765 daemonio-

1883 4808 2027 4845 rum.
2066 4812 2084 4843 ι

1953 4889 2267 4956 ιΡοειιιιιιιιιι
2301 4885 2688 4941 adhortatione
2726 4904 2864 4942 usus
2895 4899 3003 4954 est,
3038 4906 3187 4946 nunc
3215 4900 3438 4947 senten—

1888 4976 2017 5030 tiam
2048 4974 2275 5031 ferendo
2316 4985 2374 5030 et
2418 4993 2543 5031 eum
2580 4980 2911 5034 auctoritate
2946 4982 3215 5051 loquitur.
3263 4983 3441 5052 Atque

1888 5068 2205 5123 nominibus
2276 5068 2546 5124 duntaxat
2611 5078 2869 5141 tanquam
2933 5072 3001 5125 ad
3059 5073 3439 5151 abducendum

1889 5160 2105 5216 idoneis
2140 5162 2332 5225 utitur,
2367 5175 2495 5215 cum
2542 5163 2637 5226 ait,
2689 5163 2905 5217 Domini
2946 5166 3183 5231 calicem,
3221 5176 3272 5220 et
3310 5168 3442 5221 cali-

1887 5269 1994 5306 cem
2031 5254 2427 5308 dwmouiorum.

1965 5364 1984 5395 ‹
2025 5347 2108 5398 An
2145 5346 2466 5400 animlamur
2518 5347 2843 5401 Dominum?
2886 5350 3135 5419 nunquid
3182 5349 3440 5405 fortiores

1886 5437 1983 5492 illo
2014 5440 2240 5491 sumus?
2268 5456 2287 5486 ι

1956 5528 2009 5580 Id
2042 5536 2146 5589 est,
2194 5543 2261 5580 an
2313 5537 2590 5582 tentamus
2618 5544 2765 5593 eum,
2798 5545 2929 5583 num
2980 5534 3153 5600 possit
3191 5548 3292 5588 nos
3339 5550 3440 5602 pu-

1887 5621 2031 5682 nire,
2082 5628 2176 5672 aut
2226 5635 2351 5672 eum
2389 5620 2737 5687 lacessimus,
2775 5623 2841 5675 ad
2901 5623 3021 5691 ejus
3080 5627 3266 5679 hostes
3304 5627 3442 5679 deﬁ--

1888 5710 2126 5764 ciendo?
2166 5708 2281 5762 Hoc
2335 5724 2499 5778 porro
2549 5710 2706 5776 dicit,
2757 5715 3254 5769 commonefaciens
3318 5718 3441 5769 illos

1888 5803 2133 5859 historiae
2186 5803 2405 5858 veteris.
2444 5801 2660 5857 Idcirco
2690 5805 2932 5863 eamdem
2978 5820 3161 5858 vocem
3210 5816 3441 5874 usurpat

3048 5896 3114 5956 €21
