4230 6438
835 403 927 463 651
1985 405 2046 461 S.
2079 401 2394 461 JOANNIS
2433 402 2855 462 DAMASCENI

3929 401 4036 466 052

834 533 938 585 qua
982 518 1253 587 quondam
1285 519 1497 588 Moyses
1531 506 1658 589 erga
1700 518 1939 584 Judzcos,
1984 533 2126 588 quos
2153 533 2217 570 ex
2261 531 2382 584 per-
2412 523 2456 577 Α
2484 535 2504 585 )

2364 547 2382 556 -
2412 523 2456 577 Α
2484 535 2702 588 χρηται,
2804 518 3062 588 καὶπρὸς
3101 520 3226 582 τοὺς
3282 518 3564 582 Ἰουδαίους
3599 519 3837 585 Μωῦσὶις
3874 518 4034 589 ἐχρή-

838 624 974 662 soua
1031 608 1122 662 Dei
1177 620 1402 678 propter
1441 610 1711 662 idolorum
1771 610 1980 662 cultum
2039 606 2379 675 increpabat.

843 697 949 766 Ipsi
975 700 1130 758 enim,
1175 698 1374 766 inquit,
1421 698 1488 749 ad
1533 698 1924 751 mutilationem
1955 713 2036 750 me
2074 710 2382 764 prouocaue-

845 800 987 852 runt,
1029 789 1081 840 in
1115 805 1173 841 eo
1204 792 1290 857 qui
1319 807 1419 842 non
1444 800 1554 842 erat
1597 789 1736 844 Deus
1765 791 1829 845 "'.

911 899 928 928 ε
967 879 1159 933 Omnia
1194 881 1321 932 mihi
1353 881 1540 941 licent,
1579 880 1672 935 sed
1713 897 1817 934 non
1849 880 2032 934 omnia
2064 880 2381 950 expediunt.

835 969 1029 1040 Heus.
1063 971 1154 1033 9‘5,
1190 970 1305 1039 ΞΜ]
1339 969 1531 1024 Omnia
1559 973 1688 1024 mihi
1723 973 1907 1035 licent,
1942 973 2034 1025 sed
2064 987 2170 1025 non
2202 973 2384 1025 omnia

833 1061 1126 1114 azdilicant.
1193 1060 1363 1116 Nemo
1421 1062 1564 1131 quod
1622 1076 1781 1117 suum
1839 1071 1926 1116 cst
1989 1071 2230 1133 quaerat,
2292 1061 2387 1116 sed

834 1153 977 1221 quod
1016 1152 1262 1206 alterius.
1298 1172 1317 1205 ι

901 1243 1042 1308 Quia
1083 1244 1380 1298 verisimile
1413 1249 1535 1297 erat
1574 1256 1670 1298 eos
1704 1243 1904 1306 dicere,
1955 1241 2234 1312 perfectus
2263 1256 2384 1296 sum

837 1349 958 1401 ego,
997 1341 1050 1385 et
1081 1333 1182 1386 mei
1217 1334 1329 1402 ipse
1361 1333 1620 1386 dominus
1667 1347 1811 1396 sum,
1859 1339 1914 1386 et
1944 1333 2062 1385 sine
2089 1330 2388 1385 oﬂensione

839 1423 920 1472 url
970 1437 1107 1474 noxa
1148 1437 1265 1490 quae
1305 1421 1432 1474 mihi
1478 1429 1826 1489 apponuntur
1859 1419 2112 1484 comedo,
2148 1419 2271 1472 ideo
2305 1418 2388 1472 di-

837 1514 955 1564 cit:
1007 1512 1166 1564 Ccite
1217 1511 1493 1580 perfectus
1543 1526 1623 1573 es,
1685 1511 1874 1579 tuique
1933 1511 2050 1576 ipse
2105 1510 2383 1565 dominus.

841 1603 947 1654 Sed
981 1602 1079 1654 hoc
1111 1602 1218 1654 noli
1265 1601 1637 1663 considerare,
1673 1616 1863 1655 verum
1896 1615 1962 1654 an
1992 1600 2386 1655 detrimentum

838 1695 889 1746 id
920 1694 1060 1762 quod
1088 1694 1289 1746 colitur
1323 1693 1510 1746 an‘crat
1541 1701 1594 1746 et
1623 1693 1860 1748 ruinam.

908 1785 1068 1838 Vens.
1109 1783 1200 1837 25.
1238 1800 1258 1833 ι
1303 1781 1476 1837 Omne
1505 1783 1652 1853 quod
1677 1784 1732 1836 in
1776 1782 2007 1837 macello
2033 1782 2201 1846 venit,
2236 1797 2387 1837 man-

836 1880 1053 1942 dncate,
1079 1879 1216 1931 nihil
1251 1880 1654 1950 interrogantes
1681 1889 1905 1960 propter
1932 1880 2382 1935 conscientiam.»
2415 1853 2460 1910 Β

904 1969 1039 2022 Cum
1068 1970 1508 2038 pronuntiaverit
1535 1969 1798 2038 possibile
1836 1984 1944 2024 non
1975 1985 2118 2035 esse,
2158 1971 2386 2025 calicem

835 2059 1049 2114 Domini
1086 2060 1293 2124 bibere,
1339 2069 1393 2115 et
1439 2059 1664 2114 calicem
1712 2059 2134 2126 daemoniorum,
2175 2076 2385 2131 eosque

833 2153 1057 2206 omnino
1094 2152 1356 2206 averterit
1401 2152 1472 2207 ab
1521 2152 1793 2221 ejusmodi
1847 2153 2078 2217 mensis,
2131 2153 2386 2212 adductis

835 2244 1039 2299 idcirco
1068 2243 1376 2299 Judaeorum
1401 2245 1692 2314 exemplis,
1727 2245 1979 2300 humanis
2005 2246 2386 2300 ratiocinatio-

834 2338 1019 2399 nibus,
1047 2335 1350 2391 tremendis
1382 2336 1689 2406 mysteriis,
1718 2344 1772 2392 et
1805 2335 1872 2392 iis
1902 2352 2027 2407 qua:
2069 2353 2198 2404 erga
2241 2337 2386 2392 idola

834 2440 1176 2497 gererentur.
1226 2428 1506 2499 multaque
1543 2427 1623 2483 eis
1678 2415 1904 2483 incussa
1954 2428 2270 2494 formidine,
2320 2446 2386 2484 nc

833 2540 900 2576 en
929 2525 1123 2576 timore
1155 2522 1208 2575 in
1243 2521 1408 2575 alium
1440 2537 1633 2578 rursus
1663 2535 1906 2577 errorem
1950 2521 2384 2591 impellerentur,

835 2613 907 2666 ita
943 2619 1000 2664 ut
1047 2611 1241 2679 majori
1285 2625 1448 2680 quam
1499 2626 1604 2680 par
1655 2617 1801 2665 esset
1850 2610 2173 2666 curiositate
2222 2612 2388 2666 rebus

836 2705 911 2756 uti
943 2713 1308 2770 cogerentur;
1353 2710 1412 2755 ut
1464 2716 1559 2756 eos
1590 2701 1658 2755 ab
1705 2701 1808 2756 hac
1851 2701 2103 2772 angustia
2158 2701 2386 2768 liberet,

837 2796 914 2847 ait
954 2811 968 2846 :
1012 2793 1177 2846 Omne
1208 2791 1345 2861 quod
1381 2793 1436 2846 in
1473 2792 1690 2846 macello
1737 2795 1903 2859 venit,
1939 2792 2273 2856 manducate,
2307 2793 2388 2844 ni-

841 2883 914 2934 hil
971 2883 1370 2950 interrogantes.
1433 2879 1566 2933 Nam
1619 2881 1667 2934 si
1724 2881 1986 2952 ignorans
2040 2879 2387 2945 comederis,

845 2973 1043 3042 inquit,
1098 2985 1197 3025 nec
1237 2971 1532 3040 quidquam
1568 2972 1877 3035 resciveris,
1913 2987 2090 3042 paena:
2119 2974 2389 3030 obnoxius

837 3078 1060 3117 nones.
1119 3060 1450 3132 lgnorationi
1500 3063 1702 3132 quippe
1737 3065 2062 3118 ascribenda
2121 3081 2210 3119 res
2259 3067 2388 3130 erit,

837 3170 942 3208 non
969 3154 1124 3221 gula}.
1164 3153 1298 3206 Nam
1332 3154 1642 3222 percontari
1673 3154 1807 3224 quid
1853 3155 1985 3208 illud
2030 3156 2099 3210 sit
2126 3157 2271 3224 quod
2298 3171 2390 3226 ap-

840 3246 1086 3314 punitur,
1118 3245 1256 3298 nihil
1309 3245 1455 3298 aliud
1501 3253 1586 3298 est
1621 3261 1784 3312 quam
1822 3246 2176 3302 conscientia:
2221 3255 2390 3303 mate-

839 3340 974 3391 t‘izuu
1007 3339 1345 3391 ministrare.

922 3429 1086 3482 Vens.
1127 3428 1216 3482 9.6.
1283 3447 1302 3478 ε
1358 3429 1493 3483 Nam
1546 3428 1758 3485 Domini
1811 3436 1896 3484 est
1933 3437 2080 3482 terra
2107 3435 2163 3483 et
2211 3429 2390 3498 pleni-

837 3523 969 3575 tudo
1013 3523 1154 3590 ejus.
1202 3541 1221 3574 ι

915 3613 1034 3666 Non
1063 3613 1474 3667 daemoniorum.
1501 3611 1655 3678 Quod
1680 3613 1725 3666 si
1758 3620 1928 3678 terra,
1961 3613 2172 3668 fructus
2205 3613 2390 3683 proin-

837 3707 933 3765 de,
975 3714 1028 3757 ct
1078 3705 1236 3757 bruta
1281 3705 1601 3758 animantia.
1640 3703 1697 3756 Si
1736 3712 1914 3757 autem
1949 3706 2135 3758 omnia
2174 3703 2388 3759 Domini

833 3798 948 3867 98
996 3806 1144 3860 sunt,
1206 3798 1336 3851 nihil
1390 3813 1520 3868 ergo
1585 3798 1860 3867 impurum
1908 3807 2012 3852 est.
2064 3798 2387 3869 Quanquam

838 3892 1095 3943 aliorsum
1121 3890 1394 3960 impurum
1427 3891 1633 3961 aliquid
1682 3891 1742 3943 lit
1772 3891 2108 3960 cogitatione
2152 3900 2206 3946 et
2258 3893 2385 3946 ino-

841 3980 1127 4033 bcdicnlia.

911 4071 1187 4125 Vens.27.
1222 4088 1241 4122 ι
1305 4070 1362 4126 Si
1411 4074 1533 4142 quis
1589 4082 1749 4126 vocat
1800 4087 1900 4126 vos
1960 4073 2296 4137 infidelium,
2335 4085 2389 4130 et

835 4164 998 4216 vultis
1029 4163 1126 4227 ire,
1148 4178 1306 4216 omne
1343 4164 1489 4233 quod
1519 4163 1814 4234 apponitur
1837 4164 2013 4229 vobis,
2034 4164 2384 4230 manducatc,

838 4255 972 4307 nihil
1015 4254 1408 4324 interrogantes
1439 4263 1662 4323 propter
1688 4254 2109 4308 conscientiam.
2151 4273 2168 4305 ι

906 4344 1146 4400 Observa
1184 4360 1402 4399 rursum
1445 4345 1768 4400 modestiam
1798 4345 1924 4398 viri.
1969 4343 2086 4398 Non
2122 4346 2383 4414 injunxit,

837 4451 945 4491 non
995 4439 1248 4506 prwcepit
1294 4437 1714 4498 discedendum,
1749 4436 1841 4490 sed
1887 4451 2060 4504 neque
2093 4439 2386 4505 prohibuit.

2485 623 2648 667 σατο,
2695 608 2944 674 ἐγκαλῶν
2975 607 3115 679 ὑπὲρ
3159 607 3600 678 εἰδωλολατρείας
3633 608 3696 660 ἐκ
3744 607 4036 678 προσώπου

2480 697 2573 750 τοῦ
2601 697 2757 750 Θεοῦ.
2800 701 2971 755 Αὐτοὶ
3006 700 3136 770 γὰρ,
3195 702 3350 769 φησὶ,
3384 699 3812 768 παρεζήλωσάν
3837 715 3913 770 με
3943 699 4036 752 ἐπ’

2482 789 2552 841 οὐ
2575 785 2715 851 Θεῷ.

2558 899 2576 931 ι
2613 881 2797 935 Πάντα
2850 899 2939 952 μοι
2972 880 3200 946 ἔξεστιν,
3241 882 3356 936 ἀλλ’
3401 885 3464 937 οὐ
3519 884 3695 938 πάντα
3747 882 4034 952 συμφέρει.

2483 970 2666 1024 Πάντα
2697 989 2787 1041 μοι
2816 972 3042 1037 ἔξεστιν,
3073 972 3189 1024 ἀλλ’
3214 974 3276 1025 οὐ
3310 975 3489 1027 πάντα
3510 973 3800 1042 οἰκοδομεῖ.
3830 972 4041 1042 Μηδεὶς

2482 1063 2545 1114 τὸ
2575 1062 2766 1116 ἑαυτοῦ
2794 1064 3044 1132 ζητείτω,
3064 1063 3199 1118 ἀλλὰ
3224 1063 3286 1116 τὸ
3317 1063 3505 1134 ἐτέρου
3527 1064 3775 1128 ἕκαστος.
3810 1082 3829 1114 ι

2568 1243 2785 1312 Ἐπειδὴ
2820 1242 2963 1306 εἰκὸς
2987 1236 3057 1312 ἦν
3085 1241 3282 1305 αὐτοὺς
3303 1242 3512 1310 λέγειν,
3541 1243 3625 1296 ὅτι
3654 1241 3866 1306 Τέλειός
3900 1243 4039 1312 εἰμι,

2484 1337 2579 1388 καὶ
2607 1337 2794 1404 κύριος
2817 1333 3077 1404 ἐμαυτοῦ,
3104 1335 3198 1386 καὶ
3213 1334 3363 1387 οὐδὲν
3388 1334 3752 1404 βλαπτόμενος
3772 1333 4045 1400 ἀπογεύο-

2489 1443 2584 1494 μαι
2616 1426 2724 1478 τῶν
2777 1425 3174 1494 προκειμένων,
3220 1422 3408 1476 τούτου
3438 1425 3596 1495 χάριν
3620 1425 3785 1494 φησί·
3817 1424 3927 1477 Ναὶ
3953 1423 4046 1476 τέ-

2485 1517 2625 1579 λειος
2653 1513 2722 1579 εἷ,
2754 1516 2848 1568 κα)⁵
2880 1515 3078 1568 σαυτοῦ
3121 1514 3330 1585 κύριος,
3361 1514 3499 1568 ἀλλά
3526 1515 3601 1586 μὴ
3634 1515 3790 1568 τοῦτο
3823 1515 4043 1578 σκόπει,

2485 1613 2598 1664 ἀλλ’
2629 1613 2676 1664 εί
2709 1609 2808 1680 μὲν
2841 1607 3046 1680 βλάϐην
3074 1607 3264 1677 ἐχειτδ
3291 1605 3598 1678 τιμώμενον
3627 1607 3718 1662 καὶ
3739 1623 4047 1678 καταστρο-

2485 1705 2612 1772 φήνο

2559 1811 2580 1844 ε
2617 1792 2734 1844 Πάν
2760 1789 2822 1843 τὸ
2845 1789 2903 1842 ἐν
2931 1787 3184 1858 μακέλλῳ
3229 1786 3575 1854 πωλούμενον
3618 1786 3848 1852 ἐσθίετε,
3875 1786 4049 1860 μηδὲν

2487 1884 2867 1953 ἀνακρίνοντες
2893 1882 2980 1934 διὰ
3014 1883 3114 1952 τὴν
3136 1879 3460 1948 συνείδησιν.
3495 1897 3515 1930 ι

2556 1971 2738 2026 Εἰπὼν
2780 1971 2862 2024 δτι
2897 1968 3156 2022 ἀδύνατον
3190 1966 3450 2036 ποτήριον
3497 1961 3702 2034 Κυρίου
3740 1965 3918 2020 πίνειν
3949 1963 4050 2018 καὶ

2489 2064 2746 2134 ποτήριον
2794 2059 3110 2130 δαιμονίων,
3163 2057 3257 2111 καὶ
3305 2053 3560 2120 καθάπαξ
3603 2055 3908 2123 ἀπαγαγὼν
3934 2059 4051 2114 τῶν

2486 2153 2770 2228 τραπεζῶν
2807 2151 3048 2214 ἐκείνων,
3086 2149 3195 2202 ἀπὸ
3223 2147 3681 2220 παραδειγμάτων
3719 2147 4048 2220 Ἰουδαῖκῶν,

2487 2247 2594 2300 άπὸ
2616 2241 2888 2315 λογισμῶν
2913 2240 3287 2312 ἀνθρωπίνων,
3318 2239 3428 2292 άπδ
3452 2238 3558 2292 τῶν
3590 2239 3905 2310 μυστηρίων
3937 2240 4052 2294 τῶν

2489 2336 2752 2408 φρικτῶν,
2787 2333 2895 2387 ἀπὸ
2921 2332 3030 2384 τῶν
3057 2333 3117 2384 ἐν
3147 2333 3263 2392 τοῖς
3296 2329 3533 2393 εἰδώλοις
3564 2331 3921 2401 τελουμένων,
3954 2331 4055 2385 καὶ

2486 2429 2656 2480 πολὺν
2687 2425 2850 2494 φόϐον
2900 2424 3082 2486 αὐτοῖς
3143 2422 3336 2487 ἐνθεὶς,
3368 2421 3455 2476 ἵνα
3500 2421 3576 2491 μὴ
3600 2421 3680 2491 τῷ
3703 2422 3850 2492 φόεῳ
3871 2423 4056 2490 τούτῳ

2487 2519 2652 2573 πάλιν
2681 2518 2761 2580 είς
2789 2515 2982 2586 ἐτέραν
3007 2516 3035 2554 ιι
3070 2515 3266 2578 αὐτοὺς
3292 2512 3562 2585 eameam,
3590 2513 3722 2566 ὡσεὶ
3749 2514 3845 2567 καὶ
3875 2515 4056 2583 ἀναγ-

2489 2605 2730 2661 κασθῶσι
2783 2603 2988 2656 πλείονι
3021 2603 3314 2673 περιεργίᾳ
3343 2601 3436 2654 τοῦ
3466 2601 3676 2665 δέοντος
3717 2603 4053 2672 χρήσασθαι,

2487 2697 2649 2766 ἀφεὶς
2684 2697 2880 2757 αὐτοὺς
2911 2695 3115 2764 ταύτης
3140 2695 3243 2763 τῆς
3271 2693 3514 2762 ἀνάγκης
3546 2693 3864 2765 ἐλευθέρους
3885 2734 3902 2758 ν
3947 2712 4056 2764 (7⁷³⁸

2491 2791 2604 2844 σίνο
2659 2788 2787 2843 Πᾶν
2817 2788 2884 2841 τὸ
2934 2789 3004 2842 ἐν
3030 2789 3316 2856 μακέλλῳ
3352 2790 3744 2856 πωλούμενον
3791 2787 4054 2851 ἐσθίετε,

2484 2882 2680 2953 μηδὲν
2698 2882 3143 2950 ἀνακρίνοντες.
3189 2879 3316 2932 Ἐὰν
3339 2880 3447 2950 γὰρ
3471 2920 3487 2944 ,
3515 2881 3700 2950 φησιν,
3719 2880 3930 2948 ἀγνοῶν
3949 2880 4056 2947 φά-

2490 2993 2614 3047 γῃς,
2644 2976 2738 3029 καὶ
2769 2975 2844 3046 μὴ
2882 2975 3017 3044 ῐδῃς,
3057 2974 3156 3044 οὐχ
3183 2973 3468 3026 ὑπόκεισαι
3514 2973 3770 3044 τιμωρίᾳ.
3803 2974 3917 3043 Τῆς
3944 2973 4059 3043 γὰρ

2491 3067 2710 3136 ἀγνοίας
2757 3066 2818 3118 τὸ
2872 3067 3104 3136 πρᾶγμα
3145 3063 3350 3128 λοιπὸν,
3374 3064 3435 3116 οῦ
3467 3064 3565 3134 τῆς
3585 3063 3944 3134 λαιμαργίας.
3981 3062 4060 3116 Τὸ

2493 3160 2600 3229 γὰρ
2629 3157 2914 3228 μανθάνειν
2938 3156 2999 3209 τὸ
3031 3157 3410 3226 προκείμενον,
3435 3156 3464 3209 ὃ
3483 3155 3535 3207 τί
3562 3156 3693 3208 ποτέ
3723 3157 3893 3221 ἐστιν,
3924 3172 4057 3208 ταυο

2493 3251 2580 3304 τόν
2615 3251 2730 3301 ἐστι
2757 3247 2855 3310 τὰς
2877 3247 3129 3318 ἀφορμάς
3158 3246 3358 3299 διδόναι
3384 3248 3481 3316 τῆς
3513 3245 3889 3317 συνειδήσεως.

2567 3445 2585 3478 ι
2611 3426 2717 3480 Τοῦ
2742 3424 2849 3495 γὰρ
2877 3423 3084 3495 Κυρίου
3109 3425 3143 3494 ἡ
3181 3422 3276 3493 γῆ,
3304 3425 3399 3476 καὶ
3423 3423 3487 3475 τὸ
3506 3421 3777 3494 πλήρωμα
3803 3423 4000 3494 αὐτῆς.
4034 3444 4056 3477 ι

2561 3608 2692 3674 Οὐχὶ
2744 3605 2852 3658 τῶν
2879 3604 3189 3674 δαιμονίων.
3224 3603 3288 3655 Εἰ
3331 3601 3387 3654 δέ
3415 3604 3449 3673 ἡ
3486 3603 3578 3672 γῆ,
3623 3603 3716 3656 xci.
3750 3605 3797 3656 οί
3849 3607 4061 3674 καρποὶ

2490 3700 2582 3751 καὶ
2609 3697 2676 3749 τὰ
2705 3697 2895 3765 ἄλογα.
2933 3697 2994 3748 Εἰ
3022 3695 3079 3748 δέ
3112 3693 3278 3747 αὐτοῦ
3319 3693 3514 3758 πάντα,
3548 3693 3698 3746 οὐδὲν
3721 3694 4059 3763 ἀκάθαρτον,

2491 3788 2606 3841 ἀλλ’
2641 3787 2839 3856 ἑτέροις
2854 3787 3160 3855 ἀκάθαρτον
3189 3785 3420 3852 γίνεται,
3447 3783 3554 3836 ἀπὸ
3583 3783 3678 3853 τῆς
3705 3783 3945 3847 διανοίας
3963 3786 4060 3837 καὶ

2443 3880 2451 3893 “
2489 3880 2586 3949 τῆς
2616 3877 2913 3948 παρακοῆς.

2568 4076 2586 4108 ι
2626 4055 2686 4108 ΕΞ
2712 4055 2768 4108 δέ
2798 4072 2879 4118 τις
2910 4054 3066 4107 καλεῖ
3111 4053 3255 4123 ὑμᾶς
3295 4050 3405 4104 τῶν
3438 4049 3707 4114 ἀπίστων,
3736 4050 3834 4102 καὶ
3863 4049 4055 4103 θέλετε

2490 4148 2856 4220 πορεύεσθαι,
2909 4148 3019 4199 πᾶν
3071 4144 3133 4196 τὸ
3158 4142 3586 4214 παρατιθέμενον
3637 4143 3764 4212 ὑμῖν
3815 4141 4053 4210 ἐσθίετε,

2493 4239 2660 4309 μηδὲν
2697 4235 3077 4303 ἀνακρίνοντες
3108 4232 3195 4285 διὰ
3221 4232 3320 4302 τὴν
3352 4230 3672 4300 συνείδησιν.
3709 4248 3728 4282 ι

2563 4329 2705 4397 Ὅρα
2733 4325 2896 4379 πάλιν
2953 4323 3052 4394 τὴν
3110 4323 3475 4393 συμμετρίαν.
3529 4321 3604 4373 Οὐ
3638 4319 3748 4391 γὰρ
3785 4319 4056 4385 ἐπέταξεν

2491 4419 2583 4474 καὶ
2602 4417 2990 4488 ἐνομοθέτησεν
3019 4415 3258 4477 ἀπιέναι,
3290 4414 3410 4466 οὺδέ
3438 4410 3726 4465 ἐκώλυσεν.
3761 4412 4056 4475 ’Δπιόντας

841 4526 951 4581 Eos
995 4499 1214 4596 quidem
1244 4528 1336 4597 qui
1368 4527 1542 4579 velint
1564 4527 1733 4588 abire,
1757 4527 1824 4580 ab
1845 4499 1990 4581 omni
2009 4499 2196 4582 eximit
2223 4540 2387 4584 metu.
2423 4526 2467 4581 D
2493 4509 2511 4561 ί

2423 4526 2467 4581 ι)
2493 4507 2549 4561 δὲ
2573 4508 2734 4561 πάλιν
2765 4504 3095 4559 ἀπαλλάττει
3128 4501 3309 4571 πάσης
3328 4499 3580 4568 ὑποψίας.
3615 4500 3711 4551 Διὰ
3737 4500 3822 4563 τί;
3860 4501 3951 4554 ἵνα
3981 4501 4058 4570 μὴ

841 4618 1024 4683 Quare
1054 4619 1222 4672 vero?
1276 4633 1344 4672 ne
1381 4618 1653 4672 curiosior
1698 4617 1813 4672 hanc
1852 4618 2128 4688 indagatio
2182 4621 2394 4676 timoris

838 4708 1125 4776 cujusdam
1161 4716 1216 4762 et
1250 4706 1559 4761 formidinis
1593 4706 1844 4760 enectum
1862 4721 1986 4761 esse
2012 4719 2318 4764 censeatur.

908 4796 1071 4853 Vens.
1101 4796 1192 4858 9.8,
1236 4797 1326 4851 29.
1366 4815 1385 4847 ι
1421 4795 1480 4850 Si
1515 4798 1636 4865 quis
1667 4804 1847 4850 autem
1879 4795 2080 4850 dixerit
2110 4815 2123 4849 :
2152 4796 2263 4852 lloc
2288 4799 2392 4851 im-

835 4888 1096 4942 molatum
1129 4895 1214 4943 est
1264 4885 1478 4940 idolis:
1529 4887 1703 4940 nolite
1755 4885 2116 4951 manducare,
2175 4897 2392 4957 propter

834 4979 986 5032 illum
1046 4978 1141 5047 qui
1205 4975 1495 5040 indicavit,
1562 4984 1618 5031 et
1691 4987 1913 5047 propter
1967 4978 2386 5032 conscientiam.

833 5067 1237 5125 Conscientiam
1295 5073 1476 5120 autem
1529 5065 1678 5130 dico,
1739 5080 1851 5119 non
1889 5074 2062 5129 tuam,
2111 5067 2207 5122 sed
2251 5069 2386 5122 alte-

837 5161 976 5214 rius.
1014 5174 1035 5210 ι

906 5249 1022 5302 Non
1081 5247 1227 5301 enim
1260 5255 1519 5318 tanquam
1551 5249 1657 5302 vim
1697 5249 1930 5303 habeant
1963 5248 2256 5319 quamdam
2299 5251 2390 5319 ju—

835 5341 926 5393 bet
960 5338 1257 5404 abstinere,
1300 5338 1394 5392 sed
1427 5348 1684 5407 tauquam
1726 5340 1795 5394 ab
1829 5340 2230 5394 abominandis.
2268 5341 2386 5397 Non

838 5446 971 5498 ergo
993 5444 1055 5482 ea
1088 5429 1266 5497 fugias
1315 5444 1379 5482 ac
1431 5430 1478 5483 si
1525 5445 1723 5485 nocere
1762 5433 1973 5501 possint
2006 5455 2018 5486 :
2053 5432 2204 5484 nulla
2239 5433 2385 5487 enim

835 5522 1038 5573 virtute
1079 5519 1299 5589 praedita
1334 5529 1479 5574 sunt.
1540 5521 2021 5576 lndiscriminatim
2071 5523 2336 5592 participa
2370 5543 2381 5577 :

902 5635 946 5666 ⁷³
1007 5633 1163 5687 Deut.
1199 5649 1367 5699 xxxii,
1424 5635 1513 5687 2|.

2490 4601 2618 4671 δόξῃ
2644 4597 2809 4667 φόϐου
2865 4597 3008 4659 τινὸς
3053 4590 3192 4648 εἶναι
3223 4595 3256 4664 ἡ
3289 4591 3527 4660 τοσαύτη
3550 4592 4059 4662 πολυπραγμοσύνη

2491 4690 2584 4741 καὶ
2615 4686 2837 4748 δειλίας.

2565 4797 2584 4830 ι
2628 4778 2754 4830 Ἐὰν
2777 4776 2834 4828 δέ
2862 4791 2947 4838 τις
2976 4775 3104 4844 ὑμῖν
3130 4772 3282 4844 εἴπῃ⁹
3313 4771 3484 4826 Τοῦτο
3513 4768 3860 4824 εἰδωλόθυτόν
3882 4770 4056 4831 ἐστιν,

2494 4870 2570 4939 μὴ
2603 4867 2833 4929 ἐσθίετε,
2868 4865 2934 4917 δι’
2961 4867 3169 4918 ἐκεῖνον
3189 4863 3282 4916 τὸν
3313 4864 3648 4934 μηνύσαντα,
3680 4861 3775 4914 καὶ
3802 4860 3906 4930 τὴν
3929 4877 4059 4912 συν-

2489 4961 2716 5030 είδησιν.
2752 4957 3060 5027 Συνείδησιν
3087 4955 3144 5008 δὲ
3173 4955 3335 5023 λέγω,
3357 4955 3479 5024 οὐχὶ
3506 4953 3603 5022 τὴν
3633 4950 3902 5022 ἐμαυτοῦ,
3921 4951 4060 5004 ἀλλά

2489 5052 2589 5121 τὴν
2617 5048 2710 5102 τοῦ
2741 5048 2946 5117 ἐτέρου.
2991 5065 3010 5098 ι

2562 5252 2695 5305 Οὐδὲ
2716 5250 2826 5320 γὰρ
2849 5250 2922 5312 ὼς
2968 5248 3199 5317 ἐχόντων
3239 5247 3413 5314 ἰσχὺν,
3463 5245 3578 5298 ἀλλ’
3618 5245 3692 5308 ῶς
3722 5244 4058 5316 ἐϐδελυγμέ-

2497 5360 2603 5397 νων
2645 5340 2944 5411 ἀπέχεσθαι
2996 5337 3228 5391 κελεύει.
3276 5337 3427 5407 Μήτε
3478 5337 3657 5389 τοίνυν
3679 5337 3752 5398 ὼς
3781 5336 4064 5408 δυνάμενα

2497 5433 2842 5502 καταδλάψαι
2898 5430 3099 5500 φεῦγε’
3153 5427 3406 5496 οὐδεμίαν
3457 5428 3562 5495 γὰρ
3609 5427 3825 5496 ἔχουσιν
3880 5430 4058 5496 ἰσχύν.

2511 5524 2840 5594 ’Λδιαφόρως
2867 5523 3084 5593 μέτεχεο
3113 5519 3319 5590 ἐχθρῶν
3349 5518 3456 5587 γάρ
3487 5520 3630 5571 ἐστιν
3654 5520 3745 5572 καὶ
3774 5520 4064 5588 ἡτιμωμέι

2131 5722 2364 5777 VARI/{5
2410 5725 2800 5782 LECTIONES.

914 5818 941 5860 ιι
973 5815 1128 5873 Deest
1159 5816 1418 5873 ααετβίαν
1448 5833 1462 5848 ο
1497 5815 1795 5882 supplenda
1827 5832 1924 5872 vox
1966 5831 2027 5870 ex
2060 5815 2346 5881 Chrysost.
