4230 6438
217 417 325 481 653

1358 415 1433 471 IN
1475 412 1712 471 EPIST.
1748 374 1845 467 λι)
1873 409 2227 468 CORINTH.
2275 409 2319 465 ι.

3319 413 3423 476 654

215 542 326 576 νων
368 520 629 590 τράπεζα.
660 521 750 573 Διὸ
784 521 935 586 ἔλεγε
954 561 970 583 ,
1016 520 1116 574 Διὰ
1139 520 1243 573 τὸν
1256 521 1617 589 μηνύσαντα
1670 517 1765 570 καὶ
1796 521 1840 576 Α
1870 534 1882 569 l

1748 517 1765 568 l
1796 521 1840 576 Α
1870 532 2055 570 mensa
2089 518 2290 583 quippe
2340 514 2691 569 inimicorum
2726 524 2832 580 est,
2881 524 2935 571 et
2983 523 3297 572 notatorum
3333 521 3418 573 in-

212 615 333 682 τὴν
354 613 730 680 συνείδησιν,
767 613 855 665 ἵνα
892 614 967 683 μὴ
1007 612 1199 681 βλαὸᾔ.

292 811 312 843 ι
353 793 469 844 ἰνα
496 792 548 843 τί
569 790 677 864 γὰρ
701 792 735 860 ἡ
763 790 1043 861 ἐλευθερία
1068 806 1171 861 μου
1204 790 1449 859 κρίνεται
1470 787 1573 840 ὑπὸ
1601 788 1766 857 ἄλλης

215 883 572 952 συνειδήσεως
594 900 610 947 ;
648 901 666 932 ι

299 974 635 1044 Ἐλευθερίαν
672 974 733 1026 τὸ
772 975 1195 1045 ἀπαρατήρητον
1240 972 1335 1026 καὶ
1365 970 1641 1025 ἀκώλυτον
1675 971 1764 1023 λέ-

211 1080 344 1130 γων.
394 1063 563 1115 Τοῦτο
602 1063 710 1133 γὰρ
736 1062 1016 1132 ἐλευθερία
1065 1064 1233 1127 ἐστὶν,
1274 1060 1568 1130 Ἰουδαϊκῆς
1590 1060 1765 1129 ἀπηλ-

208 1157 488 1225 λαγμένης
517 1156 780 1219 δουλείας.
810 1158 874 1209 Ὃ
903 1156 959 1209 δὲ
979 1155 1124 1223 λέγει
1149 1153 1387 1207 τοιοῦτόν
1407 1154 1571 1204 ἐστιν·
1591 1151 1766 1205 Ἐλεύ-

209 1246 370 1318 θερόν
393 1265 459 1317 με
485 1248 782 1317 πεποίηκεν
805 1250 835 1301 δ
863 1247 1014 1309 Θεὸς,
1045 1248 1142 1300 καὶ
1168 1245 1350 1315 πάσης
1384 1244 1590 1315 βλάϐης
1620 1244 1763 1297 ἀ.νώ-

205 1355 389 1409 τερον,
418 1340 531 1391 ἁλλ’
558 1340 658 1393 οὐκ
675 1335 814 1393 οἶδεν
840 1342 870 1393 δ
898 1339 1095 1408 Ἕλλην
1123 1337 1366 1402 δικάζειν
1385 1340 1453 1407 τῇ
1486 1338 1593 1406 ἐμῇ
1621 1335 1763 1404 φιλο-

209 1434 399 1502 σοφίᾳ,
431 1433 551 1485 οὐδὲ
582 1434 679 1503 τὴν
706 1432 801 1486 τοῦ
833 1432 1102 1485 Δεσπότου
1150 1448 1253 1499 μου
1299 1429 1604 1498 φιλοτιμίαν
1637 1446 1763 1481 συν-

206 1525 314 1592 ορᾷ
338 1539 352 1552 ·
393 1523 527 1577 ἀλλὰ
559 1522 1003 1590 καταγνώσεται,
1035 1521 1128 1574 καὶ
1157 1522 1272 1590 ὲρεῖ
1298 1519 1435 1591 πρὸς
1463 1518 1646 1582 αὐτὸν,
1687 1519 1762 1579 ὡς

204 1613 494 1676 δοκοῦντες
549 1615 844 1683 ἀπέχεσθαι
893 1612 1001 1665 τῶν
1052 1611 1306 1677 εἰδώλων,
1363 1610 1474 1665 τῶν
1529 1612 1755 1673 ἐκείνοις

204 1705 633 1775 προσαγομένων
657 1706 889 1776 ἔχονται.

1869 609 2056 663 famia.
2089 608 2455 672 Quamobrem
2492 608 2567 661 ait
2595 626 2609 661 ;
2667 608 2889 675 Propter
2921 610 3073 662 illum
3096 612 3187 680 qui
3218 611 3424 665 indica-

1867 702 1957 762 vit,
1993 710 2038 753 et
2060 709 2269 768 propter
2295 700 2700 761 conscientiam,
2732 715 2801 754 ne
2830 700 3079 756 laedatur.

1942 812 1961 843 ι
1997 791 2069 847 Ut
2097 791 2228 861 quid
2254 792 2399 845 enim
2428 791 2652 848 libertas
2685 805 2804 847 mea
2841 791 3117 861 iudicatur
3148 794 3219 849 ab
3247 794 3425 849 aliena

1868 882 2251 937 conscientia?
2287 901 2306 931 ι

1936 974 2267 1030 Libertatem
2296 984 2478 1038 vocat,
2506 975 2641 1029 nihil
2674 976 3062 1044 scrupulosius
3109 978 3423 1047 percontari

1864 1072 1919 1119 et
1946 1080 1975 1118 a
2006 1066 2153 1120 nulla
2181 1082 2239 1121 re
2261 1066 2559 1135 prohiberi.
2589 1066 2843 1121 Libertas
2878 1069 3080 1137 quippe
3108 1069 3248 1123 nihil
3273 1069 3426 1123 aliud

1864 1161 1969 1218 est,
2003 1168 2168 1224 quam
2227 1168 2257 1206 a
2309 1153 2536 1208 Judaica
2599 1156 2864 1210 servitute
2924 1156 3221 1211 immunem
3276 1171 3424 1211 esse.

1864 1242 1997 1312 Ejus
2051 1251 2234 1297 autem
2285 1244 2416 1299 dicti
2474 1244 2566 1299 hic
2626 1259 2822 1300 sensus
2875 1244 3281 1300 estzLiberum
3336 1262 3427 1301 me

1864 1332 1993 1387 fecit
2020 1334 2179 1398 Deus,
2206 1344 2261 1390 et
2284 1337 2435 1390 omni
2463 1336 2666 1390 damno
2694 1338 3034 1405 superiorem
3058 1354 3074 1402 ;
3110 1340 3202 1392 sed
3232 1338 3327 1407 qui
3358 1354 3422 1393 ex

1864 1422 2115 1489 gentibus
2142 1433 2247 1487 est,
2282 1425 2351 1478 de
2380 1440 2500 1479 mea
2533 1426 2878 1496 philosophia
2920 1426 3067 1482 ferre
3094 1429 3425 1483 sententiam

1865 1513 2061 1579 nescit,
2097 1528 2197 1568 nec
2228 1515 2443 1568 Domini
2478 1516 2950 1585 magnificentiam
2993 1518 3290 1588 intelligit,
3334 1533 3427 1571 ve-

1864 1618 1987 1657 rum
2018 1606 2433 1669 condemnabit,
2467 1606 2719 1675 dicetque
2755 1608 2899 1677 apud
2940 1624 2999 1662 se
3038 1610 3165 1664 illos
3199 1609 3292 1678 qui
3321 1608 3427 1664 sibi

1798 1722 1803 1729 -
1865 1696 2116 1750 videntur
2148 1698 2425 1753 abstinere
2455 1699 2525 1753 ab
2569 1700 2753 1765 idolis,
2793 1717 2881 1755 res
2927 1708 3111 1756 tamen
3154 1716 3277 1773 qua:
3311 1702 3424 1758 illis

1865 1786 2167 1841 otl‘eruntur
2194 1791 2525 1845 consectari.

284 1902 303 1934 ι
330 1884 393 1935 Εἰ
421 1882 531 1951 ἐγὼ
566 1884 745 1953 χάριτι
788 1883 1018 1954 μετέχω,
1056 1885 1109 1936 τί
1159 1883 1585 1956 βλασφημοῦμαι
1620 1884 1761 1955 ὑπὲρ
1793 1858 1838 1914 Β
1936 1877 1954 1920 Ἴ

1752 1858 1838 1935 ιΒ
1936 1877 2101 1933 Vens.
2138 1879 2242 1943 50,
2290 1880 2377 1932 5|.
2424 1898 2445 1931 ι
2503 1879 2559 1934 Si
2594 1896 2695 1951 ego
2727 1897 2851 1936 cum
2896 1882 3078 1953 gratia
3127 1884 3422 1955 participe,

202 1969 271 2028 οὗ
320 1973 432 2043 ἐγὼ
465 1973 798 2044 εὐχαριστῶς
836 1976 944 2029 εἴτε
979 1970 1070 2029 οὖν
1122 1977 1354 2039 ἐσθίετε,
1398 1978 1506 2028 εἴτε
1554 1977 1760 2039 πίνετε,

200 2067 318 2119 εἴτε
344 2082 396 2117 τι
426 2067 653 2130 ποιεῖτε,
682 2066 859 2119 πάντα
887 2069 966 2130 εἰς
994 2067 1149 2131 δόξαν
1178 2067 1314 2120 Θεοῦ
1338 2071 1561 2122 ποιεῖτε.
1601 2085 1620 2118 ι

273 2244 431 2307 Τίνος
475 2244 687 2314 μετέχει
716 2245 919 2316 χάριτι,
962 2245 995 2316 ἢ
1022 2247 1129 2299 τῶν
1156 2245 1249 2298 τοῦ
1275 2244 1409 2298 Θεοῦ
1448 2244 1691 2314 δωρεῶνς
1726 2248 1759 2315 ή

197 2339 312 2408 γὰρ
345 2338 507 2407 χάρις
535 2337 697 2390 αὑτοῦ
719 2337 978 2408 τοσαύτη,
1012 2338 1091 2401 ὡς
1117 2337 1519 2391 κατασκευάσαι
1539 2335 1636 2406 τὴν
1658 2335 1761 2405 ψυ-

196 2431 303 2499 χὴν
338 2428 659 2498 ἁμόλυντον,
692 2429 788 2483 καὶ
821 2431 1100 2500 ἁνωτέραν
1126 2430 1306 2500 πάσης
1333 2428 1569 2499 κηλίδος.

276 2539 296 2571 ι
343 2519 705 2589 ’Δπρόσκοποι
757 2519 993 2587 γίνεσθε,
1054 2520 1149 2573 καὶ
1189 2519 1481 2581 Ἰουδαίοις,
1512 2517 1605 2570 καὶ
1634 2517 1760 2571 Ἕλ-

195 2611 348 2680 λησι,
380 2612 475 2664 καὶ
498 2614 563 2681 τῇ
608 2611 903 2682 Ἐκκλησία
932 2610 1025 2665 τοῦ
1058 2611 1213 2665 Θεοῦ.
1253 2631 1272 2662 ι

270 2705 591 2767 Τουτέστιν,
622 2704 905 2775 Μηδεμίαν
923 2705 1187 2776 παρέχετε
1220 2704 1421 2775 βλάϐην
1457 2702 1663 2774 μηδενί.
1686 2703 1761 2755 Οὐ

194 2808 312 2863 γαρ
340 2793 501 2862 μόνον
536 2793 797 2861 ἀδελφοὺς
822 2794 883 2845 οὐ
913 2794 993 2845 δεῖ
1027 2795 1304 2866 πλήττειν,
1340 2793 1453 2847 ἀλλ’
1477 2791 1599 2846 οὐδὲ
1637 2791 1766 2854 τοὺς

196 2883 429 2948 ἔξωθεν.

280 2996 301 3027 ι
332 2975 529 3037 Καθὼς
559 2975 713 3044 κάγὼ
756 2976 931 3031 πάντα
980 2977 1147 3030 πᾶσιν
1196 2976 1433 3047 ἀρέσκω,
1476 2976 1551 3047 μὴ
1585 2975 1765 3045 ζητῶν

194 3068 265 3120 τὸ
300 3067 541 3137 ἐμαυτοῦ
569 3068 863 3139 συμφέρον,
891 3066 1028 3121 ἀλλὰ
1052 3068 1114 3121 τὸ
1142 3067 1248 3121 τῶν
1274 3066 1507 3132 πολλῶν,
1550 3066 1638 3120 ἴνα
1661 3082 1767 3119 ow-

198 3158 367 3212 θῶσι.
411 3176 431 3210 ι

788 3292 1040 3344 ΚΕΦΑΛ.
1088 3292 1193 3345 IA'.

280 3445 300 3478 ‹
344 3427 597 3497 Μιμηταί
626 3442 730 3497 μου
760 3425 998 3494 γίνεσθε,
1024 3426 1101 3489 ὡς
1131 3426 1285 3497 κάγὼ
1313 3425 1571 3497 Χριστοῦ.
1611 3446 1631 3479 ι

287 3602 514 3673 Ἐπειδὴ
535 3601 861 3664 ὑπευθύνους
888 3605 1081 3667 αὐτοὺς
1104 3605 1377 3672 ἐποίησεν,
1413 3604 1508 3656 καὶ
1531 3604 1628 3672 τῆς
1660 3602 1771 3655 τῶν

210 3697 488 3766 Ἐλλήνων
513 3694 735 3765 βλάϐης,
783 3696 877 3747 καὶ
904 3698 1002 3765 τῆς
1029 3696 1135 3749 τῶν
1180 3696 1471 3759 Ἰουδαίων,
1504 3697 1598 3748 καὶ
1628 3695 1767 3764 βαρὺ

196 3790 263 3840 τὸ
319 3787 612 3854 λεγόμενον
653 3782 743 3856 ἦν,
800 3786 1202 3857 εὐπαράδεκτον
1230 3788 1361 3841 αὐτὸ
1412 3786 1507 3838 καὶ
1562 3786 1769 3853 κοῦφον

197 3881 354 3931 ποιεῖ
378 3879 531 3943 αὐτὸ,
561 3881 642 3940 εἰς
675 3877 837 3947 μέσον
865 3879 1055 3931 ἑαυτὸν
1080 3878 1229 3946 ἄγων
1255 3916 1270 3942 ,
1302 3878 1394 3931 καὶ
1436 3878 1497 3930 τὸ
1536 3878 1647 3937 τῶν
1674 3878 1769 3932 ἄλ-

195 3971 311 4023 λων
339 3971 616 4040 συμφέρον
645 3970 816 4038 λέγων
844 3972 1048 4042 ζητεῖν.
1077 3972 1137 4024 '0
1162 3973 1270 4043 γὰρ
1294 3972 1473 4025 κανών
1512 3973 1628 4024 ἐστι
1675 3971 1768 4023 τοῦ

195 4064 545 4115 τελειοτάτου
574 4063 919 4134 Χριστιανοῦ,
966 4065 1062 4117 καὶ
1089 4065 1212 4133 ὅρος
1244 4064 1643 4134 ὴκριόωμένος,
1674 4066 1769 4118 καὶ

196 4155 235 4223 ἡ
263 4153 532 4207 ἀνωτάτω
572 4154 804 4224 κορυφὴ,
840 4154 901 4206 τὸ
934 4156 1086 4224 κοινῇ
1119 4153 1398 4224 συμφέρον
1422 4153 1626 4223 ζητεῖν.
1658 4154 1768 4206 Καὶ

195 4246 358 4298 οὐδὲν
412 4244 557 4297 οὕτω
587 4245 809 4300 δύναται
869 4248 1091 4315 ποιῆσαι
1124 4245 1356 4315 μίμησιν
1387 4243 1481 4296 τοῦ
1508 4242 1765 4312 Χριστοῦ,

196 4338 277 4398 ὡς
316 4335 380 4387 τὸ
430 4336 687 4402 κήδεσθαι
723 4336 830 4388 τῶν
858 4336 1105 4405 πλησίον.
1136 4336 1227 4388 Διὸ
1251 4335 1332 4401 τὸ,
1361 4335 1620 4404 Mummi
1646 4353 1767 4404 μου

195 4428 469 4495 γίνεσθε,
494 4426 847 4496 προσέθηκεν.

274 4625 295 4656 ι
335 4603 575 4657 Ἐπαινῶ
602 4604 656 4656 δὲ
693 4604 855 4673 ὑμᾶς,
898 4603 1136 4671 ἀδελφοὶ,
1170 4603 1254 4656 δτι
1289 4603 1466 4657 πάντα
1517 4623 1620 4674 μου
1668 4607 1765 4677 μέ-

197 4698 435 4768 μνησθε,
471 4696 565 4747 καὶ
593 4694 776 4755 καθὼς
815 4695 1105 4763 παρέδωκα
1128 4695 1278 4763 ὑμῖν,
1306 4696 1405 4758 τὰς
1434 4698 1765 4766 παραδόσεις

194 4789 487 4856 κατέχετε.
515 4786 663 4838 Θέλω
689 4786 746 4839 δὲ
778 4786 919 4855 ὑμᾶς
963 4786 1182 4851 εἰδέναι,
1231 4788 1312 4839 ὅτι
1342 4788 1541 4848 παντὸς
1574 4787 1765 4857 ἀνδρὸς

193 4884 230 4948 ἡ
265 4878 480 4946 κεφαλὴ
509 4879 537 4929 ὀ
573 4877 807 4946 Χριστός
855 4879 1036 4929 ἐστιν·
1087 4878 1296 4949 κεφαλὴ
1341 4879 1397 4931 δὲ
1451 4880 1709 4946 γυναικὸς
1738 4881 1766 4931 ὁ

191 4974 372 5040 ἀνὴρ·
405 4970 617 5040 κεφαλὴ
641 4969 696 5021 δὲ
725 4968 961 5037 Χριστοῦ
992 4972 1020 5021 ὁ
1047 4970 1199 5030 Θεός.
1230 4989 1246 5021 ι

290 5060 628 5130 Ἀπαρτίσας
655 5061 723 5114 τὰ
753 5062 880 5128 περὶ
912 5061 1021 5111 τῶν
1054 5061 1439 5124 εἰδωλοθύτων,
1480 5063 1639 5131 λόγον
1680 5064 1765 5131 ἐφ’

192 5157 392 5223 ἕτερον
433 5152 691 5220 μέτεισιν,
726 5153 788 5205 τὸ
846 5153 918 5222 μὴ
954 5154 1052 5216 τὰς
1099 5157 1365 5220 γυναῖκας
1413 5156 1765 5209 ἀκατακαλύ-

192 5263 354 5307 πτως
384 5243 659 5313 εὔχεσθαι,
694 5245 725 5314 ἦ
760 5246 1142 5314 προφητεύειν,
1168 5247 1262 5299 καὶ
1297 5247 1356 5298 τὸ
1398 5249 1474 5317 μὴ
1504 5250 1630 5309 τοὺς
1670 5252 1768 5302 ἄν-

191 5336 335 5407 δρας
365 5334 562 5403 κομᾷν.
592 5334 730 5402 Ἤδη
767 5334 824 5386 δὲ
854 5329 922 5403 ἦν
962 5336 1055 5386 καὶ
1084 5336 1213 5404 περὶ
1258 5334 1462 5390 τούτων
1506 5340 1770 5406 παραινέ-

194 5445 328 5489 σας,
361 5426 443 5477 διὸ
488 5426 584 5478 καὶ
632 5426 989 5495 μνημονεύειν
1038 5428 1231 5491 αὐτούς
1287 5446 1452 5498 φησιν
1496 5431 1686 5495 αὑτοῦ,
1716 5434 1765 5483 εἰ

192 5521 301 5573 καὶ
331 5519 407 5587 μὴ
432 5519 631 5581 πάντες
661 5518 906 5581 ἐδέξαντο
939 5519 1035 5590 τὴν
1062 5521 1408 5592 παραίνεσιν.

277 5716 299 5750 ι
329 5698 446 5759 Πᾶς
478 5697 618 5766 ἀνὴρ
652 5697 1087 5768 προσευχόμενος
1128 5698 1161 5771 ἢ
1204 5702 1580 5772 προφητεύων,
1621 5719 1765 5755 κατα

193 5789 449 5860 κεφαλῆς
480 5788 638 5861 Ιχων,
666 5791 1013 5860 καταισχύνει
1042 5791 1142 5860 τὴν
1172 5792 1411 5863 κεφαλὴν
1441 5795 1626 5851 αὑτοῦ.
1657 5819 1676 5849 ι

600 5918 627 5951 θ’

1862 1970 1991 2040 quid
2026 1971 2375 2040 blasphemor
2421 1986 2521 2040 pro
2569 1987 2636 2027 eo
2682 1974 2827 2041 quod
2879 1974 3089 2044 gratias
3134 1976 3278 2046 ago?
3314 1978 3431 2031 sive

1862 2077 1994 2131 ergo
2025 2061 2391 2125 manducatis,
2431 2063 2546 2117 sive
2589 2062 2805 2126 bibitis,
2844 2064 2961 2118 sive
2990 2064 3145 2119 aliud
3179 2065 3311 2135 quid
3349 2068 3431 2120 fa-

1863 2154 2010 2217 citis,
2051 2153 2237 2207 omnia
2272 2154 2326 2207 in
2366 2154 2593 2224 gloriam
2629 2154 2726 2209 Dei
2764 2153 2942 2211 facile.
2986 2175 3007 2209 ι

1933 2243 2235 2309 Quamnam
2265 2245 2383 2314 ipse
2414 2248 2643 2315 gratiam
2674 2246 2993 2316 participat,
3021 2247 3127 2304 nisi
3159 2246 3428 2301 donorum

1864 2334 2001 2391 Πιεἱῖ
2029 2345 2178 2390 tanta
2208 2337 2353 2391 enim
2390 2337 2566 2404 gratia
2605 2338 2726 2405 ejus
2752 2347 2858 2403 est,
2882 2346 2943 2392 ut
2976 2340 3217 2393 animam
3251 2354 3281 2391 a
3308 2353 3429 2392 ma--

1863 2427 2004 2481 culis
2037 2427 2293 2481 mundam
2329 2427 2548 2490 efficiat,
2588 2428 2879 2497 omnisque
2909 2428 3090 2485 sordis
3122 2438 3426 2498 expertem.

1936 2516 2100 2573 Vens.
2146 2519 2236 2573 32.
2289 2537 2308 2569 ι
2354 2517 2484 2573 Sine
2536 2518 2840 2574 offensione
2883 2528 3060 2576 estote
3111 2519 3347 2587 Judaeis,
3375 2528 3430 2575 et

1863 2605 2089 2675 Graecis,
2122 2617 2177 2661 et
2210 2607 2473 2662 Ecclesia:
2519 2606 2634 2663 Dei.
2674 2626 2695 2660 ι

1938 2698 1993 2751 Id
2026 2706 2131 2762 est,
2168 2699 2381 2751 nullum
2404 2697 2721 2769 cuicunque
2758 2701 3018 2755 damnum
3059 2699 3278 2756 inferte.
3310 2699 3430 2756 Non

1864 2789 2041 2845 solum
2074 2791 2222 2845 enim
2263 2790 2462 2847 fratres
2500 2806 2613 2845 non
2653 2799 2870 2861 oportet
2911 2793 3206 2859 lacessere,
3237 2809 3429 2849 verum

1864 2883 2030 2937 etiam
2063 2891 2338 2938 externos.

1939 2972 2104 3028 Vens.
2157 2974 2245 3027 '55.
2284 2992 2303 3025 ι
2344 2974 2503 3029 Sicut
2533 2984 2587 3029 et
2611 2990 2710 3044 ego
2748 2991 2845 3045 per
2872 2978 3054 3031 omnia
3077 2978 3291 3047 placeo,
3322 2994 3433 3033 non

1867 3078 2121 3132 quaarens
2150 3064 2299 3133 quod
2327 3066 2456 3120 mihi
2485 3068 2617 3122 utile
2659 3075 2769 3132 est,
2806 3068 2903 3122 sed
2938 3069 3087 3137 quod
3126 3068 3333 3133 multis,
3367 3079 3429 3123 ut

1794 3192 1839 3251 ο
1872 3155 2011 3211 salvi
2038 3154 2191 3209 ﬁant.
2231 3175 2250 3207 ι

2499 3288 2653 3343 CAP.
2708 3287 2802 3342 XI.

1944 3418 2106 3473 Vens.
2147 3421 2197 3474 l.
2249 3437 2269 3471 ι
2314 3417 2620 3475 lmitatores
2658 3420 2765 3474 mei
2804 3429 3002 3486 estote,
3045 3421 3189 3477 sicut
3235 3430 3289 3477 et
3334 3436 3438 3493 ego

1870 3509 2097 3564 Christi.
2127 3529 2145 3560 ι

1942 3602 2211 3666 Quoniam
2238 3616 2361 3656 reos
2388 3602 2510 3655 illos
2552 3602 2757 3657 fecerat
2786 3602 2919 3656 illati
2948 3619 3075 3659 cum
3115 3606 3434 3676 gentilibus,

1875 3699 1989 3745 tum
2018 3690 2223 3747 Judaeis
2251 3694 2588 3755 detrimenti,
2623 3702 2736 3747 tum
2770 3709 2934 3762 grave
2970 3711 3092 3751 esse
3117 3697 3263 3765 quod
3307 3707 3438 3753 ante

1870 3784 2104 3849 dixerat,
2140 3785 2244 3839 hoc
2278 3785 2457 3854 ipsum
2506 3787 2682 3854 magis
2722 3795 3004 3855 acceptum
3035 3797 3091 3842 et
3117 3789 3278 3845 facile
3306 3791 3435 3845 red-

1871 3874 1970 3938 dit,
2005 3890 2131 3929 cum
2163 3876 2404 3945 seipsum
2444 3878 2500 3930 in
2542 3876 2780 3931 medium
2829 3880 3107 3948 preponit,
3137 3890 3437 3952 monetque

1871 3974 1932 4017 ut
1955 3965 2102 4033 quod
2138 3966 2261 4021 aliis
2290 3966 2661 4020 emolumento
2700 3968 2793 4031 sit,
2825 3978 3097 4035 qurerant.
3138 3968 3265 4025 llaec
3288 3973 3436 4026 enim

1868 4064 1951 4110 est
1979 4055 2368 4124 perfectissimi
2392 4056 2696 4110 Christiani
2737 4073 2951 4122 norma,
2991 4062 3437 4117 accuratissima-

1868 4160 1974 4214 que
2002 4147 2186 4214 regula
2211 4184 2228 4210 ,
2276 4155 2333 4199 et
2373 4161 2689 4215 supremum
2740 4146 2963 4202 virtutis
3013 4147 3332 4220 fastigium,
3369 4167 3437 4207 ea

1868 4254 2108 4307 quaerere
2136 4255 2258 4308 qua?
2306 4240 2585 4293 communi
2635 4240 2857 4294 utilitati
2915 4242 3222 4301 conferant.
3255 4244 3436 4299 Nihil-

1867 4345 1974 4399 que
2002 4330 2083 4382 sic
2120 4336 2297 4398 potest
2348 4330 2647 4384 imitatores
2688 4328 2900 4385 Christi
2950 4331 3155 4399 facere,
3203 4343 3263 4388 ut
3302 4350 3437 4390 cura

1868 4423 2126 4492 proximi.
2202 4422 2469 4486 Quocirca
2550 4421 2797 4477 subdidit
2860 4441 2874 4476 :
2958 4422 3263 4481 lmitatores
3334 4430 3437 4482 ιιιεί

1799 4534 1845 4589 ι)
1875 4522 2057 4567 estote.

1936 4606 2047 4676 99
2083 4604 2248 4659 Vnus.
2270 4607 2325 4668 9.,
2347 4606 2431 4657 5.(
2460 4604 2646 4658 Laudo
2670 4613 2852 4659 autem
2882 4620 3003 4671 vos,
3031 4606 3251 4671 fratres,
3288 4612 3433 4679 quod

1869 4714 1967 4767 per
1994 4698 2174 4749 omnia
2196 4696 2297 4748 mei
2330 4710 2601 4749 memores
2618 4696 2775 4759 estis,
2794 4705 2847 4749 et
2874 4698 3016 4751 sicut
3039 4697 3236 4751 tradidi
3256 4702 3432 4765 vobis,

1869 4797 2136 4857 praecepta
2197 4802 2316 4840 mea
2390 4786 2608 4841 tenetis.
2666 4788 2803 4841 Volo
2882 4798 3064 4843 autem
3116 4805 3213 4844 vos
3267 4792 3431 4855 scire,

1870 4880 2013 4949 quod
2039 4878 2217 4932 Omnis
2249 4879 2350 4931 viri
2385 4886 2550 4947 caput
2575 4878 2830 4933 Christus
2880 4889 2983 4943 est,
3036 4888 3198 4950 caput
3250 4889 3430 4936 autem

1870 4970 2136 5032 mulieris,
2172 4970 2250 5022 vir
2280 4989 2293 5021 :
2326 4977 2490 5037 caput
2520 4984 2650 5023 vero
2679 4970 2910 5035 Christi,
2938 4970 3099 5025 Deus.
3132 4991 3151 5023 ι

1939 5061 2266 5115 Constitutis
2322 5075 2443 5129 quae
2521 5060 2587 5113 ad
2653 5076 2847 5115 carnes
2910 5062 3069 5115 idolis
3107 5064 3434 5117 'immolatas

1872 5154 2219 5224 spectabant,
2254 5152 2318 5204 ad
2358 5154 2462 5205 alia
2525 5168 2829 5206 sermonem
2857 5154 3134 5220 transfert;
3158 5162 3285 5223 puta
3320 5172 3431 5210 non

1873 5246 2070 5299 debere
2114 5244 2372 5297 mulieres
2430 5255 2634 5297 retecto
2687 5245 2865 5311 capite
2888 5258 3046 5297 orare
3075 5244 3156 5298 vel
3190 5247 3429 5314 prophe-

1874 5345 2013 5398 tare,
2066 5350 2167 5388 nec
2199 5336 2346 5386 viros
2401 5348 2614 5386 comam
2650 5335 2887 5387 nutrire.
2913 5333 3030 5387 Jam
3064 5335 3273 5405 pridem
3304 5352 3435 5390 vero

1874 5425 1941 5479 de
2000 5426 2121 5479 istis
2172 5433 2459 5478 monuerat
2486 5443 2501 5487 ;
2527 5433 2689 5493 atque
2724 5424 2928 5478 idcirco
2947 5426 3024 5477 ait
3069 5440 3166 5479 eos
3199 5427 3283 5479 sui
3322 5441 3437 5480 me-

1874 5534 2054 5571 mores
2082 5534 2224 5581 esse,
2257 5518 2361 5569 etsi
2396 5532 2513 5581 non
2547 5530 2736 5569 omnes
2767 5515 3192 5570 admonitionem
3242 5532 3432 5570 susce-

1878 5619 2090 5679 perant.

1944 5701 2109 5758 Vens.
2134 5703 2188 5757 4.
2224 5721 2242 5753 ι
2276 5700 2467 5757 Omnis
2482 5703 2559 5754 vir
2594 5715 2762 5754 orans
2782 5698 3221 5769 autprophetans
3246 5698 3427 5754 velato

1872 5797 2067 5864 capite,
2091 5794 2340 5864 detnrpat
2374 5803 2535 5865 caput
2558 5807 2735 5848 smtm.
2760 5810 2777 5843 ι
