4230 6438
180 413 278 478 657

1318 420 1399 479 IN
1438 416 1677 478 EPIST.
1715 419 1813 477 AD
1851 418 2207 479 CORINTII.
2249 419 2296 476 Ι.

3277 417 3382 477 658

182 526 344 578 αὑτοῦ
383 528 416 595 ἡ
446 527 601 597 γυνὴ,
634 528 727 579 καὶ
749 527 814 579 δι’
862 527 1042 591 αὑτὸν,
1073 529 1157 580 ἵνα
1187 529 1320 598 μήτε
1360 532 1488 592 τοὺς
1530 530 1729 599 ἄνδρας
1776 536 1808 588 Α
1838 528 1852 580 1

1711 544 1729 590 ;
1776 536 1808 588 Α
1838 528 2022 582 lierem
2047 528 2343 588 enarravit,
2378 543 2443 581 eo
2466 527 2609 598 quod
2646 528 2901 581 nimirum
2927 542 2991 582 ex
3022 523 3143 596 ipso
3172 533 3225 579 et
3250 540 3381 593 pro-

182 619 360 688 ὲπάρῃ
400 618 559 671 πλέον
610 617 704 671 τοῦ
755 619 984 681 δέοντος,
1020 621 1156 689 μήτε
1210 620 1422 684 ἐκείνας
1453 621 1723 674 ταλαιπω-

187 712 346 781 ρήσῃ,
380 710 657 780 ἐπήγαγεν
686 710 785 779 τὴν
817 710 1072 764 διάθεσιν.

256 990 275 1019 ι
311 971 375 1022 Et
402 970 459 1022 δέ
491 986 572 1032 τις
601 969 747 1021 δοκεῖ
774 969 1074 1037 φιλόνεικος
1106 965 1267 1035 εἶναι,
1293 973 1451 1042 ἡμεῖς
1479 972 1732 1043 τοιαύτην

186 1061 474 1129 συνήθειαν
502 1060 601 1112 οὐκ
627 1058 847 1129 ἔχομεν.
876 1078 894 1111 ι

252 1150 688 1219 Μεμετρημένην
716 1150 814 1220 τὴν
843 1150 1163 1221 ἐπιτίμησιν
1201 1153 1477 1222 ἐποίησεν,
1515 1154 1733 1209 πλείονα

182 1244 279 1311 τὴν
310 1241 577 1312 ἐντροπὴν
619 1241 815 1309 ἐνθεὶς,
863 1243 987 1296 ὅθεν
1027 1245 1120 1297 καὶ
1165 1243 1463 1317 βαρύτερον
1511 1246 1731 1316 ἐποίησε

180 1334 275 1387 τὸν
304 1334 486 1400 λόγον.

258 1444 278 1474 ι
307 1424 441 1477 Οὐδὲ
462 1424 519 1476 αί
556 1423 871 1494 Ἐκκλησίαι
892 1424 986 1478 τοῦ
1024 1424 1182 1478 Θεοῦ.
1210 1443 1228 1477 ι

250 1517 531 1569 Δείκνυσιν
572 1518 655 1570 ὅτι
703 1519 855 1590 πάσῃ
893 1520 961 1588 τῇ
999 1518 1284 1589 οἰκουμένῃ
1329 1520 1729 1587 ἀντιπίπτουσι,

180 1603 277 1653 καὶ
308 1601 675 1657 ἐναντιοῦνται
701 1604 751 1656 oi
783 1606 856 1675 μὴ
887 1605 1143 1668 εἴκοντες.

260 1712 280 1743 ι
306 1693 482 1746 Τοῦτο
509 1694 565 1747 δὲ
594 1695 1011 1766 παραγγέλλων,
1037 1698 1137 1750 οὐκ
1166 1699 1392 1752 ἐπαινῶ.
1417 1720 1436 1751 ι

264 1785 381 1854 Ἐφ’
407 1785 593 1856 ἕτερον
628 1787 942 1856 μεταϐαίνει
990 1789 1260 1861 ἔγκλημα.
1291 1793 1461 1846 Τοῦτο
1500 1794 1557 1848 δέ
1596 1797 1730 1860 ἐστι,

176 1876 241 1929 τὸ
278 1881 431 1947 κοινῇ
470 1878 756 1932 συνιόντων
783 1881 962 1934 αὐτῶν
996 1884 1077 1946 είς
1122 1884 1400 1949 ἑστίασιν,
1440 1886 1734 1953 ἐξουθενεί-
1763 1876 1806 1932 Β

178 1968 309 2020 σθαι
339 1968 491 2037 παρὰ
509 1969 614 2021 τῶν
645 1970 913 2025 πλουσίων
934 1973 1063 2037 τοὺς
1091 1975 1347 2044 πένητας.
1386 1977 1556 2031 Τοῦτο
1586 1978 1644 2032 δὲ
1672 1980 1734 2033 τὸ

180 2059 323 2123 ἔθος,
353 2061 467 2112 ἄνω
502 2062 602 2130 μὲν
641 2057 729 2131 ἦν,
766 2063 860 2115 ἐπὶ
904 2063 1011 2118 τῶν
1040 2058 1356 2135 τρισχιλίων
1385 2069 1482 2122 καὶ
1536 2086 1735 2124 πεντα-

180 2152 465 2220 κισχιλίων
516 2152 626 2205 τῶν
673 2152 733 2217 ἐξ
777 2154 953 2224 ἀρχῆς
1009 2158 1453 2213 πιστευσάντων·
1510 2162 1572 2213 οὐ
1627 2163 1733 2231 μὴν

175 2242 384 2294 ἔσωσεν
413 2244 507 2295 ἐπὶ
538 2245 649 2295 τῶν
673 2244 898 2315 ὕστερον
930 2246 1039 2299 τῶν
1069 2249 1163 2299 νῦν
1193 2250 1608 2320 ἐγκαλουμένων
1634 2255 1733 2321 τὴν

174 2332 483 2401 ἀκρίϐειαν.
522 2334 676 2386 Ἐπεὶ
710 2331 805 2388 οὖν
847 2335 1145 2408 διεσπάσθη
1179 2339 1240 2392 τὸ
1275 2340 1394 2403 ἔθος
1419 2340 1575 2393 τοῦτο
1601 2342 1731 2395 κάλ-

174 2426 357 2477 λιστον
390 2425 451 2478 ὃν
481 2425 595 2495 (καὶ
615 2427 722 2496 γάρ
749 2427 967 2498 ἀγάπης
995 2429 1250 2493 ὑπόθεσις
1278 2426 1388 2500 ἦν),
1418 2431 1734 2501 πληκτικῶς

172 2518 445 2588 κέχρηται
474 2518 550 2587 τῷ
571 2519 734 2588 λόγῳ,
766 2520 924 2590 βοῶν,
949 2522 1030 2574 ὅτι
1056 2523 1168 2575 Οὐκ
1209 2523 1539 2593 ἀποδέχομαι
1568 2525 1732 2595 ὑμᾶς,

171 2608 264 2660 ὅτι
312 2609 395 2671 εἰς
441 2610 686 2680 ἀνάγκην
718 2629 786 2682 με
826 2614 1195 2683 κατεστήσατε
1243 2616 1585 2687 συμϐουλῆς·
1615 2618 1734 2672 οὐδὲ

172 2699 412 2763 ἐπαινῶ,
435 2701 515 2753 ὅτι
549 2701 804 2772 ἐδεήθητε
835 2704 1148 2759 διδασκάλου
1173 2707 1251 2771 είς
1276 2708 1451 2763 τοῦτο.

257 2931 275 2961 ι
302 2912 425 2965 Ὅτι
452 2914 550 2967 οὐκ
581 2916 660 2977 είς
689 2931 751 2967 το
775 2933 1049 2987 κρεισσον,
1076 2919 1189 2971 ἀλλ’
1215 2920 1295 2982 είς
1326 2919 1387 2973 τὸ
1417 2914 1579 2992 ἦττον
1611 2940 1734 2976 συν-

172 3004 405 3072 έρχεσθε
429 3020 444 3033 ⁸
500 3005 716 3074 πρῶτον
756 3007 854 3077 μὲν
882 3008 990 3079 γάρ
1037 3012 1445 3082 συνερχομένων
1491 3014 1643 3084 ὑμῶν
1675 3018 1733 3067 ἐν

184 3095 513 3166 Ἐκκλησίᾳ.
547 3114 565 3148 ι

1832 631 1952 690 pter
1982 622 2159 689 ipsum
2197 621 2394 674 mulier
2422 620 2732 681 exstiterit;
2766 634 2832 673 ne
2865 618 2998 673 viris
3029 617 3376 672 occasionem

1832 713 2085 781 prebeat,
2146 719 2206 764 ut
2246 711 2384 763 ultra
2441 726 2602 781 quam
2632 725 2728 779 par
2759 710 2859 772 sit,
2886 709 3201 771 eﬂ‘erantur,
3232 705 3378 760 unde

1833 805 1936 858 illa:
1991 803 2056 856 ad
2105 803 2393 872 angustias
2457 804 2798 874 redigantur,
2833 802 2920 855 hic
2972 800 3149 855 statim
3174 798 3378 862 subdit,

1831 896 1958 966 quis
1986 911 2183 950 sensus
2220 910 2355 949 suus
2385 895 2472 949 sit.

1900 986 2067 1041 Vens.
2100 988 2187 1039 l6.
2220 1005 2239 1038 ι
2287 987 2343 1041 Si
2378 988 2504 1057 quis
2552 994 2731 1040 autem
2769 986 2982 1041 videtur
3006 982 3382 1039 contentiosus
3440 976 3457 999 λ’

1832 1093 1977 1140 esse,
2002 1094 2101 1133 nos
2118 1079 2277 1133 talem
2306 1076 2758 1132 consuetudinem
2786 1092 2893 1131 non
2924 1077 3216 1131 habemus.
3251 1091 3270 1124 ι

1903 1167 2279 1238 Objurgationi
2330 1168 2550 1222 modum
2595 1168 2801 1237 posuit,
2833 1177 2892 1220 ut
2933 1166 3124 1235 majori
3155 1179 3251 1219 eos
3281 1177 3384 1231 pu-

1834 1262 1966 1315 dore
2023 1260 2477 1324 sul'funderct,ex
2539 1276 2650 1330 quo
2705 1259 3012 1329 graviorem
3064 1257 3226 1311 etiam
3250 1252 3383 1308 fecit

1834 1355 2162 1408 orationem.

1910 1463 1928 1494 ι
1953 1442 2136 1512 Neque
2164 1442 2424 1498 Ecclesia:
2453 1440 2567 1495 Dei.
2611 1459 2630 1491 ι

1902 1536 2150 1590 Ostendit
2178 1551 2275 1590 eos
2303 1536 2561 1590 universo
2618 1540 2885 1587 terrarum
2917 1530 3037 1586 orbi
3072 1540 3375 1600 repugnare

1834 1636 1886 1683 et
1921 1627 2223 1693 adversari,
2256 1627 2348 1696 qui
2379 1627 2573 1681 cedere
2604 1625 2833 1679 nollent.

1902 1719 2066 1774 Vsus.
2099 1721 2187 1775 i7.
2222 1738 2240 1769 ι
2269 1718 2382 1773 Hoc
2411 1727 2590 1773 autem
2622 1718 2963 1788 praacipiens,
3006 1732 3111 1772 non
3142 1714 3326 1768 laudo.
3362 1733 3381 1765 ι

1904 1810 2128 1866 Transit
2178 1810 2245 1864 ad
2297 1811 2529 1864 alterum
2585 1810 2962 1864 accusationis
3019 1804 3388 1878 caput;quod

1834 1901 2104 1969 videlicet,
2150 1900 2604 1955 convenientibus
2636 1900 2717 1953 eis
2748 1898 2817 1953 ad
2864 1912 3100 1963 coenam,
3120 1909 3390 1967 pauperes

1834 1992 2249 2063 despicerentur
2274 2006 2304 2045 a
2335 1990 2615 2045 divitibus.
2668 1988 2822 2044 Tunc
2860 2004 3024 2058 porro
3051 1985 3389 2043 consuetudo

1835 2083 1937 2138 ista
1971 2084 2209 2152 vigebat,
2247 2098 2370 2136 cum
2403 2082 2507 2136 tria
2532 2080 2699 2134 millia
2718 2079 2788 2145 '°,
2830 2087 2886 2136 et
2904 2080 3146 2149 quinque
3169 2091 3389 2132 rursum

1834 2175 2000 2228 millia
2029 2175 2072 2206 ⁸¹
2102 2174 2383 2228 hominum
2406 2173 2824 2229 credidissent':
2855 2186 3041 2227 verum
3067 2169 3213 2224 haud
3236 2176 3390 2221 tanta

1836 2265 2177 2335 postmodum
2198 2266 2458 2333 religione
2490 2264 2809 2319 servabatur
2834 2263 2902 2316 ab
2928 2263 2995 2317 iis
3026 2260 3118 2331 qui
3144 2273 3288 2314 nunc
3307 2259 3393 2311 in-

1835 2357 2183 2411 simulantur.
2225 2356 2362 2409 Cum
2421 2371 2552 2426 ergo
2599 2356 2805 2425 optima
2869 2354 2984 2407 haec
3041 2348 3387 2407 consuetudo

1836 2447 2038 2501 abolita
2086 2455 2231 2502 esset
2257 2448 2417 2514 (erat
2440 2446 2585 2500 enim
2644 2443 2874 2498 materia
2907 2450 2963 2497 et
2992 2440 3211 2496 occasio
3232 2439 3392 2493 testi-

1835 2537 2058 2593 ﬁcanda:
2105 2537 2484 2607 dilectionis),
2517 2536 2631 2590 acri
2668 2533 3091 2603 vehementique
3142 2544 3393 2587 sermone

1838 2632 2028 2698 utitur,
2087 2639 2141 2685 et
2162 2630 2409 2684 clamat:
2455 2641 2800 2698 nequaquam
2855 2625 3099 2695 approbo
3146 2638 3264 2683 vos.
3296 2623 3390 2691 qui

1836 2724 1891 2777 in
1918 2738 2036 2778 eam
2064 2739 2151 2777 me
2180 2721 2393 2777 consilii
2440 2720 2605 2775 dandi
2648 2719 3027 2774 necessitatem
3062 2714 3390 2785 coegeritis;

1836 2831 1937 2872 nec
1975 2816 2160 2881 laudo,
2194 2814 2340 2883 quod
2372 2813 2549 2866 hacin
2581 2826 2637 2866 re
2669 2810 2931 2880 magistro
2960 2806 3276 2877 indigeatis.

1912 2942 1931 2976 ι
1963 2923 2118 2989 Quod
2172 2937 2279 2977 non
2312 2922 2364 2975 in
2396 2920 2614 2984 melius,
2650 2916 2743 2972 sed
2773 2917 2825 2969 in
2855 2915 3098 2970 deterius
3126 2913 3392 2967 conveni-

1836 3015 1929 3069 tis.
1966 3014 2171 3085 [Vsns.
2201 3012 2285 3066 l8.
2310 3011 2327 3082 ]
2352 3010 2595 3064 Primum
2621 3007 2889 3076 siquidem
2927 3003 3387 3059 convenientibus

1836 3105 1991 3160 vobis
2018 3106 2070 3158 in
2098 3103 2359 3159 Ecclesia.
2409 3120 2426 3150 ι

249 3208 566 3272 Τουτέστιν,
597 3210 679 3263 ὅτι
712 3211 812 3263 οὐκ
849 3213 928 3274 είς
952 3213 1190 3267 ἐπίδοσιν
1218 3214 1435 3285 ἀρετῆς.
1471 3217 1597 3271 Δέον
1626 3219 1733 3291 γάρ
1759 3208 1807 3270 C
1905 3220 1919 3270 l

1721 3236 1733 3272 >
1759 3208 1807 3270 C
1905 3219 2019 3272 Hoc
2040 3224 2143 3280 est,
2176 3217 2303 3287 quia
2332 3229 2439 3269 non
2469 3212 2537 3267 ad
2569 3216 2921 3283 augmentum
2948 3208 3192 3263 virtutis.
3218 3206 3391 3276 Opor-

168 3298 462 3351 ἐπιδοῦναι
486 3340 502 3365 ,
541 3300 635 3353 καὶ
687 3301 908 3356 πλείονα
945 3304 1199 3370 γενέσθαι
1242 3307 1343 3374 τὴν
1388 3308 1694 3378 φιλοτιμίαν
1717 3327 1731 3343 ·

170 3389 338 3459 ὑμεῖς
370 3390 463 3443 καὶ
494 3390 558 3443 τὸ
586 3393 687 3462 ἤδη
716 3395 999 3465 κρατῆσαν
1028 3395 1148 3458 ἔθος
1171 3396 1373 3465 ἄκυρον
1400 3398 1732 3467 ἐπεδείξατε,

170 3482 269 3533 καὶ
301 3482 685 3551 παραγγελίας
717 3484 971 3555 ἐδεήθητε
1018 3488 1147 3556 παρ’
1180 3486 1335 3557 ἐμοῦ,
1383 3489 1471 3543 ἵνα
1518 3493 1598 3555 είς
1637 3493 1735 3563 τὴν

172 3575 460 3643 προτέραν
487 3576 815 3646 ἐπανέλθητε
848 3578 1020 3643 τάξιν.

254 3705 273 3737 ι
318 3688 530 3739 Ἀκούω
564 3687 838 3757 σχίσματα
867 3690 924 3742 ἐν
957 3690 1084 3759 ὑμῖν
1113 3690 1397 3762 ὑπάρχειν.
1431 3710 1450 3742 ι

245 3801 371 3853 Ἵνα
415 3799 491 3871 μὴ
530 3800 653 3872 δόξῃ
682 3800 770 3855 διά
803 3803 929 3865 τοὺς
967 3804 1218 3874 τπένητας
1252 3804 1411 3875 μόνον
1449 3806 1619 3860 ταῦτα
1648 3809 1733 3862 λέ-

171 3894 436 3962 γειν,οὐκ
459 3894 658 3958 εὐθέως
680 3898 759 3958 είς
792 3897 853 3949 τὸ
876 3898 1004 3966 περὶ
1037 3899 1145 3951 τῶν
1171 3899 1455 3969 τραπεζῶν
1476 3900 1732 3971 ἐμϐάλλει

171 3988 363 4053 λόγον,
402 3985 542 4037 ὥστε
573 3987 646 4057 μὴ
684 3988 1157 4058 εὐκαταφρόνητον
1212 3991 1434 4060 ποιῆσαι
1474 3992 1573 4063 τὴν
1616 3997 1731 4049 ἐπί-

171 4078 400 4148 πληξιν.
460 4078 550 4130 Διό
600 4096 797 4149 φησιν·
858 4082 1070 4134 Ἀκούω
1117 4082 1188 4133 ἐν
1238 4082 1379 4149 ὑμῖν
1428 4085 1733 4155 σχίσματα

172 4170 493 4237 ὑπάρχειν.
531 4171 638 4222 Καὶ
668 4172 765 4223 οὐκ
813 4167 961 4225 εἶπεν
988 4187 1001 4199 ·
1032 4172 1237 4225 ’Λκούω
1268 4174 1413 4243 ὑμᾶς
1461 4179 1579 4229 κατ’
1627 4179 1733 4233 ἴδια

174 4263 557 4325 ἐστιάσασθαι,
590 4264 684 4317 καὶ
711 4264 786 4333 μὴ
815 4265 953 4334 μετά
974 4265 1082 4320 τῶν
1114 4268 1381 4337 πενήτων.

256 4397 273 4427 ι
300 4376 416 4428 Καὶ
451 4376 616 4445 μέρος
638 4394 691 4428 τι
723 4378 982 4432 πιστεύω.
1010 4397 1029 4431 ι

1836 3308 1982 3362 tebat
2036 3308 2180 3361 enim
2203 3316 2262 3360 ut
2294 3311 2563 3361 cresceret
2591 3312 2647 3359 et
2687 3305 2861 3374 magis
2888 3309 3178 3372 augeretur
3210 3300 3391 3353 muni-

1837 3399 2054 3454 ﬁcentia
2078 3407 2260 3455 vestra
2288 3415 2302 3450 :
2320 3413 2416 3453 vos
2433 3405 2612 3452 autem
2644 3403 2916 3465 receptam
2936 3391 3389 3449 consuetudinem

1842 3490 2189 3554 oblitteratis,
2221 3498 2275 3544 et
2297 3488 2669 3543 admonitione
2706 3501 2825 3541 mea
2849 3500 2987 3555 opus
3018 3483 3309 3549 habuistis,
3328 3489 3390 3536 ut

1838 3583 1910 3637 ad
1941 3581 2239 3651 pristinum
2272 3581 2524 3635 ordinem
2561 3578 2916 3634 revocemini.

1910 3711 1929 3744 ι
1960 3692 2137 3747 Audio
2167 3692 2441 3747 scissuras
2461 3704 2583 3745 esse
2605 3688 2748 3742 inter
2774 3702 2893 3741 vos.
2936 3705 2957 3738 ι

1903 3804 1981 3859 Ne
2027 3810 2285 3873 putarent
2345 3815 2643 3872 egenorum
2700 3799 2968 3853 duntaxat
2993 3794 3171 3867 gratia
3207 3796 3385 3865 ipsum

1834 3896 2004 3966 loqui,
2054 3895 2199 3950 haud
2258 3893 2442 3949 statim
2498 3893 2565 3946 de
2590 3890 2795 3947 mensis
2852 3888 3035 3942 dicere
3070 3887 3282 3957 incipit,
3318 3902 3387 3941 ne

1832 3986 2297 4055 contemptibilem
2331 3984 2495 4038 faciat
2515 3980 2950 4051 obiurgationem
2975 3992 3149 4033 suam.
3175 3976 3387 4032 Idcirco

1832 4081 1909 4134 ait
1946 4097 1961 4134 :
2009 4076 2180 4132 Audio
2224 4078 2486 4130 scissuras
2550 4075 2685 4127 inter
2740 4088 2827 4125 vos
2859 4086 2989 4124 esse.
3026 4067 3143 4123 Non
3204 4069 3385 4125 dicit:

1832 4170 1997 4224 audio
2042 4182 2141 4222 vos
2203 4166 2457 4235 privatim
2511 4162 2859 4227 manducare,
2899 4166 2957 4215 et
2986 4174 3094 4213 non
3116 4174 3240 4215 cum
3260 4174 3385 4231 ege-

1834 4259 1942 4314 nis.

1907 4391 1927 4424 ι
1963 4371 2107 4426 Etex
2130 4377 2282 4440 parte
2311 4367 2496 4423 credo.
2541 4384 2557 4416 ι

246 4488 369 4539 Ἱνα
398 4487 473 4557 μὴ
510 4488 757 4554 λέγωσιν,
796 4489 877 4541 ὅτι
918 4490 1217 4545 Ψεύδονται
1251 4494 1299 4545 οἱ
1338 4493 1730 4563 διαϐάλλοντες,
1763 4494 1807 4549 Ι)
1903 4485 1916 4538 Ῑ

1717 4540 1730 4563 ,
1763 4494 1807 4549 Ι)
1903 4485 1983 4540 Ne
2005 4485 2273 4548 dicerent,
2302 4479 2595 4534 mendaces
2617 4493 2738 4533 esse
2768 4477 2862 4547 qui
2884 4477 3032 4547 ipsos
3055 4476 3387 4541 detulerant,

170 4579 299 4631 οὒτε
341 4580 424 4631 ὅτι
454 4580 716 4642 Πιστεύω,
754 4575 925 4648 εἶπεν,
972 4583 1057 4635 ἵνα
1092 4584 1169 4654 μὴ
1216 4586 1728 4658 άναισχυντοτέρους

172 4671 404 4739 ποιήσῃ*
440 4668 562 4721 οὕτε
591 4670 771 4735 πάλιν,
790 4672 873 4723 ὅτι
906 4672 1164 4739 Ἀπιστῶ,
1193 4674 1278 4727 ἵνα
1304 4677 1377 4745 μὴ
1398 4676 1523 4747 δόξῃ
1552 4679 1728 4749 μάτην

171 4762 473 4831 ἐπιτιμᾷν·
522 4761 635 4840 ἀλλ’
665 4762 728 4814 ἐκ
758 4763 954 4831 μέρους
987 4760 1136 4819 εἶπεν
1182 4767 1479 4834 πιστεύειν,
1522 4770 1728 4837 ἐναγω-

171 4853 322 4914 νίους
352 4853 553 4915 αὐτοὺς
573 4851 759 4917 ποιῶν,
786 4855 879 4907 καὶ
918 4855 999 4919 είς
1027 4856 1124 4926 τὴν
1152 4858 1251 4928 τῆς
1275 4854 1611 4930 διορθώσεως
1633 4879 1731 4915 κα-

171 4943 278 4997 λῶν
300 4945 582 4998 ἐπάνοδον.

248 5075 267 5107 ι
293 5058 388 5108 Δεῖ
409 5056 518 5124 γὰρ
548 5056 641 5108 καὶ
662 5055 899 5127 αἱρέσεις
925 5058 983 5110 ἐν
1012 5059 1142 5127 ὑμῖν
1168 5055 1327 5113 εῖναι.
1352 5081 1371 5113 ι

244 5164 502 5234 Αίρέσεις
544 5164 792 5229 ἐνταῦθα,
839 5168 899 5221 οὐ
952 5168 1051 5232 τὰς
1079 5168 1186 5222 τῶν
1234 5171 1543 5241 δογμάτων,
1592 5173 1731 5228 άλλά

1836 4591 1942 4631 non
1998 4575 2075 4628 ait
2122 4588 2182 4628 se
2213 4572 2437 4626 credere
2454 4586 2523 4624 ne
2560 4566 2990 4638 impudentiores
3044 4567 3335 4622 evaderent
3373 4584 3385 4620 :

1835 4682 2014 4737 neque
2055 4679 2271 4719 rursum
2326 4678 2386 4717 se
2436 4676 2543 4715 non
2584 4661 2824 4726 crcdcrc,
2872 4673 2940 4713 ne
2974 4674 3253 4728 perperam
3304 4675 3388 4713 rc-

1835 4758 2173 4830 prelicndere
2221 4753 2535 4818 videretur;
2576 4752 2672 4807 sed
2732 4767 2797 4805 ex
2869 4760 3021 4820 parte
3064 4766 3123 4805 se
3164 4750 3389 4806 credere

1836 4848 2185 4919 signiﬁcavit,
2252 4859 2361 4914 quo
2402 4858 2497 4897 eos
2555 4842 2895 4895 ardentiorcs
2932 4837 3156 4904 faceret,
3209 4847 3265 4894 et
3319 4839 3387 4894 ad

1834 4939 2271 4995 emendationem
2303 4938 2643 5003 provocaret.

1899 5045 2418 5116 Vsas.l9.c0portet
2442 5044 2585 5100 cnim
2614 5049 2669 5097 et
2690 5042 2922 5096 haereses
2953 5040 3006 5094 in
3034 5039 3190 5095 vobis
3206 5054 3381 5095 esse»

1900 5163 2148 5220 Haereses
2198 5161 2289 5215 hic
2320 5168 2501 5221 vocat,
2538 5172 2647 5212 non
2683 5170 2805 5226 quae
2831 5155 3121 5219 doctrinis,
3143 5152 3238 5209 sed
3259 5169 3382 5223 qua:

170 5258 272 5319 τὰς
302 5257 415 5307 τῶν
445 5257 755 5325 σχισμάτων
783 5258 935 5328 φησί.
965 5260 1131 5313 Τοῦτο
1159 5262 1214 5313 δὲ
1235 5262 1402 5330 λέγει,
1428 5265 1527 5317 οὐκ
1555 5266 1729 5334 ἀνάγ·
1831 5275 1840 5309 ι

1708 5295 1729 5305 -
1831 5258 2074 5312 dissidiis
2097 5262 2375 5309 constant.
2425 5250 2515 5305 Sic
2537 5264 2665 5303 vero
2691 5248 2957 5318 loquitur,
2985 5261 3094 5300 non
3139 5245 3289 5314 101
3317 5254 3378 5300 ut

172 5365 279 5415 κην
341 5349 465 5398 τινὰ
505 5347 597 5398 καὶ
622 5347 741 5416 βίαν
764 5348 988 5415 ἐφιστὰς
1005 5349 1084 5418 τῷ
1112 5350 1232 5419 βίῳ,
1266 5352 1401 5405 ἀλλὰ
1428 5354 1489 5406 τὺ
1512 5354 1727 5418 πάντως

172 5439 435 5508 ἐσόμενον
461 5440 525 5490 ἐκ
542 5439 638 5507 τῆς
661 5439 1018 5509 πονηρᾶςιτῶν
1035 5441 1332 5512 ἀνθρώπων
1350 5444 1574 5515 γνώμης
1595 5463 1728 5516 προ-

172 5529 370 5596 λέγων,
398 5530 536 5597 ὅπερ
561 5529 757 5597 ἤμελλε
783 5529 1047 5596 γίνεσθαι,
1068 5531 1128 5583 οὐ
1148 5531 1233 5585 διὰ
1249 5532 1346 5603 τὴν
1371 5535 1534 5588 αὐτοῦ
1556 5536 1725 5605 πρόρ-

177 5622 362 5689 ρησιν,
400 5618 537 5672 ἀλλὰ
563 5620 652 5672 διὰ
688 5620 784 5689 τὴν
813 5621 921 5673 τῶν
957 5623 1192 5687 ἀνιάτως
1220 5624 1450 5693 ἐχόντων
1482 5626 1720 5696 γνώμην.

216 5798 405 5852 "Act.
446 5813 508 5864 tt,
536 5799 619 5854 ib.
695 5801 870 5854 “Act.
935 5817 985 5864 ν,
1040 5801 1121 5854 5‘2,

1829 5349 2213 5406 necessitatem
2242 5346 2482 5412 aliquam
2509 5352 2565 5396 ct
2609 5342 2717 5395 vim
2744 5340 2872 5393 huic
2903 5347 3109 5393 nostra:
3132 5339 3258 5391 vitae
3280 5340 3384 5392 im-

1827 5448 2014 5510 ponat,
2047 5436 2140 5493 sed
2179 5445 2238 5489 ut
2292 5432 2620 5506 pra-nuntiet
2686 5428 2818 5499 quid
2872 5428 3097 5481 omnino
3140 5426 3381 5481 futurum

1830 5535 1903 5589 sit
1927 5549 1989 5587 ex
2030 5544 2199 5601 pravo
2228 5527 2512 5581 hominum
2548 5522 2799 5577 consilio.
2840 5520 2897 5574 ld
2929 5520 3073 5590 quod
3102 5519 3262 5589 plane
3289 5518 3384 5571 dc-

1832 5626 1992 5683 bebat
2035 5623 2305 5685 accidere,
2365 5634 2473 5673 non
2517 5612 3244 5686 proptcr'praadicationcm,
3286 5607 3387 5666 sed
