4230 6438
841 377 947 445 659

1985 396 2046 456 S.
2083 397 2115 455 J
2121 397 2322 458 OANN
2329 398 2399 456 IS
2440 399 2865 463 DAMASCENI

3939 416 4055 478 660

841 499 1061 562 propter
1094 494 1546 553 immedicabilem
1587 516 1776 556 eorum
1802 505 1893 574 qui
1922 507 1993 559 ita
2016 507 2191 563 affecti
2223 517 2401 572 erant,
2431 518 2478 568 A
2506 527 2511 557 ι

2385 548 2401 572 .
2431 518 2478 568 Δ
2506 515 2581 565 Οὐ
2611 515 2720 584 γὰρ
2758 516 2946 586 ἐπειδὴ
2976 520 3258 585 προεῖπεν,
3291 519 3524 586 ἐγένετο,
3559 519 3672 572 ἀλλ’
3705 521 3889 595 ἐπειδὴ
3916 525 4052 578 πάν-

837 586 1194 640 voluntatem.
1258 587 1375 642 Non
1425 593 1569 644 enim
1626 595 1708 648 sic
1739 597 1945 661 evenit,
1975 599 2104 668 quia
2143 616 2396 669 przenun-

839 675 1070 731 tiaverat
1103 693 1118 729 :
1168 681 1416 748 quinimo
1443 683 1571 752 quia
1616 685 1696 741 sic
1717 699 1836 742 erat
1865 689 2132 757 futurum,
2190 693 2396 750 idcirco

839 769 1241 836 praanuntiavit.

912 877 931 910 ι
979 858 1047 913 Ut
1077 872 1131 916 et
1162 865 1395 931 probati,
1442 868 1715 922 manifesti
1755 870 1886 923 fiant
1914 871 1967 925 in
1993 873 2166 928 vobis.
2205 895 2224 927 ι

911 949 982 1004 Ut
1041 952 1284 1024 fulgeant
1315 959 1512 1026 magis.
1547 959 1640 1015 llis
1687 961 1946 1016 nimirum
1982 966 2163 1022 verbis
2182 968 2394 1036 signiﬁ—

833 1056 961 1097 care
1021 1046 1157 1108 vult,
1204 1062 1312 1100 non
1349 1051 1524 1103 solum
1588 1051 1692 1106 hoc
1740 1055 1874 1108 nihil
1916 1071 2112 1112 nocere
2166 1058 2275 1112 illis
2300 1061 2395 1129 qui

834 1134 1046 1201 probati
1076 1146 1502 1208 eonstantesque
1524 1141 1657 1210 sint,
1687 1145 1818 1214 quin
1854 1148 2033 1215 potius
2073 1165 2169 1205 eos
2218 1151 2272 1205 in
2303 1153 2387 1206 lu-

833 1237 947 1278 cem
981 1225 1226 1291 proferre
1255 1236 1312 1280 et
1359 1230 1623 1286 clariores
1663 1233 1908 1289 reddere.
1937 1234 2070 1291 Nam
2103 1241 2392 1308 particula,

833 1325 910 1380 ut,
941 1330 1046 1370 non
1072 1331 1293 1372 causam
1328 1322 1622 1390 signilicat,
1659 1325 1752 1380 sed
1775 1326 2218 1398 frequentissime
2246 1335 2393 1405 ipsos

832 1421 1050 1476 quoque
1094 1423 1276 1462 rerum
1309 1422 1535 1468 eventus
1570 1435 1581 1468 :
1643 1419 1804 1472 veluti
1841 1436 1966 1474 cum
1996 1422 2251 1480 Christus
2281 1427 2393 1481 aie-

832 1499 921 1552 bat
951 1516 962 1549 :
1002 1499 1068 1553 In
1090 1501 1348 1567 iudicum:
1399 1522 1490 1575 ego
1513 1510 1625 1560 veni
1668 1510 1723 1562 in
1753 1511 1889 1566 hunc
1918 1515 2191 1581 mundum,
2221 1528 2277 1570 ut
2303 1520 2391 1584 qui

833 1605 933 1642 non
982 1591 1180 1655 vident,
1224 1597 1454 1660 videant,
1483 1608 1533 1651 et
1579 1601 1673 1667 qui
1707 1603 1900 1669 vident,
1937 1609 2061 1660 σοιθὶ
2087 1609 2242 1675 ﬁant.
2270 1608 2390 1663 Non

830 1682 990 1751 quasi
1026 1684 1232 1740 idcirco
1259 1690 1487 1751 venerit,
1531 1702 1589 1745 ut
1621 1694 1713 1761 qui
1735 1694 1981 1750 viderent
2031 1699 2391 1753 redderentur

829 1777 994 1840 eieci;
1035 1777 1128 1830 sed
1159 1787 1351 1832 eontra
1411 1791 1469 1834 ut
1501 1785 1628 1836 creci
1672 1785 1919 1842 videntes
1981 1788 2192 1844 tierent.
2226 1791 2380 1857 Quod

2497 622 2605 668 τως
2634 605 2826 675 ἔμελλε
2853 606 3130 674 γενέσθαι,
3163 607 3251 660 διὰ
3278 607 3437 661 τοῦτο
3466 613 3745 679 προεῖπεν.

2574 887 2592 918 ι
2617 870 2734 922 Ἵνα
2764 871 2814 921 οἱ
2844 871 3057 940 δόκιμοι
3089 875 3310 943 φανεροὶ
3336 873 3598 942 γένωνται
3621 877 3678 928 ὲν
3708 878 3854 949 ὑμῖν.
3893 900 3912 931 ι

2567 961 2686 1015 ’Ὶνα
2738 962 2995 1032 λάμψωσι
3025 965 3306 1034 μειζόνως.
3359 970 3424 1020 "0
3470 968 3528 1021 δὲ
3573 969 3820 1038 βούλεται
3853 975 4047 1038 ein-etv,

2492 1051 2729 1104 τοιοῦτόν
2754 1055 2918 1116 ἐστιν,
2953 1056 3035 1106 ὃτι
3087 1056 3227 1119 Τοὺς
3250 1057 3507 1128 δοκίμους
3546 1061 3637 1112 καὶ
3675 1065 3947 1134 στερεοὺς,
3987 1066 4050 1118 οὐ

2499 1142 2659 1211 μόνον
2685 1145 2840 1198 οὐδὲν
2872 1147 3031 1200 τοῦτο
3059 1148 3462 1218 παραϐλάπτει,
3493 1152 3626 1205 ἀλλὰ
3669 1155 3762 1206 καὶ
3809 1155 4050 1209 δείκνυσι

2500 1237 2721 1304 μᾶλλον,
2755 1239 2850 1291 καὶ
2877 1238 3292 1310 λαμπροτέρους
3328 1245 3647 1311 ἀποφαίνειο
3677 1247 3739 1299 τὸ
3767 1248 3893 1316 γὰρ,
3925 1251 4046 1314 ἵνα,

2492 1328 2592 1379 οὐκ
2619 1327 2949 1396 αἰτιολογίας
2985 1331 3156 1393 ἐστὶν,
3188 1330 3324 1385 ἀλλὰ
3354 1333 3644 1404 πολλαχοῦ,
3681 1337 3773 1388 καὶ
3802 1338 3903 1407 τῆς
3937 1339 4048 1391 τῶν

2493 1421 2836 1489 πραγμάτων
2886 1421 3190 1485 ἐκϐάσεωςο
3230 1420 3340 1477 οἷον
3371 1427 3498 1478 ὅταν
3527 1430 3554 1480 ὁ
3595 1429 3827 1498 Χριστὸς
3872 1431 4004 1501 λέγῃ
4029 1449 4044 1463 ο

2489 1512 2590 1576 Εἰς
2619 1512 2796 1580 κρῖμα
2827 1512 2943 1580 ἐγὼ
2961 1516 3050 1580 εἰς
3083 1515 3190 1568 τὸν
3216 1515 3447 1585 κόσμον
3464 1517 3676 1571 τοῦτον
3706 1515 3914 1588 ἦλθον,
3950 1523 4048 1574 ἵνα

2491 1605 2545 1655 ot
2575 1602 2660 1671 μὴ
2696 1603 3036 1668 βλέποντες
3061 1607 3360 1670 βλέπωσι.
3398 1610 3496 1662 καί
3530 1613 3582 1663 οι
3611 1611 4049 1680 μὴβλέποντες

2492 1695 2706 1762 τυφλοί
2733 1691 2865 1750 ὦσι.
2893 1697 3004 1750 Καὶ
3032 1698 3139 1768 μὴν
3158 1700 3218 1751 οὐ
3240 1699 3328 1752 διὰ
3351 1701 3511 1754 τοῦτο
3537 1697 3720 1772 ἦλθεν,
3739 1704 3825 1759 ἵνα
3843 1707 3890 1758 οἱ
3924 1707 4047 1776 βλέο

2504 1803 2702 1850 ποντες
2735 1788 2924 1857 τυφλοὶ
2953 1790 3237 1856 γένωνται,
3282 1792 3418 1846 ἀλλὰ
3469 1795 3532 1846 τὸ
3581 1795 3842 1858 ἐναντίον,
3875 1798 3964 1850 ἵνα
3997 1799 4046 1851 οῖ

829 1865 1046 1931 quidem
1072 1868 1319 1938 conligit.
1346 1869 1435 1923 Sic
1465 1873 1628 1926 etiam
1657 1876 1710 1927 in
1731 1875 1839 1929 isto
1867 1879 1988 1933 loco
2013 1880 2222 1937 dictum
2245 1853 2388 1940 istud
2422 1853 2464 1907 Β

2376 1886 2388 1938 |
2422 1853 2464 1907 Β
2499 1877 2688 1945 τυφλοὶ
2715 1853 2950 1951 βλέφωσι
2966 1853 2988 1909 γ’
3021 1881 3220 1946 συνέϐη
3245 1882 3301 1935 δὲ
3324 1882 3499 1938 τοῦτο.
3523 1885 3680 1939 Οὕτω
3699 1889 3791 1939 καὶ
3813 1853 4046 1942 ἐνταῦθα

829 1956 1010 2024 debet,
1039 1956 1105 2010 Ut
1127 1961 1216 2028 qui
1249 1962 1455 2028 probati
1481 1977 1624 2030 sunt,
1656 1969 1926 2038 mani/esti
1956 1973 2111 2040 ﬁant.

927 2131 1092 2188 Vens.
1154 2134 1247 2189 20.
1318 2155 1338 2188 ι
1383 2137 1852 2200 Convenientibus
1916 2162 2048 2216 ergo
2123 2151 2276 2205 vobis
2335 2153 2390 2207 in

831 2234 1022 2284 unum,
1059 2221 1170 2289 jam
1213 2239 1322 2278 non
1386 2235 1471 2282 cst
1509 2227 1842 2286 Dominicam
1893 2250 2108 2290 coenam
2159 2241 2391 2295 mandu-

830 2326 977 2366 care.
1010 2330 1030 2362 ι

901 2403 1019 2458 Non
1082 2406 1204 2460 ait;
1246 2413 1704 2469 convenientibus
1753 2418 1914 2472 vobis
1967 2419 2079 2486 jam
2141 2437 2248 2477 non
2307 2433 2393 2479 est

833 2510 1018 2550 mensa
1066 2502 1342 2556 communi
1409 2506 1792 2564 manducare;
1848 2509 1941 2563 sed
2005 2527 2220 2566 rursum
2283 2515 2391 2569 alio

833 2583 1013 2646 modo,
1071 2596 1124 2640 et
1161 2606 1273 2656 quo
1307 2591 1571 2660 majorem
1621 2596 1705 2649 eis
1748 2604 2016 2654 terrorem
2047 2603 2298 2668 incutiat,
2325 2607 2390 2660 ad

833 2689 1112 2744 vesperam
1151 2681 1297 2734 illam
1336 2699 1432 2737 eos
1461 2687 1687 2756 relegat,
1742 2690 1795 2743 in
1825 2706 1932 2760 qua
1957 2691 2209 2750 Christus
2237 2697 2392 2753 reve-

834 2768 998 2820 renda
1027 2774 1412 2843 tremendaque
1440 2780 1699 2848 mysteria
1732 2783 1978 2839 tradidit.

902 2859 1066 2914 Vens.
1092 2861 1182 2916 21.
1217 2882 1236 2914 ι
1262 2865 1652 2938 Unusquisque
1687 2873 1833 2927 enim
1879 2879 2152 2946 propriam
2179 2895 2388 2936 cmnam

832 2953 1112 3018 praesumit
1133 2954 1200 3008 ad
1228 2957 1694 3016 manducandum.
1722 2983 1740 3014 ι

909 3038 1041 3095 Vide
1073 3045 1347 3111 quomodo
1396 3060 1796 3108 commonstret
1836 3072 1932 3112 eos
1966 3060 2262 3128 ignominia
2301 3080 2389 3118 se—

2491 1971 2692 2039 γνῶναι
2736 1972 2818 2025 δεῖ
2863 1972 2958 2037 τὸ,
2993 1975 3118 2027 Ἵνα
3166 1978 3218 2028 at
3265 1974 3494 2044 δόκιμοι
3549 1979 3790 2046 φανεροὶ
3833 1979 4046 2048 γένων-

2492 2080 2605 2117 ται.

2571 2177 2589 2209 ι
2616 2158 3033 2228 Συνερχομένων
3057 2154 3150 2212 οὖν
3180 2158 3333 2229 ὑμῶν
3379 2159 3473 2213 ἐπὶ
3515 2159 3577 2213 τὸ
3604 2159 3754 2226 αὐτὸ,
3791 2159 3892 2214 οὐκ
3931 2161 4046 2213 ἐστι

2491 2249 2773 2320 Κυριακὸν
2801 2250 3014 2304 δεῖπνον
3045 2254 3259 2320 φαγεῖν.
3290 2271 3309 2303 ι

2562 2430 2676 2482 Οὐκ
2716 2446 2858 2492 ειπε,
2914 2430 3322 2499 συνερχομένων
3360 2430 3549 2500 ὑμῶν,
3587 2431 3688 2484 οὐκ
3723 2430 3838 2484 ἔστι
3888 2435 4044 2504 κοινῇ

2493 2523 2708 2590 φαγεῖν,
2734 2521 2871 2575 ἀλλὰ
2896 2522 3057 2576 πάλιν
3083 2522 3284 2592 ἑτέρως
3315 2525 3409 2576 καὶ
3439 2522 3575 2576 πολὺ
3599 2522 3843 2593 φοϐερῶς
3865 2526 4048 2578 αὐτῶν

2493 2615 2850 2680 καθάπτεται,
2893 2616 2974 2679 είς
3011 2615 3226 2685 ἐκείνην
3273 2616 3469 2676 αὐτοὺς
3517 2620 3903 2690 παραπέμπων
3947 2618 4048 2687 τὴν

2492 2706 2752 2773 ἑσπέραν,
2785 2711 2841 2760 ἐν
2921 2708 2988 2760 τὰ
3023 2707 3196 2759 σεπτὰ
3230 2707 3324 2760 καὶ
3354 2708 3556 2778 φρικτὰ
3600 2712 3870 2780 μυστήρια
3901 2726 4046 2779 παρ-

2491 2797 2695 2850 έδωκεν
2722 2799 2751 2850 ὁ
2780 2799 3032 2869 Χριστός.

2567 2908 2586 2938 ι
2607 2889 2877 2952 Ἕκαστος
2921 2889 3028 2960 γὰρ
3054 2888 3115 2942 τὸ
3166 2889 3297 2942 ῐδιον
3331 2890 3545 2944 δεῖπνον
3587 2888 3963 2961 προλαμϐάνει
3992 2892 4051 2943 ὲν

2490 2979 2568 3050 τῷ
2591 2983 2805 3048 φαγεῖν.
2835 3000 2853 3032 ι

2567 3074 2709 3143 Ὅρα
2735 3073 2852 3136 πῶς
2878 3073 3152 3127 δείκνυσιν
3175 3073 3372 3137 αὐτοὺς
3405 3075 3632 3138 ἑαυτοὺς
3661 3074 4050 3144 καταισχύνον-

831 3134 983 3248 Ξῃεοε
1033 3135 1266 3238 adicere,
1317 3143 1408 3210 qui
1468 3146 1746 3214 proprium
1801 3149 1906 3203 sibi
1960 3149 2205 3205 facerent
2243 3156 2501 3248 quodci

2380 3156 2388 3208 Ι
2416 3186 2464 3248 c
2494 3179 2612 3228 τας,
2641 3134 2774 3215 ὃπου
2806 3134 2869 3230 γε
2900 3163 2961 3215 τὺ
2994 3164 3273 3234 κυριακὸν
3307 3164 3570 3218 ίδιωτικὸν
3597 3165 3860 3219 ποιοῦσιν.
3885 3165 4050 3232 Λέγει

831 3225 1176 3282 Dominicum
1207 3239 1311 3286 est.
1366 3231 1533 3289 Docet
1568 3252 1698 3306 ergo
1741 3243 1964 3296 omnino
2019 3247 2384 3302 necessarium

828 3329 952 3369 esse
985 3327 1044 3370 ut
1091 3317 1370 3374 Dominiea
1399 3338 1553 3379 cmna
1613 3328 1687 3380 sit
1749 3333 2078 3386 communis.

904 3424 923 3455 ι
966 3405 1030 3458 Et
1086 3409 1228 3466 alius
1281 3412 1500 3482 quidem
1558 3418 1753 3482 esurit,
1793 3421 1936 3476 alius
1989 3432 2169 3478 autem
2200 3427 2385 3484 ebrius

829 3503 933 3549 est.
972 3517 990 3547 ι

899 3585 1035 3639 Cum
1087 3588 1336 3656 dixisset,
1393 3601 1689 3662 pwesumit,
1745 3600 1893 3668 ipsos
1959 3609 2123 3659 tacito
2162 3605 2384 3672 feriens.

829 3674 966 3741 gula:
1000 3678 1206 3732 crimen
1266 3681 1576 3754 subjungit,
1638 3699 1691 3742 et
1722 3693 1870 3758 quod
1906 3696 2177 3762 sequitur,
2242 3701 2385 3768 quod

829 3767 1030 3822 acriter
1092 3773 1383 3840 percellat;
1443 3777 1763 3834 ebrietatem
1797 3783 2026 3839 scilicet.
2057 3787 2226 3858 Atqui
2260 3767 2386 3845 haec

829 3858 988 3916 ambo
1012 3861 1458 3920 incontinentiam
1492 3871 1873 3936 praeferebant.

901 3950 1065 4006 Vens.
1101 3955 1191 4008 22.
1231 3973 1252 4007 ι
1290 3955 1544 4026 Nunquid
1602 3961 1747 4015 enim
1801 3964 1994 4020 domos
2026 3982 2132 4022 non
2177 3970 2386 4026 habetis

828 4041 895 4094 ad
951 4045 1391 4102 manducandum
1432 4059 1487 4104 et
1540 4051 1885 4108 bibendum?
1925 4057 2034 4111 Aut
2086 4057 2385 4116 Ecclesiam

831 4131 924 4186 Dei
965 4138 1377 4193 contemnitis‘h

899 4220 1167 4279 Observes
1195 4227 1354 4280 velim
1391 4245 1498 4298 qua
1535 4232 1748 4288 ratione
1803 4249 1831 4286 a
1879 4238 2205 4291 contumelia
2252 4255 2386 4306 pau-

830 4326 1022 4380 perum
1056 4315 1123 4368 ad
1148 4315 1448 4372 Ecclesiam
1481 4322 1691 4376 crimen
1713 4326 1993 4391 transfert,
2011 4344 2120 4397 quo
2142 4332 2384 4399 asperio-

827 4417 942 4457 rem
983 4407 1288 4462 orationem
1319 4411 1501 4464 addat.

905 4515 923 4546 ι
965 4495 1031 4550 Et
1076 4499 1418 4557 confunditis
1441 4519 1536 4558 eos
1572 4507 1668 4574 qui
1703 4523 1811 4561 non
1862 4509 2106 4566 habent?
2137 4513 2266 4582 quid
2295 4514 2381 4568 di-
2415 4537 2459 4591 ο

827 4600 947 4640 cam
981 4588 1167 4642 vobis?
1199 4591 1360 4645 laudo
1384 4595 1519 4649 vos?
1542 4595 1595 4648 in
1627 4595 1727 4651 hoc
1754 4613 1861 4651 non
1897 4599 2080 4656 laudo.
2117 4621 2136 4653 ι

899 4675 976 4729 lla
1005 4677 1266 4747 loquitur,
1296 4689 1355 4735 ut
1385 4685 1637 4738 ostendat
1693 4704 1799 4742 non
1841 4697 2050 4742 tantum
2079 4708 2138 4746 se
2158 4693 2384 4748 alendo-

829 4785 949 4822 rum
1002 4787 1298 4840 egenorum
1330 4791 1451 4831 esse
1488 4778 1807 4846 sollicitum,
1868 4790 2136 4851 quantum
2174 4785 2384 4854 injuria:

828 4874 950 4926 quae
971 4860 1077 4916 illis
1108 4862 1472 4932 irrogabatur.

903 4947 1066 5003 Vsus.
1097 4951 1288 5005 25-27.
1330 4974 1348 5004 ι
1377 4953 1490 5024 Ego
1507 4957 1652 5010 enim
1685 4961 1872 5027 accepi
1905 4975 1933 5013 a
1961 4959 2209 5028 Domino,
2240 4965 2382 5032 quod

826 5053 882 5096 et
907 5043 1102 5096 tradidi
1159 5047 1346 5112 vobis,
1379 5050 1634 5116 quoniam
1691 5050 1951 5104 Dominus
1984 5050 2159 5116 Jesus,
2193 5055 2245 5106 in
2278 5071 2383 5122 qua

828 5142 985 5188 nocte
1009 5135 1342 5200 tradebatur,
1392 5139 1602 5208 accepit
1633 5155 1846 5208 panem,
1869 5149 1922 5194 et
1951 5144 2154 5209 gratias
2217 5159 2381 5213 agens

827 5223 1013 5293 fregit,
1041 5233 1094 5280 et
1127 5226 1264 5280 dixit
1302 5245 1316 5280 :
1357 5229 1632 5298 Accipite,
1675 5238 1732 5283 et
1771 5233 2132 5286 manducate:
2165 5235 2266 5288 hoe
2299 5247 2384 5290 est

827 5331 1030 5385 corpus
1062 5333 1264 5380 memn,
1297 5321 1439 5388 quod
1466 5337 1563 5390 pro
1589 5323 1744 5378 vobis
1762 5323 2043 5388 tradetur;
2079 5325 2184 5378 hoc
2218 5327 2379 5382 facite

829 5410 891 5463 in
925 5425 1100 5463 meam
1131 5414 1734 5466 commemorationem.
1793 5414 2056 5470 Similiter
2081 5430 2134 5469 et
2155 5419 2380 5472 calicem

831 5511 1124 5570 postquam
1156 5505 1415 5566 cceiiavit,
1445 5503 1670 5559 dicens:
1695 5503 1796 5559 Hic
1825 5508 1964 5559 calix
1994 5524 2194 5560 novum
2220 5518 2383 5562 testa-

828 5603 1070 5646 mentum
1122 5603 1206 5648 est
1249 5596 1300 5646 in
1338 5611 1457 5648 meo
1484 5598 1771 5665 sanguine.
1812 5597 1924 5651 lluc
1955 5599 2111 5654 facile
2139 5601 2380 5668 quoties-

833 5700 1052 5752 cunque
1139 5686 1361 5751 bibetis,
1416 5689 1468 5738 in
1524 5703 1694 5741 meam
1772 5693 2371 5746 commemorationem.

837 5773 1280 5848 Quotiescunque
1339 5779 1482 5834 enim
1535 5779 1936 5834 manducabilis
1987 5796 2177 5849 panem
2214 5783 2373 5847 hunc,

2493 3251 2606 3318 οὖν,
2627 3256 2702 3318 ὡς
2729 3256 2809 3308 δεῖ
2835 3256 2895 3309 τὸ
2927 3257 3207 3321 κυριακὸν
3234 3257 3445 3331 δεῖπνον
3468 3257 3646 3310 κοινὸν
3677 3253 3835 3310 εἶναι.

2575 3454 2593 3488 ι
2618 3436 2727 3488 Καὶ
2753 3435 2812 3499 ὃς
2842 3435 2941 3505 μὲν
2973 3437 3149 3506 πεινᾷ,
3182 3437 3241 3499 ὃς
3278 3437 3334 3490 δὲ
3369 3435 3574 3506 μεθύει.
3601 3456 3620 3489 ι

2565 3613 2838 3685 Είρηκὼς,
2893 3613 3300 3682 προλαμϐάνει
3333 3612 3427 3666 καὶ
3468 3614 3651 3683 ἡρέμα
3692 3613 3929 3680 πλήξας,
3971 3617 4050 3677 εἰς

2492 3704 2824 3775 λαιμαργίαν
2871 3704 3086 3772 ἐπάγει,
3118 3705 3212 3757 καὶ
3253 3704 3316 3756 τὸ
3365 3705 3490 3774 ἑξῆς
3528 3705 3824 3773 πληκτικὸν
3867 3704 3949 3768 ὃν,
3987 3706 4050 3756 τὸ

2500 3795 2739 3864 μεθύειν,
2768 3794 2914 3865 ἅπερ
2941 3795 3224 3865 ἀμφότερα
3252 3795 3518 3866 ἀμετρίας
3540 3790 3624 3865 ἦν.

2572 3991 2590 4022 ι
2621 3973 2711 4043 Μὴ
2756 3971 2867 4042 γὰρ
2905 3971 3081 4034 οἰκίας
3130 3971 3228 4023 οὐκ
3257 3970 3411 4041 ἔχετε
3451 3973 3530 4034 εἰς
3590 3970 3650 4023 τὸ
3696 3970 3897 4023 ἐσθίειν
3954 3972 4049 4024 καὶ

2493 4063 2704 4128 πίνειν;
2770 4063 2804 4131 ἢ
2875 4061 2974 4132 τῆς
3038 4061 3362 4131 Ἐκκλησίας
3423 4060 3515 4114 τοῦ
3587 4061 3720 4114 Θεοῦ
3774 4080 4049 4134 καταφρο-

2492 4156 2632 4207 νεῖτε
2655 4171 2671 4219 ;
2705 4171 2724 4204 ι

2568 4247 2712 4314 Ὀρα
2747 4243 2864 4307 πῶς
2889 4243 2997 4297 ἀπὸ
3033 4244 3135 4312 τῆς
3161 4242 3270 4296 τῶν
3299 4244 3544 4315 πενήτων
3582 4243 3791 4314 ϐϐρεως
3824 4245 3918 4297 ἐπὶ
3947 4244 4049 4312 τὴν

2505 4336 2834 4406 Ἐκκλησίαν
2860 4336 3135 4405 μετήγαγε
3156 4334 3217 4388 τὸ
3243 4334 3509 4406 ἔγκλημα,
3533 4335 3618 4388 ἵνα
3646 4335 4045 4407 φορτικώτερον

2493 4430 2696 4500 ποιήσῃ
2719 4428 2809 4480 τὸν
2830 4427 3007 4494 λόγον.

2569 4541 2587 4570 ι
2617 4520 2727 4573 Καὶ
2787 4517 3171 4587 καταισχύνετε
3204 4517 3330 4580 τοὺς
3383 4517 3458 4587 μὴ
3511 4515 3760 4586 ἐχονταςς
3802 4517 3856 4570 τί
3904 4519 4044 4570 εἴπω

2496 4613 2664 4682 ὑμῖν;
2694 4610 2967 4664 ἐπαινέσω
2999 4607 3175 4677 ὐμᾶς;
3202 4609 3260 4661 ὲν
3286 4606 3461 4676 τούτῳ
3493 4607 3591 4659 οὐκ
3619 4607 3842 4660 ἐπαινῶ.
3874 4627 3891 4658 ι

2561 4699 2731 4753 Τοῦτό
2763 4715 2918 4768 φησι,
2949 4698 3182 4762 δεικνὺς,
3216 4696 3293 4759 ὡς
3329 4697 3391 4749 οὑ
3414 4697 3665 4750 τοσοῦτον
3699 4701 3810 4758 τοῖς
3841 4697 4040 4767 πένησι

2494 4790 2700 4861 τροφῆς
2733 4789 2904 4858 μέλει,
2932 4788 3052 4839 ὅσον
3078 4788 3175 4856 τῆς
3203 4785 3413 4857 ὕϐρεως
3443 4787 3542 4856 τῆς
3573 4789 3651 4849 εἰς
3667 4787 3870 4849 αὐτοὺς
3895 4804 4042 4855 γινο-

2492 4883 2676 4950 μένης.

2565 4991 2582 5022 ι
2608 4969 2746 5038 Ἐγὼ
2769 4970 2875 5039 γὰρ
2898 4967 3202 5037 παρέλαϐον
3230 4968 3337 5020 ἀπὸ
3360 4969 3451 5021 τοῦ
3478 4970 3700 5037 Κυρίου,
3723 4968 3751 5016 ἢ
3777 4969 3867 5021 καὶ
3901 4987 4043 5039 παρ-

2489 5063 2664 5115 έδωκα
2705 5061 2853 5130 ὑμῖν,
2904 5061 2986 5112 ὅτι
3033 5061 3062 5110 ὁ
3105 5059 3305 5127 Κύρικ
3341 5059 3544 5128 Ἰησοῦς
3593 5062 3649 5109 ὲν
3698 5063 3762 5127 τῇ
3804 5062 3956 5110 νυκτὶ

2490 5148 2825 5219 παρεδίδοτο,
2849 5147 3040 5199 ἐλαϐεν
3069 5149 3257 5216 ἄρτον,
3289 5151 3382 5202 καὶ
3402 5151 3794 5217 εὐχαριστήσας
3820 5149 3901 5201 ἐκ)
3918 5167 4036 5210 ατε,

2488 5240 2581 5290 καὶ
2603 5234 2782 5289 εἶπεν·
2817 5237 3047 5301 Λάϐετε,
3074 5239 3298 5306 φάγετε,
3321 5240 3476 5291 τοῦτό
3502 5241 3602 5308 μού
3629 5242 3741 5292 ἐστι
3762 5241 3821 5292 τὸ
3855 5242 4036 5310 σῶμα,

2483 5330 2544 5381 τὸ
2591 5329 2730 5398 ὑπὲρ
2785 5328 2938 5397 ὑμῶν
2995 5329 3300 5397 κλώμενοψ
3337 5330 3493 5382 τοῦτο
3548 5333 3749 5383 ποιεῖτε
3806 5332 3887 5392 εἰς
3940 5331 4040 5400 τὴν

2485 5418 2622 5486 ὲμὴν
2652 5416 2975 5486 ἀνάμνησιν.
3011 5417 3284 5480 Ὡσαύτως
3306 5418 3399 5470 καὶ
3426 5417 3488 5470 τὸ
3519 5419 3775 5486 ποτήριον
3811 5419 3948 5488 μετὰ
3977 5422 4038 5472 τὸ

2483 5512 2786 5578 δειπνῆσαι,
2821 5509 3027 5575 λέγων’
3054 5509 3220 5561 Τοῦτο
3259 5510 3319 5562 τὸ
3360 5510 3670 5579 ποτήριονή
3724 5511 3880 5579 καινὴ
3915 5511 4036 5564 δια-

2483 5603 2626 5671 θήκη
2658 5602 2802 5654 ἐστὶν
2833 5604 2890 5653 ἐν
2905 5601 2982 5670 τῷ
3011 5603 3128 5671 ἐμῷ
3153 5601 3344 5670 αἵματι
3366 5602 3573 5654 ’τοῦτο
3611 5605 3812 5653 ποιεῖτε
3846 5603 4033 5664 ὁσάκις

2488 5695 2552 5745 ἂν
2585 5694 2794 5762 πίνητε,
2832 5696 2907 5755 εἰς
2931 5694 3027 5762 τὴν
3057 5693 3193 5762 ἐμὴν
3226 5694 3547 5761 ἀνάμνησιν.
3591 5693 3807 5752 Ὁσάκις
3831 5693 3937 5758 γὰρ
3971 5695 4035 5742 ἂν

2490 5786 2701 5854 ἐσθίητε
2736 5786 2825 5847 τῂν
2874 5786 3032 5854 ἄρτον
3087 5784 3292 5850 τοῦτον,
3333 5790 3426 5838 καὶ
3480 5786 3536 5838 τὺ
3583 5786 3836 5855 ποτήριον
3879 5785 4035 5837 τοῦτ)
