4230 6438
180 390 279 454 601

1327 402 1408 461 IN
1449 403 1682 463 EPIST.
1716 405 1812 463 AD
1850 405 2207 466 CORINTII.
2242 406 2291 466 Ι.

3280 410 3384 473 662

181 508 400 574 πίνητε,
434 505 526 557 τὸν
551 505 776 560 θάνατον
802 505 895 560 τοῦ
918 508 1123 578 Κυρίου
1146 511 1563 577 καταγγέλλετε,
1584 515 1740 583 ἄχρις
1767 526 1813 582 Α

1844 519 1892 566 et
1925 514 2149 569 calicem
2204 512 2422 579 bibetis,
2457 524 2686 570 mortem
2723 513 2934 570 Domini
2984 518 3383 575 annuntiabitis

179 590 242 648 οὑ
271 596 421 667 ἔλθῃ.
453 598 614 650 Ὥστε
646 598 704 661 ὃς
731 598 795 652 ἂν
820 600 972 671 ὲσθίῃ
1003 600 1094 653 τὸν
1119 602 1282 672 ἄρτον
1304 604 1510 674 τοῦτον,
1541 606 1574 676 ἢ
1604 608 1736 677 πίνῃ

1844 606 1992 674 [02
2051 605 2223 660 donec
2253 607 2453 660 veniat.
2515 607 2701 676 Itaque
2729 607 3045 676 quicunque
3079 609 3377 662 manduca-

180 686 239 738 τὺ
269 689 526 757 ποτήριον
560 688 653 741 τοῦ
681 689 884 759 Κυρίου
915 691 1145 756 ἀναξίως
1177 693 1277 762 (5),
1307 711 1326 743 ι

250 867 432 920 Θέλων
473 868 667 932 αὑτοὺς
696 871 790 922 καὶ
834 871 1099 943 ἑτέρωθεν
1145 874 1398 945 ἐντρέψαι
1455 875 1733 945 μειζόνως,

182 959 289 1012 ἀπὸ
322 958 436 1012 τῶν
467 962 812 1032 κυριωτέρων
841 964 932 1016 τὸν
971 964 1128 1034 λόγον
1158 967 1393 1036 ὑφαίνει.
1428 968 1653 1038 Ὅμοιον
1679 971 1736 1023 δὲ

183 1052 255 1112 ὡς
301 1053 351 1102 εί
389 1052 562 1118 λέγοι·
621 1053 678 1106 '0
713 1055 976 1126 δεσπότης
1029 1075 1122 1111 σου
1178 1059 1276 1129 τῆς
1320 1060 1488 1131 αὑτῆς
1532 1062 1739 1126 πάντας

184 1141 381 1208 ἠξίωσε
407 1144 705 1214 τραπέζης,
742 1148 836 1198 καὶ
872 1148 970 1218 τῆς
1016 1149 1219 1221 σφόδρα
1276 1155 1508 1223 φρικτῆς
1549 1153 1736 1222 οὑσης,

187 1236 281 1284 καὶ
308 1233 441 1287 πολὺ
473 1235 569 1305 τὴν
607 1236 862 1290 ἁπάντων
907 1240 1349 1312 ὑπερϐαλλούσης
1378 1244 1553 1307 ἀξίαν,
1582 1247 1646 1298 σὺ
1680 1245 1738 1297 δὲ

186 1325 387 1387 αὑτοὺς
429 1327 521 1379 καὶ
555 1328 651 1396 τῆς
685 1329 782 1398 σῆς
817 1330 1066 1394 ἀναξίους
1110 1335 1219 1403 ἡγῇ
1251 1335 1346 1402 τῆς
1379 1339 1580 1406 μικρᾶς
1608 1337 1738 1392 ταὺ-

191 1432 293 1485 της
318 1418 414 1470 καὶ
437 1418 716 1483 εὑτελοῦς;
750 1421 986 1474 Ἐκείνου
1016 1423 1070 1475 δὲ
1095 1425 1366 1496 μέμνηται
1385 1427 1478 1480 τοῦ
1502 1429 1737 1498 δείπνου,

188 1506 277 1558 ἵνα.
318 1505 438 1574 μεθ’
473 1508 776 1579 ὑπερϐολῆς
804 1510 1098 1584 κατανὺξῃ.

273 1596 487 1667 Ἐπειδὴ
543 1599 760 1669 καὶτῆς
803 1602 1035 1664 παλαιᾶς
1084 1603 1345 1675 διαθήκης
1372 1606 1628 1676 ποτήριον
1672 1603 1741 1676 ἦν

184 1686 244 1736 αἱ
279 1687 520 1741 σπονδαί.
549 1689 657 1742 Καὶ
693 1691 800 1761 γὰρ
844 1694 982 1760 μετά
1024 1693 1084 1747 τὸ
1116 1694 1298 1759 θῦσαι,
1358 1698 1600 1767 ποτηρίῳ
1649 1701 1743 1751 καὶ

185 1775 356 1846 φιάλῃ
385 1779 444 1830 τὸ
472 1772 606 1848 αἷμα
631 1780 928 1851 δεχόμενοι,
956 1783 1127 1847 οὕτως
1156 1785 1432 1843 ἔσπενδον.
1473 1790 1621 1844 Ἐπεὶ
1651 1788 1744 1845 οὖν

1834 695 1973 746 verit
2005 709 2196 763 panem
2224 694 2391 761 hunc,
2418 695 2504 750 vel
2535 696 2732 751 biberit
2757 696 2977 751 calicem
3006 696 3214 754 Domini
3244 700 3386 753 indi-

1834 798 1959 852 gne,
1986 803 2004 836 ι

1908 873 1976 928 Ut
2007 890 2071 929 ex
2098 875 2206 931 alio
2248 877 2432 947 capite
2465 877 2727 947 majorem
2754 879 2834 934 eis
2865 877 3131 948 pudorem
3156 879 3390 948 injiciat,

1838 978 1869 1017 a
1905 966 2208 1035 potioribus
2247 969 2414 1025 rebus
2450 971 2696 1025 contexit
2745 986 3078 1025 sermonem.
3109 971 3189 1026 Ac
3223 973 3268 1026 si
3301 975 3388 1026 di-

1838 1064 2025 1110 ceret:
2055 1058 2220 1113 herus
2264 1068 2391 1116 tuus
2423 1061 2614 1116 eadem
2654 1076 2846 1116 omnes
2897 1077 3084 1117 mensa
3121 1063 3381 1132 dignatus

1839 1155 1944 1213 est,
2001 1164 2180 1220 eaque
2238 1154 2516 1207 tremenda
2566 1152 2882 1217 admodum,
2927 1162 2982 1208 et
3015 1170 3136 1224 quae
3173 1170 3390 1209 omnem

1839 1241 2156 1308 dignitatem
2232 1251 2550 1299 eaeterarum
2579 1245 2737 1314 longe
2767 1253 2986 1315 superet
3017 1263 3032 1301 :
3070 1254 3128 1300 tu
3167 1263 3295 1301 vero
3322 1247 3389 1300 il-

1841 1327 1920 1384 los
1946 1331 2072 1384 exili
2103 1331 2203 1385 hac
2256 1340 2310 1387 et
2335 1334 2725 1404 contemptibili
2759 1350 2947 1389 mensa
2994 1343 3087 1389 tua
3132 1335 3389 1406 indignos

1840 1418 2034 1475 ducis?
2065 1420 2226 1478 Istius
2251 1440 2415 1494 porro
2439 1440 2607 1480 ccena:
2644 1427 2976 1482 mentionem
3007 1427 3158 1492 facit,
3197 1437 3257 1482 ut
3287 1444 3384 1483 eos

1843 1527 2005 1582 supra
2035 1515 2256 1568 modum
2291 1524 2516 1588 pungat.

1912 1603 2049 1669 Quia
2092 1605 2350 1661 nimirum
2400 1607 2602 1663 veteris
2631 1609 2943 1664 testamenti
2974 1610 3115 1665 calix
3147 1609 3213 1663 ad
3249 1609 3387 1663 liba-

1844 1693 2019 1749 tiones
2069 1696 2448 1752 adhibebatur.
2492 1697 2724 1753 Mactata
2789 1701 2987 1771 quippe
3017 1701 3194 1756 hostia
3221 1702 3394 1774 calice
3492 1677 3514 1687 ‘

1843 1791 1899 1838 et
1936 1785 2116 1854 phiala
2145 1788 2513 1858 suscipientes
2532 1791 2879 1860 sanguinem,
2915 1792 3020 1845 hoc
3061 1790 3221 1844 modo
3255 1790 3395 1842 liba-

184 1864 309 1915 ἀντὶ
337 1866 565 1934 αἵματος
607 1870 802 1937 ἀλόγου
843 1867 982 1942 αἷμα
1028 1875 1289 1944 εἰσήγαγε
1329 1877 1390 1930 τὸ
1433 1878 1620 1946 αὑτοῦ,
1655 1881 1743 1933 ἵνα
1773 1890 1817 1944 Β

1844 1875 2148 1930 baut.Cum
2187 1879 2369 1948 itaque
2398 1879 2650 1937 Christus
2679 1897 2777 1951 pro
2809 1883 3082 1952 sanguine.
3111 1883 3394 1936 brutoruln

189 1955 270 2022 μὴ
303 1955 572 2029 θορυϐηθῇ
609 1961 768 2014 τοῦτο
798 1963 1033 2029 ἀκούων,
1061 1966 1329 2039 ἀνέμνησε
1378 1971 1478 2040 τῆς
1507 1972 1739 2038 παλαιᾶς

184 2046 460 2118 διαθήκης
484 2050 720 2122 ἐκείνης.

270 2238 288 2272 ι
322 2221 542 2293 Ἔνοχος
565 2223 714 2278 ἔσται
743 2226 835 2280 τοὺ
868 2228 1118 2298 σώματος
1148 2232 1240 2285 καὶ
1265 2232 1358 2285 τοῦ
1389 2235 1617 2305 αἵματος
1646 2237 1741 2290 τοῦ

188 2311 424 2380 Κυρίου.

265 2403 331 2454 Τί
369 2405 603 2475 δήποτε;
638 2409 718 2459 ὅτι
753 2409 930 2480 ἐξέχεε
975 2412 1067 2463 καὶ
1106 2409 1258 2476 οὗτος
1282 2415 1342 2467 τὸ
1371 2411 1529 2486 αἷμα,
1556 2417 1743 2487 ὥσπερ

188 2493 393 2543 ἐκεῖνοι
423 2495 470 2545 oi
527 2497 911 2565 κεντήσαντες,
939 2499 1036 2570 οὑχ
1097 2501 1181 2554 ἵνα
1229 2502 1425 2557 πίωσιν
1451 2548 1465 2571 ,
1517 2506 1628 2559 ἀλλ’
1659 2509 1742 2561 ἵνα

185 2583 445 2652 ἐκχέωσι.

269 2693 288 2724 ι
313 2677 665 2746 Δοκιμαζέτω
700 2681 752 2734 δὲ
788 2683 1071 2757 ἄνθρωπος
1109 2688 1319 2752 ἐαυτὸν,
1357 2690 1448 2742 καὶ
1479 2691 1652 2754 οὑτως
1682 2694 1745 2746 ἐκ

186 2767 286 2818 τοῦ
319 2768 486 2838 ἄρτου
518 2773 762 2838 ἐσθιέτω,
798 2778 889 2829 καὶ
921 2780 982 2830 ἐκ
1007 2779 1100 2830 τοῦ
1132 2781 1390 2850 ποτηρίου
1423 2783 1640 2838 πινέτω.
1687 2784 1746 2836 '0

187 2859 301 2928 γάρ
335 2860 529 2913 ἐσθίων
557 2865 647 2916 καὶ
679 2865 847 2920 πίνων
875 2869 1127 2935 ἀναξίως,
1169 2874 1340 2942 κρῖμα
1371 2872 1548 2944 ἑαυτῷ
1578 2873 1748 2928 ἐσθίει

189 2948 291 2999 καὶ
322 2949 490 3003 πίνει.
532 2972 549 3002 ι

269 3040 430 3103 Ἔθος
466 3043 621 3096 τοῦτο
657 3045 734 3113 τῷ
774 3046 992 3117 Παύλῳ,
1027 3049 1101 3119 μὴ
1145 3051 1304 3118 μόνον
1349 3053 1533 3106 ἐκεῖνα
1581 3055 1748 3125 ἐργά-

188 3129 388 3193 ζεσθαι
420 3131 562 3202 ἅπερ
591 3135 738 3187 ἐστὶν
766 3136 911 3206 αὑτῷ
935 3138 1288 3207 προκείμενα,
1325 3141 1459 3194 ἀλλά
1485 3141 1589 3194 κάν
1612 3159 1750 3212 παρ-

190 3221 416 3292 εμπέσῃ
474 3223 629 3290 λόγος
675 3228 752 3288 είς
800 3228 898 3296 τὴν
949 3228 1223 3294 ὑπόθεσιν,
1273 3231 1364 3282 καὶ
1407 3230 1562 3284 τοῦτο
1617 3231 1822 3302 μετὰα

189 3309 406 3379 πολλῆς
445 3313 716 3378 ἐπεξιέναι
763 3317 860 3384 τῆς
894 3318 1161 3388 σπουδῆς·
1204 3320 1297 3371 καὶ
1351 3320 1583 3389 μάλιστα
1628 3324 1756 3376 ὅταν

192 3399 335 3468 περὶ
386 3401 592 3470 σφόδρα
637 3405 978 3472 ἀναγκαίων,
1032 3410 1126 3461 καὶ
1177 3412 1614 3479 κατεπειγόντων
1665 3409 1752 3482 ἦν.

207 3490 438 3561 Ἐπειδὴ
478 3493 585 3564 γὰρ
616 3495 713 3564 τῆς
760 3497 865 3549 τῶν
907 3499 1220 3568 μυστηρίων
1268 3502 1457 3571 ἐδεήθη
1518 3504 1753 3573 μνήμης,

194 3581 501 3647 ἀναγκαῖον
555 3584 797 3654 ἡγήσατο
841 3586 1147 3649 ἐπεξελθεῖν
1188 3591 1252 3658 τῇ
1290 3589 1562 3644 ὑποθέσει.
1621 3592 1758 3644 υὺτε

196 3669 312 3740 γὰρ
351 3671 384 3740 ἡ
416 3671 649 3740 τυχοῦσα
681 3669 768 3742 ἦν.
800 3676 889 3728 Διὸ
918 3679 1011 3729 καὶ
1045 3678 1244 3748 σφόδρα
1278 3681 1407 3750 περὶ
1450 3682 1617 3752 αὑτῆς
1644 3683 1759 3736 δια-

199 3759 444 3830 λεχθεὶς,
475 3762 535 3813 τὸ
582 3765 875 3830 κεφάλαιον
913 3768 1023 3820 τῶν
1068 3768 1289 3837 ἀγαθῶν
1340 3773 1757 3842 κατασκευάζει,

201 3852 266 3905 τὸ
301 3852 447 3922 μετά
472 3852 673 3921 ἀγαθοῦ
704 3857 1000 3922 συνειδότος
1035 3860 1314 3930 προσιέναι
1346 3863 1549 3927 αὑτοῖς.

285 4047 308 4082 σ
335 4028 430 4100 Μὴ
461 4029 745 4101 διακρίνων
773 4031 832 4084 τὸ
850 4034 1007 4105 σῶμα
1025 4033 1117 4088 τοῦ
1139 4036 1362 4107 Κυρίου.
1393 4037 1494 4090 Διά
1520 4039 1678 4093 τοῦτο
1707 4042 1763 4094 ὲν

205 4123 345 4194 ὑμῖν
385 4122 571 4175 πολλοὶ
609 4124 852 4188 ἀσθενεῖς
884 4126 978 4180 καί
1018 4125 1311 4198 ἄρρωστοι,
1344 4131 1438 4182 καὶ
1465 4129 1766 4201 κοιμῶνται

207 4215 411 4268 ἱκανοί.
442 4232 460 4265 ι

283 4307 567 4373 Τουτέστι,
596 4308 672 4380 μὴ
693 4309 979 4377 ἐξετάζων,
1012 4311 1087 4382 μὴ
1111 4312 1305 4369 ἐννοῶν
1322 4314 1383 4368 τὸ
1414 4315 1640 4385 μέγεθος
1657 4317 1767 4372 τῶν

209 4399 620 4471 προκειμένων.

291 4511 311 4543 ι
346 4493 408 4543 El
438 4492 544 4562 γὰρ
563 4493 786 4552 ἐαυτοὺς
811 4493 1168 4565 διεκρίνομεν,
1199 4495 1298 4548 οὑκ
1328 4496 1393 4549 ἂν
1417 4498 1762 4568 ἐκρινόμεθα.

1847 1969 2128 2038 preprium
2165 1971 2488 2040 sanguinem
2542 1973 2857 2042 subjecerit,
2899 1990 2969 2028 ne
3003 1974 3126 2042 quis
3149 1974 3251 2028 hoc
3302 1988 3399 2025 au-

1846 2059 2046 2116 diendo
2069 2063 2500 2132 perturbaretur,
2528 2065 2729 2121 veteris
2770 2066 2916 2122 illius
2946 2066 3257 2122 testamenti
3287 2079 3398 2121 me-

1846 2152 2023 2207 minit.

1923 2267 1941 2298 ι
1969 2247 2116 2305 Reus
2155 2251 2262 2305 erit
2283 2265 2530 2322 corporis
2557 2260 2610 2309 et
2639 2253 2928 2324 sanguinis
2961 2252 3198 2309 Domini.
3229 2272 3247 2304 ι

1917 2425 2094 2480 Eccur
2127 2429 2299 2482 vero?
2329 2429 2586 2499 quoniam
2605 2437 2659 2485 et
2678 2430 2793 2500 ipse
2820 2430 3140 2500 sanguinem
3171 2427 3399 2492 eﬂ‘udit;

1849 2519 2308 2586 quemadmodum
2343 2529 2396 2574 et
2432 2522 2524 2590 qui
2583 2522 2761 2591 ipsum
2795 2529 3154 2592 pepugerunt,
3191 2538 3298 2577 non
3343 2530 3402 2575 ut

1850 2608 2122 2676 biberent,
2149 2611 2240 2666 sed
2271 2619 2328 2665 ut
2355 2611 2715 2667 effunderent.

1925 2699 2090 2755 Vens.
2145 2702 2235 2763 28,
2275 2703 2362 2757 29.
2400 2722 2417 2754 ι
2475 2704 2670 2758 Probet
2701 2713 2880 2759 autem
2935 2705 3176 2774 scipsum
3213 2705 3400 2769 homo,

1852 2801 1905 2846 ct
1947 2793 2026 2847 sic
2071 2793 2137 2848 de
2191 2810 2328 2863 pane
2362 2795 2452 2849 illo
2500 2797 2624 2850 edat
2673 2804 2724 2850 et
2754 2796 2819 2850 de
2869 2797 3040 2850 calice
3080 2797 3246 2851 bibat.
3279 2798 3383 2862 Qui

1853 2884 1998 2938 enim
2050 2884 2347 2939 manducat
2407 2893 2461 2940 et
2486 2887 2621 2940 bibit
2671 2888 2911 2959 indigne,
2972 2888 3246 2958 judicium
3298 2889 3403 2943 sibi

1855 2973 2146 3028 manducat
2182 2983 2236 3029 et
2272 2976 2426 3030 bibit.
2479 2995 2497 3026 ι

1927 3063 2026 3119 llic
2051 3080 2168 3120 mos
2210 3073 2296 3120 est
2326 3064 2505 3131 Pauli,
2557 3076 2617 3120 ut
2655 3083 2761 3122 non
2794 3083 2860 3122 ea
2894 3059 3406 3139 solummodo'prae-

1857 3164 1964 3212 stet
1991 3173 2107 3227 qua:
2125 3158 2228 3213 sibi
2248 3159 2527 3228 proposita
2563 3168 2716 3222 sunt,
2748 3159 2844 3214 sed
2868 3166 2925 3214 et
2947 3161 2993 3214 si
3028 3159 3157 3230 quid
3183 3169 3410 3232 propter

1856 3246 2156 3315 subjectam
2215 3248 2495 3301 materiam
2526 3246 2819 3302 dicendum
2853 3247 3081 3315 incidat,
3111 3251 3212 3305 hoc
3239 3252 3409 3305 multa

1857 3338 2139 3407 diligentia
2178 3346 2540 3407 persequatur
2583 3355 2595 3391 :
2635 3345 2798 3410 atque
2848 3341 2906 3394 in
2936 3340 3130 3411 primis
3167 3341 3261 3394 ubi
3294 3355 3410 3393 mo-

1857 3439 2100 3484 mentum
2155 3428 2314 3484 valde
2354 3430 2734 3487 necessarium
2777 3440 2883 3499 est,
2910 3442 2964 3487 et
2991 3431 3278 3486 admodum
3318 3447 3408 3485 ur-

1859 3533 2010 3588 gens.
2071 3516 2205 3571 Nam
2257 3519 2386 3588 quia
2436 3537 2574 3590 opus
2631 3522 2843 3588 habuit,
2903 3531 2963 3576 ut
3029 3522 3408 3593 mysteriorum

1859 3610 2188 3664 mentionem
2229 3610 2452 3678 laceret,
2475 3629 2704 3668 necesse
2736 3629 2857 3669 esse
2884 3615 3096 3684 putavit
3126 3629 3413 3684 argumen-

1860 3701 2100 3756 tumhoc
2131 3703 2311 3758 fusius
2334 3704 2579 3774 exsequi.
2612 3703 2798 3775 Neque
2820 3705 2962 3759 enim
2994 3705 3129 3760 illud
3155 3707 3410 3777 exiguum

1861 3803 1996 3848 erat.
2019 3794 2378 3859 Quamobrem
2404 3804 2690 3865 postquam
2721 3796 3063 3852 vehementer
3099 3799 3164 3852 de
3207 3814 3270 3852 eo
3299 3798 3412 3853 dis-

1861 3885 2095 3954 putavit,
2159 3895 2320 3954 caput
2350 3884 2617 3940 bonorum
2651 3886 2754 3941 hoc
2783 3901 2905 3942 esse
2941 3887 3161 3954 astruit,
3202 3895 3264 3943 ut
3289 3903 3412 3945 cum

1863 3991 1999 4046 pura
2033 3976 2374 4032 conscientia
2403 3977 2467 4030 ad
2499 3977 2591 4030 illa
2623 3977 2939 4032 accedatur.

1939 4083 1958 4118 ι
1999 4064 2114 4120 Non
2159 4066 2466 4135 dijudicans
2508 4081 2708 4136 corpus
2756 4067 2991 4121 Domini.
3044 4065 3243 4138 [νειιε.
3286 4067 3411 4138 30.]

1865 4156 1988 4214 ideo
2021 4157 2162 4212 inter
2184 4173 2280 4214 vos
2326 4157 2481 4212 multi
2513 4158 2709 4213 intlrmi
2750 4167 2804 4215 et
2837 4158 3150 4226 imbecilles,
3202 4167 3256 4215 et
3286 4160 3415 4215 dor-

1868 4247 2045 4301 miunt
2084 4247 2259 4302 multi.
2289 4265 2308 4298 ι

1938 4337 2050 4394 11οο
2086 4348 2191 4404 est,
2229 4353 2334 4393 non
2353 4339 2709 4409 perpendens,
2744 4354 2850 4394 non
2879 4338 3236 4396 considerans
3283 4353 3407 4393 ma-

1870 4429 2199 4500 gnitudinem
2238 4443 2424 4483 eorum
2456 4443 2574 4498 qua:
2603 4438 2998 4498 proponuntur.

1941 4517 2108 4573 Vens.
2134 4519 2221 4581 51,
2253 4517 2339 4571 52.
2374 4535 2391 4567 ι
2431 4515 2486 4570 Si
2515 4517 2658 4571 enim
2696 4520 3058 4587 nosmetipsos
3088 4517 3422 4586 dijumcare-

211 4561 543 4655 Κρινόμενοι
569 4585 645 4650 δὲ,
672 4586 775 4639 ὑπὸ
794 4585 886 4638 τοῦ
916 4561 1123 4657 Κυρίου
1164 4561 1546 4659 παιδευόμεθα,
1577 4561 1661 4643 ἵνα
1692 4593 1767 4664 μὴ
1801 4561 1822 4618 1

1959 4561 2108 4573 ......,.
2134 4561 2221 4581 .,.,
2255 4561 2339 4571 ν-.
2376 4561 2391 4567 -
2431 4561 2486 4570 η.
2696 4561 3058 4587 ..υ,...ν-.,,-ν..
3089 4561 3391 4586 ...,.....-.....

1844 4583 2041 4675 Ιιιιυε,
2098 4623 2206 4662 non
2254 4609 2442 4676 utique
2483 4608 2872 4692 judicaretnur.
2919 4609 3052 4662 Cum
3111 4607 3422 4676 judicamur

215 4681 317 4731 σὺν
339 4678 418 4747 τῷ
445 4677 632 4748 κόσμῳ
665 4677 1108 4749 κατακριθῶμεν.

289 4876 477 4930 Ταῦτα
513 4878 677 4947 λέγει,
715 4879 846 4950 ὁμοῦ
878 4879 971 4933 καὶ
1002 4882 1127 4943 τοὺς
1156 4881 1469 4950 ἀρρώστους
1507 4900 1766 4954 παραμυ-

216 4969 510 5040 θούμενος,
539 4973 630 5023 καὶ
657 4973 782 5035 τοὺς
815 4972 1004 5034 ἀλλους
1038 4974 1480 5043 σπουδαιοτέρους
1513 4976 1703 5028 ποιῶν.

303 5089 524 5149 «Ὥστε,
552 5087 768 5156 ἀδελφοί
803 5105 925 5156 μου,
956 5087 1336 5156 συνερχόμενοι
1367 5088 1444 5150 είς
1479 5087 1537 5139 τὸ
1563 5089 1774 5156 φαγεῖν,

221 5181 487 5251 ἀλλήλους
515 5179 889 5248 ἐκδέχεσθε.Εί
912 5179 969 5232 δέ
987 5196 1068 5242 τις
1093 5179 1270 5248 πεινᾷ,
1295 5181 1352 5230 ἐν
1378 5178 1510 5248 οἴκῳ
1532 5178 1775 5241 ἐσθιέτω,

225 5275 319 5326 ῖνα
353 5271 428 5341 μὴ
457 5273 535 5333 είς
576 5273 748 5341 κρῖμα
797 5271 1146 5342 συνέρχησθε.
1176 5271 1255 5323 Τά
1294 5269 1349 5322 δὲ
1394 5270 1572 5335 λοιπὰ,
1600 5271 1673 5332 ὡς
1709 5270 1774 5322 ἂν

228 5365 372 5418 ἔλθω
403 5364 744 5434 διατάξομαι.
777 5381 794 5413 ι

1877 4709 2080 4766 autem,
2113 4715 2143 4754 a
2191 4698 2422 4753 Domino
2486 4699 2842 4769 corripimur,
2899 4707 2958 4752 ut
3010 4713 3118 4753 non
3149 4713 3271 4753 cum
3317 4698 3421 4754 hoc

1876 4789 2082 4843 mundo
2112 4788 2450 4842 damncmur.
2487 4806 2505 4839 ι
2800 4800 2804 4804 ’

1945 4899 2069 4953 llazc
2121 4905 2297 4952 autem
2328 4897 2479 4960 dicit,
2513 4905 2626 4952 tum
2664 4908 2721 4952 ut
2750 4897 3049 4955 imbecilles
3070 4903 3411 4968 consoletur,

1876 4999 1991 5043 tum
2025 4998 2084 5044 ut
2114 4989 2252 5042 alios
2291 4987 2655 5044 studiosiores
2674 4987 2862 5043 faciat.

1962 5102 2127 5158 Vens.
2169 5103 2257 5165 53,
2309 5102 2398 5156 54.
2436 5121 2454 5152 ι
2487 5100 2694 5171 Itaque,
2737 5102 2934 5158 fratres
2971 5118 3102 5167 met,
3141 5117 3264 5158 cum
3290 5119 3424 5157 con-

1877 5194 2077 5248 venitis
2115 5191 2181 5246 ad
2228 5192 2692 5255 manducandum,
2734 5194 2964 5246 invicem
3005 5202 3335 5263 exspectate.
3367 5198 3420 5248 Si

1882 5284 2006 5352 quis
2046 5298 2174 5337 vero
2199 5283 2392 5345 esurit,
2422 5283 2566 5336 domi
2597 5283 2909 5347 manducet,
2963 5294 3020 5337 ut
3048 5285 3244 5338 non'in
3275 5286 3424 5355 judi-

1884 5376 2026 5430 cium
2085 5374 2437 5429 eonveniatis.
2472 5373 2677 5428 Ctetera
2721 5381 2898 5428 autem
2927 5388 3048 5427 cum
3083 5390 3279 5430 venero
3312 5375 3426 5430 dis,

1887 5479 2098 5534 ponam.

1476 5646 1704 5704 ιτΑῐιιΑῑ
1744 5644 2136 5700 LECTIONES.

308 5749 384 5814 (5)
429 5746 486 5798 ln
522 5759 687 5814 marg.
715 5746 814 5809 Ση.
849 5742 976 5812 περὶ
1005 5741 1097 5796 τοῦ
1133 5743 1359 5807 ἀναξίως
1384 5742 1656 5795 κοινωνεῖν
1679 5737 1785 5792 τῶν
1822 5737 2059 5806 φρικτῶν
2108 5735 2436 5807 μυστηρίων.
2506 5731 2674 5802 Νοια,
2714 5734 2774 5788 de
2814 5731 3026 5802 indigna
3069 5733 3426 5786 communione

241 5818 624 5872 trcmendorum
661 5815 1046 5884 mysteriorum.
