4230 6438
798 454 900 512 (ιη

1906 446 1966 504 S.
2005 441 2320 504 JOANNIS
2358 439 2780 499 DAMASCENI

3895 413 4004 475 604

869 569 921 623 Id
949 567 1127 623 estad
1167 567 1518 636 supplicium,
1548 563 1848 618 Ecelesiam
1883 559 2177 614 allicientes
2215 572 2342 626 pro-
2374 563 2420 618 Α
2518 558 2539 608 ’1

2331 584 2342 597 ·
2374 563 2420 618 Α
2518 557 2826 618 Τουτέστιν,
2853 556 2931 617 εἰς
2955 553 3175 606 κόλασιν
3198 549 3291 601 καὶ
3319 541 3610 614 τιμωρίαν,
3639 536 3734 606 τὴν
3769 531 4001 596 Ἐκκλη-

799 662 918 726 bro,
959 671 1011 714 et
1035 659 1256 713 fratrem
1311 657 1537 727 pudore.
1585 654 1790 707 Idcirco
1817 651 1960 705 enim
2001 648 2338 709 convenitis,

803 749 999 817 inquit,
1035 756 1093 799 ut
1119 747 1348 800 invicem
1384 759 1494 797 uno
1548 742 1767 794 vinculo
1800 739 2148 808 eolligemini.
2189 735 2344 800 Quod

803 841 848 891 si
876 837 1210 891 contrarium
1244 834 1529 902 contingit,
1561 832 1734 886 satius
1766 838 1850 884 est
1885 837 1942 880 ut
1984 828 2130 881 domi
2164 839 2347 879 come-

803 933 964 985 datis.
995 929 1118 983 llasc
1153 937 1330 981 autem
1359 926 1573 979 dicebat
1609 931 1666 975 ut
1716 923 1890 989 magis
1923 921 2069 989 ipsos
2101 916 2346 970 attrahe-

804 1031 901 1075 1⁵01..

1424 1149 1577 1202 (LAI'.
1607 1147 1722 1202 XII.

871 1263 1036 1318 Vens.
1097 1265 1146 1316 Ι.
1187 1282 1206 1314 ι
1257 1262 1328 1315 De
1382 1259 1758 1330 spiritualibus
1807 1265 2007 1318 autem,
2063 1254 2189 1307 nolo
2238 1267 2335 1304 vos

805 1359 1079 1427 ignorare,
1110 1355 1330 1407 fratres.
1369 1370 1387 1402 ›

877 1466 1030 1536 103
1048 1463 1275 1534 Propter
1296 1465 1436 1519 dona
1461 1478 1581 1533 qure
1601 1476 1862 1516 concessa
1887 1459 2105 1512 fuerant
2127 1457 2236 1511 illis
2259 1455 2350 1525 qui

805 1561 1103 1612 credebant
1135 1560 1190 1612 in
1218 1557 1516 1620 Chrislum,
1551 1553 1792 1608 Ecclesia
1816 1551 2202 1612 scindebatur;
2229 1562 2351 1601 cum

807 1651 881 1702 illi
901 1650 994 1718 qui
1029 1650 1394 1718 loquebantur
1423 1647 1652 1714 linguis,
1686 1644 2064 1698 obtrectarent
2085 1641 2229 1700 aliis,
2259 1639 2369 1711 qui.

805 1743 1104 1810 prophetiae
1160 1742 1362 1794 donum
1416 1739 1794 1792 obtinuerant.
1856 1733 1987 1787 Nam
2039 1733 2165 1803 quia
2218 1730 2352 1786 illud

805 1834 1037 1902 primum
1071 1831 1330 1901 apostolis
1357 1830 1542 1882 datum
1571 1828 1744 1881 fuerat
1786 1827 1840 1879 in
1870 1825 1957 1880 die
1975 1824 2350 1890 Pentecostes,

807 1924 930 1978 ideo
957 1924 1048 1993 qui
1085 1939 1150 1977 eo
1180 1922 1358 1976 ornati
1389 1927 1568 1982 erant,
1595 1918 1750 1972 valde
1777 1915 2176 1985 gloriabantur.
2199 1913 2353 1978 Quod

805 2030 924 2067 cum
977 2014 1207 2068 resciret
1237 2011 1556 2081 Apostolus,
1605 2008 1729 2064 vide
1762 2006 2040 2078 quomodo
2078 2007 2357 2077 discepta-

805 2107 1006 2160 tionem
1041 2106 1180 2158 hanc
1208 2105 1386 2158 sedat.

879 2195 1046 2251 Vens.
1073 2193 1130 2259 2,
1162 2197 1217 2250 ὅ.
1257 2215 1276 2247 ι
1316 2194 1482 2250 Scitis
1511 2209 1634 2248 cum
1670 2201 1860 2264 gentes
1907 2193 2128 2254 essetis,
2169 2190 2235 2245 ad
2269 2191 2345 2245 si—

808 2290 1048 2344 mulacra
1081 2300 1254 2354 muta,
1281 2297 1445 2360 prout
1474 2288 1842 2346 ducebamini.
1868 2297 2083 2339 curuos.
2110 2285 2237 2338 Ideo
2265 2299 2362 2337 no-

810 2389 924 2434 tum
952 2381 1106 2436 vobis
1129 2379 1294 2447 facio,
1314 2379 1458 2449 quod
1492 2395 1652 2434 nemo
1677 2381 1730 2432 in
1759 2379 1966 2448 Spiritu
1990 2379 2080 2431 Dei
2111 2378 2358 2444 loquens,

810 2473 942 2526 dicit
980 2473 1274 2525 anathema
1309 2469 1514 2525 Iesum.
1540 2471 1603 2524 Et
1629 2486 1794 2524 nemo
1827 2477 2006 2538 potest
2029 2469 2236 2532 dicere,
2258 2467 2360 2518 Do—

811 2564 1016 2615 minum
1051 2557 1263 2627 Jesuin,
1303 2561 1412 2616 nisi
1448 2563 1502 2614 in
1537 2561 1746 2631 Spiritu
1775 2571 1992 2614 saneto.
2034 2579 2054 2612 ι

877 2656 1187 2723 Antequam
1243 2654 1538 2708 motionem
1584 2653 1778 2708 sedare
1829 2652 2088 2722 incipiat,
2159 2651 2363 2705 bonum

813 2746 954 2799 aliud
992 2761 1086 2804 eos
1131 2746 1357 2799 edocet:
1396 2745 1648 2797 nimirum
1703 2751 1763 2796 ut
1804 2745 2127 2812 prophetam
2171 2757 2200 2794 a
2245 2750 2366 2796 vate

816 2837 1062 2889 mendaci
1103 2835 1416 2891 discernere
1438 2838 1637 2888 sciant.
1673 2834 1977 2886 Enimvero
2009 2831 2207 2886 huicce
2241 2847 2367 2902 gra-

818 2929 906 2980 tia:
933 2927 1186 2980 diabolus
1208 2929 1263 2981 in
1290 2926 1488 2996 primis
1515 2925 1821 2990 invidebat,
1855 2932 2025 2991 utque
2074 2923 2368 2991 spiritualc

817 3017 1018 3071 donum
1051 3018 1199 3072 istud
1229 3015 1581 3081 obtunderet,
1620 3015 1885 3084 plurimos
1932 3013 2100 3068 falsos
2132 3015 2368 3083 prophe-

818 3117 901 3159 tas
925 3107 1222 3158 excitabat.
1249 3104 1614 3173 Utrorumque
1641 3104 1807 3172 igitur
1832 3104 1985 3172 ponit
2007 3102 2368 3164 dilTerentias,

2449 649 2568 702 σίαν
2597 647 2927 719 ὑϐρίζοντες,
2967 645 3058 697 τὸν
3102 640 3326 710 ἀδελφὺν
3377 628 3848 701 καταισχύνοντες.
3889 620 4003 673 Καὶ

2447 744 2554 813 γὰρ
2574 744 2660 795 διὰ
2685 742 2842 794 τοῦτο
2865 735 3206 807 συνέρχεσθε,
3235 730 3419 800 φησιν,
3442 728 3531 779 ἵνα
3559 719 3837 788 συνδεθῆτε
3864 714 4002 783 πρὸς

2449 834 2712 902 ἀλλήλους
2734 849 2747 862 ο
2791 833 2838 882 εἰ
2896 829 2952 880 δέ
2985 824 3296 880 τούναντίον
3329 819 3570 884 γίνεται,
3607 811 3814 882 βέλτιον
3857 804 4005 872 ὑμᾶς

2448 927 2506 978 ἐν
2535 927 2670 993 οἴκῳ
2697 921 2993 975 ἐστιᾶσθαι’
3012 917 3166 970 τοῦτο
3185 911 3317 985 [ἵνα]
3350 911 3406 964 δέ
3436 909 3640 974 ἔλεγεν,
3663 902 3748 955 ἴνα
3767 893 4004 968 ἐφελκύ-

2450 1034 2608 1086 σηται
2639 1015 2818 1067 πλέον.

3029 1143 3278 1197 ΚΕΦΔΛ.
3317 1139 3416 1192 lB'.

2529 1288 2546 1317 ι
2579 1265 2712 1335 Περὶ
2765 1264 2820 1315 δὲ
2869 1261 2976 1314 τῶν
3023 1255 3431 1326 πνευματικῶν,
3471 1245 3712 1315 ἀδελφοὶ,
3753 1243 3813 1294 οὐ
3865 1238 4010 1290 θέλω

2453 1361 2481 1412 ὑ
2492 1363 2595 1430 μᾶς
2626 1359 2857 1426 ἀγνοεῖν.
2891 1374 2908 1405 ι

2535 1468 2628 1521 Ἐκ
2661 1468 2768 1519 τῶν
2790 1463 3143 1535 χαρισμάτων
3185 1457 3293 1511 τῶν
3322 1453 3621 1524 δεδομένων
3643 1449 3756 1509 τοῖς
3784 1439 4011 1496 πιστεύ-

2455 1579 2610 1616 σασιν
2646 1562 2725 1622 είς
2754 1556 3008 1627 Χριστὸν,
3042 1552 3313 1621 σχίσματα
3343 1546 3553 1623 ἐγίνετό
3592 1542 3650 1594 ἐν
3674 1541 3739 1608 τῇ
3779 1535 4012 1602 Ἐκκλη-

2457 1654 2568 1724 σία,
2595 1653 2685 1705 καὶ
2721 1651 3048 1717 κατέτρεχον
3074 1645 3179 1699 τῶν
3202 1643 3431 1713 ἐχόντων
3465 1637 3565 1702 τὴν
3595 1626 3932 1700 προφητείαν
3959 1622 4011 1674 οἱ

2452 1745 2741 1806 λαλοῦντες
2791 1739 3080 1809 γλώσσαις.
3161 1731 3376 1800 Ἐπειδὴ
3429 1727 3535 1795 γὰρ
3589 1721 3748 1774 τοῦτο
3793 1714 4013 1786 πριῖῦτον

2456 1837 2610 1904 ἐδόθη
2630 1805 2740 1896 τοῖξ
2770 1805 3086 1891 asinariam;
3115 1829 3170 1880 ἐν
3196 1828 3262 1895 τῇ
3284 1822 3464 1892 ἡμέρᾳ
3485 1817 3582 1884 τῆς
3608 1805 4012 1904 ﬁrmatos-ﬁxi,

2457 1927 2650 1982 τούτου
2684 1927 2842 1997 χάριν
2901 1923 3040 1992 μέγα
3095 1918 3353 1988 ἐφρόνουν
3382 1912 3431 1962 οἱ
3456 1910 3666 1978 ἔχοντες
3709 1901 3796 1954 ἐπ’
3837 1896 4010 1962 αὐτῷ.

2461 2021 2550 2074 Διὸ
2575 2018 2745 2073 ταῦτα
2777 2015 3013 2076 ἀκούσας
3057 2011 3087 2062 ὁ
3125 2004 3464 2064 ’Δπόστολος,
3494 1999 3596 2068 ὅρα
3626 1994 3741 2056 πῶς
3770 1991 3869 2061 τὴν
3899 1989 4017 2059 ἐριν

2462 2294 2528 2346 ἂν
2551 2289 2774 2358 ἤγεσθε,
2817 2283 3160 2354 ἀναγόμενοι.
3198 2277 3288 2331 Διὸ
3308 2271 3560 2344 γνωρίζω
3585 2267 3711 2337 ὑμῖν
3739 2266 3823 2318 δτι
3843 2260 4020 2320 οὐδεὶς

2462 2386 2518 2437 ἐν
2541 2382 2820 2451 Πνεύματι
2877 2375 3015 2429 Θεοῦ
3058 2371 3256 2434 λαλῶν,
3296 2366 3442 2433 λέγει
3492 2359 3741 2427 ἀνάθεμα
3785 2351 4018 2422 Ἰησοῦν.

2463 2473 2575 2528 Καὶ
2600 2471 2774 2532 οὐδεὶς
2801 2468 3026 2521 δύναται
3055 2463 3230 2516 εἰπεῖν
3268 2457 3472 2527 Κύριον
3514 2448 3739 2520 Ἰησοῦν,
3773 2447 3822 2498 εἰ
3852 2443 3932 2514 μὴ
3963 2443 4024 2495 ὲν

2463 2566 2737 2636 Πνεύματι
2755 2562 2912 2632 ἁγίῳ.
2939 2580 2958 2612 ι

2537 2659 2674 2728 Πρὶν
2702 2655 2933 2724 ἄρξηται
2962 2644 3345 2704 καταστέλλειν
3372 2639 3472 2709 τὴν
3508 2634 3714 2691 στάσιν,
3733 2630 3924 2698 ἕτερον
3948 2624 4026 2676 ει-

2465 2719 2674 2803 δάσιίει.
2699 2719 2871 2797 Τοῦτο
2889 2742 2948 2794 δέ
2979 2744 3116 2800 ἐστι,
3133 2737 3192 2790 τὸ
3217 2734 3418 2804 γνῶσιν
3458 2729 3600 2798 ἔχειν
3624 2722 3901 2795 προφήτου
3933 2719 4027 2768 καὶ

2469 2837 2937 2910 ψευδοπροφήτου.
2980 2830 3310 2897 Ἐϐάσκηνεν
3366 2822 3475 2891 γὰρ
3515 2817 3698 2910 τούτῳ.
3745 2811 3823 2880 τῷ
3868 2806 4029 2910 χαρί-

2472 2902 2637 2999 σματι
2679 2902 2765 2980 *ὀὴ
2793 2902 3073 2984 διάϐολος,
3137 2919 3232 2972 καὶ
3281 2913 3506 2973 πολλοὺς
3572 2902 4031 2999 ψευδσττροφήτξς

2470 2989 2715 3088 ἐίτοίησε,
2771 3016 3090 3088 βουλόμενος
3121 3010 3182 3064 τὸ
3231 3002 3598 3076 πνευματικὸν
3631 2995 3904 3088 ἀμϐλῦναι
3935 2989 4033 3059 χά-

2476 3129 2666 3185 ρισμα.
2693 3108 2918 3177 Τίθησιν
2948 3099 3040 3158 οὖν
3098 3099 3381 3170 διαφορὰς,
3420 3095 3517 3147 καὶ
3544 3090 3766 3161 πρώττν
3797 3083 4028 3149 ταύτην,

817 3214 1052 3266 quorum
1086 3199 1201 3252 hare
1230 3196 1402 3266 prima
1434 3196 1541 3250 sit:
1566 3195 1890 3264 prophetam
1930 3192 2174 3262 Spiritus
2207 3192 2370 3246 lumi-
2397 3218 2445 3279 ο

2362 3218 2445 3279 'c
2473 3205 2661 3256 τοῦτον
2697 3199 2982 3268 προφήτην
3040 3191 3404 3262 φωτιζόμενον
3441 3183 3548 3238 ἀπὸ
3587 3179 3678 3233 τοῦ
3713 3174 4032 3243 Πνεύματος

819 3303 886 3341 ne
914 3285 1194 3355 perfusum
1224 3283 1415 3338 ordine
1433 3284 1664 3347 docere;
1697 3282 2013 3336 mendaeem
2050 3298 2180 3337 vero
2217 3281 2373 3337 abre-

822 3386 969 3448 ptum
996 3375 1180 3430 furore
1209 3381 1262 3429 et
1291 3373 1583 3429 tenebrosa
1613 3381 1796 3452 mente
1824 3389 1852 3425 a
1880 3371 2081 3442 spiritu
2106 3373 2254 3427 intus
2272 3388 2371 3425 cx-

824 3470 1056 3523 sistcnte
1085 3468 1152 3520 ad
1183 3466 1520 3536 loquendum
1569 3465 1726 3518 cieri.
1783 3455 2030 3518 Alterum
2075 3464 2373 3518 discrimen

822 3569 930 3624 est,
959 3559 1102 3627 quod
1146 3561 1239 3626 qui
1292 3572 1418 3613 vere
1457 3557 1773 3626 prophetat,
1811 3555 2034 3624 quando
2083 3554 2373 3608 Dominum

825 3649 1012 3706 Jesum
1049 3651 1318 3713 nominat,
1362 3662 1526 3702 verax
1562 3647 1664 3711 sit;
1698 3645 1792 3715 qui
1829 3659 1956 3698 vero
1989 3660 2095 3697 non
2137 3643 2188 3698 id
2219 3642 2374 3705 facit,

826 3745 920 3799 sed
960 3745 1008 3798 ei
1036 3744 1170 3797 dicit
1200 3742 1510 3804 anathema,
1541 3742 1586 3794 is
1614 3740 1846 3794 mendax
1886 3739 2175 3792 habeatur.

891 3833 1058 3890 Vens.
1090 3835 1146 3889 4.
1177 3851 1196 3884 ι
1228 3832 1533 3887 Divisiones
1557 3831 1855 3901 gratiarum
1886 3837 2036 3884 sunt.
2070 3847 2087 3879 ι

892 3923 1115 3981 Statuto
1141 3924 1254 3994 jam
1287 3921 1627 3985 discrimine,
1649 3920 1926 3975 consolari
1956 3919 2258 3990 incipiteos
2285 3919 2378 3989 qui

831 4017 1013 4073 minus
1065 4014 1268 4070 donum
1324 4012 1633 4067 habuerint.
1661 3997 1825 4066 Velut
1865 4009 1912 4065 si
1948 4009 2152 4064 diceret
2187 4027 2200 4064 :
2233 4007 2375 4076 Quid

832 4107 1140 4179 despondes
1187 4104 1449 4169 animum,
1493 4100 1640 4172 quod
1706 4116 1814 4155 non
1851 4108 2064 4154 tantum
2099 4099 2380 4170 accepisti;

833 4209 1098 4270 quantum
1123 4195 1310 4252 alius?
1334 4193 1584 4264 quiuimo
1614 4193 1789 4261 cogita
1824 4193 2007 4262 potius
2042 4191 2149 4246 hoc
2176 4190 2381 4246 donum

833 4303 980 4352 esse,
1018 4302 1128 4342 non
1169 4283 1433 4348 debitum,
1465 4295 1530 4336 ac
1574 4281 1747 4336 lenics
1796 4279 2060 4335 dolorem.
2114 4276 2383 4344 Quocirca

835 4381 994 4444 dixit,
1045 4377 1336 4431 Diviaiones
1369 4375 1685 4444 gratiarum,
1749 4387 1858 4425 non
1897 4372 2203 4442 signorum,
2270 4386 2382 4424 non

836 4469 1231 4541 prodigiorum,
1259 4481 1371 4536 quo
1411 4465 1496 4518 vel
1537 4464 1659 4535 ipso
1692 4461 1821 4517 doni
1868 4462 2089 4518 nomine
2131 4462 2382 4528 suadeat,

2476 3293 2627 3360 τάξει
2652 3289 2922 3344 διδάσκειν
2949 3302 2962 3314 ·
3007 3284 3097 3336 τὸν
3151 3282 3208 3332 δὲ
3246 3273 3697 3348 ψευδοπροφήτην
3740 3265 4032 3333 ἀγόμενον,

2477 3386 2572 3439 καὶ
2608 3380 2951 3453 μαινόμενον,
2985 3375 3078 3427 καὶ¹
3135 3368 3510 3436 σκοτούμενον,
3539 3361 3646 3414 ὑπὸ
3677 3356 3772 3411 τοῦ
3795 3357 3855 3406 ἐν
3884 3349 4036 3419 αύτῷ

2477 3475 2786 3543 πνεύματος
2805 3469 3004 3522 λαλεῖν.
3029 3463 3293 3530 Δεύτερον
3307 3458 3362 3509 δὲ
3381 3457 3462 3508 ὅτι
3483 3456 3511 3505 ὁ
3537 3451 3634 3522 μὲν
3651 3443 4036 3518 προφητεύων,

2477 3573 2534 3623 ἐν
2581 3567 2660 3636 τῷ
2730 3561 3018 3630 ὀνομάζειν
3079 3555 3281 3623 Κύριον
3343 3548 3434 3600 τδν
3501 3539 3708 3611 Ἰησοῦν
3737 3578 3754 3602 ,
3828 3534 4038 3600 ἀληθής

2477 3624 2653 3713 ἐστινἰ
2705 3655 2762 3716 ὃς
2802 3652 2860 3705 δὲ
2918 3647 3074 3702 τοῦτο
3125 3643 3186 3695 οὐ
3246 3639 3409 3704 ποιεῖ,
3441 3634 3577 3689 ἀλλὰ
3623 3624 4037 3696 ἁναθεματίζει,

2477 3749 2711 3819 ψεύστης
2738 3741 2872 3795 ἐστί.

2559 3859 2575 3888 ι
2602 3833 2900 3904 Διαιρέσεις
2927 3827 2983 3881 δὲ
3017 3819 3372 3896 χαρισμάτων
3399 3815 3557 3870 εἰσίν.
3589 3831 3607 3863 ι

2552 3895 2807 3985 Δεδωκίυς
2836 3919 2933 3990 τὴν
2993 3895 3274 3983 διαφορὰν,
3324 3909 3548 3978 ἄρχεται
3595 3895 4041 3990 παραμυθείσθαι

2479 4016 2604 4078 τοῦς
2649 4011 2710 4065 τὸ
2765 3985 2981 4062 ἐλαττον
3025 4003 3268 4074 χάρισμα
3314 3997 3535 4067 ἔχοντας
3590 3992 3810 4078 Ὅμοιον
3866 3985 3944 4078 tl);
3994 3985 4041 4078 cl

2483 4074 2631 4174 λέγοι
2654 4120 2667 4135 ·
2699 4101 2852 4163 Τίνος
2881 4099 3065 4152 ἐνεκεν
3089 4091 3334 4162 ἀθυμεῖς,
3370 4089 3451 4140 ὅτι
3495 4085 3594 4138 οὐκ
3633 4077 3821 4141 Ελαδες
3861 4076 3992 4174 δεον
4014 4074 4041 4125 6

2481 4165 2701 4268 ἐτέρος;
2731 4191 2844 4247 ἀλλ’
2876 4187 3123 4256 ἐννόησον
3171 4183 3252 4236 ὃτι
3312 4175 3557 4268 χάρισμά
3619 4166 3905 4268 tatu-atat
3927 4165 4043 4266 .05:

2483 4254 2698 4359 ὀφειλη,
2733 4283 2829 4338 καὶ
2881 4254 3253 4350 παραμυθήσῃ
3300 4270 3396 4359 τῂν
3453 4267 3664 4334 ὀδύνην.
3690 4259 3801 4359 ’Διὰ
3857 4254 4041 4359 τοῦτο,

2485 4345 2808 4445 Δίαιρέσεις
2870 4363 3266 4442 χαρισμάτων,
3305 4355 3444 4416 εἷπε.
3504 4354 3596 4408 καὶ
3652 4351 3711 4404 ού
3769 4345 4041 4417 σημείων,

2486 4471 2614 4541 οὐδὲ,
2668 4464 2995 4535 θαυμάτων,
3045 4455 3245 4511 πείθων
3304 4449 3464 4504 αὑτὸν
3514 4463 3590 4516 τῳ
3649 4442 3871 4510 ὀνόματι
3940 4435 4043 4504 τῆς

838 4529 948 4616 non
998 4529 1180 4615 solum
1218 4529 1888 4623 vnioerorem—deponere,
1950 4551 2049 4608 sed
2098 4560 2152 4607 et
2201 4560 2384 4622 grates
2413 4553 2508 4616 De

2261 4560 2384 4606 'ates
2413 4553 2462 4616 ,D
2489 4531 2715 4630 δωρεᾶς,
2751 4529 2825 4625 μὴ
2860 4551 3020 4623 μόνον
3051 4545 3256 4612 ἀλγεῖν,
3295 4538 3430 4595 ἀλλὰ
3461 4536 3554 4589 καὶ
3577 4532 3732 4601 χάριν
3766 4529 3931 4597 ἔχειν.

838 4651 1063 4712 habere,

916 4739 1103 4804 Vides,
1145 4738 1351 4793 nullum
1384 4737 1538 4790 abeo
1562 4735 1704 4789 inter
1736 4734 1876 4788 dona
1903 4733 2200 4788 discrimen
2241 4733 2386 4802 poni,

847 4835 937 4888 ubi
975 4832 1240 4902 aequalem
1257 4828 1434 4882 Patris
1463 4835 1518 4882 et
1557 4824 1682 4880 Filii
1716 4834 1769 4880 et
1800 4824 2040 4895 Spiritus
2073 4825 2256 4879 sancti
2295 4825 2391 4877 ho-

847 4939 1034 4980 norem
1075 4927 1400 4990 repmsenta
1409 4929 1427 4971 I.
1437 4956 1452 4971 .

931 5034 950 5067 ε
990 5016 1130 5069 Idem
1155 5020 1334 5067 autem
1364 5009 1624 5080 Spiritus.
1662 5027 1682 5059 ι

937 5106 1052 5160 Etsi
1106 5103 1303 5156 minori
1364 5101 1460 5154 tibi
1498 5101 1684 5154 datum
1738 5111 1994 5151 mensura
2027 5103 2130 5155 est,
2163 5093 2338 5161 inquit
2375 5109 2390 5145 :

852 5201 973 5267 ipse
999 5205 1186 5249 tamen
1231 5195 1300 5248 ab
1347 5193 1552 5247 illomet
1597 5191 1884 5259 accepisti,
1938 5191 2030 5258 qui
2079 5187 2256 5256 majus
2288 5187 2393 5238 lar-

855 5285 1021 5354 gitur.

927 5373 1086 5426 Vens.
1119 5371 1240 5435 5,6.
1278 5389 1296 5422 ι
1341 5369 1405 5423 Et
1426 5371 1727 5424 divisiones
1759 5371 2221 5424 ministrationum
2245 5376 2394 5429 sunt,

858 5467 1001 5520 idem
1033 5477 1210 5519 autem
1252 5462 1535 5518 Dominus.
1570 5461 1633 5514 Et
1680 5463 1984 5517 divisiones
2019 5461 2397 5531 operationum

859 5565 1010 5614 sunt.
1056 5575 1073 5604 ι

931 5649 1118 5701 Gratia
1168 5662 1262 5700 seu
1312 5645 1534 5706 donum,
1595 5644 1878 5712 operatio,
1927 5653 1980 5697 et
2024 5642 2395 5703 ministratio,

865 5739 1004 5792 idem
1038 5745 1203 5792 sunt:
1243 5736 1559 5790 nominibus
1603 5734 1868 5788 duntaxat
1909 5735 2239 5802 discrepant,
2274 5732 2398 5800 quia

853 5845 957 5913 res
977 5827 1340 5884 suntcaadem.
1373 5825 1504 5882 Nam
1540 5825 1688 5895 quod
1713 5825 1934 5889 donum,
1962 5825 2101 5878 idem
2146 5833 2198 5878 ct
2245 5824 2401 5876 mini-

2572 4734 2751 4804 Ὁρᾷς.
2811 4731 2893 4783 ὅτι
2940 4723 3196 4793 οὐδεμίαν
3237 4716 3498 4787 διαφορὰν
3540 4712 3806 4767 δείκνυσιν
3841 4708 3899 4759 ὲν
3929 4708 4047 4768 ταῖς

2493 4797 2740 4894 δωρεαίς,
2764 4818 2973 4889 Harpe;
2995 4816 3089 4867 καὶ
3119 4810 3248 4864 Υἱοῦ
3285 4809 3382 4862 καὶ
3415 4805 3566 4874 ἁγίου
3606 4800 3917 4869 Πνεύματος
3947 4797 4048 4864 τὴν

2492 4915 2776 4988 ὁμοτιμίαν
2805 4909 3099 4981 ἐμφαίνων.

2569 5026 2586 5056 ι
2629 5006 2701 5057 Τὸ
2725 5003 2781 5056 δὲ
2813 4999 2944 5053 αὐτὸ
2965 4995 3207 5065 Πνεῦμα.
3248 5011 3266 5044 ι

2564 5100 2625 5151 Εἰ
2659 5096 2749 5148 καὶ
2779 5093 2856 5161 τῷ
2906 5091 3104 5160 μέτρῳ,
3133 5086 3460 5155 ἠλάττωται,
3483 5079 3665 5148 φησιν,
3703 5074 3835 5128 ἀλλὰ
3864 5071 3957 5123 καὶ
3991 5069 4049 5134 ἐξ

2497 5195 2706 5245 ἐκείνου
2738 5187 2922 5247 ἔλαϐες
2947 5185 3006 5234 τὸ
3033 5181 3233 5251 μεῖζον.

2575 5387 2593 5418 ι
2625 5366 2732 5419 Καὶ
2784 5358 3075 5428 διαιρέσεις
3132 5350 3411 5406 διακονιῶν
3464 5347 3619 5407 εἰσὶν,
3669 5345 3762 5397 καὶ
3812 5344 3840 5394 ὁ
3883 5341 4051 5402 αὖτζς

2499 5460 2699 5528 Κύριος
2725 5472 2738 5484 ο
2775 5453 2867 5504 καὶ
2895 5448 3182 5518 διαιρέσεις
3216 5439 3602 5511 ἐνεργημάτων
3641 5434 3791 5487 εἰσίν.
3828 5451 3845 5484 ι

2568 5631 2849 5700 Χάρισμα,
2879 5625 2971 5677 καὶ
2998 5623 3264 5692 ἐνέργεια,
3289 5617 3381 5670 καὶ
3409 5615 3646 5668 διακονία
3670 5611 4048 5668 ταυτὼᾰτιν,

2501 5725 2776 5793 ὀνομάτων
2817 5719 2871 5770 δὲ
2943 5716 3098 5786 μόνον
3155 5711 3422 5779 διαφορά·
3474 5707 3596 5756 ἐπεὶ
3643 5703 3943 5771 πράγματα
3984 5703 4052 5749 τὰ

2504 5811 2659 5865 αὑτά.
2697 5811 2763 5861 Ὃ
2793 5811 2900 5875 γάρ
2951 5807 3065 5856 ἐστι
3123 5803 3382 5872 χάρισμα,
3435 5795 3591 5848 τοῦτο
3628 5794 3718 5846 καὶ
3763 5789 4008 5842 διακονία.
4036 5806 4049 5817 ·
