4230 6438
164 438 272 504 665

1306 433 1386 492 ΙΝ
1424 432 1657 493 EPIST.
1699 431 1797 489 AD
1824 431 2177 497 CORINTII.
2219 438 2269 500 Ι.

3278 444 3384 507 666

167 553 261 604 καὶ
292 551 322 602 δ
361 550 477 601 ἐστι
522 544 786 608 διακονία,
823 542 981 595 τοῦτό
1018 542 1135 596 tum
1168 542 1263 594 καὶ
1292 542 1560 611 ἐνέργεια.
1601 540 1726 606 Τὴν
1754 547 1798 598 Α
1834 568 1837 595 ε

1707 558 1726 581 θ
1754 547 1798 598 Α
1834 546 2029 599 stratio
2062 557 2186 602 est:
2238 557 2293 602 et
2333 553 2482 620 quod
2526 554 2877 619 ministratio,
2896 554 3002 611 hoc
3039 565 3092 611 et
3114 559 3377 627 operatio.

165 644 273 708 τὰρ
294 639 608 693 διακονίαν
656 653 794 705 μου,
852 633 1007 703 φησὶ,
1039 635 1564 701 πεπληροφόρηκα·
1595 634 1713 696 καὶ,

168 732 614 799 Τῖινδιακονίαν
632 748 749 797 μου
796 726 1034 791 δοξάζω.
1091 727 1201 779 Καὶ
1239 724 1505 793 Τιμοθέῳ,
1567 722 1723 776 Ἁνα-

158 826 481 895 μιμνήσκω
507 838 581 876 σε
606 819 1005 887 ἀναζωπυρεῖν
1030 820 1095 870 τὸ
1129 817 1390 886 χάρισμα
1420 815 1527 869 τοῦ
1550 816 1717 877 Θεοῦ,

162 918 341 969 ὅέστι
366 916 435 967 ἐν
467 914 590 967 σοί.
631 914 741 966 Καὶ
780 910 1053 970 Γαλάταις
1079 926 1094 940 ·
1137 910 1207 959 Ὀ
1247 909 1357 976 ¹γὰρ
1390 904 1722 974 ἐνεργήσας

161 1004 358 1072 Πέτρῳ
407 1006 495 1068 εις
547 1000 869 1070 περιτομὴν
896 1043 909 1064 ,
955 1000 1253 1067 ἐνήργησε
1309 996 1485 1065 κάμοὶ
1530 998 1616 1061 είς
1646 994 1721 1047 τὰ

160 1096 323 1161 ἔθνη.
365 1096 529 1165 Ὁρᾷς
562 1094 641 1147 ὅτι
665 1092 887 1162 οὐδεμία
905 1092 1051 1144 ἐστὶν
1086 1091 1320 1159 διαφορά
1355 1087 1714 1158 χαρίσματος,

160 1190 251 1240 καὶ
276 1186 575 1248 διακονίας,
600 1186 694 1238 καὶ
723 1184 1019 1254 ἐνεργείας.

229 1280 376 1348 Ὅρα
428 1278 545 1340 πῶς
596 1277 869 1346 πανταχοῦ
899 1275 1101 1344 ταύτην
1138 1276 1371 1326 ποιεῖται
1423 1272 1521 1342 τὴν
1551 1288 1719 1341 προσ-

159 1370 355 1439 θήκην,
384 1370 455 1421 ἐν
476 1367 553 1431 τῷ
573 1366 732 1432 αὐτῷ
758 1367 1070 1434 Πνεὺματι,
1100 1365 1272 1432 λέγων
1298 1380 1313 1393 ο
1338 1352 1452 1421 καὶ.
1483 1363 1629 1414 κατὰ
1654 1362 1719 1413 τὸ

156 1461 304 1514 αὐτὸ
326 1459 586 1527 Πνεῦμα.
615 1454 764 1510 Οἶδεν
792 1457 900 1526 γάρ
940 1457 1181 1525 μεγάλην
1206 1450 1372 1507 οὖσαν
1409 1454 1507 1522 τὴν
1534 1452 1719 1504 ἐντεῦο

158 1553 250 1603 θεν
273 1552 641 1621 παράκλησιν.
678 1551 841 1602 Ὥστε
904 1550 954 1600 εί
1005 1547 1162 1599 τοῦτο
1210 1544 1533 1608 σπουδάζεις
1593 1544 1715 1595 ἑπι-

154 1641 557 1706 δείξασθαι,δτι
590 1640 809 1709 Πνεῦμα
854 1639 1015 1707 ἔχεις,
1068 1636 1255 1689 τούτου
1288 1636 1431 1703 ἔχεις
1463 1635 1561 1702 τὴν
1586 1633 1721 1686 ἀπό-

1827 636 1919 688 Ait
1951 638 2134 692 enim:
2173 639 2526 695 Ministerium
2567 660 2737 697 meum
2788 646 2995 714 implevi
3027 647 3107 712 ";
3150 656 3224 711 et,
3276 646 3384 700 Mi-

1828 728 2108 782 nisterium
2154 748 2323 783 meum
2374 736 2668 804 honoriﬁco
2696 737 2763 788 ⁸³.
2823 737 2889 790 Ει
2918 736 2984 791 ad
3034 736 3382 792 Timotheum

1828 820 2048 890 inquit:
2102 822 2206 877 Sed
2265 842 2445 881 moneo
2474 838 2522 881 te
2559 836 2618 881 ut
2675 832 2955 884 rcsuscites
2990 833 3221 901 gratiam
3265 829 3381 895 Dei,

1826 931 1940 982 qua:
1964 918 2121 969 estin
2157 927 2205 969 te
2238 917 2303 970 “.
2336 918 2583 989 itemque
2614 920 2681 974 ad
2714 920 2975 977 Galatas:
3008 922 3107 987 Qui
3140 932 3385 992 operatus

1828 1013 1904 1056 est
1961 1003 2120 1058 Petro
2174 1007 2229 1059 in
2263 1008 2738 1077 circumcisionem,
2767 1022 3014 1078 operatus
3062 1022 3139 1065 est
3174 1022 3224 1065 et
3254 1012 3384 1065 mihi

1827 1098 1882 1149 in
1907 1108 2081 1165 gentes
2116 1099 2184 1153 ⁸³.
2215 1099 2382 1154 Vides
2414 1103 2729 1160 nullatenus
2762 1105 2978 1160 diﬂ‘erre
2999 1106 3234 1175 gratiam
3269 1106 3386 1160 sive

1830 1187 2056 1251 donum,
2100 1192 2702 1265 ministrationemque,
2739 1207 2792 1251 et
2817 1199 3219 1267 operationem.

1898 1280 2096 1347 Aspice
2142 1283 2417 1349 quomodo
2459 1285 2664 1352 ubique
2711 1285 2816 1339 hoc
2872 1284 3057 1349 addat,
3099 1287 3153 1338 in
3205 1284 3386 1338 eodeni

1828 1366 2083 1434 Spiritu;
2126 1380 2200 1432 et,
2229 1373 2513 1426 secundant
2542 1378 2776 1429 eumdem
2822 1376 3104 1445 Spiritum.
3150 1377 3387 1432 Noverat

1826 1459 1972 1513 enim
2027 1476 2285 1531 maguum
2347 1464 2473 1519 inde
2535 1469 2932 1522 consolationis
2993 1477 3379 1538 argumentum

1827 1552 1993 1605 sumi.
2020 1553 2210 1622 Itaque
2242 1556 2286 1608 si
2332 1558 2624 1611 ostendere
2654 1558 2852 1613 niteris
2892 1569 2942 1614 te
2989 1557 3258 1629 Spiritum
3287 1561 3387 1613 ha-

1826 1642 1974 1708 bere,
1998 1645 2164 1715 hujus
2201 1649 2728 1705 demonstrationem
2782 1651 2951 1707 babes
2982 1667 3048 1706 eo
3098 1652 3244 1722 quod
3286 1652 3386 1706 ba-

154 1733 322 1797 δειξιν
354 1731 572 1785 ἀπὸτοῦ
614 1729 994 1799 βαπτισθῆναι.
1027 1727 1117 1796 Τῷ
1159 1726 1215 1778 δὲ
1262 1726 1475 1794 ἀπίστῳ
1499 1726 1723 1794 οὐδαμό·
1756 1754 1797 1808 Β

1712 1753 1723 1764 ·
1756 1754 1797 1808 Β
1828 1736 2066 1804 ptizatus
2094 1740 2192 1793 sis.
2228 1739 2441 1795 Inlideli
2473 1758 2607 1795 vero
2652 1743 2704 1797 id
2753 1745 3103 1814 perspicuum
3126 1760 3233 1798 non
3256 1744 3382 1809 erit,

154 1830 250 1882 θεν
273 1828 428 1880 ἔσται
456 1826 610 1879 τοῦτο
629 1824 956 1892 καταφανὲς,
978 1811 1102 1875 ’ἀλλ’
1124 1821 1157 1890 ἢ
1184 1820 1290 1873 ἀπὸ
1315 1819 1422 1871 τῶν
1453 1819 1718 1888 σημείων,

153 1918 298 1970 ὥστε
363 1917 466 1969 κᾶν
527 1915 770 1968 ἐντεῦθεν
825 1914 1011 1977 πάλιν,
1068 1912 1128 1964 οὐ
1180 1911 1352 1981 μικρά
1378 1909 1719 1979 παραμυθία.

157 2009 221 2059 Εἰ
253 2007 366 2077 γάρ
419 2007 512 2059 καὶ
570 2005 636 2058 τά
687 2005 1001 2073 χαρίσματα
1054 2003 1305 2070 διάφορα,
1377 1999 1494 2056 ἀλλ’
1552 2001 1586 2069 ἡ
1633 1998 1723 2050 ἐν·

152 2096 322 2160 δειξις
360 2096 480 2164 μία,
513 2095 615 2147 κᾶν
648 2094 780 2147 πολὺ
816 2092 1018 2163 μεῖζον,
1063 2093 1096 2163 ἢ
1156 2090 1358 2159 ὀλίγον,
1405 2089 1605 2160 ὁμοίως
1642 2089 1723 2151 είς

154 2190 341 2241 αὐτόν.

230 2298 248 2327 ι
289 2277 352 2331 Ὀ
384 2279 441 2331 δὲ
471 2278 629 2341 αὐτός
662 2278 781 2329 ἐστι
834 2275 984 2339 Θεὸς,
1023 2278 1052 2328 6
1092 2272 1331 2344 ἐνεργῶν
1360 2275 1431 2326 τά
1463 2273 1641 2327 πάντα
1666 2273 1724 2325 ὲν

155 2369 346 2421 πᾶσιν.
400 2369 646 2437 Ἐκάστῳ
692 2367 751 2420 δὲ
794 2366 998 2419 δίδοται
1030 2367 1065 2436 ἡ
1096 2366 1401 2436 φανέρωσις
1426 2363 1520 2418 τοῦ
1554 2363 1722 2417 Ilvati-

158 2475 334 2528 ματος
367 2457 503 2527 πρὸς
536 2456 597 2509 τὸ
616 2457 920 2527 συμφέρον.
959 2476 979 2508 ι

223 2547 341 2599 Ἵνα
372 2549 447 2617 μή
476 2564 558 2609 τις
586 2546 739 2618 λέγῃ,
766 2548 827 2599 Εἰ
848 2547 940 2599 καὶ
958 2547 1116 2609 αὐτὸς
1140 2546 1368 2617 Κύριος,
1393 2544 1566 2597 καὶτὸ
1591 2543 1722 2598 αὐτὸ

153 2640 405 2707 Πνεῦμα,
462 2640 557 2692 καὶ
601 2642 631 2692 6
674 2640 834 2703 αὐτὸς
863 2639 1016 2703 Θεὸς,
1058 2640 1173 2692 ἀλλ’
1212 2638 1323 2707 ἐγὼ
1366 2638 1585 2691 ἔλαττον
1643 2638 1720 2690 εί-

150 2731 321 2801 ληφα’
361 2732 544 2799 φησὶν,
575 2730 730 2785 Οὖτω
753 2732 1067 2802 συνέφερεν.
1104 2732 1270 2783 Ὅταν
1299 2727 1413 2795 οὖν,
1443 2730 1596 2799 φησὶ,
1625 2728 1721 2782 καὶ

150 2818 233 2885 εἷς
291 2824 321 2875 ὁ
375 2822 642 2886 δεδωκὼς,
696 2823 789 2876 καὶ
842 2824 1083 2893 χάρισμα
1139 2824 1200 2875 τὸ
1257 2823 1340 2875 σοὶ
1392 2822 1564 2885 δοθὲν,
1624 2821 1720 2872 καὶ

148 2915 184 2983 ὴ
210 2914 525 2983 φανέρωσις
552 2913 797 2966 ἐντεῦθεν
814 2914 1041 2981 γίνεται,
1069 2916 1163 2967 καὶ
1177 2913 1331 2968 τοῦτο
1351 2913 1549 2983 μᾶλλον
1576 2929 1717 2981 συμ-

149 3004 335 3073 φέρει,
368 3004 444 3074 μὴ
471 3005 627 3071 ἄλγει
649 3004 722 3064 ὡς
743 3006 1190 3075 καταφρονηθείς.
1216 3007 1290 3059 Οὐ
1308 3007 1413 3074 γάρ
1435 3004 1719 3073 ἀτιμάζων

150 3114 211 3149 σε
229 3097 392 3149 τοῦτο
415 3097 736 3165 πεποίηκεν,
761 3096 895 3149 ἀλλὰ
909 3097 970 3148 τὸ
984 3113 1047 3148 συ
1056 3097 1260 3166 μφέρον
1279 3096 1516 3149 σκοπῶν.
1539 3093 1720 3148 Φανέ-
1746 3086 1787 3142 C

142 3205 345 3257 ρωσιν
358 3188 427 3241 δὲ
446 3189 785 3256 Πνεύματος
806 3188 971 3256 λέγει,
988 3190 1068 3255 τὸ,
1087 3189 1146 3240 ἓν
1162 3206 1214 3240 τι
1235 3188 1343 3240 τῶν
1363 3186 1718 3258 χαρισμάτων

149 3279 363 3331 λαϐεῖν.
422 3278 574 3346 Ἐμοὶ
645 3278 741 3346 μὲν
794 3278 901 3348 γάρ
934 3278 1013 3348 τῷ
1059 3278 1233 3348 πιστῷ
1257 3278 1416 3348 δῆλος
1442 3280 1470 3330 6
1496 3276 1721 3344 Πνεῦμα

147 3372 313 3442 ἔχων.

226 3567 247 3601 c
293 3541 367 3619 ’ᾩ
424 3549 521 3617 μὲν
566 3549 673 3615 γάρ
718 3547 805 3599 διὰ
835 3547 928 3599 τοῦ
976 3546 1289 3616 Πνεύματος
1328 3547 1526 3600 δίδοται
1563 3546 1717 3614 λόγος

147 3642 377 3709 σοφίας·
412 3639 555 3707 ἄλλῳ
602 3639 656 3691 δὲ
697 3638 852 3706 λόγος
894 3637 1169 3706 γνώσεως,
1214 3639 1354 3690 κατὰ
1399 3638 1460 3690 τὸ
1501 3638 1633 3689 αὐτὸ
1658 3637 1717 3690 τὸ

148 3732 401 3801 Πνεῦμα.
447 3730 649 3800 Ἐτέρῳ
698 3730 755 3783 δὲ
787 3730 969 3793 πίστις
1012 3731 1071 3783 ὲν
1096 3730 1173 3799 τῷ
1203 3729 1351 3799 αὐτῷ
1394 3729 1711 3797 Πνεύματι·

146 3823 299 3894 ἄλλῳ
326 3823 384 3875 δὲ
419 3821 730 3891 χαρίσματα
778 3821 1020 3890 ίαμάτων
1053 3822 1111 3873 ὲν
1147 3821 1224 3890 τῷ
1270 3820 1351 3873 ἐνὶ
1402 3818 1712 3890 Πνεὺματι·
1744 3841 1751 3846 α

146 3915 295 3986 ἄλλῳ
351 3912 409 3966 δὲ
471 3912 817 3981 ἐνεργήματα
864 3911 1142 3981 δυνάμεων
1169 3926 1182 3939 ·
1231 3910 1378 3981 ἄλλῳ
1406 3910 1463 3964 δὲ
1507 3926 1716 3982 προφη-

144 4005 301 4059 τεία’
338 4002 484 4071 ἄλλῳ
510 4001 566 4053 δὲ
586 4000 886 4072 διακρίσεις
907 4002 1255 4071 πνευμάτων.
1295 4020 1313 4054 ι

219 4094 285 4149 Τί
325 4095 443 4147 ἔστι
489 4093 644 4161 λόγος
704 4092 926 4162 σοφίαςς
978 4092 1038 4146 τὸ
1079 4093 1174 4146 καὶ
1204 4092 1363 4146 αὑτὸν
1395 4092 1556 4165 σοφὸν
1576 4088 1714 4149 εἷναί

146 4206 292 4251 τινα,
325 4186 423 4239 καὶ
451 4185 643 4245 ἄλλους
673 4184 932 4239 δύνασθαι
958 4184 1116 4238 τοῦτο
1166 4187 1356 4241 ποιεῖν.
1380 4187 1445 4241 Τί
1473 4186 1529 4241 δὲ
1558 4186 1712 4257 λόγος

148 4279 406 4349 γνώσεως
432 4295 446 4344 ;
478 4276 538 4330 τὸ
569 4276 768 4347 γνῶσιν
795 4276 892 4347 μὲν
915 4275 1061 4347 ἔχειν
1092 4276 1185 4330 καὶ
1208 4277 1404 4331 εἰδέναι
1426 4278 1493 4332 τὰ
1507 4280 1713 4351 μυστή-

1829 1828 1937 1882 nisi
1976 1843 2073 1897 per
2105 1830 2264 1897 signa
2291 1838 2345 1884 et
2385 1832 2655 1902 pmdigia.
2696 1838 2874 1903 Atque
2903 1835 2987 1889 vel
3014 1850 3080 1889 ex
3112 1833 3269 1905 104
3285 1834 3386 1887 hoc

1827 1921 2020 1974 saltem
2055 1923 2256 1990 capite,
2290 1938 2402 1976 non
2434 1939 2628 1992 parum
2650 1927 3049 1981 consolationis
3084 1926 3385 2013 percipias.

1825 2013 2152 2082 Quanquam
2187 2014 2332 2068 enim
2380 2016 2533 2069 varia
2559 2016 2702 2071 dona
2746 2026 2896 2082 sunt,
2927 2035 3038 2072 una
3084 2028 3262 2072 tamen
3300 2026 3386 2071 est

1825 2102 2195 2158 manifestatio
2222 2121 2237 2171 ;
2273 2115 2327 2159 et
2362 2106 2478 2160 sive
2509 2122 2765 2177 magnum
2801 2108 2875 2161 sit
2900 2107 3016 2162 sive
3044 2121 3294 2176 parvum,
3318 2108 3386 2160 ad

1826 2195 2003 2263 ipsum
2032 2196 2257 2263 perinde
2284 2197 2628 2251 referendum
2660 2209 2765 2252 est.

1901 2310 1919 2342 ι
1966 2290 2108 2344 Idem
2149 2306 2279 2344 vero
2322 2292 2491 2354 Deus,
2521 2292 2614 2360 qui
2657 2303 2916 2362 Operatur
2958 2292 3141 2345 omnia
3184 2290 3241 2344 in
3270 2304 3387 2344 om-

1823 2379 2287 2452 nibus.[Vsns.7.'L
2320 2380 2624 2451 Unicuique
2655 2390 2837 2436 autem
2872 2381 3036 2435 datur
3059 2379 3383 2435 manifesta-

1823 2474 1899 2525 tio
1925 2471 2163 2541 Spiritus
2196 2471 2264 2524 ad
2296 2472 2615 2526 utilitatem.
2665 2491 2685 2524 ι

1890 2561 1969 2615 Ne
2012 2562 2139 2632 quis
2186 2562 2359 2623 dicat,
2417 2562 2519 2616 etsi
2575 2561 2838 2617 Dominus
2884 2561 3049 2627 idem,
3091 2562 3194 2618 etsi
3241 2561 3382 2616 idem

1822 2649 2084 2720 Spiritus,
2117 2653 2218 2705 etsi
2251 2651 2389 2705 idem
2423 2651 2565 2705 Deus
2587 2660 2709 2719 est;
2745 2659 2830 2707 ast
2856 2667 2956 2723 ego
2991 2654 3172 2706 minus
3224 2667 3384 2707 acce-

1820 2745 1902 2812 pi;
1938 2742 2142 2796 idcirco
2170 2742 2281 2796 ait:
2308 2744 2391 2795 ita
2428 2742 2773 2811 expediebat.
2806 2742 2943 2796 Cum
2975 2744 3142 2806 enim,
3183 2743 3381 2813 inquit,

1820 2846 1962 2886 unus
1991 2832 2222 2901 largitor
2260 2832 2355 2897 sit,
2394 2846 2457 2886 ac
2490 2844 2603 2886 tum
2647 2847 2978 2887 concessum
3022 2833 3120 2886 tibi
3152 2833 3382 2899 donum,

1819 2930 1932 2975 tum
1960 2923 2082 2991 ejus
2120 2921 2495 2977 manifestatio
2542 2940 2605 2977 ex
2642 2924 2830 2978 eadem
2864 2938 3037 2977 causa
3082 2925 3382 2989 exsistant,

1820 3016 1981 3086 idque
2011 3016 2107 3069 tibi
2139 3017 2329 3070 utilius
2362 3017 2455 3081 sit,
2489 3033 2556 3070 ne
2590 3025 2787 3071 mdeste
2834 3016 2979 3070 feras
3010 3031 3073 3071 ac
3112 3018 3158 3071 si
3208 3017 3383 3088 despi-

1820 3108 1986 3162 ciare.
2023 3105 2139 3160 Non
2172 3110 2316 3160 euim
2365 3108 2417 3161 id
2454 3106 2583 3161 fecit
2618 3116 2676 3161 ut
2720 3116 2773 3163 te
2808 3107 3079 3163 dedecore
3119 3123 3381 3179 asperge—

1818 3207 1932 3267 ret;
1968 3198 2065 3253 sed
2096 3199 2361 3268 spectavit
2386 3200 2569 3269 potius
2596 3198 2743 3268 quod
2771 3200 3187 3255 'conveuieutius
3214 3199 3376 3256 foret.

1820 3291 1988 3345 Porro
2038 3292 2527 3360 manifestationem
2568 3290 2805 3359 Spiritus
2847 3302 3032 3358 vocat,
3066 3310 3234 3348 unum
3277 3296 3381 3349 ali-

1818 3384 1960 3453 quod
1995 3385 2260 3437 donorum
2303 3385 2573 3453 accipere.
2603 3385 2733 3438 Mihi
2765 3400 3000 3455 namque
3027 3387 3125 3455 qui
3164 3402 3285 3442 sum
3317 3388 3381 3441 ii-

1816 3475 1974 3538 delis,
2005 3473 2325 3529 manifestus
2354 3486 2439 3529 est
2462 3476 2555 3545 qui
2586 3473 2855 3544 Spiritum
2896 3477 3117 3531 habeat.

1886 3563 2052 3619 Vsus.
2092 3564 2246 3619 8-10.
2297 3582 2317 3616 ι
2376 3565 2483 3619 Alii
2543 3576 2727 3620 autem
2772 3583 2868 3636 per
2909 3566 3173 3637 Spiritum
3217 3567 3380 3621 datur

1816 3670 1997 3709 sermo
2041 3656 2358 3724 sapientiae:
2394 3658 2488 3711 alii
2540 3666 2722 3711 autem
2774 3673 2955 3712 sermo
2996 3660 3247 3714 scientiae
3290 3676 3375 3714 se-

1815 3744 2055 3798 cundum
2081 3747 2328 3799 eumdem
2381 3745 2676 3815 Spiritum.
2703 3749 2873 3803 Alteri
2906 3750 3042 3805 ﬁdes
3090 3752 3143 3804 in
3185 3754 3374 3806 eodem

1817 3838 2064 3909 Spiritu:
2101 3839 2195 3892 alii
2219 3841 2393 3909 gratia
2421 3842 2727 3896 sanitatum
2766 3844 2820 3897 iu
2847 3860 2957 3898 uno
2990 3843 3237 3915 Spiritu:
3282 3846 3374 3901 alii

1814 3932 2161 4002 Operationes
2186 3933 2448 3987 virtutum
2472 3976 2486 4000 ,
2519 3934 2610 3989 alii
2641 3936 2951 4007 prophetia,
2985 3937 3079 3992 alii
3111 3938 3379 3995 discretio

1813 4024 2127 4096 spirituum.
2164 4044 2185 4077 ι

1881 4115 2151 4182 Quidnam
2186 4126 2269 4173 est
2295 4118 2385 4173 ille
2417 4132 2597 4174 sermo
2637 4104 2968 4190 sapientiae?
3005 4122 3196 4193 utique
3225 4121 3372 4194 quod

1810 4206 1937 4276 quis
1977 4207 2196 4277 sapiens
2242 4207 2334 4272 sit,
2362 4216 2415 4261 et
2445 4208 2584 4264 alios
2626 4208 2793 4278 possit
2852 4209 3127 4280 sapientes
3170 4209 3369 4267 facere.

1811 4295 2109 4353 Scientiam
2137 4298 2361 4363 habere.
2401 4307 2486 4355 est
2518 4314 2681 4356 nosse
2706 4299 2925 4369 quidem
2955 4301 3240 4371 mysteria,
3274 4301 3369 4356 sed

149 4389 261 4442 ρια,
292 4370 568 4424 διδάσκειν
623 4368 680 4421 δὲ
740 4368 813 4437 μὴ
851 4367 1127 4432 δύνασθαι,
1172 4368 1308 4438 μηδὲ
1339 4372 1418 4427 είς
1445 4369 1600 4424 ἄλλον
1626 4370 1713 4436 ἐξ·
1741 4418 1785 4473 D
1813 4405 1819 4443 γ

1700 4399 1713 4413 ’
1741 4418 1785 4473 ι)
1813 4404 1923 4445 non
1955 4396 2015 4443 ut
2053 4404 2115 4445 ea
2145 4388 2340 4445 docere
2389 4391 2481 4447 ille
2510 4400 2695 4461 queat,
2728 4367 2785 4445 et
2825 4392 2983 4447 alteri
3011 4367 3370 4462 ederrequa:

146 4466 398 4533 ενεγκεϊν
440 4460 675 4523 εὐκόλως
735 4461 878 4531 άπερ
934 4460 1099 4515 ἐστίν.
1135 4462 1199 4514 Τί
1234 4462 1291 4515 δέ
1331 4463 1447 4515 ἐστι
1488 4462 1671 4528 πίστις
1692 4483 1720 4531 ;υ

147 4560 246 4611 οὐκ
263 4554 406 4624 αὑτὴ
435 4553 595 4623 ἡτῶν
625 4552 928 4622 δογμάτων,
963 4553 1077 4605 ἀλλ’
1105 4554 1260 4623 ήτῶν
1294 4554 1551 4623 σημείων,
1584 4558 1712 4625 περὶ

145 4646 211 4721 ἧς
233 4648 427 4714 ελεγον
459 4646 508 4699 οἱ
546 4645 850 4706 ἀπόστολοι.
882 4646 1144 4712 Πρόσθες
1176 4646 1320 4713 ἡμῖν
1340 4647 1579 4702 πίστιν
1613 4626 1711 4703 ita}.

149 4740 279 4809 περὶ
307 4732 381 4807 ἧς
444 4736 656 4806 εἴρηται
682 4774 696 4797 ,
740 4736 879 4788 Ἐὰν
924 4736 1101 4803 ἔχητε
1149 4738 1355 4791 πίστιν
1385 4738 1463 4803 ὡς
1490 4740 1711 4792 κόκκον

148 4826 477 4890 σινάπεως.
502 4824 645 4894 Λῦτη
692 4826 799 4893 γάρ
833 4827 865 4894 ἡ
908 4828 1088 4898 μήτηρ
1124 4827 1231 4880 τῶν
1276 4830 1512 4898 σημείων
1543 4832 1709 4888 ἐστίν.

152 4921 317 4973 uno
339 4919 400 4971 δέ
426 4919 570 4969 ἐστιν
601 4918 944 4989 ἐνεργήματα
963 4920 1263 4989 δυνάμεων,
1285 4924 1377 4974 καὶ
1399 4924 1711 4993 χαρίσματα

152 5014 400 5079 ἰαμάτων
428 5008 663 5079 ἔχειν.“0
688 5010 785 5078 μὲν
806 5010 912 5080 γάρ
936 5011 1250 5080 χαρίσματα
1285 5016 1525 5083 ἰαμάτων
1551 5017 1708 5086 ἔχων,

154 5102 299 5153 ἰᾶται
326 5100 489 5168 μόνον
507 5113 522 5126 ⁸
555 5100 583 5149 ὁ
609 5098 663 5149 δὲ
694 5100 1036 5169 ἐνεργήματα
1062 5100 1337 5172 δυνάμεων
1358 5108 1709 5176 κεκτημένος,

150 5194 248 5243 οὐκ
295 5191 446 5242 ίᾶται
480 5188 661 5257 μόνον,
693 5189 828 5243 ἀλλὰ
855 5191 946 5243 καὶ
976 5191 1193 5255 κολάζει
1218 5209 1231 5223 ο
1263 5194 1448 5264 ὥσπερ
1488 5200 1516 5249 ὁ
1556 5198 1712 5250 Ἀπό-

154 5282 343 5342 στολος
370 5278 633 5348 ὲπὼρωσε
659 5279 749 5331 τὸν
789 5279 961 5349 μάγον
980 5297 995 5313 θ
1028 5282 1214 5354 ὥσπερ
1242 5287 1269 5337 6
1302 5286 1506 5357 Πέτρος
1532 5290 1710 5343 ἀνεῖλε

151 5370 241 5421 τὸν
285 5369 554 5421 ⁹Λνανίαν.
601 5370 880 5440 Διάκρισις
913 5371 968 5423 δὲ
1019 5376 1342 5444 πνευμάτων
1376 5380 1510 5441 ἐστὶ,
1543 5382 1601 5431 τὸ
1635 5384 1712 5433 εί-

151 5458 301 5511 δέναι
332 5458 420 5520 τίς
450 5459 478 5510 ὁ
511 5460 896 5527 πνευματικὸς,
928 5463 1020 5515 καὶ
1047 5463 1128 5525 τίς
1149 5466 1177 5516 6
1204 5467 1277 5536 μὴ
1306 5472 1704 5539 πνευματικός.

152 5548 234 5606 τίς
260 5549 291 5599 6
312 5547 618 5616 προφήτης,
652 5548 747 5599 καὶ
770 5549 853 5612 τίς
872 5552 898 5601 6
922 5551 1195 5605 ἀπατεὼν.

228 5744 275 5774 ι’
320 5741 476 5795 Rom.
514 5743 598 5795 11.
625 5744 705 5798 i5.
767 5748 814 5780 ⁸³
848 5748 978 5807 ibid.

1072 5754 1115 5785 ‘"
1137 5752 1176 5807 ll
1201 5752 1337 5809 Tim.
1375 5773 1411 5821 ι,
1455 5760 1505 5811 ti.

154 5827 275 5875 xm,
308 5813 395 5867 it.
420 5810 465 5844 ⁸⁸
492 5812 613 5866 Act.
638 5831 686 5879 ν,
729 5815 776 5871 5.

1813 4482 1931 4551 ipsa
1974 4482 2108 4539 sint.
2143 4482 2414 4547 Quidnam
2472 4497 2599 4537 vero
2650 4481 2823 4537 ﬁdes?
2879 4497 2989 4536 non
3029 4496 3092 4537 ea
3130 4490 3215 4538 est
3262 4498 3370 4552 qua

1811 4574 2077 4645 dogmatis
2106 4572 2424 4639 credimus;
2459 4573 2552 4629 sed
2592 4588 2697 4644 qua
2741 4573 2911 4643 signis
2976 4580 3031 4628 et
3076 4573 3366 4644 prodigiis.

1811 4663 1887 4718 De
1917 4679 2022 4734 qua
2052 4664 2307 4718 nimirum
2346 4663 2598 4719 dicebant
2628 4664 2859 4733 apostoli
2898 4683 2911 4718 :
2954 4664 3173 4735 Adauge
3218 4665 3367 4719 nobis

1812 4756 1969 4824 ﬁdem
1999 4756 2064 4808 ⁸⁸.
2103 4755 2175 4809 De
2220 4770 2327 4825 qua
2376 4771 2591 4809 rursum
2623 4756 2880 4810 Christus
2910 4775 2922 4810 :
2967 4754 3025 4811 Si
3055 4756 3365 4821 habueritis,

1810 4848 2008 4917 inquit,
2043 4847 2199 4915 ﬁdem
2252 4849 2388 4901 sicut
2434 4864 2661 4917 granum
2709 4848 2912 4914 sinapis
2940 4848 3010 4902 ⁸⁷.
3052 4847 3177 4901 Haec
3217 4849 3362 4901 enim

1809 4943 2088 5009 signorum
2120 4948 2204 4993 est
2238 4954 2455 5008 parens.
2492 4938 2654 4992 Aliud
2691 4948 2873 4993 autem
2898 4950 2982 4993 est
3014 4939 3366 5008 operationes

1810 5029 2069 5081 virtutum
2106 5029 2325 5088 habere.
2360 5038 2413 5081 et
2444 5029 2592 5082 aliud
2640 5030 2780 5082 dona
2821 5030 3192 5083 sanationum.
3224 5030 3363 5083 Nam

1811 5120 1904 5188 qui
1941 5118 2285 5171 sanationum
2316 5118 2579 5171 duntaxat
2607 5119 2749 5171 dona
2793 5118 2974 5183 habet,
2999 5120 3091 5173 hic
3120 5127 3362 5172 tantum-

1813 5210 1971 5260 modo
1998 5212 2169 5258 sanat.
2200 5206 2300 5270 Qui
2327 5221 2458 5259 vero
2478 5207 2828 5274 operationes
2863 5209 3029 5263 habet
3072 5210 3360 5270 virtutum,

1817 5314 1922 5354 non
1952 5298 2125 5352 solum
2153 5304 2330 5361 sanat,
2348 5313 2537 5351 verum
2567 5306 2621 5351 et
2650 5298 2816 5352 infert
2845 5314 3055 5367 pinnas.
3088 5297 3362 5363 Quemad-

1816 5390 2037 5443 modum
2067 5404 2259 5458 nempe
2302 5388 2598 5456 Apostolus
2629 5404 2846 5458 magum
2885 5389 3183 5443 obca'cavit
3210 5388 3277 5453 ⁸⁸,
3308 5401 3363 5441 et

1815 5479 2009 5534 Petrus
2037 5477 2302 5531 Ananiam
2338 5478 2604 5531 exstinxit
2634 5479 2702 5533 ⁶⁹.
2750 5477 2921 5532 Porro
2961 5478 3218 5533 discretio
3247 5479 3361 5546 spi-

1811 5564 2017 5616 rituum
2041 5570 2149 5627 est,
2172 5574 2399 5615 noscere
2429 5562 2553 5628 quis
2578 5561 2892 5630 spiritualis
2916 5562 3072 5623 sit,et
3098 5563 3223 5632 quis
3251 5576 3361 5616 non

1814 5654 2151 5723 spiritualis:
2184 5653 2308 5722 quis
2330 5652 2614 5722 prephcta,
2633 5662 2684 5707 et
2711 5653 2834 5721 quis
2859 5654 3077 5722 planus.

1586 5762 1822 5822 “Galat.
1853 5782 1911 5831 ιι,
1949 5770 2001 5830 8.
2079 5764 2123 5797 ⁸ο
2162 5765 2290 5819 Luc.
2325 5778 2456 5828 xvu,
2484 5765 2532 5816 6.
2588 5762 2630 5795 ⁸⁷
2666 5762 2855 5817 Matth.
2891 5779 3019 5829 xvu,
3052 5763 3139 5819 i9.
3170 5764 3361 5818 "Act.
