4230 6438
841 347 943 408 667

1997 357 2056 414 S.
2096 350 2890 422 JtMNNISiiDAMASCENI

3962 373 4069 433 668

918 478 936 509 ι
983 459 1087 514 ΑΙῘὶ
1130 476 1331 530 genera
1370 463 1701 530 linguarum,
1735 464 1824 517 alii
1864 467 2244 535 interpretatio
2278 482 2392 520 ser-
2421 471 2468 526 Α

2429 471 2468 526 Α
2572 487 2593 520 ι
2636 472 2839 544 Ἐτέρῳ
2889 475 2946 528 δὲ
2983 477 3115 548 γένη
3160 478 3458 545 γλωσσῶν·
3497 483 3641 556 ἄλλῳ
3691 487 3748 541 δέ
3797 491 4068 561 ἑρμηνεία

843 567 1090 608 mnuum.
1144 552 1331 624 [Vens
1389 555 1500 624 ll.|
1551 554 1675 609 llwc
1705 557 1851 610 enim
1896 559 2082 611 omnia
2137 565 2398 626 operatur

846 659 990 698 unus
1014 653 1068 698 ct
1108 645 1248 698 idem
1284 646 1548 714 Spiritus.
1592 665 1612 698 ι

917 733 1018 788 llic
1058 736 1202 788 enim
1234 736 1448 790 sciebat
1474 737 1606 807 quid
1651 738 1768 806 ipse
1801 738 2044 803 diceret;
2096 741 2190 792 sed
2239 739 2398 792 alteri

844 837 1104 877 enarrare
1141 840 1250 878 non
1276 834 1490 894 poterat
1517 843 1528 875 :
1557 827 1698 880 alius
1743 829 1855 880 hare
1886 837 2118 896 utraque
2150 828 2400 898 posside-

844 911 958 975 bat,
995 911 1156 981 idque
1187 915 1457 968 excellens
1489 930 1612 971 esse
1656 917 1856 970 donum
1881 919 2199 982 videbatur;
2229 919 2397 988 quip-

844 1015 912 1070 pe
940 1003 1086 1072 quod
1117 1006 1293 1073 ipsum
1331 1005 1516 1058 statim
1541 1023 1866 1060 concessum
1901 1010 2168 1076 apostolis
2202 1010 2396 1064 fuerat.

845 1093 1115 1158 Quoniam
1152 1110 1284 1163 ergo
1323 1097 1550 1150 nimium
1607 1098 1973 1152 cllerebautur
2007 1099 2153 1169 quod
2180 1116 2245 1154 eo
2286 1101 2400 1169 pri-

846 1201 993 1238 mum
1019 1188 1247 1254 apostoli
1275 1188 1528 1243 instructi
1560 1188 1781 1244 fuerant
1807 1191 1975 1256 dono,
2010 1201 2290 1261 postremo
2321 1194 2399 1247 lo-

845 1290 911 1327 c0
941 1276 1071 1328 illud
1104 1279 1322 1331 statuit.

918 1358 974 1412 Si
1014 1358 1255 1428 Spiritus
1286 1363 1572 1432 dignitatis
1618 1372 1706 1417 cst
1762 1364 2040 1418 inferioris
2070 1374 2125 1420 et
2163 1367 2399 1423 alterius

845 1457 1078 1513 naturae,
1115 1459 1174 1504 ut
1211 1454 1431 1521 quidam
1477 1454 1813 1518 fabulantur,
1863 1456 1997 1509 nihil
2036 1458 2255 1526 prodest
2286 1459 2399 1515 haec

844 1542 1172 1607 consolatio,
1196 1559 1294 1597 nec
1325 1544 1468 1612 quod
1495 1547 1802 1609 audiamus,
1827 1547 1965 1598 idem
1991 1546 2246 1614 Spiritus.
2265 1549 2401 1603 Nam

844 1635 937 1700 qui
965 1636 1166 1703 accipit
1192 1652 1220 1686 ιι
1247 1652 1393 1704 rege,
1427 1652 1682 1706 magnum
1715 1638 1819 1691 hoc
1847 1639 2105 1693 solatium
2128 1641 2398 1707 habuerit,

843 1724 989 1790 quod
1037 1725 1141 1778 sibi
1199 1725 1288 1778 ille
1339 1726 1570 1794 largitus
1607 1728 1699 1782 sit.
1747 1727 1849 1792 Qui
1897 1739 2078 1782 autem
2128 1747 2158 1782 a
2216 1747 2399 1797 servo,

843 1822 974 1868 tunc
1009 1815 1155 1870 dolet
1189 1817 1384 1886 magis,
1417 1819 1635 1886 quando
1668 1819 1720 1873 id
1769 1820 1872 1874 sibi
1899 1835 1927 1872 a
1957 1821 2215 1890 quopiam
2247 1823 2391 1891 obji-
2433 1806 2473 1860 Β

2433 1806 2475 1860 Β
2505 1806 2618 1900 λου,
2675 1837 2798 1891 τότε
2858 1806 3057 1908 μᾶλλον
3107 1806 3294 1912 ἀλγεῖ,

841 1907 1005 1960 citur.
1043 1907 1121 1970 Ex
1154 1907 1260 1962 hoc
1301 1909 1472 1978 igitur
1497 1911 1662 1964 etiam
1701 1912 1881 1981 capite
1911 1913 2082 1983 liquet
2127 1912 2394 1984 Spiritum

841 2008 1092 2054 sanctum
1129 2015 1238 2054 non
1264 2001 1502 2068 servilis,
1548 2002 1644 2056 sed
1679 2005 1842 2074 regiae
1883 2006 2210 2062 substantiae
2246 2022 2389 2064 esse.

912 2196 1068 2262 Quod
1114 2207 1240 2253 ante
1293 2197 1360 2253 de
1389 2196 1552 2253 Patre
1577 2198 1816 2263 dicebat,
1868 2201 1974 2265 Qui
2009 2210 2259 2270 operatur
2287 2219 2400 2257 om-

839 2291 928 2342 nia
962 2291 1014 2340 in
1037 2288 1310 2352 euntibus,
1347 2289 1489 2343 idem
1514 2290 1676 2343 etiam
1715 2291 1818 2344 hoc
1851 2291 1906 2343 in
1944 2291 2064 2344 loco
2095 2291 2162 2345 de
2188 2291 2399 2362 Spiritu

843 2379 998 2448 105
1039 2381 1376 2448 pronuntiat.
1409 2380 1533 2433 llwc
1568 2390 1740 2434 autem
1772 2383 1952 2434 omnia
1987 2394 2237 2451 operatur
2264 2402 2397 2439 unus

836 2483 887 2526 et
915 2473 1051 2524 idem
1079 2473 1352 2540 Spiritus;
1385 2483 1440 2526 ct
1480 2473 1681 2543 ubique
1713 2475 1914 2544 passim
1959 2476 2188 2530 honoris
2218 2494 2400 2547 atqua-

839 2563 1048 2616 litatem
1075 2563 1344 2618 declarat.
1385 2564 1542 2630 Quod
1583 2575 1762 2620 autem
1813 2567 1911 2632 ait,
1948 2567 2001 2620 iu
2036 2568 2300 2635 omnibus,
2331 2572 2398 2625 dc

839 2651 1159 2706 hominibus
1183 2651 1394 2706 dictum
1425 2662 1528 2707 est.
1565 2646 1920 2724 Nequaquam
1965 2673 2097 2712 vero
2132 2657 2397 2728 Spiritum

836 2755 961 2794 cum
992 2741 1304 2798 hominibus
1334 2747 1706 2801 accensucris.

911 2849 930 2881 ι
969 2830 1222 2887 Dividens
1252 2835 1482 2902 singulis
1511 2845 1667 2902 prout
1703 2839 1836 2891 vult.
1873 2858 1892 2890 ο

908 2920 1026 2978 Non
1055 2925 1232 2978 solum
1268 2928 1606 2991 consolatur,
1638 2944 1822 2983 verum
1855 2941 1908 2986 et
1940 2947 2003 2989 os
2034 2935 2304 3003 obstruit,
2352 2939 2400 2993 si

840 3107 993 3170 vult;
1027 3107 1120 3175 qui
1174 3107 1366 3176 iniquo
1421 3108 1526 3164 fert
1577 3113 1764 3166 animo
1798 3129 2122 3171 concessum
2160 3119 2264 3173 sibi
2303 3121 2403 3174 do-

840 3212 1006 3259 num,
1054 3197 1325 3251 voluntati
1377 3197 1618 3268 Spiritus
1670 3204 2042 3271 contradicit,
2094 3221 2161 3261 ac
2209 3207 2256 3262 si
2302 3209 2396 3265 ille

838 3303 946 3341 non
981 3291 1128 3342 recte
1166 3289 1529 3349 distribuerit.

913 3377 1074 3430 Vens.
1100 3379 1196 3443 l2,
1229 3381 1313 3434 15.
1347 3401 1366 3432 ι
1403 3381 1559 3436 Sicut
1595 3383 1740 3438 enim
1777 3401 1943 3440 unum
1984 3401 2188 3456 corpus
2211 3398 2318 3456 est,
2341 3399 2396 3445 et

838 3469 1078 3522 membra
1102 3469 1262 3525 habet
1281 3474 1478 3527 multa:
1500 3476 1681 3530 omnia
1701 3486 1880 3532 autem
1898 3481 2136 3534 membra
2155 3484 2397 3551 corporis

839 3561 1026 3626 unius,
1055 3579 1176 3615 cum
1204 3564 1315 3618 sint
1342 3566 1509 3619 multa
1531 3606 1545 3628 ,
1574 3584 1742 3622 unum
1772 3578 1949 3624 tamen
1975 3587 2174 3641 corpus
2206 3582 2388 3627 sunt.»

908 3651 1202 3723 Postquam
1243 3672 1339 3710 cos
1379 3658 1480 3711 hac
1533 3660 1744 3715 ratione
1788 3661 2063 3725 delinivit,
2099 3665 2247 3734 quod
2297 3665 2396 3720 do-

840 3759 970 3797 num
1014 3754 1067 3799 et
1111 3747 1289 3815 gratia
1341 3749 1410 3803 sit
1457 3750 1592 3805 illud
1637 3755 1784 3822 quod
1816 3755 2160 3820 conceditur,
2194 3759 2397 3828 quippe

838 3849 963 3889 cum
1001 3853 1066 3891 ex
1108 3854 1216 3891 uno
1254 3855 1445 3895 omnes
1486 3842 1793 3912 accipiant,
1828 3855 1881 3900 et
1916 3854 1972 3900 ut
2003 3846 2201 3918 cuique
2229 3865 2394 3918 expe-

838 3927 948 3992 dit,
979 3929 1323 3997 priebcatur:
1361 3933 1585 3988 occlusa
1621 3935 1846 4004 insuper
1881 3937 2064 4007 lingua
2119 3939 2393 4010 ipsorum,

842 4025 901 4072 ut
941 4021 1198 4088 potentia:
1245 4021 1486 4092 Spiritus
1531 4023 1728 4080 cedere
1766 4026 2086 4095 discerent,
2118 4044 2182 4083 ex
2219 4030 2395 4084 altero

836 4107 950 4179 jam
983 4110 1161 4181 capite
1193 4112 1342 4181 ipsos
1374 4115 1717 4182 consolatur,
1745 4132 1810 4172 ex
1839 4120 2120 4173 communi
2147 4119 2396 4176 videlicet

838 4202 1114 4270 exemplo,
1151 4213 1315 4274 atque
1348 4206 1414 4260 ad
1450 4217 1703 4260 naturam
1735 4208 1910 4278 ipsam
1945 4211 2203 4267 recurrit.
2240 4211 2392 4277 Quod

839 4299 1021 4347 autem
1052 4294 1162 4361 ait,
1198 4296 1344 4351 hunc
1377 4298 1542 4353 habet
1593 4315 1858 4356 sensum:
1911 4301 1959 4357 si
2005 4303 2177 4357 multa
2225 4321 2392 4359 unum

838 4394 994 4450 sunt,
1019 4393 1072 4440 et
1094 4402 1262 4439 unum
1291 4389 1457 4442 multa
1479 4431 1496 4454 ,
1527 4391 1746 4444 ubinam
1773 4401 2026 4462 superest
2055 4394 2397 4452 discrimen?

841 4473 944 4530 Ubi
976 4478 1027 4531 id
1060 4478 1202 4547 quod
1236 4481 1634 4548 praecellentius
1667 4485 1784 4538 sit?
1817 4486 1906 4539 ubi
1941 4487 2086 4556 quod
2121 4489 2400 4544 deterius?
2431 4491 2473 4544 D

909 4566 1028 4621 Non
1072 4569 1242 4637 dixit,
1286 4586 1410 4624 cum
1459 4574 1630 4626 multa
1678 4575 1823 4639 sint,
1871 4576 1938 4630 ad
1987 4592 2186 4647 corpus
2227 4595 2394 4634 unum

838 4659 1157 4727 pertinent;
1217 4661 1310 4714 sed
1360 4662 1537 4730 ipsum
1586 4677 1791 4732 corpus
1839 4665 2008 4719 multa
2059 4676 2175 4730 est,
2221 4683 2396 4738 eaque

838 4749 1085 4802 membra
1117 4750 1286 4802 multa
1318 4751 1421 4804 hoc
1450 4768 1619 4806 unum
1653 4761 1805 4807 sunt.

914 4855 934 4888 ε
962 4837 1040 4890 Ita
1075 4847 1130 4894 et
1154 4839 1430 4896 Christus.
1462 4840 1678 4897 Etenim
1719 4843 1772 4897 iu
1811 4860 1921 4899 uno
1961 4844 2169 4916 Spiritu
2207 4863 2395 4906 omnes

837 4943 963 4984 nos.
997 4948 1016 4981 ι

910 5019 1046 5073 Cum
1086 5020 1269 5076 dicere
1306 5023 1619 5089 debuisset,
1657 5025 1729 5077 ita
1760 5033 1813 5079 et
1849 5024 2127 5091 Ecclesia,
2173 5044 2282 5084 non
2314 5037 2396 5084 ta-

839 5127 967 5168 men
1000 5114 1102 5167 lioc
1128 5113 1298 5176 dixit.
1327 5113 1421 5169 sed
1447 5115 1567 5185 ejus
1596 5117 1715 5170 loco
1740 5116 2019 5172 Christum
2047 5123 2260 5188 posuit;
2285 5136 2394 5190 quo

841 5219 1036 5274 nempe
1066 5205 1227 5260 altius
1258 5207 1557 5260 orationem
1591 5207 1835 5270 attollat,
1868 5216 1923 5262 et
1947 5210 2246 5264 auditorem
2279 5227 2392 5264 ma-

838 5296 948 5364 jori
995 5295 1188 5350 alliciat
1239 5297 1469 5366 pudore.
1523 5297 1691 5362 Quasi
1744 5299 1936 5353 dicat:
1987 5299 2062 5353 ita
2101 5307 2157 5355 et
2193 5315 2392 5372 corpus

843 5386 1079 5452 Christi,
1110 5387 1255 5458 quod
1281 5396 1368 5443 est
1392 5387 1656 5443 Ecclesia.
1702 5389 1835 5444 Nam
1867 5390 2037 5445 veluti
2086 5406 2287 5462 corpus
2340 5402 2394 5448 et

844 5488 1008 5547 caput
1035 5496 1178 5536 unus
1211 5479 1373 5534 homo
1400 5490 1521 5547 est;
1559 5483 1633 5535 ita
1682 5492 1735 5536 et
1783 5479 2086 5537 Ecclesiam
2132 5492 2188 5538 et
2232 5482 2393 5538 Chri-

845 5577 992 5626 stum
1023 5586 1188 5624 unum
1214 5586 1335 5626 esse
1361 5570 1606 5627 aﬂirmat.

920 5675 941 5710 ι
975 5657 1032 5712 In
1066 5676 1231 5714 unum
1262 5676 1464 5730 corpus
1496 5662 1748 5730 baptizati
1785 5680 1975 5720 sumus
1997 5707 2010 5731 ,
2046 5665 2156 5723 sive
2184 5663 2349 5722 Judaei
2372 5707 2387 5734 ,

781 5821 788 5828 '
853 5750 966 5807 sive
996 5750 1166 5807 Graeci
1191 5793 1204 5818 ,
1239 5754 1351 5809 sive
1384 5754 1522 5810 servi
1547 5795 1560 5820 ,
1597 5771 1709 5810 sm:
1744 5757 1915 5812 lihcri.
1948 5777 1967 5808 ι

2499 557 2780 624 γλωσσῶν.
2813 565 3002 620 Πάντα
3029 568 3086 620 δὲ
3115 568 3287 622 ταῦτα
3315 573 3529 642 ἐνεργεῖ
3547 576 3608 627 τὸ
3634 576 3692 629 ἓν
3713 580 3806 632 καί
3829 557 3901 632 ’το
3932 557 4068 634 αὐτὸ

2499 647 2737 720 Πνεῦμα.
2778 672 2796 704 ι

2584 742 2642 796 Ὀ
2679 746 2777 813 μὲν
2804 749 2908 818 γὰρ
2939 750 3054 820 ᾔδει
3081 751 3135 804 τί
3188 752 3373 821 ἔλεγεν
3403 757 3584 822 αὐτὸς,
3617 759 3762 831 ἄλλῳ
3799 763 3855 815 δὲ
3890 763 4068 834 ἑρμη-

2500 836 2686 889 νεῦσαι
2713 838 2812 890 οὐκ
2841 839 3090 906 ἠδύνατο.
3107 842 3165 893 ’0
3185 842 3241 894 δὲ
3273 845 3556 916 ἀμφότερα
3582 849 3753 902 ταῦτα
3775 851 4066 923 ἐκέκτητο.

2512 927 2712 980 Ἐδόκει
2731 928 2788 982 δὲ
2805 929 2960 983 τοῦτο
2987 931 3230 1002 χάρισμα
3252 930 3389 988 εἶναι
3415 937 3575 1005 μέγα,
3595 939 3780 1008 ἐπειδὴ
3801 943 3896 994 καὶ
3913 943 4067 1012 πρῶ-

2499 1035 2590 1070 τον
2626 1019 2757 1070 αὐτὸ
2806 1018 2994 1073 ἔλαϐον
3030 1023 3080 1073 oi
3113 1023 3413 1078 ἀπόστολοι.
3461 1028 3676 1098 Ἐπειδὴ
3706 1030 3886 1083 τοίνυν
3906 1031 4068 1084 τοῦτο

2499 1109 2694 1172 αὐτοὺς
2731 1109 2960 1179 μάλιστα
2990 1113 3209 1182 ἐπῆρεν,
3249 1115 3308 1166 τὺ
3337 1116 3550 1187 πρῶτον
3571 1120 3650 1182 είς
3681 1122 3808 1184 τοὺς
3833 1123 4071 1176 ἀποστό-

2500 1198 2624 1262 λους
2654 1201 3040 1270 κατενεχθῆναι
3081 1204 3141 1258 τὸ
3185 1207 3448 1279 χάρισμα,
3481 1212 3538 1263 ἐν
3563 1211 3641 1282 τῷ
3667 1212 3810 1283 λόγῳ
3838 1213 4068 1286 ὕστερον

2500 1290 2732 1357 τίθησιν.

2572 1381 2637 1433 Εἰ
2673 1381 2892 1436 ἔλαττον
2918 1383 2978 1438 τὸ
3002 1386 3243 1457 Πνεῦμα,
3273 1391 3367 1443 καὶ
3412 1391 3605 1465 ἐτέρας
3641 1395 3854 1462 οῦσιας,
3879 1397 4068 1463 καθώς

2501 1471 2645 1534 τινές
2691 1489 2872 1540 φασιν,
2925 1476 3077 1530 οὐδὲν
3125 1477 3331 1549 ὤνησεν
3385 1484 3419 1553 ἠ
3455 1486 3796 1556 παραμυθία,
3842 1490 3968 1542 οὐδὲ
4007 1492 4069 1544 τὸ

2501 1562 2752 1630 ἀκοῦσαι,
2805 1565 2872 1618 τὸ
2909 1569 3054 1622 αὐτό
3113 1572 3374 1642 Πνεῦμα.
3410 1575 3467 1627 '0
3509 1577 3606 1646 μὲν
3644 1579 3752 1648 γὰρ
3784 1581 3946 1652 παρὰ
3969 1583 4066 1635 τοῦ

2503 1650 2766 1720 βασιλέως
2781 1654 2976 1718 λαϐὼν,
3007 1661 3271 1731 μεγίστην
3301 1663 3368 1716 ἂν
3393 1667 3595 1736 ταύτην
3628 1671 3748 1738 σχοῖ
3771 1650 4068 1742 τὴνήπαρα-

2508 1743 2722 1811 μυθίαν,
2749 1747 2830 1801 ὅτι
2861 1748 3021 1812 αὐτὸς
3041 1751 3189 1821 αὑτῷ
3211 1753 3428 1810 ἔδωκεν.
3481 1758 3539 1810 '0
3560 1759 3614 1811 δὲ
3637 1761 3790 1831 παρὰ
3815 1762 3914 1816 τοῦ
3938 1763 4064 1818 δού-

3391 1849 3518 1903 ὅταν
3563 1851 3722 1905 τοῦτό
3777 1871 3862 1918 τις
3915 1857 4068 1927 αὐτῷ

2506 1928 2888 2003 προσενέγκῃ,
2951 1932 3091 1987 ὥστε
3146 1937 3439 1993 κάντεῦθεν
3491 1941 3670 2012 δῆλον,
3715 1946 3796 1998 ὅτι
3845 1948 3908 2000 οὐ
3967 1952 4066 2018 τῆς

2501 2016 2786 2088 δουλικῆς,
2842 2021 2978 2076 ἀλλὰ
3042 2024 3144 2094 τῆς
3201 2027 3487 2101 βασιλικῆς
3543 2033 3730 2100 οὐσίας
3785 2036 3848 2089 τδ
3901 2016 4065 2106 ἅγιον

2501 2107 2741 2178 Πνεῦμα.

2574 2223 2751 2296 Ὅπερ
2771 2225 3029 2300 ἀνωτέρω
3049 2232 3176 2301 περὶ
3194 2233 3287 2286 τοῦ
3318 2237 3528 2309 Πατρὸς
3558 2236 3732 2307 εἶπεν,
3765 2246 3794 2297 ὁ
3822 2247 4066 2317 ἐνεργῶν

2496 2317 2567 2370 τὰ
2597 2317 2771 2370 πάντα
2817 2320 2874 2371 ὲν
2906 2323 3061 2385 πᾶσι,
3110 2324 3268 2379 τοῦτο
3295 2329 3572 2384 κάνταῦθα
3599 2335 3729 2405 περὶ
3755 2337 3851 2390 τοῦ
3883 2339 4062 2391 Πνεῦ-

2501 2426 2689 2478 ματος.
2704 2411 2907 2466 Πάντα
2936 2414 3004 2468 δὲ
3025 2417 3209 2471 ταῦτα
3234 2419 3459 2492 ἐνεργεῖ
3489 2425 3552 2478 τὸ
3579 2427 3648 2479 ἓν
3675 2430 3773 2482 καὶ
3813 2432 3882 2483 τὸ
3912 2435 4065 2486 αὐτὸ

2499 2500 2740 2569 Πνεῦμα
2764 2542 2779 2566 ,
2843 2507 3122 2577 πανταχοῦ
3173 2510 3272 2581 τὴν
3304 2515 3594 2586 ὁμοτιμίαν
3632 2519 3828 2589 δηλῶν.
3867 2523 3940 2574 Τὸ
3981 2523 4062 2583 δὲ.

2497 2591 2566 2644 ἐν
2595 2593 2800 2656 πᾶσιν,
2839 2598 2967 2668 περὶ
3009 2601 3310 2671 ἀνθρώπων
3357 2606 3541 2674 λέγειῇ
3579 2611 3786 2666 οὐδέπω
3822 2614 3880 2666 δὲ
3920 2617 4065 2684 μετὰ

2497 2683 2603 2737 τῶν
2633 2686 2928 2758 ἀνθρώπων
2961 2691 3056 2744 καὶ
3083 2694 3144 2746 τὸ
3167 2695 3388 2766 Πνεῦμα
3411 2698 3754 2772 ἀριθμήσεις.

2576 2883 2594 2915 ι
2627 2865 2878 2935 Διαιροῦν
2906 2868 3010 2939 ἰδία
3037 2869 3270 2943 ἑκάστῳ,
3304 2875 3482 2939 καθὼς
3510 2877 3780 2947 βούλεται.
3825 2901 3843 2934 ι

2562 3065 2745 3116 γοντα.
2779 3050 2841 3103 Εἰ
2886 3052 3018 3124 γὰρ,
3081 3054 3158 3116 ὡς
3203 3056 3473 3126 βούλεται,
3525 3061 3723 3133 διαιρεῖ
3756 3067 3993 3140 ἐκάστῳ,
4037 3077 4065 3125 ὸ

2429 3142 2471 3203 c
2505 3139 2792 3233 άδημονῶν
3013 3147 3348 3218 χαρίσματι,
3424 3152 3592 3220 ἐγγὺς
3644 3156 3914 3226 ἀντιλέγει
3946 3139 3952 3140 7
3987 3165 4065 3233 τῷ

2505 3226 2800 3299 βουλήματι
2851 3231 2944 3283 τοῦ
3003 3236 3336 3306 Πνεῦματος,
3403 3239 3479 3303 ὡς
3527 3241 3627 3295 οὐκ
3659 3243 3835 3315 ὀρθῶς
3863 3226 4064 3306 διελόνλ

2501 3327 2609 3374 τος.

2579 3422 2618 3501 ι.
2639 3405 2908 3501 Παθάπερ
2965 3410 3071 3501 γὰρ
3101 3413 3161 3464 τὸ
3206 3415 3364 3486 σῶμα
3396 3417 3455 3472 ἓν
3481 3421 3619 3490 ἐστι,
3651 3427 3747 3481 καὶ
3771 3427 3908 3500 μέλη
3950 3432 4062 3501 ἔχει

2502 3491 2690 3581 πολλὰ,
2722 3495 2898 3549 πάντα
2925 3499 3073 3552 δὲτὰ
3101 3501 3237 3573 μέλη
3262 3506 3356 3558 τοῦ
3371 3506 3618 3579 σώματος
3635 3515 3726 3568 τοῦ
3757 3491 3876 3581 ἐνὸς
3892 3491 4064 3575 πολλὰ

2501 3579 2648 3647 ὄντα,
2680 3583 2739 3636 ἓν
2773 3587 2888 3640 ἐστι
2918 3588 3095 3658 σῶμα.
3123 3610 3143 3642 ι

2573 3673 3115 3746 Παραμυοησὰμενος
3173 3681 3238 3733 ἐκ
3275 3682 3370 3736 τοῦ
3415 3686 3658 3759 χάρισμα
3704 3687 3843 3747 εῖναι
3885 3697 3947 3751 τὺ
3986 3698 4063 3751 δι-

2501 3761 2746 3830 δόμενον,
2777 3765 2872 3816 καὶ⁵
2901 3767 2965 3818 ἐκ
3004 3767 3097 3819 τοῦ
3136 3771 3344 3836 πάντας
3378 3775 3437 3842 ἐξ
3472 3779 3588 3842 ἐνὸς
3619 3780 3935 3851 λαμϐάνειν,
3969 3795 4064 3843 καὶ

2501 3851 2566 3903 ἐκ
2591 3849 2685 3903 τοῦ
2717 3854 3103 3922 συμφερόντως
3161 3857 3420 3927 δίδοσθαι,
3472 3866 3564 3919 καὶ
3597 3849 3735 3935 μετὰ
3776 3849 3936 3924 τοῦτο
3964 3875 4062 3928 καὶ

2501 3941 2858 4011 ἐπιστομίσας
2885 3946 2950 3997 ἐκ
2978 3945 3071 3998 τοῦ
3098 3948 3208 4003 δεῖν
3239 3959 3590 4025 παραχωρεῖν
3612 3960 3676 4028 τῇ
3717 3959 3934 4034 ἐξουσίᾳ
3965 3967 4061 4019 τοῦ

2502 4031 2834 4102 Πνεῦματος,
2860 4036 2968 4124 ,καὶ
3007 4038 3064 4104 ἐξ
3104 4039 3292 4110 ἐτέρου
3325 4044 3518 4110 αὐτοὺς
3579 4048 3764 4104 λοιπὸν
3795 4031 4062 4124 παραμυο

2503 4122 2676 4176 θείται
2701 4123 2881 4177 κοινοῦ
2903 4127 3369 4200 παραδείγματος,
3399 4137 3495 4188 καὶ
3522 4137 3615 4191 ἐπὶ
3641 4138 3738 4210 τὴν
3772 4141 3934 4209 φύσιν
3959 4122 4061 4198 αὑ-

2501 4211 2602 4280 τὴν
2636 4213 2990 4284 καταφεύγει.
3025 4218 3089 4269 Ὃ
3107 4217 3166 4271 δὲ
3199 4217 3346 4288 λέγει
3391 4222 3630 4278 τοιοῦτόν
3689 4228 3854 4281 ἐστιν’
3897 4229 3960 4285 ΕΞ
4001 4233 4061 4285 ’ἐν

2501 4302 2617 4355 ἐστι
2665 4302 2735 4356 τὰ
2791 4305 2981 4368 πολλὰ,
3014 4307 3200 4360 καὶτὸ
3249 4309 3309 4362 ἒν
3341 4311 3532 4376 πολλὰ,
3578 4314 3680 4368 ποῦ
3718 4317 3868 4371 ἐστιν
3901 4320 3985 4374 ἔτι
4025 4327 4058 4392 ἠ

2501 4389 2772 4462 διαφορά;
2797 4392 2900 4446 ποῦ
2925 4394 2986 4447 τὸ
3019 4395 3319 4466 ὑπέροχον;
3350 4398 3452 4452 ποῦ
3485 4400 3546 4452 τὸ
3568 4400 3819 4473 ἐλαττον;

2572 4569 2686 4622 Οὐκ
2746 4567 2890 4632 εἷπε,
2941 4570 3111 4624 πολλὰ
3158 4571 3285 4625 ὄντα
3325 4572 3418 4626 τοῦ
3462 4575 3580 4638 ἐνός
3627 4577 3741 4631 ἐστι
3781 4580 4054 4653 σώματος,

2500 4657 2654 4721 ἀλλὰ,
2683 4659 2814 4711 αὐτὸ
2840 4660 2900 4712 τὸ
2952 4660 3110 4730 σῶμα
3142 4662 3315 4716 πολλά
3345 4664 3486 4726 ἐστι,
3532 4666 3760 4721 κάκεῖνα
3786 4670 3855 4723 τὰ
3884 4673 4055 4726 πολλᾶ

2413 4794 2430 4814 ε
2503 4747 2660 4818 μέλη,
2683 4749 2839 4802 τοῦτό
2859 4751 2974 4803 ἐστι
3001 4753 3062 4804 τὸ
3089 4752 3168 4804 ἓν.

2574 4857 2592 4889 ι
2631 4838 2787 4890 υῦτω
2815 4841 2908 4892 καὶ
2932 4842 2959 4893 ὁ
2983 4841 3237 4911 Χριστός.
3275 4844 3386 4897 Καὶ
3423 4845 3530 4917 γὰρ
3565 4846 3623 4899 ἐν
3661 4847 3742 4900 ἐνὶ
3776 4848 4053 4921 Πνεῦματ.

2500 4930 2658 5001 ἡμεῖς
2676 4930 2895 4993 πάντες.
2915 4950 2934 4983 ι

2569 5021 2697 5075 Δέον
2723 5023 2916 5087 εἰπεῖν,
2948 5020 3088 5075 οὕτω
3113 5023 3207 5076 καὶ
3233 5025 3268 5093 ή
3307 5023 3597 5095 Ἐκκλησία
3617 5042 3633 5058 ⁸
3661 5026 3819 5082 τοῦτο
3873 5032 3972 5101 μὲν
3993 5034 4052 5086 οῦ

2501 5129 2690 5183 φησιν·
2723 5113 2837 5167 ἀντ’
2875 5115 3089 5184 ἐκείνης
3121 5115 3177 5167 δὲ
3198 5115 3288 5168 τὸν
3320 5115 3555 5188 Χριστὸν
3573 5117 3807 5188 τίθησιν,
3826 5121 3906 5184 είς
3924 5122 4052 5192 ὕψος

2499 5205 2646 5272 ἄγων
2667 5203 2756 5257 τὸν
2777 5204 2955 5272 λόγον,
2985 5205 3080 5258 καὶ
3110 5205 3369 5276 μειζόνως
3421 5208 3698 5278 ἐντρέπων
3730 5211 3822 5265 τὸν
3851 5213 4050 5285 ἀκροα-

2497 5297 2618 5365 τήν.
2662 5297 2726 5349 Ὃ
2750 5295 2805 5349 δὲ
2851 5296 2998 5363 λέγει
3029 5295 3264 5350 τοιοῦτόν
3314 5297 3460 5350 ἐστιν
3483 5315 3500 5330 ο
3529 5298 3682 5353 Οῦτω
3711 5301 3808 5354 καὶ
3832 5303 3892 5356 τὸ
3921 5305 3964 5356 Χ
3976 5323 4051 5374 ρει

2500 5386 2626 5440 στοῦ
2663 5387 2842 5457 σῶμα,
2879 5389 3014 5458 ὅπερ
3049 5389 3253 5459 ἐστὶνὴ
3304 5388 3616 5459 Ἐκκλησία.
3649 5391 3918 5465 Καθάπερ
3947 5399 4052 5467 γὰρ

2501 5479 2658 5549 σῶμα
2686 5480 2779 5532 καὶ
2808 5479 3018 5549 κεφαλὴ
3045 5474 3126 5544 εἷς
3155 5483 3300 5534 ἐστιν
3335 5481 3636 5551 ἄνθρωπος,
3661 5483 3802 5538 οὕτω
3833 5486 3927 5540 καὶ
3956 5487 4050 5555 τὴῦ

2511 5570 2832 5638 Ἐκκλησίαν
2854 5572 2948 5624 καὶ
2975 5571 3067 5624 τὸν
3094 5572 3322 5642 Χριστὸν
3346 5568 3554 5626 ἒνεῖναί
3588 5591 3768 5645 φησιν.

2575 5681 2593 5714 ι
2634 5663 2725 5725 Εἰς
2747 5662 2804 5714 ἒν
2827 5663 2986 5732 σῶμα
3021 5663 3453 5731 ἐϐαπτίσθημεν,
3502 5665 3607 5718 εἴτε
3645 5666 3908 5733 Ἰουδαῖοι,
3942 5668 4046 5721 εἴτε

2503 5754 2779 5824 Ἕλληνες,
2813 5756 2916 5808 εἴτε
2950 5754 3142 5818 δοῦλοι,
3164 5758 3266 5809 εἴτε
3298 5757 3585 5828 ἐλεύθεροι.
3620 5779 3637 5809 ι
