4230 6438
163 411 270 480 θῦε)

1303 419 1385 479 ΙΝ
1425 419 1662 479 EPIST.
1693 419 1791 477 AD
1822 418 2176 480 CORINTH.
2217 421 2244 479 Ι

3274 418 3383 482 6⁸10

223 532 336 584 Καὶ
368 532 453 599 ἐφ’
483 532 668 604 ἕτερον
710 532 926 603 ἔρχεται
974 534 1262 602 κεφάλαιον
1315 531 1703 602 πνευματικόν.
1744 537 1788 590 Α

1888 532 1969 585 Ad
2026 533 2260 587 alterum
2322 548 2541 604 quoque
2596 543 2759 605 caput
2819 533 3104 607 spirituale
3162 534 3382 587 transit.

158 623 227 677 Ὃ
247 624 304 677 δὲ
330 623 477 690 λέγει
506 624 745 676 τοιοῦτόν
772 626 907 677 ἐστι’
931 624 1004 677 Τὸ
1038 625 1450 678 κατασκευάσαν
1477 624 1624 693 ἡμᾶς
1657 621 1715 672 ἓν

158 717 319 787 σῶμα
335 718 608 785 γενέσθαι,
632 719 728 771 καὶ
759 718 1130 787 ἀναγεννῆσαν
1172 718 1338 786 ἡμᾶς,
1366 716 1424 767 ἓν
1446 716 1612 767 ἐστιν.
1638 712 1713 764 Οὑ

158 810 267 878 γὰρ
302 812 363 861 ὲν
392 809 536 878 ἄλλῳ
574 810 671 878 μὲν
724 810 904 875 αὑτὸς,
944 812 1002 862 ὲν
1031 810 1203 878 ἑτέρῳ
1248 808 1304 860 δὲ
1348 807 1554 867 ἐκεῖνος
1584 803 1717 857 ἑδα-

159 900 357 969 πτέσθη
412 901 707 971 Πνεὺματι.
758 902 831 953 Οὑ
869 901 1027 970 μόνον
1077 900 1135 954 δὲ
1179 899 1238 953 τὸ
1281 896 1547 967 βαπτίσαν
1570 895 1720 964 ἡμᾶς

159 991 237 1053 ἓν,
272 992 409 1044 ἀλλὰ
446 993 539 1045 καὶ
591 994 669 1054 εἰς
707 992 736 1045 ὃ
764 991 1108 1061 βεϐάπτικεν.
1165 991 1279 1043 Οὑκ
1314 990 1382 1043 ἂν
1410 984 1502 1041 οὑν
1529 988 1717 1056 ἐσμεν,

160 1083 315 1150 φησὶ,
337 1082 536 1135 δίκαιοι
590 1082 837 1151 ἀθυμεῖν.
870 1082 944 1135 Οὐ
996 1081 1104 1150 γάρ
1165 1080 1276 1149 ἔχει
1330 1078 1574 1148 χώρανή
1604 1074 1717 1127 δια-

159 1174 321 1241 φορά.
352 1172 488 1227 Οὑτε
521 1174 627 1244 γὰρ
657 1174 743 1225 ἴνα
792 1173 1019 1242 διαφορά
1062 1172 1282 1240 γένηται
1325 1169 1571 1237 σώματα,
1604 1165 1718 1218 ἀλλ’

164 1264 253 1317 ἵνα
286 1263 487 1325 πάντες
514 1263 611 1331 τὴν
645 1262 763 1325 ἑνὸς
790 1262 1037 1331 σώματος
1062 1258 1345 1329 ἀκρίϐειαν
1382 1257 1518 1327 πρὸς
1558 1252 1723 1323 ἀλλή-

162 1356 287 1419 λους
313 1355 685 1424 διασώζωμεν,
717 1352 1147 1423 ἐϐαπτίσθημεν.

1819 620 1979 686 Quod
2028 631 2210 677 autem
2263 624 2341 677 ait
2391 625 2665 694 ejusmodi
2719 632 2826 680 est.
2876 625 2932 681 ld
2982 623 3128 696 quod
3167 638 3269 678 nos
3308 623 3380 676 ita

1816 713 2168 768 conﬁrmavit
2195 722 2256 769 ut
2286 732 2453 770 unum
2487 732 2688 787 corpus
2712 733 2991 781 essemus,
3029 724 3083 770 et
3107 714 3251 784 quod
3283 728 3385 766 nos

1817 807 2193 874 regeneravit,
2226 823 2394 861 unum
2424 818 2528 863 est.
2570 809 2688 863 Non
2731 810 2879 863 enim
2918 809 3008 863 hic
3059 807 3278 876 quidem
3328 803 3385 857 in

1818 896 1962 961 alio,
1994 906 2047 952 et
2078 898 2169 953 ille
2203 898 2256 952 in
2295 901 2471 954 altero
2505 900 2713 969 Spiritu
2746 900 3055 971 baptizatus
3088 898 3208 951 fuit.
3240 894 3386 960 Quin
3456 880 3470 890 ’

1817 988 1981 1041 etiam
2016 1003 2124 1043 non
2160 989 2325 1044 modo
2358 992 2451 1047 ille
2491 1007 2587 1062 per
2633 1008 2794 1061 quem
2844 990 3105 1061 baptizati
3156 1000 3384 1047 sumus.

1818 1094 1963 1134 unus
1999 1078 2239 1148 Spiritus
2268 1090 2392 1145 est;
2430 1098 2616 1137 verum
2645 1093 2699 1137 et
2730 1084 2817 1136 ille
2852 1084 2967 1152 ipse
3004 1083 3059 1136 in
3089 1096 3251 1149 quem
3286 1095 3387 1134 nos

1824 1167 2151 1238 baptizavit.
2197 1170 2477 1225 Immerito
2514 1173 2680 1241 igitur
2733 1173 2977 1226 animum
3025 1168 3386 1239 desponderi—

1824 1272 1982 1321 mus,
2040 1259 2219 1328 inquit
2270 1278 2285 1315 :
2351 1260 2655 1316 diﬂ’erentia
2712 1264 2915 1332 quippe
2965 1262 3173 1315 nullum
3225 1260 3387 1314 habet

1820 1346 2025 1403 locum.
2066 1350 2355 1405 Enimvero
2390 1367 2729 1421 nequaquam
2764 1353 2969 1407 idcirco
3002 1350 3259 1421 baptizati
3294 1366 3387 1403 su-

162 1462 307 1510 mus,
339 1456 399 1499 ut
424 1447 637 1501 diversa
662 1459 891 1515 corpora
917 1458 1186 1507 essemus,
1216 1441 1311 1497 sed
1339 1446 1399 1494 ut
1431 1436 1595 1494 unius
1621 1448 1811 1490 omnes
1838 1439 2089 1509 corporis
2115 1450 2363 1496 exactam
2390 1440 2617 1497 formam
2646 1442 2787 1497 inter
2815 1457 2917 1498 nos
2941 1441 3175 1496 invicem
3196 1454 3386 1495 serva-

165 1556 376 1595 remus.

236 1557 322 1595 mu
362 1581 376 1595 .

236 1650 257 1683 ε
288 1557 399 1686 Ksai.
427 1634 628 1693 πάντες
656 1635 736 1696 εις
755 1632 814 1685 ἒν
836 1630 995 1699 σῶμα
1025 1628 1453 1697 ἐϐαπτίσθημεν.
1480 1625 1590 1679 Καὶ
1614 1622 1722 1692 γὰρ

160 1722 222 1775 τὸ
251 1722 415 1793 σῶμα
434 1722 536 1776 οὑκ
567 1723 713 1776 ἐστιν
742 1722 800 1775 ἓν
835 1722 1009 1784 ιιέλος.
1038 1719 1175 1773 ἀλλά
1191 1717 1381 1771 πολλά.
1416 1736 1436 1769 ι

1903 1636 1923 1669 ι
1955 1619 2024 1674 Et
2053 1634 2247 1677 omnes
2273 1620 2327 1675 in
2357 1637 2527 1675 unum
2564 1622 2827 1693 Spiritum
2876 1622 3134 1694 baptizati
3172 1640 3382 1680 sumus.

1829 1706 2017 1778 lens.
2057 1710 2172 1782 14.]
2203 1710 2336 1765 Nam
2380 1720 2436 1767 et
2476 1727 2676 1783 corpus
2718 1729 2827 1769 non
2881 1723 2965 1769 est
2996 1730 3162 1768 unum
3212 1731 3383 1769 mem-

1827 1800 1982 1855 brum
2006 1846 2020 1869 ,
2055 1804 2151 1858 sed
2187 1804 2379 1872 multa.
2411 1822 2431 1855 ι

234 1901 549 1966 Τουτέστιν,
582 1902 837 1972 ’Υπὸτὴν
859 1900 1026 1969 αὐτὴν
1049 1898 1283 1969 ἧλθομεν
1313 1891 1721 1966 μυσταγωγίαν,
1754 1892 1802 1952 Β

1896 1891 2012 1947 lloc
2040 1901 2159 1957 est,
2198 1895 2299 1949 sub
2338 1909 2500 1949 unam
2540 1902 2595 1950 et
2634 1895 2879 1950 eamdem
2924 1910 3116 1950 omnes
3160 1896 3387 1950 institu-

159 1992 259 2059 τῆς
283 1992 458 2061 αὑτῆς
486 1993 763 2064 τραπέζης
810 1991 1174 2060 ἀπολαύομεν.
1212 1990 1274 2042 Ei
1304 1988 1481 2040 τοίνυν
1522 1986 1617 2039 καὶ
1662 1984 1722 2037 ἓν

163 2082 391 2151 Πνεῦμα
415 2084 561 2153 ἡμᾶς
611 2084 1001 2146 κατεσκεύασε,
1041 2082 1139 2136 καὶ
1176 2082 1255 2143 εἰς
1291 2079 1511 2148 Πνεῦμα
1562 2078 1723 2146 ἡμεῖς

161 2176 255 2226 καὶ
312 2176 396 2237 εἰς
436 2170 595 2243 σῶμα
651 2173 1089 2243 ἐϐαπτίσθημεν,
1141 2172 1235 2223 καὶ
1280 2170 1406 2239 μίαν
1444 2165 1723 2239 τράπεζαν

165 2266 299 2334 ἡμῖν
358 2266 674 2337 ἐχαρίσατο,
731 2265 784 2317 τί
826 2282 913 2335 μοι
957 2264 1056 2332 τὴν
1079 2260 1342 2331 διαφορὰν
1370 2256 1720 2329 προσφέρεις,

163 2357 236 2420 ὼς
271 2360 368 2411 ἐπὶ
394 2358 571 2427 φυτῶν
596 2360 677 2412 ὅτι
715 2358 820 2411 ἀπὸ
855 2357 952 2428 τῆς
983 2355 1152 2425 αὑτῆς
1203 2351 1383 2422 πηγῆς
1440 2348 1618 2402 πάντα
1655 2346 1725 2399 τὰ

163 2449 359 2523 δένδρα
404 2450 689 2520 ἀρδεύεται
709 2468 723 2515 ;

239 2653 260 2685 ι
292 2633 422 2686 Ἐὰν
445 2632 571 2701 εἴπῃ
597 2634 624 2685 ὁ
646 2630 900 2694 ποῦς,ὃτι
920 2629 1033 2683 Οὑκ
1065 2628 1182 2695 εἰμὶ
1214 2624 1355 2697 χεὶρ,
1375 2622 1475 2676 οὑκ
1516 2621 1629 2691 εἰμὶ
1658 2619 1723 2671 ἐκ

165 2726 258 2779 τοῦ
291 2722 562 2794 σώματος,
582 2724 641 2775 οὑ
670 2722 819 2793 παρά
845 2721 1001 2774 τοῦτο
1031 2720 1131 2773 οὑκ
1159 2718 1303 2771 ἔστιν
1330 2718 1391 2768 ὲκ
1418 2711 1512 2767 τοῦ
1548 2712 1725 2779 σώμα-

164 2833 286 2881 τος;
315 2816 409 2869 καὶ
440 2816 532 2868 ἐὰν
564 2815 691 2884 εἴπῃ
712 2814 771 2867 τὸ
796 2808 1005 2878 οὖς-,ὄτι
1033 2812 1145 2865 Οὐκ
1164 2810 1280 2878 εἰμὶ
1308 2804 1606 2875 ὀφθαλμὸς,
1624 2802 1724 2855 οὑκ

164 2909 280 2978 εἰμὶ
304 2911 367 2961 ὲκ
397 2907 489 2961 τοῦ
532 2905 800 2976 σώματος,
843 2906 906 2959 οὑ
953 2902 1104 2975 παρά
1131 2901 1289 2955 τοῦτο
1330 2900 1431 2952 οὑκ
1482 2898 1627 2950 ἐστιν
1656 2897 1723 2947 ὲκ

163 3001 257 3054 τοῦ
289 2998 542 3068 σώματος
562 3016 576 3063 ;

243 3110 557 3181 ’Δνεπαχθῆ
590 3110 905 3180 βουλόμενος
940 3107 1161 3177 ποιῆσαι
1188 3104 1278 3157 τὸν
1319 3102 1473 3170 λόγον
1505 3100 1600 3152 καὶ
1632 3099 1725 3151 εὑ-

1823 1982 2025 2036 tionem
2071 1986 2468 2051 convenimus,
2513 1985 2703 2041 eadem
2758 2001 2948 2041 mensa
3009 1986 3265 2041 fruimur.
3327 1987 3383 2041 Si

1822 2086 1950 2141 ergo
1978 2087 2079 2127 nos
2108 2089 2251 2129 unus
2281 2090 2501 2144 quoque
2529 2075 2771 2143 Spiritus
2807 2076 3174 2129 conformavit
3201 2095 3213 2130 :
3251 2076 3293 2130 si
3330 2077 3387 2131 in

1824 2174 1991 2212 unum
2022 2159 2321 2230 Spiritum,
2352 2170 2405 2217 et
2441 2163 2494 2215 iu
2536 2178 2703 2215 unum
2750 2176 2956 2232 corpus
2988 2177 3176 2218 sumus
3208 2164 3387 2233 bapti-

1822 2251 1928 2332 πισιί
1958 2269 1971 2305 :
2001 2252 2047 2306 si
2080 2253 2300 2306 tandem
2333 2268 2575 2309 mensam
2619 2269 2779 2308 unam
2824 2255 3057 2325 largitus
3095 2265 3177 2310 est
3203 2274 3218 2321 ;
3247 2255 3388 2325 'quid

1823 2342 1958 2396 mihi
1984 2343 2284 2397 discrimen
2338 2344 2538 2411 aﬂ'ers,
2573 2345 2793 2414 quando
2824 2347 3048 2416 perinde
3089 2348 3145 2400 in
3186 2348 3389 2417 plantis

1823 2434 2057 2497 accidit,
2097 2444 2158 2488 ut
2190 2450 2388 2505 nempe
2419 2452 2485 2491 ex
2512 2436 2701 2491 eodem
2739 2438 2888 2493 fonte
2913 2439 3142 2493 arbores
3170 2438 3387 2493 univer-

1822 2540 1898 2580 sae
1928 2525 2264 2593 irrigentur?

1897 2616 2055 2686 106
2090 2615 2256 2672 Vens.
2301 2619 2403 2684 15,
2440 2618 2528 2673 16.
2562 2638 2581 2671 ι
2620 2618 2676 2673 Si
2717 2620 2917 2675 dixerit
2953 2635 3088 2691 pes:
3129 2622 3387 2691 quoniam

1824 2723 1931 2762 non
1964 2726 2082 2764 sum
2111 2725 2342 2774 manus,
2379 2728 2489 2765 non
2522 2728 2642 2766 sum
2678 2711 2745 2767 de
2781 2727 3019 2783 corpore
3049 2731 3065 2768 :
3101 2730 3229 2768 num
3266 2715 3392 2770 ideo

1824 2814 1932 2853 non
1966 2809 2049 2855 est
2081 2801 2149 2856 de
2186 2805 2459 2870 corpore?
2485 2812 2538 2857 et
2575 2806 2621 2858 si
2655 2804 2857 2858 dixerit
2891 2804 3082 2860 auris:
3116 2805 3377 2873 quoniam

1824 2905 1932 2945 non
1966 2908 2084 2947 sum
2120 2894 2315 2949 oculus
2338 2934 2354 2957 ,
2393 2908 2499 2947 non
2534 2909 2655 2950 sum
2690 2895 2758 2951 de
2788 2910 3061 2965 corpore;
3101 2912 3229 2950 num
3266 2897 3393 2953 ideo

1824 2997 1934 3036 non
1964 2994 2049 3038 est
2076 2983 2143 3039 de
2173 2999 2407 3054 corpore
2427 2985 2452 3037 ?
2482 3006 2524 3041 ι.

1895 3096 2031 3160 Quia
2080 3097 2304 3152 minime
2357 3098 2686 3165 molestam,
2740 3101 2835 3155 sed
2886 3109 3162 3172 acceptam
3209 3104 3391 3174 potius

167 3180 525 3275 παραδεκτον,
548 3180 618 3256 τὰ
662 3202 793 3273 μέλη
832 3200 1043 3266 εἰσάγει
1104 3196 1406 3265 λεγόμενασ
1442 3193 1555 3287 τὸνᾷ
1590 3191 1727 3287 πόδα
1752 3228 1796 3287 C

1826 3189 2128 3243 orationem
2178 3190 2380 3245 habere
2423 3192 2579 3258 vult,
2631 3180 2705 3246 in.
2739 3194 2979 3248 medium
3026 3195 3247 3250 adducit
3273 3211 3408 3265 quaeb

163 3299 343 3365 λέγειν
368 3300 436 3367 τῇ
456 3295 617 3367 χειρὶ,
656 3297 748 3348 καὶ
777 3294 836 3347 τὸ
855 3291 947 3357 οὖς
978 3292 1056 3360 τῷ
1096 3288 1380 3359 ὀφθαλμῷ,
1403 3287 1471 3339 τὰ
1501 3285 1728 3355 πλησίον
1759 3280 1794 3287 ⁷

1830 3280 1994 3350 vulgo
2048 3281 2297 3335 membra
2342 3282 2622 3357 dicuntur.
2683 3283 2880 3339 Pedem
2936 3288 3215 3355 componit
3264 3303 3391 3342 cum
3494 3346 3501 3347 ,

162 3389 416 3460 ἀλλήλων
449 3387 610 3457 μέλη,
642 3386 735 3439 καὶ
756 3386 816 3437 οὑ
834 3385 923 3437 τὸν
951 3383 1085 3436 πόδα
1112 3381 1191 3450 τῷ
1215 3378 1493 3450 ὀφθαλμῷ.
1510 3376 1727 3448 Ἐπειδὴ

166 3485 224 3537 οὑ
254 3482 461 3551 σφόδρα
485 3482 598 3543 τοῖς
628 3478 999 3548 ὑπερέχουσιν,
1028 3475 1163 3529 ἀλλά
1183 3476 1297 3537 τοῖς
1321 3472 1498 3539 ὀλίγον
1532 3468 1729 3523 ἀναδε-

166 3574 359 3642 6ηκ6σι
392 3571 605 3640 φθονεῖν
642 3568 930 3647 εἰώθαμεν.
984 3566 1117 3619 Οὐδὲ
1170 3565 1278 3635 γὰρ
1314 3563 1404 3616 τὸν
1441 3562 1540 3631 μὲν
1564 3561 1729 3633 ἠλατ-

167 3666 396 3727 τῶσθαι,
430 3664 522 3715 τὸν
553 3662 609 3714 δὲ
642 3659 951 3730 ὑπερέχειν,
988 3657 1209 3727 ἀφίησιν
1245 3652 1381 3708 εἶναι
1403 3654 1468 3705 ὲκ
1487 3652 1582 3705 τοῦ
1610 3650 1729 3704 σώ-

173 3774 363 3827 ματος⁸
382 3757 475 3810 καὶ
503 3755 611 3823 γὰρ
636 3754 664 3805 ὁ
692 3751 825 3813 ποῦς
852 3752 950 3821 τὴν
963 3750 1218 3801 ἐλάττονα
1237 3744 1389 3809 τάξιν
1415 3744 1547 3827 έχει,
1573 3742 1730 3811 τοῦτο

172 3853 229 3905 δὲ
252 3852 423 3905 τόπου
468 3846 732 3919 διαφορά·
771 3844 905 3900 ἀλλὰ
940 3842 1046 3898 ἀπὸ
1090 3841 1183 3896 τοῦ
1236 3838 1501 3911 συνῆφθαι
1540 3836 1575 3909 ἢ
1626 3836 1727 3889 ἀπ-

174 3941 405 4015 έχεσθαι.

248 4236 269 4271 ι
293 4218 357 4272 Εἰ
378 4215 501 4270 ὅλον
529 4214 589 4267 τὸ
622 4213 779 4284 σῶμα
820 4210 1111 4280 ὀφθαλμὸς,
1144 4209 1247 4265 ποῦ
1272 4210 1306 4281 ἠ
1341 4210 1507 4282 ἀκοῆς
1532 4210 1581 4265 si
1608 4210 1728 4265 ὅλον

178 4308 333 4379 ἀκοὴ,
364 4306 469 4361 ποῦ
498 4307 532 4375 ἠ
554 4306 849 4376 δσφρησις;
881 4323 901 4357 ι

255 4396 475 4465 Ἐπειδὴ
507 4396 587 4458 εἰς
628 4394 724 4463 τὴν
773 4393 879 4446 τῶν
923 4393 1099 4462 μελῶν
1147 4391 1402 4463 ἐμπεσὼν
1444 4392 1726 4462 διαφορὰν,

179 4492 254 4551 εἰς
277 4489 488 4541 ἔννοιαν
510 4486 704 4548 αὐτοὺς
730 4484 1076 4548 ἐλαττώσεως
1101 4487 1193 4539 καὶ
1211 4485 1481 4556 ὑπεροχῆς
1500 4480 1726 4554 ἤγαγέν,

176 4582 275 4652 ὅρα
304 4579 424 4641 πῶς
448 4578 643 4640 αὑτοὺς
690 4576 1110 4646 παραμυθεῖται,
1166 4575 1378 4638 δεικνὺς
1411 4575 1527 4637 πῶς
1576 4574 1730 4629 τοῦτο
1756 4561 1804 4617 Ῐ)

180 4671 455 4741 συμφέρον
481 4664 570 4740 ἧν.
603 4669 676 4721 Τὸ
719 4668 826 4738 γὰρ
859 4667 1084 4729 πολλοὺς
1114 4661 1250 4718 εἶναι
1282 4666 1375 4720 καὶ
1415 4663 1721 4736 διαφόρους,

176 4762 331 4816 τοῦτο
367 4761 602 4832 μάλιστα
621 4761 767 4813 ποιεῖ
796 4759 853 4811 ἓν
882 4760 1039 4830 σῶμα
1060 4754 1218 4813 εἶναι.

254 4982 274 5015 ι
308 4962 424 5017 Νῦν
450 4961 505 5014 δὲ
536 4964 566 5015 ὁ
585 4961 715 5025 Θεὸς
756 4961 908 5015 ἔθετο
950 4962 1016 5015 τὰ
1050 4962 1183 5032 μέλη
1210 4962 1269 5015 ἓν
1298 4961 1528 5017 ἕκαστον
1557 4963 1732 5019 αὐτῶν

178 5057 236 5109 ἐν
264 5056 344 5125 τῷ
380 5053 610 5122 σώματι,
641 5053 829 5117 καθὼς
868 5054 1151 5123 ἠθέλησεν.
1185 5054 1245 5105 ΕΞ
1282 5053 1339 5106 δὲ
1372 5051 1437 5122 ἧν
1458 5057 1524 5106 τὰ
1559 5056 1734 5108 πάντα

178 5148 236 5201 ἓν
276 5148 457 5218 μέλος,
498 5146 601 5198 ποῦ
627 5149 687 5198 τὸ
716 5146 907 5216 σῶμα;
941 5144 1035 5199 νῦν
1058 5146 1115 5198 δὲ
1148 5145 1321 5198 πολλά
1383 5145 1482 5216 μὲν
1516 5146 1651 5217 μέλη
1676 5146 1732 5203 ἐν

182 5256 357 5309 σωμα.
404 5257 424 5291 ι

245 5442 417 5496 Πάλιν
451 5441 543 5493 ἐπὶ
581 5441 678 5511 τὴν
730 5442 825 5494 τοῦ
880 5441 1014 5495 θεοῦ
1052 5442 1303 5512 βούλησιν
1351 5444 1613 5513 ἀναφέρει
1643 5443 1737 5497 τὸν

185 5532 359 5601 λόγον,
410 5534 496 5584 ἶνα
540 5533 615 5601 μὴ
670 5533 1033 5602 ἀντιλέγοιμεν
1059 5534 1137 5603 τῷ
1173 5533 1313 5587 οὕτω
1350 5536 1732 5605 προστάξαντι,

193 5624 318 5692 μηδὲ
342 5624 617 5692 λέγωμεν,
648 5623 744 5676 Διά
769 5623 818 5675 τί
844 5625 1006 5687 οὕτω,
1044 5628 1136 5679 καὶ
1172 5627 1259 5679 διὰ
1306 5627 1359 5679 τί
1413 5628 1507 5695 οὑχ
1551 5628 1691 5679 οὕτω
1719 5648 1731 5692 ;

192 5715 303 5766 Kiv
340 5716 449 5783 γὰρ
497 5716 722 5783 μυρίους
755 5716 947 5782 λόγους
982 5719 1194 5787 ἔχωμεν
1240 5722 1429 5783 εἰπεῖν,
1463 5720 1557 5787 οὑχ
1593 5720 1733 5771 οὕτω

194 5806 455 5878 δυνάμεθα
489 5807 655 5870 δεῖξαι
686 5810 761 5861 ὅτι
809 5810 1003 5872 καλῶς.
1054 5813 1135 5874 Ὠς
1172 5812 1298 5865 ὅταν
1333 5812 1609 5881 εἴπωμεν,
1649 5815 1732 5877 Ὠς

1828 3386 1989 3425 manu
2014 3413 2029 3438 ,
2060 3381 2114 3427 et
2144 3388 2333 3427 aurem
2364 3388 2489 3427 cum
2540 3376 2701 3430 oculo
2732 3393 2747 3440 ;
2802 3392 2863 3431 ea
2915 3378 3103 3446 utique
3149 3378 3392 3433 membra

1826 3478 1948 3533 quae
1978 3464 2160 3519 minus
2189 3464 2433 3529 distant,
2470 3480 2579 3519 non
2615 3468 2801 3535 pedem
2849 3482 2975 3521 cum
3032 3469 3230 3522 oculo:
3262 3469 3390 3539 quia

1826 3556 1990 3624 vulgo
2023 3571 2130 3609 non
2166 3556 2474 3609 invidemus
2524 3556 2591 3609 iis
2629 3557 2723 3625 qui
2782 3559 3073 3611 admodum
3127 3560 3392 3615 sublimes

1827 3652 1991 3708 sunt,
2022 3646 2116 3699 sed
2149 3646 2261 3701 illis
2294 3648 2477 3715 potius
2506 3648 2597 3716 qui
2634 3663 2855 3716 parvum
2905 3649 3134 3703 honoris
3160 3649 3388 3719 gradum

1827 3739 2070 3792 assecuti
2123 3746 2271 3793 sunt.
2321 3738 2505 3808 Neque
2553 3741 2697 3793 enim
2758 3755 2824 3793 ex
2878 3756 2943 3794 eo
2978 3743 3121 3809 quod
3164 3742 3268 3794 hoc
3308 3742 3391 3795 in-

1828 3830 2000 3885 ferius
2032 3831 2137 3893 sit,
2174 3830 2305 3884 illud
2342 3846 2472 3884 vero
2525 3832 2813 3901 superius.
2868 3846 2930 3885 ea
2986 3848 3044 3886 re
3078 3833 3391 3887 excluditur

1827 3935 1895 3973 ne
1924 3921 2033 3973 sint
2062 3920 2131 3974 de
2154 3934 2387 3989 corpore
2417 3920 2578 3987 (nam
2612 3923 2716 3975 etsi
2751 3914 3074 3977 inferiorem
3101 3924 3270 3978 situm
3297 3938 3395 3993 pes

1827 4011 2069 4076 obtinet,
2128 4012 2230 4063 hoc
2267 4010 2368 4065 loci
2400 4010 2767 4080 discrepantia
2796 4014 2951 4082 est),
2982 4012 3079 4068 sed
3130 4029 3195 4069 eo
3243 4015 3390 4085 quod

1825 4100 2182 4169 conjunctum
2211 4100 2346 4155 illud
2379 4101 2484 4168 sit,
2522 4111 2617 4155 aut
2646 4102 2900 4158 avulsum
2921 4127 2937 4142 -

1895 4208 2064 4267 Vsus.
2106 4211 2192 4266 l7.
2227 4229 2246 4263 ι
2279 4212 2336 4267 Si
2379 4220 2554 4268 totum
2588 4228 2791 4283 corpus
2834 4202 3026 4273 oculus
3050 4257 3065 4281 ,
3108 4216 3204 4273 ubi
3238 4217 3393 4272 audi-

1827 4302 1961 4357 tus?
1987 4304 2031 4357 si
2068 4311 2241 4357 totum
2276 4304 2499 4360 auditus
2523 4345 2539 4371 ,
2580 4306 2672 4359 ubi
2703 4306 3036 4362 odoratus?»

1896 4415 2165 4483 Quoniam
2216 4417 2592 4473 diversitatem
2646 4418 3016 4473 membrorum
3061 4434 3393 4475 commemo-

1830 4508 2039 4575 rando,
2072 4509 2140 4563 de
2174 4506 2560 4565 inlerioritatis
2606 4519 2661 4564 et
2694 4510 3100 4580 superioritatis
3135 4511 3394 4581 gradibus

1831 4600 2212 4671 cogitationem
2258 4600 2555 4670 injecerat,
2606 4600 2731 4654 vide
2775 4614 2883 4670 quo
2931 4608 3092 4668 pacto
3153 4616 3250 4655 eos
3298 4602 3392 4655 de-

1829 4693 2070 4757 mulcet;
2097 4691 2438 4746 ostendendo
2469 4692 2729 4746 nimirum
2764 4691 2820 4745 id
2852 4692 3224 4747 necessarium
3256 4690 3392 4746 fuis-

1830 4797 1908 4837 se.
1941 4782 1999 4835 ln
2028 4781 2221 4850 primis
2253 4782 2397 4836 enim
2434 4781 2537 4836 hoc
2574 4782 2695 4851 ipso
2744 4782 2891 4851 quod
2947 4782 3104 4836 multi
3159 4791 3291 4837 sunt
3336 4792 3392 4836 et

1832 4874 2036 4929 diversi
2061 4911 2075 4937 ,
2113 4888 2311 4942 corpus
2348 4889 2514 4927 unum
2548 4873 2933 4928 constituitur.

1903 4986 2070 5042 Vsus.
2114 4987 2304 5043 18-30.
2344 5005 2361 5037 ι
2392 4985 2549 5041 Νυηε
2596 4996 2778 5040 autem
2822 4984 3001 5055 posuit
3044 4985 3189 5039 Deus
3220 5000 3390 5038 mem-

1832 5079 1965 5143 bra,
1995 5078 2423 5148 unumquodque
2454 5093 2642 5133 eorum
2690 5077 2745 5131 in
2787 5092 3045 5146 corpore,
3101 5077 3245 5131 sicut
3293 5092 3391 5129 vo-

1832 5170 1951 5223 luit.
1988 5169 2148 5233 Quod
2184 5170 2227 5223 si
2260 5180 2446 5224 essent
2471 5169 2653 5223 omniia
2688 5184 2861 5221 unum
2897 5168 3200 5222 membrum
3227 5208 3243 5233 ,
3295 5168 3389 5222 ubi

1832 5262 2079 5333 corpus?
2106 5261 2258 5316 Nunc
2285 5272 2465 5315 autem
2494 5261 2664 5315 multa
2695 5259 2914 5330 quidem
2945 5260 3186 5314 membra
3221 5276 3393 5314 unum

1832 5365 2054 5419 corpus.
2089 5369 2109 5402 ι

1903 5437 2189 5493 Rationem
2225 5438 2393 5507 hujus
2432 5439 2629 5492 iterum
2667 5438 2847 5507 rejicit
2878 5436 2932 5491 in
2968 5436 3059 5491 Dei
3094 5438 3391 5492 consilium

1832 5539 1887 5586 et
1918 5532 2251 5587 voluntatem
2276 5572 2291 5596 ,
2322 5548 2389 5587 ne
2421 5532 2867 5586 contradicamus
2895 5532 2974 5586 illi
3004 5531 3096 5602 qui
3130 5532 3211 5585 sic
3239 5531 3386 5585 ordi—

1834 5624 2021 5689 navit;
2056 5641 2189 5679 neve
2218 5640 2528 5693 quteramus
2553 5666 2567 5689 ,
2600 5639 2699 5677 cur
2738 5624 2843 5678 hoc
2883 5624 3011 5686 illo,
3045 5638 3210 5677 curve
3252 5622 3384 5675 illud

1834 5718 1938 5771 isto
1964 5718 2035 5769 sit
2067 5717 2265 5771 factum
2293 5717 2475 5771 modo.
2509 5716 2643 5770 Nam
2675 5718 2804 5771 licet
2833 5725 3119 5771 sexcentos
3150 5714 3392 5769 rationes

1835 5825 2119 5883 possemus
2157 5808 2347 5865 afferre
2370 5849 2384 5875 ,
2417 5826 2696 5880 nunquam
2729 5820 2973 5865 csrccte
3019 5825 3141 5867 esse
3189 5808 3387 5878 probu-
