4230 6438
154 401 253 463 673

1292 406 1372 466 IN
1408 407 1641 466 EPIST.
1682 406 1778 464 AD
1805 407 2158 469 CORINTII.
2206 412 2249 469 l.

3250 416 3354 479 674

224 515 283 565 Εἰ
330 513 387 566 δὲ
426 515 799 585 συνεκέρασεν,
856 518 953 570 οὑκ
1006 517 1183 587 ἀφῆκε
1230 518 1323 571 τοῦ
1370 517 1708 589 ἀτιμώτερον
1737 523 1780 577 Λ
1879 519 1894 578 1

1687 536 1708 567 υ
1737 523 1780 577 Λ
1879 516 2035 583 Quod
2066 519 2115 572 si
2152 529 2501 588 contempera
2516 522 2589 574 vit
2611 558 2625 584 ,
2654 536 2759 574 non
2789 536 2916 589 ergo
2935 536 3131 592 passus
3164 534 3267 589 est,
3298 537 3357 581 ut

152 603 457 672 φαίνεσθαι.

222 714 242 745 ι
276 695 368 764 Τῷ
434 696 807 766 ὑστερουμένῳ
857 698 1242 769 περισσοτέραν
1289 697 1409 761 δὺς
1459 699 1641 767 τιμήν.
1679 715 1697 746 ι

227 871 447 940 Ἐπειδὴ
468 872 574 941 γάρ
596 872 686 924 καὶ
708 871 908 942 πολλῆς
936 873 1283 943 παραμυθίας
1304 874 1555 943 τυχόντες
1579 872 1701 925 έλυ-

152 962 347 1015 ποὺντο
385 964 462 1027 ὠς
493 965 708 1017 ἔλαττον
750 964 1023 1032 λαϐόντες,
1052 966 1317 1019 δείκνυσιν
1364 968 1444 1019 ὅτι
1504 966 1703 1036 μᾶλλον

150 1054 505 1124 ἐτιμήθησαν.
539 1055 627 1125 Τῷ
656 1056 761 1128 γὰρ
790 1058 1187 1130 ὑστερουμένῳ,
1226 1059 1382 1128 φησι,
1414 1060 1582 1135 τιμῂν
1607 1076 1705 1115 πε-

150 1147 468 1216 ρισσοτέραν
504 1148 717 1202 ἔδωκεν.
1525 1174 1561 1197 .-·

218 1437 237 1469 ι
266 1420 386 1471 Ἵνα
410 1420 483 1489 μὴ
572 1422 843 1490 σχίσματα
868 1424 925 1474 ἐν
954 1421 1031 1491 τῷ
1059 1420 1291 1491 σώματι,
1320 1420 1456 1475 ἀλλὰ
1481 1422 1541 1474 τὸ
1568 1421 1699 1474 αὐτὸ

147 1511 284 1580 ὑπὲρ
322 1511 569 1579 ἀλλήλων
600 1512 902 1581 μεριμνῶσι
936 1512 1003 1565 τὰ
1043 1513 1178 1582 μέλη
1197 1528 1213 1542 ⁸
1245 1513 1339 1566 καὶ
1364 1514 1472 1565 εἴτε
1503 1513 1697 1583 πάσχει

144 1604 199 1653 ἒν
233 1604 417 1672 μέλος,
443 1606 751 1673 συμπάσχει
779 1606 955 1658 πάντα
981 1606 1049 1659 τὰ
1089 1606 1247 1676 μέλη,
1277 1606 1386 1659 εἴτε
1418 1606 1699 1671 δοξάζεται

144 1693 199 1744 ἓν
243 1694 429 1762 μέλος,
470 1694 746 1765 συγχαίρει
779 1696 952 1749 πάντα
984 1696 1052 1749 τὰ
1092 1695 1249 1765 μέλη.
1291 1714 1310 1746 ι

1807 608 1954 677 quod
1988 608 2282 677 ignobilius
2312 621 2448 673 erat,
2490 621 2797 679 appareret.

1879 714 1900 747 ι
1944 695 2042 750 Cui
2076 698 2280 762 deerat,
2324 700 2778 754 abundantiorem
2827 700 3118 756 tribuendo
3181 702 3358 757 hono-

1804 801 1941 840 rent.
1992 806 2009 838 Ι

1872 878 2143 943 Quoniam
2211 882 2379 943 enim,
2431 884 2647 937 tametsi
2693 884 3051 953 multiplicem
3103 886 3355 940 conSola-

1812 969 2019 1024 tionem
2045 983 2390 1041 acceperant,
2418 974 2771 1029 nihilominus
2798 976 3058 1029 dolebant
3087 984 3352 1045 tanquam

1803 1059 1858 1114 id
1886 1061 2029 1130 quod
2067 1064 2248 1119 minus
2306 1074 2452 1119 esset
2480 1068 2782 1127 consecuti,
2836 1068 3081 1121 ostendit
3113 1082 3208 1122 eos
3235 1083 3356 1120 ma-

1799 1151 1912 1219 jori
1953 1168 2075 1205 esse
2139 1154 2361 1211 aﬂ'ectos
2396 1156 2623 1210 honore.
2668 1155 2803 1209 Nam
2841 1158 2918 1209 illi
2953 1158 3117 1226 parti,
3151 1158 3354 1227 inquit,

1803 1258 1927 1311 qua:
1954 1244 2203 1312 pluribus
2247 1244 2621 1311 deliciebatur,
2656 1247 3105 1303 abundantiorem
3155 1250 3355 1318 imper--

1802 1336 1939 1389 titus
1974 1346 2055 1390 est
2097 1338 2380 1391 honorem.

1870 1425 2036 1482 Vsus.
2067 1428 2156 1487 25,
2181 1430 2269 1481 ‘26.
2306 1446 2324 1478 ι
2361 1427 2430 1482 Ut
2468 1445 2574 1483 non
2609 1430 2680 1483 sit
2720 1429 2960 1485 schisma
3014 1431 3069 1485 in
3099 1446 3353 1502 corpore,

1801 1518 1898 1571 sed
1939 1519 1994 1571 in
2026 1519 2207 1587 ipsum
2235 1531 2337 1588 pro
2383 1519 2623 1575 invicem
2656 1522 2891 1575 sollicita
2922 1523 3036 1577 sint
3084 1528 3351 1578 membra.

1802 1606 1868 1660 Et
1894 1608 2010 1662 sive
2036 1610 2237 1678 patitur
2256 1626 2423 1664 unum
2450 1613 2773 1674 membrum,
2806 1614 3219 1683 compatiuntur
3240 1630 3357 1667 om—

1799 1697 1891 1750 nia
1922 1700 2199 1763 membra;
2237 1702 2352 1754 sive
2382 1700 2652 1772 gloriatur
2680 1717 2847 1754 unum
2872 1705 3206 1768 membrum,
3225 1719 3357 1769 con-

1801 1787 2036 1859 gaudent
2073 1792 2257 1843 omnia
2292 1792 2562 1846 membra.
2598 1810 2616 1842 ι

210 1872 315 1924 Τὸν
359 1872 515 1939 λόγον
559 1872 656 1942 τῆς
698 1873 1095 1943 περισσοίιηέρας
1137 1874 1299 1943 τιμῆς
1344 1873 1699 1936 ἀποδέδωκεν,
1735 1863 1777 1917 Β
1872 1878 1880 1932 l

1684 1913 1699 1936 9
1735 1863 1777 1917 Β
1872 1878 2156 1933 Rationem
2215 1881 2397 1935 reddit
2449 1883 2868 1938 abundantioris
2906 1884 3057 1938 illius
3103 1886 3353 1950 honoris,

142 1963 365 2015 ἀπὸτοῦ
406 1962 767 2032 συμφέροντος
805 1965 1223 2029 κατασκευάζων
1271 1965 1449 2031 αὑτὸν,
1486 1966 1572 2019 ἴνα
1624 1966 1699 2035 μὴ

142 2054 173 2127 ᾖ
220 2058 513 2125 σχίσματα,
562 2056 755 2122 λέγων.
801 2057 898 2108 Ἂν
954 2073 1011 2107 τε
1057 2056 1165 2125 γάρ
1201 2056 1493 2125 ὀφθαλμὸς,
1527 2058 1591 2111 ἄν
1637 2074 1696 2109 τε

144 2150 242 2218 ῥὶς,
266 2148 559 2218 διηατηρῶσι
603 2148 661 2201 τὸ
703 2148 921 2208 οἰκεῖον,
956 2148 1048 2200 τοῦ
1074 2149 1385 2218 εσυνδέσμου
1424 2149 1694 2213 λυθέντος,

140 2240 327 2305 ὄφελος
372 2240 525 2291 οὐδὲν
567 2240 714 2291 ἔσται
755 2239 957 2292 λοιπόν.
996 2242 1091 2292 Ἂν
1126 2233 1181 2292 δὲ
1222 2241 1409 2293 τούτου
1450 2243 1695 2311 μένοντος

139 2333 321 2385 ἐκεῖνα
376 2332 567 2401 βλαεῇ,
597 2333 689 2384 καὶ
735 2331 1174 2397 διαὸαστάζεται,
1210 2334 1465 2402 καὶπρὸς
1508 2334 1694 2400 ὑγείαν

138 2424 383 2477 ἐπάνεισι
413 2423 635 2491 ταχέως.
1542 2419 1548 2429 ’

208 2536 227 2568 ‹
274 2517 463 2586 Ὑμεῖς
500 2516 555 2569 δέ
593 2518 711 2568 ἐστε
743 2512 902 2585 σῶμα
930 2514 1182 2585 Χριστοῦ.
1222 2534 1240 2565 ι

205 2610 265 2661 Εἰ
294 2610 350 2661 δὲ
379 2609 440 2660 τὸ
469 2609 729 2678 ἡμέτερον
758 2606 819 2658 οὑ
847 2606 927 2658 δεῖ
959 2606 1264 2670 στασιάζειν
1312 2606 1487 2676 σῶμα,
1513 2604 1690 2674 πολλῴ

138 2700 335 2768 μᾶλλον
359 2700 420 2750 τὸ
444 2699 534 2749 τοῦ
563 2697 818 2768 Χριστοῦ.

208 2809 228 2841 ι
272 2793 381 2844 Καὶ
415 2791 546 2860 μέλη
580 2790 641 2841 ἐκ
673 2790 892 2859 μέρους.
937 2808 954 2839 ι

214 2883 278 2935 Ἡ
324 2882 614 2951 Ἐκκλησία
662 2883 696 2950 ἡ
735 2883 864 2951 παρ’
900 2882 1045 2950 ὑμῖν,
1073 2880 1225 2949 φησὶ,
1265 2879 1428 2950 μέρος
1449 2880 1563 2931 ἐστὶ
1589 2879 1688 2948 τῆς

133 2971 410 3039 πανταχοῦ
468 2970 809 3040 Ἐκκλησίας,
857 2969 995 3021 ὥστε
1049 2972 1168 3039 οὐχὶ
1231 2972 1365 3039 πρὸς
1430 2970 1690 3039 ἀλλήλους

134 3066 315 3133 μόνον,
344 3063 479 3115 ἀλλὰ
522 3063 614 3114 καὶ
651 3062 785 3132 πρὸς
816 3064 1031 3116 ἃπασαν
1070 3064 1165 3133 τὴν
1202 3063 1341 3115 κατὰ
1376 3063 1471 3131 τὴν
1509 3066 1687 3114 οἰκου-

136 3159 305 3225 μένην
346 3156 664 3224 Ἐκκλησίαν
695 3156 993 3225 εἰρηνεύειν
1022 3156 1086 3207 ἂν
1122 3157 1265 3224 εἴητε
1292 3155 1505 3217 δίκαιοι,
1546 3157 1599 3205 εἴ
1626 3171 1686 3222 γε

132 3246 328 3308 παντός
360 3248 482 3297 tat:
509 3246 643 3313 μέλη
671 3245 763 3296 τοῦ
796 3244 1064 3313 σώματος.

204 3356 221 3386 ι
264 3339 371 3388 Καὶ
414 3336 506 3398 οὖς
556 3335 653 3404 μὲν
702 3335 850 3387 ἔθετο
890 3336 917 3385 ὁ
949 3334 1077 3396 Θεὸς
1128 3337 1184 3387 ἐν
1240 3337 1303 3404 τῇ
1374 3334 1684 3405 Ἐκκλησία,

134 3430 347 3496 πρῶτον
384 3428 730 3488 ἀποστόλους.
774 3445 792 3475 ι

200 3519 517 3584 Κατάλογον
572 3519 803 3569 ποιεῖται
848 3515 955 3567 τῶν
996 3515 1366 3587 χαρισμάτων,
1406 3517 1500 3568 καὶ
1537 3515 1685 3586 1:96)-

131 3627 254 3673 τους
282 3627 345 3676 γε
376 3611 557 3662 τάττει
583 3609 708 3664 τοὺς
738 3607 1083 3671 ἀποστόλους,
1121 3607 1169 3659 οῖ
1199 3606 1293 3660 καὶ
1323 3607 1594 3677 πανταχοῦ
1628 3611 1683 3660 ἐν

132 3705 338 3765 ἑαυτοῖς
360 3697 505 3771 εἶχον
534 3701 601 3753 τα
624 3701 957 3770 χαρίσματα.

203 3816 221 3844 ι
265 3794 527 3862 Δεύτερον
555 3792 853 3861 προφήτας.
897 3810 914 3841 ι

198 3886 306 3939 Καὶ
329 3886 438 3954 γὰρ
474 3886 530 3935 ἐν
558 3887 620 3954 τῇ
652 3884 833 3952 χάριτι
871 3878 1011 3952 ἦσαν
1055 3873 1199 3935 οὗτοι
1231 3881 1677 3953 προφητεύοντες,

129 3970 234 4030 οἷον
261 3975 520 4043 Ἄγαϐος,
556 3975 647 4027 καὶ⁵
684 3976 730 4027 οἱ
762 3974 878 4044 μετ’
908 3972 1093 4028 αὑτοῦ.

200 4086 217 4118 ι
264 4066 460 4139 Τρίτον
491 4063 856 4127 διδασκάλους.
903 4081 921 4114 ι

207 4157 570 4219 Ἐπισκόπους
599 4154 779 4226 φησίν.

198 4248 427 4300 Ἔπειτα
447 4243 723 4315 δυνάμεις,
744 4243 932 4297 ἔπειτα
952 4241 1263 4313 χαρίσματα
1286 4243 1548 4313 ἰαμάτων.
1583 4262 1601 4296 ι

149 4360 152 4363 λ
204 4337 261 4389 ’0
303 4334 531 4403 δύναμιν
571 4333 727 4403 ἔχων,
770 4333 865 4387 καὶ
906 4332 1173 4398 κολάζειν,
1210 4334 1303 4387 καὶ
1337 4333 1516 4389 ίᾶσθαι
1558 4336 1678 4406 ἠδύ-

130 4444 268 4481 νατο.
310 4427 371 4479 ὐ
400 4425 454 4478 δὲ
491 4425 733 4496 χάρισμα
776 4426 1015 4495 ἰαμάτων
1044 4426 1204 4494 ἔχων,
1234 4426 1529 4496 ἐθεράπευε
1577 4430 1673 4498 μό-

1800 1984 1961 2038 quam
1990 1985 2021 2022 a
2054 1970 2442 2024 convenientia
2503 1973 2677 2025 astnui
2704 1987 2717 2023 :
2750 1982 2815 2025 ut
2848 1988 2955 2025 non
2992 1974 3063 2027 sit
3092 1974 3355 2037 schisma,

1798 2057 2001 2127 inquit.
2040 2057 2173 2111 Nam
2204 2059 2249 2113 si
2277 2060 2495 2122 oculus,
2531 2059 2578 2113 si
2610 2060 2784 2121 naris,
2813 2062 3036 2129 propria
3073 2062 3178 2115 sibi
3204 2077 3356 2116 seor-

1797 2148 1901 2203 Sllll
1956 2150 2257 2215 vindicant,
2294 2152 2474 2205 soluto
2506 2150 2748 2217 vinculo,
2772 2151 2907 2205 nihil
2934 2153 3078 2221 quod
3109 2166 3359 2219 superest

1797 2240 2059 2311 deinceps
2079 2242 2325 2312 juvatur.
2370 2242 2467 2324 Sin
2510 2253 2695 2298 autem
2748 2259 2814 2298 eo
2850 2255 3107 2300 manente
3147 2236 3236 2299 illa
3264 2247 3355 2300 la:-

1795 2332 2020 2398 dantur,
2055 2343 2233 2386 totum
2292 2335 2649 2403 compatitur,
2680 2342 2736 2389 et
2770 2336 2973 2391 mederi
3017 2339 3355 2407 quantocius

1795 2421 2045 2475 festinat.

1864 2514 2028 2569 V’sns.
2062 2515 2150 2569 ‘27.
2187 2533 2207 2566 ‹
2257 2514 2367 2585 Vos
2392 2518 2531 2571 estis
2558 2533 2763 2589 corpus
2788 2517 3017 2575 Christi.
3067 2540 3086 2571 ι

1854 2594 2022 2670 ’ρυοά
2056 2606 2103 2661 si
2137 2622 2245 2660 non
2281 2609 2499 2677 expedit
2532 2618 2589 2663 ut
2639 2620 2889 2664 nostrum
2927 2627 3129 2679 corpus
3158 2610 3352 2666 factio-

1793 2697 1957 2751 nibus
1991 2698 2222 2763 laboret,
2260 2701 2439 2753 multo
2467 2701 2641 2770 magis
2672 2703 2880 2757 Christi
2905 2713 3132 2773 carpus.

1867 2807 1886 2839 1
1923 2789 1989 2841 Ει
2020 2792 2262 2844 membra
2292 2792 2650 2872 demembro.
2695 2815 2713 2845 1

1864 2879 2113 2933 Ecclesia
2162 2892 2385 2948 vestra,
2445 2883 2646 2950 inquit,
2701 2899 2831 2953 pars
2882 2892 2967 2939 est
3033 2879 3182 2941 illius
3229 2902 3349 2955 qua:

1794 2971 1999 3039 ubique
2027 2970 2377 3025 dill'unditur.
2419 2974 2685 3038 Quocirca
2722 2975 2846 3044 jure
2882 2978 3078 3030 merito
3112 2994 3221 3031 non
3253 2994 3346 3033 so-

1793 3064 1906 3116 lum
1941 3065 2085 3118 inter
2134 3080 2231 3121 vos
2288 3074 2484 3118 mutuo
2520 3081 2710 3135 pacem
2750 3070 2932 3123 colere
2976 3069 3207 3134 debetis,
3263 3087 3349 3125 ve-

1792 3171 1907 3207 rum
1964 3156 2127 3209 etiam
2180 3172 2305 3208 cum
2366 3158 2621 3212 universa
2670 3175 2765 3228 per
2815 3162 3002 3215 orbem
3076 3170 3348 3217 terrarum

1791 3244 2034 3299 Ecclesia
2063 3264 2077 3311 ;
2121 3246 2165 3299 si
2199 3247 2362 3300 modo
2402 3248 2654 3317 corporis
2699 3251 2876 3304 totius
2910 3252 3154 3306 membra
3185 3256 3343 3309 estis.

1862 3336 2022 3405 108
2069 3337 2232 3391 Vnns.
2281 3338 2374 3396 28.
2420 3359 2437 3389 ‹
2476 3339 2540 3391 Ει
2594 3342 2858 3409 quosdam
2906 3342 3125 3411 quidem
3163 3346 3347 3414 posuit

1787 3425 1931 3477 Deus
1972 3426 2201 3493 primum
2236 3428 2552 3496 Apostolus.
2582 3448 2600 3478 ι

1858 3516 2124 3573 ltecenset
2187 3519 2366 3581 dona,
2424 3536 2489 3574 ac
2520 3521 2698 3590 primo
2764 3522 2886 3576 loco
2947 3526 3140 3578 statuit
3200 3541 3340 3595 apo-

1784 3610 1976 3673 stolos,
2009 3609 2101 3677 qui
2140 3611 2359 3679 quidem
2397 3612 2656 3667 onmibus
2682 3614 2927 3683 undique
2952 3616 3111 3671 donis
3143 3625 3197 3671 et
3217 3633 3342 3688 gra-

1784 3702 1880 3755 tiis
1906 3702 2157 3754 instructi
2185 3711 2367 3756 erant.
2399 3711 2406 3721 ’

1859 3810 1877 3841 ι
1925 3791 2178 3845 Secundo
2213 3794 2531 3861 prephetas.
2573 3812 2592 3844 ι

1853 3881 1966 3935 Sub
2004 3882 2176 3953 gratia
2218 3882 2421 3953 quippe
2472 3884 2747 3956 prophetae
2776 3894 2957 3952 erant,
2997 3887 3146 3942 velut
3182 3888 3326 3961 Agac

1780 3970 1905 4035 bus,
1938 3966 2164 4042 ejusque
2198 3974 2356 4039 socii.
2755 3971 2758 3975 ’

1852 4081 1870 4112 ‹
1910 4059 2095 4117 Tertio
2135 4062 2415 4120 doctores.
2461 4083 2479 4116 ι

1848 4150 2145 4220 Episcopus
2186 4152 2475 4208 nimirum.

1850 4263 1867 4295 ι
1919 4243 2120 4301 Deinde
2150 4245 2405 4310 virtutes,
2448 4246 2644 4304 exinde
2668 4249 2879 4318 gratias
2915 4250 3325 4306 curationum.»

1837 4333 1943 4400 Qui
2008 4337 2267 4389 virtutem
2346 4335 2621 4399 habebat,
2687 4346 2908 4407 poterat
2961 4347 3073 4392 tum
3138 4355 3333 4410 pmnas

1776 4424 2039 4495 inﬂigere,
2076 4434 2187 4478 tum
2228 4425 2393 4479 etiam
2434 4442 2653 4483 sanare.
2691 4421 2875 4498 Atqui
2909 4429 3055 4485 dono
3087 4433 3327 4485 curatio-

130 4534 230 4568 νον.
261 4515 557 4585 Προτάττει
592 4513 648 4567 δὲ
678 4511 770 4565 τοῦ
800 4514 1136 4585 χαρίσματος
1177 4515 1285 4567 τῶν
1317 4516 1557 4585 ἰαμάτων
1588 4518 1677 4577 τὸν
1710 4531 1750 4585 ι)
1780 4527 1793 4563 1

1656 4536 1677 4571 ν
1710 4531 1750 4585 ο
1780 4527 1908 4564 1111111
1943 4515 2252 4566 instructus
2290 4523 2430 4577 erat,
2460 4514 2693 4569 sanabat
2737 4515 3021 4570 duntaxat.
3060 4517 3326 4573 Caeterum

128 4607 274 4673 λόγον
298 4608 399 4675 τῆς
431 4603 790 4668 διδασκαλίας.
830 4606 1030 4669 Μεῖζον
1077 4606 1183 4676 γὰρ
1222 4605 1283 4659 τὸ
1331 4608 1677 4676 καταγγεῖλαι

126 4698 209 4750 τὸν
236 4699 393 4766 λόγον
422 4698 513 4749 καὶ
542 4697 641 4765 τὴν
666 4696 943 4749 εὐσέϐειαν
986 4698 1065 4759 είς
1101 4697 1201 4761 τὰς
1241 4697 1349 4751 τῶν
1374 4698 1676 4753 ἀκουόντων

126 4790 312 4859 ψυχὰς,
344 4788 441 4841 τοῦ
472 4786 726 4857 δυνάμεις
753 4789 947 4841 ποιεῖν.

195 4983 211 5012 ι
262 4961 623 5031 Ἀντιλήνζκεις.
654 4979 671 5010 ι

188 5056 254 5106 Τὸ
284 5048 775 5120 άντιλαμὸάνεσθαι
802 5048 913 5100 τῶν
938 5048 1197 5101 ἀσθενῶν.

195 5168 211 5197 ε
249 5145 641 5214 κυϐερνήσεις.
673 5160 691 5192 ι
1102 5140 1108 5153 ‘

188 5222 261 5291 To
297 5238 606 5304 οἰκονομεῖν
662 5232 1023 5302 πνευματικά.
1073 5232 1180 5283 Καὶ
1223 5232 1291 5283 τὰ
1327 5231 1568 5301 ἡμέτερα
1615 5234 1667 5285 δὲ

126 5328 513 5401 κατορθώματα
571 5323 911 5394 πνευματικὰ
960 5323 1127 5389 λέγει,
1179 5322 1390 5385 δεικνὺς
1439 5325 1518 5375 ὅτι
1573 5325 1670 5393 τῆς

124 5420 206 5473 τοὺ
228 5420 362 5473 Θεοῦ
384 5416 659 5486 πανταχοῦ
686 5416 915 5485 δεόμεθα
945 5414 1213 5483 βοηθείας.

193 5532 207 5561 ι
240 5513 379 5579 Γένη
407 5507 686 5576 γλωσσῶν.
727 5525 746 5556 ι

188 5606 448 5673 Ὗστεων
485 5600 724 5669 τίθησιν,
784 5599 867 5666 ἐφ’
900 5590 944 5663 ᾧ
995 5596 1227 5666 μάλιστα
1275 5596 1470 5649 ἐκεῖνοι
1525 5597 1662 5665 μέγα

128 5699 386 5765 ἐτριῖνονν,
418 5694 681 5746 διδάσκων
718 5691 911 5751 αὐτοὺς
942 5689 1015 5757 μὴ
1051 5687 1389 5756 {gusto-330m.

197 5804 210 5832 1
248 5785 335 5852 Mi)
375 5783 573 5841 πάντες
626 5778 938 5831 ἁπόστολοιε
988 5777 1060 5845 μὴ
1112 5776 1311 5838 πάντες
1347 5775 1655 5845 προφῆται;

1778 4601 2040 4655 doctrinm
2061 4616 2260 4655 munus
2278 4603 2560 4670 anteponit
2578 4604 2765 4672 gratia:
2788 4606 3158 4659 curationum.
3190 4606 3326 4660 Nam

1778 4691 2130 4758 praestantius
2176 4699 2263 4745 est
2293 4692 2623 4765 annuntiare
2653 4694 2902 4756 verbum,
2934 4702 3010 4749 et
3067 4697 3326 4765 pietatem

1778 4780 1980 4835 animis
2031 4781 2342 4834 auditorum
2402 4777 2686 4849 inserere,
2746 4798 2910 4852 quam
2965 4784 3198 4840 virtutes
3248 4786 3326 4839 fa-

1774 4880 1917 4919 cere.

1852 4975 1870 5005 l
1918 4956 2338 5026 Opitulationcs.
2392 4978 2410 5009 ι

1842 5047 2009 5116 Opem
2046 5048 2275 5100 inlirmis
2310 5057 2589 5117 priestare.

1848 5158 1866 5189 ‹
1900 5139 2357 5193 Gubernationes.
2405 5158 2423 5189 ι

1844 5232 2163 5300 Spiritnalia
2198 5232 2538 5301 dispensare.
2576 5229 2769 5282 Nostra
2804 5245 2965 5298 porro
3002 5240 3147 5285 recte
3180 5232 3321 5286 facta

1772 5324 2077 5391 spiritualia
2125 5322 2322 5384 innuit,
2389 5330 2447 5375 ut
2496 5320 2755 5375 ostendat
2817 5321 2905 5374 Dei
2965 5337 3068 5376 nos
3120 5323 3321 5392 ubique

1770 5409 1975 5463 auxilio
2010 5408 2272 5478 indigere.

1844 5520 1861 5549 ι
1907 5499 2119 5552 Genera
2160 5502 2493 5566 linguarum.
2546 5518 2563 5550 ι

1844 5590 2101 5643 Ultimum
2138 5591 2288 5659 ponit
2340 5590 2391 5641 id
2445 5606 2552 5656 quo
2584 5590 2660 5643 illi
2708 5589 2866 5643 valde
2917 5589 3310 5658 gloriabantur,

1774 5692 1829 5736 ut
1861 5698 1956 5733 eos
1985 5680 2205 5735 doceret
2240 5696 2346 5734 non
2378 5681 2579 5735 ell'erri.

1843 5771 1996 5826 VEtts.
2026 5773 2115 5836 29,
2146 5772 2233 5826 50.
2270 5790 2286 5821 ι
2333 5770 2589 5840 Nunquid
2624 5772 2829 5828 ‘omncs
2859 5772 3133 5841 apostoli?
3167 5772 3314 5827 Nun-
