4230 6438
841 411 946 470 δῖἆ

2045 408 2104 465 S.
2132 401 2451 465 JOANNIS
2488 403 2916 466 DAMASCENI

3943 406 4046 466 676

841 519 976 587 quid
1033 535 1223 575 omnes
1261 518 1570 589 praphetae?
1599 515 1846 586 nunquid
1877 528 2070 568 omnes
2105 509 2396 565 doctores?
2425 515 2469 570 Α
2500 528 2511 580 ι

2373 509 2469 570 ΤΑ
2500 512 2576 582 μὴ
2619 515 2818 578 πάντες
2853 516 3201 581 διδάσκαλοι;
3252 515 3328 586 μὴ
3380 515 3580 578 πάντες
3619 513 3874 583 δυνάμεις
3904 530 3920 579 ἰ
3969 515 4043 584 μὴ

840 610 1088 678 nunquid
1120 625 1312 663 omnes
1360 608 1641 663 virtutes?
1678 605 1928 676 nunquid
1959 617 2153 657 omnes
2175 601 2386 670 gratias

843 701 1043 756 habent
1095 701 1479 755 curationum?
1525 697 1774 767 nunquid
1829 707 2024 748 omnes
2073 692 2278 760 linguis
2311 689 2391 744 lo-

839 792 1118 860 quuntur?
1151 790 1402 860 nunquid
1424 803 1616 842 omnes
1658 781 2138 854 interpretantur?
2169 799 2188 831 ι

907 881 1044 947 Quia
1078 883 1374 936 verisimile
1407 887 1526 934 erat
1556 894 1652 932 eos
1690 877 1785 947 qui
1837 875 1952 928 haec
1989 871 2265 932 audirent,
2306 869 2393 922 di-

843 982 1068 1026 cturos:
1112 970 1289 1026 Eccur
1321 986 1450 1025 vero
1475 985 1582 1024 non
1620 968 1746 1022 facti
1789 979 1983 1019 sumus
2009 960 2287 1032 apostoli?
2314 960 2390 1012 ita

841 1064 1089 1132 loquitur
1112 1062 1503 1115 vehementiori
1530 1074 1813 1114 sermone:
1838 1057 1970 1126 quin
1995 1063 2049 1109 et
2075 1054 2130 1108 id
2160 1067 2385 1108 rursum

835 1154 1087 1221 exemplo
1121 1151 1374 1220 corporis
1399 1151 1710 1204 confirmat.

909 1243 1072 1298 Vsus.
1105 1245 1193 1298 51.
1238 1263 1255 1295 ι
1291 1241 1647 1297 )Emulamini
1678 1241 2011 1295 charismata
2049 1239 2302 1293 meliora.
2325 1235 2393 1291 Et

837 1336 1016 1390 adhuc
1045 1336 1492 1391 excellentiorem
1525 1335 1684 1387 vobis
1702 1333 1842 1385 viam
1871 1331 2215 1386 demonstro.
2255 1347 2277 1382 ι

1448 1423 1600 1476 CAP.
1645 1421 1786 1477 XIII.

907 1515 1070 1571 Vens.
1111 1518 1164 1578 l,
1187 1518 1241 1572 ὅ.
1278 1535 1296 1567 ι
1333 1515 1390 1569 Si
1419 1515 1620 1580 linguis
1652 1511 1930 1566 hominum
1963 1509 2159 1578 loquar
2197 1514 2254 1561 et
2291 1521 2393 1560 an-

836 1609 1081 1676 gelorqu
1095 1649 1108 1671 ,
1127 1610 1448 1662 charitatem
1468 1612 1648 1658 autem
1674 1617 1783 1657 non
1807 1597 2257 1661 habuero,factus
2272 1612 2393 1652 sum

834 1700 986 1753 velut
1012 1715 1087 1754 tes
1119 1714 1350 1764 sonans,
1373 1707 1466 1751 aut
1489 1695 1802 1766 cymbalqu
1826 1691 2091 1744 tinniens.
2131 1689 2199 1742 Et
2217 1689 2264 1742 si
2295 1687 2394 1740 ha-

835 1793 1006 1846 buero
1037 1791 1405 1861 prophetiam,
1441 1797 1498 1844 et
1531 1787 1778 1842 noverim
1814 1783 2080 1855 mysteria
2106 1782 2313 1848 omnia,
2333 1789 2388 1836 et

2492 608 2692 669 πάντες
2743 609 3054 677 χαρίσματα
3108 608 3323 677 ἔχουσιν
3382 606 3652 676 ίαμάτων;
3717 607 3792 676 μὴ
3851 605 4048 668 πάντες

2493 699 2766 767 γλώσσαις
2817 699 3067 766 λαλοῦσι;
3107 698 3183 770 μὴ
3217 699 3414 762 πάντες
3443 697 3912 770 διερμηνεύουσινς
3954 716 3974 748 ι

2573 877 2792 948 Ἐπειδὴ
2835 878 2981 940 εἰκὸς
3020 873 3089 948 ἦν
3127 877 3300 931 ταῦτα
3347 877 3680 940 ἀκούσαντας
3706 875 3902 944 λέγειν,
3933 876 4041 928 Καὶ

2491 964 2580 1018 διά
2602 965 2655 1018 τί
2685 966 2761 1036 μὴ
2785 968 2981 1030 πάντες
3001 966 3283 1020 ἀπόστολοι
3305 966 3628 1037 ὲγενόμεθας
3653 965 3822 1018 Τοῦτό
3849 981 4038 1034 φησιν,

2494 1057 3020 1129 ἐπιπληκτικώτερον
3043 1057 3321 1130 χρώμενος
3348 1059 3425 1130 τῷ
3449 1061 3590 1130 λόγῳ
3605 1074 3620 1087 ⁸
3668 1057 3762 1112 καὶ
3785 1057 3944 1110 τοῦτο
3979 1057 4044 1109 ὲκ

2489 1148 2585 1201 τοῦ
2620 1149 2868 1218 σώματος
2900 1149 3061 1202 πάλιν
3109 1151 3530 1215 κατασκευάζει.

2567 1257 2587 1292 ι
2625 1239 2856 1310 Ζηλοῦτε
2879 1239 2948 1293 τὰ
2980 1240 3289 1311 χαρίσματα
3317 1241 3387 1296 τὰ
3423 1240 3665 1312 μείζονα,
3697 1240 3791 1294 καὶ
3817 1238 3899 1292 ἔτι
3928 1235 4050 1290 καθ’

2493 1331 2796 1404 ὑπερϐολὴν
2819 1332 2936 1386 ὁδὸν
2960 1333 3088 1403 ὑμῖν
3119 1333 3387 1403 δείκνυμι.
3422 1353 3442 1384 ι

3080 1427 3329 1480 ΚΕΦΑΛ.
3369 1427 3468 1480 II".

2572 1512 2698 1566 Ἐὰν
2719 1516 2841 1578 ταῖς
2869 1511 3139 1583 γλώσσαις
3173 1515 3282 1568 τῶν
3307 1515 3606 1586 ἀνθρώπων
3626 1513 3769 1568 λαλῶ
3817 1515 3913 1569 καὶ
3941 1513 4051 1568 τῶν

2492 1602 2762 1670 ἀγγέλων,
2783 1603 3003 1675 ἀγάπην
3044 1603 3104 1658 δὲ
3153 1603 3230 1675 μὴ
3266 1603 3393 1674 ἔχω,
3423 1604 3622 1673 γέγονα
3659 1603 3856 1673 χαλκὸς
3900 1602 4050 1673 ἠχῶν

2492 1694 2526 1764 ἢ
2556 1695 2837 1764 κύμϐαλον
2866 1694 3152 1760 ἀλαλάζον.
3179 1696 3289 1748 Καὶ
3319 1695 3414 1748 έάν
3441 1696 3548 1766 ἔχω
3577 1695 3933 1767 προφητείαν,
3957 1694 4053 1748 καὶ

2493 1785 2588 1838 ίδω
2612 1787 2680 1840 τά
2709 1787 2986 1858 μυστήρια
3033 1787 3268 1851 ἅπαντα,
3311 1787 3409 1840 καὶ
3449 1788 3630 1840 πᾶσαν
3677 1787 3776 1856 τὴν
3823 1785 4051 1854 γνῶσιν.

833 1858 1051 1937 omnem
1083 1858 1368 1938 scientiam
1388 1900 1403 1947 ;
1426 1890 1480 1935 et
1512 1880 1558 1934 si
1593 1879 1836 1932 habuero
1863 1890 2078 1930 omnem
2105 1873 2286 1937 fidem,
2318 1874 2394 1927 ita
2423 1858 2468 1914 Β
2497 1894 2503 1930 :

2380 1889 2394 1927 l
2423 1858 2468 1914 Β
2497 1878 2591 1930 καὶ
2617 1877 2714 1930 ὲάν
2745 1877 2854 1948 ἔχω
2893 1879 3074 1931 πᾶσαν
3119 1878 3221 1949 τὴν
3260 1878 3462 1942 πίστιν,
3494 1877 3634 1931 ὥστε
3663 1879 3762 1948 δρη
3791 1876 4050 1948 μεθιστά-

834 1983 892 2026 ut
923 1984 1140 2027 montes
1181 1972 1538 2030 transferam,
1566 1969 1890 2023 charitatem
1921 1974 2104 2021 autem
2138 1979 2246 2019 non
2284 1965 2380 2018 ha-

834 2064 1026 2127 buero,
1056 2064 1196 2117 nihil
1223 2080 1367 2118 sum.
1395 2062 1458 2116 Et
1481 2063 1526 2115 si
1549 2061 1886 2115 distribuere
1911 2059 1966 2112 in
1999 2058 2154 2112 cibos
2185 2071 2392 2127 paupe-

834 2169 955 2206 rum
998 2169 1189 2208 omnes
1224 2153 1515 2207 facultates
1549 2167 1722 2212 tneas,
1782 2158 1836 2203 et
1868 2149 1913 2204 si
1953 2147 2236 2202 tradidero
2271 2161 2393 2201 cor-

841 2260 943 2312 pus
968 2262 1150 2299 meum
1188 2246 1260 2299 ita
1294 2255 1354 2298 ut
1395 2247 1656 2308 ardeam;
1689 2242 2014 2296 charitatem
2048 2248 2230 2295 autem
2283 2255 2394 2294 non

835 2335 1100 2396 habuero,
1126 2333 1263 2386 nihil
1302 2333 1434 2386 tnibi
1467 2331 1712 2402 prodest.
1754 2349 1772 2381 ι

906 2445 1031 2500 “me
1061 2446 1191 2498 dum
1249 2446 1514 2514 loquitur,
1578 2444 1820 2498 insinuat
1874 2442 2087 2511 culpam
2132 2442 2380 2512 ipsorum

839 2537 1008 2592 fuisse
1039 2545 1098 2590 ut
1138 2538 1352 2590 minora
1408 2536 1748 2606 accipereut.
1792 2545 1845 2587 et
1892 2549 1989 2602 per
2027 2533 2178 2603 ipsos
2225 2545 2393 2600 stare,

836 2628 1034 2682 altiora
1058 2629 1342 2698 consequi,
1375 2629 1421 2683 si
1441 2629 1633 2682 velint.
1668 2627 1834 2696 Atqui
1860 2627 2102 2680 charitas
2133 2626 2394 2680 omnibus

834 2720 996 2774 donis
1024 2719 1385 2773 excellentior
1417 2726 1524 2772 est.
1574 2717 1630 2772 ld
1661 2719 1808 2788 quod
1839 2717 2064 2779 evincit,
2095 2731 2388 2786 compara-

835 2811 986 2863 tione
1025 2808 1169 2863 facta
1206 2810 1354 2862 illius
1385 2809 1453 2863 ad
1483 2819 1676 2863 caetera
1708 2807 1873 2874 dona,
1904 2823 2025 2878 qua:
2060 2807 2179 2860 sine
2211 2806 2397 2860 chari-

838 2909 947 2953 tate
993 2901 1130 2953 nihil
1185 2901 1412 2954 omnino
1451 2907 1598 2954 sunt.
1629 2898 1697 2952 At
1727 2899 1849 2952 vide
1879 2913 1989 2969 qua
2033 2897 2250 2952 ratione
2290 2898 2397 2952 hoc

839 2992 1016 3062 ipsum
1043 2991 1262 3060 probat.
1295 2990 1413 3044 Non
1449 2991 1597 3045 enim
1631 2991 1808 3046 dixit:
1840 2989 1898 3044 Si
1930 2989 2101 3044 sciam
2144 2990 2393 3059 linguas;

838 3081 966 3132 sed:
1010 3078 1068 3131 Si
1097 3080 1290 3145 linguis
1333 3079 1642 3150 angelorum
1681 3081 1890 3147 loquar.
1925 3078 2037 3133 Nec
2068 3080 2394 3148 simpliciter

2497 1984 2630 2032 νειν,
2659 1968 2880 2039 ἀγάπην
2915 1968 2974 2022 δὲ
3017 1967 3092 2040 μὴ
3145 1968 3272 2038 ἐχω,
3300 1967 3455 2021 οὐθέν
3487 1969 3622 2038 ειμι.
3652 1967 3772 2020 Κάν
3818 1966 4054 2037 ψωμίσω

2497 2057 2677 2112 πάντα
2703 2058 2772 2112 τὰ
2789 2059 3104 2131 ὑπάρχοντά
3132 2077 3254 2130 μου,
3283 2059 3385 2113 κάν
3412 2058 3636 2130 παραδῶ
3662 2059 3724 2112 τὸ
3748 2058 3910 2130 σῶμά
3925 2076 4054 2129 μου,

2500 2151 2586 2205 ἵνα
2627 2153 3007 2225 καυθήσωμαι,
3039 2155 3261 2226 ἀγάπην
3308 2153 3364 2208 δὲ
3404 2155 3479 2228 μὴ
3523 2155 3652 2226 ἔχω,
3705 2153 3856 2208 οὐδὲν
3906 2154 4055 2223 ὠφε-

2497 2243 2716 2314 λοῦμαι.
2756 2264 2778 2298 ›

2569 2442 2740 2496 Τοῦτο
2766 2444 2957 2510 εἰπὼν,
2990 2443 3209 2516 ᾐνίξατο
3235 2445 3442 2510 αἰτίους
3481 2446 3639 2506 δντας
3677 2443 3770 2498 τοῦ
3791 2444 3858 2498 τὰ
3889 2444 4054 2498 ὲλάσ-

2501 2552 2632 2589 σονα
2671 2536 2988 2606 λαμὸάνειν,
3045 2539 3139 2591 καὶ
3187 2526 3425 2610 κυρίους,
3464 2541 3514 2592 εί
3547 2538 3835 2609 βούλοιντο,
3861 2539 3957 2592 τοῦ
3988 2539 4057 2592 τά

2501 2627 2744 2698 μείζονα.
2780 2630 2936 2684 Ἐστι
2963 2629 3021 2684 δὲ
3043 2630 3176 2685 πολὺ
3201 2632 3400 2702 μείζων
3431 2633 3466 2702 ἡ
3492 2632 3676 2703 ἀγάπη
3705 2632 3923 2686 πάντων
3944 2632 4058 2686 τῶν

2497 2721 2867 2792 χαρισμάτων.
2899 2723 3317 2786 Κατασκευάζει
3340 2723 3398 2776 δὲ
3428 2723 3587 2777 τοῦτο
3629 2723 3722 2776 καὶ
3768 2724 3867 2794 τὴν
3918 2723 4056 2792 σύγ-

2495 2828 2676 2881 κρισιν
2701 2812 2933 2878 δεικνὺς,
2961 2813 3037 2876 ὡς
3071 2813 3249 2868 πάντα
3289 2814 3358 2867 τὰ
3385 2813 3517 2868 ἄλλα
3556 2815 3871 2886 χαρίσματα
3901 2815 4059 2868 οὐδέν

2496 2904 2611 2955 ἐστι
2633 2905 2730 2975 τῆς
2769 2903 2988 2974 ἀγάπης
3014 2904 3277 2973 ἀπούσης.
3314 2907 3456 2974 Ὅρα
3485 2906 3542 2959 δὲ
3573 2906 3688 2968 πῶς
3719 2904 3850 2959 αὐτὸ
3879 2922 4059 2958 κατα-

2499 2996 2768 3060 σκευάζει.
2801 2996 2876 3049 Ού
2927 2996 3034 3068 γὰρ
3069 2993 3242 3058 εἶπεν,
3311 2996 3438 3051 Ἐἀν
3475 2997 3569 3050 ἴδω
3604 2996 3881 3066 γλώσσας,
3938 2997 4060 3052 ἀλλ’

2509 3086 2646 3140 Ἐὰν
2689 3086 2819 3152 ταῖς
2847 3087 3152 3157 γλώσσαις
3184 3087 3301 3142 τῶν
3321 3088 3586 3159 ἀγγέλων
3608 3087 3794 3143 λαλῶ.
3824 3089 3934 3142 Καὶ
3958 3089 4060 3141 ούκ

839 3169 948 3221 ait:
976 3167 1032 3222 Si
1060 3169 1486 3238 prophetavero;
1516 3170 1612 3225 sed
1656 3187 1670 3222 :
1703 3169 1763 3224 Si
1798 3171 2030 3224 noverim
2071 3172 2251 3224 omnia
2284 3187 2392 3241 my-
2422 3205 2466 3264 ο
2499 3196 2509 3230 ι

2391 3202 2392 3208 η
2422 3205 2466 3264 C
2499 3175 2651 3231 εἶπεν
2677 3179 2884 3243 ἁπλῶς,
2901 3179 3026 3234 Ἐὰν
3051 3182 3398 3250 προφητεύω,
3430 3181 3544 3234 ἀλλ’
3573 3181 3705 3235 Ἐὰν
3729 3181 3832 3234 ιδω
3848 3168 3924 3234 τά
3945 3198 4061 3250 μυ·

838 3260 1022 3320 ειετὶα,
1053 3269 1101 3311 et
1138 3275 1338 3312 omnem
1368 3261 1662 3324 scientiam,
1719 3277 1845 3314 cum
1882 3261 2186 3316 intensione
2215 3261 2380 3314 nimi-

839 3365 982 3411 rum,
1017 3357 1074 3403 et
1130 3349 1396 3417 augendo.
1444 3351 1631 3420 Neque
1672 3365 1890 3404 rursum
1934 3351 2104 3404 dicit:
2140 3351 2299 3420 109
2331 3350 2390 3405 Si

837 3440 1041 3493 dedero
1079 3439 1375 3493 facultates
1403 3454 1593 3504 meas;
1624 3439 1755 3494 sed:
1793 3437 1853 3493 Si
1875 3439 2198 3492 distribuero
2232 3442 2286 3492 in
2313 3441 2391 3492 ci-

838 3533 952 3595 bos,
992 3539 1052 3582 ttt
1088 3531 1334 3598 sumptui
1369 3530 1742 3584 ministerium
1767 3529 2049 3598 adjungat.
2082 3532 2208 3584 Haec
2230 3531 2395 3599 igitur

837 3623 1024 3675 omnia
1053 3621 1300 3691 augendo
1322 3636 1641 3686 recensens,
1659 3621 1924 3677 charitate
1945 3622 2104 3691 longe
2125 3621 2396 3677 deteriora

842 3713 1110 3766 exsistere
1145 3713 1411 3766 ostendit.
1448 3713 1818 3778 Quamobrem
1861 3713 1908 3767 si
1952 3729 2272 3782 magnorum
2301 3715 2400 3767 do-

838 3818 1034 3858 norum
1095 3803 1282 3874 cupidi
1331 3803 1501 3865 estis,
1582 3803 1800 3874 inquit,
1854 3803 2116 3858 cbaritati
2175 3817 2398 3872 operam

837 3894 987 3946 tlatc.

908 4004 1166 4072 Apprime
1211 4011 1359 4058 recte
1410 4004 1732 4059 charitatem
1765 4004 1925 4058 donis
1965 4020 2088 4060 esse
2136 4005 2397 4076 majorem

836 4093 1012 4146 docet.
1054 4091 1125 4143 Ea
1154 4093 1356 4162 quippe
1381 4094 1750 4148 scissurarutu
1777 4107 1953 4149 causa:
1991 4094 2245 4150 fuerant:
2287 4096 2402 4151 ha‘c

835 4192 1014 4237 autem
1047 4184 1374 4239 dissidentes
1402 4186 1701 4257 coujungit.

908 4293 1122 4350 Videsis
1154 4295 1298 4350 unde
1331 4297 1589 4364 incipiat;
1647 4297 1716 4351 ab
1765 4297 1859 4352 illo
1889 4297 2197 4367 linguarum
2232 4298 2398 4365 dono,

835 4387 978 4456 quod
1017 4402 1268 4456 magnum
1295 4387 1428 4456 ipsis
1458 4388 1760 4442 videbatur.
1793 4389 1936 4455 Quin
1970 4405 2080 4444 non
2111 4391 2272 4444 modo
2299 4392 2401 4444 lin-

837 4495 972 4548 guas
1010 4477 1290 4531 hominum
1337 4479 1540 4548 posuit,
1588 4494 1774 4534 verum
1819 4487 1875 4533 et
1920 4480 2258 4549 angelorum.
2297 4479 2397 4535 llic

835 4583 1000 4637 porro
1042 4568 1277 4636 linguam
1323 4569 1624 4622 nominavit
1666 4570 2018 4638 angelorum,
2079 4585 2185 4624 non
2216 4580 2275 4623 ut
2302 4586 2399 4625 an-

837 4660 972 4726 gelis
1026 4658 1243 4726 allingat
1288 4675 1526 4729 corpus:
1563 4660 1657 4714 sed
1699 4660 1816 4725 ejus
1867 4661 2153 4714 verborum
2207 4677 2400 4718 sensus

840 4751 940 4802 iste
975 4758 1096 4804 est:
1131 4748 1355 4804 Etiamsi
1380 4750 1568 4804 eodem
1597 4753 1755 4804 modo
1779 4753 2053 4820 loquerer,
2084 4769 2192 4822 quo
2225 4756 2397 4823 angeli

837 4840 979 4893 inter
1028 4854 1086 4893 se
1133 4839 1474 4894 confabulari
1531 4841 1727 4895 solent.
1768 4842 1926 4896 Velut
1982 4843 2108 4896 dum
2168 4844 2288 4898 ait:
2334 4844 2401 4896 Ei

836 4931 1080 4998 ﬂectatur
1111 4948 1259 4985 omne
1283 4949 1437 5001 genu,
1457 4935 1769 4995 caelestium,
1794 4942 1843 4986 et
1865 4936 2216 4999 terrestrium,
2242 4944 2290 4988 et
2318 4935 2400 4987 in-

837 5022 1104 5090 fernarum
1125 5039 1142 5084 ;
1176 5039 1278 5075 non
1313 5024 1390 5076 sic
1423 5022 1569 5076 fatur
1598 5033 1656 5076 ut
1696 5030 1874 5093 genua
1924 5025 2125 5092 angelis
2164 5033 2217 5077 et
2272 5039 2398 5079 ossa

838 5114 1116 5176 attribuat,
1189 5113 1283 5166 sed
1337 5113 1592 5166 eximiam
1651 5113 2021 5167 adorationem
2091 5115 2398 5183 significare

838 5202 974 5265 vult,
1003 5200 1320 5255 consuetum
1358 5201 1515 5256 nobis
1558 5201 1800 5254 habitum
1831 5203 2078 5270 corporis
2110 5205 2398 5257 enuntian-

839 5293 928 5346 do.
963 5293 1054 5345 Sic
1097 5293 1280 5346 ethoc
1312 5291 1430 5344 loco
1470 5291 1724 5345 familiari
1770 5293 1926 5346 nobis
1974 5295 2184 5346 ratione
2211 5304 2395 5347 mutua

840 5383 1152 5452 angelorum
1189 5382 1458 5451 colloquia
1491 5381 1680 5437 volens
1701 5382 2029 5450 exprimere,
2063 5382 2258 5452 lingua:
2291 5398 2393 5437 no-

842 5489 962 5525 men
991 5472 1291 5542 usurpavit.

911 5583 1076 5638 Vens.
1103 5584 1156 5638 ι.
1198 5601 1217 5633 ι
1246 5581 1495 5637 Charitas
1522 5582 1736 5650 patiens
1767 5589 1874 5637 est.
1909 5601 1927 5633 ι

910 5675 1168 5737 Observa,
1223 5673 1496 5741 quomodo
1543 5673 1682 5726 hanc
1714 5674 1896 5727 statim
1929 5680 2117 5743 ponat,
2150 5672 2392 5727 omnium

805 5763 1104 5823 bonorum
1167 5763 1626 5820 honestissimum.
1687 5762 1894 5836 Ecquid
1952 5779 2080 5821 vero
2127 5765 2232 5820 hoc
2280 5765 2396 5820 est?

2497 3267 2716 3335 στήρια
2749 3269 2944 3323 πάντα
2966 3271 3063 3324 καί
3086 3270 3291 3325 πᾶσαν
3320 3271 3434 3338 τὴν
3471 3271 3716 3340 γνῶσιν,
3751 3270 3894 3341 μετά
3935 3272 4061 3324 ἑπι-

2493 3363 2717 3424 τάσεως.
2776 3363 2885 3414 Καὶ
2929 3363 3031 3414 οὐκ
3083 3358 3226 3425 εἷπε,
3280 3363 3366 3415 Δῶ
3417 3364 3484 3415 τὰ
3539 3364 3870 3434 ὑπάρχοντα.
3920 3362 4064 3415 ἀλλά

2495 3449 2763 3518 ψωμίσω,
2797 3451 2884 3502 ἴνα
2916 3450 3051 3521 πρὸς
3085 3453 3151 3521 τῇ
3179 3451 3392 3522 δαπάνη
3435 3452 3531 3504 καὶ
3572 3451 3813 3505 διακονία
3851 3454 4060 3522 προσῇ.

2497 3545 2679 3599 Πάντα
2719 3543 2813 3598 οὖν
2855 3548 2971 3615 μετ’
3029 3548 3330 3610 ὲπιτάσεως
3375 3547 3582 3613 δείξαςί,
3630 3546 3872 3600 δείκνυσι
3919 3547 4061 3600 πολὺ

2496 3637 2693 3706 ἥττονα
2743 3637 2844 3706 τῆς
2893 3638 3131 3706 ἀγάπης.
3176 3638 3337 3692 Ὥστε
3386 3640 3432 3691 εί
3483 3639 3733 3708 μεγάλων
3779 3640 4063 3710 χαρισμά-

2495 3744 2602 3780 των
2631 3730 2812 3798 ἐρᾶτε,
2840 3729 2941 3798 τὴν
2961 3730 3180 3799 ἀγάπην
3207 3729 3576 3800 ἐπιτηδεύετε,
3599 3730 3752 3800 φησί.

2568 4016 2806 4078 Εἰκότως
2848 4015 3047 4086 μείζων
3082 4014 3190 4067 τῶν
3216 4015 3569 4086 χαρισμάτων
3595 4017 3629 4086 η
3656 4014 3846 4086 ἀγάπη
3872 4031 3886 4044 ⁸
3919 4015 3978 4068 εἶ’
3999 4033 4065 4084 γε

2498 4108 2671 4162 ταῦτα
2704 4107 2802 4178 μὲν
2833 4107 3126 4178 διέσχισαν,
3158 4106 3297 4176 αὕτη
3335 4107 3392 4160 δὲ
3421 4109 3534 4160 ἑνοῖ
3560 4106 3685 4170 τοὺς
3709 4107 4064 4172 διαστάντας.

2569 4293 2710 4365 Ὀρα
2740 4294 2901 4347 πόθεν
2941 4295 3190 4365 ἄρχεται,
3218 4293 3325 4347 ἀπὸ
3358 4293 3454 4348 τοῦ
3492 4293 3727 4365 μεγάλου
3773 4295 4065 4362 δοκοῦντος

2499 4387 2631 4454 παρ’
2661 4387 2842 4449 αὐτοῖς
2893 4385 2987 4438 τοῦ
3030 4387 3139 4438 τῶν
3179 4385 3460 4454 γλωσσῶν,
3511 4387 3604 4440 καὶ
3647 4388 3708 4442 ού
3761 4389 3924 4458 μόνον
3953 4391 4066 4444 τῶν

2501 4475 2823 4547 ἀνθρώπων,
2843 4476 2978 4530 ἀλλά
3004 4477 3097 4528 καὶ
3121 4475 3229 4529 τῶν
3253 4476 3517 4544 ἀγγέλων.
3542 4477 3793 4531 Γλῶτταν
3814 4481 3872 4533 δὲ
3895 4483 4067 4549 ἀγγέ-

2499 4566 2606 4620 λων
2633 4567 2887 4632 ἐνταῦθα,
2914 4568 3034 4637 οὐχὶ
3074 4568 3231 4637 σῶμα
3274 4567 3516 4640 περιθεὶς
3542 4570 3813 4637 ἀγγέλοις.
3859 4573 4007 4627 ’Δλλ’
4037 4575 4067 4628 δ

2500 4659 2647 4725 λέγει
2681 4659 2918 4711 τοιοῦτόν
2955 4662 3092 4711 ἐστι’
3138 4659 3254 4711 Κάν
3291 4659 3432 4712 οὕτω
3476 4659 3818 4730 φθέγγωμαι,
3857 4663 3936 4728 ὡς
3977 4667 4064 4720 νό-

2504 4767 2602 4818 μος
2637 4750 2888 4816 ἀγγέλοις
2933 4750 3068 4820 πρὸς
3109 4750 3370 4820 ἀλλήλους
3404 4750 3758 4818 διαλέγεσθαι.
3803 4753 3895 4815 Ὠς
3935 4757 4066 4809 ὅταν

2499 4840 2654 4912 λέγῃ,
2675 4842 2755 4894 ὅτι
2783 4841 2952 4906 Αὐτῷ
2982 4841 3198 4910 κάμψει
3240 4841 3361 4896 πᾶν
3391 4845 3536 4912 γόνυ
3565 4843 3943 4912 ἐπουρανίων
3965 4851 4064 4903 καὶ

2498 4933 2769 5000 ἐπιγείων
2812 4933 2911 4985 καὶ
2977 4933 3398 5001 καταχθονίων,
3451 4934 3510 4986 οὐ
3548 4935 3750 5001 γόνατα
3787 4937 3885 4988 καὶ
3927 4939 4064 4991 ὀστᾶ

2500 5022 2796 5092 περιτιθεὶς
2818 5024 2928 5084 τοῖς
2957 5022 3206 5089 ἀγγέλοις
3229 5023 3402 5076 ταῦτα
3427 5024 3597 5090 λέγει,
3649 5024 3786 5077 ἀλλά
3805 5027 3911 5095 τὴν
3936 5029 4060 5080 ἐπι-

2497 5113 2800 5181 τεταμένην
2821 5114 3186 5185 προσκύνησιν
3210 5113 3296 5166 διά
3328 5113 3420 5166 τοῦ
3454 5115 3584 5184 παρ’
3616 5116 3746 5184 ἡμῖν
3774 5118 4061 5186 σχήματος

2497 5201 2798 5265 αίνίξασθαι
2859 5201 3124 5270 βούλεται.
3174 5202 3326 5254 Οὕτω
3364 5203 3456 5254 καὶ
3491 5201 3720 5255 ἐνταῦθα
3762 5205 4062 5272 γλῶσσαν

2496 5293 2739 5357 ἐκάλεσε,
2760 5294 2861 5363 τὴν
2886 5294 3019 5362 πρὸς
3047 5294 3308 5363 ἀλλήλους
3333 5294 3510 5346 αὐτῶν
3554 5294 3770 5362 ὁμιλίαν
3803 5295 3888 5365 τῷ
3916 5315 4057 5365 γνω-

2499 5384 2641 5455 ρίμῳ
2680 5384 2806 5453 παρ’
2831 5385 2962 5454 ἡμῖν
2991 5385 3173 5453 τρόπῳ
3204 5384 3535 5451 ἐνδείξασθαι
3569 5384 3914 5456 βουλόμενος.

2569 5598 2590 5632 ι
2635 5579 2696 5634 'H
2726 5581 2916 5649 ἀγάπη
2947 5580 3304 5651 μακροθυμεῖ.
3339 5599 3358 5630 ι

2564 5672 2783 5735 Σκόπει,
2835 5670 2952 5734 πῶς
3011 5665 3224 5740 πρῶτον
3271 5671 3440 5739 αὐτὴν
3496 5670 3672 5740 τίθησι
3723 5673 3784 5725 τὸ
3837 5675 4042 5728 πάντων

2494 5763 2836 5817 ἀστειότατον
2861 5762 2970 5816 τῶν
3001 5762 3237 5830 ἀγαθῶν.
3277 5761 3341 5818 Τί
3371 5762 3426 5816 δὲ
3458 5761 3614 5816 τοῦτό
3650 5765 3798 5830 icti;
3846 5781 4039 5836 μακροο
