4230 6438
174 424 277 485 877

1332 425 1408 482 ΙΝ
1444 424 1680 482 EPIST.
1710 425 1808 482 AD
1847 425 2200 484 CORINTII.
2238 427 2282 482 i.

3293 422 3399 487 678

172 537 369 604 θυμία;
400 534 493 585 καὶ
520 532 625 602 γὰρ
656 532 817 585 ὅπλον
843 532 989 585 ἐστὶν
1015 532 1223 603 ἄμαχον
1246 535 1422 587 πάντα
1441 533 1725 603 διακρουό-
1757 546 1804 596 Α
1832 550 1842 603 ι

1757 535 2092 603 Αρειιίρηιίιι
2177 535 2610 607 inexpugnabilis
2681 535 2838 602 plane
2917 544 3194 590 armatura
3267 546 3396 605 est,

173 640 335 693 μενον
365 623 433 674 τὰ
468 621 685 691 λυπηρᾶ
711 621 905 691 ῥᾳδίως
930 622 963 691 ἡ
994 623 1362 693 μακροθυμία.

240 713 607 783 Μακροθυμία
644 714 701 767 δὲ
728 712 960 781 λέγεται,
988 712 1077 766 διὰ
1112 714 1171 767 τὸ
1220 714 1437 784 μακράν
1479 730 1601 766 τινα
1643 712 1736 764 καὶ

174 805 417 876 μεγάλην
448 805 590 875 ἔχειν
625 805 820 877 ψυχήν.
861 806 935 857 Τὸ
962 804 1070 875 γὰρ
1100 806 1309 877 μακρὸν
1341 806 1436 858 καὶ
1472 805 1613 875 μέγα
1646 804 1734 856 λέ-

171 916 348 966 γεται.

249 1011 269 1043 ι
314 993 747 1064 Χρηστεύεταιή
786 994 992 1065 ἀγάπη.
1042 1009 1066 1048 ›

256 1084 476 1153 Ἐπειδὴ
527 1084 641 1137 ἐστι
684 1086 1053 1155 μακροθυμεῖν
1098 1086 1191 1140 καὶ
1236 1086 1327 1139 ὲπὶ
1365 1086 1425 1140 τὸ
1449 1086 1736 1160 διαρρῆξαι

167 1174 262 1226 τὸν
308 1175 547 1228 ἐναντίον
595 1177 938 1246 ἀποκρίσεως
1001 1176 1076 1247 μὴ
1132 1176 1486 1246 τυγχάνοντα,
1542 1178 1735 1231 τούτου

169 1266 351 1336 χάριν,
387 1268 540 1336 φησὶ,
579 1268 993 1334 χρηστεύεται,
1032 1269 1259 1337 Ὅμοιον
1287 1269 1343 1320 δὲ
1387 1269 1463 1331 ώς
1493 1271 1541 1321 εί
1569 1269 1734 1337 λέγοι,

168 1359 283 1411 Οὐκ
326 1358 417 1409 ἐπὶ
467 1356 545 1428 τῷ
579 1357 776 1427 πλῆξαι
828 1360 920 1413 τὸν
955 1358 1214 1423 ἐναντίον,
1240 1360 1355 1413 ἀλλ’
1381 1361 1474 1412 ἐπὶ
1515 1359 1592 1429 τῷ
1641 1379 1736 1413 κα-

168 1468 234 1503 τα
243 1450 498 1519 πραῧναι.

246 1562 263 1593 ι
310 1543 385 1594 Οὐ
410 1543 562 1611 ζηλοῖ
591 1543 624 1612 ἡ
655 1543 864 1612 ἀγάπη.
905 1562 924 1595 ι

251 1636 473 1704 Ἐπειδὴ
495 1635 607 1688 ἔστι
635 1637 727 1688 καὶ
758 1636 1109 1706 μακρόθυμον
1142 1631 1279 1690 εἶναι
1322 1636 1415 1689 καὶ
1448 1635 1731 1706 βάσκανον.

168 1728 280 1780 Καὶ
311 1726 474 1780 τοῦτο
492 1729 663 1780 ἐκεῖνο
682 1727 1049 1797 διαφθείρεται
1083 1729 1143 1781 τὸ
1174 1726 1502 1798 κατόρθωμα

244 1837 265 1868 ι
300 1818 377 1870 Ού
405 1805 825 1889 περπερεύεται.
872 1838 891 1870 ι

1838 642 1940 695 qua
1970 626 2195 680 molesta
2232 643 2456 696 qumque
2492 629 2641 683 nullo
2671 629 2885 697 negotio
2921 630 3330 699 propulsantur.

1906 718 2169 773 Cmterum
2220 720 2609 790 μακροθυμία,
2663 720 2779 774 sive
2841 720 3220 789 longanimitas
3268 720 3403 775 dici-

1839 813 1949 869 tur,
2007 810 2148 877 quod
2192 811 2404 878 longum
2448 803 2502 864 et
2552 827 2803 883 magnum
2860 812 3098 865 animum
3147 812 3401 882 pra‘beat.

1836 896 1972 952 Nam
2003 902 2143 969 quod
2178 902 2398 973 longum
2428 911 2536 966 est,
2574 920 2824 975 magnum
2852 920 3073 976 quoque
3112 905 3400 959 vocitatur.

1914 1010 1932 1042 ι
1973 991 2206 1061 Benigna
2240 1002 2324 1048 est
2350 994 2611 1049 charitas.
2646 1015 2664 1047 ι

1906 1083 2357 1154 Quandoquidem
2388 1088 2613 1157 patienti
2643 1103 2766 1144 esse
2795 1090 2979 1145 animo
3003 1099 3279 1155 censetur,
3310 1090 3403 1161 qui

1836 1175 1982 1227 nulla
2011 1176 2324 1230 adversario
2354 1181 2476 1233 data
2508 1181 2884 1248 responsione,
2913 1182 2966 1234 in
3002 1198 3166 1236 causa
3194 1191 3279 1238 est
3303 1174 3404 1238 eur

1838 1267 1929 1321 ille
1951 1266 2311 1336 dirumpatur,
2336 1285 2456 1324 eam
2484 1271 2553 1327 ob
2585 1289 2696 1327 rem
2721 1274 2817 1339 ait,
2862 1274 3085 1343 benigna
3118 1285 3219 1329 est.
3253 1276 3331 1329 Ac
3354 1276 3401 1329 si

1836 1359 1981 1412 dicat
2010 1377 2022 1411 :
2056 1375 2161 1412 non
2187 1364 2464 1417 multando
2491 1363 2765 1421 inimicum
2785 1367 3048 1438 patientes
3078 1368 3402 1434 sumus,sed

1837 1448 2154 1519 mitigando.

1912 1558 1931 1590 ι
1966 1539 2080 1594 Non
2114 1542 2398 1596 aemulatur
2431 1544 2692 1621 charitas.
2731 1565 2750 1597 ι

1905 1632 2039 1698 Quia
2086 1634 2352 1702 contingit
2380 1643 2467 1699 ut,
2501 1636 2594 1705 qni
2638 1638 2951 1705 patientiam
2999 1638 3234 1709 prmiert,
3265 1639 3404 1695 invi-

1835 1724 2023 1780 diosus
2060 1726 2148 1779 sit.
2183 1724 2296 1778 Hoc
2329 1729 2502 1782 virtus
2522 1729 2776 1783 destruit.

1912 1834 1931 1867 ι
1967 1815 2081 1869 Non
2115 1817 2223 1885 agit
2252 1834 2551 1887 perperam.
2591 1841 2609 1872 ι

238 1910 553 1973 Τουτέστιν,
600 1912 661 1963 οὐ
720 1913 1129 1981 προπετεύεται.
1190 1912 1301 1965 Καὶ
1342 1911 1451 1981 γὰρ
1512 1910 1731 1965 συνετὸν
1761 1904 1803 1959 Β
1901 1906 1908 1959 Ι

1761 1904 1803 1959 Β
1901 1906 2012 1961 Hoc
2041 1914 2145 1972 est,
2193 1909 2325 1961 nihil
2372 1911 2483 1977 agit
2528 1918 2751 1966 temere.
2780 1912 3106 1968 Prudentem
3158 1915 3301 1970 enim
3351 1925 3406 1971 et

166 2000 486 2070 ἐργάζεται,
516 2001 609 2053 καὶ
638 2000 827 2072 βαρὺν,
860 2003 953 2055 καὶ
984 2000 1305 2072 βεϐηκόται

242 2107 262 2140 ι
299 2092 377 2143 Ού
407 2091 709 2159 φυσιοῦται.
745 2111 764 2143 ι

236 2182 315 2232 Οὐ
350 2183 535 2249 φρονεῖ
565 2180 730 2250 μέγα,
774 2183 959 2253 φησὶν,
1000 2182 1093 2235 ἐπὶ
1126 2184 1240 2246 τοῖς
1295 2180 1731 2252 κατορθώμασιν,

163 2272 285 2325 οὐδὲ
312 2273 395 2335 εἰς
421 2271 577 2342 ὓϐριν
601 2272 902 2344 ἐπαίρεται.

240 2382 259 2414 ι
303 2364 421 2416 Οὐκ
444 2364 757 2434 ἀσχημονεῖ·
778 2367 839 2419 οὑ
869 2368 1021 2434 ζητεῖ
1043 2367 1111 2419 τὰ
1140 2367 1361 2435 ἑαυτῆς.
1395 2384 1425 2419 ι.

233 2454 321 2505 Τά
374 2456 605 2523 μεγάλα,
638 2457 807 2527 φησι,
841 2456 1180 2526 ἀδικούμενοι
1230 2461 1322 2510 καὶ
1367 2457 1732 2529 ὑϐριζόμενοι,

161 2545 262 2599 οὐκ
289 2548 677 2619 ἀσχημοσύνην
695 2549 756 2601 τὸ
780 2552 1012 2620 πρᾶγμα
1037 2549 1315 2621 ἡγοῦνται.

239 2758 259 2790 ι
307 2742 382 2794 Ού
418 2744 798 2813 παροξύνεται,
828 2746 890 2799 οὐ
930 2746 1221 2815 λογίζεται,
1254 2748 1313 2799 τὸ
1344 2748 1530 2801 κακόν.
1573 2764 1591 2797 ι

235 2830 381 2902 ’Ὁρα
422 2835 581 2888 πάλιν
609 2837 707 2907 τὴν
736 2839 955 2907 ἀγάπην
980 2839 1038 2890 οὐ
1078 2838 1384 2909 κρατοῦσαν
1408 2836 1735 2907 τῆς,κακία.ς

162 2924 350 2993 μόνον,
382 2926 498 2978 ἀλλ’
523 2928 643 2980 οὐδὲ
667 2929 893 2996 ἀφεῖσαν
919 2929 1089 2999 αὐτὴν
1122 2929 1385 2999 συστῆναι
1416 2928 1515 2998 τὴν
1540 2928 1733 2999 ἀρχήν.

160 3016 273 3067 Καὶ
306 3017 411 3068 οὐκ
437 3013 610 3083 εἶπεν,
644 3019 966 3091 Ἐργάζεται
995 3022 1055 3074 τὸ
1086 3021 1275 3088 κακὸν,
1304 3022 1441 3075 ἀλλ’.
1471 3020 1612 3075 οὐδὲ
1631 3024 1736 3074 λο-

157 3108 377 3179 τέξεται

238 3219 257 3249 ι
299 3198 380 3253 Oti
415 3200 595 3268 χαίρει
635 3200 729 3253 ἐπὶ
760 3204 825 3271 τῇ
863 3201 1066 3273 ἀδικίᾳ.
1108 3221 1126 3254 ι

230 3292 548 3353 Τουτέστιν,
575 3293 673 3344 οὐκ
698 3293 947 3363 ἐφήδεται
974 3296 1085 3357 τοῖς
1116 3294 1303 3357 κακῶς
1327 3295 1619 3369 πάσχουσι.

236 3485 254 3515 ι
292 3465 589 3535 Συγχαίρει
618 3466 674 3518 δὲ
700 3467 764 3535 τῇ
794 3465 1021 3536 ἀληθείᾳ
1040 3481 1054 3496 ⁶
1097 3466 1273 3520 πάντα
1306 3468 1507 3535 στέγει,
1549 3467 1727 3521 πάντα

157 3558 437 3612 πιστεύει.
478 3578 497 3609 ι

232 3651 550 3722 Συνήδεται,
592 3650 746 3720 φησὶ,
776 3651 887 3713 τοῖς
914 3649 1309 3721 εὐδοκιμοῦσιν.

237 3847 256 3878 ι
297 3828 489 3881 Πάντα.
519 3827 744 3889 ἐλπίζει.
787 3845 805 3877 ι

232 3919 422 3971 Πάντα
451 3920 684 3988 χρηστὰ,
710 3918 905 3988 φησίν·
936 3917 1035 3970 οὐκ
1062 3917 1428 3987 ἀπογινώσκει
1472 3916 1564 3970 τοῦ
1601 3918 1735 3985 ἀγα-

155 4026 246 4062 πω
254 4009 443 4079 μένου.

234 4122 254 4152 ι
299 4101 486 4154 Πάντα
517 4099 797 4169 ὑπομένει.
841 4119 859 4152 ι

229 4194 347 4262 Οὐχ
388 4192 575 4255 ἁπλῶς
604 4193 836 4258 ἐλπίζει,
871 4191 1007 4246 ἀλλά
1033 4193 1279 4245 πιστεύει
1318 4194 1382 4246 ὲκ
1405 4192 1499 4245 τοῦ
1529 4194 1733 4265 σφόδρα.

155 4284 357 4351 φιλεῖν.

235 4392 257 4425 ς
313 4374 377 4425 Ἡ
399 4374 590 4442 ἀγάπη
618 4372 869 4425 οὐδέποτε
898 4373 1173 4427 ἐκπίπτει.
1216 4392 1236 4425 ι

230 4465 549 4527 Τουτέστιν,
577 4465 637 4516 οὐ
672 4464 966 4530 διαλύεται,
1000 4465 1061 4517 οὐ
1096 4465 1463 4519 διακόπτεται.

234 4577 256 4609 ι
287 4556 413 4609 Εἴτε
444 4556 499 4609 δὲ
522 4558 844 4626 προφητεῖαι
868 4555 1396 4627 καταργηθήσονται,
1424 4556 1534 4609 εἴτε
1554 4556 1730 4624 γλῶσ-
1764 4570 1807 4623 1)

155 4666 253 4703 σαι
278 4649 601 4701 παύσονται.
650 4665 669 4698 ο

231 4742 296 4793 Εἰ
331 4742 445 4808 γὰρ
494 4738 779 4807 ἀμφότερα
816 4737 990 4790 ταῦτα
1019 4737 1204 4790 ἕνεκεν
1231 4738 1331 4807 τῆς
1358 4739 1594 4803 πίστεως
1617 4742 1731 4793 εἰσ-ο

159 4835 474 4899 ενήνεκται,
527 4830 734 4897 ταύτης
792 4828 1068 4897 πανταχοῦ
1107 4828 1522 4899 διασπαρείσηςν
1574 4833 1735 4899 ἀργεῖ

157 4926 371 4977 τούτων
402 4926 435 4992 ἡ
472 4923 629 4993 χρεία
655 4923 859 4975 λοιπόν.
913 4922 1051 4975 ’Λλλ’
1078 4922 1195 4974 οὐδὲ
1225 4923 1286 4974 τὸ
1310 4910 1528 4995 ἀγαπᾷν
1574 4925 1732 4993 ἀλλή-

155 5016 286 5079 λους
311 5016 600 5077 παύσεται,
648 5014 782 5066 ἀλλὰ
804 5016 896 5066 καὶ
918 5016 1272 5084 ἐπικρατήσει
1304 5013 1587 5084 μειζόνως,
1624 5018 1720 5070 καὶ

153 5108 419 5169 ἐνταῦθα,
454 5107 547 5159 καὶ
572 5107 649 5168 εἰς
675 5107 765 5157 τὸν
797 5107 1076 5176 μέλλοντα.

235 5220 257 5251 ς
289 5200 415 5253 Εἴτε
443 5197 673 5266 γνώσεις
708 5199 1231 5270 καταργηθήσονται.
1266 5201 1360 5253 Ἐκ
1392 5200 1589 5271 μέρους
1623 5200 1732 5271 γὰρ

155 5292 527 5359 γινώσκομεν,
550 5290 643 5344 καὶ
677 5291 740 5342 ὲκ
766 5290 963 5361 μέρους
995 5292 1433 5361 προφητεύομεν.
1473 5294 1644 5345 Ὅταν
1673 5292 1730 5345 δὲ

154 5381 290 5453 ἔλθῃ
313 5381 374 5433 τὸ
402 5379 623 5432 τέλειον.
655 5398 674 5429 ι

226 5474 342 5524 Καὶ
394 5471 521 5523 ποία
564 5471 761 5539 γνῶσις
791 5474 1241 5543 καταργεῖταιςή
1281 5475 1502 5543 μερική.
1549 5472 1730 5527 Ὅταν

154 5564 269 5635 γὰρ
307 5567 456 5630 ἔλθῃ
498 5564 563 5615 τὸ
588 5563 836 5627 τέλειον,
860 5566 1013 5633 φησί,
1048 5565 1113 5617 τὸ
1152 5565 1219 5617 ἐκ
1261 5566 1476 5633 μέρους
1513 5582 1727 5633 καταρ-

152 5656 503 5724 γηθήσεται.
581 5657 719 5725 Ὅρα
787 5657 842 5709 δὲ
917 5658 991 5720 ὡς
1041 5658 1132 5710 ἐπὶ
1194 5658 1585 5727 ὑποδείγματως
1638 5659 1728 5711 τὸν

156 5748 342 5814 λόγον.
398 5746 691 5814 Ἐσφάζετο
724 5748 1015 5819 πρόϐατον,
1060 5749 1301 5819 ἐχρίοντο
1331 5749 1407 5819 τῷ
1452 5750 1641 5819 αἵματι
1671 5752 1727 5802 αἱ

160 5836 545 5903 πύλαι,-ἀλλέι
594 5836 735 5909 αὕτη
781 5840 815 5909 ἡ
871 5839 1092 5907 γνῶσις,
1142 5838 1383 5903 ἐλθόντος
1437 5839 1531 5892 τοῦ
1594 5837 1723 5893 Υῐοῦ

1835 2014 2076 2068 gravem,
2110 2014 2173 2053 ac
2198 2008 2540 2055 cnnstantem
2572 2003 2771 2057 reddit.

1917 2109 1937 2141 ι
1976 2089 2091 2144 Non
2118 2090 2355 2146 inﬂatur.
2394 2111 2422 2144 ιΔ

1907 2181 2075 2236 Recte
2120 2181 2280 2236 factis
2319 2198 2428 2237 non
2464 2183 2735 2252 superbit,
2772 2200 2872 2239 nec
2911 2186 3225 2255 arrogantia
3256 2186 3405 2240 intu-

1835 2272 2001 2326 mesci
2014 2281 2050 2324 t.

1906 2359 2073 2418 Vsus.
2124 2364 2177 2417 Ei.
2218 2383 2236 2414 ι
2274 2363 2391 2419 Non
2444 2365 2808 2436 incomposite
2840 2369 2949 2437 agit
2983 2386 2998 2422 :
3032 2385 3155 2423 non
3212 2370 3407 2440 quaerit

1835 2471 1956 2525 qnze
1983 2472 2079 2509 sua
2121 2467 2266 2510 sunt.
2310 2476 2328 2507 ι

1906 2546 2007 2611 Qui
2055 2562 2274 2615 magnas
2324 2548 2553 2616 injurias
2583 2558 2636 2602 et
2668 2549 3028 2605 contumelias
3058 2550 3309 2619 tolerant,
3350 2551 3405 2608 id

1792 2684 1795 2687 .
1836 2638 2087 2693 dedecori
2122 2653 2227 2691 non
2264 2640 2531 2694 tribuunt.

1913 2744 1931 2777 ι
1973 2726 2089 2781 Non
2120 2726 2363 2781 irritatur
2392 2746 2405 2781 :
2442 2744 2545 2783 non
2575 2731 2778 2799 cogitat
2808 2710 3030 2786 malum.
3069 2750 3088 2784 ι

1908 2817 2104 2872 Videas
2144 2820 2341 2871 iterum
2372 2820 2694 2875 charitatem
2728 2838 2834 2875 non
2864 2824 3038 2879 solum
3086 2822 3287 2877 malitia
3315 2839 3408 2881 su-

1838 2915 2103 2982 periorem
2134 2928 2274 2977 esse,
2307 2913 2399 2968 sed
2430 2912 2527 2967 nec
2557 2915 2664 2982 pati
2692 2924 2751 2969 ut
2778 2915 2831 2968 in
2857 2915 3099 2983 ipsismet
3129 2916 3408 2986 principiis

1840 3005 2122 3059 consistat.
2154 3006 2321 3073 Atqui
2353 3020 2460 3059 non
2488 3005 2627 3059 dixit
2672 3024 2687 3061 :
2728 3021 2834 3061 non
2884 3015 3140 3076 Operatur
3178 3007 3404 3074 malum,

1840 3097 1958 3160 sed,
1996 3112 2096 3149 non
2130 3098 2353 3165 cogitat.

1910 3188 2077 3241 Vsus.
2109 3189 2161 3241 6.
2198 3206 2216 3237 ι
2248 3186 2364 3241 Νοιι
2391 3189 2589 3258 gaudet
2627 3204 2791 3258 super
2820 3189 3125 3258 iniquitate.
3167 3208 3187 3241 ι

1931 3234 2076 3241 “-““¹”
2114 3234 2161 3241 "
2206 3234 2216 3237 ‘
2248 3234 2364 3241 ""'
2391 3234 2589 3258 D""""'
2627 3234 2778 3258 "“l'v'
2820 3234 3125 3258 ""“I""‘"""
3167 3234 3183 3241 ’

1766 3234 1814 3298 c
1914 3276 1969 3331 ld
2033 3288 2158 3343 est,
2225 3294 2333 3333 non
2397 3280 2700 3334 delectatur
2761 3279 2994 3336 aliorum
3048 3282 3289 3339 miseriis
3351 3294 3407 3341 et

1843 3370 2026 3422 malis.

1915 3478 1933 3509 ι
1988 3461 2300 3532 Congaudet
2348 3471 2539 3514 autem
2583 3463 2820 3516 veritati.
2852 3452 3044 3539 [‘VEns.
3081 3464 3156 3539 7.]
3207 3464 3403 3521 Omnia

1839 3550 2048 3616 suchrt,
2086 3554 2264 3607 omnia
2302 3554 2496 3606 credit.
2542 3572 2560 3604 ι

1913 3644 2070 3712 110
2120 3645 2546 3712 Congratulatur
2605 3645 2705 3711 eis,
2755 3646 2951 3716 inquit,
2998 3648 3092 3717 qui
3132 3647 3271 3704 bene
3306 3664 3405 3704 au-

1836 3734 2009 3788 diunt.

1910 3844 1931 3877 ι
1964 3824 2155 3881 Omnia
2185 3838 2387 3894 sperat.
2420 3846 2440 3879 ι

1906 3915 2121 4000 υιηιιὶειι
2169 3917 2347 3982 bona,
2420 3919 2595 3988 inquit
2649 3936 2664 3973 :

1833 4009 2061 4077 perfrui.

1912 4121 1930 4153 ι
1978 4103 2167 4157 Omnia
2194 4102 2448 4157 sustinet.

1905 4194 2021 4250 Non
2068 4197 2242 4251 solum
2276 4205 2483 4265 sperat,
2515 4196 2609 4252 sed
2651 4210 2717 4252 ex
2746 4197 3055 4256 vehementi
3104 4199 3400 4256 dilectione

1838 4296 1989 4343 certa
2018 4288 2211 4342 ﬁducia
2239 4289 2436 4343 credit.

1909 4375 2075 4432 Vnus.
2121 4378 2174 4432 8.
2206 4396 2225 4429 ι
2261 4377 2511 4433 Charitas
2549 4394 2828 4449 nunquam
2864 4380 3087 4437 excidit.
3127 4400 3147 4434 ι

1906 4466 2025 4521 Non
2059 4468 2394 4531 dissolvitur.
2426 4484 2529 4521 non
2556 4468 2921 4525 interciditur.

1914 4580 1933 4613 ι
1992 4560 2119 4616 Sive
2179 4562 2475 4631 prophetia?
2524 4563 2956 4627 evacuahuntur,
3017 4563 3132 4619 sive
3199 4563 3399 4636 linguae

1834 4653 2146 4706 cessabunt.
2189 4670 2208 4701 ι

1901 4743 2035 4798 Nam
2066 4745 2108 4797 si
2143 4745 2330 4799 isthare
2368 4746 2527 4799 amho
2558 4747 2678 4801 lidei
2714 4762 2880 4801 causa
2922 4747 3133 4802 invecta
3156 4757 3304 4813 sunt,
3333 4764 3400 4805 ea

1833 4836 2030 4904 ubique
2056 4836 2428 4898 disseminata,
2457 4838 2608 4890 nulla
2632 4837 2883 4907 deinceps
2912 4839 3101 4892 horum
3129 4841 3400 4909 supererit

1833 4928 2152 4981 necessitas.
2199 4927 2393 4982 Verum
2443 4945 2719 4998 nunquam
2765 4945 2871 4984 non
2916 4944 3051 4999 Opus
3080 4931 3184 4985 erit
3213 4944 3397 4986 mutua

1835 5019 2123 5073 dilectione
2157 5038 2171 5074 :
2203 5020 2446 5087 quinimo
2495 5020 2793 5075 invalescet
2826 5022 3001 5092 magis
3031 5028 3145 5075 tum
3182 5020 3238 5077 in
3272 5024 3396 5088 isto,

1837 5121 1945 5163 tum
1980 5112 2030 5163 in
2065 5110 2243 5164 futuro
2275 5127 2411 5165 tevo.
3110 5106 3116 5118 ’

1907 5221 1925 5250 ι
1970 5200 2095 5257 Sive
2149 5203 2387 5256 scientia:
2418 5204 2789 5259 destruentur.
2839 5203 3025 5276 [νεεδ.
3061 5204 3262 5278 9.10.]
3315 5205 3394 5262 Ex

1832 5300 1984 5362 parte
2039 5289 2180 5347 enim
2236 5282 2613 5365 cognoscimus
2674 5307 2728 5351 et
2784 5313 2851 5353 ex
2906 5306 3057 5366 parte
3101 5299 3394 5367 propheta-

1830 5400 1974 5438 mus.
2004 5384 2228 5449 Quando
2257 5399 2436 5441 autem
2466 5391 2677 5442 venerit
2710 5389 2854 5457 quod
2896 5388 3193 5457 perfectum
3227 5398 3328 5445 est.
3367 5409 3388 5443 ι

1901 5476 2155 5541 Quaenam
2211 5493 2339 5533 vero
2391 5478 2621 5533 scientia
2674 5481 3390 5549 destruetur?partieularis

1832 5570 2037 5639 utique.
2096 5568 2251 5634 Nam,
2305 5571 2513 5637 quando
2552 5574 2743 5627 venerit
2775 5572 2914 5643 quod
2952 5574 3238 5641 perfectum
3273 5584 3389 5640 est,

1828 5660 2167 5713 evacuabitur
2194 5659 2331 5729 quod
2360 5677 2425 5714 ex
2464 5673 2611 5730 parte
2636 5672 2735 5716 est.
2770 5662 2900 5718 Rem
2943 5677 3121 5718 autem
3158 5663 3304 5718 velut
3334 5664 3388 5717 in

1827 5750 2075 5819 exemplo
2104 5752 2330 5819 Inspice.
2386 5751 2722 5806 Mactabatur
2754 5768 2947 5823 agnus,
2982 5755 3245 5824 sanguine
3268 5754 3388 5821 ejus

1829 5851 2014 5913 postes
2046 5840 2370 5900 liniebantur
2394 5863 2409 5899 :
2436 5860 2619 5900 verum
2646 5846 2886 5913 cognitio
2906 5846 3043 5915 haec,
3066 5846 3390 5905 adveniente

2720 3934 2822 3973 non
2893 3918 3149 3991 desperat
3216 3924 3401 3993 cupito
