4230 6438
821 433 927 497 679

1995 424 2056 479 ς.
2094 415 2410 479 ,ΙΟΛΝΝΙΞ
2448 412 2899 472 DAMASCENI.

3938 421 4050 483 680

829 547 920 601 llci
952 545 1106 609 Filio,
1139 559 1265 597 vero
1289 543 1376 595 illo
1403 556 1567 609 agno,
1589 553 1762 607 coque
1799 536 2099 596 immolato,
2134 531 2300 582 futilis
2324 538 2377 582 et
2405 531 2450 586 Λ
2479 543 2499 576 -.

2375 531 2450 586 ,Λ
2479 525 2572 577 τοῦ
2611 527 2768 590 Θεοῦ,
2805 527 2897 578 τοῦ
2936 527 3110 595 ἀμνοῦ
3154 528 3250 580 τοῦ
3280 529 3558 598 ἀληθινοῦ,
3596 533 3689 585 καὶ
3721 537 4045 601 σφαγέντος,

826 652 964 692 vana
994 639 1070 689 lit.

901 746 918 777 ι
959 725 1320 779 Evaenahitur
1342 722 1484 790 quod
1513 735 1576 772 cx
1615 727 1766 788 parte
1793 727 1892 771 est.
1926 715 2113 786 [γεπε.
2147 716 2232 776 ll,
2269 714 2380 785 ιε]

825 816 956 869 Cum
1039 831 1214 870 essem
1291 812 1584 883 parvulus,
1662 809 1919 876 loquebar
1975 817 2032 858 ut
2097 806 2380 875 parvulus,

828 906 1102 974 sapiebam
1171 914 1228 957 ut
1283 903 1558 972 parvulus,
1621 899 1922 968 cogitabam
1986 908 2045 950 ut
2106 897 2381 964 parvulus.

825 997 1052 1060 Quando
1099 1007 1274 1049 autem
1323 995 1497 1052 factus
1542 1008 1660 1046 sum
1697 992 1797 1052 vir,
1838 990 2094 1042 evacuavi
2146 1003 2210 1040 ea
2262 1003 2384 1056 qua:

822 1101 975 1140 erant
1029 1087 1258 1156 parvuli.
1293 1085 1550 1139 Videmus
1601 1097 1747 1136 nunc
1777 1096 1874 1150 per
1919 1081 2198 1149 speculum
2229 1090 2286 1133 ut
2330 1081 2382 1134 iu

821 1181 1125 1247 wttigtttalc.
1170 1197 1189 1228 ι

898 1270 1042 1322 Ideni
1075 1284 1138 1322 ac
1167 1270 1212 1323 si
1243 1270 1466 1332 diceret,
1497 1281 1620 1320 esse
1646 1265 1878 1327 desinet,
1911 1273 1965 1317 et
1997 1266 2242 1318 sistetur.

897 1379 915 1408 ι
951 1360 1102 1412 'l‘unc
1131 1368 1311 1411 autem
1346 1357 1482 1411 facie
1510 1357 1576 1408 ad
1610 1357 1822 1409 faciem.
1851 1355 2003 1408 Nunc
2030 1369 2299 1423 cognosco
2319 1368 2381 1404 ex

821 1462 996 1518 parte,
1025 1460 1152 1504 tunc
1183 1461 1358 1503 autem
1381 1465 1701 1518 cngnoscam
1728 1449 1865 1500 sicut
1885 1455 1941 1500 et
1968 1447 2220 1516 cognitus
2240 1461 2380 1499 sum.

823 1541 1015 1613 lens.
1048 1543 1160 1613 13.]
1195 1542 1344 1595 Nunc
1369 1553 1548 1594 autem
1585 1547 1826 1594 manent.
1875 1559 1894 1590 ι

891 1634 946 1685 ld
981 1643 1088 1695 cst,
1118 1635 1322 1686 clarius
1346 1642 1402 1685 et
1431 1630 1796 1685 manifestius.

899 1747 916 1775 ι
956 1723 1134 1785 Fides,
1170 1739 1315 1793 spes,
1351 1724 1618 1787 eharitas,
1649 1723 1752 1775 tria
1789 1722 1936 1785 tunc;
1985 1719 2159 1787 major
2203 1710 2384 1772 autem

822 1814 1011 1866 horum
1043 1813 1398 1866 estcharitas.
1423 1831 1440 1862 ι

890 1903 1049 1957 Fides
1089 1906 1332 1972 quidem,
1379 1912 1434 1956 et
1483 1917 1646 1968 spes,
1691 1908 1976 1972 postquam
2019 1914 2140 1968 quae
2185 1899 2379 1953 crede-

822 1998 1018 2051 bantur
1047 2008 1101 2051 et
1132 1999 1488 2066 sperabantur
1522 1999 1662 2048 bona
1707 1996 2048 2060 advenerim,
2099 1995 2377 2048 desinunt.

820 2089 1072 2142 Charitas
1103 2103 1232 2141 vero
1267 2097 1394 2140 tunc
1429 2087 1660 2139 maxime
1685 2085 2042 2153 'provehitur,
2091 2083 2258 2151 [itque
2291 2097 2380 2136 ve-

821 2177 1144 2232 hcmentior.

1441 2307 1592 2362 CAP.
1636 2307 1775 2362 XIV.

892 2423 1060 2480 Vitas.
1095 2424 1145 2480 Ἰ.
1178 2439 1198 2474 ‹
1233 2419 1526 2478 Sectamiui
1559 2420 1901 2475 charitatem.
1943 2438 1962 2469 ι

894 2519 1060 2572 Nobis
1090 2518 1354 2586 siquidem
1383 2513 1674 2568 admodum
1716 2531 1851 2582 Opus
1881 2521 1962 2565 est
1997 2517 2055 2564 ut
2094 2524 2259 2566 cursu
2309 2508 2377 2561 ad

823 2627 944 2665 eam
976 2611 1386 2663 contendamus.

901 2735 919 2765 ι
959 2714 1304 2768 .Emulamiui
1351 2711 1649 2782 spiritualia
1683 2728 1696 2765 :
1745 2709 1918 2779 magis
1951 2720 2129 2762 autem
2156 2716 2214 2760 tit
2258 2721 2384 2776 pro-

829 2807 1083 2876 phetetis.
1133 2826 1150 2856 ι

899 2911 976 2965 Ne
1001 2913 1120 2980 quis
1146 2911 1490 2965 existimaret
1516 2924 1638 2962 cum
1683 2908 1750 2962 de
1781 2907 2047 2960 charitate
2079 2917 2385 2958 sermonem

833 3005 1083 3065 movisse,
1119 3013 1178 3055 ut
1206 3004 1346 3056 dona
1371 3001 1766 3069 exstingueret,
1799 3000 1923 3050 ideo
1945 2997 2164 3064 adjecit.
2194 2994 2387 3048 ZEmu-

831 3095 1015 3147 lamini
1044 3092 1375 3161 spiritualia.
1405 3091 1696 3159 Comparat
1730 3096 1909 3141 autem
1961 3091 2104 3140 inter
2129 3100 2189 3138 se
2222 3087 2385 3145 dona,

2416 1867 2458 1921 Β

2485 633 2660 682 αργει.

2560 726 2578 757 ι
2615 709 2688 760 Τὸ
2722 711 2784 760 ὲκ
2821 709 3017 778 μέρους
3053 711 3552 780 καταργηθήσεται.
3593 715 3718 767 Ὅτε
3761 718 3911 787 ἥμην
3948 721 4047 786 νή-

2484 819 2626 862 πιος,
2662 801 2885 854 ἐλάλουν
2918 803 2995 865 ὡς
3023 804 3235 872 νήπιος,
3266 805 3530 874 ἐφρόνουν
3568 806 3645 870 ὡς
3681 808 3894 877 νήπιος,
3933 810 4052 861 ἐλοο

2483 894 2713 964 γιζόμην
2740 894 2816 956 ώς
2869 897 3080 964 νήπιος.
3123 897 3251 948 Ὅτε
3286 897 3342 948 δὲ
3384 899 3585 966 γέγονα
3624 902 3784 971 ἀνὴρ,
3842 905 4053 972 κατήρ-

2483 1004 2628 1055 γηκα
2655 987 2724 1039 τὰ
2753 987 2844 1040 τοῦ
2868 989 3083 1056 νηπίου.
3122 989 3408 1060 Βλέπομεν
3454 993 3562 1062 γὰρ
3608 993 3733 1063 ἄρτι
3779 995 3848 1047 δι’
3887 995 4054 1047 ὲσόπ-

2483 1097 2633 1148 τρου,
2659 1080 2733 1144 ώς
2766 1082 2823 1132 ἐν
2854 1081 3156 1148 αἰνίγματι.
3205 1101 3224 1132 ι

2566 1259 2714 1312 ’Λντὶ
2744 1259 2858 1324 τοῦ,
2885 1261 3056 1332 πέρας
3085 1261 3229 1330 ἥξει,
3252 1263 3343 1316 καὶ
3372 1267 3652 1334 στήσεται.

2559 1369 2576 1399 ι
2613 1350 2743 1401 Τότε
2775 1351 2832 1403 δὲ
2871 1353 3164 1422 πρόσωπον
3223 1356 3360 1426 πρὸς
3407 1359 3715 1428 πρόσωπον.
3754 1363 3914 1432 Ἄρτι
3964 1377 4054 1428 γι·

2484 1439 2677 1493 νώσκω
2711 1442 2774 1493 ὲκ
2823 1443 3051 1512 μέρους.
3117 1447 3238 1500 τότε
3285 1448 3342 1500 δὲ
3391 1451 3820 1520 ἐπιγινώσκομαι
3868 1451 4056 1514 καθὼς

2485 1535 2577 1585 καὶ
2599 1533 2967 1604 ἐπεγνώσθην.
2998 1537 3112 1590 Νῦν
3139 1539 3194 1591 δὲ
3227 1540 3398 1608 μένει.
3442 1561 3461 1592 ι

2567 1622 2714 1674 Ἀντὶ
2740 1624 2834 1678 τοῦ
2862 1627 3194 1696 σαφέστερον
3219 1630 3312 1681 καὶ
3337 1633 3683 1702 τρανότερον.

2560 1730 2578 1760 ε
2609 1711 2820 1777 Πίστις.
2840 1715 3021 1780 ἐλπὶς,
3050 1717 3261 1787 ἀγάπη,
3291 1720 3360 1772 τὰ
3383 1722 3510 1791 τρία
3530 1723 3732 1776 ταῦτα·
3763 1723 3966 1793 μείζων
3995 1727 4055 1779 δὲ

2485 1804 2687 1857 τούτων
2713 1808 2747 1876 ὴ
2777 1809 2984 1880 ἀγάπη.
3030 1829 3049 1860 ι

2565 1895 2629 1948 Ἦ
2669 1897 2766 1965 μὲν
2792 1899 2975 1962 πίστις
3013 1903 3108 1954 καὶ
3152 1903 3326 1968 ἐλπὶς,
3355 1904 3464 1957 τῶν
3519 1907 3912 1963 πιστευθέντων
3959 1911 4056 1963 καὶ

2481 1988 2589 2039 τῶν
2620 1989 2985 2044 ἐλπισθέντων
3026 1993 3248 2059 ἀγαθῶν
3285 1997 3762 2066 παραγινομένων,
3796 2000 4054 2056 παύεται.

2496 2080 2563 2132 Ἰί
2589 2081 2646 2133 δὲ
2668 2083 2854 2154 ἀγάπη
2876 2085 2998 2136 τότε
3039 2086 3184 2156 μέγα
3212 2088 3521 2159 ἐπαίρεται,
3558 2093 3654 2146 καὶ
3690 2092 3899 2161 γίνεται
3925 2110 4058 2163 σφο-

2480 2171 2728 2244 δροτέρα.

3070 2306 3320 2362 ΚΕΦΑΛ.
3355 2308 3454 2362 ΙΔ’.

2562 2433 2578 2462 ι
2621 2414 2854 2467 Διώκετε
2887 2416 2985 2486 τὴν
3014 2418 3252 2487 ἀγάπην.
3293 2438 3312 2470 ι

2554 2509 2664 2562 Καὶ
2695 2509 2799 2578 γὰρ
2827 2509 3028 2577 δρόμου
3059 2510 3265 2580 σφόδρα
3292 2513 3423 2581 ἡμῖν
3446 2513 3527 2575 εἰς
3551 2510 3723 2584 αὐτὴν
3755 2511 3938 2584 χρεία.

2561 2725 2579 2756 ι
2623 2705 2858 2776 Ζηλοῦτε
2884 2705 2941 2758 δὲ
2963 2704 3030 2758 τά
3065 2704 3433 2776 πνευματικὰ,
3483 2705 3684 2776 μᾶλλον
3717 2705 3778 2758 δὲ
3804 2705 3893 2759 ἵνα
3917 2722 4060 2776 προ-

2489 2795 2778 2865 φητεύητε.
2823 2816 2842 2848 ι

2559 2903 2675 2954 Ἵνα
2703 2904 2777 2972 μή
2807 2919 2892 2965 τις
2922 2903 3141 2974 νομίζῃ,
3179 2903 3262 2956 ὅτι
3291 2901 3380 2956 διὰ
3401 2900 3562 2954 τοῦτο
3596 2901 3691 2954 τὸν
3718 2902 3818 2973 τῆς
3835 2903 4063 2970 ἀγάπης

2489 2998 2779 3067 εἰσήγαγεν
2815 2996 2994 3064 λόγον,
3038 2997 3126 3048 ἵνα
3169 2995 3338 3066 σϐέσῃ
3379 2996 3447 3049 τὰ
3495 2996 3834 3064 χαρίσματα,
3867 2993 4061 3047 τούτου

2489 3089 2651 3156 χάριν
2705 3090 2976 3159 ἐπήγαγε,
3007 3088 3212 3155 λέγων·
3248 3086 3514 3153 Ζηλοῦτε
3551 3086 3627 3138 τὰ
3658 3084 4060 3150 πνευματικάο

827 3196 882 3237 et
915 3186 1222 3254 linguarum
1251 3182 1453 3234 donum
1477 3180 1557 3233 sic
1587 3188 1862 3241 extenuat,
1895 3183 1953 3229 ut
1980 3191 2160 3244 neque
2192 3173 2389 3228 inutile
2415 3195 2459 3252 ο
2494 3207 2497 3227 ι

2415 3195 2459 3252 c
2494 3181 2779 3249 σύγκρισιν
2810 3179 2866 3232 δὲ
2893 3182 3127 3231 ποιεῖται
3151 3177 3258 3230 τῶν
3283 3177 3658 3248 χαρισμάτων,
3688 3175 3782 3228 καὶ
3805 3175 4062 3242 καθαιρεί

828 3291 952 3332 esse
970 3289 1218 3344 prorsus,
1241 3287 1418 3342 neque
1444 3287 1539 3341 per
1556 3285 1678 3324 sese
1696 3270 1848 3322 valde
1867 3269 1999 3322 utile
2019 3267 2284 3321 ostendat.

900 3471 1066 3525 Vsus.
1095 3469 1217 3524 24.
1254 3485 1273 3518 ι
1309 3466 1410 3534 Qui
1442 3467 1589 3521 enim
1622 3465 1862 3536 loquitur
1890 3466 2095 3534 lingua,
2147 3479 2249 3516 non
2294 3464 2392 3518 lto-

831 3563 1070 3616 minibus
1098 3558 1355 3629 loquitur,
1388 3557 1479 3611 sed
1511 3557 1622 3610 Deo
1651 3559 1836 3620 (nemo
1869 3558 2016 3610 enim
2045 3555 2240 3624 audit).
2269 3554 2394 3624 Spi-

832 3655 970 3708 ritus
1002 3661 1183 3704 autent
1221 3649 1460 3718 loquitur
1489 3648 1765 3718 mysteria.
1797 3646 1899 3712 Qui
1931 3662 2060 3700 vero
2085 3647 2391 3715 prophetat,

835 3744 1144 3799 hominibus
1175 3742 1429 3810 loquitur,
1450 3737 1567 3810 [ad]
1594 3740 2034 3802 mdilicationem,
2065 3749 2120 3790 et
2144 3739 2396 3791 exhorta-

836 3839 1060 3900 tionem,
1094 3834 1246 3902 111
1296 3839 1350 3886 et
1376 3831 1826 3887 consolationem.
1871 3829 1974 3894 Qui
2019 3829 2254 3897 loquitur
2292 3828 2392 3880 liu-

835 3946 965 3998 gua,
991 3931 1232 3998 seipsmn
1263 3927 1492 3980 :edilicat
1523 3941 1538 3989 ;
1571 3925 1663 3994 qui
1714 3931 1895 3978 autem
1937 3923 2244 3993 prophetat,
2287 3923 2395 3976 Ec-

835 4022 1058 4076 clesiaiu
1089 4019 1181 4072 Dei
1212 4018 1467 4071 tedilicat.
1510 4035 1530 4068 ι

905 4111 1152 4166 Ostendit
1192 4110 1445 4164 eximium
1494 4107 1712 4176 quidem
1750 4121 1873 4160 esse
1923 4105 2090 4158 Deum
2141 4103 2392 4174 alloqui;

838 4205 1088 4271 exiguum
1142 4215 1290 4264 vero,
1316 4198 1609 4252 Ecclesium
1666 4212 1773 4250 non
1805 4197 2095 4250 aediﬁcare.
2129 4193 2263 4248 Nam
2294 4195 2398 4248 hoc

839 4296 1040 4363 ubique
1069 4295 1282 4363 quan-it,
1313 4302 1372 4347 ut
1400 4292 1553 4346 multi
1583 4290 1942 4344 :ediliccntur.

910 4385 1074 4438 Vsus.
1111 4385 1164 4439 5.
1203 4403 1222 4436 ι
1260 4383 1394 4438 Volo
1418 4392 1598 4437 autem
1645 4397 1838 4435 omnes
1872 4395 1969 4434 vos
2001 4380 2152 4450 loqui
2179 4381 2396 4450 linguis,

2489 3273 2551 3324 τὸ
2572 3272 2681 3324 τῶν
2702 3270 2984 3338 γλωσσῶν,
3010 3270 3134 3322 οὔτε
3179 3269 3356 3338 πάντη
3389 3269 3678 3338 ἄχρηστον,
3705 3265 3828 3318 οὔτε
3857 3265 4063 3333 σφόδρα

2490 3361 2766 3431 ὠφέλιμον
2795 3360 2915 3413 καθ’
2953 3360 3115 3412 ἑαυτὸ
3141 3359 3372 3422 δεικνύς.

2569 3495 2588 3525 ι
2636 3477 2696 3528 '0
2738 3477 2847 3545 γὰρ
2883 3473 3060 3529 λαλῶν
3111 3473 3356 3546 γλώσσῃ,
3405 3475 3506 3526 ούκ
3539 3471 3844 3542 ἀνθρώποις
3885 3471 4059 3527 λαλεῖ,

2493 3569 2626 3622 ἀλλὰ
2665 3567 2744 3637 τῷ
2769 3567 2888 3636 Θεῷ
2909 3583 2923 3596 ·
2954 3567 3130 3629 οὐδεὶς
3152 3566 3260 3635 γὰρ
3282 3565 3470 3618 ἀκούει
3490 3582 3504 3595 ⁸
3533 3564 3806 3632 πνεύματι
3828 3564 3885 3616 δὲ
3909 3563 4065 3615 λαλεῖ

2497 3660 2786 3729 μυστήρια.
2824 3658 2884 3711 'U
2902 3659 2959 3711 δὲ
2988 3659 3366 3728 προφητεύων,
3399 3655 3706 3725 ἀνθρώποις
3733 3654 3886 3706 λαλεῖ
3913 3656 4061 3705 οἱκο-

2493 3747 2664 3815 δομὴν
2689 3747 2785 3799 καὶ
2817 3746 3163 3817 παράκλησιν
3218 3747 3312 3799 καὶ
3351 3744 3718 3815 παραμυθίαν.
3777 3745 3834 3797 Ὀ
3886 3743 4065 3796 λαλεῖν

2496 3838 2739 3910 γλώσσῃ,
2778 3838 2968 3891 ἑαυτὸν
3005 3839 3305 3907 οἰκοδομεῖ·
3349 3839 3378 3891 6
3413 3838 3469 3890 δὲ
3507 3837 3886 3908 προφητεύων,
3938 3837 4063 3888 'Ex-

2496 3930 2722 3999 κλησιαν
2743 3931 3033 4000 οἰκοδομεῖ.
3076 3947 3096 3981 ι

2565 4098 2640 4152 Τὸ
2678 4100 2777 4169 μὲν
2798 4099 2976 4152 λαλεῖν
2998 4099 3077 4170 τῷ
3115 4099 3267 4170 Θεῷ,
3297 4099 3443 4170 μέγα
3481 4101 3774 4163 δείκνυσιν,
3804 4101 3866 4152 τὸ
3897 4101 3954 4154 δὲ
3985 4101 4062 4171 μὴ

2495 4192 2892 4261 οἰκοδομεῖσθαι
2946 4192 3046 4258 τὴν
3081 4192 3430 4262 Ἐκκλησίαν,
3466 4192 3679 4263 μικρόν.
3723 4191 3895 4244 Τοῦτο
3952 4193 4062 4264 γὰρ

2498 4281 2776 4350 πανταχοῦ
2809 4281 2983 4351 ζητεῖ,
3015 4282 3116 4352 τὴν
3137 4283 3425 4353 οἰκοδομὴν
3445 4283 3552 4336 τῶν
3585 4283 3813 4337 πολλῶν.

2573 4393 2592 4424 ι
2625 4373 2774 4426 Θέλω
2800 4375 2858 4427 δὲ
2889 4373 3096 4438 πάντας
3137 4376 3482 4446 ὑμᾶςλαλεῖν
3511 4375 3782 4444 γλώσσαις
3808 4377 4064 4446 [μᾶλλον

838 4479 1011 4546 magis
1054 4483 1233 4529 autem
1286 4483 1344 4528 ut
1381 4473 1730 4543 prophetetis.
1777 4470 1910 4523 Nam
1965 4472 2138 4540 major
2172 4479 2256 4525 est
2304 4471 2396 4541 qui
2428 4465 2508 4546 ni

2392 4473 2396 4525 ί
2428 4521 2474 4546 ἢ
2499 4464 2556 4517 δὲ
2584 4466 2668 4517 ἵνα
2715 4468 3119 4537 προφητεύητε.
3143 4469 3360 4530 Μείζων
3393 4469 3502 4538 γὰρ
3532 4468 3562 4519 ὁ
3606 4468 3989 4538 προφητεύων,
4028 4469 4062 4539 ἦ

838 4568 1144 4636 prophetat,
1176 4579 1336 4634 quam
1374 4565 1468 4633 qui
1499 4564 1736 4632 loquitur
1770 4562 1988 4630 linguis.
2026 4581 2044 4612 ι

909 4667 986 4720 Nc
1028 4667 1362 4720 arbitrentur
1390 4667 1565 4733 ipsum
1621 4680 1687 4718 ex
1744 4664 1948 4718 invidia
1992 4665 2207 4731 linguas
2246 4665 2435 4733 parvi.

842 4757 1042 4816 lacere,
1075 4762 1133 4806 ut
1157 4755 1524 4822 suspicionem
1553 4753 1694 4806 hanc
1738 4752 1997 4820 corrigat,
2023 4751 2399 4820 hujuscemodi

840 4860 1185 4916 sermonibus
1220 4858 1413 4912 utitur.

917 4968 938 5001 ι
975 4948 1092 5002 Nisi
1133 4947 1272 5002 forte
1293 4947 1707 5018 interpretetur,
1731 4957 1790 5001 ut
1820 4946 2064 5004 Ecclesia
2086 4948 2402 5005 adiﬁcatio-

845 5056 967 5097 nem
994 5039 1246 5109 accipiat.
1295 5057 1314 5089 ι

916 5144 1094 5199 Minus
1112 5153 1215 5208 est,
1249 5143 1447 5212 inquit,
1476 5142 1674 5211 linguis
1701 5142 1872 5211 loqui,
1900 5157 2064 5212 quam
2097 5142 2401 5197 vaticinari.

846 5235 964 5290 Nisi
1005 5235 1142 5290 forte
1173 5233 1371 5303 aliquis
1397 5235 1558 5286 etiam
1584 5234 1854 5303 interpres
1883 5233 2044 5298 adsit,
2071 5234 2167 5304 qui
2191 5235 2404 5304 linguas

851 5330 989 5381 sciat
1015 5326 1378 5397 interpretari,
1401 5325 1491 5379 ille
1509 5326 1732 5395 mqualis
1761 5326 2037 5396 prephcta:
2058 5342 2401 5397 nequaquam

851 5420 1037 5476 fuerit.

925 5523 1087 5577 \‘uns.
1119 5521 1172 5574 6.
1205 5539 1223 5571 ι
1255 5519 1404 5574 Nunc
1432 5531 1631 5580 autem,
1660 5518 1878 5581 fratres,
1911 5521 1957 5574 si
1980 5537 2180 5576 venero
2213 5523 2279 5577 ad
2310 5539 2406 5578 vos

855 5614 1055 5683 linguis
1085 5614 1310 5683 loquens
1343 5631 1356 5665 :
1391 5612 1516 5681 quid
1547 5612 1701 5665 vobis
1730 5611 1960 5680 prodero
1991 5613 2015 5663 ?
2073 5633 2090 5663 ›

928 5704 1032 5754 Sed
1063 5702 1192 5771 quid
1235 5701 1373 5754 alios
1415 5700 1577 5753 dico?
1611 5700 1808 5769 inquit.
1839 5700 1895 5753 Si
1934 5717 2034 5769 ego
2061 5703 2178 5772 ipse
2209 5718 2408 5758 venero

858 5794 923 5850 ad
949 5809 1043 5848 vos
1075 5793 1273 5864 linguis
1328 5793 1553 5859 loquens
1579 5831 1595 5857 ,
1621 5792 1755 5847 nihil
1801 5792 2026 5864 majoris
2056 5795 2407 5852 emolumenti

2428 4521 2474 4576 ι)
2500 4556 2528 4606 ὁ
2546 4553 2722 4607 λαλῶν
2746 4521 3038 4621 γλώσσαιςί
3076 4574 3096 4606 ι

2573 4659 2690 4710 Ἵνα
2720 4659 2794 4728 μὴ
2835 4659 3129 4729 νομίσωσιν
3161 4660 3244 4714 ὅτι
3275 4660 3580 4729 βασκαίνων
3604 4660 3784 4722 αὐτοῖς
3813 4658 4068 4729 καθαιρεῖ

2500 4751 2598 4812 τὰς
2648 4748 2899 4816 γλώσσας
2921 4791 2937 4816 ,
2963 4750 3342 4821 διορθούμενος
3394 4752 3573 4806 αύτῶν
3626 4751 3725 4816 τὴν
3781 4750 4063 4814 ὑπόνοιαν,

2501 4851 2662 4905 τοῦτό
2698 4868 2882 4921 φησιν.

2577 4963 2597 4995 ‹
2650 4943 2838 5008 Ἐκτὺς
2867 4945 2916 4996 εἰ
2961 4947 3037 5014 μὴ
3067 4943 3419 5016 διερμηνεύῃ,
3446 4945 3533 4998 ἵνα
3584 4946 3618 5016 ἡ
3664 4945 3961 5015 Ἐκκλησία
3991 4950 4068 4999 οἰ-

2505 5033 2740 5104 κοδομὴν
2764 5033 2922 5108 λάϐῃ,
2967 5053 2986 5085 ›

2577 5143 2862 5207 Ἕλαττον,
2893 5144 3046 5212 φησὶ,
3073 5144 3169 5199 τοῦ
3195 5147 3554 5217 προφητεύειν
3584 5147 3643 5201 τὺ
3667 5147 3940 5214 γλώσσαις
3975 5148 4070 5202 λα-

2503 5236 2646 5289 λεῖν·
2682 5237 2732 5288 εξ
2783 5239 2856 5308 μή
2891 5255 2974 5302 τις
3005 5238 3113 5308 ἄρα
3153 5241 3250 5292 καὶ
3296 5240 3622 5310 διερμηνεύῃ
3665 5243 3735 5294 τὰ
3773 5240 4066 5310 γλώσσας,

2505 5329 2604 5380 ούκ
2631 5328 2698 5381 ἂν
2729 5330 2954 5400 γένηται
2983 5331 3078 5384 τοῦ
3107 5333 3537 5402 προφητεύοντος
3575 5335 3686 5396 ἶσος

2583 5546 2600 5578 ι
2639 5527 2754 5580 Νῦν
2786 5528 2864 5586 δὲ.
2898 5528 3136 5596 ἀδελφοὶ,
3168 5529 3262 5582 ἐὰν
3292 5530 3430 5583 ἔλθω
3465 5532 3596 5601 πρὸς
3626 5533 3768 5601 ὑμᾶς
3793 5532 3993 5599 λαλῶν,
4019 5535 4068 5586 τί

2509 5619 2655 5686 ὑμᾶς
2685 5616 2952 5688 ὠφελήσω
2971 5635 2985 5681 ;
3017 5637 3035 5667 ι

2578 5711 2642 5761 Τί
2687 5692 2828 5778 λέγω
2873 5713 2998 5774 τοὺς
3043 5711 3232 5772 ἄλλους
3261 5754 3274 5776 ,
3309 5713 3476 5782 φησί,
3503 5715 3622 5768 Κᾶν
3674 5715 3781 5785 γὰρ
3822 5716 3936 5784 ἐγὼ
3977 5719 4067 5769 αὐ-

2509 5801 2600 5865 τὸς
2651 5800 2924 5869 γλώσσαις
2961 5802 3100 5858 ἔλθω
3129 5804 3306 5859 λαλῶν
3326 5847 3341 5872 ,
3370 5806 3520 5860 οὐδὲν
3578 5806 3729 5860 ἔσται
3762 5808 3925 5862 πλέον
3958 5812 4064 5871 τοῖς
