4230 6438
170 373 267 436 631

1312 382 1389 445 ΙΝ
1414 385 1647 448 EPIST.
1690 387 1786 448 AD
1817 389 2171 453 CORINTH.
2200 394 2244 455 Ι.

3277 394 3382 464 633

164 482 441 534 ἀκούουσι.
488 481 670 535 Ταῦτα
709 483 767 535 δὲ
817 484 963 552 λέγει
992 484 1225 551 δεικνὺς,
1269 489 1351 542 ὅτι
1390 492 1452 543 τὸ
1493 494 1717 546 ἐκείνων
1744 500 1834 565 Al

1710 512 1717 538 ν
1744 500 1789 555 Α
1819 499 2435 567 percipientauditores.
2472 503 2547 557 lta
2594 520 2760 574 porro
2817 508 3079 581 loquitur,
3116 522 3173 567 ut
3199 528 3380 572 osten-

166 572 442 641 συμφέρον
471 574 643 642 ζητεῖ,
680 575 741 626 οὐ
772 575 908 646 πρὸς
949 578 1075 643 τοὺς
1104 580 1346 650 χάρισμα
1374 581 1594 651 ἔχοντας
1635 586 1730 638 ἀπ’

165 659 340 728 εχθῶς
362 661 495 730 ἔχει.

240 772 260 803 ι
311 753 440 805 Ἐὰν
467 754 543 824 μὴ
595 754 720 825 ύμῖν
762 756 1011 829 λαλήσω,
1043 762 1076 832 ἢ
1108 762 1165 815 ὲν
1211 763 1573 833 ἀποκαλύψει,
1606 768 1638 838 ἢ
1671 768 1730 819 ἐν

166 843 389 911 γνώσει,
421 845 454 914 ἦ
484 848 541 898 ἐν
570 849 895 922 προφητείᾳ,
923 852 954 923 ἢ
984 854 1041 904 ἐν
1067 853 1282 925 διδαχῇ.
1325 874 1345 906 ι

250 937 374 990 Ἐὰν
406 937 481 1008 μὴ
515 940 668 1003 εἴπω,
697 943 848 1012 φησὶ,
870 943 930 997 τὸ
973 946 1271 1016 δυνάμενον
1299 948 1427 1018 ύμῖν
1463 950 1728 1022 εὔληπτον

167 1027 443 1094 γενέσθαι,
473 1029 588 1081 ἀλλ’
617 1031 870 1099 ἐπιδείξω
903 1037 1063 1103 μόνον
1093 1038 1173 1090 ὅτι
1200 1038 1455 1109 γλώσσης
1492 1041 1599 1109 ἔχω
1625 1044 1725 1112 χά-

171 1139 360 1191 ρισμα,
393 1125 545 1177 οὐδὲν
577 1126 643 1180 ἂν
674 1130 1031 1199 κερδήσαντες
1058 1132 1442 1193 ἀπελεύσεσθε.
1468 1137 1591 1200 Πῶς
1619 1137 1727 1208 γάρ

166 1216 273 1268 ἀπὸ
300 1218 485 1286 φωνῆς
510 1213 577 1289 ἧς
613 1220 672 1273 οὐ
709 1224 977 1289 συνιεῖτε;

242 1437 262 1469 ι
309 1418 497 1487 Ὅμως
548 1421 613 1471 τά
662 1419 843 1491 ἄψυχα
888 1425 1069 1495 φωνὴν
1108 1425 1354 1492 διδόντα,
1387 1430 1493 1482 εἴτε
1527 1430 1721 1498 αὐλὸς,

167 1510 276 1560 εἴτε
304 1508 523 1580 κιθάρα,
551 1510 643 1563 ὲὰν
691 1512 970 1584 διαστολὴν
1014 1519 1126 1579 τοῖς
1154 1518 1408 1587 φθόγγοις
1452 1521 1527 1592 μὴ
1574 1522 1721 1593 διδῷ,

168 1600 284 1663 πῶς
331 1603 702 1671 γνωσθήσεται
736 1605 796 1658 τὸ
828 1606 1179 1676 αὐλούμενον,
1209 1611 1242 1681 ἢ
1280 1613 1339 1665 τὸ
1382 1613 1721 1685 κιθαριζόμε-

167 1706 291 1752 vos;
326 1692 436 1743 Καὶ
487 1697 593 1763 γάρ
626 1696 720 1749 ἐάν
762 1696 954 1767 ἄδηλον
1008 1703 1189 1771 φωνὴν
1241 1705 1479 1773 σάλπιγξ
1523 1707 1616 1777 δῷ,
1640 1708 1721 1770 τίς

167 1785 645 1851 παρασκευάσεται
677 1789 755 1851 είς
794 1789 1068 1858 πόλεμον;
1103 1793 1287 1858 Οὕτως
1313 1797 1406 1849 καὶ
1453 1797 1606 1868 ὑμεῖς
1634 1797 1722 1851 διὰ

164 1872 263 1940 τῆς
298 1872 564 1945 γλώσσης.
590 1896 609 1927 ο

234 1966 301 2018 Τί
327 1968 491 2035 λέγω,
511 1972 691 2041 φησὶν,
722 1971 804 2024 ὅτι
832 1972 916 2041 ἐφ’
948 1973 1101 2044 ὑμῶν
1134 1979 1195 2028 τδ
1228 1981 1458 2048 πρᾶγμα
1496 1980 1722 2049 ἀκερδές

168 2058 316 2123 isti;
341 2060 439 2111 καὶ
462 2064 553 2113 ἐπὶ
578 2062 685 2114 τῶν
716 2064 935 2134 ἀψύχων
965 2068 1124 2120 τοῦτο
1157 2069 1284 2122 είδοι
1304 2088 1385 2129 τις
1406 2071 1492 2136 ἂν,
1512 2072 1607 2124 καὶ
1633 2073 1725 2125 ἐπὶ

166 2151 261 2219 τῆς
300 2151 552 2219 κιθάρας,
586 2156 682 2206 καὶ
709 2157 804 2209 ἐπὶ
836 2158 1158 2227 σάλπιγγος.

240 2259 259 2292 ‹
310 2242 435 2294 Ἐάν
464 2249 537 2314 μὴ
574 2244 814 2317 εὔσημον
840 2250 997 2319 λόγον
1028 2251 1187 2318 δῶτε,
1222 2252 1335 2317 πῶς
1355 2254 1723 2325 γνωσθήσεται

166 2331 226 2384 τὸ
259 2332 605 2403 λαλούμενον.
638 2356 656 2388 ι

246 2424 393 2477 Ἀντὶ
423 2427 536 2490 τοῦ,
562 2429 685 2482 Ἐὰν
718 2431 793 2502 μὴ
828 2432 1237 2507 διερμηνεύητε.

240 2532 259 2565 ι
301 2516 531 2570 Ἐσεσθε
558 2521 664 2591 γάρ
688 2524 767 2585 εἰς
788 2526 928 2595 ἀέρα
953 2527 1256 2591 λαλοῦντες.
1299 2550 1316 2581 ι

233 2608 554 2679 Τουτέστιν,
587 2614 762 2667 οὐδενὶ
815 2619 1178 2690 φθεγγόμενοι
1203 2662 1218 2687 ,
1248 2626 1383 2694 πρὸς
1410 2626 1599 2679 οὐδένα
1630 2628 1723 2679 λα·-

167 2694 406 2760 λοῦντες.

241 2829 261 2861 ι
294 2812 545 2867 Τοσαῦτα
594 2818 641 2868 εί
672 2816 822 2887 τύχοι
865 2820 996 2889 γένη
1026 2823 1218 2889 φωνῶν
1259 2828 1391 2878 εἰσιν
1430 2829 1487 2881 ἐν
1512 2828 1722 2900 κόσμῳ,

170 2903 261 2953 καὶ
284 2905 439 2957 οὐδὲν
488 2906 720 2975 ἄφωνον.
773 2910 897 2963 Ἐάν
937 2908 1029 2965 οὖν
1064 2915 1139 2985 μὴ
1194 2917 1319 2969 εἴδω
1358 2919 1457 2987 τὴν
1499 2919 1726 2991 δύναμιν

168 2992 265 3059 τῆς
286 2996 492 3063 φωνῆς,
518 2998 709 3069 ἔσομαι
738 3002 817 3072 τῷ
838 3003 1085 3059 λαλοῦντι
1114 3007 1408 3078 βάρϐαρος,
1442 3012 1537 3063 καὶ
1574 3015 1601 3066 6
1629 3014 1725 3066 λα-

167 3082 272 3139 λῶν
305 3089 429 3157 ἐμοὶ
465 3090 767 3164 βάρϐαροςο
800 3096 973 3161 οὕτως
995 3099 1090 3152 καὶ
1120 3099 1326 3170 ὑμεῖς.»

234 3262 501 3316 Τουτέστι
529 3304 545 3328 ,
584 3267 842 3321 τοσαῦται
898 3272 1169 3338 γλῶσσαι,
1205 3276 1460 3329 τοσαῦται
1522 3278 1725 3345 φωναὶ,

170 3353 426 3419 Σκυθῶν,
463 3357 715 3429 Θρᾳκῶν,
779 3362 1097 3433 Ῥωμαίων,
1152 3369 1410 3437 Περσῶν,
1463 3371 1724 3441 Μαύρων,

182 3444 381 3507 Ἰνδῶν,
414 3448 745 3515 Αἰγυπτίων,
767 3452 849 3505 έτέ
862 3472 968 3522 ρων
992 3457 1198 3525 μυρίων
1226 3458 1413 3512 ἐθνῶν.

242 3553 262 3585 ι
316 3535 470 3588 Ἐπεὶ
510 3538 747 3605 ζηλωταί
781 3542 904 3594 ἐστε
933 3548 1256 3614 πνευμάτων
1291 3548 1370 3610 εἰς
1396 3548 1494 3618 τὴν
1524 3549 1724 3602 οἰκοδο·

174 3625 279 3696 μὴν
340 3627 441 3696 τῆς
505 3628 867 3698 Ἐκκλησίας,
920 3635 1130 3705 ζητεῖτε
1192 3638 1277 3690 ἴνα
1343 3640 1723 3710 περισσεύητε.

170 3719 263 3769 Διὸ
301 3720 329 3768 ὁ
375 3718 550 3771 λαλῶν
602 3721 819 3793 γλώσσῃ
846 3763 862 3790 ,
895 3728 1278 3797 προσευχέσθω
1309 3769 1323 3793 ,
1359 3730 1445 3782 ἵνα
1500 3733 1725 3802 διερμη·

170 3808 321 3878 γεύῃ.
357 3828 376 3860 ι

242 3900 305 3951 El
346 3900 541 3970 ζηλοῦν
592 3904 708 3966 δεῖ,
742 3905 811 3956 τά
846 3907 1156 3974 χαρίσματα
1203 3908 1372 3961 ταῦτα
1406 3910 1628 3979 ζηλοῦτε
1651 3952 1666 3975 ,
1694 3912 1728 3964 ἃ.

174 3991 267 4060 τὴν
293 3993 617 4063 Ἐκκλησίαν
650 3997 935 4066 οἰκοδομεῖ.
967 3998 1057 4050 Διὸ
1093 4000 1282 4067 ἐπάγει
1324 4001 1516 4070 λέγων,
1539 4005 1731 4069 Προσ-

175 4084 461 4150 ευχέσθω,
494 4087 594 4137 ἵνα
625 4085 1001 4156 διερμηνεύῃ.

248 4209 266 4241 ι
330 4194 457 4246 Ἐάν
499 4197 604 4266 γάρ
657 4195 901 4267 εύχωμαι
948 4198 1205 4271 γλώσσῃ,
1241 4202 1303 4253 τὸ
1346 4201 1568 4273 Πνεῦμά
1628 4220 1726 4273 μου

178 4285 537 4355 προσεύχεται
563 4328 579 4354 ,
602 4289 630 4339 6
658 4288 714 4341 δὲ
768 4291 889 4354 νοῦς
940 4309 1043 4357 μου
1082 4293 1327 4364 ἄκαρπός
1374 4297 1506 4348 ἐστι.
1542 4295 1606 4347 Τί
1636 4292 1728 4349 οὖν

177 4375 323 4440 ists;
358 4397 378 4429 ι

245 4469 526 4531 Τουτέστι,
558 4471 619 4523 τὸ
647 4472 889 4543 χάρισμα
914 4473 977 4526 τὸ
1003 4473 1150 4526 δοθέν
1184 4492 1297 4545 μοι,
1321 4479 1413 4531 καὶ
1434 4478 1613 4531 κινοῦν
1631 4482 1728 4550 τὴν

177 4558 448 4625 γλῶσσαν.

246 4669 264 4702 ι
298 4653 673 4723 Προσεύξομαι
700 4656 990 4726 πνεύματι,
1012 4660 1377 4730 προσεύξομαι
1397 4662 1489 4715 καὶ
1512 4661 1588 4732 τῷ
1610 4664 1691 4716 νοΐ
1710 4682 1723 4695 ο

178 4737 326 4805 ψαλῶ
360 4740 438 4809 τῷ
461 4741 749 4811 πνεύματι,
772 4742 927 4811 ψαλῶ
960 4748 1053 4798 καὶ
1083 4747 1162 4818 τῷ
1191 4750 1291 4800 νοΐ.
1338 4750 1489 4802 Ἐπεὶ
1517 4752 1610 4804 έάν
1636 4753 1727 4803 εὐ-

178 4829 338 4901 λογῇς
366 4832 660 4902 πνεύματι,
695 4838 723 4887 6
774 4838 1098 4907 ἀναπληρῶν
1135 4840 1226 4892 τὸν
1254 4839 1417 4893 τόπον
1448 4841 1542 4895 τοῦ
1586 4842 1727 4895 ἰδιώ-

179 4938 286 4986 του,
319 4922 436 4985 πῶς
464 4926 579 4994 ἐρεῖ
600 4926 659 4978 τὸ
694 4927 1007 4997 Ἀμὴν,ὲπὶ
1034 4933 1099 5001 τῇ
1121 4934 1187 5002 σῇ
1204 4932 1519 5004 εὐχαριστίᾳ
1542 4936 1726 4999 ;ὲπει-

179 5012 238 5082 δὴ
262 5014 315 5065 τί
346 5014 525 5081 λέγεις
557 5017 656 5069 οὐκ
676 5013 837 5072 οἶδεν.
876 5039 895 5072 ι

245 5104 457 5173 Ὠσπερ
504 5107 645 5169 τινὸς
682 5107 948 5175 λέγοντος,
968 5110 1032 5162 Τί
1057 5106 1149 5164 οὖν
1177 5111 1292 5165 ἐστι
1315 5113 1376 5165 τὸ
1402 5114 1723 5181 διδακτικδν,

182 5196 265 5246 καὶ
288 5196 569 5265 ὠφέλιμον
597 5214 611 5262 ;
647 5199 753 5251 Καὶ
802 5201 920 5262 πῶς
976 5202 1081 5272 χρὴ
1134 5203 1311 5270 λέγειν
1340 5220 1353 5268 ;
1384 5206 1493 5257 καὶ
1520 5206 1573 5258 τί
1620 5209 1724 5277 χρὴ

181 5291 343 5340 αἰτεῖν
377 5290 523 5360 παρά
565 5291 658 5343 τοῦ
690 5292 855 5357 Θεοῦς
904 5295 1275 5367 Ἀποκρίνεται
1308 5297 1479 5365 λέγων
1504 5297 1585 5362 τὸ,
1626 5301 1724 5352 καὶ

181 5379 251 5443 τῷ
274 5383 589 5449 πνεύματι,
616 5384 857 5437 τουτέστι
887 5384 966 5455 τῷ
984 5386 1279 5457 χαρίσματι
1310 5388 1401 5440 καὶ
1431 5389 1497 5457 τῇ
1521 5388 1725 5457 διανοίᾳ

184 5472 593 5540 προσεύχεσθαι,
624 5474 708 5525 ἵνα
761 5477 854 5527 καὶ
881 5478 913 5546 ἡ
959 5476 1173 5543 γλῶσσα
1219 5478 1540 5546 φθέγγηται,
1571 5480 1665 5532 καὶ
1698 5481 1727 5531 ὁ

184 5563 293 5624 νοῦς
349 5566 424 5634 μὴ
472 5567 635 5637 ἀγνοῇ
666 5568 732 5620 τά
755 5567 1039 5638 λεγόμενα.
1064 5572 1172 5623 Καὶ
1208 5572 1314 5642 γὰρ
1345 5571 1438 5623 ἐὰν
1468 5574 1543 5643 μὴ
1570 5573 1726 5626 τοῦτο

184 5651 235 5725 ᾖ.
260 5658 355 5709 καὶ
378 5658 538 5727 ἑτέρα
569 5660 824 5728 σύγχυσις
848 5661 1074 5728 γίνεται.
1107 5663 1180 5715 Οὐ
1216 5664 1324 5733 γάρ
1344 5659 1484 5716 οἶδεν
1509 5665 1725 5735 ὑποφω-

186 5749 286 5801 νεῖν
324 5751 353 5802 ὁ
379 5748 560 5811 λαῐκὸς
585 5750 644 5801 τὸ
692 5752 896 5820 Ἀμήν·
934 5753 1032 5804 οὐκ
1061 5751 1167 5806 οἶδε
1193 5754 1301 5823 γάρ
1332 5754 1384 5807 τί
1424 5756 1618 5824 λέγεις.

494 5865 761 5953 Punct.
807 5871 918 5929 Gn.
965 5867 1131 5931 XCV.

1829 587 1921 641 dat
1965 604 2153 643 eorum
2204 607 2263 647 se
2293 595 2513 649 utilitati
2546 595 2799 665 studere,
2826 616 2935 657 non
2962 613 3143 659 autem
3170 605 3385 664 infenso

1827 679 2007 733 animo
2036 695 2159 736 esse
2186 698 2311 754 erga
2338 685 2458 740 illos
2490 688 2581 757 qui
2604 689 2808 744 donum
2838 691 2981 747 istud
3010 694 3235 752 habent.

1898 788 1917 820 ι
1950 769 2065 827 Nisi
2121 774 2275 829 vobis
2310 776 2533 847 loquar,
2574 790 2668 834 aut
2716 782 2773 837 in
2820 785 3170 852 revelatione,
3203 798 3299 845 aut
3330 792 3384 844 in

1824 860 2069 927 scientia,
2100 866 2266 920 autin
2300 868 2602 937 prophetia,
2644 881 2737 926 aut
2775 874 2830 927 in
2875 874 3145 931 doctrina.
3184 897 3203 929 ι

1890 948 2005 1004 Nisi
2034 953 2087 1007 id
2126 954 2336 1020 dixero,
2369 957 2585 1028 inquit,
2611 962 2759 1031 quod
2787 964 2945 1019 facile
2976 981 3006 1019 a
3060 967 3216 1022 vobis
3263 972 3383 1040 capi

1824 1042 2018 1109 possit,
2052 1045 2145 1099 sed
2198 1061 2579 1106 monstravero
2611 1052 2874 1111 duntaxat
2935 1058 3244 1128 linguarum
3298 1077 3385 1115 me

1821 1147 1943 1187 esse
1988 1145 2240 1192 ornatum
2296 1140 2464 1207 dono,
2499 1143 2633 1197 nihil
2699 1146 2825 1201 inde
2873 1149 3012 1203 lucri
3057 1151 3380 1207 retuleritis.

1821 1219 2055 1287 Quinam
2083 1227 2225 1280 enim
2275 1228 2424 1285 istud
2470 1247 2540 1286 ex
2590 1248 2725 1289 voce
2758 1251 2923 1305 quam
2971 1253 3080 1292 non
3117 1240 3383 1313 intelliga-

1824 1316 1894 1369 tis
1922 1315 1946 1368 ?

1891 1420 2054 1476 Vens.
2088 1424 2204 1480 7-9.
2235 1446 2253 1477 ι
2290 1428 2488 1485 Tamen
2518 1448 2640 1502 quae
2660 1433 2779 1489 sine
2808 1436 2989 1491 anima
3015 1448 3164 1505 sunt,
3196 1456 3380 1497 vocem

1820 1506 2026 1574 dautia,
2060 1511 2175 1566 sive
2221 1515 2374 1581 tibia,
2407 1518 2519 1575 sive
2562 1521 2796 1585 cithara,
2824 1525 2931 1581 nisi
2972 1526 3382 1586 distinctionem

1821 1601 2096 1655 sonituum
2138 1607 2408 1673 dederint,
2435 1614 2708 1680 quomodo
2740 1616 2943 1672 scietur
2968 1619 3021 1673 id
3046 1623 3192 1692 quod
3225 1627 3380 1677 cani-

1823 1697 1928 1754 tur,
1963 1704 2057 1746 aut
2111 1699 2254 1764 quod
2317 1701 2674 1757 citharizatur
2705 1706 2729 1759 2
2760 1707 2973 1762 Etenim
3006 1711 3051 1765 si
3114 1712 3381 1786 incertam

1822 1796 2006 1837 vocem
2038 1787 2126 1842 det
2153 1791 2305 1852 tuba,
2334 1795 2455 1863 quis
2489 1799 2812 1865 praeparabit
2858 1816 2917 1856 se
2947 1800 3016 1855 ad
3040 1802 3239 1859 bellum
3264 1802 3381 1858 ?lta

1761 1858 1802 1912 Β
1830 1884 1885 1928 et
1919 1892 2017 1930 vos
2048 1895 2141 1948 per
2182 1858 2448 1953 linguam.
2489 1905 2507 1937 ι

1895 1966 2032 2031 Quid
2064 1971 2169 2037 aio,
2204 1973 2415 2043 inquit,
2445 1977 2500 2031 in
2536 1979 2691 2035 vobis
2724 1996 2841 2036 rem
2888 1983 3005 2039 sine
3038 1986 3193 2041 lucro
3214 2000 3337 2042 esse
3365 2004 3383 2054 ;

1824 2062 2042 2130 quando
2074 2064 2257 2120 nullus
2297 2066 2348 2121 id
2388 2083 2499 2123 non
2530 2071 2586 2125 in
2624 2072 2879 2129 inanimis
2924 2078 3226 2146 agnoverit,
3254 2086 3384 2149 puta

1827 2154 1878 2206 in
1914 2154 2126 2209 cithara
2155 2166 2209 2212 et
2234 2157 2288 2212 in
2315 2160 2445 2214 tuba
2472 2162 2496 2214 ?

1899 2263 1917 2295 ι
1951 2243 2064 2300 Nisi
2090 2250 2435 2305 manifestum
2466 2268 2770 2311 sermonem
2802 2255 3079 2324 dederitis,
3110 2263 3384 2332 quomodo

1826 2336 2030 2390 scietur
2058 2338 2111 2392 id
2152 2343 2295 2409 quod
2335 2344 2587 2398 dicitur?
2630 2365 2649 2398 ι

1892 2428 2005 2482 Hoc
2030 2442 2141 2495 est,
2168 2433 2274 2487 nisi
2308 2434 2764 2507 interpretemini.

1903 2539 1921 2570 ‹
1970 2520 2135 2576 Eritis
2155 2527 2301 2578 enim
2328 2528 2380 2580 in
2412 2544 2536 2583 aere
2561 2530 2863 2600 loquentes.
2892 2553 2909 2586 ι

1897 2611 1953 2668 ld
1978 2624 2081 2682 est,
2127 2620 2333 2673 nemini
2388 2636 2574 2676 vocem
2619 2624 2881 2686 edentes.
2908 2628 3117 2683 nemini
3160 2631 3386 2701 loquen-

1826 2711 1908 2757 tes
1917 2746 1928 2756 .

1884 2815 2049 2872 Vens.
2076 2819 2257 2873 10-19..
2285 2840 2303 2871 ι
2343 2821 2473 2877 Tam
2502 2825 2670 2879 multa
2703 2836 2760 2880 ut
2782 2838 2910 2897 puta
2947 2845 3144 2900 genera
3171 2833 3382 2904 lingua-

1828 2923 1946 2961 rum
1982 2920 2109 2964 suut
2140 2911 2193 2963 in
2225 2912 2327 2966 hoc
2368 2915 2606 2982 mundo;
2637 2926 2692 2971 et
2724 2920 2857 2973 nihil
2894 2922 3014 2975 sine
3036 2937 3169 2978 voce
3189 2933 3295 2979 est.
3328 2926 3383 2979 Si

1827 3014 1928 3068 ego
1986 3000 2234 3055 uesciero
2284 3005 2537 3059 virtutem
2585 3008 2773 3072 vocis,
2806 3025 2902 3063 ero
2950 3012 2999 3065 ei
3056 3014 3145 3066 cui
3196 3014 3387 3083 loquor

1829 3086 2113 3152 barbarus,
2150 3098 2204 3143 et
2253 3091 2347 3160 qui
2390 3092 2629 3163 loquitur
2678 3095 2852 3160 mihi.
2884 3097 3168 3155 barbarus.
3211 3099 3304 3156 Sic
3334 3116 3387 3158 et

1754 3189 1801 3251 ο
1832 3194 1945 3244 vos,
1985 3198 2002 3226 ι

1901 3269 2127 3336 llocest,
2160 3278 2238 3327 tot
2277 3274 2474 3344 lingua:
2524 3285 2670 3342 sunt,
2703 3287 2783 3333 tot
2810 3296 2971 3338 voces
2994 3323 3009 3347 ,
3037 3282 3383 3354 Scytharum,

1827 3358 2097 3416 Thracum
2127 3405 2142 3429 ,
2204 3364 2606 3432 Romanorum,
2658 3368 2941 3425 Persarum
2972 3415 2987 3437 ,
3029 3374 3333 3431 Maurorum
3368 3416 3384 3441 ,

1824 3450 2225 3522 Egyptiorum,
2260 3467 2312 3511 et
2365 3467 2744 3513 sexcentarum
2798 3463 3028 3517 aliarum
3060 3467 3320 3535 gentium.

1897 3542 2060 3599 Vsus.
2118 3546 2205 3611 12,
2242 3550 2327 3602 15.
2372 3568 2392 3600 ι
2433 3550 2699 3615 Quoniam
2722 3555 3074 3610 aemulatores
3107 3557 3243 3612 estis
3274 3558 3384 3628 spi-

1825 3633 2177 3699 rituum,ad
2229 3639 2642 3697 aediﬁcationem
2709 3643 2965 3700 Ecclesiae
3031 3648 3258 3715 quatrite
3326 3658 3385 3703 ut

1827 3727 2136 3782 ahundetis.
2174 3729 2295 3784 Ideo
2323 3732 2417 3801 qui
2450 3734 2693 3803 loquitur
2743 3737 2947 3806 lingua,
2976 3749 3094 3793 oret
3126 3749 3184 3793 ut
3212 3740 3384 3795 inter-

1826 3825 2087 3883 pretetur.
2125 3838 2143 3869 ι

1901 3906 2056 3975 112
2086 3909 2139 3960 Si
2174 3922 2383 3978 oportet
2439 3915 2683 3968 minulari
2709 3952 2725 3977 ,
2757 3917 3085 3973 arntulamini
3119 3920 3211 3974 illa
3241 3921 3385 3977 dona

1827 3998 2028 4065 quibus
2076 3997 2317 4054 Ecclesia
2365 4002 2681 4060 aediﬁcatur.
2716 4004 2985 4071 Quocirca
3028 4011 3218 4067 addit:
3254 4012 3359 4068 Ore

1828 4100 1882 4139 ut
1907 4089 2296 4157 interpretetur.

1901 4203 2061 4256 Vens.
2101 4202 2188 4267 M,
2228 4204 2315 4257 15.
2367 4223 2385 4255 ι
2432 4204 2562 4260 Nam
2598 4208 2644 4261 si
2680 4222 2828 4263 orem
2882 4211 3101 4282 lingua,
3155 4215 3383 4285 spiritus

1829 4308 1981 4347 meus
2020 4303 2179 4348 orat:
2214 4311 2368 4352 mens
2385 4306 2564 4352 autem
2597 4314 2715 4353 mea
2753 4301 2873 4355 sine
2900 4303 3083 4357 fructu
3110 4314 3214 4362 est.
3238 4305 3379 4372 Quid

1828 4401 1956 4454 ergo
1977 4394 2059 4440 est
2083 4386 2106 4439 ’ἒ
2138 4405 2155 4436 ›

1901 4479 1959 4532 ld
1990 4489 2099 4545 est,
2124 4478 2259 4533 illud
2280 4481 2481 4535 donum
2512 4482 2659 4550 quod
2686 4485 2817 4539 mihi
2844 4485 3029 4541 datum
3051 4498 3156 4553 est,
3193 4498 3247 4545 et
3277 4492 3381 4545 liu-

1829 4584 1988 4638 guam
2019 4579 2220 4625 movet.

1900 4677 1919 4709 ε
1958 4658 2139 4715 Orabo
2176 4662 2389 4731 spiritu,
2426 4663 2597 4717 orabo
2644 4672 2699 4719 et
2732 4676 2931 4720 mente.
2986 4666 3217 4723 Psallam
3270 4673 3382 4739 spi-

1826 4750 1956 4814 ritu,
1986 4752 2210 4820 psallam
2234 4760 2288 4807 et
2319 4761 2517 4808 mente.
2546 4752 2735 4824 [νεεδ.
2767 4755 2880 4828 16.]
2915 4756 3053 4823 Quia
3086 4760 3131 4813 si
3162 4760 3383 4814 benedi-

1827 4841 1971 4896 xeris
2009 4843 2227 4911 spiritu,
2281 4845 2373 4912 qui
2412 4847 2628 4913 supplet
2665 4847 2843 4902 locum
2889 4850 3084 4915 idiotze,
3106 4852 3382 4918 quomodo

1825 4932 1989 4996 dicet,
2016 4933 2209 4998 Amen,
2239 4951 2402 5004 super
2433 4945 2580 4989 tuam
2615 4936 3048 4995 benedictionem
3073 4941 3097 4994 ?
3122 4944 3377 5012 quoniam

1825 5023 1956 5093 quid
1987 5025 2140 5079 dicas
2171 5026 2362 5080 nescit.
2402 5044 2421 5077 ι

1893 5115 2051 5170 Velut
2073 5118 2120 5171 si
2145 5118 2268 5186 quis
2288 5117 2433 5171 dicat
2465 5138 2478 5171 :
2518 5118 2661 5184 Quid
2692 5135 2820 5190 ergo
2843 5130 2928 5176 est
2962 5134 3142 5193 aptum
3165 5140 3289 5182 esse
3315 5129 3380 5180 atl

1823 5209 2125 5263 docendum
2178 5222 2338 5279 atque
2377 5212 2559 5266 utile?
2592 5210 2839 5278 Quonam
2870 5215 2998 5269 item
3040 5217 3200 5273 modo
3228 5218 3382 5274 eﬂari

1824 5310 2034 5369 oportet
2061 5302 2084 5353 ?
2118 5301 2323 5365 Quidve
2346 5317 2377 5353 a
2418 5302 2526 5357 Deo
2548 5305 2825 5372 postulare
2863 5306 2886 5357 ἱ)
2917 5304 3248 5377 Respondet,
3268 5318 3382 5365 tum

1824 5393 2042 5461 spiritu,
2089 5392 2191 5446 hoc
2220 5404 2305 5446 est
2358 5392 2542 5457 dono,
2572 5405 2686 5447 tum
2740 5397 3068 5466 cogitatione
3104 5408 3159 5454 et
3207 5410 3384 5457 mente

1823 5486 2089 5539 orandum
2122 5500 2260 5549 esse,
2296 5495 2358 5539 ut
2387 5497 2442 5541 et
2468 5487 2650 5555 lingua
2679 5489 2959 5558 loquatur,
2982 5501 3037 5545 ct
3079 5509 3232 5549 meus
3276 5510 3382 5549 non

1824 5578 2036 5632 nesciat
2088 5592 2207 5647 quae
2236 5578 2517 5632 dicuntur.
2551 5578 2616 5634 Ni
2676 5582 2826 5635 enim
2859 5581 2936 5636 ita
2966 5582 3079 5648 ﬁat,
3118 5586 3223 5639 alia
3247 5602 3383 5658 quo-

1824 5684 1930 5738 que
1960 5668 2212 5723 confusio
2239 5670 2485 5725 nascitur
2516 5687 2530 5722 :
2558 5686 2684 5726 nam
2712 5673 2884 5728 laicus
2923 5679 3253 5745 respondere
3279 5693 3383 5732 non

1826 5758 1996 5822 novit,
2027 5760 2186 5813 Amen
2215 5776 2232 5812 :
2262 5760 2460 5831 quippe
2485 5763 2575 5829 qui
2606 5761 2817 5832 ignorat
2846 5766 2972 5835 quid
2991 5780 3085 5820 ore
3118 5770 3382 5836 proferas.

2967 5878 3039 5939 ξε
