4230 6438
221 370 322 434 635

1352 374 1429 435 IN
1449 377 1680 436 EPIST-
1718 376 1815 434 AD
1853 373 2209 435 CORINTII.
2237 374 2284 433 Ι.

3324 380 3428 436 ὺδῢ

276 473 565 528 Τουτέστιν
594 474 873 545 ἔκπληξιν,
907 476 1010 531 οὐκ
1045 477 1123 541 τίς
1166 479 1466 553 κατήχησιν
1494 485 1765 539 τοσοῦτον.
1798 488 1843 545 Α
1939 483 1946 536 1

1615 485 1765 539 ιῦτον.
1798 488 1843 545 Α
1939 482 2049 537 Hoc
2083 492 2185 547 est,
2213 482 2279 536 ad
2307 489 2603 551 stuporem,
2629 495 2735 535 non
2770 480 2836 535 ad
2866 480 3285 536 institutionem.

276 585 296 618 ι
348 566 407 619 '0
442 566 657 637 πρῶτος
686 568 912 636 σιγάτω.
952 588 971 620 ο

273 659 347 710 Oti
380 658 488 729 γάρ
512 660 639 726 ἔδει,
664 660 857 715 τούτου
896 661 1207 735 κινηθέντος
1240 666 1376 736 πρὸς
1406 672 1759 743 προφητείαν,

206 752 415 803 ἐκεῖνον
440 751 641 819 λέγειν.

278 862 298 894 ι
336 843 573 897 Δύνασυε
619 846 728 918 γάρ
780 846 905 901 καθ’
947 848 1044 903 ἕνα
1098 850 1302 916 πάντες
1358 856 1717 935 προφητεύειν
1744 897 1759 921 ,

206 934 295 987 ἵνα
346 938 549 1002 πάντες
604 939 949 1009 μανθάνωσι,
1002 944 1098 997 καὶ
1152 944 1351 1011 πάντες
1406 948 1764 1018 παρακαλῶν-

206 1043 314 1079 ται.
363 1045 382 1077 ι

274 1117 445 1173 Τοῦτό
487 1137 660 1192 φησι,
704 1122 797 1176 τὸν
852 1124 1287 1197 ἑπιστομηθέντα
1335 1128 1761 1203 παραμυθούμε-

203 1231 313 1279 νος.

280 1328 300 1359 ι
331 1312 441 1365 Καὶ
472 1312 757 1384 πνεύματα
786 1316 1084 1388 προφητῶν
1116 1320 1431 1392 προφήταις
1463 1322 1763 1378 ὑποτάσσε-

200 1417 292 1456 ται
329 1421 348 1454 ι

274 1494 391 1545 Ἰνα
420 1494 496 1563 μὴ
544 1492 844 1562 φιλόνεικός
892 1513 979 1560 τις
1031 1493 1091 1571 ᾖ,
1119 1498 1151 1569 ἢ
1200 1499 1473 1570 βάσκανος
1497 1543 1513 1567 ,
1546 1504 1677 1558 αὐτὸ
1703 1504 1764 1558 τὺ

202 1582 443 1655 χάρισμα
485 1584 753 1638 δείκνυσιν
782 1587 1237 1660 ὑποτασσόμενον.
1274 1595 1513 1664 Πνεῦμα
1541 1596 1648 1667 γάρ
1676 1599 1763 1651 ὲν·

200 1675 372 1729 ταῦθα
418 1676 516 1745 τὴν
562 1677 843 1749 ἐνέργειαν
892 1680 1071 1749 λέγει’
1108 1683 1157 1735 εί
1202 1684 1259 1737 δὲ
1291 1687 1354 1739 τὸ
1387 1686 1601 1757 πνεῦμα
1633 1688 1765 1742 ὑπο-

200 1768 477 1832 τάσσεται,
514 1768 688 1839 mue
712 1770 758 1822 δ’
779 1769 846 1824 ἂν
876 1771 962 1825 σύ.

1949 596 1966 627 ι
1997 576 2156 630 Prior
2184 582 2384 629 taceat.
2420 592 2437 625 ι

1935 670 2056 725 Νοη
2105 668 2249 724 enim
2296 673 2720 722 consentaneum
2778 672 2931 729 erat,
2968 674 3029 719 ut
3059 666 3167 720 isto
3197 665 3266 720 ad
3300 681 3421 735 pro-

1868 762 2104 834 phetiam
2133 758 2513 815 ell‘undeudam
2537 758 2800 821 excitato,
2832 756 2919 812 ille
2942 757 3213 827 loquatur.

1942 853 2102 909 Vens.
2154 852 2240 906 51.
2277 870 2295 903 ι
2342 850 2577 906 Potestis
2616 851 2759 907 enim
2798 863 2989 904 omnes
3034 862 3131 918 per
3179 848 3428 917 singulos

1867 947 2210 1018 prophetare,
2240 952 2298 999 ut
2329 958 2519 999 omnes
2552 942 2784 1006 discant,
2807 951 2862 997 et
2906 955 3096 995 omnes
3127 940 3428 995 exhorter:-

1866 1048 2051 1178 tmlidc
2079 1123 2173 1190 ait,
2209 1131 2266 1178 ut
2294 1138 2417 1178 eum
2443 1122 2537 1194 qui
2580 1119 2727 1193 loqui
2760 1120 3069 1192 prohibitus
3097 1119 3188 1182 sit,
3219 1119 3427 1176 demul-

1865 1224 2101 1365 “vim.
2134 1307 2223 1363 32.
2265 1328 2283 1361 ι
2318 1306 2384 1360 Et
2430 1306 2659 1375 spiritus
2711 1306 3099 1378 prophetarum
3146 1304 3426 1376 prophetis

1865 1401 2098 1470 subjecti
2127 1407 2273 1455 sunt.
2311 1418 2330 1451 ι

1933 1493 2011 1550 Ne
2063 1493 2186 1563 quis
2234 1490 2610 1546 contentiosus
2659 1490 2911 1552 exsistat,
2942 1494 3036 1544 aut
3082 1488 3423 1553 invidiosus,

1866 1586 2107 1642 declarat
2136 1586 2425 1655 ipsummet
2453 1582 2657 1636 donum
2682 1582 2960 1637 subditum
2992 1597 3134 1637 esse.
3158 1581 3258 1635 Hic
3279 1580 3424 1635 enim

1866 1680 2085 1747 spiritus
2106 1676 2325 1731 nomine
2366 1675 2739 1745 operationem
2788 1675 2986 1729 innuit.
3017 1674 3176 1741 Quod
3216 1674 3263 1729 si
3315 1673 3427 1744 spi-

1867 1769 2006 1822 ritus
2037 1764 2346 1834 subjicitur,
2374 1773 2429 1817 tu
2465 1779 2684 1834 quoque
2715 1779 2744 1817 a
2775 1764 3006 1820 fortiori.

272 1876 292 1909 ι
330 1860 408 1913 Οὐ
463 1860 570 1930 γάρ
618 1863 769 1914 ἐστιν
819 1862 1231 1930 ἀκαταστασίας
1274 1870 1304 1921 ὀ
1342 1868 1491 1934 Θεὸς,
1520 1869 1658 1924 ἀλλὰ
1686 1872 1759 1924 εί·
1792 1844 1835 1899 Β
1932 1857 1942 1883 ¹

1749 1844 1835 1912 ,Β
1932 1857 2097 1911 Vens.
2148 1857 2237 1911 53.
2289 1873 2308 1907 ι
2356 1853 2473 1909 Νοη
2516 1856 2662 1909 enim
2710 1866 2794 1910 est
2844 1855 3208 1912 dissensionis
3258 1854 3419 1920 Deus,

206 1952 367 2022 ρήνης
394 1994 411 2018 ,
436 1952 513 2017 ὡς
562 1953 621 2006 ὲν
673 1952 875 2018 πάσαις
914 1958 1032 2021 ταῖς
1078 1958 1421 2030 Ἐκκλησίαις
1452 1962 1558 2015 τῶν
1585 1961 1758 2030 ἁγίων

198 2044 575 2116 διατάσσομαι.
619 2064 639 2098 s

262 2138 548 2191 Δείκνυσιν
580 2138 656 2201 ὡς
683 2138 780 2193 καὶ
808 2138 886 2209 τῷ
918 2138 1037 2212 Θεῷ
1075 2137 1233 2193 τοῦτο
1256 2140 1419 2207 δοκεῖ,
1451 2141 1537 2195 ἵνα
1582 2144 1755 2214 κρῖμα

196 2228 374 2305 ἔχωνό
403 2230 873 2300 ἀντιταττόμενος,
902 2231 977 2301 μὴ
1010 2231 1305 2302 φιλονεικῇ.

269 2339 289 2372 ι
327 2323 390 2374 Δί
424 2324 678 2389 γυναῖκες
704 2324 763 2374 ὲν
790 2325 909 2386 ταῖς
941 2322 1290 2393 Ἐκκλησίαις
1329 2325 1755 2393 σιγάτωσαν.ού

195 2412 301 2482 γὰρ
331 2412 687 2482 ἐπιτρέπεται
725 2414 916 2477 αὑταῖς
943 2412 1148 2477 λαλεῖν,
1181 2412 1298 2466 ἀλλ’
1333 2413 1755 2470 ὑποτασσέσθω-

197 2518 325 2564 σαν,
358 2501 540 2565 καθὼς
582 2504 677 2557 καὶ
707 2506 736 2557 ό
771 2504 933 2574 νόμος
962 2503 1131 2572 λέγει.
1162 2504 1225 2557 El
1264 2502 1321 2557 δέ
1356 2521 1407 2557 τι
1437 2506 1627 2575 μαθεῖν
1667 2507 1756 2560 θέ-

192 2594 353 2647 λωσιν
386 2595 444 2646 ἐν
486 2594 638 2663 οίκῳ,
669 2595 795 2658 τοὺς
852 2593 1014 2658 ίδίους
1058 2594 1257 2666 ἄνδρας
1300 2597 1752 2667 ἐπερωτάτωσαν.

190 2685 424 2757 Δὶσχρὸν
452 2687 561 2757 γάρ
588 2689 705 2741 ἐστι
734 2688 956 2756 γυναικὶ
992 2686 1172 2741 λαλεῖν
1208 2690 1268 2741 έν
1303 2688 1620 2761 Ἐκκλησία.
1660 2710 1678 2743 ι

257 2778 566 2848 Περικόψας
594 2778 684 2831 τὸν
708 2778 936 2851 θόρυϐον
963 2780 1056 2832 τὸν
1076 2779 1185 2833 άπὸ
1203 2780 1313 2834 τῶν
1345 2780 1629 2849 γλωσσῶν,
1658 2786 1752 2837 καὶ

186 2870 295 2922 τῶν
342 2872 707 2940 προφητειῶν,
735 2872 921 2925 λοιπὸν
972 2872 1066 2925 ἐπὶ
1096 2872 1197 2942 τὴν
1246 2872 1491 2945 ταραχὴν
1523 2874 1623 2944 τὴν
1648 2876 1753 2929 άπὸ

184 2960 294 3014 τῶν
339 2962 615 3029 γυναικῶν
665 2964 957 3034 γινομένην
1015 2963 1352 3035 μεταϐαίνει,
1384 2965 1483 3036 τὴν
1527 2967 1752 3037 άκαιρον

185 3054 364 3107 αὐτῶν
393 3056 674 3108 ἐκκόπτων
708 3056 1041 3125 παρρησίαν,
1076 3057 1171 3109 καὶ
1216 3056 1420 3129 σφόδρα
1458 3058 1748 3130 εὐκαίρως.

187 3146 250 3199 El
281 3146 392 3215 γὰρ
418 3148 529 3208 τοῖς
557 3144 626 3197 τά
657 3144 971 3216 χαρίσματα
1010 3145 1226 3216 ἔχουσιν
1258 3148 1445 3211 ἁπλῶς
1470 3149 1569 3203 οὐκ
1601 3150 1747 3218 ὲφίε-
1774 3186 1817 3246 C

182 3254 272 3290 ται
326 3236 533 3299 λαλεῖν,
566 3234 744 3305 πολλῷ
775 3236 972 3304 μᾶλλον
1024 3236 1283 3300 ἐκείναις.
1310 3238 1450 3302 Τοὺς
1475 3240 1671 3310 ἄνδρας
1692 3241 1750 3294 δὲ

182 3330 467 3398 ιφίστησιν
500 3327 677 3380 αὐτῶν
704 3327 1057 3391 διδασκάλους
1077 3368 1092 3390 ,
1130 3329 1476 3401 ἀμφοτέρους
1503 3332 1744 3401 ὠφελῶν.

196 3420 441 3482 ἐκείνας
483 3420 591 3487 γάρ
620 3418 849 3488 κοσμίας
879 3421 1299 3488 κατασκευάζει,
1326 3422 1545 3486 τούτους
1573 3423 1629 3476 δὲ
1662 3426 1747 3477 tv:

182 3511 447 3579 αγωνίους
478 3511 639 3572 ποιεῖ,
659 3509 752 3561 ἂτε
780 3508 843 3579 δὴ
874 3509 1163 3579 μέλλοντας
1188 3510 1328 3581 άπερ
1348 3514 1585 3583 ἧκουσαν
1609 3514 1748 3583 μετά

181 3603 384 3674 πολλῆς
414 3601 702 3672 ἀκριϐείας
750 3602 871 3665 ταῖς
900 3602 1113 3669 γυναιξὶ
1162 3604 1575 3674 παρατίθεσθαι.
1606 3607 1746 3675 Ὅρα

180 3694 237 3746 δὲ
261 3692 371 3746 ἀπὸ
402 3693 583 3744 πόσων
612 3690 771 3744 τοῦτο
798 3690 1217 3755 κατασκευάζει.
1249 3692 1468 3763 Πρῶτον
1492 3694 1589 3762 μὲν
1637 3695 1744 3747 ἀπὸ

181 3782 272 3836 τοῦ
316 3783 485 3853 νόμου
514 3779 608 3834 τοῦ
658 3780 815 3849 Θεοῦ,
848 3781 1043 3834 ἔπειτα
1082 3782 1190 3835 ἀπὸ
1219 3782 1314 3835 τοῦ
1360 3784 1619 3854 λογισμοῦ
1647 3786 1741 3839 τοῦ

183 3872 361 3927 κοινοῦ
403 3873 498 3925 καὶ
541 3871 641 3941 τῆς
689 3869 999 3941 συνηθείας.
1029 3872 1170 3941 Πρὸς
1190 3871 1247 3924 δὲ
1278 3872 1486 3936 τούτοις
1516 3875 1607 3926 καὶ
1634 3876 1741 3928 ἀπὸ

180 3966 285 4018 τῶν
330 3966 469 4017 πάσι
498 3962 799 4015 δοκούντων
830 3963 924 4016 καὶ
958 3962 1235 4033 πανταχοῦ
1268 3964 1624 4017 τυπωθέντων
1656 3966 1741 4020 ἐν·

179 4056 388 4127 τρέπει.
444 4052 614 4107 Τοῦτο
662 4054 769 4122 γάρ
824 4053 971 4105 ἑστιν
1004 4053 1033 4105 ὃ
1062 4053 1230 4122 λέγει,
1262 4057 1337 4109 “Η
1386 4056 1488 4125 ἀφ’
1516 4055 1683 4125 ὑμῶν
1705 4060 1739 4112 ὁ

180 4152 359 4218 λόγος
402 4146 507 4201 τοῦ
543 4146 689 4199 Θεοῦ
721 4145 1049 4215 ἐξῆλθεν-,ἣ
1090 4148 1177 4213 εὶς
1209 4148 1365 4216 ὑμᾶς
1386 4151 1577 4217 μόνον
1608 4164 1739 4203 κατ.

180 4241 442 4307 ﬁrmas;
471 4238 700 4309 Καὶγάρ
727 4240 825 4300 τάς
868 4237 1059 4301 λοιπάς
1100 4238 1423 4308 Ἐκκλησίας
1447 4241 1735 4311 παρήγαγε

178 4333 363 4386 τοῦτον
407 4332 791 4394 πιστευθείσας
835 4333 926 4384 τὸν
972 4332 1155 4401 νόμον.
1197 4333 1270 4385 Οὐ
1328 4334 1488 4401 μόνον
1519 4334 1578 4386 δὲ
1628 4334 1735 4387 άπὸ

176 4424 401 4489 τούτων,
442 4422 577 4475 ἀλλὰ
608 4424 697 4474 καὶ
727 4423 861 4490 ὅπερ
894 4417 961 4491 ἦν
990 4422 1334 4491 ἰσχυρότερον
1389 4423 1630 4486 πάντων,
1656 4425 1735 4477 τί·

1856 1953 1950 2009 sed
1987 1953 2137 2022 pacis
2167 1969 2180 2004 :
2208 1950 2353 2005 sicut
2401 1958 2457 2005 et
2504 1950 2557 2004 in
2594 1950 2847 2005 omnibus
2882 1949 3145 2007 Ecclesiis
3198 1960 3422 2006 sancto-

1856 2060 1975 2098 rum
2009 2043 2201 2098 doceo.
2230 2061 2249 2095 ι

1924 2136 2177 2191 Ostendit
2226 2135 2329 2190 hoc
2371 2150 2590 2206 quoque
2635 2134 2743 2189 Deo
2775 2134 3013 2205 placere,
3046 2149 3114 2189 ne
3161 2134 3422 2189 adversa-

1854 2228 1968 2282 rius
1989 2236 2200 2296 arrepta
2226 2229 2516 2281 occasione
2540 2225 2870 2281 contendere
2902 2226 3057 2280 velit.

1928 2318 2087 2375 Vens.
2110 2320 2202 2382 54,
2227 2320 2346 2373 55.ι
2374 2319 2628 2374 Mulieres
2654 2318 2709 2373 in
2740 2317 2999 2373 Ecclesiis
3029 2326 3242 2372 taceant
3266 2334 3281 2371 τ
3310 2332 3420 2373 non

1853 2413 1994 2468 enim
2031 2412 2360 2484 permittitur
2403 2411 2484 2465 eis
2518 2410 2688 2481 loqui,
2722 2409 2816 2465 sed
2848 2407 3096 2465 subditas
3126 2424 3247 2465 esse
3271 2449 3287 2474 ,
3320 2411 3420 2465 sic-

1855 2515 1911 2559 ut
1937 2514 1984 2559 el
2020 2507 2097 2560 lex
2130 2504 2282 2559 dicit.
2324 2504 2381 2557 Si
2411 2503 2541 2574 quid
2577 2511 2758 2557 autem
2786 2502 2976 2556 volunt
3008 2502 3241 2569 discere,
3268 2502 3417 2558 domi

1852 2601 1998 2653 viros
2021 2614 2150 2653 suos
2181 2593 2744 2668 interrogenLTurpe
2773 2603 2858 2651 est
2894 2595 3041 2651 enim
3089 2596 3302 2651 mulieri
3334 2597 3416 2651 lu-

1851 2692 1942 2762 qui
1978 2692 2030 2745 itt
2062 2690 2326 2744 Ecclesia.
2369 2707 2387 2740 ι

1921 2778 2176 2833 Tutnultu
2216 2778 2543 2849 composito,
2579 2776 2671 2848 qtti
2701 2778 2994 2834 occasione
3014 2776 3283 2833 donorum
3312 2778 3409 2833 litt-

1850 2886 2077 2940 guarum
2123 2879 2178 2925 et
2221 2870 2518 2941 pr0phetiae
2562 2879 2719 2924 ortus
2777 2880 2919 2934 erat,
2950 2870 3144 2925 transit
3180 2868 3246 2924 ad
3275 2878 3405 2927 stre-

1851 2964 2022 3033 pitum
2065 2976 2226 3032 quem
2278 2962 2537 3015 mulieres
2588 2961 2895 3016 excitarent
2923 2970 3017 3025 ,et
3050 2961 3411 3031 importunam

1850 3052 2151 3107 libertatem
2179 3065 2367 3105 earum
2406 3050 2735 3122 comprimit,
2763 3049 2929 3121 idque
2976 3051 3225 3120 apposite
3255 3066 3409 3121 pror-

1850 3160 1965 3199 sus.
1992 3143 2279 3197 Enimvero
2316 3144 2362 3197 si
2414 3144 2483 3198 iis
2541 3143 2636 3214 qui
2670 3143 2881 3214 praediti
2902 3142 3285 3207 essentdouis,
3315 3159 3409 3199 ne-

1849 3234 2066 3303 quidem
2097 3247 2355 3287 concessa
2378 3241 2497 3287 erat
2526 3233 2783 3303 loquendi
2813 3232 3057 3297 licentia,
3098 3234 3271 3289 multo
3296 3250 3410 3289 tua-

1849 3327 1931 3394 gis
1963 3326 2101 3379 istis.
2136 3323 2297 3379 Viros
2340 3339 2505 3395 porro
2536 3325 2823 3379 constituit
2844 3324 2941 3395 qui
2984 3341 3078 3380 eas
3105 3326 3409 3390 erudirent,

1847 3417 1991 3472 haud
2016 3419 2134 3472 sine
2166 3426 2525 3487 utrorumque
2571 3418 2960 3473 emolumento.
2991 3418 3119 3473 lllas
3142 3420 3286 3474 enim
3319 3420 3409 3474 ho-

1846 3520 2028 3564 nestas
2084 3525 2205 3565 esse
2236 3511 2396 3575 vult;
2432 3514 2532 3566 hos
2580 3520 2764 3565 autem
2798 3512 3065 3567 instantes
3109 3513 3261 3581 operi
3293 3530 3307 3567 :
3350 3521 3410 3567 ut

1844 3618 2036 3668 nempe
2065 3617 2128 3657 ea
2157 3616 2279 3671 quae
2332 3602 2624 3667 audirent,
2652 3601 2931 3655 uxoribus
2950 3603 3099 3657 omni
3127 3601 3407 3673 diligentia

1842 3695 2152 3749 recitarunt.
2172 3693 2382 3763 Inspice
2404 3708 2533 3747 vero
2553 3692 2755 3763 quibus
2784 3692 2839 3769 i_d
2864 3693 3156 3749 momentis
3175 3704 3403 3750 astruat.

1840 3786 2085 3839 Primum
2122 3786 2339 3855 quidem
2374 3798 2404 3837 a
2450 3785 2566 3854 lege
2614 3782 2704 3837 Dei
2745 3783 2989 3847 ;deinde
3041 3800 3072 3839 a
3124 3787 3404 3841 communi

1840 3895 2004 3935 sensu
2036 3885 2092 3933 et
2145 3875 2561 3932 consuetudine.
2595 3875 2673 3929 Ad
2727 3877 2840 3930 haec
2884 3876 3048 3931 etiam
3100 3893 3195 3932 eos
3235 3879 3405 3950 pudc-

1842 3972 1970 4025 facit
1999 3986 2029 4023 a
2054 3970 2331 4024 communi
2360 3969 2603 4022 omnium
2639 3968 2934 4032 sententia,
2958 3978 3013 4023 et
3040 3969 3107 4023 iis
3139 3986 3262 4040 quae
3288 3970 3404 4025 ubi-

1835 4080 1942 4133 que
1986 4062 2191 4117 saucita
2235 4068 2412 4115 erant.
2460 4058 2569 4113 lloc
2616 4062 2760 4114 enim
2804 4059 3096 4129 significat,
3127 4063 3217 4116 ubi
3279 4062 3400 4117 ait:

1838 4155 2091 4225 Nunquid
2126 4171 2160 4207 a
2186 4153 2329 4208 vobis
2359 4151 2516 4223 114
2552 4152 2774 4206 Verbum
2796 4152 2895 4206 Dei
2923 4155 3176 4221 processit
3202 4155 3226 4209 .’
3257 4172 3325 4209 an
3348 4158 3403 4209 in

1834 4265 1922 4303 vos
1958 4247 2130 4302 solum
2161 4246 2430 4315 peruenit?
2456 4244 2588 4299 Nam
2620 4244 2895 4301 Ecclesias
2926 4260 3119 4301 omnes
3146 4246 3401 4303 laudave-

1834 4352 1940 4409 rat,
1976 4343 2175 4413 quibus
2202 4340 2471 4409 ejusmodi
2501 4340 2586 4394 lex
2616 4338 2935 4395 concredita
2968 4348 3108 4394 erat.
3130 4339 3272 4405 Quin
3304 4356 3403 4396 nec

1835 4434 1957 4489 istis
1984 4434 2249 4486 duntaxat
2295 4430 2630 4499 argumentis
2688 4430 2882 4491 utitur.
2904 4430 2997 4485 sed
3030 4442 3080 4484 et
3122 4430 3270 4501 quod
3299 4448 3402 4486 ca-

177 4516 297 4586 θησι
328 4516 388 4569 τὸ
437 4516 519 4568 ὅτι
546 4516 605 4567 Ὀ
638 4513 768 4577 Θεὸς
814 4514 986 4567 ταῦτα
1035 4514 1129 4566 καὶ
1176 4514 1271 4567 νῦν
1316 4516 1639 4585 προστάττει
1667 4517 1733 4569 δι’
1766 4522 1809 4577 D
1837 4535 1847 4579 ι

1730 4521 1809 4577 ’1)
1837 4525 1968 4579 teris
2018 4523 2275 4577 omnibus
2332 4520 2564 4575 validius
2616 4530 2737 4583 est.
2778 4520 2882 4574 hoc
2932 4518 3082 4573 addit
3116 4538 3130 4574 :
3162 4518 3267 4575 Per
3314 4536 3400 4575 tuo

177 4609 327 4677 ἐμοῦ.
380 4608 419 4660 Γ
426 4608 695 4660 ινωσκέτω
746 4606 854 4676 γάρ
909 4605 1083 4659 ταῦτα
1126 4606 1163 4661 ἃ
1196 4607 1411 4677 γράφω,
1444 4609 1630 4679 φησὶν,
1658 4608 1737 4661 ὅτι

176 4700 378 4772 Κυρίου
413 4698 554 4752 εἰσὶν
586 4696 815 4750 ἑντολαί.

245 4900 265 4933 ι
306 4882 379 4934 Ἢ
408 4882 503 4949 ἀφ’
542 4878 695 4950 ὑμῶν
729 4878 758 4929 ὀ
803 4876 961 4946 λόγος
999 4876 1095 4930 τοῦ
1140 4876 1274 4930 Θεοῦ
1309 4876 1564 4946 ἐξῆλθεν;
1596 4876 1629 4947 ἢ
1657 4878 1735 4943 εἰς

176 4974 314 5043 ὑμᾶς
354 4974 547 5042 μόνους
568 4971 943 5040 κατήντησενς
978 4968 1043 5021 Εἰ
1088 4984 1171 5031 τις
1213 4969 1361 5022 δοκεῖ
1410 4969 1693 5038 προφήτης
1717 5008 1733 5034 ,

176 5062 327 5129 εἶναι,
351 5065 385 5134 ἧ
418 5062 801 5132 πνευματικὸς,
842 5059 1249 5127 ὶπιγινωσκέτω
1279 5057 1315 5112 ἃ
1344 5058 1538 5129 γράφω
1566 5058 1695 5125 ὑμῖν
1714 5096 1731 5123 ,

173 5160 251 5211 ὅτι
288 5157 495 5227 Κυρίου
527 5154 665 5207 εἰσὶν
695 5153 931 5219 ειντολαὶ.
976 5170 995 5204 ι

239 5250 380 5303 Οὖτε
404 5248 511 5319 γάρ
534 5245 691 5300 τοῦτο
716 5245 781 5299 ἂν
802 5245 973 5315 ἔχοιτε
988 5247 1187 5309 εἰπεῖν,
1211 5242 1395 5314 φησὶν,
1428 5243 1508 5295 ὅτι
1542 5241 1732 5311 Ἡμεῖς

173 5340 273 5393 τῶν
303 5340 480 5395 ἄλλων
505 5336 811 5391 διδάσκαλοι
846 5335 1166 5407 ἑγενόμεᾶι,
1203 5336 1295 5387 καὶ
1318 5335 1417 5387 οὐκ
1446 5334 1513 5387 ἂν
1542 5332 1732 5402 εἴημεν

173 5435 367 5488 δίκαιοι
421 5434 551 5504 παρ’
598 5432 798 5503 ἑτέρων
845 5429 1136 5501 μανθάνειν
1162 5446 1175 5459 ’
1208 5427 1332 5481 οὔτε
1378 5428 1459 5480 ὅτι
1499 5423 1731 5478 ενταῦθα

173 5526 296 5594 ἔστη
324 5523 396 5577 τὰ
417 5524 519 5593 τῆς
544 5523 778 5585 πίστεως
805 5522 986 5592 μόνον,
1020 5520 1114 5574 καὶ
1140 5520 1200 5573 ού
1232 5520 1337 5590 χρὴ
1373 5517 1503 5587 παρ’
1529 5516 1729 5587 ἐτέρων

173 5619 235 5672 τά
266 5616 690 5687 παραδείγματα
714 5615 980 5685 δέχεσθαι.

241 5733 260 5765 ι
291 5714 353 5767 El
391 5713 449 5766 δέ
478 5731 557 5777 τις
585 5714 789 5781 ἀγνοεῖ,
812 5710 1093 5779 ἀγνοείτω.
1132 5730 1153 5762 ι

235 5806 393 5871 Τίνος
437 5805 622 5862 ἕνεκεν
663 5804 818 5861 τοῦτο
867 5804 1143 5873 ὲπήγαγε;
1171 5802 1448 5859 Δείκνυσιν
1491 5802 1571 5858 ὅτι
1601 5800 1722 5859 οὔτε

1838 4616 1983 4671 Deus
2034 4630 2178 4669 nunc
2225 4628 2443 4683 quoque
2472 4613 2588 4667 haec
2620 4612 2856 4665 ordinat.
2890 4610 3088 4665 Notum
3131 4612 3205 4666 sit
3231 4612 3397 4674 enim,

1837 4707 2154 4777 inquit,ea
2209 4720 2331 4775 quae
2387 4703 2549 4759 modo
2603 4703 2827 4767 scribo,
2858 4700 3069 4756 Domini
3128 4714 3396 4773 praecepta

1835 4812 1979 4854 esse.

1909 4889 2071 4942 Vens.
2092 4886 2183 4950 56,
2206 4886 2296 4940 57.
2319 4902 2339 4936 ι
2362 4886 2442 4937 An
2474 4898 2504 4937 a
2536 4882 2690 4937 vobis
2716 4881 2939 4936 verbum
2970 4878 3063 4936 Dei
3096 4880 3397 4951 processit?

1834 4994 1904 5033 an
1932 4978 1986 5032 iu
2017 4992 2113 5031 vos
2142 4976 2319 5029 solum
2348 4974 2588 5045 pervenit
2610 4971 2706 5026 ?Si
2735 4972 2859 5040 quis
2890 4971 3105 5025 videtur
3134 4971 3394 5041 propheta

1832 5084 1976 5131 esse,
2013 5073 2106 5121 aut
2150 5064 2474 5134 spiritualis,
2506 5070 2802 5132 cognoscat
2832 5076 2953 5131 qua:
3001 5061 3185 5117 scribo
3212 5062 3391 5129 vobis,

1832 5162 1958 5230 quia
1993 5156 2354 5211 Domiuieunt
2397 5154 2672 5207 mandata.
2714 5172 2731 5203 ι

1902 5248 2088 5318 Neque
2120 5246 2268 5300 enim
2317 5246 2421 5299 hoc
2476 5245 2657 5299 dicere
2710 5245 2959 5314 possitis,
2989 5241 3188 5313 inquit,
3218 5243 3391 5300 factos

1831 5355 1929 5396 vos
1955 5353 2075 5393 esse
2106 5338 2359 5392 doctores
2416 5335 2673 5399 aliorum,
2719 5350 2822 5389 nec
2872 5334 3101 5404 proinde
3144 5350 3244 5405 par
3269 5352 3393 5392 esse

1831 5444 1888 5487 ut
1917 5432 1986 5485 ab
2023 5429 2147 5484 aliis
2196 5428 2463 5485 discatis:
2497 5435 2590 5483 aut
2645 5426 2793 5498 quod
2852 5426 2977 5481 ﬁdei
3028 5428 3303 5498 negotium
3334 5430 3389 5484 in

1828 5522 1933 5577 hoc
1962 5521 2227 5576 duntaxat
2247 5519 2689 5586 constiterit,uec
2718 5533 2854 5588 opus
2882 5518 2953 5573 sit
2982 5520 3051 5574 ab
3071 5520 3193 5575 aliis
3207 5536 3389 5579 exem—

1827 5615 1911 5685 pla
1950 5628 2189 5669 sumere.

1898 5705 2061 5761 Vsus.
2097 5706 2187 5761 38.
2224 5724 2242 5757 ι
2280 5705 2338 5761 Si
2367 5704 2491 5777 quis
2521 5705 2749 5775 ignorat,
2782 5703 3011 5773 ignoret.
3045 5719 3064 5754 ι

1901 5798 2010 5855 Cur
2060 5798 2224 5856 verbo
2279 5797 2383 5854 hoc
2436 5795 2971 5869 subjunxit?utique
3024 5802 3082 5847 ut
3126 5791 3373 5849 ostendat
