4230 6438
814 425 912 485 687

1997 418 2054 475 S.
2095 416 2409 474 JUANNIS
2448 414 2868 475 DAMASCENI

3928 420 4035 481 688

807 553 873 619 se
899 547 1237 604 nequaquam
1266 533 1370 584 vim
1434 530 1652 595 inferre,
1686 544 1785 582 nec
1827 533 2154 583 contendere
2187 546 2199 580 ε
2228 532 2371 596 quod
2403 531 2446 587 Α

2365 532 2371 579 ι
2403 531 2446 587 Α
2477 528 2743 597 βιάζεται,
2769 526 2892 582 οὔτε
2917 526 3240 596 φιλονεικεῖ·
3270 529 3405 600 ὅπερ
3432 528 3657 600 σημεῖόν
3685 529 3799 582 ἐστι
3831 530 3942 583 τῶν
3969 534 4035 585 οὐ

818 629 976 697 plane
1004 634 1325 697 argumento
1345 634 1450 687 est,
1481 638 1602 676 eum
1634 637 1698 675 ex
1728 621 1837 676 illis
1868 636 1973 675 non
1999 636 2119 675 esse
2154 621 2245 690 qui
2269 635 2367 673 sua

818 728 1058 773 statuere
1097 717 1286 780 velint,
1317 715 1412 770 sed
1468 730 1529 768 ex
1589 713 1669 768 eis
1713 712 1806 784 qui
1864 710 2181 781 provideant
2224 707 2367 773 aliis,

818 829 937 882 qua:
961 811 1093 881 ipsis
1141 810 1296 863 utilia
1337 808 1464 862 sint.
1501 804 1653 859 Unde
1689 813 1743 857 et
1784 802 1979 857 alicubi
2010 803 2082 856 ait
2113 821 2125 854 :
2168 800 2226 855 Si
2253 801 2370 871 quis

819 904 926 957 rult
954 902 1305 956 contentiosus
1333 914 1462 959 esse,
1496 914 1589 949 nos
1625 895 1781 948 talem
1810 893 2240 946 consuetudinem
2270 907 2370 944 non

820 996 1087 1049 habemus.
1146 993 1465 1059 Quanquam
1522 1002 1628 1042 non
1707 987 1907 1055 ubique
1953 984 2006 1039 id
2073 981 2372 1048 facit,sed

819 1088 1038 1158 quando
1066 1085 1205 1138 haud
1259 1082 1414 1136 valde
1462 1080 1647 1150 gravia
1680 1088 1902 1147 peccata
1936 1085 2063 1131 sunt
2096 1093 2110 1130 :
2141 1086 2377 1143 tuncque

821 1189 880 1233 ut
909 1180 1114 1247 pudore
1146 1178 1350 1244 majore
1394 1170 1687 1227 sull‘undat.
1726 1169 1859 1222 Nam
1900 1167 2119 1237 quando
2161 1166 2227 1221 de
2255 1165 2377 1220 aliis

821 1272 1082 1341 disputat,
1113 1284 1218 1322 non
1250 1267 1324 1320 ita
1369 1264 1623 1334 loquitur.
1655 1260 1887 1325 Quinam
1915 1276 2045 1312 vero
2077 1261 2098 1313 ?
2130 1258 2210 1311 Ne
2241 1274 2379 1311 erre-

824 1368 889 1415 tis
909 1402 922 1423 ,
962 1361 1167 1429 inquit,
1198 1375 1357 1427 neque
1391 1357 1759 1424 fornicatores,
1792 1367 1951 1418 neque
1998 1350 2225 1403 adulteri
2250 1391 2264 1414 ,
2293 1366 2381 1404 nc-

823 1473 918 1525 que
956 1454 1138 1507 molles
1188 1467 1399 1521 regnum
1440 1450 1535 1503 Dei
1565 1448 1899 1517 possidebunt
1935 1445 1997 1496 ⁸³.
2024 1442 2333 1496 Ειι-ιιτευιη
2365 1459 2377 1493 :

824 1547 955 1601 Ecce
982 1562 1074 1614 ego
1105 1544 1301 1597 Paulus
1335 1543 1451 1594 dico
1473 1540 1635 1603 vobis,
1659 1540 1927 1610 quoniam,
1949 1539 1995 1590 si
2041 1535 2385 1588 circumcida-

824 1642 972 1702 mini,
1008 1638 1250 1692 Christus
1292 1636 1431 1689 vobis
1481 1650 1584 1688 non
1613 1634 1843 1703 proderit
1867 1634 1935 1685 ”.
1970 1629 2068 1683 liic
2101 1644 2227 1683 vero
2256 1629 2382 1699 quia

824 1734 890 1786 de
918 1733 1133 1787 silentio
1170 1743 1350 1785 sermo
1391 1736 1497 1791 est,
1531 1741 1647 1781 rem
1691 1740 1799 1779 non
1829 1724 2177 1777 vehementer
2209 1726 2383 1789 urget,

824 1825 917 1878 sed
948 1823 1129 1893 potius
1161 1834 1256 1874 eos
1287 1818 1571 1873 suadendo
1614 1814 1926 1883 compellat.

897 1934 917 1966 ι
949 1881 1152 1982 itaque,
1184 1912 1402 1973 fratres,
1424 1881 1757 1963 annnlamini
1790 1904 2134 1976 prophetare,
2156 1911 2209 1956 et
2236 1902 2383 1972 loqui
2417 1881 2458 1939 Β

824 2006 1026 2076 linguis
1055 2004 1221 2058 nolite
1248 2001 1554 2071 prohibere.
1583 2016 1601 2051 ι

892 2095 1050 2151 Redit
1080 2096 1276 2148 iterum
1328 2090 1394 2144 ad
1433 2094 1810 2158 argumentum
1847 2084 2017 2155 prius.
2048 2080 2264 2137 Videsis
2295 2094 2386 2132 au-

822 2199 933 2242 tem
963 2185 1239 2256 quomodo
1272 2183 1337 2236 ad
1372 2182 1531 2235 linem
1571 2195 1747 2249 usque
1780 2177 2074 2231 discrimen
2124 2173 2386 2227 observa-

827 2281 902 2331 iit
930 2320 946 2343 ,
973 2284 1035 2331 ut
1067 2274 1199 2329 illud
1228 2273 1448 2344 quidem
1507 2270 1879 2326 necessarium
1928 2265 2244 2327 allii-uiaret,
2285 2265 2388 2318 boc

824 2385 954 2425 vero
989 2380 1333 2437 nequaquam
1370 2381 1383 2416 :
1417 2364 1544 2418 dum
1610 2376 1803 2429 nempe
1832 2359 1899 2421 de
1931 2357 2025 2411 illo
2054 2353 2269 2424 quidem
2290 2352 2383 2417 ait,

825 2460 1152 2518 mnulumini
1180 2475 1197 2522 ς
1228 2457 1296 2513 de
1324 2455 1435 2517 isto
1464 2470 1612 2510 vero.
1645 2453 1804 2507 nolite
1831 2447 2126 2518 prohibere.

898 2552 1063 2609 Vens.
1087 2552 1178 2606 40.
1216 2568 1233 2600 ι
1281 2547 1476 2603 Omnia
1507 2555 1688 2599 autem
1742 2544 1969 2597 honeste
1996 2546 2053 2593 et
2081 2534 2379 2594 secundum

826 2645 1073 2700 ordinem
1102 2642 1255 2696 liant.
1296 2657 1315 2690 ι

900 2733 1013 2790 Hoc
1036 2734 1244 2789 dictum
1286 2728 1492 2791 intulit,
1522 2737 1583 2780 ut
1631 2734 1828 2778 cuneta
1874 2721 2023 2776 velut
2076 2720 2130 2774 in
2177 2731 2388 2774 summa

829 2833 1182 2898 componeret
1208 2832 1265 2879 et
1290 2819 1625 2878 emendaret.
1698 2827 1705 2839 τ

1446 2947 1597 3003 CAP.
1638 2943 1751 3000 XV.

902 3068 1069 3124 Vatis.
1098 3068 1149 3122 1.
1189 3086 1207 3119 ι
1244 3064 1440 3119 Notum
1490 3071 1671 3117 autem
1738 3058 1891 3117 vobis
1949 3056 2089 3111 facio
2121 3097 2135 3119 ,
2169 3056 2385 3119 fratres,

834 3161 1204 3233 ilvangelium,
1240 3157 1388 3229 quod
1446 3155 1731 3226 practlicavi
1767 3134 1920 3206 vobis
1941 3192 1955 3215 ,
1985 3151 2125 3220 quod
2157 3159 2212 3205 et
2234 3166 2389 3204 acce-

834 3255 1013 3325 pistis,
1036 3262 1090 3305 et
1118 3251 1173 3304 in
1198 3265 1308 3320 quo
1331 3248 1512 3303 statis.
1556 3267 1574 3297 ι

904 3348 1165 3402 Absoluta
1190 3343 1561 3413 disputatione
1592 3338 1661 3395 de
1705 3336 2104 3409 spiritualibus,
2134 3334 2202 3389 ad
2230 3335 2391 3389 aliam

833 3440 1080 3494 onmimn
1112 3436 1348 3490 maxime
1380 3432 1742 3487 necessariam
1774 3444 1897 3484 sese
1938 3428 2229 3491 convertit,
2264 3434 2393 3497 puta

835 3532 902 3585 ad
935 3528 1215 3591 materiam
1271 3521 1709 3580 resurrectionis.
1760 3520 1895 3574 Nam
1956 3519 2060 3574 hoc
2108 3519 2166 3572 in
2222 3519 2397 3588 capite

835 3623 990 3680 valde
1039 3619 1396 3676 desudabant.
1436 3617 1569 3671 Cum
1629 3613 1827 3670 ctenim
1858 3613 1972 3666 haec
2002 3611 2181 3666 omnis
2212 3619 2396 3665 nostra

837 3712 1057 3785 sit‘spes
1081 3752 1099 3778 ,
1130 3711 1197 3767 ad
1246 3726 1365 3766 eam
1410 3705 1827 3779 Oppugnandam
1861 3703 2249 3758 vehementiori
2281 3710 2395 3756 stu-

837 3808 930 3862 dio
959 3806 1209 3862 diabolus
1260 3800 1569 3858 insistebat.
1595 3799 1671 3853 Ac
1699 3797 1859 3851 modo
1892 3794 2112 3865 quidem
2150 3808 2271 3848 eam
2301 3810 2393 3864 pe-

839 3900 988 3953 nitus
1017 3896 1239 3952 tollebat
1270 3912 1285 3959 ;
1316 3891 1478 3946 modo
1511 3897 1691 3943 autem
1730 3886 1841 3956 jam
1887 3884 2085 3940 factam
2113 3897 2235 3939 esse
2272 3898 2399 3937 nar-

840 3990 1036 4049 rabat;
1064 3983 1521 4056 quemadmodum
1553 3980 1747 4048 nemp'e
1784 3977 1851 4030 ad
1882 3975 2233 4030 Timotheum
2288 3976 2392 4029 aie-

841 4080 932 4134 bat
971 4078 1204 4131 Paulus:
1240 4072 1321 4127 Ex
1339 4072 1527 4136 quibus
1559 4080 1636 4123 est
1671 4068 1988 4138 llyntenceus
2045 4077 2095 4119 et
2136 4066 2394 4129 Philetas,

837 4170 926 4239 qui
951 4190 982 4221 ιι
1005 4168 1219 4221 veritate
1239 4163 1564 4224 exciderunt,
1581 4160 1809 4213 dicentes
1835 4158 2262 4218 resurrectionem
2290 4173 2400 4210 esse

837 4266 948 4330 jam
975 4262 1172 4328 [actam
1200 4255 1621 4324 ".Quandoque
1645 4267 1862 4308 rursum
1903 4251 2157 4306 dicebant
2202 4265 2400 4320 corpus

841 4370 949 4410 non
980 4366 1284 4422 resurgere,
1312 4348 1406 4403 sed
1438 4346 1896 4402 resurrectionem
1946 4343 2081 4397 nihil
2105 4358 2226 4398 esse
2253 4342 2397 4397 aliud

839 4455 1200 4517 pranerquam
1258 4441 1636 4509 purgationem
1670 4436 1883 4488 animat.
1915 4433 2114 4488 Contra
2167 4434 2266 4489 has
2299 4436 2399 4505 igi-

2467 622 2540 673 τὰ
2565 620 2745 675 αὐτῶν
2776 620 3115 692 βουλομένων
3146 623 3319 692 ἱστᾷν.
3344 620 3479 675 ἀλλὰ
3504 620 3563 674 τὸ
3595 620 3802 693 ἑτέροις
3824 623 4038 693 συμφέ-

2470 728 2562 782 ρον
2593 712 2957 766 σκοπούντων.
2982 711 3077 765 Διδ
3118 712 3214 765 καὶ
3242 711 3478 783 ἀλλαχοῦ
3520 730 3686 783 φησιν
3709 728 3724 743 ·
3752 713 3823 767 ει
3844 711 3915 766 δέ
3946 731 4041 780 τις

2468 802 2635 856 δοκεῖ
2648 806 2983 872 φιλόνεικος
3028 800 3201 872 εἶναι,
3248 804 3363 872 τὴν
3406 806 3689 873 τοιαύτην
3708 804 4042 872 σννήθειαν

2470 897 2581 949 οὐκ
2621 895 2857 967 ἔχομεν.
2901 896 3040 950 Ἀλλ’
3077 897 3138 950 οὒ
3196 895 3471 967 πανταχοῦ
3505 896 3662 950 τοῦτο
3712 898 3892 961 ποιεῖ,
3920 895 4041 950 ἀλλ’

2472 988 2602 1041 ἔνθα
2629 989 2704 1060 μὴ
2725 989 2930 1060 σφόδρα
2960 989 3171 1058 μεγάλα
3192 988 3260 1043 τὰ
3280 988 3704 1060 ἁμαρτανόμενα
3725 983 3784 1061 ᾖ,
3805 988 3902 1041 καὶ
3918 987 4043 1040 τότε

2474 1080 2751 1150 ἐντρέπων
2784 1080 3003 1150 μᾶλλον.
3052 1081 3204 1136 Ἐπεὶ
3228 1080 3357 1135 ὅταν
3396 1081 3525 1153 περὶ
3553 1080 3754 1152 ἑτέρων
3784 1077 4043 1149 διαλέγη-

2474 1189 2583 1237 ται,
2635 1172 2694 1223 οὐ
2747 1171 2891 1239 λέγει
2927 1171 3117 1236 οὕτως.
3161 1172 3322 1227 Ἀλλὰ
3364 1172 3480 1236 πῶς
3512 1190 3527 1240 ;
3564 1172 3662 1242 Μὴ
3705 1171 4045 1233 πλανᾶσθε.

2478 1264 2615 1315 οὔτε
2641 1264 2869 1329 πόρνοι,
2902 1264 3041 1318 οὔτε
3065 1250 3325 1333 μαλακοὶ
3356 1264 3688 1328 ,ϐασιλειαν
3711 1262 3863 1318 Θεοῦ
3894 1264 4045 1329 κλη-

2471 1354 2902 1447 ρονομήσουσι.
2932 1356 3042 1410 Καὶ
3072 1355 3251 1410 πάλιν·
3270 1354 3419 1426 Ἐγῶ
3437 1355 3677 1422 Παῦλος
3693 1353 3850 1423 λέγω
3874 1353 4043 1423 {miro

2480 1445 2567 1498 ὅτι
2599 1445 2706 1500 ἐὰν
2738 1445 3187 1516 περιτέμνησθε,
3214 1448 3468 1515 Χριστὸς
3494 1446 3650 1517 ὑμᾶς
3680 1446 3861 1502 οὐδὲν
3890 1446 4045 1515 ὡφε-

2481 1539 2681 1605 λήσει.
2728 1538 2991 1592 Ἐνταῦθα
3017 1540 3075 1593 δὲ
3116 1540 3303 1612 ἐπειδὴ
3336 1541 3466 1613 περὶ
3516 1539 3678 1611 σιγῆς
3701 1536 3820 1611 ἦνὸ
3861 1539 4045 1607 λόγος.

2483 1633 2543 1684 οὗ
2568 1631 2771 1701 σφόδρα
2818 1632 3118 1687 ἐπιτίθεται
3142 1672 3158 1698 ,
3186 1633 3336 1705 αὐτῷ
3381 1632 3559 1704 τούτῳ
3601 1632 3801 1705 μᾶλλον
3850 1633 4046 1696 αὐτοὺς

2487 1742 2551 1777 πε
2561 1724 2918 1796 ρισπώμενος.

2560 1922 2579 1955 ι
2612 1905 2794 1970 Ὥστε,
2818 1905 3034 1975 ἀδελφοί
3084 1923 3209 1975 μου,
3244 1904 3471 1976 ζηλοῦτε
3526 1906 3589 1959 τὸ
3634 1903 4004 1977 προφητεύειν
4030 1944 4046 1965 ,

2488 1998 2660 2050 καὶτὸ
2691 1998 2869 2051 λαλεῖν
2898 1999 2974 2069 μὴ
3004 1997 3240 2051 κωλύετε
3269 1997 3540 2067 γλώσσας.
3574 2017 3596 2050 ι

2569 2091 2689 2143 Ἐπὶ
2711 2092 2809 2161 τὴν
2831 2091 3102 2163 προτέραν
3140 2091 3303 2145 πάλιν
3336 2091 3590 2145 ὑπόθεσιν
3634 2090 3887 2161 ἔδραμεν.
3906 2090 4047 2162 Ὅρα

2484 2180 2541 2233 δὲ
2564 2181 2679 2244 πῶς
2712 2180 2871 2251 μέχρι
2908 2181 3096 2234 τούτου
3145 2181 3246 2253 τὴν
3274 2181 3538 2252 διαφορὰν
3576 2180 3829 2249 ἐφύλαξε,
3851 2182 3915 2235 τὸ
3950 2182 4051 2251 μὲν

2489 2274 2691 2344 σφόδρα
2746 2274 3075 2341 ἀναγκαῖον,
3135 2273 3197 2326 τὸ
3242 2274 3300 2327 δὲ
3355 2275 3453 2344 οὐχ
3492 2274 3703 2338 οὕτως.
3737 2273 3938 2337 τιθειςο
3970 2275 4052 2328 διὸ

2487 2369 2573 2421 ἐπ’
2602 2368 2807 2421 ἐκείνου
2862 2368 2983 2439 μὲν,
3012 2365 3298 2435 Ζηλοῦτε,
3348 2368 3441 2421 ἐπὶ
3470 2368 3658 2422 τούτου
3688 2367 3768 2430 δὲ.
3793 2366 3891 2436 Μὴ
3935 2386 4049 2421 κω-

2486 2460 2679 2555 ipsa.

2564 2572 2580 2604 ι
2616 2553 2796 2607 Πάντα
2843 2552 2901 2605 δὲ
2945 2553 3327 2623 εὐσχημόνως,
3378 2552 3470 2606 καὶ
3522 2552 3661 2605 κατὰ
3715 2551 3869 2617 τάξιν
3905 2553 4051 2621 γενέ·

2491 2642 2620 2696 σθω.
2659 2660 2677 2693 ι

2568 2736 2656 2800 Ὠς
2680 2736 2738 2788 ἐν
2760 2734 3038 2807 κεφαλαίῳ
3068 2736 3136 2789 τὰ
3167 2737 3341 2790 πάντα
3365 2734 3767 2807 διορθούμενος,
3804 2737 4049 2806 ἐπήγαγε

2488 2827 2576 2881 τὸν
2601 2825 2776 2895 λόγον.

3071 2961 3319 3016 ΚΕΦΔΔ.
3367 2960 3467 3013 IE'.

2564 3089 2583 3121 ι
2623 3071 2876 3140 Γνωρίζω
2917 3070 2975 3123 δὲ
3010 3072 3155 3142 ὑμῖν,
3191 3070 3432 3140 ἀδελφοὶ,
3457 3073 3517 3124 τὸ
3545 3072 3877 3140 Εὐαγγέλιον
3904 3073 3934 3126 ὃ
3969 3076 4056 3126 εὖ·

2490 3162 2860 3231 αγγέλισάμην
2888 3164 3078 3234 ὑμῖν,ὃ
3108 3164 3202 3218 καὶ
3233 3162 3592 3233 παρελάϐετε,
3619 3166 3676 3218 ὲν
3707 3158 3753 3233 ᾧ
3783 3166 3877 3218 καὶ
3898 3168 4054 3238 ἑστή-

2491 3270 2644 3307 κατε.
2687 3271 2704 3304 ι

2576 3345 2904 3415 Ἀπαρτὶσας
2930 3346 3021 3399 τὸν
3062 3346 3172 3400 τῶν
3205 3349 3593 3418 πνευματικῶν
3623 3350 3801 3420 λόγον,
3829 3352 3925 3404 ἐπὶ
3967 3357 4059 3405 τὸν

2494 3436 2709 3490 πάντων
2745 3437 3172 3505 ἀναγκαιότατον
3223 3439 3443 3511 ἔρχεται
3464 3481 3480 3506 ,
3508 3442 3608 3512 τὴν
3635 3442 3766 3512 περὶ
3793 3442 3894 3513 τῆς
3920 3446 4057 3497 ἀνα-

2497 3529 2736 3592 στάσεως
2778 3530 3033 3583 ὑπόθεσιν
3055 3547 3071 3563 ο
3103 3532 3198 3584 καὶ
3227 3532 3335 3604 γὰρ
3366 3534 3457 3586 ἐπὶ
3493 3532 3651 3587 τοῦτο
3675 3533 3883 3603 σφόδρα
3929 3536 4057 3587 ἔκα-

2500 3637 2647 3690 μνον.
2695 3620 2912 3694 Ἐπειδὴ
2959 3622 3065 3696 γὰρ
3096 3625 3130 3696 ἠ
3157 3627 3304 3679 πᾶσα
3347 3624 3505 3695 ἡμῶν
3537 3626 3691 3690 ἐλπὶς
3724 3624 3888 3697 αὕτη,
3926 3628 4059 3695 πρὸς

2496 3712 2653 3765 τοῦτο
2686 3714 2928 3787 σφοδρῶς
2950 3716 3135 3770 ἵστατο
3158 3719 3187 3771 ὁ
3218 3718 3479 3782 διάϐολος.
3514 3720 3624 3773 Καὶ
3647 3719 3777 3773 ποτὲ
3833 3720 3936 3790 μὲν
3968 3721 4062 3773 ἁν-

2498 3808 2617 3877 ῄρει
2647 3806 2898 3874 καθάπαξ
2932 3808 3122 3877 αὐτὴν,
3152 3813 3280 3864 ποτὲ
3324 3811 3378 3863 δὲ
3408 3811 3591 3879 ἔλεγεν
3640 3812 3741 3883 ἢδη
3772 3813 4061 3880 γεγονέναι

2496 3899 2572 3963 ὡς
2613 3899 2976 3953 ὲπιστὲλλοντι
3022 3902 3271 3973 Τιμοθέῳ
3326 3902 3530 3969 ἔλεγεν,
3576 3897 3651 3973 ⁷ῼ
3694 3904 3865 3957 ἐστιν
3896 3903 4061 3973 ’Υμε-

2498 3993 2666 4057 ναῖος
2709 3992 2807 4044 καὶ
2856 3991 3143 4059 Φιλητὸς,
3175 3993 3391 4059 οἵτινες
3429 3993 3563 4061 περὶ
3604 3993 3718 4063 τὴν
3769 3994 4062 4062 ἀλήθειαν

2496 4084 2873 4152 ἠστόχησαν,
2896 4076 3175 4153 λέγοντες
3226 4085 3339 4153 τὴν
3370 4084 3710 4140 ἀνάστασιν
3740 4084 3860 4154 ἤδη
3898 4103 4061 4156 τετο-

2498 4174 2687 4229 νέναι.
2728 4175 2867 4229 [lose
2916 4176 3077 4229 πάλιν
3102 4176 3305 4245 ἔλεγον,
3336 4178 3417 4232 ὅτι
3456 4179 3519 4230 τὸ
3543 4176 3699 4247 σῶμα
3719 4178 3818 4230 οὐκ
3837 4178 4060 4231 ἀνίστα-

2499 4284 2608 4330 ται,
2639 4267 2773 4351 αλλὰ
2799 4267 2900 4337 τῆς
2932 4268 3107 4340 ψυχῆς
3131 4275 3160 4325 ὁ
3190 4271 3475 4343 καθαρμός
3498 4274 3642 4325 ἐστιν
3668 4273 3701 4341 ὴ
3742 4271 4057 4335 ἀνάστασις.

2504 4359 2644 4429 Πρὸς
2662 4359 2863 4423 ταύτας
2891 4358 2983 4415 οὗν
3010 4364 3107 4427 τὰς
3136 4363 3292 4429 δόξας
3321 4364 3710 4434 ἀνθιστάμενος
3728 4405 3744 4429 ,
3779 4364 3885 4433 ὅρα
3942 4363 4060 4427 πῶς

2502 4450 2608 4503 ἀπὸ
2655 4452 2752 4521 τῆς
2782 4454 2953 4524 ἀρχῆς
2986 4454 3218 4521 ἔδειξεν,
3243 4456 3325 4508 ὅτι
3375 4456 3524 4509 οὐδὲν
3571 4455 3756 4508 καινὸν
3794 4456 4058 4526 εἰσφέρει.

840 4551 929 4592 tur
959 4535 1242 4605 opiniones
1262 4529 1420 4601 115
1448 4528 1749 4597 consurgit.
1773 4527 1906 4581 Vide
1928 4536 2105 4581 autem
2128 4528 2399 4597 quomodo
2431 4559 2474 4615 υ
2502 4562 2510 4586 .

2390 4546 2399 4579 l
2431 4559 2474 4615 υ
2502 4543 2621 4595 οὐδὲ
2657 4541 2825 4607 ξένον.
2861 4545 2938 4599 Οὐ
2964 4547 3072 4617 γὰρ
3087 4546 3368 4618 γνωρίζων
3391 4548 3451 4599 τὸ
3474 4546 3574 4618 ήδη
3600 4547 3923 4617 γνωρισθὲν,
3946 4544 4060 4600 εἶτα

842 4628 1000 4682 initio
1025 4625 1267 4679 ostendit
1318 4622 1450 4676 nihil
1484 4636 1542 4675 se
1573 4620 1695 4673 novi
1724 4619 1941 4683 aliene,
1969 4634 2069 4673 nec
2100 4621 2396 4690 peregrini.

841 4719 975 4772 Nam
1015 4721 1109 4787 qui
1138 4725 1325 4769 notum
1361 4713 1490 4765 l'acit
1517 4709 1570 4764 id
1605 4710 1749 4780 quod
1777 4720 1904 4764 ante
1949 4711 2227 4781 cognitum
2257 4721 2396 4775 erat,

842 4809 1230 4876 excideratqne
1261 4821 1292 4859 e
1345 4806 1631 4865 memoria,
1663 4810 2002 4872 compertum
2055 4802 2187 4856 illud
2242 4803 2393 4871 l‘acit,

2493 4636 2582 4697 ei;
2618 4635 2787 4706 λήθην
2832 4638 3086 4707 ἐμπεσὼν
3117 4680 3133 4704 ,
3162 4637 3451 4709 γνωρίζει,
3491 4637 3655 4692 πάλιν
3701 4640 3781 4702 εἰς
3839 4641 4061 4709 μνήμην

2506 4726 2705 4796 φέρων.
2742 4723 2818 4782 Εἰ)
2849 4729 2907 4783 δὲ
2933 4731 3023 4782 καὶ
3050 4730 3113 4783 τὸ
3131 4730 3498 4799 Εὐαγγέλιω·
3526 4731 3717 4784 εἰπεῖν.
3750 4727 3926 4782 Τοῦτο
3957 4730 4063 4801 γάρ

2504 4812 2619 4865 ἐστι
2645 4813 2753 4867 τῶν
2782 4816 3112 4884 εὐαγγελίων
3141 4817 3202 4870 τὸ
3229 4818 3520 4887 κεφάλαιον
3545 4819 3579 4888 ἠ
3607 4818 3925 4882 ἀνάστασις.

845 4900 896 4952 in
929 4897 1246 4951 memoriam
1272 4894 1466 4947 iterum
1499 4889 1829 4947 reducendo.
1864 4891 2006 4945 Bene
2044 4905 2194 4957 vero,
2218 4893 2567 4966 Evangelium
2649 4903 2833 4962 dixit:
2905 4908 3173 4963 bonormn
3223 4909 3423 4979 quippe
3506 4912 3818 4964 nuntiorum
3904 4924 4059 4981 capu:

842 5000 928 5045 est
954 4989 1304 5043 resurrectio.

920 5081 1081 5134 Vnus.
1108 5079 1163 5133 2.
1199 5100 1216 5131 ι
1248 5077 1351 5132 Per
1380 5077 1523 5148 quod
1551 5088 1605 5131 et
1631 5077 1943 5131 salvamini.
1996 5096 2013 5127 ι

914 5174 1165 5242 Explicat
1188 5171 1316 5240 quid
1350 5170 1842 5239 percipiaturlncri
1893 5185 1954 5221 ex
2004 5168 2107 5221 tide
2154 5183 2402 5223 resurre—

847 5266 1071 5319 ctionis.

925 5377 941 5408 ι
982 5355 1101 5420 Qua
1136 5353 1347 5405 ratione
1410 5350 1813 5417 praediraverim
1843 5347 2017 5413 vobis,
2062 5348 2106 5403 si
2162 5354 2398 5406 tenetis;

849 5459 1243 5521 prmterquam,
1289 5464 1306 5494 ι

917 5541 1034 5595 Non
1062 5553 1203 5609 opus
1237 5537 1466 5599 habetis,
1511 5535 1706 5604 inquit,
1740 5542 1798 5587 ut
1831 5534 1931 5587 hoc
1962 5533 2403 5604 doctriltﬂ‘t'apttt

848 5634 1094 5695 disratis,
1126 5630 1220 5685 sed
1257 5628 1596 5684 sidunnuodo
1622 5634 1678 5679 nt
1713 5626 2153 5680 retniniscatnini.

1926 5809 1961 5835 "
1997 5804 2201 5858 11Ίίιιι.
2247 5805 2393 5863 ειΛὸ,

936 5816 977 5841 ⁸³
1022 5816 1189 5865 iLi-r.
1217 5827 1288 5871 ιι,
1329 5813 1376 5863 'J.
1470 5811 1508 5834 “'
1541 5807 1657 5861 Gal.
1698 5824 1748 5868 γ,
1785 5809 1837 5859 L‘.

2588 5102 2604 5131 ι
2645 5084 2722 5134 Δι’
2759 5077 2819 5135 οὗ
2843 5085 2937 5137 καὶ
2963 5082 3222 5149 σώζεσθε.
3251 5102 3271 5134 ι

2581 5176 2654 5228 Τὸ
2675 5176 2861 5244 κέρδος
2882 5176 3122 5229 δείκνυσι
3159 5174 3253 5229 τοῦ
3303 5175 3575 5227 πιστεύειν
3598 5174 3676 5236 εἰς
3704 5174 3806 5243 τὴν
3836 5174 4061 5227 ἀνάστα·

2514 5283 2614 5319 σιν.

2586 5375 2603 5405 ι
2641 5355 2757 5406 Τίνι
2799 5355 2940 5424 λόγῳ
2987 5354 3432 5424 εὐηγγελισάμην
3483 5356 3630 5423 ὑμῖν.
3668 5355 3715 5406 cl
3769 5356 4061 5424 κατέχετε·

2510 5460 2661 5505 sxto;
2700 5463 2715 5492 ι
3134 5476 3139 5477 ν

2581 5536 2693 5587 Οὐκ
2718 5535 2847 5588 αὐτὸ
2872 5533 3046 5587 δεῖσθε
3073 5534 3259 5605 μαθεῖν
3288 5536 3347 5589 τὸ
3374 5537 3570 5606 δόγμα,
3597 5538 3778 5605 φησὶν,
3804 5537 3918 5589 ἀλλ’
3946 5538 4045 5589 ὑπ)

2516 5645 2619 5697 μνη
2630 5627 2820 5697 σθῆναι
2856 5629 3033 5696 μόνον.
