4230 6438
194 394 294 461 639

1324 412 1405 472 IN
1434 412 1649 473 EPIST
1704 415 2175 480 ADCORINTH.
2219 422 2267 480 Ι.

3305 431 3412 494 690

262 528 280 560 ι
316 507 381 561 El
416 507 491 579 μὴ
519 509 641 579 εικῆ
672 512 1047 570 ἐπιστεύσατε.
1076 517 1374 588 Παρὲδωκα
1404 523 1512 593 γὰρ
1536 523 1664 593 ὑμῖν
1688 524 1745 575 ἐν
1770 530 1821 587 Α
1922 546 1932 577 ι

1720 530 1821 587 νΑ
1922 545 1941 577 ι
1976 527 2093 583 Νἱεί
2152 531 2354 585 frustra
2411 532 2739 589 credidistis.
2797 535 2979 606 [Vens
3032 539 3112 611 5.]
3172 542 3390 598 Tradidi

195 616 450 673 πρωτοις,
481 600 511 652 ὃ
532 602 627 654 καὶ
660 604 1047 678 παρέλαϐον..)

266 693 480 764 Ἐπειδὴ
498 689 668 761 εἷπεν,
690 695 761 747 ἐν
786 690 945 763 ᾧκαι
970 699 1283 768 ἑστήκατε,
1299 702 1384 756 ἵνα
1412 705 1486 775 μὴ
1510 706 1744 777 ῥᾳθυμο-

191 785 377 857 τῦρους
398 787 619 857 ποιήσῃ,
648 788 870 855 ἐκφοὸεἰ
902 789 1087 845 πάλιν.

258 892 277 926 ι
310 876 437 928 Ὅτι
464 875 697 947 Χριστὸς
731 878 1005 934 ἀπέθανεν
1033 881 1173 953 ὑπὲρ
1198 883 1481 956 ἁμαρτιῶν
1505 888 1679 958 ἡμῶν.
1720 910 1736 940 ι

254 1052 365 1105 Οὐκ
387 1051 543 1107 εἶπεν
569 1055 790 1122 εὐθέως,
830 1060 1246 1127 δυᾶνάστασίς
1297 1067 1413 1119 ἐστι
1453 1070 1741 1139 σωμάτων,

190 1142 319 1197 ἀλλὰ
350 1144 485 1198 αὐτὸ
520 1147 619 1216 μὲν
651 1149 812 1203 τοῦτο
841 1154 1266 1219 κατασκευάζει,
1311 1156 1427 1227 ἅμα
1458 1159 1516 1212 δὲ
1538 1162 1743 1231 καὶτῆς

189 1234 404 1305 ἀγάπης
432 1238 628 1302 αὐτοὺς
654 1240 1059 1314 ὑπομιμνήσκει
1080 1246 1178 1316 τῆς
1204 1248 1425 1319 πολλῆς,
1452 1247 1521 1323 ἧς
1551 1254 1743 1306 ἐνεδεί-

193 1324 314 1389 ξατο
340 1330 369 1381 6
393 1328 546 1396 Θεὸς,
570 1331 653 1385 ὅτι
676 1332 766 1386 τὸν
797 1334 923 1389 Υἱὸν
951 1337 1113 1391 αὐτοῦ
1139 1339 1341 1394 ἔδωκεν
1370 1342 1510 1414 ὑπὲρ
1541 1348 1739 1403 αὐτῶν.

261 1519 280 1553 ι
303 1503 463 1556 Κατὰ
484 1505 584 1569 τὰς
607 1507 848 1577 Γραφάς.
871 1529 891 1562 ι

264 1593 321 1646 Ὀ
353 1594 463 1666 γάρ
492 1596 619 1661 Θεὸς
647 1598 739 1651 διὰ
764 1600 859 1653 τοῦ
891 1606 1173 1673 προφήτου
1205 1611 1367 1680 φησιν
1391 1652 1405 1675 ,
1449 1614 1577 1668 Ἀπὸ
1628 1615 1744 1670 τῶν

189 1682 446 1751 ἀνομιῶν
474 1686 579 1740 τοῦ
605 1688 755 1743 λαοῦ
782 1708 903 1760 μου
952 1692 1107 1761 ἤχθη
1152 1699 1240 1761 εἷς
1272 1698 1534 1757 θάνατον
1558 1722 1571 1734 ·
1609 1709 1701 1758 καὶ
1723 1747 1738 1770 ,

200 1771 259 1824 '0
279 1775 495 1840 Κύριος
512 1776 851 1844 παρέδωκεν
874 1783 1061 1836 αὐτὸν
1081 1785 1209 1850 ταῖς
1226 1786 1532 1856 ἁμαρτίαις
1554 1793 1740 1862 ἡμῶν*

189 1866 306 1930 καὶ,
351 1867 814 1940 Ἐτραυματίσθη
847 1873 946 1927 διὰ
965 1876 1071 1941 τὰς
1097 1878 1393 1947 ἁμαρτίας
1424 1884 1609 1951 ἡμῶν.

259 1998 277 2028 ι
316 1981 428 2033 Καὶ
454 1982 536 2035 ὅτι
564 1984 758 2057 ἐτάφη,
793 1989 888 2041 καὶ
911 1989 995 2042 ὅτι
1020 1992 1314 2065 ἐγήγερται
1342 1999 1406 2066 τῇ
1429 1997 1587 2070 τρίτῃ
1610 2000 1740 2070 ἡμέ-

191 2088 274 2142 ρᾳ,
305 2073 448 2127 κατά
482 2075 581 2139 τὰς
620 2077 863 2145 Γραφάς.
904 2098 925 2131 ι

252 2164 422 2217 Πάλιν
466 2167 690 2231 Ἡσαΐας
734 2172 1062 2242 μαρτυρῶν,
1091 2175 1174 2229 ὅτι
1209 2177 1300 2231 Ἐκ
1336 2180 1530 2248 μέσου
1569 2181 1738 2252 ἦρται

184 2255 220 2321 ἠ
238 2258 395 2325 ταφή
419 2260 621 2314 αὑτοῦ.
655 2263 764 2315 Καὶ
797 2264 957 2316 πάλιν
979 2280 993 2294 ⁸
1026 2269 1237 2335 Κύριος
1251 2272 1538 2334 βούλεται
1562 2282 1737 2330 καθα-

182 2342 343 2407 ρίσαι
377 2344 497 2397 ἀπὸ
536 2344 644 2413 τῆς
673 2350 934 2417 πληγῆς,
965 2352 1155 2418 δεῖξαι
1186 2358 1346 2423 αὐτῷ
1385 2360 1531 2429 φῶς.
1572 2367 1681 2420 Καὶ
1707 2369 1736 2420 6

182 2435 363 2502 Δαόὶδ,
396 2437 522 2491 Ὅτι
547 2442 656 2493 οὐκ
677 2441 1129 2515 ἐγκαταλείψεις
1154 2448 1265 2519 τὴν
1284 2454 1493 2522 ψυχήν
1510 2474 1627 2525 μου
1650 2463 1737 2527 εἰς

182 2524 347 2591 ᾅδου,
372 2530 499 2597 περὶ
524 2532 615 2583 τοῦ
653 2534 908 2604 Χριστοῦ.

256 2658 276 2690 ι
318 2642 431 2694 Καὶ
462 2643 546 2696 ὄτι
571 2644 726 2718 ὤφθη
762 2650 947 2721 Κηφᾷ.
990 2671 1009 2703 ι

248 2732 355 2785 Τὸν
400 2734 711 2798 ἀξιόπιστον
762 2742 871 2795 τῶν
912 2746 1225 2801 ἀποστόλων
1253 2751 1466 2820 πρῶτον
1499 2754 1736 2824 παράγει

184 2825 458 2897 μάρτυρα.
480 2828 625 2900 Ὀρα
655 2831 712 2885 δὲ
739 2833 855 2896 πῶς
873 2838 1000 2899 τοὺς
1021 2842 1323 2911 προφήτας,
1348 2845 1587 2909 καὶτοὺς
1608 2849 1736 2900 ἁπο-

182 2916 403 2981 στόλους
427 2920 837 2991 μαρτυροῦντας
870 2927 1066 2997 ἐπάγει
1092 2930 1169 3001 τῷ
1196 2934 1503 3005 πράγματι.

254 3133 271 3164 ι
302 3110 434 3169 Εἶτα
456 3120 567 3182 τοῖς
600 3120 816 3175 ἓνδεκα’
851 3125 1039 3180 ἔπειτα
1067 3129 1220 3203 ὤφθη
1259 3135 1441 3189 ἐπάνω
1469 3156 1731 3193 πεντακο-

186 3206 313 3270 σίοις
336 3209 582 3277 ἀδελφοῖς
598 3215 834 3280 ἐφάπαξ,
864 3217 923 3281 ἐξ
943 3214 1018 3272 ὧν
1038 3224 1085 3272 οἱ
1112 3224 1326 3288 πλειους
1353 3228 1605 3297 μένουσιν
1634 3233 1737 3298 ἕως

181 3296 300 3366 άρτι
320 3316 335 3331 ο
367 3300 510 3365 τινὲς
543 3302 599 3356 δέ
626 3307 720 3360 καὶ
741 3308 1132 3382 ἐκοιμήθησαν.
1165 3333 1183 3365 ι

248 3481 402 3533 Μετὰ
431 3482 541 3551 γάρ
576 3486 673 3555 τὴν
698 3487 963 3558 ἀνάληψιν
1009 3492 1039 3543 6
1068 3493 1313 3562 Ματθίας
1338 3502 1626 3577 κατελέγη,
1674 3507 1734 3561 οὐ

185 3573 319 3639 μετὰ
338 3574 440 3643 τὴν
472 3576 765 3631 ἀνάστασιν
797 3581 1018 3647 εὐθέως.

254 3768 273 3800 ι
322 3751 335 3788 i
374 3750 605 3805 Ἔπειτα
632 3753 787 3826 ὤφθη
829 3758 1089 3834 Ἰακώϐῳ,
1130 3765 1321 3822 ἔπειτα
1350 3773 1462 3835 τοῖς
1503 3777 1736 3832 ἀποστό-

183 3838 288 3901 λοις
315 3842 503 3896 πᾶσιν.
547 3861 566 3895 ι

249 3934 365 3986 Οὐκ
395 3931 566 3997 εἶπεν,
596 3940 881 4011 ἀπέθανον,
910 3947 1023 4001 ἀλλ’
1046 3950 1468 4025 ἐκοιμήθησαν,
1483 3961 1576 4014 καὶ
1608 3963 1737 4018 ταύ-

183 4044 246 4097 τῃ
271 4031 337 4098 τῇ
369 4028 509 4092 λέξει
539 4032 700 4086 πάλιν
731 4036 960 4105 βεϐαιῶν
989 4042 1085 4113 τὴν
1107 4045 1417 4103 ἀνάστασιν.

256 4136 275 4166 ι
322 4118 593 4187 Ἐσχατον
635 4122 691 4174 δὲ
739 4125 955 4180 πάντων
1010 4131 1251 4203 ὡσπερεὶ
1298 4137 1377 4208 τῷ
1424 4140 1735 4215 ἐκτρώματι

186 4206 337 4278 ὤφθη
368 4210 556 4279 κάμοί.
596 4212 736 4282 Ἐγὼ
781 4219 889 4290 γάρ
932 4221 1045 4290 εἰμι
1085 4224 1114 4274 6
1147 4206 1427 4297 ἐλάχιστος
1458 4206 1565 4286 τιῖλν

186 4299 518 4393 στόλωνονός
554 4304 654 4357 οὐκ
691 4308 807 4378 εἰμὶ
855 4312 1037 4377 ἱκανὸς
1088 4316 1368 4375 καλεῖσθαι
1420 4323 1731 4393 ἀπόστολος,

185 4388 311 4443 διότι
362 4392 556 4458 ἐδίωξα
606 4396 706 4467 τὴν
748 4399 1071 4474 Ἐκκλησίαν
1122 4408 1213 4462 τοῦ
1251 4412 1405 4467 Θεοῦ.
1452 4416 1650 4488 Χάριτι

185 4480 314 4575 Θεοῦ
341 4484 480 4554 εἰμὶ,
510 4487 538 4539 ὃ
583 4489 717 4558 εἰμι,
769 4494 862 4545 καὶ
893 4497 927 4565 ἡ
959 4499 1117 4570 χάρις
1150 4500 1315 4555 αὑτοῦ
1352 4507 1385 4575 ή
1415 4508 1495 4571 εὶς

186 4663 448 4806 Ξκοῗίασα
466 4685 481 4699 ·
523 4671 624 4725 οὐκ
648 4673 759 4741 ἐγὼ
788 4676 865 4743 δέ,
897 4680 1011 4733 ἀλλ’
1049 4684 1262 4756 ήχάρις
1287 4688 1381 4742 τοῦ
1407 4690 1539 4745 Θεοῦ
1571 4696 1603 4765 ἡ
1635 4699 1731 4752 σὺν

217 4770 280 4806 tto
310 4794 321 4806 .
362 4776 383 4806 ι

216 4770 321 4822 μοι.
362 4776 383 4809 ι

252 4845 422 4900 Τοῦτο
453 4855 953 4928 ταπεινοφροσύνης
984 4859 1045 4912 τὸ
1080 4861 1232 4932 ῥῆμά
1252 4867 1418 4923 ἐστιν.

258 4952 276 4985 ι
312 4936 436 4989 Εἴτε
466 4936 559 4993 οὖν
600 4943 709 5011 ἐγὼ
738 4983 754 5008 ,
784 4949 892 5001 εἴτε
922 4950 1141 5017 ἐκεῖνοι,
1181 4956 1321 5010 οὕτω
1363 4961 1730 5037 κηρύσσομεν,

193 5024 277 5075 καὶ
304 5025 477 5090 οὕτως
504 5031 884 5091 ἐπιστεύσατε.
910 5040 974 5093 El
1010 5041 1067 5095 δὲ
1098 5044 1331 5114 Χριστὸς
1377 5024 1726 5122 κηρύσσεται,

193 5118 265 5169 ὅτι
287 5120 351 5169 ἐκ
377 5121 586 5192 νεκρῶν
614 5125 927 5199 ἐγήγερται,
962 5152 979 5184 ι

254 5209 386 5279 Παρ⁹
414 5206 495 5275 οὗ,
529 5217 682 5285 φησὶ,
731 5219 985 5288 βούλεσθε
1018 5229 1231 5297 μαθεῖν,
1286 5235 1505 5303 μάθετε.
1566 5240 1729 5295 Οὐδὲν

202 5298 531 5351 Ξιαφέοοιιεν.

193 5316 531 5369 οιαφερομεν.

262 5408 280 5440 ι
318 5392 440 5456 Πῶς
474 5395 720 5463 λέγουσιν
754 5403 811 5456 ἐν
835 5404 959 5476 ὑμῖν
984 5426 1147 5475 τινες,
1191 5416 1270 5469 ὅτι
1313 5421 1605 5488 ἀνάστασις
1642 5444 1728 5479 νε-

195 5478 335 5546 κρῶν
360 5484 460 5536 οὐκ
487 5485 669 5554 iactv;
708 5509 727 5541 ι

262 5616 325 5647 ’ν
354 5616 459 5675 lsa.
484 5635 598 5688 LIII,
619 5624 670 5677 8.
756 5628 800 5659 "
824 5629 953 5687 ibid.
983 5637 1036 5687 ὅ.
1137 5639 1181 5669 ⁸³
1216 5641 1344 5697 ibid.
1369 5646 1421 5698 5-

262 5772 279 5813 ί
309 5776 429 5835 ﬂare
472 5784 638 5839 textui
657 5789 915 5857 superiori
941 5792 1214 5864 jungenda
1240 5811 1381 5857 sttui.

1769 1858 1817 1918 Β

1488 5651 1531 5676 ’³³
1570 5651 1669 5705 Isa.
1704 5670 1774 5707 xi.
1805 5656 1882 5709 I0.

1844 618 1990 671 enim
2021 619 2178 674 vobis
2208 621 2261 673 in
2296 620 2515 689 primis,
2544 625 2687 691 quod
2723 632 2777 679 ct
2800 628 3011 695 accepi.
3055 647 3073 679 ι

1912 707 2181 774 Quoniam
2210 711 2343 765 dixit
2370 728 2382 763 :
2416 709 2483 766 In
2508 728 2609 781 quo
2636 725 2685 767 et
2730 714 3048 780 credidistis,
3083 734 3151 772 ue
3199 721 3390 774 remis-

1844 804 2017 858 siores
2047 804 2261 869 reddat,
2287 813 2456 861 terret
2477 807 2699 863 iterum.

1916 914 1937 947 ι
1972 895 2128 960 Quod
2160 896 2414 952 Christus
2442 908 2694 955 mortuus
2742 910 2826 956 est
2862 916 2961 971 pro
3008 903 3245 972 peccatis
3299 918 3401 955 uo;

1842 985 1993 1040 stris.
2039 1005 2057 1037 ι

1911 1079 2029 1135 Non
2050 1084 2233 1138 statim
2261 1088 2584 1154 pronuntiat
2610 1089 3075 1143 resurrectionem
3104 1106 3397 1159 corporum
3438 1140 3445 1151 ,

1842 1186 1982 1238 esse,
2016 1173 2241 1229 sedtum
2266 1177 2370 1231 hoc
2390 1177 2611 1246 quidem
2644 1178 2874 1232 allirmat
2900 1195 2914 1243 ;
2940 1191 3052 1233 tum
3085 1197 3211 1234 vero
3239 1183 3397 1235 etiam

1842 1262 1908 1315 ad
1946 1266 2261 1320 memoriam
2290 1283 2386 1323 eos
2428 1276 2647 1322 revocat
2680 1270 2925 1339 ingentis
2972 1270 3121 1326 illius
3150 1273 3398 1327 dilectio-

1843 1352 1946 1416 nis,
1980 1368 2144 1423 quam
2177 1355 2319 1413 Deus
2370 1360 2502 1428 ipsis
2555 1362 2824 1423 exhibuit,
2866 1358 3062 1415 Filiqu
3107 1378 3267 1417 suum
3302 1378 3398 1432 pro

1840 1444 1921 1497 eis
1948 1444 2237 1501 tradendo.

1915 1552 1933 1584 ι
1974 1535 2295 1592 Secundum
2332 1538 2668 1610 Scrip'turas.
2706 1562 2722 1590 ι

1910 1626 2054 1682 Deus
2082 1630 2280 1699 quippe
2308 1647 2401 1700 per
2428 1634 2750 1702 prophetam
2778 1635 2886 1686 ait:
2936 1634 3159 1703 Propter
3187 1646 3396 1703 peccata

1840 1719 2017 1785 papuli
2050 1720 2151 1771 mei
2174 1720 2363 1775 ductus
2392 1731 2469 1775 est
2510 1722 2577 1776 ad
2594 1734 2815 1775 mortem
2843 1726 2907 1756 ἰ’
2937 1743 2950 1789 ;
2990 1737 3044 1779 et
3073 1745 3083 1777 :
3141 1725 3396 1779 Dominus

1844 1809 2062 1862 tradidit
2088 1810 2239 1864 illum
2267 1828 2363 1881 pro
2395 1816 2621 1881 peccatis
2651 1816 2849 1868 nostris
2872 1817 2919 1846 θ’
2946 1833 2960 1878 ;
3003 1828 3058 1869 et
3090 1835 3101 1870 :
3139 1817 3397 1872 Vulnera-

1844 1910 1925 1953 tus
1958 1910 2035 1954 est
2060 1913 2269 1971 propter
2301 1905 2503 1958 scelera
2526 1916 2707 1960 nostra
2732 1907 2801 1960 ³³.

1908 2014 2067 2069 Vens.
2101 2016 2185 2071 4.(
2210 2016 2274 2071 Et
2293 2018 2421 2088 quia
2447 2019 2699 2087 sepultus
2725 2029 2829 2083 est,
2852 2030 2908 2074 et
2933 2020 3059 2089 quia
3095 2026 3399 2075 resurrexit

1837 2108 1999 2162 tertia
2029 2108 2115 2162 die
2146 2110 2450 2164 secundum
2490 2112 2832 2180 Scripturas.
2874 2132 2891 2162 ι

1908 2199 2148 2255 Rursum
2182 2198 2353 2255 Isaias
2394 2201 2573 2255 dicit:
2623 2202 2671 2254 Ε
2718 2202 2888 2256 medio
2938 2205 3238 2274 sepulemm
3281 2206 3395 2273 eius

1839 2289 2076 2344 ablatum
2101 2300 2179 2347 est
2223 2294 2290 2346 ’⁸.
2327 2292 2391 2346 Ει
2422 2294 2657 2348 iterum:
2697 2295 2831 2349 Deus
2858 2298 2965 2350 rult
2991 2314 3111 2351 eum
3143 2298 3398 2351 mundare

1838 2398 1869 2434 a
1895 2382 2120 2445 vulnere,
2141 2384 2411 2437 ostendere
2424 2384 2472 2437 ei
2499 2384 2670 2439 lumen
2700 2386 2768 2441 ’³.
2798 2387 2861 2440 Ει
2890 2388 3057 2442 David
3084 2389 3137 2442 in
3168 2405 3395 2456 persona

1832 2474 2037 2529 Christi
2064 2475 2245 2530 aiebat
2268 2498 2280 2530 :
2314 2476 2458 2540 Quia
2486 2494 2588 2532 non
2613 2478 2937 2549 derelinques
2965 2484 3197 2536 animam
3228 2499 3395 2537 meant

1835 2565 1888 2618 in
1912 2566 2115 2634 inferno
2146 2566 2214 2618 ".

1904 2675 2069 2734 Vens.
2102 2678 2155 2733 5.
2197 2696 2217 2730 ι
2261 2677 2327 2733 Ει
2350 2679 2479 2749 quia
2514 2681 2668 2736 visus
2702 2691 2785 2736 est
2809 2683 3023 2753 Cephaa.
3071 2703 3090 2735 ι

1901 2766 2090 2823 Primo
2124 2769 2243 2825 loco
2294 2772 2549 2841 producit
2578 2782 2769 2829 testem
2816 2779 2908 2846 qui
2938 2779 3082 2831 inter
3115 2779 3392 2848 apostolos

1837 2859 1939 2915 ﬁde
1961 2860 2315 2932 dignissimus
2343 2873 2480 2919 erat.
2521 2867 2761 2921 Observa
2795 2870 3073 2938 quomodo
3101 2874 3394 2941 prophetas

1834 2961 1888 3005 et
1906 2953 2187 3021 apostolos
2216 2955 2424 3017 laudat,
2444 2957 2536 3026 qui
2564 2960 2639 3011 rei
2669 2968 2831 3027 gesta:
2861 2961 3232 3016 testimoniuan
3270 2963 3394 3017 red-

1834 3044 2044 3099 derent.

1908 3159 2070 3213 Vens.
2102 3160 2154 3214 6.
2191 3179 2208 3211 ι
2257 3162 2323 3215 Et
2378 3171 2500 3231 post
2551 3164 2653 3217 hoc
2699 3166 2975 3220 undecim.
3014 3166 3219 3221 Deinde
3244 3168 3394 3223 visus

1836 3255 1920 3302 est
1954 3249 2242 3318 plusquam
2276 3254 2595 3323 quingentis
2623 3254 2884 3311 fratribus
2927 3258 3097 3312 semel
3126 3273 3140 3309 :
3176 3274 3240 3312 ex
3271 3263 3394 3327 qui-

1836 3339 1938 3393 bus
1970 3342 2123 3395 multi
2159 3332 2379 3396 manent
2428 3360 2603 3413 usque
2635 3347 2832 3410 adlmc,
2885 3348 3104 3417 quidam
3131 3358 3309 3403 autem
3338 3359 3394 3406 et

1835 3429 2199 3486 dormierunt.
2241 3451 2259 3482 ι

1903 3518 2040 3574 Nam
2072 3530 2196 3591 post
2219 3525 2649 3594 assitmptionem
2689 3529 2740 3581 in
2770 3531 2967 3583 coelum
3004 3531 3259 3587 Matthias
3293 3550 3393 3587 un-

1835 3609 2010 3665 decim
2045 3615 2309 3682 apostolis
2358 3618 2663 3673 accersitus
2698 3620 2822 3682 fuit,
2868 3637 2976 3675 non
3009 3624 3194 3677 statim
3240 3640 3273 3678 a
3310 3640 3394 3679 re-

1834 3703 2201 3760 surrectione.

1909 3793 2066 3848 Vens.
2096 3796 2148 3849 7.
2180 3814 2200 3847 ι
2230 3795 2436 3854 Deinde
2472 3799 2623 3855 visus
2654 3810 2739 3857 est
2769 3801 2973 3858 Jacobo
2998 3843 3013 3867 ,
3042 3804 3239 3861 deinde
3263 3821 3391 3876 apo-

1832 3885 1988 3940 stolis
2016 3887 2289 3943 omnibus.
2337 3907 2355 3940 ›

1901 3972 2017 4028 Non
2050 3975 2187 4030 dixit
2219 3994 2231 4029 :
2263 3976 2458 4032 Μαι·ιυί
2488 3990 2636 4043 sunt,
2672 3981 2791 4045 sed,
2815 3981 3178 4049 dormierunt;
3209 3996 3268 4040 ut
3291 3987 3392 4042 hac

1832 4070 2049 4136 quoque
2083 4083 2220 4122 voce
2251 4072 2713 4128 resurrectionem
2760 4074 2954 4129 iterum
2985 4077 3354 4133 conlirmaret.

1903 4159 2067 4214 Vens.
2092 4160 2242 4215 8-10.
2278 4179 2298 4212 ι
2325 4161 2631 4219 Novissime
2654 4172 2834 4221 autem
2857 4168 3099 4223 omnium
3134 4177 3388 4239 tanquam

1833 4249 2081 4305 abortivo
2112 4252 2267 4306 visus
2295 4262 2379 4307 est
2410 4262 2465 4309 et
2494 4256 2648 4309 mihi.
2679 4256 2790 4327 Ego
2827 4259 2973 4313 enim
3010 4273 3118 4313 nou
3149 4275 3269 4315 sum
3301 4260 3388 4314 di-

1831 4357 1971 4411 gnus
2010 4344 2193 4397 vocari
2243 4346 2573 4414 apostolus,
2607 4349 2865 4416 quoniam
2908 4360 3225 4419 persecutus
3268 4366 3387 4405 sum

1833 4431 2129 4488 Ecclesiam
2155 4434 2271 4489 Dei.
2296 4435 2484 4493 Gratia
2516 4450 2697 4495 autem
2722 4441 2816 4496 Dei
2845 4458 2966 4496 sum
2992 4443 3043 4496 id
3072 4443 3216 4513 quod
3244 4459 3390 4507 sum,

1540 4511 1641 4579 ὲμὲ
1672 4513 1733 4566 οὐ
1764 4523 1811 4583 ι)
1833 4533 1888 4580 et
1918 4526 2091 4596 gratia
2122 4526 2242 4596 ejus
2281 4529 2335 4581 in
2361 4545 2446 4585 me
2476 4546 2648 4585 vacua
2678 4548 2785 4586 non
2817 4533 2936 4587 fuit.
2972 4533 3073 4589 Sed
3090 4511 3390 4590 abundan-

188 4574 622 4671 uevﬁ_éysvﬁ0n'
672 4582 805 4636 ἀλλὰ
858 4591 1241 4663 περισσότερον
1294 4574 1471 4650 αὐτῶν
1517 4574 1731 4658 πάντων
1764 4574 1801 4583 ⁷

1983 4618 2095 4671 illis
2141 4619 2396 4675 omnibus
2445 4620 2685 4677 laboravi
2718 4639 2730 4674 :
2775 4639 2882 4678 nou
2920 4641 3021 4695 ego
3052 4636 3254 4691 autem,
3294 4626 3386 4683 sed

1834 4708 2009 4779 gratia
2039 4709 2131 4763 Dei
2162 4725 2282 4779 qua:
2314 4726 2526 4765 mecum
2560 4721 2665 4767 est.
2708 4737 2726 4765 ι

1908 4881 2065 4951 116
2093 4879 2216 4937 llaec
2238 4897 2338 4937 vox
2367 4883 2754 4941 demissionem
2790 4890 2955 4944 animi
2993 4893 3279 4962 signiﬁcat.

1905 4971 2068 5027 Vens.
2102 4973 2188 5038 H,
2229 4973 2317 5028 12.
2384 4993 2402 5025 ι
2445 4975 2569 5031 Sive
2617 4978 2782 5047 igitur
2835 4996 2954 5051 ego,
3007 4986 3123 5039 sive
3173 4988 3268 5047 illi.
3306 4988 3387 5044 sic

1833 5064 2213 5134 praedicamus,
2248 5075 2304 5120 et
2354 5066 2434 5120 sic
2465 5069 2798 5126 credidistis.
2835 5072 2891 5127 Si
2923 5083 3101 5129 autem
3132 5077 3385 5134 Christus

1834 5155 2161 5227 pradicatur
2194 5158 2337 5227 quod
2365 5163 2665 5216 resurrexit
2692 5180 2721 5217 a
2763 5168 3012 5231 mortuis,
3047 5188 3065 5220 ι

1908 5247 1955 5300 Δ
1980 5263 2307 5320 quocunque
2343 5252 2523 5308 velitis
2554 5255 2767 5311 discere
2787 5297 2802 5320 ,
2846 5258 3078 5325 discite;
3111 5261 3243 5314 nihil
3271 5262 3381 5317 dis-

1832 5355 2136 5409 crepamus.

1906 5447 1924 5479 ι
1959 5427 2242 5493 Quomodo
2286 5430 2507 5500 quidam
2568 5433 2759 5489 dicunt
2795 5436 2848 5489 in
2894 5438 3069 5502 vobis,
3124 5440 3379 5508 quoniam

1839 5520 2166 5575 resurrectio
2192 5531 2528 5578 mortuorum
2557 5540 2663 5579 non
2698 5528 2821 5581 est?
2857 5547 2873 5577 ι

1989 5654 2300 5721 "lsa.t.m,
2344 5657 2428 5711 1‘2.
2515 5660 2559 5689 π
2607 5658 2747 5715 Psal.
2780 5678 2871 5723 κν,
2924 5663 3002 5717 10.
