4230 6438
199 407 301 470 693
312 419 320 430 ‘

1331 404 1410 464 ΙΝ
1441 404 1672 465 EPIST.
1716 407 1814 466 AD
1839 409 2191 472 CORINTH.
2220 416 2263 472 Ι.

3307 417 3409 480 694

268 536 286 567 ‹
335 513 552 585 Ἐπειδὴ
581 513 688 584 γὰρ
718 513 784 565 δι’
823 513 1117 582 ἀνθρώπου
1146 512 1394 576 Θάνατος,
1436 515 1528 566 καὶ
1556 514 1622 568 δι’
1657 515 1751 566 ἀν-
1779 520 1825 574 Α
1926 517 1938 584 ]

1738 543 1751 552 -
1779 520 1825 574 Α
1926 517 2080 600 117
2108 519 2268 574 Vens.
2319 520 2406 573 2|.
2445 539 2463 570 ι
2500 520 2765 584 Quoniam
2804 521 2948 573 enim
2984 535 3080 589 per
3128 521 3408 578 hominem

197 607 415 672 θρώπου
441 606 735 668 ἀνάστασις
765 607 829 658 ὲκ
861 604 1090 675 νεκρῶν.
1130 622 1148 655 ι

261 698 588 766 Αἰτιολογία.
628 697 846 768 Ἐπειδὴ
879 695 988 766 γὰρ
1034 697 1212 750 πάντα
1251 695 1634 763 ἀποφαντικῶς
1671 690 1750 748 εἷ-

196 809 310 854 πεν,
343 792 559 864 ἀνάγκῃ
588 792 683 844 καὶ
720 789 1030 857 αἰτιολογεῖ,
1062 791 1463 861 εὑπαράδεκτον
1481 792 1590 853 τοῖς
1617 789 1748 842 πολ·

197 884 302 946 λοίς
327 885 758 948 κατασκευάζων
786 885 876 937 τὸν
905 884 1082 951 λόγον.

266 994 285 1026 ι
319 976 528 1046 Ὥσπερ
552 975 656 1046 γάρ
680 977 736 1027 ὲν
761 975 837 1044 τῷ
875 975 1048 1044 Ἀδάμ
1077 973 1274 1037 πάντες
1298 974 1751 1043 ἀποθνήσκουσιν,

196 1066 366 1129 οὑτως
396 1069 489 1120 καὶ
516 1068 573 1120 ὲν
602 1067 676 1136 τῷ
713 1066 931 1137 Χριστῷ
968 1067 1164 1128 πάντες
1185 1064 1700 1134 ζωοποιηθήσονται.
1728 1086 1747 1118 ι

264 1159 366 1210 Τὸν
395 1158 503 1228 γάρ
522 1158 843 1228 ἡττηθέντα,
873 1158 1057 1226 φησὶν,
1105 1157 1265 1210 αὑτὸν
1312 1157 1755 1225 ἀναμαχέσασθαι

199 1250 301 1302 ἔδει
340 1250 440 1320 τὴν
471 1249 898 1318 καταϐληοεῖσαν
943 1248 1102 1316 φύσιν
1153 1246 1324 1318 αὑτὴν
1371 1249 1469 1301 καὶ
1508 1246 1749 1317 νικῆσαι.

201 1340 352 1394 Οὑτω
378 1342 485 1411 γάρ
518 1343 580 1394 τὸ
609 1341 809 1404 ὄνειδος
833 1341 1176 1412 ἀπετρίϐετο.

271 1545 288 1573 ι
325 1525 593 1586 Ἕκαστος
620 1523 676 1576 δὲ
703 1525 760 1576 ὲν
797 1521 875 1594 τῷ
903 1524 1016 1594 ἰδίῳ
1043 1523 1317 1594 τάγματι·
1361 1524 1581 1596 ἀπαρχὴ
1627 1526 1754 1595 Χρι⁹

204 1615 343 1678 στὸς.
396 1634 413 1666 ι

265 1708 357 1778 Μὴ
379 1707 565 1778 ἐπειδὴ
593 1708 888 1762 ἀνάστασιν
914 1708 1170 1778 ἤκουσας,
1207 1709 1395 1780 νόμιζε
1419 1710 1618 1774 πάντας
1647 1710 1753 1762 τῶν

203 1799 377 1852 αὐτῶν
413 1799 723 1852 ἀπολαύειν.

271 1909 290 1941 ι
335 1889 569 1942 Ἔπειτα
594 1891 643 1942 οἰ
670 1890 764 1942 τοῦ
791 1889 1026 1960 Χριστοῦ
1049 1891 1106 1942 ἐν
1136 1891 1198 1961 τῇ
1230 1891 1498 1961 παρουσίᾳ
1525 1891 1706 1946 αὑτοῦ.
1726 1910 1746 1944 ι
1784 1865 1826 1920 Β

266 1977 579 2045 Τουτέστιν,
612 1980 861 2032 οἰπιστοὶ
886 1981 982 2033 καὶ
1006 1979 1442 2050 εὑδοκιμηκότες.

273 2091 292 2124 ι
325 2067 459 2125 Εἶτα
482 2073 542 2124 τὺ
591 2072 761 2137 τέλος,
803 2073 932 2126 ὅταν
973 2071 1200 2143 παραδῷ
1236 2073 1334 2144 τὴν
1374 2073 1649 2144 βασιλειαν
1677 2073 1750 2142 τῷ

203 2165 317 2234 Θεῷ
346 2165 441 2218 καὶ
473 2165 664 2235 Πατρί.
701 2184 719 2216 ι

270 2257 439 2310 Ὅταν
463 2257 571 2327 γὰρ
590 2257 890 2310 ἀναστῶσιν
918 2257 1137 2323 ἐκεῖνοι,
1158 2257 1226 2311 τά
1245 2259 1544 2329 πράγματα
1576 2259 1752 2312 πάντα

204 2349 428 2419 λήψεται
447 2350 619 2412 τέλος.
661 2349 735 2402 υὺ
767 2349 1013 2420 καθάπερ
1036 2351 1129 2403 νῦν
1149 2353 1476 2414 ἀναστάντος
1501 2351 1593 2404 τοῦ
1617 2353 1748 2424 Χρι-

205 2443 350 2506 στοῦ,
383 2443 450 2496 τά
481 2443 777 2513 πράγματα
813 2442 1048 2514 ἔστησαν
1072 2443 1153 2498 ἔτι
1190 2443 1564 2514 μετέωρα.Διδ
1586 2462 1751 2513 προσ-

202 2533 401 2604 τίθησι,
447 2533 614 2603 ἡμεῖς
644 2535 714 2588 ἐν
755 2534 826 2602 τῇ
863 2536 1161 2603 παρουσίᾳ
1201 2536 1408 2600 αὑτοῦ,
1455 2537 1541 2589 ἵνα
1574 2537 1750 2609 μάθῃς

202 2629 280 2680 ὅτι
308 2627 440 2698 περὶ
469 2628 679 2681 ἐκείνου
711 2627 806 2681 τοῦ
837 2627 1028 2698 καιροῦ
1055 2627 1379 2696 διαλέγεται.

273 2737 293 2770 ι
335 2718 501 2772 Ὅταν
526 2720 846 2792 καταργήσῃ
877 2721 1054 2774 πᾶσαν
1081 2721 1252 2791 ἀρχὴν
1273 2721 1365 2774 καὶ
1391 2723 1573 2776 πᾶσαν
1603 2720 1772 2788 ἐξουσ-

205 2810 327 2862 σίαν
359 2813 452 2862 καὶ
479 2810 727 2881 δύναμιν.
765 2830 784 2862 ι

270 2901 582 2963 Τουτέστιν,
633 2903 760 2954 ὅταν
806 2903 871 2954 δι’
901 2902 1067 2956 αὑτοῦ
1120 2905 1446 2979 προσαγάγῃ
1478 2905 1656 2960 πάντα
1683 2907 1752 2961 τά

202 2995 326 3064 ἔθνη
357 2994 626 3047 δουλεύειν
650 2993 728 3064 τῷ
762 2996 955 3064 Πατρί.
990 2995 1197 3062 Οὐδεὶς
1227 2998 1336 3066 γὰρ
1364 2998 1616 3066 ἔρχεται,
1649 3017 1752 3070 φη-

202 3086 270 3148 σὶ,
309 3083 460 3152 πρὸς
486 3085 592 3138 τὸν
621 3087 868 3154 Πατέρα,
909 3091 958 3140 εἰ
977 3087 1062 3156 μὴ
1085 3087 1157 3140 δι’
1180 3089 1347 3156 ἐμοῦ.

1855 599 2022 670 moi’s,
2059 613 2113 658 et
2150 622 2243 675 per
2260 606 2535 660 hominem
2561 607 2888 660 resurrectio
2925 623 2990 661 ex
3022 610 3276 664 mortuis.
3311 630 3327 662 ι

1923 696 2114 749 Causae
2157 697 2408 752 redditio.
2467 696 2600 751 Nam
2652 699 2778 766 quia
2833 698 3086 753 universa
3139 701 3404 756 hactenus

1855 787 2169 842 afﬁrmando
2190 791 2581 857 pronuntiavit,
2609 804 2784 859 opera:
2826 791 3057 859 pretium
3084 790 3184 844 fuit
3212 792 3405 845 afferre

1855 892 2073 933 causam
2120 895 2227 948 qua
2256 882 2554 936 orationem
2586 882 2746 951 vulgo
2771 883 3104 950 probabilem
3137 891 3373 951 pararet.

1925 970 2090 1026 Vens.
2117 973 2206 1025 ἐξ.
2243 990 2261 1020 ι
2291 971 2421 1024 Nam
2474 973 2616 1028 sicut
2639 973 2692 1026 in
2735 973 2905 1026 Adam
2929 989 3118 1029 omnes
3160 975 3403 1027 moriun-

1857 1069 1962 1124 tur,
1998 1063 2071 1114 ita
2095 1073 2148 1116 ct
2177 1063 2229 1116 in
2257 1063 2478 1118 Christo
2506 1079 2694 1119 omnes
2722 1063 3158 1118 viviﬁcabuntur.
3204 1084 3223 1115 ι

1924 1154 2238 1223 Oportebat,
2295 1156 2491 1224 inquit,
2543 1164 2600 1209 ut
2646 1159 2738 1226 qui
2767 1165 3052 1225 superatus
3100 1157 3299 1221 fuerat,
3334 1158 3400 1210 ad

1856 1262 2087 1316 pugnam
2115 1255 2517 1314 reverteretur;
2560 1257 2613 1302 et
2669 1257 2727 1303 ut
2769 1251 2992 1304 subacta
3043 1259 3236 1304 natura
3285 1251 3400 1320 ipsa

1855 1339 2070 1392 tandem
2095 1340 2352 1395 vinceret.
2380 1340 2490 1396 llac
2516 1342 2712 1411 quippe
2736 1343 2944 1397 ratione
2963 1341 3249 1397 delendum
3279 1352 3396 1398 erat

1853 1432 2225 1502 opprobrium.

1925 1519 2085 1576 Vens.
2118 1523 2209 1577 25.
2247 1539 2266 1574 r
2307 1521 2696 1594 Unusquisque
2731 1533 2906 1579 autem
2949 1525 3002 1579 in
3037 1541 3138 1580 suo
3170 1525 3398 1590 ordine;

1852 1610 2104 1680 primitia:
2132 1613 2404 1669 Christus.
2443 1634 2462 1668 ι

1922 1702 1998 1757 Ne
2028 1705 2322 1773 putaveris,
2345 1706 2472 1759 dum
2504 1705 2662 1761 audis
2684 1708 3161 1772 resurrectionem,
3183 1722 3403 1762 eorum-

1853 1794 1971 1849 dem
1995 1811 2184 1850 omnes
2221 1797 2480 1852 bonorum
2509 1809 2788 1869 compotes
2811 1799 3045 1854 futuros.

1927 1905 1945 1936 ι
1983 1886 2186 1942 Deinde
2215 1887 2280 1941 iis
2310 1888 2403 1956 qui
2427 1898 2550 1942 sunt
2579 1889 2801 1953 Christi,
2841 1891 2893 1942 in
2923 1889 3156 1945 adventu
3191 1890 3330 1960 ejus.
3377 1927 3392 1941 .

1921 1974 2035 2029 Hoc
2057 1983 2159 2040 est,
2191 1977 2396 2040 ﬁdeles,
2430 1987 2482 2032 et
2513 1978 2605 2047 qui
2636 1979 2844 2046 probati
2883 1989 3029 2033 sunt.

1918 2064 2084 2121 Vens.
2111 2067 2200 2121 24.
2234 2085 2251 2118 ι
2295 2067 2496 2124 Deinde
2527 2070 2666 2135 linis,
2695 2085 2818 2124 cum
2851 2069 3134 2124 tradiderit
3173 2085 3401 2140 regnum

1851 2157 1960 2214 Deo
1982 2167 2035 2213 et
2060 2157 2226 2212 Patri.
2251 2177 2272 2211 ι

1917 2253 2146 2318 Quando
2190 2255 2266 2308 illi
2321 2262 2627 2324 resurgent,
2683 2270 2770 2310 res
2821 2272 3010 2311 omnes
3065 2258 3224 2310 ﬁnem
3259 2255 3403 2310 acci-

1850 2347 2046 2416 pient:
2101 2360 2266 2411 nam,
2330 2346 2785 2415 quemadmodum
2860 2347 3050 2407 hodie,
3116 2359 3399 2417 postquam

1849 2437 2105 2491 Christus
2122 2437 2418 2492 resurrexit
2437 2477 2452 2501 ,
2483 2453 2763 2505 suspensa
2799 2454 2888 2492 res
2915 2445 3171 2492 tenentur
3200 2437 3398 2492 adhuc.

1850 2523 2115 2589 Quocirca
2152 2524 2324 2587 addit,
2378 2541 2470 2578 nos
2501 2525 2553 2576 in
2591 2524 2813 2578 adventu
2847 2527 2984 2594 ejus,
3030 2537 3088 2580 ut
3139 2527 3401 2598 signiﬁcet

1849 2629 1910 2670 se
1931 2614 1997 2670 de
2029 2614 2120 2669 illo
2155 2622 2394 2684 tempore
2422 2615 2585 2670 verba
2625 2617 2822 2672 facere.

1924 2730 1943 2763 ι
1973 2709 2110 2765 Cum
2141 2712 2483 2766 evacuaverit
2522 2727 2734 2767 omnem
2769 2713 3129 2783 principatum
3160 2721 3214 2767 et
3252 2721 3402 2783 pote-

1850 2810 2044 2858 statem
2074 2809 2128 2855 et
2157 2801 2436 2855 virtutem.
2468 2821 2488 2854 ο

1918 2893 1973 2948 Id
2011 2903 2114 2959 est,
2165 2905 2511 2964 posteaquam
2566 2896 2811 2949 nationes
2842 2909 3029 2949 onmes
3052 2893 3118 2947 ad
3157 2893 3402 2949 servien-

1849 2985 1976 3040 dum
2017 2983 2163 3038 Patri
2193 2984 2497 3038 adduxerit.
2531 2984 2696 3038 Nemo
2733 2987 2893 3051 enim,
2926 2986 3099 3055 inquit
3131 2985 3402 3048 Christus.

1851 3077 1984 3130 venit
2011 3076 2078 3128 ad
2121 3075 2327 3128 Patrem
2357 3076 2457 3128 nisi
2482 3092 2571 3142 per
2600 3093 2678 3130 me
2709 3077 2776 3128 ⁸⁸.

272 3193 290 3252 ι
329 3175 421 3226 Δεῖ
468 3173 577 3244 γὰρ
627 3176 787 3228 αὑτὸν
839 3176 1140 3245 βασιλεύειν
1170 3180 1319 3249 ιάχρι
1346 3175 1406 3234 οὗ
1455 3181 1519 3252 θῇ
1548 3182 1749 3246 πάντας
1776 3194 1818 3250 c
1923 3161 1942 3211 Ἰ

1736 3201 1749 3246 ς
1776 3194 1818 3250 C
1923 3161 2084 3215 Vens.
2111 3162 2295 3216 25-29.
2327 3181 2343 3212 ι
2380 3163 2605 3233 Oportet
2636 3173 2813 3219 autem
2841 3166 2990 3218 illum
3039 3181 3287 3236 regnare,
3308 3166 3406 3220 do-

202 3268 322 3329 τοὺς
347 3266 575 3336 ἐχθροὺς
596 3268 698 3319 ὑπὸ
727 3269 854 3329 τοὺς
897 3270 1061 3331 πόδας
1094 3271 1278 3324 αὑτοῦ.
1305 3273 1488 3325 Πάντα
1513 3275 1620 3344 γάρ
1650 3275 1751 3325 ὑπ.-

202 3359 388 3422 έταξεν
418 3357 522 3409 ὑπὸ
549 3357 674 3420 τοὺς
702 3358 866 3421 πόδας
893 3360 1077 3413 αὑτοῦ.
1109 3362 1372 3429 Ἔσχατος
1402 3363 1592 3431 ἐχθρὸς
1619 3381 1750 3417 κατ-

202 3449 451 3514 αργεῖται
479 3448 507 3498 ὁ
536 3445 781 3509 Θάνατος.
824 3448 993 3501 Ὅταν
1017 3449 1073 3500 δὲ
1113 3450 1239 3520 εἴπῃ
1266 3452 1345 3503 ὅτι
1375 3453 1750 3515 ὑποτέτακται,

202 3537 359 3605 δῆλον
391 3536 546 3598 ἐκτὸς
573 3537 665 3588 τοῦ
692 3536 1053 3601 ὑποτάξαντος
1093 3541 1240 3608 αὑτῷ
1265 3542 1331 3594 τά
1366 3543 1562 3597 πάντα.
1589 3545 1754 3597 Ὅταν

202 3629 254 3679 δὲ
289 3629 535 3696 ὑποταγῇ
565 3627 712 3696 αὑτῷ
755 3627 824 3680 τά
869 3629 1084 3693 πάντα,
1119 3633 1236 3682 τότε
1269 3634 1361 3684 καὶ
1387 3634 1544 3696 αὑτὸς
1566 3637 1594 3686 ὁ
1629 3635 1752 3698 Υἱὸς

204 3717 604 3785 ὑποταγήσεται
634 3717 711 3785 τῷ
738 3717 1063 3783 ὑποτάξαντι
1105 3720 1251 3788 αὑτῷ
1281 3722 1350 3774 τά
1383 3723 1582 3775 πάντα·
1611 3723 1695 3776 ἵνα

204 3813 229 3860 ὁ
272 3808 408 3869 Θεὸς
454 3808 522 3860 τὰ
578 3809 754 3861 πάντα
781 3811 838 3860 ἐν
865 3813 1046 3863 πᾶσιν.
1091 3812 1241 3862 Ἐπεὶ
1264 3813 1316 3865 τί
1357 3815 1664 3882 ποιήσουσιν
1706 3818 1755 3866 οἰ

207 3899 583 3967 βαπτιζόμενοι
609 3899 748 3969 ὑπὲρ
769 3899 873 3952 τῶν
903 3901 1139 3970 νεκρῶν;
1176 3922 1194 3952 ι

272 3990 365 4048 Τὸ,
397 3991 554 4057 ἄχρι,
605 3990 706 4044 οὑκ
743 3991 858 4043 ἐστι
886 3993 1076 4061 χρόνου
1116 3994 1445 4064 σημαντικὸν
1499 3996 1646 4064 παρά
1688 3999 1754 4066 τῇ

207 4080 416 4147 Γραφῇ,
467 4080 657 4149 ῶσπερ
706 4080 823 4132 οὑδὲ
853 4081 932 4144 τὸ,
979 4082 1125 4148 ἓωςο
1163 4086 1297 4136 κατά
1341 4086 1399 4137 τὸ
1446 4087 1753 4154 εἰρημένον,

205 4169 319 4223 ἀπὸ
354 4169 459 4222 τοῦ
481 4168 710 4234 αἰῶνος,
740 4171 840 4225 καί
860 4171 968 4237 ἕως
987 4173 1092 4225 τοῦ
1117 4174 1329 4240 αἰῶνος
1353 4177 1432 4228 σὺ
1454 4173 1525 4228 εἷ.

281 4261 398 4312 Ἰνα
431 4263 502 4329 μή
533 4278 614 4322 τις
640 4261 733 4313 δύο
769 4263 939 4337 ἀρχὰς
958 4263 1228 4332 ἀνάρχους
1261 4266 1560 4336 ὑποπτεύῃ.
1604 4267 1757 4330 Τινὲς

206 4354 300 4420 τῆς
328 4350 525 4413 κακίας
550 4350 810 4420 δηλοῦντα
841 4351 939 4416 τὴν
980 4354 1257 4423 ἀναίρεσιν
1282 4356 1437 4408 τοῦτό
1475 4373 1635 4424 φασιν
1664 4357 1757 4409 αὑ-

205 4444 292 4495 τὸν
322 4443 625 4512 εἰρηκέναι.

1854 3269 1952 3308 nec
1978 3261 2138 3322 ponat
2169 3269 2358 3306 omnes
2385 3254 2639 3309 inimicos
2688 3257 2789 3311 sub
2819 3255 3047 3326 pedibus
3075 3257 3216 3325 ejus.
3271 3255 3403 3310 Nam

1852 3345 2033 3398 omnia
2063 3344 2292 3411 subjecit
2318 3343 2419 3397 sub
2458 3345 2683 3414 pedibus
2709 3345 2848 3414 ejus.
2886 3344 3192 3399 Novissima
3226 3353 3404 3397 autem

1853 3435 2070 3488 inimica
2091 3436 2400 3489 destruetur
2430 3451 2594 3488 mors.
2628 3437 2761 3489 Cum
2802 3446 2980 3488 autem
3025 3435 3193 3499 dicat,
3249 3435 3404 3500 Quod

1853 3526 2094 3593 subjecta
2125 3532 2275 3588 sunt,
2317 3527 2432 3580 sine
2463 3525 2631 3580 dubio
2678 3533 2872 3594 praeter
2900 3541 3024 3580 eum
3057 3526 3150 3595 qui
3175 3526 3406 3595 subjecit

1855 3616 1957 3686 ipsi
1979 3616 2184 3669 omnia.
2217 3617 2350 3669 Cum
2382 3625 2560 3670 autem
2594 3617 2837 3683 subjecta
2867 3617 3068 3670 fuerint
3095 3617 3168 3670 illi
3199 3617 3404 3680 omnia,

1856 3717 1981 3762 tunc
2033 3716 2087 3762 et
2125 3709 2238 3776 ipse
2269 3705 2437 3762 Filius
2489 3708 2765 3777 subjectus
2799 3708 2903 3763 erit
2953 3709 3002 3762 ei
3051 3707 3143 3778 qui
3177 3707 3408 3776 subjecit

1855 3800 1954 3854 sibi
1982 3798 2194 3863 omnia;
2251 3807 2308 3851 ut
2341 3799 2412 3852 sit
2444 3798 2585 3853 Deus
2629 3798 2888 3852 omniain
2933 3799 3209 3852 omnibus.
3253 3799 3404 3852 Alio-

1854 3891 1981 3961 quin
2017 3890 2147 3960 quid
2173 3890 2393 3952 facient,
2421 3891 2512 3959 qui
2551 3891 2899 3959 bnptizantur
2936 3905 3035 3959 pro
3070 3890 3346 3945 mortuis?
3385 3910 3402 3940 ι

1923 3979 2062 4044 Vox,
2113 3981 2295 4042 donec,
2349 3981 2404 4034 in
2435 3979 2710 4050 Scriptura
2747 3989 2960 4050 tempus
3002 3981 3292 4052 signiﬁcat,
3325 3983 3404 4035 uti

1857 4089 1973 4135 nec,
2004 4089 2181 4142 usque.
2225 4070 2384 4125 Velut
2436 4072 2491 4126 in
2542 4072 2644 4127 hoc
2680 4073 2860 4138 ell'ato,
2891 4091 2923 4127 α
2945 4075 3137 4127 sarculo
3167 4083 3216 4128 et
3245 4090 3406 4142 usque

1856 4165 1910 4216 in
1939 4164 2189 4216 saxulum
2219 4172 2274 4216 tu
2294 4180 2346 4218 es
2372 4164 2440 4215 ”.

1924 4252 2001 4308 Ne
2034 4257 2158 4324 quis
2192 4255 2458 4324 principia
2497 4254 2605 4308 duo
2656 4255 2897 4322 expertia
2940 4256 3193 4325 principii
3225 4259 3404 4326 Sllspi-

1857 4355 2028 4399 cetur.
2075 4345 2327 4398 Nonnulli
2375 4346 2567 4398 dicunt
2607 4345 2708 4399 hoc
2740 4361 2863 4399 eum
2893 4348 3298 4414 pronuntiasse,
3350 4358 3408 4400 ut

1859 4436 2117 4505 nequitiae
2142 4437 2569 4491 destructionem
2599 4436 2953 4505 significaret.

279 4551 297 4583 ι
340 4533 401 4584 Εἰ
430 4531 562 4594 ὃλως
590 4533 771 4602 νεκροὶ¹
797 4532 894 4586 οὑκ
919 4533 1241 4604 ἐγείρονται,
1267 4535 1318 4588 τε
1349 4537 1441 4589 καὶ
1472 4536 1755 4606 βαπτίζον-
1787 4521 1831 4576 Ῐ)
1933 4547 1949 4579 ι

1737 4568 1755 4580 .
1787 4521 1831 4576 D
1933 4547 1952 4579 ι
1993 4528 2046 4581 Si
2089 4529 2311 4583 omnino
2344 4529 2545 4582 mortui
2589 4543 2702 4583 non
2732 4535 3065 4599 resurgunt,
3100 4536 3160 4581 ut
3201 4527 3330 4598 quid
3356 4538 3407 4583 et

208 4640 293 4678 ται
322 4623 464 4693 ὑπὲρ
489 4624 697 4688 αὑτῶν;
741 4642 760 4676 ›
959 4649 962 4652 λ
995 4691 998 4694 .

275 4713 446 4767 Τοῦτό
474 4701 768 4788 φησινηὸτι
793 4716 885 4767 καί
910 4715 1108 4786 σαρκὸς
1137 4717 1431 4771 ἀνάστασιν
1461 4719 1753 4790 ὁμολογοῦο

213 4825 308 4876 μεν
337 4809 396 4859 ὲν
424 4807 503 4875 τῷ
539 4807 897 4876 βαπτίσματι.

285 4915 304 4948 t
341 4897 406 4949 Τί
445 4897 538 4950 καὶ
569 4899 732 4967 ἡμεῖς
765 4897 1142 4968 κινδυνεύομεν
1169 4902 1345 4952 πᾶσαν
1366 4901 1548 4972 ῶραν;
1590 4921 1608 4954 ι

276 5079 387 5131 Οὑκ
440 5074 629 5140 εἶπεν,
680 5078 822 5146 ἐγὼ,
881 5079 1018 5143 ἀλλ’,
1075 5079 1276 5148 ἡμεῖς,
1329 5082 1760 5152 παραλαμϐάνων

212 5175 414 5232 πάντας
436 5171 556 5232 τοὺς
577 5171 899 5233 ἀποστόλους
920 5187 932 5199 ·
965 5173 1059 5223 καὶ
1085 5171 1251 5242 ταύτῃ
1292 5176 1618 5242 μετριάζων,
1664 5177 1758 5229 καὶ

211 5263 512 5325 ἀξιόπιστον
537 5261 628 5312 τὸν
653 5261 807 5328 λόγον
837 5263 1024 5314 ποιῶν.

280 5372 298 5402 ε
335 5352 472 5404 Καθ’
495 5352 704 5421 ἡμέραν
726 5351 1072 5420 ἀποθνήσκω,
1099 5354 1163 5424 νὴ
1190 5355 1286 5423 τὴν
1323 5357 1589 5426 ὑμετέραν
1618 5360 1750 5413 καύ-

212 5461 384 5511 χησιν,
421 5442 486 5512 ἦν
517 5443 622 5510 ἔχω
644 5443 701 5493 ἐν
731 5442 950 5511 Χριστῷ
990 5444 1163 5512 Ἰησοῦ
1193 5445 1269 5510 τῷ
1292 5446 1496 5516 Κυρίῳ.
1527 5467 1545 5498 ι

288 5535 550 5588 Ἐνταῦθα
572 5534 668 5605 τὴν
698 5535 875 5587 αὑτῶν
906 5538 1185 5608 προκοπὴν
1208 5537 1376 5605 λέγει.
1400 5541 1520 5603 Πῶς
1545 5541 1602 5594 δὲ
1622 5543 1756 5598 ἀπο-

213 5625 431 5694 θνήσκει
465 5626 582 5679 καθ’
615 5627 847 5696 ἑκάστην
878 5628 1105 5698 ἡμεραν,
1142 5629 1172 5698 ἢ
1202 5633 1267 5701 τῇ
1299 5632 1612 5703 προθυμίας

292 5801 514 5859 "Juan.
543 5821 648 5863 xlv.
687 5810 738 5858 b'.
825 5805 1029 5859 "l’sal.
1068 5819 1152 5858 ιι..
1189 5803 1269 5857 ll.

1858 4623 2202 4692 baptizantur
2235 4635 2332 4689 pro
2367 4619 2514 4674 illis?
2553 4637 2572 4670 ι

1927 4715 2041 4770 Hoc
2071 4715 2167 4780 ait,
2198 4715 2323 4783 quia
2356 4712 2409 4766 in
2440 4713 2771 4781 baptismate
2799 4711 3258 4766 resurrectionem
3285 4725 3409 4764 car—

1855 4807 1940 4863 nis
1961 4807 2296 4875 proﬁtemur.

1929 4899 2088 4953 Vens.
2125 4897 2212 4950 30.
2255 4917 2272 4949 ι
2313 4894 2382 4950 Ut
2404 4896 2532 4966 quid
2562 4905 2616 4951 et
2643 4911 2743 4951 nos
2768 4895 3136 4965 periclitamur
3171 4894 3222 4947 in
3260 4894 3407 4947 omni

1860 4992 1994 5045 hora
2015 4992 2037 5041 τ
2073 5010 2091 5042 ι

1928 5083 2045 5135 Non
2069 5081 2228 5143 dixit,
2253 5095 2373 5146 ego.
2406 5079 2523 5140 sed,
2552 5095 2667 5144 nos,
2718 5086 2777 5130 ιιι
2803 5077 3081 5145 apostolos
3110 5091 3300 5128 omnes
3332 5077 3405 5127 si-

1855 5176 1966 5228 mul
2004 5174 2347 5243 signiﬁcaret.
2403 5173 2582 5240 Atque
2615 5171 2712 5222 hac
2748 5168 3241 5222 voceunodestiam
3277 5183 3401 5236 pro-

1853 5267 1972 5327 mit,
2005 5277 2057 5317 et
2083 5263 2315 5318 orationi
2343 5261 2499 5315 ﬁdem
2532 5260 2747 5314 asserit.

1928 5352 2092 5408 Vens.
2115 5354 2200 5406 51.
2235 5371 2252 5401 ι
2275 5350 2523 5415 Quotidie
2555 5349 2780 5409 morior,
2805 5347 2869 5400 ad
2893 5347 3118 5415 gloriam
3150 5353 3406 5409 vestram,

1860 5461 2020 5516 quam
2058 5445 2227 5497 habeo
2259 5443 2312 5495 in
2342 5441 2558 5496 Christo
2585 5437 2715 5492 Jesu
2751 5437 2996 5490 Domino.
3034 5454 3050 5485 ι

1936 5536 2095 5604 118
2121 5533 2215 5587 llic
2238 5534 2483 5587 enuntiat
2503 5540 2763 5600 quantum
2796 5527 3106 5598 profecerit.
3124 5526 3410 5590 Quomodo

1861 5628 2002 5683 enim
2037 5624 2277 5695 quotidie
2303 5624 2584 5690 moriatur,
2615 5621 2720 5675 nisi
2753 5619 2947 5674 ardorc
2975 5619 3182 5673 animi?
