4230 6438
815 362 918 422 υεό

2015 377 2074 435 S.
2096 375 2412 437 JOANNIS
2441 379 2862 441 DAMASCENI

3956 383 4062 448 695

892 478 1052 530 Vens.
1090 481 1176 534 39..
1217 503 1231 526 ι
1279 481 1332 533 Si
1368 489 1380 528 ε’
1402 486 1700 540 secundum
1739 487 2050 563 hominem)
2081 493 2148 548 ad
2179 495 2381 550 bestias
2408 503 2456 558 Α
2557 525 2562 547 ‹

2408 503 2456 558 Α
2557 519 2576 551 ι
2619 502 2678 554 Εἰ
2715 503 2906 572 (κατά
2951 501 3234 572 ἄνθρωπον
3272 501 3731 573 )έθηριομάχησα
3776 503 3839 556 ἐν
3887 505 4057 575 Ἐφέ-

818 575 1050 636 pugnavi
1091 573 1310 636 Ephesi.
1358 598 1374 624 ι

892 662 1002 714 Hm:
1043 674 1146 717 ρςι,
1171 676 1438 731 quantum
1483 668 1540 722 in
1573 669 1821 726 homines
1864 673 2038 739 cadit;
2073 689 2382 744 quanquam

816 765 865 802 et
898 755 1038 807 Deus
1079 770 1164 808 me
1199 757 1473 810 liberavit.

894 866 912 896 ι
943 846 1084 912 Quid
1121 848 1256 901 mihi
1287 850 1533 918 prodest,
1581 853 1626 906 si
1661 855 1858 909 mortui
1895 871 2003 911 non
2043 859 2384 927 resurgunt?

817 941 1214 995 manducemus
1243 951 1296 996 et
1339 941 1639 998 bibamus:
1696 959 1822 1000 cras
1869 948 2012 1002 enim
2065 950 2377 1005 moriemur.

818 1032 986 1088 Vens.
1024 1032 1142 1104 55.]
1172 1031 1354 1090 Nolite
1373 1050 1558 1090 errare
1582 1034 1986 1110 :Corrumpuut
2006 1056 2185 1096 mores
2211 1043 2380 1096 bonos

815 1124 1091 1190 colloquia
1125 1126 1290 1179 mala.
1329 1145 1347 1178 ι

886 1219 1075 1273 lsthmc
1103 1221 1287 1275 omnia
1324 1222 1715 1291 pronuntiavit,
1762 1239 1870 1278 non
1893 1225 2036 1293 quod
2069 1226 2200 1280 nihil
2228 1242 2380 1282 emo-
2417 1241 2422 1246 '

816 1309 1046 1364 lumenti
1077 1312 1410 1382 percipiebat
1442 1329 1507 1368 ex
1536 1330 1601 1368 eo
1627 1313 1772 1383 quod
1806 1316 2133 1384 patiebatur,
2161 1319 2254 1387 qui
2281 1334 2380 1373 nec

815 1403 1083 1458 mercedis
1103 1405 1515 1474 exspectatione
1552 1417 1817 1461 curreret.
1845 1405 1973 1463 Sola
2000 1410 2200 1479 quippe
2227 1413 2380 1466 retri-

815 1495 968 1549 butio
991 1495 1103 1549 lucc
1125 1497 1173 1548 ci
1200 1497 1524 1561 sulliciebat,
1565 1499 1616 1551 id
1658 1508 1921 1569 praestare
1945 1505 2089 1571 quod
2123 1502 2378 1572 placitum

814 1600 960 1643 esset
1019 1587 1146 1643 Deo.
1182 1588 1289 1644 Sed
1341 1599 1565 1660 propter
1611 1591 1972 1661 plurimorum
2008 1593 2376 1650 infirmitatem

813 1681 885 1734 ita
924 1680 1269 1750 loquebatur.
1301 1680 1572 1756 Quocirca
1604 1682 1675 1735 ob
1720 1685 1964 1738 eamdem
1993 1685 2257 1739 rationem
2294 1686 2377 1740 di-

2487 611 2582 646 σω.
2619 612 2637 642 ι

2551 687 2595 739 Τ
2597 685 2858 748 ουτέστιν,
2894 686 3020 739 ὅσον
3040 687 3120 750 εἰς
3137 686 3459 757 ἀνθρὼτωυς
3489 683 3648 758 ἧκεν,
3669 688 3719 740 εί
3752 687 3850 740 καὶ
3867 687 3899 740 ὁ
3917 687 4055 752 Θεζς

2482 776 2766 849 ὲρῤὐσατο.

2555 886 2572 916 ι
2609 866 2674 918 Τί
2709 869 2878 938 μοιτὸ
2903 867 3116 937 δῳελος,
3151 870 3201 922 εί
3224 870 3408 940 νεκροὶ
3440 854 3543 923 οὐῇ
3585 869 3921 941 ὲγείρονταις
3950 870 4057 940 φά-

2481 974 2664 1028 γωμεν
2711 959 2804 1013 καὶ
2849 960 3093 1030 πίωμεν·
3123 960 3313 1032 αὖριον
3340 961 3448 1031 γὰρ
3478 961 3920 1033 ἀποθνήσκομεν.
3958 961 4056 1032 Μὴ

2480 1049 2748 1103 πλανᾶσθε
2769 1067 2782 1080 ο
2819 1051 3096 1124 φθείρουσι
3128 1051 3236 1122 7&9
3265 1050 3418 1124 [ἤθη]
3456 1054 3667 1123 χρηστά
3719 1053 3928 1124 ὁμιλίαι
3951 1071 4055 1106 κα-

2479 1159 2591 1194 καί.
2631 1159 2651 1192 ι

2546 1230 2683 1284 Τάδε
2705 1231 2882 1284 πάντα
2908 1229 3114 1297 ἔλεγεν,
3143 1231 3245 1282 οὐκ
3279 1230 3467 1301 ἐπειδὴ
3524 1233 3626 1286 οὐκ
3665 1250 3809 1303 ειχεν
3851 1233 4053 1299 ὄφελος

2478 1324 2572 1376 καὶ
2597 1325 2656 1376 ὲν
2683 1323 2830 1388 αὐτῷ
2859 1324 2937 1393 τῷ
2960 1323 3210 1392 πάσχειν.
3241 1324 3315 1376 Οὐ
3337 1324 3448 1394 7&9
3476 1325 3568 1377 ἐπὶ
3597 1325 3778 1396 μισθῷ
3801 1325 4050 1396 ἔτρεχεν·

2477 1416 2721 1487 ἀρκοῦσα
2759 1418 2868 1486 7&9
2899 1416 3047 1486 αὐτῷ
3077 1413 3144 1487 ἦν
3189 1415 3460 1481 ἀντίδοσις
3507 1416 3569 1470 τὸ
3604 1419 3829 1488 ποιῆσαι
3876 1418 3939 1471 τὸ
3963 1418 4050 1471 δο-

2477 1509 2606 1563 κοῦν
2651 1508 2729 1580 τῷ
2760 1509 2909 1579 Θεῷ·
2953 1509 3090 1562 ἀλλά
3119 1510 3209 1564 διά
3240 1509 3340 1582 τὴν
3364 1509 3650 1564 ἀσθένειαν
3677 1511 3787 1564 τῶν
3809 1511 4047 1565 πολλῶν.

2479 1602 2638 1654 Ὥστε
2671 1603 2762 1653 καὶ
2789 1602 2916 1654 ὅταν
2957 1600 3112 1672 λέγῃ,
3149 1604 3216 1654 El
3236 1602 3307 1654 ἐν
3331 1601 3406 1670 τῇ
3447 1601 3562 1670 ζωῇ
3594 1605 3783 1672 ταύτῃ
3812 1605 3885 1657 ὲν
3913 1607 4052 1672 Χρι-

2475 1691 2599 1757 στῷ
2615 1693 2935 1759 ἠλπικότες
2953 1693 3142 1762 ἐσμὲν
3158 1694 3370 1762 μόνον,
3393 1694 3782 1762 ἐλεεινότεροι
3800 1695 4050 1749 πάντων

810 1774 1005 1827 cebat:
1041 1772 1099 1826 Si
1148 1774 1201 1826 in
1249 1777 1347 1826 hac
1372 1774 1481 1826 vita
1513 1781 1723 1826 tantum
1761 1775 1818 1826 in
1843 1773 2078 1829 -Clm'sto
2107 1788 2375 1843 sperantes
2409 1843 2446 1854 __
2474 1806 2480 1832 ‹

2409 1843 2446 1854 __
2474 1782 2798 1849 ἀνθρώπων
2826 1783 3033 1851 ἐσμὲν.
3059 1785 3146 1836 διὰ
3170 1783 3268 1854 τὴν
3306 1785 3476 1854 αὐτὴν
3521 1786 3704 1839 αἰτίαν
3726 1785 3900 1854 λέγει,
3955 1787 4051 1840 καὶ

809 1883 1016 1926 sumus,
1075 1865 1484 1919 miserabiliores
1536 1883 1719 1921 sumus
1757 1866 1998 1922 omnibus
2057 1868 2374 1926 hominibus.
2409 1843 2479 1920 Bt

2409 1843 2448 1899 Β
2475 1843 2614 1926 ὥστε
2634 1873 2712 1943 τῷ
2748 1843 3354 1946 φόόῳντῆςάθλιότῖητος
3395 1843 3602 1946 ταύτης
3633 1843 3909 1933 διασείσαι
3944 1879 4049 1932 αὖ·

795 1957 927 2029 ὀιιο
957 1976 1152 2030 nempe
1189 1958 1270 2010 vel
1311 1958 1540 2027 hujusce
1564 1959 1796 2013 miserize
1820 1968 1874 2012 et
1906 1959 2240 2017 infelicitatis
2267 1962 2377 2018 for-

808 2049 1015 2102 midine
1041 2064 1232 2103 eorum
1256 2050 1406 2103 circa
1440 2047 1900 2101 resurrectionem
1937 2049 2373 2108 incredulitatem

806 2141 1126 2212 exagitaret.

876 2230 1043 2286 Vens.
1064 2233 1154 2286 δι.
1191 2251 1210 2283 ι
1239 2231 1693 2300 Evigilatejnste.
1734 2251 1754 2282 s

877 2324 992 2380 Hoc
1034 2332 1142 2388 est,
1193 2326 1268 2378 uti
1302 2325 1636 2380 conveniens
1683 2334 1738 2379 et
1784 2325 1914 2380 utile
1947 2327 2069 2381 erit.
2101 2325 2264 2381 Velut
2300 2330 2368 2383 ad

806 2418 1056 2474 ebriosos
1080 2425 1137 2472 et
1163 2425 1427 2472 amentes.

881 2530 900 2562 ι
934 2507 998 2564 Et
1025 2509 1199 2564 nolite
1227 2523 1477 2578 peccare.
1511 2527 1531 2559 s

876 2605 1084 2657 Annuit
1143 2619 1209 2655 ex
1253 2617 1420 2672 prava
1467 2601 1594 2656 vitae
1647 2603 1864 2656 ratione
1896 2603 2102 2655 semina
2151 2604 2377 2673 hujusce

807 2691 1146 2746 infidelitatis
1184 2691 1474 2760 pullulare.
1517 2690 1668 2744 Multi
1723 2689 1992 2761 siquidem
2033 2707 2244 2768 eorum,
2279 2695 2372 2764 qui

805 2783 1012 2838 conscii
1038 2783 1142 2838 sibi
1173 2793 1305 2837 sunt
1331 2782 1628 2844 malorum,
1657 2798 1760 2837 nec
1786 2798 1978 2852 pinnas
2007 2785 2196 2839 volunt
2252 2802 2376 2856 per-

805 2879 1040 2940 solvere,
1075 2876 1134 2930 in
1161 2875 1265 2928 Iide
1294 2874 1716 2930 resurrectionis
1737 2877 2092 2942 sanciantur;
2115 2878 2374 2946 quemad-

804 2971 1024 3023 modum
1053 2983 1084 3023 e
1105 2969 1388 3023 contrario
1420 2968 1515 3038 qui
1548 2983 1744 3038 magna
1789 2969 1959 3023 edunt
1992 2969 2234 3024 facinora
2266 2972 2375 3026 vir-

805 3070 1007 3124 tutum,
1045 3059 1294 3130 quotidie
1319 3058 1551 3128 cupiunt
1574 3057 1719 3114 diem
1742 3059 1890 3112 illam
1924 3061 2125 3114 videre.

878 3171 897 3202 ι
935 3152 1302 3222 lgnorantiam
1325 3151 1472 3206 enim
1498 3151 1592 3205 Dei
1628 3150 1850 3220 quidam
1877 3151 2094 3206 habent.
2139 3171 2157 3202 s

876 3241 1012 3298 Vide
1051 3242 1332 3313 quomodo
1384 3242 1441 3298 in
1474 3242 1598 3295 illos
1633 3241 2050 3303 criminationes
2088 3243 2369 3298 transfert.

805 3337 938 3390 Nam
992 3335 1458 3390 resurrectionem
1512 3333 1768 3397 inliciari,
1827 3333 1978 3388 illius
2031 3337 2235 3402 estqui
2264 3351 2374 3390 non

804 3435 1100 3497 pernoscat
1132 3425 1393 3480 virtutem
1442 3423 1533 3479 Dei
1571 3425 2019 3496 insuperabilem,
2071 3435 2127 3480 et
2166 3427 2231 3481 ad
2261 3443 2410 3480 om-~

805 3522 895 3574 nia
918 3518 1302 3575 sullicientem.
1335 3517 1617 3588 Siquidem
1646 3519 1792 3571 enim
1819 3531 1886 3572 ex
1921 3517 2087 3571 nullis
2116 3519 2376 3572 exstanti-

804 3614 928 3679 bus,
957 3627 1022 3668 ea
1057 3628 1182 3682 qua:
1203 3619 1446 3674 exstant,
1480 3609 1672 3666 fecerit
1700 3650 1716 3674 ,
1766 3609 1941 3664 multo
1975 3612 2146 3680 magis
2176 3613 2376 3680 poterit

803 3704 1047 3762 excitare
1065 3717 1188 3772 qua:
1216 3701 1397 3758 soluta
1427 3709 1605 3755 erant.

879 3814 899 3847 s
941 3794 1023 3850 Ad
1058 3791 1426 3849 reverentiam
1458 3787 1618 3846 vobis
1637 3787 1856 3860 loquor.
1900 3808 1918 3840 ι

875 3889 932 3945 Id
957 3895 1066 3954 est,
1096 3885 1175 3942 ita
1202 3893 1261 3941 ut
1280 3897 1380 3941 vos
1411 3881 1729 3955 corripism,
1751 3889 1833 3949 ut,
1864 3880 2072 3952 pudore
2092 3891 2374 3954 conceptu,

803 3983 1062 4042 meliores
1092 3977 1360 4037 evadatis.
2251 4023 2256 4028 ,

875 4069 1042 4127 Vsns.
1069 4068 1160 4126 55.
1200 4086 1220 4121 s
1259 4064 1367 4124 Sed
1406 4064 1554 4122 dicet
1585 4062 1830 4136 aliquis:
1877 4061 2160 4130 Quomodo
2194 4076 2376 4120 resur-

803 4174 940 4238 ειιιιι
967 4160 1219 4218 mortui?
1251 4159 1469 4231 qualive
1512 4169 1748 4227 corpore
1783 4153 2046 4209 venient?
2074 4171 2094 4207 ι

874 4255 1163 4333 Objectum
1191 4251 1358 4308 solvit
1383 4248 1529 4321 quod
1555 4245 1791 4319 gentiles
1825 4243 2163 4299 invenerant.

872 4345 1045 4402 Vens.
1073 4344 1162 4409 36,
1192 4343 1283 4399 37.
1327 4360 1345 4394 ι
1390 4339 1680 4410 lnsipiens,
1703 4345 1762 4391 ιιι
1790 4335 1934 4406 quod
1974 4335 2232 4399 seminss,
2266 4350 2373 4391 neu

803 4440 1136 4501 vivificatur,
1169 4436 1276 4493 nisi
1305 4434 1459 4506 prius
1484 4429 1791 4487 moriatur?
1811 4428 1874 4483 Et
1899 4428 2046 4499 quod
2067 4429 2322 4490 seminss.
2349 4448 2367 4480 ι

2397 3179 2444 3241 C

2475 1965 2584 2019 τῶν
2606 1965 2704 2036 τὴν
2729 1965 2991 2019 ἀπιστίαν
3019 1966 3148 2037 περὶ
3165 1965 3268 2032 τῆς
3289 1968 3660 2032 ἀναστάσεως.

2551 2252 2568 2280 ι
2619 2232 2918 2302 Ἐκνήψατε
2940 2232 3184 2298 δικαίως.
3222 2251 3243 2284 s

2543 2324 2850 2388 Τουτέστιν,
2883 2326 2976 2377 ἐπὶ
3001 2324 3080 2396 τῷ
3120 2325 3488 2397 συμφέροντι·
3519 2325 3596 2389 ὡς
3624 2325 3764 2398 πρὸς
3812 2326 4041 2399 μεθύον-

2474 2431 2569 2477 τας
2599 2413 2692 2466 καὶ
2727 2416 3100 2485 μαινομένους.

2550 2522 2568 2554 ι
2606 2504 2715 2556 Καὶ
2740 2503 2816 2574 μὴ
2847 2505 3214 2574 ἁμαρτάνετε.
3255 2526 3276 2560 ι

2543 2598 2763 2660 Δεικνὺς
2791 2598 2874 2649 ὅτι
2905 2598 3014 2651 ἀπὸ
3033 2598 3274 2670 πονηροῦ
3301 2599 3420 2670 βίου
3453 2601 3523 2655 τά
3557 2602 3852 2675 σπέρματα
3873 2605 4046 2676 αὐτῆς

2471 2687 2569 2756 τῆς
2603 2687 2880 2751 ἀπιστίας.
2912 2690 3024 2742 Καὶ
3051 2690 3160 2756 7&9
3185 2691 3369 2744 πολλοὶ
3407 2693 3517 2745 τῶν
3557 2696 3774 2766 πονηρά
3807 2697 4037 2750 συνειδὸ-

2471 2794 2580 2830 των
2603 2778 2835 2841 ἑαυτοῖς,
2885 2780 2976 2832 καὶ
3009 2780 3072 2833 οὐ
3106 2780 3452 2852 βουλομένων
3505 2785 3692 2839 δοῦναι
3723 2787 3906 2858 δίκην,
3950 2788 4045 2842 καὶ

2472 2873 2552 2933 είς
2571 2870 2667 2940 τὴν
2682 2887 2750 2923 πε
2759 2872 2812 2940 ρὶ
2837 2872 2938 2940 τῆς
2956 2873 3304 2939 ἀναστάσεως
3327 2876 3810 2947 παραὸλάπτονται
3836 2881 4044 2933 πίστιν·

2471 2961 2659 3031 ὥσπερ
2700 2957 2793 3015 οὖν
2837 2963 2888 3015 oi.
2931 2966 3141 3032 μεγάλα
3181 2967 3599 3038 κατορθοῦντες,
3639 2970 3765 3024 καθ’
3804 2972 4047 3042 ἑκάστην

2471 3052 2638 3121 αὐτὴν
2664 3043 2990 3124 ὲπιθυμοῦσί
3018 3055 3118 3124 τὴν
3147 3057 3364 3127 ἡμέραν
3388 3059 3541 3115 ἰδεῖν.

2546 3162 2567 3196 ι
2602 3145 2900 3213 ’Ᾱγνωσίαν
2919 3148 3025 3219 γάρ
3055 3149 3189 3201 Θεοῦ
3220 3150 3365 3215 τινὲς
3393 3151 3629 3221 ἔχουσιν.
3664 3169 3685 3204 s
3949 3219 3961 3230 _

2543 3236 2681 3305 Ὅρα
2699 3236 2813 3299 πῶς
2842 3237 3003 3290 πάλιν
3023 3241 3102 3300 εἰς
3129 3240 3374 3304 ἐκείνους
3407 3244 3706 3314 μεταφέρει
3737 3244 3812 3299 τά
3842 3245 4048 3317 £720.43-

2476 3343 2640 3397 ματα.
2670 3325 2742 3378 Τὸ
2771 3328 2881 3396 γὰρ
2910 3329 2975 3397 τῇ
3019 3331 3311 3383 ἀναστάσει
3365 3331 3690 3398 διαπιστεῖν,
3738 3337 3803 3389 οὐ
3841 3338 4048 3408 σφόδρα

2472 3418 2671 3482 εἰδότος
2699 3419 2816 3472 ἐστὶ
2846 3421 2946 3490 τὴν
2971 3421 3067 3475 τοῦ
3095 3422 3230 3476 Θεοῦ
3259 3423 3511 3495 δύναμιν,
3539 3427 3641 3497 τὴν
3678 3427 3925 3498 ἄμαχον,
3957 3431 4049 3484 καὶ

2473 3511 2607 3581 πρὸς
2651 3512 2824 3565 πάντα
2853 3512 3149 3582 ἀρκοῦσαν.
3182 3516 3245 3567 Εἰ
3275 3515 3384 3586 7&9
3416 3516 3476 3580 ἐξ
3499 3519 3600 3571 οὐκ
3625 3518 3800 3572 ὄντων
3819 3522 3894 3574 τά
3922 3521 4050 3576 ὄντα

2474 3601 2714 3670 ἐποίησε,
2739 3601 2919 3673 πολλῷ
2949 3603 3148 3673 μᾶλλον
3175 3605 3244 3658 τὰ
3269 3605 3593 3661 διαλυθέντα
3611 3609 3928 3679 ἀναστῆσαι
3953 3612 4047 3666 δυ-

2473 3694 2537 3761 νή
2546 3709 2715 3747 σεται.

2546 3801 2567 3836 ι
2605 3784 2746 3855 Πρὸς
2772 3783 3037 3856 ἐντροπὴν
3074 3785 3203 3856 ὑμῖν
3229 3786 3392 3857 λέγω.
3426 3807 3446 3840 ι

2542 3873 2853 3938 Τουτέστιν,
2887 3874 3026 3929 ὥστε
3079 3875 3403 3948 διορθῶσαι,
3464 3878 3607 3934 ὥστε
3652 3882 4050 3956 αισχυνθέντας

2475 3965 2620 4036 ὑμᾶς
2647 3964 2898 4035 γενέσθαι
2932 3965 3194 4038 βελτίους.

2548 4073 2568 4108 ι
2613 4055 2752 4110 Ἀλλ’
2775 4057 2892 4128 ipsi
2915 4071 3032 4122 τιςο
3065 4057 3190 4124 Πῶς
3229 4059 3534 4134 ιγείρονται
3563 4063 3614 4118 oi
3645 4065 3876 4138 vsx9oi;
3912 4067 4050 4142 ποίῳ

2473 4150 2530 4204 δι
2552 4150 2764 4222 σώματι
2786 4150 3035 4221 ιρχονται
3058 4168 3073 4219 ;
3100 4169 3118 4204 s

2559 4241 2851 4295 ’Δντίθεσιν
2883 4241 3000 4296 λύει
3030 4243 3160 4314 παρ’
3193 4243 3462 4318 Ἐλλήνων
3491 4247 3886 4322 εἰσαγομένην.

2549 4350 2569 4384 ι
2609 4333 2835 4404 Ἀφρον,
2860 4332 2925 4386 σὺ
2951 4332 2979 4386 δ
3016 4335 3282 4406 σπείρεις,
3312 4336 3374 4390 οὐ
3422 4335 3795 4407 ζωοποιεῖται,
3826 4342 3930 4396 ιάν
3977 4341 4052 4415 μὴ

2477 4422 2761 4495 ἀποθάνῃς
2795 4425 2886 4477 καὶ
2919 4425 2948 4478 ὃ
2975 4426 3239 4497 σπείρεις,
3273 4447 3292 4478 ι

873 4529 929 4584 Id
964 4539 1072 4588 est.
1103 4496 1274 4599 penes
1305 4496 1661 4594 temetipsum
1713 4496 2372 4576 horum-demonstratio-
2407 4510 2449 4564 Β

2407 4510 2449 4564 D
2548 4515 2856 4579 Τουτέστιν,
2901 4516 3061 4587 Παρά
3109 4496 3290 4589 σαυτῷ
3335 4520 3434 4590 τὴν
3456 4521 3733 4586 ἀπόδειξιν
3755 4523 3909 4593 ἔχεις

801 4641 930 4681 nem
957 4623 1149 4687 habes,
1194 4635 1261 4674 ex
1297 4618 1365 4673 iis
1388 4630 1513 4687 quae
1543 4613 1644 4670 abs
1680 4621 1746 4667 -te
1793 4611 2036 4680 quotidie
2068 4611 2201 4665 fiunt
2247 4627 2261 4663 :
2314 4619 2371 4664 ιιι

801 4732 936 4770 vero
965 4710 1332 4766 nihilominus
1353 4706 1532 4760 adhuc
1557 4700 1896 4758 contradicis
1913 4698 1938 4752 ἲ
1957 4697 2150 4767 inquit.
2172 4697 2372 4763 Quatu-

801 4809 991 4862 obrem
1027 4804 1156 4872 jure
1187 4809 1242 4855 te
1276 4799 1625 4869 insipientem
1657 4791 1893 4863 appello,
1923 4791 2014 4860 qui
2046 4805 2107 4845 ea
2157 4790 2373 4859 ignoras

801 4914 925 4972 quae
950 4893 1197 4966 quotidie
1223 4891 1380 4944 facis.
1409 4891 1480 4942 At
1501 4886 1708 4940 videsis
1737 4882 2213 4953 superjectioncm.
2241 4879 2371 4934 Nam

799 4988 948 5062 quod
971 4987 1047 5041 illi
1072 4981 1336 5054 neganda:
1358 4977 1778 5035 resurrectionis
1801 4981 2181 5045 argumentum
2208 4973 2372 5028 habe-

803 5087 960 5146 bant,
987 5095 1058 5135 ex
1087 5079 1194 5132 hoc
1233 5077 1348 5146 ipse
1386 5071 1608 5128 coniicit
1637 5067 2156 5124 demonstrationem
2186 5082 2369 5120 resur-

802 5171 1084 5229 rectionis.
1139 5167 1400 5222 Dicebant
1457 5162 1605 5218 enim
1640 5177 1655 5212 :
1689 5159 2042 5228 Nequaquam
2103 5165 2369 5225 resurget.

802 5259 1247 5336 quandoquidem
1271 5266 1524 5310 mortuus
1558 5259 1664 5306 est.
1696 5249 1898 5303 Contra
1942 5247 2034 5301 ille
2062 5246 2135 5299 ait
2165 5263 2179 5299 :
2210 5245 2373 5302 Planc.

802 5355 1025 5425 quidem
1053 5351 1160 5407 nisi
1197 5355 1443 5402 mortuus
1471 5346 1564 5405 sit,
1599 5355 1875 5408 nunquam
1907 5338 2286 5415 resurrexerit.

877 5461 897 5491 ι
930 5439 1047 5492 Non
1076 5452 1300 5506 corpus,
1325 5434 1468 5503 quod
1503 5432 1745 5485 futurum
1780 5435 1886 5488 est,
1916 5426 2173 5481 seminas.
2215 5443 2233 5476 ι

874 5528 1038 5602 119
1073 5527 1187 5582 Hoc
1212 5537 1320 5588 est,
1354 5539 1462 5578 non
1494 5523 1702 5592 spicam
1757 5520 2044 5586 integram,
2091 5531 2197 5569 non
2232 5516 2370 5569 triti-

800 5640 928 5680 cum
962 5636 1190 5679 novum,
1221 5633 1332 5674 non
1384 5614 1530 5686 quod
1580 5611 1832 5667 culmum
1874 5609 2093 5672 habeat,
2140 5623 2246 5662 non
2277 5623 2370 5675 pa-

806 5718 967 5772 leam.
1007 5712 1108 5766 llic
1136 5711 1281 5766 enim
1317 5723 1427 5762 non
1467 5705 1535 5760 de
1564 5704 1799 5772 ipsamet
1829 5700 2228 5754 resurrectione
2259 5699 2371 5751 dis-

805 5815 981 5874 putat.
1039 5802 1135 5860 sed
1180 5802 1248 5858 dc
1305 5793 1730 5854 resurrectionis
1771 5790 1930 5846 modo
1972 5835 1978 5839 .
2023 5799 2148 5846 nuta
2207 5789 2363 5845 uualc

2477 4624 2606 4669 των,
2630 4605 2696 4658 δι’
2722 4599 2799 4659 ὧν
2819 4607 3077 4676 πράττεις
3102 4608 3224 4660 καθ’
3243 4609 3479 4680 ἑκάστην
3505 4613 3742 4683 ἡμέραν,
3774 4615 3875 4668 καὶ
3901 4617 4052 4670 ἀντι·

2478 4697 2654 4765 λέγεις
2678 4695 2797 4760 ἔτη
2830 4697 2984 4767 φησί.
3017 4698 3110 4751 Διὸ
3152 4700 3249 4752 καὶ
3298 4702 3509 4771 ἄφρονά
3534 4719 3594 4755 σε
3629 4705 3810 4768 καλῶ,
3854 4708 3941 4761 ὅτι
3981 4707 4051 4761 τά

2477 4789 2598 4842 καθ’
2622 4790 2836 4858 ἡμέραν
2867 4787 2972 4841 ὐπδ
3001 4789 3095 4842 σοῦ
3127 4791 3386 4861 γινόμενα
3416 4793 3651 4861 ἀγνοεῖς.
3682 4795 3797 4849 Καὶ
3817 4789 4051 4870 δρότὴν

2479 4880 2798 4950 ὑπερϐολήν.
2832 4879 2900 4934 Ὀ
2917 4880 3024 4950 γὰρ
3047 4881 3263 4934 ἐποίουν
3291 4883 3490 4935 ὲκεῖνοι
3507 4886 3816 4955 τεκμήριον
3841 4887 3944 4940 τοῦ
3973 4890 4050 4959 μὴ

2477 4970 2813 5033 ἀνίστασθαι,
2839 4969 2996 5023 τοῦτο
3014 4970 3108 5022 τοῦ
3131 4972 3452 5025 ἀνίστασθαι
3482 4977 3718 5028 ποιεῖται
3741 4977 4042 5044 ἀπόδειξιν.

2479 5057 2586 5111 Καὶ
2618 5058 2727 5126 7&9
2755 5057 2959 5124 ἔλεγον,
2983 5059 3097 5112 Οὐκ
3123 5059 3428 5126 ἀνίσταται,
3451 5063 3638 5133 ἐπειδὴ
3662 5066 3961 5123 ἀπέθανεν.
3989 5067 4049 5121 ὐ

2476 5148 2530 5198 δὲ
2557 5147 2936 5215 ἀντιστρέψας,
2957 5150 3142 5218 φησὶν,
3162 5149 3272 5203 Καὶ
3303 5151 3412 5223 μὴν
3436 5153 3485 5204 εί
3515 5153 3590 5223 μὴ
3617 5153 3920 5222 ἀπέθανεν,
3947 5157 4048 5211 οὐκ

2477 5241 2541 5293 ἂν
2571 5239 2789 5307 ἀνέστη.

2553 5440 2570 5470 ι
2611 5421 2685 5472 Οὐ
2716 5419 2777 5471 τὸ
2801 5419 2960 5486 σῶμα
2983 5418 3044 5470 τὸ
3069 5419 3436 5489 γενησόμενον
3465 5421 3736 5493 σπείρεις.
3779 5442 3802 5476 s

2547 5511 2854 5574 Τουτέστιν,
2880 5511 2940 5562 οὺ
2967 5511 3166 5579 στάχυν
3187 5511 3502 5581 ὀλόκληρον,
3526 5513 3592 5565 οὐ.
3632 5516 3785 5568 σῖτον
3809 5516 3956 5580 νέον,
3981 5515 4039 5568 οὗ

2483 5605 2731 5674 καλάμην
2760 5602 2971 5671 έχοντα,
3001 5603 3102 5656 οὐκ
3143 5603 3361 5673 ἄχυρον.
3409 5604 3676 5658 Ἐνταῦθα
3711 5609 3826 5677 7&9
3860 5608 4041 5662 οὐκέτι

2487 5694 2617 5763 πρὸς
2635 5693 2734 5760 τὴν
2763 5693 3063 5744 ἀνάστασιν
3096 5695 3126 5745 ὁ
3155 5692 3332 5761 λόγος,
3359 5693 3498 5747 ἀλλά
3529 5697 3670 5764 πρὸς
3711 5697 3808 5749 τὸν
3836 5700 4040 5769 τρόπον

2481 5788 2572 5841 εἰς
2604 5783 2947 5841 ἀναστάσεως
2969 5800 2982 5812 ⁶
3019 5784 3256 5839 ποταπδν
3285 5785 3443 5842 σῶμα
3472 5786 3534 5839 τὸ
3571 5786 3769 5843 μέλλον
3813 5790 4033 5844 ἀνίσταο
