4230 6438
173 424 272 485 697

1299 426 1380 486 IN
1417 427 1650 486 EPIST.
1680 428 1777 486 AD
1798 428 2150 492 CORINTH.
2184 431 2232 490 Ι.

3269 418 3372 484 698

174 539 334 599 σθαι,
365 531 478 588 οἷον
515 535 563 587 εί
581 535 641 587 τὸ
667 534 842 601 αύτδ⁸,
872 536 904 606 ἢ
947 535 1038 588 καὶ
1065 534 1268 605 βέλτιον
1300 538 1391 589 καὶ
1417 537 1722 605 λαμπρότε-
1750 543 1795 597 Α
1823 554 1844 593 c

1672 554 1722 589 ε·
1750 543 1795 597 Α
1823 554 2024 608 corpus
2090 541 2161 594 sit
2210 549 2656 593 rerurrecturum
2689 548 2791 589 :an
2836 532 2938 584 ltoc
2984 533 3159 600 ipsum
3190 547 3203 581 ε
3231 545 3342 583 nun

174 646 287 698 ρον.
323 627 437 680 Καὶ
467 627 752 698 ἀμφότερα
787 629 850 679 ὲκ
873 627 968 679 τοῦ
991 626 1154 680 αὑτοῦ
1180 627 1572 697 ὑποδείγματος
1593 629 1724 699 λαμ-

172 720 347 783 ϐάνει,
377 721 591 783 δεικνὺς
610 723 691 774 ὅτι
725 720 902 790 πολλῷ
936 719 1165 789 βέλτιον.

1822 631 1951 699 quid
1977 645 2085 684 non
2110 630 2306 684 melius
2335 640 2388 683 et
2415 624 2790 698 splendidius?
2814 622 2972 691 Atqui
3008 620 3193 675 isthmc
3226 629 3364 672 utra-

1821 738 1926 792 que
1977 739 2045 776 ex
2101 722 2290 776 eodem
2323 722 2569 790 exemplo
2598 716 2826 788 colligit,
2888 712 3186 769 ostendens
3219 712 3366 782 longe

1821 812 2015 867 melius
2046 810 2501 881 praestautiusque
2530 825 2728 878 corpus
2762 807 3026 860 futurum.

1900 922 1918 954 ι
1956 901 2027 957 Ut
2051 912 2179 973 puta
2207 902 2396 963 tritici,
2425 909 2519 954 aut
2559 900 2793 965 alicujus
2832 907 3176 951 caterorum.
3213 911 3231 944 ι

1889 993 2074 1064 Itaque
2109 995 2369 1064 loquitur,
2397 1010 2464 1050 ne
2504 993 2671 1048 alicui
2694 994 2747 1046 in
2776 991 3151 1062 suspicionem
3175 990 3372 1055 veniat,

1825 1085 2050 1140 alterum
2078 1101 2137 1140 se
2159 1101 2361 1155 corpus
2387 1085 2616 1140 dixisse.

251 1203 271 1236 ι
311 1185 372 1238 ’0
407 1187 462 1239 δὲ
485 1186 618 1250 Θεὸς
649 1187 861 1240 δίδωσιν
884 1189 1031 1259 αὐτῷ
1050 1189 1230 1258 σῶμα,
1247 1191 1428 1253 καθὼς
1441 1190 1720 1260 ἠθέλησε.)
1895 1176 1921 1229 Ἶ

1702 1209 1720 1242 ,
1895 1176 2060 1232 Vsus.
2078 1176 2350 1232 38.4Deus
2372 1187 2548 1232 autem
2570 1177 2662 1231 dat
2691 1178 2767 1232 illi
2787 1193 3009 1248 corpus,
3037 1178 3177 1230 sicut
3201 1181 3367 1230 vult.)

246 1278 338 1345 Μὴ
388 1278 568 1329 τοίνυν
618 1280 1008 1350 περιεργάζου,
1079 1279 1213 1348 μηδὲ
1263 1281 1724 1350 πολυπραγμόνει,
1893 1269 1916 1323 Ῑ

1710 1321 1724 1343 ,
1893 1269 2118 1338 Neergo
2173 1269 2447 1325 curiosius
2495 1270 2765 1340 inquiras,
2822 1285 2919 1324 nec
2975 1269 3153 1323 dedita
3212 1283 3372 1336 opera

178 1370 295 1426 πῶς
325 1372 421 1422 καὶ
451 1370 560 1422 τίνι
582 1372 789 1441 τρόπῳ,
822 1373 950 1425 ὅταν
975 1373 1110 1425 Θεοῦ
1142 1372 1369 1444 δύναμιν
1400 1374 1493 1426 καὶ
1522 1373 1728 1444 θέλημα
1828 1376 1848 1415 ε

1701 1393 1728 1427 ι
1828 1363 2106 1427 scrutaris,
2141 1362 2388 1431 quinam,
2443 1378 2618 1432 quave
2648 1363 2879 1428 ratione,
2915 1363 3044 1418 dum
3091 1361 3185 1415 Dei
3216 1362 3371 1415 virtu-

179 1459 442 1531 ἀκούσῃς.
1828 1459 1849 1506 ι

1828 1459 1934 1507 tem
1968 1459 2022 1505 et
2054 1454 2342 1520 potentiam
2368 1454 2543 1508 audis.

255 1568 274 1599 ι
316 1551 426 1602 Kal.
459 1551 671 1620 ἑκάστῳ
704 1551 811 1603 τῶν
865 1553 1194 1622 σπερμάτων
1221 1553 1282 1606 τὸ
1325 1553 1458 1606 ίδιον
1489 1554 1666 1623 σῶμα.
1705 1575 1724 1607 ι
1903 1562 1922 1594 ί

1576 1572 1666 1623 μα,
1705 1575 1724 1607 ,
1903 1562 1922 1594 ‹
1958 1540 2021 1595 Et
2048 1544 2345 1611 unicuique
2369 1546 2635 1598 seminum
2677 1544 2953 1612 proprium
2980 1559 3200 1612 corpus.
3229 1561 3246 1595 ι

248 933 267 965 ι
305 913 539 984 Είτύχοι
579 914 745 976 σίτου,
775 915 810 986 ἡ
842 933 985 979 τινος
1022 917 1130 968 τῶν
1157 916 1377 971 λοιπῶν.
1425 934 1443 966 ι

252 1024 271 1055 ‹
303 1005 476 1058 Τοῦτό
501 1023 683 1074 φησιν,
728 1006 812 1060 ἵνα
842 1009 916 1078 μὴ
955 1009 1083 1062 ἄλλο
1109 1025 1193 1070 τις
1225 1007 1539 1080 ὑποπτεύσῃ
1571 1009 1727 1080 σῶμα

176 1096 451 1165 εἰρῆσθαι.
489 1116 509 1148 s

261 1639 478 1709 Ἐπειδὴ
509 1657 646 1700 τινες
677 1643 914 1711 ἠπόρουν
945 1644 1070 1712 περὶ
1115 1645 1214 1712 τῆς
1244 1644 1610 1706 ἀναστάσεως.
1639 1644 1731 1697 καὶ
1891 1633 1931 1699 Q

1708 1644 1731 1695 *ι
1891 1633 2026 1699 Quia
2060 1637 2305 1689 nonnulli
2343 1636 2410 1690 de
2437 1627 2841 1691 resurrectione
2883 1636 3226 1696 dubitabant,
3268 1635 3377 1688 aie-

179 1728 390 1795 ἔλεγον·
428 1729 580 1792 Ποίῳ
601 1729 668 1782 δὲ
710 1730 933 1799 σώματι
959 1731 1274 1799 ἕρχονται;
1338 1732 1526 1786 τούτου
1571 1735 1732 1804 χάριν
1835 1724 1849 1778 Ι

1708 1752 1732 1786 ν
1835 1724 2072 1794 bantque
2102 1741 2115 1776 :
2150 1725 2310 1790 Quali
2354 1743 2470 1779 vero
2502 1743 2715 1794 corpore
2747 1727 2945 1780 venient
2971 1727 2994 1778 ?
3021 1726 3225 1780 idcirco
3255 1725 3378 1779 sub-

179 1819 444 1888 ὺποφέρει
477 1820 550 1881 ὡς
575 1821 668 1871 ἐπὶ
697 1821 1115 1890 ὑποδείγματος,
1145 1822 1206 1874 τὸ
1237 1822 1346 1874 τῶν
1404 1824 1731 1894 σπερμάτων
1762 1881 1803 1894 _

1707 1841 1731 1875 ν
1762 1881 1803 1894 _
1829 1815 1968 1885 jicit,
1997 1817 2520 1886 tanquamlexempli
2553 1817 2749 1883 gratia,
2780 1817 3059 1885 proprium
3109 1817 3377 1870 seminum

181 1910 310 1961 ἴδιον
341 1909 500 1980 σῶμα
535 1910 723 1979 λέγων.
754 1912 862 1965 Ποῦ
892 1915 1072 1966 τοίνυν
1101 1915 1160 1966 τὸ
1187 1913 1496 1986 ἁλλότριονς
1528 1916 1586 1969 τὸ
1621 1917 1730 1988 γὰρ

179 2001 310 2052 ἴδιον
333 2001 565 2056 δίδωσιν.

252 2112 272 2144 ι
311 2095 386 2146 Οὐ
423 2097 571 2148 πᾶσα
632 2096 768 2165 σὰρξ
798 2099 831 2166 ἡ
875 2098 1012 2168 αὑτὴ
1062 2097 1238 2170 σάρξ·
1281 2099 1417 2153 ἀλλά
1453 2101 1586 2172 ἄλλη
1634 2102 1732 2172 μὲν

177 2183 502 2252 ἀνθρώπων,
536 2185 666 2256 ἄλλη
709 2186 768 2238 δὲ
815 2187 948 2254 σὰρξ
977 2189 1211 2258 πτηνῶν,
1249 2189 1383 2259 ἄλλη
1421 2190 1476 2243 δὲ
1499 2191 1727 2260 κτηνῶν,

176 2275 313 2343 ἄλλη
347 2276 405 2328 δὲ
450 2276 664 2345 ἰχθύων.
727 2279 834 2329 Καὶ
871 2277 1100 2349 σώματα
1128 2282 1448 2350 ἐπουράνια,
1491 2283 1584 2333 καὶ
1629 2280 1731 2334 σώ-

179 2385 326 2434 ματα
359 2368 576 2435 ἐπίγεια
602 2384 616 2397 °
647 2369 761 2422 ἀλλ’
794 2371 958 2444 ἑτέρα
997 2373 1098 2442 μὲν
1147 2374 1180 2442 ἡ
1231 2372 1340 2426 τῶν
1397 2374 1730 2444 ἐπουρανίων

172 2458 320 2521 δόξα,
350 2459 510 2528 ἑτέρα
537 2459 592 2513 δὲ
617 2460 651 2530 ἡ
670 2459 779 2512 τῶν
810 2462 1096 2530 ἐπιγείων·
1127 2462 1260 2532 ἄλλη
1288 2462 1414 2528 δόξα
1442 2464 1614 2534 ήλίου,
1637 2467 1730 2518 καὶ

175 2551 307 2620 άλλη
345 2551 595 2621 σελήνης,
631 2554 724 2606 καὶ
763 2553 895 2624 άλλη
926 2553 1052 2618 δόξα
1080 2555 1344 2625 ἀστέρων.
1388 2555 1585 2625 Ἀστὴρ
1619 2556 1729 2626 γάρ

174 2645 403 2714 ἀστέρος
433 2645 674 2714 διαφέρει
707 2648 762 2698 ὲν
787 2646 934 2716 δόξῃ.
978 2647 1130 2699 Οὕτω
1158 2649 1251 2700 καὶ
1287 2647 1579 2710 ἀνάστασις
1621 2649 1729 2702 τῶν

172 2719 419 2800 νεκρῶνζ
472 2735 748 2803 σπείρεται
789 2737 848 2788 ὲν
876 2736 1070 2806 φθορᾷ,
1117 2737 1385 2806 ἐγείρεται
1416 2739 1472 2789 ἐν
1513 2737 1728 2807 ἀφθαρ-

174 2842 336 2878 σπι.»

241 2919 361 2969 Ἰνα
397 2918 469 2988 μὴ
519 2919 582 2970 ἐκ
626 2919 720 2970 τοῦ
756 2918 1151 2989 ὑποδείγματος
1191 2918 1480 2989 ὁμοτιμίαν
1529 2920 1729 2981 πάντες

169 3013 466 3079 νομίσωσιν
525 3013 581 3064 ὲν
614 3011 692 3081 τῷ
741 3011 984 3082 μέλλοντι
1027 3011 1342 3081 λαμϐάνειν,
1396 3012 1591 3082 φησίν·
1647 3014 1729 3066 Οὐ

171 3101 341 3154 πᾶσα
369 3101 522 3169 σὰρξ
557 3104 595 3170 ἡ
620 3102 770 3170 αὑτὴ
813 3102 987 3171 σάρξ.
1025 3103 1244 3171 Ὅμοιον
1272 3103 1345 3165 ὡς
1368 3104 1415 3155 εί
1452 3102 1596 3170 λέγοι
1615 3120 1627 3134 ·
1661 3104 1727 3155 Τί

1762 1881 1804 1935 Β
1830 1881 2027 1977 corpus
2047 1881 2520 1962 dicens-Ubinam
2557 1881 2690 1978 ergo
2729 1881 2988 1970 alienum,
3014 1908 3232 1977 quando
3254 1922 3382 1977 pro-

1829 1998 2006 2068 prium
2031 1985 2190 2052 datur
2207 1998 2250 2050 ἳ-

1897 2088 2062 2142 Vsus.
2097 2089 2287 2144 59-49..
2322 2108 2341 2142 ι
2376 2087 2493 2144 Non
2539 2089 2721 2145 omnis
2779 2071 2927 2154 caro,
2964 2089 3150 2143 eadem
3203 2105 3331 2143 caro
3365 2107 3379 2143 :

1830 2181 1924 2236 sed
1957 2181 2059 2234 alia
2075 2181 2294 2250 quidem
2328 2182 2632 2244 hominum,
2655 2182 2758 2234 alia
2784 2197 2911 2235 vero
2934 2196 3064 2234 caro
3079 2183 3380 2244 volucrum,

1829 2272 1934 2324 alia
1962 2286 2236 2340 pecorum,
2279 2272 2384 2326 alia
2425 2282 2606 2326 autem
2636 2274 2890 2342 piscium.
2918 2271 2980 2324 Et
3007 2288 3235 2342 corpora
3267 2288 3382 2326 ca:-

1827 2361 2005 2426 lestia,
2030 2371 2084 2416 et
2113 2377 2344 2432 corpora
2383 2365 2662 2417 terrestria
2699 2379 2712 2415 :
2743 2364 2838 2418 sed
2874 2367 2980 2418 alia
3011 2365 3230 2434 quidem
3264 2379 3382 2417 ca:-

1830 2452 2047 2507 lestium
2088 2453 2282 2523 gloria,
2309 2454 2414 2508 alia
2469 2462 2647 2508 autem
2683 2457 3045 2510 terrestrium.
3081 2456 3196 2509 Alia
3220 2455 3385 2509 clari-

1827 2545 1961 2597 ritas
1983 2543 2133 2606 solis,
2156 2545 2259 2597 alia
2296 2545 2516 2600 claritas
2541 2546 2696 2609 lunte,
2729 2554 2782 2600 et
2816 2547 2918 2599 alia
2944 2547 3166 2601 claritas
3197 2547 3380 2602 stella-

1829 2650 1976 2688 rum.
2035 2633 2202 2689 Stella
2256 2635 2436 2689 diﬂert
2465 2651 2494 2688 a
2530 2638 2685 2690 stella
2725 2637 2778 2690 in
2808 2638 3074 2692 claritate.
3106 2638 3195 2693 Sic
3221 2647 3275 2692 et
3301 2654 3383 2692 re-

1828 2725 2097 2778 surrectio
2147 2733 2512 2778 mortuorum.
2571 2724 2883 2780 Seminatur
2916 2727 2969 2780 in
3001 2729 3379 2797 corruptione,

1828 2823 2011 2884 surget
2042 2815 2094 2868 in
2122 2814 2553 2884 incorruptione.
2598 2835 2615 2865 ι

1894 2905 1972 2959 Ne
2002 2905 2380 2960 existimarent
2450 2907 2521 2959 ob
2570 2906 2791 2960 allatum
2821 2907 3154 2974 exemplum,
3194 2923 3385 2962 omnes

1828 2997 1882 3051 in
1910 2996 2095 3050 futuro
2118 3012 2234 3052 aevo
2258 2997 2521 3066 aequalem
2551 2998 2775 3067 gloriam
2812 3006 3151 3067 accepturos,
3183 2999 3386 3054 idcirco

1828 3091 1938 3145 ait:
1967 3089 2091 3143 Non
2123 3091 2291 3144 omnis
2331 3106 2476 3154 caro,
2541 3090 2722 3143 eadem
2768 3107 2913 3143 caro.
2941 3092 3019 3144 Ac
3057 3093 3100 3146 si
3143 3092 3383 3150 diceret:

171 3192 338 3259 λέγω,
374 3195 558 3261 φησὶν,
585 3195 674 3246 ἐπὶ
718 3195 825 3247 τῶν
857 3196 1220 3264 σπερμάτων;
1261 3194 1391 3246 'Ezl'
1404 3194 1512 3247 τῶν
1544 3195 1727 3264 σωμά-
1751 3217 1794 3274 c
1829 3184 1841 3244 1

1710 3217 1794 3274 ,α
1829 3182 1967 3248 Quid
2015 3183 2082 3237 de
2147 3182 2446 3238 seminibus
2493 3182 2739 3251 loquor?
2788 3181 2902 3237 Hoc
2953 3184 3128 3252 ipsum
3170 3184 3236 3239 de
3267 3201 3380 3254 quo

170 3299 280 3332 των
307 3282 676 3350 γυμνάσωμεν
699 3283 857 3336 τοῦτο
888 3285 1017 3335 αὐτὸ
1041 3323 1055 3345 ,
1092 3285 1219 3353 περὶ
1246 3278 1306 3336 οὗ
1333 3284 1362 3334 ό
1395 3283 1550 3350 λόγος
1597 3285 1727 3354 ἡμῖν
1831 3292 1840 3328 1

1715 3301 1727 3335 ρ
1831 3290 1976 3328 nunc
2020 3275 2363 3344 disputamus
2411 3274 2724 3328 accuratius
2769 3275 2924 3343 juvat
2967 3276 3262 3344 explicare,
3292 3278 3385 3331 ad-

172 3370 268 3422 νῦν
295 3389 308 3400 ο
334 3369 521 3439 ἐπειδὴ
551 3373 642 3424 τὸν
665 3373 761 3441 τῆς
782 3373 1138 3436 ἀναστάσεως⁴
1155 3373 1521 3426 κατεσκεύασε
1549 3373 1724 3442 λόγον,

170 3462 414 3514 δείκνυσι
442 3461 647 3527 λοιπὸν,
677 3464 756 3514 ὅτι
781 3463 949 3532 πολλὴ
973 3464 1006 3533 ἡ
1032 3463 1126 3531 τῆς
1154 3462 1311 3532 δόξης
1331 3463 1451 3515 τότε
1472 3463 1722 3534 διαφορὰ,

172 3553 220 3602 εί
257 3553 353 3602 καὶ
401 3551 695 3613 ἀνάστασις
760 3553 878 3621 μία.
915 3555 1020 3605 Kal.
1066 3554 1357 3623 διαιρέσεις
1399 3553 1512 3618 δύο,
1549 3555 1626 3616 είς
1658 3555 1724 3608 τὰ

171 3642 496 3712 ἐπουράνια,
548 3643 639 3694 καὶ
683 3644 753 3696 τά
794 3643 1031 3710 ἐπίγεια.
1080 3646 1200 3697 Ὅτι
1237 3644 1334 3714 μὲν
1378 3644 1486 3713 γὰρ
1516 3645 1584 3697 τὰ
1617 3646 1719 3698 σώ-

175 3751 324 3803 ματα
354 3734 657 3796 ἀνίσταται,
697 3734 895 3798 ἔδειξεν
935 3736 1020 3788 διὰ
1044 3735 1137 3788 τοῦ
1186 3736 1354 3789 σίτου.
1393 3737 1516 3789 Ὀτι
1545 3737 1601 3789 δὲ
1631 3738 1728 3790 οὐκ

173 3827 230 3880 tv
259 3827 327 3896 τῇ
360 3824 497 3895 αὐτῇ
524 3825 648 3898 δόξῃ
683 3827 878 3893 πάντα,
908 3827 1176 3882 δείκνυσιν
1206 3827 1472 3883 ἐντεῦθεν.
1507 3829 1726 3883 Δείκνυ-

175 3934 261 3971 σιν
291 3912 389 3971 οῦν
433 3916 507 3982 ὡς
548 3919 643 3972 καὶ
674 3918 784 3973 τῶν
835 3920 1058 3974 δικαίων
1089 3920 1258 3993 πολλὴ
1287 3922 1320 3992 ἡ
1350 3919 1600 3992 διαφορὰ,
1632 3919 1725 3976 τὸν

174 4008 273 4080 μὲν
295 4007 452 4079 ἡλίῳ,
477 4007 566 4063 τδν
597 4009 652 4064 δὶ
674 4009 861 4082 ἀστέρι
889 4011 1237 4082 παρεικάζων
1257 4029 1270 4045 ο
1302 4012 1395 4066 καὶ
1413 4010 1519 4065 τῶν
1548 4012 1724 4084 ἀμαρ-

173 4098 358 4154 τωλῶν
385 4099 552 4173 πολλὴ
579 4101 612 4172 ἡ
641 4101 888 4174 διαφορὰ,
947 4102 1100 4168 ζώων
1131 4102 1355 4173 σώματα
1395 4102 1587 4170 λέγων,
1631 4103 1724 4156 καὶ

177 4188 395 4258 ἰχθύων.
450 4190 538 4243 καὶ
581 4191 822 4261 κτηνῶν·
877 4193 972 4248 καὶ
1021 4193 1154 4258 ὅλως
1201 4192 1266 4248 δι’
1313 4192 1724 4263 ὑποδειγμάτων

176 4279 294 4347 ἄγει
323 4279 415 4333 τὸν
439 4279 614 4349 λόγον,
645 4283 738 4337 καὶ
761 4285 853 4338 ἐπὶ
882 4286 988 4339 τῶν
1010 4286 1142 4352 ἀνω,
1173 4288 1266 4342 καὶ
1303 4288 1394 4341 ἐπὶ
1416 4286 1523 4341 τῶν
1554 4287 1722 4342 κάτω.

1831 3365 2008 3421 ductis
2040 3366 2094 3420 in
2127 3365 2364 3420 medium
2403 3365 2750 3434 corporibus.
2782 3364 2920 3431 Quia
2965 3369 3384 3424 resurrectionis

1828 3457 2129 3511 doctrinam
2163 3465 2318 3512 antea
2361 3457 2646 3519 stabilivit,
2695 3457 2952 3526 deinceps
3009 3458 3246 3512 ostendit
3270 3474 3379 3513 ma-

1828 3565 1990 3619 gnum
2024 3557 2154 3602 tunc
2209 3555 2474 3618 quantum
2537 3549 2603 3602 ad
2649 3548 2878 3618 gloriam
2916 3548 3210 3603 discrimen
3247 3549 3379 3613 fore,

1827 3641 2077 3711 quamvis
2109 3657 2212 3695 una
2249 3641 2322 3696 sit
2348 3642 2679 3696 resurrectio
2707 3655 2721 3692 :
2752 3652 2913 3710 atque
2935 3641 3043 3695 duo
3072 3641 3378 3712 distinguit,

1823 3734 2071 3788 coelestia
2109 3742 2164 3788 et
2214 3735 2524 3789 terrestria.
2586 3733 2877 3788 Enimvero
2929 3735 3179 3803 exemplo
3215 3735 3383 3789 tritici

1819 3837 2203 3881 resurrectura
2227 3840 2462 3897 corpora
2493 3825 2745 3897 probavit
2778 3842 2792 3885 :
2827 3841 2891 3881 ex
2927 3826 3030 3881 hoc
3063 3836 3244 3882 autem
3276 3827 3384 3882 alio

1817 3917 2180 3982 demonstrat,
2218 3933 2324 3974 non
2350 3919 2534 3974 omnia
2564 3918 2791 3990 gloriam
2822 3916 3069 3974 eamdem
3107 3917 3380 3975 habitura.

1817 4007 2066 4065 Ostendit
2093 4022 2222 4081 ergo
2255 4008 2482 4063 multam
2534 4006 2652 4063 foro
2686 4006 3026 4076 interjustos
3064 4004 3383 4078 discrepan-

1827 4104 1979 4170 tiam,
2026 4102 2154 4159 dum
2208 4102 2371 4159 alium
2417 4117 2540 4158 cum
2591 4102 2707 4158 sole
2734 4109 3034 4174 comparat,
3061 4102 3224 4157 alium
3256 4116 3381 4158 cum

1828 4193 1979 4255 luna,
2013 4200 2067 4249 et
2105 4192 2270 4247 alium
2315 4206 2440 4248 cum
2490 4193 2686 4260 stella;
2734 4192 2974 4256 itemque
3031 4200 3381 4262 peccatorum

1830 4281 2259 4339 diversissimum
2284 4296 2405 4338 esse
2438 4291 2639 4338 statum
2661 4322 2676 4349 ,
2727 4295 2852 4336 cum
2875 4271 3238 4338 animantium
3299 4282 3382 4354 pi-

176 4375 462 4444 sciumque
503 4382 556 4430 et
598 4376 880 4432 volucrum
935 4394 1166 4450 corpora
1209 4378 1382 4434 aﬂert.
1433 4380 1509 4433 Ac
1556 4386 1730 4433 totum
1804 4372 1908 4429 hoc
1982 4381 2360 4445 argumentum
2413 4374 2746 4444 exsequitur,
2779 4367 3032 4429 adductis
3083 4372 3140 4428 in
3197 4388 3382 4429 exem-

177 4470 345 4539 plum,
377 4478 482 4522 tam
512 4484 634 4540 qua:
662 4485 878 4553 sursum
926 4480 1072 4537 sunt,
1097 4488 1258 4543 quam
1290 4462 1714 4544 quaa'deorsum.

246 4581 266 4614 ι
302 4562 593 4633 Σπείρεται
622 4566 682 4618 ὲν
705 4563 918 4636 ἀτιμία,
946 4565 1219 4637 ἐγείρεται
1248 4567 1305 4621 ὲν
1325 4567 1470 4638 δόξῃ.
1509 4585 1526 4620 ι

241 4739 311 4790 Τι’
333 4738 445 4806 γάρ
495 4739 818 4810 ἀτιμότερον
864 4742 1078 4806 δζοντος
1132 4742 1378 4812 σώματος
1424 4745 1518 4796 καὶ¹
1565 4744 1720 4815 διαρ-

179 4832 391 4898 ρέοντος
408 4847 422 4894 ;

251 4943 270 4972 ‹
311 4922 602 4989 Σπείρεται
631 4926 686 4975 ὲν
720 4924 990 4994 ἀσθενείᾳ.
1030 4943 1048 4976 ι

246 5013 414 5065 Οὔπω
440 5016 546 5083 γὰρ
605 5015 805 5084 ἡμέραι
861 5018 1171 5085 τριάκοντα,
1212 5020 1304 5071 καὶ
1337 5019 1397 5072 τὸ
1462 5022 1570 5073 πᾶν
1606 5022 1722 5075 διει-⁹

179 5123 379 5157 Αυεται.

247 5235 266 5267 ι
322 5217 702 5286 Ἐγείρεταιὲν
725 5218 972 5288 δυνάμει.
1007 5238 1025 5270 ι

239 5328 379 5380 Τότε
408 5326 518 5396 γάρ
545 5327 705 5396 αύτοῦ
727 5329 876 5381 οὐδὲν
906 5331 1188 5400 περιέσται
1222 5333 1427 5386 λοιπόν.

248 5464 266 5493 ι
309 5441 602 5512 Σπείρεται
633 5441 790 5512 σῶμα
814 5443 1058 5514 ψυχικὸν,
1083 5445 1351 5515 ἐγείρεται
1385 5445 1538 5515 σῶμα
1566 5463 1724 5499 πνευ-

181 5535 432 5603 ματικὸν.
475 5554 492 5585 ι

247 5647 635 5715 Τοῦτόφησιν.
665 5649 763 5717 οὐχ
801 5647 874 5711 ὡς
912 5649 987 5718 μὴ
1029 5649 1178 5712 ὄντος
1211 5650 1308 5704 καὶ
1359 5649 1473 5711 νῦν,
1515 5649 1601 5702 διὰ
1635 5650 1724 5701 τὸν

183 5740 472 5809 ἀρραϐῶνα
508 5739 624 5811 [τοῦ
641 5739 999 5811 ΠνεύματοςῙ.
1031 5741 1122 5794 τοῦ
1156 5740 1399 5809 σώματος
1429 5759 1723 5811 ’πνευματι-

187 5830 299 5892 κοῦ,
337 5830 452 5882 ἀλλ’
486 5830 561 5892 ὡς
603 5831 721 5883 τότε
759 5831 934 5900 πολὶῷ
967 5831 1124 5885 πλέον
1153 5832 1320 5893 ὄντος.
1360 5832 1470 5884 Νῦν
1498 5833 1590 5896 μὲν
1620 5832 1723 5896 γὰρ

1753 4565 1796 4623 D
1893 4555 2059 4613 Vens.
2091 4556 2180 4612 45.
2227 4554 2600 4613 «Seminatur
2656 4555 3137 4628 inignobilitate;
3194 4563 3381 4627 surget

1828 4651 1884 4706 in
1915 4650 2106 4719 gloria.
2147 4666 2166 4700 ι

1895 4737 2098 4806 Ecquid
2149 4737 2293 4793 enim
2346 4737 2641 4808 ignobilius
2699 4737 2772 4792 sit
2819 4751 3047 4808 corpore
3085 4735 3286 4792 fetente
3324 4744 3378 4792 et

1826 4829 2097 4885 dimuente
2119 4828 2143 4881 ?

1900 4943 1919 4975 ι
1955 4922 2262 4979 Seminatur
2293 4925 2347 4978 in
2383 4923 2718 4977 inﬁrmitate.
2764 4943 2783 4974 ι

1893 5013 2139 5069 Nondum
2168 5017 2312 5070 enim
2346 5016 2550 5084 elapsis
2573 5015 2792 5085 triginta
2820 5013 3037 5078 diebus,
3065 5021 3241 5072 totum
3261 5013 3378 5071 dis-

1825 5106 2069 5161 solvitur.

1899 5238 1918 5270 ‹
1955 5217 2148 5288 Surget
2176 5218 2230 5271 in
2261 5218 2481 5272 virtute.
2519 5237 2538 5269 ι

1888 5331 2035 5385 Nihil
2060 5330 2204 5385 enim
2226 5331 2492 5399 ejusmodi
2527 5339 2657 5384 tunc
2695 5330 2986 5400 supererit.

1889 5444 2052 5500 Vsus.
2086 5443 2174 5496 44.
2211 5464 2228 5495 ι
2277 5443 2590 5498 Seminatur
2641 5460 2841 5513 corpus
2891 5441 3142 5508 animale,
3187 5454 3368 5513 surget

1821 5549 2017 5603 corpus
2051 5535 2351 5604 spirituale.
2389 5554 2406 5586 ι

1898 5647 2055 5716 120
2081 5647 2190 5700 Hoc
2223 5647 2442 5710 ait,non
2465 5646 2624 5715 quasi
2659 5644 2819 5700 modo
2845 5659 2952 5699 non
2980 5644 3071 5708 sit,
3107 5657 3366 5698 concesso

1822 5737 2057 5807 Spiritus
2129 5737 2372 5807 pignore,
2423 5737 2714 5807 spirituale
2763 5751 2986 5805 corpus,
3025 5732 3118 5789 sed
3152 5734 3278 5802 quia
3311 5732 3362 5786 id

1826 5839 1953 5887 tunc
2013 5830 2356 5894 praestantius
2420 5829 2529 5886 lict.
2602 5829 2773 5885 Hodie
2817 5828 3084 5893 siquidem
3138 5826 3361 5893 spiritus
