4230 6438
826 468 930 529 me

829 593 936 629 non
963 581 1186 633 manet;
1218 572 1529 644 frequenter
1551 568 1695 623 enim
1752 560 1994 618 abscedit
2042 558 2112 610 ab
2167 554 2235 606 iis
2276 548 2370 620 qui
2396 546 2441 601 Δ

831 675 1058 735 peccant
1088 683 1102 719 :
1137 675 1269 720 tunc
1329 678 1460 719 vero
1487 669 1752 716 constans
1780 666 1836 712 et
1871 653 2027 707 ﬁrma
2054 651 2134 704 illi
2164 648 2379 701 habita-

829 760 908 811 tio
934 755 1058 809 erit.

971 845 1026 898 Si
1060 853 1145 900 est
1172 860 1374 913 corpus
1400 841 1656 903 animale,
1684 845 1769 893 est
1795 845 1850 891 et
1883 832 2184 905 spirituale.
2228 825 2383 880 Sicut

828 947 884 990 α
912 939 1176 1007 scriptum
1198 947 1296 990 est.
1331 955 1348 985 ο

902 1027 996 1082 Vel
1024 1029 1152 1097 quia
1181 1042 1382 1096 corpus
1434 1026 1635 1093 agilius
1660 1020 1760 1072 erit
1810 1027 1864 1073 et
1901 1013 2186 1075 subtilius,
2219 1012 2290 1063 ita
2324 1018 2384 1063 ut

832 1135 962 1174 aura
1000 1121 1242 1173 vehatur.

905 1210 1067 1265 Vens.
1091 1211 1282 1264 45-50.
1329 1229 1346 1259 σ
1386 1209 1582 1261 Factus
1613 1212 1698 1259 est
1744 1204 1951 1274 primus
1982 1200 2147 1252 homo
2181 1197 2234 1250 in
2264 1194 2384 1247 ani-

834 1318 974 1355 mam
999 1303 1265 1354 viventem
1295 1309 1380 1354 :et
1425 1298 1754 1352 novissimus
1802 1295 1969 1346 Adam
2020 1293 2072 1344 in
2128 1291 2380 1358 spiritum

835 1392 1216 1444 vivificantem.
1250 1390 1351 1443 Sed
1416 1404 1524 1441 non
1583 1387 1736 1456 prius
1773 1383 1916 1453 quod
1959 1383 2226 1450 spiritale,
2284 1375 2382 1431 sed

832 1487 974 1552 quod
1008 1483 1241 1536 animale
1268 1499 1282 1543 ;
1309 1481 1505 1534 deinde
1531 1477 1673 1548 quod
1702 1474 1967 1545 spiritale.
1987 1471 2386 1526 Primusbomo

832 1573 901 1626 de
937 1580 1083 1626 terra
1145 1581 1395 1625 terrenus
1425 1589 1438 1624 :
1469 1567 1744 1624 secundus
1799 1566 1965 1620 homo
2025 1563 2288 1615 Dominus
2317 1561 2385 1612 de

833 1665 992 1717 uelo.
1030 1664 1219 1728 Qualis
1250 1671 1516 1722 terrenus,
1561 1661 1695 1714 tales
1743 1665 1798 1712 et
1853 1655 2074 1709 terreni.
2116 1651 2179 1704 Et
2207 1653 2385 1721 qualis

832 1757 1095 1818 c'mlestis,
1132 1755 1269 1808 tales
1309 1761 1361 1806 et
1416 1754 1688 1806 cmlestes.
1743 1748 1805 1801 Et
1846 1748 1992 1802 sicut
2048 1744 2384 1813 portavimus

833 1847 1119 1916 imaginem
1154 1845 1378 1907 terreni,
1413 1838 2082 1912 portemusetimaginem
2117 1834 2380 1888 caelestis.

833 1936 943 1989 lloc
978 1947 1156 1991 autem
1178 1937 1322 1999 dico,
1359 1935 1576 1999 fratres,
1608 1951 1626 1983 ι

901 2024 1013 2080 lloc
1046 2037 1150 2088 est,
1184 2039 1406 2078 crassus
1467 2031 1523 2077 et
1556 2021 1925 2091 prasentibus
1965 2018 2175 2074 aﬂixus.
2209 2012 2384 2070 Simul

829 2131 961 2169 vero
983 2115 1052 2168 de
1083 2113 1204 2167 vita
1235 2111 1459 2183 agendae
1487 2110 1796 2164 rationibus
1826 2108 2093 2178 loquitur.

903 2225 922 2257 ι
961 2205 1098 2271 Quia
1154 2220 1285 2259 caro
1346 2213 1400 2259 et
1442 2201 1669 2274 sanguis
1717 2215 1946 2272 regnum
1979 2197 2073 2253 Dei
2101 2196 2385 2267 possidere

831 2312 937 2350 non
969 2302 1218 2364 possunt.
1262 2313 1279 2343 ι

922 2387 1150 2443 Carnem
1172 2397 1225 2442 et
1249 2384 1568 2455 sanguinem
1603 2382 1706 2436 'noc
1739 2382 1930 2436 inloco
1946 2379 2177 2448 appellat
2216 2377 2386 2432 actio-

832 2496 926 2535 nes
956 2493 1171 2550 pravas,
1207 2485 1266 2530 ut
1291 2493 1416 2531 cmn
1440 2477 1572 2531 dicit
1597 2487 1612 2528 τ
1652 2474 1754 2528 Vos
1778 2488 1879 2526 non
1917 2473 2044 2524 estis
2071 2471 2123 2522 in
2147 2485 2311 2522 carne
2339 2471 2381 2523 '.

833 2570 897 2624 lit
921 2586 1136 2625 rursum
1165 2569 1304 2635 ιριιί
1357 2570 1412 2622 in
1459 2582 1615 2620 carne
1665 2573 1807 2628 sunt,
1873 2560 1982 2615 Deo
2033 2561 2235 2628 placere
2281 2576 2384 2612 non

829 2673 1051 2733 possunt
1080 2666 1124 2718 ’.
1910 2643 1922 2657 ’

908 2775 926 2807 ι
962 2755 1144 2824 Neque
1199 2753 1482 2823 corruptio
1537 2747 2006 2818 incorruptionem
2065 2745 2383 2818 possidebit.

833 2843 1025 2916 |Vns.
1057 2843 1173 2916 5L]
1219 2844 1358 2899 Ecce
1397 2842 1715 2914 mysterium
1764 2841 1921 2896 vobis
1982 2839 2105 2893 dico
2145 2835 2386 2891 :Omnes

831 2938 1050 3007 quidem
1098 2951 1205 2991 non
1254 2935 1592 2989 dormiemus
1644 2951 1657 2986 :
1712 2931 1810 2987 sed
1879 2945 2071 2985 omnes
2128 2928 2385 2984 immuta-

832 3029 1033 3082 iiiinur.
1070 3047 1090 3081 ι

904 3119 956 3174 Id
986 3127 1088 3182 est,
1117 3119 1319 3173 malitia
1352 3134 1458 3173 non
1492 3125 1819 3187 assequetur
1860 3113 2007 3168 illam
2063 3111 2288 3182 gloriam
2332 3116 2386 3163 ct

833 3211 1238 3283 possessionem
1272 3210 1420 3264 illam
1461 3224 1642 3264 rerum
1677 3209 2135 3276 incorruptarum.

907 3302 1071 3356 Vens.
1110 3303 1197 3356 5'2.
1236 3319 1254 3352 ι
1291 3300 1346 3354 ln
1383 3309 1682 3354 momento.
1723 3317 1740 3348 ι

903 3391 954 3446 Id
990 3399 1095 3451 est.
1123 3391 1271 3446 brevi
1304 3389 1566 3459 temporis
1598 3386 1846 3442 instanti.

910 3502 928 3535 i
976 3482 1033 3537 ln
1061 3483 1169 3537 ictu
1209 3481 1377 3543 oculi,
1419 3481 1474 3534 in
1523 3480 1820 3534 novissima
1871 3477 2000 3531 tuba
2025 3475 2205 3544 (canet
2241 3473 2388 3529 enim

834 3570 1010 3639 tuba).
1040 3577 1092 3622 ct
1132 3568 1330 3623 mortui
1359 3574 1642 3636 resurgent
1667 3566 1986 3633 incorrupti.
2032 3584 2051 3616 ι

907 3661 1015 3717 lloc
1051 3662 1180 3715 dicti
1216 3661 1423 3730 prioris
1456 3658 1834 3728 interpretatio
1861 3666 1982 3712 est:
2015 3655 2169 3727 quasi
2199 3654 2343 3709 dicat
2373 3673 2386 3708 :

836 3757 1108 3821 Quantum
1151 3752 1288 3806 satis
1335 3751 1409 3805 sit
1447 3750 1714 3820 palpebra:
1747 3748 2012 3801 duntaxat
2053 3746 2388 3802 claudendae.

911 3863 929 3896 ι
973 3843 1036 3899 Et
1066 3858 1166 3896 nos
1208 3840 1639 3895 immutabimur.
1675 3857 1693 3890 ι

907 3936 1021 3991 lloc
1049 3935 1182 3992 dicit
1205 3933 1273 3989 de
1298 3933 1406 3989 illis
1429 3934 1524 4004 qui
1546 3942 1678 3987 tunc
1703 3930 1966 4003 temporis
1992 3931 2047 3985 in
2081 3929 2218 3986 vivis
2245 3945 2390 4001 repe-

840 4033 1071 4084 rientur.

909 4115 1071 4171 Vens.
1101 4115 1189 4179 55,
1221 4114 1308 4172 54.
1362 4113 1588 4183 Oportet
1636 4112 1784 4167 enim
1837 4112 2256 4184 incorruptibile
2287 4114 2391 4168 hoc

2047 446 2108 504 S.
2132 433 2366 502 IOANN
2376 430 2448 490 IS
2480 419 2906 489 DAMASCENI

2468 539 2531 590 οὐ
2556 537 2706 606 μένει
2721 532 2784 582 τὸ
2805 527 3044 595 Πνεῦμα·
3065 521 3320 580 πολλάκις
3331 516 3440 585 rip
3458 509 3876 606 ἀμαρτανόνων
3905 504 4038 574 ἀφί-

2480 601 2665 684 σταται
2683 641 2700 655 ο
2720 622 2842 674 τότε
2868 620 2926 671 δὲ
2952 616 3145 688 βεὸαἰα
3167 610 3316 679 αὑτῷ
3345 611 3498 662 ἔσται
3518 609 3553 676 ἡ
3580 601 3888 674 ngam.

2555 833 2575 863 σ
2620 815 2684 865 Εἰ
2720 812 2834 865 ἐστι
2871 809 3028 878 σῶμα
3056 805 3304 874 ψυχικὸν,
3356 801 3474 852 ἔστι
3516 796 3614 848 καὶ
3641 784 4034 858 πνευματικόν.

2481 907 2636 959 Οὕτω
2659 907 2754 958 καὶ
2780 905 3086 972 τέτριπται
3104 914 3119 926 ο
3155 915 3178 947 s

2554 999 2622 1049 Ἤ
2653 999 2732 1049 ὅτι
2766 964 3094 1060 acea—66:59”
3115 989 3268 1040 ἔσται
3297 984 3394 1037 καὶ
3422 977 3766 1046 λεπτότερον,
3807 972 3906 1026 καὶ
3923 964 4041 1022 οἷον

2481 1089 2577 1142 καὶ
2607 1088 2691 1140 ἐπ’
2721 1087 2882 1155 ἀέρος
2907 1080 3170 1151 ὀχεῖσθαι.

2558 1199 2578 1231 s
2622 1180 2871 1246 Ἐγένετο
2903 1177 2933 1228 6
2954 1173 3170 1243 πρῶτος
3192 1167 3475 1238 Mm
3513 1163 3594 1224 εἱς
3620 1159 3798 1228 ψυχὴν
3831 1155 4038 1246 ζῶσανξ

2481 1273 2512 1326 6
2563 1244 2789 1339 ἔσχατος
2832 1267 3002 1335 ’Λδάμ
3043 1265 3124 1326 είς
3163 1258 3382 1327 πνεῦμα
3433 1251 3752 1318 ζωοποιοῦν.
3794 1247 3935 1300 ⁹Δλλ⁸
3974 1244 4042 1339 ού

2485 1335 2698 1435 πρῶτον
2725 1362 2787 1414 τὸ
2824 1356 3211 1427 πνευματικὸν,
3242 1352 3378 1405 illi
3400 1349 3460 1400 τὸ
3490 1344 3746 1415 ψυχικὸν,
3769 1340 3959 1393 ἔπειτα
3977 1335 4046 1387 τὸ

2483 1429 2874 1525 πνευματικόν.
2918 1451 2980 1503 Ὀ
3030 1449 3243 1518 πρῶτος
3287 1443 3573 1511 ἄνθρωπος
3601 1440 3666 1490 ἑκ
3696 1437 3800 1525 γῆς
3836 1429 4041 1525 χοὲκδςῖ

2482 1548 2512 1598 6
2547 1512 2800 1615 δεὲτερος
2849 1512 3135 1612 ἄνθρωπος
3174 1538 3206 1589 ό
3246 1535 3452 1603 Κύριος
3484 1532 3542 1596 εξ
3567 1524 3818 1596 ούρανοῦ.
3855 1518 3981 1582 υἷος
4013 1521 4046 1572 6
4069 1512 4102 1538 °

2485 1638 2685 1708 κοῐκδς,
2709 1614 2941 1688 τοιοῦτοι
2982 1631 3076 1684 καὶ
3108 1631 3156 1680 οἱ
3188 1626 3362 1696 χοῖιωί
3385 1643 3398 1654 ·
3429 1623 3524 1676 καὶ
3564 1615 3678 1682 οἷος
3723 1619 3753 1669 6
3799 1614 4044 1681 ἐπουρά-

2489 1749 2622 1795 νιος,
2638 1729 2868 1783 τοιοῦτοι
2896 1727 2989 1779 καὶ
3008 1726 3058 1778 οί
3081 1722 3412 1788 ἐπουράνιοι.
3435 1720 3544 1770 Καὶ
3573 1713 3757 1775 καθὼς
3780 1709 4046 1779 ὲφορέσα-

2488 1840 2588 1893 μεν
2609 1821 2709 1890 τὴν
2737 1819 2917 1872 είκόνα
2935 1815 3027 1868 τοῦ
3054 1811 3258 1884 χοῖκοῦ,
3282 1810 3598 1880 φορέσωμεν
3627 1805 3722 1858 καὶ
3741 1804 3840 1872 τὴν
3859 1799 4046 1853 εἰκόνα

2415 1887 2458 1943 Β
2483 1887 2578 1968 τοῦ
2606 1887 2947 1980 ἐπουρανίου.
2981 1906 3147 1958 Τοῦτο
3167 1904 3224 1957 δέ
3245 1920 3408 1972 φημι,
3442 1898 3680 1966 ἀδελφοὶ,
3724 1913 3748 1946 s

2555 2004 2834 2064 Τουτέστι,
2860 2001 3035 2068 παχὺς
3061 1998 3156 2050 καὶ
3179 1997 3291 2057 τοῖς
3314 1992 3578 2063 παροῦσιν
3600 1985 4044 2058 προσηλωμένος.

2490 2097 2640 2166 Ἀμα
2662 2095 2720 2147 δὲ
2749 2094 2843 2147 καὶ
2874 2093 2964 2144 τὸν
2997 2092 3126 2161 περὶ
3165 2085 3448 2140 πολιτειῶν
3472 2083 3679 2148 εἰσάγει
3708 2077 3883 2144 λόγον.

2566 2207 2585 2238 r
2627 2188 2747 2240 Ὀτι
2784 2182 2920 2254 σὰρξ
2949 2184 3042 2235 καὶ
3068 2175 3206 2251 αἷμα
3232 2177 3507 2249 βασιλείαν
3529 2172 3665 2227 Θεοῦ
3702 2169 4042 2240 κληρονομῆ-

2488 2296 2578 2332 σαι
2601 2279 2661 2330 οὺ
2690 2275 2966 2329 δύνανται.
3004 2291 3022 2323 ι
3696 2296 3700 2299 -

2562 2373 2746 2440 Σάρκα
2783 2370 2874 2421 καὶ
2914 2360 3053 2436 αἷμα
3103 2362 3336 2417 ἐνταῦθα
3380 2359 3479 2420 τὰς
3518 2354 3768 2424 πονηρὰς
3814 2347 4044 2440 πράξεις

2487 2436 2658 2522 καλεῖ,
2690 2457 2765 2519 ὡς
2793 2457 2921 2508 ὃταν
2943 2455 3077 2526 λέγῃ
3098 2471 3111 2482 ο
3148 2450 3344 2520 ’Υμεῖς
3366 2447 3436 2500 δὲ
3457 2448 3568 2498 οὐκ
3590 2442 3729 2496 ἐστὲ
3749 2441 3816 2492 ὲν
3838 2436 4043 2503 σαρκί.

2487 2555 2595 2606 Καὶ
2621 2550 2803 2618 πᾶλιν,
2841 2552 2903 2602 οι
2937 2548 3006 2601 ἐν
3037 2545 3214 2614 σαρκί
3247 2544 3418 2608 ὄντες
3447 2537 3569 2604 Θεῷ
3591 2534 3803 2604 ἀρέσαι
3835 2533 3908 2584 οὑ
3933 2528 4042 2582 δύο

2487 2660 2693 2699 νανται
2701 2683 2715 2696 .

2564 2754 2583 2788 ‹
2619 2734 2806 2802 Ούδὶή
2839 2731 3015 2802 φθορά
3043 2729 3143 2800 τὴν
3172 2725 3481 2797 ἀφθαρσίαν
3523 2719 3870 2791 κληρονομεῖ.
3907 2714 4045 2768 Ἰδοὺ

2491 2827 2785 2898 μυστήριον
2809 2826 2938 2892 ύμῖν
2965 2823 3126 2890 λέγω·
3147 2821 3346 2883 πάντες
3368 2817 3466 2889 μὲν
3486 2815 3548 2869 ού
3574 2809 4046 2884 κοιμηθησόμεθα,

2488 2919 2689 2983 πάντες
2714 2916 2771 2970 δὲ
2794 2910 3234 2985 ἀλλαγησόμεθα.
3274 2928 3295 2962 s

2558 3118 2849 3173 Τουτέστιν
2879 3117 2914 3188 η
2949 3114 3138 3178 κακία,
3179 3113 3277 3184 τὴν
3325 3109 3482 3174 δόξαν
3533 3107 3781 3176 ἐκείνην,
3822 3101 3916 3157 καὶ
3950 3099 4049 3172 τὴν

2413 3216 2462 3281 c
2487 3209 2594 3263 τῶν
2622 3208 2914 3278 ἀφθάρτων
2943 3204 3277 3276 πραγμάτων
3312 3200 3629 3255 ἀπόλαυσιν.

2567 3319 2588 3353 t
2636 3302 2723 3352 Ἐν
2753 3299 2958 3369 ἀτόμῳ.
3000 3316 3018 3348 ι

2557 3391 2868 3452 Τουτέστιν,
2903 3391 2960 3439 ἐν
2994 3385 3223 3458 βραχείᾳ
3257 3382 3453 3455 καιροῦ
3488 3381 3652 3452 ῥοπῇ.

2567 3499 2586 3532 t
2640 3482 2728 3533 Ἐν
2770 3481 2902 3550 ῥιπῇ
2943 3473 3243 3546 ὀφθαλμοῦ,
3286 3475 3344 3527 ὲν
3400 3477 3466 3544 τῇ
3500 3470 3706 3541 ἐσχάτῃ
3747 3467 4048 3534 σάλπιγγιο

2493 3573 2742 3627 σαλπίσει
2761 3571 2888 3641 γάρ’
2913 3570 3005 3623 καὶ
3023 3570 3072 3621 οἱ
3089 3567 3270 3637 νεκροὶ
3297 3565 3697 3633 ἀναστήσονται
3717 3559 4004 3629 ἄφθαρτοι.
4028 3576 4047 3608 s

2561 3664 2730 3718 Τοῦτο
2765 3663 3033 3734 ἑρμηνεία
3055 3658 3150 3713 τοῦ
3175 3658 3390 3730 πρώτου
3409 3674 3424 3688 ο
3459 3650 3569 3709 οἷον
3604 3656 3686 3717 εἰς
3729 3653 3852 3705 ὅσον
3881 3652 3963 3710 εἰς
3992 3649 4052 3701 τδ

2491 3756 2682 3828 καμμύ
2693 3773 2782 3809 σαι
2819 3755 3000 3825 μόνον,

2561 3866 2580 3899 t
2620 3846 2730 3900 Καὶ
2757 3845 2916 3915 ἡμεῖς
2944 3841 3392 3912 ἀλλαγησόμεθα.
3435 3858 3454 3891 ι

2560 3940 2696 4010 Περὶ
2713 3935 2822 3990 τῶν
2847 3936 2969 3989 τότε
3007 3935 3222 4000 ζώντων
3249 3928 3657 4004 εὑρισκομένων
3677 3926 3833 3981 τοῦτό
3857 3943 4049 3997 φησιν.

2563 4135 2584 4170 t
2619 4117 2710 4170 Δετ
2729 4115 2836 4186 γὰρ
2861 4113 2922 4166 τὸ
2945 4111 3180 4182 φθαρτὸν
3199 4108 3356 4163 τοῦτο
3378 4104 3695 4162 ἐνδύσασθαι
3716 4102 4050 4173 ἀφθαρσίαν,

842 4206 1067 4262 induere
1120 4204 1616 4275 incorruptionem,
1661 4213 1716 4258 et
1749 4205 1977 4259 mortale
2007 4207 2112 4260 hoc
2166 4206 2394 4262 induere

2491 4207 2585 4262 καὶ
2607 4207 2667 4260 τὸ
2695 4205 2884 4277 θνητὸν
2907 4203 3066 4258 τοῦτο
3091 4199 3412 4254 ἐνδύσασθαι
3446 4197 3761 4252 ἀθανασίαν.
3802 4195 3973 4246 Ὀταν
3994 4194 4052 4245 δὲ

843 4296 1328 4353 immortalitatem.
1386 4295 1522 4350 Cum
1554 4302 1734 4350 autem
1784 4298 2149 4368 corruptibile
2176 4298 2280 4354 hoc
2312 4299 2394 4352 in-

839 4385 1638 4457 dueritincorruptibilitatcm,
1658 4395 1788 4443 tunc
1816 4388 1906 4442 ﬁet
1933 4404 2110 4444 sermo
2130 4389 2223 4460 qui
2254 4391 2393 4444 scri-

842 4490 967 4552 ptus
994 4488 1099 4535 est.
1139 4497 1157 4531 ι

2491 4299 2552 4352 τὸ
2576 4297 2814 4369 φθαρτὸν
2835 4295 2993 4348 τοῦτο
3016 4292 3300 4362 ἐνδύσηται
3334 4289 3661 4359 ἀφθαρσίαν,
3699 4286 3792 4339 καὶ
3819 4285 3882 4338 τὸ
3906 4283 4012 4353 θνη
4033 4314 4052 4326 ο

2491 4391 2582 4445 τὸν
2608 4389 2764 4443 τοῦτο
2781 4387 3068 4457 ἐνδύσηται
3089 4384 3410 4447 ἀθανασίαν,
3447 4381 3568 4434 τότε
3596 4380 3881 4450 γενήσεται
3910 4379 3938 4430 ὁ
3970 4379 4050 4429 λό-

2492 4501 2586 4552 γος
2613 4485 2642 4534 6
2665 4479 3075 4551 γεγραμμένος·
3117 4494 3136 4527 ι

910 4569 1148 4625 Rursum
1218 4566 1360 4623 redit
1414 4567 1481 4622 ad
1537 4568 1843 4636 exemplum
1895 4569 2167 4634 allatum,
2213 4576 2267 4623 et
2323 4544 2441 4624 aul

2504 4544 2515 4552 '
2563 4544 2961 4640 Πάλὶνὲιεριτδ
2977 4566 3280 4633 ὑπόδειγμα
3309 4559 3650 4635 ἔρχεταίκαὶ
3678 4558 3767 4612 τὸν
3798 4557 3896 4626 τῆς
3916 4557 4051 4609 ἁνα-

843 4665 1115 4733 inceptum
1148 4661 1216 4716 de
1249 4659 1652 4714 resurrectione
1711 4673 2037 4724 sermonem,
2065 4661 2393 4718 dimissisiis

841 4770 961 4826 qua:
989 4753 1053 4807 ad
1084 4751 1209 4806 vita
1238 4751 1483 4805 rationes
1515 4750 1697 4805 varias
1727 4751 2093 4820 pertinebant.

916 4861 934 4893 ι
968 4842 1236 4911 Absorpta
1258 4849 1342 4895 est
1375 4856 1523 4895 mors
1551 4841 1609 4896 in
1643 4841 1890 4896 victoria.
1926 4840 2118 4913 ﬂens.
2152 4844 2240 4908 55,
2274 4843 2393 4915 56.]

845 4932 940 4987 Ubi
971 4941 1073 4995 est,
1115 4946 1282 4998 mors,
1321 4931 1550 4986 victoria
1579 4932 1712 4986 tua?
1775 4933 1866 4988 ubi
1897 4943 2002 5001 est,
2023 4933 2256 5001 inferne,
2286 4937 2389 4991 sti-

844 5019 1024 5075 tnulus
1066 5021 1232 5075 tuus?
1294 5019 1552 5076 stimulus
1603 5027 1787 5076 autem
1846 5023 2040 5078 mortis
2106 5032 2392 5095 peccatum

843 5123 945 5168 ενι.
987 5129 1006 5163 1

914 5201 967 5254 Id
993 5200 1198 5256 evincit
1220 5200 1418 5256 iterum
1447 5217 1515 5257 ex
1550 5203 1854 5274 prapbetis.

920 5311 938 5344 ι
983 5291 1166 5349 Virtus
1191 5309 1320 5349 vero
1348 5294 1552 5363 peccati
1581 5294 1688 5351 lex.
1726 5294 1914 5368 [Vens.
1939 5295 2052 5369 57.]
2083 5296 2189 5352 Deo
2212 5306 2392 5354 autem

848 5385 1073 5455 gratias,
1105 5386 1199 5454 qui
1236 5385 1387 5440 dedit
1436 5385 1596 5442 nobis
1622 5387 1929 5455 victoriam,
1961 5403 2058 5459 per
2103 5388 2390 5446 Dominum

851 5481 1096 5530 nostrum
1128 5473 1312 5530 Jesum
1333 5475 1634 5532 Christum.
1679 5494 1700 5530 ο

917 5566 1056 5632 Quia
1119 5567 1237 5624 sine
1287 5567 1400 5638 lege
1452 5568 1725 5628 inﬁrmum
1761 5581 1929 5627 erat:
1971 5573 2116 5643 quod
2171 5575 2391 5645 quidem

857 5657 1010 5728 ιιι
1032 5667 1455 5732 perpetraretur,
1478 5674 1590 5717 non
1613 5669 1796 5720 tamen
1827 5672 1899 5736 qut
1927 5663 2260 5722 damnationi
2290 5667 2389 5724 ob-

908 5835 1109 5892 'liom.
1145 5855 1236 5891 vin
1298 5842 1344 5888 tl.
1427 5842 1445 5870 τ
1483 5840 1588 5888 ibial
1659 5845 1692 5885 ι)

2493 4665 2732 4726 στάσεως
2769 4661 2948 4728 λόγον,
2969 4658 3039 4711 τά
3062 4658 3187 4726 περὶ
3217 4654 3488 4716 πολιτείας
3514 4651 3691 4720 ἀφείς.

2558 4863 2578 4897 t
2611 4841 2899 4910 Κατεπόθη
2925 4841 2954 4892 6
2985 4838 3208 4899 θάνατος
3240 4836 3319 4899 εἰς
3346 4836 3508 4896 νῖκος.
3528 4829 3636 4885 Ποῦ
3669 4845 3780 4890 σου,
3811 4825 4047 4888 θάνατε,

2499 4936 2562 4990 τὸ
2586 4938 2732 4998 νῖκος
2755 4951 2769 4999 ;
2819 4933 2927 4986 Ποῦ
2953 4948 3067 4992 σου,
3101 4928 3220 4998 ᾂδη,
3247 4927 3309 4980 τὸ
3343 4925 3600 4994 κέντρονς
3651 4922 3713 4974 τὺ
3740 4919 3795 4972 δὲ
3820 4917 4051 4987 κέντρον

2491 5028 2586 5081 τοῦ
2609 5025 2837 5081 θανάτου
2865 5025 2898 5093 ή
2926 5023 3186 5092 ἁμαρτία.
3235 5036 3254 5069 t

2568 5203 2734 5257 Πάλιν
2759 5202 2822 5255 ἐκ
2846 5198 3178 5268 προφητείας
3207 5197 3241 5267 ἡ
3271 5192 3560 5258 ἀπόδειξις.

2573 5312 2593 5346 t
2638 5294 2703 5347 'H
2743 5293 2800 5346 δὲ
2829 5291 3054 5360 δύναμις
3107 5289 3206 5358 τῆς
3247 5283 3518 5356 ἁμαρτίας
3547 5282 3575 5334 6
3619 5280 3805 5350 νόμος.
3842 5276 3933 5346 Τῷ
3992 5279 4050 5328 δὲ

2495 5383 2612 5456 Θεῷ
2639 5384 2798 5455 χάρις
2828 5380 2905 5452 τῷ
2937 5379 3132 5433 διδόντι
3157 5379 3288 5448 ἡμῖν
3314 5376 3376 5428 τὸ
3399 5375 3545 5436 νῖκος
3574 5371 3661 5424 διὰ
3704 5369 3798 5423 τοῦ
3837 5369 4049 5438 Κυρίου

2499 5479 2654 5550 ἡμῶν
2698 5475 2871 5547 Ἰησοῦ
2904 5470 3161 5544 Χριστοῦ.
3193 5488 3211 5521 ι

2573 5572 2694 5624 Ὅτι
2727 5571 2893 5640 χωρὶς
2925 5563 3090 5620 αὑτοῦ
3125 5560 3352 5629 ἀσθενὴς
3379 5554 3447 5630 ἦν
3470 5573 3483 5589 °
3525 5555 3870 5626 πραττομένη
3925 5555 4048 5623 μὲν,

2497 5665 2555 5718 οὐ
2585 5663 2854 5733 δυναμένη
2879 5660 2935 5714 δὲ
2958 5658 3100 5713 οὕτω
3126 5651 3500 5709 καταδικάσαι.
3523 5649 3595 5704 Τὸ
3625 5647 3724 5719 μὲν
3744 5646 3851 5717 γὰρ
3875 5647 4051 5701 κακὸν
