4230 6438
176 419 266 485 701

1306 430 1386 491 ΙΝ
1422 432 1656 493 EPIST.
1697 434 1796 493 AD
1827 432 2181 496 CORIN'FH.
2224 437 2271 494 Ι.

3283 432 3387 495 702

175 534 399 602 ἐγίνετο,
451 536 637 605 σαφῶς
673 536 731 591 δὲ
788 537 889 591 οὒκ
926 539 1200 594 ἐδείκνυτο
1231 540 1421 605 οὔτως.
1473 544 1634 595 ’Ὥστε
1667 544 1727 596 οὗ
1761 550 1805 606 Α
1836 562 1845 600 l

1713 545 1727 596 5
1761 550 1805 606 Α
1836 548 2054 601 noxium
2082 547 2350 602 redderet.
2386 544 2649 616 Equidem
2680 547 2824 599 enim
2874 544 3075 597 malum
3103 542 3296 609 ﬁebat;
3330 553 3383 597 at

175 626 323 680 τοῦτό
354 644 540 698 φησιν,
571 630 654 682 ὅτι
682 631 995 701 εἰσήνεγκεν
1024 633 1054 685 ό
1082 632 1245 704 νόμος
1280 635 1381 705 τὴν
1425 636 1721 706 ἁμαρτίαν,

174 718 282 773 ἀλλ’
314 720 399 772 ὅτι
429 720 670 774 ἐπέτεινε
702 724 801 794 τὴν
837 724 1081 778 κόλασιν.

241 918 259 950 ι
301 899 488 962 Ὥστε,
517 900 731 970 ἀδελφοί
779 920 879 972 μου
925 904 1221 975 ἀγαπητοὶ,
1262 904 1460 977 ἑδραῖοι
1488 904 1721 972 γίνεσθε,

174 991 581 1062 ἀμετακίνητοι,
612 1013 629 1044 ι

240 1081 514 1152 Εὔκαιρος
540 1085 721 1138 λοιπὸν
754 1086 787 1155 ἡ
820 1088 1165 1157 παραίνεσις.

245 1193 265 1225 ε
310 1176 728 1244 Περισσεύοντες
753 1180 811 1231 ὲν
840 1180 916 1249 τῷ
937 1180 1083 1249 ἔργῳ
1108 1179 1201 1233 τοῦ
1238 1179 1443 1250 Κυρίου
1472 1180 1722 1246 πάντοτε,

176 1265 373 1329 ειδότες
403 1267 486 1320 ὅτι
532 1269 562 1321 ό
603 1270 770 1333 κόπος
811 1270 962 1341 ὑμῶν
1006 1273 1105 1325 οὐκ
1148 1272 1264 1325 ἐστι
1311 1274 1461 1335 κενὸς
1508 1275 1565 1325 ὲν
1611 1275 1726 1325 Κυ-

178 1357 297 1427 ρίῳ.
337 1377 357 1408 υ
1556 1360 1559 1365 ’

250 1454 557 1518 Τουτέστιν,
586 1457 642 1508 ὲν
671 1452 749 1523 τῷ
784 1453 884 1523 βίῳ
922 1453 999 1523 τῷ
1029 1453 1275 1525 καθαρῷ.

752 1584 998 1638 ΚΕΦΑΛ.
1040 1583 1156 1651 ις’.

253 1717 273 1750 ι
312 1696 448 1768 Περὶ
472 1696 529 1750 δὲ
550 1694 649 1765 τῆς
679 1695 863 1763 λογίας
891 1696 991 1765 τῆς
1023 1709 1103 1759 εις
1132 1696 1259 1759 τοὺς
1287 1697 1497 1766 ἁγίους.
1543 1716 1562 1748 ι

257 1879 595 1947 Ἀπαρττσας
624 1876 714 1930 τὸν
743 1876 871 1945 περὶ
920 1874 1025 1929 τῶν
1071 1876 1359 1943 δογμάτων
1410 1876 1586 1941 λογον,
1634 1873 1730 1925 καὶ
1765 1909 1805 1963 Β

178 1967 389 2037 μέλλων
426 1969 505 2031 είς
535 1967 627 2019 τὸν
679 1966 866 2035 ἠθικὸν
901 1966 1264 2036 μεταϐαίνειν,
1308 1966 1481 2019 πάντα
1511 1967 1578 2017 τὰ
1601 1964 1734 2018 ἄλλα

174 2060 355 2127 ἀφεὶς,
372 2057 464 2111 τὸν
484 2058 613 2130 περὶ
637 2058 733 2129 τῆς
760 2056 1128 2128 ὲλεημοσύνης
1154 2060 1292 2111 κινεῖ
1316 2058 1491 2127 λόγον.
1516 2057 1735 2126 Λοχείαν

174 2151 233 2203 δὲ
265 2150 527 2221 συλλογὴν
554 2149 661 2203 τῶν
693 2150 986 2221 χρημάτων
1015 2151 1197 2221 φησίν.

248 2262 269 2296 ι
314 2244 532 2315 Ὠσπερ
552 2243 768 2308 διέταξα
789 2244 905 2307 ταῖς
948 2243 1291 2315 Ἐκκλησίαις
1321 2244 1418 2314 τῆς
1448 2242 1734 2308 Γαλατίας,

177 2333 324 2389 οὕτω
354 2336 449 2389 καὶ
482 2336 640 2406 ὑμεῖς
675 2336 959 2406 ποιήσατε.
1005 2355 1024 2387 ι

250 2430 369 2481 Οὐκ
400 2423 540 2495 εἷπε,
572 2427 849 2498 παρῄνεσα
896 2428 991 2480 καὶ
1020 2425 1405 2479 συνεϐούλευσα
1424 2465 1442 2491 ,
1481 2425 1615 2479 ἀλλά
1652 2425 1736 2479 δι-

180 2517 387 2583 έταξα,
422 2518 557 2590 ὅπερ
577 2515 1057 2587 αὑθεντικώτερον.

260 2632 279 2663 ε
315 2612 470 2665 Κατὰ
502 2611 627 2681 μίαν
651 2610 942 2664 Σαϐϐάτων
972 2609 1201 2673 ἕκαστος
1228 2607 1379 2679 υμῶν
1428 2606 1557 2678 παρ’
1590 2605 1736 2678 αὑτῷ

179 2706 399 2769 τιθέτω,
420 2705 448 2757 ὅ
476 2722 525 2757 τι
558 2703 623 2758 ἂν
649 2702 902 2774 εὐοδωθῇ.
942 2720 961 2755 ι

267 2905 678 2977 ’Λναμνήσθητε
725 2904 857 2975 γὰρ,
888 2904 1082 2974 φησὶν,
1123 2902 1285 2957 τίνων
1337 2902 1552 2973 ἐτύχετε
1583 2902 1641 2954 iv
1670 2902 1736 2972 τῇ

180 2998 369 3068 ἡμέρᾳ
394 2996 586 3068 ταύτῃ.
641 2995 720 3047 Τὰ
773 2981 881 3064 γάρ
924 2994 1212 3064 ἀπόρρητα
1239 2991 1419 3061 ἀγαθά
1470 2993 1527 3043 ὲν
1567 2990 1737 3060 ταύτῃ

181 3089 431 3156 γέγονεν,
458 3086 551 3139 καὶ
580 3085 613 3155 ἠ
647 3085 771 3155 ῥίζα
806 3087 900 3138 καὶ
940 3086 974 3154 ἡ
1005 3083 1145 3155 ἁρχὴ
1175 3084 1272 3154 τῆς
1303 3083 1447 3154 ζωῆς
1474 3083 1573 3151 τῆς
1601 3084 1739 3153 ἠμε-

180 3180 348 3249 τὲρας
372 3194 387 3209 ο
422 3176 557 3246 μετά
598 3176 655 3228 δὲ
684 3175 908 3241 τούτων,
946 3175 1038 3227 καὶ
1068 3175 1130 3227 τὸ
1182 3174 1480 3244 μυστήριον
1519 3175 1576 3225 ἐν
1601 3173 1737 3243 αὐτῇ

1830 656 1939 695 non
1968 641 2130 695 talem
2169 640 2405 709 speciem
2456 637 2801 709 praferebat.
2837 636 3104 702 Quocirca
3134 652 3241 689 non
3281 637 3385 689 hoc

1829 731 1925 793 ait,
1979 746 2007 783 a
2062 731 2177 800 lege
2212 731 2490 784 invectum
2526 745 2650 783 esse
2682 736 2991 797 peccatum,
3025 726 3119 781 sed
3160 735 3387 797 propter

1827 836 1944 876 eam
1971 830 2190 874 auctum
2236 821 2565 890 supplicium
2599 819 2790 874 fuisse.

1900 910 2090 980 [Vt-ms.
2123 911 2236 983 58.]
2272 912 2479 979 Itaque,
2512 911 2711 965 fratres
2764 910 2866 963 mei
2908 908 3118 971 dilecti,
3155 906 3386 962 stabiles

1829 1012 2024 1067 estote,
2051 1004 2378 1059 immobiles.
2422 1022 2440 1054 ι

1899 1093 2219 1163 Opportuna
2253 1111 2477 1164 prorsus
2516 1094 2846 1147 adhortatio.

1907 1204 1925 1235 ι
1965 1185 2317 1240 Abundantes
2343 1188 2395 1238 in
2423 1202 2586 1254 opere
2616 1183 2829 1237 Domini
2866 1200 3115 1252 semper:
3147 1185 3385 1239 scientes

1831 1281 1973 1349 quod
2002 1280 2158 1333 labor
2188 1289 2369 1333 vester
2408 1296 2515 1332 non
2547 1290 2629 1333 est
2662 1278 2843 1333 inanis
2879 1278 2931 1330 in
2967 1276 3213 1331 Domino.
3252 1295 3271 1329 ι

1904 1456 2016 1511 lloc
2055 1466 2159 1520 est,
2194 1458 2250 1511 in
2281 1458 2386 1510 vita
2417 1473 2549 1526 pura
2578 1466 2629 1512 et
2655 1459 2880 1529 integra.

2438 1592 2587 1651 CAP.
2618 1594 2787 1650 XV|..

1906 1708 2069 1764 Vens.
2098 1709 2148 1763 l.
2185 1729 2203 1761 ε
2243 1709 2318 1765 De
2345 1710 2590 1765 collectis
2618 1718 2801 1765 autem
2826 1726 2945 1780 qua:
3000 1708 3138 1762 fiunt
3172 1708 3226 1762 in
3259 1723 3384 1762 san-

1834 1812 1971 1858 ctos.
2004 1822 2023 1855 ›
3146 1862 3152 1869 ,

1902 1891 2167 1947 Absoluta
2221 1889 2289 1944 de
2328 1880 2999 1960 dogmatis'traetatione,
3046 1887 3266 1957 jamque
3322 1884 3389 1937 ad

1835 1983 2062 2037 moralia
2107 1980 2467 2041 transiturus.
2524 1979 2651 2034 aliis
2713 1978 2971 2031 omnibus
3019 1976 3287 2037 dimissis,
3324 1975 3392 2026 de

1832 2074 2175 2144 eleemosyna
2210 2086 2515 2127 sermonem
2557 2078 2757 2125 movet.
2798 2068 3058 2124 ϐοηθείας
3087 2078 3267 2121 autem
3297 2082 3391 2119 vo-

1834 2174 1921 2221 cat
1950 2166 2333 2219 collectionem
2374 2162 2755 2232 pecuniarum.

1906 2276 1926 2308 ε
1968 2255 2122 2310 Sicut
2152 2254 2404 2309 ordinavi
2445 2252 2705 2309 Ecclesiis
2727 2250 2970 2314 Galatiae,
3010 2250 3087 2303 ita
3110 2257 3165 2304 et
3196 2263 3290 2303 vos
3314 2247 3393 2301 fa-

1834 2349 1962 2404 cite.
1996 2366 2014 2399 ι

1905 2436 2020 2492 Non
2048 2436 2221 2491 dixit:
2247 2436 2512 2490 Hortatus
2540 2441 2755 2497 sum.et
2785 2433 3075 2487 consilium
3097 2431 3244 2494 dedi,
3269 2432 3389 2495 sed,

1835 2530 2096 2593 ordinari,
2137 2527 2283 2598 quod
2314 2527 2537 2598 majoris
2566 2534 2649 2581 est
2684 2525 3038 2581 auctoritatis

1908 2618 2070 2674 Vens.
2122 2620 2177 2676 2.
2208 2638 2226 2670 ι
2277 2616 2380 2672 Per
2449 2632 2611 2671 unam
2670 2614 3037 2669 Sabbatorum
3090 2612 3393 2682 unusquis.

1836 2728 1942 2783 que
1968 2721 2210 2768 vestrum
2245 2712 2388 2781 apud
2413 2726 2472 2765 se
2500 2718 2691 2780 ponat,
2719 2716 2987 2777 quantum
3028 2707 3135 2761 sibi
3158 2705 3393 2760 facultas

1835 2806 1957 2860 erit.
2008 2823 2027 2857 ι

1906 2894 2156 2961 Pensate,
2195 2896 2393 2966 inquit,
2437 2894 2727 2951 facultates
2782 2901 2996 2948 vestras
3053 2892 3107 2946 in
3142 2891 3246 2945 hac
3275 2889 3389 2944 die.

1839 2987 2054 3040 Arcana
2094 2986 2294 3057 quippe
2322 2988 2463 3041 dona
2514 2989 2566 3041 in
2594 3001 2658 3041 ea
2694 2994 3060 3056 praestantur;
3104 2984 3212 3037 imo
3237 2983 3393 3037 radix

1837 3083 1943 3140 est,
1975 3084 2030 3131 et
2057 3077 2384 3146 principium
2418 3077 2543 3129 vitae
2588 3083 2791 3130 nostra:
2826 3089 2840 3125 :
2877 3075 3101 3139 insuper
3129 3081 3182 3126 et
3213 3072 3267 3125 in
3297 3087 3393 3125 ea—

1837 3166 1957 3222 dem
1994 3168 2377 3239 mysteriorum
2432 3166 2730 3236 participes
2785 3165 3071 3220 eﬂicimur.
3120 3163 3255 3219 Vide
3285 3180 3393 3233 qua

182 3271 481 3322 κοινωνεῖν.
514 3268 655 3338 Ὂρα
694 3266 810 3327 πῶς
858 3266 953 3319 καὶ
985 3265 1205 3320 ἀπὸτοῦ
1264 3264 1459 3336 καιροῦ
1495 3265 1734 3335 συμϐου-
1760 3251 1811 3316 (Ξ
1840 3277 1852 3313 1

1722 3293 1734 3304 -
1760 3251 1811 3316 (Ξ
1840 3265 2055 3317 ratione
2078 3262 2376 3317 consilium
2410 3260 2655 3323 instruit,
2690 3270 2800 3312 tum
2836 3272 2865 3311 a
2899 3268 3164 3328 tempore,
3212 3264 3329 3310 tum
3363 3271 3392 3309 ιι

180 3360 349 3422 λεύει,
375 3359 469 3411 καὶ
500 3358 607 3411 ἀπὸ
627 3356 721 3409 τοῦ
750 3358 975 3425 τρόπου.

257 3467 279 3500 ε
312 3450 429 3501 Ἵνα
459 3449 533 3519 μὴ
557 3448 683 3501 ὅταν
710 3448 866 3515 ἔλθω,
894 3450 1014 3502 τότε
1049 3450 1221 3517 λογιαι
1258 3449 1532 3517 γίνωνται.
1570 3449 1737 3503 Ὅταν

180 3537 236 3591 δὲ
272 3540 686 3609 παραγένωμαι,
728 3558 745 3588 ι

264 3628 331 3679 Ἦ
379 3630 490 3698 γὰρ
540 3628 833 3700 προσδοκία
878 3629 969 3682 τοῦ
1013 3629 1224 3683 Παύλου
1291 3630 1735 3701 προθυμοτέρους

180 3722 381 3783 αὐτοὺς
414 3722 574 3774 ποιεῖ.

259 3832 279 3861 ε
314 3813 417 3873 σὰς
468 3812 561 3864 ἐὰν
624 3812 955 3881 δοκιμάσητε
1012 3811 1081 3864 δι’
1136 3813 1469 3872 ἐπιστολῶν,
1518 3813 1737 3876 τούτους

183 3903 384 3971 πέμψω
406 3902 724 3968 ἀπενεγκεῖν
742 3903 837 3971 τὴν
855 3904 1011 3973 χάριν
1031 3903 1184 3972 ὑμῶν
1206 3904 1284 3964 είς
1312 3904 1684 3973 Ἰερουσαλήμ.
1711 3921 1728 3953 ι

264 3993 389 4044 ’Λνύ
401 4009 597 4045 ποπτον
624 3996 768 4045 ποιεῖ
792 3994 884 4045 τὸν
929 3993 1107 4060 λόγον,
1142 3992 1217 4063 μὴ
1242 3992 1417 4059 λέγων
1449 3993 1538 4045 τὸν
1568 3993 1733 4059 δεῖνα,

180 4086 213 4135 ἦ
250 4084 343 4135 τὸν
365 4083 529 4135 δεῖνα.
563 4079 633 4136 Εὖ
666 4083 722 4136 δὲ
749 4084 844 4137 καὶ
875 4082 981 4155 τὴν
1007 4083 1201 4152 χάριν,
1234 4084 1310 4154 μὴ
1358 4082 1458 4154 τὴν
1508 4084 1735 4154 ἐλεημο-

183 4178 371 4245 σύνην,
400 4176 588 4228 εἰπεῖν.

256 4285 279 4318 ‹
330 4267 455 4318 Ἐάν
480 4265 535 4317 δὲ
627 4265 773 4329 ἄξιον
798 4266 892 4319 τοῦ
924 4266 1068 4334 κάμὲ
1097 4264 1445 4335 πορεύεσθαι,
1486 4266 1583 4317 σὺν
1612 4266 1735 4336 ἐμοὶ

184 4352 560 4422 ττγεύσονται.
607 4352 925 4422 Ἐλεύσομαι
953 4354 1009 4406 δὲ
1032 4354 1164 4424 πρὸς
1192 4355 1359 4423 ὑμᾶς.
1390 4356 1517 4409 ὅταν
1546 4356 1732 4407 Μακε-

181 4446 359 4498 ίθνίαν
376 4444 584 4498 διέλθω.
607 4446 939 4499 Μακεδονίαν
968 4446 1077 4516 γὰρ
1104 4447 1403 4518 διέρχομαι.
1430 4448 1572 4517 Πρὸς
1590 4449 1733 4517 ὑμᾶς

182 4538 238 4589 δὲ
272 4537 433 4606 τυχὸν
465 4537 777 4606 καταμενῶ,
806 4538 840 4607 ἢ
870 4538 961 4591 καὶ
992 4540 1409 4607 παραχειμάσω,
1444 4539 1532 4590 ἵνα
1573 4541 1731 4609 ὑμεῖς

182 4629 284 4699 ἐμὲ
324 4628 702 4698 προπέμψητε,
748 4623 806 4683 οὗ
838 4630 932 4682 ἐὰν
967 4628 1308 4700 πορεύωμαι.
1356 4630 1429 4683 Οὐ
1470 4628 1607 4683 θέλω
1629 4630 1735 4701 γὰρ

183 4722 329 4790 ὑμᾶς
353 4722 475 4790 ἄρτι
498 4722 556 4773 ὲν
582 4721 798 4791 παρόδῳ
831 4722 979 4774 ἰδεῖν.
1018 4740 1037 4771 ι

273 4811 540 4864 Ἐνταῦθα
565 4807 727 4865 πάλιν
754 4812 1031 4881 δαψίλειαν
1062 4812 1438 4883 συμϐουλεύει.

258 4922 275 4952 ι
334 4902 565 4967 Ἐλπίζω
594 4904 703 4973 γάρ
736 4904 922 4973 χρόνον
945 4903 1067 4957 τινὰ
1098 4905 1377 4973 ἐπιμεῖναι
1401 4905 1538 4975 πρὸς
1561 4906 1727 4977 ὑμᾶς,

180 4996 277 5047 ἐὰν
313 4996 343 5047 ό
372 4995 505 5059 Θεὸς
542 4996 828 5069 ἐπιτρέπῃ.
882 4997 1154 5067 Ἐπιμενῶ
1192 4997 1249 5050 δὲ
1291 5001 1349 5051 ὲν
1394 5000 1605 5070 Ἐφέσῳ
1632 5001 1735 5064 ἕως

181 5092 280 5155 τῆς
312 5088 709 5157 Πεντηκοστῆς.
732 5088 880 5159 Θύρα
910 5089 1017 5159 γάρ
1049 5107 1136 5159 μοι
1173 5092 1379 5160 ἀνέῳγε
1411 5092 1617 5163 μεγάλη
1643 5094 1735 5145 καὶ

180 5180 432 5249 ἐνεργὴς,
460 5180 555 5232 καὶ
584 5180 939 5251 ἀντικείμενοι
970 5181 1177 5236 πολλοί.
1222 5183 1347 5237 Ἐὰν
1391 5184 1520 5257 ἔλθῃ
1568 5186 1733 5256 Τιμό-

181 5271 321 5334 θεος,
348 5270 597 5340 βλέπετε,
642 5286 662 5321 ι

248 5470 437 5525 ταῦτα
478 5468 681 5537 ἔλεγεν,
714 5470 847 5539 ὁμοῦ
886 5471 985 5540 μὲν
1025 5472 1124 5543 τὴν
1162 5474 1383 5544 ἀγάπην
1430 5477 1727 5532 ἐπιδεικνύ-

180 5580 365 5634 μενος,
390 5560 530 5630 ὁμοῦ
561 5560 617 5614 δὲ
643 5562 768 5624 τοὺς
792 5563 1205 5633 ἁμαρτάνοντας
1237 5568 1604 5638 σωφρονίζων.

254 5671 273 5704 ι
312 5653 430 5704 Ἰνα
460 5650 679 5719 ἀφόϐως
710 5652 933 5725 γένηται
959 5655 1093 5727 πρὸς
1117 5656 1280 5728 ὑμᾶς.
1317 5677 1337 5709 ι

247 5745 559 5808 Τουτὲστιν,
580 5745 665 5797 ἵνα
693 5746 768 5816 μή
789 5764 871 5813 τις
897 5747 1059 5803 αὑτοῦ
1087 5751 1450 5824 κατεξαναστῇ
1475 5753 1579 5808 τῶν
1602 5772 1725 5809 κατ-

178 5840 539 5908 εγνωσμένων
562 5837 798 5893 ἐκείνων.

1835 3352 2011 3407 modo.

1908 3462 1927 3494 ι
1973 3442 2040 3497 Ut
2070 3458 2198 3506 non,
2225 3458 2349 3496 cum
2378 3456 2600 3504 venero,
2632 3440 2872 3494 collecta:
2913 3440 3059 3493 fiant.
3097 3437 3283 3510 [Vnam
3314 3436 3392 3509 5.]

1833 3530 1968 3587 Cum
2003 3541 2182 3587 autem
2214 3546 2458 3601 praesens
2491 3531 2662 3592 fuero,
2704 3549 2723 3581 ι

1905 3624 2262 3694 Exspectatio
2312 3624 2516 3693 quippe
2558 3621 2713 3675 Pauli
2768 3620 3067 3675 alacriores
3139 3634 3239 3673 eos
3308 3620 3392 3671 fac

1835 3721 2033 3775 ciebat.

1909 3828 1927 3861 ι
1964 3809 2117 3875 Quos
2164 3807 2529 3878 probaveritis
2565 3822 2660 3876 per
2714 3807 3003 3875 epistolas,
3048 3807 3150 3860 hos
3180 3805 3391 3859 mittam

1838 3900 2078 3969 perferre
2107 3899 2340 3967 gratiam
2372 3911 2607 3953 vestram
2650 3896 2703 3949 in
2734 3896 3065 3950 Jerusalem.
3106 3915 3125 3947 ι
3216 3933 3223 3941 .

1904 3988 2025 4044 Non
2049 3990 2147 4052 ait,
2179 3989 2345 4053 hunc,
2375 3988 2458 4042 vel
2505 3989 2679 4051 illum,
2718 4002 2786 4042 ne
2818 4002 2979 4057 quam
3019 3986 3390 4057 su5picioncm

1835 4082 2093 4150 injiciat:
2130 4081 2268 4136 bene
2320 4094 2453 4136 vero
2506 4084 2738 4150 gratiam
2784 4079 2942 4145 dicit,
2990 4096 3100 4135 non
3152 4081 3391 4135 eleemo-

1833 4188 2045 4244 synam.

1902 4263 2064 4320 Vens.
2092 4265 2213 4320 4-7.
2260 4283 2279 4316 ι
2309 4264 2466 4331 Quod
2509 4267 2557 4321 si
2601 4266 2844 4337 [dignum
2904 4268 3068 4322 fuerit
3114 4274 3173 4320 ut
3209 4275 3264 4321 et
3289 4282 3391 4334 ego

1831 4372 1975 4420 eam,
2037 4371 2247 4412 mecum
2304 4358 2479 4411 ibunt.
2514 4357 2739 4412 Veniam
2776 4367 2955 4412 autem
3004 4358 3071 4412 ad
3098 4375 3219 4423 vos,
3265 4374 3388 4410 cum

1832 4446 2202 4502 Macedoniam
2238 4452 2630 4517 pertransiero.
2669 4449 2804 4503 Nam
2852 4451 3224 4506 Macedoniam
3272 4466 3389 4520 pcr-

1834 4538 2102 4592 transibo.
2158 4540 2313 4607 Apud
2374 4556 2473 4596 vos
2513 4550 2696 4596 autem
2737 4542 2970 4598 forsitan
3003 4545 3258 4607 manebo,
3307 4544 3387 4593 vel

1836 4630 2003 4684 etiam
2054 4631 2327 4695 hiemabo,
2378 4642 2440 4687 ut
2490 4649 2589 4688 vos
2619 4649 2705 4688 me
2744 4634 3031 4689 deducatis
3058 4650 3389 4704 quocunque

1730 4778 1731 4781 η
1838 4721 1969 4778 iero.
2000 4721 2139 4776 Nolo
2169 4724 2315 4777 enim
2344 4739 2443 4779 vos
2468 4724 2629 4779 modo
2655 4726 2708 4779 in
2742 4727 2979 4781 transitu
3004 4726 3212 4780 videre.
3258 4744 3277 4775 ι

1903 4815 2005 4870 Hic
2026 4831 2243 4871 rursum
2274 4816 2529 4871 hortatur
2561 4832 2656 4871 eos
2676 4817 2742 4871 ad
2772 4819 3176 4873 liberalitatem.

1909 4925 1930 4959 ι
1971 4905 2139 4977 Spero
2175 4907 2322 4961 enim
2370 4924 2456 4963 me
2489 4909 2896 4980 aliquantulum
2958 4911 3222 4979 temporis
3270 4927 3385 4964 ma-

1834 5014 1964 5054 nere
2015 5000 2157 5069 apud
2192 5014 2308 5062 vos,
2343 5000 2389 5054 si
2420 4999 2560 5054 Deus
2597 5003 2928 5070 permiserit.
2969 5000 3163 5073 [Vsns.
3198 5000 3381 5072 8-10.]

1834 5088 2169 5146 Permanebo
2190 5100 2373 5145 autem
2406 5091 2607 5163 Ephesi
2657 5108 2831 5163 usque
2880 5094 2946 5147 ad
2996 5094 3381 5147 l’entecosten.

1832 5179 2040 5235 Ostium
2069 5182 2213 5235 enim
2267 5183 2399 5236 mihi
2468 5192 2717 5252 apertum
2738 5192 2823 5239 est
2857 5199 3135 5253 magnum.
3167 5192 3221 5236 et
3274 5182 3385 5236 elli-

1832 5288 1954 5337 cax,
1988 5285 2043 5329 et
2069 5272 2371 5330 adversarii
2410 5277 2589 5331 multi.
2624 5276 2681 5331 Si
2732 5287 2911 5332 autem
2955 5277 3165 5331 venerit
3202 5275 3380 5329 Timo—

1835 5364 2015 5428 theus,
2038 5364 2235 5421 videte.
2276 5385 2295 5419 ι

1903 5478 2030 5532 Haec
2051 5477 2262 5543 dicens,
2296 5486 2410 5533 tum
2447 5486 2831 5550 praemonstrat
2890 5480 3240 5542 charitatem,
3264 5489 3378 5532 tum

1830 5568 1992 5625 etiam
2021 5567 2319 5638 ﬂagitiosus
2346 5562 2413 5624 a‘d
2441 5571 2729 5626 sanitatem
2747 5580 2987 5626 revocat.

1903 5680 1922 5713 ε
1959 5660 2026 5714 Ut
2049 5663 2166 5716 sine
2191 5663 2387 5718 timore
2408 5662 2479 5718 sit
2506 5663 2647 5735 apud
2674 5678 2792 5718 vos.
2830 5682 2850 5715 ι

1897 5753 1953 5806 Id
1977 5764 2082 5815 est.
2110 5771 2175 5812 ne
2213 5756 2337 5827 quis
2358 5756 2729 5827 improborum
2766 5756 2982 5815 illorum
3028 5768 3215 5815 contra
3248 5774 3371 5814 cum

1831 5856 2095 5913 msurgat.
