4218 6448
140 435 239 498 ⁴ῖο5

1248 426 1323 483 ΙΝ
1366 424 1603 484 EPIST.
1632 424 1730 483 AD
1766 424 2119 483 CORINTH.
2153 425 2233 483 Il.

3229 424 3333 485 706

140 546 312 615 τίθησι
342 540 677 612 προσθήκην,
714 535 900 603 ὶπειδὴ
946 532 1152 603 σφόδρα
1201 531 1555 599 διεστήκεσαν
1584 531 1681 599 ἀφ’
1710 538 1757 596 Α
1784 549 1806 586 s

1667 531 1681 549 ’
1710 538 1757 596 Α
1784 533 1894 586 suit
1922 548 1935 583 :
1960 531 2088 600 quia
2110 532 2267 586 valde
2308 531 2647 586 dissidebant
2706 534 2775 587 ah
2812 533 3067 598 invicem,
3120 533 3333 587 dicente

140 633 363 699 ἑαυτῶν,
420 631 500 701 τῷ
535 630 741 698 λέγειν,
786 625 924 695 Ἐγὼ
955 624 1053 694 μέν
1103 626 1218 690 εἰμι
1266 621 1437 687 τοῦδε,
1484 622 1594 691 ἐγὼ
1623 623 1680 675 δὲ

139 725 306 779 τοῦδε.

208 836 227 869 ‹
274 817 333 870 '0
362 812 650 883 ἀσπασμὸς
674 814 740 882 τῇ
759 812 865 881 ἐμῇ
894 807 1038 880 χειρὶ⁵
1069 807 1301 861 Παύλου.
1342 826 1362 859 ι

204 910 455 963 Δεεκνυσι
482 907 617 979 μετά
642 904 832 974 πολλῆς
862 902 1098 973 σπουδῆς
1120 903 1218 971 τὴν
1245 900 1534 973 ἐπιστολὴν
1562 918 1683 954 συν⁸

141 990 427 1051 τεθεῖσθαι.

210 1106 228 1139 ι
262 1088 326 1140 Εἰ
350 1103 435 1148 τις
457 1086 517 1138 οὺ
539 1084 680 1154 φιλεῖ
706 1082 795 1135 τὸν
820 1081 1023 1152 Κύριον
1053 1080 1259 1149 Ἰησοῦν
1286 1080 1539 1151 Χριστὸν,
1572 1080 1684 1149 ἤτω

144 1176 405 1247 ἀνάθεμα.
450 1194 469 1226 ι
592 1192 601 1200 ο

206 1267 283 1318 Δι’
326 1266 444 1328 ἑνὸς
485 1264 673 1317 τούτου
717 1263 955 1332 ῥήματος
999 1262 1205 1323 πάντας
1242 1258 1525 1328 ἐφόϐησεν,
1556 1258 1680 1321 τοὺς

142 1356 202 1405 τὰ
229 1353 366 1422 μέλη
406 1352 613 1406 ἑαυτῶν
644 1351 931 1413 ποιοῦντας
956 1352 1089 1422 μέλη
1120 1350 1344 1420 πόρνης,
1368 1351 1491 1411 τοὺς
1526 1366 1686 1402 σκαν-

144 1442 448 1504 δαλίζοντας
475 1443 601 1504 τοὺς
626 1441 884 1509 ἀδελφοὺς
909 1441 996 1493 διὰ
1023 1442 1132 1493 τῶν
1155 1440 1535 1501 εἰδωλοθύτων,
1564 1441 1686 1501 τοὺς

143 1538 202 1603 τῇ
231 1535 524 1586 ἀναστάσει
562 1534 942 1595 ἀπιστοῦντας.
978 1534 1092 1585 Οὐκ
1129 1530 1365 1601 ἐφόϐησε
1405 1530 1462 1581 δὲ
1506 1530 1685 1598 μόνον,

143 1623 276 1677 ἀλλὰ
304 1625 399 1677 καὶ
435 1625 633 1690 ἔδειξεν
671 1625 769 1693 τῆς
801 1625 1000 1695 ἀρετῆς
1032 1624 1132 1693 τὴν
1165 1623 1302 1685 ὁδὸν,
1334 1621 1430 1674 καὶ
1458 1621 1555 1691 τὴν
1590 1621 1687 1691 τῆς

143 1717 338 1779 κακίας
370 1716 705 1769 δυσσέϐειαν.

210 1826 231 1859 ι
259 1805 585 1877 Μαραναθᾶ.
616 1826 635 1858 ι

1780 628 1908 690 alio,
1936 626 2049 696 Ego
2079 640 2200 681 sum
2229 625 2424 695 hujus;
2456 636 2511 681 et
2537 626 2665 689 alio,
2698 625 2809 695 Ego
2840 626 3023 680 istius.

1852 807 2019 863 Vsus.
2047 807 2138 860 2i.
2179 824 2199 858 ι
2236 805 2503 861 Salutatio
2537 820 2656 860 mea
2693 820 2853 858 manu
2887 801 3061 857 Pauli.
3094 822 3115 856 ι

1851 898 2133 968 Signiﬁcat
2161 914 2220 955 se
2268 900 2439 953 multo
2482 914 2604 952 cum
2646 899 2829 953 studio
2855 896 3142 967 epistolam
3188 895 3333 949 hanc

1779 990 2094 1058 scripsisse.

1850 1079 2017 1133 Vsus.
2054 1079 2144 1132 22.
2174 1098 2192 1129 ι
2225 1078 2279 1132 Si
2303 1079 2426 1148 quis
2450 1094 2553 1132 non
2585 1085 2729 1131 amat
2764 1077 3050 1131 Dominum
3085 1084 3331 1132 nostrum

1782 1169 1965 1225 Jesum
1992 1169 2295 1232 Christum,
2323 1170 2398 1225 sit
2427 1170 2739 1223 anathema.
2777 1187 2796 1219 ι

1854 1262 2008 1331 123
2048 1262 2159 1315 Hoc
2196 1277 2305 1315 uno
2354 1263 2516 1316 verbo
2569 1261 2825 1316 universo
2881 1263 3176 1330 perterruit
3236 1263 3329 1328 qui

1785 1355 2024 1408 membra
2055 1368 2150 1407 sua
2203 1352 2500 1407 meretricis
2536 1352 2773 1407 membra
2801 1351 3041 1405 facerent
3068 1368 3083 1417 ;
3111 1352 3199 1420 qui
3227 1350 3334 1405 fra-

1788 1445 1966 1498 tribus
2030 1444 2288 1497 scandala
2336 1444 2633 1510 objicerent
2689 1443 2901 1498 edendo
2949 1458 3149 1497 carnes
3177 1442 3338 1496 idolis

1788 1536 2124 1599 immolatas;
2160 1536 2252 1604 qui
2276 1537 2737 1589 resurrectionem
2772 1546 3055 1605 negarent.
3090 1534 3207 1588 Non
3242 1549 3336 1587 so-

1790 1628 1898 1680 lum
1942 1636 2118 1680 autem
2169 1627 2386 1688 terruit,
2414 1627 2505 1680 sed
2544 1634 2598 1679 et
2618 1626 2759 1680 viam
2787 1628 3008 1682 virtutis
3045 1626 3254 1696 pandit,
3282 1636 3336 1681 et

1790 1719 2119 1788 impietatem
2151 1718 2428 1787 nequitiae.

1864 1828 1883 1860 ι
1916 1808 2261 1863 Maranatha.
2301 1828 2319 1859 ›

215 1876 436 1969 Ἐπειδὴ
470 1899 685 1951 πάντων
713 1896 821 1951 τῶν
846 1896 1033 1951 κακῶν
1049 1899 1077 1950 ὁ
1100 1895 1269 1966 τῦφος
1288 1896 1457 1960 αἴτιος
1486 1891 1574 1967 ἦν,
1597 1897 1692 1949 καὶ
1723 1876 1765 1930 Β
1859 1899 1881 1961 (

1670 1897 1692 1949 ὶ
1723 1876 1765 1930 Β
1859 1899 2123 1965 Quoniam
2154 1898 2410 1968 superbia
2439 1908 2556 1952 erat
2578 1900 3122 1965 omniummalorum
3149 1914 3336 1961 causa.

140 1992 343 2046 τούτων
388 1991 445 2045 δὲ
479 1992 570 2044 τὸν
610 1991 778 2058 τῦφον
820 1992 855 2061 ή
907 1988 1106 2054 ἔξωθεν
1151 1989 1310 2057 σοφία
1360 1988 1554 2053 ἐποίει,
1600 1990 1693 2041 καὶ

140 2086 297 2139 τοῦτο
321 2084 382 2137 τὺ
404 2085 697 2153 κεφάλαιον
726 2080 795 2154 ἦν
822 2082 933 2136 τῶν
961 2081 1167 2148 κακῶν,
1189 2080 1564 2135 καταστέλλων
1593 2081 1693 2134 ac.

141 2178 237 2243 τὴν
267 2175 390 2228 οὐδὲ
429 2175 634 2229 Ἐλλάδι
666 2175 932 2246 κέχρηται
967 2176 1142 2245 φωνῇ,
1176 2172 1313 2227 ἀλλὰ
1332 2174 1399 2243 τῇ
1430 2171 1692 2243 Ἐϐραΐδι,

141 2270 377 2332 δεικνὺς,
412 2270 494 2323 ὅτι
527 2269 588 2321 ού
626 2268 786 2337 μόνον
820 2265 1240 2336 καταισχύνεται
1271 2263 1370 2335 τὴν
1406 2262 1693 2327 ἱδιωτεὶαν,

141 2364 276 2416 ἀλλὰ
312 2364 407 2416 καὶ
438 2364 574 2433 μετὰ
607 2361 808 2431 πολλῆς
851 2360 950 2430 τῆς
993 2359 1332 2431 θερμότητος
1369 2355 1694 2420 ἀσπάζεται.

142 2456 202 2508 Τί
254 2455 314 2508 δέ
356 2456 501 2507 ἐστιν
532 2455 616 2519 τὸ,
656 2450 1015 2520 uapor-aed;
1051 2452 1131 2504 ὃτι
1170 2451 1226 2502 '0
1253 2450 1465 2517 Κύριος
1488 2445 1695 2518 ἦλθεν.

142 2545 301 2609 Τίνος
325 2545 382 2597 δὲ
424 2545 609 2598 ἕνεκεν
646 2545 776 2597 αὑτό
829 2560 1016 2614 φησιν,
1060 2542 1094 2612 ἢ
1124 2542 1216 2596 τὸν
1248 2540 1561 2617 οἰκονομίας
1611 2540 1699 2611 βε-

142 2638 311 2689 ϐαιῶν
338 2636 511 2707 λόγον,
536 2636 606 2703 ἐξ
627 2632 690 2690 οὗ
734 2635 970 2706 μάλιστα
1007 2633 1076 2689 τὰ
1108 2632 1399 2705 σπέρματα
1438 2632 1534 2704 τῆς
1564 2632 1697 2687 ἀνα-

142 2730 388 2791 στάσεως
419 2728 711 2803 συνέθηκεν
730 2745 744 2791 ;
1448 2774 1449 2783 η

221 2821 437 2873 Ὠσανεὶ
467 2820 671 2888 ἔλεγεν,
696 2820 755 2873 ’0
783 2818 959 2881 κοινὸς
986 2818 1201 2871 πάντων
1230 2816 1500 2886 Δεσπότης
1528 2831 1701 2867 κατα·

142 2906 307 2973 εῆναι
360 2905 609 2958 τοσοῦτον
658 2906 983 2977 κατηξίωσε,
1013 2907 1110 2960 καὶ
1157 2907 1314 2975 ὑμεῖς
1357 2906 1415 2957 ἐν
1443 2904 1700 2965 τοιούτοις

142 2996 311 3055 iisti;

219 3107 234 3134 ι
263 3087 327 3138 'll
358 3087 513 3157 χάρις
537 3086 633 3139 τοῦ
652 3087 855 3159 Κυρίου
880 3088 1056 3160 Ἰησοῦ
1088 3088 1324 3158 Χριστοῦ
1342 3088 1463 3159 μεθ’
1490 3088 1695 3159 ὑμῶν.»

210 3265 387 3317 Τοῦτο
427 3266 533 3335 γὰρ
578 3266 921 3330 διδασκάλου,
956 3267 1018 3319 τὸ
1052 3266 1127 3336 μὴ
1172 3268 1334 3335 μόνον
1362 3267 1697 3337 συμόουλεῦ-
1724 3231 1767 3288 C

144 3374 259 3418 σαι,
298 3357 431 3409 ἀλλὰ
458 3358 552 3409 καὶ
584 3357 771 3425 εὐχαῖς
798 3354 1061 3427 βοηθεῖν.’

219 3469 239 3499 ι
282 3448 344 3500 'H
384 3449 571 3517 ἀγάπη
615 3464 716 3516 μου
755 3448 896 3517 μετὰ
944 3448 1159 3501 πάντων
1201 3448 1354 3519 ὑμῶν
1381 3450 1440 3502 ὲν
1482 3448 1702 3519 Χριστῷ

155 3540 230 3610 ’1η
240 3537 357 3602 τοῦ,
406 3539 462 3589 ’Δ
473 3539 594 3607 μήν.
623 3556 642 3587 ι

227 3625 451 3694 Ἐπειδὴ
483 3624 725 3694 σιροδρῶς
754 3622 935 3677 αὐτῶν
968 3625 1162 3694 ἥψατο,
1192 3626 1562 3697 καταπραΰνει
1596 3625 1703 3677 λοι-

151 3721 273 3780 πόν,
308 3718 395 3769 ἵνα
438 3717 493 3769 δὲ
529 3718 603 3787 μὴ
634 3716 950 3786 νομίσωσιν,
983 3720 1063 3771 ὅτι
1104 3718 1359 3772 ἱκετεύων
1389 3719 1584 3783 αὐτοὺς
1622 3723 1701 3783 εἰς

153 3808 308 3861 stt-31:0
336 3808 646 3876 κατέληξεν,
678 3809 983 3879 προσέθηκε
1015 3810 1095 3875 τὸ,
1148 3811 1243 3868 Ἐν
1262 3809 1489 3880 Χριστῷ
1508 3828 1521 3840 ⁸
1551 3811 1701 3864 οὐδὲν

155 3902 260 3971 γὰρ
295 3899 637 3969 ἀνθρώπινον
670 3900 805 3969 ἔχει,
831 3900 954 3953 οὒτε
985 3902 1268 3970 σαρκικὺν,
1300 3902 1435 3956 ἀλλὰ
1456 3920 1701 3972 πνευμα-

157 3992 279 4059 τική
312 3991 395 4051 τίς
428 3991 597 4043 ἐστιν.

220 4084 377 4159 Πρὸς
412 4083 755 4152 Κορινθίους
802 4089 853 4136 α’
913 4084 1171 4153 στίχων,
1233 4085 1397 4153 ωμβν.
1452 4082 1702 4152 Ἐγράφη

158 4176 277 4229 ἀπὸ
310 4176 620 4227 Φιλίππων
657 4174 756 4228 διὰ
784 4176 1076 4243 Στεφανᾶ,
1111 4176 1206 4229 καὶ
1235 4175 1703 4245 Φουρτουνάτου,

160 4270 253 4320 καὶ
285 4268 579 4337 Ἀχαϊκοῦ,
612 4270 706 4321 καὶ
733 4268 1024 4336 Τιμοθέου.
1058 4268 1501 4338 Ἀναγνώσειςί,
1532 4275 1704 4334 dxe-

162 4359 381 4425 pdlata
407 4364 475 4423 θ’,
508 4362 801 4429 μαρτύρια
825 4360 910 4427 ιζ’,
945 4362 1142 4430 στίχοι
1165 4362 1503 4414 ὀκτακόσιοι
1538 4359 1705 4413 ἐϐδο-

164 4466 445 4515 annona.

1792 1998 1957 2061 atque
2006 1990 2318 2061 superbiam
2347 1991 2486 2049 hanc
2516 2000 2776 2046 extranea
2815 1993 3077 2061 sapientia
3109 2007 3335 2062 pepere-

1791 2094 1898 2146 rat,
1925 2088 2068 2153 quod
2092 2083 2362 2137 malorum
2393 2095 2509 2137 erat
2543 2090 2738 2153 caput;
2764 2093 2823 2137 ut
2847 2065 3338 2151 eam'comprimat.

1792 2174 2212 2244 haudquaquam
2257 2172 2443 2228 Grazca
2478 2190 2611 2229 voce
2640 2176 2837 2237 utitur,
2886 2178 2979 2230 sed
3038 2174 3337 2237 Hebraica;

1791 2266 2087 2323 ostendens
2116 2281 2225 2320 non
2262 2264 2435 2321 solum
2471 2282 2531 2321 se
2561 2284 2668 2321 non
2708 2267 2911 2337 pudere
2945 2267 3340 2336 simplicitatis.

1794 2358 1887 2412 sed
1938 2364 1993 2411 et
2032 2357 2205 2411 multo
2230 2372 2347 2410 eam
2379 2359 2574 2414 ardore
2621 2358 2930 2428 complecti.
2971 2357 3110 2433 Quid
3138 2369 3317 2413 autem

1795 2448 1899 2502 hoc
1940 2458 2044 2514 est,
2103 2447 2422 2506 Maranatha
2447 2453 2469 2504 ?
2499 2448 2751 2503 Dominus
2815 2450 2974 2505 venit.
3004 2450 3183 2516 Quare
3216 2466 3342 2506 vero

1794 2539 2139 2610 pronuntiat,
2173 2540 2280 2594 nisi
2311 2548 2368 2595 ut
2397 2540 2594 2595 divinzc
2632 2540 3066 2610 dispensationis
3093 2542 3347 2596 incarna-

1796 2632 2032 2687 tionisve
2057 2632 2215 2687 fidem
2244 2634 2552 2696 conﬁrmet,
2589 2648 2655 2689 ex
2679 2648 2787 2703 qua
2818 2636 3124 2704 praesertim
3156 2651 3342 2691 resur-

1797 2723 2057 2777 rectionis
2077 2735 2358 2790 compacta
2389 2725 2557 2777 sunt?

1864 2815 1942 2868 Ac
1974 2816 2021 2869 si
2042 2813 2255 2880 diceret
2291 2832 2303 2867 :
2334 2813 2649 2870 Communis
2669 2815 2911 2870 omnium
2942 2816 3203 2873 Dominus
3224 2828 3347 2874 tan-

1797 2914 1912 2960 tum
1956 2921 2016 2960 se
2060 2906 2339 2960 demittere
2371 2907 2622 2975 dignatus
2676 2915 2780 2974 est,
2829 2917 2884 2964 et
2915 2925 3011 2965 vos
3044 2911 3263 2965 interim
3292 2914 3347 2966 in

1796 2996 2066 3066 ejusmodi
2104 2998 2251 3050 vitiis
2281 2998 2615 3051 versamini?

1870 3086 2034 3141 Vens.
2102 3086 2193 3139 23.
2229 3104 2248 3137 ι
2283 3085 2467 3141 Gratia
2509 3087 2720 3142 Domini
2776 3089 2947 3143 nostri
2978 3088 3108 3145 Jesu
3148 3090 3348 3147 Christi

1802 3179 2107 3232 vobiscum.
2140 3198 2159 3230 ι

1873 3269 2227 3337 Praeceptoris
2272 3269 2507 3323 ollicium
2561 3278 2666 3333 est,
2718 3285 2825 3325 non
2858 3272 3021 3326 modo
3054 3274 3342 3328 consilium

1801 3360 1952 3423 dare,
1986 3376 2172 3414 verum
2192 3361 2354 3415 etiam
2407 3362 2660 3430 precibus
2689 3364 2968 3432 opitulari.

1873 3451 2035 3507 Vens.
2058 3452 2147 3505 ‘24.
2188 3468 2207 3501 ι
2235 3444 2485 3507 Charitas
2521 3449 2637 3508 tinea
2666 3469 2788 3508 cum
2842 3456 3097 3512 omnibus
3123 3458 3277 3512 vobis
3296 3460 3351 3513 in

1812 3542 2032 3597 Christo
2064 3540 2215 3605 Jesu,
2244 3544 2438 3598 Amen.
2475 3562 2495 3595 ι

1873 3631 2013 3696 Quia
2043 3629 2176 3685 dure
2205 3645 2301 3685 eos
2326 3632 2666 3700 perstrinxit.
2698 3634 2880 3689 mitius
2905 3636 3017 3703 jam
3052 3638 3294 3706 loquitur
3328 3657 3341 3692 :

1807 3735 1876 3774 ne
1901 3728 2078 3774 autem
2104 3730 2357 3788 putarent
2394 3722 2569 3791 ipsum
2597 3726 2860 3793 supplicis
2894 3726 3070 3780 instar
3101 3728 3205 3782 hoc
3235 3744 3354 3783 mo—

1806 3802 1875 3857 do
1920 3804 2264 3867 concludere,
2321 3805 2549 3869 addidit,
2609 3809 2661 3859 in
2712 3805 2947 3864 Christo.
3000 3808 3143 3862 Nihil
3207 3815 3350 3865 enim

1805 3892 2049 3946 clausula
2111 3893 2225 3946 haec
2259 3894 2479 3961 praefert
2523 3895 2771 3960 humani,
2805 3907 2897 3950 aut
2954 3899 3218 3964 carnalis,
3252 3901 3349 3953 sed

1807 3998 1954 4037 mere
1977 3983 2301 4051 spiritualis.

1876 4072 1956 4131 Ad
1998 4072 2293 4127 Corinthios
2352 4076 2545 4141 prima,
2598 4093 2837 4130 versuum
2871 4076 2996 4133 842.
3034 4076 3247 4147 Scripta
3278 4092 3356 4135 est

1818 4163 2072 4232 Philippis
2100 4180 2190 4233 per
2220 4166 2562 4234 Stephanum,
2595 4166 2972 4235 Fortunatam,
3003 4172 3285 4225 Achaicum
3307 4182 3356 4227 et

1818 4259 2166 4313 Timotheum.
2191 4258 2461 4315 Lectiones
2494 4262 2739 4332 quinque,
2781 4265 2956 4333 capita
2993 4281 3192 4330 novem,
3219 4269 3363 4319 testi-

1811 4354 1991 4406 monia
2022 4352 2110 4416 Π,
2175 4367 2349 4405 versus
2403 4352 2525 4407 870.

1433 4584 1662 4641 VABUE
1700 4587 2094 4651 LECTIONES.

244 4708 260 4759 i
287 4702 605 4769 Eustathius
639 4714 928 4771 Sulccnsis
957 4722 1177 4775 oosdcm
1208 4738 1465 4778 numeros
1491 4725 1669 4789 habet,
1691 4743 1798 4782 non
1826 4729 2085 4798 priorem.

174 4931 475 4947 M—

481 4934 3358 4968 .____._____._.__________________.____,___________________

694 5074 862 5159 ΕΙΣ
932 5069 1567 5159 ΕΠΙΣΤΟΛΗΝ
1637 5072 1923 5161 ΠΡΟΣ
1994 5074 2664 5165 ΚΟΡΙΝΘΙΟΥΣ
2735 5070 2858 5164 B'.

649 5441 772 5527 IN
887 5421 1553 5533 EPIS'TOLAM
1670 5442 1758 5530 II
1877 5444 2021 5530 AD
2135 5445 2907 5543 CORINTHIOS.

658 5650 905 5703 ΚΕΦΑΛ.
947 5649 1241 5730 ΠΡΩΤΟΝ.

247 5762 265 5790 ι
298 5744 501 5805 Παῦλος
548 5740 838 5803 ἀπόστολος
873 5740 1045 5809 Ἰησοῦ
1098 5740 1330 5809 Χριστοῦ
1366 5744 1451 5793 διὰ
1486 5743 1578 5796 τοῦ
1611 5744 1697 5796 θε-

176 5839 402 5901 ςέ-μτος
429 5835 585 5897 Θεοῦ,
626 5834 715 5887 καὶ
748 5833 1005 5902 Τιμόθεος
1031 5834 1059 5884 ὁ
1092 5833 1335 5900 ἀδελφός.
1364 5854 1382 5883 ο

2304 5658 2528 5716 CAPUT
2573 5662 2855 5721 PRIMUM.

1877 5744 2032 5802 Vens.
2063 5749 2113 5802 l.
2157 5769 2178 5805 ι
2214 5748 2414 5807 Paulus
2439 5755 2728 5822 Apostolus
2752 5756 2875 5814 Jesu
2903 5761 3104 5820 Christi
3134 5781 3228 5837 per
3250 5782 3344 5823 vo-

1816 5840 2073 5896 luntatem
2102 5841 2218 5904 Dei.
2246 5854 2297 5898 et
2324 5844 2632 5907 Timotheus
2656 5848 2839 5907 frater.
2875 5874 2891 5904 ι
