4218 6448
848 432 948 496 7m

2032 428 2093 486 S.
2125 424 2442 487 JOANNIS
2471 425 2898 486 DAMASCENI

3952 430 4061 491 708

953 540 1187 595 Alteram
1205 538 1495 594 Corinthiis
1516 536 1790 619 epistolam
1834 538 1959 594 ideo
1982 540 2206 609 scripsit
2257 540 2403 608 Apo-
2428 549 2475 606 Α
2570 541 2613 591 Δ

2392 564 2403 578 -
2428 549 2475 606 Α
2570 540 2727 593 Δὶτία
2764 540 3021 609 δευτέρας
3043 540 3331 612 ἐπιστολῆς
3352 542 3601 611 Ἐγένετο
3628 542 3707 613 τῶ
3727 542 4058 613 Ἀποστόλετι,

851 640 1049 699 ειυιιιδ,
1073 639 1197 704 quia
1229 634 1280 685 in
1304 631 1471 701 priori
1502 631 1825 701 promiserat
1850 645 1911 686 se
1938 631 2089 685 brevi
2118 642 2405 684 venturum

850 731 918 781 ad
958 729 1129 797 ipsos,
1162 726 1325 793 cujus
1361 736 1541 778 tamen
1574 723 1861 793 prastandi
1891 722 2119 777 facultas
2143 723 2406 776 hactenus

855 836 963 871 non
999 818 1201 871 fuerat.
1241 817 1425 871 Altera
1454 816 1636 871 itidem
1668 830 1835 870 causa
1865 815 1996 880 fuit,
2023 814 2169 885 quod
2198 813 2265 868 ad
2302 830 2407 869 me-

854 912 1041 963 liorem
1098 908 1309 979 frugem
1341 908 1417 961 illi
1453 923 1510 963 se
1534 898 1855 977 receperant
1884 907 1952 960 ob
1975 907 2264 975 epistolam
2297 919 2399 958 an-

853 1001 1125 1054 teriorem.
1151 1001 1307 1054 Initio
1337 1001 1520 1067 itaque
1546 1000 1961 1051 excusationem
1997 998 2155 1051 affert
2183 995 2407 1050 dilatio-

854 1092 961 1153 nis,
1002 1098 1057 1143 et
1109 1090 1335 1159 probare
1382 1102 1440 1141 se
1472 1096 1703 1140 testatur
1734 1086 2168 1141 emendationem
2251 1110 2410 1165 quam

853 1185 1078 1253 epistola
1117 1182 1263 1249 prior
1310 1188 1608 1248 pepererat.

896 1298 904 1308 ι
931 1294 949 1325 ι
978 1275 1233 1327 Ecclesiae
1264 1271 1377 1326 Dei.
1422 1290 1440 1322 ι

932 1364 1041 1418 llos
1089 1380 1306 1417 rursum
1349 1361 1635 1414 Ecclesium
1690 1360 1787 1414 Dei
1840 1369 2149 1431 nuncupat,
2193 1375 2287 1416 eos
2349 1360 2405 1415 in

834 1446 1024 1507 unum
1060 1453 1223 1506 simul
1248 1451 1579 1519 colligendo.

931 1562 950 1593 ι
996 1544 1127 1607 Qum.
1153 1554 1234 1597 est
1282 1542 1553 1603 Corinthi,
1605 1555 1729 1593 cum
1779 1539 2035 1593 omnibus
2065 1538 2272 1592 sanctis
2311 1539 2405 1609 qui

856 1644 985 1685 sunt
1030 1635 1082 1685 in
1117 1633 1364 1685 universa
1397 1630 1622 1682 Achaia.
1659 1629 1858 1699 (Vens.
1892 1630 1947 1687 2.
1970 1628 2063 1699 5.]
2102 1628 2288 1681 Gratia
2312 1644 2407 1683 vo-

856 1728 939 1781 bis
994 1733 1048 1779 et
1096 1714 1199 1794 pa’x
1233 1740 1260 1775 a
1322 1724 1429 1775 Deo
1456 1724 1614 1776 Patre
1665 1730 1854 1774 nostro
1913 1728 1967 1774 et
2003 1720 2227 1773 Domino
2276 1719 2403 1774 Jesu

2503 628 2565 682 τὸ
2593 630 2925 700 ὑποσχέσθαι
2972 633 3031 685 ἐν
3069 635 3136 703 τῇ
3169 632 3409 703 προτέρᾳ
3456 633 3622 686 αὑτὸν
3652 632 3861 703 ταχέως
3904 634 4059 702 ἥξειν

2505 724 2643 794 πρὸς
2670 725 2884 789 αὑτοὺς,
2918 726 3011 779 καὶ
3046 726 3122 794 μὴ
3151 725 3471 794 ἐκγενέσθαι
3499 724 3656 777 τοῦτο
3679 724 3922 793 ποιῆσαι.
3946 725 4058 775 Καὶ

2505 814 2665 882 ἐτέρα
2696 815 2863 878 αἰτία,
2890 815 2951 867 τὸ
2973 815 3324 885 βελτιωθῆναι
3351 815 3544 878 αὑτοὺς
3576 817 3641 868 ἐκ
3672 815 3772 885 τῆς
3804 815 4059 868 Ἐπιστοο

2504 905 2605 975 λῆς
2631 906 2733 977 τῆς
2764 907 3009 977 πρώτης.
3047 906 3367 978 Προγρὼρει
3402 902 3496 960 σῦν
3523 907 3621 960 καὶ
3646 908 3776 977 περὶ
3794 906 3892 959 τοῦ
3924 906 4061 975 βρα-

2513 995 2667 1051 δῦναι
2720 998 3194 1067 ἀπολογούμενος,
3231 1000 3324 1051 καί⁵
3366 997 3465 1069 τὴν
3510 1000 3575 1051 ἐκ
3624 998 3724 1066 τῆς
3784 999 4059 1068 προτέρας

2518 1086 2837 1159 Ἐπιστολῆς
2865 1091 3162 1161 γενομένην
3184 1090 3469 1160 διόρθωσιν
3499 1088 3914 1158 ἀποδεχόμενος.

2512 1266 2521 1274 ’
2581 1286 2600 1318 ι
2623 1267 2704 1338 τῇ
2737 1266 3037 1339 Ἐκκλησία
3065 1266 3159 1320 τοῦ
3186 1265 3342 1321 Θεοῦ.
3376 1286 3395 1318 ι

2574 1357 2741 1411 Πάλιν
2779 1357 2975 1420 αὑτοὺς
3026 1358 3389 1424 Ἐκκλησίαν
3432 1356 3639 1422 καλεῖ,
3692 1359 3941 1427 συνάγων
3977 1360 4062 1422 εἰς

2504 1445 2581 1497 ἐν.

2579 1555 2597 1586 ι
2626 1534 2704 1607 Τῇ
2735 1534 2871 1609 οὑση
2897 1537 2956 1589 ἐν
2990 1536 3263 1607 Κορίνθῳ,
3304 1538 3401 1590 σὺν
3430 1539 3539 1600 τοῖς
3576 1536 3755 1605 ἁγίοις
3782 1539 3917 1591 πᾶσι
3944 1541 4060 1600 τοῖς

2504 1620 2656 1677 οὖσιν
2684 1628 2742 1678 ἐν
2768 1626 2865 1697 ὅλῃ
2891 1629 2956 1697 τῇ
2994 1626 3187 1697 Ἀχαίᾳ
3208 1642 3223 1657 ⁸
3259 1627 3421 1697 χάρις
3457 1628 3588 1697 ὑμῖν
3609 1627 3703 1680 καὶ
3732 1629 3920 1698 εἰρήνη
3949 1630 4062 1682 ἀπὸ

2502 1716 2639 1769 Θεοῦ
2690 1719 2900 1789 [ἰατρὸς
2948 1719 3104 1789 ἡμῶν
3159 1719 3255 1772 καὶ
3312 1719 3517 1789 Κυρίου
3571 1720 3745 1789 Ἰησοῦ
3795 1722 4057 1791 Χριστοῦ.

852 1815 1091 1868 Christo.
1137 1812 1458 1866 Benedictus
1508 1811 1651 1865 Deus
1680 1818 1735 1864 et
1766 1809 1926 1862 Pater
1980 1808 2195 1863 Domini
2227 1809 2402 1863 nostri
2505 1808 2518 1859 l

2397 1810 2402 1861 i
2505 1808 2808 1877 Εὐλογητὸς
2860 1813 2890 1861 ό
2942 1810 3074 1873 Θεὸς
3122 1812 3220 1865 καὶ
3268 1810 3458 1881 Πατὴρ
3498 1809 3596 1864 τοῦ
3650 1813 3855 1883 Κυρίου
3900 1814 4063 1884 ἡμῶν

850 1905 974 1959 Jesu
1001 1903 1223 1958 Christi.
1260 1923 1279 1953 ι

925 1996 1083 2066 124
1114 1995 1507 2048 Salutationem
1532 2008 1561 2046 a
1594 2003 1755 2064 gente
1785 1992 2024 2057 orditur,
2059 2000 2113 2046 et
2146 2005 2252 2044 una
2275 2004 2400 2044 cum

848 2089 956 2142 illis
976 2088 1295 2141 Corinthios
1329 2086 1626 2140 honorifice
1650 2086 1960 2155 compellat.

924 2202 943 2233 ι
969 2180 1127 2235 Pater
1164 2179 1686 2242 misericordiarum,
1740 2190 1793 2232 et
1825 2179 1966 2232 Deus
2003 2180 2171 2233 totius
2200 2191 2401 2231 conso-

847 2273 1090 2335 lationis,
1145 2270 1356 2342 [νειε.
1411 2271 1445 2324 4
1489 2271 1507 2341 ]
1546 2273 1636 2341 qui
1678 2271 1992 2325 consolatur
2021 2286 2120 2323 nos
2166 2270 2218 2322 in
2252 2270 2399 2323 omni

846 2365 1201 2417 tribulatione
1255 2371 1480 2427 nostra;
1517 2372 1573 2415 ut
1608 2363 1883 2431 possimus
1908 2371 1964 2416 et
1992 2362 2093 2430 ipsi
2126 2362 2399 2416 consolari

844 2467 941 2506 eos
978 2453 1067 2519 qui
1111 2453 1163 2505 in
1188 2453 1337 2505 omni
1378 2467 1627 2519 pressura
1654 2458 1801 2517 sunt,
1851 2466 1947 2519 per
1970 2450 2398 2505 exhortationem

844 2557 952 2613 qua
971 2542 1323 2596 exhortamur
1366 2539 1467 2609 ipsi
1494 2540 1672 2592 aDeo.
1718 2558 1737 2590 ι

915 2632 1144 2687 Causam
1167 2630 1321 2685 aﬂert
1335 2648 1432 2684 cur
1446 2631 1759 2684 tardaverit.
1777 2631 2001 2701 Aitergo
2021 2649 2033 2684 :
2051 2630 2399 2701 Scioquidem

846 2727 989 2793 quod
1022 2741 1105 2779 me
1135 2732 1419 2777 venturum
1451 2722 1515 2775 ad
1542 2740 1637 2776 vos
1667 2722 1767 2774 sim
1798 2724 2065 2793 pollicitus
2098 2740 2111 2777 :
2144 2726 2233 2778 sed
2264 2741 2400 2793 quo-

846 2818 992 2871 niam
1021 2817 1340 2870 alllictiones
1369 2823 1422 2869 et
1451 2816 1715 2883 angustia:
1737 2816 2131 2885 impedimento
2157 2819 2397 2878 luerunt,

847 2909 972 2962 date
1028 2910 1266 2971 veniam,
1315 2924 1415 2961 nec
1459 2891 1731 2976 superbiae
1776 2919 1869 2961 aut
1910 2909 2176 2961 socordia:
2200 2917 2399 2962 nostra:

849 2999 951 3051 hoc
980 2997 1258 3050 tribuatis.

920 3087 1084 3141 Vsus.
1143 3088 1195 3149 5,
1232 3086 1283 3139 6.
1316 3106 1333 3137 ‹
1362 3085 1630 3152 Quoniam
1666 3086 1811 3141 sicut
1868 3087 2147 3139 abundant
2187 3086 2398 3155 passio-

2434 1889 2474 1943 Β
2516 1898 2694 1969 Ἰησοῦ
2725 1900 2983 1971 Χριστοῦ.
3009 1920 3027 1953 ι

2586 1989 2719 2041 Ἀπὸ
2749 1990 2841 2041 τοῦ
2885 1990 3071 2053 ἔθνους
3109 1992 3529 2062 προσαγορεύει,
3562 1993 3657 2047 καὶ
3682 1993 3889 2048 τούτων
3918 1996 3946 2035 ι
3977 2013 4061 2049 τι-

2504 2079 2622 2149 μῶν
2648 2081 2774 2143 τοὺς
2808 2082 3150 2152 Κορινθίους.

2579 2190 2597 2222 ι
2628 2173 2685 2223 'O
2720 2175 2903 2243 πατὴρ
2939 2176 3049 2227 τῶν
3109 2178 3434 2247 οἰκτιρμῶν,
3471 2179 3567 2232 καὶ
3594 2177 3728 2240 θεὸς
3750 2177 3932 2247 πάσης
3953 2195 4060 2231 πα-

2503 2266 2841 2335 ρακλήσεως,
2870 2267 2899 2318 ὁ
2933 2268 3271 2337 παρακαλῶν
3300 2270 3333 2337 ή
3344 2271 3450 2338 μᾶς
3487 2269 3579 2321 ἐπὶ
3609 2269 3755 2338 πάσῃ
3784 2271 3851 2338 τῇ
3878 2268 4063 2338 θλίψει

2500 2356 2683 2425 ἡμῶν,
2711 2358 2792 2419 εἰς
2850 2358 2913 2409 τὸ
2952 2357 3211 2412 δύνασθαι
3248 2361 3397 2428 ἡμᾶς
3449 2360 3785 2430 παρακαλεῖν
3818 2360 3949 2422 τοὺς
4000 2360 4063 2412 ἐν

2500 2451 2649 2518 πάσῃ
2682 2448 2881 2516 θλίψει,
2913 2450 3001 2502 διὰ
3024 2454 3125 2521 τῆς
3160 2452 3559 2523 παρακλήσεως
3604 2447 3673 2523 ἧς
3710 2452 4063 2521 παρακαλού-

2502 2539 2645 2610 μεθα
2674 2541 2831 2593 αὑτοὶ
2848 2542 2955 2594 ὑπὸ
2978 2541 3075 2595 τοῦ
3105 2542 3261 2600 Θεοῦ.
3294 2562 3314 2596 ι

2569 2626 2681 2697 Τὴν
2746 2628 2925 2683 αἰτίαν
2953 2630 3100 2699 λέγει
3155 2633 3255 2702 τῆς
3301 2633 3660 2705 ἀπολείψεως.
3704 2633 3874 2701 Φησὶν
3924 2628 4056 2685 οὖν·

2499 2714 2631 2773 Οἶδα
2664 2721 2761 2790 μὲν
2798 2723 3165 2792 ὑποσχόμενος
3191 2727 3341 2795 ἥξειν
3358 2742 3373 2756 ·
3407 2728 3596 2794 ἐπειδὴ
3624 2726 3680 2780 δέ
3698 2728 3787 2780 διὰ
3814 2728 3913 2788 τὰς
3940 2725 4061 2778 θλί-

2496 2811 2617 2880 ψεις
2637 2816 2999 2885 ἐνεποδίσθην,
3020 2818 3313 2885 σύγγνωτε.
3347 2820 3443 2873 καὶ
3474 2822 3549 2891 μὴ
3578 2818 3896 2887 καταγνῶτέ
3934 2834 4061 2872 τινα

2501 2902 2803 2973 ὑπεροψίαν
2834 2906 2867 2977 ἢ
2906 2908 3177 2980 ρᾳθυμίαν
3211 2910 3389 2980 ἡμῶν.

2572 3100 2590 3129 σ
2626 3082 2749 3136 Ὀτι
2784 3083 2971 3148 καθὼς
3007 3088 3326 3157 περισσεύει
3354 3086 3421 3139 τὰ
3465 3085 3763 3155 παθήματα
3794 3086 3893 3140 τοῦ
3922 3089 4062 3159 Χρι-

847 3195 945 3234 nes
976 3180 1179 3232 Christi
1226 3180 1280 3231 in
1315 3179 1493 3240 nobis,
1548 3180 1622 3230 ita
1656 3187 1709 3231 et
1738 3195 1832 3248 per
1854 3179 2129 3233 Christum
2158 3179 2395 3233 abundat
2420 3220 2461 3249 ρ
2498 3191 2513 3226 <

2394 3222 2395 3227 η
2420 3220 2461 3249 ρ
2498 3172 2624 3227 στοῦ
2648 3177 2726 3237 εἰς
2757 3177 2923 3246 ἡμᾶς,
2945 3176 3088 3230 οὑτω
3109 3178 3202 3231 καὶ
3228 3178 3316 3231 διὰ
3345 3177 3442 3231 τοῦ
3472 3177 3710 3248 Χριστοῦ
3740 3181 4060 3249 περισσεύει

848 3270 1153 3324 consolatio
1183 3278 1371 3324 nostra
1412 3287 1424 3321 :
1461 3284 1575 3323 sive
1609 3272 1935 3323 tribulamur
1960 3284 2056 3339 pro
2091 3282 2270 3323 vestra
2298 3286 2394 3324 ex-

848 3365 1164 3418 hortatione
1197 3370 1252 3415 et
1280 3362 1481 3415 salute.
1510 3380 1530 3412 ι

917 3453 995 3507 Ne
1027 3453 1191 3505 nimia
1224 3454 1589 3505 calamitatum
1651 3451 2068 3520 amplificatione
2103 3450 2399 3521 discipulo-

847 3561 970 3599 rum
1007 3544 1221 3597 animos
1250 3542 1493 3611 dejiciat,
1546 3559 1656 3611 quo
1684 3553 1892 3598 mentes
1921 3545 2161 3613 ipsorum
2206 3544 2398 3614 erigat,

846 3642 1121 3710 copiosam
1160 3654 1282 3693 esse
1310 3640 1700 3693 consolationis
1719 3638 2101 3692 abundantiam
2130 3638 2399 3703 ostendit;

847 3748 1024 3801 neque
1060 3731 1165 3783 hoc
1222 3732 1417 3793 solum,
1452 3730 1544 3783 sed
1566 3740 1620 3783 et
1643 3730 1845 3784 Christi
1877 3730 2141 3793 meminit,
2176 3730 2402 3799 ejusque

846 3838 969 3879 esse
998 3822 1318 3877 afllictiones
1347 3822 1494 3890 ipsas
1517 3822 1669 3875 dicit.
1693 3819 1828 3874 Tum
1855 3822 2018 3873 allato
2032 3837 2139 3873 uno
2160 3830 2211 3875 et
2228 3822 2401 3891 primo

849 3912 1135 3967 solaminis
1186 3921 1522 3979 argumento,
1576 3912 1718 3978 quod
1751 3926 1940 3979 nempe
1966 3926 2060 3978 per
2082 3925 2174 3963 eas
2201 3911 2401 3965 Christi

865 4011 1149 4055 consortes
1174 4002 1367 4060 simus,
1417 4002 1642 4053 alterum
1689 4000 1914 4068 insuper
1952 4000 2120 4060 addit,
2154 4009 2278 4067 puta
2302 4000 2403 4053 hac

846 4096 1061 4147 ratione
1122 4092 1518 4159 discipulorum
1568 4093 1797 4145 salutem
1862 4091 2065 4160 parari.
2138 4090 2193 4143 Id
2257 4092 2403 4160 quod

848 4184 992 4236 hunc
1025 4183 1076 4234 in
1112 4183 1327 4234 modum
1350 4181 1570 4235 evincit.
1596 4180 1710 4234 Nisi
1756 4181 2260 4250 praedicavissemus
2309 4198 2403 4236 vo-

848 4276 956 4337 bis,
1002 4274 1201 4343 inquit,
1248 4273 1515 4326 malorum
1577 4273 1771 4327 timore
1804 4287 1871 4327 ne
1897 4272 1950 4325 id
1976 4272 2287 4328 faceremus
2310 4273 2403 4327 de-

847 4366 1047 4428 territi,
1112 4364 1178 4416 ad
1217 4373 1460 4417 extrema
1508 4379 1595 4418 res
1626 4373 1820 4419 vestrae
1878 4364 2111 4417 redactae
2161 4373 2345 4419 essent
2385 4380 2398 4415 :

850 4469 996 4507 nunc
1050 4464 1229 4507 autem
1286 4468 1395 4521 quo
1448 4454 1892 4523 persecutionum
1953 4461 2262 4507 nostrorum
2321 4454 2401 4507 vis

2494 3270 2529 3339 ἠ
2562 3272 2908 3340 παράκλησις
2950 3273 3109 3341 ἡμῶν
3130 3288 3143 3301 ·
3198 3275 3308 3326 εἰτε
3347 3272 3404 3326 δέ
3462 3273 3757 3342 θλιϐόμεθα
3782 3274 3923 3343 ὑπὲρ
3950 3273 4055 3343 τῆς

2498 3360 2655 3431 ἡμῶν
2686 3363 3085 3433 παρακλήσεως
3116 3365 3210 3416 καὶ
3242 3365 3538 3435 σωτηρίας,
3576 3384 3593 3416 ι

2569 3452 2686 3505 Ἵνα
2718 3453 2791 3523 μὴ
2826 3454 3111 3527 καταϐάλῃ
3138 3456 3264 3519 τοὺς
3292 3454 3539 3526 μαθητὰς
3572 3456 3631 3507 τὸ
3664 3454 3871 3524 σφόδρα
3898 3452 4059 3507 ἐπαί-

2503 3559 2616 3612 ρειν
2638 3542 2736 3605 τὰς
2762 3544 3068 3613 συμφορὰς,
3100 3544 3339 3597 δείκνυσι
3368 3544 3530 3597 πάλιν
3554 3543 3750 3613 πολλὴν
3776 3544 3876 3613 τὴν
3904 3561 4061 3614 περι-

2500 3634 2689 3687 ουσίαν
2717 3635 2811 3687 καὶ
2842 3637 2940 3704 τῆς
2990 3637 3385 3708 παρακλήσεως
3425 3636 3613 3702 οὖσαν,
3647 3636 3741 3688 καὶ
3772 3636 4060 3704 ἀνίστησιν

2502 3726 2682 3779 αὑτῶν
2716 3728 2814 3796 τὴν
2854 3728 3122 3783 διάνοιαν·
3161 3730 3221 3783 οὑ
3254 3729 3417 3799 μόνον
3441 3728 3620 3793 τοῦτο,
3650 3728 3785 3781 ἀλλὰ
3816 3727 3896 3797 τῷ
3930 3729 4063 3781 ἀνα-

2505 3820 2705 3889 μνῆσαι
2758 3818 2852 3872 τοῦ
2906 3819 3177 3889 Χριστοῦ,
3231 3822 3326 3873 καί
3380 3820 3546 3874 αὑτοῦ
3584 3821 3763 3873 εἰπεῖν
3810 3814 3956 3873 εἰναι
3991 3819 4061 3871 τὰ

2504 3910 2823 3980 παθήματα.
2859 3909 3041 3962 Εἰπὼν
3074 3910 3130 3963 δὲ
3183 3910 3314 3979 μίαν
3364 3909 3462 3963 καὶ
3503 3908 3729 3980 πρώτην
3775 3908 4063 3979 παρακλή-

2504 4019 2641 4065 σεως
2666 4001 3043 4071 παραμυθίαν,
3066 4002 3127 4055 τὸ
3157 4002 3483 4072 κοινωνῆσαι
3516 4002 3758 4074 Χριστῷ,
3785 4000 3934 4069 λέγει
3969 4002 4060 4054 καὶ

2500 4092 2782 4161 δευτέραν,
2806 4092 2866 4144 τὸ
2887 4092 2983 4163 τὴν
3008 4092 3119 4145 τῶν
3148 4091 3604 4163 μαθητευομένων
3623 4092 3869 4144 ἐντεῦθεν
3892 4109 4061 4144 κατα-

2504 4184 2864 4247 σκευάζεσθαι
2900 4184 3195 4254 σωτηρίαν.
3233 4184 3649 4247 Κατασκευάζει
3686 4183 3742 4235 δέ
3771 4182 3931 4234 τοῦτο
3970 4182 4062 4234 οὑ-

2503 4292 2609 4339 τως
2630 4293 2643 4305 ·
2668 4277 2729 4329 Εἰ
2757 4276 2831 4347 μὴ
2851 4276 3215 4346 ἐκηρύξαμεν,
3236 4277 3421 4345 φησὶν,
3452 4277 3599 4346 ὑμῖν,
3636 4274 3963 4344 φοὸούμενοι
3993 4275 4059 4327 τὰ

2501 4367 2669 4432 δεινὰ,
2697 4370 2754 4419 ἐν
2803 4368 3051 4435 ἐσχάτοις
3094 4362 3163 4436 ἦν
3190 4365 3259 4418 τὰ
3312 4365 3586 4436 ὑμέτερα⁹
3614 4363 3707 4417 νῦν
3752 4363 3810 4417 δὲ
3850 4365 3962 4430 ὅσῳ
3994 4363 4059 4416 ἂν

2503 4460 2831 4529 ὲπιτείνηται
2854 4459 2922 4510 τὰ
2948 4458 3055 4510 τῶν
3078 4456 3332 4525 διωγμῶν
3360 4458 3467 4508 τῶν
3496 4456 3799 4525 ἡμετέρων,
3817 4456 4060 4521 τοσούτῳ

850 4545 1086 4615 amplius
1112 4545 1435 4610 intenditur,
1494 4551 1646 4597 tanto
1682 4544 1853 4614 magis
1876 4552 2196 4613 exspectare
2219 4544 2406 4597 melio-
2439 4550 2481 4603 Ι)
2510 4570 2516 4619 ι

2391 4571 2406 4581 ο
2439 4550 2481 4603 D
2510 4550 2705 4619 μᾶλλον
2728 4549 3018 4603 ἐπιδιδόναι
3040 4550 3108 4601 τὰ
3136 4547 3234 4617 τῆς
3252 4548 3493 4619 χρηστῆς
3512 4547 3723 4610 ἐλπίδος
3752 4546 4057 4615 προσδοκᾷν

848 4637 927 4689 ris
956 4635 1070 4704 spei
1104 4644 1509 4687 accrementum
1541 4635 1771 4688 debetis.

925 4744 944 4777 ι
974 4726 1103 4790 Qua:
1132 4736 1387 4794 operatur
1414 4725 1769 4779 intolerantia
1794 4725 2033 4778 omnium
2070 4725 2401 4792 passionum,

851 4832 992 4888 quas
1006 4824 1061 4870 et
1080 4832 1176 4871 nos
1203 4814 1483 4886 patimur.[
1502 4815 1661 4870 Vsus.
1689 4814 1782 4886 7.]
1808 4815 1871 4867 Et
1894 4831 2018 4885 spes
2046 4824 2230 4869 nostra
2251 4815 2399 4868 firma

856 4908 931 4961 sit
965 4921 1064 4976 pro
1095 4906 1253 4959 vobis
1291 4924 1304 4959 :
1332 4906 1447 4959 sive
1491 4905 1846 4960 exhortamur
1876 4919 1975 4968 pro
2003 4915 2183 4959 vestra
2209 4906 2399 4958 exhor-

850 4999 1054 5051 tatione
1079 5005 1133 5051 et
1161 4989 1361 5051 salute.‘
1385 5015 1405 5047 ι

919 5087 1166 5143 Ostendit
1217 5102 1326 5141 una
1383 5102 1505 5141 cum
1571 5086 1810 5140 utilitate
1844 5092 2111 5154 Ipsorum,
2165 5085 2393 5139 multum

852 5194 1068 5249 quoque.
1090 5179 1285 5232 virium
1312 5177 1564 5231 habuisse
1590 5178 1814 5247 gratiam
1845 5191 1965 5240 qua:
1989 5178 2043 5229 in
2064 5176 2145 5230 eis
2174 5184 2394 5246 operata

850 5276 955 5323 est.

926 5377 946 5411 ι
980 5358 1116 5425 Quia
1138 5359 1278 5414 sicut
1305 5359 1436 5413 socii
1464 5359 1777 5428 passionum
1830 5358 1981 5423 estis.
2014 5355 2088 5410 ita
2112 5364 2165 5410 et
2199 5370 2394 5409 conso-

852 5450 1075 5504 lationis
1124 5447 1323 5520 [νεεδ.
1355 5449 1447 5521 8.]
1481 5448 1614 5504 Nolo
1644 5450 1788 5504 enim
1827 5462 1929 5501 vos
1979 5447 2253 5517 ignorare,
2280 5445 2391 5499 fra-

853 5551 987 5606 tres,
1034 5539 1102 5594 de
1164 5540 1513 5596 tribulatione
1573 5548 1780 5604 nostra,
1834 5552 1955 5609 qua:
2030 5536 2169 5592 facta
2222 5545 2303 5591 est
2339 5537 2391 5591 in

2502 4642 2599 4693 δεῖ.

2576 4748 2595 4780 ι
2631 4729 2741 4799 Τῆς
2784 4729 3180 4799 ἐνεργουμένης
3223 4728 3282 4780 ἐν
3309 4728 3551 4797 ὑπομονῇ
3592 4726 3698 4779 τῶν
3737 4727 3919 4780 αὑτῶν
3953 4746 4056 4781 πα⁴

2502 4817 2783 4887 θημάτων,
2840 4814 2916 4871 ῶν
2955 4820 3050 4870 καὶ
3101 4820 3259 4887 ἡμεῖς
3306 4818 3607 4886 πάσχομεν.
3654 4819 3762 4868 Καὶ
3811 4820 3844 4887 ή
3898 4819 4053 4880 ἐλπὶς

2500 4909 2655 4978 ἡμῶν
2677 4908 2867 4978 βεϐαία
2900 4909 3003 4961 ὑπὸ
3032 4908 3185 4979 ὑμῶν
3207 4924 3223 4939 ο
3254 4908 3364 4961 εἴτε
3387 4909 3872 4980 παρακαλούμεθα,
3913 4913 4053 4981 ὑπὲρ

2498 5000 2600 5069 τῆς
2630 5000 2781 5069 ὑμῶν
2813 5000 3212 5071 παρακλήσεως
3244 5001 3338 5053 καὶ
3360 5002 3655 5072 σωτηρίας,
3687 5021 3705 5052 ι

2571 5092 2853 5146 Δείκνυσιν
2904 5093 2984 5145 ὅτι
3023 5093 3161 5161 μετὰ
3207 5094 3305 5163 τῆς
3351 5094 3528 5146 αὑτῶν
3572 5093 3837 5162 ὠφελείας
3884 5096 3972 5149 καί
4011 5096 4051 5165 ἠ

2502 5184 2663 5253 χάρις
2694 5183 2865 5236 πολλὰ
2894 5184 3173 5254 ἐνίσχυσεν
3198 5184 3494 5255 ἐνεργοῦσα
3522 5185 3579 5237 ἐν
3616 5184 3821 5248 αὑτοῖς.

2578 5378 2597 5409 ι
2621 5360 2742 5411 Ὀτι
2795 5361 2870 5421 ὡς
2898 5362 3143 5411 κοινωνοί
3183 5362 3303 5412 ἐστε
3359 5361 3467 5411 τῶν
3510 5360 3869 5429 παθημάτων,
3910 5366 4051 5413 οὕτω

2499 5451 2590 5503 καὶ
2637 5451 2735 5519 τῆς
2794 5450 3209 5520 παρακλήσεως.
3269 5452 3341 5503 Οὑ
3394 5452 3501 5521 γὰρ
3555 5450 3691 5503 θέλω
3753 5453 3852 5521 μέν
3906 5453 4051 5519 ὑμᾶς

2499 5547 2732 5612 ἀγνοεῖν,
2762 5544 2999 5613 ἀδελφοὶ,
3032 5545 3172 5615 ὑπὲρ
3201 5544 3297 5615 τῆς
3320 5544 3551 5614 θλίψεως
3579 5546 3754 5616 ἡμῶν.
3782 5548 3877 5615 τῆς
3900 5560 4053 5611 75w.-

2106 5716 2194 5772 VA
2204 5715 2339 5772 Rle
2376 5716 2771 5774 LECTIONES.

928 5812 957 5855 ι
974 5811 1154 5881 Forte,
1187 5812 1325 5879 μετὰ
1352 5812 1435 5868 vel
1465 5811 1568 5878 πρὸ
1595 5810 1817 5867 τούτων.
