4218 6448
146 454 244 516 που
1262 447 1334 502 1N
1379 445 1613 503 EPIST.
1655 444 1754 502 AD
1781 444 2136 506 CORINTH.
2174 446 2248 504 ll.
3258 444 3361 505 710

151 570 310 636 μένης
339 565 471 636 ἡμῖν
504 563 562 615 ὲν
592 563 658 632 τῇ
716 558 890 631 Ἀσίᾳ,
926 559 1010 613 ὃτι
1055 558 1176 612 καθ’
1211 559 1522 630 ὑπερϐολὴν
1566 558 1696 612 έδα-
1724 564 1817 620 ΑΙ

1690 586 1696 598 ι
1724 566 1770 620 Α
1796 564 1944 622 Asua,
1978 573 2104 628 quia
2126 573 2294 627 supra
2323 558 2543 613 modum
2578 557 2786 628 gravati
2821 572 3013 614 sumus
3047 572 3216 629 supra
3247 559 3356 610 vir-

150 656 421 729 ρύνθημεν
462 653 605 725 ὑπὲρ
644 652 895 722 δύναμιν,
930 650 1071 704 ὥστε
1116 650 1517 722 ἐξαπορηθῆναι
1548 651 1695 721 ἡμᾶς
1798 660 1816 705 ι

1277 651 1517 722 νρηθῆναι
1548 651 1695 721 ἡμᾶς
1798 660 1988 717 tutem,
2023 652 2101 705 ita
2140 658 2197 705 ut
2226 661 2280 705 et
2306 653 2529 706 taederet
2557 666 2659 705 nos
2687 651 2891 706 vivere.
2924 670 2943 705 ι

149 750 233 803 καὶ
257 748 352 800 τοῦ
389 747 509 817 ζῇν.
536 766 554 798 ι

212 842 426 912 Ὠσπερ
456 836 801 908 διωκομένων
830 834 989 907 ἡμῶν
1014 836 1256 904 άλγεϊτε,
1285 834 1470 905 φησὶν,
1507 834 1583 895 ὼς
1603 832 1699 885 αύ-

147 932 221 984 τοὶ
249 931 413 983 τοῦτο
442 932 760 999 πάσχοντες,
794 927 965 990 οὕτως
1005 927 1164 997 ἴσμεν
1191 926 1271 979 ὅτι
1312 926 1406 980 καὶ
1441 940 1697 995 παρακα-

146 1025 231 1077 λου
238 1025 441 1095 μένων,
464 1024 620 1077 αὐτοὶ
643 1021 850 1075 τούτων
883 1020 1208 1076 ἀπολαύετε.

1865 828 2088 894 Dolctis,
2159 831 2355 900 inquit,
2389 830 2536 899 quod
2590 844 2693 885 nos
2754 836 3173 900 persequantur,
3211 841 3273 879 ac
3306 825 3353 879 si

1796 920 1910 975 lnec
1960 924 2061 991 ipsi
2091 924 2461 978 sustineretis.
2519 923 2594 976 Ita
2635 937 2734 977 nos
2764 923 2974 977 scimus
3021 928 3188 990 quod,
3221 920 3351 971 dum

1798 1013 1998 1066 solatio
2031 1014 2327 1079 reliciinur,
2364 1013 2553 1068 eodem
2604 1028 2823 1083 quoque
2848 1026 2946 1067 vos
2968 1010 3078 1081 ipsi
3101 1008 3353 1080 perimas

1796 1103 1956 1156 mini.

1866 1191 2025 1248 Vens.
2055 1192 2107 1247 9.
2142 1210 2162 1245 ι
2204 1190 2307 1248 Sed
2340 1194 2444 1264 ipsi
2486 1195 2541 1248 in
2569 1191 2981 1261 nobismetipsis
3028 1204 3351 1261 responsum

1794 1284 1987 1338 mortis
2022 1283 2336 1350 habuimus,
2372 1292 2431 1339 ut
2464 1299 2574 1341 non
2602 1283 3042 1341 simusﬁdentes
3076 1283 3131 1336 in
3170 1281 3350 1348 nobis,

213 1220 233 1253 ι
272 1201 435 1255 Ἀλλὰ
466 1201 620 1255 αὐτοὶ
642 1202 702 1253 ὲν
734 1199 946 1261 ἑαυτοῖς
982 1200 1042 1251 τὸ
1074 1198 1359 1269 ἀπόκριμα
1391 1195 1485 1250 τοῦ
1528 1195 1694 1250 θανά-

143 1311 231 1351 του
259 1295 597 1364 ἐσχήκαμεν,
624 1292 711 1346 ἵνα
734 1291 808 1363 μὴ
830 1290 1151 1354 πεποιθότες
1178 1284 1328 1361 ὦμεν
1347 1288 1430 1358 ἐφ’
1462 1289 1692 1354 ἑαυτοῖς,

142 1390 252 1444 ἀλλ’
283 1389 378 1441 ἐπὶ
406 1387 483 1457 τῷ
509 1385 648 1457 Θεῷ.
680 1405 699 1438 ο
1792 1392 1808 1431 ε

509 1385 648 1457 Θεῷ,
680 1405 699 1438 ο
1792 1378 1891 1432 sed
1922 1376 1975 1430 in
2004 1376 2164 1431 Deo.»

204 1476 488 1538 Τουτέστι,
517 1475 617 1544 τὴν
656 1472 836 1543 κρίσιν
879 1474 975 1527 καὶ
1006 1473 1106 1543 τὴν
1161 1471 1505 1543 προσδοκιαν.
1544 1470 1610 1523 '0
1638 1468 1695 1521 δὲ
1863 1468 1870 1522 1

1685 1486 1695 1521 ε
1863 1467 1917 1523 ld
1940 1478 2045 1533 est,
2076 1469 2403 1523 sententiam
2434 1476 2490 1523 et
2538 1469 3021 1536 exspectationem.
3046 1465 3221 1535 Atque
3248 1464 3351 1519 bu-

140 1570 285 1636 λέγει
332 1566 575 1621 τοιοῦτόν
607 1567 760 1619 ἐστι’
812 1563 1080 1634 Τοιαύτην
1122 1564 1447 1633 προσδοκίαν
1484 1556 1596 1629 εἶχε
1626 1560 1695 1613 τά

1684 1578 1695 1613 ι
1789 1560 1882 1631 jus
1911 1560 2015 1613 loci
2046 1575 2243 1615 sensus
2300 1562 2403 1615 iste
2446 1569 2531 1616 est
2564 1576 2576 1612 :
2610 1560 2885 1629 Ejusmodi
2922 1558 3350 1630 expectationem

139 1663 458 1730 πράγματα,
481 1661 564 1712 ὃτι
585 1656 1001 1727 ἀποθανούμεθα
1025 1657 1246 1719 πάντες,
1269 1654 1381 1707 ἁλλ’
1403 1652 1463 1705 οὐ
1488 1650 1691 1722 προέϐη
1793 1669 1805 1706 ι

1684 1671 1691 1721 ι
1793 1667 1975 1707 rerum
2008 1660 2186 1707 status
2210 1653 2517 1722 injiciebat,
2547 1668 2737 1708 omnes
2759 1669 2858 1707 nos
2888 1653 3050 1708 morti
3070 1652 3350 1721 proximos

137 1751 314 1812 τοῦτο,
344 1750 480 1805 ἀλλὰ
511 1749 672 1820 μέχρι
721 1748 819 1819 τῆς
869 1749 1146 1819 ἡμετέρας
1196 1746 1403 1807 ἑννοίας
1441 1744 1590 1814 ἔστη.
1621 1743 1694 1795 Τὸ
1793 1762 1803 1798 ι

1686 1762 1694 1793 ι
1793 1760 1914 1801 esse
1945 1764 1957 1797 :
1992 1760 2181 1799 verum
2236 1760 2324 1800 res
2360 1760 2469 1798 non
2496 1760 2563 1801 eo
2592 1746 2896 1816 processit;
2941 1745 3034 1799 sed
3061 1746 3205 1797 intra
3260 1756 3352 1795 su-

136 1846 206 1903 δὲ.
249 1846 353 1896 Ira
405 1842 491 1911 μὴ
538 1842 886 1907 πεποιθότες
919 1836 1100 1910 ὦμεν,
1150 1841 1247 1892 οὐκ
1295 1836 1480 1909 ἐπειδὴ
1534 1836 1693 1898 αὐτὸς
1794 1853 1802 1890 ε

1682 1852 1693 1897 :
1794 1837 2092 1906 spicionem
2135 1842 2376 1891 nostram
2412 1837 2685 1891 constitit.
2726 1836 2881 1902 Quod
2916 1851 3046 1891 vero
3080 1834 3348 1902 sequitur,

136 1934 277 1987 οὕτω
308 1934 541 1987 διέκειτο
590 1932 757 2002 λέγει,
792 1933 926 1985 ἀλλὰ
974 1932 1101 1995 τοὺς
1152 1930 1346 1993 ἄλλους
1376 1930 1434 1982 ὲν
1479 1928 1592 1989 τοῖς
1620 1925 1696 1989 ὡς
1726 1939 1769 1995 Β
1796 1946 1802 1981 ι

1684 1943 1696 1988 ;
1726 1939 1769 1995 Β
1796 1937 1974 1981 utnon
2000 1930 2163 1982 simus
2186 1926 2525 1996 conﬁdentes,
2551 1943 2659 1982 non
2689 1928 2763 1981 ita
2791 1943 2914 1982 eum
2942 1943 3065 1982 esse
3097 1925 3350 1979 allectum

136 2027 264 2094 περὶ
288 2025 451 2079 αὐτοῦ
488 2025 801 2097 λεγομένοις
831 2023 1129 2096 ῥυθμίζων.

203 2223 223 2258 ι
252 2206 346 2274 Τῷ
377 2206 647 2276 ἐγείροντι
675 2205 803 2269 τοὺς
852 2203 1103 2274 νεκροὺς,
1146 2202 1206 2267 ὃς
1256 2202 1322 2256 ὲκ
1371 2199 1688 2272 τηλικούτου

138 2298 375 2350 θανάτου
415 2297 683 2369 ὲρῤύσατο
709 2298 877 2367 ἡμᾶς,
911 2297 1004 2351 καλ⁵
1052 2295 1271 2369 ῥύσεται
1291 2313 1305 2327 ο
1336 2297 1414 2359 εἱς
1453 2295 1511 2348 δν
1531 2296 1690 2367 ἠλπί-

134 2402 313 2455 καμεν
341 2387 423 2439 ὅτι
456 2387 551 2439 καὶ
601 2386 681 2438 ἔτι
726 2388 974 2455 ῥύσεται,
1026 2384 1546 2456 συνυπουργούντων
1595 2384 1690 2438 καὶ

131 2478 285 2547 ὑμῶν
317 2479 456 2549 ὑπὲρ
480 2478 640 2549 ἡμῶν
664 2480 731 2549 τῇ
755 2478 962 2550 δεήσει.
993 2498 1013 2529 ι

195 2571 372 2625 Πάλιν
424 2573 551 2634 τοὺς
614 2573 746 2641 περὶ
788 2570 1137 2634 ἀναστάσεως
1184 2571 1372 2635 αὐτοῖς
1421 2570 1561 2624 κινεῖ
1601 2569 1688 2621 λό-

129 2680 279 2731 γους.

198 2773 217 2803 ‹
250 2754 376 2806 Ἵνα
404 2755 471 2807 ὲκ
502 2751 719 2805 πολλῶν
747 2752 1054 2824 προσώπων
1076 2750 1138 2806 τὸ
1166 2754 1247 2815 είς
1274 2755 1419 2825 ἡμᾶς
1446 2754 1687 2826 χάρισμα

126 2843 213 2896 δια
245 2842 459 2897 πολλῶν
493 2842 862 2914 εὐχαριστηθῇ
883 2842 1023 2912 ὑπὲρ
1055 2840 1232 2912 ὑμῶν.
1262 2860 1282 2895 ι

191 3024 317 3076 Ἵνα
359 3020 427 3076 τά
479 3020 650 3076 πολλὰ
684 3022 973 3094 πρόστυπα,
1020 3022 1213 3092 φησὶν,
1272 3023 1424 3095 αὐτῷ
1463 3024 1687 3097 εὐχαρι-

121 3116 323 3186 στήσῃ,
350 3114 537 3186 ἐπειδὴ
566 3115 660 3168 καὶ
682 3115 751 3168 τά
772 3116 943 3170 πολλὰ
962 3113 1061 3186 τὴν
1082 3116 1241 3188 χάριν
1266 3116 1477 3173 ἔλαϐεν.
1502 3116 1687 3171 Ταῦτα

119 3208 174 3261 δὲ
223 3208 401 3275 λέγει,
427 3205 564 3277 ὁμοῦ
595 3207 696 3277 μὲν
728 3210 822 3261 καὶ⁵
866 3210 945 3271 είς
987 3208 1088 3271 τὰς
1125 3209 1266 3280 ὑπὲρ
1296 3208 1501 3281 ἑτέρων
1521 3208 1686 3280 εὐχὰς

1791 2016 2087 2087 signiﬁcat,
2144 2016 2239 2073 sed
2295 2016 2436 2072 alios
2471 2016 2622 2071 hisce
2647 2017 3021 2072 locutionibus
3051 2014 3255 2081 erudit,
3288 2028 3353 2069 ac

1791 2110 1835 2166 si
1862 2108 1929 2163 de
1956 2109 2136 2179 seipso
2158 2123 2340 2163 sermo
2369 2107 2532 2162 foret.

1859 2197 1960 2265 Qui
2021 2201 2253 2259 suscitat
2282 2210 2569 2266 mortuos;
2610 2198 2812 2272 (Vens.
2850 2199 2937 2262 10,
2982 2200 3037 2253 ll
3096 2210 3113 2272 ι
3161 2198 3253 2270 qui
3284 2196 3351 2250 de

1791 2290 1955 2346 tantis
1986 2291 2241 2359 periculis
2268 2285 2369 2346 nos
2417 2291 2625 2360 eripuit
2646 2300 2699 2345 et
2727 2300 2903 2353 eruet,
2944 2293 2996 2345 in
3028 2306 3187 2361 quem
3226 2306 3352 2359 spe-

1789 2396 1997 2445 ramus,
2021 2385 2279 2452 quoniam
2304 2382 2460 2452 125
2493 2390 2548 2437 et
2578 2382 2757 2436 adhuc
2781 2383 2997 2453 eripiet,
3029 2381 3349 2451 adjuvanti-

1790 2471 1891 2528 bus
1925 2484 1977 2528 et
2005 2475 2161 2529 vobis
2188 2475 2240 2528 in
2269 2476 2516 2528 oratione
2558 2488 2657 2543 pro
2692 2474 2872 2527 nobis.
2904 2493 2923 2527 ι

1858 2565 2177 2620 Sermonem
2210 2573 2391 2621 movet
2423 2567 2623 2622 iterum
2657 2566 2726 2621 de
2755 2566 3186 2622 resurrectione.

1866 2762 1884 2795 ι
1923 2739 1997 2797 Ut
2022 2756 2089 2797 ex
2129 2741 2423 2795 multorum
2458 2742 2741 2810 personis,
2776 2739 2899 2808 ejus
2947 2756 3067 2809 quae
3097 2740 3149 2796 in
3187 2742 3347 2798 nobis

1787 2842 1875 2890 est
1924 2834 2261 2901 donationis,
2305 2848 2403 2905 per
2432 2837 2635 2889 multos
2692 2834 2884 2903 gratiae
2909 2834 3215 2889 habeantur
3250 2851 3347 2905 pro

1787 2924 1968 2981 nobis.
2011 2943 2032 2977 ι

1861 3016 1949 3073 Uti
1994 3031 2242 3086 persona:
2292 3016 2497 3080 multa,
2544 3016 2744 3088 inquit,
2774 3018 2822 3073 ei
2859 3018 3033 3088 gratia
3060 3017 3345 3084 referant;

1787 3113 1985 3183 quippe
2010 3124 2134 3164 cum
2164 3119 2217 3164 et
2243 3108 2427 3163 multae
2463 3110 2693 3179 gratiam
2719 3112 3054 3181 acceperint.
3088 3111 3215 3166 Haec
3245 3126 3348 3165 au-

1787 3212 1895 3259 tem
1927 3203 2000 3256 ait
2026 3239 2043 3265 ,
2099 3208 2157 3255 ut
2186 3209 2300 3254 tum
2339 3215 2433 3255 eos
2460 3200 2527 3254 ad
2554 3200 2823 3255 orandum
2854 3216 2952 3272 pro
2974 3201 3095 3256 aliis
3122 3201 3344 3264 excitet,

118 3298 319 3357 αὐτοὺς
343 3296 647 3366 διεγείρων,
675 3296 811 3366 ὁμοῦ
841 3296 899 3350 δὲ
927 3297 1020 3349 καὶ¹
1049 3299 1555 3366 ταπεινοφροσύνην
1584 3298 1681 3350 αὑ·
1708 3284 1753 3345 C

1708 3284 1753 3345 C
1784 3302 1898 3349 tum
1951 3294 2117 3349 etiam
2183 3291 2655 3348 utdemissionem
2704 3293 2871 3347 animi
2917 3292 3131 3358 doceat,
3162 3302 3216 3348 et
3278 3292 3347 3347 ad

120 3388 247 3446 τοὺς
280 3385 565 3445 διδάσκων,
595 3384 690 3436 καὶ
718 3383 797 3446 είς
826 3384 1049 3452 ἀγάπην
1088 3385 1261 3452 ἄγων.
1302 3386 1443 3456 Πρὸς
1472 3386 1527 3438 δὲ
1561 3385 1680 3438 τού-

119 3490 234 3536 τοις
279 3473 518 3535 κάκείνο,
556 3472 636 3525 ὅτι
672 3471 775 3525 κᾶν
813 3472 919 3525 ἀπὸ
955 3472 1251 3542 οἰκτιρμῶν
1302 3473 1503 3544 ποιήσῃ
1552 3474 1682 3537 Θεὸς

121 3565 289 3635 μέγα.
327 3561 559 3614 ἐνταῦθα
582 3562 677 3614 καὶ
709 3562 845 3632 εὐχὴ
885 3562 1274 3631 συμϐάλλεται.

194 3674 213 3705 ι
258 3654 321 3705 Ἢ
352 3654 460 3720 γὰρ
480 3652 743 3723 καύχησις
772 3652 929 3722 ἡμῶν
958 3652 1098 3722 αῦτη
1123 3654 1262 3717 ἐστὶ,
1296 3652 1359 3707 τὸ
1381 3653 1681 3725 μαρτύριον

118 3748 211 3817 τῆς
243 3748 611 3816 συνειδήσεως
639 3747 815 3816 ἡμῶν,
848 3748 929 3799 ὅτι
969 3749 1026 3799 ὲν
1056 3749 1326 3818 ἁγιότητι,
1349 3767 1368 3799 ι

186 3836 394 3907 Τρίτην
455 3837 637 3889 αἰτίαν
696 3837 1095 3905 παρακλήσεως
1135 3836 1367 3907 τίθησιν.
1418 3836 1565 3905 Αῦτη
1623 3837 1677 3890 δέ

117 3932 287 3989 ἐστιν,
327 3930 361 3994 η
394 3927 452 3978 ὲν
488 3926 714 3996 καθαρῷ
762 3928 1025 3980 συνειδότι
1067 3927 1339 3998 πανταχοῦ
1367 3932 1465 4001 τῆς
1505 3932 1679 3981 οἰκου-

117 4020 289 4089 μένης
340 4017 792 4088 αναστρέφεσθαι.
838 4018 1023 4071 Ταῦτα
1065 4019 1122 4071 δὲ
1178 4020 1362 4087 λέγει,
1412 4020 1678 4073 παιδεύων

118 4110 313 4171 αὐτοὺς
353 4108 449 4162 καὶ⁵
476 4108 531 4160 ὲν
558 4110 677 4169 ταῖς
708 4107 918 4177 θλίψεσι
944 4111 1017 4178 μὴ
1054 4112 1439 4175 καταπίπτειν,
1467 4113 1595 4164 ὅταν
1619 4112 1679 4162 τὸ

118 4199 355 4260 συνειδὸς
389 4197 627 4266 καθαρὸν
657 4196 871 4266 ἔχωσιν.
910 4198 966 4251 Ὀ
985 4198 1041 4251 δὲ
1069 4200 1191 4262 νοῦς
1219 4198 1390 4263 οὕτως
1413 4217 1427 4230 ο
1460 4200 1523 4252 'H
1548 4200 1680 4253 καύ-

116 4306 273 4359 χησις
301 4289 462 4359 ἡμῶν
498 4288 637 4357 αῦτη
671 4290 810 4352 ἐστὶ,
843 4293 1031 4359 φησιν.
1075 4292 1108 4361 ή
1161 4291 1461 4361 συνείδησις
1498 4292 1673 4361 ἡμῶν,

115 4384 214 4433 οὐκ
267 4380 473 4449 ἔχουσα
530 4380 675 4448 ἡμᾶς
722 4380 1107 4443 καταδικάζειν
1151 4381 1226 4444 ὡς
1273 4383 1366 4435 ἐπὶ
1421 4388 1675 4453 πονηροῖς

116 4476 437 4543 πράγμασιν
471 4471 887 4541 ἐλαυνομένους.

186 4581 206 4613 ι
239 4564 352 4614 Καὶ
382 4561 704 4631 εἱλικρινεία
738 4559 831 4613 τοῦ
863 4560 1021 4617 Θεοῦ.
1059 4581 1078 4615 ι

184 4654 499 4713 Τουτέστιν,
522 4652 674 4704 οὐδὲν
697 4654 931 4723 δολερόν.

192 4765 210 4795 ‹
232 4745 348 4797 Οὐκ
372 4747 431 4796 ὲν
464 4744 625 4814 σοφίᾳ
651 4749 907 4817 σαρκικῇ.
931 4765 950 4798 ι

184 4835 497 4899 Τουτέστιν,
523 4837 622 4889 οὐκ
667 4838 725 4890 ὲν
761 4839 1087 4910 κακουργίᾳ,
1130 4839 1249 4892 οὐδὲ
1293 4839 1553 4910 δεινότητι
1589 4839 1675 4893 λό-

116 4945 242 4995 γων,
273 4930 308 4996 ἢ
348 4929 633 4998 συμπλοκῇ
662 4933 844 4998 σοφοῖς
872 4933 1223 5001 χαρισμάτων
1250 4934 1321 4986 ι’.

192 5034 209 5066 ι
254 5017 397 5069 Ἀλλ’
427 5021 484 5071 ἐν
527 5019 706 5088 χάριτι
752 5019 887 5073 Θεοῦ
930 5023 1346 5093 ἀνεστράφημεν
1380 5024 1437 5074 ἐν
1473 5021 1550 5090 τῷ
1580 5023 1672 5075 κό-

117 5127 254 5179 σμῳ,
279 5111 688 5179 περισσοτέρως
712 5111 769 5163 δὲ
798 5111 933 5181 πρὸς
960 5114 1122 5181 ὑμᾶς.
1152 5131 1171 5163 ι

186 5203 291 5274 Τὴν
322 5202 455 5273 παρ’
498 5202 660 5255 αὐτοῦ
708 5203 934 5273 δύναμιν
975 5205 1262 5276 δεδομένην
1287 5205 1415 5275 ὑμῖν
1447 5205 1532 5258 διὰ
1563 5205 1673 5257 τῶν

116 5294 356 5362 σημείων
394 5290 639 5345 ὲνδεικνύ
648 5309 819 5362 μενοι.

194 5404 210 5435 ι
234 5385 309 5438 Ού
346 5384 459 5456 γὰρ
502 5383 636 5437 ἄλλα
670 5385 950 5455 γράφομεν
984 5389 1146 5458 ἡμῖν,
1177 5387 1291 5442 ἀλλ’
1322 5390 1354 5459 ἢ
1404 5388 1441 5443 ὃ.
1481 5388 1671 5456 ἀναγι-

112 5475 375 5540 νώσκετε,
405 5474 441 5544 ἢ
476 5476 572 5528 καὶ
599 5477 1008 5544 ἐπιγινώσκετε.
1038 5498 1056 5531 ι
1694 5487 1703 5494 ’

199 5563 417 5637 Ἐπειδὴ
453 5567 664 5636 μεγάλα
681 5568 979 5637 ἐφθέγξατο
1023 5571 1151 5643 περὶ
1190 5570 1406 5635 ἑαυτοῦ,
1434 5573 1571 5641 ὅπερ
1607 5567 1675 5641 ἦν

1783 3385 2104 3439 charitatem
2138 3391 2416 3453 provocet.
2447 3380 2590 3449 Quin
2616 3389 2672 3435 ct
2700 3382 2804 3437 hoc
2860 3382 3121 3448 insinuat,
3152 3398 3348 3455 quam-

1782 3481 1865 3531 vis
1896 3475 2036 3530 Deus
2090 3488 2285 3545 magna
2317 3488 2411 3543 per
2440 3473 2877 3529 misericordiam
2919 3485 3159 3545 prastet,
3191 3476 3257 3529 ad
3288 3476 3342 3529 id

1783 3579 1962 3623 tamen
1989 3566 2241 3622 conferre
2266 3581 2457 3635 preces
2488 3574 2541 3621 et
2570 3568 3019 3635 supplicationes.

1876 3657 2044 3714 Vens.
2081 3658 2166 3711 η.
2205 3677 2223 3709 ι
2250 3656 2383 3711 Nam
2443 3658 2615 3727 gloria
2657 3667 2842 3712 nostra
2908 3658 3024 3713 llaec
3057 3667 3163 3724 est,
3198 3659 3345 3713 testi-

1777 3750 2023 3804 monium
2071 3748 2428 3804 conscientia:
2456 3757 2676 3816 nostra},
2705 3750 2849 3819 quod
2880 3753 2934 3804 in
2971 3752 3290 3806 sanctitate.
3318 3770 3336 3802 ι

1848 3840 2089 3895 Tertium
2118 3841 2510 3896 consolationis
2545 3850 2926 3909 argumentum
2960 3843 3150 3910 ponit;
3186 3843 3342 3896 nimi-

1777 3951 1899 3989 rum
1929 3934 2075 4005 quod
2123 3932 2462 3989 conscientia
2496 3946 2635 4001 pura
2665 3932 2864 4003 ubique
2895 3939 3165 3987 terrarum
3208 3948 3341 3987 con-

1776 4037 2042 4081 versetur.
2107 4025 2199 4078 Sic
2253 4033 2431 4078 autem
2471 4022 2736 4092 loquitur,
2797 4031 2855 4075 ut
2886 4037 2982 4078 eos
3013 4023 3231 4078 erudiat
3268 4040 3338 4078 nc

1778 4118 1831 4170 in
1881 4115 2272 4169 alllictionibus
2306 4112 2683 4181 despondeant
2714 4113 2978 4180 animum,
3030 4113 3158 4167 dum
3203 4128 3335 4167 con-

1777 4205 2064 4259 scientiam
2119 4217 2309 4272 puram
2347 4202 2601 4256 habeant.
2648 4200 2749 4255 Hic
2780 4218 2912 4256 vero
2964 4218 3163 4258 sensus
3190 4211 3277 4258 est
3316 4218 3331 4255 :

1776 4298 2036 4353 Gloriatio
2057 4305 2242 4350 nostra
2272 4296 2384 4349 haec
2401 4303 2509 4355 est.
2534 4294 2731 4363 inquit,
2753 4296 3089 4350 conscientia
3120 4305 3330 4360 nostra,

1774 4404 1894 4459 quae
1941 4403 2040 4443 nos
2068 4402 2173 4441 non
2204 4385 2377 4457 possit
2429 4386 2820 4452 condemnare,
2850 4387 3010 4456 quasi
3040 4385 3205 4444 factis
3230 4386 3335 4441 im-

1774 4482 1961 4554 probis
1990 4497 2017 4534 a
2044 4490 2190 4545 recto
2216 4479 2642 4533 excesserimus.

1848 4591 1867 4624 ι
1888 4570 1955 4625 Et
1984 4571 2297 4626 sinceritate
2322 4569 2438 4639 Dei.
2479 4589 2497 4621 ι

1703 4637 1748 4691 D
1850 4661 1906 4716 Id
1936 4671 2040 4726 est,
2073 4662 2277 4730 absque
2306 4637 2417 4715 ullo
2467 4661 2612 4715 dolo.

1853 4773 1871 4804 ι
1893 4752 2009 4807 Non
2046 4753 2099 4806 in
2131 4752 2400 4821 sapientia
2435 4751 2661 4805 carnali.
2692 4769 2713 4803 ι

1848 4843 1960 4898 Hoc
1988 4851 2093 4905 est,
2125 4857 2233 4896 non
2264 4842 2318 4895 in
2355 4839 2593 4902 vafritic,
2651 4855 2752 4895 nec
2782 4842 2835 4895 in
2859 4841 3093 4897 artiﬁcio
3123 4858 3331 4900 sermo-

1778 4936 1886 5001 nis,
1913 4944 2006 4989 aut
2032 4935 2088 4989 in
2113 4934 2486 5002 implicatione
2517 4932 2938 5001 sophismatum.

1853 5044 1872 5076 ι
1911 5024 2016 5080 Sed
2046 5026 2100 5079 in
2142 5024 2321 5093 gratia
2371 5022 2465 5079 Dei
2523 5025 2832 5079 conversati
2889 5041 3081 5081 sumus
3110 5026 3166 5081 in
3226 5026 3330 5084 hoc

1712 5170 1721 5181 ,
1778 5116 1982 5171 mundo
2009 5136 2023 5171 :
2056 5115 2421 5170 abundantius
2452 5124 2629 5169 autem
2657 5113 2723 5167 ad
2757 5130 2873 5170 vos.
2900 5134 2919 5167 ι

1846 5206 1949 5262 Per
1980 5206 2133 5277 signa
2164 5213 2535 5260 monstrantes
2558 5206 2813 5260 virtutem
2845 5221 3011 5277 quam
3043 5204 3158 5276 ipse
3193 5221 3326 5263 con-

1776 5300 1945 5353 cessit
1969 5298 2141 5352 nobis.
2168 5315 2187 5348 ι

1846 5385 2014 5442 Vens.
2047 5386 2134 5440 13.
2163 5405 2181 5435 ι
2206 5384 2322 5439 Non
2348 5384 2492 5439 enim
2515 5383 2624 5438 alia
2655 5385 2949 5442 scribimus
2980 5387 3135 5445 vobis
3164 5404 3325 5461 quam

1777 5496 1899 5553 quae
1926 5490 2020 5535 aut
2043 5479 2245 5549 legitis,
2271 5488 2366 5533 aut
2400 5481 2566 5535 etiam
2600 5479 2954 5550 cognoscitis.
2986 5498 3007 5532 ι

1847 5571 1985 5637 Quia
2036 5568 2102 5625 de
2157 5570 2339 5642 seipso
2387 5571 2587 5628 eximia
2624 5571 2949 5643 prolocutus
3010 5570 3212 5639 fuerat,
3267 5570 3322 5626 id

1388 5745 1620 5807 VARUS
1662 5744 2061 5804 LECTIONES.

186 5832 230 5871 ι’
253 5832 378 5899 Lex.
405 5836 770 5897 σοςρισαάτων.
