4218 6448
799 377 898 444 711

1984 387 2042 443 S.
2081 380 2396 444 IOANNIS
2429 382 2849 442 DAMASCENI

3911 386 4019 451 712

801 493 945 564 quod
977 495 1307 550 invidiosum
1341 505 1396 550 et
1434 515 1602 568 grave
1648 498 1952 562 videbatur,
2007 506 2177 553 testes
2207 498 2356 566 ipsos
2385 501 2431 556 A
2459 513 2467 544 ε

2351 501 2431 556 ιΑ
2459 496 2734 566 φορτικὸν,
2768 498 2964 562 αὐτοὺς
3008 497 3246 569 παράγει
3299 500 3583 572 μάρτυρας
3638 499 3747 553 τῶν
3787 500 4017 572 λεγομέ-

799 587 1036 656 appellat
1068 602 1256 640 eorum
1292 605 1412 658 qua:
1438 591 1536 646 abs
1573 607 1632 644 se
1657 591 1943 644 dicuntur.

869 681 1035 736 Vens.
1107 683 1190 736 M.
1229 703 1247 734 ι
1286 683 1459 756 Spero
1484 695 1663 740 autem
1718 687 1863 757 quod
1895 702 2068 757 usque
2121 687 2171 738 in
2197 687 2355 738 linem

798 775 1166 842 cognoscetis,
1218 777 1361 831 sicut
1407 787 1461 830 et
1508 781 1845 846 cognovistis
1885 793 1986 833 nos
2026 793 2087 831 ex
2123 787 2291 846 parte.
2333 796 2352 828 ι

868 866 911 916 Α
961 867 1250 932 pneteritis
1307 869 1465 922 (idem
1524 867 1653 944 facit
1683 869 2017 922 futurorum.
2067 868 2208 933 Quin
2258 883 2358 921 nec

797 953 1128 1022 simpliciter
1157 969 1212 1010 et
1234 957 1378 1010 nude
1409 957 1462 1010 id
1503 960 1900 1028 pronuntiavit,
1942 959 2035 1013 sed
2077 970 2246 1011 totum
2275 976 2358 1011 νυ-

796 1043 994 1114 jiciens
1024 1047 1079 1100 in
1111 1045 1277 1101 Deum
1303 1057 1358 1102 ct
1388 1065 1680 1120 Spemqua:
1712 1052 1763 1103 in
1799 1050 1946 1104 illum
1983 1065 2083 1108 est.

873 1153 892 1186 ς
929 1136 1082 1201 Quod
1105 1139 1276 1206 gloria
1309 1149 1486 1194 vestra
1518 1157 1710 1196 sumus
1761 1143 1908 1198 sicut
1936 1150 1990 1194 et
2022 1157 2119 1196 vos
2149 1152 2358 1203 nostra,

799 1223 853 1280 in
883 1227 971 1282 die
1004 1230 1216 1284 Domini
1251 1232 1424 1286 nostri
1455 1230 1606 1288 Jesu.
1642 1252 1662 1286 ι

869 1318 967 1372 Hie
997 1331 1317 1391 conceptam
1348 1321 1486 1376 forte
1515 1340 1580 1378 ex
1621 1332 1748 1379 ante
1798 1324 1964 1378 dictis
1987 1324 2244 1379 invidiam
2278 1323 2361 1376 vel

799 1407 950 1463 rixas
1003 1409 1217 1475 adimit,
1277 1412 1404 1465 dum
1441 1429 1538 1468 eos
1571 1430 1790 1484 quoque
1822 1415 1875 1468 in
1926 1425 2136 1485 partem
2173 1415 2358 1483 gloria:

797 1501 997 1569 recipit
1027 1518 1252 1556 suorum
1278 1515 1426 1558 recte
1468 1506 1760 1560 laetorum.
1800 1505 2157 1576 Nequaquam
2193 1511 2358 1572 enim,

800 1593 1000 1662 inquit,
1049 1597 1190 1648 intra
1227 1611 1328 1650 nos
1385 1597 1499 1651 haec
1527 1599 1796 1661 constitit,
1829 1597 1925 1651 sed
1975 1598 2042 1651 ad
2072 1616 2169 1654 vos
2195 1600 2360 1652 etiam

785 1686 1116 1740 .dimanavit.

877 1780 1034 1836 Vens.
1082 1783 1267 1836 lii-i7.
1323 1802 1340 1833 ι
1375 1783 1440 1835 Ει
1485 1782 1585 1835 bac
1643 1781 1969 1836 conlidcnlia
2017 1784 2156 1838 volui
2209 1785 2363 1852 prius

798 1876 985 1928 venire
1014 1876 1078 1927 ad
1113 1891 1229 1938 vos,
1265 1883 1320 1927 ut
1350 1875 1647 1928 secundam
1692 1876 1927 1941 gratiam
1981 1876 2276 1939 haberetis,
2310 1887 2364 1931 ct

799 1983 894 2036 per
924 1983 1019 2021 vos
1078 1969 1315 2022 transire
1339 1968 1393 2020 in
1455 1967 1850 2033 Macedoniam,
1886 1978 1940 2022 et
1969 1969 2163 2023 iterum
2190 1985 2219 2024 a
2252 1971 2362 2024 Ma-

798 2059 1025 2113 cedonia
1053 2061 1236 2114 venire
1267 2060 1331 2112 ad
1365 2076 1478 2122 vos,
1502 2071 1555 2113 et
1582 2076 1609 2112 a
1629 2059 1778 2115 vobis
1801 2059 1998 2115 deduci
2025 2063 2078 2116 in
2102 2060 2360 2116 Judaeam.

799 2149 935 2207 Cum
978 2168 1109 2222 ergo
1143 2154 1243 2206 boc
1279 2155 1596 2217 voluissem,
1634 2173 1652 2206 ι

868 2325 983 2391 Qua
1014 2327 1204 2395 utique
1235 2326 1287 2379 in
1317 2326 1474 2380 vobis
1505 2341 1739 2382 maxune
1770 2328 2025 2382 liduciam
2059 2345 2360 2397 ponamus;

802 2433 908 2488 qua
958 2418 1258 2489 gloriamur
1316 2422 1371 2473 in
1393 2419 1572 2483 vobis,
1597 2429 1651 2473 et
1702 2419 1874 2490 gloria
1934 2431 2122 2475 nostra
2151 2437 2247 2474 vos
2273 2438 2364 2475 es-

802 2511 897 2565 tis.

876 2602 1034 2672 126
1065 2620 1083 2652 ι
1117 2599 1371 2671 Nunquid
1403 2604 1623 2658 levitate
1654 2620 1788 2659 usus
1818 2606 1982 2659 sum?
2011 2615 2102 2658 aut
2127 2624 2246 2676 qua:
2276 2625 2366 2659 co-

804 2692 936 2758 gito,
988 2692 1289 2746 secundum
1341 2709 1561 2748 carnem
1618 2695 1822 2764 cogito,
1858 2705 1916 2748 ut
1943 2696 2015 2750 sit
2057 2699 2198 2765 apud
2232 2711 2362 2762 sine,

807 2783 923 2847 Est,
963 2794 1066 2847 est,
1097 2793 1170 2847 et,
1202 2782 1342 2848 Non,
1365 2786 1512 2838 non?

873 2874 990 2940 Qua
1015 2875 1081 2927 de
1111 2891 1274 2929 causa
1309 2892 1416 2929 non
1447 2879 1590 2939 vcui,
1621 2877 1839 2947 inquit?
1872 2879 2113 2948 nunquid
2147 2879 2365 2933 levitate

807 2975 860 3018 et
889 2966 1187 3018 mobilitate
1209 2967 1419 3020 animi?
1450 2983 1809 3038 nequaquam.
1845 2966 2020 3022 Eccnr
2053 2971 2218 3022 vero?
2241 2971 2364 3037 quia

808 3072 926 3125 qua:
977 3072 1240 3126 propono,
1291 3073 1398 3110 non
1459 3060 1760 3112 secundum
1817 3074 2036 3112 carnem
2098 3075 2362 3127 propono.

809 3148 1052 3214 Quorum
1077 3148 1364 3202 verborum
1387 3150 1512 3204 talis
1533 3158 1618 3204 est
1647 3166 1877 3205 sensus:
1905 3153 2150 3205 Carnalis
2179 3152 2362 3214 homo,

805 3242 920 3294 sive
950 3239 1043 3308 qui
1093 3241 1254 3294 rebus
1295 3242 1656 3308 praesentibus
1708 3242 1959 3295 addictus
2009 3253 2113 3302 est,
2144 3251 2197 3294 et
2231 3257 2362 3309 ope-

807 3333 1040 3388 rationis
1080 3331 1324 3402 Spiritus
1376 3350 1568 3388 exsors
1599 3336 1843 3398 exsistit,
1899 3353 2125 3405 quoquo
2151 3352 2366 3389 versum

807 3423 961 3479 abire
1013 3434 1192 3494 potest
1237 3433 1293 3480 et
1337 3426 1598 3480 oberrare
1623 3443 1733 3496 quo
1784 3429 2039 3480 voluerit.
2080 3428 2182 3492 Qui
2243 3444 2370 3481 vero

811 3515 1021 3585 Spiritu
1073 3517 1278 3587 agitur,
1341 3533 1450 3570 non
1507 3527 1684 3587 potest
1717 3518 1918 3586 ubique
1948 3519 2228 3572 sententia:
2259 3534 2371 3572 suae

809 3608 1062 3664 dominus
1119 3624 1262 3670 esse,
1312 3611 1516 3679 quippe
1578 3624 1742 3677 quam
1794 3609 1862 3662 ab
1899 3611 1988 3661 illa
2044 3609 2370 3663 auctoritate

810 3699 1136 3768 pendentem
1193 3699 1410 3753 habeat.
1449 3700 1552 3753 Sed
1608 3716 1936 3769 quocunque
1983 3699 2208 3769 Spiritui
2245 3701 2370 3754 libi-

812 3800 926 3843 tum
981 3791 1088 3844 erit
1118 3791 1359 3854 ducitur,
1396 3792 1550 3860 isque
1596 3792 1770 3860 jussis
1802 3792 2068 3846 lierilibus
2097 3793 2369 3864 obsecun-

809 3884 922 3935 dat.
955 3882 1225 3954 Aitergo:
1259 3883 1580 3939 Nullatenus
1611 3900 1732 3938 sum
1766 3901 1795 3936 a
1824 3886 2218 3954 gubernatione
2247 3884 2369 3954 Spi-

811 3977 952 4030 ritus
983 3977 1214 4039 alienus,
1248 3991 1350 4030 nec
1401 3990 1567 4044 penes
1606 3992 1692 4030 ine
1724 3985 1810 4030 est
1843 3979 1973 4030 illuc
2009 3992 2231 4045 pergere
2260 3992 2370 4045 quo

808 4067 1058 4120 voluero.
1088 4066 1350 4122 Paraclcti
1378 4068 1644 4136 siquidem
1670 4067 1902 4135 jussioni
1927 4083 2046 4120 sum
2075 4068 2367 4130 obnoxius,

811 4159 1040 4230 ipseque
1094 4159 1224 4212 mihi
1257 4161 1539 4229 praecipit:
1576 4161 1781 4213 idcirco
1839 4162 2022 4213 venire
2062 4175 2167 4212 non
2199 4160 2369 4229 potui,

812 4253 942 4320 quia
993 4267 1152 4306 secus
1183 4252 1356 4304 visum
1415 4260 1500 4306 est
1527 4250 1776 4321 Spiritui.
1813 4249 1925 4305 lloc
1953 4268 2116 4320 porro
2147 4251 2200 4304 in
2223 4253 2372 4304 Aeti-

814 4343 917 4398 bus
945 4344 1112 4396 etiam
1137 4343 1516 4411 apostolorum
1545 4343 1816 4412 scriptum
1847 4353 1953 4406 est,
1985 4359 2108 4395 cum
2128 4344 2172 4397 is
2194 4344 2374 4411 aliquo

815 4451 1042 4507 pergere
1091 4438 1403 4498 statuisset,
1440 4435 1678 4502 jnssisse
1701 4435 1970 4504 Spiritum
1995 4444 2052 4488 ut
2079 4436 2188 4488 alio
2213 4437 2375 4489 vade-

2455 606 2583 643 νων.

2532 697 2553 731 ι
2587 681 2818 746 Ἐλπίζω
2845 683 2902 735 δὲ
2929 683 3104 751 κάγὼ,
3138 685 3218 737 ὃτι
3273 683 3379 747 ἕως
3407 685 3594 748 τέλους
3624 683 4016 752 ἐπιγνώσεσθε,

2457 769 2639 834 καθὼς
2664 773 2758 824 καὶ
2780 773 3053 840 ἐπέγνωτε
3081 774 3230 843 ἡμᾶς
3255 774 3362 826 ἀπὸ
3395 773 3617 844 μέρους.

2536 861 2672 915 Ἀπὸ
2712 861 2820 916 τῶν
2869 863 3248 935 παρελθόντων
3291 865 3575 918 πιστοῦται
3613 865 3684 918 τὰ
3729 863 4014 936 μέλλοντα.

2458 948 2610 1016 Εἶτα,
2644 958 2732 1007 καὶ
2758 955 2855 1025 οὐχ
2891 956 3078 1020 ἁπλῶς
3107 955 3262 1009 τοῦτο
3289 959 3627 1028 ἀπεφήνατο,
3650 957 3784 1010 ἀλλὰ
3809 956 3873 1010 τὸ
3906 961 4018 1010 πᾶν

2458 1047 2796 1118 ἐπιρῤίπτων
2825 1047 2900 1116 τῷ
2930 1047 3072 1119 Θεῷ,
3102 1048 3194 1100 καὶ
3217 1051 3283 1118 τῇ
3315 1049 3396 1110 εἰς
3429 1049 3588 1102 αὑτὸν
3610 1049 3802 1102 ἐλπίδι.

2537 1158 2554 1188 ι
2585 1140 2705 1192 Ὀτι
2735 1140 2998 1210 καύχημα
3046 1141 3200 1211 ὑμῶν
3230 1142 3417 1210 ἐσμεν,
3449 1139 3699 1211 καθάπερ
3736 1142 3830 1195 καὶ
3858 1143 4019 1212 ὑμεῖς

2460 1231 2634 1303 ἡμῶν,
2667 1234 2725 1284 ἐν
2747 1237 2814 1303 τῇ
2846 1234 3030 1305 ἡμέρᾳ
3052 1233 3148 1286 τοῦ
3176 1234 3382 1304 Κυρίου
3415 1235 3570 1303 ἡμῶν
3606 1233 3801 1303 Ἰησοῦ.
3825 1254 3844 1286 ι

2545 1323 2806 1377 Ἐνταῦθα
2859 1327 2950 1378 τὸν
3017 1329 3080 1378 ἐκ
3135 1325 3244 1379 τῶν
3301 1327 3605 1397 εἰρημένων
3659 1327 4021 1396 ὑποτέμνεται

2462 1414 2656 1481 φθόνον
2702 1417 2734 1485 ἢ
2784 1415 2984 1485 ἐριδας,
3021 1417 3216 1480 αὐτοὺς
3261 1419 3355 1469 καὶ
3397 1419 3680 1480 κοινωνοὺς
3712 1418 3879 1470 ποιῶν
3920 1420 4022 1484 τῆς

2460 1504 2616 1576 δόξης
2654 1507 2761 1560 τῶν
2819 1507 2986 1561 αὑτοῦ
3046 1509 3511 1580 κατορθωμάτων.
3546 1511 3621 1562 Οὐ
3671 1510 3778 1578 γάρ
3827 1510 4022 1578 μέχρις

2462 1598 2620 1666 ὴμῶν
2674 1601 3003 1670 κατήντησε,
3040 1602 3195 1672 φησὶ,
3251 1600 3387 1654 ἀλλά
3421 1602 3517 1654 καὶ
3573 1602 3652 1665 εἰς
3702 1602 3848 1670 ἡμᾶς
3900 1602 4020 1654 δια-

2463 1691 2658 1746 σαίνει.

2541 1801 2558 1832 ι
2591 1783 2700 1836 Καὶ
2748 1783 2917 1854 ταύτῃ
2948 1786 3014 1854 τῇ
3051 1783 3376 1853 πεποιθήσει
3422 1782 3721 1852 ἐϐουλόμην
3757 1783 4023 1852 πρότερον

2470 1874 2603 1944 πρὸς
2634 1874 2777 1944 ὑμᾶς
2818 1875 3012 1939 ἐλθεῖν,
3056 1876 3144 1930 ἵνα
3184 1877 3442 1946 δευτέραν
3492 1877 3648 1947 χάριν
3698 1875 3884 1944 σχῆτε,
3926 1879 4024 1928 καὶ

2468 1968 2534 2020 δι’
2565 1967 2719 2036 ὑμῶν
2740 1966 2994 2019 ἀπελθεῖν
3042 1969 3120 2031 είς
3167 1967 3524 2028 Μακεδονίαν,
3567 1969 3662 2020 καὶ
3709 1966 3871 2019 πάλιν
3914 1966 4025 2018 ἀπὸ

2468 2060 2806 2121 Μακεδονίας
2839 2058 3013 2112 ἐλθεῖν
3057 2060 3190 2129 πρὸς
3239 2059 3400 2129 ὑμᾶς,
3431 2059 3524 2111 καὶ
3572 2059 3659 2126 ὑφ’
3688 2056 3842 2127 ὴμῶν
3887 2073 4024 2123 προ-

2467 2150 2788 2220 πεμφθῆναι
2823 2154 2901 2214 εξς
2948 2151 3045 2221 τήν
3099 2150 3379 2205 Ἰουδαίαν.
3413 2148 3584 2212 Τοῦτο
3621 2143 3715 2202 οὖν
3764 2147 4026 2218 βουλόμεσ-

2467 2258 2577 2303 νος,
2605 2261 2623 2293 ι

2538 2333 2612 2385 Τὸ
2643 2333 2846 2404 σφόδρα
2891 2334 3112 2405 θαρρεῖν
3144 2334 3294 2403 ὑμῖν,
3331 2334 3394 2388 τὸ
3419 2333 3725 2404 καυχᾶσθαι
3754 2332 3840 2402 ἐφ’
3873 2331 4026 2401 ὑμῖν,

2469 2425 2565 2479 ttat
2590 2425 2850 2496 καύχημα
2875 2425 3033 2495 ἡμῶν
3062 2426 3205 2496 ὑμᾶς
3231 2421 3388 2479 εἶναι.

2545 2621 2564 2655 ι
2594 2605 2740 2672 Μήτι
2777 2605 2884 2674 ἄρα
2911 2605 2976 2673 τῇ
2999 2602 3232 2673 ἐλαφρίᾳ
3259 2605 3613 2674 ἐχρησάμην;
3645 2603 3678 2673 ἢ
3708 2601 3743 2655 ἃ
3775 2601 4026 2672 βουλεύο-

2473 2715 2592 2765 μαι,
2629 2697 2769 2749 κατᾶ
2801 2697 2980 2766 σάρκα
3031 2695 3374 2765 βουλεύομαι,
3419 2696 3508 2748 ἵνα
3633 2695 3763 2762 παρ’
3800 2695 3926 2764 ἐμοὶ
3967 2693 4030 2745 τὸ

2470 2786 2596 2849 Ναὶ,
2631 2788 2738 2847 ναὶ.
2768 2787 2861 2838 καὶ
2886 2787 2966 2852 τὸ,
2988 2785 3084 2849 Οῦ,
3108 2786 3198 2851 οῦ;
3228 2805 3246 2837 ι

2541 2877 2698 2940 Τίνος
2722 2876 2905 2929 ἕνεκεν
2948 2878 3046 2930 οὐκ
3078 2873 3262 2946 ἦλθον,
3298 2877 3498 2946 φησίνς
3539 2872 3649 2946 ἄρα
3693 2879 3769 2939 ὡς
3827 2877 4031 2945 κοῦφος

2472 2968 2568 3021 καὶ
2596 2967 2919 3037 εὐριπιστής
2947 2984 2960 3032 ;
2983 2968 3256 3038 οὐδαμῶς.
3298 2969 3457 3021 Ἀλλά
3476 2968 3561 3021 διὰ
3585 2967 3671 3032 τί;
3697 2968 3816 3020 Ὀτι
3846 2967 3879 3019 ἆ
3908 2967 4032 3036 βου-

2471 3059 2718 3128 λειέιμαι,
2753 3060 2814 3112 οὺ
2861 3062 3002 3113 κατὰ
3057 3062 3235 3130 σάρκα
3289 3060 3630 3130 βουλεύομαι.
3669 3059 3734 3113 '0
3781 3060 3838 3112 δὲ
3884 3059 4033 3126 λέγει

2469 3148 2709 3202 τοιοῦτόν
2742 3151 2908 3203 ἐστιν·
2949 3150 3006 3202 '0
3037 3150 3297 3220 σαρκικὸς
3331 3149 3638 3220 ἄνθρωπος,
3672 3149 3974 3212 τουτέστιν,
4003 3151 4032 3200 ό

2469 3243 2581 3302 τοῖς
2606 3239 2839 3309 παροῦσι
2870 3240 3160 3308 πράγμασι
3207 3241 3648 3307 προσηλωμένος.
3684 3239 3776 3290 καὶ
3801 3237 3902 3306 τῆς
3934 3237 4031 3290 τοῦ

2471 3331 2784 3399 Πνεῦματος
2804 3330 3081 3398 ἐνεργείας
3103 3331 3257 3392 ἐκτὸς
3274 3329 3852 3398 τυγχάνων,πανταχοῦ
3873 3331 4032 3382 ἀπιέ-

2471 3438 2560 3472 ναι
2593 3421 2841 3482 δύναται,
2877 3422 2970 3473 καὶ
3023 3418 3329 3472 πλανᾶσθαι
3384 3421 3519 3473 ὅπου
3563 3419 3830 3490 βούλεται.
3865 3418 3929 3474 '0
3974 3421 4031 3472 δὲ

2473 3514 2575 3566 ὑπὸ
2618 3511 2712 3564 τοῦ
2755 3510 3069 3580 Πνεύματος
3112 3510 3396 3580 ἀγόμενος,
3423 3511 3483 3563 οὺ
3511 3511 3610 3580 τῆς
3652 3509 3843 3562 ἐαυτοῦ
3888 3511 4033 3576 γνὼο

2475 3621 2580 3674 μης
2629 3603 2906 3674 πανταχοῦ
2955 3604 3182 3656 δύναται
3227 3603 3414 3672 κύριος
3468 3600 3628 3665 εἶναι,
3673 3603 3770 3671 τῆς
3817 3604 4032 3656 ἐκεῖθεν

2471 3697 2715 3759 ἐξουσίας
2769 3696 3073 3766 ἐξαρτήσας
3109 3695 3299 3764 αὐτὴν,
3352 3694 3467 3746 ἀλλ’
3527 3695 3660 3746 ὅπου
3724 3694 3790 3746 ἂν
3855 3683 4033 3758 ἐκεῖνο

2473 3790 2752 3860 βούληται,
2799 3789 3011 3856 ἄγεται,
3055 3789 3393 3847 δεσποτικοῖς
3441 3786 3778 3854 παλαίσμασι
3809 3785 4032 3854 χρῴμε-

2470 3899 2580 3944 νος.
2609 3880 2778 3934 Τοῦτο
2809 3876 2900 3933 οὖν
2945 3897 3128 3948 φησιν,
3163 3880 3242 3930 ὅτι
3274 3878 3384 3928 Οὐκ
3427 3876 3542 3944 είμὶ
3571 3877 3668 3943 τῆς
3716 3875 3808 3928 τοῦ
3855 3877 4034 3929 Πνεῦ-

2475 3990 2640 4042 ματος
2672 3973 2825 4034 ἐκτὸς
2857 3971 3260 4040 κυϐερνήσεως,
3298 3969 3419 4020 οὺδέ
3453 3966 3702 4030 ἐξουσίαν
3740 3967 3847 4035 ἔχω
3883 3968 4034 4030 βαδί-

2472 4064 2584 4126 ζειν
2618 4065 2751 4115 ὅπου
2800 4061 3078 4131 βούλομαι.
3134 4061 3242 4114 Καὶ
3284 4061 3393 4130 γάρ
3447 4061 3738 4129 ὑπόκειμαι
3786 4059 3864 4128 τῷ
3914 4061 4035 4112 ἐπι-

2472 4155 2712 4224 τάγματι
2764 4151 2858 4206 τοῦ
2918 4151 3308 4224 Παρακλήτου,
3361 4152 3455 4205 καὶ
3503 4153 3881 4221 ἐπιτάττομαι.
3934 4152 4036 4204 Διά

2472 4245 2628 4298 τοῦτο
2661 4247 2759 4298 οὐκ
2790 4245 3061 4315 ἠδυνήθην
3096 4245 3290 4308 ἐλθεῖν,
3327 4247 3388 4296 οὺ
3421 4244 3526 4312 γάρ
3569 4244 3712 4308 ἔδοξε
3751 4243 3825 4311 τῷ
3864 4245 4036 4295 [lus-.3-

2479 4355 2626 4408 ματι.
2660 4338 2828 4390 Τοῦτο
2853 4339 2907 4390 δέ
2935 4339 3025 4390 καὶ
3057 4341 3112 4391 ἐν
3151 4340 3269 4400 ταῖς
3309 4337 3540 4406 πράξεσι
3575 4336 3682 4387 τῶν
3718 4336 4036 4388 ἀποστόλων

2478 4431 2804 4501 γέγραπται.
2843 4429 3099 4498 Ἀλλαχοῦ
3131 4429 3240 4498 γὰρ
3274 4427 3709 4498 Προαιρούμενον
3743 4427 3941 4489 ἐλθεῖν,
3975 4429 4038 4479 τὸ

817 4537 902 4582 ret
924 4528 967 4580 Ψ.
998 4526 1117 4581 Non
1167 4543 1299 4597 ergo
1323 4528 1530 4581 levitati
1563 4542 1714 4588 ιιιεαι,
1750 4527 1852 4580 lioc
1888 4536 1991 4590 est,
2019 4544 2127 4580 non
2162 4529 2377 4580 mobili-
2409 4530 2452 4584 Ι)
2480 4526 2483 4576 ξ

2372 4558 2377 4566 ι
2409 4530 2452 4584 D
2480 4524 2705 4594 Πνεῦμα
2736 4523 2968 4593 ἀλλαχοῦ
3020 4522 3253 4592 βαδίζειν
3289 4521 3590 4574 ἐκέλευσεν.
3623 4521 3782 4572 Ὥστε
3827 4521 3888 4572 οὐ
3937 4521 4038 4587 τῆς

816 4618 917 4671 tati
962 4620 1128 4671 animi
1177 4618 1527 4672 tribuendum
1585 4619 1728 4686 quod
1784 4633 1891 4671 non
1949 4619 2236 4686 venerim;
2278 4620 2373 4672 sed

815 4713 1063 4779 oportuit
1110 4719 1168 4763 ut
1214 4711 1307 4780 qui
1350 4710 1580 4778 Spiritui
1618 4710 1872 4765 subditus
1903 4727 2047 4774 sum,
2076 4711 2248 4765 eidem
2283 4715 2377 4766 ob-

816 4806 1200 4868 temperarem.

895 4889 1059 4946 Vens.
1085 4891 1171 4944 18.
1219 4908 1236 4942 ι
1266 4889 1469 4946 Fidelis
1491 4901 1671 4944 autem
1707 4892 1871 4953 Deus,
1917 4893 2046 4963 quia
2077 4909 2256 4949 sermo
2282 4912 2378 4949 no-

820 4991 955 5042 ster.
975 4985 1068 5051 qui
1099 4983 1200 5037 fuit
1230 4985 1283 5038 in
1318 4984 1434 5049 illo,
1457 4983 1570 5048 Est,
1595 4993 1669 5044 et,
1693 4983 1830 5037 Non.
1866 5004 1872 5010 ·

891 5074 1266 5144 Emergentem
1290 5076 1653 5144 objectionem
1675 5077 1857 5130 solvit.
1883 5079 2089 5132 Dixerit
2111 5079 2377 5148 quispiam

821 5165 869 5221 si
898 5180 1004 5218 non
1033 5176 1117 5219 est
1142 5166 1284 5234 apud
1317 5176 1389 5227 te,
1420 5165 1538 5230 Est,
1569 5177 1645 5228 et,
1672 5166 1825 5231 Non;
1847 5184 1944 5222 cur
1971 5171 2197 5239 posthac
2229 5188 2381 5225 ever-

823 5259 914 5322 tis,
947 5272 1068 5326 qua:
1095 5258 1253 5311 modo
1282 5260 1510 5318 asscris,
1563 5259 2020 5329 quemadmodum
2056 5264 2124 5317 de
2155 5279 2382 5318 accessu

826 5360 918 5402 tuo
953 5347 1181 5416 loquens
1213 5347 1427 5403 fecisti?
1477 5347 1568 5402 Va:
1602 5350 1760 5405 nobis
1789 5352 1836 5405 si
1865 5367 2102 5420 unquam
2155 5353 2206 5406 id
2238 5356 2384 5407 acci—

831 5439 906 5494 dit
930 5442 983 5494 in
1012 5441 1400 5510 praadicatione
1430 5451 1638 5495 nostra.
1661 5441 1847 5513 Itaque
1869 5460 1936 5497 ne
1966 5445 2079 5498 haec
2097 5447 2386 5516 cogitando

833 5533 1297 5602 perturbarentur,
1325 5534 1444 5587 ait:
1479 5532 1624 5587 Nihil
1671 5535 1777 5588 tale
1819 5537 2048 5607 contigit
2079 5538 2134 5591 in
2193 5539 2387 5608 pradi-

835 5623 1139 5679 cationibus
1164 5624 1322 5680 meis.
1349 5624 1592 5679 Humana
1621 5623 1896 5694 siquidem
1943 5627 2229 5685 mendacio
2255 5642 2382 5686 sunt

888 5799 910 5831 ⁸
953 5802 1076 5857 Act.
1101 5817 1214 5869 xw,
1253 5802 1305 5858 7.

2481 4619 2620 4687 ἐμῆς
2655 4617 2942 4687 ἐλαφρίας,
2981 4616 3286 4676 τουτέστιν,
3317 4614 3440 4666 οὔτε
3469 4617 3566 4682 τῆς
3616 4613 3946 4681 κουφότητι),
3979 4617 4038 4665 τὸ

2485 4712 2559 4781 μὴ
2578 4710 2772 4774 ἐλθεῖν,
2794 4709 2931 4763 ἀλλὰ
2944 4711 3024 4779 τὸ,
3044 4709 3123 4779 τῷ
3145 4707 3422 4778 Πνεύματι
3445 4708 3821 4775 ὑποκείμενον,
3842 4707 4038 4776 ἐκείνῳ

2484 4803 2786 4856 πείθεσθαι.

2561 4915 2579 4946 ι
2608 4897 2805 4958 Πιστὸς
2835 4895 2890 4947 δὲ
2911 4895 2940 4946 ό
2971 4893 3123 4958 Θεὸς,
3150 4893 3235 4944 ὅτι
3260 4893 3287 4944 ὁ
3315 4891 3470 4958 λόγος
3498 4890 3653 4960 ἡμῶν
3683 4891 3710 4942 ὁ
3736 4888 3870 4960 πρὸς
3897 4891 4042 4961 ὑμᾶς

2484 4987 2582 5039 οὐκ
2611 4986 2826 5053 ἐγένετο
2853 4985 2982 5047 Ναὶ,
3013 4987 3125 5050 καὶ,
3149 4983 3244 5037 Οὔ.
3282 5002 3302 5034 ›

2571 5079 2866 5132 Ἀντίθεσιν
2897 5076 3307 5131 ἀνακύπτουσαν
3336 5074 3471 5126 λύει.
3503 5075 3564 5126 Εἰ
3590 5075 3686 5126 οὐκ
3715 5073 3852 5136 ἐστι,
3885 5074 4045 5141 φησι,

2487 5173 2638 5242 παρὰ
2672 5173 2754 5224 σοὶ
2797 5173 2855 5224 τὸ
2883 5171 3013 5232 Nai,
3053 5170 3165 5230 καὶ,
3203 5169 3306 5234 Οῦ,
3336 5169 3470 5222 ἀλλὰ
3504 5168 3537 5220 ἃ
3571 5167 3662 5220 νῦν
3687 5168 3888 5233 λέγεις,
3919 5169 4050 5220 ἁνα-

2486 5265 2707 5332 τρὲπεις
2742 5263 2878 5330 μετὰ
2911 5261 3103 5323 ταῦτα,
3137 5259 3323 5330 ὥσπερ
3359 5261 3448 5311 ἐπὶ
3491 5258 3590 5326 τῆς
3630 5257 3926 5324 ἐπιδημίας
3951 5258 4046 5325 τῆς

2489 5355 2589 5422 σῆς
2627 5355 2910 5421 ἐποίησας,
2953 5353 3075 5404 οὐαὶ
3119 5353 3250 5418 ἡμῖν
3287 5352 3356 5420 μή
3388 5366 3514 5403 ποτε
3543 5350 3638 5402 καὶ
3670 5349 3726 5401 ἐν
3757 5348 3838 5417 τῷ
3871 5351 4049 5418 κηρύ-

2489 5462 2660 5515 γματι
2692 5444 2850 5496 τοῦτο
2879 5444 3119 5511 γέγονεν.
3152 5442 3267 5494 Ἵνα
3295 5437 3385 5494 οὖν
3431 5441 3504 5511 μὴ
3533 5439 3702 5494 ταῦτα
3742 5440 4046 5504 ἐννοοῦντες

2491 5539 2875 5609 πράττωνται,
2913 5535 3076 5604 φησὶν
3127 5535 3208 5586 ὅτι
3265 5535 3364 5586 οὐκ
3413 5535 3503 5585 ἐπὶ
3548 5531 3641 5586 τοῦ
3689 5532 4052 5602 κηρύγματος

2490 5629 2663 5693 οὓτως
2687 5629 2921 5697 ἐγένετο,
2953 5628 3031 5680 Τὰ
3066 5627 3162 5696 μὲν
3197 5626 3304 5694 γάρ
3333 5623 3646 5695 ἀνθρώπινα
3691 5624 3893 5676 οἴονται
3931 5622 4049 5676 δια-
