4218 6448
181 423 278 485 ηε
1294 407 1372 466 IN
1415 400 1653 465 EPIST.
1683 403 1782 462 AD
1820 416 1824 446 ι

1894 401 2182 460 )RINTH.
2234 399 2314 457 lI.

3329 397 3432 460 7H

183 530 501 599 ψευσθῆναι,
532 526 602 580 τὰ
646 524 703 577 δὲ
735 520 828 575 τοῦ
869 518 1004 573 Θεοῦ
1054 516 1153 587 οὐχ
1197 516 1393 578 οὕτως.
1439 516 1530 567 Διό
1576 528 1745 583 φησι·
1783 520 1823 571 Α

1894 510 2094 565 bnoxia
2123 526 2136 561 :
2169 515 2224 561 at
2273 520 2381 561 non
2432 504 2558 559 item
2588 518 2654 558 ea
2693 518 2817 575 qua:
2870 503 2963 559 Dei
3025 512 3177 559 sunt.
3230 505 3434 571 Quam-

188 621 400 683 Πιστὸς
430 620 463 670 ὀ
500 615 663 680 Θεὸς,
695 613 978 667 τουτέστιν
1006 608 1235 679 ἀληθής.
1280 604 1373 675 Μὴ
1408 604 1589 657 τοίνυν
1620 602 1753 655 ὑπό-

1862 606 2050 656 obrem
2082 598 2221 653 dicit
2252 614 2267 652 :
2304 593 2505 649 Fidelis
2532 594 2692 660 Deus,
2726 596 2776 649 id
2822 604 2929 658 est,
2971 610 3161 651 verax.
3196 595 3436 655 Proinde

186 728 344 766 πτευε
388 712 458 763 τὰ
496 708 704 761 ἐκείνου
755 704 966 767 οὕτως’
1010 700 1162 755 οὐδὲν
1192 698 1302 767 γὰρ
1347 699 1404 749 ὲν
1454 695 1635 759 αὐτοῖς
1662 694 1755 747 ἀν-

1894 708 1931 748 [Θ
1960 691 2059 747 tibi
2091 698 2349 759 suspecta
2382 688 2516 753 sint,
2540 703 2662 757 qua:
2680 697 2808 743 sunt
2836 688 3005 743 illius.
3026 686 3085 742 In
3121 688 3207 742 his
3233 689 3435 761 quippe

186 802 479 874 θρώπινον.

259 936 276 966 ι
310 917 371 967 '0
404 912 512 982 γὰρ
530 910 624 963 τοῦ
643 908 777 962 Θεοῦ
812 908 940 969 Tib;
977 902 1181 975 Ἰησοῦς
1221 901 1476 971 Χριστὸς,
1496 902 1524 953 ὁ
1546 901 1604 952 ὲν
1628 898 1757 967 ὑμῖν

187 1006 246 1057 δι’
269 1002 429 1072 ἡμῶν
458 999 777 1069 κηρυχθεὶς,
819 997 887 1048 δι’
919 994 1056 1065 ὲμοῦ
1088 994 1183 1047 καὶ
1212 988 1499 1044 Σιλουανοῦ
1535 988 1627 1040 καὶ
1666 987 1759 1039 Τι-

194 1094 407 1164 μοθέου,
437 1092 536 1143 οὐκ
558 1090 777 1154 ἐγένετο
801 1084 922 1151 ναὶ,
945 1084 1061 1148 καὶ,
1098 1081 1191 1134 οὐ.
1224 1099 1243 1129 ι

267 1203 486 1271 Ἐπειδὴ
516 1196 637 1252 εἷπε
686 1199 894 1267 λόγον,
943 1194 1140 1262 ἐπάγει
1170 1190 1357 1245 λοιπὸν
1399 1190 1555 1242 ποῖον
1597 1185 1757 1253 λόγον

192 1296 337 1365 φησί.
370 1293 447 1345 Τὸ
494 1291 571 1353 δὲ,
618 1290 754 1353 ral,
804 1286 920 1347 καὶ,
964 1287 1066 1349 οὐ,
1113 1284 1271 1336 τοῦτο
1309 1279 1587 1349 σημαίνει.
1647 1276 1761 1328 Οὐκ

193 1386 477 1457 ἀνέτρεψα,
526 1385 708 1451 φησὶν,
756 1379 793 1434 ἃ
840 1378 1105 1449 πρότερον
1149 1371 1302 1428 εἷπον
1348 1374 1406 1425 ὲν
1459 1370 1538 1440 τῷ
1588 1366 1761 1439 κηρύ-

192 1495 381 1547 γματι.
409 1475 541 1527 Οὐδὲ
572 1472 666 1526 νῦν
699 1472 801 1542 μὲν
846 1470 1024 1530 τοῦτο,
1058 1467 1152 1520 νῦν
1183 1467 1239 1519 δὲ
1283 1465 1455 1517 ἐκεῖνο
1482 1460 1762 1530 διελέχθην

196 1573 348 1639 ὑμῖν·
401 1567 560 1620 τοῦτο
594 1566 703 1635 γὰρ
748 1563 930 1616 ούκέτι
982 1561 1238 1623 πίστεως,
1298 1556 1436 1612 ἀλλὰ
1482 1555 1762 1622 πεπλανη-

201 1663 364 1730 μένης
392 1658 629 1718 διανοίας
656 1656 825 1707 ἐστίν.

266 1791 285 1823 ι
320 1771 503 1831 ’Λλ>.ὰ,
526 1771 645 1834 ral,
676 1770 732 1821 ἐν
771 1766 920 1837 αὐτῷ
950 1766 1165 1834 γέγονε.
1190 1783 1209 1815 ›

1862 785 1997 840 nihil
2026 792 2111 839 est
2138 781 2383 836 humani.

1933 895 2101 951 Vens.
2134 896 2221 950 t9.
2264 913 2283 947 ι
2314 894 2407 949 Dei
2432 894 2580 949 enim
2620 893 2793 949 Filius
2828 892 2987 951 Iesus
3026 893 3313 957 Christus,
3337 894 3433 964 qui

1865 990 1922 1044 in
1958 989 2117 1043 vobis
2149 1002 2245 1057 per
2270 1001 2371 1041 nos
2402 987 2732 1057 pradicatus
2758 993 2863 1050 est,
2914 1002 3011 1055 per
3042 1001 3132 1041 me
3172 994 3229 1042 et
3256 986 3436 1039 Silva-

1866 1096 1992 1135 num
2027 1089 2080 1134 et
2100 1078 2472 1142 Timotheum,
2504 1093 2616 1131 non
2670 1077 2798 1143 fuit,
2824 1085 2925 1141 est,
2957 1086 3032 1142 et,
3062 1095 3189 1132 non.
3219 1096 3237 1129 ι

1936 1194 2075 1260 Quia
2130 1210 2422 1248 sermonem
2467 1193 2792 1258 nominavit,
2835 1190 3005 1246 infert
3038 1192 3199 1247 modo
3223 1192 3290 1247 de
3326 1208 3438 1261 quo

1865 1301 2117 1341 sermone
2159 1284 2329 1340 dicat.
2388 1284 2502 1339 Hoc
2552 1299 2717 1354 porro
2765 1283 3056 1353 signiﬁcat,
3085 1291 3435 1348 est,ct,nou,

1866 1374 1987 1428 Non
2050 1375 2241 1439 everti,
2279 1374 2476 1445 inquit,
2531 1389 2653 1444 quae
2698 1374 2929 1428 antehae
2986 1374 3334 1444 pradicando
3356 1373 3442 1426 di-

1868 1483 2076 1523 xeram.
2139 1466 2325 1538 Neque
2371 1483 2521 1522 nunc
2549 1467 2771 1539 quidem
2825 1468 2992 1533 istud,
3044 1469 3207 1522 modo
3257 1476 3440 1523 autem

1872 1558 2020 1611 aliud
2061 1558 2215 1613 vobis
2240 1573 2361 1612 sum
2388 1559 2623 1612 locutus.
2651 1556 2765 1612 Hoc
2791 1558 2935 1612 enim
2957 1556 3081 1611 ﬁdei
3112 1572 3222 1611 non
3249 1556 3441 1621 fuerit,

1874 1649 1969 1702 sed
2003 1649 2313 1703 oberrantis
2344 1649 2536 1703 animi.

1949 1782 1967 1815 ι
1998 1762 2128 1829 Sed,
2153 1772 2255 1827 est,
2293 1763 2347 1815 in
2379 1776 2445 1816 eo
2478 1762 2603 1816 fuit.
2647 1783 2665 1814 ι

261 1885 553 1936 Τουτέστιν
579 1883 716 1952 ὅπερ
743 1878 916 1943 εἶπον,
942 1876 1392 1950 ἀπαρασάλευτος
1424 1874 1518 1927 καὶ
1542 1873 1762 1943 βέβαιος
1796 1869 1824 1924 Ι]

1938 1878 2053 1935 [loc
2102 1887 2211 1943 est,
2244 1894 2428 1935 sermo
2472 1895 2634 1950 quem
2699 1881 3080 1951 pronuntiavi,
3144 1878 3443 1935 immobilis

196 1980 224 2030 ὁ
248 1977 404 2044 λόγος
439 1975 611 2045 μένει.

269 2092 477 2144 «Ὅσαι
525 2088 634 2158 γὰρ
664 2085 988 2154 ἐπαγγελίαι
1022 2083 1191 2149 Θεοῦ,
1233 2084 1292 2136 ἐν
1338 2080 1485 2151 αὐτῷ
1514 2080 1591 2149 τῷ
1633 2078 1767 2133 ral'

195 2184 272 2237 διδ
298 2185 395 2235 καὶ
435 2182 505 2234 δι’
540 2179 707 2233 αὑτοῦ
739 2179 821 2244 τὸ,
871 2175 1043 2249 ἀμὴν,
1083 2174 1163 2246 τῷ
1192 2174 1313 2246 Θεῷ
1340 2174 1474 2247 πρὸς
1512 2172 1673 2237 δόξαν
1700 2171 1772 2224 δι’

204 2275 387 2345 ἡμῶν.
414 2293 434 2324 υ

263 2388 437 2441 Τοῦτό
469 2403 622 2455 φησι,
654 2384 745 2437 διὰ
774 2383 834 2436 τὸ
880 2381 1049 2434 πολλὰ
1081 2380 1143 2433 τὸ
1185 2381 1447 2451 κήρυγμα
1485 2377 1771 2445 ὑπισχνεῖ-

202 2480 339 2542 σθαι,
369 2479 465 2531 καὶ
488 2477 683 2538 αὐτοὺς
717 2476 785 2527 τὰ
810 2472 981 2527 πολλὰ
1006 2472 1177 2525 ταῦτα
1200 2468 1652 2538 ἐπαγγέλλεσθαι,
1680 2469 1773 2521 καὶ

201 2569 514 2641 κηρύττειν.
546 2568 653 2621 Καὶ
685 2566 794 2634 γὰρ
838 2564 969 2636 περὶ
998 2563 1355 2624 ἀναστάσεως
1396 2559 1769 2630 διελέχθησαν,

203 2665 292 2714 καὶ
320 2660 660 2729 ἀναλήψεως,
690 2659 785 2712 καὶ
833 2657 962 2726 περὶ
996 2653 1325 2725 ἀφθαρσίας,
1354 2653 1449 2705 καὶ
1495 2650 1623 2721 περὶ
1665 2650 1774 2703 τῶν

205 2753 459 2824 μεγάλων
496 2749 695 2813 ἄθλων,
749 2749 844 2799 καὶ
892 2746 1160 2818 περὶτῶν
1189 2744 1516 2814 ἀπορρήτων
1549 2741 1775 2794 ἐκείνων

202 2845 441 2911 ἀγαθῶν.
482 2842 697 2903 Ταύτας
742 2835 839 2893 οὖν
880 2840 978 2902 τὰς
1013 2836 1343 2906 ἐπαγγελίας
1388 2835 1569 2904 μένειν
1611 2832 1776 2903 φησὶν

200 2935 513 3002 ἀκινήτους.
550 2933 624 2984 υύ
669 2931 777 3000 γὰρ
826 2928 1043 2996 ἐγένετο
1083 2931 1141 2980 ὲν
1202 2926 1386 2987 αὐτοῖς
1427 2925 1524 2977 ral
1555 2923 1649 2977 καὶ
1679 2924 1772 2985 οὐ.

200 3025 508 3087 τουτέστιν,
555 3024 616 3074 ού
653 3023 785 3076 ποτε
834 3021 934 3090 μὲν
974 3019 1150 3089 ἁληθῆ
1195 3018 1264 3072 τὰ
1309 3016 1609 3088 εἰρημένα,
1644 3016 1774 3068 ποτὲ

199 3113 254 3165 δὲ
293 3111 492 3180 ψευδῆ,
543 3111 796 3181 καθάπερ
845 3111 879 3180 ἡ
933 3108 1198 3178 ἐπιδημία
1247 3107 1280 3175 ἡ
1329 3106 1477 3176 ipsi},
1521 3104 1637 3157 ἀλλ’
1686 3104 1774 3155 ἀεὶ

202 3204 402 3272 ἀληθῆ.

270 3275 344 3345 Ei
356 3294 414 3345 δὲ
452 3293 488 3347 ἃ
524 3291 810 3360 ὑπίσχετο,
862 3291 1075 3358 βέϐαια,
1132 3286 1313 3355 πολλῷ
1357 3285 1557 3355 μᾶλλον
1598 3284 1782 3349 αὐτὸς,

202 3384 297 3434 καὶ
323 3384 354 3433 ὁ
388 3384 517 3451 περὶ
546 3380 710 3434 αὑτοῦ
740 3380 917 3447 λόγος.

278 3491 298 3524 ι
327 3474 389 3523 ὐ
404 3473 461 3524 δὲ
482 3471 713 3540 βεὸαιῶν
730 3472 873 3540 ἡμᾶς
907 3470 1005 3522 σὺν
1026 3470 1155 3539 ύμῖν
1170 3472 1249 3532 είς
1268 3467 1524 3537 Χριστὸν,
1551 3467 1645 3519 καὶ
1662 3464 1783 3535 χρί-

206 3578 303 3621 σας
333 3562 482 3630 ἡμᾶς
508 3560 661 3622 Θεὸς,
697 3560 792 3611 καὶ
841 3560 1286 3629 σφραγισάμενος
1331 3559 1501 3627 ἡμᾶς,
1536 3557 1630 3609 καὶ
1658 3556 1785 3619 δοὺς

204 3652 293 3704 τὸν
319 3651 620 3722 ἀρραϐῶνα
637 3650 728 3703 τοῦ
763 3651 1077 3719 Πνεύματος
1107 3652 1165 3702 ἐν
1191 3652 1310 3712 ταῖς
1331 3650 1580 3717 καρδίαις
1605 3647 1780 3715 ἡμῶν.

218 3741 362 3807 Ἐγὼ
404 3741 463 3791 δὲ
521 3742 774 3809 μάρτυρα
826 3743 918 3791 τὸν
963 3738 1096 3791 Θεὸν
1145 3737 1515 3806 ἐπικαλοῦμαι
1564 3737 1655 3787 ἐπὶ
1684 3734 1782 3805 τὴν

209 3832 347 3901 ἐμὴν
379 3831 579 3900 ψυχὴν·
618 3848 638 3880 ι

276 3922 599 3985 Τουτέστιν,
630 3923 658 3974 ὁ
685 3921 760 3992 μὴ
791 3921 896 3974 ἑῶν
918 3923 1067 3991 ἡμᾶς
1089 3919 1566 3990 παρασαλεύεσθαι
1596 3920 1661 3971 ἔκ
1684 3917 1784 3987 τῆς

209 4012 443 4075 πίστεως
472 4013 570 4080 τῆς
596 4014 672 4074 είς
697 4014 950 4078 Χριστὸν,
988 4014 1082 4065 καὶ
1120 4012 1277 4073 αὐτὸς
1309 4013 1337 4063 ὀ
1383 4012 1577 4080 χρίσας
1615 4011 1782 4078 ἡμᾶς,

216 4102 310 4156 καὶ
342 4103 467 4164 δοὺς
496 4103 557 4153 τὸ
588 4101 811 4172 Πνεῦμα
837 4104 894 4154 ὲν
918 4104 1034 4164 ταίς
1057 4101 1308 4171 καρδίαις
1337 4100 1516 4170 ὴμῶν,
1554 4099 1670 4161 πῶς
1714 4099 1784 4151 τὰ

214 4194 476 4264 μέλλοντα
504 4194 565 4245 οὐ
592 4194 809 4259 δίδωσις
839 4194 912 4245 Τὸ
941 4194 997 4245 δὲ
1023 4194 1242 4260 χρίσας
1274 4190 1432 4260 ἡμᾶς
1456 4192 1553 4244 καὶ
1589 4205 1780 4259 σφρα-

212 4278 555 4348 γισάμενος,
589 4277 687 4347 τὴν
718 4277 812 4330 τοῦ
846 4278 1161 4347 Πνεύματος
1184 4277 1393 4345 δωρεὰν
1419 4276 1696 4343 σημαίνει.

286 4387 306 4420 ι
348 4369 474 4419 ὐτι
522 4368 837 4436 φειδόμενος
878 4368 1032 4436 ὑμῶν
1063 4369 1246 4421 οὐκέτι
1286 4365 1451 4438 ἦλθον
1474 4370 1554 4429 είς
1584 4367 1784 4437 Κόριν-

214 4458 333 4512 θονο
367 4458 470 4510 οὐκ
490 4459 571 4509 ὅτι
592 4460 919 4529 κυριεύομεν
948 4459 1102 4529 ὑμῶν
1134 4461 1233 4529 τῆς
1273 4459 1527 4520 πίστεως,
1556 4457 1673 4510 ἀλλ’
1702 4460 1783 4510 ὃτι

214 4554 469 4624 συνεργοί
514 4523 681 4623 ἐσμεν
721 4523 832 4622 τῆς.
865 4523 1039 4623 χαράς
1090 4523 1262 4623 ὑμιῦν.
1318 4554 1399 4624 Τῇ
1455 4553 1562 4623 γὰρ
1602 4551 1786 4604 πίστει
1814 4523 1862 4580 D

216 4646 502 4717 ἑστήκατε.
547 4664 567 4695 ι

817 4755 1070 4808 ΚΕΦΔΔ.
1104 4753 1179 4808 B’.

289 4890 308 4923 ι
340 4872 576 4939 Ἕκρινα
594 4869 650 4921 δὲ
677 4867 898 4940 ἐμαυτῷ
921 4867 1080 4921 τοῦτο
1115 4866 1177 4919 τὸ
1222 4868 1299 4939 μὴ
1338 4866 1500 4920 πάλιν
1527 4867 1599 4937 {tv
1639 4867 1787 4940 λύπῃ

218 4962 348 5034 πρὸς
363 4962 508 5032 ὑμᾶς
537 4959 730 5014 ἐλθεῖν.
755 4962 817 5015 Et
838 4961 945 5030 γὰρ
977 4956 1086 5027 ἐγὼ
1123 4957 1282 5011 λυπῶ
1300 4958 1463 5030 ὑμᾶς.
1496 4977 1516 5010 ι

286 5145 505 5198 Βέλτιον
539 5144 647 5212 γὰρ
675 5143 902 5215 ἐνόμισα
925 5143 1169 5197 ἐνδοῦναι
1208 5142 1286 5205 είς
1315 5141 1388 5212 ab
1426 5143 1784 5213 μετανοῆσαι,

225 5239 404 5305 φησὶν,
434 5232 469 5305 ἢ
494 5233 687 5306 παρὼν
712 5234 1019 5299 ιπεξελθείν
1067 5235 1162 5289 καὶ
1202 5232 1606 5306 παροξυνθῆναι
1662 5253 1785 5304 μει-

224 5330 406 5393 ζόνως.

294 5443 311 5473 ι
358 5422 468 5476 Καὶ
497 5420 583 5485 τίς
615 5422 644 5475 ὸ
670 5419 978 5491 εὐφραίνων
1006 5436 1096 5489 με,
1124 5422 1171 5472 εί
1205 5420 1280 5489 μὴ
1309 5419 1337 5470 ὁ
1366 5416 1700 5487 λυπούμενος
1727 5418 1787 5483 ἐξ

222 5514 378 5583 ὲμοῦ;
404 5533 426 5565 υ

288 5608 349 5661 El
380 5610 477 5660 καὶ
509 5608 566 5660 ὲν
598 5607 765 5679 λύπῃ,
797 5608 985 5679 φησὶν,
1017 5607 1243 5677 ἔμελλον
1272 5606 1434 5672 εἶναι,
1479 5608 1789 5678 ἀναγκαζό-

140 5776 143 5777 ν
227 5714 381 5766 μενος
413 5700 544 5769 ὑμῖν
602 5700 862 5769 ἐπιτιμᾷν
916 5700 1011 5753 καί
1043 5702 1175 5771 ὀρᾷν
1218 5700 1615 5771 λυπουμένους,
1673 5703 1787 5757 ἀλλ’

224 5788 366 5857 ὅμως
389 5790 483 5843 καὶ
509 5790 579 5843 δι’
604 5790 733 5844 αὐτὸ
751 5790 906 5845 τοῦτο
929 5791 1314 5864 εὐφραίνομαι.
1356 5793 1636 5865 Μεγίστης
1680 5798 1789 5867 γὰρ

502 5882 773 5947 Ριτηοι..
798 5884 909 5943 Gn.
963 5883 1128 5945 XCV.

1870 1980 1926 2028 et
1952 1972 2143 2027 ﬁrmus
2165 1983 2369 2026 manet.

1943 2081 2110 2138 Vsus.
2150 2082 2240 2139 20.
2297 2103 2315 2136 ι
2351 2081 2627 2153 Quotquot
2674 2084 2820 2135 enim
2861 2091 2991 2137 sunt
3046 2083 3447 2153 promissione:

1873 2175 1991 2241 Dei,
2019 2186 2150 2231 sunt
2183 2177 2238 2230 in
2274 2177 2490 2234 illoest.
2521 2177 2647 2231 Ideo
2662 2185 2716 2229 et
2750 2191 2847 2245 per
2869 2178 3070 2244 ipsum,
3102 2177 3301 2242 Amen,
3334 2175 3447 2230 Deo

1872 2266 1939 2319 ad
1959 2266 2187 2336 gloriam
2220 2281 2318 2336 per
2355 2281 2480 2326 nos.
2513 2284 2532 2317 ι

1945 2379 2038 2436 Sic
2096 2381 2360 2450 loquitur,
2402 2394 2469 2435 eo
2505 2379 2655 2448 quod
2691 2378 3089 2448 praedicatione
3125 2380 3297 2435 multa
3319 2396 3446 2451 pro-

1873 2476 2247 2537 mitterentur,
2307 2482 2359 2528 et
2395 2473 2629 2542 apostoli
2665 2474 2838 2526 multa
2890 2473 3004 2528 hate
3056 2474 3450 2543 pollicerentur

1872 2576 1928 2623 et
1959 2566 2377 2621 annuntiarent.
2431 2564 2567 2618 Nam
2628 2566 2767 2619 etde
2816 2567 3226 2621 resurrectione
3263 2567 3450 2624 disse-

1875 2670 2119 2723 ruerant,
2146 2673 2360 2713 necnon
2404 2657 2474 2711 de
2506 2657 2908 2727 assumptione,
2933 2664 2989 2712 et
3018 2658 3450 2722 immortalitate,

1874 2752 1943 2805 de
1988 2750 2305 2820 ingentibus
2357 2752 2617 2819 praemiis,
2652 2751 2794 2805 etde
2849 2753 3067 2806 arcanis
3123 2752 3233 2806 illis
3263 2753 3444 2807 bonis.

1877 2841 1990 2897 Has
2054 2856 2223 2912 porro
2275 2841 2701 2910 pollicitationes
2751 2855 2974 2895 manere
3005 2841 3260 2897 immotas
3288 2842 3445 2897 dicit.

1876 2931 1995 2985 Non
2033 2932 2180 2986 enim
2210 2930 2312 2983 fuit
2351 2933 2405 2984 in
2438 2930 2541 2995 eis,
2573 2942 2673 2996 (sl,
2702 2941 2778 2993 et,
2810 2946 2952 2993 non;
3000 2938 3059 2983 ut
3090 2931 3314 3000 quando
3346 2947 3451 2999 que

1876 3037 2005 3075 vera
2040 3020 2243 3075 fuerint
2273 3037 2391 3089 qua:
2432 3020 2786 3087 dicebantur,
2831 3029 2885 3073 et
2921 3022 3252 3092 quandoque
3291 3022 3452 3090 falsa,

1879 3110 2346 3183 quemadmodum
2385 3111 2653 3165 adventus
2693 3124 2882 3177 meus;
2929 3112 3026 3166 sed
3067 3128 3195 3167 vera
3238 3129 3457 3185 semper

1802 3200 1847 3258 (Ξ
1887 3205 2170 3259 exstitere.

1958 3292 2113 3361 127
2154 3290 2310 3357 Quod
2347 3292 2394 3345 si
2428 3291 2586 3345 ﬁrma
2617 3298 2785 3355 sunt,
2816 3307 2937 3361 qum
2963 3294 3257 3363 promisit,
3286 3296 3461 3351 multo

1884 3382 2058 3447 magis
2097 3382 2215 3449 ipse
2236 3419 2250 3439 .
2282 3388 2338 3435 et
2366 3380 2460 3449 qui
2496 3380 2563 3434 de
2596 3381 2717 3450 ipso
2754 3396 2941 3435 sermo
2969 3383 3050 3435 ﬁt.

1955 3468 2121 3525 Vens.
2159 3471 2350 3524 2|-23.
2381 3490 2399 3522 ι
2429 3471 2536 3537 Qui
2575 3480 2760 3526 autem
2800 3473 3096 3529 conﬁrmat
3127 3491 3229 3531 nos
3272 3480 3461 3536 vobis-

1884 3578 2010 3616 cum
2062 3565 2116 3617 in
2167 3563 2427 3627 Christo,
2462 3575 2517 3619 et
2556 3566 2651 3634 qui
2693 3567 2852 3620 unxit
2900 3584 3002 3623 nos
3047 3569 3224 3636 Deus,
3276 3581 3330 3626 et
3364 3577 3460 3644 qui

1885 3655 2119 3724 signavit
2158 3670 2292 3718 nos,
2340 3665 2399 3709 et
2440 3656 2594 3709 dedit
2645 3658 2806 3713 nobis
2857 3661 3058 3728 pignus
3113 3660 3355 3731 Spiritus
3403 3666 3458 3719 in

1884 3747 2150 3801 cordibus
2183 3747 2414 3801 nostris.
2451 3747 2565 3818 Ego
2598 3756 2782 3803 autem
2815 3758 3010 3805 testem
3052 3750 3222 3807 Deum
3264 3754 3459 3812 invoco

1887 3837 1941 3890 in
1971 3838 2212 3893 animam
2245 3855 2442 3893 meam.
2481 3858 2499 3890 ι

1958 3931 2073 3986 lloc
2102 3942 2220 3999 cst,
2260 3933 2359 4003 qui
2394 3948 2501 3987 non
2535 3934 2672 3991 sinit
2704 3950 2807 3990 nos
2841 3937 3047 3990 moveri
3089 3952 3118 3989 a
3156 3939 3261 3994 ﬁde
3293 3956 3457 4011 quam

1887 4023 2154 4076 habemus
2189 4024 2244 4077 in
2272 4023 2556 4078 Christum
2578 4067 2593 4090 ,
2624 4026 2831 4094 quique
2860 4040 2961 4080 nos
2996 4028 3189 4093 unxit,
3224 4040 3280 4084 et
3313 4033 3463 4086 dedit

1887 4111 2153 4183 Spiritum
2192 4114 2245 4167 in
2277 4116 2539 4170 cordibus
2571 4118 2816 4180 nostris,
2853 4118 3129 4185 quomodo
3158 4135 3267 4173 non
3303 4121 3462 4177 daret

1883 4201 2071 4255 futura
2098 4202 2121 4254 ?
2153 4200 2391 4257 Dicendo
2419 4213 2624 4267 autem,
2643 4206 2732 4272 qui
2763 4205 2915 4257 unxit
2935 4243 2950 4270 ,
2983 4212 3060 4273 et,
3084 4208 3174 4277 qui
3196 4210 3423 4280 signavit
3441 4252 3458 4277 ,

1884 4292 2091 4345 donum
2126 4290 2369 4360 Spiritus
2402 4294 2760 4363 signiﬁcavit.

1961 4402 1980 4434 ι
2018 4382 2172 4449 Quod
2214 4400 2443 4453 parcens
2480 4387 2670 4451 vobis,
2723 4404 2833 4443 non
2887 4392 3014 4446 veni
3064 4393 3208 4446 ultra
3262 4391 3462 4448 Corin-

1888 4476 2041 4528 thum
2073 4495 2086 4528 :
2117 4491 2223 4529 non
2248 4477 2375 4545 quia
2405 4476 2761 4532 dominamur
2794 4480 2916 4536 ﬁdei
2948 4494 3179 4549 vestrae,
3212 4486 3306 4541 sed
3332 4488 3460 4556 quia

1894 4565 2176 4632 adjutores
2212 4580 2406 4620 sumus
2440 4568 2624 4637 gaudii
2657 4571 2859 4627 vestri.
2895 4570 3029 4626 Nam
3069 4574 3175 4630 ﬁde
3209 4578 3393 4633 statis.
3438 4596 3459 4631 ι
3566 4618 3571 4625 .

2550 4770 2702 4825 CAP.
2744 4773 2809 4827 ll.

1963 4878 2127 4935 Vens.
2171 4882 2223 4945 1,
2250 4882 2306 4935 2.
2338 4898 2356 4931 ι
2382 4880 2561 4935 Statui
2598 4892 2785 4939 autem
2819 4888 2923 4943 hoc
2948 4890 3126 4959 ipsum
3164 4894 3307 4963 apud
3338 4912 3459 4961 me,

1894 4987 1963 5026 ne
1997 4972 2196 5027 iterum
2234 4974 2289 5025 in
2326 4973 2557 5027 tristitia
2610 4975 2858 5029 venirem
2906 4978 2977 5032 ad
3023 4996 3144 5037 vos.
3204 4983 3260 5037 Si
3315 4986 3463 5039 enim

1893 5079 1994 5130 ego
2032 5064 2303 5117 contristo
2342 5079 2461 5118 vos.
2498 5081 2517 5114 ι

1968 5153 2152 5209 Satius
2194 5154 2391 5209 abesse
2420 5154 2585 5220 duxi,
2619 5156 2838 5227 inquit,
2867 5167 2932 5213 ut
2966 5158 3152 5214 darem
3190 5162 3466 5231 pteniten-

1896 5247 1985 5299 tiae
2011 5245 2191 5298 locum
2212 5284 2226 5307 ,
2260 5258 2425 5314 quam
2464 5254 2521 5298 ut
2553 5261 2797 5315 przesens
2828 5264 3022 5318 pmnas
3048 5250 3383 5321 inﬁigerem,
3412 5262 3465 5309 et

1896 5336 2069 5405 magis
2103 5350 2486 5405 exasperarer.

1972 5444 1989 5476 ι
2020 5426 2083 5477 Ει
2111 5430 2239 5495 quis
2274 5433 2360 5480 est
2394 5427 2489 5496 qui
2521 5441 2609 5482 me
2644 5427 2885 5485 lzetiﬁcet
2907 5470 2923 5495 ,
2959 5431 3070 5486 nisi
3107 5433 3203 5502 qui
3247 5434 3466 5491 contri-

1897 5527 2073 5572 statur
2106 5532 2168 5570 ex
2206 5519 2334 5571 me?
2364 5536 2383 5569 ι

1965 5610 2082 5664 Etsi
2117 5611 2173 5663 in
2206 5625 2440 5664 maerore
2471 5618 2799 5665 versaturus
2834 5626 2985 5666 cram
3008 5650 3025 5675 ,
3067 5613 3248 5683 inquit
3269 5656 3283 5677 ,
3316 5612 3464 5682 quod

1897 5710 2122 5756 coactus
2152 5717 2330 5755 essent
2357 5715 2453 5755 vos
2485 5700 2782 5770 obiurgare
2818 5713 2872 5756 et
2914 5703 3099 5758 videre
3126 5715 3420 5759 maerentes

1897 5800 2140 5849 attamen
2171 5793 2273 5847 hoc
2304 5792 2483 5863 ipsum
2516 5807 2604 5845 me
2634 5791 2892 5854 latiﬁcat.
2918 5792 3050 5847 Nam
3099 5794 3350 5849 maximae
3382 5794 3463 5850 di-

3095 5886 3171 5947 23
