  <div class='ocr_page' id='page_1' title='image "/cluster/home/n/w/nwhite01/storage/ocr_20150623/95/nnc1.0046979816/364.png"; bbox 0 0 4218 6448; ppageno 0'>
   <div class='ocr_carea' id='block_1_1' title="bbox 216 433 325 497">
    <p class='ocr_par' dir='ltr' id='par_1_1' title="bbox 216 433 325 497">
     <span class='ocr_line' id='line_1_1' title="bbox 216 433 325 497; baseline 0 0"><span class='ocrx_word' id='word_1_1' title='bbox 216 433 325 497; x_wconf 71' lang='grc'><strong>717</strong></span> 
     </span>
    </p>
   </div>
   <div class='ocr_carea' id='block_1_2' title="bbox 1338 432 2345 491">
    <p class='ocr_par' dir='ltr' id='par_1_2' title="bbox 1338 432 2345 491">
     <span class='ocr_line' id='line_1_2' title="bbox 1338 432 2345 491; baseline 0.001 -2"><span class='ocrx_word' id='word_1_2' title='bbox 1338 432 1418 490; x_wconf 66' lang='lat' dir='ltr'><strong>IN</strong></span> <span class='ocrx_word' id='word_1_3' title='bbox 1450 432 1688 491; x_wconf 77' lang='lat' dir='ltr'><strong>EPIST.</strong></span> <span class='ocrx_word' id='word_1_4' title='bbox 1731 433 1829 490; x_wconf 81' lang='lat' dir='ltr'><strong>AD</strong></span> <span class='ocrx_word' id='word_1_5' title='bbox 1866 432 2223 490; x_wconf 74' lang='lat' dir='ltr'><strong>CORINTH.</strong></span> <span class='ocrx_word' id='word_1_6' title='bbox 2266 433 2345 490; x_wconf 88' lang='lat' dir='ltr'><strong>II.</strong></span> 
     </span>
    </p>
   </div>
   <div class='ocr_carea' id='block_1_3' title="bbox 3362 429 3466 495">
    <p class='ocr_par' dir='ltr' id='par_1_3' title="bbox 3362 429 3466 495">
     <span class='ocr_line' id='line_1_3' title="bbox 3362 429 3466 495; baseline -0.058 0"><span class='ocrx_word' id='word_1_7' title='bbox 3362 429 3466 495; x_wconf 83' lang='lat'><strong>718</strong></span> 
     </span>
    </p>
   </div>
   <div class='ocr_carea' id='block_1_4' title="bbox 298 538 1964 613">
    <p class='ocr_par' dir='ltr' id='par_1_4' title="bbox 298 540 1876 613">
     <span class='ocr_line' id='line_1_4' title="bbox 298 540 1876 613; baseline -0.006 -12"><span class='ocrx_word' id='word_1_8' title='bbox 298 551 421 602; x_wconf 76' lang='grc' dir='ltr'>Ὅτι</span> <span class='ocrx_word' id='word_1_9' title='bbox 442 548 536 600; x_wconf 70' lang='grc' dir='ltr'><strong>καὶ</strong></span> <span class='ocrx_word' id='word_1_10' title='bbox 562 544 908 613; x_wconf 71' lang='grc' dir='ltr'><strong>προσχήματι</strong></span> <span class='ocrx_word' id='word_1_11' title='bbox 934 540 1217 603; x_wconf 72' lang='grc' dir='ltr'>εὐλαϐείας</span> <span class='ocrx_word' id='word_1_12' title='bbox 1254 540 1574 605; x_wconf 71' lang='grc' dir='ltr'>ἀπόλλυσιν,</span> <span class='ocrx_word' id='word_1_13' title='bbox 1600 544 1661 593; x_wconf 81' lang='grc' dir='ltr'><strong>ού</strong></span> <span class='ocrx_word' id='word_1_14' title='bbox 1709 554 1803 610; x_wconf 66' lang='grc' dir='ltr'>μοι</span> <span class='ocrx_word' id='word_1_15' title='bbox 1833 548 1876 603; x_wconf 76' lang='grc' dir='ltr'>Α</span> 
     </span>
    </p>
   </div>
   <div class='ocr_carea' id='block_1_5' title="bbox 1801 538 3467 613">
    <p class='ocr_par' dir='ltr' id='par_1_5' title="bbox 1801 538 3467 610">
     <span class='ocr_line' id='line_1_5' title="bbox 1801 538 3467 610; baseline 0.003 -19"><span class='ocrx_word' id='word_1_16' title='bbox 1801 572 1803 579; x_wconf 76' lang='grc' dir='ltr'><strong>ι</strong></span> <span class='ocrx_word' id='word_1_17' title='bbox 1833 548 1876 603; x_wconf 75' lang='grc' dir='ltr'>Α</span> <span class='ocrx_word' id='word_1_18' title='bbox 1975 538 2108 592; x_wconf 80' lang='lat' dir='ltr'><strong>Nam</strong></span> <span class='ocrx_word' id='word_1_19' title='bbox 2137 542 2242 594; x_wconf 90' lang='lat' dir='ltr'><strong>sub</strong></span> <span class='ocrx_word' id='word_1_20' title='bbox 2270 539 2549 610; x_wconf 75' lang='lat' dir='ltr'><strong>religionis</strong></span> <span class='ocrx_word' id='word_1_21' title='bbox 2580 540 2757 610; x_wconf 78' lang='lat' dir='ltr'><strong>specie</strong></span> <span class='ocrx_word' id='word_1_22' title='bbox 2787 539 2955 595; x_wconf 87' lang='lat' dir='ltr'><strong>infert</strong></span> <span class='ocrx_word' id='word_1_23' title='bbox 2978 540 3208 596; x_wconf 85' lang='lat' dir='ltr'><strong>exitium</strong></span> <span class='ocrx_word' id='word_1_24' title='bbox 3231 581 3246 606; x_wconf 93' lang='lat'><strong>,</strong></span> <span class='ocrx_word' id='word_1_25' title='bbox 3273 550 3334 595; x_wconf 92' lang='lat' dir='ltr'><strong>ut</strong></span> <span class='ocrx_word' id='word_1_26' title='bbox 3361 558 3467 596; x_wconf 90' lang='lat' dir='ltr'><strong>nou</strong></span> 
     </span>
    </p>
   </div>
   <div class='ocr_carea' id='block_1_6' title="bbox 224 631 1799 707">
    <p class='ocr_par' dir='ltr' id='par_1_6' title="bbox 224 631 1799 707">
     <span class='ocr_line' id='line_1_6' title="bbox 224 631 1799 707; baseline -0.004 -17"><span class='ocrx_word' id='word_1_27' title='bbox 224 660 313 693; x_wconf 74' lang='grc' dir='ltr'><strong>νον</strong></span> <span class='ocrx_word' id='word_1_28' title='bbox 343 639 419 707; x_wconf 75' lang='grc' dir='ltr'>τῷ</span> <span class='ocrx_word' id='word_1_29' title='bbox 440 640 519 699; x_wconf 80' lang='grc' dir='ltr'><strong>είς</strong></span> <span class='ocrx_word' id='word_1_30' title='bbox 548 638 799 705; x_wconf 79' lang='grc' dir='ltr'>πορνείαν</span> <span class='ocrx_word' id='word_1_31' title='bbox 825 635 1074 702; x_wconf 80' lang='grc' dir='ltr'><strong>ἀγαγεῖν,</strong></span> <span class='ocrx_word' id='word_1_32' title='bbox 1105 634 1240 686; x_wconf 80' lang='grc' dir='ltr'><strong>ἀλλά</strong></span> <span class='ocrx_word' id='word_1_33' title='bbox 1270 634 1364 686; x_wconf 77' lang='grc' dir='ltr'><strong>καὶ</strong></span> <span class='ocrx_word' id='word_1_34' title='bbox 1411 631 1523 686; x_wconf 73' lang='grc' dir='ltr'><strong>ἀπὸ</strong></span> <span class='ocrx_word' id='word_1_35' title='bbox 1575 635 1799 686; x_wconf 81' lang='grc' dir='ltr'>τούναν-</span> 
     </span>
    </p>
   </div>
   <div class='ocr_carea' id='block_1_7' title="bbox 222 724 1800 798">
    <p class='ocr_par' dir='ltr' id='par_1_7' title="bbox 222 724 1800 798">
     <span class='ocr_line' id='line_1_7' title="bbox 222 724 1800 798; baseline -0.004 -15"><span class='ocrx_word' id='word_1_36' title='bbox 222 732 335 783; x_wconf 71' lang='grc' dir='ltr'>τίου</span> <span class='ocrx_word' id='word_1_37' title='bbox 362 730 583 784; x_wconf 83' lang='grc' dir='ltr'>δύναται</span> <span class='ocrx_word' id='word_1_38' title='bbox 618 727 947 798; x_wconf 83' lang='grc' dir='ltr'>διαφθεῖραι,</span> <span class='ocrx_word' id='word_1_39' title='bbox 986 728 1050 779; x_wconf 79' lang='grc' dir='ltr'><strong>ὲκ</strong></span> <span class='ocrx_word' id='word_1_40' title='bbox 1073 726 1174 796; x_wconf 81' lang='grc' dir='ltr'>τῆς</span> <span class='ocrx_word' id='word_1_41' title='bbox 1197 724 1438 796; x_wconf 80' lang='grc' dir='ltr'><strong>ἀμέτρου</strong></span> <span class='ocrx_word' id='word_1_42' title='bbox 1468 725 1645 795; x_wconf 87' lang='grc' dir='ltr'>λύπης</span> <span class='ocrx_word' id='word_1_43' title='bbox 1701 726 1800 794; x_wconf 82' lang='grc' dir='ltr'>τῆς</span> 
     </span>
    </p>
   </div>
   <div class='ocr_carea' id='block_1_8' title="bbox 220 820 868 891">
    <p class='ocr_par' dir='ltr' id='par_1_8' title="bbox 220 820 868 891">
     <span class='ocr_line' id='line_1_8' title="bbox 220 820 868 891; baseline -0.002 -18"><span class='ocrx_word' id='word_1_44' title='bbox 220 825 318 873; x_wconf 69' lang='grc' dir='ltr'><strong>ἐπὶ</strong></span> <span class='ocrx_word' id='word_1_45' title='bbox 358 824 425 891; x_wconf 80' lang='grc' dir='ltr'>τῇ</span> <span class='ocrx_word' id='word_1_46' title='bbox 462 820 742 890; x_wconf 79' lang='grc' dir='ltr'>μετανοίᾳ.</span> <span class='ocrx_word' id='word_1_47' title='bbox 864 882 868 885; x_wconf 16' lang='grc' dir='ltr'><strong>γ</strong></span> 
     </span>
    </p>
   </div>
   <div class='ocr_carea' id='block_1_9' title="bbox 305 908 1801 981">
    <p class='ocr_par' dir='ltr' id='par_1_9' title="bbox 305 908 1801 981">
     <span class='ocr_line' id='line_1_9' title="bbox 305 908 1801 981; baseline -0.001 -18"><span class='ocrx_word' id='word_1_48' title='bbox 305 934 323 963; x_wconf 83' lang='grc' dir='ltr'><strong>ε</strong></span> <span class='ocrx_word' id='word_1_49' title='bbox 373 912 574 966; x_wconf 87' lang='grc' dir='ltr'>Ἐλθὼν</span> <span class='ocrx_word' id='word_1_50' title='bbox 619 912 675 964; x_wconf 76' lang='grc' dir='ltr'>δὲ</span> <span class='ocrx_word' id='word_1_51' title='bbox 712 913 790 971; x_wconf 84' lang='grc' dir='ltr'><strong>είς</strong></span> <span class='ocrx_word' id='word_1_52' title='bbox 822 909 921 981; x_wconf 80' lang='grc' dir='ltr'>τὴν</span> <span class='ocrx_word' id='word_1_53' title='bbox 962 909 1192 980; x_wconf 77' lang='grc' dir='ltr'><strong>Τρωάδα</strong></span> <span class='ocrx_word' id='word_1_54' title='bbox 1221 908 1310 961; x_wconf 74' lang='grc' dir='ltr'><strong>διὰ</strong></span> <span class='ocrx_word' id='word_1_55' title='bbox 1367 909 1430 961; x_wconf 80' lang='grc' dir='ltr'>τὸ</span> <span class='ocrx_word' id='word_1_56' title='bbox 1472 908 1801 976; x_wconf 80' lang='grc' dir='ltr'>Εὐαγγέλιον</span> 
     </span>
    </p>
   </div>
   <div class='ocr_carea' id='block_1_10' title="bbox 224 996 1799 1073">
    <p class='ocr_par' dir='ltr' id='par_1_10' title="bbox 224 996 1799 1073">
     <span class='ocr_line' id='line_1_10' title="bbox 224 996 1799 1073; baseline -0.006 -18"><span class='ocrx_word' id='word_1_57' title='bbox 224 1003 321 1055; x_wconf 81' lang='grc' dir='ltr'><strong>τοῦ</strong></span> <span class='ocrx_word' id='word_1_58' title='bbox 358 1002 615 1073; x_wconf 78' lang='grc' dir='ltr'><strong>Χριστοῦ,</strong></span> <span class='ocrx_word' id='word_1_59' title='bbox 649 1000 743 1053; x_wconf 65' lang='lat' dir='ltr'><strong>xui.</strong></span> <span class='ocrx_word' id='word_1_60' title='bbox 780 1000 950 1069; x_wconf 83' lang='grc' dir='ltr'>θύρας</span> <span class='ocrx_word' id='word_1_61' title='bbox 981 1017 1070 1068; x_wconf 87' lang='grc' dir='ltr'><strong>μοι</strong></span> <span class='ocrx_word' id='word_1_62' title='bbox 1100 996 1454 1068; x_wconf 80' lang='grc' dir='ltr'><strong>ἀνεῳγμένης</strong></span> <span class='ocrx_word' id='word_1_63' title='bbox 1503 999 1560 1050; x_wconf 83' lang='grc' dir='ltr'>ὲν</span> <span class='ocrx_word' id='word_1_64' title='bbox 1588 998 1799 1066; x_wconf 81' lang='grc' dir='ltr'>Κυρίῳ,</span> 
     </span>
    </p>
   </div>
   <div class='ocr_carea' id='block_1_11' title="bbox 224 1088 1803 1163">
    <p class='ocr_par' dir='ltr' id='par_1_11' title="bbox 224 1088 1803 1163">
     <span class='ocr_line' id='line_1_11' title="bbox 224 1088 1803 1163; baseline -0.003 -19"><span class='ocrx_word' id='word_1_65' title='bbox 224 1095 327 1145; x_wconf 73' lang='grc' dir='ltr'><strong>οὐκ</strong></span> <span class='ocrx_word' id='word_1_66' title='bbox 360 1094 568 1163; x_wconf 78' lang='grc' dir='ltr'><strong>ἔσχηκα</strong></span> <span class='ocrx_word' id='word_1_67' title='bbox 598 1094 777 1146; x_wconf 81' lang='grc' dir='ltr'>ἄνεσιν</span> <span class='ocrx_word' id='word_1_68' title='bbox 806 1090 882 1162; x_wconf 78' lang='grc' dir='ltr'><strong>τῷ</strong></span> <span class='ocrx_word' id='word_1_69' title='bbox 904 1090 1177 1160; x_wconf 86' lang='grc' dir='ltr'>πνεύματί</span> <span class='ocrx_word' id='word_1_70' title='bbox 1208 1106 1333 1159; x_wconf 91' lang='grc' dir='ltr'>μου,</span> <span class='ocrx_word' id='word_1_71' title='bbox 1386 1088 1466 1157; x_wconf 82' lang='grc' dir='ltr'>τῷ</span> <span class='ocrx_word' id='word_1_72' title='bbox 1510 1088 1584 1159; x_wconf 81' lang='grc' dir='ltr'>μὴ</span> <span class='ocrx_word' id='word_1_73' title='bbox 1622 1089 1803 1158; x_wconf 74' lang='grc' dir='ltr'>εὑρεῖν</span> 
     </span>
    </p>
   </div>
   <div class='ocr_carea' id='block_1_12' title="bbox 229 1177 1803 1249">
    <p class='ocr_par' dir='ltr' id='par_1_12' title="bbox 229 1177 1803 1249">
     <span class='ocr_line' id='line_1_12' title="bbox 229 1177 1803 1249; baseline -0.003 -16"><span class='ocrx_word' id='word_1_74' title='bbox 229 1200 298 1249; x_wconf 88' lang='grc' dir='ltr'><strong>με</strong></span> <span class='ocrx_word' id='word_1_75' title='bbox 330 1182 487 1234; x_wconf 86' lang='grc' dir='ltr'>Τίτον</span> <span class='ocrx_word' id='word_1_76' title='bbox 516 1181 607 1232; x_wconf 80' lang='grc' dir='ltr'>τὸν</span> <span class='ocrx_word' id='word_1_77' title='bbox 629 1179 854 1249; x_wconf 78' lang='grc' dir='ltr'>ἀδελφόν</span> <span class='ocrx_word' id='word_1_78' title='bbox 894 1196 1017 1247; x_wconf 90' lang='grc' dir='ltr'>μου,</span> <span class='ocrx_word' id='word_1_79' title='bbox 1059 1178 1196 1231; x_wconf 81' lang='grc' dir='ltr'>ἀλλὰ</span> <span class='ocrx_word' id='word_1_80' title='bbox 1246 1177 1657 1247; x_wconf 81' lang='grc' dir='ltr'><strong>ἀποταξάμενος</strong></span> <span class='ocrx_word' id='word_1_81' title='bbox 1706 1177 1803 1230; x_wconf 67' lang='lat' dir='ltr'><strong>ab-</strong></span> 
     </span>
    </p>
   </div>
   <div class='ocr_carea' id='block_1_13' title="bbox 224 1270 1181 1341">
    <p class='ocr_par' dir='ltr' id='par_1_13' title="bbox 224 1270 1181 1341">
     <span class='ocr_line' id='line_1_13' title="bbox 224 1270 1181 1341; baseline -0.002 -18"><span class='ocrx_word' id='word_1_82' title='bbox 224 1277 361 1335; x_wconf 80' lang='grc' dir='ltr'>τοῖς,</span> <span class='ocrx_word' id='word_1_83' title='bbox 402 1272 624 1341; x_wconf 78' lang='grc' dir='ltr'>ἐξῆλθον</span> <span class='ocrx_word' id='word_1_84' title='bbox 653 1274 732 1335; x_wconf 88' lang='grc' dir='ltr'><strong>εἰς</strong></span> <span class='ocrx_word' id='word_1_85' title='bbox 766 1270 1129 1325; x_wconf 81' lang='grc' dir='ltr'>Μακεδονίαν.</span> <span class='ocrx_word' id='word_1_86' title='bbox 1162 1288 1181 1321; x_wconf 74' lang='grc' dir='ltr'><strong>ι</strong></span> 
     </span>
    </p>
   </div>
   <div class='ocr_carea' id='block_1_14' title="bbox 304 1440 1805 1515">
    <p class='ocr_par' dir='ltr' id='par_1_14' title="bbox 304 1440 1805 1515">
     <span class='ocr_line' id='line_1_14' title="bbox 304 1440 1805 1515; baseline -0.005 -16"><span class='ocrx_word' id='word_1_87' title='bbox 304 1446 484 1499; x_wconf 74' lang='grc' dir='ltr'>Εἰπὼν</span> <span class='ocrx_word' id='word_1_88' title='bbox 518 1448 576 1498; x_wconf 85' lang='grc' dir='ltr'>ὲν</span> <span class='ocrx_word' id='word_1_89' title='bbox 608 1447 801 1515; x_wconf 83' lang='grc' dir='ltr'>ἀρχαῖς</span> <span class='ocrx_word' id='word_1_90' title='bbox 836 1446 917 1497; x_wconf 85' lang='grc' dir='ltr'>ὅτι</span> <span class='ocrx_word' id='word_1_91' title='bbox 976 1446 1033 1496; x_wconf 86' lang='grc' dir='ltr'>ὲν</span> <span class='ocrx_word' id='word_1_92' title='bbox 1088 1446 1153 1513; x_wconf 80' lang='grc' dir='ltr'>τῇ</span> <span class='ocrx_word' id='word_1_93' title='bbox 1201 1441 1357 1513; x_wconf 73' lang='grc' dir='ltr'>Ἀσίᾳ</span> <span class='ocrx_word' id='word_1_94' title='bbox 1383 1440 1629 1511; x_wconf 80' lang='grc' dir='ltr'>ἐϐαρήθη</span> <span class='ocrx_word' id='word_1_95' title='bbox 1662 1440 1805 1512; x_wconf 76' lang='grc' dir='ltr'>ὑπὲρ</span> 
     </span>
    </p>
   </div>
   <div class='ocr_carea' id='block_1_15' title="bbox 226 1532 1806 1607">
    <p class='ocr_par' dir='ltr' id='par_1_15' title="bbox 226 1532 1806 1607">
     <span class='ocr_line' id='line_1_15' title="bbox 226 1532 1806 1607; baseline -0.004 -17"><span class='ocrx_word' id='word_1_96' title='bbox 226 1538 481 1607; x_wconf 80' lang='grc' dir='ltr'>δύναμιν,</span> <span class='ocrx_word' id='word_1_97' title='bbox 511 1540 602 1591; x_wconf 74' lang='grc' dir='ltr'><strong>καὶ</strong></span> <span class='ocrx_word' id='word_1_98' title='bbox 635 1538 816 1601; x_wconf 82' lang='grc' dir='ltr'>δείξας</span> <span class='ocrx_word' id='word_1_99' title='bbox 846 1537 964 1599; x_wconf 87' lang='grc' dir='ltr'>πῶς</span> <span class='ocrx_word' id='word_1_100' title='bbox 996 1535 1319 1605; x_wconf 80' lang='grc' dir='ltr'><strong>ἀπηλλάγη,</strong></span> <span class='ocrx_word' id='word_1_101' title='bbox 1352 1535 1449 1587; x_wconf 71' lang='grc' dir='ltr'><strong>καὶ</strong></span> <span class='ocrx_word' id='word_1_102' title='bbox 1476 1533 1543 1585; x_wconf 82' lang='grc' dir='ltr'><strong>τά</strong></span> <span class='ocrx_word' id='word_1_103' title='bbox 1574 1535 1633 1585; x_wconf 73' lang='grc' dir='ltr'>ἐν</span> <span class='ocrx_word' id='word_1_104' title='bbox 1657 1532 1806 1603; x_wconf 76' lang='grc' dir='ltr'>μέσῳ</span> 
     </span>
    </p>
   </div>
   <div class='ocr_carea' id='block_1_16' title="bbox 228 1624 1805 1699">
    <p class='ocr_par' dir='ltr' id='par_1_16' title="bbox 228 1624 1805 1699">
     <span class='ocr_line' id='line_1_16' title="bbox 228 1624 1805 1699; baseline -0.003 -20"><span class='ocrx_word' id='word_1_105' title='bbox 228 1629 516 1699; x_wconf 81' lang='grc' dir='ltr'>παρελθὼν</span> <span class='ocrx_word' id='word_1_106' title='bbox 538 1629 871 1695; x_wconf 84' lang='grc' dir='ltr'>ἀναγκαίως,</span> <span class='ocrx_word' id='word_1_107' title='bbox 900 1628 1139 1680; x_wconf 80' lang='grc' dir='ltr'>διδάσκει</span> <span class='ocrx_word' id='word_1_108' title='bbox 1173 1628 1358 1687; x_wconf 86' lang='grc' dir='ltr'>πάλιν,</span> <span class='ocrx_word' id='word_1_109' title='bbox 1398 1626 1481 1678; x_wconf 83' lang='grc' dir='ltr'>ὅτι</span> <span class='ocrx_word' id='word_1_110' title='bbox 1538 1627 1632 1677; x_wconf 80' lang='grc' dir='ltr'><strong>καὶ</strong></span> <span class='ocrx_word' id='word_1_111' title='bbox 1684 1624 1805 1676; x_wconf 76' lang='grc' dir='ltr'><strong>ἑτέ-</strong></span> 
     </span>
    </p>
   </div>
   <div class='ocr_carea' id='block_1_17' title="bbox 233 1716 1807 1787">
    <p class='ocr_par' dir='ltr' id='par_1_17' title="bbox 233 1716 1807 1787">
     <span class='ocr_line' id='line_1_17' title="bbox 233 1716 1807 1787; baseline -0.003 -16"><span class='ocrx_word' id='word_1_112' title='bbox 233 1737 341 1787; x_wconf 84' lang='grc' dir='ltr'><strong>ρως</strong></span> <span class='ocrx_word' id='word_1_113' title='bbox 374 1720 580 1785; x_wconf 82' lang='grc' dir='ltr'>ὲθλίϐη.</span> <span class='ocrx_word' id='word_1_114' title='bbox 614 1720 732 1781; x_wconf 84' lang='grc' dir='ltr'><strong>Πῶς</strong></span> <span class='ocrx_word' id='word_1_115' title='bbox 761 1719 853 1771; x_wconf 82' lang='grc' dir='ltr'>οὖν</span> <span class='ocrx_word' id='word_1_116' title='bbox 882 1719 973 1770; x_wconf 78' lang='grc' dir='ltr'><strong>καὶ</strong></span> <span class='ocrx_word' id='word_1_117' title='bbox 1006 1718 1111 1770; x_wconf 85' lang='grc' dir='ltr'>τίνι</span> <span class='ocrx_word' id='word_1_118' title='bbox 1137 1718 1359 1787; x_wconf 74' lang='grc' dir='ltr'>τρόπῳς</span> <span class='ocrx_word' id='word_1_119' title='bbox 1390 1717 1468 1787; x_wconf 83' lang='grc' dir='ltr'><strong>τῷ</strong></span> <span class='ocrx_word' id='word_1_120' title='bbox 1500 1718 1575 1787; x_wconf 82' lang='grc' dir='ltr'>μὴ</span> <span class='ocrx_word' id='word_1_121' title='bbox 1624 1716 1807 1786; x_wconf 73' lang='grc' dir='ltr'>εὑρεῖν</span> 
     </span>
    </p>
   </div>
   <div class='ocr_carea' id='block_1_18' title="bbox 228 1804 1388 1878">
    <p class='ocr_par' dir='ltr' id='par_1_18' title="bbox 228 1804 1388 1878">
     <span class='ocr_line' id='line_1_18' title="bbox 228 1804 1388 1878; baseline -0.001 -18"><span class='ocrx_word' id='word_1_122' title='bbox 228 1810 408 1861; x_wconf 80' lang='grc' dir='ltr'>Τίτον.</span> <span class='ocrx_word' id='word_1_123' title='bbox 452 1804 625 1871; x_wconf 67' lang='grc' dir='ltr'>Οὗτος</span> <span class='ocrx_word' id='word_1_124' title='bbox 642 1808 698 1860; x_wconf 78' lang='grc' dir='ltr'>δὲ</span> <span class='ocrx_word' id='word_1_125' title='bbox 729 1811 786 1860; x_wconf 83' lang='grc' dir='ltr'>ὲν</span> <span class='ocrx_word' id='word_1_126' title='bbox 819 1807 1066 1878; x_wconf 77' lang='grc' dir='ltr'>Κορίνθῳ</span> <span class='ocrx_word' id='word_1_127' title='bbox 1100 1806 1388 1876; x_wconf 81' lang='grc' dir='ltr'>διέτριϐεν.</span> 
     </span>
    </p>
   </div>
   <div class='ocr_carea' id='block_1_19' title="bbox 309 1979 1807 2056">
    <p class='ocr_par' dir='ltr' id='par_1_19' title="bbox 309 1979 1807 2056">
     <span class='ocr_line' id='line_1_19' title="bbox 309 1979 1807 2056; baseline -0.005 -20"><span class='ocrx_word' id='word_1_128' title='bbox 309 2006 326 2036; x_wconf 82' lang='grc' dir='ltr'><strong>ι</strong></span> <span class='ocrx_word' id='word_1_129' title='bbox 350 1986 441 2056; x_wconf 79' lang='grc' dir='ltr'>Τῷ</span> <span class='ocrx_word' id='word_1_130' title='bbox 469 1986 525 2039; x_wconf 81' lang='grc' dir='ltr'>δὲ</span> <span class='ocrx_word' id='word_1_131' title='bbox 557 1984 673 2055; x_wconf 85' lang='grc' dir='ltr'><strong>Θεῷ</strong></span> <span class='ocrx_word' id='word_1_132' title='bbox 706 1985 864 2055; x_wconf 86' lang='grc' dir='ltr'>χάρις</span> <span class='ocrx_word' id='word_1_133' title='bbox 890 1982 967 2053; x_wconf 78' lang='grc' dir='ltr'><strong>τῷ</strong></span> <span class='ocrx_word' id='word_1_134' title='bbox 994 1982 1225 2034; x_wconf 83' lang='grc' dir='ltr'>πάντοτε</span> <span class='ocrx_word' id='word_1_135' title='bbox 1246 1979 1634 2050; x_wconf 79' lang='grc' dir='ltr'>θριαμϐεύοντι</span> <span class='ocrx_word' id='word_1_136' title='bbox 1660 1980 1807 2048; x_wconf 76' lang='grc' dir='ltr'>ἡμᾶς</span> 
     </span>
    </p>
   </div>
   <div class='ocr_carea' id='block_1_20' title="bbox 226 2077 731 2147">
    <p class='ocr_par' dir='ltr' id='par_1_20' title="bbox 226 2077 731 2147">
     <span class='ocr_line' id='line_1_20' title="bbox 226 2077 731 2147; baseline -0.002 -18"><span class='ocrx_word' id='word_1_137' title='bbox 226 2080 291 2129; x_wconf 76' lang='grc' dir='ltr'>ὲν</span> <span class='ocrx_word' id='word_1_138' title='bbox 317 2078 393 2146; x_wconf 82' lang='grc' dir='ltr'><strong>τῷ</strong></span> <span class='ocrx_word' id='word_1_139' title='bbox 422 2077 661 2147; x_wconf 76' lang='grc' dir='ltr'>Χριστῷ.</span> <span class='ocrx_word' id='word_1_140' title='bbox 714 2097 731 2128; x_wconf 74' lang='grc' dir='ltr'><strong>ι</strong></span> 
     </span>
    </p>
   </div>
   <div class='ocr_carea' id='block_1_21' title="bbox 306 2161 1808 2241">
    <p class='ocr_par' dir='ltr' id='par_1_21' title="bbox 306 2161 1808 2241">
     <span class='ocr_line' id='line_1_21' title="bbox 306 2161 1808 2241; baseline -0.007 -18"><span class='ocrx_word' id='word_1_141' title='bbox 306 2173 421 2223; x_wconf 72' lang='lat' dir='ltr'><strong>&quot;iv:</strong></span> <span class='ocrx_word' id='word_1_142' title='bbox 450 2171 524 2239; x_wconf 84' lang='grc' dir='ltr'>μὴ</span> <span class='ocrx_word' id='word_1_143' title='bbox 548 2171 675 2241; x_wconf 69' lang='grc' dir='ltr'><strong>δόξῃ</strong></span> <span class='ocrx_word' id='word_1_144' title='bbox 696 2172 769 2232; x_wconf 80' lang='grc' dir='ltr'>ὡς</span> <span class='ocrx_word' id='word_1_145' title='bbox 803 2168 1018 2238; x_wconf 83' lang='grc' dir='ltr'>θρηνῶν</span> <span class='ocrx_word' id='word_1_146' title='bbox 1046 2164 1221 2221; x_wconf 87' lang='grc' dir='ltr'>ταῦτα</span> <span class='ocrx_word' id='word_1_147' title='bbox 1249 2163 1652 2234; x_wconf 77' lang='grc' dir='ltr'>ἀποδύρεσθαι,</span> <span class='ocrx_word' id='word_1_148' title='bbox 1710 2161 1808 2230; x_wconf 82' lang='grc' dir='ltr'>χά-</span> 
     </span>
    </p>
   </div>
   <div class='ocr_carea' id='block_1_22' title="bbox 232 2256 1804 2335">
    <p class='ocr_par' dir='ltr' id='par_1_22' title="bbox 232 2256 1804 2335">
     <span class='ocr_line' id='line_1_22' title="bbox 232 2256 1804 2335; baseline -0.008 -18"><span class='ocrx_word' id='word_1_149' title='bbox 232 2282 319 2335; x_wconf 74' lang='grc' dir='ltr'><strong>ριν</strong></span> <span class='ocrx_word' id='word_1_150' title='bbox 368 2263 681 2332; x_wconf 80' lang='grc' dir='ltr'>ἀναπέμπει</span> <span class='ocrx_word' id='word_1_151' title='bbox 738 2262 814 2332; x_wconf 81' lang='grc' dir='ltr'><strong>τῷ</strong></span> <span class='ocrx_word' id='word_1_152' title='bbox 850 2260 1000 2331; x_wconf 83' lang='grc' dir='ltr'><strong>Θεῷ·</strong></span> <span class='ocrx_word' id='word_1_153' title='bbox 1034 2260 1063 2313; x_wconf 82' lang='grc' dir='ltr'><strong>δ</strong></span> <span class='ocrx_word' id='word_1_154' title='bbox 1088 2260 1146 2313; x_wconf 75' lang='grc' dir='ltr'>δὲ</span> <span class='ocrx_word' id='word_1_155' title='bbox 1187 2258 1335 2326; x_wconf 78' lang='grc' dir='ltr'>λέγει</span> <span class='ocrx_word' id='word_1_156' title='bbox 1383 2256 1624 2309; x_wconf 84' lang='grc' dir='ltr'>τοιοῦτόν</span> <span class='ocrx_word' id='word_1_157' title='bbox 1669 2256 1804 2306; x_wconf 77' lang='grc' dir='ltr'>ἐστι.</span> 
     </span>
    </p>
   </div>
   <div class='ocr_carea' id='block_1_23' title="bbox 231 2344 1808 2426">
    <p class='ocr_par' dir='ltr' id='par_1_23' title="bbox 231 2344 1808 2426">
     <span class='ocr_line' id='line_1_23' title="bbox 231 2344 1808 2426; baseline -0.008 -16"><span class='ocrx_word' id='word_1_158' title='bbox 231 2356 517 2426; x_wconf 79' lang='grc' dir='ltr'>ιΙανταχοῦ</span> <span class='ocrx_word' id='word_1_159' title='bbox 546 2356 744 2425; x_wconf 80' lang='grc' dir='ltr'>θλίψις,</span> <span class='ocrx_word' id='word_1_160' title='bbox 794 2353 1070 2423; x_wconf 88' lang='grc' dir='ltr'>πανταχοῦ</span> <span class='ocrx_word' id='word_1_161' title='bbox 1108 2349 1459 2420; x_wconf 80' lang='grc' dir='ltr'>στενοχωρία.</span> <span class='ocrx_word' id='word_1_162' title='bbox 1497 2344 1699 2401; x_wconf 75' lang='grc' dir='ltr'>Ἷιλθον</span> <span class='ocrx_word' id='word_1_163' title='bbox 1730 2349 1808 2408; x_wconf 87' lang='grc' dir='ltr'><strong>εἰς</strong></span> 
     </span>
    </p>
   </div>
   <div class='ocr_carea' id='block_1_24' title="bbox 229 2435 1811 2516">
    <p class='ocr_par' dir='ltr' id='par_1_24' title="bbox 229 2435 1811 2516">
     <span class='ocr_line' id='line_1_24' title="bbox 229 2435 1811 2516; baseline -0.006 -19"><span class='ocrx_word' id='word_1_164' title='bbox 229 2447 329 2516; x_wconf 76' lang='grc' dir='ltr'>τὴν</span> <span class='ocrx_word' id='word_1_165' title='bbox 376 2448 582 2509; x_wconf 76' lang='grc' dir='ltr'>Ἀσίαν,</span> <span class='ocrx_word' id='word_1_166' title='bbox 644 2445 920 2516; x_wconf 73' lang='grc' dir='ltr'>ἐϐαρήθην</span> <span class='ocrx_word' id='word_1_167' title='bbox 976 2444 1118 2515; x_wconf 78' lang='grc' dir='ltr'>ὑπὲρ</span> <span class='ocrx_word' id='word_1_168' title='bbox 1181 2442 1431 2511; x_wconf 87' lang='grc' dir='ltr'>δύναμιν.</span> <span class='ocrx_word' id='word_1_169' title='bbox 1470 2435 1672 2491; x_wconf 76' lang='grc' dir='ltr'>Ἷιλθον</span> <span class='ocrx_word' id='word_1_170' title='bbox 1730 2438 1811 2498; x_wconf 89' lang='grc' dir='ltr'>εἰς</span> 
     </span>
    </p>
   </div>
   <div class='ocr_carea' id='block_1_25' title="bbox 229 2526 1810 2607">
    <p class='ocr_par' dir='ltr' id='par_1_25' title="bbox 229 2526 1810 2607">
     <span class='ocr_line' id='line_1_25' title="bbox 229 2526 1810 2607; baseline -0.007 -16"><span class='ocrx_word' id='word_1_171' title='bbox 229 2539 484 2607; x_wconf 66' lang='grc' dir='ltr'>Τρωάδα,</span> <span class='ocrx_word' id='word_1_172' title='bbox 518 2538 617 2607; x_wconf 75' lang='grc' dir='ltr'>οὐχ</span> <span class='ocrx_word' id='word_1_173' title='bbox 646 2533 805 2606; x_wconf 69' lang='grc' dir='ltr'>εὖρον</span> <span class='ocrx_word' id='word_1_174' title='bbox 851 2538 941 2590; x_wconf 82' lang='grc' dir='ltr'>τὸν</span> <span class='ocrx_word' id='word_1_175' title='bbox 988 2536 1217 2604; x_wconf 85' lang='grc' dir='ltr'>ἀδελφόν</span> <span class='ocrx_word' id='word_1_176' title='bbox 1243 2551 1256 2564; x_wconf 72' lang='grc' dir='ltr'><strong>ο</strong></span> <span class='ocrx_word' id='word_1_177' title='bbox 1320 2533 1421 2586; x_wconf 83' lang='grc' dir='ltr'><strong>οὐκ</strong></span> <span class='ocrx_word' id='word_1_178' title='bbox 1471 2527 1635 2601; x_wconf 70' lang='grc' dir='ltr'>ἦλθον</span> <span class='ocrx_word' id='word_1_179' title='bbox 1674 2526 1810 2598; x_wconf 83' lang='grc' dir='ltr'>πρὸς</span> 
     </span>
    </p>
   </div>
   <div class='ocr_carea' id='block_1_26' title="bbox 231 2620 1806 2700">
    <p class='ocr_par' dir='ltr' id='par_1_26' title="bbox 231 2620 1806 2700">
     <span class='ocr_line' id='line_1_26' title="bbox 231 2620 1806 2700; baseline -0.014 -9"><span class='ocrx_word' id='word_1_180' title='bbox 231 2632 401 2698; x_wconf 65' lang='grc' dir='ltr'>ἡμεῖς,</span> <span class='ocrx_word' id='word_1_181' title='bbox 434 2631 495 2683; x_wconf 75' lang='grc' dir='ltr'>οὐ</span> <span class='ocrx_word' id='word_1_182' title='bbox 532 2630 738 2700; x_wconf 71' lang='grc' dir='ltr'>μικράν</span> <span class='ocrx_word' id='word_1_183' title='bbox 767 2646 858 2697; x_wconf 88' lang='grc' dir='ltr'><strong>μοι</strong></span> <span class='ocrx_word' id='word_1_184' title='bbox 888 2628 981 2681; x_wconf 75' lang='grc' dir='ltr'><strong>καὶ</strong></span> <span class='ocrx_word' id='word_1_185' title='bbox 1029 2626 1187 2680; x_wconf 87' lang='grc' dir='ltr'>τοῦτο</span> <span class='ocrx_word' id='word_1_186' title='bbox 1220 2624 1457 2693; x_wconf 80' lang='grc' dir='ltr'>ἀθυμίαν</span> <span class='ocrx_word' id='word_1_187' title='bbox 1516 2620 1806 2689; x_wconf 77' lang='grc' dir='ltr'>ἐποίησεν·</span> 
     </span>
    </p>
   </div>
   <div class='ocr_carea' id='block_1_27' title="bbox 230 2711 1809 2789">
    <p class='ocr_par' dir='ltr' id='par_1_27' title="bbox 230 2711 1809 2789">
     <span class='ocr_line' id='line_1_27' title="bbox 230 2711 1809 2789; baseline -0.008 -16"><span class='ocrx_word' id='word_1_188' title='bbox 230 2722 347 2773; x_wconf 75' lang='grc' dir='ltr'>ἀλλ’</span> <span class='ocrx_word' id='word_1_189' title='bbox 382 2724 439 2771; x_wconf 83' lang='grc' dir='ltr'>ὲν</span> <span class='ocrx_word' id='word_1_190' title='bbox 492 2719 703 2782; x_wconf 81' lang='grc' dir='ltr'>τούτοις</span> <span class='ocrx_word' id='word_1_191' title='bbox 751 2720 906 2780; x_wconf 80' lang='grc' dir='ltr'>πᾶσι,</span> <span class='ocrx_word' id='word_1_192' title='bbox 940 2718 1128 2789; x_wconf 74' lang='grc' dir='ltr'>φησὶν.</span> <span class='ocrx_word' id='word_1_193' title='bbox 1186 2717 1287 2769; x_wconf 81' lang='grc' dir='ltr'><strong>οὐκ</strong></span> <span class='ocrx_word' id='word_1_194' title='bbox 1342 2713 1639 2781; x_wconf 82' lang='grc' dir='ltr'>ἀλγοῦμεν,</span> <span class='ocrx_word' id='word_1_195' title='bbox 1674 2711 1809 2765; x_wconf 86' lang='grc' dir='ltr'><strong>ἀλλά</strong></span> 
     </span>
    </p>
   </div>
   <div class='ocr_carea' id='block_1_28' title="bbox 231 2803 1809 2881">
    <p class='ocr_par' dir='ltr' id='par_1_28' title="bbox 231 2803 1809 2881">
     <span class='ocr_line' id='line_1_28' title="bbox 231 2803 1809 2881; baseline -0.008 -16"><span class='ocrx_word' id='word_1_196' title='bbox 231 2814 329 2865; x_wconf 73' lang='grc' dir='ltr'><strong>καὶ</strong></span> <span class='ocrx_word' id='word_1_197' title='bbox 364 2813 647 2881; x_wconf 76' lang='grc' dir='ltr'>χαίρομεν,</span> <span class='ocrx_word' id='word_1_198' title='bbox 671 2811 734 2863; x_wconf 77' lang='grc' dir='ltr'>οὐ</span> <span class='ocrx_word' id='word_1_199' title='bbox 759 2811 917 2879; x_wconf 83' lang='grc' dir='ltr'>μόνον</span> <span class='ocrx_word' id='word_1_200' title='bbox 947 2809 1037 2862; x_wconf 82' lang='grc' dir='ltr'>διὰ</span> <span class='ocrx_word' id='word_1_201' title='bbox 1069 2808 1137 2861; x_wconf 72' lang='grc' dir='ltr'>τὰ</span> <span class='ocrx_word' id='word_1_202' title='bbox 1181 2806 1467 2878; x_wconf 86' lang='grc' dir='ltr'>μέλλοντα,</span> <span class='ocrx_word' id='word_1_203' title='bbox 1530 2804 1665 2857; x_wconf 86' lang='grc' dir='ltr'><strong>ἀλλά</strong></span> <span class='ocrx_word' id='word_1_204' title='bbox 1716 2803 1809 2855; x_wconf 76' lang='grc' dir='ltr'><strong>καὶ</strong></span> 
     </span>
    </p>
   </div>
   <div class='ocr_carea' id='block_1_29' title="bbox 230 2895 1809 2971">
    <p class='ocr_par' dir='ltr' id='par_1_29' title="bbox 230 2895 1809 2971">
     <span class='ocr_line' id='line_1_29' title="bbox 230 2895 1809 2971; baseline -0.006 -16"><span class='ocrx_word' id='word_1_205' title='bbox 230 2905 321 2955; x_wconf 72' lang='grc' dir='ltr'>διὰ</span> <span class='ocrx_word' id='word_1_206' title='bbox 345 2905 413 2955; x_wconf 87' lang='grc' dir='ltr'><strong>τά</strong></span> <span class='ocrx_word' id='word_1_207' title='bbox 447 2904 706 2971; x_wconf 70' lang='grc' dir='ltr'>παρόντα,</span> <span class='ocrx_word' id='word_1_208' title='bbox 747 2904 828 2954; x_wconf 84' lang='grc' dir='ltr'>ὅτι</span> <span class='ocrx_word' id='word_1_209' title='bbox 860 2903 917 2954; x_wconf 79' lang='grc' dir='ltr'>ὲν</span> <span class='ocrx_word' id='word_1_210' title='bbox 969 2901 1154 2962; x_wconf 84' lang='grc' dir='ltr'>αὐτοῖς</span> <span class='ocrx_word' id='word_1_211' title='bbox 1212 2897 1454 2968; x_wconf 84' lang='grc' dir='ltr'>λαμπροί</span> <span class='ocrx_word' id='word_1_212' title='bbox 1505 2899 1670 2966; x_wconf 75' lang='grc' dir='ltr'>ἐσμεν</span> <span class='ocrx_word' id='word_1_213' title='bbox 1715 2895 1809 2947; x_wconf 72' lang='grc' dir='ltr'><strong>καὶ</strong></span> 
     </span>
    </p>
   </div>
   <div class='ocr_carea' id='block_1_30' title="bbox 230 2990 1809 3065">
    <p class='ocr_par' dir='ltr' id='par_1_30' title="bbox 230 2990 1809 3065">
     <span class='ocr_line' id='line_1_30' title="bbox 230 2990 1809 3065; baseline -0.006 -19"><span class='ocrx_word' id='word_1_214' title='bbox 230 2998 589 3065; x_wconf 73' lang='grc' dir='ltr'>προσφανεῖς.</span> <span class='ocrx_word' id='word_1_215' title='bbox 626 2995 717 3047; x_wconf 77' lang='grc' dir='ltr'><strong>Διὸ</strong></span> <span class='ocrx_word' id='word_1_216' title='bbox 744 2994 901 3045; x_wconf 89' lang='grc' dir='ltr'>τοῦτο</span> <span class='ocrx_word' id='word_1_217' title='bbox 922 2995 1016 3044; x_wconf 81' lang='grc' dir='ltr'><strong>καὶ</strong></span> <span class='ocrx_word' id='word_1_218' title='bbox 1046 2992 1334 3059; x_wconf 75' lang='grc' dir='ltr'>θρίαμϐον</span> <span class='ocrx_word' id='word_1_219' title='bbox 1360 2990 1421 3041; x_wconf 84' lang='grc' dir='ltr'>τὸ</span> <span class='ocrx_word' id='word_1_220' title='bbox 1453 2990 1685 3058; x_wconf 81' lang='grc' dir='ltr'>πρᾶγμα</span> <span class='ocrx_word' id='word_1_221' title='bbox 1714 3004 1809 3038; x_wconf 83' lang='grc' dir='ltr'><strong>κα·-</strong></span> 
     </span>
    </p>
   </div>
   <div class='ocr_carea' id='block_1_31' title="bbox 230 3078 1809 3157">
    <p class='ocr_par' dir='ltr' id='par_1_31' title="bbox 230 3078 1809 3157">
     <span class='ocr_line' id='line_1_31' title="bbox 230 3078 1809 3157; baseline -0.008 -17"><span class='ocrx_word' id='word_1_222' title='bbox 230 3091 337 3141; x_wconf 82' lang='grc' dir='ltr'>λεῐ.</span> <span class='ocrx_word' id='word_1_223' title='bbox 378 3089 433 3140; x_wconf 87' lang='lat'><strong>&#39;0</strong></span> <span class='ocrx_word' id='word_1_224' title='bbox 456 3089 563 3157; x_wconf 71' lang='grc' dir='ltr'><strong>γὰρ</strong></span> <span class='ocrx_word' id='word_1_225' title='bbox 586 3086 854 3157; x_wconf 84' lang='grc' dir='ltr'>θρίαμϐος</span> <span class='ocrx_word' id='word_1_226' title='bbox 877 3082 1035 3135; x_wconf 86' lang='grc' dir='ltr'>τοῦτό</span> <span class='ocrx_word' id='word_1_227' title='bbox 1090 3084 1229 3143; x_wconf 68' lang='grc' dir='ltr'>ἐστι,</span> <span class='ocrx_word' id='word_1_228' title='bbox 1278 3081 1339 3133; x_wconf 81' lang='grc' dir='ltr'>τὸ</span> <span class='ocrx_word' id='word_1_229' title='bbox 1376 3083 1509 3133; x_wconf 79' lang='grc' dir='ltr'>πᾶσι</span> <span class='ocrx_word' id='word_1_230' title='bbox 1554 3078 1809 3147; x_wconf 87' lang='grc' dir='ltr'>γενέσθαι</span> 
     </span>
    </p>
   </div>
   <div class='ocr_carea' id='block_1_32' title="bbox 1909 628 3472 699">
    <p class='ocr_par' dir='ltr' id='par_1_32' title="bbox 1909 628 3472 699">
     <span class='ocr_line' id='line_1_32' title="bbox 1909 628 3472 699; baseline 0.003 -17"><span class='ocrx_word' id='word_1_231' title='bbox 1909 630 2091 683; x_wconf 87' lang='lat' dir='ltr'><strong>solum</strong></span> <span class='ocrx_word' id='word_1_232' title='bbox 2120 628 2187 682; x_wconf 91' lang='lat' dir='ltr'><strong>ad</strong></span> <span class='ocrx_word' id='word_1_233' title='bbox 2220 639 2470 699; x_wconf 92' lang='lat' dir='ltr'><strong>stuprum</strong></span> <span class='ocrx_word' id='word_1_234' title='bbox 2499 630 2707 685; x_wconf 89' lang='lat' dir='ltr'><strong>illicere</strong></span> <span class='ocrx_word' id='word_1_235' title='bbox 2727 669 2743 693; x_wconf 94' lang='lat'><strong>,</strong></span> <span class='ocrx_word' id='word_1_236' title='bbox 2775 646 2968 685; x_wconf 87' lang='lat' dir='ltr'><strong>verum</strong></span> <span class='ocrx_word' id='word_1_237' title='bbox 2997 639 3051 687; x_wconf 90' lang='lat' dir='ltr'><strong>et</strong></span> <span class='ocrx_word' id='word_1_238' title='bbox 3079 633 3356 687; x_wconf 82' lang='lat' dir='ltr'><strong>contraria</strong></span> <span class='ocrx_word' id='word_1_239' title='bbox 3387 650 3472 686; x_wconf 85' lang='lat' dir='ltr'><strong>ra-</strong></span> 
     </span>
    </p>
   </div>
   <div class='ocr_carea' id='block_1_33' title="bbox 1903 722 3474 795">
    <p class='ocr_par' dir='ltr' id='par_1_33' title="bbox 1903 722 3474 795">
     <span class='ocr_line' id='line_1_33' title="bbox 1903 722 3474 795; baseline -0.001 -19"><span class='ocrx_word' id='word_1_240' title='bbox 1903 724 2051 778; x_wconf 90' lang='lat' dir='ltr'><strong>tione</strong></span> <span class='ocrx_word' id='word_1_241' title='bbox 2084 723 2414 779; x_wconf 77' lang='lat' dir='ltr'><strong>labefactare</strong></span> <span class='ocrx_word' id='word_1_242' title='bbox 2460 726 2663 794; x_wconf 90' lang='lat' dir='ltr'><strong>possit,</strong></span> <span class='ocrx_word' id='word_1_243' title='bbox 2692 724 2998 779; x_wconf 66' lang='lat' dir='ltr'><strong>immodicas</strong></span> <span class='ocrx_word' id='word_1_244' title='bbox 3034 722 3474 795; x_wconf 72' lang='lat' dir='ltr'><strong>nimirumpmni-</strong></span> 
     </span>
    </p>
   </div>
   <div class='ocr_carea' id='block_1_34' title="bbox 1902 814 2491 867">
    <p class='ocr_par' dir='ltr' id='par_1_34' title="bbox 1902 814 2491 867">
     <span class='ocr_line' id='line_1_34' title="bbox 1902 814 2491 867; baseline 0.002 -1"><span class='ocrx_word' id='word_1_245' title='bbox 1902 814 2085 867; x_wconf 52' lang='lat' dir='ltr'><strong>tentias</strong></span> <span class='ocrx_word' id='word_1_246' title='bbox 2116 814 2167 867; x_wconf 97' lang='lat' dir='ltr'><strong>vi</strong></span> <span class='ocrx_word' id='word_1_247' title='bbox 2201 819 2257 867; x_wconf 90' lang='lat' dir='ltr'><strong>et</strong></span> <span class='ocrx_word' id='word_1_248' title='bbox 2282 814 2491 867; x_wconf 82' lang='lat' dir='ltr'><strong>dolore.</strong></span> 
     </span>
    </p>
   </div>
   <div class='ocr_carea' id='block_1_35' title="bbox 1984 903 3473 971">
    <p class='ocr_par' dir='ltr' id='par_1_35' title="bbox 1984 903 3473 971">
     <span class='ocr_line' id='line_1_35' title="bbox 1984 903 3473 971; baseline 0 -13"><span class='ocrx_word' id='word_1_249' title='bbox 1984 904 2149 959; x_wconf 69' lang='lat' dir='ltr'><strong>Vens.</strong></span> <span class='ocrx_word' id='word_1_250' title='bbox 2194 906 2294 971; x_wconf 73' lang='lat' dir='ltr'><strong>i2,</strong></span> <span class='ocrx_word' id='word_1_251' title='bbox 2338 908 2424 961; x_wconf 81' lang='lat' dir='ltr'><strong>i5.</strong></span> <span class='ocrx_word' id='word_1_252' title='bbox 2457 927 2475 957; x_wconf 71' lang='grc' dir='ltr'><strong>ι</strong></span> <span class='ocrx_word' id='word_1_253' title='bbox 2506 908 2640 961; x_wconf 88' lang='lat' dir='ltr'><strong>Cum</strong></span> <span class='ocrx_word' id='word_1_254' title='bbox 2676 907 2949 962; x_wconf 82' lang='lat' dir='ltr'><strong>venissem</strong></span> <span class='ocrx_word' id='word_1_255' title='bbox 2986 914 3168 962; x_wconf 87' lang='lat' dir='ltr'><strong>autem</strong></span> <span class='ocrx_word' id='word_1_256' title='bbox 3201 903 3473 960; x_wconf 76' lang='lat' dir='ltr'><strong>Troadem</strong></span> 
     </span>
    </p>
   </div>
   <div class='ocr_carea' id='block_1_36' title="bbox 1904 993 3475 1065">
    <p class='ocr_par' dir='ltr' id='par_1_36' title="bbox 1904 993 3475 1065">
     <span class='ocr_line' id='line_1_36' title="bbox 1904 993 3475 1065; baseline 0.002 -20"><span class='ocrx_word' id='word_1_257' title='bbox 1904 1001 2128 1062; x_wconf 84' lang='lat' dir='ltr'><strong>propter</strong></span> <span class='ocrx_word' id='word_1_258' title='bbox 2160 993 2517 1063; x_wconf 81' lang='lat' dir='ltr'><strong>Evangelium</strong></span> <span class='ocrx_word' id='word_1_259' title='bbox 2550 994 2787 1059; x_wconf 88' lang='lat' dir='ltr'><strong>Christi,</strong></span> <span class='ocrx_word' id='word_1_260' title='bbox 2820 1005 2875 1051; x_wconf 93' lang='lat' dir='ltr'><strong>et</strong></span> <span class='ocrx_word' id='word_1_261' title='bbox 2912 995 3115 1049; x_wconf 87' lang='lat' dir='ltr'><strong>ostium</strong></span> <span class='ocrx_word' id='word_1_262' title='bbox 3147 994 3279 1050; x_wconf 91' lang='lat' dir='ltr'><strong>mibi</strong></span> <span class='ocrx_word' id='word_1_263' title='bbox 3312 1009 3475 1065; x_wconf 88' lang='lat' dir='ltr'><strong>aper-</strong></span> 
     </span>
    </p>
   </div>
   <div class='ocr_carea' id='block_1_37' title="bbox 1904 1084 3474 1154">
    <p class='ocr_par' dir='ltr' id='par_1_37' title="bbox 1904 1084 3474 1154">
     <span class='ocr_line' id='line_1_37' title="bbox 1904 1084 3474 1154; baseline 0 -19"><span class='ocrx_word' id='word_1_264' title='bbox 1904 1091 2018 1136; x_wconf 91' lang='lat' dir='ltr'><strong>tum</strong></span> <span class='ocrx_word' id='word_1_265' title='bbox 2049 1092 2199 1138; x_wconf 80' lang='lat' dir='ltr'><strong>esset</strong></span> <span class='ocrx_word' id='word_1_266' title='bbox 2233 1086 2288 1138; x_wconf 91' lang='lat' dir='ltr'><strong>in</strong></span> <span class='ocrx_word' id='word_1_267' title='bbox 2323 1084 2589 1152; x_wconf 77' lang='lat' dir='ltr'><strong>Domino,</strong></span> <span class='ocrx_word' id='word_1_268' title='bbox 2624 1100 2735 1139; x_wconf 90' lang='lat' dir='ltr'><strong>non</strong></span> <span class='ocrx_word' id='word_1_269' title='bbox 2768 1084 2935 1139; x_wconf 90' lang='lat' dir='ltr'><strong>habui</strong></span> <span class='ocrx_word' id='word_1_270' title='bbox 2970 1087 3216 1154; x_wconf 83' lang='lat' dir='ltr'><strong>requiem</strong></span> <span class='ocrx_word' id='word_1_271' title='bbox 3250 1084 3474 1153; x_wconf 84' lang='lat' dir='ltr'><strong>spiritui</strong></span> 
     </span>
    </p>
   </div>
   <div class='ocr_carea' id='block_1_38' title="bbox 1906 1174 3472 1241">
    <p class='ocr_par' dir='ltr' id='par_1_38' title="bbox 1906 1174 3472 1241">
     <span class='ocr_line' id='line_1_38' title="bbox 1906 1174 3472 1241; baseline 0.001 -16"><span class='ocrx_word' id='word_1_272' title='bbox 1906 1186 2067 1235; x_wconf 90' lang='lat' dir='ltr'><strong>meo,</strong></span> <span class='ocrx_word' id='word_1_273' title='bbox 2127 1187 2195 1228; x_wconf 88' lang='lat' dir='ltr'><strong>eo</strong></span> <span class='ocrx_word' id='word_1_274' title='bbox 2254 1174 2399 1241; x_wconf 89' lang='lat' dir='ltr'><strong>quod</strong></span> <span class='ocrx_word' id='word_1_275' title='bbox 2454 1191 2563 1229; x_wconf 90' lang='lat' dir='ltr'><strong>non</strong></span> <span class='ocrx_word' id='word_1_276' title='bbox 2625 1176 2928 1230; x_wconf 78' lang='lat' dir='ltr'><strong>invenerim</strong></span> <span class='ocrx_word' id='word_1_277' title='bbox 2992 1174 3175 1228; x_wconf 87' lang='lat' dir='ltr'><strong>Titum</strong></span> <span class='ocrx_word' id='word_1_278' title='bbox 3241 1174 3472 1229; x_wconf 80' lang='lat' dir='ltr'><strong>fratrem</strong></span> 
     </span>
    </p>
   </div>
   <div class='ocr_carea' id='block_1_39' title="bbox 1906 1263 3473 1337">
    <p class='ocr_par' dir='ltr' id='par_1_39' title="bbox 1906 1263 3473 1337">
     <span class='ocr_line' id='line_1_39' title="bbox 1906 1263 3473 1337; baseline 0.001 -21"><span class='ocrx_word' id='word_1_279' title='bbox 1906 1279 2144 1317; x_wconf 89' lang='lat' dir='ltr'><strong>meum:</strong></span> <span class='ocrx_word' id='word_1_280' title='bbox 2196 1263 2295 1320; x_wconf 93' lang='lat' dir='ltr'><strong>sed</strong></span> <span class='ocrx_word' id='word_1_281' title='bbox 2349 1266 2677 1323; x_wconf 80' lang='lat' dir='ltr'><strong>valefacicns</strong></span> <span class='ocrx_word' id='word_1_282' title='bbox 2735 1267 2853 1333; x_wconf 90' lang='lat' dir='ltr'><strong>eis,</strong></span> <span class='ocrx_word' id='word_1_283' title='bbox 2914 1266 3193 1337; x_wconf 88' lang='lat' dir='ltr'><strong>profectus</strong></span> <span class='ocrx_word' id='word_1_284' title='bbox 3240 1280 3364 1321; x_wconf 89' lang='lat' dir='ltr'><strong>sum</strong></span> <span class='ocrx_word' id='word_1_285' title='bbox 3418 1264 3473 1318; x_wconf 89' lang='lat' dir='ltr'><strong>in</strong></span> 
     </span>
    </p>
   </div>
   <div class='ocr_carea' id='block_1_40' title="bbox 1906 1356 2361 1412">
    <p class='ocr_par' dir='ltr' id='par_1_40' title="bbox 1906 1356 2361 1412">
     <span class='ocr_line' id='line_1_40' title="bbox 1906 1356 2361 1412; baseline -0.004 -1"><span class='ocrx_word' id='word_1_286' title='bbox 1906 1356 2307 1412; x_wconf 80' lang='lat' dir='ltr'><strong>Macedoniam.</strong></span> <span class='ocrx_word' id='word_1_287' title='bbox 2340 1375 2361 1409; x_wconf 72' lang='grc' dir='ltr'><strong>ι</strong></span> 
     </span>
    </p>
   </div>
   <div class='ocr_carea' id='block_1_41' title="bbox 1975 1447 3473 1519">
    <p class='ocr_par' dir='ltr' id='par_1_41' title="bbox 1975 1447 3473 1519">
     <span class='ocr_line' id='line_1_41' title="bbox 1975 1447 3473 1519; baseline 0.001 -19"><span class='ocrx_word' id='word_1_288' title='bbox 1975 1448 2141 1502; x_wconf 89' lang='lat' dir='ltr'><strong>initio</strong></span> <span class='ocrx_word' id='word_1_289' title='bbox 2164 1448 2381 1503; x_wconf 79' lang='lat' dir='ltr'><strong>dixerat</strong></span> <span class='ocrx_word' id='word_1_290' title='bbox 2410 1456 2696 1519; x_wconf 88' lang='lat' dir='ltr'><strong>gravatum</strong></span> <span class='ocrx_word' id='word_1_291' title='bbox 2726 1464 2787 1503; x_wconf 92' lang='lat' dir='ltr'><strong>se</strong></span> <span class='ocrx_word' id='word_1_292' title='bbox 2811 1462 2981 1517; x_wconf 84' lang='lat' dir='ltr'><strong>supra</strong></span> <span class='ocrx_word' id='word_1_293' title='bbox 3007 1447 3229 1503; x_wconf 90' lang='lat' dir='ltr'><strong>modum</strong></span> <span class='ocrx_word' id='word_1_294' title='bbox 3264 1448 3473 1503; x_wconf 88' lang='lat' dir='ltr'><strong>fuisse:</strong></span> 
     </span>
    </p>
   </div>
   <div class='ocr_carea' id='block_1_42' title="bbox 1906 1538 3477 1609">
    <p class='ocr_par' dir='ltr' id='par_1_42' title="bbox 1906 1538 3477 1609">
     <span class='ocr_line' id='line_1_42' title="bbox 1906 1538 3477 1609; baseline 0.002 -18"><span class='ocrx_word' id='word_1_295' title='bbox 1906 1546 1959 1591; x_wconf 91' lang='lat' dir='ltr'><strong>et</strong></span> <span class='ocrx_word' id='word_1_296' title='bbox 2022 1546 2314 1608; x_wconf 88' lang='lat' dir='ltr'><strong>postquam</strong></span> <span class='ocrx_word' id='word_1_297' title='bbox 2355 1538 2689 1603; x_wconf 85' lang='lat' dir='ltr'><strong>declaravit,</strong></span> <span class='ocrx_word' id='word_1_298' title='bbox 2722 1554 2832 1609; x_wconf 91' lang='lat' dir='ltr'><strong>quo</strong></span> <span class='ocrx_word' id='word_1_299' title='bbox 2875 1550 3033 1609; x_wconf 91' lang='lat' dir='ltr'><strong>pacto</strong></span> <span class='ocrx_word' id='word_1_300' title='bbox 3078 1538 3345 1594; x_wconf 89' lang='lat' dir='ltr'><strong>liberatus</strong></span> <span class='ocrx_word' id='word_1_301' title='bbox 3387 1554 3477 1593; x_wconf 81' lang='lat' dir='ltr'><strong>es-</strong></span> 
     </span>
    </p>
   </div>
   <div class='ocr_carea' id='block_1_43' title="bbox 1908 1627 3479 1696">
    <p class='ocr_par' dir='ltr' id='par_1_43' title="bbox 1908 1627 3479 1696">
     <span class='ocr_line' id='line_1_43' title="bbox 1908 1627 3479 1696; baseline -0.001 -15"><span class='ocrx_word' id='word_1_302' title='bbox 1908 1636 2020 1690; x_wconf 90' lang='lat' dir='ltr'><strong>set,</strong></span> <span class='ocrx_word' id='word_1_303' title='bbox 2051 1627 2275 1681; x_wconf 89' lang='lat' dir='ltr'><strong>omissis</strong></span> <span class='ocrx_word' id='word_1_304' title='bbox 2304 1643 2428 1696; x_wconf 79' lang='lat' dir='ltr'><strong>qua:</strong></span> <span class='ocrx_word' id='word_1_305' title='bbox 2461 1628 2827 1682; x_wconf 83' lang='lat' dir='ltr'><strong>intercessere</strong></span> <span class='ocrx_word' id='word_1_306' title='bbox 2852 1666 2867 1691; x_wconf 94' lang='lat'><strong>,</strong></span> <span class='ocrx_word' id='word_1_307' title='bbox 2907 1634 3095 1680; x_wconf 88' lang='lat' dir='ltr'><strong>narrat</strong></span> <span class='ocrx_word' id='word_1_308' title='bbox 3134 1630 3337 1681; x_wconf 88' lang='lat' dir='ltr'><strong>iterum</strong></span> <span class='ocrx_word' id='word_1_309' title='bbox 3371 1628 3479 1680; x_wconf 89' lang='lat' dir='ltr'><strong>alio</strong></span> 
     </span>
    </p>
   </div>
   <div class='ocr_carea' id='block_1_44' title="bbox 1909 1717 3479 1790">
    <p class='ocr_par' dir='ltr' id='par_1_44' title="bbox 1909 1717 3479 1790">
     <span class='ocr_line' id='line_1_44' title="bbox 1909 1717 3479 1790; baseline 0.003 -21"><span class='ocrx_word' id='word_1_310' title='bbox 1909 1719 2071 1772; x_wconf 84' lang='lat' dir='ltr'><strong>modo</strong></span> <span class='ocrx_word' id='word_1_311' title='bbox 2118 1734 2178 1772; x_wconf 92' lang='lat' dir='ltr'><strong>se</strong></span> <span class='ocrx_word' id='word_1_312' title='bbox 2227 1717 2401 1773; x_wconf 83' lang='lat' dir='ltr'><strong>fuisse</strong></span> <span class='ocrx_word' id='word_1_313' title='bbox 2435 1719 2770 1773; x_wconf 88' lang='lat' dir='ltr'><strong>divexatum.</strong></span> <span class='ocrx_word' id='word_1_314' title='bbox 2814 1717 3046 1783; x_wconf 84' lang='lat' dir='ltr'><strong>Quinam</strong></span> <span class='ocrx_word' id='word_1_315' title='bbox 3085 1735 3250 1783; x_wconf 86' lang='lat' dir='ltr'><strong>vero,</strong></span> <span class='ocrx_word' id='word_1_316' title='bbox 3301 1734 3479 1790; x_wconf 81' lang='lat' dir='ltr'><strong>quave</strong></span> 
     </span>
    </p>
   </div>
   <div class='ocr_carea' id='block_1_45' title="bbox 1912 1807 3479 1879">
    <p class='ocr_par' dir='ltr' id='par_1_45' title="bbox 1912 1807 3479 1879">
     <span class='ocr_line' id='line_1_45' title="bbox 1912 1807 3479 1879; baseline 0.001 -18"><span class='ocrx_word' id='word_1_317' title='bbox 1912 1810 2168 1864; x_wconf 84' lang='lat' dir='ltr'><strong>ratione?</strong></span> <span class='ocrx_word' id='word_1_318' title='bbox 2196 1808 2313 1862; x_wconf 80' lang='lat' dir='ltr'><strong>Non</strong></span> <span class='ocrx_word' id='word_1_319' title='bbox 2347 1817 2569 1879; x_wconf 86' lang='lat' dir='ltr'><strong>reperto</strong></span> <span class='ocrx_word' id='word_1_320' title='bbox 2599 1807 2746 1864; x_wconf 90' lang='lat' dir='ltr'><strong>Tito.</strong></span> <span class='ocrx_word' id='word_1_321' title='bbox 2792 1808 2844 1864; x_wconf 97' lang='lat' dir='ltr'><strong>is</strong></span> <span class='ocrx_word' id='word_1_322' title='bbox 2887 1825 3018 1863; x_wconf 84' lang='lat' dir='ltr'><strong>vero</strong></span> <span class='ocrx_word' id='word_1_323' title='bbox 3063 1810 3315 1865; x_wconf 86' lang='lat' dir='ltr'><strong>Corinthi</strong></span> <span class='ocrx_word' id='word_1_324' title='bbox 3359 1825 3479 1863; x_wconf 68' lang='grc' dir='ltr'>ιιι-»-</span> 
     </span>
    </p>
   </div>
   <div class='ocr_carea' id='block_1_46' title="bbox 1838 1878 2153 1954">
    <p class='ocr_par' dir='ltr' id='par_1_46' title="bbox 1838 1878 2153 1954">
     <span class='ocr_line' id='line_1_46' title="bbox 1838 1878 2153 1954; baseline 0 -1"><span class='ocrx_word' id='word_1_325' title='bbox 1838 1878 1881 1935; x_wconf 71' lang='grc' dir='ltr'><strong>Β</strong></span> <span class='ocrx_word' id='word_1_326' title='bbox 1910 1902 2153 1954; x_wconf 86' lang='lat' dir='ltr'><strong>rabatur.</strong></span> 
     </span>
    </p>
   </div>
   <div class='ocr_carea' id='block_1_47' title="bbox 1979 1991 3478 2061">
    <p class='ocr_par' dir='ltr' id='par_1_47' title="bbox 1979 1991 3478 2061">
     <span class='ocr_line' id='line_1_47' title="bbox 1979 1991 3478 2061; baseline 0 -17"><span class='ocrx_word' id='word_1_327' title='bbox 1979 1991 2145 2047; x_wconf 78' lang='lat' dir='ltr'><strong>Vsus.</strong></span> <span class='ocrx_word' id='word_1_328' title='bbox 2188 1993 2273 2046; x_wconf 71' lang='lat' dir='ltr'><strong>i4.</strong></span> <span class='ocrx_word' id='word_1_329' title='bbox 2326 2010 2346 2045; x_wconf 81' lang='grc' dir='ltr'><strong>ι</strong></span> <span class='ocrx_word' id='word_1_330' title='bbox 2396 1992 2508 2047; x_wconf 89' lang='lat' dir='ltr'><strong>Deo</strong></span> <span class='ocrx_word' id='word_1_331' title='bbox 2565 2000 2745 2047; x_wconf 84' lang='lat' dir='ltr'><strong>autem</strong></span> <span class='ocrx_word' id='word_1_332' title='bbox 2804 1991 3048 2061; x_wconf 75' lang='lat' dir='ltr'><strong>gratias,</strong></span> <span class='ocrx_word' id='word_1_333' title='bbox 3111 1991 3204 2060; x_wconf 90' lang='lat' dir='ltr'><strong>qui</strong></span> <span class='ocrx_word' id='word_1_334' title='bbox 3262 2006 3478 2061; x_wconf 82' lang='lat' dir='ltr'><strong>semper</strong></span> 
     </span>
    </p>
   </div>
   <div class='ocr_carea' id='block_1_48' title="bbox 1908 2084 2763 2153">
    <p class='ocr_par' dir='ltr' id='par_1_48' title="bbox 1908 2084 2763 2153">
     <span class='ocr_line' id='line_1_48' title="bbox 1908 2084 2763 2153; baseline -0.002 -16"><span class='ocrx_word' id='word_1_335' title='bbox 1908 2084 2212 2153; x_wconf 84' lang='lat' dir='ltr'><strong>triumphat</strong></span> <span class='ocrx_word' id='word_1_336' title='bbox 2249 2100 2347 2138; x_wconf 89' lang='lat' dir='ltr'><strong>nos</strong></span> <span class='ocrx_word' id='word_1_337' title='bbox 2380 2085 2432 2138; x_wconf 90' lang='lat' dir='ltr'><strong>in</strong></span> <span class='ocrx_word' id='word_1_338' title='bbox 2465 2084 2708 2137; x_wconf 83' lang='lat' dir='ltr'><strong>Christo.</strong></span> <span class='ocrx_word' id='word_1_339' title='bbox 2745 2104 2763 2134; x_wconf 72' lang='grc' dir='ltr'><strong>ι</strong></span> 
     </span>
    </p>
   </div>
   <div class='ocr_carea' id='block_1_49' title="bbox 1977 2172 3480 2246">
    <p class='ocr_par' dir='ltr' id='par_1_49' title="bbox 1977 2172 3480 2246">
     <span class='ocr_line' id='line_1_49' title="bbox 1977 2172 3480 2246; baseline -0.001 -20"><span class='ocrx_word' id='word_1_340' title='bbox 1977 2172 2057 2228; x_wconf 74' lang='lat' dir='ltr'><strong>Ne</strong></span> <span class='ocrx_word' id='word_1_341' title='bbox 2096 2173 2477 2227; x_wconf 67' lang='lat' dir='ltr'><strong>videnturhaec</strong></span> <span class='ocrx_word' id='word_1_342' title='bbox 2507 2175 2883 2244; x_wconf 76' lang='lat' dir='ltr'><strong>gemebundus</strong></span> <span class='ocrx_word' id='word_1_343' title='bbox 2917 2176 3125 2246; x_wconf 90' lang='lat' dir='ltr'><strong>lugere,</strong></span> <span class='ocrx_word' id='word_1_344' title='bbox 3170 2180 3356 2244; x_wconf 78' lang='lat' dir='ltr'><strong>grates</strong></span> <span class='ocrx_word' id='word_1_345' title='bbox 3390 2187 3480 2225; x_wconf 84' lang='lat' dir='ltr'><strong>re-</strong></span> 
     </span>
    </p>
   </div>
   <div class='ocr_carea' id='block_1_50' title="bbox 1910 2263 3485 2333">
    <p class='ocr_par' dir='ltr' id='par_1_50' title="bbox 1910 2263 3485 2333">
     <span class='ocr_line' id='line_1_50' title="bbox 1910 2263 3485 2333; baseline -0.002 -14"><span class='ocrx_word' id='word_1_346' title='bbox 1910 2264 2101 2333; x_wconf 87' lang='lat' dir='ltr'><strong>pendit</strong></span> <span class='ocrx_word' id='word_1_347' title='bbox 2132 2264 2262 2319; x_wconf 87' lang='lat' dir='ltr'><strong>Deo.</strong></span> <span class='ocrx_word' id='word_1_348' title='bbox 2297 2265 2453 2330; x_wconf 85' lang='lat' dir='ltr'><strong>Quod</strong></span> <span class='ocrx_word' id='word_1_349' title='bbox 2486 2274 2667 2319; x_wconf 89' lang='lat' dir='ltr'><strong>autem</strong></span> <span class='ocrx_word' id='word_1_350' title='bbox 2709 2265 2878 2328; x_wconf 89' lang='lat' dir='ltr'><strong>dicit,</strong></span> <span class='ocrx_word' id='word_1_351' title='bbox 2927 2266 3075 2320; x_wconf 87' lang='lat' dir='ltr'><strong>hunc</strong></span> <span class='ocrx_word' id='word_1_352' title='bbox 3114 2280 3340 2321; x_wconf 89' lang='lat' dir='ltr'><strong>sensum</strong></span> <span class='ocrx_word' id='word_1_353' title='bbox 3388 2263 3485 2317; x_wconf 88' lang='lat' dir='ltr'><strong>ha-</strong></span> 
     </span>
    </p>
   </div>
   <div class='ocr_carea' id='block_1_51' title="bbox 1911 2352 3479 2424">
    <p class='ocr_par' dir='ltr' id='par_1_51' title="bbox 1911 2352 3479 2424">
     <span class='ocr_line' id='line_1_51' title="bbox 1911 2352 3479 2424; baseline 0 -18"><span class='ocrx_word' id='word_1_354' title='bbox 1911 2352 2042 2407; x_wconf 86' lang='lat' dir='ltr'><strong>bet:</strong></span> <span class='ocrx_word' id='word_1_355' title='bbox 2082 2354 2293 2423; x_wconf 82' lang='lat' dir='ltr'><strong>Ubique</strong></span> <span class='ocrx_word' id='word_1_356' title='bbox 2323 2354 2582 2416; x_wconf 85' lang='lat' dir='ltr'><strong>ailiictio,</strong></span> <span class='ocrx_word' id='word_1_357' title='bbox 2616 2355 2821 2423; x_wconf 90' lang='lat' dir='ltr'><strong>ubique</strong></span> <span class='ocrx_word' id='word_1_358' title='bbox 2856 2355 3133 2424; x_wconf 89' lang='lat' dir='ltr'><strong>angustia.</strong></span> <span class='ocrx_word' id='word_1_359' title='bbox 3187 2355 3245 2408; x_wconf 96' lang='lat' dir='ltr'><strong>In</strong></span> <span class='ocrx_word' id='word_1_360' title='bbox 3294 2352 3479 2407; x_wconf 80' lang='lat' dir='ltr'><strong>Asiam</strong></span> 
     </span>
    </p>
   </div>
   <div class='ocr_carea' id='block_1_52' title="bbox 1911 2443 3481 2515">
    <p class='ocr_par' dir='ltr' id='par_1_52' title="bbox 1911 2443 3481 2515">
     <span class='ocr_line' id='line_1_52' title="bbox 1911 2443 3481 2515; baseline -0.001 -17"><span class='ocrx_word' id='word_1_361' title='bbox 1911 2445 2159 2514; x_wconf 89' lang='lat' dir='ltr'><strong>perrexi,</strong></span> <span class='ocrx_word' id='word_1_362' title='bbox 2188 2456 2559 2515; x_wconf 87' lang='lat' dir='ltr'><strong>gravatusque</strong></span> <span class='ocrx_word' id='word_1_363' title='bbox 2588 2461 2711 2500; x_wconf 89' lang='lat' dir='ltr'><strong>sum</strong></span> <span class='ocrx_word' id='word_1_364' title='bbox 2742 2461 2911 2514; x_wconf 88' lang='lat' dir='ltr'><strong>supra</strong></span> <span class='ocrx_word' id='word_1_365' title='bbox 2939 2447 3184 2501; x_wconf 91' lang='lat' dir='ltr'><strong>modum.</strong></span> <span class='ocrx_word' id='word_1_366' title='bbox 3210 2443 3481 2500; x_wconf 86' lang='lat' dir='ltr'><strong>Troadem</strong></span> 
     </span>
    </p>
   </div>
   <div class='ocr_carea' id='block_1_53' title="bbox 1911 2534 3485 2604">
    <p class='ocr_par' dir='ltr' id='par_1_53' title="bbox 1911 2534 3485 2604">
     <span class='ocr_line' id='line_1_53' title="bbox 1911 2534 3485 2604; baseline 0.001 -17"><span class='ocrx_word' id='word_1_367' title='bbox 1911 2536 2070 2598; x_wconf 89' lang='lat' dir='ltr'><strong>veni,</strong></span> <span class='ocrx_word' id='word_1_368' title='bbox 2104 2551 2205 2591; x_wconf 89' lang='lat' dir='ltr'><strong>nec</strong></span> <span class='ocrx_word' id='word_1_369' title='bbox 2238 2536 2465 2589; x_wconf 78' lang='lat' dir='ltr'><strong>fratrem</strong></span> <span class='ocrx_word' id='word_1_370' title='bbox 2503 2536 2704 2604; x_wconf 88' lang='lat' dir='ltr'><strong>reperi.</strong></span> <span class='ocrx_word' id='word_1_371' title='bbox 2743 2534 2852 2591; x_wconf 77' lang='lat' dir='ltr'><strong>Vos</strong></span> <span class='ocrx_word' id='word_1_372' title='bbox 2886 2551 2996 2591; x_wconf 93' lang='lat' dir='ltr'><strong>non</strong></span> <span class='ocrx_word' id='word_1_373' title='bbox 3026 2536 3288 2601; x_wconf 89' lang='lat' dir='ltr'><strong>conveni,</strong></span> <span class='ocrx_word' id='word_1_374' title='bbox 3321 2534 3485 2604; x_wconf 87' lang='lat' dir='ltr'><strong>idque</strong></span> 
     </span>
    </p>
   </div>
   <div class='ocr_carea' id='block_1_54' title="bbox 1910 2624 3485 2696">
    <p class='ocr_par' dir='ltr' id='par_1_54' title="bbox 1910 2624 3485 2696">
     <span class='ocr_line' id='line_1_54' title="bbox 1910 2624 3485 2696; baseline 0 -17"><span class='ocrx_word' id='word_1_375' title='bbox 1910 2640 2019 2679; x_wconf 88' lang='lat' dir='ltr'><strong>non</strong></span> <span class='ocrx_word' id='word_1_376' title='bbox 2062 2624 2317 2694; x_wconf 79' lang='lat' dir='ltr'><strong>exiguam</strong></span> <span class='ocrx_word' id='word_1_377' title='bbox 2362 2625 2495 2679; x_wconf 87' lang='lat' dir='ltr'><strong>mihi</strong></span> <span class='ocrx_word' id='word_1_378' title='bbox 2541 2626 2878 2681; x_wconf 79' lang='lat' dir='ltr'><strong>anxietatem</strong></span> <span class='ocrx_word' id='word_1_379' title='bbox 2924 2627 3158 2696; x_wconf 90' lang='lat' dir='ltr'><strong>peperit.</strong></span> <span class='ocrx_word' id='word_1_380' title='bbox 3191 2624 3485 2681; x_wconf 84' lang='lat' dir='ltr'><strong>Verumta-</strong></span> 
     </span>
    </p>
   </div>
   <div class='ocr_carea' id='block_1_55' title="bbox 1910 2717 3485 2795">
    <p class='ocr_par' dir='ltr' id='par_1_55' title="bbox 1910 2717 3485 2795">
     <span class='ocr_line' id='line_1_55' title="bbox 1910 2717 3485 2795; baseline -0.001 -24"><span class='ocrx_word' id='word_1_381' title='bbox 1910 2733 2032 2771; x_wconf 87' lang='lat' dir='ltr'><strong>men</strong></span> <span class='ocrx_word' id='word_1_382' title='bbox 2072 2718 2125 2770; x_wconf 90' lang='lat' dir='ltr'><strong>in</strong></span> <span class='ocrx_word' id='word_1_383' title='bbox 2159 2718 2281 2772; x_wconf 88' lang='lat' dir='ltr'><strong>istis</strong></span> <span class='ocrx_word' id='word_1_384' title='bbox 2311 2717 2601 2783; x_wconf 87' lang='lat' dir='ltr'><strong>omnibus,</strong></span> <span class='ocrx_word' id='word_1_385' title='bbox 2642 2719 2857 2788; x_wconf 85' lang='lat' dir='ltr'><strong>inquit,</strong></span> <span class='ocrx_word' id='word_1_386' title='bbox 2894 2733 3245 2795; x_wconf 69' lang='lat' dir='ltr'><strong>nequaquam</strong></span> <span class='ocrx_word' id='word_1_387' title='bbox 3284 2726 3485 2773; x_wconf 62' lang='lat' dir='ltr'><strong>maesto</strong></span> 
     </span>
    </p>
   </div>
   <div class='ocr_carea' id='block_1_56' title="bbox 1910 2806 3484 2876">
    <p class='ocr_par' dir='ltr' id='par_1_56' title="bbox 1910 2806 3484 2876">
     <span class='ocr_line' id='line_1_56' title="bbox 1910 2806 3484 2876; baseline -0.002 -14"><span class='ocrx_word' id='word_1_388' title='bbox 1910 2811 2097 2862; x_wconf 91' lang='lat' dir='ltr'><strong>animo</strong></span> <span class='ocrx_word' id='word_1_389' title='bbox 2130 2824 2357 2875; x_wconf 90' lang='lat' dir='ltr'><strong>sumus,</strong></span> <span class='ocrx_word' id='word_1_390' title='bbox 2412 2808 2508 2863; x_wconf 90' lang='lat' dir='ltr'><strong>sed</strong></span> <span class='ocrx_word' id='word_1_391' title='bbox 2546 2809 2820 2873; x_wconf 68' lang='lat' dir='ltr'><strong>laetamur,</strong></span> <span class='ocrx_word' id='word_1_392' title='bbox 2869 2824 2980 2863; x_wconf 91' lang='lat' dir='ltr'><strong>non</strong></span> <span class='ocrx_word' id='word_1_393' title='bbox 3025 2816 3237 2863; x_wconf 89' lang='lat' dir='ltr'><strong>tantum</strong></span> <span class='ocrx_word' id='word_1_394' title='bbox 3273 2823 3370 2876; x_wconf 87' lang='lat' dir='ltr'><strong>spe</strong></span> <span class='ocrx_word' id='word_1_395' title='bbox 3400 2806 3484 2860; x_wconf 84' lang='lat' dir='ltr'><strong>iu-</strong></span> 
     </span>
    </p>
   </div>
   <div class='ocr_carea' id='block_1_57' title="bbox 1911 2897 3481 2969">
    <p class='ocr_par' dir='ltr' id='par_1_57' title="bbox 1911 2897 3481 2969">
     <span class='ocr_line' id='line_1_57' title="bbox 1911 2897 3481 2969; baseline -0.001 -16"><span class='ocrx_word' id='word_1_396' title='bbox 1911 2908 2195 2963; x_wconf 88' lang='lat' dir='ltr'><strong>turorum,</strong></span> <span class='ocrx_word' id='word_1_397' title='bbox 2232 2898 2328 2953; x_wconf 91' lang='lat' dir='ltr'><strong>sed</strong></span> <span class='ocrx_word' id='word_1_398' title='bbox 2360 2908 2414 2954; x_wconf 88' lang='lat' dir='ltr'><strong>et</strong></span> <span class='ocrx_word' id='word_1_399' title='bbox 2450 2907 2672 2969; x_wconf 88' lang='lat' dir='ltr'><strong>propter</strong></span> <span class='ocrx_word' id='word_1_400' title='bbox 2710 2900 2804 2953; x_wconf 89' lang='lat' dir='ltr'><strong>illa</strong></span> <span class='ocrx_word' id='word_1_401' title='bbox 2837 2914 2962 2969; x_wconf 64' lang='lat' dir='ltr'><strong>quae</strong></span> <span class='ocrx_word' id='word_1_402' title='bbox 2995 2913 3145 2954; x_wconf 89' lang='lat' dir='ltr'><strong>nunc</strong></span> <span class='ocrx_word' id='word_1_403' title='bbox 3176 2897 3439 2954; x_wconf 88' lang='lat' dir='ltr'><strong>accidunt</strong></span> <span class='ocrx_word' id='word_1_404' title='bbox 3466 2922 3481 2959; x_wconf 84' lang='lat'><strong>:</strong></span> 
     </span>
    </p>
   </div>
   <div class='ocr_carea' id='block_1_58' title="bbox 1909 2990 3483 3061">
    <p class='ocr_par' dir='ltr' id='par_1_58' title="bbox 1909 2990 3483 3061">
     <span class='ocr_line' id='line_1_58' title="bbox 1909 2990 3483 3061; baseline 0.005 -19"><span class='ocrx_word' id='word_1_405' title='bbox 1909 2991 2112 3059; x_wconf 87' lang='lat' dir='ltr'><strong>quippe</strong></span> <span class='ocrx_word' id='word_1_406' title='bbox 2142 3005 2267 3043; x_wconf 89' lang='lat' dir='ltr'><strong>cum</strong></span> <span class='ocrx_word' id='word_1_407' title='bbox 2300 3005 2398 3059; x_wconf 91' lang='lat' dir='ltr'><strong>per</strong></span> <span class='ocrx_word' id='word_1_408' title='bbox 2438 3006 2503 3045; x_wconf 89' lang='lat' dir='ltr'><strong>ea</strong></span> <span class='ocrx_word' id='word_1_409' title='bbox 2548 2990 2821 3046; x_wconf 86' lang='lat' dir='ltr'><strong>clariores</strong></span> <span class='ocrx_word' id='word_1_410' title='bbox 2869 2992 3312 3061; x_wconf 89' lang='lat' dir='ltr'><strong>illustrioresque</strong></span> <span class='ocrx_word' id='word_1_411' title='bbox 3351 3008 3483 3049; x_wconf 86' lang='lat' dir='ltr'><strong>eva-</strong></span> 
     </span>
    </p>
   </div>
   <div class='ocr_carea' id='block_1_59' title="bbox 1910 3080 3486 3153">
    <p class='ocr_par' dir='ltr' id='par_1_59' title="bbox 1910 3080 3486 3153">
     <span class='ocr_line' id='line_1_59' title="bbox 1910 3080 3486 3153; baseline 0.001 -18"><span class='ocrx_word' id='word_1_412' title='bbox 1910 3082 2130 3138; x_wconf 88' lang='lat' dir='ltr'><strong>damus.</strong></span> <span class='ocrx_word' id='word_1_413' title='bbox 2165 3080 2438 3146; x_wconf 86' lang='lat' dir='ltr'><strong>Quocirca</strong></span> <span class='ocrx_word' id='word_1_414' title='bbox 2475 3082 2797 3150; x_wconf 80' lang='lat' dir='ltr'><strong>triumphum</strong></span> <span class='ocrx_word' id='word_1_415' title='bbox 2849 3082 2983 3137; x_wconf 92' lang='lat' dir='ltr'><strong>illud</strong></span> <span class='ocrx_word' id='word_1_416' title='bbox 3030 3082 3099 3138; x_wconf 90' lang='lat' dir='ltr'><strong>de</strong></span> <span class='ocrx_word' id='word_1_417' title='bbox 3145 3098 3256 3153; x_wconf 89' lang='lat' dir='ltr'><strong>quo</strong></span> <span class='ocrx_word' id='word_1_418' title='bbox 3306 3084 3486 3153; x_wconf 89' lang='lat' dir='ltr'><strong>agitur</strong></span> 
     </span>
    </p>
   </div>
   <div class='ocr_carea' id='block_1_60' title="bbox 232 3169 1898 3265">
    <p class='ocr_par' dir='ltr' id='par_1_60' title="bbox 232 3169 1879 3265">
     <span class='ocr_line' id='line_1_60' title="bbox 232 3169 1879 3265; baseline -0.007 -32"><span class='ocrx_word' id='word_1_419' title='bbox 232 3184 528 3251; x_wconf 66' lang='grc' dir='ltr'>περιφανῆ.</span> <span class='ocrx_word' id='word_1_420' title='bbox 553 3180 663 3231; x_wconf 67' lang='grc' dir='ltr'><strong>Καὶ</strong></span> <span class='ocrx_word' id='word_1_421' title='bbox 684 3180 780 3247; x_wconf 80' lang='grc' dir='ltr'>οὐχ</span> <span class='ocrx_word' id='word_1_422' title='bbox 806 3177 989 3239; x_wconf 80' lang='grc' dir='ltr'>ἁπλῶς</span> <span class='ocrx_word' id='word_1_423' title='bbox 1011 3175 1438 3243; x_wconf 76' lang='grc' dir='ltr'>θριαμϐεύοντι,</span> <span class='ocrx_word' id='word_1_424' title='bbox 1478 3169 1809 3265; x_wconf 52' lang='grc' dir='ltr'>εἶπεν,ᾍάῺὰ</span> <span class='ocrx_word' id='word_1_425' title='bbox 1836 3208 1879 3265; x_wconf 75' lang='lat' dir='ltr'>c</span> 
     </span>
    </p>
   </div>
   <div class='ocr_carea' id='block_1_61' title="bbox 1820 3169 3486 3265">
    <p class='ocr_par' dir='ltr' id='par_1_61' title="bbox 1836 3172 3486 3265">
     <span class='ocr_line' id='line_1_61' title="bbox 1836 3172 3486 3265; baseline 0.003 -40"><span class='ocrx_word' id='word_1_426' title='bbox 1836 3208 1879 3265; x_wconf 64' lang='grc' dir='ltr'>ο</span> <span class='ocrx_word' id='word_1_427' title='bbox 1913 3175 2165 3265; x_wconf 85' lang='lat' dir='ltr'><strong>appellat.</strong></span> <span class='ocrx_word' id='word_1_428' title='bbox 2202 3172 2338 3265; x_wconf 83' lang='lat' dir='ltr'><strong>Nam</strong></span> <span class='ocrx_word' id='word_1_429' title='bbox 2373 3174 2479 3227; x_wconf 90' lang='lat' dir='ltr'><strong>hoc</strong></span> <span class='ocrx_word' id='word_1_430' title='bbox 2510 3174 2671 3243; x_wconf 91' lang='lat' dir='ltr'><strong>plane</strong></span> <span class='ocrx_word' id='word_1_431' title='bbox 2702 3174 3022 3244; x_wconf 90' lang='lat' dir='ltr'><strong>triumphus</strong></span> <span class='ocrx_word' id='word_1_432' title='bbox 3062 3184 3181 3238; x_wconf 84' lang='lat' dir='ltr'><strong>est.</strong></span> <span class='ocrx_word' id='word_1_433' title='bbox 3230 3176 3322 3265; x_wconf 88' lang='lat' dir='ltr'><strong>ubi</strong></span> <span class='ocrx_word' id='word_1_434' title='bbox 3359 3176 3486 3246; x_wconf 83' lang='lat' dir='ltr'><strong>quis</strong></span> 
     </span>
    </p>
   </div>
   <div class='ocr_carea' id='block_1_62' title="bbox 233 3261 1807 3338">
    <p class='ocr_par' dir='ltr' id='par_1_62' title="bbox 233 3261 1807 3338">
     <span class='ocr_line' id='line_1_62' title="bbox 233 3261 1807 3338; baseline -0.008 -14"><span class='ocrx_word' id='word_1_435' title='bbox 233 3273 334 3323; x_wconf 68' lang='grc' dir='ltr'><strong>καὶ.</strong></span> <span class='ocrx_word' id='word_1_436' title='bbox 361 3272 431 3323; x_wconf 82' lang='grc' dir='ltr'><strong>ὲν</strong></span> <span class='ocrx_word' id='word_1_437' title='bbox 452 3268 707 3338; x_wconf 83' lang='grc' dir='ltr'>Χριστῷ,</span> <span class='ocrx_word' id='word_1_438' title='bbox 736 3267 983 3321; x_wconf 74' lang='grc' dir='ltr'>τουτέστι</span> <span class='ocrx_word' id='word_1_439' title='bbox 1008 3265 1097 3319; x_wconf 81' lang='grc' dir='ltr'><strong>διά</strong></span> <span class='ocrx_word' id='word_1_440' title='bbox 1112 3264 1205 3317; x_wconf 84' lang='grc' dir='ltr'>τὸν</span> <span class='ocrx_word' id='word_1_441' title='bbox 1237 3264 1473 3333; x_wconf 77' lang='grc' dir='ltr'>Χριστὸν</span> <span class='ocrx_word' id='word_1_442' title='bbox 1500 3263 1595 3315; x_wconf 73' lang='grc' dir='ltr'><strong>καὶ</strong></span> <span class='ocrx_word' id='word_1_443' title='bbox 1624 3261 1684 3313; x_wconf 84' lang='grc' dir='ltr'>τὸ</span> <span class='ocrx_word' id='word_1_444' title='bbox 1707 3264 1807 3329; x_wconf 81' lang='grc' dir='ltr'><strong>κή-</strong></span> 
     </span>
    </p>
   </div>
   <div class='ocr_carea' id='block_1_63' title="bbox 234 3378 445 3431">
    <p class='ocr_par' dir='ltr' id='par_1_63' title="bbox 234 3378 445 3431">
     <span class='ocr_line' id='line_1_63' title="bbox 234 3378 445 3431; baseline -0.014 0"><span class='ocrx_word' id='word_1_445' title='bbox 234 3378 445 3431; x_wconf 55' lang='lat' dir='ltr'><strong>P9?!“-</strong></span> 
     </span>
    </p>
   </div>
   <div class='ocr_carea' id='block_1_64' title="bbox 319 3618 1809 3697">
    <p class='ocr_par' dir='ltr' id='par_1_64' title="bbox 319 3618 1809 3697">
     <span class='ocr_line' id='line_1_64' title="bbox 319 3618 1809 3697; baseline -0.009 -15"><span class='ocrx_word' id='word_1_446' title='bbox 319 3646 342 3681; x_wconf 78' lang='grc' dir='ltr'><strong>ε</strong></span> <span class='ocrx_word' id='word_1_447' title='bbox 376 3630 484 3681; x_wconf 84' lang='grc' dir='ltr'><strong>Καὶ</strong></span> <span class='ocrx_word' id='word_1_448' title='bbox 507 3628 605 3697; x_wconf 79' lang='grc' dir='ltr'>τὴν</span> <span class='ocrx_word' id='word_1_449' title='bbox 626 3626 801 3695; x_wconf 77' lang='grc' dir='ltr'>ὀσμὴν</span> <span class='ocrx_word' id='word_1_450' title='bbox 832 3624 931 3694; x_wconf 82' lang='grc' dir='ltr'>τῆς</span> <span class='ocrx_word' id='word_1_451' title='bbox 969 3621 1223 3690; x_wconf 84' lang='grc' dir='ltr'>γνώσεως</span> <span class='ocrx_word' id='word_1_452' title='bbox 1273 3618 1439 3672; x_wconf 79' lang='grc' dir='ltr'>αὐτοῦ</span> <span class='ocrx_word' id='word_1_453' title='bbox 1492 3618 1809 3696; x_wconf 76' lang='grc' dir='ltr'>φανεροῦντι</span> 
     </span>
    </p>
   </div>
   <div class='ocr_carea' id='block_1_65' title="bbox 232 3708 1811 3789">
    <p class='ocr_par' dir='ltr' id='par_1_65' title="bbox 232 3708 1811 3789">
     <span class='ocr_line' id='line_1_65' title="bbox 232 3708 1811 3789; baseline -0.009 -16"><span class='ocrx_word' id='word_1_454' title='bbox 232 3722 304 3772; x_wconf 78' lang='grc' dir='ltr'>δι’</span> <span class='ocrx_word' id='word_1_455' title='bbox 336 3719 493 3789; x_wconf 79' lang='grc' dir='ltr'>ἡμῶν</span> <span class='ocrx_word' id='word_1_456' title='bbox 519 3721 577 3770; x_wconf 77' lang='grc' dir='ltr'><strong>εν</strong></span> <span class='ocrx_word' id='word_1_457' title='bbox 610 3716 772 3769; x_wconf 68' lang='grc' dir='ltr'>παντὶ</span> <span class='ocrx_word' id='word_1_458' title='bbox 798 3715 971 3783; x_wconf 84' lang='grc' dir='ltr'>τόπῳ,</span> <span class='ocrx_word' id='word_1_459' title='bbox 999 3714 1083 3766; x_wconf 83' lang='grc' dir='ltr'>ὃτι</span> <span class='ocrx_word' id='word_1_460' title='bbox 1112 3710 1347 3782; x_wconf 81' lang='grc' dir='ltr'>Χριστοῦ</span> <span class='ocrx_word' id='word_1_461' title='bbox 1390 3709 1587 3761; x_wconf 80' lang='grc' dir='ltr'>εὐωδία</span> <span class='ocrx_word' id='word_1_462' title='bbox 1645 3708 1811 3775; x_wconf 76' lang='grc' dir='ltr'>ἐσμὲν</span> 
     </span>
    </p>
   </div>
   <div class='ocr_carea' id='block_1_66' title="bbox 234 3799 1812 3880">
    <p class='ocr_par' dir='ltr' id='par_1_66' title="bbox 234 3799 1812 3880">
     <span class='ocr_line' id='line_1_66' title="bbox 234 3799 1812 3880; baseline -0.01 -16"><span class='ocrx_word' id='word_1_463' title='bbox 234 3813 314 3880; x_wconf 79' lang='grc' dir='ltr'>τῷ</span> <span class='ocrx_word' id='word_1_464' title='bbox 345 3811 463 3879; x_wconf 81' lang='grc' dir='ltr'><strong>Θεῷ</strong></span> <span class='ocrx_word' id='word_1_465' title='bbox 494 3810 551 3862; x_wconf 73' lang='grc' dir='ltr'><strong>εν</strong></span> <span class='ocrx_word' id='word_1_466' title='bbox 579 3811 690 3870; x_wconf 90' lang='grc' dir='ltr'>τοῖς</span> <span class='ocrx_word' id='word_1_467' title='bbox 718 3805 1067 3874; x_wconf 77' lang='grc' dir='ltr'>σωζομένοις,</span> <span class='ocrx_word' id='word_1_468' title='bbox 1098 3803 1191 3857; x_wconf 73' lang='grc' dir='ltr'><strong>καὶ</strong></span> <span class='ocrx_word' id='word_1_469' title='bbox 1243 3804 1301 3854; x_wconf 75' lang='grc' dir='ltr'>ὲν</span> <span class='ocrx_word' id='word_1_470' title='bbox 1351 3803 1461 3862; x_wconf 78' lang='grc' dir='ltr'>τοῖς</span> <span class='ocrx_word' id='word_1_471' title='bbox 1509 3799 1812 3869; x_wconf 84' lang='grc' dir='ltr'>ἀπολλυμέ-</span> 
     </span>
    </p>
   </div>
   <div class='ocr_carea' id='block_1_67' title="bbox 234 3885 1811 3970">
    <p class='ocr_par' dir='ltr' id='par_1_67' title="bbox 234 3885 1811 3970">
     <span class='ocr_line' id='line_1_67' title="bbox 234 3885 1811 3970; baseline -0.008 -17"><span class='ocrx_word' id='word_1_472' title='bbox 234 3916 387 3965; x_wconf 81' lang='grc' dir='ltr'>νοις·</span> <span class='ocrx_word' id='word_1_473' title='bbox 442 3896 523 3964; x_wconf 76' lang='grc' dir='ltr'>οἷς</span> <span class='ocrx_word' id='word_1_474' title='bbox 576 3900 673 3970; x_wconf 73' lang='grc' dir='ltr'>μὲν</span> <span class='ocrx_word' id='word_1_475' title='bbox 738 3898 883 3967; x_wconf 80' lang='grc' dir='ltr'>ὀσμὴ</span> <span class='ocrx_word' id='word_1_476' title='bbox 935 3896 1171 3949; x_wconf 90' lang='grc' dir='ltr'>θανάτου</span> <span class='ocrx_word' id='word_1_477' title='bbox 1220 3895 1301 3956; x_wconf 86' lang='grc' dir='ltr'><strong>είς</strong></span> <span class='ocrx_word' id='word_1_478' title='bbox 1340 3892 1589 3956; x_wconf 86' lang='grc' dir='ltr'>θάνατον,</span> <span class='ocrx_word' id='word_1_479' title='bbox 1643 3885 1723 3952; x_wconf 79' lang='grc' dir='ltr'><strong>οἷς</strong></span> <span class='ocrx_word' id='word_1_480' title='bbox 1756 3890 1811 3942; x_wconf 74' lang='grc' dir='ltr'>δὲ</span> 
     </span>
    </p>
   </div>
   <div class='ocr_carea' id='block_1_68' title="bbox 235 3988 919 4061">
    <p class='ocr_par' dir='ltr' id='par_1_68' title="bbox 235 3988 919 4061">
     <span class='ocr_line' id='line_1_68' title="bbox 235 3988 919 4061; baseline -0.01 -18"><span class='ocrx_word' id='word_1_481' title='bbox 235 3992 384 4061; x_wconf 77' lang='grc' dir='ltr'>ὀσμὴ</span> <span class='ocrx_word' id='word_1_482' title='bbox 422 3992 565 4058; x_wconf 77' lang='grc' dir='ltr'>ζωῆς</span> <span class='ocrx_word' id='word_1_483' title='bbox 593 3992 669 4050; x_wconf 83' lang='grc' dir='ltr'>εἰς</span> <span class='ocrx_word' id='word_1_484' title='bbox 693 3988 859 4055; x_wconf 80' lang='grc' dir='ltr'>ζωήν.</span> <span class='ocrx_word' id='word_1_485' title='bbox 901 4005 919 4036; x_wconf 74' lang='grc' dir='ltr'><strong>ι</strong></span> 
     </span>
    </p>
   </div>
   <div class='ocr_carea' id='block_1_69' title="bbox 308 4068 1805 4140">
    <p class='ocr_par' dir='ltr' id='par_1_69' title="bbox 308 4068 1805 4140">
     <span class='ocr_line' id='line_1_69' title="bbox 308 4068 1805 4140; baseline -0.009 -8"><span class='ocrx_word' id='word_1_486' title='bbox 308 4080 589 4133; x_wconf 80' lang='grc' dir='ltr'>Δείκνυσιν</span> <span class='ocrx_word' id='word_1_487' title='bbox 615 4076 697 4127; x_wconf 76' lang='grc' dir='ltr'>ὅτι</span> <span class='ocrx_word' id='word_1_488' title='bbox 715 4076 808 4127; x_wconf 77' lang='grc' dir='ltr'><strong>καὶ</strong></span> <span class='ocrx_word' id='word_1_489' title='bbox 828 4073 995 4133; x_wconf 84' lang='grc' dir='ltr'>τόπος</span> <span class='ocrx_word' id='word_1_490' title='bbox 1028 4072 1121 4125; x_wconf 76' lang='grc' dir='ltr'><strong>καὶ</strong></span> <span class='ocrx_word' id='word_1_491' title='bbox 1152 4071 1339 4140; x_wconf 76' lang='grc' dir='ltr'>καιρὸς</span> <span class='ocrx_word' id='word_1_492' title='bbox 1365 4071 1472 4131; x_wconf 80' lang='grc' dir='ltr'>πᾶς</span> <span class='ocrx_word' id='word_1_493' title='bbox 1500 4068 1608 4121; x_wconf 84' lang='grc' dir='ltr'><strong>τῶν</strong></span> <span class='ocrx_word' id='word_1_494' title='bbox 1630 4068 1805 4119; x_wconf 81' lang='grc' dir='ltr'>ἄθλων</span> 
     </span>
    </p>
   </div>
   <div class='ocr_carea' id='block_1_70' title="bbox 237 4157 1806 4240">
    <p class='ocr_par' dir='ltr' id='par_1_70' title="bbox 237 4157 1806 4240">
     <span class='ocr_line' id='line_1_70' title="bbox 237 4157 1806 4240; baseline -0.011 -16"><span class='ocrx_word' id='word_1_495' title='bbox 237 4170 619 4240; x_wconf 74' lang='grc' dir='ltr'>ἐμπέπλησται</span> <span class='ocrx_word' id='word_1_496' title='bbox 643 4164 751 4218; x_wconf 83' lang='grc' dir='ltr'><strong>τῶν</strong></span> <span class='ocrx_word' id='word_1_497' title='bbox 776 4161 1153 4216; x_wconf 83' lang='grc' dir='ltr'>ἀποστολικῶν</span> <span class='ocrx_word' id='word_1_498' title='bbox 1173 4178 1187 4191; x_wconf 78' lang='grc' dir='ltr'><strong>ο</strong></span> <span class='ocrx_word' id='word_1_499' title='bbox 1238 4162 1334 4214; x_wconf 72' lang='grc' dir='ltr'><strong>καὶ</strong></span> <span class='ocrx_word' id='word_1_500' title='bbox 1365 4161 1529 4231; x_wconf 76' lang='grc' dir='ltr'>ἑτέρᾳ</span> <span class='ocrx_word' id='word_1_501' title='bbox 1559 4159 1613 4212; x_wconf 77' lang='grc' dir='ltr'>δὲ</span> <span class='ocrx_word' id='word_1_502' title='bbox 1642 4157 1806 4210; x_wconf 83' lang='grc' dir='ltr'>πάλιν</span> 
     </span>
    </p>
   </div>
   <div class='ocr_carea' id='block_1_71' title="bbox 238 4247 1808 4332">
    <p class='ocr_par' dir='ltr' id='par_1_71' title="bbox 238 4247 1808 4332">
     <span class='ocr_line' id='line_1_71' title="bbox 238 4247 1808 4332; baseline -0.011 -15"><span class='ocrx_word' id='word_1_503' title='bbox 238 4267 508 4332; x_wconf 73' lang='grc' dir='ltr'>κέχρηται</span> <span class='ocrx_word' id='word_1_504' title='bbox 563 4258 845 4328; x_wconf 83' lang='grc' dir='ltr'>μεταφορᾷ</span> <span class='ocrx_word' id='word_1_505' title='bbox 895 4258 961 4325; x_wconf 78' lang='grc' dir='ltr'><strong>τῇ</strong></span> <span class='ocrx_word' id='word_1_506' title='bbox 1008 4255 1108 4323; x_wconf 80' lang='grc' dir='ltr'>τῆς</span> <span class='ocrx_word' id='word_1_507' title='bbox 1162 4252 1410 4314; x_wconf 81' lang='grc' dir='ltr'>εὐωδίας.</span> <span class='ocrx_word' id='word_1_508' title='bbox 1445 4247 1577 4304; x_wconf 81' lang='grc' dir='ltr'>Είτα</span> <span class='ocrx_word' id='word_1_509' title='bbox 1620 4247 1808 4318; x_wconf 64' lang='grc' dir='ltr'>ἐπειδὴ</span> 
     </span>
    </p>
   </div>
   <div class='ocr_carea' id='block_1_72' title="bbox 237 4339 1809 4415">
    <p class='ocr_par' dir='ltr' id='par_1_72' title="bbox 237 4339 1809 4415">
     <span class='ocr_line' id='line_1_72' title="bbox 237 4339 1809 4415; baseline -0.011 -7"><span class='ocrx_word' id='word_1_510' title='bbox 237 4350 386 4415; x_wconf 78' lang='grc' dir='ltr'>εἷπε,</span> <span class='ocrx_word' id='word_1_511' title='bbox 408 4351 514 4407; x_wconf 70' lang='grc' dir='ltr'><strong>Καὶ</strong></span> <span class='ocrx_word' id='word_1_512' title='bbox 539 4351 609 4403; x_wconf 82' lang='grc' dir='ltr'><strong>ἐν</strong></span> <span class='ocrx_word' id='word_1_513' title='bbox 634 4348 755 4413; x_wconf 85' lang='grc' dir='ltr'>τοῖς</span> <span class='ocrx_word' id='word_1_514' title='bbox 784 4344 1225 4413; x_wconf 65' lang='grc' dir='ltr'>ἀπολλυμένοις</span> <span class='ocrx_word' id='word_1_515' title='bbox 1239 4341 1455 4395; x_wconf 83' lang='grc' dir='ltr'>εὐωδία</span> <span class='ocrx_word' id='word_1_516' title='bbox 1480 4339 1690 4408; x_wconf 80' lang='grc' dir='ltr'>ἐσμὲν,</span> <span class='ocrx_word' id='word_1_517' title='bbox 1723 4339 1809 4391; x_wconf 81' lang='grc' dir='ltr'>ἵνα</span> 
     </span>
    </p>
   </div>
   <div class='ocr_carea' id='block_1_73' title="bbox 243 4431 1806 4516">
    <p class='ocr_par' dir='ltr' id='par_1_73' title="bbox 243 4431 1806 4516">
     <span class='ocr_line' id='line_1_73' title="bbox 243 4431 1806 4516; baseline -0.01 -19"><span class='ocrx_word' id='word_1_518' title='bbox 243 4449 318 4516; x_wconf 81' lang='grc' dir='ltr'>μή</span> <span class='ocrx_word' id='word_1_519' title='bbox 358 4461 440 4506; x_wconf 83' lang='grc' dir='ltr'><strong>τις</strong></span> <span class='ocrx_word' id='word_1_520' title='bbox 461 4441 656 4511; x_wconf 76' lang='grc' dir='ltr'>νομίσῃ</span> <span class='ocrx_word' id='word_1_521' title='bbox 680 4440 763 4492; x_wconf 82' lang='grc' dir='ltr'>ὅτι</span> <span class='ocrx_word' id='word_1_522' title='bbox 794 4439 1033 4490; x_wconf 80' lang='grc' dir='ltr'>κάκεῖνοι</span> <span class='ocrx_word' id='word_1_523' title='bbox 1062 4431 1458 4503; x_wconf 78' lang='grc' dir='ltr'>εύπαράδεκτοί</span> <span class='ocrx_word' id='word_1_524' title='bbox 1503 4432 1631 4491; x_wconf 78' lang='grc' dir='ltr'>εισι,</span> <span class='ocrx_word' id='word_1_525' title='bbox 1662 4446 1806 4498; x_wconf 87' lang='grc' dir='ltr'>παρ-</span> 
     </span>
    </p>
   </div>
   <div class='ocr_carea' id='block_1_74' title="bbox 1915 3264 3489 3333">
    <p class='ocr_par' dir='ltr' id='par_1_74' title="bbox 1915 3264 3489 3333">
     <span class='ocr_line' id='line_1_74' title="bbox 1915 3264 3489 3333; baseline 0.001 -15"><span class='ocrx_word' id='word_1_526' title='bbox 1915 3264 2151 3318; x_wconf 85' lang='lat' dir='ltr'><strong>illustris</strong></span> <span class='ocrx_word' id='word_1_527' title='bbox 2181 3264 2323 3332; x_wconf 86' lang='lat' dir='ltr'><strong>apud</strong></span> <span class='ocrx_word' id='word_1_528' title='bbox 2355 3279 2549 3318; x_wconf 88' lang='lat' dir='ltr'><strong>omnes</strong></span> <span class='ocrx_word' id='word_1_529' title='bbox 2583 3264 2641 3317; x_wconf 83' lang='lat' dir='ltr'><strong>fit</strong></span> <span class='ocrx_word' id='word_1_530' title='bbox 2682 3272 2738 3318; x_wconf 91' lang='lat' dir='ltr'><strong>et</strong></span> <span class='ocrx_word' id='word_1_531' title='bbox 2786 3265 3147 3333; x_wconf 89' lang='lat' dir='ltr'><strong>conspicuus.</strong></span> <span class='ocrx_word' id='word_1_532' title='bbox 3193 3264 3335 3331; x_wconf 87' lang='lat' dir='ltr'><strong>Quin</strong></span> <span class='ocrx_word' id='word_1_533' title='bbox 3386 3280 3489 3321; x_wconf 79' lang='lat' dir='ltr'><strong>nec</strong></span> 
     </span>
    </p>
   </div>
   <div class='ocr_carea' id='block_1_75' title="bbox 1914 3355 3488 3427">
    <p class='ocr_par' dir='ltr' id='par_1_75' title="bbox 1914 3355 3488 3427">
     <span class='ocr_line' id='line_1_75' title="bbox 1914 3355 3488 3427; baseline 0.001 -18"><span class='ocrx_word' id='word_1_534' title='bbox 1914 3355 2246 3424; x_wconf 88' lang='lat' dir='ltr'><strong>simpliciter</strong></span> <span class='ocrx_word' id='word_1_535' title='bbox 2279 3356 2459 3421; x_wconf 90' lang='lat' dir='ltr'><strong>dixit,</strong></span> <span class='ocrx_word' id='word_1_536' title='bbox 2490 3358 2580 3425; x_wconf 96' lang='lat' dir='ltr'><strong>qui</strong></span> <span class='ocrx_word' id='word_1_537' title='bbox 2623 3356 2950 3425; x_wconf 79' lang='lat' dir='ltr'><strong>triumphat,</strong></span> <span class='ocrx_word' id='word_1_538' title='bbox 2997 3357 3092 3411; x_wconf 90' lang='lat' dir='ltr'><strong>sed</strong></span> <span class='ocrx_word' id='word_1_539' title='bbox 3140 3355 3378 3427; x_wconf 85' lang='lat' dir='ltr'><strong>adjecit,</strong></span> <span class='ocrx_word' id='word_1_540' title='bbox 3432 3358 3488 3411; x_wconf 79' lang='lat' dir='ltr'><strong>in</strong></span> 
     </span>
    </p>
   </div>
   <div class='ocr_carea' id='block_1_76' title="bbox 1912 3445 3483 3520">
    <p class='ocr_par' dir='ltr' id='par_1_76' title="bbox 1912 3445 3483 3520">
     <span class='ocr_line' id='line_1_76' title="bbox 1912 3445 3483 3520; baseline 0.003 -21"><span class='ocrx_word' id='word_1_541' title='bbox 1912 3445 2124 3500; x_wconf 80' lang='lat' dir='ltr'><strong>Christo</strong></span> <span class='ocrx_word' id='word_1_542' title='bbox 2148 3488 2164 3509; x_wconf 97' lang='lat'><strong>,</strong></span> <span class='ocrx_word' id='word_1_543' title='bbox 2197 3449 2250 3502; x_wconf 92' lang='lat' dir='ltr'><strong>id</strong></span> <span class='ocrx_word' id='word_1_544' title='bbox 2283 3454 2368 3500; x_wconf 89' lang='lat' dir='ltr'><strong>est</strong></span> <span class='ocrx_word' id='word_1_545' title='bbox 2398 3456 2623 3516; x_wconf 87' lang='lat' dir='ltr'><strong>propter</strong></span> <span class='ocrx_word' id='word_1_546' title='bbox 2649 3448 2927 3503; x_wconf 85' lang='lat' dir='ltr'><strong>Christum</strong></span> <span class='ocrx_word' id='word_1_547' title='bbox 2960 3458 3014 3503; x_wconf 89' lang='lat' dir='ltr'><strong>et</strong></span> <span class='ocrx_word' id='word_1_548' title='bbox 3037 3449 3317 3519; x_wconf 86' lang='lat' dir='ltr'><strong>Evangelii</strong></span> <span class='ocrx_word' id='word_1_549' title='bbox 3346 3464 3483 3520; x_wconf 73' lang='lat' dir='ltr'><strong>prae-</strong></span> 
     </span>
    </p>
   </div>
   <div class='ocr_carea' id='block_1_77' title="bbox 1909 3536 2266 3592">
    <p class='ocr_par' dir='ltr' id='par_1_77' title="bbox 1909 3536 2266 3592">
     <span class='ocr_line' id='line_1_77' title="bbox 1909 3536 2266 3592; baseline 0.011 -4"><span class='ocrx_word' id='word_1_550' title='bbox 1909 3536 2266 3592; x_wconf 89' lang='lat' dir='ltr'><strong>dicationem.</strong></span> 
     </span>
    </p>
   </div>
   <div class='ocr_carea' id='block_1_78' title="bbox 1987 3627 3486 3698">
    <p class='ocr_par' dir='ltr' id='par_1_78' title="bbox 1987 3627 3486 3698">
     <span class='ocr_line' id='line_1_78' title="bbox 1987 3627 3486 3698; baseline 0.003 -21"><span class='ocrx_word' id='word_1_551' title='bbox 1987 3645 2005 3677; x_wconf 83' lang='grc' dir='ltr'><strong>ι</strong></span> <span class='ocrx_word' id='word_1_552' title='bbox 2046 3627 2110 3679; x_wconf 77' lang='lat' dir='ltr'><strong>Et</strong></span> <span class='ocrx_word' id='word_1_553' title='bbox 2162 3628 2385 3682; x_wconf 91' lang='lat' dir='ltr'><strong>odorem</strong></span> <span class='ocrx_word' id='word_1_554' title='bbox 2439 3628 2646 3681; x_wconf 63' lang='lat' dir='ltr'><strong>notitias</strong></span> <span class='ocrx_word' id='word_1_555' title='bbox 2698 3643 2813 3683; x_wconf 64' lang='lat' dir='ltr'><strong>sua:</strong></span> <span class='ocrx_word' id='word_1_556' title='bbox 2871 3628 3188 3682; x_wconf 82' lang='lat' dir='ltr'><strong>manifestat</strong></span> <span class='ocrx_word' id='word_1_557' title='bbox 3236 3643 3335 3698; x_wconf 88' lang='lat' dir='ltr'><strong>per</strong></span> <span class='ocrx_word' id='word_1_558' title='bbox 3385 3643 3486 3683; x_wconf 87' lang='lat' dir='ltr'><strong>nos</strong></span> 
     </span>
    </p>
   </div>
   <div class='ocr_carea' id='block_1_79' title="bbox 1917 3715 3482 3790">
    <p class='ocr_par' dir='ltr' id='par_1_79' title="bbox 1917 3715 3482 3790">
     <span class='ocr_line' id='line_1_79' title="bbox 1917 3715 3482 3790; baseline -0.002 -18"><span class='ocrx_word' id='word_1_559' title='bbox 1917 3715 2076 3786; x_wconf 80' lang='lat'><strong>129</strong></span> <span class='ocrx_word' id='word_1_560' title='bbox 2109 3716 2161 3770; x_wconf 87' lang='lat' dir='ltr'><strong>in</strong></span> <span class='ocrx_word' id='word_1_561' title='bbox 2194 3720 2343 3771; x_wconf 90' lang='lat' dir='ltr'><strong>omni</strong></span> <span class='ocrx_word' id='word_1_562' title='bbox 2380 3718 2499 3772; x_wconf 88' lang='lat' dir='ltr'><strong>loco</strong></span> <span class='ocrx_word' id='word_1_563' title='bbox 2536 3736 2549 3771; x_wconf 93' lang='lat'><strong>:</strong></span> <span class='ocrx_word' id='word_1_564' title='bbox 2583 3718 2598 3789; x_wconf 92' lang='lat'><strong>[</strong></span> <span class='ocrx_word' id='word_1_565' title='bbox 2628 3718 2788 3773; x_wconf 68' lang='lat' dir='ltr'><strong>Vens.</strong></span> <span class='ocrx_word' id='word_1_566' title='bbox 2827 3719 2894 3773; x_wconf 77' lang='grc'><strong>15</strong></span> <span class='ocrx_word' id='word_1_567' title='bbox 2917 3756 2933 3781; x_wconf 91' lang='grc'><strong>,</strong></span> <span class='ocrx_word' id='word_1_568' title='bbox 2972 3717 3071 3790; x_wconf 82' lang='lat' dir='ltr'><strong>i6]</strong></span> <span class='ocrx_word' id='word_1_569' title='bbox 3104 3718 3236 3788; x_wconf 89' lang='lat' dir='ltr'><strong>quia</strong></span> <span class='ocrx_word' id='word_1_570' title='bbox 3278 3717 3482 3773; x_wconf 88' lang='lat' dir='ltr'><strong>Christi</strong></span> 
     </span>
    </p>
   </div>
   <div class='ocr_carea' id='block_1_80' title="bbox 1911 3807 3485 3878">
    <p class='ocr_par' dir='ltr' id='par_1_80' title="bbox 1911 3807 3485 3878">
     <span class='ocr_line' id='line_1_80' title="bbox 1911 3807 3485 3878; baseline 0.002 -17"><span class='ocrx_word' id='word_1_571' title='bbox 1911 3807 2089 3861; x_wconf 88' lang='lat' dir='ltr'><strong>bonus</strong></span> <span class='ocrx_word' id='word_1_572' title='bbox 2128 3808 2263 3863; x_wconf 91' lang='lat' dir='ltr'><strong>odor</strong></span> <span class='ocrx_word' id='word_1_573' title='bbox 2291 3824 2483 3864; x_wconf 89' lang='lat' dir='ltr'><strong>sumus</strong></span> <span class='ocrx_word' id='word_1_574' title='bbox 2532 3808 2641 3862; x_wconf 84' lang='lat' dir='ltr'><strong>Deo</strong></span> <span class='ocrx_word' id='word_1_575' title='bbox 2686 3810 2738 3862; x_wconf 92' lang='lat' dir='ltr'><strong>in</strong></span> <span class='ocrx_word' id='word_1_576' title='bbox 2791 3808 2859 3862; x_wconf 88' lang='lat' dir='ltr'><strong>iis</strong></span> <span class='ocrx_word' id='word_1_577' title='bbox 2901 3809 2994 3878; x_wconf 87' lang='lat' dir='ltr'><strong>qui</strong></span> <span class='ocrx_word' id='word_1_578' title='bbox 3038 3810 3177 3864; x_wconf 87' lang='lat' dir='ltr'><strong>salvi</strong></span> <span class='ocrx_word' id='word_1_579' title='bbox 3221 3810 3393 3874; x_wconf 83' lang='lat' dir='ltr'><strong>fiunt,</strong></span> <span class='ocrx_word' id='word_1_580' title='bbox 3431 3819 3485 3866; x_wconf 89' lang='lat' dir='ltr'><strong>et</strong></span> 
     </span>
    </p>
   </div>
   <div class='ocr_carea' id='block_1_81' title="bbox 1911 3897 3482 3968">
    <p class='ocr_par' dir='ltr' id='par_1_81' title="bbox 1911 3897 3482 3968">
     <span class='ocr_line' id='line_1_81' title="bbox 1911 3897 3482 3968; baseline 0.003 -18"><span class='ocrx_word' id='word_1_581' title='bbox 1911 3897 1965 3951; x_wconf 89' lang='lat' dir='ltr'><strong>in</strong></span> <span class='ocrx_word' id='word_1_582' title='bbox 2002 3897 2071 3950; x_wconf 92' lang='lat' dir='ltr'><strong>iis</strong></span> <span class='ocrx_word' id='word_1_583' title='bbox 2103 3898 2196 3965; x_wconf 87' lang='lat' dir='ltr'><strong>qui</strong></span> <span class='ocrx_word' id='word_1_584' title='bbox 2234 3908 2461 3966; x_wconf 83' lang='lat' dir='ltr'><strong>pereunt</strong></span> <span class='ocrx_word' id='word_1_585' title='bbox 2496 3914 2511 3952; x_wconf 89' lang='lat'><strong>:</strong></span> <span class='ocrx_word' id='word_1_586' title='bbox 2546 3900 2671 3953; x_wconf 87' lang='lat' dir='ltr'><strong>aliis</strong></span> <span class='ocrx_word' id='word_1_587' title='bbox 2723 3898 2944 3968; x_wconf 91' lang='lat' dir='ltr'><strong>quidem</strong></span> <span class='ocrx_word' id='word_1_588' title='bbox 2998 3898 3139 3953; x_wconf 89' lang='lat' dir='ltr'><strong>odor</strong></span> <span class='ocrx_word' id='word_1_589' title='bbox 3185 3900 3384 3954; x_wconf 87' lang='lat' dir='ltr'><strong>mortis</strong></span> <span class='ocrx_word' id='word_1_590' title='bbox 3430 3902 3482 3955; x_wconf 90' lang='lat' dir='ltr'><strong>in</strong></span> 
     </span>
    </p>
   </div>
   <div class='ocr_carea' id='block_1_82' title="bbox 1912 3988 3235 4051">
    <p class='ocr_par' dir='ltr' id='par_1_82' title="bbox 1912 3988 3235 4051">
     <span class='ocr_line' id='line_1_82' title="bbox 1912 3988 3235 4051; baseline 0.002 -12"><span class='ocrx_word' id='word_1_591' title='bbox 1912 3994 2142 4040; x_wconf 84' lang='lat' dir='ltr'><strong>mortem</strong></span> <span class='ocrx_word' id='word_1_592' title='bbox 2173 4003 2187 4051; x_wconf 89' lang='lat'><strong>;</strong></span> <span class='ocrx_word' id='word_1_593' title='bbox 2224 3988 2349 4041; x_wconf 89' lang='lat' dir='ltr'><strong>aliis</strong></span> <span class='ocrx_word' id='word_1_594' title='bbox 2380 3998 2561 4041; x_wconf 90' lang='lat' dir='ltr'><strong>autem</strong></span> <span class='ocrx_word' id='word_1_595' title='bbox 2590 3989 2726 4041; x_wconf 88' lang='lat' dir='ltr'><strong>odor</strong></span> <span class='ocrx_word' id='word_1_596' title='bbox 2755 3989 2879 4042; x_wconf 61' lang='lat' dir='ltr'><strong>vita!</strong></span> <span class='ocrx_word' id='word_1_597' title='bbox 2908 3988 2962 4043; x_wconf 92' lang='lat' dir='ltr'><strong>in</strong></span> <span class='ocrx_word' id='word_1_598' title='bbox 2990 3990 3182 4044; x_wconf 85' lang='lat' dir='ltr'><strong>vitam.</strong></span> <span class='ocrx_word' id='word_1_599' title='bbox 3215 4008 3235 4041; x_wconf 78' lang='grc' dir='ltr'><strong>ι</strong></span> 
     </span>
    </p>
   </div>
   <div class='ocr_carea' id='block_1_83' title="bbox 1982 4077 3483 4151">
    <p class='ocr_par' dir='ltr' id='par_1_83' title="bbox 1982 4077 3483 4151">
     <span class='ocr_line' id='line_1_83' title="bbox 1982 4077 3483 4151; baseline 0.005 -22"><span class='ocrx_word' id='word_1_600' title='bbox 1982 4077 2231 4131; x_wconf 87' lang='lat' dir='ltr'><strong>Declarat</strong></span> <span class='ocrx_word' id='word_1_601' title='bbox 2256 4079 2431 4132; x_wconf 89' lang='lat' dir='ltr'><strong>locum</strong></span> <span class='ocrx_word' id='word_1_602' title='bbox 2486 4094 2701 4133; x_wconf 87' lang='lat' dir='ltr'><strong>omnem</strong></span> <span class='ocrx_word' id='word_1_603' title='bbox 2735 4088 2789 4134; x_wconf 91' lang='lat' dir='ltr'><strong>et</strong></span> <span class='ocrx_word' id='word_1_604' title='bbox 2836 4090 3051 4149; x_wconf 87' lang='lat' dir='ltr'><strong>tempus</strong></span> <span class='ocrx_word' id='word_1_605' title='bbox 3077 4095 3241 4135; x_wconf 87' lang='lat' dir='ltr'><strong>omne</strong></span> <span class='ocrx_word' id='word_1_606' title='bbox 3270 4090 3483 4151; x_wconf 79' lang='lat' dir='ltr'><strong>aposto-</strong></span> 
     </span>
    </p>
   </div>
   <div class='ocr_carea' id='block_1_84' title="bbox 1912 4162 3479 4241">
    <p class='ocr_par' dir='ltr' id='par_1_84' title="bbox 1912 4162 3479 4241">
     <span class='ocr_line' id='line_1_84' title="bbox 1912 4162 3479 4241; baseline 0.006 -27"><span class='ocrx_word' id='word_1_607' title='bbox 1912 4162 2034 4221; x_wconf 90' lang='lat' dir='ltr'><strong>licis</strong></span> <span class='ocrx_word' id='word_1_608' title='bbox 2090 4169 2487 4223; x_wconf 76' lang='lat' dir='ltr'><strong>certaminibus</strong></span> <span class='ocrx_word' id='word_1_609' title='bbox 2538 4171 2756 4241; x_wconf 84' lang='lat' dir='ltr'><strong>plenum</strong></span> <span class='ocrx_word' id='word_1_610' title='bbox 2801 4184 2927 4225; x_wconf 86' lang='lat' dir='ltr'><strong>esse</strong></span> <span class='ocrx_word' id='word_1_611' title='bbox 2970 4187 2983 4223; x_wconf 90' lang='lat'><strong>:</strong></span> <span class='ocrx_word' id='word_1_612' title='bbox 3033 4178 3200 4240; x_wconf 86' lang='lat' dir='ltr'><strong>atque</strong></span> <span class='ocrx_word' id='word_1_613' title='bbox 3252 4172 3479 4226; x_wconf 88' lang='lat' dir='ltr'><strong>alteram</strong></span> 
     </span>
    </p>
   </div>
   <div class='ocr_carea' id='block_1_85' title="bbox 1911 4261 3481 4331">
    <p class='ocr_par' dir='ltr' id='par_1_85' title="bbox 1911 4261 3481 4331">
     <span class='ocr_line' id='line_1_85' title="bbox 1911 4261 3481 4331; baseline 0.003 -16"><span class='ocrx_word' id='word_1_614' title='bbox 1911 4277 2133 4317; x_wconf 89' lang='lat' dir='ltr'><strong>rursum</strong></span> <span class='ocrx_word' id='word_1_615' title='bbox 2164 4262 2539 4331; x_wconf 87' lang='lat' dir='ltr'><strong>metaphoram</strong></span> <span class='ocrx_word' id='word_1_616' title='bbox 2577 4261 2823 4324; x_wconf 87' lang='lat' dir='ltr'><strong>adhibet,</strong></span> <span class='ocrx_word' id='word_1_617' title='bbox 2859 4262 2929 4316; x_wconf 88' lang='lat' dir='ltr'><strong>ab</strong></span> <span class='ocrx_word' id='word_1_618' title='bbox 2966 4262 3154 4318; x_wconf 89' lang='lat' dir='ltr'><strong>odoris</strong></span> <span class='ocrx_word' id='word_1_619' title='bbox 3180 4262 3481 4331; x_wconf 80' lang='lat' dir='ltr'><strong>fragrantia</strong></span> 
     </span>
    </p>
   </div>
   <div class='ocr_carea' id='block_1_86' title="bbox 1912 4349 3484 4422">
    <p class='ocr_par' dir='ltr' id='par_1_86' title="bbox 1912 4349 3484 4422">
     <span class='ocr_line' id='line_1_86' title="bbox 1912 4349 3484 4422; baseline 0.001 -17"><span class='ocrx_word' id='word_1_620' title='bbox 1912 4359 2214 4419; x_wconf 82' lang='lat' dir='ltr'><strong>sumptam.</strong></span> <span class='ocrx_word' id='word_1_621' title='bbox 2248 4350 2452 4405; x_wconf 87' lang='lat' dir='ltr'><strong>Deinde</strong></span> <span class='ocrx_word' id='word_1_622' title='bbox 2478 4366 2630 4411; x_wconf 78' lang='lat' dir='ltr'><strong>vero,</strong></span> <span class='ocrx_word' id='word_1_623' title='bbox 2660 4350 2790 4419; x_wconf 87' lang='lat' dir='ltr'><strong>quia</strong></span> <span class='ocrx_word' id='word_1_624' title='bbox 2820 4350 2963 4405; x_wconf 92' lang='lat' dir='ltr'><strong>dixit</strong></span> <span class='ocrx_word' id='word_1_625' title='bbox 2995 4368 3009 4404; x_wconf 88' lang='lat'><strong>:</strong></span> <span class='ocrx_word' id='word_1_626' title='bbox 3044 4349 3108 4405; x_wconf 83' lang='lat' dir='ltr'><strong>In</strong></span> <span class='ocrx_word' id='word_1_627' title='bbox 3136 4352 3203 4406; x_wconf 81' lang='lat' dir='ltr'><strong>iis</strong></span> <span class='ocrx_word' id='word_1_628' title='bbox 3234 4352 3325 4422; x_wconf 83' lang='lat' dir='ltr'><strong>qui</strong></span> <span class='ocrx_word' id='word_1_629' title='bbox 3365 4366 3484 4421; x_wconf 80' lang='lat' dir='ltr'><strong>per-</strong></span> 
     </span>
    </p>
   </div>
   <div class='ocr_carea' id='block_1_87' title="bbox 1910 4440 3481 4510">
    <p class='ocr_par' dir='ltr' id='par_1_87' title="bbox 1910 4440 3481 4510">
     <span class='ocr_line' id='line_1_87' title="bbox 1910 4440 3481 4510; baseline 0.003 -15"><span class='ocrx_word' id='word_1_630' title='bbox 1910 4450 2053 4505; x_wconf 82' lang='lat' dir='ltr'><strong>eum,</strong></span> <span class='ocrx_word' id='word_1_631' title='bbox 2080 4440 2243 4495; x_wconf 77' lang='lat' dir='ltr'><strong>bonus</strong></span> <span class='ocrx_word' id='word_1_632' title='bbox 2290 4440 2420 4492; x_wconf 88' lang='lat' dir='ltr'><strong>odor</strong></span> <span class='ocrx_word' id='word_1_633' title='bbox 2436 4456 2654 4501; x_wconf 81' lang='lat' dir='ltr'><strong>sumus;</strong></span> <span class='ocrx_word' id='word_1_634' title='bbox 2682 4456 2749 4495; x_wconf 92' lang='lat' dir='ltr'><strong>ne</strong></span> <span class='ocrx_word' id='word_1_635' title='bbox 2773 4440 2899 4510; x_wconf 84' lang='lat' dir='ltr'><strong>quis</strong></span> <span class='ocrx_word' id='word_1_636' title='bbox 2927 4441 3249 4506; x_wconf 85' lang='lat' dir='ltr'><strong>arbitretur,</strong></span> <span class='ocrx_word' id='word_1_637' title='bbox 3271 4450 3327 4497; x_wconf 86' lang='lat' dir='ltr'><strong>et</strong></span> <span class='ocrx_word' id='word_1_638' title='bbox 3356 4441 3481 4499; x_wconf 84' lang='lat' dir='ltr'><strong>illos</strong></span> 
     </span>
    </p>
   </div>
   <div class='ocr_carea' id='block_1_88' title="bbox 238 4522 1904 4605">
    <p class='ocr_par' dir='ltr' id='par_1_88' title="bbox 238 4522 1885 4605">
     <span class='ocr_line' id='line_1_88' title="bbox 238 4522 1885 4605; baseline -0.011 -16"><span class='ocrx_word' id='word_1_639' title='bbox 238 4539 447 4605; x_wconf 85' lang='grc' dir='ltr'>ήγαγεν</span> <span class='ocrx_word' id='word_1_640' title='bbox 469 4549 481 4563; x_wconf 80' lang='grc'><em>’</em></span> <span class='ocrx_word' id='word_1_641' title='bbox 514 4528 613 4597; x_wconf 80' lang='grc' dir='ltr'><strong>Οἷς</strong></span> <span class='ocrx_word' id='word_1_642' title='bbox 637 4532 753 4599; x_wconf 80' lang='grc' dir='ltr'><strong>μὲν</strong></span> <span class='ocrx_word' id='word_1_643' title='bbox 792 4526 952 4596; x_wconf 76' lang='grc' dir='ltr'>ὀσμὴ</span> <span class='ocrx_word' id='word_1_644' title='bbox 996 4527 1066 4580; x_wconf 75' lang='grc' dir='ltr'><strong><em>ἐκ</em></strong></span> <span class='ocrx_word' id='word_1_645' title='bbox 1096 4524 1357 4578; x_wconf 81' lang='grc' dir='ltr'>θανάτου</span> <span class='ocrx_word' id='word_1_646' title='bbox 1394 4524 1483 4586; x_wconf 83' lang='grc' dir='ltr'>εις</span> <span class='ocrx_word' id='word_1_647' title='bbox 1528 4522 1807 4584; x_wconf 79' lang='grc' dir='ltr'>θάνατον,</span> <span class='ocrx_word' id='word_1_648' title='bbox 1843 4540 1885 4594; x_wconf 78' lang='lat' dir='ltr'><strong>D</strong></span> 
     </span>
    </p>
   </div>
   <div class='ocr_carea' id='block_1_89' title="bbox 1817 4522 3483 4605">
    <p class='ocr_par' dir='ltr' id='par_1_89' title="bbox 1843 4529 3483 4599">
     <span class='ocr_line' id='line_1_89' title="bbox 1843 4529 3483 4599; baseline 0.004 -17"><span class='ocrx_word' id='word_1_649' title='bbox 1843 4540 1885 4594; x_wconf 79' lang='grc' dir='ltr'>ι)</span> <span class='ocrx_word' id='word_1_650' title='bbox 1916 4538 2173 4599; x_wconf 80' lang='lat' dir='ltr'><strong>acceptos</strong></span> <span class='ocrx_word' id='word_1_651' title='bbox 2223 4545 2347 4584; x_wconf 84' lang='lat' dir='ltr'><strong>esse</strong></span> <span class='ocrx_word' id='word_1_652' title='bbox 2372 4568 2384 4590; x_wconf 94' lang='lat'><strong>,</strong></span> <span class='ocrx_word' id='word_1_653' title='bbox 2435 4530 2723 4597; x_wconf 73' lang='lat' dir='ltr'><strong>subiunxit</strong></span> <span class='ocrx_word' id='word_1_654' title='bbox 2754 4548 2769 4585; x_wconf 88' lang='lat'><strong>:</strong></span> <span class='ocrx_word' id='word_1_655' title='bbox 2798 4529 2935 4584; x_wconf 77' lang='lat' dir='ltr'><strong>Aliis</strong></span> <span class='ocrx_word' id='word_1_656' title='bbox 2992 4531 3204 4599; x_wconf 74' lang='lat' dir='ltr'><strong>quidem</strong></span> <span class='ocrx_word' id='word_1_657' title='bbox 3256 4532 3390 4587; x_wconf 82' lang='lat' dir='ltr'><strong>odor</strong></span> <span class='ocrx_word' id='word_1_658' title='bbox 3418 4548 3483 4589; x_wconf 66' lang='lat' dir='ltr'><strong>ex</strong></span> 
     </span>
    </p>
   </div>
   <div class='ocr_carea' id='block_1_90' title="bbox 236 4613 1809 4692">
    <p class='ocr_par' dir='ltr' id='par_1_90' title="bbox 236 4613 1809 4692">
     <span class='ocr_line' id='line_1_90' title="bbox 236 4613 1809 4692; baseline -0.011 -11"><span class='ocrx_word' id='word_1_659' title='bbox 236 4625 330 4692; x_wconf 68' lang='grc' dir='ltr'>οἷς</span> <span class='ocrx_word' id='word_1_660' title='bbox 377 4625 446 4678; x_wconf 75' lang='grc' dir='ltr'>δὲ</span> <span class='ocrx_word' id='word_1_661' title='bbox 486 4621 644 4690; x_wconf 80' lang='grc' dir='ltr'>ὀσμὴ</span> <span class='ocrx_word' id='word_1_662' title='bbox 681 4622 751 4675; x_wconf 78' lang='grc' dir='ltr'><strong><em>ἐκ</em></strong></span> <span class='ocrx_word' id='word_1_663' title='bbox 805 4618 953 4686; x_wconf 76' lang='grc' dir='ltr'>ζωῆς</span> <span class='ocrx_word' id='word_1_664' title='bbox 1002 4620 1089 4682; x_wconf 81' lang='grc' dir='ltr'>εις</span> <span class='ocrx_word' id='word_1_665' title='bbox 1126 4614 1297 4679; x_wconf 75' lang='grc' dir='ltr'><strong>ζωήν.</strong></span> <span class='ocrx_word' id='word_1_666' title='bbox 1340 4615 1406 4667; x_wconf 88' lang='grc' dir='ltr'><strong>Ὃ</strong></span> <span class='ocrx_word' id='word_1_667' title='bbox 1435 4613 1490 4665; x_wconf 72' lang='grc' dir='ltr'>δὲ</span> <span class='ocrx_word' id='word_1_668' title='bbox 1512 4613 1661 4681; x_wconf 78' lang='grc' dir='ltr'>λέγει</span> <span class='ocrx_word' id='word_1_669' title='bbox 1700 4629 1809 4664; x_wconf 81' lang='grc' dir='ltr'>τοι·</span> 
     </span>
    </p>
   </div>
   <div class='ocr_carea' id='block_1_91' title="bbox 236 4702 1809 4782">
    <p class='ocr_par' dir='ltr' id='par_1_91' title="bbox 236 4702 1809 4782">
     <span class='ocr_line' id='line_1_91' title="bbox 236 4702 1809 4782; baseline -0.012 -9"><span class='ocrx_word' id='word_1_670' title='bbox 236 4718 399 4773; x_wconf 82' lang='grc' dir='ltr'>οῦτόν</span> <span class='ocrx_word' id='word_1_671' title='bbox 461 4718 612 4767; x_wconf 66' lang='grc' dir='ltr'>ἐστι’</span> <span class='ocrx_word' id='word_1_672' title='bbox 664 4712 767 4782; x_wconf 81' lang='grc' dir='ltr'>τὴν</span> <span class='ocrx_word' id='word_1_673' title='bbox 830 4709 1060 4765; x_wconf 79' lang='grc' dir='ltr'>εὐωδίαν</span> <span class='ocrx_word' id='word_1_674' title='bbox 1097 4705 1322 4776; x_wconf 85' lang='grc' dir='ltr'>ταύτην,</span> <span class='ocrx_word' id='word_1_675' title='bbox 1383 4704 1570 4772; x_wconf 74' lang='grc' dir='ltr'>φησὶν,</span> <span class='ocrx_word' id='word_1_676' title='bbox 1622 4705 1671 4757; x_wconf 85' lang='lat' dir='ltr'><strong>oi</strong></span> <span class='ocrx_word' id='word_1_677' title='bbox 1712 4702 1809 4773; x_wconf 73' lang='grc' dir='ltr'>μὲν</span> 
     </span>
    </p>
   </div>
   <div class='ocr_carea' id='block_1_92' title="bbox 237 4790 1808 4874">
    <p class='ocr_par' dir='ltr' id='par_1_92' title="bbox 237 4790 1808 4874">
     <span class='ocr_line' id='line_1_92' title="bbox 237 4790 1808 4874; baseline -0.012 -13"><span class='ocrx_word' id='word_1_678' title='bbox 237 4806 415 4871; x_wconf 75' lang='grc' dir='ltr'>οὔτως</span> <span class='ocrx_word' id='word_1_679' title='bbox 444 4802 757 4874; x_wconf 83' lang='grc' dir='ltr'>προσίενται</span> <span class='ocrx_word' id='word_1_680' title='bbox 798 4799 939 4852; x_wconf 84' lang='grc' dir='ltr'>ὥστε</span> <span class='ocrx_word' id='word_1_681' title='bbox 997 4796 1260 4864; x_wconf 82' lang='grc' dir='ltr'>σωθῆναι,</span> <span class='ocrx_word' id='word_1_682' title='bbox 1294 4794 1346 4846; x_wconf 78' lang='grc' dir='ltr'>οἱ</span> <span class='ocrx_word' id='word_1_683' title='bbox 1381 4792 1436 4845; x_wconf 83' lang='grc' dir='ltr'>δὲ</span> <span class='ocrx_word' id='word_1_684' title='bbox 1466 4792 1636 4854; x_wconf 77' lang='grc' dir='ltr'>οὕτως</span> <span class='ocrx_word' id='word_1_685' title='bbox 1667 4790 1808 4843; x_wconf 85' lang='grc' dir='ltr'>ὥστε</span> 
     </span>
    </p>
   </div>
   <div class='ocr_carea' id='block_1_93' title="bbox 238 4880 1809 4954">
    <p class='ocr_par' dir='ltr' id='par_1_93' title="bbox 238 4880 1809 4954">
     <span class='ocr_line' id='line_1_93' title="bbox 238 4880 1809 4954; baseline -0.014 -1"><span class='ocrx_word' id='word_1_686' title='bbox 238 4896 575 4954; x_wconf 81' lang='grc' dir='ltr'>ἀπολέσθαι·</span> <span class='ocrx_word' id='word_1_687' title='bbox 608 4892 751 4945; x_wconf 81' lang='grc' dir='ltr'>ὥστε</span> <span class='ocrx_word' id='word_1_688' title='bbox 806 4889 909 4943; x_wconf 76' lang='grc' dir='ltr'>κᾶν</span> <span class='ocrx_word' id='word_1_689' title='bbox 954 4886 1250 4941; x_wconf 77' lang='grc' dir='ltr'>ἀπόλλυταί</span> <span class='ocrx_word' id='word_1_690' title='bbox 1283 4901 1386 4947; x_wconf 86' lang='grc' dir='ltr'>τις,</span> <span class='ocrx_word' id='word_1_691' title='bbox 1427 4881 1557 4951; x_wconf 80' lang='grc' dir='ltr'>παρ’</span> <span class='ocrx_word' id='word_1_692' title='bbox 1584 4880 1751 4934; x_wconf 80' lang='grc' dir='ltr'>αὑτοῦ</span> <span class='ocrx_word' id='word_1_693' title='bbox 1775 4882 1809 4950; x_wconf 78' lang='grc' dir='ltr'>ὴ</span> 
     </span>
    </p>
   </div>
   <div class='ocr_carea' id='block_1_94' title="bbox 240 4970 1809 5043">
    <p class='ocr_par' dir='ltr' id='par_1_94' title="bbox 240 4970 1809 5043">
     <span class='ocr_line' id='line_1_94' title="bbox 240 4970 1809 5043; baseline -0.018 0"><span class='ocrx_word' id='word_1_694' title='bbox 240 4990 405 5043; x_wconf 79' lang='grc' dir='ltr'>αἰτία.</span> <span class='ocrx_word' id='word_1_695' title='bbox 462 4984 619 5036; x_wconf 70' lang='grc' dir='ltr'>Ἐπεὶ</span> <span class='ocrx_word' id='word_1_696' title='bbox 670 4980 931 5042; x_wconf 80' lang='grc' dir='ltr'>πολλάκις</span> <span class='ocrx_word' id='word_1_697' title='bbox 977 4977 1197 5043; x_wconf 82' lang='grc' dir='ltr'>λέγεται</span> <span class='ocrx_word' id='word_1_698' title='bbox 1244 4974 1304 5025; x_wconf 86' lang='grc' dir='ltr'>τὸ</span> <span class='ocrx_word' id='word_1_699' title='bbox 1375 4971 1545 5042; x_wconf 90' lang='grc' dir='ltr'>μύρον</span> <span class='ocrx_word' id='word_1_700' title='bbox 1596 4970 1809 5035; x_wconf 78' lang='grc' dir='ltr'>πνίγειν</span> 
     </span>
    </p>
   </div>
   <div class='ocr_carea' id='block_1_95' title="bbox 240 5059 1809 5147">
    <p class='ocr_par' dir='ltr' id='par_1_95' title="bbox 240 5059 1809 5147">
     <span class='ocr_line' id='line_1_95' title="bbox 240 5059 1809 5147; baseline -0.015 -13"><span class='ocrx_word' id='word_1_701' title='bbox 240 5083 364 5139; x_wconf 76' lang='grc' dir='ltr'>τοὺς</span> <span class='ocrx_word' id='word_1_702' title='bbox 394 5078 631 5147; x_wconf 75' lang='grc' dir='ltr'>χοίρους,</span> <span class='ocrx_word' id='word_1_703' title='bbox 695 5072 789 5124; x_wconf 77' lang='grc' dir='ltr'><strong>καὶ</strong></span> <span class='ocrx_word' id='word_1_704' title='bbox 830 5071 954 5130; x_wconf 72' lang='grc' dir='ltr'>τοὺς</span> <span class='ocrx_word' id='word_1_705' title='bbox 1006 5064 1253 5127; x_wconf 83' lang='grc' dir='ltr'>ἀσθενεῖς</span> <span class='ocrx_word' id='word_1_706' title='bbox 1281 5064 1388 5116; x_wconf 84' lang='grc' dir='ltr'>τῶν</span> <span class='ocrx_word' id='word_1_707' title='bbox 1418 5060 1712 5130; x_wconf 81' lang='grc' dir='ltr'>ὀφθαλμῶν</span> <span class='ocrx_word' id='word_1_708' title='bbox 1749 5059 1809 5111; x_wconf 84' lang='grc' dir='ltr'>τὸ</span> 
     </span>
    </p>
   </div>
   <div class='ocr_carea' id='block_1_96' title="bbox 243 5169 646 5241">
    <p class='ocr_par' dir='ltr' id='par_1_96' title="bbox 243 5169 646 5241">
     <span class='ocr_line' id='line_1_96' title="bbox 243 5169 646 5241; baseline -0.01 -18"><span class='ocrx_word' id='word_1_709' title='bbox 243 5173 357 5241; x_wconf 64' lang='grc' dir='ltr'>φῶς</span> <span class='ocrx_word' id='word_1_710' title='bbox 389 5169 646 5231; x_wconf 75' lang='grc' dir='ltr'>σκοτίζει.</span> 
     </span>
    </p>
   </div>
   <div class='ocr_carea' id='block_1_97' title="bbox 317 5249 1245 5330">
    <p class='ocr_par' dir='ltr' id='par_1_97' title="bbox 317 5249 1245 5330">
     <span class='ocr_line' id='line_1_97' title="bbox 317 5249 1245 5330; baseline -0.02 -14"><span class='ocrx_word' id='word_1_711' title='bbox 317 5285 334 5314; x_wconf 79' lang='grc' dir='ltr'><strong>ι</strong></span> <span class='ocrx_word' id='word_1_712' title='bbox 369 5262 479 5315; x_wconf 75' lang='grc' dir='ltr'><strong>Καὶ</strong></span> <span class='ocrx_word' id='word_1_713' title='bbox 512 5259 647 5330; x_wconf 78' lang='grc' dir='ltr'>πρὸς</span> <span class='ocrx_word' id='word_1_714' title='bbox 676 5255 849 5308; x_wconf 79' lang='grc' dir='ltr'>ταῦτα</span> <span class='ocrx_word' id='word_1_715' title='bbox 868 5253 949 5314; x_wconf 83' lang='grc' dir='ltr'><strong>τίς</strong></span> <span class='ocrx_word' id='word_1_716' title='bbox 975 5249 1191 5314; x_wconf 64' lang='lat' dir='ltr'><strong>ium/6;;</strong></span> <span class='ocrx_word' id='word_1_717' title='bbox 1226 5266 1245 5297; x_wconf 72' lang='grc' dir='ltr'><strong>ι</strong></span> 
     </span>
    </p>
   </div>
   <div class='ocr_carea' id='block_1_98' title="bbox 324 5330 1809 5418">
    <p class='ocr_par' dir='ltr' id='par_1_98' title="bbox 324 5330 1809 5418">
     <span class='ocr_line' id='line_1_98' title="bbox 324 5330 1809 5418; baseline -0.015 -14"><span class='ocrx_word' id='word_1_718' title='bbox 324 5349 543 5418; x_wconf 79' lang='grc' dir='ltr'>Ἐπειδὴ</span> <span class='ocrx_word' id='word_1_719' title='bbox 603 5345 812 5416; x_wconf 79' lang='grc' dir='ltr'>μεγάλα</span> <span class='ocrx_word' id='word_1_720' title='bbox 838 5342 1162 5410; x_wconf 76' lang='grc' dir='ltr'>ἐφθέγξατο,</span> <span class='ocrx_word' id='word_1_721' title='bbox 1198 5337 1282 5388; x_wconf 76' lang='grc' dir='ltr'>ὅτι</span> <span class='ocrx_word' id='word_1_722' title='bbox 1314 5333 1477 5387; x_wconf 88' lang='grc' dir='ltr'>θυσία</span> <span class='ocrx_word' id='word_1_723' title='bbox 1507 5331 1675 5402; x_wconf 77' lang='grc' dir='ltr'>ἐσμὲν</span> <span class='ocrx_word' id='word_1_724' title='bbox 1714 5330 1809 5383; x_wconf 89' lang='grc' dir='ltr'><strong>τοῦ</strong></span> 
     </span>
    </p>
   </div>
   <div class='ocr_carea' id='block_1_99' title="bbox 244 5422 1811 5514">
    <p class='ocr_par' dir='ltr' id='par_1_99' title="bbox 244 5422 1811 5514">
     <span class='ocr_line' id='line_1_99' title="bbox 244 5422 1811 5514; baseline -0.015 -16"><span class='ocrx_word' id='word_1_725' title='bbox 244 5442 505 5514; x_wconf 75' lang='grc' dir='ltr'>Χριστοῦ,</span> <span class='ocrx_word' id='word_1_726' title='bbox 546 5437 642 5490; x_wconf 69' lang='grc' dir='ltr'><strong>καὶ</strong></span> <span class='ocrx_word' id='word_1_727' title='bbox 676 5434 892 5497; x_wconf 79' lang='grc' dir='ltr'>εὐωδία,</span> <span class='ocrx_word' id='word_1_728' title='bbox 953 5434 1047 5484; x_wconf 76' lang='grc' dir='ltr'><strong>καὶ</strong></span> <span class='ocrx_word' id='word_1_729' title='bbox 1091 5422 1567 5499; x_wconf 74' lang='grc' dir='ltr'>ἐθριάμϐευόμεθα</span> <span class='ocrx_word' id='word_1_730' title='bbox 1605 5439 1811 5514; x_wconf 81' lang='grc' dir='ltr'>παντα-</span> 
     </span>
    </p>
   </div>
   <div class='ocr_carea' id='block_1_100' title="bbox 244 5513 1808 5604">
    <p class='ocr_par' dir='ltr' id='par_1_100' title="bbox 244 5513 1808 5604">
     <span class='ocr_line' id='line_1_100' title="bbox 244 5513 1808 5604; baseline -0.017 -17"><span class='ocrx_word' id='word_1_731' title='bbox 244 5534 361 5604; x_wconf 86' lang='grc' dir='ltr'>χοῦ,</span> <span class='ocrx_word' id='word_1_732' title='bbox 396 5531 560 5584; x_wconf 88' lang='grc' dir='ltr'>πάλιν</span> <span class='ocrx_word' id='word_1_733' title='bbox 589 5528 665 5597; x_wconf 81' lang='grc' dir='ltr'><strong>τῷ</strong></span> <span class='ocrx_word' id='word_1_734' title='bbox 691 5526 809 5595; x_wconf 79' lang='grc' dir='ltr'><strong>Θεῴ</strong></span> <span class='ocrx_word' id='word_1_735' title='bbox 839 5524 1124 5593; x_wconf 84' lang='grc' dir='ltr'>ἀνατίθησι</span> <span class='ocrx_word' id='word_1_736' title='bbox 1152 5517 1326 5572; x_wconf 83' lang='grc' dir='ltr'>ταῦτα</span> <span class='ocrx_word' id='word_1_737' title='bbox 1352 5532 1364 5544; x_wconf 91' lang='grc'><strong>·</strong></span> <span class='ocrx_word' id='word_1_738' title='bbox 1408 5514 1489 5565; x_wconf 85' lang='grc' dir='ltr'>διὸ</span> <span class='ocrx_word' id='word_1_739' title='bbox 1527 5513 1621 5565; x_wconf 85' lang='grc' dir='ltr'>καί</span> <span class='ocrx_word' id='word_1_740' title='bbox 1654 5530 1808 5583; x_wconf 75' lang='grc' dir='ltr'>φησι,</span> 
     </span>
    </p>
   </div>
   <div class='ocr_carea' id='block_1_101' title="bbox 245 5604 1812 5689">
    <p class='ocr_par' dir='ltr' id='par_1_101' title="bbox 245 5604 1812 5689">
     <span class='ocr_line' id='line_1_101' title="bbox 245 5604 1812 5689; baseline -0.013 -11"><span class='ocrx_word' id='word_1_741' title='bbox 245 5626 353 5679; x_wconf 73' lang='grc' dir='ltr'><strong>Καὶ</strong></span> <span class='ocrx_word' id='word_1_742' title='bbox 381 5625 530 5689; x_wconf 76' lang='grc' dir='ltr'>πρὸς</span> <span class='ocrx_word' id='word_1_743' title='bbox 575 5621 760 5673; x_wconf 81' lang='grc' dir='ltr'>ταῦτα</span> <span class='ocrx_word' id='word_1_744' title='bbox 811 5618 901 5683; x_wconf 80' lang='grc' dir='ltr'><strong>τίς</strong></span> <span class='ocrx_word' id='word_1_745' title='bbox 936 5616 1172 5675; x_wconf 58' lang='lat' dir='ltr'><strong>[xui-dc;</strong></span> <span class='ocrx_word' id='word_1_746' title='bbox 1199 5610 1258 5662; x_wconf 73' lang='grc' dir='ltr'>τὸ</span> <span class='ocrx_word' id='word_1_747' title='bbox 1291 5607 1398 5677; x_wconf 76' lang='grc' dir='ltr'><strong>γὰρ</strong></span> <span class='ocrx_word' id='word_1_748' title='bbox 1434 5606 1536 5657; x_wconf 73' lang='grc' dir='ltr'><strong>πᾶν</strong></span> <span class='ocrx_word' id='word_1_749' title='bbox 1557 5604 1648 5657; x_wconf 88' lang='grc' dir='ltr'><strong>τοῦ</strong></span> <span class='ocrx_word' id='word_1_750' title='bbox 1682 5606 1812 5675; x_wconf 78' lang='grc' dir='ltr'>Χρι-</span> 
     </span>
    </p>
   </div>
   <div class='ocr_carea' id='block_1_102' title="bbox 245 5705 1199 5781">
    <p class='ocr_par' dir='ltr' id='par_1_102' title="bbox 245 5705 1199 5781">
     <span class='ocr_line' id='line_1_102' title="bbox 245 5705 1199 5781; baseline -0.013 -12"><span class='ocrx_word' id='word_1_751' title='bbox 245 5716 391 5775; x_wconf 86' lang='grc' dir='ltr'>στοῦ,</span> <span class='ocrx_word' id='word_1_752' title='bbox 416 5712 571 5781; x_wconf 76' lang='grc' dir='ltr'>φησὶ,</span> <span class='ocrx_word' id='word_1_753' title='bbox 605 5711 695 5762; x_wconf 70' lang='grc' dir='ltr'>καὶ</span> <span class='ocrx_word' id='word_1_754' title='bbox 728 5707 879 5760; x_wconf 76' lang='grc' dir='ltr'>οὐδὲν</span> <span class='ocrx_word' id='word_1_755' title='bbox 914 5705 1199 5776; x_wconf 77' lang='grc' dir='ltr'>ἡμέτερον.</span> 
     </span>
    </p>
   </div>
   <div class='ocr_carea' id='block_1_103' title="bbox 324 5786 1812 5871">
    <p class='ocr_par' dir='ltr' id='par_1_103' title="bbox 324 5786 1812 5871">
     <span class='ocr_line' id='line_1_103' title="bbox 324 5786 1812 5871; baseline -0.015 -15"><span class='ocrx_word' id='word_1_756' title='bbox 324 5806 439 5856; x_wconf 75' lang='grc' dir='ltr'>ιυύ</span> <span class='ocrx_word' id='word_1_757' title='bbox 469 5802 578 5871; x_wconf 84' lang='grc' dir='ltr'><strong>γάρ</strong></span> <span class='ocrx_word' id='word_1_758' title='bbox 626 5801 788 5867; x_wconf 73' lang='grc' dir='ltr'>ἐσμεν</span> <span class='ocrx_word' id='word_1_759' title='bbox 820 5796 894 5859; x_wconf 85' lang='grc' dir='ltr'>ὼς</span> <span class='ocrx_word' id='word_1_760' title='bbox 940 5796 989 5847; x_wconf 80' lang='grc' dir='ltr'>οἱ</span> <span class='ocrx_word' id='word_1_761' title='bbox 1042 5794 1225 5847; x_wconf 78' lang='grc' dir='ltr'>πολλοὶ</span> <span class='ocrx_word' id='word_1_762' title='bbox 1283 5790 1681 5862; x_wconf 64' lang='grc' dir='ltr'>καπηλεύοντες</span> <span class='ocrx_word' id='word_1_763' title='bbox 1724 5786 1812 5837; x_wconf 80' lang='grc' dir='ltr'><strong>τὸν</strong></span> 
     </span>
    </p>
   </div>
   <div class='ocr_carea' id='block_1_104' title="bbox 1914 4620 3481 4683">
    <p class='ocr_par' dir='ltr' id='par_1_104' title="bbox 1914 4620 3481 4683">
     <span class='ocr_line' id='line_1_104' title="bbox 1914 4620 3481 4683; baseline 0.003 -9"><span class='ocrx_word' id='word_1_764' title='bbox 1914 4632 2083 4675; x_wconf 67' lang='lat' dir='ltr'><strong>morte</strong></span> <span class='ocrx_word' id='word_1_765' title='bbox 2106 4622 2159 4673; x_wconf 80' lang='lat' dir='ltr'><strong>in</strong></span> <span class='ocrx_word' id='word_1_766' title='bbox 2192 4631 2443 4683; x_wconf 81' lang='lat' dir='ltr'><strong>mortem;</strong></span> <span class='ocrx_word' id='word_1_767' title='bbox 2480 4621 2603 4673; x_wconf 80' lang='lat' dir='ltr'><strong>aliis</strong></span> <span class='ocrx_word' id='word_1_768' title='bbox 2633 4636 2805 4673; x_wconf 80' lang='lat' dir='ltr'><strong>autem</strong></span> <span class='ocrx_word' id='word_1_769' title='bbox 2835 4620 2966 4678; x_wconf 79' lang='lat' dir='ltr'><strong>odor</strong></span> <span class='ocrx_word' id='word_1_770' title='bbox 3002 4637 3067 4675; x_wconf 79' lang='lat' dir='ltr'><strong>ea:</strong></span> <span class='ocrx_word' id='word_1_771' title='bbox 3086 4623 3269 4678; x_wconf 67' lang='lat' dir='ltr'><strong>vitain</strong></span> <span class='ocrx_word' id='word_1_772' title='bbox 3298 4625 3481 4679; x_wconf 78' lang='lat' dir='ltr'><strong>vitam.</strong></span> 
     </span>
    </p>
   </div>
   <div class='ocr_carea' id='block_1_105' title="bbox 1914 4710 3481 4781">
    <p class='ocr_par' dir='ltr' id='par_1_105' title="bbox 1914 4710 3481 4781">
     <span class='ocr_line' id='line_1_105' title="bbox 1914 4710 3481 4781; baseline 0.001 -15"><span class='ocrx_word' id='word_1_773' title='bbox 1914 4710 2087 4777; x_wconf 86' lang='lat' dir='ltr'><strong>Cujus</strong></span> <span class='ocrx_word' id='word_1_774' title='bbox 2105 4710 2232 4765; x_wconf 88' lang='lat' dir='ltr'><strong>dicti</strong></span> <span class='ocrx_word' id='word_1_775' title='bbox 2260 4710 2620 4779; x_wconf 70' lang='lat' dir='ltr'><strong>significantia</strong></span> <span class='ocrx_word' id='word_1_776' title='bbox 2646 4711 2758 4765; x_wconf 67' lang='lat' dir='ltr'><strong>haec</strong></span> <span class='ocrx_word' id='word_1_777' title='bbox 2787 4719 2907 4767; x_wconf 86' lang='lat' dir='ltr'><strong>est:</strong></span> <span class='ocrx_word' id='word_1_778' title='bbox 2941 4711 3296 4781; x_wconf 77' lang='lat' dir='ltr'><strong>fragrantiam</strong></span> <span class='ocrx_word' id='word_1_779' title='bbox 3324 4714 3481 4769; x_wconf 73' lang='lat' dir='ltr'><strong>istam</strong></span> 
     </span>
    </p>
   </div>
   <div class='ocr_carea' id='block_1_106' title="bbox 1916 4800 3484 4870">
    <p class='ocr_par' dir='ltr' id='par_1_106' title="bbox 1916 4800 3484 4870">
     <span class='ocr_line' id='line_1_106' title="bbox 1916 4800 3484 4870; baseline 0.003 -16"><span class='ocrx_word' id='word_1_780' title='bbox 1916 4800 2009 4854; x_wconf 74' lang='lat' dir='ltr'><strong>alii</strong></span> <span class='ocrx_word' id='word_1_781' title='bbox 2032 4801 2252 4870; x_wconf 82' lang='lat' dir='ltr'><strong>quidem</strong></span> <span class='ocrx_word' id='word_1_782' title='bbox 2290 4801 2372 4854; x_wconf 88' lang='lat' dir='ltr'><strong>sic</strong></span> <span class='ocrx_word' id='word_1_783' title='bbox 2406 4801 2726 4865; x_wconf 81' lang='lat' dir='ltr'><strong>admittunt,</strong></span> <span class='ocrx_word' id='word_1_784' title='bbox 2760 4808 2821 4854; x_wconf 89' lang='lat' dir='ltr'><strong>ut</strong></span> <span class='ocrx_word' id='word_1_785' title='bbox 2850 4802 2986 4856; x_wconf 84' lang='lat' dir='ltr'><strong>salvi</strong></span> <span class='ocrx_word' id='word_1_786' title='bbox 3029 4801 3193 4869; x_wconf 83' lang='lat' dir='ltr'><strong>fiant;</strong></span> <span class='ocrx_word' id='word_1_787' title='bbox 3235 4803 3327 4858; x_wconf 83' lang='lat' dir='ltr'><strong>alii</strong></span> <span class='ocrx_word' id='word_1_788' title='bbox 3356 4819 3484 4859; x_wconf 83' lang='lat' dir='ltr'><strong>vero</strong></span> 
     </span>
    </p>
   </div>
   <div class='ocr_carea' id='block_1_107' title="bbox 1915 4889 3481 4962">
    <p class='ocr_par' dir='ltr' id='par_1_107' title="bbox 1915 4889 3481 4962">
     <span class='ocr_line' id='line_1_107' title="bbox 1915 4889 3481 4962; baseline 0.001 -17"><span class='ocrx_word' id='word_1_789' title='bbox 1915 4889 1997 4945; x_wconf 88' lang='lat' dir='ltr'><strong>sic</strong></span> <span class='ocrx_word' id='word_1_790' title='bbox 2016 4898 2075 4943; x_wconf 86' lang='lat' dir='ltr'><strong>ut</strong></span> <span class='ocrx_word' id='word_1_791' title='bbox 2102 4899 2346 4959; x_wconf 86' lang='lat' dir='ltr'><strong>pereant.</strong></span> <span class='ocrx_word' id='word_1_792' title='bbox 2367 4892 2560 4959; x_wconf 85' lang='lat' dir='ltr'><strong>Itaque</strong></span> <span class='ocrx_word' id='word_1_793' title='bbox 2589 4891 2635 4945; x_wconf 92' lang='lat' dir='ltr'><strong>si</strong></span> <span class='ocrx_word' id='word_1_794' title='bbox 2661 4892 2787 4961; x_wconf 88' lang='lat' dir='ltr'><strong>quis</strong></span> <span class='ocrx_word' id='word_1_795' title='bbox 2811 4901 3018 4960; x_wconf 82' lang='lat' dir='ltr'><strong>pereat,</strong></span> <span class='ocrx_word' id='word_1_796' title='bbox 3051 4893 3168 4962; x_wconf 89' lang='lat' dir='ltr'><strong>ipse</strong></span> <span class='ocrx_word' id='word_1_797' title='bbox 3192 4893 3295 4949; x_wconf 87' lang='lat' dir='ltr'><strong>sibi</strong></span> <span class='ocrx_word' id='word_1_798' title='bbox 3315 4909 3481 4949; x_wconf 81' lang='lat' dir='ltr'><strong>causa</strong></span> 
     </span>
    </p>
   </div>
   <div class='ocr_carea' id='block_1_108' title="bbox 1914 4980 3481 5055">
    <p class='ocr_par' dir='ltr' id='par_1_108' title="bbox 1914 4980 3481 5055">
     <span class='ocr_line' id='line_1_108' title="bbox 1914 4980 3481 5055; baseline 0.003 -22"><span class='ocrx_word' id='word_1_799' title='bbox 1914 4990 2015 5035; x_wconf 88' lang='lat' dir='ltr'><strong>est.</strong></span> <span class='ocrx_word' id='word_1_800' title='bbox 2048 4980 2205 5049; x_wconf 86' lang='lat' dir='ltr'><strong>Atqui</strong></span> <span class='ocrx_word' id='word_1_801' title='bbox 2240 4982 2405 5049; x_wconf 83' lang='lat' dir='ltr'><strong>vulgo</strong></span> <span class='ocrx_word' id='word_1_802' title='bbox 2435 4982 2695 5036; x_wconf 87' lang='lat' dir='ltr'><strong>dicuntur</strong></span> <span class='ocrx_word' id='word_1_803' title='bbox 2716 4998 2842 5038; x_wconf 88' lang='lat' dir='ltr'><strong>sues</strong></span> <span class='ocrx_word' id='word_1_804' title='bbox 2868 4992 3149 5053; x_wconf 83' lang='lat' dir='ltr'><strong>unguento</strong></span> <span class='ocrx_word' id='word_1_805' title='bbox 3170 4985 3481 5055; x_wconf 68' lang='lat' dir='ltr'><strong>praefocari,</strong></span> 
     </span>
    </p>
   </div>
   <div class='ocr_carea' id='block_1_109' title="bbox 1915 5070 3127 5139">
    <p class='ocr_par' dir='ltr' id='par_1_109' title="bbox 1915 5070 3127 5139">
     <span class='ocr_line' id='line_1_109' title="bbox 1915 5070 3127 5139; baseline 0.002 -15"><span class='ocrx_word' id='word_1_806' title='bbox 1915 5078 1967 5124; x_wconf 92' lang='lat' dir='ltr'><strong>et</strong></span> <span class='ocrx_word' id='word_1_807' title='bbox 1998 5070 2302 5139; x_wconf 87' lang='lat' dir='ltr'><strong>gramiosos</strong></span> <span class='ocrx_word' id='word_1_808' title='bbox 2330 5071 2519 5125; x_wconf 91' lang='lat' dir='ltr'><strong>oculos</strong></span> <span class='ocrx_word' id='word_1_809' title='bbox 2554 5072 2755 5126; x_wconf 90' lang='lat' dir='ltr'><strong>lumine</strong></span> <span class='ocrx_word' id='word_1_810' title='bbox 2784 5087 2959 5128; x_wconf 68' lang='lat' dir='ltr'><strong>caecos</strong></span> <span class='ocrx_word' id='word_1_811' title='bbox 2987 5072 3127 5126; x_wconf 87' lang='lat' dir='ltr'><strong>fieri.</strong></span> 
     </span>
    </p>
   </div>
   <div class='ocr_carea' id='block_1_110' title="bbox 1991 5245 2858 5314">
    <p class='ocr_par' dir='ltr' id='par_1_110' title="bbox 1991 5245 2858 5314">
     <span class='ocr_line' id='line_1_110' title="bbox 1991 5245 2858 5314; baseline -0.001 -15"><span class='ocrx_word' id='word_1_812' title='bbox 1991 5264 2009 5299; x_wconf 84' lang='grc' dir='ltr'><strong>ι</strong></span> <span class='ocrx_word' id='word_1_813' title='bbox 2048 5246 2112 5300; x_wconf 84' lang='grc' dir='ltr'><strong>Ει</strong></span> <span class='ocrx_word' id='word_1_814' title='bbox 2145 5246 2211 5299; x_wconf 86' lang='lat' dir='ltr'><strong>ad</strong></span> <span class='ocrx_word' id='word_1_815' title='bbox 2239 5246 2353 5299; x_wconf 66' lang='lat' dir='ltr'><strong>haec</strong></span> <span class='ocrx_word' id='word_1_816' title='bbox 2382 5245 2508 5314; x_wconf 88' lang='lat' dir='ltr'><strong>quis</strong></span> <span class='ocrx_word' id='word_1_817' title='bbox 2532 5245 2802 5301; x_wconf 83' lang='lat' dir='ltr'><strong>idoneus?</strong></span> <span class='ocrx_word' id='word_1_818' title='bbox 2840 5266 2858 5298; x_wconf 74' lang='grc' dir='ltr'><strong>ι</strong></span> 
     </span>
    </p>
   </div>
   <div class='ocr_carea' id='block_1_111' title="bbox 1986 5336 3485 5411">
    <p class='ocr_par' dir='ltr' id='par_1_111' title="bbox 1986 5336 3485 5411">
     <span class='ocr_line' id='line_1_111' title="bbox 1986 5336 3485 5411; baseline 0.003 -22"><span class='ocrx_word' id='word_1_819' title='bbox 1986 5336 2126 5403; x_wconf 86' lang='lat' dir='ltr'><strong>Quia</strong></span> <span class='ocrx_word' id='word_1_820' title='bbox 2160 5352 2355 5406; x_wconf 90' lang='lat' dir='ltr'><strong>magna</strong></span> <span class='ocrx_word' id='word_1_821' title='bbox 2382 5336 2629 5403; x_wconf 70' lang='lat' dir='ltr'><strong>quaedam</strong></span> <span class='ocrx_word' id='word_1_822' title='bbox 2663 5336 2922 5411; x_wconf 66' lang='lat' dir='ltr'><strong>praafatus</strong></span> <span class='ocrx_word' id='word_1_823' title='bbox 2948 5345 3052 5402; x_wconf 91' lang='lat' dir='ltr'><strong>est,</strong></span> <span class='ocrx_word' id='word_1_824' title='bbox 3082 5337 3358 5393; x_wconf 87' lang='lat' dir='ltr'><strong>victimam</strong></span> <span class='ocrx_word' id='word_1_825' title='bbox 3383 5356 3485 5395; x_wconf 89' lang='lat' dir='ltr'><strong>nos</strong></span> 
     </span>
    </p>
   </div>
   <div class='ocr_carea' id='block_1_112' title="bbox 1916 5424 3486 5497">
    <p class='ocr_par' dir='ltr' id='par_1_112' title="bbox 1916 5424 3486 5497">
     <span class='ocr_line' id='line_1_112' title="bbox 1916 5424 3486 5497; baseline 0.001 -16"><span class='ocrx_word' id='word_1_826' title='bbox 1916 5442 2037 5481; x_wconf 88' lang='lat' dir='ltr'><strong>esse</strong></span> <span class='ocrx_word' id='word_1_827' title='bbox 2070 5424 2298 5491; x_wconf 85' lang='lat' dir='ltr'><strong>Christi,</strong></span> <span class='ocrx_word' id='word_1_828' title='bbox 2345 5440 2558 5479; x_wconf 82' lang='lat' dir='ltr'><strong>necnon</strong></span> <span class='ocrx_word' id='word_1_829' title='bbox 2596 5426 2800 5479; x_wconf 91' lang='lat' dir='ltr'><strong>bonum</strong></span> <span class='ocrx_word' id='word_1_830' title='bbox 2829 5424 3090 5492; x_wconf 87' lang='lat' dir='ltr'><strong>odorem;</strong></span> <span class='ocrx_word' id='word_1_831' title='bbox 3148 5427 3352 5497; x_wconf 86' lang='lat' dir='ltr'><strong>ubique</strong></span> <span class='ocrx_word' id='word_1_832' title='bbox 3383 5445 3486 5484; x_wconf 90' lang='lat' dir='ltr'><strong>nos</strong></span> 
     </span>
    </p>
   </div>
   <div class='ocr_carea' id='block_1_113' title="bbox 1918 5511 3484 5584">
    <p class='ocr_par' dir='ltr' id='par_1_113' title="bbox 1918 5511 3484 5584">
     <span class='ocr_line' id='line_1_113' title="bbox 1918 5511 3484 5584; baseline 0.006 -18"><span class='ocrx_word' id='word_1_833' title='bbox 1918 5514 2292 5584; x_wconf 90' lang='lat' dir='ltr'><strong>triumphare:</strong></span> <span class='ocrx_word' id='word_1_834' title='bbox 2324 5511 2512 5568; x_wconf 73' lang='lat' dir='ltr'><strong>istha-c</strong></span> <span class='ocrx_word' id='word_1_835' title='bbox 2546 5530 2770 5569; x_wconf 90' lang='lat' dir='ltr'><strong>rursum</strong></span> <span class='ocrx_word' id='word_1_836' title='bbox 2798 5515 2981 5568; x_wconf 88' lang='lat' dir='ltr'><strong>omnia</strong></span> <span class='ocrx_word' id='word_1_837' title='bbox 3014 5515 3069 5568; x_wconf 90' lang='lat' dir='ltr'><strong>in</strong></span> <span class='ocrx_word' id='word_1_838' title='bbox 3101 5515 3270 5569; x_wconf 83' lang='lat' dir='ltr'><strong>Deum</strong></span> <span class='ocrx_word' id='word_1_839' title='bbox 3299 5516 3484 5575; x_wconf 83' lang='lat' dir='ltr'><strong>refert.</strong></span> 
     </span>
    </p>
   </div>
   <div class='ocr_carea' id='block_1_114' title="bbox 1925 5605 3486 5675">
    <p class='ocr_par' dir='ltr' id='par_1_114' title="bbox 1925 5605 3486 5675">
     <span class='ocr_line' id='line_1_114' title="bbox 1925 5605 3486 5675; baseline 0 -13"><span class='ocrx_word' id='word_1_840' title='bbox 1925 5606 2075 5662; x_wconf 88' lang='lat' dir='ltr'><strong>Unde</strong></span> <span class='ocrx_word' id='word_1_841' title='bbox 2097 5607 2221 5661; x_wconf 87' lang='lat' dir='ltr'><strong>ait:</strong></span> <span class='ocrx_word' id='word_1_842' title='bbox 2264 5605 2328 5659; x_wconf 86' lang='lat' dir='ltr'><strong>Et</strong></span> <span class='ocrx_word' id='word_1_843' title='bbox 2374 5605 2442 5658; x_wconf 82' lang='lat' dir='ltr'><strong>ad</strong></span> <span class='ocrx_word' id='word_1_844' title='bbox 2473 5606 2583 5661; x_wconf 64' lang='lat' dir='ltr'><strong>hare</strong></span> <span class='ocrx_word' id='word_1_845' title='bbox 2621 5609 2738 5675; x_wconf 82' lang='lat' dir='ltr'><strong>quis</strong></span> <span class='ocrx_word' id='word_1_846' title='bbox 2789 5606 3052 5664; x_wconf 75' lang='lat' dir='ltr'><strong>idoneus?</strong></span> <span class='ocrx_word' id='word_1_847' title='bbox 3110 5614 3289 5665; x_wconf 86' lang='lat' dir='ltr'><strong>totum</strong></span> <span class='ocrx_word' id='word_1_848' title='bbox 3340 5609 3486 5663; x_wconf 88' lang='lat' dir='ltr'><strong>enim</strong></span> 
     </span>
    </p>
   </div>
   <div class='ocr_carea' id='block_1_115' title="bbox 1918 5697 3060 5766">
    <p class='ocr_par' dir='ltr' id='par_1_115' title="bbox 1918 5697 3060 5766">
     <span class='ocr_line' id='line_1_115' title="bbox 1918 5697 3060 5766; baseline 0.003 -15"><span class='ocrx_word' id='word_1_849' title='bbox 1918 5697 2127 5752; x_wconf 88' lang='lat' dir='ltr'><strong>Christi</strong></span> <span class='ocrx_word' id='word_1_850' title='bbox 2159 5704 2264 5760; x_wconf 85' lang='lat' dir='ltr'><strong>est,</strong></span> <span class='ocrx_word' id='word_1_851' title='bbox 2296 5697 2504 5766; x_wconf 88' lang='lat' dir='ltr'><strong>inquit,</strong></span> <span class='ocrx_word' id='word_1_852' title='bbox 2536 5706 2592 5753; x_wconf 86' lang='lat' dir='ltr'><strong>et</strong></span> <span class='ocrx_word' id='word_1_853' title='bbox 2623 5697 2759 5752; x_wconf 86' lang='lat' dir='ltr'><strong>nihil</strong></span> <span class='ocrx_word' id='word_1_854' title='bbox 2790 5709 3060 5754; x_wconf 88' lang='lat' dir='ltr'><strong>nostrum.</strong></span> 
     </span>
    </p>
   </div>
   <div class='ocr_carea' id='block_1_116' title="bbox 1994 5784 3484 5855">
    <p class='ocr_par' dir='ltr' id='par_1_116' title="bbox 1994 5784 3484 5855">
     <span class='ocr_line' id='line_1_116' title="bbox 1994 5784 3484 5855; baseline -0.003 -14"><span class='ocrx_word' id='word_1_855' title='bbox 1994 5786 2159 5841; x_wconf 70' lang='lat' dir='ltr'><strong>Vens.</strong></span> <span class='ocrx_word' id='word_1_856' title='bbox 2196 5786 2279 5839; x_wconf 85' lang='lat' dir='ltr'><strong>i7.</strong></span> <span class='ocrx_word' id='word_1_857' title='bbox 2318 5806 2335 5839; x_wconf 79' lang='grc' dir='ltr'><strong>ι</strong></span> <span class='ocrx_word' id='word_1_858' title='bbox 2368 5784 2483 5841; x_wconf 77' lang='lat' dir='ltr'><strong>Non</strong></span> <span class='ocrx_word' id='word_1_859' title='bbox 2508 5788 2650 5841; x_wconf 82' lang='lat' dir='ltr'><strong>enim</strong></span> <span class='ocrx_word' id='word_1_860' title='bbox 2688 5802 2874 5841; x_wconf 75' lang='lat' dir='ltr'><strong>sumus</strong></span> <span class='ocrx_word' id='word_1_861' title='bbox 2909 5794 2968 5840; x_wconf 88' lang='lat' dir='ltr'><strong>ttt</strong></span> <span class='ocrx_word' id='word_1_862' title='bbox 3002 5786 3245 5855; x_wconf 84' lang='lat' dir='ltr'><strong>quidam,</strong></span> <span class='ocrx_word' id='word_1_863' title='bbox 3280 5784 3484 5839; x_wconf 78' lang='lat' dir='ltr'><strong>adulte—</strong></span> 
     </span>
    </p>
   </div>
  </div>
