4218 6448
210 428 303 493 721

1337 435 1410 492 IN
1454 434 1670 494 El’lS'l‘
1738 433 1836 489 AD
1868 431 2224 491 CORIN'I‘ll.
2272 436 2347 492 Il.

3368 432 3471 473 ’τοῦ

3379 460 3471 495 ιιι

211 548 293 599 τὸν
320 546 487 616 νόμον
505 546 657 615 φησι,
676 546 767 598 τὸν
786 545 1081 608 κολάζοντα
1111 548 1237 607 τοὺς
1275 547 1729 617 πλημμελοῦντας
1767 561 1777 572 ⁸
1813 552 1856 600 Α

1813 552 1856 600 Α
1886 542 2059 595 Porro
2098 542 2331 597 litteram
2372 545 2461 598 hic
2504 547 2675 615 legem
2734 553 2911 607 vocat,
2956 560 3061 612 qua
3093 543 3468 611 delinquentes

216 636 430 707 πνεῦμα
459 638 538 699 δὲ,
570 638 668 707 τὴν
699 639 857 707 χάριν
882 638 982 708 τὴν
1019 638 1107 689 διά
1142 637 1236 690 τοῦ
1264 638 1601 706 Πνεύματος,
1662 640 1787 700 τοὺς

216 729 314 781 ὑπὸ
340 729 453 782 τῶν
475 728 761 800 ἁμαρτιῶν
804 729 1180 800 νεκρωθέντας
1213 728 1606 792 ζωοποιούσαν.

286 925 306 959 ι
346 906 411 960 El
439 906 498 960 δὲ
528 907 562 977 ἡ
586 906 832 960 διακονία
861 905 957 959 τοῦ
986 906 1243 960 θανάτου.
1287 926 1304 957 ι

287 999 413 1052 Ἐτι
435 1000 539 1069 τὴν
573 997 863 1069 σύγκρισιν
882 998 1258 1069 ἐξεργάζεται.
1292 1000 1357 1051 Ὂ
1379 999 1435 1051 δὲ
1467 998 1590 1061 νοῦς
1608 992 1783 1058 οὗτος.

219 1088 277 1142 ΕΞ
321 1091 507 1158 ἐκείνη
564 1089 664 1160 μὲν
724 1088 978 1151 θανάτου,
1018 1089 1156 1157 α’ύτη
1198 1090 1255 1141 δὲ
1300 1090 1459 1157 δόξης
1517 1090 1784 1151 διακονία.

218 1181 585 1253 άναμφίόολον
614 1182 697 1234 ὃτι
735 1182 769 1249 ἡ
824 1179 951 1244 δόξα
980 1178 1119 1249 αὔτη
1157 1180 1368 1249 ἐκείνης
1396 1180 1596 1248 μείζων
1632 1181 1745 1232 ἐστί
1772 1199 1782 1209 ·

218 1276 493 1328 διακονίαν
525 1275 581 1328 δὲ
612 1274 865 1337 θανάτου,
897 1274 989 1326 τὸν
1015 1274 1179 1342 νόμον
1208 1273 1377 1340 λέγει.
1409 1276 1657 1326 Διακονεί
1681 1276 1788 1345 γὰρ

219 1370 293 1431 είς
328 1366 579 1432 θάνατον,
617 1367 856 1437 ἐλέγχων
881 1365 950 1419 τὰ
985 1366 1383 1437 ἁμαρτήματα.

296 1562 314 1593 ι
369 1544 458 1595 Ἐν
497 1542 845 1611 γράμμασιν,
890 1541 1306 1611 ἐντετυπωμένη
1332 1542 1389 1592 ἐν
1416 1538 1603 1603 λίθοις,
1634 1544 1788 1607 ἐγεν-

218 1636 354 1704 νήθη
389 1636 446 1686 ὲν
486 1633 635 1705 δόξῃ,
662 1633 809 1686 ὥστε
836 1634 910 1703 μὴ
933 1632 1193 1686 δύνασθαι
1226 1631 1467 1684 ἀτενίσαι
1489 1632 1613 1693 τοὺς
1643 1633 1789 1693 υἱοὶις

230 1725 443 1794 Ἰσραὴλ
503 1725 584 1787 είς
631 1725 691 1776 τὸ
739 1723 1032 1794 πρόσωπον
1065 1724 1343 1784 Μωῦσέως
1377 1721 1466 1774 διά
1490 1722 1587 1790 τὴν
1634 1721 1789 1786 δόξαν

218 1816 309 1869 τοῦ
334 1814 632 1887 προσώπου
666 1815 830 1869 αύτοῦ
872 1816 971 1885 τὴν
1006 1815 1484 1885 καταργουμένην,
1520 1813 1635 1875 πῶς
1669 1814 1790 1880 οὐχὶ

1891 634 2238 701 puniuntur;
2293 637 2551 705 spiritum
2602 644 2823 701 autem,
2870 637 3127 707 gratiam,
3164 652 3287 704 qua:
3345 634 3470 703 Spi-

1887 726 2027 779 ritus
2079 740 2243 794 Opera
2303 729 2466 782 vitam
2524 737 2748 798 praestat
2796 729 2909 783 illis
2958 731 3048 797 qui
3096 745 3189 797 per
3245 737 3467 798 peccata

1889 817 2091 871 mortui
2128 828 2307 872 erant.

1964 906 2125 960 Vens.
2160 908 2207 960 7.
2249 926 2270 960 ι
2311 908 2466 973 Quod
2501 911 2543 963 si
2590 910 2923 963 ministratio
2950 909 3167 963 mortis.
3197 927 3216 959 ι

1959 996 2443 1066 Comparationem
2503 1000 2681 1053 adhuc
2726 1000 3052 1069 exsequitur
3095 1016 3110 1053 :
3158 1008 3324 1068 atque
3378 996 3469 1052 hic

1889 1104 2086 1141 sensus
2119 1098 2201 1142 est
2232 1108 2243 1142 :
2272 1088 2426 1153 Quod
2458 1092 2502 1143 si
2535 1091 2898 1144 ministerium
2946 1089 3074 1143 illud
3090 1101 3254 1140 causa
3272 1086 3466 1142 mortis

1889 1181 2125 1245 exstitit,
2186 1184 2296 1235 ltzec
2341 1197 2471 1236 vero
2523 1183 2730 1250 gloriae,
2787 1182 3012 1235 dubium
3054 1198 3165 1236 non
3206 1189 3291 1235 est
3332 1182 3464 1250 quin

1890 1271 2067 1337 gloria
2117 1272 2222 1325 ista
2270 1273 2444 1341 major
2477 1273 2565 1325 illa
2618 1273 2710 1327 sit.
2746 1271 3013 1325 Caeterum
3046 1270 3466 1326 ministrationis

1892 1362 2110 1415 nomine
2134 1363 2303 1432 legem
2326 1364 2614 1434 exprimit.
2645 1361 2778 1416 Nam
2810 1364 3041 1417 inservit
3062 1362 3219 1415 morti
3246 1370 3468 1431 peccata

1892 1453 2195 1521 arguendo.

1967 1564 1984 1595 ι
2028 1545 2085 1598 lu
2117 1547 2317 1599 litteris
2350 1545 2652 1599 deformata
2690 1548 2742 1599 in
2781 1544 3080 1614 lapidibus,
3126 1543 3227 1596 fuit
3257 1543 3310 1595 in
3357 1542 3455 1611 glo.

1890 1637 1993 1699 ria,
2020 1645 2077 1689 ut
2110 1652 2217 1690 non
2257 1647 2486 1704 possent
2514 1638 2803 1691 intendere
2840 1637 2932 1690 lilii
2978 1635 3142 1688 Israel
3176 1636 3229 1688 in
3277 1634 3470 1687 faciem

1892 1728 2090 1799 Moysi,
2120 1735 2346 1795 propter
2374 1726 2605 1795 gloriam
2648 1728 2832 1780 vultus
2874 1724 3015 1791 ejus,
3066 1739 3187 1793 quae
3238 1737 3472 1777 evacua~

1895 1828 2023 1885 tur;
2068 1818 2259 1890 [Vens
2292 1818 2345 1879 8.
2388 1818 2442 1889 9]
2472 1819 2748 1887 quomodo
2776 1832 2885 1871 non
2928 1818 3102 1885 magis
3140 1808 3471 1869 ministratio

224 1906 421 1975 μᾶλλον
455 1906 761 1976 ήδιακονία
796 1906 892 1958 τοῦ
944 1906 1260 1976 Πνεύματος
1315 1904 1467 1958 ἔσται
1520 1908 1576 1957 ἐν
1630 1904 1789 1972 δόξῃς
1828 1888 1866 1937 Β

1828 1888 1866 1937 Β
1897 1888 2135 1982 Spiritus
2164 1911 2265 1964 erit
2304 1910 2356 1962 iu
2382 1888 2554 1976 gloria
2584 1910 2603 1961 ἶ
2632 1908 2765 1962 Nam
2794 1911 2839 1963 si
2872 1908 3213 1962 ministratio
3246 1906 3466 1961 damna-

221 1998 410 2069 Είγάρ
440 2000 474 2068 ἡ
500 1997 743 2051 διακονία
770 1998 1147 2068 κατακρίσεως
1191 1998 1340 2061 δόξα,
1384 1995 1563 2063 πολλῷ
1596 1995 1793 2063 μᾶλλον

222 2088 541 2160 περισσεύει
567 2091 600 2158 ἡ
627 2088 874 2141 διακονία
896 2090 995 2157 τῆς
1027 2088 1381 2157 δικαιοσύνης
1412 2089 1469 2139 ἐν
1506 2084 1652 2155 δόξῃ.
1686 2104 1703 2136 ι

288 2180 564 2250 Καθαιρεῖ
578 2181 741 2234 πάλιν
772 2179 831 2233 τὸ
861 2180 1149 2232 Ἰουδαϊκὸν
1180 2179 1456 2249 φρόνημα.

294 2290 312 2321 ι
355 2273 467 2324 Καὶ
513 2272 620 2343 γάρ
677 2274 736 2325 οὐ
803 2272 1116 2335 δεδόξασται
1172 2272 1232 2323 τὸ
1285 2270 1673 2341 δεδοξασμένον
1738 2271 1795 2322 ὲν

221 2365 395 2436 τούτῳ
418 2366 498 2435 τῷ
541 2368 718 2436 μέρει,
750 2366 963 2418 εἵνεκεν
1003 2366 1104 2433 τῆς
1134 2363 1584 2434 ύπερὸαλλούσης
1616 2362 1792 2431 δόξης.

225 2459 285 2512 El
314 2457 423 2527 γάρ
448 2458 510 2510 τὸ
542 2456 991 2527 καταργούμενον
1020 2457 1110 2510 διά
1156 2457 1335 2526 δόξης,
1375 2455 1558 2525 πολλῷ
1594 2454 1796 2524 μᾶλλον

224 2553 283 2605 τὺ
328 2552 510 2622 μένον,
533 2554 591 2605 ὲν
623 2550 770 2620 δόξῃ.
812 2570 830 2602 ι

292 2648 391 2697 “Av
423 2644 827 2715 συγκρίνωμεν,
857 2642 1012 2712 φησι,
1042 2641 1246 2709 ταύτην
1276 2640 1433 2705 δόξαν
1456 2638 1797 2711 ὲκείνῃ,ούδὲ

224 2736 351 2803 δόξα
380 2739 529 2790 ἐστὶν
578 2739 611 2806 ἡ
657 2736 784 2801 δόξα
809 2737 908 2806 τῆς
930 2736 1185 2799 παλαιᾶς.
1216 2734 1327 2803 Ούχ
1356 2733 1539 2794 ἁπλῶς
1564 2731 1618 2783 δὲ
1640 2732 1699 2783 τὸ
1722 2730 1799 2800 μὴ

228 2826 366 2881 εἶναι
385 2828 544 2893 δόξαν
582 2827 1006 2891 κατασκευάζει.
1039 2827 1131 2879 Διὸ
1162 2826 1380 2893 ἐπάγει,
1410 2824 1479 2876 ἐν
1506 2824 1695 2887 τούτῳ
1720 2820 1799 2887 τῷ

222 2923 407 2991 μέρει,
425 2922 703 2975 τουτέστιν
726 2921 869 2974 κατὰ
891 2920 981 2973 τὸν
1013 2920 1110 2989 τῆς
1140 2918 1483 2988 συγκρίσεως
1514 2916 1690 2983 λόγον.

305 3118 323 3149 t
363 3099 619 3167 Ἔχοντες
643 3090 737 3150 οὖν
767 3096 1027 3158 τοιαύτην
1063 3095 1275 3157 ἐλπίδα,
1312 3095 1477 3163 πολλῇ
1515 3095 1799 3163 παρρησίᾳ

1896 2002 2062 2055 tionis
2101 2001 2271 2069 gloria
2311 2009 2434 2065 est,
2490 2000 2665 2053 multo
2720 1998 2897 2069 magis
2930 1998 3172 2053 abundat
3223 1997 3472 2051 ministe-

1896 2096 2037 2147 rium
2070 2092 2300 2160 justitiae
2331 2093 2384 2145 in
2418 2091 2613 2161 gloria.
2645 2110 2662 2141 ι

1968 2184 2068 2238 Hic
2104 2201 2299 2238 rursus
2321 2182 2587 2237 Judaieos
2619 2183 2850 2253 spiritus
2887 2182 3221 2250 comprimit.

1970 2277 2133 2333 Vens.
2178 2279 2263 2341 10,
2300 2279 2383 2330 11.
2439 2295 2457 2327 ι
2494 2276 2628 2329 Nam
2672 2291 2771 2330 nec
2804 2276 3163 2343 gloriﬁcatum
3219 2280 3303 2327 est
3330 2270 3475 2341 quod

1897 2371 2099 2425 claruit
2129 2371 2183 2423 in
2216 2370 2315 2422 hac
2350 2380 2527 2439 parte,
2571 2379 2795 2437 propter
2823 2368 3185 2422 excellentem
3218 2364 3472 2432 gloriam.

1900 2464 1956 2519 Si
1989 2465 2134 2520 enim
2176 2463 2321 2531 quod
2368 2473 2687 2522 evacuatur.
2725 2477 2817 2530 per
2869 2460 3099 2530 gloriam
3147 2469 3253 2521 est,
3305 2458 3477 2510 multo

1898 2558 2073 2626 magis
2096 2557 2244 2625 quod
2272 2562 2477 2619 manet,
2510 2554 2752 2624 ingloria
2781 2564 2883 2607 est.
2919 2572 2935 2603 ι

1972 2648 2027 2703 Si
2070 2648 2297 2717 gloriam
2332 2647 2496 2710 hanc,
2548 2647 2748 2713 inquit.
2798 2660 2925 2698 cum
2985 2644 3074 2698 illa
3104 2640 3475 2703 conferamus,

1899 2736 2330 2806 haudquaquam
2376 2736 2552 2801 gloria
2605 2734 2769 2788 fuerit
2804 2733 2976 2803 gloria
3024 2733 3161 2801 legis
3217 2732 3475 2800 antiquae.

1900 2827 2087 2895 Neque
2133 2841 2267 2879 vero
2305 2825 2556 2878 absolute
2600 2826 2802 2877 evincit
2833 2824 3066 2892 gloriam
3110 2822 3250 2875 hanc
3294 2835 3477 2874 veram

1904 2934 2012 2971 non
2039 2918 2316 2971 exstitisse
2343 2957 2357 2978 ,
2395 2915 2488 2970 sed
2517 2914 2688 2980 addit,
2731 2916 2785 2967 in
2830 2916 2929 2967 huc
2966 2923 3115 2980 parte
3166 2929 3182 2965 :
3234 2913 3336 2965 hoc
3396 2923 3477 2966 εει

1903 3027 2008 3081 qua
2037 3020 2187 3076 [HINC
2217 3018 2629 3076 comparantur.

1976 3101 2141 3154 Vens.
2164 3100 2354 3163 12,15.
2386 3118 2403 3149 ι
2436 3097 2705 3152 Habentes
2733 3098 2901 3166 igitur
2923 3096 3084 3148 talem
3109 3110 3282 3164 spem,
3313 3095 3478 3146 multa

227 3188 509 3258 χρώμεθα,
540 3190 634 3241 καὶ⁸
658 3187 718 3239 ού
749 3187 1000 3258 καθάπερ
1034 3187 1272 3255 Μωῦσῆς
1326 3187 1493 3239 ἐτίθει
1536 3187 1799 3257 κάλυμμα
1829 3213 1871 3268 C

1829 3213 1871 3268 ο
1907 3193 2107 3245 ﬁducia
2151 3193 2356 3245 utimur
2389 3207 2400 3242 :
2435 3200 2616 3245 etnon
2644 3192 2788 3245 sicut
2828 3190 3042 3258 Moyses
3069 3187 3309 3256 ponebat
3338 3188 3479 3240 vela-

230 3282 321 3332 ἐπὶ
354 3280 414 3331 τὴ
457 3278 746 3347 πρόσωπον
769 3277 957 3330 αὑτοῦ.
983 3298 999 3327 ι

312 3370 465 3421 Ἐπεὶ
498 3366 736 3420 τοσαῦτα
758 3369 852 3419 καὶ
874 3365 1178 3434 τηλικαῦτα
1204 3365 1440 3426 ἀκούσας
1470 3368 1495 3416 ὁ
1526 3366 1799 3433 ἀκροατὴς

232 3460 357 3528 ’περἱ
380 3460 479 3524 τῆς
510 3459 701 3525 καινῆς
724 3456 927 3523 ἐζήτει,
959 3458 1054 3508 καὶ
1081 3455 1510 3525 ὀφθαλμοφανῶς
1535 3456 1631 3521 τὴν
1648 3456 1803 3518 δόξαν

229 3550 431 3618 ταύτην
460 3548 606 3611 ἰδεῖν,
640 3549 741 3617 ὅρα
796 3546 899 3598 ποῦ
936 3547 1095 3598 αύτδν
1156 3544 1492 3609 ἐξακοντίζει
1521 3547 1657 3615 πρὸς
1712 3544 1803 3597 τὸν

231 3642 497 3710 μέλλοντα
522 3658 554 3691 α
565 3641 717 3695 ίῶνα.

305 3752 323 3783 ς
356 3732 499 3801 Πρὸς
528 3732 588 3783 τὸ
627 3732 699 3799 μὴ
723 3732 967 3783 ἀτενίσαι
1004 3732 1131 3793 τοὺς
1186 3731 1333 3793 υἱοὺς
1368 3729 1603 3799 Ἰσραὴλ,
1638 3730 1717 3792 εἰς
1745 3730 1806 3781 τδ

228 3822 383 3883 τέλος
419 3821 510 3872 τοῦ
537 3820 1009 3889 καταργουμένου.
1055 3840 1071 3869 ι

298 3915 374 3965 Ού
392 3912 549 3981 χρεία
583 3912 955 3964 καλύπτεσθαι
983 3913 1148 3980 ἡμᾶς,
1176 3914 1328 3981 φησι,
1365 3912 1611 3982 καθάπερ
1642 3914 1805 3966 Mm?)-

233 4005 351 4073 σῆς.
379 4005 606 4056 Δυνατοὶ
638 4004 746 4075 γάρ
774 4007 933 4074 ἡμεῖς
972 4004 1100 4057 ἰδεῖν
1134 4005 1213 4067 είς
1246 4006 1345 4074 τὴν
1372 4004 1528 4068 δόξαν
1578 4004 1801 4072 ταύτην,

235 4098 301 4164 ἦν
369 4095 775 4165 περικείμεθα,
838 4097 1014 4149 καίτοι
1081 4095 1262 4165 πολλῷ
1333 4096 1554 4165 μείζονα
1639 4093 1802 4150 οὖσαν

233 4190 470 4256 ἐκείνης.

302 4301 319 4330 ι
354 4280 493 4332 Ἀλλ’
518 4279 785 4350 ἐπωρώθη
821 4281 887 4332 τά
918 4281 1166 4348 νοήματα
1195 4279 1398 4333 αὐτῶν.
1436 4298 1453 4328 ι

304 4372 389 4424 Τά
420 4370 699 4437 μέλλοντα,
733 4372 886 4437 φησι.
921 4370 1272 4439 προέγραψεν
1325 4373 1353 4421 ὁ
1376 4371 1567 4439 ’νόμος
1597 4370 1671 4424 Ού
1698 4371 1807 4439 γάρ

240 4462 395 4531 μόνον
419 4462 537 4513 τότε
580 4460 679 4513 οὐκ
708 4456 865 4524 εἶδον,
894 4460 1008 4511 ἀλλ’
1035 4460 1153 4512 οὐδὲ
1175 4460 1269 4512 νῦν
1286 4459 1454 4529 ὁρῶσι
1488 4460 1579 4511 τὸν
1607 4459 1770 4528 νόμον
1790 4475 1805 4490 ·

1908 3300 2029 3337 men
2068 3300 2234 3352 super
2258 3283 2452 3336 faciem
2482 3298 2655 3336 suam.
2690 3303 2706 3332 ι

1977 3375 2245 3439 Quoniam
2276 3374 2494 3427 auditor
2524 3382 2604 3427 tot
2638 3382 2898 3442 tantaque
2928 3370 3199 3425 audiendo
3233 3370 3383 3438 l3]
3416 3370 3483 3421 (It‘

1908 3481 2050 3518 novo
2082 3473 2438 3527 testamento,
2480 3472 2774 3530 rogaturus
2811 3469 2952 3523 erat,
3000 3468 3057 3513 ut
3098 3460 3271 3513 oculis
3318 3458 3480 3511 etiam

1907 3556 2136 3624 gloriam
2178 3556 2319 3607 hanc
2349 3553 2599 3607 contueri
2633 3554 2822 3605 liceret
2852 3551 2990 3617 sibi;
3019 3548 3143 3604 vide
3178 3565 3287 3618 quo
3324 3556 3483 3616 pacto

1906 3649 1959 3700 in
1992 3662 2167 3701 mvum
2199 3645 2443 3699 futurum
2477 3660 2600 3698 eum
2630 3644 2860 3710 rejieiat.

1985 3758 2002 3788 ι
2038 3736 2109 3790 Ut
2149 3752 2257 3790 non
2301 3736 2650 3790 intenderent
2698 3734 2790 3787 lilii
2838 3732 3007 3788 Israel
3045 3732 3100 3785 in
3148 3731 3310 3785 tinem
3340 3730 3480 3800 ejus,

1907 3828 2049 3899 quod
2089 3837 2405 3882 evacuatur.
2442 3848 2460 3879 ι

1978 3919 2126 3988 Opus
2172 3920 2445 3974 velamine
2490 3933 2599 3972 non
2652 3927 2737 3972 est
2790 3917 2972 3982 nobis,
3022 3914 3481 3985 quemadmodum

1909 4010 2100 4080 Moysi.
2160 4009 2294 4062 Nam
2359 4009 2590 4078 gloriam
2650 4008 2790 4061 hanc
2843 4007 3088 4060 contueri
3154 4020 3481 4075 possumus.

1907 4117 2011 4169 qua
2089 4100 2607 4162 circumvestimur,
2684 4098 2939 4167 quamvis
3011 4095 3105 4149 illa
3169 4094 3332 4163 longe
3410 4094 3481 4149 sit

1909 4193 2107 4258 major.

1984 4283 2147 4337 Vens.
2182 4284 2269 4336 14.
2311 4301 2328 4333 ι
2366 4282 2470 4335 Sed
2504 4282 2682 4335 obtusi
2714 4288 2842 4335 sunt
2873 4294 3069 4335 sensus
3107 4292 3318 4332 eorum.
3358 4295 3375 4328 ι

1980 4374 2229 4437 Futura,
2283 4374 2492 4440 inquit.
2548 4374 2659 4441 jam
2719 4372 2851 4425 olim
2907 4372 2987 4425 lex
3038 4370 3483 4424 adumbraverat.

1914 4466 2031 4520 Non
2065 4468 2241 4519 solum
2278 4467 2422 4517 enim
2478 4466 2617 4517 nihil
2676 4473 2807 4517 tunc
2842 4464 3125 4528 videbant,
3176 4462 3270 4516 sed
3312 4477 3486 4529 neque

236 4552 330 4604 καὶ
361 4554 391 4619 ἡ
421 4550 569 4603 αἰτία
601 4551 729 4619 παρ’
772 4550 973 4612 αὐτοῖς.
1029 4549 1091 4601 ’11
1134 4547 1242 4617 γάρ
1266 4547 1545 4618 πώρωσις,
1582 4546 1807 4618 γνώμης
1842 4543 1883 4597 D

1842 4543 1883 4597 Ι)
1913 4558 2077 4611 hodie
2112 4558 2282 4621 legem
2320 4556 2525 4611 vident.
2564 4556 2741 4623 Atque
2774 4555 2874 4607 ltoe
2902 4554 3002 4622 ipsi
3033 4553 3135 4607 sibi
3163 4554 3482 4621 praestitere.

238 4645 382 4696 ἐστὶν
407 4642 731 4712 άναισθήτου
755 4643 847 4695 καὶ
867 4639 1283 4710 ἀγνωμοσύνης.

311 4842 329 4872 ‹
367 4824 533 4889 ’Λχρι
579 4821 686 4890 γὰρ
744 4820 843 4889 τῆς
875 4824 1113 4891 σήμερον
1140 4822 1198 4871 τὸ
1241 4820 1377 4871 αύτδ
1420 4818 1690 4887 κάλυμμα
1716 4818 1809 4869 ἐπι

238 4917 300 4980 τῇ
328 4910 634 4977 ἀναγνώσει
664 4910 764 4979 τῆς
796 4910 1034 4972 Παλαιᾶς
1076 4909 1353 4979 Διαθήκης
1387 4909 1537 4977 μένει
1572 4908 1646 4977 μὴ
1674 4909 1807 4962 ἁνα-

241 5006 369 5056 καλυ
378 5004 478 5056 πτό
485 5019 642 5071 μενον
651 5043 664 5055 .
701 5020 718 5051 ι

309 5097 371 5148 Τί
396 5094 723 5162 θαυμάζετε,
764 5095 946 5162 φησὶν,
985 5095 1032 5145 εξ
1072 5092 1171 5161 τὴν
1217 5092 1375 5155 δόξαν
1426 5092 1632 5160 ταύτην
1684 5092 1811 5144 ίδεῖν

241 5193 294 5243 οὔ
324 5190 604 5250 δύνανται,
628 5189 761 5239 ὅπου
801 5204 864 5254 γε
906 5186 1001 5238 κα)⁸
1034 5186 1131 5252 τὴν
1166 5184 1375 5237 ἐλάττω
1402 5185 1501 5253 τὴν
1533 5185 1811 5247 Μωῦσέως

241 5283 334 5334 οὐκ
362 5277 530 5341 εἶδον,
559 5277 684 5330 οὔτε
715 5279 794 5339 εἰς
822 5277 882 5329 τδ
914 5277 1205 5345 πρόσωπον
1238 5275 1483 5327 ἀτενίσαι
1523 5273 1814 5342 ίσχύσαντο

244 5371 571 5432 ὲκείνουςΤί
603 5370 659 5423 δὲ
706 5370 1037 5440 ταράττεσθε
1078 5371 1124 5420 εἰ
1184 5368 1245 5419 ού
1284 5366 1635 5420 πιστεύουσιν
1683 5367 1812 5418 ’loo—

242 5464 378 5517 δειιοῖ
406 5460 644 5532 Χριστῷ,
679 5462 812 5514 ὅπου
873 5478 936 5527 γε
962 5460 1081 5512 οὐδὲ
1109 5459 1187 5529 τῷ
1218 5459 1368 5527 νόμῳ
1406 5457 1684 5527 νομίμως-ς
1720 5458 1814 5508 Διά

246 5556 346 5625 γὰρ
406 5552 564 5605 τοῦτο
615 5552 707 5605 καὶ
757 5552 854 5619 τὴν
910 5552 1070 5622 χάριν
1129 5551 1425 5618 ἠγνόησαν,
1464 5549 1649 5617 ἐπειδὴ
1695 5550 1814 5601 οὐδὲ

246 5647 338 5713 tif-1
386 5644 628 5696 Παλαιὰν
675 5644 952 5711 Διαθήκην
1007 5639 1188 5701 εἶδον,
1242 5641 1363 5693 οὑδὲ
1404 5640 1503 5711 τὴν
1559 5641 1617 5691 ἐν
1677 5640 1813 5708 αύτῇ

248 5738 421 5799 δόξαν.
497 5736 629 5801 Δόξα
689 5736 796 5801 γὰρ
853 5736 1035 5801 νόμον,
1085 5735 1131 5786 τέ

252 5828 493 5895 οτρέιζακ

689 5736 796 5804 γὰρ
853 5736 1035 5804 νόμου,
1085 5735 1143 5786 7';
1204 5734 1336 5803 πρὸς
1404 5733 1637 5801 Χριστὸν
1694 5736 1809 5783 ἑπι-

1911 4649 2140 4703 Obtusio
2174 4648 2447 4715 siquidem
2489 4646 2657 4697 animi
2714 4654 2797 4699 est
2845 4646 3087 4714 expertis
3143 4658 3376 4707 sensus,
3436 4654 3483 4695 et

1911 4737 2132 4806 ingrati.

1988 4846 2005 4876 ι
2037 4824 2222 4893 Usque
2245 4824 2299 4876 in
2332 4824 2657 4876 hodiernum
2696 4824 2840 4875 enim
2874 4824 3015 4875 diem
3048 4822 3102 4874 id
3137 4823 3315 4890 ipsum
3340 4822 3481 4874 vela-

1913 4933 2033 4972 men
2073 4917 2126 4968 in
2160 4915 2400 4968 lectione
2430 4913 2645 4967 Veteris
2673 4912 3006 4966 'l‘estameuti
3052 4920 3236 4966 manet
3263 4926 3371 4965 non
3401 4927 3485 4966 re-

1913 5009 2170 5061 velatum.
2208 5025 2226 5056 ι

1983 5099 2093 5153 Cur
2127 5098 2422 5160 miremini,
2477 5096 2685 5166 inquit,
2738 5097 2886 5163 quod
2934 5096 3161 5163 gloriam
3210 5096 3350 5148 hanc
3383 5112 3487 5148 non

1914 5192 2126 5243 valeant
2155 5190 2376 5251 intueri,
2411 5190 2502 5257 qui
2534 5204 2633 5241 nec
2666 5188 2934 5241 minorem
2968 5203 3073 5255 qua
3106 5186 3320 5256 Moyses
3337 5203 3481 5241 orna-

1915 5282 2094 5339 batur,
2130 5280 2403 5339 videruut,
2446 5294 2545 5331 nec
2590 5279 2642 5331 in
2680 5280 2893 5331 vultum
2948 5278 3071 5345 ejus
3124 5278 3293 5330 aciem
3329 5279 3489 5345 ligere

1918 5370 2252 5439 potuerunt?
2312 5368 2450 5434 Quid
2507 5382 2638 5421 vero
2691 5366 3174 5429 commoveamini,
3231 5367 3489 5433 quoniam

1915 5460 2084 5514 Judaei
2132 5476 2240 5513 non
2280 5461 2512 5513 credunt
2568 5460 2812 5517 Christo.
2869 5473 2992 5511 eum
3039 5472 3137 5511 nec
3174 5456 3413 5525 legitime
3439 5467 3490 5509 et

1920 5552 1997 5605 uti
2030 5566 2127 5620 par
2155 5559 2259 5614 est,
2290 5551 2393 5619 legi
2434 5550 2592 5603 Iidem
2629 5548 2924 5616 prmstent?
2954 5545 3088 5601 Nam
3112 5546 3235 5600 ideo
3260 5546 3488 5614 gratiam

1920 5644 2193 5713 ignorant,
2227 5643 2356 5711 quia
2412 5657 2588 5711 neque
2628 5640 3037 5694 Testamentum
3081 5636 3250 5692 Vetus
3288 5636 3486 5695 sciunt,

1920 5748 2092 5801 neque
2122 5732 2347 5801 gloriam
2378 5747 2536 5799 quam
2589 5730 2721 5784 illtttl
2770 5730 3036 5783 continet.
3071 5727 3257 5783 Gloria
3291 5725 3492 5795 quippe

1921 5823 2056 5882 leuis
2087 5832 2170 5879 est
2203 5822 2489 5878 conversio
2524 5822 2589 5876 ad
2624 5819 2923 5875 Christum.
