4218 6448
217 385 328 448 725

1346 384 1424 442 IN
1466 382 1699 441 EPIST.
1744 381 1843 438 AD
1879 379 2237 438 CORINTH.
2276 380 2357 439 Il.

3379 378 3483 439 726

218 492 505 562 φωτισμὸν
538 490 629 543 τοῦ
652 490 984 558 Εὐάγγελίου
1016 490 1115 560 τῆς
1136 490 1294 561 δόξης
1330 491 1426 543 τοῦ
1460 489 1719 559 Χριστοῦ,
1744 490 1791 549 ὃς

1908 487 2058 541 natio
2117 485 2396 557 Evangelii
2452 486 2641 556 gloria:
2707 482 2956 547 Christi,
3014 482 3111 553 qui
3166 491 3250 537 est
3301 484 3483 551 imago

218 588 372 637 ἐστιν
405 582 571 635 εἰκὼν
600 580 693 633 τοῦ
720 582 877 635 Θεοῦ.
925 600 944 633 ι

290 675 603 737 Τουτέστιν,
654 675 682 726 6
729 674 1005 742 νομισθεὶς
1031 674 1091 727 ἐν
1119 673 1198 743 τῷ
1246 672 1402 726 αίῶνι
1434 671 1609 743 τούτῳ
1643 671 1797 735 Θεός.

220 766 387 833 Λέγει
412 765 469 817 δέ
500 764 593 817 τὸν
621 765 869 817 Σατανᾶν
900 763 1001 834 (6).
1391 822 1397 828 ,

300 879 319 909 ι
360 858 437 911 Οὐ
467 857 577 927 γὰρ
609 856 835 920 ἑαυτοὺς
859 856 1232 927 κηρύσσομεν,
1256 856 1393 910 ἀλλὰ
1419 856 1655 925 Χριστὸν
1698 855 1800 925 Ἰη-

222 951 355 1003 σοῦν
388 950 617 1021 Κύριον,
652 949 877 1012 ἑαυτοὺς
900 948 957 1002 δὲ
980 948 1203 1012 δούλους
1233 948 1327 1001 διὰ
1373 947 1605 1019 Ἰησοῦν..
1644 964 1662 999 ι

297 1144 391 1205 Εἰς
419 1142 661 1204 ἐκείνους
710 1140 1027 1205 αἰνίττεται,
1065 1138 1141 1202 ὡς
1195 1138 1525 1209 ἐπαίροντας
1550 1138 1803 1202 ἑαυτοὺς,

219 1236 319 1285 καὶ
350 1233 631 1295 πείθοντας
664 1233 791 1295 τοὺς
825 1231 1072 1301 μαθητὰς
1099 1232 1193 1284 ἀπ’
1230 1230 1412 1283 αὐτῶν
1455 1230 1651 1292 αὐτοὺς
1680 1230 1802 1281 ὀνοο

223 1325 440 1392 μάζειν,
475 1324 613 1395 ὅπερ
654 1322 747 1376 καὶ
792 1324 851 1375 ἐν
886 1324 955 1392 τῇ
986 1320 1232 1393 προτέρᾳ
1276 1320 1451 1389 ἔλεγε.
1499 1318 1647 1389 Ἐγὼ
1682 1319 1801 1389 μὲν

218 1416 338 1482 ειμι
367 1415 629 1477 Παύλου,
660 1413 775 1482 ἐγὼ
800 1412 890 1475 δὲ,
935 1412 1233 1467 Ἀπολλῶ.

302 1522 321 1553 ι
358 1502 532 1557 Ὀτιό
556 1503 687 1567 Θεὸς
740 1506 769 1557 6
816 1503 988 1557 εἰπὼν
1020 1506 1083 1557 ἐκ
1124 1504 1350 1568 σκότους
1395 1504 1511 1573 φῶς
1554 1503 1795 1575 λάμψαι,

218 1595 279 1656 ὃς
313 1594 578 1662 ἐκάλυψεν
606 1596 663 1648 ἐν
691 1595 814 1655 ταῖς
846 1592 1095 1663 καρδίαις
1137 1592 1297 1663 ἡμῶν
1337 1592 1471 1663 πρὸς
1518 1592 1799 1661 φωτισμὸν

217 1688 322 1753 τῆς
354 1685 606 1753 γνώσεως
634 1684 734 1754 τῆς
764 1684 921 1755 δόξης
951 1686 1045 1737 τοῦ
1068 1684 1282 1752 θεοῦιέν
1320 1682 1598 1754 προσώπῳ
1620 1682 1797 1751 Ἰησοῦ

219 1775 482 1845 Χριστοῦ.
512 1776 750 1845 Ἐχομεν
780 1775 837 1828 δέ
867 1776 960 1827 τὸν
985 1774 1261 1844 θησαυρὸν
1289 1773 1478 1827 τοῦτον
1512 1775 1570 1826 ἐν
1599 1774 1797 1843 δστρα-

1906 578 2021 633 Dci.
2060 595 2077 629 ι

1974 668 2089 723 Hoc
2122 676 2229 733 est,
2258 668 2349 737 qui
2376 668 2479 721 hoc
2514 670 2570 722 in
2599 666 2803 721 szeculo
2828 674 3085 719 censetur
3128 664 3290 720 Deus.
3327 664 3484 719 Sutu-

1907 776 2030 814 nam
2057 768 2239 813 autem
2276 759 2475 813 innuit.

1983 848 2148 905 Vens.
2177 850 2229 903 5.
2272 868 2291 895 ι
2327 848 2446 903 Non
2490 847 2637 902 enim
2698 845 3065 915 nosmetipsos
3094 846 3478 914 prmdicamus.

1904 940 1999 995 sed
2029 939 2309 994 Christum
2339 939 2529 995 Jesum
2567 936 2854 991 Dominum
2891 955 2905 990 :
2939 952 3039 992 nos
3073 944 3256 993 autem
3291 952 3480 993 servos

1904 1037 2128 1099 propter
2165 1027 2377 1084 Jesum.
2423 1047 2442 1079 ι

1975 1122 2327 1175 subobscure
2342 1136 2436 1175 eos
2464 1120 2787 1190 perstringit
2811 1118 2904 1188 qui
2928 1118 3140 1187 seipsos
3161 1117 3477 1178 efferebant.

1902 1213 2421 1283 persuadebantque
2442 1212 2758 1282 discipulis,
2788 1219 2847 1264 ut
2881 1211 2999 1266 suis
3031 1212 3344 1267 nominibus
3386 1227 3479 1281 ap—

1904 1306 2264 1376 pellarentur.
2313 1304 2370 1359 Id
2422 1306 2568 1375 quod
2616 1306 2668 1358 in
2708 1305 2892 1375 priore
2929 1302 3164 1374 cpistola
3202 1302 3418 1360 dicebat
3464 1320 3474 1352 :

1904 1397 2018 1468 Ego
2045 1414 2159 1451 sum
2192 1396 2376 1461 Pauli,
2406 1412 2496 1466 ego
2522 1407 2695 1450 autent
2730 1396 2921 1465 Apollo
2938 1394 2982 1450 '.

1975 1488 2142 1544 Vens.
2171 1486 2226 1553 6,
2262 1488 2315 1542 7.
2356 1506 2375 1539 ι
2404 1486 2674 1553 Quoniam
2710 1487 2875 1552 Deus,
2905 1486 3000 1557 qui
3035 1486 3172 1541 dixit
3202 1484 3270 1540 de
3313 1491 3442 1540 tene
3462 1513 3482 1522 -

1902 1578 2018 1635 bris
2074 1578 2258 1632 lumen
2309 1576 2713 1645 splendescere,
2768 1579 2862 1647 qui
2914 1577 3096 1632 illuxit
3129 1576 3184 1630 in
3216 1574 3482 1630 cordibus

1901 1668 2109 1723 nostris
2152 1667 2218 1721 ad
2266 1667 2725 1722 illuminationem
2760 1668 3005 1723 scientiae
3054 1665 3321 1721 claritatis
3362 1663 3480 1727 Dei,

1902 1761 1955 1816 in
1993 1760 2134 1815 facie
2161 1760 2370 1815 Christi
2409 1756 2563 1814 Jesu.
2614 1758 2890 1815 Habemus
2922 1769 3103 1813 autem
3160 1750 3478 1813 thesaurum

217 1869 394 1931 κίνοις
425 1866 698 1929 σκεύεσιν,
734 1866 821 1919 ἵνα
845 1868 877 1934 ἡ
904 1864 1177 1937 ὑπερϐολὴ
1208 1865 1308 1935 τῆς
1343 1859 1679 1935 δυνάμεωςῇ
1706 1862 1791 1916 τοῦ

1904 1852 2069 1905 istum
2099 1852 2154 1904 in
2188 1850 2336 1905 vasis
2374 1849 2658 1915 fictilibus,
2700 1857 2759 1903 ut
2802 1849 3113 1904 sublimitas
3147 1848 3373 1904 virtutis
3410 1849 3482 1903 sit

215 1955 381 2020 Θεοῦ,
414 1956 511 2008 καὶ
545 1956 618 2025 μὴ
654 1953 714 2020 ἐξ
745 1954 926 2025 ἡμῶν.
967 1972 985 2005 ι

291 2048 389 2100 Διὰ
415 2046 578 2101 τοῦτο
604 2045 862 2107 δουλεύω,
887 2045 1072 2114 φησὶν,
1100 2044 1287 2114 ἐπειδὴ
1311 2044 1619 2113 κατηξίωσε
1658 2042 1800 2114 λάμ-

215 2141 317 2209 ιξιαι
343 2140 425 2202 είς
453 2139 551 2202 τὰς
576 2138 803 2209 καρδίας
843 2138 1017 2207 ὑμῶν.

294 2233 494 2294 Σκότος
550 2231 659 2299 γὰρ
706 2226 775 2298 ἦν
827 2231 1010 2283 ἐπάνω
1062 2233 1162 2301 τῆς
1201 2230 1467 2297 ἀϐύσσου,
1500 2229 1653 2300 φησὶ,
1704 2228 1799 2281 καὶ

216 2320 373 2375 εἶπεν
398 2326 425 2376 6
443 2322 593 2385 650';°
631 2322 949 2390 Γενηθήτω
978 2320 1122 2390 φῶς.

297 2434 315 2465 ι
359 2415 448 2467 Ἐν
498 2416 661 2468 παντὶ
694 2413 1025 2482 θλιϐόμενοι,
1059 2414 1252 2466 ἀλλὀὐ
1274 2412 1794 2484 στενοχωρούμενοι·

214 2504 608 2575 ἀπορούμενοι,
640 2505 757 2558 ἀλλ’
787 2506 888 2557 οὐκ
944 2505 1404 2576 ἐξαπορούμενοι·
1452 2505 1794 2575 διωκόμενοι,

213 2596 335 2647 άλλ⁸
368 2596 468 2649 οὐκ
502 2595 1047 2667 ἐγκαταλειπόμενοι.
1089 2616 1105 2648 ι

297 2769 417 2820 Ἔτι
454 2769 606 2838 μένει
653 2769 866 2832 δεικνὺς
920 2771 1003 2822 ὅτι
1057 2770 1156 2839 τῆς
1210 2770 1308 2824 τοῦ
1348 2770 1482 2825 Θεοῦ
1512 2771 1797 2841 δυνάμεως

211 2862 381 2932 ἔργον
414 2861 472 2914 τὸ
504 2864 609 2914 τᾶν
666 2864 803 2925 ἐστι,
836 2863 1211 2917 καταστέλλων
1240 2864 1461 2917 ἐκείνων
1482 2866 1551 2917 τὰ
1592 2864 1796 2935 φρονή-

214 2971 391 3025 pan;
422 2955 488 3007 Τί
512 2954 569 3007 δέ
598 2956 712 3008 ἐστι
744 2954 805 3007 τὸ
860 2955 931 3007 ἐν
956 2957 1134 3009 παντί
1156 2972 1175 3020 ;
1225 2956 1311 3010 Ἐν
1340 2959 1452 3020 τοῖς
1476 2955 1711 3027 ἐχθροῖς,
1739 2957 1796 3009 ἐν

210 3047 330 3106 τοῖς
368 3044 563 3113 φίλοις,
591 3046 650 3097 ἐν
697 3049 812 3107 τοῖς
863 3046 1205 3112 ἀναγκαίοις,
1239 3048 1297 3098 ἐν
1323 3048 1443 3108 ταῖς
1477 3046 1587 3100 τῶν
1617 3045 1795 3099 ἄλλων

209 3137 447 3207 χρείαις.

289 3248 306 3278 t
358 3229 857 3297 Καταϐαλλόμενοι,
909 3231 1025 3284 ἀλλ’
1057 3231 1157 3282 οὐκ
1213 3229 1597 3301 ἀπολλύμενοι.
1645 3231 1792 3285 Πάν-

209 3334 355 3370 τῦτε.
396 3337 414 3367 ι

287 3410 349 3459 Ui
375 3408 473 3476 μέν
510 3409 808 3479 πειρασμοὶ
868 3410 1246 3480 συμϐαίνουσι,
1287 3413 1475 3481 φησὶν,
1505 3412 1572 3465 τὰ
1595 3412 1651 3465 δὲ
1683 3413 1792 3467 ἀπὸ

209 3500 320 3550 τῶν
352 3501 697 3570 πειρασμῶν,
733 3501 915 3553 οὐκέτι
950 3518 962 3531 ·
1008 3502 1104 3554 καὶ
1158 3502 1316 3555 τοῦτο
1348 3501 1404 3555 δέ
1430 3504 1516 3556 διὰ
1548 3503 1647 3574 τὴν
1695 3504 1790 3558 τοῦ

208 3588 349 3642 Θεοῦ
373 3588 606 3659 δύναμιν
639 3592 731 3644 καὶ
753 3592 934 3662 χάριν.

291 3700 308 3732 t
348 3681 469 3749 Τὴκ
495 3682 759 3753 νέκρωσιν
786 3682 880 3736 τοῦ
912 3684 1119 3755 Κυρίου
1148 3686 1345 3755 Ἰησοῦ,
1377 3688 1435 3741 ἐν
1466 3689 1544 3760 τῷ
1579 3690 1790 3762 σώματι

207 3772 625 3841 περιφέροντες,
680 3774 765 3826 ἵνα
811 3774 907 3827 καὶ
936 3775 968 3843 ἡ
998 3773 1112 3846 ζωὴ
1140 3776 1234 3829 τοῦ
1272 3779 1448 3849 Ἰησοῦ
1470 3780 1527 3833 ἐν
1554 3781 1633 3851 τῷ
1688 3783 1789 3835 σὼ-

211 3881 345 3934 ματι
369 3863 525 3934 ἡμῶν
553 3866 860 3935 φανερωθῇ.
889 3887 907 3917 ι

283 3954 423 4017 Τοὺς
476 3952 738 4017 θανάτους
784 3953 931 4022 >ἐγει
960 3957 1085 4019 τοὺς
1134 3956 1558 4029 καθημερινοὺς,
1614 3961 1681 4015 δι’
1712 3956 1788 4015 ὧν

209 4044 304 4096 καὶ
336 4047 369 4112 ὴ
406 4042 702 4107 ἀνάστασις
730 4045 1023 4101 ἐδείκνυτο.
1055 4049 1116 4100 Ei
1144 4048 1252 4120 γάρ
1282 4067 1366 4113 τις
1415 4052 1650 4119 ἀπιστεῖ,
1686 4073 1790 4125 φη-

211 4138 315 4197 σὶν,
342 4137 424 4189 ὅτι
459 4136 747 4189 ἀποθανὼν
791 4138 1000 4205 Ἰησοῦς
1030 4141 1254 4211 ἀνέστη,
1293 4145 1442 4213 ἡμᾶς
1474 4145 1615 4215 ὀρῶν
1661 4149 1787 4211 τοὺς

208 4224 331 4277 καθ’
363 4225 600 4294 ἑκάστην
628 4228 841 4297 ἡμέραν
870 4228 1313 4300 ἀποθνήσκοντας
1351 4234 1443 4287 καὶ
1488 4237 1785 4308 ἀνισταμέν-

209 4334 351 4381 νους,
386 4319 687 4372 πιστεύετω
706 4320 891 4375 λοιπὸν
916 4326 982 4393 τῇ
1016 4324 1332 4382 ἀναστάσει.

1902 1942 2020 2006 Dei,
2051 1949 2105 1996 et
2137 1956 2244 1995 non
2278 1957 2344 1995 ex
2376 1940 2556 1995 nobis.
2598 1958 2616 1991 ι

1971 2034 2185 2088 Idcirco
2231 2034 2448 2097 servio,
2501 2033 2715 2102 inquit,
2754 2032 2886 2102 quia
2934 2031 3195 2102 dignatus
3225 2041 3312 2087 est
3355 2033 3479 2087 illu-

1900 2141 2120 2181 cescere
2159 2126 2212 2179 in
2243 2124 2507 2179 cordibus
2538 2123 2771 2179 nostris.

1971 2217 2188 2272 Etenim
2222 2215 2462 2270 tenebrae
2486 2224 2645 2269 erant
2671 2215 2906 2284 desuper
2934 2215 3213 2286 abyssum.
3251 2215 3316 2269 Et
3341 2215 3480 2271 dixit

1902 2308 2044 2363 Deus
2072 2325 2083 2360 :
2119 2305 2249 2360 Fiat
2284 2306 2377 2359 lux
2399 2306 2441 2359 ⁸.

1969 2401 2209 2461 νειε.8.
2241 2400 2295 2455 9.
2334 2416 2353 2449 ι
2392 2396 2451 2452 ln
2489 2396 2753 2452 omnibus
2780 2396 3186 2451 tribulationem
3212 2397 3476 2468 patimur,

1898 2493 1994 2547 sed
2036 2506 2145 2545 non
2174 2488 2559 2559 angustiamur
2590 2506 2604 2543 :
2640 2488 2982 2557 aporiamur,
3031 2488 3126 2543 scd
3170 2504 3279 2543 non
3310 2488 3480 2543 desti-

1898 2585 2106 2639 tuimur
2137 2600 2150 2636 :
2181 2580 2619 2652 persecutionem
2651 2580 2915 2652 patimur,
2950 2579 3046 2637 sed
3087 2595 3194 2636 non
3238 2582 3479 2637 derelin-

1895 2675 2139 2747 quimur.
2170 2692 2188 2725 ι

1973 2766 2187 2822 Insistit
2239 2764 2421 2820 adhuc
2475 2764 2851 2832 ostendendo,
2900 2771 3076 2821 totum
3130 2767 3331 2822 divina:
3367 2768 3475 2821 vir-

1896 2859 2029 2915 tutis
2069 2873 2209 2929 0pus
2242 2873 2389 2921 esse,
2435 2864 2496 2910 ut
2530 2858 2847 2926 superbiam
2889 2856 3107 2912 illorum
3144 2871 3477 2928 compescat.

1898 2949 2040 3016 Quid
2072 2965 2205 3003 vero
2229 2948 2365 3003 illud
2395 2959 2502 3012 est,
2527 2949 2581 3002 in
2600 2949 2885 3004 omnibus?
2915 2948 3103 3019 utique
3133 2948 3186 3002 in
3220 2950 3478 3015 inimicis,

1898 3044 1953 3097 in
2014 3042 2242 3108 amicis,
2308 3043 2364 3094 in
2436 3039 2805 3106 necessariis,
2870 3040 2926 3095 in
2995 3040 3230 3094 aliarum
3298 3057 3478 3096 rerum

1900 3148 2357 3289 usfrgejicimur,
2389 3227 2444 3275 et
2488 3234 2597 3274 non
2640 3219 2908 3290 perimus.
2940 3218 3127 3290 [Vt-ms.
3165 3218 3279 3291 10.]
3324 3219 3471 3275 Sem-

1898 3329 2015 3382 per.
2049 3332 2067 3363 ι

1975 3400 2131 3472 133
2163 3400 2520 3455 Tentatiunes
2541 3399 2764 3470 quidem
2794 3399 3116 3465 obveniunt,
3151 3402 3357 3470 inquit;
3385 3403 3475 3456 sed

1899 3509 2011 3549 non
2046 3509 2109 3547 ea
2147 3508 2269 3563 quae
2288 3507 2357 3546 ex
2395 3492 2506 3548 illis
2531 3502 2871 3562 generantur
2903 3511 2919 3548 :
2959 3496 3151 3564 utique
3175 3510 3270 3563 per
3308 3496 3468 3550 virtu-

1898 3594 2005 3642 tem
2034 3592 2088 3639 et
2118 3584 2351 3654 gratiam
2392 3582 2511 3639 Dei.

1975 3695 1993 3729 ι
2031 3676 2511 3731 Mortiﬁcationem
2554 3675 2684 3733 Jesu
2716 3677 2771 3733 in
2815 3692 3049 3750 corpore
3084 3678 3463 3733 circumfercn

1896 3781 2002 3836 tes,
2052 3779 2105 3823 ut
2150 3777 2205 3824 et
2242 3769 2352 3824 vita
2391 3767 2524 3824 Iesu
2574 3770 2630 3823 in
2663 3784 2896 3840 corpore
2938 3781 3128 3825 nostro
3158 3771 3473 3827 manifeste-

1897 3872 2006 3915 ltll’.
2050 3882 2067 3913 ι

1965 3952 2329 4019 Quotidianas
2364 3960 2567 4008 mortes
2612 3952 2733 4008 illas
2779 3959 2835 4008 et
2882 3951 2991 4006 fata
3049 3953 3344 4023 signiﬁcat,
3378 3970 3470 4024 per

1894 4059 2017 4115 quze
2063 4042 2397 4098 resurrectio
2456 4058 2677 4114 quoque
2740 4043 3181 4099 monstrabatur.
3233 4043 3368 4099 Nam
3428 4048 3473 4101 si

1893 4137 2020 4208 quis
2064 4150 2174 4189 non
2207 4135 2402 4200 credit,
2434 4136 2634 4205 inquit,
2666 4133 2878 4202 Iesum,
2900 4152 3026 4191 cum
3061 4146 3315 4193 mortuus
3340 4137 3473 4194 fuis-

1894 4237 2001 4293 set,
2046 4227 2456 4293 resurrexisse;
2496 4242 2623 4281 cum
2682 4243 2781 4281 nos
2830 4228 3013 4282 videat
3055 4228 3191 4282 mori
3232 4230 3475 4299 quotidie

1893 4331 1949 4375 et
1990 4334 2298 4389 resurgere,
2330 4319 2376 4374 is
2416 4319 2810 4374 resurrectioni
2845 4318 3064 4374 demum
3117 4319 3277 4375 [idem
3312 4321 3471 4375 adbi-

1894 4416 2039 4470 beat.

282 4508 301 4539 ι
356 4488 469 4585 ἀεὶ
509 4490 616 4560 γάρ
663 4491 823 4561 ὑμεῖς
847 4495 894 4547 οί
919 4494 1140 4564 ζῶντες,
1197 4501 1276 4562 είς
1333 4501 1563 4557 θάνατον
1609 4522 1789 4577 παρα-

1965 4504 2131 4560 Vens.
2168 4505 2254 4558 Η.
2303 4523 2321 4555 ι
2366 4502 2593 4573 Semper
2641 4502 2787 4556 enim
2826 4516 2926 4557 nos
2968 4503 3065 4573 qui
3107 4504 3363 4571 vivimus,
3416 4506 3468 4559 in

204 4580 461 4649 διδόμεθα
491 4582 580 4634 διὰ
631 4585 838 4655 Ἰησοῦν
902 4588 1158 4657 Χριστὸν,
1212 4592 1299 4645 ἵνα
1343 4594 1636 4667 καὶήζωὴ
1688 4597 1786 4651 τοῦ

218 4672 393 4741 Ἰησοῦ
428 4675 715 4745 φανερωθῇ
748 4678 807 4728 ἐν
836 4681 901 4748 τῇ
930 4677 1096 4750 θνητῇ
1122 4681 1278 4749 ἡμῶν
1305 4685 1488 4755 σαρκί.
1519 4705 1537 4738 ι

272 4761 375 4814 Διά
426 4762 583 4815 τοῦτο
640 4765 1070 4835 παραδιδόμεθα,
1119 4770 1319 4837 φησὶν,
1371 4772 1457 4826 ἵνα
1487 4789 1520 4844 η
1559 4774 1786 4847 δύναμις

203 4852 373 4904 αὑτοῦ
403 4854 504 4921 τῆς
528 4851 676 4922 ζωῆς
699 4857 1111 4929 φανερωθῇ,’μὴ
1146 4862 1555 4933 συγχωροῦντος
1604 4866 1785 4937 σάρκα

201 4945 559 5015 ἀνθρωπίνην
617 4946 853 5001 τοσαῦτα
893 4950 1209 5023 πάσχουσαν
1266 4955 1370 5009 ύπο
1422 4958 1519 5028 τῆς
1566 4960 1784 5030 νιφάδος

200 5038 310 5089 τῶν
333 5038 525 5091 κακῶν
556 5038 866 5109 νικηθῆναι.

248 5215 309 5267 ⁸1
345 5217 479 5271 Cor.
507 5234 544 5281 l,
572 5218 656 5273 1:2.
728 5222 749 5252 ‘
785 5220 920 5277 Cen.
965 5240 1003 5289 ι,
1027 5224 1094 5288 Ξῖ,Δ

1894 4611 2121 4653 mortem
2160 4598 2431 4652 tradimur
2478 4607 2701 4667 propter
2742 4593 2930 4649 Jesum
2973 4595 3280 4662 Christum,
3333 4612 3389 4651 ιιι
3416 4609 3469 4654 et

1888 4693 1999 4746 vita
2024 4691 2152 4747 Jesu
2176 4690 2560 4745 manifestetur
2584 4689 2637 4743 in
2664 4703 2831 4743 carne
2854 4695 3041 4743 nostra
3067 4691 3302 4745 mortali.
3338 4711 3357 4743 ι

1960 4780 2088 4836 Ideo
2115 4780 2407 4844 tradimur,
2436 4778 2636 4849 inquit,
2668 4787 2728 4833 ut
2766 4779 2941 4834 virtus
2972 4777 3097 4833 vitae
3131 4779 3251 4849 ejus
3288 4783 3467 4835 mari-

1889 4873 2028 4930 festa
2063 4874 2191 4940 ﬂat;
2224 4874 2425 4942 quippe
2459 4871 2549 4938 qui
2587 4885 2694 4924 non
2724 4871 3005 4940 permittat
3029 4870 3322 4925 humanam
3346 4887 3469 4925 car-

1890 4980 2010 5018 nem
2046 4972 2127 5018 tut
2152 4964 2427 5031 tantisque
2458 4963 2872 5019 calamitatibus
2895 4960 3230 5025 amictntam,
3264 4962 3334 5015 ab
3369 4964 3468 5016 im.

1892 5054 1989 5109 bre
2016 5054 2285 5109 malorum
2310 5053 2491 5108 obrui.

1714 5358 1948 5416 NOTAE.

268 5443 666 5527 t'6)._l:‘._xp.ositio\
692 5448 804 5502 haec
834 5460 1043 5505 nonest
1070 5449 1471 5527 Cltrysostomi,
1488 5452 1579 5520 qui
1601 5451 1768 5527 Deum

1898 5458 1985 5518 οἷς
2036 5456 2304 5521 ἀπίστοις,
2343 5460 2623 5515 τουτέστιν
2651 5462 2679 5514 ὁ
2719 5462 2994 5523 Σατανᾶς·
3033 5459 3172 5514 Deus
3205 5459 3321 5527 ejus
3352 5476 3458 5511 sw-

200 5516 393 5601 sfet'uii
416 5516 601 5601 ltttjtts.
632 5517 798 5601 Deum
851 5535 1039 5573 verum
1071 5516 1199 5576 esse
1220 5516 1540 5601 contendit;
1584 5525 1677 5601 sed
1702 5541 1771 5601 ex
1873 5516 1979 5601 culi
2010 5527 2213 5597 (inquit
2236 5516 2475 5601 Cyrinus
2508 5531 2602 5601 lib.
2640 5547 2654 5584 ι
2685 5530 2882 5585 Contra
2909 5516 3243 5601 Iulianum);
3263 5536 3341 5582 est
3368 5528 3460 5582 ille

199 5584 1095 5671 “EgilioAdlexindriuo.sumpta
1142 5601 1261 5655 est,
1316 5602 1374 5645 ιιι
1431 5584 1612 5671 ﬁdem.
1639 5593 1770 5648 facit
1869 5597 1961 5671 Qui
2013 5584 2249 5671 eensetur
2281 5584 2465 5671 ’,θρασύ
2506 5584 2597 5653 αθ
2627 5600 3039 5671 ίιισνείίιιιίεηίά
3071 5609 3149 5653 est
3193 5584 3448 5671 Satanas.

202 5654 561 5744 ξῗθῖίῗξηθίξῗτ
586 5657 787 5744 “egi”
843 5660 898 5714 i“
928 5654 1045 5744 (ωδ,
1080 5654 1336 5744 εκςεξτριει
1385 5678 1457 5744 εξ
1518 5661 1769 5744 Εβίξίξῐηθ
1873 5654 2131 5744 Egmdem
2156 5670 2350 5744 Cyrilli
2385 5654 2786 5741 expositionem
2840 5654 3049 5735 laudat,
3101 5678 3151 5723 ct
3204 5668 3457 5739 sequitur

206 5723 523 5800 lia-mast‘eni
569 5723 819 5800 visuntur
875 5750 886 5783 :
948 5723 1087 5793 ’Θεὸς
1128 5723 1321 5795 αἰῶνος
1372 5723 1583 5794 τούτου,
1617 5732 1766 5800 λέγει

207 5791 466 5862 λύρελλος
489 5795 545 5847 ἐν
580 5798 658 5868 τῷ
677 5799 872 5869 πρώτῳ
899 5791 1087 5867 βιϐλίῴ
1108 5802 1250 5858 κατὰ
1292 5791 1600 5861 Ἰουλιανοῦ.
1635 5791 1765 5863 Θὲὺς

1869 5738 2257 5795 υΕςιιιιιοιιὶιιδ.
