4218 6448
197 392 295 457 729

1317 393 1397 452 IN
1423 393 1661 453 EPIST.
1702 395 1802 453 AD
1835 395 2202 454 CORINTII.
2231 395 2313 453 ll.

3341 403 3444 466 730

196 510 429 563 δείκνυσι
461 507 558 578 τὴν
584 506 891 578 ὑπερϐολὴν
915 507 1023 560 τῶν
1060 507 1363 577 μελλόντων
1389 511 1524 580 πρὸς
1554 509 1624 563 τὰ
1654 527 1761 564 παι-
1793 512 1839 569 Α

1793 512 1839 569 Δ
1863 511 2144 580 quomodo
2179 511 2488 566 futurorum
2519 512 2773 567 ostendat
2807 515 3231 582 praecellentiam
3278 532 3441 585 supra

198 605 374 676 ρόντα.
403 601 588 656 Εἰπὼν
609 601 718 672 γὰρ
745 599 1296 670 ἐπίγειον-,ἀντέθηκε
1318 599 1432 669 τὴν
1461 601 1764 668 οὐράνιον-ο

197 691 384 756 εἰπὼν,
421 693 649 746 οἰκείαν
675 690 973 758 σκήνους,
1003 691 1097 742 καὶ
1127 690 1186 743 τὸ
1215 689 1525 744 εὐδιάλυτον
1558 691 1762 760 δείξας,

197 782 478 853 ἀντέθηκε,
501 782 616 850 τὴν
643 781 902 837 ulterior.

269 977 288 1009 ι
329 958 440 1010 Καὶ
481 957 589 1028 γὰρ
615 959 674 1012 ὲν
722 957 899 1029 τούτῳ
961 959 1313 1030 στενάζομεν,
1349 959 1410 1014 τὸ
1451 955 1767 1029 οἰκητήριον

199 1049 397 1118 ἡμῶν,
446 1050 508 1102 τὺ
556 1051 615 1116 ἐξ
665 1051 936 1122 οὐρανοῦ,
987 1051 1383 1106 ἐπενδύσασθαι
1442 1051 1767 1106 ἐπιποθοῦν-

200 1157 308 1203 τες.
336 1159 354 1190 ι

272 1232 383 1283 Καὶ
441 1235 593 1285 ποῖον
649 1234 1106 1302 οἱκητήριον;Τὸ
1150 1235 1308 1302 σῶμα
1356 1235 1418 1288 τὺ
1471 1234 1766 1304 ἄφθαρτον.

205 1321 314 1374 Καὶ
342 1321 428 1374 διὰ
449 1324 521 1384 τί,
540 1323 597 1374 ἐν
619 1323 1160 1393 τούτῳξστενάζομεν;
1199 1325 1350 1377 Ἐπεὶ
1367 1323 1546 1392 πολλῷ
1565 1323 1771 1393 βέλτιον

207 1414 401 1466 ἐκεῖνο.
446 1413 534 1478 Ἐξ
562 1416 793 1485 οὐρανοῦ
827 1417 884 1469 δὲ
907 1417 1089 1477 τοῦτο.
1125 1419 1259 1486 φησὶ
1281 1456 1296 1478 ,
1358 1416 1448 1470 διὰ
1471 1417 1531 1468 τὸ
1564 1395 1774 1486 ἇφθαρξ

205 1520 318 1558 τον.
351 1505 426 1557 Οὐ
452 1505 559 1576 γὰρ
587 1506 649 1576 δὴ
678 1506 884 1560 ἄνωθεν
914 1509 1048 1577 ἡμῖν
1080 1509 1291 1562 κάτεισι
1315 1508 1378 1561 τὸ
1409 1510 1596 1578 σῶμα,
1639 1511 1774 1566 ἀλλὰ

207 1592 306 1664 τὴν
357 1595 568 1648 ἐκεῖθεν
619 1597 778 1669 χάριν
833 1598 1194 1670 πεμπομένην
1239 1599 1391 1668 δηλοῖ
1426 1600 1503 1670 τῷ
1547 1601 1774 1672 ὀνόματι

205 1685 401 1754 τούτῳ.
445 1685 530 1750 Ὠς
557 1687 622 1740 ἂν
652 1691 695 1742 εἰ
731 1689 912 1757 λέγοι·
943 1691 1176 1755 Στένεις.
1209 1693 1293 1745 ὅτι
1337 1692 1619 1764 φθείρεται
1679 1713 1774 1748 σου

207 1776 364 1842 ὀεξω
407 1780 722 1850 ἄνθρωποςς
783 1782 955 1851 οὕτως
1019 1785 1332 1849 στενάζων,
1393 1785 1478 1838 ὅτι
1533 1788 1607 1858 μὴ
1656 1789 1774 1858 μεθ’

207 1867 514 1938 ὑπερΰολῆς
572 1868 730 1923 τοῦτο
787 1872 1035 1940 γίνεται,
1085 1873 1220 1944 μηδὲ
1278 1875 1567 1948 ὁλόκληρος
1628 1877 1779 1945 φθει-

208 1975 382 2028 ρεται.

289 2070 306 2100 ι
339 2052 405 2104 El’
437 2070 500 2119 γε
549 2055 644 2106 καὶ
698 2056 1072 2128 ἐνδυσάμενοι,
1120 2060 1180 2112 οὐ
1233 2060 1433 2130 γυμνοὶ
1489 2060 1778 2130 εὑρεθησό-

208 2137 370 2202 μεθα.
415 2139 524 2212 καὶ
577 2139 684 2210 γὰρ
711 2142 758 2192 οἱ
792 2143 943 2206 ὅντες
973 2145 1031 2196 ὲν
1059 2142 1138 2213 τῷ
1184 2145 1390 2212 σκήνει,
1446 2143 1778 2212 στενάζομεν

208 2223 558 2295 βαρούμενοι,
591 2229 676 2297 ἐφ’
707 2223 750 2296 ᾧ
781 2232 841 2283 οῦ
875 2231 1100 2304 θέλομεν
1133 2231 1487 2298 ἐκδύσασθαι,
1541 2233 1656 2286 ἀλλ’
1679 2235 1778 2287 s1:-

205 2319 552 2374 ενδύσασθαι.
585 2341 603 2372 t

284 2409 562 2476 Τουτέστὶ,
622 2415 715 2466 καὶ
752 2415 800 2466 εἱ
832 2416 948 2467 ἐκεῖ
992 2417 1090 2483 τὴν
1156 2417 1469 2487 ἀφθαρσίαν
1519 2417 1777 2479 λαϐόντες

206 2501 285 2568 μὴ
313 2505 510 2570 γυμνοὶ
539 2503 639 2572 τῆς
678 2504 836 2572 δόξης
877 2507 970 2557 καὶ
1009 2505 1109 2574 τῆς
1153 2499 1452 2573 ἀσφαλείας
1500 2508 1774 2576 (ἀρθῶμεν.

202 2590 378 2644 Τοῦτο
399 2593 454 2645 δέ
481 2612 675 2660 φησιν.
714 2597 797 2648 ἴνα
839 2597 914 2666 μὴ
940 2598 1047 2650 ἀπὸ
1076 2603 1174 2667 τῆς
1213 2601 1563 2662 ἀναστάσεως
1617 2600 1776 2669 μόνον

205 2682 410 2745 πάντες
464 2684 776 2754 θαρῤὦμεν,
818 2687 952 2740 ἀλλὰ
999 2688 1436 2758 ὲπιτηδεῦσωμεν
1488 2690 1580 2742 καὶ
1643 2693 1777 2760 ἔργα

201 2774 454 2842 λαμπρά.
499 2777 562 2828 Ἦ
598 2777 697 2842 μὲν
730 2779 836 2848 γὰρ
863 2779 1157 2842 ἀνάστασις
1194 2781 1347 2850 κοινὴ
1393 2781 1631 2843 πάντων,
1661 2783 1693 2850 ἡ
1721 2782 1778 2834 δὲ

201 2866 332 2931 6651
365 2868 545 2920 οὐκέτι
576 2871 749 2938 κοινὴ,
778 2871 893 2923 ἀλλ’
921 2874 969 2924 οἱ
1012 2873 1112 2940 μὲν
1145 2875 1200 2924 ἐν
1221 2879 1378 2944 τιμῇ,
1406 2875 1456 2925 οἱ
1487 2873 1542 2925 δὲ
1575 2876 1632 2925 ἐν
1663 2875 1779 2926 ἀτι-

206 2958 312 3027 μία
338 2972 352 2986 ·
380 2960 536 3012 καὶοὶ
563 2961 661 3030 μὲν
682 2963 761 3023 εἰς
802 2961 1105 3030 βασιλείαν,
1137 2956 1184 3017 οἱ
1206 2964 1261 3016 δὲ
1289 2967 1367 3027 εἰς
1391 2965 1633 3019 κόλασιν.

285 3162 306 3194 ι
348 3144 464 3196 ἰνα
496 3147 780 3216 καταποθῇ
811 3147 872 3199 τδ
895 3147 1087 3216 θνητὸν
1113 3147 1217 3200 ὑπὸ
1237 3147 1336 3214 τῆς
1367 3148 1531 3216 ζωῆς.
1565 3166 1580 3195 ι

283 3236 358 3287 Οὐ
380 3236 540 3301 λέγω,
569 3240 752 3305 φησιν,
781 3238 861 3289 ὅτι
896 3238 1246 3307 στενάζομεν,
1273 3239 1360 3289 ἵνα
1376 3239 1435 3289 τὸ
1457 3239 1612 3306 σῶμα
1649 3237 1782 3290 ἀπο-

205 3325 458 3392 θώμεθα.
485 3325 715 3376 ἀλλ’ἵνα
749 3325 1169 3395 ὲπενδυσὼμεθα
1220 3327 1367 3396 αὐτῷ
1417 3328 1516 3396 τὴν
1571 3328 1782 3396 ἀφθαρ-

207 3415 354 3466 σίαν.
403 3416 508 3468 Καὶ
547 3416 654 3483 γὰρ
705 3415 1072 3485 βαρυνόμεθα,
1113 3418 1212 3488 οὐχ
1239 3419 1318 3471 ὅτι
1350 3418 1508 3488 σῶμα
1562 3417 1777 3487 ἔχομεν,

204 3504 326 3556 ἀλλ’
355 3505 438 3555 ὅτι
463 3505 697 3573 (ιςθαρτὸν
723 3507 1109 3577 περικείμεθα.

290 3616 309 3647 ι
363 3598 421 3648 ’0
475 3597 531 3649 δὲ
565 3599 1045 3668 κατεργασάμενος
1101 3601 1248 3669 ἡμᾶς
1309 3601 1387 3663 εἰς
1441 3601 1572 3654 αὐτὸ
1624 3600 1782 3653 τοῦτο

206 3687 367 3749 θεός.
397 3705 415 3736 ι
1663 3751 1669 3756 .

282 3776 568 3829 Δείκνυσιν
613 3777 820 3830 ἄνωθεν
857 3779 1031 3830 ταῦτα
1079 3779 1528 3848 προτυπωθέντα.
1579 3780 1653 3831 Οῦ
1678 3779 1782 3849 γὰρ

206 3866 327 3930 νῦν,
361 3865 518 3933 φησὶ,
548 3865 706 3919 τοῦτο
754 3868 955 3931 ἔδοξεν,
1006 3869 1120 3921 ἀλλ’
1156 3870 1242 3920 ὅτε
1273 3872 1330 3934 ἐξ
1365 3871 1536 3939 ἀρχῆς
1586 3870 1785 3922 ἐπλατ-

210 3973 305 4007 τεν
355 3957 501 4024 ἡμᾶς
551 3957 659 4009 ἀπὸ
687 3958 810 4025 γῆς.
855 3958 976 4020 Πῶς
1034 3959 1089 4011 δὲ
1134 3960 1361 4026 γίνεται,
1407 3960 1564 4012 τοῦτο
1583 3961 1657 4028 μὴ
1689 3961 1786 4028 cf?

210 4060 320 4103 '..‘:'.t,
378 4044 539 4111 φησίν
576 4062 590 4075 '
620 4044 654 4097 ἃ
685 4046 791 4117 γὰρ
821 4049 848 4099 ὁ
887 4046 1017 4109 Θεὸς
1052 4052 1214 4111 ποιεῖ,
1266 4049 1340 4120 μὴ
1394 4049 1783 4119 περιεργάζου.

214 4134 306 4185 Διὸ
332 4135 521 4203 φησιν,
566 4133 618 4184 ’0
642 4133 709 4186 δὲ
747 4136 1289 4205 κατεργασάμενος.

300 4330 318 4360 σ
368 4310 477 4361 Καὶ
519 4310 691 4373 διδοὺς
745 4313 874 4381 ἡμῖν
921 4313 1012 4365 τὸν
1067 4312 1359 4382 ὰρῥαΰῶνα
1417 4312 1507 4364 τοῦ
1548 4315 1788 4382 πνεύμα-

214 4420 375 4464 τος.»

1866 604 2180 673 praesentia.
2209 602 2344 656 Nam
2396 614 2687 672 postquam
2730 604 2867 659 dixit
2900 616 3219 668 terrestrem,
3245 624 3309 660 ex
3344 609 3444 660 ad-

1868 711 2050 763 verso,
2093 696 2369 759 caelestem,
2416 695 2618 764 posuit.
2654 693 2904 763 itemque
2947 696 3042 750 ubi
3099 695 3312 750 domum
3347 701 3446 750 ha-

1869 785 2140 840 bitationis
2169 785 2426 851 dicendo,
2461 785 2790 857 signiﬁcavit
2842 798 2963 840 eam
2997 783 3160 839 facile
3195 784 3444 848 dissolvi,

1868 887 2120 933 (uernam
2149 878 2426 946 opposuit.

1938 968 2103 1024 Vens.
2134 969 2188 1024 2.
2234 989 2251 1021 ι
2287 967 2424 1022 Nam
2463 976 2519 1024 et
2558 969 2614 1024 in
2645 968 2750 1024 boc
2782 967 3196 1039 mgemiscimus
3215 970 3444 1040 gravati,

1871 1056 2262 1111 habitationem
2297 1064 2546 1111 nostram
2577 1072 2699 1127 quae
2714 1057 2784 1112 de
2819 1056 2962 1111 ctelo
2984 1065 3088 1121 est,
3123 1046 3445 1126 superindui

1870 1151 2174 1219 cupientes.
2207 1171 2225 1202 ι

1949 1239 2176 1305 Qualem
2202 1254 2330 1292 vero
2352 1237 2775 1292 habitationem!
2795 1237 3009 1305 Corpus
3035 1253 3066 1291 a
3094 1236 3448 1306 corruptione

1873 1328 2128 1384 libermn.
2167 1327 2343 1382 Eccnr
2379 1329 2542 1383 etiam
2573 1329 2627 1382 in
2669 1329 2774 1382 isto
2825 1328 3286 1398 ingemiscimns?
3312 1328 3446 1393 Quia

1875 1422 2048 1474 multo
2071 1419 2268 1472 melius
2293 1429 2378 1472 est
2414 1420 2567 1472 illud.
2594 1419 2685 1472 Ait
2707 1427 2889 1474 autem
2924 1419 3029 1473 hoc
3056 1434 3180 1474 esse
3195 1419 3262 1472 de
3285 1419 3447 1481 coelo,

1874 1525 1940 1564 eo
1973 1511 2121 1580 quod
2172 1511 2582 1578 incorruptmn.
2627 1509 2986 1579 Nequaquam
3024 1510 3170 1564 enim
3212 1509 3279 1563 de
3309 1509 3451 1563 celo

1878 1602 2037 1654 nobis
2068 1616 2272 1669 corpus
2301 1600 2651 1654 demittitur:
2691 1600 2786 1655 sed
2825 1601 2899 1654 ita
2936 1599 3208 1668 loquendo
3241 1599 3451 1670 signifi-

1877 1699 1967 1744 cat
2001 1691 2222 1759 corpori
2274 1689 2512 1759 gratiam
2556 1689 2755 1744 exinde
2799 1691 2968 1744 mitti.
3007 1689 3087 1743 Ac
3121 1689 3167 1744 si
3201 1689 3447 1742 diceret:

1880 1780 2202 1849 lngemiscis
2223 1779 2350 1849 quia
2394 1781 2641 1834 exterior
2670 1769 2832 1833 boum
2877 1777 3292 1846 corrumpitur?
3343 1776 3452 1830 imo

1880 1874 2063 1943 potius
2093 1886 2268 1941 geme,
2292 1869 2439 1940 quod
2466 1885 2576 1924 non
2606 1868 2659 1923 id
2699 1864 2844 1923 ultra
2876 1869 3096 1924 modum
3128 1871 3241 1934 fiat,
3274 1865 3454 1934 'neque

1878 1979 1944 2019 ex
1982 1972 2095 2017 toto
2127 1963 2218 2016 ille
2254 1971 2664 2032 corrumpatur.

1949 2056 2116 2112 Vens.
2146 2059 2201 2121 5,
2237 2056 2292 2112 4.
2339 2074 2358 2108 ι
2400 2055 2456 2110 Si
2499 2065 2684 2110 tamen
2727 2054 2934 2117 vestiti,
2971 2068 3079 2106 non
3129 2051 3258 2104 nudi
3300 2050 3457 2112 inve-

1877 2130 2116 2202 niainur.
2170 2145 2304 2200 Nam
2354 2152 2408 2200 et
2458 2144 2553 2214 qui
2608 2159 2803 2199 sumus
2839 2143 2891 2195 in
2934 2142 3037 2195 boc
3073 2139 3455 2200 tabernaculo.

1878 2237 2296 2309 ingemiseimus
2321 2241 2527 2305 gravati
2552 2253 2566 2302 ;
2595 2250 2661 2290 eo
2685 2233 2835 2305 quod
2859 2234 3117 2288 nolumus
3141 2229 3455 2300 exspoliari,

1877 2330 1975 2387 sed
2007 2331 2382 2398 supervcstiri.
2419 2348 2438 2381 ι
3213 2310 3216 2314 ί
3286 2316 3292 2323 ”
3365 2347 3369 2353 .
3415 2329 3421 2336 -

1948 2421 2198 2484 Ηοονθει,
2235 2421 2278 2474 si
2312 2421 2474 2474 modo
2529 2418 2962 2474 immortalitatis
2989 2421 3274 2484 compotes
3301 2411 3454 2472 facti,

1878 2530 1989 2570 non
2011 2513 2143 2567 nudi
2175 2513 2350 2583 gloria
2381 2521 2433 2565 et
2462 2513 2760 2567 securitate
2787 2509 3156 2562 inveniamur.
3184 2505 3347 2572 Atqui
3374 2504 3457 2557 sic

1878 2607 2144 2675 loquitur,
2173 2620 2279 2658 non
2318 2604 2495 2657 soluat
2532 2613 2590 2656 ut
2615 2610 2764 2657 certa
2807 2599 3002 2654 liducia
3027 2589 3456 2670 speremusom-

1878 2714 1977 2753 nes
2009 2697 2511 2772 resurrectionem,_
2541 2693 2636 2748 sed
2676 2700 2730 2747 et
2784 2690 3064 2762 praeclaris
3118 2687 3456 2743 facinoribus

1877 2804 2105 2858 Opermn
2138 2788 2349 2839 demus.
2376 2783 2736 2840 Resurrectio
2771 2783 3040 2850 siquidem
3063 2779 3279 2835 cunctis
3310 2792 3457 2833 com-

1879 2879 2061 2932 munis
2085 2886 2170 2930 est
2200 2898 2212 2930 :
2252 2887 2338 2929 ast
2365 2876 2490 2929 aliis
2511 2876 2730 2943 quidem
2763 2873 2817 2926 in
2856 2874 3141 2934 bonorem,
3172 2870 3296 2923 aliis
3325 2884 3454 2920 vero

1880 2969 1934 3021 in
1975 2967 2328 3035 opprobrium
2359 2983 2374 3032 ;
2411 2965 2533 3018 aliis
2558 2964 2688 3017 item
2717 2963 2784 3015 ad
2808 2975 3057 3030 regnum,
3089 2959 3212 3012 aliis
3241 2957 3310 3010 ad
3329 2971 3458 3025 sup-

1880 3056 2128 3128 plicium.

1960 3166 1976 3198 ι
2023 3146 2093 3200 Ut
2120 3147 2481 3200 absorbeatur
2512 3145 2660 3212 quod
2689 3143 2916 3196 mortale
2940 3149 3023 3195 cst
3051 3156 3080 3193 a
3113 3139 3241 3193 vita.
3272 3157 3292 3190 ι

1954 3235 2070 3288 Νοιι
2108 3235 2252 3295 dico,
2307 3236 2512 3304 inquit,
2562 3249 2662 3287 nos
2707 3234 3088 3302 ingemiscere,
3145 3240 3202 3283 nt
3255 3244 3457 3299 corpus

1883 3327 2259 3394 dcponamus:
2297 3326 2389 3379 sed
2437 3334 2495 3376 ut
2526 3324 2656 3376 illud
2689 3323 3111 3390 incorruptione
3134 3320 3454 3375 vestiamus.

1883 3416 2188 3470 Gravamur
2214 3418 2382 3480 enim,
2437 3431 2545 3468 non
2581 3415 2710 3484 quia
2743 3428 2945 3479 corpus
2995 3420 3312 3482 gestamus,
3360 3409 3458 3465 sed

1882 3509 2012 3578 quia
2041 3508 2382 3576 corruptioni
2410 3507 2655 3561 obnoxio
2686 3503 3115 3558 circumdamur.

1954 3597 2121 3650 Vens.
2153 3599 2205 3652 5.
2256 3617 2274 3648 ι
2305 3598 2410 3664 Qui
2464 3605 2647 3651 autem
2688 3597 2824 3650 fecit
2871 3611 2974 3650 nos
3015 3595 3072 3650 iu
3129 3594 3232 3648 hoc
3279 3593 3458 3662 ipsum

1884 3689 2048 3744 Deus.
2083 3710 2100 3741 ι
2829 3738 2835 3743 .

1955 3780 2344 3836 Deelaratbaec
2387 3782 2498 3851 jam
2536 3789 2664 3834 ante
2707 3783 2937 3847 figurata
2962 3794 3106 3844 esse.
3150 3775 3267 3831 Non
3311 3776 3458 3846 enim

1886 3888 2031 3924 nunc.
2067 3873 2301 3940 primum
2328 3873 2400 3925 ita
2438 3873 2512 3926 illi
2543 3873 2720 3927 visum
2752 3871 2860 3934 est,
2887 3871 3094 3939 inquit;
3127 3866 3460 3944 sedquando

1885 3963 2156 4032 principio
2201 3980 2381 4016 rerum
2427 3978 2528 4018 nos
2578 3963 2646 4016 de
2694 3971 2839 4016 terra
2893 3961 3067 4015 finxit.
3123 3958 3355 4030 Quinam
3405 3955 3458 4011 id

1885 4051 1976 4104 fiat
2022 4068 2089 4105 ne
2149 4052 2432 4121 qmcsieris
2474 4067 2487 4104 :
2549 4067 2672 4104 nam
2723 4066 2856 4105 cave
2909 4065 2980 4104 ne
3039 4049 3258 4104 curiose
3299 4062 3460 4101 scru-

1887 4145 2020 4196 teris
2061 4161 2180 4212 qua:
2217 4143 2360 4197 Deus
2389 4144 2572 4196 faciat.
2595 4143 2959 4208 Quamobrem
2992 4143 3068 4196 ait
3097 4159 3111 4195 :
3145 4140 3248 4206 Qui
3283 4148 3458 4193 autem

1886 4237 2026 4306 fecit.
3343 4232 3345 4234 ’

1964 4346 1980 4375 ι
2022 4325 2086 4376 Et
2114 4325 2202 4392 qui
2231 4325 2381 4376 dedit
2417 4325 2578 4378 nobis
2615 4327 2811 4396 pignus
2846 4325 3095 4393 spiritus.
3128 4343 3147 4376 ι

290 4494 539 4562 Συνεχῶς
571 4493 868 4566 ἁρῤαεῶνα
918 4495 1095 4557 καλεῖ,
1131 4494 1414 4566 ὀφειλετὴν
1445 4496 1638 4548 ἑαυτὸν
1674 4495 1783 4547 δεῖ.
1814 4513 1861 4572 D

1814 4513 1861 4572 ι)
1958 4499 2303 4568 Frequenter
2341 4498 2540 4567 pignus
2587 4501 2854 4563 nominat,
2900 4502 3028 4569 quia
3069 4500 3211 4556 Deus
3242 4499 3459 4556 univer-

220 4582 303 4646 ξαι
336 4581 659 4652 βουλόμενος
679 4584 772 4636 τοῦ
805 4586 1024 4647 παντὸς.

294 4692 312 4724 ί
343 4673 684 4742 θαρροῧντες
713 4671 805 4726 οὖν
837 4675 1090 4732 πάντοτε.
1122 4677 1216 4729 καὶ
1263 4677 1483 4738 εἰδότες,
1519 4679 1599 4730 δτι
1637 4678 1788 4744 ἐνδη-

223 4762 452 4830 μοῦντες
485 4763 542 4814 ἐν
591 4762 668 4829 τῷ
727 4763 960 4832 σώματι,
1005 4765 1345 4834 ἐκδημοῦμεν
1395 4765 1501 4817 ἀπὸ
1552 4765 1631 4817 ιοῦ
1680 4767 1788 4819 Κυ-

225 4855 360 4922 ρίου.

219 4945 358 5006 δονς.
391 4964 409 4996 ι

291 5037 363 5086 Τὸ
395 5037 778 5101 θαῤῥοῦντες,
849 5036 984 5104 πρὸς
1031 5039 1155 5099 τοὺς
1188 5038 1482 5104 διωγμοὺς,
1518 5041 1650 5108 πρὶς
1692 5040 1789 5101 τὰς

225 5127 536 5189 ἐπιϐουλὰς,
570 5127 708 5195 πρὸς
733 5129 859 5190 τοὺς
886 5127 1169 5190 θανάτους.
1203 5130 1289 5190 Ὠς
1320 5132 1365 5181 εἰ
1391 5131 1575 5196 ἔλεγεν
1603 5146 1614 5158 ο
1644 5131 1791 5182 ἐλαύ-

223 5233 302 5269 νει
335 5235 422 5277 τις
449 5257 462 5280 ,
512 5219 608 5270 καὶ
644 5217 827 5269 διώκει
856 5257 870 5280 ,
913 5221 1006 5272 καὶ
1045 5221 1260 5289 ἀναιρεῖ
1292 5236 1305 5283 ;
1350 5222 1423 5290 μὴ
1452 5221 1784 5292 καταπέσῃς.

231 5304 404 5378 ’Υπὲρ
428 5309 538 5376 γάρ
569 5325 663 5360 σον
696 5309 925 5376 γίνεται.

434 4854 533 4904 Διὰ
581 4855 817 4916 πίστεως
864 4857 969 4924 γὰρ
1029 4857 1473 4926 περιπατοῦμεν,
1507 4859 1566 4909 οῦ
1602 4858 1688 4909 διὰ
1714 4859 1789 4908 εἵς

303 5501 319 5531 ι
357 5479 684 5551 Θαρῤοῦμεν
703 5482 758 5533 δὲ
785 5484 880 5534 καὶ
920 5483 1244 5552 εὐδοκοῦμεν
1291 5484 1490 5552 μᾶλλον
1549 5484 1790 5554 exacui.

225 5573 401 5622 σαιὲκ
427 5571 522 5622 τοῦ
568 5570 838 5641 σώματος,
882 5575 974 5626 καὶ
1018 5573 1317 5643 ἐνδημῆσαι
1381 5574 1516 5643 πρὸς
1554 5574 1644 5626 τὸν
1689 5579 1790 5630 Κύ-

233 5675 360 5726 ριον.
384 5660 476 5712 Διὸ
511 5662 601 5712 καὶ
627 5661 1079 5734 φιλοτιμούμεθα,
1107 5667 1215 5717 εἴτε
1255 5666 1610 5735 ἐνδημοῦντες
1631 5709 1643 5732 ,
1680 5672 1785 5724 εἴτε

228 5753 607 5823 ἐκδημοῦντες.
643 5775 660 5808 ι

1888 4606 2072 4645 sornm
2101 4605 2159 4642 se
2195 4587 2499 4641 debitorem
2537 4590 2774 4656 profiteri
2812 4589 3002 4643 voluit.

1963 4679 2117 4749 135
2157 4698 2174 4728 ι
2219 4678 2386 4731 Vrsas.
2423 4679 2478 4741 6,
2512 4655 2566 4731 77.
2615 4679 2899 4737 Audentes
2939 4688 3120 4732 autem
3156 4694 3376 4748 semper
3407 4668 3490 4735 et.
3581 4655 3584 4657 Δ

1891 4774 2153 4833 scientes,
2187 4771 2477 4839 quoniam,
2518 4770 2648 4821 dum
2696 4785 2890 4823 suums
2929 4769 2981 4821 in
3025 4784 3274 4837 corpore,
3304 4785 3460 4837 pere-

1890 4864 2177 4932 grinantur
2223 4876 2251 4912 a
2279 4858 2506 4911 Domino
2537 4878 2551 4913 :
2593 4875 2686 4927 per
2721 4846 2878 4913 fidem
2910 4860 3056 4913 enim
3089 4860 3457 4922 ambulamus,

1892 4963 1948 5007 et
1977 4970 2085 5006 non
2124 4967 2217 5018 per
2249 4951 2510 5018 Speciem.
2552 4971 2569 5001 ι
3419 5015 3423 5018 _

1963 5027 2268 5101 Audientes,
2333 5040 2431 5102 ait,
2496 5049 2688 5093 contra
2758 5042 3207 5108 persecutiones,
3267 5050 3458 5096 contra

1891 5133 2161 5199 impetus,
2242 5130 2510 5184 adversus
2584 5140 2810 5187 mortes.
2871 5132 3034 5187 Velut
3095 5133 3142 5187 si
3205 5133 3455 5187 diceret:

1846 5267 1850 5271 .
1893 5223 1968 5279 Te
2001 5225 2274 5291 quispiam
2323 5224 2599 5291 exagitat,
2646 5233 2700 5278 ct
2751 5225 3124 5294 persequitur,
3171 5234 3266 5278 aut
3304 5227 3458 5278 occi-

1891 5316 2013 5368 dit?
2047 5330 2110 5366 ne
2133 5315 2474 5378 despondeas
2522 5315 2787 5368 animum.
2822 5317 2935 5369 Hoc
2973 5316 3121 5370 eltim
3153 5322 3375 5385 propter
3411 5326 3462 5370 te

1892 5413 2122 5474 geritur.

1961 5494 2126 5545 Vnus.
2159 5496 2211 5551 8.
2251 5497 2302 5548 9.
2348 5513 2364 5543 ι
2401 5497 2688 5551 Audemus
2717 5507 2897 5549 autent
2943 5505 2996 5549 ct
3025 5498 3219 5550 bonam
3267 5495 3461 5548 volun-

1895 5592 2056 5636 tatem
2114 5584 2413 5646 habt-mus,
2453 5601 2628 5654 magis
2682 5586 3014 5654 peregrinari
3049 5601 3078 5638 a
3125 5599 3355 5654 corpore
3407 5595 3462 5637 et

1893 5688 2190 5745 prmseutes
2216 5693 2339 5731 esse
2367 5679 2432 5731 ad
2475 5678 2784 5731 Dominum.
2809 5679 2932 5735 Ideo
2953 5686 3007 5735 et
3045 5678 3464 5741 contendimus,

1895 5769 2007 5823 sive
2035 5768 2312 5834 absentes,
2342 5769 2456 5824 sive
2481 5778 2799 5838 pratscntcs.
2834 5789 2852 5822 ι
