4218 6448
756 429 860 493 721

750 631 885 684 Nam
928 646 1054 684 esse
1082 645 1206 682 cum
1238 629 1486 692 Christo,
1516 629 1885 698 praestabilius
1913 639 1996 682 est
2023 644 2188 697 quam
2235 632 2324 688 in,-

750 729 1070 791 corruptam
1127 720 1350 774 domum
1392 722 1664 774 obtinuere.
1717 720 1875 785 Quod
1926 729 2110 773 autem
2166 721 2322 783 dicit,

753 813 863 864 tale
892 811 1022 879 quid
1050 811 1354 878 signilieat.
1389 809 1506 863 Non
1539 810 1846 879 exstinguit
1884 809 2048 862 vitam
2077 802 2331 882 nostram

751 903 846 972 qtti
885 903 1192 955 insectatur
1221 911 1274 954 et
1310 902 1598 955 interimit.
1635 901 1746 953 Non
1779 901 1958 953 solum
1987 900 2131 951 enim
2164 899 2252 950 ille
2277 910 2328 950 te

754 1008 782 1044 a
815 994 1130 1061 corrupta-la
1158 1002 1211 1045 et
1243 994 1393 1059 gravi
1441 994 1660 1045 sarcina
1701 993 1942 1043 vindieat
1970 1030 1984 1049 ,
2034 989 2127 1042 sed
2163 989 2326 1041 etiam

755 1082 820 1134 ad
859 1079 1151 1133 Dominum
1185 1083 1520 1149 quattloeius
1556 1081 1906 1132 transmittit.
1962 1078 2095 1131 Vide
2141 1087 2325 1130 autem

756 1175 1034 1241 quomodo
1063 1173 1217 1224 siluit
1251 1189 1373 1240 qum
1402 1172 1582 1224 tristia
1611 1181 1762 1233 sunt,
1807 1171 1998 1224 mortis
2031 1170 2246 1222 scilicet
2277 1177 2329 1220 ct

759 1263 1013 1317 interitus
1041 1263 1322 1316 vocabulis
1352 1262 1659 1322 abstinens,
1706 1277 1943 1330 quorum
1983 1263 2105 1314 loco
2149 1261 2322 1328 subji-

760 1354 856 1416 cit,
907 1369 1028 1419 qua:
1067 1353 1456 1404 desiderabilia
1511 1353 1807 1406 admodum
1858 1352 2166 1415 exsistunt;
2211 1367 2332 1420 qua:

759 1442 980 1510 quidem
1001 1456 1259 1494 accessus
1285 1449 1338 1493 et
1371 1444 1664 1507 praseutiw
1696 1442 1766 1494 ad
1795 1442 2075 1495 Dominum
2104 1443 2332 1495 nomine

762 1532 1024 1599 ittdigilat
1061 1549 1073 1583 :
1115 1533 1450 1598 quinetiam
1497 1534 1749 1589 dimissis
1797 1548 1919 1602 quae
1965 1533 2147 1587 dulcia
2209 1549 2332 1588 esse

761 1622 1021 1673 videntur
1049 1620 1102 1672 in
1131 1622 1264 1683 vita,
1301 1636 1329 1673 a
1367 1622 1621 1675 tristibus
1653 1623 1844 1676 eadem
1885 1623 2210 1680 nominavit.
2253 1622 2331 1674 vi-

763 1721 872 1764 tam
929 1713 1069 1766 hanc
1119 1713 1445 1780 appellando
1488 1715 1962 1782 peregrinationem
2017 1729 2049 1764 a
2084 1713 2329 1766 Domino.

763 1801 877 1857 lloc
915 1813 1096 1856 autem
1126 1806 1226 1866 ait,
1264 1813 1322 1856 ut
1354 1821 1516 1858 netno
1548 1806 1809 1873 deinceps
1840 1805 2193 1872 praesentium
2242 1818 2327 1856 re-

1954 433 2361 492 5.10.“le
2404 427 2827 492 [ΜΜᾹΞΙΣΕΝῙ

824 538 1163 593 Postremum
1225 537 1406 607 posuit
1454 537 1600 607 quod
1639 537 1898 592 omnibus
1955 550 2079 591 erat
2125 539 2322 603 majus.
2358 544 2402 600 Α

3901 421 4008 483 73:!

2503 542 2577 592 Τὸ
2606 540 2790 608 μεῖζον
2818 538 3036 590 πάντων
3063 577 3075 598 ,
3111 534 3336 604 ὗστεφν
3362 533 3628 586 τέθεικεν.
3656 532 3762 585 Τοῦ
3802 531 3909 602 γάρ
3936 534 4012 584 οἰ-

2431 631 2552 682 κίαν
2589 630 2867 700 ἄφθαρτον
2919 626 3128 688 λαϐεῖν,
3160 625 3222 675 τὸ
3254 624 3393 692 μετὰ
3428 621 3665 691 Χριστοῦ
3701 616 3841 674 εἶναι
3893 623 4008 690 βέλ-

2428 739 2558 775 τιον.
2597 724 2661 769 ’0
2685 722 2742 774 δὲ
2771 720 2919 786 λέγει
2971 709 3215 788 τοιοῦτόν
3247 717 3363 768 ἐστι
3398 732 3411 746 ·
3443 715 3502 765 οὐ
3546 713 3831 766 σϐέννυσιν
3858 711 4004 780 ήμῶι

2429 815 2527 881 τὴν
2581 813 2724 879 ζωὴν
2754 853 2768 871 ,
2809 813 2836 863 ό
2868 810 3079 862 διώκων
3130 808 3226 860 καὶ
3277 805 3537 884 ἀναιρῶν.
3580 807 3655 857 Οὐ
3690 805 3796 873 γάρ
3855 804 4013 872 μόνον

2674 921 2730 956 σε
2763 902 3091 956 ἀπαλλάττει
3119 899 3212 951 καὶ
3255 897 3479 966 βάρους,
3514 895 3649 948 ἀλλὰ
3683 895 3868 964 καὶτῴ
3893 894 4015 963 Θεῷ

2859 990 3091 1057 ταχέως.
3126 989 3268 1058 Ὅρα
3288 988 3343 1038 δὲ
3379 986 3493 1048 πῶς
3529 985 3766 1054 ἔκρυψεν
3804 986 3873 1036 τά
3919 985 4015 1036 λυ-

2431 1085 2583 1151 πηρὰ
2615 1086 2710 1134 καὶ
2740 1081 2802 1133 το
2836 1082 3005 1149 ὄνομα
3037 1079 3132 1132 τοῦ
3181 1080 3413 1132 θανάτου
3446 1078 3540 1129 καὶ
3584 1080 3683 1145 τῆς
3732 1075 4016 1152 τελευτῆς,

2431 1176 2524 1225 καὶ
2552 1174 2618 1225 τὰ
2651 1157 2852 1242 σφόδρα
2884 1170 3104 1222 ποθεινὰ
3143 1169 3456 1238 ἁντέθηκεν,
3503 1167 3823 1233 ἐπιδημίαν
3875 1167 4019 1218 αὐτὰ

2431 1265 2613 1316 καλῶν
2665 1245 2812 1330 «per;
2863 1263 2970 1314 τὸν
3006 1262 3256 1329 Κύριον,
3293 1261 3385 1311 καὶ
3415 1259 3480 1310 τά
3504 1257 3761 1310 δοκοῦντα
3786 1256 4015 1323 γλυκέα,

2431 1357 2589 1424 ἀφεὶς
2611 1355 2676 1407 τὰ
2704 1357 2803 1423 τῆς
2816 1353 2984 1422 ζωῆς,
3007 1353 3117 1404 ἀπὸ
3138 1352 3246 1403 τῶν
3263 1349 3522 1419 λυπηρῶν
3545 1349 3682 1401 αὐτὰ
3707 1349 4014 1417 ὠνόμασεν,

2429 1444 2718 1512 ἐκδημίαν
2754 1445 2874 1496 ἀπὸ
2924 1442 3031 1495 τοῦ
3088 1443 3312 1509 Κυρίου
3344 1441 3444 1510 τὴν
3493 1439 3725 1494 ἐνταῦθα
3776 1439 4018 1500 καλέσας

2432 1535 2595 1604 ζωήν.
2618 1535 2791 1587 Τοῦτο
2820 1534 2877 1586 δὲ
2907 1535 3119 1602 ἔλεγεν,
3150 1535 3247 1586 ἵνα
3283 1533 3476 1602 μηδεὶς
3528 1533 3669 1601 μήτε
3715 1532 3830 1593 τοῖς
3874 1547 4020 1600 παρ-

2433 1627 2552 1679 οῦσι
2578 1627 2932 1696 ὲμφιλοχωρῇ
2954 1665 2970 1690 ,
3016 1625 3153 1678 ἀλλά
3181 1625 3276 1678 καὶ
3311 1623 3631 1695 βαρύνηται,
3690 1624 3825 1693 μήτε
3888 1620 4023 1691 μέλ-

2435 1718 2540 1768 λων
2589 1717 2849 1786 τελευτᾷν
2903 1715 3166 1785 λυπῆται,
3217 1714 3310 1766 καὶ
3357 1713 3620 1783 χαίρῃὼς
3649 1715 3728 1772 εἰς
3792 1711 4022 1781 μείζονα

2434 1801 2614 1855 ἀπιὼν
2641 1803 2843 1869 ἀγαθά.
2885 1799 3018 1857 Εἶτα
3051 1804 3137 1854 ἵνα
3169 1804 3244 1873 μή
3272 1820 3354 1865 τις
3388 1805 3540 1872 εῑπη,
3569 1801 3784 1854 ἀκούων
3809 1802 3890 1853 ὅτι
3918 1799 4020 1853 ἐκ·

2431 906 2633 971 φῗορὶς

2436 993 2802 1060 παραπέμπει

765 1911 885 1948 rum
913 1910 1099 1953 amore
1125 1904 1399 1958 teneatur,
1433 1897 1528 1949 sed
1555 1896 1666 1950 illis
1692 1895 1876 1964 potius
1913 1903 2190 1964 gravetur,
2224 1909 2325 1948 nec
2356 1901 2398 1955 Β
2426 1920 2431 1943 ‹

2358 1901 2398 1955 Β
2426 1894 2731 1962 δημοῦμεν
2754 1894 2874 1947 ἁ.τύ
2908 1895 3014 1947 τοῦ
3041 1895 3284 1960 Κυρίου,
3338 1893 3403 1945 Τί
3435 1893 3606 1945 ταῦτα
3632 1893 3842 1960 λέγεις;
3868 1891 4024 1943 άλλοο

765 1986 1064 2040 moriturus
1116 1987 1330 2047 doleat,
1398 1986 1491 2040 sed
1552 1986 1787 2056 gaudeat
1840 1988 1997 2057 quasi
2062 1987 2127 2040 ad
2187 1987 2332 2040 bona

765 2077 972 2145 majora
1052 2078 1424 2146 profecturus.
1496 2078 1672 2133 Porro
1732 2097 1800 2134 ne
1862 2083 1986 2149 quis
2060 2080 2331 2142 audiens,

761 2169 1156 2237 peregrinantur
1181 2187 1212 2222 a
1248 2169 1495 2234 Domino,
1527 2172 1714 2225 dicat:
1751 2172 1863 2226 Cur
1903 2173 2021 2226 hmc
2057 2171 2339 2240 loqueris?

765 2259 991 2313 alienati
1059 2276 1191 2330 ergo
1271 2278 1467 2317 sumus
1518 2263 1648 2316 dum
1709 2263 1797 2316 hic
1862 2263 2184 2317 versamur?
2235 2263 2339 2316 hoc

766 2352 1057 2403 antevertit
1112 2352 1304 2404 dicens
1351 2372 1362 2405 :
1405 2352 1506 2406 I’er
1546 2355 1704 2421 [idem
1779 2355 1917 2406 enim
1979 2354 2338 2413 mnbulamus,

764 2456 814 2497 ct
851 2463 953 2498 non
983 2463 1073 2513 per
1120 2450 1361 2515 speciem.
1397 2451 1473 2502 Ae
1513 2451 1557 2503 si
1606 2451 1855 2504 diceret:
1895 2450 2054 2516 Atqui
2102 2449 2188 2501 hic
2219 2448 2442 2517 quidem
2490 2467 2684 2506 sumus
2739 2452 2914 2515 illius,
2952 2451 3046 2505 sed
3081 2467 3189 2504 non
3230 2450 3312 2504 sie
3382 2448 3698 2500 ttiattiicsle.

2434 1987 2733 2057 τριούμεθα
2760 1983 2855 2040 οὖν
2886 1986 3126 2039 ἐνταῦθα
3161 1988 3350 2049 δντεςς
3387 1986 3802 2054 πρῶιιῦρθωσεν
3837 1984 4021 2043 τοῦτο,

2434 2079 2607 2132 εἰπὼν
2627 2097 2640 2110 ’
2675 2082 2776 2134 Διὰ
2822 2081 3081 2145 πίστεως
3140 2081 3250 2147 τὰρ
3313 2079 3761 2146 περιπατοῦμεν
3782 2119 3796 2137 ,
3826 2081 3900 2129 οὐ
3926 2078 4025 2128 em

2435 2171 2761 2236 αὔους-,Ὡς
2784 2172 2833 2223 εἰ
2865 2171 3017 2238 ἔλεγε
3048 2186 3064 2201 °
3100 2171 3216 2223 Καὶ
3249 2169 3604 2237 ἐνταῦθα’μέν
3645 2167 3808 2220 αὑτοῦ
3831 2170 4019 2234 ἐσμεν.

2441 2261 2556 2314 ἀλλ’
2587 2263 2683 2331 οὐχ
2730 2261 2872 2315 οὕτω
2930 2262 3136 2330 σαφῶς.
3193 2262 3300 2312 Καὶ
3355 2260 3508 2313 τοῦτό
3546 2263 3690 2313 ἐστιν
3719 2260 3747 2310 ὃ
3785 2257 4022 2326 ἀλλαχοῦ

2441 2354 2647 2422 ἔλεγεν,
2686 2356 2755 2408 ἐν
2771 2356 3046 2421 ἐσόπτρῳ
3074 2355 3170 2407 καὶ
3191 2355 3261 2406 ἐν
3277 2354 3597 2420 αἰνίγματι.

3769 2444 3836 2497 Ει
3913 2443 4016 2498 ho:

764 2550 849 2593 est
875 2541 1018 2610 quod
1057 2543 1108 2594 itt
1167 2544 1274 2595 alio
1331 2545 1449 2597 loco
1509 2545 1711 2608 aiebat,
1775 2545 1827 2596 in
1881 2546 2088 2611 speculo
2145 2556 2191 2596 et
2256 2546 2308 2596 iu
2350 2546 2634 2616 wuigmate
2666 2547 2707 2598 ⁸.

841 2655 860 2686 ι
907 2634 1130 2689 Placere
1171 2637 1270 2689 illi.
1317 2660 1334 2688 ι

835 2725 970 2778 Nam
1003 2729 1146 2796 quod
1194 2734 1485 2796 qua-ritur,
1537 2733 1639 2783 hoc
1684 2738 1789 2793 est,
1852 2732 2077 2799 inquit:
2124 2739 2182 2783 ιιι
2221 2733 2337 2784 site

769 2820 901 2879 illic,
922 2818 1035 2871 sive
1057 2821 1181 2874 istic
1237 2823 1547 2875 secundum
1581 2823 1878 2876 voluntatis
1902 2823 2020 2890 cjus
2043 2824 2336 2877 consilium

771 2907 976 2973 vivant,
1007 2920 1060 2961 et
1091 2925 1158 2962 ne
1191 2912 1284 2964 tali
1314 2922 1581 2980 tantoque
1612 2911 1890 2966 desiderio
1926 2913 2088 2972 inito,
2116 2921 2341 2981 propter

771 3001 1234 3068 peregrinationis
1279 3013 1332 3057 et
1366 3006 1630 3058 absentia:
1661 3021 1872 3057 moram
1905 3005 2208 3057 ittduleaut.
2261 3003 2339 3057 Ex

767 3108 876 3156 quo
907 3094 1069 3146 etiam
1106 3097 1284 3162 capite
1325 3112 1595 3151 smmnam
1637 3097 1776 3166 ipsis
1815 3099 2084 3148 honorum
2123 3097 2334 3149 tribuit.

2518 2661 2535 2692 ι
2573 2642 2864 2710 [εὐάρεστοι
2895 2641 3044 2711 αὐτῷ
3067 2637 3221 2694 εἶναι.
3259 2659 3275 2690 ι

2516 2735 2588 2785 Τὸ
2645 2736 2751 2804 γάρ
2813 2733 3167 2802 ζητούμενον,
3219 2731 3376 2782 τοῦτό
3424 2732 3559 2789 ἐστι,
3629 2728 3791 2796 φησίν
3827 2745 3840 2758 ο
3873 2729 3939 2782 ἄν
3968 2746 4024 2780 τε

2443 2825 2561 2878 ἐκεῖ
2581 2819 2754 2895 ὦμεν,
2787 2826 2850 2878 ἄν
2874 2843 2931 2878 τε
2964 2824 3218 2888 ἐνταῦθα,
3251 2823 3393 2876 κατὰ
3439 2820 3664 2890 γνώμην
3694 2818 3860 2872 αὑτοῦ
3899 2821 4024 2888 ζῇν.

2445 2918 2541 2970 καὶ
2576 2917 2664 2970 ἵνα
2692 2917 2856 2969 πάλιν
2889 2917 2963 2985 μὴ
2989 2918 3067 2976 εἰς
3105 2917 3373 2984 τοσαύτην
3412 2913 3658 2974 ἐλθόντες
3701 2910 4024 2978 ἐπιθυμίαν.

2445 3008 2723 3060 λυπῶνται
2754 3007 2888 3077 πρὸς
2919 3008 3018 3076 τὴν
3055 3006 3314 3076 μέλλησιν
3347 3006 3446 3074 τῆς
3475 3003 3761 3072 ἐκδημίας.
3801 2999 4025 3053 Ἐντεῦο

2447 3095 2537 3147 θεν
2563 3096 2662 3163 ἤδη
2685 3096 2901 3147 δίδωσιν
2938 3096 3122 3157 αὐτοῖς
3148 3095 3209 3146 τὸ
3239 3095 3534 3163 κεφάλαιον
3565 3093 3674 3144 τῶν
3713 3091 3919 3144 καλῶν.
3958 3089 4027 3141 Τί

769 3181 901 3236 Nam
942 3186 1071 3252 quid
1099 3186 1242 3240 istud
1273 3198 1379 3251 est,
1413 3188 1552 3241 bene
1592 3188 1843 3257 placere?
1870 3185 1986 3239 Non
2017 3187 2162 3239 enim
2198 3189 2334 3240 sim-
2362 3161 2407 3222 ο

2362 3161 2407 3222 c
2441 3189 2497 3240 δὲ
2527 3161 2682 3240 τουτό
2737 3189 2851 3239 ἐστι
2894 3188 2988 3254 τὸ,
3035 3161 3360 3258 εὐαρέστους
3421 3180 3597 3248 εἶναι;
3628 3183 3763 3236 Οὐδέ
3815 3182 3928 3251 γάρ
3969 3182 4027 3232 τὸ

769 3275 986 3341 pliciter
1037 3277 1328 3346 emigrare,
1392 3281 1495 3332 hoc
1531 3280 1733 3333 bonum
1770 3278 1964 3343 fuerit;
1999 3278 2093 3330 sed
2127 3279 2171 3331 si
2202 3279 2340 3347 grati

770 3367 1098 3435 probatique
1129 3370 1516 3423 abseedamus.

843 3455 1002 3510 Vens.
1043 3459 1124 3512 l0.
1158 3477 1175 3508 ι
1213 3461 1413 3512 Omnes
1437 3460 1586 3513 enim
1620 3475 1722 3513 nos
1752 3460 2093 3514 manifestari
2123 3465 2341 3527 oportet

769 3556 896 3599 ante
925 3548 1162 3601 tribunal
1194 3549 1424 3613 Christi,
1455 3560 1513 3602 ut
1558 3551 1760 3604 rel'erat
1801 3552 2180 3619 uiuisquisque
2214 3566 2340 3617 pro-

771 3638 889 3704 pria
950 3641 1244 3706 corporis,
1314 3649 1476 3709 prout
1525 3643 1720 3710 gessit,
1775 3644 1891 3697 sive
1942 3645 2167 3703 bonum,
2223 3640 2341 3693 sive

772 3727 996 3780 malum.
1032 3746 1050 3778 ι

842 3817 1302 3887 Quandoquidem
1336 3820 1558 3888 largitio
1593 3822 1860 3874 bonorum
1887 3839 1996 3876 non
2031 3825 2109 3877 sic
2139 3826 2342 3878 excitat

771 3908 1105 3973 auditorem,
1149 3911 1230 3963 uti
1261 3913 1620 3964 comminatio
1665 3929 1976 3981 pinnarum,
2029 3919 2344 3970 necessario

774 3998 1058 4067 inceptum
1094 4015 1404 4054 sermonem
1435 4001 1521 4055 his
1554 4004 1738 4058 verbis
1775 4006 2031 4058 absolvit.
2065 4005 2342 4061 Caeterum

774 4086 1099 4142 inetttieudo
1144 4089 1420 4152 timorem,
1460 4091 1740 4146 Christum
1794 4110 1904 4148 non
1953 4096 2340 4164 praetermisit:

773 4175 906 4242 quin
949 4175 1024 4228 ita
1055 4178 1349 4246 loquendo,
1382 4187 1496 4232 tmn
1527 4180 1864 4244 laborantes,
1892 4192 2004 4236 tttm
2041 4185 2344 4253 exagitatos

774 4266 971 4332 injecta
1003 4283 1098 4336 spe
1122 4270 1306 4335 erigit,
1329 4281 1384 4324 et
1409 4287 1503 4326 eos
1527 4274 1618 4341 qui
1643 4273 1984 4339 defecerunt,
2014 4275 2169 4329 illato
2195 4289 2343 4330 metu

773 4355 1156 4421 diligentiores
1194 4358 1392 4412 reddit.

849 4447 1010 4501 Vens.
1046 4448 1134 4501 ll.
1163 4467 1182 4500 ι
1215 4448 1470 4503 Scieutes
1492 4467 1624 4520 ergo
1649 4453 1900 4506 timorem
1937 4455 2145 4508 Domini
2174 4457 2343 4509 homi-
2376 4487 2420 4544 ο

774 4538 937 4591 nibus
999 4540 1348 4594 suademus:
1393 4541 1498 4595 Deo
1554 4553 1733 4596 autem
1793 4543 2066 4598 manifesti
2124 4561 2341 4600 sumus.

776 4629 953 4695 Spero
978 4638 1160 4682 autem
1193 4639 1245 4685 ct
1283 4633 1336 4684 in
1374 4633 1733 4688 conscientiis
1779 4636 1980 4689 vestris
2011 4636 2340 4692 manifestos

776 4736 877 4774 IIOS
907 4736 1053 4774 ιτεεο.
1096 4739 1114 4770 Ι

846 4812 984 4864 Cum
1042 4826 1467 4881 cognoscamus,
1535 4815 1732 4884 inquit,
1790 4820 2036 4874 terribile
2099 4822 2341 4874 tribunal

779 4900 935 4962 illud,
971 4915 1192 4967 operam
1220 4916 1438 4954 omnem
1473 4919 1762 4972 ponamus,
1795 4918 1853 4960 ut
1878 4912 2231 4963 occasionem
2261 4913 2341 4964 vel

777 4989 1166 5043 uli'emliculutn
1195 4993 1400 5044 nemini
1431 4992 1644 5047 demus.

854 5081 1011 5150 136
1043 5080 1210 5136 Vens.
1253 5083 1339 5136 12.
1379 5101 1398 5134 ι
1443 5082 1558 5138 Non
1592 5087 1738 5140 enim
1770 5089 1964 5143 itermn
1999 5095 2348 5148 commenda-

781 5187 904 5224 mus
931 5186 1030 5224 nos
1061 5172 1239 5234 vobis,
1285 5173 1381 5227 sed
1415 5178 1764 5233 occasionem
1810 5180 2008 5235 danius
2039 5183 2196 5238 vobis
2228 5186 2347 5255 glo-

783 5259 961 5315 riandi
994 5276 1090 5328 pro
1121 5262 1300 5324 nobis,
1333 5269 1391 5315 ut
1428 5265 1677 5320 habeatis
1704 5267 1769 5320 ad
1799 5285 1917 5321 eos.
1963 5288 1977 5320 ι

856 5346 988 5400 \‘ide
1020 5363 1132 5417 quo
1167 5361 1327 5416 pacto
1372 5353 1743 5420 suspicionem
1780 5359 2043 5412 continuo
2077 5361 2237 5427 tollit,
2285 5379 2350 5417 ne

779 5437 1035 5489 \i.leatttr
1060 5436 1299 5503 seipsum
1323 5439 1578 5495 laudibus
1605 5441 1820 5497 elTerre.

859 5547 874 5576 ι
921 5530 1023 5592 Qui
1051 5529 1105 5582 in
1137 5529 1270 5581 l'acie
1300 5532 1629 5599 gloriantur,
1653 5546 1707 5589 et
1739 5553 1846 5592 non
1879 5539 1931 5592 in
1965 5541 2148 5596 corde.
2191 5560 2208 5594 ι

858 5612 968 5665 lloc
996 5623 1100 5673 est,
1154 5616 1336 5684 quoad
1365 5632 1428 5672 ea
1466 5636 1590 5690 quae
1618 5627 1796 5682 oculis
1825 5637 2128 5684 cernuntur
2149 5671 2162 5696 ,
2197 5639 2250 5685 et
2280 5630 2344 5684 ad

787 5705 1228 5758 ostentationem.

882 5814 902 5842 ‘
946 5814 1114 5870 lCor.
1150 5833 1250 5881 xu,
1290 5818 1368 5872 l3.

2443 3282 2674 3347 ἐξελθεῖν
2719 3283 2906 3345 ἁπλῶς
2963 3282 3147 3342 καλὸν,
3195 3282 3330 3334 ἀλλα
3387 3282 3479 3333 καὶ
3503 3282 3565 3332 τὸ
3604 3278 4028 3348 εὐδοκιμοῦντος

2441 3371 2723 3424 ἀπελθεῖν.

2519 3482 2536 3513 ι
2563 3463 2701 3524 Τοὺς
2727 3463 2835 3529 γὰρ
2867 3463 3073 3520 πάντας
3099 3463 3254 3531 ἡμᾶς
3287 3459 3674 3530 φανερωθῆναι
3698 3460 3778 3512 δεῖ
3810 3460 4029 3527 ἔμπρο-

2445 3551 2570 3604 σθεν
2599 3551 2692 3604 τοῦ
2729 3552 2968 3620 βήματος
3001 3551 3094 3603 τοῦ
3126 3549 3387 3619 Χριστοῦ,
3436 3551 3522 3602 ἴνα
3560 3551 3855 3620 κομίσηται
3900 3549 4030 3599 ἓκαο

2446 3660 2567 3704 στος
2596 3644 2663 3695 τὰ
2699 3645 2804 3694 ἴδια
2863 3642 2956 3694 τοῦ
3024 3643 3296 3711 σώματος,
3350 3641 3485 3710 πρὸς
3521 3641 3556 3694 ἃ
3584 3641 3821 3711 ἔπραξεν
3843 3681 3856 3703 ,
3915 3643 4026 3692 εἴτε

2443 3734 2666 3802 ἀγαθὸν.
2703 3733 2814 3786 εἴτε
2843 3734 3035 3786 κακόν.
3066 3752 3082 3783 ι

2526 3826 2747 3890 Ἐπειδὴ
2788 3825 2884 3891 οὑχ
2924 3823 3066 3874 οὕτω
3112 3821 3369 3891 διεγείρει
3421 3822 3512 3874 τὸν
3559 3821 3893 3890 άκροατὴνὴ
3921 3820 4028 3870 τῶν

2445 3914 2665 3981 ἀγαθῶν
2694 3915 2840 3974 δόσις
2861 3953 2874 3974 ,
2907 3913 2977 3974 ὡς
3014 3915 3046 3981 ἡ
3077 3913 3184 3962 τῶν
3242 3912 3517 3964 κολάσεων
3571 3910 3790 3978 ἀπειλὴ,
3852 3912 4027 3976 ἀναγ-

2447 4006 2614 4067 καίως
2639 4005 2870 4056 ἐνταῦθα
2905 4002 3212 4056 καταπαύει
3237 4003 3330 4054 τὸν
3359 4003 3534 4069 λόγον.
3574 4002 3680 4054 Καὶ
3717 4001 3884 4052 πάλιν
3940 4004 4026 4052 ἐν-

2447 4095 2623 4149 ταῦθα
2655 4093 2858 4162 φοϐῶν,
2884 4093 2943 4144 οὐ
2977 4093 3146 4162 χωρὶς
3168 4093 3260 4145 τὸν
3288 4092 3522 4160 Χριστὸν
3554 4090 3783 4142 τέθεικε.
3839 4089 4028 4140 Ταῦτα

2445 4189 2498 4241 δὲ
2531 4189 2740 4254 λέγων,
2802 4187 2893 4238 καὶ
2923 4186 3048 4248 τοὺς
3079 4187 3430 4254 κεκμηκότας
3479 4185 3570 4236 καὶ
3629 4183 4027 4249 ἐλαυνομένους

2445 4279 2698 4348 ἀνίστησι
2752 4279 2872 4337 ταῖς
2927 4275 3156 4337 ἐλπίσι,
3215 4276 3310 4327 καὶ
3374 4275 3498 4337 τοὺς
3562 4272 4027 4332 ἁναπεπτωκότας

2448 4367 2899 4436 σπουδαιοτέρους
2924 4366 2999 4436 τῷ
3037 4366 3188 4434 φόϐῳ
3221 4368 3382 4418 ποιεῖ.

2523 4483 2539 4512 ι
2587 4462 2800 4523 Εἰδότες
2833 4458 2924 4514 οὖν
2964 4461 3056 4512 τὸν
3087 4460 3250 4528 φόϐον
3276 4460 3371 4512 τοῦ
3427 4459 3655 4529 Κυρίου,
3705 4457 4027 4526 ἀνθρώπους

2451 4551 2746 4618 πείθομεν,
2795 4549 2912 4618 Θεῷ
2940 4550 2994 4601 δὲ
3054 4547 3508 4617 πεφανεριῖψεθα.
3547 4545 3782 4610 Ἐλπίζω
3833 4547 3891 4599 δὲ
3919 4549 4029 4611 ,καὶ

2449 4643 2505 4693 ἐν
2528 4643 2646 4702 ταῖς
2679 4640 3052 4708 συνειδήσεσιν
3083 4639 3233 4708 ὑμῶν
3261 4636 3699 4707 πεφανερῶσθαι.
3743 4653 3760 4686 ι

2518 4815 2591 4867 Τὸ
2637 4815 2988 4883 δικαστήριον
3050 4815 3230 4865 ἐκεῖνο
3255 4817 3312 4864 τὸ
3341 4811 3570 4882 φοϐερὸν
3630 4810 4025 4878 γινώσκοντες.

2452 4908 2604 4974 φησὶ,
2641 4905 2817 4957 πάντα
2854 4906 3182 4974 πράττωμεν
3207 4903 3349 4955 ὥστε
3379 4903 3452 4972 μὴ
3471 4903 3652 4955 δοῦναι
3675 4903 3866 4971 λαεὴν,
3904 4903 4026 4955 οὔτε

2453 4998 2810 5067 πρόσκομμα.

2530 5107 2548 5139 ι
2581 5090 2654 5140 (ιὺ
2687 5088 2796 5158 γὰρ
2828 5086 2991 5138 πάλιν
3016 5087 3246 5148 ἑαυτοὺς
3275 5086 3666 5155 συνιστάνομεν
3710 5086 3859 5154 ὑμῖν,
3894 5085 4019 5137 άλλό

2453 5177 2706 5249 ἀφορμὴν
2730 5177 2962 5240 διδόντες
2993 5179 3123 5248 ὑμῖν
3150 5178 3504 5246 καυχήματος
3551 5176 3690 5245 ὑπὲρ
3727 5177 3757 5244 ἡ
3769 5176 3906 5243 μῶν,
3942 5175 4021 5226 ἵνα

2454 5273 2605 5341 ἔχετε
2631 5271 2763 5340 πρὸς
2779 5269 2927 5330 τους.
2953 5286 2970 5318 ι
3651 5319 3657 5326 ,

2529 5361 2671 5428 Ὅρα
2738 5357 2854 5418 πῶς
2903 5356 3147 5424 συνεχῶς
3202 5355 3507 5426 διορθοῦται
3561 5356 3657 5426 τὴν
3709 5355 3799 5408 τοῦ
3851 5357 4018 5407 eam.

2455 5447 2820 5517 ἐγκωμιάζειν
2852 5445 3042 5498 ἐαυτὸν
3067 5447 3340 5498 ὑπόνοιαν.

2531 5559 2550 5590 ι
2575 5541 2663 5591 Ἐν
2684 5537 2960 5610 προσώπῳ
2988 5539 3400 5607 καυχωμένους,
3437 5537 3531 5590 καὶ
3559 5537 3619 5588 οὒ
3649 5535 3863 5605 καρδία.
3897 5556 3913 5583 ι

2525 5630 2836 5693 Τουτέστιν,
2895 5629 2951 5681 ἐν
2985 5630 3097 5690 τοῖς
3153 5627 3470 5698 ὁρωμένοις,
3515 5626 3608 5680 καὶ
3661 5625 3795 5696 πρὸς
3824 5625 4003 5678 ὲπίδει

2459 5724 2558 5788 ξιν.
