  <div class='ocr_page' id='page_1' title='image "/cluster/home/n/w/nwhite01/storage/ocr_20150623/95/nnc1.0046979816/374.png"; bbox 0 0 4218 6448; ppageno 0'>
   <div class='ocr_carea' id='block_1_1' title="bbox 170 447 1757 510">
    <p class='ocr_par' dir='ltr' id='par_1_1' title="bbox 170 449 1757 507">
     <span class='ocr_line' id='line_1_1' title="bbox 170 449 1757 507; baseline -0.001 -1"><span class='ocrx_word' id='word_1_1' title='bbox 170 449 262 507; x_wconf 64' lang='grc' dir='ltr'><strong>Ἷξῗῖ</strong></span> <span class='ocrx_word' id='word_1_2' title='bbox 1284 452 1352 506; x_wconf 73' lang='grc' dir='ltr'>ΙΝ</span> <span class='ocrx_word' id='word_1_3' title='bbox 1404 452 1636 506; x_wconf 75' lang='lat' dir='ltr'><strong>El’lS&#39;l‘.</strong></span> <span class='ocrx_word' id='word_1_4' title='bbox 1680 451 1757 505; x_wconf 77' lang='grc' dir='ltr'>Αι</span> 
     </span>
    </p>
   </div>
   <div class='ocr_carea' id='block_1_2' title="bbox 1854 447 2287 510">
    <p class='ocr_par' dir='ltr' id='par_1_2' title="bbox 1854 447 2287 510">
     <span class='ocr_line' id='line_1_2' title="bbox 1854 447 2287 510; baseline 0.012 -5"><span class='ocrx_word' id='word_1_5' title='bbox 1854 447 2163 510; x_wconf 75' lang='grc' dir='ltr'><strong>ΟΒῘΝΤΗ.</strong></span> <span class='ocrx_word' id='word_1_6' title='bbox 2210 451 2287 510; x_wconf 86' lang='lat' dir='ltr'><strong>il.</strong></span> 
     </span>
    </p>
   </div>
   <div class='ocr_carea' id='block_1_3' title="bbox 3306 448 3414 511">
    <p class='ocr_par' dir='ltr' id='par_1_3' title="bbox 3306 448 3414 511">
     <span class='ocr_line' id='line_1_3' title="bbox 3306 448 3414 511; baseline -0.019 0"><span class='ocrx_word' id='word_1_7' title='bbox 3306 448 3414 511; x_wconf 80' lang='lat'><strong>738</strong></span> 
     </span>
    </p>
   </div>
   <div class='ocr_carea' id='block_1_4' title="bbox 174 553 1757 629">
    <p class='ocr_par' dir='ltr' id='par_1_4' title="bbox 174 553 1736 629">
     <span class='ocr_line' id='line_1_4' title="bbox 174 553 1736 629; baseline 0 -22"><span class='ocrx_word' id='word_1_8' title='bbox 174 553 377 625; x_wconf 54' lang='grc' dir='ltr'>γνώδῑὶι</span> <span class='ocrx_word' id='word_1_9' title='bbox 396 558 709 625; x_wconf 73' lang='grc' dir='ltr'><strong>ἁμαρτίαν,</strong></span> <span class='ocrx_word' id='word_1_10' title='bbox 741 560 925 629; x_wconf 73' lang='grc' dir='ltr'>φησὶν,</span> <span class='ocrx_word' id='word_1_11' title='bbox 946 558 1195 612; x_wconf 84' lang='grc' dir='ltr'><strong>τουτέστι</strong></span> <span class='ocrx_word' id='word_1_12' title='bbox 1219 559 1309 612; x_wconf 77' lang='grc' dir='ltr'>τὸν</span> <span class='ocrx_word' id='word_1_13' title='bbox 1340 559 1499 611; x_wconf 73' lang='grc' dir='ltr'>αὑτὸν</span> <span class='ocrx_word' id='word_1_14' title='bbox 1530 558 1736 609; x_wconf 85' lang='grc' dir='ltr'>δικαιο-</span> 
     </span>
    </p>
   </div>
   <div class='ocr_carea' id='block_1_5' title="bbox 1854 553 3411 629">
    <p class='ocr_par' dir='ltr' id='par_1_5' title="bbox 1854 556 3411 629">
     <span class='ocr_line' id='line_1_5' title="bbox 1854 556 3411 629; baseline 0.003 -22"><span class='ocrx_word' id='word_1_15' title='bbox 1854 559 1995 612; x_wconf 85' lang='lat' dir='ltr'><strong>misit</strong></span> <span class='ocrx_word' id='word_1_16' title='bbox 2027 559 2185 611; x_wconf 87' lang='lat' dir='ltr'><strong>mori.</strong></span> <span class='ocrx_word' id='word_1_17' title='bbox 2232 558 2418 628; x_wconf 84' lang='lat' dir='ltr'><strong>Neque</strong></span> <span class='ocrx_word' id='word_1_18' title='bbox 2452 556 2503 610; x_wconf 92' lang='lat' dir='ltr'><strong>id</strong></span> <span class='ocrx_word' id='word_1_19' title='bbox 2539 572 2671 613; x_wconf 77' lang='lat' dir='ltr'><strong>vero</strong></span> <span class='ocrx_word' id='word_1_20' title='bbox 2702 558 3030 629; x_wconf 76' lang='lat' dir='ltr'><strong>simpliciter</strong></span> <span class='ocrx_word' id='word_1_21' title='bbox 3068 558 3411 614; x_wconf 87' lang='lat' dir='ltr'><strong>enuntiatum</strong></span> 
     </span>
    </p>
   </div>
   <div class='ocr_carea' id='block_1_6' title="bbox 173 648 1731 720">
    <p class='ocr_par' dir='ltr' id='par_1_6' title="bbox 173 648 1731 720">
     <span class='ocr_line' id='line_1_6' title="bbox 173 648 1731 720; baseline 0 -22"><span class='ocrx_word' id='word_1_22' title='bbox 173 648 326 717; x_wconf 78' lang='grc' dir='ltr'>σύνην</span> <span class='ocrx_word' id='word_1_23' title='bbox 352 648 504 712; x_wconf 80' lang='grc' dir='ltr'>ὅντα,</span> <span class='ocrx_word' id='word_1_24' title='bbox 530 650 805 720; x_wconf 79' lang='grc' dir='ltr'><strong>ἁμαρτίαν</strong></span> <span class='ocrx_word' id='word_1_25' title='bbox 834 650 1113 719; x_wconf 78' lang='grc' dir='ltr'>ἐποίησεν,</span> <span class='ocrx_word' id='word_1_26' title='bbox 1138 648 1418 703; x_wconf 79' lang='grc' dir='ltr'><strong>τουτέστιν</strong></span> <span class='ocrx_word' id='word_1_27' title='bbox 1454 648 1528 710; x_wconf 80' lang='grc' dir='ltr'>ὡς</span> <span class='ocrx_word' id='word_1_28' title='bbox 1550 648 1731 717; x_wconf 77' lang='grc' dir='ltr'>ἁμαρ-</span> 
     </span>
    </p>
   </div>
   <div class='ocr_carea' id='block_1_7' title="bbox 175 739 1026 811">
    <p class='ocr_par' dir='ltr' id='par_1_7' title="bbox 175 739 1026 811">
     <span class='ocr_line' id='line_1_7' title="bbox 175 739 1026 811; baseline 0.005 -22"><span class='ocrx_word' id='word_1_29' title='bbox 175 739 329 790; x_wconf 72' lang='grc' dir='ltr'>τωλὸν</span> <span class='ocrx_word' id='word_1_30' title='bbox 359 739 761 811; x_wconf 79' lang='grc' dir='ltr'><strong>κατακριθῆναι</strong></span> <span class='ocrx_word' id='word_1_31' title='bbox 792 741 1026 811; x_wconf 74' lang='grc' dir='ltr'>ἀφῆκεν.</span> 
     </span>
    </p>
   </div>
   <div class='ocr_carea' id='block_1_8' title="bbox 1840 649 3416 721">
    <p class='ocr_par' dir='ltr' id='par_1_8' title="bbox 1840 649 3416 721">
     <span class='ocr_line' id='line_1_8' title="bbox 1840 649 3416 721; baseline 0.001 -18"><span class='ocrx_word' id='word_1_32' title='bbox 1840 660 1967 704; x_wconf 90' lang='lat' dir='ltr'><strong>est:</strong></span> <span class='ocrx_word' id='word_1_33' title='bbox 2029 650 2121 705; x_wconf 89' lang='lat' dir='ltr'><strong>sed</strong></span> <span class='ocrx_word' id='word_1_34' title='bbox 2174 651 2317 719; x_wconf 87' lang='lat' dir='ltr'><strong>quod</strong></span> <span class='ocrx_word' id='word_1_35' title='bbox 2378 653 2535 720; x_wconf 86' lang='lat' dir='ltr'><strong>longe</strong></span> <span class='ocrx_word' id='word_1_36' title='bbox 2598 652 2776 720; x_wconf 81' lang='lat' dir='ltr'><strong>majus</strong></span> <span class='ocrx_word' id='word_1_37' title='bbox 2831 659 2960 717; x_wconf 89' lang='lat' dir='ltr'><strong>est,</strong></span> <span class='ocrx_word' id='word_1_38' title='bbox 3008 652 3216 721; x_wconf 87' lang='lat' dir='ltr'><strong>posuit.</strong></span> <span class='ocrx_word' id='word_1_39' title='bbox 3274 649 3416 715; x_wconf 83' lang='lat' dir='ltr'><strong>Quid</strong></span> 
     </span>
    </p>
   </div>
   <div class='ocr_carea' id='block_1_9' title="bbox 1841 740 3416 811">
    <p class='ocr_par' dir='ltr' id='par_1_9' title="bbox 1841 740 3416 811">
     <span class='ocr_line' id='line_1_9' title="bbox 1841 740 3416 811; baseline 0.001 -18"><span class='ocrx_word' id='word_1_40' title='bbox 1841 755 1971 794; x_wconf 84' lang='lat' dir='ltr'><strong>vero</strong></span> <span class='ocrx_word' id='word_1_41' title='bbox 2016 740 2207 794; x_wconf 83' lang='lat' dir='ltr'><strong>istud?</strong></span> <span class='ocrx_word' id='word_1_42' title='bbox 2242 740 2375 794; x_wconf 86' lang='lat' dir='ltr'><strong>Eum</strong></span> <span class='ocrx_word' id='word_1_43' title='bbox 2423 742 2511 811; x_wconf 85' lang='lat' dir='ltr'><strong>qui</strong></span> <span class='ocrx_word' id='word_1_44' title='bbox 2566 758 2667 795; x_wconf 82' lang='lat' dir='ltr'><strong>non</strong></span> <span class='ocrx_word' id='word_1_45' title='bbox 2723 753 2937 797; x_wconf 80' lang='lat' dir='ltr'><strong>uomat</strong></span> <span class='ocrx_word' id='word_1_46' title='bbox 2987 755 3277 811; x_wconf 81' lang='lat' dir='ltr'><strong>peccatum,</strong></span> <span class='ocrx_word' id='word_1_47' title='bbox 3331 746 3416 795; x_wconf 90' lang='lat' dir='ltr'><strong>iu-</strong></span> 
     </span>
    </p>
   </div>
   <div class='ocr_carea' id='block_1_10' title="bbox 174 827 3417 901">
    <p class='ocr_par' dir='ltr' id='par_1_10' title="bbox 174 827 3417 901">
     <span class='ocr_line' id='line_1_10' title="bbox 174 827 3417 901; baseline 0.003 -25"><span class='ocrx_word' id='word_1_48' title='bbox 174 827 312 894; x_wconf 83' lang='lat' dir='ltr'><strong>quit;</strong></span> <span class='ocrx_word' id='word_1_49' title='bbox 339 828 392 880; x_wconf 89' lang='lat' dir='ltr'><strong>id</strong></span> <span class='ocrx_word' id='word_1_50' title='bbox 423 836 531 892; x_wconf 88' lang='lat' dir='ltr'><strong>est,</strong></span> <span class='ocrx_word' id='word_1_51' title='bbox 561 844 681 883; x_wconf 89' lang='lat' dir='ltr'><strong>eum</strong></span> <span class='ocrx_word' id='word_1_52' title='bbox 713 831 810 899; x_wconf 90' lang='lat' dir='ltr'><strong>qui</strong></span> <span class='ocrx_word' id='word_1_53' title='bbox 842 831 1059 898; x_wconf 84' lang='lat' dir='ltr'><strong>justitia</strong></span> <span class='ocrx_word' id='word_1_54' title='bbox 1089 831 1323 899; x_wconf 84' lang='lat' dir='ltr'><strong>ipsamct</strong></span> <span class='ocrx_word' id='word_1_55' title='bbox 1366 836 1508 893; x_wconf 91' lang='lat' dir='ltr'><strong>erat,</strong></span> <span class='ocrx_word' id='word_1_56' title='bbox 1547 837 1832 897; x_wconf 87' lang='lat' dir='ltr'><strong>peccatum</strong></span> <span class='ocrx_word' id='word_1_57' title='bbox 1909 830 2075 895; x_wconf 82' lang='lat' dir='ltr'><strong>fecit;</strong></span> <span class='ocrx_word' id='word_1_58' title='bbox 2161 846 2255 886; x_wconf 89' lang='lat' dir='ltr'><strong>seu</strong></span> <span class='ocrx_word' id='word_1_59' title='bbox 2311 841 2569 901; x_wconf 84' lang='lat' dir='ltr'><strong>tanquam</strong></span> <span class='ocrx_word' id='word_1_60' title='bbox 2651 843 2995 888; x_wconf 83' lang='lat' dir='ltr'><strong>occcatorem</strong></span> <span class='ocrx_word' id='word_1_61' title='bbox 3067 834 3417 889; x_wconf 78' lang='lat' dir='ltr'><strong>condemnari</strong></span> 
     </span>
    </p>
   </div>
   <div class='ocr_carea' id='block_1_11' title="bbox 176 919 427 984">
    <p class='ocr_par' dir='ltr' id='par_1_11' title="bbox 176 919 427 984">
     <span class='ocr_line' id='line_1_11' title="bbox 176 919 427 984; baseline 0.028 -17"><span class='ocrx_word' id='word_1_62' title='bbox 176 919 427 984; x_wconf 89' lang='lat' dir='ltr'><strong>permisit.</strong></span> 
     </span>
    </p>
   </div>
   <div class='ocr_carea' id='block_1_12' title="bbox 245 1012 1729 1083">
    <p class='ocr_par' dir='ltr' id='par_1_12' title="bbox 245 1012 1729 1083">
     <span class='ocr_line' id='line_1_12' title="bbox 245 1012 1729 1083; baseline 0.001 -23"><span class='ocrx_word' id='word_1_63' title='bbox 245 1028 262 1060; x_wconf 79' lang='grc' dir='ltr'><strong>ι</strong></span> <span class='ocrx_word' id='word_1_64' title='bbox 288 1012 401 1062; x_wconf 82' lang='grc' dir='ltr'>Ἰνα</span> <span class='ocrx_word' id='word_1_65' title='bbox 426 1013 585 1079; x_wconf 77' lang='grc' dir='ltr'>ἡμεῖς</span> <span class='ocrx_word' id='word_1_66' title='bbox 611 1012 895 1083; x_wconf 83' lang='grc' dir='ltr'>γενώμεθα</span> <span class='ocrx_word' id='word_1_67' title='bbox 920 1013 1232 1083; x_wconf 78' lang='grc' dir='ltr'><strong>δικαιοσύνη</strong></span> <span class='ocrx_word' id='word_1_68' title='bbox 1265 1012 1398 1065; x_wconf 71' lang='grc' dir='ltr'>Θεοῦ</span> <span class='ocrx_word' id='word_1_69' title='bbox 1424 1014 1481 1064; x_wconf 81' lang='grc' dir='ltr'>ἐν</span> <span class='ocrx_word' id='word_1_70' title='bbox 1509 1012 1679 1079; x_wconf 80' lang='grc' dir='ltr'>αὐτῷ.</span> <span class='ocrx_word' id='word_1_71' title='bbox 1711 1029 1729 1061; x_wconf 76' lang='grc' dir='ltr'><strong>ι</strong></span> 
     </span>
    </p>
   </div>
   <div class='ocr_carea' id='block_1_13' title="bbox 240 1102 1736 1174">
    <p class='ocr_par' dir='ltr' id='par_1_13' title="bbox 240 1102 1736 1174">
     <span class='ocr_line' id='line_1_13' title="bbox 240 1102 1736 1174; baseline 0.001 -22"><span class='ocrx_word' id='word_1_72' title='bbox 240 1102 331 1152; x_wconf 75' lang='grc' dir='ltr'>Δια</span> <span class='ocrx_word' id='word_1_73' title='bbox 364 1102 539 1167; x_wconf 78' lang='grc' dir='ltr'>τοῦτο,</span> <span class='ocrx_word' id='word_1_74' title='bbox 574 1106 761 1171; x_wconf 78' lang='grc' dir='ltr'>φησὶν,</span> <span class='ocrx_word' id='word_1_75' title='bbox 792 1105 960 1157; x_wconf 79' lang='grc' dir='ltr'>ἔδωκε</span> <span class='ocrx_word' id='word_1_76' title='bbox 992 1108 1127 1174; x_wconf 75' lang='grc' dir='ltr'>πρὸς</span> <span class='ocrx_word' id='word_1_77' title='bbox 1164 1105 1430 1173; x_wconf 78' lang='grc' dir='ltr'><strong>αἰσχύνην</strong></span> <span class='ocrx_word' id='word_1_78' title='bbox 1470 1105 1560 1155; x_wconf 72' lang='grc' dir='ltr'>τὸν</span> <span class='ocrx_word' id='word_1_79' title='bbox 1590 1104 1736 1167; x_wconf 82' lang='grc' dir='ltr'>Υἰὸν,</span> 
     </span>
    </p>
   </div>
   <div class='ocr_carea' id='block_1_14' title="bbox 177 1193 1736 1267">
    <p class='ocr_par' dir='ltr' id='par_1_14' title="bbox 177 1193 1736 1267">
     <span class='ocr_line' id='line_1_14' title="bbox 177 1193 1736 1267; baseline 0.001 -24"><span class='ocrx_word' id='word_1_80' title='bbox 177 1193 258 1245; x_wconf 84' lang='grc' dir='ltr'>ἶνα</span> <span class='ocrx_word' id='word_1_81' title='bbox 284 1194 347 1245; x_wconf 63' lang='grc' dir='ltr'><strong>τε</strong></span> <span class='ocrx_word' id='word_1_82' title='bbox 402 1196 611 1263; x_wconf 74' lang='grc' dir='ltr'>μεγάλα</span> <span class='ocrx_word' id='word_1_83' title='bbox 647 1199 778 1265; x_wconf 77' lang='grc' dir='ltr'>ἡμῖν</span> <span class='ocrx_word' id='word_1_84' title='bbox 829 1197 1123 1267; x_wconf 78' lang='grc' dir='ltr'>χαρίσηται</span> <span class='ocrx_word' id='word_1_85' title='bbox 1165 1196 1369 1264; x_wconf 69' lang='grc' dir='ltr'>ἀγαθὰ,</span> <span class='ocrx_word' id='word_1_86' title='bbox 1417 1195 1450 1249; x_wconf 73' lang='grc' dir='ltr'>ἃ</span> <span class='ocrx_word' id='word_1_87' title='bbox 1482 1195 1736 1248; x_wconf 77' lang='grc' dir='ltr'>οὐδέποτε</span> 
     </span>
    </p>
   </div>
   <div class='ocr_carea' id='block_1_15' title="bbox 177 1286 666 1355">
    <p class='ocr_par' dir='ltr' id='par_1_15' title="bbox 177 1286 666 1355">
     <span class='ocr_line' id='line_1_15' title="bbox 177 1286 666 1355; baseline 0.014 -22"><span class='ocrx_word' id='word_1_88' title='bbox 177 1286 666 1355; x_wconf 70' lang='grc' dir='ltr'><strong>προσεδοκήσαμεν.</strong></span> 
     </span>
    </p>
   </div>
   <div class='ocr_carea' id='block_1_16' title="bbox 765 1423 1151 1488">
    <p class='ocr_par' dir='ltr' id='par_1_16' title="bbox 765 1423 1151 1488">
     <span class='ocr_line' id='line_1_16' title="bbox 765 1423 1151 1488; baseline -0.003 -13"><span class='ocrx_word' id='word_1_89' title='bbox 765 1423 1015 1476; x_wconf 77' lang='grc' dir='ltr'><strong>ΚΕΦΑΛ.</strong></span> <span class='ocrx_word' id='word_1_90' title='bbox 1058 1424 1151 1488; x_wconf 59' lang='lat' dir='ltr'><strong>q&quot;.</strong></span> 
     </span>
    </p>
   </div>
   <div class='ocr_carea' id='block_1_17' title="bbox 250 1552 1739 1625">
    <p class='ocr_par' dir='ltr' id='par_1_17' title="bbox 250 1552 1739 1625">
     <span class='ocr_line' id='line_1_17' title="bbox 250 1552 1739 1625; baseline -0.001 -19"><span class='ocrx_word' id='word_1_91' title='bbox 250 1576 266 1606; x_wconf 77' lang='grc' dir='ltr'><strong>ι</strong></span> <span class='ocrx_word' id='word_1_92' title='bbox 292 1553 682 1625; x_wconf 72' lang='grc' dir='ltr'><strong>Συνεργοῦντες</strong></span> <span class='ocrx_word' id='word_1_93' title='bbox 711 1554 767 1607; x_wconf 85' lang='grc' dir='ltr'>δὲ</span> <span class='ocrx_word' id='word_1_94' title='bbox 801 1556 893 1607; x_wconf 68' lang='grc' dir='ltr'>καὶ</span> <span class='ocrx_word' id='word_1_95' title='bbox 940 1553 1386 1624; x_wconf 72' lang='grc' dir='ltr'>παρακαλοῦμεν,</span> <span class='ocrx_word' id='word_1_96' title='bbox 1434 1552 1509 1623; x_wconf 83' lang='grc' dir='ltr'>μὴ</span> <span class='ocrx_word' id='word_1_97' title='bbox 1539 1553 1617 1615; x_wconf 84' lang='grc' dir='ltr'><strong>είς</strong></span> <span class='ocrx_word' id='word_1_98' title='bbox 1647 1569 1739 1605; x_wconf 89' lang='grc' dir='ltr'>κε-</span> 
     </span>
    </p>
   </div>
   <div class='ocr_carea' id='block_1_18' title="bbox 178 1643 1735 1716">
    <p class='ocr_par' dir='ltr' id='par_1_18' title="bbox 178 1643 1735 1716">
     <span class='ocr_line' id='line_1_18' title="bbox 178 1643 1735 1716; baseline -0.003 -18"><span class='ocrx_word' id='word_1_99' title='bbox 178 1647 260 1698; x_wconf 73' lang='grc' dir='ltr'>νὸν</span> <span class='ocrx_word' id='word_1_100' title='bbox 290 1647 385 1714; x_wconf 76' lang='grc' dir='ltr'>τὴν</span> <span class='ocrx_word' id='word_1_101' title='bbox 415 1648 573 1716; x_wconf 80' lang='grc' dir='ltr'>χάριν</span> <span class='ocrx_word' id='word_1_102' title='bbox 595 1643 691 1698; x_wconf 83' lang='grc' dir='ltr'><strong>τοῦ</strong></span> <span class='ocrx_word' id='word_1_103' title='bbox 724 1645 861 1698; x_wconf 73' lang='grc' dir='ltr'>Θεοῦ</span> <span class='ocrx_word' id='word_1_104' title='bbox 893 1646 1155 1711; x_wconf 77' lang='grc' dir='ltr'>δέξασθαι</span> <span class='ocrx_word' id='word_1_105' title='bbox 1199 1646 1362 1714; x_wconf 78' lang='grc' dir='ltr'>ὑμᾶς.</span> <span class='ocrx_word' id='word_1_106' title='bbox 1398 1645 1561 1710; x_wconf 81' lang='grc' dir='ltr'>Λέγει</span> <span class='ocrx_word' id='word_1_107' title='bbox 1594 1643 1702 1712; x_wconf 84' lang='grc' dir='ltr'>γάρ</span> <span class='ocrx_word' id='word_1_108' title='bbox 1722 1659 1735 1673; x_wconf 78' lang='grc'><em>’</em></span> 
     </span>
    </p>
   </div>
   <div class='ocr_carea' id='block_1_19' title="bbox 176 1732 1741 1806">
    <p class='ocr_par' dir='ltr' id='par_1_19' title="bbox 176 1732 1741 1806">
     <span class='ocr_line' id='line_1_19' title="bbox 176 1732 1741 1806; baseline -0.003 -18"><span class='ocrx_word' id='word_1_109' title='bbox 176 1736 360 1805; x_wconf 77' lang='grc' dir='ltr'>Καιρῷ</span> <span class='ocrx_word' id='word_1_110' title='bbox 380 1735 551 1804; x_wconf 85' lang='grc' dir='ltr'>δεκτῷ</span> <span class='ocrx_word' id='word_1_111' title='bbox 579 1737 864 1806; x_wconf 78' lang='grc' dir='ltr'>ἐπήκουσά</span> <span class='ocrx_word' id='word_1_112' title='bbox 895 1752 1011 1801; x_wconf 77' lang='grc' dir='ltr'>σου,</span> <span class='ocrx_word' id='word_1_113' title='bbox 1039 1736 1133 1787; x_wconf 71' lang='grc' dir='ltr'><strong>καὶ</strong></span> <span class='ocrx_word' id='word_1_114' title='bbox 1168 1737 1225 1786; x_wconf 83' lang='grc' dir='ltr'>ὲν</span> <span class='ocrx_word' id='word_1_115' title='bbox 1252 1734 1435 1804; x_wconf 76' lang='grc' dir='ltr'>ἡμέρᾳ</span> <span class='ocrx_word' id='word_1_116' title='bbox 1470 1732 1741 1801; x_wconf 78' lang='grc' dir='ltr'><strong>σωτηρίας</strong></span> 
     </span>
    </p>
   </div>
   <div class='ocr_carea' id='block_1_20' title="bbox 177 1826 618 1896">
    <p class='ocr_par' dir='ltr' id='par_1_20' title="bbox 177 1826 618 1896">
     <span class='ocr_line' id='line_1_20' title="bbox 177 1826 618 1896; baseline -0.007 -19"><span class='ocrx_word' id='word_1_117' title='bbox 177 1826 440 1896; x_wconf 66' lang='grc' dir='ltr'>ἐϐοήθησά</span> <span class='ocrx_word' id='word_1_118' title='bbox 466 1843 567 1879; x_wconf 89' lang='grc' dir='ltr'>σοι.</span> <span class='ocrx_word' id='word_1_119' title='bbox 602 1845 618 1874; x_wconf 80' lang='grc' dir='ltr'><strong>ι</strong></span> 
     </span>
    </p>
   </div>
   <div class='ocr_carea' id='block_1_21' title="bbox 1922 992 3239 1081">
    <p class='ocr_par' dir='ltr' id='par_1_21' title="bbox 1922 992 3239 1081">
     <span class='ocr_line' id='line_1_21' title="bbox 1922 992 3239 1081; baseline 0.002 -21"><span class='ocrx_word' id='word_1_120' title='bbox 1922 1029 1939 1060; x_wconf 78' lang='grc' dir='ltr'><strong>ι</strong></span> <span class='ocrx_word' id='word_1_121' title='bbox 1978 1010 2049 1064; x_wconf 90' lang='lat' dir='ltr'><strong>Ut</strong></span> <span class='ocrx_word' id='word_1_122' title='bbox 2080 1026 2180 1064; x_wconf 91' lang='lat' dir='ltr'><strong>nos</strong></span> <span class='ocrx_word' id='word_1_123' title='bbox 2207 1011 2544 1064; x_wconf 82' lang='lat' dir='ltr'><strong>eliiceremur</strong></span> <span class='ocrx_word' id='word_1_124' title='bbox 2567 992 2781 1080; x_wconf 74' lang='lat' dir='ltr'><strong>iustitia</strong></span> <span class='ocrx_word' id='word_1_125' title='bbox 2815 1011 2904 1063; x_wconf 80' lang='lat' dir='ltr'><strong>Dei</strong></span> <span class='ocrx_word' id='word_1_126' title='bbox 2951 1000 3004 1064; x_wconf 87' lang='lat' dir='ltr'><strong>in</strong></span> <span class='ocrx_word' id='word_1_127' title='bbox 3040 1013 3177 1081; x_wconf 90' lang='lat' dir='ltr'><strong>ipso.</strong></span> <span class='ocrx_word' id='word_1_128' title='bbox 3220 1030 3239 1062; x_wconf 71' lang='grc' dir='ltr'><strong>ι</strong></span> 
     </span>
    </p>
   </div>
   <div class='ocr_carea' id='block_1_22' title="bbox 1917 1100 3416 1162">
    <p class='ocr_par' dir='ltr' id='par_1_22' title="bbox 1917 1100 3416 1162">
     <span class='ocr_line' id='line_1_22' title="bbox 1917 1100 3416 1162; baseline 0.001 -9"><span class='ocrx_word' id='word_1_129' title='bbox 1917 1101 2128 1154; x_wconf 78' lang='lat' dir='ltr'><strong>Idcirco</strong></span> <span class='ocrx_word' id='word_1_130' title='bbox 2174 1100 2376 1155; x_wconf 87' lang='lat' dir='ltr'><strong>Filium</strong></span> <span class='ocrx_word' id='word_1_131' title='bbox 2435 1104 2795 1157; x_wconf 74' lang='lat' dir='ltr'><strong>contumeliis</strong></span> <span class='ocrx_word' id='word_1_132' title='bbox 2841 1103 3181 1155; x_wconf 71' lang='lat' dir='ltr'><strong>alliciendqu</strong></span> <span class='ocrx_word' id='word_1_133' title='bbox 3246 1102 3416 1162; x_wconf 79' lang='lat' dir='ltr'><strong>dedit,</strong></span> 
     </span>
    </p>
   </div>
   <div class='ocr_carea' id='block_1_23' title="bbox 1846 1190 3415 1263">
    <p class='ocr_par' dir='ltr' id='par_1_23' title="bbox 1846 1190 3415 1263">
     <span class='ocr_line' id='line_1_23' title="bbox 1846 1190 3415 1263; baseline 0.003 -19"><span class='ocrx_word' id='word_1_134' title='bbox 1846 1190 2049 1259; x_wconf 88' lang='lat' dir='ltr'><strong>inquit,</strong></span> <span class='ocrx_word' id='word_1_135' title='bbox 2085 1192 2163 1243; x_wconf 87' lang='lat' dir='ltr'><strong>uti</strong></span> <span class='ocrx_word' id='word_1_136' title='bbox 2202 1209 2396 1262; x_wconf 81' lang='lat' dir='ltr'><strong>magna</strong></span> <span class='ocrx_word' id='word_1_137' title='bbox 2427 1194 2565 1245; x_wconf 81' lang='lat' dir='ltr'><strong>bona</strong></span> <span class='ocrx_word' id='word_1_138' title='bbox 2598 1195 2759 1248; x_wconf 89' lang='lat' dir='ltr'><strong>nobis</strong></span> <span class='ocrx_word' id='word_1_139' title='bbox 2785 1194 3134 1263; x_wconf 82' lang='lat' dir='ltr'><strong>elargiretur,</strong></span> <span class='ocrx_word' id='word_1_140' title='bbox 3168 1209 3288 1262; x_wconf 69' lang='lat' dir='ltr'><strong>qua:</strong></span> <span class='ocrx_word' id='word_1_141' title='bbox 3320 1210 3415 1249; x_wconf 49' lang='lat' dir='ltr'><strong>ne-</strong></span> 
     </span>
    </p>
   </div>
   <div class='ocr_carea' id='block_1_24' title="bbox 1846 1282 2599 1352">
    <p class='ocr_par' dir='ltr' id='par_1_24' title="bbox 1846 1282 2599 1352">
     <span class='ocr_line' id='line_1_24' title="bbox 1846 1282 2599 1352; baseline 0.011 -22"><span class='ocrx_word' id='word_1_142' title='bbox 1846 1294 2119 1349; x_wconf 76' lang='lat' dir='ltr'><strong>quaquam</strong></span> <span class='ocrx_word' id='word_1_143' title='bbox 2140 1282 2599 1352; x_wconf 86' lang='lat' dir='ltr'><strong>speravisseinus.</strong></span> 
     </span>
    </p>
   </div>
   <div class='ocr_carea' id='block_1_25' title="bbox 2466 1418 2767 1473">
    <p class='ocr_par' dir='ltr' id='par_1_25' title="bbox 2466 1418 2767 1473">
     <span class='ocr_line' id='line_1_25' title="bbox 2466 1418 2767 1473; baseline 0 0"><span class='ocrx_word' id='word_1_144' title='bbox 2466 1418 2641 1473; x_wconf 28' lang='lat' dir='ltr'><strong>.CAP.</strong></span> <span class='ocrx_word' id='word_1_145' title='bbox 2678 1418 2767 1473; x_wconf 71' lang='lat' dir='ltr'><strong>Vl.</strong></span> 
     </span>
    </p>
   </div>
   <div class='ocr_carea' id='block_1_26' title="bbox 1923 1547 3424 1621">
    <p class='ocr_par' dir='ltr' id='par_1_26' title="bbox 1923 1547 3424 1621">
     <span class='ocr_line' id='line_1_26' title="bbox 1923 1547 3424 1621; baseline 0.005 -19"><span class='ocrx_word' id='word_1_146' title='bbox 1923 1547 2081 1604; x_wconf 75' lang='lat' dir='ltr'><strong>Vsus.</strong></span> <span class='ocrx_word' id='word_1_147' title='bbox 2111 1551 2161 1615; x_wconf 78' lang='grc'>1,</span> <span class='ocrx_word' id='word_1_148' title='bbox 2192 1551 2245 1604; x_wconf 74' lang='grc'><strong>2.</strong></span> <span class='ocrx_word' id='word_1_149' title='bbox 2295 1570 2312 1603; x_wconf 72' lang='grc' dir='ltr'><strong>ι</strong></span> <span class='ocrx_word' id='word_1_150' title='bbox 2352 1553 2688 1620; x_wconf 75' lang='lat' dir='ltr'><strong>Adjuvantes</strong></span> <span class='ocrx_word' id='word_1_151' title='bbox 2745 1567 2948 1621; x_wconf 85' lang='lat' dir='ltr'><strong>autem,</strong></span> <span class='ocrx_word' id='word_1_152' title='bbox 2978 1564 3031 1609; x_wconf 88' lang='lat' dir='ltr'><strong>et</strong></span> <span class='ocrx_word' id='word_1_153' title='bbox 3066 1556 3424 1611; x_wconf 79' lang='lat' dir='ltr'><strong>exhortamur</strong></span> 
     </span>
    </p>
   </div>
   <div class='ocr_carea' id='block_1_27' title="bbox 1850 1641 3421 1728">
    <p class='ocr_par' dir='ltr' id='par_1_27' title="bbox 1850 1641 3421 1716">
     <span class='ocr_line' id='line_1_27' title="bbox 1850 1641 3421 1716; baseline 0.005 -23"><span class='ocrx_word' id='word_1_154' title='bbox 1850 1656 1918 1694; x_wconf 91' lang='lat' dir='ltr'><strong>ne</strong></span> <span class='ocrx_word' id='word_1_155' title='bbox 1953 1641 2007 1694; x_wconf 92' lang='lat' dir='ltr'><strong>in</strong></span> <span class='ocrx_word' id='word_1_156' title='bbox 2038 1656 2275 1696; x_wconf 86' lang='lat' dir='ltr'><strong>vacuum</strong></span> <span class='ocrx_word' id='word_1_157' title='bbox 2325 1646 2554 1711; x_wconf 75' lang='lat' dir='ltr'><strong>gratiam</strong></span> <span class='ocrx_word' id='word_1_158' title='bbox 2607 1647 2700 1701; x_wconf 85' lang='lat' dir='ltr'><strong>Dei</strong></span> <span class='ocrx_word' id='word_1_159' title='bbox 2755 1649 3059 1716; x_wconf 76' lang='lat' dir='ltr'><strong>recipiatis.</strong></span> <span class='ocrx_word' id='word_1_160' title='bbox 3109 1648 3199 1699; x_wconf 81' lang='lat' dir='ltr'><strong>Ait</strong></span> <span class='ocrx_word' id='word_1_161' title='bbox 3230 1648 3421 1701; x_wconf 83' lang='lat' dir='ltr'><strong>enim:</strong></span> 
     </span>
    </p>
   </div>
   <div class='ocr_carea' id='block_1_28' title="bbox 1850 1729 3425 1803">
    <p class='ocr_par' dir='ltr' id='par_1_28' title="bbox 1850 1729 3425 1803">
     <span class='ocr_line' id='line_1_28' title="bbox 1850 1729 3425 1803; baseline 0.006 -21"><span class='ocrx_word' id='word_1_162' title='bbox 1850 1729 2115 1800; x_wconf 82' lang='lat' dir='ltr'><strong>Tempore</strong></span> <span class='ocrx_word' id='word_1_163' title='bbox 2146 1745 2376 1803; x_wconf 83' lang='lat' dir='ltr'><strong>accepto</strong></span> <span class='ocrx_word' id='word_1_164' title='bbox 2396 1736 2653 1790; x_wconf 74' lang='lat' dir='ltr'><strong>exaudiri</strong></span> <span class='ocrx_word' id='word_1_165' title='bbox 2685 1747 2757 1801; x_wconf 89' lang='lat' dir='ltr'><strong>te,</strong></span> <span class='ocrx_word' id='word_1_166' title='bbox 2792 1748 2847 1794; x_wconf 87' lang='lat' dir='ltr'><strong>et</strong></span> <span class='ocrx_word' id='word_1_167' title='bbox 2890 1741 2945 1794; x_wconf 89' lang='lat' dir='ltr'><strong>in</strong></span> <span class='ocrx_word' id='word_1_168' title='bbox 2979 1741 3065 1794; x_wconf 90' lang='lat' dir='ltr'><strong>die</strong></span> <span class='ocrx_word' id='word_1_169' title='bbox 3096 1740 3290 1794; x_wconf 87' lang='lat' dir='ltr'><strong>salutis</strong></span> <span class='ocrx_word' id='word_1_170' title='bbox 3328 1740 3425 1792; x_wconf 85' lang='lat' dir='ltr'><strong>ad-</strong></span> 
     </span>
    </p>
   </div>
   <div class='ocr_carea' id='block_1_29' title="bbox 1843 1822 2120 1891">
    <p class='ocr_par' dir='ltr' id='par_1_29' title="bbox 1843 1822 2120 1891">
     <span class='ocr_line' id='line_1_29' title="bbox 1843 1822 2120 1891; baseline -0.004 -16"><span class='ocrx_word' id='word_1_171' title='bbox 1843 1822 1957 1891; x_wconf 86' lang='lat' dir='ltr'><strong>juvi</strong></span> <span class='ocrx_word' id='word_1_172' title='bbox 1991 1833 2060 1877; x_wconf 88' lang='lat' dir='ltr'><strong>te.</strong></span> <span class='ocrx_word' id='word_1_173' title='bbox 2101 1843 2120 1874; x_wconf 75' lang='grc' dir='ltr'><strong>ι</strong></span> 
     </span>
    </p>
   </div>
   <div class='ocr_carea' id='block_1_30' title="bbox 253 1898 1757 1988">
    <p class='ocr_par' dir='ltr' id='par_1_30' title="bbox 253 1912 1745 1988">
     <span class='ocr_line' id='line_1_30' title="bbox 253 1912 1745 1988; baseline -0.003 -18"><span class='ocrx_word' id='word_1_174' title='bbox 253 1918 465 1988; x_wconf 80' lang='grc' dir='ltr'>Ἐπειδὴ</span> <span class='ocrx_word' id='word_1_175' title='bbox 522 1916 734 1987; x_wconf 82' lang='grc' dir='ltr'>μεγάλα</span> <span class='ocrx_word' id='word_1_176' title='bbox 778 1916 957 1979; x_wconf 84' lang='grc' dir='ltr'>εἶπεν,</span> <span class='ocrx_word' id='word_1_177' title='bbox 1002 1915 1085 1967; x_wconf 81' lang='grc' dir='ltr'>ὅτι</span> <span class='ocrx_word' id='word_1_178' title='bbox 1113 1914 1246 1975; x_wconf 79' lang='grc' dir='ltr'>Θεὸς</span> <span class='ocrx_word' id='word_1_179' title='bbox 1294 1912 1617 1983; x_wconf 73' lang='grc' dir='ltr'>παρεκέιλει,</span> <span class='ocrx_word' id='word_1_180' title='bbox 1652 1914 1745 1965; x_wconf 72' lang='grc' dir='ltr'><strong>καὶ</strong></span> 
     </span>
    </p>
   </div>
   <div class='ocr_carea' id='block_1_31' title="bbox 1854 1898 3426 1988">
    <p class='ocr_par' dir='ltr' id='par_1_31' title="bbox 1920 1917 3426 1988">
     <span class='ocr_line' id='line_1_31' title="bbox 1920 1917 3426 1988; baseline 0.007 -23"><span class='ocrx_word' id='word_1_181' title='bbox 1920 1917 2055 1982; x_wconf 81' lang='lat' dir='ltr'><strong>Quia</strong></span> <span class='ocrx_word' id='word_1_182' title='bbox 2087 1931 2282 1985; x_wconf 83' lang='lat' dir='ltr'><strong>magna</strong></span> <span class='ocrx_word' id='word_1_183' title='bbox 2312 1917 2557 1984; x_wconf 63' lang='lat' dir='ltr'><strong>quaedam</strong></span> <span class='ocrx_word' id='word_1_184' title='bbox 2593 1918 2925 1986; x_wconf 79' lang='lat' dir='ltr'><strong>pra:lorutus</strong></span> <span class='ocrx_word' id='word_1_185' title='bbox 2967 1928 3071 1984; x_wconf 87' lang='lat' dir='ltr'><strong>est,</strong></span> <span class='ocrx_word' id='word_1_186' title='bbox 3105 1921 3249 1988; x_wconf 85' lang='lat' dir='ltr'><strong>quod</strong></span> <span class='ocrx_word' id='word_1_187' title='bbox 3284 1920 3426 1975; x_wconf 66' lang='lat' dir='ltr'><strong>Deus</strong></span> 
     </span>
    </p>
   </div>
   <div class='ocr_carea' id='block_1_32' title="bbox 174 2004 1742 2079">
    <p class='ocr_par' dir='ltr' id='par_1_32' title="bbox 174 2004 1742 2079">
     <span class='ocr_line' id='line_1_32' title="bbox 174 2004 1742 2079; baseline -0.003 -18"><span class='ocrx_word' id='word_1_188' title='bbox 174 2012 327 2079; x_wconf 77' lang='grc' dir='ltr'>ἡμεῖς</span> <span class='ocrx_word' id='word_1_189' title='bbox 376 2008 750 2078; x_wconf 77' lang='grc' dir='ltr'>πρεσϐεύομεν</span> <span class='ocrx_word' id='word_1_190' title='bbox 776 2049 791 2073; x_wconf 93' lang='grc'><strong>,</strong></span> <span class='ocrx_word' id='word_1_191' title='bbox 834 2008 925 2060; x_wconf 80' lang='grc' dir='ltr'>ἵνα</span> <span class='ocrx_word' id='word_1_192' title='bbox 961 2006 1035 2079; x_wconf 79' lang='grc' dir='ltr'>μὴ</span> <span class='ocrx_word' id='word_1_193' title='bbox 1081 2005 1431 2059; x_wconf 86' lang='grc' dir='ltr'>ἀναπέσωσιν</span> <span class='ocrx_word' id='word_1_194' title='bbox 1469 2004 1742 2070; x_wconf 73' lang='grc' dir='ltr'>ἐντεῦθεν,</span> 
     </span>
    </p>
   </div>
   <div class='ocr_carea' id='block_1_33' title="bbox 174 2093 1745 2165">
    <p class='ocr_par' dir='ltr' id='par_1_33' title="bbox 174 2093 1745 2165">
     <span class='ocr_line' id='line_1_33' title="bbox 174 2093 1745 2165; baseline -0.001 -16"><span class='ocrx_word' id='word_1_195' title='bbox 174 2097 329 2149; x_wconf 79' lang='grc' dir='ltr'>πάλιν</span> <span class='ocrx_word' id='word_1_196' title='bbox 359 2098 555 2157; x_wconf 69' lang='grc' dir='ltr'>αὐτοὺς</span> <span class='ocrx_word' id='word_1_197' title='bbox 582 2097 757 2165; x_wconf 76' lang='grc' dir='ltr'>φοϐεῖ,</span> <span class='ocrx_word' id='word_1_198' title='bbox 786 2097 958 2164; x_wconf 86' lang='grc' dir='ltr'>λέγων</span> <span class='ocrx_word' id='word_1_199' title='bbox 981 2114 995 2128; x_wconf 75' lang='grc' dir='ltr'><strong>ο</strong></span> <span class='ocrx_word' id='word_1_200' title='bbox 1034 2099 1089 2149; x_wconf 85' lang='grc' dir='ltr'><strong>Μ</strong></span> <span class='ocrx_word' id='word_1_201' title='bbox 1100 2096 1132 2163; x_wconf 75' lang='grc' dir='ltr'>ὴ</span> <span class='ocrx_word' id='word_1_202' title='bbox 1165 2098 1253 2161; x_wconf 80' lang='grc' dir='ltr'><strong>είς</strong></span> <span class='ocrx_word' id='word_1_203' title='bbox 1282 2094 1467 2148; x_wconf 82' lang='grc' dir='ltr'>κενὸν</span> <span class='ocrx_word' id='word_1_204' title='bbox 1490 2096 1606 2162; x_wconf 81' lang='grc' dir='ltr'><strong>τὴν</strong></span> <span class='ocrx_word' id='word_1_205' title='bbox 1635 2093 1745 2163; x_wconf 83' lang='grc' dir='ltr'><strong>χὰ-</strong></span> 
     </span>
    </p>
   </div>
   <div class='ocr_carea' id='block_1_34' title="bbox 166 2185 1745 2257">
    <p class='ocr_par' dir='ltr' id='par_1_34' title="bbox 166 2185 1745 2257">
     <span class='ocr_line' id='line_1_34' title="bbox 166 2185 1745 2257; baseline 0.001 -20"><span class='ocrx_word' id='word_1_206' title='bbox 166 2206 264 2254; x_wconf 76' lang='grc' dir='ltr'>ριν</span> <span class='ocrx_word' id='word_1_207' title='bbox 286 2187 389 2241; x_wconf 81' lang='grc' dir='ltr'>τοῦ</span> <span class='ocrx_word' id='word_1_208' title='bbox 419 2187 566 2240; x_wconf 86' lang='grc' dir='ltr'>Θεοῦ</span> <span class='ocrx_word' id='word_1_209' title='bbox 594 2187 885 2251; x_wconf 78' lang='grc' dir='ltr'>δέξασθαι</span> <span class='ocrx_word' id='word_1_210' title='bbox 904 2185 1081 2256; x_wconf 77' lang='grc' dir='ltr'>ὑμᾶς.</span> <span class='ocrx_word' id='word_1_211' title='bbox 1120 2186 1212 2257; x_wconf 81' lang='grc' dir='ltr'><strong>Μὴ</strong></span> <span class='ocrx_word' id='word_1_212' title='bbox 1249 2187 1382 2256; x_wconf 69' lang='grc' dir='ltr'>γὰρ,</span> <span class='ocrx_word' id='word_1_213' title='bbox 1417 2186 1608 2256; x_wconf 78' lang='grc' dir='ltr'>ἐπειδὴ</span> <span class='ocrx_word' id='word_1_214' title='bbox 1638 2203 1745 2239; x_wconf 85' lang='grc' dir='ltr'>πα-</span> 
     </span>
    </p>
   </div>
   <div class='ocr_carea' id='block_1_35' title="bbox 176 2278 1745 2351">
    <p class='ocr_par' dir='ltr' id='par_1_35' title="bbox 176 2278 1745 2351">
     <span class='ocr_line' id='line_1_35' title="bbox 176 2278 1745 2351; baseline -0.001 -20"><span class='ocrx_word' id='word_1_215' title='bbox 176 2280 414 2349; x_wconf 75' lang='grc' dir='ltr'>ρακαλεῖ,</span> <span class='ocrx_word' id='word_1_216' title='bbox 443 2282 595 2349; x_wconf 75' lang='grc' dir='ltr'>φησὶ,</span> <span class='ocrx_word' id='word_1_217' title='bbox 634 2282 726 2333; x_wconf 71' lang='grc' dir='ltr'><strong>καὶ</strong></span> <span class='ocrx_word' id='word_1_218' title='bbox 761 2280 973 2351; x_wconf 70' lang='grc' dir='ltr'>ἔπεμψε</span> <span class='ocrx_word' id='word_1_219' title='bbox 1012 2280 1440 2349; x_wconf 79' lang='grc' dir='ltr'>πρεσὸεύοντας,</span> <span class='ocrx_word' id='word_1_220' title='bbox 1473 2280 1563 2332; x_wconf 69' lang='grc' dir='ltr'><strong>διὰ</strong></span> <span class='ocrx_word' id='word_1_221' title='bbox 1590 2278 1745 2331; x_wconf 78' lang='grc' dir='ltr'>τοῦτο</span> 
     </span>
    </p>
   </div>
   <div class='ocr_carea' id='block_1_36' title="bbox 173 2369 1746 2441">
    <p class='ocr_par' dir='ltr' id='par_1_36' title="bbox 173 2369 1746 2441">
     <span class='ocr_line' id='line_1_36' title="bbox 173 2369 1746 2441; baseline -0.003 -19"><span class='ocrx_word' id='word_1_222' title='bbox 173 2372 596 2441; x_wconf 71' lang='grc' dir='ltr'>ῥαθυμήσωμεν,</span> <span class='ocrx_word' id='word_1_223' title='bbox 655 2372 789 2424; x_wconf 76' lang='grc' dir='ltr'>ἀλλὰ</span> <span class='ocrx_word' id='word_1_224' title='bbox 849 2372 1048 2441; x_wconf 76' lang='grc' dir='ltr'>μᾶλλον</span> <span class='ocrx_word' id='word_1_225' title='bbox 1105 2369 1461 2439; x_wconf 76' lang='grc' dir='ltr'>ἐπειγώμεθα</span> <span class='ocrx_word' id='word_1_226' title='bbox 1520 2369 1653 2439; x_wconf 73' lang='grc' dir='ltr'>πρὸς</span> <span class='ocrx_word' id='word_1_227' title='bbox 1686 2370 1746 2418; x_wconf 71' lang='grc' dir='ltr'><strong>τὸ</strong></span> 
     </span>
    </p>
   </div>
   <div class='ocr_carea' id='block_1_37' title="bbox 170 2460 1744 2531">
    <p class='ocr_par' dir='ltr' id='par_1_37' title="bbox 170 2460 1744 2531">
     <span class='ocr_line' id='line_1_37' title="bbox 170 2460 1744 2531; baseline -0.003 -20"><span class='ocrx_word' id='word_1_228' title='bbox 170 2461 365 2529; x_wconf 78' lang='grc' dir='ltr'>ἀρέσαι</span> <span class='ocrx_word' id='word_1_229' title='bbox 405 2460 588 2531; x_wconf 74' lang='grc' dir='ltr'>αὐτῷ,</span> <span class='ocrx_word' id='word_1_230' title='bbox 624 2460 711 2514; x_wconf 81' lang='grc' dir='ltr'>ἵνα</span> <span class='ocrx_word' id='word_1_231' title='bbox 746 2462 821 2531; x_wconf 80' lang='grc' dir='ltr'>μὴ</span> <span class='ocrx_word' id='word_1_232' title='bbox 859 2460 967 2513; x_wconf 90' lang='grc' dir='ltr'><strong>τῶν</strong></span> <span class='ocrx_word' id='word_1_233' title='bbox 1002 2462 1260 2514; x_wconf 79' lang='grc' dir='ltr'>τοιούτων</span> <span class='ocrx_word' id='word_1_234' title='bbox 1302 2460 1573 2527; x_wconf 79' lang='grc' dir='ltr'>ἐκπέσητε</span> <span class='ocrx_word' id='word_1_235' title='bbox 1608 2460 1744 2523; x_wconf 85' lang='grc' dir='ltr'>ἁγα-</span> 
     </span>
    </p>
   </div>
   <div class='ocr_carea' id='block_1_38' title="bbox 172 2552 298 2602">
    <p class='ocr_par' dir='ltr' id='par_1_38' title="bbox 172 2552 298 2602">
     <span class='ocr_line' id='line_1_38' title="bbox 172 2552 298 2602; baseline 0.024 -2"><span class='ocrx_word' id='word_1_236' title='bbox 172 2552 197 2600; x_wconf 76' lang='grc' dir='ltr'><strong>(ιὶ</strong></span> <span class='ocrx_word' id='word_1_237' title='bbox 207 2552 278 2602; x_wconf 72' lang='grc' dir='ltr'>ὧν</span> <span class='ocrx_word' id='word_1_238' title='bbox 287 2592 298 2602; x_wconf 91' lang='grc'><strong><em>.</em></strong></span> 
     </span>
    </p>
   </div>
   <div class='ocr_carea' id='block_1_39' title="bbox 248 2627 1746 2714">
    <p class='ocr_par' dir='ltr' id='par_1_39' title="bbox 248 2627 1746 2714">
     <span class='ocr_line' id='line_1_39' title="bbox 248 2627 1746 2714; baseline 0 -23"><span class='ocrx_word' id='word_1_239' title='bbox 248 2662 265 2691; x_wconf 76' lang='grc' dir='ltr'><strong>ι</strong></span> <span class='ocrx_word' id='word_1_240' title='bbox 314 2627 449 2694; x_wconf 73' lang='grc' dir='ltr'>’ἰδοὺ</span> <span class='ocrx_word' id='word_1_241' title='bbox 478 2642 572 2695; x_wconf 79' lang='grc' dir='ltr'>νῦν</span> <span class='ocrx_word' id='word_1_242' title='bbox 601 2643 792 2714; x_wconf 82' lang='grc' dir='ltr'>καιρὸς</span> <span class='ocrx_word' id='word_1_243' title='bbox 835 2643 1256 2713; x_wconf 73' lang='grc' dir='ltr'>εὐπρόσδεκτος·</span> <span class='ocrx_word' id='word_1_244' title='bbox 1298 2643 1403 2694; x_wconf 71' lang='grc' dir='ltr'>ἰδοὺ</span> <span class='ocrx_word' id='word_1_245' title='bbox 1440 2640 1533 2693; x_wconf 75' lang='grc' dir='ltr'>νῦν</span> <span class='ocrx_word' id='word_1_246' title='bbox 1564 2639 1746 2709; x_wconf 76' lang='grc' dir='ltr'>ἡμέρα</span> 
     </span>
    </p>
   </div>
   <div class='ocr_carea' id='block_1_40' title="bbox 173 2734 1435 2803">
    <p class='ocr_par' dir='ltr' id='par_1_40' title="bbox 173 2734 1435 2803">
     <span class='ocr_line' id='line_1_40' title="bbox 173 2734 1435 2803; baseline 0.007 -18"><span class='ocrx_word' id='word_1_247' title='bbox 173 2734 465 2803; x_wconf 87' lang='grc' dir='ltr'>σωτηρίας.</span> <span class='ocrx_word' id='word_1_248' title='bbox 502 2753 520 2784; x_wconf 71' lang='grc' dir='ltr'><strong>ι</strong></span> <span class='ocrx_word' id='word_1_249' title='bbox 1430 2790 1435 2794; x_wconf 91' lang='grc'><strong>.</strong></span> 
     </span>
    </p>
   </div>
   <div class='ocr_carea' id='block_1_41' title="bbox 242 2822 1748 2896">
    <p class='ocr_par' dir='ltr' id='par_1_41' title="bbox 242 2822 1748 2896">
     <span class='ocr_line' id='line_1_41' title="bbox 242 2822 1748 2896; baseline -0.003 -19"><span class='ocrx_word' id='word_1_250' title='bbox 242 2826 347 2877; x_wconf 74' lang='grc' dir='ltr'>Τὸν</span> <span class='ocrx_word' id='word_1_251' title='bbox 382 2831 479 2895; x_wconf 83' lang='grc' dir='ltr'><strong>τῆς</strong></span> <span class='ocrx_word' id='word_1_252' title='bbox 503 2827 733 2896; x_wconf 78' lang='grc' dir='ltr'>δωρεᾶς,</span> <span class='ocrx_word' id='word_1_253' title='bbox 768 2824 958 2895; x_wconf 77' lang='grc' dir='ltr'>φησὶν,</span> <span class='ocrx_word' id='word_1_254' title='bbox 1003 2824 1094 2877; x_wconf 78' lang='grc' dir='ltr'><strong>τὸν</strong></span> <span class='ocrx_word' id='word_1_255' title='bbox 1124 2825 1221 2892; x_wconf 77' lang='grc' dir='ltr'><strong>τῆς</strong></span> <span class='ocrx_word' id='word_1_256' title='bbox 1260 2822 1501 2893; x_wconf 79' lang='grc' dir='ltr'>χάριτος,</span> <span class='ocrx_word' id='word_1_257' title='bbox 1532 2824 1618 2875; x_wconf 76' lang='grc' dir='ltr'><strong>ὅτε</strong></span> <span class='ocrx_word' id='word_1_258' title='bbox 1650 2823 1748 2873; x_wconf 73' lang='grc' dir='ltr'><strong>οὐκ</strong></span> 
     </span>
    </p>
   </div>
   <div class='ocr_carea' id='block_1_42' title="bbox 169 2914 1749 2987">
    <p class='ocr_par' dir='ltr' id='par_1_42' title="bbox 169 2914 1749 2987">
     <span class='ocr_line' id='line_1_42' title="bbox 169 2914 1749 2987; baseline -0.003 -18"><span class='ocrx_word' id='word_1_259' title='bbox 169 2920 318 2971; x_wconf 82' lang='grc' dir='ltr'>ἔστιν</span> <span class='ocrx_word' id='word_1_260' title='bbox 348 2919 576 2980; x_wconf 71' lang='grc' dir='ltr'>εὐθύνας</span> <span class='ocrx_word' id='word_1_261' title='bbox 608 2916 977 2987; x_wconf 83' lang='grc' dir='ltr'>ἀπαιτηθῆναι</span> <span class='ocrx_word' id='word_1_262' title='bbox 1003 2916 1111 2969; x_wconf 84' lang='grc' dir='ltr'><strong>τῶν</strong></span> <span class='ocrx_word' id='word_1_263' title='bbox 1154 2915 1591 2985; x_wconf 83' lang='grc' dir='ltr'>ἁμαρτημάτων,</span> <span class='ocrx_word' id='word_1_264' title='bbox 1629 2914 1749 2965; x_wconf 80' lang='grc' dir='ltr'>οὐδὲ</span> 
     </span>
    </p>
   </div>
   <div class='ocr_carea' id='block_1_43' title="bbox 166 3004 1748 3078">
    <p class='ocr_par' dir='ltr' id='par_1_43' title="bbox 166 3004 1748 3078">
     <span class='ocr_line' id='line_1_43' title="bbox 166 3004 1748 3078; baseline -0.003 -19"><span class='ocrx_word' id='word_1_265' title='bbox 166 3008 326 3078; x_wconf 83' lang='grc' dir='ltr'>δίκην</span> <span class='ocrx_word' id='word_1_266' title='bbox 348 3008 549 3072; x_wconf 79' lang='grc' dir='ltr'>δοῦναι,</span> <span class='ocrx_word' id='word_1_267' title='bbox 581 3007 726 3064; x_wconf 76' lang='grc' dir='ltr'>ἀλλὰ,</span> <span class='ocrx_word' id='word_1_268' title='bbox 751 3008 888 3078; x_wconf 85' lang='grc' dir='ltr'><strong>μετά</strong></span> <span class='ocrx_word' id='word_1_269' title='bbox 914 3008 1013 3076; x_wconf 86' lang='grc' dir='ltr'>τῆς</span> <span class='ocrx_word' id='word_1_270' title='bbox 1034 3007 1380 3074; x_wconf 76' lang='grc' dir='ltr'>ἀπαλλαγῆς,</span> <span class='ocrx_word' id='word_1_271' title='bbox 1411 3008 1504 3057; x_wconf 78' lang='grc' dir='ltr'>καὶ</span> <span class='ocrx_word' id='word_1_272' title='bbox 1541 3022 1612 3074; x_wconf 90' lang='grc' dir='ltr'><strong>μυ</strong></span> <span class='ocrx_word' id='word_1_273' title='bbox 1621 3004 1748 3073; x_wconf 67' lang='grc' dir='ltr'>ρίων</span> 
     </span>
    </p>
   </div>
   <div class='ocr_carea' id='block_1_44' title="bbox 167 3094 1749 3169">
    <p class='ocr_par' dir='ltr' id='par_1_44' title="bbox 167 3094 1749 3169">
     <span class='ocr_line' id='line_1_44' title="bbox 167 3094 1749 3169; baseline -0.003 -18"><span class='ocrx_word' id='word_1_274' title='bbox 167 3099 520 3168; x_wconf 73' lang='grc' dir='ltr'>ἀπολαύομεν</span> <span class='ocrx_word' id='word_1_275' title='bbox 555 3099 755 3152; x_wconf 88' lang='grc' dir='ltr'>καλῶν.</span> <span class='ocrx_word' id='word_1_276' title='bbox 788 3100 879 3169; x_wconf 83' lang='grc' dir='ltr'><strong>Μὴ</strong></span> <span class='ocrx_word' id='word_1_277' title='bbox 908 3099 1087 3152; x_wconf 80' lang='grc' dir='ltr'>τοίνυν</span> <span class='ocrx_word' id='word_1_278' title='bbox 1126 3099 1412 3167; x_wconf 84' lang='grc' dir='ltr'>προδώμεν</span> <span class='ocrx_word' id='word_1_279' title='bbox 1462 3094 1522 3148; x_wconf 85' lang='grc' dir='ltr'><strong>τό</strong></span> <span class='ocrx_word' id='word_1_280' title='bbox 1561 3094 1749 3148; x_wconf 74' lang='grc' dir='ltr'>εὔκαι-</span> 
     </span>
    </p>
   </div>
   <div class='ocr_carea' id='block_1_45' title="bbox 170 3188 1818 3281">
    <p class='ocr_par' dir='ltr' id='par_1_45' title="bbox 170 3188 1818 3281">
     <span class='ocr_line' id='line_1_45' title="bbox 170 3188 1818 3281; baseline -0.002 -39"><span class='ocrx_word' id='word_1_281' title='bbox 170 3208 286 3260; x_wconf 83' lang='grc' dir='ltr'>ρον,</span> <span class='ocrx_word' id='word_1_282' title='bbox 313 3190 427 3240; x_wconf 75' lang='grc' dir='ltr'>ἀλλ’</span> <span class='ocrx_word' id='word_1_283' title='bbox 457 3189 851 3259; x_wconf 79' lang='grc' dir='ltr'>ὲπιδειξὼμεθα</span> <span class='ocrx_word' id='word_1_284' title='bbox 878 3190 1029 3255; x_wconf 76' lang='grc' dir='ltr'>ἀξιον</span> <span class='ocrx_word' id='word_1_285' title='bbox 1071 3190 1171 3260; x_wconf 79' lang='grc' dir='ltr'>τῆς</span> <span class='ocrx_word' id='word_1_286' title='bbox 1198 3192 1418 3259; x_wconf 69' lang='grc' dir='ltr'>χάριτος</span> <span class='ocrx_word' id='word_1_287' title='bbox 1446 3188 1547 3256; x_wconf 83' lang='grc' dir='ltr'>τὴν</span> <span class='ocrx_word' id='word_1_288' title='bbox 1584 3204 1749 3239; x_wconf 85' lang='grc' dir='ltr'>σπου·</span> <span class='ocrx_word' id='word_1_289' title='bbox 1775 3227 1818 3281; x_wconf 76' lang='lat' dir='ltr'><strong>C</strong></span> 
     </span>
    </p>
   </div>
   <div class='ocr_carea' id='block_1_46' title="bbox 167 3301 287 3352">
    <p class='ocr_par' dir='ltr' id='par_1_46' title="bbox 167 3301 287 3352">
     <span class='ocr_line' id='line_1_46' title="bbox 167 3301 287 3352; baseline -0.008 -19"><span class='ocrx_word' id='word_1_290' title='bbox 167 3301 287 3352; x_wconf 87' lang='grc' dir='ltr'>οην.</span> 
     </span>
    </p>
   </div>
   <div class='ocr_carea' id='block_1_47' title="bbox 246 3370 1752 3440">
    <p class='ocr_par' dir='ltr' id='par_1_47' title="bbox 246 3370 1752 3440">
     <span class='ocr_line' id='line_1_47' title="bbox 246 3370 1752 3440; baseline -0.001 -16"><span class='ocrx_word' id='word_1_291' title='bbox 246 3400 263 3424; x_wconf 74' lang='grc' dir='ltr'><strong>ι</strong></span> <span class='ocrx_word' id='word_1_292' title='bbox 306 3375 593 3440; x_wconf 75' lang='grc' dir='ltr'>Μηδεμίαν</span> <span class='ocrx_word' id='word_1_293' title='bbox 616 3376 673 3422; x_wconf 82' lang='grc' dir='ltr'>ὲν</span> <span class='ocrx_word' id='word_1_294' title='bbox 699 3374 888 3440; x_wconf 71' lang='grc' dir='ltr'>μηδενὶ</span> <span class='ocrx_word' id='word_1_295' title='bbox 917 3372 1151 3432; x_wconf 77' lang='grc' dir='ltr'>διδόντες</span> <span class='ocrx_word' id='word_1_296' title='bbox 1186 3372 1527 3440; x_wconf 83' lang='grc' dir='ltr'>προσκοπὴν,</span> <span class='ocrx_word' id='word_1_297' title='bbox 1553 3371 1640 3423; x_wconf 81' lang='grc' dir='ltr'><strong>ἵνα</strong></span> <span class='ocrx_word' id='word_1_298' title='bbox 1675 3370 1752 3439; x_wconf 80' lang='grc' dir='ltr'>μὴ</span> 
     </span>
    </p>
   </div>
   <div class='ocr_carea' id='block_1_48' title="bbox 168 3461 1750 3531">
    <p class='ocr_par' dir='ltr' id='par_1_48' title="bbox 168 3461 1750 3531">
     <span class='ocr_line' id='line_1_48' title="bbox 168 3461 1750 3531; baseline -0.001 -19"><span class='ocrx_word' id='word_1_299' title='bbox 168 3464 415 3531; x_wconf 76' lang='grc' dir='ltr'>μωμηθῇ</span> <span class='ocrx_word' id='word_1_300' title='bbox 451 3465 482 3530; x_wconf 80' lang='grc' dir='ltr'>ἠ</span> <span class='ocrx_word' id='word_1_301' title='bbox 510 3463 785 3514; x_wconf 84' lang='grc' dir='ltr'>διακονία·</span> <span class='ocrx_word' id='word_1_302' title='bbox 813 3461 930 3514; x_wconf 79' lang='grc' dir='ltr'>ἀλλ’</span> <span class='ocrx_word' id='word_1_303' title='bbox 964 3465 1022 3513; x_wconf 83' lang='grc' dir='ltr'>ὲν</span> <span class='ocrx_word' id='word_1_304' title='bbox 1052 3462 1213 3513; x_wconf 79' lang='grc' dir='ltr'>παντὶ</span> <span class='ocrx_word' id='word_1_305' title='bbox 1244 3462 1598 3522; x_wconf 87' lang='grc' dir='ltr'>συνιστῶντες</span> <span class='ocrx_word' id='word_1_306' title='bbox 1622 3461 1750 3512; x_wconf 75' lang='grc' dir='ltr'>ἑαυ-</span> 
     </span>
    </p>
   </div>
   <div class='ocr_carea' id='block_1_49' title="bbox 165 3551 1751 3622">
    <p class='ocr_par' dir='ltr' id='par_1_49' title="bbox 165 3551 1751 3622">
     <span class='ocr_line' id='line_1_49' title="bbox 165 3551 1751 3622; baseline -0.002 -16"><span class='ocrx_word' id='word_1_307' title='bbox 165 3558 294 3616; x_wconf 64' lang='grc' dir='ltr'>τοὺς</span> <span class='ocrx_word' id='word_1_308' title='bbox 320 3554 393 3615; x_wconf 83' lang='grc' dir='ltr'><strong>ὡς</strong></span> <span class='ocrx_word' id='word_1_309' title='bbox 426 3553 557 3605; x_wconf 70' lang='grc' dir='ltr'><strong>ε’)εοῦ</strong></span> <span class='ocrx_word' id='word_1_310' title='bbox 586 3554 842 3617; x_wconf 81' lang='grc' dir='ltr'>διάκονοι,</span> <span class='ocrx_word' id='word_1_311' title='bbox 877 3554 935 3605; x_wconf 83' lang='grc' dir='ltr'>ὲν</span> <span class='ocrx_word' id='word_1_312' title='bbox 968 3552 1212 3622; x_wconf 80' lang='grc' dir='ltr'>ὑπομονῇ</span> <span class='ocrx_word' id='word_1_313' title='bbox 1247 3551 1439 3620; x_wconf 80' lang='grc' dir='ltr'>πολλῇ,</span> <span class='ocrx_word' id='word_1_314' title='bbox 1477 3556 1534 3603; x_wconf 82' lang='grc' dir='ltr'><strong>ἐν</strong></span> <span class='ocrx_word' id='word_1_315' title='bbox 1570 3551 1751 3620; x_wconf 77' lang='grc' dir='ltr'>θλίψε-</span> 
     </span>
    </p>
   </div>
   <div class='ocr_carea' id='block_1_50' title="bbox 168 3644 1750 3713">
    <p class='ocr_par' dir='ltr' id='par_1_50' title="bbox 168 3644 1750 3713">
     <span class='ocr_line' id='line_1_50' title="bbox 168 3644 1750 3713; baseline -0.001 -17"><span class='ocrx_word' id='word_1_316' title='bbox 168 3661 277 3709; x_wconf 84' lang='grc' dir='ltr'>σιν,</span> <span class='ocrx_word' id='word_1_317' title='bbox 328 3647 386 3694; x_wconf 75' lang='grc' dir='ltr'>ἐν</span> <span class='ocrx_word' id='word_1_318' title='bbox 421 3645 720 3711; x_wconf 75' lang='grc' dir='ltr'>ἀνάγκαις,</span> <span class='ocrx_word' id='word_1_319' title='bbox 758 3646 815 3696; x_wconf 81' lang='grc' dir='ltr'>ἐν</span> <span class='ocrx_word' id='word_1_320' title='bbox 874 3644 1280 3713; x_wconf 76' lang='grc' dir='ltr'>στενοχωρίαις,</span> <span class='ocrx_word' id='word_1_321' title='bbox 1311 3646 1368 3695; x_wconf 80' lang='grc' dir='ltr'><strong>ἐν</strong></span> <span class='ocrx_word' id='word_1_322' title='bbox 1400 3646 1658 3713; x_wconf 82' lang='grc' dir='ltr'>πληγαῖς,</span> <span class='ocrx_word' id='word_1_323' title='bbox 1693 3647 1750 3695; x_wconf 75' lang='grc' dir='ltr'>ἐν</span> 
     </span>
    </p>
   </div>
   <div class='ocr_carea' id='block_1_51' title="bbox 166 3732 1753 3800">
    <p class='ocr_par' dir='ltr' id='par_1_51' title="bbox 166 3732 1753 3800">
     <span class='ocr_line' id='line_1_51' title="bbox 166 3732 1753 3800; baseline -0.001 -17"><span class='ocrx_word' id='word_1_324' title='bbox 166 3733 464 3799; x_wconf 69' lang='grc' dir='ltr'>φυλακαῖς,</span> <span class='ocrx_word' id='word_1_325' title='bbox 494 3735 550 3784; x_wconf 80' lang='grc' dir='ltr'>ὲν</span> <span class='ocrx_word' id='word_1_326' title='bbox 595 3733 1021 3795; x_wconf 82' lang='grc' dir='ltr'>ἀκαταστασίαις</span> <span class='ocrx_word' id='word_1_327' title='bbox 1046 3773 1060 3797; x_wconf 96' lang='grc'><strong>,</strong></span> <span class='ocrx_word' id='word_1_328' title='bbox 1093 3733 1153 3784; x_wconf 68' lang='grc' dir='ltr'>ἐν</span> <span class='ocrx_word' id='word_1_329' title='bbox 1205 3732 1394 3794; x_wconf 79' lang='grc' dir='ltr'>κόποις</span> <span class='ocrx_word' id='word_1_330' title='bbox 1417 3771 1432 3795; x_wconf 94' lang='grc'><strong>,</strong></span> <span class='ocrx_word' id='word_1_331' title='bbox 1486 3735 1542 3784; x_wconf 85' lang='grc' dir='ltr'>ὲν</span> <span class='ocrx_word' id='word_1_332' title='bbox 1577 3736 1753 3800; x_wconf 84' lang='grc' dir='ltr'>ἀγρυ-</span> 
     </span>
    </p>
   </div>
   <div class='ocr_carea' id='block_1_52' title="bbox 166 3824 1749 3892">
    <p class='ocr_par' dir='ltr' id='par_1_52' title="bbox 166 3824 1749 3892">
     <span class='ocr_line' id='line_1_52' title="bbox 166 3824 1749 3892; baseline 0 -16"><span class='ocrx_word' id='word_1_333' title='bbox 166 3826 385 3888; x_wconf 80' lang='grc' dir='ltr'>πνίαις,</span> <span class='ocrx_word' id='word_1_334' title='bbox 437 3827 495 3876; x_wconf 79' lang='grc' dir='ltr'><strong>ἐν</strong></span> <span class='ocrx_word' id='word_1_335' title='bbox 538 3825 813 3891; x_wconf 58' lang='grc' dir='ltr'>νηστείαις</span> <span class='ocrx_word' id='word_1_336' title='bbox 842 3866 855 3885; x_wconf 88' lang='grc'><strong>,</strong></span> <span class='ocrx_word' id='word_1_337' title='bbox 887 3826 947 3876; x_wconf 82' lang='grc' dir='ltr'>ὲν</span> <span class='ocrx_word' id='word_1_338' title='bbox 1006 3825 1285 3892; x_wconf 77' lang='grc' dir='ltr'>ἁγνότητι,</span> <span class='ocrx_word' id='word_1_339' title='bbox 1334 3824 1391 3875; x_wconf 83' lang='grc' dir='ltr'>ὲν</span> <span class='ocrx_word' id='word_1_340' title='bbox 1433 3824 1650 3891; x_wconf 61' lang='grc' dir='ltr'>γνὼσεε,</span> <span class='ocrx_word' id='word_1_341' title='bbox 1691 3825 1749 3876; x_wconf 82' lang='grc' dir='ltr'>ὲν</span> 
     </span>
    </p>
   </div>
   <div class='ocr_carea' id='block_1_53' title="bbox 168 3912 1055 3983">
    <p class='ocr_par' dir='ltr' id='par_1_53' title="bbox 168 3912 1055 3983">
     <span class='ocr_line' id='line_1_53' title="bbox 168 3912 1055 3983; baseline 0.002 -20"><span class='ocrx_word' id='word_1_342' title='bbox 168 3912 553 3983; x_wconf 66' lang='grc' dir='ltr'>μακροθυμία,</span> <span class='ocrx_word' id='word_1_343' title='bbox 593 3915 650 3964; x_wconf 81' lang='grc' dir='ltr'>ὲν</span> <span class='ocrx_word' id='word_1_344' title='bbox 705 3914 1055 3982; x_wconf 74' lang='grc' dir='ltr'>χρηστότητι.</span> 
     </span>
    </p>
   </div>
   <div class='ocr_carea' id='block_1_54' title="bbox 241 4000 1751 4072">
    <p class='ocr_par' dir='ltr' id='par_1_54' title="bbox 241 4000 1751 4072">
     <span class='ocr_line' id='line_1_54' title="bbox 241 4000 1751 4072; baseline -0.002 -17"><span class='ocrx_word' id='word_1_345' title='bbox 241 4005 531 4068; x_wconf 83' lang='grc' dir='ltr'>Τουτέστι,</span> <span class='ocrx_word' id='word_1_346' title='bbox 560 4002 785 4072; x_wconf 76' lang='grc' dir='ltr'>μέμψιν,</span> <span class='ocrx_word' id='word_1_347' title='bbox 824 4003 1168 4070; x_wconf 81' lang='grc' dir='ltr'>κατάγνωσιν</span> <span class='ocrx_word' id='word_1_348' title='bbox 1203 4000 1393 4071; x_wconf 70' lang='grc' dir='ltr'>μηδενὶ</span> <span class='ocrx_word' id='word_1_349' title='bbox 1418 4001 1751 4070; x_wconf 77' lang='grc' dir='ltr'>παρέχοντες</span> 
     </span>
    </p>
   </div>
   <div class='ocr_carea' id='block_1_55' title="bbox 167 4096 497 4165">
    <p class='ocr_par' dir='ltr' id='par_1_55' title="bbox 167 4096 497 4165">
     <span class='ocr_line' id='line_1_55' title="bbox 167 4096 497 4165; baseline -0.009 -15"><span class='ocrx_word' id='word_1_350' title='bbox 167 4097 297 4150; x_wconf 80' lang='grc' dir='ltr'>καθ’</span> <span class='ocrx_word' id='word_1_351' title='bbox 364 4096 497 4165; x_wconf 80' lang='grc' dir='ltr'>μῶν.</span> 
     </span>
    </p>
   </div>
   <div class='ocr_carea' id='block_1_56' title="bbox 244 4184 1753 4257">
    <p class='ocr_par' dir='ltr' id='par_1_56' title="bbox 244 4184 1753 4257">
     <span class='ocr_line' id='line_1_56' title="bbox 244 4184 1753 4257; baseline -0.003 -16"><span class='ocrx_word' id='word_1_352' title='bbox 244 4209 265 4241; x_wconf 76' lang='grc' dir='ltr'><strong>ι</strong></span> <span class='ocrx_word' id='word_1_353' title='bbox 320 4189 411 4241; x_wconf 82' lang='grc' dir='ltr'>Ἐν</span> <span class='ocrx_word' id='word_1_354' title='bbox 439 4188 718 4255; x_wconf 86' lang='grc' dir='ltr'>[Ινεύματι</span> <span class='ocrx_word' id='word_1_355' title='bbox 757 4186 917 4257; x_wconf 84' lang='grc' dir='ltr'>ἁγίῳ,</span> <span class='ocrx_word' id='word_1_356' title='bbox 951 4186 1232 4256; x_wconf 61' lang='grc' dir='ltr'>ιννὰγάπῃ</span> <span class='ocrx_word' id='word_1_357' title='bbox 1279 4185 1649 4255; x_wconf 83' lang='grc' dir='ltr'>ἀνυποκρίτῳ,</span> <span class='ocrx_word' id='word_1_358' title='bbox 1697 4184 1753 4237; x_wconf 74' lang='grc' dir='ltr'>ἐν</span> 
     </span>
    </p>
   </div>
   <div class='ocr_carea' id='block_1_57' title="bbox 168 4278 681 4351">
    <p class='ocr_par' dir='ltr' id='par_1_57' title="bbox 168 4278 681 4351">
     <span class='ocr_line' id='line_1_57' title="bbox 168 4278 681 4351; baseline -0.01 -18"><span class='ocrx_word' id='word_1_359' title='bbox 168 4282 320 4351; x_wconf 72' lang='grc' dir='ltr'>λόγῳ</span> <span class='ocrx_word' id='word_1_360' title='bbox 352 4278 627 4348; x_wconf 81' lang='grc' dir='ltr'>ἀληθείας.</span> <span class='ocrx_word' id='word_1_361' title='bbox 663 4297 681 4328; x_wconf 74' lang='grc' dir='ltr'><strong>ι</strong></span> 
     </span>
    </p>
   </div>
   <div class='ocr_carea' id='block_1_58' title="bbox 226 4365 1753 4439">
    <p class='ocr_par' dir='ltr' id='par_1_58' title="bbox 226 4365 1753 4439">
     <span class='ocr_line' id='line_1_58' title="bbox 226 4365 1753 4439; baseline -0.003 -16"><span class='ocrx_word' id='word_1_362' title='bbox 226 4373 351 4423; x_wconf 70' lang='grc' dir='ltr'><strong>’Ἐν</strong></span> <span class='ocrx_word' id='word_1_363' title='bbox 382 4370 528 4438; x_wconf 80' lang='grc' dir='ltr'>αὐτῷ</span> <span class='ocrx_word' id='word_1_364' title='bbox 558 4371 693 4439; x_wconf 76' lang='grc' dir='ltr'>γὰρ,</span> <span class='ocrx_word' id='word_1_365' title='bbox 719 4369 882 4437; x_wconf 78' lang='grc' dir='ltr'>φησὶ,</span> <span class='ocrx_word' id='word_1_366' title='bbox 917 4367 1092 4420; x_wconf 83' lang='grc' dir='ltr'>ταῦτα</span> <span class='ocrx_word' id='word_1_367' title='bbox 1124 4368 1300 4419; x_wconf 78' lang='grc' dir='ltr'>πάντα</span> <span class='ocrx_word' id='word_1_368' title='bbox 1340 4365 1716 4436; x_wconf 83' lang='grc' dir='ltr'>κατορθοῦμεν</span> <span class='ocrx_word' id='word_1_369' title='bbox 1738 4384 1753 4399; x_wconf 76' lang='grc' dir='ltr'><strong>ο</strong></span> 
     </span>
    </p>
   </div>
   <div class='ocr_carea' id='block_1_59' title="bbox 166 4452 1756 4536">
    <p class='ocr_par' dir='ltr' id='par_1_59' title="bbox 166 4452 1756 4536">
     <span class='ocr_line' id='line_1_59' title="bbox 166 4452 1756 4536; baseline -0.002 -18"><span class='ocrx_word' id='word_1_370' title='bbox 166 4468 199 4536; x_wconf 75' lang='grc' dir='ltr'>ἢ</span> <span class='ocrx_word' id='word_1_371' title='bbox 235 4469 421 4519; x_wconf 77' lang='grc' dir='ltr'>ἐκεῖνο</span> <span class='ocrx_word' id='word_1_372' title='bbox 448 4466 625 4531; x_wconf 74' lang='grc' dir='ltr'>λέγει,</span> <span class='ocrx_word' id='word_1_373' title='bbox 658 4466 741 4516; x_wconf 88' lang='grc' dir='ltr'>ὅτι</span> <span class='ocrx_word' id='word_1_374' title='bbox 776 4464 870 4516; x_wconf 74' lang='grc' dir='ltr'><strong>καὶ</strong></span> <span class='ocrx_word' id='word_1_375' title='bbox 913 4463 1231 4533; x_wconf 85' lang='grc' dir='ltr'>Πνεύματος</span> <span class='ocrx_word' id='word_1_376' title='bbox 1274 4462 1429 4530; x_wconf 84' lang='grc' dir='ltr'>ἁγίου</span> <span class='ocrx_word' id='word_1_377' title='bbox 1460 4452 1756 4532; x_wconf 84' lang='grc' dir='ltr'>πεπληρὼ-</span> 
     </span>
    </p>
   </div>
   <div class='ocr_carea' id='block_1_60' title="bbox 169 4557 345 4626">
    <p class='ocr_par' dir='ltr' id='par_1_60' title="bbox 169 4557 345 4626">
     <span class='ocr_line' id='line_1_60' title="bbox 169 4557 345 4626; baseline 0.011 -19"><span class='ocrx_word' id='word_1_378' title='bbox 169 4557 345 4626; x_wconf 80' lang='grc' dir='ltr'>μεθα.</span> 
     </span>
    </p>
   </div>
   <div class='ocr_carea' id='block_1_61' title="bbox 248 4642 1753 4715">
    <p class='ocr_par' dir='ltr' id='par_1_61' title="bbox 248 4642 1753 4715">
     <span class='ocr_line' id='line_1_61' title="bbox 248 4642 1753 4715; baseline -0.002 -16"><span class='ocrx_word' id='word_1_379' title='bbox 248 4668 268 4699; x_wconf 76' lang='lat' dir='ltr'><strong>t</strong></span> <span class='ocrx_word' id='word_1_380' title='bbox 326 4650 415 4700; x_wconf 85' lang='grc' dir='ltr'>Ἐν</span> <span class='ocrx_word' id='word_1_381' title='bbox 445 4648 672 4715; x_wconf 82' lang='grc' dir='ltr'>δυνάμει</span> <span class='ocrx_word' id='word_1_382' title='bbox 710 4645 876 4711; x_wconf 83' lang='grc' dir='ltr'>Θεοῦ,</span> <span class='ocrx_word' id='word_1_383' title='bbox 905 4645 991 4699; x_wconf 79' lang='grc' dir='ltr'>διὰ</span> <span class='ocrx_word' id='word_1_384' title='bbox 1018 4643 1127 4697; x_wconf 89' lang='grc' dir='ltr'><strong>τῶν</strong></span> <span class='ocrx_word' id='word_1_385' title='bbox 1150 4644 1327 4697; x_wconf 78' lang='grc' dir='ltr'>ὃπλων</span> <span class='ocrx_word' id='word_1_386' title='bbox 1353 4643 1452 4712; x_wconf 77' lang='grc' dir='ltr'>τῆς</span> <span class='ocrx_word' id='word_1_387' title='bbox 1475 4642 1753 4696; x_wconf 77' lang='grc' dir='ltr'>δικαιοσύ-</span> 
     </span>
    </p>
   </div>
   <div class='ocr_carea' id='block_1_62' title="bbox 169 4740 1379 4811">
    <p class='ocr_par' dir='ltr' id='par_1_62' title="bbox 169 4740 1379 4811">
     <span class='ocr_line' id='line_1_62' title="bbox 169 4740 1379 4811; baseline -0.002 -18"><span class='ocrx_word' id='word_1_388' title='bbox 169 4760 290 4811; x_wconf 79' lang='grc' dir='ltr'>νης.</span> <span class='ocrx_word' id='word_1_389' title='bbox 335 4759 352 4790; x_wconf 74' lang='grc' dir='ltr'><strong>ι</strong></span> <span class='ocrx_word' id='word_1_390' title='bbox 1375 4740 1379 4747; x_wconf 83' lang='grc'><em>’</em></span> 
     </span>
    </p>
   </div>
   <div class='ocr_carea' id='block_1_63' title="bbox 241 4826 1540 4897">
    <p class='ocr_par' dir='ltr' id='par_1_63' title="bbox 241 4826 1540 4897">
     <span class='ocr_line' id='line_1_63' title="bbox 241 4826 1540 4897; baseline -0.004 -14"><span class='ocrx_word' id='word_1_391' title='bbox 241 4830 424 4883; x_wconf 75' lang='grc' dir='ltr'>Τοῦτο</span> <span class='ocrx_word' id='word_1_392' title='bbox 446 4829 533 4881; x_wconf 76' lang='grc' dir='ltr'><strong>ἀεὶ</strong></span> <span class='ocrx_word' id='word_1_393' title='bbox 556 4828 813 4895; x_wconf 82' lang='grc' dir='ltr'>λέγει,τὸ</span> <span class='ocrx_word' id='word_1_394' title='bbox 844 4828 951 4879; x_wconf 78' lang='grc' dir='ltr'>πᾶν</span> <span class='ocrx_word' id='word_1_395' title='bbox 980 4826 1255 4887; x_wconf 74' lang='grc' dir='ltr'>ἀνατιθεὶς</span> <span class='ocrx_word' id='word_1_396' title='bbox 1294 4827 1371 4897; x_wconf 77' lang='grc' dir='ltr'><strong>τῷ</strong></span> <span class='ocrx_word' id='word_1_397' title='bbox 1401 4826 1540 4895; x_wconf 83' lang='grc' dir='ltr'>Θεῷ.</span> 
     </span>
    </p>
   </div>
   <div class='ocr_carea' id='block_1_64' title="bbox 246 5002 1756 5076">
    <p class='ocr_par' dir='ltr' id='par_1_64' title="bbox 246 5002 1756 5076">
     <span class='ocr_line' id='line_1_64' title="bbox 246 5002 1756 5076; baseline -0.006 -15"><span class='ocrx_word' id='word_1_398' title='bbox 246 5029 266 5061; x_wconf 73' lang='grc' dir='ltr'><strong>ι</strong></span> <span class='ocrx_word' id='word_1_399' title='bbox 314 5009 439 5060; x_wconf 86' lang='grc' dir='ltr'>Τῶν</span> <span class='ocrx_word' id='word_1_400' title='bbox 461 5006 648 5072; x_wconf 74' lang='grc' dir='ltr'>δεξιῶν</span> <span class='ocrx_word' id='word_1_401' title='bbox 680 5006 776 5059; x_wconf 75' lang='grc' dir='ltr'><strong>καὶ</strong></span> <span class='ocrx_word' id='word_1_402' title='bbox 799 5004 1109 5076; x_wconf 80' lang='grc' dir='ltr'>ἀριστερῶν</span> <span class='ocrx_word' id='word_1_403' title='bbox 1135 5019 1148 5032; x_wconf 87' lang='lat'>&#39;</span> <span class='ocrx_word' id='word_1_404' title='bbox 1197 5003 1285 5056; x_wconf 79' lang='grc' dir='ltr'><strong>διὰ</strong></span> <span class='ocrx_word' id='word_1_405' title='bbox 1331 5002 1489 5071; x_wconf 78' lang='grc' dir='ltr'>δόξης</span> <span class='ocrx_word' id='word_1_406' title='bbox 1517 5002 1611 5053; x_wconf 74' lang='grc' dir='ltr'><strong>καὶ</strong></span> <span class='ocrx_word' id='word_1_407' title='bbox 1636 5002 1756 5053; x_wconf 86' lang='grc' dir='ltr'>ἀτι-</span> 
     </span>
    </p>
   </div>
   <div class='ocr_carea' id='block_1_65' title="bbox 171 5092 1755 5169">
    <p class='ocr_par' dir='ltr' id='par_1_65' title="bbox 171 5092 1755 5169">
     <span class='ocr_line' id='line_1_65' title="bbox 171 5092 1755 5169; baseline -0.004 -19"><span class='ocrx_word' id='word_1_408' title='bbox 171 5104 337 5169; x_wconf 62' lang='lat' dir='ltr'><strong>pia;-</strong></span> <span class='ocrx_word' id='word_1_409' title='bbox 380 5100 469 5152; x_wconf 70' lang='grc' dir='ltr'><strong>διὰ</strong></span> <span class='ocrx_word' id='word_1_410' title='bbox 500 5099 811 5168; x_wconf 83' lang='grc' dir='ltr'>δυσφημίας</span> <span class='ocrx_word' id='word_1_411' title='bbox 840 5100 932 5149; x_wconf 75' lang='grc' dir='ltr'><strong>καὶ</strong></span> <span class='ocrx_word' id='word_1_412' title='bbox 962 5098 1241 5166; x_wconf 50' lang='grc' dir='ltr'>εύεημίας</span> <span class='ocrx_word' id='word_1_413' title='bbox 1263 5112 1277 5126; x_wconf 82' lang='lat'><strong><em>°</em></strong></span> <span class='ocrx_word' id='word_1_414' title='bbox 1307 5096 1381 5157; x_wconf 85' lang='grc' dir='ltr'>ὡς</span> <span class='ocrx_word' id='word_1_415' title='bbox 1415 5094 1605 5146; x_wconf 86' lang='grc' dir='ltr'>πλάνοι</span> <span class='ocrx_word' id='word_1_416' title='bbox 1661 5092 1755 5145; x_wconf 68' lang='grc' dir='ltr'><strong>καὶ</strong></span> 
     </span>
    </p>
   </div>
   <div class='ocr_carea' id='block_1_66' title="bbox 166 5186 1644 5260">
    <p class='ocr_par' dir='ltr' id='par_1_66' title="bbox 166 5186 1644 5260">
     <span class='ocr_line' id='line_1_66' title="bbox 166 5186 1644 5260; baseline -0.007 -17"><span class='ocrx_word' id='word_1_417' title='bbox 166 5192 437 5260; x_wconf 80' lang='grc' dir='ltr'>ἀληθεῖς·</span> <span class='ocrx_word' id='word_1_418' title='bbox 461 5190 536 5250; x_wconf 84' lang='grc' dir='ltr'>ὠς</span> <span class='ocrx_word' id='word_1_419' title='bbox 562 5190 917 5256; x_wconf 78' lang='grc' dir='ltr'>ἀγνοούμενοι</span> <span class='ocrx_word' id='word_1_420' title='bbox 948 5190 1043 5241; x_wconf 75' lang='grc' dir='ltr'><strong>καὶ</strong></span> <span class='ocrx_word' id='word_1_421' title='bbox 1074 5186 1583 5255; x_wconf 73' lang='grc' dir='ltr'>ἐπιγινωσκόμενοι.</span> <span class='ocrx_word' id='word_1_422' title='bbox 1626 5201 1644 5233; x_wconf 71' lang='grc' dir='ltr'><strong>ι</strong></span> 
     </span>
    </p>
   </div>
   <div class='ocr_carea' id='block_1_67' title="bbox 256 5273 1754 5348">
    <p class='ocr_par' dir='ltr' id='par_1_67' title="bbox 256 5273 1754 5348">
     <span class='ocr_line' id='line_1_67' title="bbox 256 5273 1754 5348; baseline -0.007 -13"><span class='ocrx_word' id='word_1_423' title='bbox 256 5281 577 5348; x_wconf 69' lang='grc' dir='ltr'>Ἀριστερὰ</span> <span class='ocrx_word' id='word_1_424' title='bbox 600 5279 841 5333; x_wconf 86' lang='grc' dir='ltr'>καλεῖτά</span> <span class='ocrx_word' id='word_1_425' title='bbox 861 5279 1117 5331; x_wconf 78' lang='grc' dir='ltr'>δοκοῦντα</span> <span class='ocrx_word' id='word_1_426' title='bbox 1146 5274 1284 5330; x_wconf 72' lang='grc' dir='ltr'>εἶναι</span> <span class='ocrx_word' id='word_1_427' title='bbox 1315 5275 1555 5345; x_wconf 82' lang='grc' dir='ltr'>λυπηρὰ,</span> <span class='ocrx_word' id='word_1_428' title='bbox 1577 5273 1754 5325; x_wconf 83' lang='grc' dir='ltr'>καίτοι</span> 
     </span>
    </p>
   </div>
   <div class='ocr_carea' id='block_1_68' title="bbox 168 5363 1756 5440">
    <p class='ocr_par' dir='ltr' id='par_1_68' title="bbox 168 5363 1756 5440">
     <span class='ocr_line' id='line_1_68' title="bbox 168 5363 1756 5440; baseline -0.007 -15"><span class='ocrx_word' id='word_1_429' title='bbox 168 5375 354 5428; x_wconf 73' lang='grc' dir='ltr'>ταῦτά</span> <span class='ocrx_word' id='word_1_430' title='bbox 374 5376 491 5426; x_wconf 75' lang='grc' dir='ltr'>ἐστι</span> <span class='ocrx_word' id='word_1_431' title='bbox 522 5372 591 5424; x_wconf 78' lang='grc' dir='ltr'>τὰ</span> <span class='ocrx_word' id='word_1_432' title='bbox 612 5372 704 5423; x_wconf 83' lang='grc' dir='ltr'><strong>τὸν</strong></span> <span class='ocrx_word' id='word_1_433' title='bbox 731 5371 919 5440; x_wconf 75' lang='grc' dir='ltr'>μισθὸν</span> <span class='ocrx_word' id='word_1_434' title='bbox 936 5371 1147 5439; x_wconf 78' lang='grc' dir='ltr'>ἔχοντα.</span> <span class='ocrx_word' id='word_1_435' title='bbox 1170 5368 1305 5421; x_wconf 82' lang='grc' dir='ltr'>ἀλλὰ</span> <span class='ocrx_word' id='word_1_436' title='bbox 1326 5367 1467 5420; x_wconf 80' lang='grc' dir='ltr'>κατὰ</span> <span class='ocrx_word' id='word_1_437' title='bbox 1496 5365 1592 5435; x_wconf 81' lang='grc' dir='ltr'>τὴν</span> <span class='ocrx_word' id='word_1_438' title='bbox 1626 5363 1756 5415; x_wconf 78' lang='grc' dir='ltr'><strong>ὑπό-</strong></span> 
     </span>
    </p>
   </div>
   <div class='ocr_carea' id='block_1_69' title="bbox 168 5457 1754 5533">
    <p class='ocr_par' dir='ltr' id='par_1_69' title="bbox 168 5457 1754 5533">
     <span class='ocr_line' id='line_1_69' title="bbox 168 5457 1754 5533; baseline -0.008 -13"><span class='ocrx_word' id='word_1_439' title='bbox 168 5467 345 5533; x_wconf 65' lang='grc' dir='ltr'>ληψιν</span> <span class='ocrx_word' id='word_1_440' title='bbox 377 5464 489 5517; x_wconf 82' lang='grc' dir='ltr'><strong>τῶν</strong></span> <span class='ocrx_word' id='word_1_441' title='bbox 519 5464 727 5516; x_wconf 80' lang='grc' dir='ltr'>πολλῶν</span> <span class='ocrx_word' id='word_1_442' title='bbox 754 5464 926 5518; x_wconf 80' lang='grc' dir='ltr'>καλεῖ.</span> <span class='ocrx_word' id='word_1_443' title='bbox 956 5464 1129 5525; x_wconf 73' lang='grc' dir='ltr'>Δεξιὰ</span> <span class='ocrx_word' id='word_1_444' title='bbox 1160 5463 1235 5524; x_wconf 79' lang='grc' dir='ltr'><strong>δὲ,</strong></span> <span class='ocrx_word' id='word_1_445' title='bbox 1260 5461 1358 5522; x_wconf 77' lang='grc' dir='ltr'><strong>τας</strong></span> <span class='ocrx_word' id='word_1_446' title='bbox 1384 5459 1638 5527; x_wconf 79' lang='grc' dir='ltr'>δυνάμεις</span> <span class='ocrx_word' id='word_1_447' title='bbox 1659 5457 1754 5519; x_wconf 69' lang='grc' dir='ltr'>τὰς</span> 
     </span>
    </p>
   </div>
   <div class='ocr_carea' id='block_1_70' title="bbox 175 5555 607 5624">
    <p class='ocr_par' dir='ltr' id='par_1_70' title="bbox 175 5555 607 5624">
     <span class='ocr_line' id='line_1_70' title="bbox 175 5555 607 5624; baseline 0.009 -21"><span class='ocrx_word' id='word_1_448' title='bbox 175 5556 261 5606; x_wconf 70' lang='grc' dir='ltr'><strong>ινε</strong></span> <span class='ocrx_word' id='word_1_449' title='bbox 274 5571 410 5623; x_wconf 84' lang='grc' dir='ltr'>ργου</span> <span class='ocrx_word' id='word_1_450' title='bbox 420 5555 607 5624; x_wconf 81' lang='grc' dir='ltr'>μένας.</span> 
     </span>
    </p>
   </div>
   <div class='ocr_carea' id='block_1_71' title="bbox 256 5640 1447 5717">
    <p class='ocr_par' dir='ltr' id='par_1_71' title="bbox 256 5640 1447 5717">
     <span class='ocr_line' id='line_1_71' title="bbox 256 5640 1447 5717; baseline -0.006 -19"><span class='ocrx_word' id='word_1_451' title='bbox 256 5667 276 5698; x_wconf 75' lang='grc' dir='ltr'><strong>ι</strong></span> <span class='ocrx_word' id='word_1_452' title='bbox 326 5648 413 5709; x_wconf 82' lang='grc' dir='ltr'>Ὠς</span> <span class='ocrx_word' id='word_1_453' title='bbox 433 5647 889 5717; x_wconf 83' lang='grc' dir='ltr'>ἀποθνήσκοντες,</span> <span class='ocrx_word' id='word_1_454' title='bbox 923 5644 1016 5697; x_wconf 72' lang='grc' dir='ltr'><strong>καὶ</strong></span> <span class='ocrx_word' id='word_1_455' title='bbox 1054 5643 1160 5695; x_wconf 73' lang='grc' dir='ltr'>ἰδοὺ</span> <span class='ocrx_word' id='word_1_456' title='bbox 1188 5640 1391 5711; x_wconf 80' lang='grc' dir='ltr'>ζῶμεν.</span> <span class='ocrx_word' id='word_1_457' title='bbox 1432 5660 1447 5689; x_wconf 75' lang='grc' dir='ltr'><strong>ι</strong></span> 
     </span>
    </p>
   </div>
   <div class='ocr_carea' id='block_1_72' title="bbox 251 5731 1755 5809">
    <p class='ocr_par' dir='ltr' id='par_1_72' title="bbox 251 5731 1755 5809">
     <span class='ocr_line' id='line_1_72' title="bbox 251 5731 1755 5809; baseline -0.005 -20"><span class='ocrx_word' id='word_1_458' title='bbox 251 5739 429 5792; x_wconf 83' lang='grc' dir='ltr'>Τοῦτο</span> <span class='ocrx_word' id='word_1_459' title='bbox 460 5739 632 5809; x_wconf 85' lang='grc' dir='ltr'>λέγει,</span> <span class='ocrx_word' id='word_1_460' title='bbox 671 5739 885 5801; x_wconf 76' lang='grc' dir='ltr'>δεικνὺς</span> <span class='ocrx_word' id='word_1_461' title='bbox 924 5737 1021 5807; x_wconf 78' lang='grc' dir='ltr'><strong>τὴν</strong></span> <span class='ocrx_word' id='word_1_462' title='bbox 1046 5737 1252 5803; x_wconf 67' lang='grc' dir='ltr'>ἄφατον</span> <span class='ocrx_word' id='word_1_463' title='bbox 1286 5734 1375 5786; x_wconf 81' lang='grc' dir='ltr'>τοῦ</span> <span class='ocrx_word' id='word_1_464' title='bbox 1420 5731 1552 5785; x_wconf 82' lang='grc' dir='ltr'>Θεοῦ</span> <span class='ocrx_word' id='word_1_465' title='bbox 1592 5731 1755 5782; x_wconf 75' lang='grc' dir='ltr'>δύνα-</span> 
     </span>
    </p>
   </div>
   <div class='ocr_carea' id='block_1_73' title="bbox 182 5842 306 5889">
    <p class='ocr_par' dir='ltr' id='par_1_73' title="bbox 182 5842 306 5889">
     <span class='ocr_line' id='line_1_73' title="bbox 182 5842 306 5889; baseline 0.032 -11"><span class='ocrx_word' id='word_1_466' title='bbox 182 5844 219 5889; x_wconf 82' lang='grc' dir='ltr'><strong>ιι</strong></span> <span class='ocrx_word' id='word_1_467' title='bbox 230 5842 306 5883; x_wconf 75' lang='grc' dir='ltr'><strong>ιν.</strong></span> 
     </span>
    </p>
   </div>
   <div class='ocr_carea' id='block_1_74' title="bbox 1780 4565 1827 4622">
    <p class='ocr_par' dir='ltr' id='par_1_74' title="bbox 1780 4565 1827 4622">
     <span class='ocr_line' id='line_1_74' title="bbox 1780 4565 1827 4622; baseline 0 0"><span class='ocrx_word' id='word_1_468' title='bbox 1780 4565 1827 4622; x_wconf 92' lang='lat' dir='ltr'><strong>D</strong></span> 
     </span>
    </p>
   </div>
   <div class='ocr_carea' id='block_1_75' title="bbox 1848 2005 3427 2079">
    <p class='ocr_par' dir='ltr' id='par_1_75' title="bbox 1848 2005 3427 2079">
     <span class='ocr_line' id='line_1_75' title="bbox 1848 2005 3427 2079; baseline 0.004 -21"><span class='ocrx_word' id='word_1_469' title='bbox 1848 2005 2196 2070; x_wconf 81' lang='lat' dir='ltr'><strong>adhortatur,</strong></span> <span class='ocrx_word' id='word_1_470' title='bbox 2227 2022 2435 2075; x_wconf 83' lang='lat' dir='ltr'><strong>nosque</strong></span> <span class='ocrx_word' id='word_1_471' title='bbox 2466 2007 2735 2077; x_wconf 88' lang='lat' dir='ltr'><strong>legatione</strong></span> <span class='ocrx_word' id='word_1_472' title='bbox 2773 2008 3095 2079; x_wconf 77' lang='lat' dir='ltr'><strong>fungimur:</strong></span> <span class='ocrx_word' id='word_1_473' title='bbox 3129 2026 3197 2065; x_wconf 89' lang='lat' dir='ltr'><strong>ne</strong></span> <span class='ocrx_word' id='word_1_474' title='bbox 3223 2026 3288 2065; x_wconf 76' lang='lat' dir='ltr'><strong>ex</strong></span> <span class='ocrx_word' id='word_1_475' title='bbox 3320 2011 3427 2064; x_wconf 86' lang='lat' dir='ltr'><strong>hoc</strong></span> 
     </span>
    </p>
   </div>
   <div class='ocr_carea' id='block_1_76' title="bbox 1846 2098 3426 2164">
    <p class='ocr_par' dir='ltr' id='par_1_76' title="bbox 1846 2098 3426 2164">
     <span class='ocr_line' id='line_1_76' title="bbox 1846 2098 3426 2164; baseline 0.003 -13"><span class='ocrx_word' id='word_1_476' title='bbox 1846 2107 1992 2152; x_wconf 89' lang='lat' dir='ltr'><strong>statu</strong></span> <span class='ocrx_word' id='word_1_477' title='bbox 2022 2098 2359 2159; x_wconf 80' lang='lat' dir='ltr'><strong>relabantur.</strong></span> <span class='ocrx_word' id='word_1_478' title='bbox 2390 2099 2489 2153; x_wconf 89' lang='lat' dir='ltr'><strong>hos</strong></span> <span class='ocrx_word' id='word_1_479' title='bbox 2516 2116 2732 2154; x_wconf 90' lang='lat' dir='ltr'><strong>rursum</strong></span> <span class='ocrx_word' id='word_1_480' title='bbox 2762 2108 2951 2164; x_wconf 89' lang='lat' dir='ltr'><strong>terret,</strong></span> <span class='ocrx_word' id='word_1_481' title='bbox 2980 2100 3170 2155; x_wconf 88' lang='lat' dir='ltr'><strong>dicens</strong></span> <span class='ocrx_word' id='word_1_482' title='bbox 3204 2120 3217 2155; x_wconf 87' lang='lat'><strong>:</strong></span> <span class='ocrx_word' id='word_1_483' title='bbox 3252 2101 3333 2155; x_wconf 77' lang='lat' dir='ltr'><strong>Ne</strong></span> <span class='ocrx_word' id='word_1_484' title='bbox 3372 2104 3426 2156; x_wconf 84' lang='lat' dir='ltr'><strong>in</strong></span> 
     </span>
    </p>
   </div>
   <div class='ocr_carea' id='block_1_77' title="bbox 1846 2190 3426 2263">
    <p class='ocr_par' dir='ltr' id='par_1_77' title="bbox 1846 2190 3426 2263">
     <span class='ocr_line' id='line_1_77' title="bbox 1846 2190 3426 2263; baseline 0 -18"><span class='ocrx_word' id='word_1_485' title='bbox 1846 2206 2068 2245; x_wconf 72' lang='lat' dir='ltr'><strong>vacuum</strong></span> <span class='ocrx_word' id='word_1_486' title='bbox 2090 2191 2324 2261; x_wconf 81' lang='lat' dir='ltr'><strong>gratiam</strong></span> <span class='ocrx_word' id='word_1_487' title='bbox 2352 2190 2450 2244; x_wconf 84' lang='lat' dir='ltr'><strong>Dei</strong></span> <span class='ocrx_word' id='word_1_488' title='bbox 2492 2192 2779 2260; x_wconf 81' lang='lat' dir='ltr'><strong>urcipiaul.</strong></span> <span class='ocrx_word' id='word_1_489' title='bbox 2811 2193 2965 2244; x_wconf 79' lang='lat' dir='ltr'><strong>Absit</strong></span> <span class='ocrx_word' id='word_1_490' title='bbox 3000 2192 3179 2256; x_wconf 86' lang='lat' dir='ltr'><strong>enim,</strong></span> <span class='ocrx_word' id='word_1_491' title='bbox 3229 2193 3426 2263; x_wconf 86' lang='lat' dir='ltr'><strong>inquit,</strong></span> 
     </span>
    </p>
   </div>
   <div class='ocr_carea' id='block_1_78' title="bbox 1849 2282 3424 2350">
    <p class='ocr_par' dir='ltr' id='par_1_78' title="bbox 1849 2282 3424 2350">
     <span class='ocr_line' id='line_1_78' title="bbox 1849 2282 3424 2350; baseline 0 -15"><span class='ocrx_word' id='word_1_492' title='bbox 1849 2298 1938 2342; x_wconf 84' lang='lat' dir='ltr'><strong>ne.</strong></span> <span class='ocrx_word' id='word_1_493' title='bbox 1996 2284 2257 2349; x_wconf 84' lang='lat' dir='ltr'><strong>quoniam</strong></span> <span class='ocrx_word' id='word_1_494' title='bbox 2316 2282 2404 2334; x_wconf 89' lang='lat' dir='ltr'><strong>ille</strong></span> <span class='ocrx_word' id='word_1_495' title='bbox 2464 2282 2830 2345; x_wconf 76' lang='lat' dir='ltr'><strong>exhortatur,</strong></span> <span class='ocrx_word' id='word_1_496' title='bbox 2882 2290 2936 2335; x_wconf 89' lang='lat' dir='ltr'><strong>et</strong></span> <span class='ocrx_word' id='word_1_497' title='bbox 2986 2282 3195 2350; x_wconf 82' lang='lat' dir='ltr'><strong>legatos</strong></span> <span class='ocrx_word' id='word_1_498' title='bbox 3240 2284 3424 2346; x_wconf 86' lang='lat' dir='ltr'><strong>misit,</strong></span> 
     </span>
    </p>
   </div>
   <div class='ocr_carea' id='block_1_79' title="bbox 1850 2372 3427 2441">
    <p class='ocr_par' dir='ltr' id='par_1_79' title="bbox 1850 2372 3427 2441">
     <span class='ocr_line' id='line_1_79' title="bbox 1850 2372 3427 2441; baseline 0.004 -18"><span class='ocrx_word' id='word_1_499' title='bbox 1850 2381 2143 2441; x_wconf 81' lang='lat' dir='ltr'><strong>propterea</strong></span> <span class='ocrx_word' id='word_1_500' title='bbox 2190 2372 2544 2441; x_wconf 78' lang='lat' dir='ltr'><strong>negligentes</strong></span> <span class='ocrx_word' id='word_1_501' title='bbox 2606 2374 2803 2427; x_wconf 89' lang='lat' dir='ltr'><strong>simus.</strong></span> <span class='ocrx_word' id='word_1_502' title='bbox 2862 2374 3006 2438; x_wconf 84' lang='lat' dir='ltr'><strong>Quin</strong></span> <span class='ocrx_word' id='word_1_503' title='bbox 3052 2374 3235 2441; x_wconf 80' lang='lat' dir='ltr'><strong>potius</strong></span> <span class='ocrx_word' id='word_1_504' title='bbox 3296 2389 3427 2429; x_wconf 82' lang='lat' dir='ltr'><strong>cou-</strong></span> 
     </span>
    </p>
   </div>
   <div class='ocr_carea' id='block_1_80' title="bbox 1849 2463 3428 2534">
    <p class='ocr_par' dir='ltr' id='par_1_80' title="bbox 1849 2463 3428 2534">
     <span class='ocr_line' id='line_1_80' title="bbox 1849 2463 3428 2534; baseline 0.001 -18"><span class='ocrx_word' id='word_1_505' title='bbox 1849 2465 2075 2517; x_wconf 76' lang='lat' dir='ltr'><strong>tendere</strong></span> <span class='ocrx_word' id='word_1_506' title='bbox 2112 2463 2374 2518; x_wconf 79' lang='lat' dir='ltr'><strong>debemus</strong></span> <span class='ocrx_word' id='word_1_507' title='bbox 2418 2474 2473 2517; x_wconf 91' lang='lat' dir='ltr'><strong>ut</strong></span> <span class='ocrx_word' id='word_1_508' title='bbox 2514 2466 2831 2534; x_wconf 80' lang='lat' dir='ltr'><strong>placeamus</strong></span> <span class='ocrx_word' id='word_1_509' title='bbox 2863 2506 2877 2529; x_wconf 94' lang='lat'><strong>,</strong></span> <span class='ocrx_word' id='word_1_510' title='bbox 2916 2480 2986 2519; x_wconf 90' lang='lat' dir='ltr'><strong>ne</strong></span> <span class='ocrx_word' id='word_1_511' title='bbox 3028 2463 3231 2517; x_wconf 85' lang='lat' dir='ltr'><strong>talibus</strong></span> <span class='ocrx_word' id='word_1_512' title='bbox 3268 2464 3428 2518; x_wconf 85' lang='lat' dir='ltr'><strong>bonis</strong></span> 
     </span>
    </p>
   </div>
   <div class='ocr_carea' id='block_1_81' title="bbox 1849 2555 2195 2608">
    <p class='ocr_par' dir='ltr' id='par_1_81' title="bbox 1849 2555 2195 2608">
     <span class='ocr_line' id='line_1_81' title="bbox 1849 2555 2195 2608; baseline -0.003 0"><span class='ocrx_word' id='word_1_513' title='bbox 1849 2555 2195 2608; x_wconf 72' lang='lat' dir='ltr'><strong>exeidamus.</strong></span> 
     </span>
    </p>
   </div>
   <div class='ocr_carea' id='block_1_82' title="bbox 1924 2641 3429 2713">
    <p class='ocr_par' dir='ltr' id='par_1_82' title="bbox 1924 2641 3429 2713">
     <span class='ocr_line' id='line_1_82' title="bbox 1924 2641 3429 2713; baseline 0.005 -20"><span class='ocrx_word' id='word_1_514' title='bbox 1924 2662 1941 2693; x_wconf 74' lang='grc' dir='ltr'><strong>ι</strong></span> <span class='ocrx_word' id='word_1_515' title='bbox 1984 2641 2122 2698; x_wconf 82' lang='lat' dir='ltr'><strong>Ecce</strong></span> <span class='ocrx_word' id='word_1_516' title='bbox 2161 2658 2306 2696; x_wconf 90' lang='lat' dir='ltr'><strong>nunc</strong></span> <span class='ocrx_word' id='word_1_517' title='bbox 2339 2653 2553 2713; x_wconf 88' lang='lat' dir='ltr'><strong>tempus</strong></span> <span class='ocrx_word' id='word_1_518' title='bbox 2589 2645 2946 2713; x_wconf 86' lang='lat' dir='ltr'><strong>acceptabile,</strong></span> <span class='ocrx_word' id='word_1_519' title='bbox 2978 2658 3106 2699; x_wconf 89' lang='lat' dir='ltr'><strong>ecce</strong></span> <span class='ocrx_word' id='word_1_520' title='bbox 3133 2660 3281 2699; x_wconf 89' lang='lat' dir='ltr'><strong>nunc</strong></span> <span class='ocrx_word' id='word_1_521' title='bbox 3310 2643 3429 2701; x_wconf 69' lang='lat' dir='ltr'><strong>dies</strong></span> 
     </span>
    </p>
   </div>
   <div class='ocr_carea' id='block_1_83' title="bbox 1848 2734 2127 2789">
    <p class='ocr_par' dir='ltr' id='par_1_83' title="bbox 1848 2734 2127 2789">
     <span class='ocr_line' id='line_1_83' title="bbox 1848 2734 2127 2789; baseline -0.014 0"><span class='ocrx_word' id='word_1_522' title='bbox 1848 2734 2063 2789; x_wconf 87' lang='lat' dir='ltr'><strong>salutis.</strong></span> <span class='ocrx_word' id='word_1_523' title='bbox 2108 2752 2127 2785; x_wconf 69' lang='grc' dir='ltr'><strong>ι</strong></span> 
     </span>
    </p>
   </div>
   <div class='ocr_carea' id='block_1_84' title="bbox 1928 2822 3429 2895">
    <p class='ocr_par' dir='ltr' id='par_1_84' title="bbox 1928 2822 3429 2895">
     <span class='ocr_line' id='line_1_84' title="bbox 1928 2822 3429 2895; baseline 0.002 -20"><span class='ocrx_word' id='word_1_524' title='bbox 1928 2822 2170 2892; x_wconf 79' lang='lat' dir='ltr'><strong>Tempus</strong></span> <span class='ocrx_word' id='word_1_525' title='bbox 2214 2824 2351 2877; x_wconf 85' lang='lat' dir='ltr'><strong>dicit</strong></span> <span class='ocrx_word' id='word_1_526' title='bbox 2392 2823 2680 2884; x_wconf 91' lang='lat' dir='ltr'><strong>donorum,</strong></span> <span class='ocrx_word' id='word_1_527' title='bbox 2722 2832 2936 2893; x_wconf 88' lang='lat' dir='ltr'><strong>tempus</strong></span> <span class='ocrx_word' id='word_1_528' title='bbox 2963 2825 3171 2893; x_wconf 62' lang='lat' dir='ltr'><strong>gratiae,</strong></span> <span class='ocrx_word' id='word_1_529' title='bbox 3206 2824 3429 2895; x_wconf 85' lang='lat' dir='ltr'><strong>quando</strong></span> 
     </span>
    </p>
   </div>
   <div class='ocr_carea' id='block_1_85' title="bbox 1854 2920 3429 2987">
    <p class='ocr_par' dir='ltr' id='par_1_85' title="bbox 1854 2920 3429 2987">
     <span class='ocr_line' id='line_1_85' title="bbox 1854 2920 3429 2987; baseline 0.001 -18"><span class='ocrx_word' id='word_1_530' title='bbox 1854 2925 2211 2983; x_wconf 82' lang='lat' dir='ltr'><strong>peccatorum</strong></span> <span class='ocrx_word' id='word_1_531' title='bbox 2269 2932 2375 2969; x_wconf 85' lang='lat' dir='ltr'><strong>non</strong></span> <span class='ocrx_word' id='word_1_532' title='bbox 2434 2926 2803 2983; x_wconf 66' lang='lat' dir='ltr'><strong>repascuntnr</strong></span> <span class='ocrx_word' id='word_1_533' title='bbox 2850 2932 3043 2986; x_wconf 53' lang='lat' dir='ltr'><strong>paenae,</strong></span> <span class='ocrx_word' id='word_1_534' title='bbox 3091 2934 3190 2971; x_wconf 87' lang='lat' dir='ltr'><strong>nec</strong></span> <span class='ocrx_word' id='word_1_535' title='bbox 3223 2920 3429 2987; x_wconf 84' lang='lat' dir='ltr'><strong>persol-</strong></span> 
     </span>
    </p>
   </div>
   <div class='ocr_carea' id='block_1_86' title="bbox 1854 3008 3432 3080">
    <p class='ocr_par' dir='ltr' id='par_1_86' title="bbox 1854 3008 3432 3080">
     <span class='ocr_line' id='line_1_86' title="bbox 1854 3008 3432 3080; baseline 0.002 -21"><span class='ocrx_word' id='word_1_536' title='bbox 1854 3016 2093 3074; x_wconf 79' lang='lat' dir='ltr'><strong>vuntur;</strong></span> <span class='ocrx_word' id='word_1_537' title='bbox 2134 3008 2384 3080; x_wconf 80' lang='lat' dir='ltr'><strong>qttinttno</strong></span> <span class='ocrx_word' id='word_1_538' title='bbox 2433 3008 2596 3060; x_wconf 86' lang='lat' dir='ltr'><strong>simul</strong></span> <span class='ocrx_word' id='word_1_539' title='bbox 2629 3024 2753 3061; x_wconf 89' lang='lat' dir='ltr'><strong>cum</strong></span> <span class='ocrx_word' id='word_1_540' title='bbox 2802 3009 3256 3063; x_wconf 84' lang='lat' dir='ltr'><strong>reconciliatione</strong></span> <span class='ocrx_word' id='word_1_541' title='bbox 3307 3025 3432 3064; x_wconf 77' lang='lat' dir='ltr'><strong>sex-</strong></span> 
     </span>
    </p>
   </div>
   <div class='ocr_carea' id='block_1_87' title="bbox 1854 3100 3430 3171">
    <p class='ocr_par' dir='ltr' id='par_1_87' title="bbox 1854 3100 3430 3171">
     <span class='ocr_line' id='line_1_87' title="bbox 1854 3100 3430 3171; baseline 0.001 -18"><span class='ocrx_word' id='word_1_542' title='bbox 1854 3101 2031 3154; x_wconf 90' lang='lat' dir='ltr'><strong>centis</strong></span> <span class='ocrx_word' id='word_1_543' title='bbox 2057 3116 2276 3169; x_wconf 84' lang='lat' dir='ltr'><strong>quoque</strong></span> <span class='ocrx_word' id='word_1_544' title='bbox 2310 3100 2470 3153; x_wconf 89' lang='lat' dir='ltr'><strong>bonis</strong></span> <span class='ocrx_word' id='word_1_545' title='bbox 2505 3101 2664 3168; x_wconf 85' lang='lat' dir='ltr'><strong>potiti</strong></span> <span class='ocrx_word' id='word_1_546' title='bbox 2707 3101 2856 3154; x_wconf 88' lang='lat' dir='ltr'><strong>licet.</strong></span> <span class='ocrx_word' id='word_1_547' title='bbox 2889 3101 2967 3155; x_wconf 82' lang='lat' dir='ltr'><strong>Ne</strong></span> <span class='ocrx_word' id='word_1_548' title='bbox 3006 3116 3138 3171; x_wconf 85' lang='lat' dir='ltr'><strong>ergo</strong></span> <span class='ocrx_word' id='word_1_549' title='bbox 3166 3110 3430 3171; x_wconf 79' lang='lat' dir='ltr'><strong>Opportu-</strong></span> 
     </span>
    </p>
   </div>
   <div class='ocr_carea' id='block_1_88' title="bbox 1854 3193 3432 3267">
    <p class='ocr_par' dir='ltr' id='par_1_88' title="bbox 1854 3193 3432 3267">
     <span class='ocr_line' id='line_1_88' title="bbox 1854 3193 3432 3267; baseline 0.001 -22"><span class='ocrx_word' id='word_1_550' title='bbox 1854 3193 2086 3245; x_wconf 88' lang='lat' dir='ltr'><strong>nitatem</strong></span> <span class='ocrx_word' id='word_1_551' title='bbox 2141 3194 2411 3261; x_wconf 80' lang='lat' dir='ltr'><strong>temporis</strong></span> <span class='ocrx_word' id='word_1_552' title='bbox 2444 3193 2811 3267; x_wconf 71' lang='lat' dir='ltr'><strong>prodigamus.</strong></span> <span class='ocrx_word' id='word_1_553' title='bbox 2844 3193 2939 3247; x_wconf 87' lang='lat' dir='ltr'><strong>sed</strong></span> <span class='ocrx_word' id='word_1_554' title='bbox 2988 3194 3212 3263; x_wconf 90' lang='lat' dir='ltr'><strong>dignum</strong></span> <span class='ocrx_word' id='word_1_555' title='bbox 3243 3194 3432 3262; x_wconf 73' lang='lat' dir='ltr'><strong>gratia:</strong></span> 
     </span>
    </p>
   </div>
   <div class='ocr_carea' id='block_1_89' title="bbox 1853 3285 2502 3351">
    <p class='ocr_par' dir='ltr' id='par_1_89' title="bbox 1853 3285 2502 3351">
     <span class='ocr_line' id='line_1_89' title="bbox 1853 3285 2502 3351; baseline -0.003 -13"><span class='ocrx_word' id='word_1_556' title='bbox 1853 3285 2098 3338; x_wconf 85' lang='lat' dir='ltr'><strong>studium</strong></span> <span class='ocrx_word' id='word_1_557' title='bbox 2126 3285 2502 3351; x_wconf 71' lang='lat' dir='ltr'><strong>praeleramus.</strong></span> 
     </span>
    </p>
   </div>
   <div class='ocr_carea' id='block_1_90' title="bbox 1926 3370 3428 3431">
    <p class='ocr_par' dir='ltr' id='par_1_90' title="bbox 1926 3370 3428 3431">
     <span class='ocr_line' id='line_1_90' title="bbox 1926 3370 3428 3431; baseline -0.002 -6"><span class='ocrx_word' id='word_1_558' title='bbox 1926 3370 2094 3425; x_wconf 72' lang='lat' dir='ltr'><strong>Vens.</strong></span> <span class='ocrx_word' id='word_1_559' title='bbox 2134 3371 2254 3424; x_wconf 82' lang='lat'><strong>5-6.</strong></span> <span class='ocrx_word' id='word_1_560' title='bbox 2305 3391 2323 3422; x_wconf 75' lang='grc' dir='ltr'><strong>ι</strong></span> <span class='ocrx_word' id='word_1_561' title='bbox 2353 3371 2565 3425; x_wconf 83' lang='lat' dir='ltr'><strong>Nemini</strong></span> <span class='ocrx_word' id='word_1_562' title='bbox 2599 3372 2798 3426; x_wconf 88' lang='lat' dir='ltr'><strong>dantes</strong></span> <span class='ocrx_word' id='word_1_563' title='bbox 2830 3372 2995 3425; x_wconf 89' lang='lat' dir='ltr'><strong>ullam</strong></span> <span class='ocrx_word' id='word_1_564' title='bbox 3041 3371 3428 3431; x_wconf 73' lang='lat' dir='ltr'><strong>oﬂ‘ensionem,</strong></span> 
     </span>
    </p>
   </div>
   <div class='ocr_carea' id='block_1_91' title="bbox 1856 3462 3433 3531">
    <p class='ocr_par' dir='ltr' id='par_1_91' title="bbox 1856 3462 3433 3531">
     <span class='ocr_line' id='line_1_91' title="bbox 1856 3462 3433 3531; baseline 0.003 -17"><span class='ocrx_word' id='word_1_565' title='bbox 1856 3471 1915 3515; x_wconf 90' lang='lat' dir='ltr'><strong>ut</strong></span> <span class='ocrx_word' id='word_1_566' title='bbox 1955 3477 2063 3515; x_wconf 91' lang='lat' dir='ltr'><strong>non</strong></span> <span class='ocrx_word' id='word_1_567' title='bbox 2102 3464 2439 3531; x_wconf 83' lang='lat' dir='ltr'><strong>vituperetur</strong></span> <span class='ocrx_word' id='word_1_568' title='bbox 2484 3464 2878 3518; x_wconf 89' lang='lat' dir='ltr'><strong>ministerium.</strong></span> <span class='ocrx_word' id='word_1_569' title='bbox 2933 3462 3043 3517; x_wconf 89' lang='lat' dir='ltr'><strong>Sed</strong></span> <span class='ocrx_word' id='word_1_570' title='bbox 3086 3464 3141 3517; x_wconf 87' lang='lat' dir='ltr'><strong>itt</strong></span> <span class='ocrx_word' id='word_1_571' title='bbox 3174 3465 3433 3518; x_wconf 88' lang='lat' dir='ltr'><strong>omnibus</strong></span> 
     </span>
    </p>
   </div>
   <div class='ocr_carea' id='block_1_92' title="bbox 1852 3554 3433 3624">
    <p class='ocr_par' dir='ltr' id='par_1_92' title="bbox 1852 3554 3433 3624">
     <span class='ocr_line' id='line_1_92' title="bbox 1852 3554 3433 3624; baseline 0.001 -18"><span class='ocrx_word' id='word_1_572' title='bbox 1852 3554 2211 3608; x_wconf 78' lang='lat' dir='ltr'><strong>exhibeamus</strong></span> <span class='ocrx_word' id='word_1_573' title='bbox 2243 3570 2341 3608; x_wconf 91' lang='lat' dir='ltr'><strong>nos</strong></span> <span class='ocrx_word' id='word_1_574' title='bbox 2386 3555 2531 3608; x_wconf 87' lang='lat' dir='ltr'><strong>sicut</strong></span> <span class='ocrx_word' id='word_1_575' title='bbox 2566 3555 2660 3609; x_wconf 90' lang='lat' dir='ltr'><strong>Dei</strong></span> <span class='ocrx_word' id='word_1_576' title='bbox 2702 3556 2965 3621; x_wconf 84' lang='lat' dir='ltr'><strong>ministri,</strong></span> <span class='ocrx_word' id='word_1_577' title='bbox 3027 3557 3084 3609; x_wconf 95' lang='lat' dir='ltr'><strong>in</strong></span> <span class='ocrx_word' id='word_1_578' title='bbox 3130 3556 3300 3609; x_wconf 88' lang='lat' dir='ltr'><strong>multa</strong></span> <span class='ocrx_word' id='word_1_579' title='bbox 3336 3570 3433 3624; x_wconf 89' lang='lat' dir='ltr'><strong>pa-</strong></span> 
     </span>
    </p>
   </div>
   <div class='ocr_carea' id='block_1_93' title="bbox 1854 3632 3436 3709">
    <p class='ocr_par' dir='ltr' id='par_1_93' title="bbox 1854 3632 3436 3709">
     <span class='ocr_line' id='line_1_93' title="bbox 1854 3632 3436 3709; baseline 0.001 -12"><span class='ocrx_word' id='word_1_580' title='bbox 1854 3646 2066 3708; x_wconf 88' lang='lat' dir='ltr'><strong>tientia,</strong></span> <span class='ocrx_word' id='word_1_581' title='bbox 2108 3646 2163 3698; x_wconf 91' lang='lat' dir='ltr'><strong>in</strong></span> <span class='ocrx_word' id='word_1_582' title='bbox 2200 3647 2676 3709; x_wconf 87' lang='lat' dir='ltr'><strong>tribulationibus,</strong></span> <span class='ocrx_word' id='word_1_583' title='bbox 2702 3632 3217 3708; x_wconf 77' lang='lat' dir='ltr'><strong>innecessitatibus,</strong></span> <span class='ocrx_word' id='word_1_584' title='bbox 3255 3649 3307 3699; x_wconf 92' lang='lat' dir='ltr'><strong>in</strong></span> <span class='ocrx_word' id='word_1_585' title='bbox 3339 3662 3436 3699; x_wconf 88' lang='lat' dir='ltr'><strong>au-</strong></span> 
     </span>
    </p>
   </div>
   <div class='ocr_carea' id='block_1_94' title="bbox 1855 3735 3431 3803">
    <p class='ocr_par' dir='ltr' id='par_1_94' title="bbox 1855 3735 3431 3803">
     <span class='ocr_line' id='line_1_94' title="bbox 1855 3735 3431 3803; baseline 0.003 -17"><span class='ocrx_word' id='word_1_586' title='bbox 1855 3735 2083 3801; x_wconf 73' lang='lat' dir='ltr'><strong>guSIiis,</strong></span> <span class='ocrx_word' id='word_1_587' title='bbox 2120 3735 2171 3788; x_wconf 92' lang='lat' dir='ltr'><strong>iu</strong></span> <span class='ocrx_word' id='word_1_588' title='bbox 2197 3736 2397 3803; x_wconf 78' lang='lat' dir='ltr'><strong>plagis,</strong></span> <span class='ocrx_word' id='word_1_589' title='bbox 2423 3737 2478 3788; x_wconf 92' lang='lat' dir='ltr'><strong>iu</strong></span> <span class='ocrx_word' id='word_1_590' title='bbox 2509 3737 2847 3802; x_wconf 78' lang='lat' dir='ltr'><strong>carceribus,</strong></span> <span class='ocrx_word' id='word_1_591' title='bbox 2882 3737 2937 3790; x_wconf 90' lang='lat' dir='ltr'><strong>in</strong></span> <span class='ocrx_word' id='word_1_592' title='bbox 2969 3736 3431 3801; x_wconf 89' lang='lat' dir='ltr'><strong>seditionibus,in</strong></span> 
     </span>
    </p>
   </div>
   <div class='ocr_carea' id='block_1_95' title="bbox 1854 3824 3431 3893">
    <p class='ocr_par' dir='ltr' id='par_1_95' title="bbox 1854 3824 3431 3893">
     <span class='ocr_line' id='line_1_95' title="bbox 1854 3824 3431 3893; baseline 0.004 -18"><span class='ocrx_word' id='word_1_593' title='bbox 1854 3824 2077 3893; x_wconf 83' lang='lat' dir='ltr'><strong>vigiliis,</strong></span> <span class='ocrx_word' id='word_1_594' title='bbox 2113 3825 2166 3877; x_wconf 91' lang='lat' dir='ltr'><strong>in</strong></span> <span class='ocrx_word' id='word_1_595' title='bbox 2216 3826 2446 3893; x_wconf 88' lang='lat' dir='ltr'><strong>jejuniis</strong></span> <span class='ocrx_word' id='word_1_596' title='bbox 2473 3864 2488 3888; x_wconf 86' lang='lat'><strong>,</strong></span> <span class='ocrx_word' id='word_1_597' title='bbox 2544 3829 2599 3880; x_wconf 92' lang='lat' dir='ltr'><strong>in</strong></span> <span class='ocrx_word' id='word_1_598' title='bbox 2656 3830 2935 3892; x_wconf 83' lang='lat' dir='ltr'><strong>castitate,</strong></span> <span class='ocrx_word' id='word_1_599' title='bbox 2977 3830 3031 3882; x_wconf 93' lang='lat' dir='ltr'><strong>in</strong></span> <span class='ocrx_word' id='word_1_600' title='bbox 3073 3829 3329 3891; x_wconf 87' lang='lat' dir='ltr'><strong>scientia,</strong></span> <span class='ocrx_word' id='word_1_601' title='bbox 3377 3830 3431 3881; x_wconf 88' lang='lat' dir='ltr'><strong>in</strong></span> 
     </span>
    </p>
   </div>
   <div class='ocr_carea' id='block_1_96' title="bbox 1855 3915 2781 3982">
    <p class='ocr_par' dir='ltr' id='par_1_96' title="bbox 1855 3915 2781 3982">
     <span class='ocr_line' id='line_1_96' title="bbox 1855 3915 2781 3982; baseline 0.003 -16"><span class='ocrx_word' id='word_1_602' title='bbox 1855 3915 2295 3982; x_wconf 86' lang='lat' dir='ltr'><strong>longanimitate,</strong></span> <span class='ocrx_word' id='word_1_603' title='bbox 2328 3918 2381 3969; x_wconf 90' lang='lat' dir='ltr'><strong>in</strong></span> <span class='ocrx_word' id='word_1_604' title='bbox 2420 3919 2715 3972; x_wconf 86' lang='lat' dir='ltr'><strong>suavitate.</strong></span> <span class='ocrx_word' id='word_1_605' title='bbox 2762 3937 2781 3969; x_wconf 70' lang='grc' dir='ltr'><strong>ι</strong></span> 
     </span>
    </p>
   </div>
   <div class='ocr_carea' id='block_1_97' title="bbox 1926 4002 3435 4069">
    <p class='ocr_par' dir='ltr' id='par_1_97' title="bbox 1926 4002 3435 4069">
     <span class='ocr_line' id='line_1_97' title="bbox 1926 4002 3435 4069; baseline 0.004 -14"><span class='ocrx_word' id='word_1_606' title='bbox 1926 4002 2041 4056; x_wconf 88' lang='lat' dir='ltr'><strong>Iloc</strong></span> <span class='ocrx_word' id='word_1_607' title='bbox 2090 4016 2207 4069; x_wconf 89' lang='lat' dir='ltr'><strong>est,</strong></span> <span class='ocrx_word' id='word_1_608' title='bbox 2245 4006 2446 4060; x_wconf 88' lang='lat' dir='ltr'><strong>nemini</strong></span> <span class='ocrx_word' id='word_1_609' title='bbox 2482 4007 2678 4061; x_wconf 90' lang='lat' dir='ltr'><strong>dantes</strong></span> <span class='ocrx_word' id='word_1_610' title='bbox 2729 4008 3078 4062; x_wconf 86' lang='lat' dir='ltr'><strong>occasionem</strong></span> <span class='ocrx_word' id='word_1_611' title='bbox 3128 4023 3228 4061; x_wconf 91' lang='lat' dir='ltr'><strong>nos</strong></span> <span class='ocrx_word' id='word_1_612' title='bbox 3271 4022 3435 4062; x_wconf 76' lang='lat' dir='ltr'><strong>acru-</strong></span> 
     </span>
    </p>
   </div>
   <div class='ocr_carea' id='block_1_98' title="bbox 1855 4094 2551 4150">
    <p class='ocr_par' dir='ltr' id='par_1_98' title="bbox 1855 4094 2551 4150">
     <span class='ocr_line' id='line_1_98' title="bbox 1855 4094 2551 4150; baseline 0.003 -3"><span class='ocrx_word' id='word_1_613' title='bbox 1855 4094 2012 4147; x_wconf 87' lang='lat' dir='ltr'><strong>sandi</strong></span> <span class='ocrx_word' id='word_1_614' title='bbox 2044 4102 2097 4148; x_wconf 91' lang='lat' dir='ltr'><strong>et</strong></span> <span class='ocrx_word' id='word_1_615' title='bbox 2124 4096 2551 4150; x_wconf 85' lang='lat' dir='ltr'><strong>condemnandi.</strong></span> 
     </span>
    </p>
   </div>
   <div class='ocr_carea' id='block_1_99' title="bbox 1929 4186 3431 4257">
    <p class='ocr_par' dir='ltr' id='par_1_99' title="bbox 1929 4186 3431 4257">
     <span class='ocr_line' id='line_1_99' title="bbox 1929 4186 3431 4257; baseline 0.003 -18"><span class='ocrx_word' id='word_1_616' title='bbox 1929 4204 1949 4238; x_wconf 73' lang='grc' dir='ltr'><strong>ι</strong></span> <span class='ocrx_word' id='word_1_617' title='bbox 2007 4186 2065 4240; x_wconf 86' lang='lat' dir='ltr'><strong>In</strong></span> <span class='ocrx_word' id='word_1_618' title='bbox 2114 4186 2323 4257; x_wconf 88' lang='lat' dir='ltr'><strong>Spiritu</strong></span> <span class='ocrx_word' id='word_1_619' title='bbox 2372 4197 2599 4251; x_wconf 85' lang='lat' dir='ltr'><strong>sancto,</strong></span> <span class='ocrx_word' id='word_1_620' title='bbox 2651 4190 2705 4243; x_wconf 91' lang='lat' dir='ltr'><strong>in</strong></span> <span class='ocrx_word' id='word_1_621' title='bbox 2763 4189 3031 4245; x_wconf 88' lang='lat' dir='ltr'><strong>cbaritale</strong></span> <span class='ocrx_word' id='word_1_622' title='bbox 3085 4206 3194 4245; x_wconf 89' lang='lat' dir='ltr'><strong>non</strong></span> <span class='ocrx_word' id='word_1_623' title='bbox 3266 4191 3431 4257; x_wconf 66' lang='lat' dir='ltr'><strong>lit-ta,</strong></span> 
     </span>
    </p>
   </div>
   <div class='ocr_carea' id='block_1_100' title="bbox 1858 4276 2792 4349">
    <p class='ocr_par' dir='ltr' id='par_1_100' title="bbox 1858 4276 2792 4349">
     <span class='ocr_line' id='line_1_100' title="bbox 1858 4276 2792 4349; baseline 0 -19"><span class='ocrx_word' id='word_1_624' title='bbox 1858 4276 2046 4349; x_wconf 66' lang='lat' dir='ltr'><strong>Heus.</strong></span> <span class='ocrx_word' id='word_1_625' title='bbox 2088 4276 2142 4349; x_wconf 88' lang='lat'><strong>7]</strong></span> <span class='ocrx_word' id='word_1_626' title='bbox 2178 4280 2229 4331; x_wconf 90' lang='lat' dir='ltr'><strong>in</strong></span> <span class='ocrx_word' id='word_1_627' title='bbox 2263 4278 2427 4333; x_wconf 85' lang='lat' dir='ltr'><strong>verbo</strong></span> <span class='ocrx_word' id='word_1_628' title='bbox 2465 4280 2736 4333; x_wconf 86' lang='lat' dir='ltr'><strong>veritatis.</strong></span> <span class='ocrx_word' id='word_1_629' title='bbox 2774 4298 2792 4330; x_wconf 73' lang='grc' dir='ltr'><strong>ι</strong></span> 
     </span>
    </p>
   </div>
   <div class='ocr_carea' id='block_1_101' title="bbox 1924 4367 3429 4441">
    <p class='ocr_par' dir='ltr' id='par_1_101' title="bbox 1924 4367 3429 4441">
     <span class='ocr_line' id='line_1_101' title="bbox 1924 4367 3429 4441; baseline 0.005 -20"><span class='ocrx_word' id='word_1_630' title='bbox 1924 4367 2062 4422; x_wconf 84' lang='lat' dir='ltr'><strong>Nam</strong></span> <span class='ocrx_word' id='word_1_631' title='bbox 2098 4385 2192 4437; x_wconf 88' lang='lat' dir='ltr'><strong>per</strong></span> <span class='ocrx_word' id='word_1_632' title='bbox 2224 4371 2425 4439; x_wconf 90' lang='lat' dir='ltr'><strong>ipsum,</strong></span> <span class='ocrx_word' id='word_1_633' title='bbox 2470 4372 2681 4439; x_wconf 81' lang='lat' dir='ltr'><strong>inquit,</strong></span> <span class='ocrx_word' id='word_1_634' title='bbox 2731 4373 2916 4425; x_wconf 87' lang='lat' dir='ltr'><strong>omnia</strong></span> <span class='ocrx_word' id='word_1_635' title='bbox 2961 4380 3108 4425; x_wconf 68' lang='lat' dir='ltr'><strong>rei-te</strong></span> <span class='ocrx_word' id='word_1_636' title='bbox 3159 4374 3429 4441; x_wconf 82' lang='lat' dir='ltr'><strong>agimus:</strong></span> 
     </span>
    </p>
   </div>
   <div class='ocr_carea' id='block_1_102' title="bbox 1858 4461 3360 4532">
    <p class='ocr_par' dir='ltr' id='par_1_102' title="bbox 1858 4461 3360 4532">
     <span class='ocr_line' id='line_1_102' title="bbox 1858 4461 3360 4532; baseline 0.003 -19"><span class='ocrx_word' id='word_1_637' title='bbox 1858 4461 1943 4515; x_wconf 87' lang='lat' dir='ltr'><strong>vel</strong></span> <span class='ocrx_word' id='word_1_638' title='bbox 1980 4461 2086 4514; x_wconf 90' lang='lat' dir='ltr'><strong>hoc</strong></span> <span class='ocrx_word' id='word_1_639' title='bbox 2120 4462 2319 4525; x_wconf 89' lang='lat' dir='ltr'><strong>innuit,</strong></span> <span class='ocrx_word' id='word_1_640' title='bbox 2348 4463 2585 4530; x_wconf 84' lang='lat' dir='ltr'><strong>repletos</strong></span> <span class='ocrx_word' id='word_1_641' title='bbox 2613 4478 2711 4516; x_wconf 86' lang='lat' dir='ltr'><strong>nos</strong></span> <span class='ocrx_word' id='word_1_642' title='bbox 2742 4479 2867 4518; x_wconf 84' lang='lat' dir='ltr'><strong>esse</strong></span> <span class='ocrx_word' id='word_1_643' title='bbox 2906 4462 3116 4532; x_wconf 87' lang='lat' dir='ltr'><strong>Spiritu</strong></span> <span class='ocrx_word' id='word_1_644' title='bbox 3147 4471 3360 4518; x_wconf 78' lang='lat' dir='ltr'><strong>sancto.</strong></span> 
     </span>
    </p>
   </div>
   <div class='ocr_carea' id='block_1_103' title="bbox 1936 4636 3076 4706">
    <p class='ocr_par' dir='ltr' id='par_1_103' title="bbox 1936 4636 3076 4706">
     <span class='ocr_line' id='line_1_103' title="bbox 1936 4636 3076 4706; baseline 0.002 -19"><span class='ocrx_word' id='word_1_645' title='bbox 1936 4655 1955 4687; x_wconf 69' lang='grc' dir='ltr'><strong>ι</strong></span> <span class='ocrx_word' id='word_1_646' title='bbox 1987 4637 2046 4691; x_wconf 87' lang='lat' dir='ltr'><strong>In</strong></span> <span class='ocrx_word' id='word_1_647' title='bbox 2086 4638 2289 4690; x_wconf 87' lang='lat' dir='ltr'><strong>virtute</strong></span> <span class='ocrx_word' id='word_1_648' title='bbox 2311 4636 2424 4700; x_wconf 88' lang='lat' dir='ltr'><strong>Dei,</strong></span> <span class='ocrx_word' id='word_1_649' title='bbox 2457 4652 2551 4704; x_wconf 91' lang='lat' dir='ltr'><strong>per</strong></span> <span class='ocrx_word' id='word_1_650' title='bbox 2583 4651 2733 4689; x_wconf 89' lang='lat' dir='ltr'><strong>arma</strong></span> <span class='ocrx_word' id='word_1_651' title='bbox 2762 4637 3014 4706; x_wconf 75' lang='lat' dir='ltr'><strong>justitize.</strong></span> <span class='ocrx_word' id='word_1_652' title='bbox 3058 4657 3076 4689; x_wconf 76' lang='grc' dir='ltr'><strong>ι</strong></span> 
     </span>
    </p>
   </div>
   <div class='ocr_carea' id='block_1_104' title="bbox 1932 4820 3430 4891">
    <p class='ocr_par' dir='ltr' id='par_1_104' title="bbox 1932 4820 3430 4891">
     <span class='ocr_line' id='line_1_104' title="bbox 1932 4820 3430 4891; baseline 0.003 -18"><span class='ocrx_word' id='word_1_653' title='bbox 1932 4820 2045 4874; x_wconf 87' lang='lat' dir='ltr'><strong>lloc</strong></span> <span class='ocrx_word' id='word_1_654' title='bbox 2108 4832 2371 4889; x_wconf 86' lang='lat' dir='ltr'><strong>perpetuo</strong></span> <span class='ocrx_word' id='word_1_655' title='bbox 2433 4823 2666 4891; x_wconf 85' lang='lat' dir='ltr'><strong>repetit,</strong></span> <span class='ocrx_word' id='word_1_656' title='bbox 2736 4837 2848 4891; x_wconf 87' lang='lat' dir='ltr'><strong>quo</strong></span> <span class='ocrx_word' id='word_1_657' title='bbox 2914 4832 3090 4875; x_wconf 84' lang='lat' dir='ltr'><strong>totum</strong></span> <span class='ocrx_word' id='word_1_658' title='bbox 3155 4824 3208 4876; x_wconf 92' lang='lat' dir='ltr'><strong>in</strong></span> <span class='ocrx_word' id='word_1_659' title='bbox 3265 4822 3430 4878; x_wconf 77' lang='lat' dir='ltr'><strong>Deum</strong></span> 
     </span>
    </p>
   </div>
   <div class='ocr_carea' id='block_1_105' title="bbox 1860 4912 2691 4982">
    <p class='ocr_par' dir='ltr' id='par_1_105' title="bbox 1860 4912 2691 4982">
     <span class='ocr_line' id='line_1_105' title="bbox 1860 4912 2691 4982; baseline 0.001 -20"><span class='ocrx_word' id='word_1_660' title='bbox 1860 4912 2082 4963; x_wconf 80' lang='lat' dir='ltr'><strong>referat.</strong></span> <span class='ocrx_word' id='word_1_661' title='bbox 2687 4975 2691 4982; x_wconf 92' lang='lat'><em>_</em></span> 
     </span>
    </p>
   </div>
   <div class='ocr_carea' id='block_1_106' title="bbox 1937 4999 3432 5074">
    <p class='ocr_par' dir='ltr' id='par_1_106' title="bbox 1937 4999 3432 5074">
     <span class='ocr_line' id='line_1_106' title="bbox 1937 4999 3432 5074; baseline 0.005 -24"><span class='ocrx_word' id='word_1_662' title='bbox 1937 5018 1955 5050; x_wconf 76' lang='grc' dir='ltr'><strong>ι</strong></span> <span class='ocrx_word' id='word_1_663' title='bbox 1991 5003 2034 5053; x_wconf 78' lang='grc' dir='ltr'>Α</span> <span class='ocrx_word' id='word_1_664' title='bbox 2058 5002 2267 5055; x_wconf 70' lang='lat' dir='ltr'><strong>dextris</strong></span> <span class='ocrx_word' id='word_1_665' title='bbox 2298 5013 2351 5055; x_wconf 90' lang='lat' dir='ltr'><strong>et</strong></span> <span class='ocrx_word' id='word_1_666' title='bbox 2379 5016 2408 5053; x_wconf 88' lang='lat' dir='ltr'><strong>a</strong></span> <span class='ocrx_word' id='word_1_667' title='bbox 2444 5002 2716 5067; x_wconf 89' lang='lat' dir='ltr'><strong>sinistris;</strong></span> <span class='ocrx_word' id='word_1_668' title='bbox 2750 4999 2940 5071; x_wconf 74' lang='lat' dir='ltr'><strong>[Vsus.</strong></span> <span class='ocrx_word' id='word_1_669' title='bbox 2970 5002 3029 5074; x_wconf 77' lang='lat'><strong>8]</strong></span> <span class='ocrx_word' id='word_1_670' title='bbox 3078 5018 3175 5071; x_wconf 86' lang='lat' dir='ltr'><strong>per</strong></span> <span class='ocrx_word' id='word_1_671' title='bbox 3204 5005 3432 5073; x_wconf 85' lang='lat' dir='ltr'><strong>gloriam</strong></span> 
     </span>
    </p>
   </div>
   <div class='ocr_carea' id='block_1_107' title="bbox 1861 5093 3435 5162">
    <p class='ocr_par' dir='ltr' id='par_1_107' title="bbox 1861 5093 3435 5162">
     <span class='ocr_line' id='line_1_107' title="bbox 1861 5093 3435 5162; baseline 0.001 -17"><span class='ocrx_word' id='word_1_672' title='bbox 1861 5101 1914 5146; x_wconf 88' lang='lat' dir='ltr'><strong>et</strong></span> <span class='ocrx_word' id='word_1_673' title='bbox 1946 5093 2386 5161; x_wconf 82' lang='lat' dir='ltr'><strong>ignobilitatem;</strong></span> <span class='ocrx_word' id='word_1_674' title='bbox 2412 5108 2509 5162; x_wconf 92' lang='lat' dir='ltr'><strong>per</strong></span> <span class='ocrx_word' id='word_1_675' title='bbox 2532 5098 2731 5148; x_wconf 84' lang='lat' dir='ltr'><strong>bonam</strong></span> <span class='ocrx_word' id='word_1_676' title='bbox 2762 5104 2817 5147; x_wconf 90' lang='lat' dir='ltr'><strong>et</strong></span> <span class='ocrx_word' id='word_1_677' title='bbox 2848 5096 3047 5146; x_wconf 88' lang='lat' dir='ltr'><strong>malam</strong></span> <span class='ocrx_word' id='word_1_678' title='bbox 3078 5094 3278 5148; x_wconf 78' lang='lat' dir='ltr'><strong>famam</strong></span> <span class='ocrx_word' id='word_1_679' title='bbox 3304 5107 3322 5161; x_wconf 85' lang='lat'><strong><em>;</em></strong></span> <span class='ocrx_word' id='word_1_680' title='bbox 3375 5106 3435 5151; x_wconf 91' lang='lat' dir='ltr'><strong>ut</strong></span> 
     </span>
    </p>
   </div>
   <div class='ocr_carea' id='block_1_108' title="bbox 1861 5185 3253 5255">
    <p class='ocr_par' dir='ltr' id='par_1_108' title="bbox 1861 5185 3253 5255">
     <span class='ocr_line' id='line_1_108' title="bbox 1861 5185 3253 5255; baseline -0.002 -16"><span class='ocrx_word' id='word_1_681' title='bbox 1861 5185 2174 5240; x_wconf 75' lang='lat' dir='ltr'><strong>seductores</strong></span> <span class='ocrx_word' id='word_1_682' title='bbox 2212 5194 2265 5238; x_wconf 89' lang='lat' dir='ltr'><strong>et</strong></span> <span class='ocrx_word' id='word_1_683' title='bbox 2298 5201 2545 5250; x_wconf 84' lang='lat' dir='ltr'><strong>veraces;</strong></span> <span class='ocrx_word' id='word_1_684' title='bbox 2579 5197 2639 5239; x_wconf 92' lang='lat' dir='ltr'><strong>ut</strong></span> <span class='ocrx_word' id='word_1_685' title='bbox 2669 5185 2840 5255; x_wconf 82' lang='lat' dir='ltr'><strong>ignoti</strong></span> <span class='ocrx_word' id='word_1_686' title='bbox 2875 5196 2930 5239; x_wconf 90' lang='lat' dir='ltr'><strong>et</strong></span> <span class='ocrx_word' id='word_1_687' title='bbox 2972 5186 3198 5255; x_wconf 81' lang='lat' dir='ltr'><strong>cogniti.</strong></span> <span class='ocrx_word' id='word_1_688' title='bbox 3234 5204 3253 5236; x_wconf 70' lang='grc' dir='ltr'><strong>ι</strong></span> 
     </span>
    </p>
   </div>
   <div class='ocr_carea' id='block_1_109' title="bbox 1931 5273 3431 5345">
    <p class='ocr_par' dir='ltr' id='par_1_109' title="bbox 1931 5273 3431 5345">
     <span class='ocr_line' id='line_1_109' title="bbox 1931 5273 3431 5345; baseline 0 -16"><span class='ocrx_word' id='word_1_689' title='bbox 1931 5273 2165 5329; x_wconf 72' lang='lat' dir='ltr'><strong>Sinistra</strong></span> <span class='ocrx_word' id='word_1_690' title='bbox 2200 5277 2441 5345; x_wconf 87' lang='lat' dir='ltr'><strong>appellat</strong></span> <span class='ocrx_word' id='word_1_691' title='bbox 2460 5291 2579 5344; x_wconf 72' lang='lat' dir='ltr'><strong>qua:</strong></span> <span class='ocrx_word' id='word_1_692' title='bbox 2606 5277 2789 5330; x_wconf 89' lang='lat' dir='ltr'><strong>tristia</strong></span> <span class='ocrx_word' id='word_1_693' title='bbox 2816 5284 2965 5330; x_wconf 90' lang='lat' dir='ltr'><strong>sunt.</strong></span> <span class='ocrx_word' id='word_1_694' title='bbox 2988 5275 3156 5344; x_wconf 84' lang='lat' dir='ltr'><strong>Atqui</strong></span> <span class='ocrx_word' id='word_1_695' title='bbox 3183 5275 3431 5342; x_wconf 74' lang='lat' dir='ltr'><strong>hacipsa</strong></span> 
     </span>
    </p>
   </div>
   <div class='ocr_carea' id='block_1_110' title="bbox 1861 5365 3431 5436">
    <p class='ocr_par' dir='ltr' id='par_1_110' title="bbox 1861 5365 3431 5436">
     <span class='ocr_line' id='line_1_110' title="bbox 1861 5365 3431 5436; baseline -0.001 -15"><span class='ocrx_word' id='word_1_696' title='bbox 1861 5376 2123 5436; x_wconf 70' lang='lat' dir='ltr'><strong>siintquie</strong></span> <span class='ocrx_word' id='word_1_697' title='bbox 2148 5369 2453 5422; x_wconf 87' lang='lat' dir='ltr'><strong>mercedem</strong></span> <span class='ocrx_word' id='word_1_698' title='bbox 2480 5368 2835 5421; x_wconf 89' lang='lat' dir='ltr'><strong>demerentur</strong></span> <span class='ocrx_word' id='word_1_699' title='bbox 2860 5384 2875 5421; x_wconf 87' lang='lat'><strong>:</strong></span> <span class='ocrx_word' id='word_1_700' title='bbox 2909 5365 3003 5420; x_wconf 87' lang='lat' dir='ltr'><strong>sed</strong></span> <span class='ocrx_word' id='word_1_701' title='bbox 3030 5366 3110 5421; x_wconf 84' lang='lat' dir='ltr'><strong>sic</strong></span> <span class='ocrx_word' id='word_1_702' title='bbox 3137 5381 3200 5420; x_wconf 88' lang='lat' dir='ltr'><strong>ea</strong></span> <span class='ocrx_word' id='word_1_703' title='bbox 3230 5367 3431 5419; x_wconf 87' lang='lat' dir='ltr'><strong>vocitat</strong></span> 
     </span>
    </p>
   </div>
   <div class='ocr_carea' id='block_1_111' title="bbox 1861 5456 3427 5526">
    <p class='ocr_par' dir='ltr' id='par_1_111' title="bbox 1861 5456 3427 5526">
     <span class='ocr_line' id='line_1_111' title="bbox 1861 5456 3427 5526; baseline -0.003 -15"><span class='ocrx_word' id='word_1_704' title='bbox 1861 5458 2155 5511; x_wconf 88' lang='lat' dir='ltr'><strong>secundum</strong></span> <span class='ocrx_word' id='word_1_705' title='bbox 2174 5458 2630 5511; x_wconf 82' lang='lat' dir='ltr'><strong>existimationem</strong></span> <span class='ocrx_word' id='word_1_706' title='bbox 2674 5456 2840 5526; x_wconf 83' lang='lat' dir='ltr'><strong>vulgi.</strong></span> <span class='ocrx_word' id='word_1_707' title='bbox 2869 5456 3071 5509; x_wconf 74' lang='lat' dir='ltr'><strong>Dextra</strong></span> <span class='ocrx_word' id='word_1_708' title='bbox 3117 5470 3267 5522; x_wconf 84' lang='lat' dir='ltr'><strong>vero,</strong></span> <span class='ocrx_word' id='word_1_709' title='bbox 3315 5456 3427 5508; x_wconf 84' lang='lat' dir='ltr'><strong>vir-</strong></span> 
     </span>
    </p>
   </div>
   <div class='ocr_carea' id='block_1_112' title="bbox 1863 5555 2511 5616">
    <p class='ocr_par' dir='ltr' id='par_1_112' title="bbox 1863 5555 2511 5616">
     <span class='ocr_line' id='line_1_112' title="bbox 1863 5555 2511 5616; baseline 0 -17"><span class='ocrx_word' id='word_1_710' title='bbox 1863 5555 2004 5601; x_wconf 86' lang='lat' dir='ltr'><strong>tutes</strong></span> <span class='ocrx_word' id='word_1_711' title='bbox 2042 5562 2162 5616; x_wconf 62' lang='lat' dir='ltr'><strong>quae</strong></span> <span class='ocrx_word' id='word_1_712' title='bbox 2196 5561 2511 5615; x_wconf 83' lang='lat' dir='ltr'><strong>operantur.</strong></span> 
     </span>
    </p>
   </div>
   <div class='ocr_carea' id='block_1_113' title="bbox 1940 5636 3351 5704">
    <p class='ocr_par' dir='ltr' id='par_1_113' title="bbox 1940 5636 3351 5704">
     <span class='ocr_line' id='line_1_113' title="bbox 1940 5636 3351 5704; baseline -0.001 -17"><span class='ocrx_word' id='word_1_713' title='bbox 1940 5638 2094 5693; x_wconf 75' lang='lat' dir='ltr'><strong>Vsus.</strong></span> <span class='ocrx_word' id='word_1_714' title='bbox 2121 5642 2173 5693; x_wconf 85' lang='lat'><strong>9.</strong></span> <span class='ocrx_word' id='word_1_715' title='bbox 2215 5658 2232 5689; x_wconf 77' lang='grc' dir='ltr'><strong>ι</strong></span> <span class='ocrx_word' id='word_1_716' title='bbox 2266 5638 2432 5704; x_wconf 82' lang='lat' dir='ltr'><strong>Quasi</strong></span> <span class='ocrx_word' id='word_1_717' title='bbox 2465 5638 2782 5701; x_wconf 83' lang='lat' dir='ltr'><strong>morientes,</strong></span> <span class='ocrx_word' id='word_1_718' title='bbox 2812 5647 2866 5690; x_wconf 87' lang='lat' dir='ltr'><strong>et</strong></span> <span class='ocrx_word' id='word_1_719' title='bbox 2891 5649 3018 5690; x_wconf 86' lang='lat' dir='ltr'><strong>ecce</strong></span> <span class='ocrx_word' id='word_1_720' title='bbox 3043 5636 3295 5688; x_wconf 81' lang='lat' dir='ltr'><strong>vivimus.</strong></span> <span class='ocrx_word' id='word_1_721' title='bbox 3331 5653 3351 5685; x_wconf 73' lang='grc' dir='ltr'><strong>ι</strong></span> 
     </span>
    </p>
   </div>
   <div class='ocr_carea' id='block_1_114' title="bbox 1935 5726 3431 5799">
    <p class='ocr_par' dir='ltr' id='par_1_114' title="bbox 1935 5726 3431 5799">
     <span class='ocr_line' id='line_1_114' title="bbox 1935 5726 3431 5799; baseline -0.003 -17"><span class='ocrx_word' id='word_1_722' title='bbox 1935 5748 1952 5778; x_wconf 74' lang='grc' dir='ltr'><strong>ι</strong></span> <span class='ocrx_word' id='word_1_723' title='bbox 1991 5730 2107 5786; x_wconf 81' lang='lat' dir='ltr'><strong>Hoc</strong></span> <span class='ocrx_word' id='word_1_724' title='bbox 2138 5730 2289 5784; x_wconf 88' lang='lat' dir='ltr'><strong>dicto</strong></span> <span class='ocrx_word' id='word_1_725' title='bbox 2327 5729 2767 5799; x_wconf 84' lang='lat' dir='ltr'><strong>inexplicabilem</strong></span> <span class='ocrx_word' id='word_1_726' title='bbox 2810 5726 2903 5781; x_wconf 89' lang='lat' dir='ltr'><strong>Dei</strong></span> <span class='ocrx_word' id='word_1_727' title='bbox 2948 5726 3204 5781; x_wconf 77' lang='lat' dir='ltr'><strong>virtutem</strong></span> <span class='ocrx_word' id='word_1_728' title='bbox 3245 5732 3431 5778; x_wconf 79' lang='lat' dir='ltr'><strong>osten-</strong></span> 
     </span>
    </p>
   </div>
   <div class='ocr_carea' id='block_1_115' title="bbox 1866 5820 1957 5875">
    <p class='ocr_par' dir='ltr' id='par_1_115' title="bbox 1866 5820 1957 5875">
     <span class='ocr_line' id='line_1_115' title="bbox 1866 5820 1957 5875; baseline -0.055 0"><span class='ocrx_word' id='word_1_729' title='bbox 1866 5820 1957 5875; x_wconf 81' lang='lat' dir='ltr'><strong>dit.</strong></span> 
     </span>
    </p>
   </div>
  </div>
