4218 6448
827 421 931 486 739

903 555 919 582 ι
971 531 1035 584 L't
1062 532 1332 597 cztSligaLi,
1367 543 1419 584 et
1453 549 1560 587 non
1596 535 1928 588 mnrtilieati.
1971 555 1991 588 ι

901 621 1060 691 139
1112 622 1236 676 Istis
1286 639 1500 693 quoque
1537 627 1722 680 verbis
1770 634 2013 693 enarrat,
2048 642 2170 696 quze
2228 643 2395 681 causa

826 711 919 776 sit,
947 728 1048 766 cur
1105 711 1245 766 Deus
1273 716 1384 768 haec
1406 718 1707 784 permittat.
1735 715 1869 770 Nam
1899 734 2062 787 qucnt
2111 719 2255 772 Deus
2276 719 2400 772 dili-

824 805 931 870 git,
973 801 1197 868 corripit
1224 804 1285 858 ".

900 891 1064 948 Vens.
1099 895 1183 949 ίθ.
1224 914 1242 947 ι
1298 895 1708 962 QuasiJristcs,
1744 914 1962 966 semper
2023 907 2205 951 autem
2256 916 2395 968 gau—

827 985 1018 1038 dentes
1046 1005 1058 1039 :
1095 989 1720 1056 sicutegentes,tnultos
1744 1001 1918 1042 autent
1963 991 2394 1057 Iocuplelautcs;

829 1084 1084 1144 tanquam
1119 1080 1253 1132 nihil
1274 1080 1557 1143 habentes,
1579 1089 1633 1134 et
1659 1083 1838 1134 omnia
1871 1082 2238 1148 possidentes.
2270 1102 2288 1132 ι

896 1166 1030 1219 Nam
1062 1170 1132 1222 ab
1180 1169 1248 1223 iis
1279 1171 1370 1238 qtti
1405 1171 1539 1226 loris
1607 1180 1754 1234 sunt,
1790 1173 1843 1224 in
1909 1187 2145 1226 tumrore
2193 1173 2397 1226 versari

827 1267 1123 1325 putamur;
1151 1276 1279 1313 cum
1327 1273 1505 1314 tamen
1554 1262 1756 1330 ingenti
1782 1261 2064 1330 voluptate
2109 1263 2398 1332 perfunda-

834 1366 976 1402 mur.
1031 1352 1225 1404 IS"le
1271 1354 1454 1406 omnia
1487 1355 1763 1418 edisserit,
1805 1355 2040 1407 suadens
2080 1370 2148 1406 ne
2181 1364 2399 1423 propter

827 1442 971 1509 vulgi
1030 1443 1340 1510 Opinionem
1405 1447 1710 1509 turbentur,
1769 1447 1872 1499 etsi
1930 1445 2250 1499 seductores
2303 1462 2398 1498 vo-

825 1539 970 1597 ceut,
999 1534 1104 1588 etsi
1151 1535 1547 1590 eondeumatos
1577 1545 1871 1601 censeant,
1908 1538 2011 1590 etsi
2060 1537 2219 1589 morti
2266 1535 2394 1590 des-

837 1626 1062 1689 tinatos,
1094 1628 1199 1680 etsi
1246 1628 1466 1679 tristitia
1514 1627 1886 1691 conﬁciantur,
1939 1627 2023 1679 vel
2079 1637 2397 1695 paupertate

828 1728 1152 1782 atteramur,
1181 1735 1244 1772 ac
1277 1720 1409 1772 nihil
1443 1720 1667 1773 omnino
1701 1719 2101 1787 possideamus.

895 1809 1059 1864 Vens.
1099 1811 1181 1862 ll.
1221 1828 1239 1860 ι
1280 1809 1354 1864 Os
1382 1817 1633 1863 nostrum
1695 1816 1843 1877 patet
1871 1809 1936 1861 ad
1963 1823 2083 1872 vos,
2117 1822 2150 1862 ο
2188 1806 2392 1861 Corin-

822 1898 943 1950 thii.
979 1917 997 1948 ι

894 1986 1207 2064 Recensitis
1232 2002 1368 2056 quas
1387 1987 1696 2056 patiebatur
1715 1988 2111 2042 tentationibus
2127 1996 2182 2040 et
2202 2002 2399 2040 aerum-

819 2080 934 2143 nis,
981 2080 1176 2132 transit
1232 2080 1297 2131 ad
1347 2079 1635 2132 dicendum
1679 2080 1747 2133 de
1802 2081 2093 2134 charitate.
2150 2078 2310 2132 Velut
2350 2080 2396 2133 si

2005 429 2066 486 Β,
2101 426 2417 485 JOANNIS
2449 427 2876 489 DAMASCENI

2577 562 2592 590 ι
2648 542 2736 604 Ὠς
2766 542 3167 612 παιδευόμενοι,
3205 547 3299 598 καὶ
3341 546 3416 616 μὴ
3451 545 3866 615 θανατούμενοι.
3905 568 3924 598 ι

2572 632 2681 685 Καὶ
2714 632 2870 684 τοῦτο
2897 633 3064 700 λέγει,
3095 635 3352 687 δεικνύων
3379 636 3474 687 καὶ
3518 634 3662 696 τίνος
3691 636 3874 687 ἕνεκεν
3900 635 4074 688 ταῦτα

2504 725 2776 791 συγχωρεῖ
2800 723 2828 774 ό
2859 722 3022 785 Θεός·
3057 724 3115 776 ὃν
3143 725 3252 797 γὰρ
3297 726 3488 796 ἀγαπᾷ
3540 727 3763 796 Κύριος,
3809 729 3905 780 καὶ
3956 745 4067 803 παιἔ

2500 809 2666 862 δεύει.

2577 921 2594 951 ι
2638 901 2725 964 Ὡς
2753 901 3085 972 λυπούμενοι
3110 946 3125 970 ,
3179 906 3267 958 ἀεὶ
3313 906 3370 957 δὲ
3402 907 3680 976 χαίροντες
3700 926 3714 939 ο
3743 909 3818 972 ὡς
3842 913 4070 978 πτωχοὶ,

2500 991 2730 1056 πολλοὺς
2774 993 2831 1046 δὲ
2877 994 3292 1059 πλουτίζοντεςο
3353 998 3429 1060 ὡς
3475 999 3642 1069 μηδὲν
3683 999 3920 1068 ἔχοντες,
3979 1006 4071 1054 καὶ

2501 1086 2678 1138 πάντα
2708 1086 3050 1154 κατέχοντες.
3083 1106 3101 1136 ι

2569 1175 2730 1246 Παρὰ
2765 1177 2864 1244 μὲν
2891 1178 3000 1248 γὰρ
3026 1179 3140 1240 τοῖς
3177 1178 3281 1244 ἔξω
3315 1179 3732 1249 ὑποπευόμεθα
3777 1183 3835 1234 ὲν
3863 1183 4071 1255 ἀθυμία

2500 1262 2656 1331 εἶναι,
2673 1269 2834 1337 ⁴ἡμεῖς
2853 1268 2909 1320 δὲ
2929 1269 3028 1338 τὴν
3046 1269 3240 1340 ἡδονὴν
3257 1270 3616 1340 ἀκμάζουσαν
3641 1272 3858 1341 ἔχομεν.
3884 1274 4072 1327 Ταῦτα

2499 1359 2553 1410 δὲ
2586 1360 2762 1413 πάντα
2795 1360 2962 1428 λέγει,
3003 1362 3241 1414 κελεύων
3280 1363 3356 1432 μὴ
3399 1365 3762 1431 ταράττεσθαι
3805 1368 3927 1426 ταῖς
3966 1366 4072 1418 τῶν

2501 1449 2710 1501 πολλῶν
2730 1449 2928 1513 δόξαις,
2963 1452 3064 1503 κᾶν
3091 1453 3328 1515 πλάνους
3367 1453 3588 1520 λέγωσι,
3616 1457 3720 1506 κᾶν
3746 1456 4073 1518 καταδίκους

2499 1538 2782 1607 νομίσωσι,
2814 1540 2916 1593 κᾶν
2965 1541 3371 1604 ἐπιθανατίους,
3404 1543 3507 1596 κᾶν
3531 1543 3842 1610 λυπεῖσθαι,
3875 1545 3983 1599 κᾶν
4015 1548 4072 1598 ὲν

2498 1632 2738 1700 πτωχείᾳ⁵
2766 1629 2928 1698 εἶναι,
2951 1634 3054 1687 κᾶν
3078 1635 3243 1704 μηδὲν
3277 1635 3440 1704 ἔχειν.

2572 1827 2591 1859 ι
2630 1809 2704 1860 Τὸ
2729 1809 2903 1878 στόμα
2932 1809 3088 1880 ἡμῶν
3119 1812 3329 1881 ἀνέῳγε
3359 1812 3496 1884 πρὸς
3529 1812 3696 1883 ὑμᾶς,
3723 1813 4022 1884 Κορίνθιοι.
4048 1833 4063 1863 ι

2567 1985 2978 2053 Διηγησαμενος
3006 1984 3075 2038 τὰ
3102 1985 3352 2054 περὶτῶν
3391 1985 3586 2040 ἑαυτοῦ
3618 1988 3946 2058 πειρασμῶν
3978 1990 4070 2040 καὶ

2499 2075 2753 2144 θλίψεων,
2782 2079 2861 2139 είς
2898 2077 2992 2129 τὸν
3022 2077 3265 2147 περὶτῆς
3289 2079 3507 2147 ἀγάπης
3539 2078 3856 2149 μεταϐαίνει
3889 2079 4065 2144 λόγον·

819 2168 1056 2220 «Ιίσει-ειι
1095 2169 1149 2220 in
1199 2176 1471 2236 potestate
1527 2177 1715 2222 nostra
1773 2171 2014 2238 positum
2053 2185 2162 2223 non
2199 2181 2302 2232 est,
2339 2178 2398 2222 ut

2498 2169 2682 2236 ὅμοιον
2704 2167 2763 2220 δὲ
2800 2167 2876 2230 ὼς
2899 2171 2947 2221 εί
2972 2168 3122 2236 λέγοι
3145 2184 3160 2198 ⁸
3207 2170 3320 2221 Οὐκ
3349 2170 3660 2238 ἀνεχόμεθα
3691 2171 3902 2240 σιωπᾷν
3931 2171 4067 2240 πρὸς

817 2259 1074 2312 sileamus
1098 2259 1243 2328 apud
1282 2275 1377 2314 vos
1403 2300 1418 2321 ,
1454 2260 1548 2314 sed
1577 2260 1788 2313 ardenti
1823 2261 2005 2314 studio
2066 2261 2215 2330 loqui
2269 2277 2396 2330 pcr-

817 2349 1070 2416 cupimns
1094 2359 1149 2403 et
1174 2364 1478 2404 sermonem
1527 2349 1730 2404 habere
1758 2368 1771 2404 :
1811 2350 1862 2404 id
1889 2351 2032 2421 quod
2072 2351 2234 2420 plane
2259 2350 2397 2404 solet

817 2441 1130 2495 amantibus
1154 2442 1426 2495 accidere.

889 2549 908 2582 ι
939 2531 1046 2585 Cor
1081 2541 1326 2587 nostrum
1362 2533 1648 2586 dilatatum
1677 2539 1782 2587 est.
1817 2551 1837 2584 ι

885 2624 1159 2684 Charitas.
1211 2625 1384 2678 calida
1435 2641 1558 2678 cum
1591 2626 1680 2689 sit,
1740 2639 1802 2679 os
1824 2624 2084 2679 excitavit
2127 2623 2304 2688 Pauli,
2337 2632 2393 2680 et

815 2730 914 2768 cor
945 2715 1094 2769 illius
1123 2716 1394 2769 dilatavit.
1450 2713 1566 2768 Non
1597 2715 1742 2768 enim
1777 2731 1873 2771 ore
1904 2717 2171 2770 duntaxat
2194 2717 2388 2785 diligo,

818 2808 1014 2876 inquit,
1050 2810 1145 2862 sed
1167 2815 1222 2862 et
1249 2808 1414 2862 etiam
1449 2822 1545 2860 cor
1575 2808 1742 2860 labiis
1776 2822 2083 2862 consonum
2139 2808 2335 2862 habeo.

890 2981 1053 3036 Vens.
1085 2980 1168 3033 12.
1207 2998 1226 3031 ι
1266 2980 1382 3034 Νοιι
1415 2981 1806 3050 angustiamini
1841 2981 1896 3034 in
1929 2981 2118 3036 nobis.
2158 3001 2176 3032 ι

884 3073 1131 3125 Cunctos
1162 3071 1310 3124 intus
1365 3070 1809 3138 cntnplectimur,
1849 3069 2070 3138 inquit;
2101 3085 2279 3142 neque
2327 3072 2379 3126 id

819 3165 1022 3226 Solum,
1060 3161 1154 3215 sed
1187 3168 1242 3215 et
1278 3176 1403 3213 cmn
1437 3173 1634 3228 magna
1676 3160 1987 3214 latitudine.

892 3271 911 3304 ι
959 3252 1366 3322 Augustianiini
1423 3261 1606 3304 autem
1671 3251 1725 3303 in
1787 3251 2100 3305 visceribus
2153 3255 2378 3308 vestris.

817 3343 1025 3414 [Vt-ms.
1063 3343 1147 3395 t5.
1179 3341 1196 3412 ]
1231 3340 1490 3394 Eamdem
1523 3354 1651 3392 vero
1706 3341 2233 3394 remunerationem.
2277 3361 2296 3392 ι

889 3434 1194 3500 lncrepatio
1231 3446 1457 3501 quoque
1481 3445 1512 3482 a
1547 3429 1710 3482 nobis
1735 3430 1905 3483 multa
1929 3444 2056 3483 cum
2089 3431 2385 3500 indulgen-

817 3526 894 3576 tia
925 3523 1240 3576 adhibetur.
1295 3520 1412 3573 Non
1443 3520 1590 3572 enirn
1616 3519 1780 3583 dixit,
1816 3535 1930 3573 non
1962 3535 2065 3574 nos
2093 3521 2336 3591 diligitis
2366 3537 2381 3586 ;

817 3615 938 3676 sed,
972 3628 1080 3664 non
1115 3625 1383 3665 mensura
1408 3609 1621 3662 eadem.

890 3722 909 3755 ι
941 3702 1225 3770 Tanquam
1256 3701 1385 3754 liliis
1415 3701 1564 3762 dico,
1594 3699 1903 3752 dilatamini
1933 3707 1989 3752 et
2013 3714 2132 3754 vos.
2193 3698 2380 3771 [νειιε.

818 3792 1045 3863 ιι-ι5.]
1073 3790 1252 3844 Nolite
1279 3790 1474 3860 jugum
1501 3791 1742 3844 alienum
1795 3790 2000 3844 ducere
2032 3805 2157 3844 cum
2191 3791 2382 3844 inlide-

819 3886 986 3938 libus.
1018 3883 1154 3946 Qua:
1176 3881 1322 3935 enim
1358 3881 1714 3950 participatio
1740 3881 1978 3949 justitiaa
2012 3897 2136 3936 cum
2170 3883 2378 3950 iniqui-

819 3975 971 4028 tate?
1007 3983 1102 4026 aut
1134 3988 1259 4040 qua:
1290 3973 1540 4026 societas
1571 3971 1684 4026 luci
1709 3971 1780 4026 ad
1810 3973 2106 4027 tenebras?
2139 3981 2236 4026 aut
2261 3990 2384 4044 qua:

816 4064 1108 4115 conventio
1138 4060 1344 4114 Christi
1387 4077 1405 4110 ι

886 4153 994 4207 Pro
1025 4169 1094 4207 eo
1128 4168 1193 4206 ac
1221 4153 1267 4207 si
1315 4153 1525 4206 diceret
1556 4170 1570 4206 :
1630 4152 1776 4206 Nihil
1807 4153 1989 4222 magni
2037 4153 2279 4222 postulo,
2329 4154 2379 4208 si

814 4260 938 4298 cum
977 4255 1132 4312 pater
1161 4244 1292 4307 sim,
1323 4244 1494 4297 amari
1526 4244 1684 4297 velim
1717 4259 1747 4295 a
1779 4244 1956 4298 vobis.

886 4353 906 4386 ι
933 4334 1012 4387 Ad
1043 4334 1252 4387 Belial?
1279 4342 1375 4386 aut
1405 4349 1527 4402 qute
1562 4350 1689 4403 pars
1724 4336 1866 4388 lideli
1903 4350 2030 4388 cum
2065 4335 2320 4390 inﬁdeli?
2358 4353 2375 4386 ι

882 4427 958 4478 Ea
1001 4441 1107 4479 vos
1128 4423 1479 4478 Hebraeorum
1514 4426 1698 4494 lingua
1738 4426 2057 4495 defectorem
2082 4429 2377 4495 signiﬁcat.

882 4515 1048 4570 Vsus.
1083 4514 1168 4568 ιϐ.
1208 4532 1226 4564 ι
1250 4513 1354 4578 Qui
1376 4522 1554 4566 autem
1579 4529 1889 4570 consensus
1915 4517 2101 4584 templi
2128 4515 2223 4570 Dei
2251 4531 2377 4570 cum

811 4605 1010 4660 idolis?
1048 4619 1148 4658 vos
1171 4604 1317 4658 enim
1346 4603 1484 4656 estis
1517 4607 1784 4674 templum
1823 4604 1917 4658 Dei
1953 4607 2086 4669 vivi,
2115 4607 2264 4661 sicut
2295 4610 2379 4661 di-

809 4699 885 4749 cit
921 4694 1088 4748 Deus.
1125 4713 1142 4744 ι

879 4783 1065 4852 Neque
1099 4798 1192 4836 rex
1223 4791 1407 4838 vester
1425 4797 1721 4836 commune
1754 4797 1879 4836 cum
1920 4784 2015 4836 illo
2035 4784 2245 4853 aliquid
2278 4785 2377 4838 ha-

809 4883 918 4936 hct.
954 4879 1090 4933 Nam
1118 4893 1242 4948 quae
1275 4879 1570 4931 conventio
1598 4877 1812 4930 Christi
1841 4878 1906 4929 ad
1941 4878 2108 4932 Belial
2133 4879 2155 4931 ἲ
2183 4878 2372 4948 Neque

812 4985 902 5022 res
929 4970 1062 5036 ipsa:
1097 4985 1111 5020 :
1142 4983 1265 5038 quae
1298 4967 1446 5021 enim
1479 4965 1724 5018 societas
1779 4967 1920 5019 lucis
1952 4967 2018 5020 ad
2076 4969 2375 5024 tenebras?

811 5061 978 5130 Igitur
1010 5075 1184 5128 neque
1207 5073 1308 5112 vos
1339 5065 1550 5126 oportet
1575 5057 1689 5108 haec
1718 5057 2028 5111 admittere.

887 5167 906 5198 ε
938 5149 1259 5202 lnhabitabo
1298 5147 1352 5200 in
1395 5147 1530 5210 illis,
1561 5155 1616 5199 et
1650 5149 2005 5201 inambulabo
2054 5149 2199 5202 inter
2229 5164 2324 5203 eos
2353 5166 2367 5213 ;

809 5249 866 5294 et
896 5255 994 5294 cro
1028 5241 1250 5292 illorum
1282 5237 1451 5300 Deus,
1483 5245 1537 5291 et
1566 5237 1667 5306 ipsi
1696 5247 1858 5291 erunt
1885 5254 2039 5293 meus
2070 5240 2363 5308 populus.»

877 5332 1016 5386 Cum
1042 5330 1474 5386 assentationem
1506 5329 1695 5396 fugiat,
1729 5326 2031 5397 Scriptura
2054 5331 2371 5386 testimonio

812 5424 972 5478 tidem
1008 5421 1141 5476 facit
1168 5436 1266 5475 eos
1298 5435 1425 5475 esse
1461 5421 1664 5488 templa
1705 5418 1798 5472 Dei
1830 5420 1894 5473 “.
1929 5438 1946 5470 ι

889 5512 1048 5566 Vens.
1086 5511 1268 5573 17,18.
1307 5531 1324 5561 ι
1363 5511 1593 5579 l'ropter
1621 5511 1766 5577 quod
1797 5511 1942 5564 exite
1969 5512 2036 5565 de
2068 5511 2244 5565 medio
2279 5527 2370 5565 eo-

813 5619 957 5664 rum,
992 5611 1046 5656 et
1073 5601 1431 5670 separamini,
1460 5601 1592 5652 dicit
1632 5599 1918 5666 Dominus,
1948 5613 2003 5655 et
2025 5602 2367 5656 immundum

888 5775 930 5804 “
963 5771 1120 5824 I‘rov.
1150 5787 1230 5834 ut,
1264 5770 1346 5822 12.
1428 5770 1464 5800 “
1501 5769 1669 5822 Levit.
1710 5786 1854 5833 nrt,
1894 5770 1972 5822 l2.

2498 2261 2665 2322 (τσιᾶς,
2691 2259 2828 2312 ἀλλὰ
2857 2263 2952 2312 καὶ
2979 2259 3355 2330 ἐπιθυμοῦμεν
3386 2259 3720 2328 φθέγξασθαι
3765 2260 3862 2313 καὶ
3887 2259 4067 2312 διαλὲ-

2497 2350 2686 2420 γεσθαι
2724 2353 2853 2421 ὑμῖν
2878 2394 2893 2418 ,
2924 2353 3061 2420 ὅπερ
3087 2351 3206 2414 ἔθος
3228 2350 3339 2404 τῶν
3368 2350 3708 2418 ἀγαπώντων
3738 2350 3909 2405 ἐστίν.

2570 2553 2587 2585 ι
2632 2534 2698 2586 Ἦ
2736 2533 2931 2604 καρδία
2959 2533 3115 2605 ἡμῶν
3140 2533 3500 2586 πεπλάτυται.
3536 2550 3555 2582 ι

2562 2626 2750 2697 Θερμὴ
2781 2627 2890 2694 γὰρ
2919 2621 3052 2678 οὖσα
3081 2627 3116 2693 ἠ
3146 2625 3334 2692 ἀγάπη
3357 2665 3371 2688 ,
3407 2623 3502 2676 καὶ
3533 2621 3596 2674 τὸ
3626 2621 3800 2690 στόμα
3827 2620 4065 2672 ἀνεπτέ-

2493 2733 2634 2786 ρωσε
2661 2714 2894 2776 Παύλου,
2921 2714 3014 2766 καὶ
3038 2713 3135 2784 τὴν
3165 2714 3393 2783 καρδίαν
3425 2713 3743 2766 ἐπλάτυνεν.
3769 2711 3908 2762 Οὐδὲ
3958 2713 4065 2780 γὰρ

2489 2808 2568 2877 τῷ
2593 2809 2822 2878 στόματι
2847 2805 3006 2876 φιλῶ,
3041 2807 3226 2875 φησὶν,
3248 2805 3385 2858 ἀλλὰ
3409 2805 3506 2857 καὶ
3540 2803 3640 2874 τὴν
3677 2802 3905 2872 καρδίαν
3940 2819 4064 2853 συν-

2488 2899 2613 2969 ᾴδου
2621 2915 2720 2950 σαν
2748 2898 2875 2967 ἔχω.

2566 3008 2583 3038 ι
2613 2989 2689 3040 Οὐ
2720 2986 3137 3056 στενοχωρεῖσθε
3165 2988 3222 3039 ὲν
3244 2989 3398 3056 ἡμῖν.
3438 3004 3457 3038 ι

2561 3078 2770 3140 Πάντας
2799 3078 2948 3130 ἔνδον
2974 3059 3190 3146 ἔχομεν,
3219 3078 3372 3145 φησὶ,
3405 3078 3500 3129 καὶ
3519 3075 3639 3129 οὐδὲ
3669 3075 3826 3128 τοῦτο
3850 3075 4057 3137 ἁπλῶς,

2412 3201 2452 3256 C
2487 3167 2622 3220 ἀλλὰ
2654 3169 2792 3235 μετὰ
2827 3167 3168 3236 εὐρυχωρίας
3198 3166 3422 3235 πολλῆς.

2569 3278 2583 3308 ι
2615 3257 3043 3326 Στενοχωρεῖσθε
3074 3257 3130 3308 δὲ
3158 3257 3216 3308 ἐν
3245 3259 3356 3320 τοῖς
3385 3256 3712 3326 σπλάγχνοις
3745 3257 3922 3326 ὑμῶν.
3949 3257 4057 3327 Τὴν

2485 3349 2541 3400 δὲ
2571 3349 2739 3415 αὐτὴν
2774 3335 3144 3414 ἀντιμισθίαν.
3178 3363 3196 3396 ι

2557 3439 2668 3490 Καὶ
2695 3439 2728 3507 ὴ
2755 3436 3072 3505 ἐπιτίμησις
3107 3435 3245 3504 μετὰ
3280 3435 3495 3504 φειδοῦς
3535 3435 3736 3504 πολλῆς
3779 3438 4054 3505 προσάγε-

2485 3547 2597 3583 ται.
2617 3529 2732 3581 Οὐκ
2751 3524 2873 3580 εἰπε
2895 3527 3026 3597 γὰρ,
3056 3526 3118 3579 οὺ
3144 3526 3348 3595 φιλεῖτε
3377 3527 3545 3597 ἡμᾶς,
3576 3525 3691 3580 ἀλλ’
3716 3527 3799 3580 ὃτι
3825 3529 3888 3580 οὐ
3921 3530 4055 3597 μετα

2484 3619 2578 3672 τοῦ
2609 3619 2773 3671 αὐτοῦ
2820 3617 3042 3688 μέτρου.

2559 3729 2577 3760 ι
2628 3711 2714 3771 Ὠς
2746 3709 2957 3771 τέκνοις
3003 3708 3180 3774 λέγω·
3241 3705 3583 3776 πλατύνθητε
3627 3707 3721 3760 καὶ
3747 3708 3930 3777 ὑμεῖς.
3967 3711 4055 3778 Μὴ

2485 3802 2699 3868 γίνεσθε
2753 3799 3202 3870 ἑτεροζυγοῦντες
3248 3799 3518 3860 ἀπίστοις.
3560 3799 3654 3861 Τίς
3701 3799 3810 3870 γὰρ
3851 3804 4054 3870 μετοχὴ

2483 3890 2796 3962 δικαιοσύνῃ
2846 3895 2940 3944 καὶ
2982 3891 3180 3959 ἀνομίᾳ
3213 3907 3227 3952 ;
3275 3890 3308 3959 ἦ
3344 3890 3426 3952 τίς
3467 3892 3722 3943 κοινωνία
3752 3893 3896 3960 φωτὶ
3923 3893 4057 3962 πρὸς

2487 3984 2712 4049 σκότος;
2741 3983 2824 4045 τίς
2853 3982 2909 4034 δὲ
2949 3981 3301 4050 συμφώνησις
3340 3980 3578 4050 Χριστοῦ
3616 4000 3634 4032 ι

2567 4158 2710 4210 Ἀντῖ
2731 4156 2848 4220 τοῦ,
2878 4154 3030 4208 οὐδὲν
3064 4154 3205 4224 μέγα
3242 4153 3400 4218 αἰτῶ,
3453 4157 3499 4206 εἰ
3533 4158 3716 4225 πατὴρ
3735 4159 3830 4222 ὢν,
3865 4156 4052 4226 βούλο-

2487 4269 2584 4321 μαι
2615 4247 2883 4317 φιλεῖσθαι
2911 4247 3040 4316 παρ’
3069 4246 3242 4312 ὑμῶν.

2563 4359 2581 4391 ι
2605 4341 2746 4406 Πρὸς
2769 4338 2997 4406 Βελίαρ;
3030 4337 3166 4406 ἢτίς
3197 4337 3355 4408 μερὶς
3381 4337 3558 4408 πιστῷ
3587 4339 3723 4408 μετὰ
3741 4340 3993 4412 dixicap;
4029 4363 4046 4395 ι

2567 4431 2624 4483 '0
2662 4430 2993 4495 ἀποστάτηςς
3023 4429 3088 4496 τῇ
3129 4426 3397 4495 Ἐϐραίων
3433 4430 3604 4496 φωνῇ.

2561 4541 2579 4571 ‹
2607 4520 2699 4582 Τίς
2744 4519 2801 4571 δὲ
2837 4517 3233 4586 συγκατάθεσις
3271 4517 3383 4585 ναῷ
3410 4516 3544 4568 Θεοῦ
3601 4518 3740 4586 μετὰ
3775 4519 4047 4584 είδὼλων;

2484 4609 2642 4676 ὑμεῖς
2674 4608 2782 4677 γὰρ
2823 4607 2946 4669 ναὸς
2995 4607 3130 4658 Θεοῦ
3171 4607 3295 4658 ἐστε
3349 4606 3570 4670 ζῶντος,
3613 4606 3794 4670 καθὼς
3833 4605 3988 4662 εἶπεν
4025 4617 4049 4663 r2

2481 4699 2633 4760 Θεὸς.
2666 4719 2684 4750 ι

2554 4789 2689 4842 Οὔτε
2713 4793 2740 4843 ὁ
2778 4789 3028 4859 βασιλεὺς
3068 4788 3223 4857 ὑμῶν
3251 4787 3363 4857 ἔχει
3391 4805 3445 4840 τι
3477 4787 3650 4841 κοινὸν
3687 4789 3822 4858 πρὸς
3862 4791 4045 4843 αὐτόν.

2481 4881 2575 4942 Τίς
2601 4880 2708 4949 γὰρ
2738 4880 3090 4949 συμφώνησις
3131 4878 3367 4947 Χριστοῦ
3409 4878 3544 4948 πρὸς
3572 4878 3799 4949 Βελίαρ;
3826 4880 3950 4933 οὔτε
3984 4886 4047 4934 tit

2482 4971 2811 5039 πράγματα·
2860 4971 2942 5031 ¹τίς
2974 4973 3082 5038 γὰρ
3139 4969 3392 5022 κοινωνία
3443 4969 3584 5036 φωτὶ
3637 4970 3773 5038 πρὸς
3821 4973 4044 5038 σκότος;

2475 5061 2670 5114 οῦκοῦν
2691 5061 2811 5114 οὐδὲ
2841 5063 2983 5129 ὑμᾶς
3009 5062 3110 5113 δεῖ.

2553 5173 2569 5204 ι
2627 5153 2921 5221 Ἐνοικήσω
2944 5156 3003 5206 ἐν
3052 5153 3256 5218 αὐτοῖς,
3306 5154 3399 5206 καὶ
3440 5155 3908 5224 ἐμπεριπατήσω·
3946 5157 4042 5208 καὶ

2477 5245 2669 5314 ἔσομαι
2697 5245 2875 5297 αὐτῶν
2902 5245 3051 5308 Θεὸς,
3084 5247 3178 5298 καὶ⁸
3211 5247 3362 5298 αὐτοὶ
3393 5245 3601 5298 ἔσονταί
3630 5262 3732 5315 μου
3758 5246 3900 5307 λαός.
3943 5265 3962 5296 ι

2546 5333 2764 5400 Φεὺγων
2780 5338 2878 5402 τὴν
2896 5335 3184 5387 κολακείαν
3205 5335 3480 5405 μαρτυρίᾳ
3505 5335 3787 5387 πιστοῦται
3817 5335 3881 5387 τὺ
3902 5333 4038 5388 εἶναι

2477 5423 2673 5484 αὐτοὺς
2702 5424 2863 5484 ναοὺς
2887 5422 3044 5476 Θεοῦ.

2551 5534 2568 5564 ι
2601 5514 2689 5566 Διὸ
2720 5513 2970 5580 ἐξέλθατε
3010 5515 3074 5566 ὲκ
3107 5513 3270 5582 μέσον
3327 5513 3522 5577 αὑτῶν,
3557 5516 3651 5566 καὶ
3681 5513 4033 5584 ἀφορίσθητε,

2478 5605 2622 5673 λέγει
2652 5605 2872 5675 Κύριος,
2905 5603 2997 5657 καὶ
3029 5603 3337 5672 ἀκαθάρτου
3365 5603 3438 5673 μὴ
3465 5600 3723 5668 ἅπτεσθε,
3754 5600 3906 5668 κάγὼ
3929 5603 4037 5653 εἰσ-
