4218 6448
163 394 253 460 741
1285 396 1363 455 ΙΝ
1385 397 1624 456 EPIST.
1663 398 1761 455 AD
1794 399 1829 455 C

1285 396 1363 455 ΙΝ
1385 397 1624 456 EPIST.
1663 398 1761 455 AD
1794 398 2148 461 CORINTH.
2184 403 2263 461 ῙῘ.

3294 404 3401 466 7ίὲ

168 506 375 573 δέξομαι
400 505 545 574 ὑμᾶς
564 523 575 535 ·
606 505 700 558 καὶ
725 504 919 573 ἔσομαι
946 506 1072 574 ὑμῖν
1096 506 1171 567 εἰς
1198 506 1435 575 Πατέρα,
1460 508 1553 559 καὶ
1576 508 1730 573 ὑμεῖς
1760 512 1805 566 Α

1760 512 1805 566 Α
1835 525 1904 562 nc
1938 512 2233 579 tetigeritis
2260 530 2272 564 :
2305 521 2355 564 et
2384 526 2485 581 ego
2504 510 2769 579 recipiam
2791 524 2886 563 vos
2916 517 3006 563 :et
3031 524 3127 563 cro
3157 512 3311 565 vobis
3343 514 3397 566 in

171 593 347 645 {sacros
382 610 495 662 μοι,
532 596 611 656 είς
644 595 789 656 υἱούς
836 595 1290 663 καὶὋυγατέρας,
1344 595 1489 663 λέγει
1530 595 1731 665 Κύριος

173 680 575 750 παντοκράτωρ.
614 701 630 732 ι

753 774 976 823 ΚΕΦΛΛ
989 814 1000 826 .
1044 775 1117 826 Ζ’.

238 882 255 912 ι
287 862 502 925 Ταύτας
531 858 621 915 οὖν
657 862 871 931 ἔχοντες
906 863 1000 925 τὰς
1030 863 1385 930 ἐπαγγελίας,
1428 865 1724 933 ἀγαπητοὶ,

1833 599 2078 663 Patrem,
2137 610 2193 655 et
2226 619 2322 657 vos
2362 605 2522 658 eritis
2559 604 2695 657 milii
2753 601 2808 655 in
2849 602 2993 655 ﬁlios
3021 610 3078 657 et
3112 601 3277 666 ﬁlias,
3316 603 3401 657 di-

1831 694 1902 746 cit
1940 692 2097 763 140
2135 692 2399 749 Dominus
2431 694 2809 761 omnipotens.
2852 711 2870 742 ι

2500 784 2649 838 CAP.
2686 782 2795 836 VII.

1913 869 2073 924 Vsus.
2108 870 2157 923 l.
2198 889 2214 921 ι
2270 872 2381 928 Has
2433 890 2563 944 ergo
2614 874 2880 928 habentes
2960 873 3395 942 promissiones,

164 952 541 1023 καθαρίσωμεν
590 954 817 1016 ἐαυτούς
849 955 956 1006 ἀπὸ
988 955 1189 1015 παντὸς
1216 955 1493 1024 μολυσμοῦ
1527 957 1729 1027 σαρκὸς
1827 987 1830 1008 ‹

1827 964 2174 1027 cliarissimi,
2237 965 2569 1019 inundemus
2627 980 2728 1018 nos
2797 967 2865 1020 ab
2927 966 3077 1018 omni
3138 964 3396 1034 inquina-

165 1047 246 1097 καὶ
286 1045 617 1114 πνεύματος,
646 1044 1021 1107 ἐπιτελοῦντες
1047 1044 1377 1114 ἁγιωσύνην.
1410 1064 1428 1096 ι

225 1138 295 1188 Οὐ
320 1138 430 1207 γάρ
460 1138 520 1189 τὸ
548 1139 623 1207 μὴ
651 1137 961 1208 ἀκαθάρτου
992 1136 1257 1189 ἅπτεσθαι
1289 1138 1431 1189 ποιεῖ
1464 1136 1721 1208 καθαρὸν,

161 1228 285 1279 ἀλλὰ
320 1230 416 1280 καὶ
439 1229 614 1282 ἄλλων
640 1230 773 1298 ἡμῖν
800 1228 960 1299 χρεία
992 1227 1126 1298 πρὸς
1156 1229 1216 1279 τὸ
1238 1227 1490 1295 γενέσθαι
1514 1229 1720 1293 ἁγίους,

1827 1066 2009 1108 mento
2031 1060 2218 1111 carnis
2240 1066 2293 1111 et
2320 1057 2574 1126 spiritus.
2609 1054 2953 1125 perlicientes
2982 1056 3389 1110 sanctitatem.»

1894 1144 2012 1198 Non
2044 1146 2193 1198 enim
2230 1146 2571 1200 immundum
2598 1160 2706 1198 non
2742 1147 3089 1212 contingere,
3122 1144 3227 1197 hoc
3247 1160 3397 1197 mun-

1823 1235 1951 1287 dum
1983 1235 2137 1301 facit,
2172 1236 2265 1289 sed
2297 1238 2424 1289 aliis
2454 1252 2675 1305 quoque
2706 1251 2849 1305 opus
2881 1234 3152 1288 habemus
3186 1244 3392 1289 utsan-

164 1320 411 1388 σπουδῆς,
454 1321 749 1390 προσοχῆς,
795 1320 1108 1385 εὐσεϐείας,
1170 1321 1261 1372 καὶ
1315 1317 1499 1382 ἁπλῶς
1550 1321 1724 1371 εἰπεῖν
1823 1342 1830 1370 ι

1718 1338 1724 1362 ν
1823 1323 1895 1375 cti
1926 1322 2120 1378 simus.
2160 1324 2442 1389 diligentia
2479 1325 2760 1385 nimirum,
2795 1322 3123 1385 attentione,
3182 1324 3384 1391 pietate

160 1411 351 1477 αρετῆς
382 1412 583 1480 πάσης.

224 1520 244 1550 ε
285 1499 374 1551 Ἐν
400 1502 550 1570 φόϐῳ
576 1500 729 1555 Θεοῦ.
775 1520 793 1551 ι

224 1589 381 1641 Ἔστι
434 1592 543 1661 γάρ
596 1592 863 1645 ἐπιτελεῖν
909 1592 1265 1662 σωφροσύνην
1310 1591 1409 1643 οὐκ
1466 1592 1523 1643 ἐν
1572 1590 1719 1659 φόϐῳ

155 1680 304 1743 θεοῦ,
338 1681 476 1734 ἀλλὰ
521 1682 610 1734 διὰ
662 1683 995 1747 κενοδοξίαν·
1028 1682 1201 1745 ἄλλως
1234 1699 1294 1734 τε
1350 1683 1442 1734 καὶ
1473 1683 1571 1752 τὴν
1603 1681 1718 1734 ὁδὸν

153 1771 245 1838 τῆς
279 1773 633 1844 σωφροσύνης
667 1776 815 1844 ἡμᾶς
842 1774 1100 1837 διδάσκει,
1125 1776 1402 1843 μονονουχὶ
1427 1774 1598 1842 λέγων
1623 1792 1635 1805 ’
1668 1775 1716 1825 εί

1820 1421 1895 1476 et,
1930 1426 1987 1468 ut
2010 1429 2116 1465 uno
2149 1416 2313 1467 verbo
2340 1414 2645 1477 absolvam,
2673 1415 2962 1484 omnigena
2991 1414 3216 1468 virtute.

1895 1522 1913 1554 ι
1945 1503 2001 1556 lu
2027 1504 2222 1558 timore
2256 1505 2345 1559 Dei
2388 1527 2407 1557 ›

1890 1590 2166 1661 Contingit
2210 1594 2354 1646 enim
2390 1603 2447 1647 ut
2483 1593 2716 1648 castitas
2749 1602 2802 1646 et
2847 1592 3114 1646 modestia
3147 1593 3392 1655 colatur;

1820 1698 1927 1737 non
1952 1684 2146 1737 timore
2165 1684 2279 1747 Dei,
2311 1686 2405 1738 sed
2444 1687 2622 1738 inanis
2652 1685 2841 1754 gloria:
2871 1700 3061 1739 causa.
3100 1684 3394 1754 Propterea

1821 1789 1921 1829 nos
1950 1776 2091 1827 viam
2123 1776 2397 1828 castitatis
2429 1775 2515 1828 bis
2546 1776 2661 1830 fere
2708 1778 2890 1831 verbis
2938 1777 3119 1829 docet.
3150 1775 3393 1831 Tainetsi

156 1865 240 1915 καὶ
281 1862 656 1936 τυραννικδνῇ
686 1865 972 1934 ἐπιθυμία,
1004 1866 1119 1919 ἀλλ’
1151 1866 1246 1918 ἐὰν
1270 1868 1605 1935 ἐπιτυχήσῃς
1628 1865 1717 1917 τὸν
1751 1851 1792 1908 Β

1751 1851 1792 1908 Β
1822 1866 1990 1921 libido
2028 1867 2370 1936 tyrannidem
2406 1875 2649 1929 exercet,
2690 1869 2851 1921 modo
2888 1869 3137 1923 timorem
3172 1869 3265 1923 Dei
3300 1871 3397 1923 lia—

154 1953 238 2005 τοῦ
293 1954 429 2007 Θεοῦ
486 1956 690 2024 φόϐον,
750 1956 1074 2020 καταλύσεις
1128 1957 1296 2025 αὐτῆς
1337 1957 1434 2026 τὴν
1495 1957 1712 2026 μανίαν.

163 2046 526 2115 Ἀγιωσύνην
572 2048 628 2100 δὲ
657 2048 908 2110 ἐνταῦθα,
962 2050 1023 2101 οὐ
1063 2049 1160 2118 τὴν
1191 2048 1543 2119 σωφροσύνην
1572 2049 1716 2117 λέγει

153 2139 328 2206 μόνον,
354 2137 490 2190 ἀλλὰ
515 2138 608 2190 καὶ
644 2140 821 2208 πάσης
852 2138 1122 2211 ἁμαρτίας
1156 2139 1504 2210 ἀπαλλαγήν.

216 2244 235 2276 ι
281 2226 583 2297 Χωρήσατε
616 2228 777 2296 ὑμᾶς.
821 2247 841 2279 ι

213 2316 385 2368 Πάλιν
412 2316 502 2370 τὸν
531 2320 656 2388 περὶ
684 2320 904 2389 ἀγάπης
932 2322 1071 2372 κινεῖ
1100 2320 1279 2388 λόγον,
1316 2320 1619 2374 συστέλλων
1654 2323 1713 2375 τὸ

148 2406 316 2473 τραχύ
339 2405 441 2475 τῆς
468 2408 855 2477 ἐπιτιμήσεως.
892 2410 1036 2477 Ὀρα
1083 2411 1139 2462 δὲ
1179 2410 1292 2473 πῶς
1342 2412 1432 2465 καὶ
1468 2412 1713 2475 ἐλεεινῶς

146 2495 218 2559 τὸ,
247 2497 587 2563 Χωρήσατε.
641 2500 865 2568 Ὅμοιον
910 2499 965 2551 δὲ
995 2500 1070 2563 ὡς
1103 2503 1151 2554 εί
1193 2500 1377 2568 λέγοιο
1426 2502 1521 2564 Τίς
1564 2505 1713 2571 ἡμᾶς

144 2585 440 2654 ἀπήλασεν,
462 2587 618 2655 φησὶ,
650 2589 731 2651 τίς
760 2588 982 2652 ἐξέϐαλε
1014 2589 1111 2658 τῆς
1143 2591 1383 2653 διανοίας
1398 2592 1494 2661 τῆς
1517 2592 1710 2661 ὑμετέ-

143 2693 275 2747 ριςς
306 2680 473 2731 πόθεν
506 2681 986 2752 στενοχωρούμεθα
1012 2685 1072 2737 ἐν
1113 2684 1274 2750 ὐμῖν;

212 2788 230 2819 ι
268 2770 473 2821 Οὐδένα
512 2770 870 2841 ἠδικήσαμεν.
910 2792 929 2823 ι

208 2856 350 2928 Ὀρα
390 2859 510 2923 πῶς
543 2861 703 2913 πάλιν
733 2862 793 2913 οὐ
820 2861 1004 2931 τίθησι
1055 2863 1154 2926 τὰς
1185 2864 1502 2934 εὐεργεσίας
1522 2904 1536 2929 ,
1594 2865 1707 2918 ἀλλ’

140 2950 539 3020 ἐπαχθέστερον
568 2952 660 3004 καὶ
694 2952 1135 3024 πληκτικὼτερον
1165 2954 1255 3007 τὸν
1288 2956 1444 3023 λόγον
1476 2960 1633 3009 ποιεῖ.

211 3061 228 3091 ε
274 3042 484 3094 Οὐδένα
513 3042 866 3113 ἐφθείραμεν.
906 3062 924 3094 ι

204 3133 515 3195 Τουτέστιν,
548 3134 736 3187 οὐδένα
790 3137 1165 3206 ὴπατήσαμεν,
1198 3136 1386 3207 ὥσπερ
1424 3139 1518 3191 καὶ
1549 3140 1707 3191 ἀλλα·
1736 3176 1777 3231 c

136 3226 231 3292 χοῦ
248 3224 395 3291 λέγει
423 3242 434 3253 ·
458 3223 680 3290 Μήπως
702 3227 779 3291 ὡς
806 3231 837 3280 ό
860 3228 994 3296 ὄφις
1008 3224 1176 3283 Εὕαν
1198 3229 1534 3296 ἠπάτησεν,
1554 3232 1707 3283 οὕτω

138 3314 333 3379 φθαρῇ
365 3314 437 3362 τὰ
456 3315 722 3375 νοήματα
751 3316 936 3378 ὑμῶν.

210 3415 229 3449 ε
264 3399 471 3450 Οὐδένα
491 3398 1011 3470 ἐπλεονεκτήσαμεν.
1052 3421 1069 3451 ι

206 3490 319 3557 Οὐχ
340 3491 691 3558 ὴρπάσαμεν,
730 3492 881 3559 φησὶ,
914 3494 981 3545 τά
1002 3511 1159 3548 τινων
1181 3496 1458 3566 χρήματα.

212 3599 233 3630 ε
266 3581 342 3631 Οὐ
370 3580 504 3649 πρὸς
538 3582 861 3649 κατάκρισιν
884 3582 1044 3649 λέγω.
1084 3602 1102 3633 ι

214 3669 437 3739 Ἐπειδὴ
462 3668 658 3739 ᾔσθετο
683 3670 781 3739 τῆς
812 3671 1136 3743 βαρύτητος,
1173 3676 1571 3745 ἐπιδιορθοῦται
1601 3680 1705 3732 πά-

137 3778 236 3815 λιν.

209 3870 228 3902 ι
264 3849 581 3919 Προείρηκα
603 3850 730 3920 γὰρ,
754 3852 835 3903 ὅτι
863 3853 921 3903 ἐν
941 3855 1063 3915 ταῖς
1095 3855 1343 3923 καρδίαις
1372 3854 1527 3924 ἡμῶν
1558 3859 1699 3921 ἐστε,

134 3944 210 4005 εἰς
237 3944 298 3996 τὸ
324 3944 718 3995 συναποθανεῖν
744 3945 836 3996 καὶ
864 3945 1049 4016 συζῇν.
1085 3964 1103 3998 ι

202 4034 356 4103 Αῦτη
383 4034 610 4104 μεγίστη
642 4033 822 4101 φιλίας
852 4036 1145 4100 ἀπόδειξις,
1174 4038 1303 4089 ὅταν
1334 4038 1701 4107 καταφρονού-

136 4141 294 4193 μενος
328 4126 419 4176 καὶ
451 4125 843 4178 συναποθανεῖν
863 4127 1046 4189 αὐτοῖς
1066 4128 1290 4197 αἱρῆται
1318 4129 1410 4181 καὶ
1445 4129 1697 4199 συζῆσαι.

137 4214 303 4266 Τοῦτο
336 4214 391 4267 δέ
421 4230 605 4285 φησιν,
667 4217 951 4271 ἐπιτείνων
996 4217 1093 4288 τὴν
1135 4219 1373 4290 ἀγάπην.
1428 4220 1544 4271 Ἐνι
1592 4220 1699 4290 γὰρ

135 4306 225 4357 καὶ
257 4303 434 4373 φιλεῖν
483 4308 576 4359 καὶ
630 4307 910 4369 κινδύνους
957 4308 1198 4376 φεύγειν,
1228 4310 1345 4361 ἀλλ’
1388 4311 1485 4378 οὐχ
1541 4312 1699 4379 ἡμεῖς

133 4394 295 4457 οὕτω,
332 4396 519 4464 φησίν.
575 4396 633 4449 Ὀ
670 4397 727 4448 δὲ
774 4397 896 4461 νοῦς
929 4392 1103 4460 οὗτος.
1137 4400 1234 4451 “Av
1266 4399 1472 4469 συμϐῇ,
1510 4403 1695 4471 φησὶν,

1820 1957 1977 2019 beas,
2019 1956 2257 2010 furorem
2302 1958 2423 2026 ejus
2466 1958 2833 2011 destruxeris.
2874 1956 3048 2012 Porro
3090 1960 3393 2011 sanctitatis

1818 2048 2060 2110 nomine,
2093 2063 2199 2100 non
2236 2047 2413 2101 solum
2444 2050 2751 2102 castitatem
2789 2055 2839 2100 et
2876 2048 3200 2103 modestiam
3245 2048 3393 2103 indi-

1816 2146 1922 2198 cat,
1952 2152 2140 2190 verum
2167 2145 2221 2190 et
2246 2136 2612 2191 omnimodam
2652 2136 3051 2191 immunitatem
3072 2152 3101 2191 a
3128 2146 3351 2208 peccato
3374 2176 3390 2192 .

1890 2221 2053 2277 Vatis.
2087 2223 2141 2275 2.
2179 2241 2197 2274 ι
2225 2224 2421 2294 Capite
2448 2240 2569 2279 nos.
2613 2244 2631 2277 ι

1891 2311 1961 2367 De
1992 2315 2260 2367 cliaritate
2287 2324 2466 2369 movet
2502 2316 2704 2369 iterum
2730 2330 3062 2380 sermonem,
3101 2325 3155 2369 et
3192 2317 3392 2385 objur-

1816 2406 2052 2473 gationis
2078 2405 2321 2460 retundit
2345 2407 2725 2476 asperitatem.
2753 2405 2888 2461 Vide
2906 2416 3084 2461 autem
3106 2408 3389 2476 quomodo

1816 2506 2086 2563 quantave
2119 2498 2625 2551 commiseratione.
2661 2495 2847 2565 Capite
2876 2492 2998 2551 nos.
3034 2496 3203 2562 Quasi
3236 2496 3391 2551 dice-

1814 2596 1926 2641 ret:
1961 2588 2094 2654 Quis
2127 2602 2228 2641 nos
2253 2589 2484 2657 expulit,
2520 2587 2735 2657 inquit?
2767 2588 2894 2657 quis
2925 2603 2956 2642 e
2990 2598 3171 2641 mente
3209 2596 3389 2642 vestra

1814 2693 1914 2731 nos
1948 2679 2160 2746 abegit?
2184 2694 2352 2747 quare
2384 2679 2437 2733 in
2468 2680 2622 2733 vobis
2652 2678 3043 2734 coarctamur?

1890 2786 1906 2819 ι
1946 2768 2223 2822 Neminem
2259 2770 2522 2823 la:simus.
2558 2788 2577 2820 ι

1884 2859 2081 2929 Aspice
2110 2859 2387 2928 quomodo
2440 2876 2657 2913 rursum
2690 2874 2799 2914 non
2834 2868 3081 2915 recenset
3105 2860 3389 2928 beneﬁcia,

1813 2947 1907 3001 sed
1941 2950 2211 3003 acriorem
2235 2962 2288 3003 et
2316 2952 2628 3019 graviorem
2662 2946 2967 3004 orationem
3001 2952 3185 3005 struit.

1889 3059 1906 3091 ι
1944 3037 2223 3094 Neminem
2252 3042 2622 3108 eorrupitnus.
2671 3058 2689 3092 ι

1883 3130 1938 3183 ld
1965 3138 2072 3191 est,
2100 3131 2377 3183 neminem
2401 3129 2719 3199 tlecepinius
2745 3148 2757 3183 :
2784 3130 3246 3199 quemadmodum
3281 3130 3358 3183 sci
3377 3160 3392 3171 -

1815 3224 1937 3275 licet
1963 3223 2092 3277 alibi
2131 3224 2241 3276 ait:
2275 3222 2354 3275 Ne
2385 3223 2520 3290 forte
2547 3223 2683 3275 sicut
2714 3239 2923 3291 serpens
2955 3222 3121 3276 Evam
3146 3224 3381 3286 seduxit,

1815 3312 1889 3364 ita
1922 3322 2326 3379 corrumpantur
2353 3330 2532 3364 sensus
2562 3313 2717 3365 vestri
2748 3315 2810 3366 ¹¹.

1883 3418 1902 3450 ι
1935 3398 2213 3452 Neminem
2249 3400 2731 3454 circumvenimus.
2774 3418 2794 3451 ι

1879 3489 1995 3543 Non
2028 3491 2337 3558 rapuimus,
2375 3491 2575 3558 inquit,
2618 3492 2848 3544 aliorum
2883 3490 3198 3548 facultates.

1879 3580 2042 3633 Vens.
2071 3582 2122 3633 5.
2170 3597 2188 3629 ι
2220 3579 2332 3631 Non
2365 3581 2429 3632 ad
2461 3582 3166 3639 comleinnationemdico.»

1875 3672 2146 3735 Quoniam
2176 3671 2449 3739 persensit
2470 3672 2740 3727 orationis
2757 3674 3105 3742 gravitatem,
3128 3676 3266 3730 lianc
3285 3676 3383 3730 de-

1808 3776 1918 3814 nno
1943 3762 2194 3829 corrigit.

1881 3869 1899 3901 ‹
1937 3850 2069 3901 Nam
2100 3850 2347 3916 praedixi,
2386 3851 2531 3919 quod
2567 3851 2617 3903 in
2654 3852 2916 3907 cordibus
2967 3855 3176 3909 nostris
3220 3858 3376 3924 estis,

1804 3939 1869 3991 ad
1905 3939 2376 3991 contmm'iendnm
2407 3949 2459 3992 et
2484 3940 2550 3992 ad
2581 3943 3002 3998 convivendum.
3046 3964 3067 3997 ι

1874 4030 2166 4083 Maximum
2216 4030 2316 4083 hoc
2370 4032 2587 4084 exsistit
2654 4045 3040 4101 argumentum
3096 4038 3371 4105 amicitiae.

1803 4121 2022 4190 quando
2056 4121 2149 4190 qui
2195 4121 2517 4190 despicitur,
2540 4122 2585 4175 is
2629 4123 2988 4181 nihilominus
3041 4128 3203 4182 simul
3248 4144 3371 4183 cum

1802 4212 1929 4275 illis,
1952 4219 2005 4265 et
2026 4211 2182 4271 mori,
2206 4219 2261 4264 et
2282 4212 2462 4266 vivere
2482 4213 2669 4281 eligit:
2698 4215 2801 4266 llOC
2820 4224 3003 4269 autem
3025 4218 3122 4279 ait,
3142 4226 3200 4271 ut
3227 4234 3375 4274 amo-

1803 4316 1913 4353 rem
1937 4309 2157 4370 augeat.
2175 4299 2453 4370 Contingit
2471 4302 2637 4363 enim,
2659 4310 2715 4354 ut
2734 4302 2858 4367 quis
2878 4314 3040 4369 amet,
3056 4315 3109 4359 et
3131 4307 3372 4376 pericula

1802 4391 1972 4461 fugiat
2007 4406 2023 4443 :
2060 4405 2159 4445 nos
2190 4405 2320 4444 vero
2348 4406 2457 4444 non
2491 4390 2812 4447 ita.Sensus
2844 4402 3022 4448 autem
3043 4394 3132 4450 hic
3160 4407 3244 4452 est
3271 4414 3283 4449 :
3311 4398 3371 4453 Si

133 4482 487 4553 ἐπενεχθῆναι
509 4484 769 4551 κίνδυνον,
795 4489 966 4541 πάντα
994 4488 1209 4558 ἕτοιμός
1238 4491 1353 4558 είμι
1382 4490 1522 4561 ὐπὲρ
1545 4492 1695 4560 ὐμῶν
1730 4495 1769 4547 D

1730 4495 1769 4547 ῃ
1803 4481 2113 4552 periculum
2142 4482 2429 4550 contingat
2479 4481 2791 4544 imminere,
2846 4486 3226 4552 paratissimus
3249 4504 3367 4543 sum

133 4573 345 4637 παθεῖν,
372 4574 470 4627 καὶ
490 4574 613 4628 οὐτε
639 4578 887 4641 θάνατος,
913 4577 1035 4631 οὐτε
1059 4579 1170 4648 ζωή
1193 4580 1283 4648 μοί
1299 4596 1351 4631 τι
1382 4580 1521 4631 κατὰ
1542 4580 1697 4633 τοῦτο

132 4665 375 4731 φαίνεται
395 4680 410 4693 ⁸
438 4664 553 4717 ἀλλ’
586 4665 713 4718 ἔνθα
746 4666 841 4719 ἐὰν
874 4667 1004 4738 ζῇτε
1032 4668 1209 4737 ὑμεῖς,
1242 4669 1399 4722 τοῦτο
1422 4671 1546 4739 ἐμοὶ
1566 4688 1693 4739 προο

129 4754 453 4826 τιμὼτερον,
487 4755 583 4809 καὶ
614 4754 842 4819 θάνατος
869 4755 1037 4827 ζωῆς,
1076 4759 1170 4813 καὶ
1195 4758 1307 4829 ζωὴ
1336 4759 1585 4815 θανάτου.

201 4947 219 4980 ε
255 4928 436 4997 nam;
474 4945 565 4998 μοι
597 4930 878 5000 παρρησία
904 4931 1036 5000 πρὸς
1056 4933 1199 5001 ὑμᾶς
1220 4950 1233 4965 °
1260 4934 1424 5003 πολλή
1455 4952 1543 5003 μοι
1573 4935 1697 4987 zad-

128 5037 279 5089 χησις
309 5019 451 5090 ὐπὲρ
474 5019 647 5089 ὐμῶν.
687 5040 705 5070 ι

195 5111 293 5162 Διὰ
330 5109 509 5174 τοῦτο,
534 5111 689 5179 φησὶ,
729 5112 953 5166 τοιαῦτα
991 5115 1169 5182 λέγειν
1202 5113 1381 5183 τολμῶ
1403 5156 1416 5177 ,
1467 5114 1527 5166 οὐ
1562 5115 1693 5185 πρὸς

134 5203 476 5271 κατάκρισιν,
510 5202 645 5255 ἀλλὰ
663 5204 750 5256 διὰ
774 5205 872 5271 τὴν
910 5206 1107 5277 πολλὴν
1134 5206 1467 5277 παρρησίαν.

199 5400 217 5429 ι
246 5380 622 5451 Πεπλήρωμαι
650 5385 715 5452 τῇ
748 5384 1107 5455 παρακλήσει.
1146 5403 1162 5433 ι

193 5468 329 5520 Ποία
370 5469 735 5538 παρακλήσει,
790 5472 821 5539 ἢ
881 5476 945 5542 τῇ
988 5474 1115 5543 παρ’
1144 5474 1317 5544 ὐμῶν,
1350 5474 1430 5526 ὅτι
1466 5471 1689 5541 διόρθω-

126 5555 327 5617 ὐέντες,
366 5558 552 5623 φησὶν,
586 5558 673 5611 διά
696 5560 801 5611 τῶν
830 5560 1009 5631 ἔργων
1054 5563 1470 5618 παοακαλέσατέ
1512 5579 1613 5631 με;

192 5758 233 5788 “
273 5754 450 5811 lCor.
495 5770 568 5821 xi,
603 5756 659 5809 3.

1800 4588 1903 4641 pro
1933 4572 2088 4624 vobis
2118 4570 2227 4639 pati
2257 4587 2270 4623 :
2297 4585 2472 4638 neque
2498 4570 2624 4623 milii
2644 4571 2817 4625 hacin
2841 4588 3033 4635 causa,
3058 4577 3172 4630 sive
3198 4593 3366 4641 mors,

1797 4663 1913 4715 sive
1938 4661 2047 4713 vita
2072 4658 2280 4727 aliquid
2312 4674 2433 4712 esse
2485 4659 2742 4712 videntur
2776 4660 2907 4713 :sed
2940 4662 3069 4715 dum
3094 4678 3191 4717 vos
3220 4667 3368 4719 viva-

1794 4752 1890 4810 tis,
1930 4751 2035 4802 hoc
2061 4748 2192 4801 mihi
2218 4755 2300 4800 est
2347 4747 2672 4817 eligibilius,
2733 4764 2995 4819 morsque
3029 4752 3141 4805 vita
3192 4755 3368 4822 potior

1796 4847 1898 4896 est,
1928 4844 1983 4889 et
2012 4838 2116 4887 vita
2144 4841 2336 4885 morte.
2814 4888 2819 4891 τ

1868 4924 2032 4977 Vens.
2065 4926 2118 4978 4.
2152 4943 2168 4973 ι
2225 4922 2388 4975 Multa
2442 4924 2578 4976 mihi
2638 4925 2835 4979 liducia
2906 4935 2989 4981 est
3034 4928 3176 4997 apud
3221 4945 3360 4996 vos;

1795 5014 1961 5065 multa
2001 5012 2130 5064 mihi
2160 5011 2412 5078 gloriatio
2450 5026 2548 5079 pro
2578 5012 2756 5066 vobis.
2808 5031 2827 5064 ι

1868 5103 2012 5165 Ideo,
2052 5102 2249 5167 inquit,
2310 5099 2427 5151 haec
2482 5100 2657 5153 audeo
2717 5102 2876 5156 vobis
2910 5103 3058 5172 loqui
3096 5119 3111 5164 ;
3153 5120 3258 5158 non
3302 5116 3360 5160 ut

1791 5198 2177 5261 condemnem,
2208 5193 2303 5249 sed
2341 5209 2446 5262 qua
2478 5194 2621 5263 apud
2653 5209 2747 5251 vos
2784 5207 2909 5252 utor
2967 5198 3220 5255 libertate
3274 5202 3358 5255 di-

1790 5285 1968 5339 cetidi.

1869 5392 1887 5423 ε
1923 5370 2183 5437 Repletus
2206 5382 2327 5420 sum
2360 5368 2760 5423 consolatione.
2808 5389 2826 5421 ›

1862 5459 2019 5525 Quali
2077 5472 2209 5510 vero
2263 5457 2661 5522 consolatione,
2702 5460 2801 5511 nisi
2835 5474 2897 5511 ea
2932 5474 3094 5528 quam
3136 5476 3164 5514 a
3206 5464 3358 5516 vobis

1794 5550 2003 5617 accepi,
2041 5563 2146 5616 qna
2176 5548 2403 5601 mutatis
2434 5546 2596 5603 factis
2635 5558 2689 5603 et
2720 5550 3048 5616 emendatis,
3104 5553 3355 5609 solamen

1794 5642 1925 5698 mihi
1969 5639 2230 5693 attulistis
2258 5635 2282 5689 ?
