4218 6448
216 449 320 516 745

1332 448 1408 507 ΙΝ
1446 447 1679 507 EPIST.
1725 446 1822 504 AD
1858 443 2215 503 CORINTH.
2251 444 2329 502 ΙΙ.

3300 447 3405 511 746

282 568 391 636 Τὴν
417 566 593 619 αἰτίαν
625 562 762 628 εἷπε,
797 564 890 617 τοῦ
934 566 1126 635 μηκέτι
1156 566 1316 619 αὑτὸν
1345 564 1648 619 λυπεῖσθαι.
1681 566 1753 617 Τὸ
1784 574 1827 626 Α
1926 564 1948 631 ]

1739 574 1827 626 .A
1926 562 2081 633 142
2126 564 2302 617 Edicit
2358 577 2578 617 causam
2608 576 2707 615 cur
2753 575 2859 613 non
2919 560 3151 628 amplius
3201 559 3405 617 doleat.

218 659 314 728 μὲν
343 658 449 727 γὰρ
476 657 712 726 λυπηρὸν
742 657 931 726 βραχὺ,
979 658 1130 727 φησὶ,
1163 656 1223 708 τὸ
1255 657 1310 709 δὲ
1349 655 1645 727 ὠφέλιμον,
1679 658 1755 709 δι-

213 749 426 820 ηνεκές.

288 859 306 890 ι
346 840 502 893 Ἀλλὰ
542 840 895 906 ἀπολογίαν.»

281 932 424 1001 Πρὸς
454 932 574 1001 ἐμέ.

290 1042 308 1074 ι
340 1024 501 1075 Ἀλλὰ
522 1025 907 1090 ἀγανάκτησιν.
938 1044 955 1073 ›

279 1116 422 1184 Πρὸς
450 1118 650 1167 ἐκεῖνον
676 1116 765 1166 τὸν
795 1116 1169 1185 ἡμαρτηκότα.

286 1226 305 1257 ι
345 1208 504 1259 Ἀλλὰ
536 1208 717 1275 φόϐον.
751 1228 767 1255 ι

279 1298 390 1348 Καὶ
409 1299 516 1367 γὰρ
550 1298 750 1365 σφόδρα
775 1296 1085 1349 δεδοικότων
1114 1292 1181 1366 ἦν
1208 1299 1240 1367 ἡ
1264 1298 1499 1370 τοσαύτη
1534 1306 1757 1372 σπουδὴ,

211 1386 306 1440 καὶ
332 1390 365 1458 ἡ
388 1389 661 1457 ταχυτάτη
684 1387 983 1457 διόρθωσις.

294 1502 313 1533 ι
350 1481 507 1534 Ἀλλὰ
533 1479 839 1537 ἐπιποθίαν.
870 1500 887 1531 ι

277 1573 388 1643 Τὴν
413 1572 549 1641 πρὸς
575 1570 697 1642 ἐμέ.

282 1682 303 1714 ε
342 1663 499 1715 ’Λλλὰ
525 1663 704 1732 ζῆλον.
734 1683 752 1714 ι

276 1753 381 1807 Τὸν
416 1756 552 1824 ὑπὲρ
582 1755 676 1807 τοῦ
707 1753 863 1809 Θεοῦ.

283 1862 303 1894 ι
343 1843 479 1894 Ἀλλ’
503 1842 799 1913 ἐκδίκησιν.
830 1861 849 1890 ι

1860 654 2029 708 Breve
2072 654 2218 707 enim
2251 663 2355 717 est,
2404 654 2602 725 inquit,
2639 654 2783 723 quod
2828 652 3115 706 molestum
3163 665 3281 716 est;
3313 670 3407 723 pe-

1859 760 2026 799 renne
2057 759 2203 807 vero,
2236 745 2379 814 quod
2413 745 2611 798 bonum
2640 754 2694 799 et
2725 744 2873 798 utile.

1935 858 1951 886 ι
1985 836 2089 891 Sed
2117 837 2509 890 defensionem.
2550 856 2567 887 ι

1929 926 2032 980 l‘ro
2066 944 2168 982 me.

1932 1036 1949 1066 ι
1983 1018 2087 1071 Sed
2120 1020 2575 1090 indignationem.
2611 1040 2629 1069 ι

1930 1109 2065 1178 Erga
2106 1109 2257 1162 illum
2289 1110 2381 1177 qui
2414 1110 2677 1177 peccavit.

1932 1220 1949 1251 ι
1980 1201 2083 1255 Sed
2119 1203 2387 1256 timorem.
2416 1223 2433 1254 ι

1930 1292 2218 1349 Enimvero
2270 1302 2478 1349 tantum
2540 1297 2804 1363 studium,
2836 1304 3059 1367 tamque
3106 1298 3409 1354 accelerata

1856 1388 2145 1451 correctio,
2172 1388 2508 1445 vehementis
2547 1390 2760 1446 timoris
2785 1399 3165 1462 argumentum
3198 1402 3337 1449 erat.

1934 1498 1951 1528 ι
1990 1478 2093 1533 Sed
2125 1480 2476 1535 desiderium.

1929 1570 2065 1640 Erga
2102 1587 2206 1624 me.

1934 1680 1953 1711 ι
1984 1661 2086 1715 Sed
2120 1663 2535 1719 temulationem.

1927 1749 2033 1803 Pro
2068 1751 2174 1805 Deo
2207 1753 2435 1808 scilicet.

1934 1860 1952 1893 ι
1986 1842 2093 1897 Sed
2124 1843 2440 1898 vindictam.
2484 1864 2501 1896 ι

276 1937 385 1987 Καὶ
415 1937 521 2004 γὰρ
568 1934 935 2003 ὲξεδικήσατε,
981 1950 1136 2006 φησι,
1170 1938 1297 1997 τοὺς
1353 1939 1447 1990 τοῦ
1485 1938 1621 1991 Θεοῦ
1669 1939 1755 1991 νό-
1786 1946 1827 1999 Β
1928 1932 1942 1985 1

1536 1938 1621 1991 εοῦ
1669 1939 1755 1991 νό-
1786 1946 1827 1999 Β
1928 1932 2034 1987 Ulti
2063 1936 2207 1988 enim
2239 1936 2391 2002 estis,
2425 1936 2624 2005 inquit,
2654 1939 2886 1996 violatas
2916 1940 3010 1997 Dei
3039 1943 3202 2014 leges.

207 2042 344 2095 μους
368 2023 741 2093 ὑϐρισθέντας.

281 2134 301 2166 ι
342 2117 429 2168 Ἐν
452 2118 611 2170 παντὶ
634 2116 995 2187 συνεστήσατε
1029 2118 1253 2182 ἑαυτοὺς
1283 2119 1477 2187 ἁγνοὺς
1502 2115 1669 2173 εἶναι·
1699 2120 1760 2171 τὸ

205 2210 458 2277 πρᾶγμα.
489 2227 507 2259 ι

273 2301 349 2353 Οὐ
379 2299 441 2352 τὸ
466 2300 540 2371 μὴ
565 2304 836 2356 κοινωνεῖν
865 2303 1025 2373 μόνον
1045 2319 1059 2334 ο
1089 2302 1245 2356 τοῦτο
1269 2302 1375 2373 γὰρ
1405 2304 1642 2373 φανερὸν
1668 2299 1755 2373 ἦν,

203 2392 343 2445 ἀλλὰ
375 2395 465 2446 καὶ
490 2395 551 2446 τὸ
573 2395 647 2465 μὴ
676 2395 1015 2465 συνήδεσθαι.
1056 2396 1273 2464 Ἐπειδὴ
1303 2396 1407 2465 γὰρ
1440 2398 1497 2448 tv
1528 2399 1594 2466 τῇ
1628 2414 1759 2467 προσ

201 2485 336 2555 τέρᾳ
380 2486 661 2556 Ἐπιστολῇ
699 2487 829 2540 αὐτὸ
858 2487 1013 2541 τοῦτο
1050 2488 1294 2542 ἐνεκάλει
1324 2490 1527 2551 αὐτοῖς,
1550 2487 1721 2557 λέγων
1739 2505 1752 2518 ·

202 2577 311 2629 Καὶ
342 2577 509 2646 ὑμεῖς
535 2580 969 2648 πεφυσιωμένοι
1000 2578 1169 2633 ἐστέ·
1200 2579 1428 2634 ἐνταῦθά
1451 2598 1582 2652 φησι
1609 2598 1623 2611 ο
1652 2582 1761 2633 Καὶ

203 2673 362 2741 ὑμεῖς
402 2673 745 2744 ἀπηλλάξατε
776 2674 1001 2737 ἑαυτοὺς
1032 2674 1127 2744 τῆς
1148 2674 1400 2744 ὑποψίας.

279 2782 298 2812 ι
329 2764 442 2832 Οὐχ
494 2764 677 2817 ἕνεκεν
733 2764 826 2817 τοῦ
860 2766 1231 2834 ἀδικήσαντος,
1267 2766 1387 2819 οὐδὲ
1437 2765 1619 2818 ἕνεκεν
1666 2765 1759 2818 τοῦ

201 2854 573 2924 ἀδικηθέντος,
594 2857 708 2909 ἀλλ’
733 2858 918 2911 ἕνεκεν
938 2858 1033 2913 τοῦ
1063 2859 1441 2931 φανερωθῆναι
1468 2860 1569 2928 τὴν
1594 2874 1760 2911 σπου-

201 2946 299 3014 δὴν
331 2947 486 3015 ἡμῶν
532 2947 632 3018 τὴν
682 2948 821 3019 ὑπὲρ
857 2949 1012 3019 ὑμῶν
1043 2951 1179 3021 πρὸς
1211 2950 1356 3019 ὑμᾶς
1408 2948 1639 3002 ἐνώπιον
1663 2948 1759 3001 τοῦ

203 3038 361 3091 Θεοῦ.
392 3040 491 3092 Διὰ
532 3039 691 3093 τοῦτο
734 3042 1219 3113 παρακεκλήμεθα,
1253 3042 1439 3112 ἐπειδὴ
1478 3045 1545 3112 τῇ
1578 3058 1758 3113 παρα-

203 3128 395 3197 κλήσει
426 3130 577 3200 ὑμῶν
615 3132 1016 3203 περισσοτέρως
1042 3133 1245 3205 μᾶλλον
1272 3134 1549 3204 ἐχάρημεν
1575 3133 1665 3186 ἐπὶ
1692 3135 1757 3204 τῇ

204 3222 350 3290 χαρᾷ
388 3220 569 3282 Τίτου,
599 3223 679 3275 ὅτι
714 3224 1095 3277 ἀναπέπαυται
1120 3224 1181 3277 τὸ
1207 3225 1421 3293 πνεῦμα
1446 3225 1608 3278 αὐτοῦ
1653 3226 1761 3277 ἀπὸ

207 3310 430 3360 πάντων
458 3309 630 3376 ὑμῶν.
668 3310 789 3363 Ὀτι
818 3311 871 3363 εἴ
910 3330 961 3364 τι
1012 3312 1178 3366 αὑτοῦ
1212 3315 1351 3382 ὑπὲρ
1381 3313 1536 3382 ὑμῶν
1557 3314 1758 3366 κεκαύ-

205 3415 398 3463 χημαι,
432 3400 492 3447 οὐ
544 3398 947 3467 κατῃσχύνθην,
984 3400 1098 3451 ἀλλ’
1134 3402 1209 3463 ὡς
1238 3404 1415 3455 πάντα
1449 3404 1507 3455 tv
1537 3403 1763 3473 ἀληθείᾳ

205 3484 443 3554 ἐλάλησα
473 3485 619 3553 ὑμῖν,
651 3486 821 3551 οὕτως
856 3489 951 3540 καὶ
998 3492 1031 3560 ἠ
1077 3490 1341 3560 καύχησις
1363 3492 1521 3561 ἡμῶν
1557 3494 1589 3562 ἡ
1626 3492 1761 3562 πρὸς

204 3573 383 3638 Τίτον,
444 3576 672 3645 ἀλήθεια
718 3580 974 3651 ἐγενήθη,
1014 3582 1109 3633 καὶ
1153 3584 1222 3635 τὰ
1271 3582 1552 3652 σπλάγχνα
1595 3582 1760 3635 αὑτοῦ

207 3665 609 3736 περισσοτέρως
635 3670 714 3731 εἰς
742 3670 903 3740 ὑμᾶς,
924 3673 1473 3744 ἀναμιμνησκομένου
1496 3672 1593 3744 τὴν
1624 3674 1760 3726 πάν-

204 3774 312 3810 των
357 3757 511 3825 ὑμῶν
569 3760 847 3830 ὑπακοὴν,
901 3762 976 3825 ὠς
1024 3764 1160 3832 μετὰ
1212 3765 1379 3834 φόϐου
1426 3764 1517 3818 καὶ
1557 3765 1758 3838 τρόμου

206 3849 456 3915 ἐδέξασθε
519 3852 700 3906 αὐτόν.
755 3854 945 3925 Χαίρω
987 3856 1069 3909 ὅτι
1124 3858 1181 3909 tv
1242 3860 1404 3911 παντὶ
1458 3858 1647 3931 θαρρῶ
1700 3863 1759 3913 tv

210 3957 353 4009 υμιν.
391 3961 410 3992 ι

275 4032 395 4084 ἰνα
422 4033 497 4103 μὴ
524 4033 744 4102 λέγωσι,
771 4034 839 4088 Ti
868 4036 1123 4107 ἐπιτιμᾷς
1151 4038 1302 4108 ἡμῖν,
1335 4040 1383 4091 εἱ
1415 4040 1567 4106 ἁγνοί
1595 4041 1758 4108 ἐσμεν

212 4121 289 4187 τῷ
338 4124 669 4194 πράγματι;
702 4125 870 4195 λέγει’
904 4127 993 4180 Διὸ
1034 4126 1176 4180 οὕτω
1227 4127 1437 4200 ἔγραψα
1472 4130 1620 4200 ὑμῖν,
1672 4130 1758 4182 ἶνα

208 4214 384 4284 εἰδῆτε
415 4216 533 4280 πῶς
564 4218 708 4288 ὑμᾶς
735 4217 892 4287 φιλῶ.

789 4415 1037 4471 ΚΕΦΔΛ.
1080 4417 1159 4474 Η’.

282 4543 302 4575 ι
352 4523 697 4593 Γνωρίζομεν
745 4524 799 4578 δὲ
834 4526 981 4596 ὑμῖν,
1012 4527 1249 4597 ἀδελφοὶ,
1294 4530 1395 4599 τὴν
1447 4529 1608 4598 χάριν
1661 4530 1755 4582 τοῦ

1931 2129 1951 2161 ι
1983 2111 2087 2167 Sed
2120 2112 2174 2166 in
2203 2113 2459 2170 omnibus
2480 2115 2805 2174 exhibuistis
2828 2133 2924 2174 vos
2950 2119 3412 2179 incontaminatos

1858 2218 1977 2257 esse
2005 2206 2243 2272 negotio.
2283 2224 2302 2257 ι

1926 2295 2045 2350 Non
2073 2296 2245 2350 solum
2280 2312 2387 2352 non
2417 2301 2897 2367 communicando,
2936 2302 3037 2357 hoc
3062 2305 3206 2359 enim
3241 2306 3415 2360 mani-

1859 2387 2053 2440 festum
2081 2398 2217 2452 erat,
2251 2388 2345 2443 sed
2377 2406 2554 2460 neque
2586 2393 3001 2463 congaudendo.
3033 2392 3167 2448 Nam
3193 2397 3321 2466 quia
3357 2397 3411 2451 in

1858 2476 2099 2546 Epistola
2128 2480 2307 2547 priore
2341 2479 2409 2536 de
2436 2481 2539 2536 hoc
2571 2482 2692 2552 ipso
2713 2498 2808 2540 eos
2836 2486 3189 2556 redarguerat
3214 2489 3270 2542 in
3299 2489 3413 2543 base

1858 2568 2023 2623 verba
2055 2586 2068 2622 :
2103 2568 2169 2622 Et
2199 2587 2285 2624 vos
2314 2572 2490 2640 inﬂati
2529 2574 2651 2627 estis
2683 2574 2760 2641 “;
2799 2574 2902 2628 hoc
2948 2575 3166 2631 tandem
3198 2578 3253 2633 in
3292 2579 3416 2635 loco

1857 2660 2025 2715 dicit:
2050 2660 2131 2714 Ah
2162 2662 2261 2716 ista
2296 2665 2608 2734 suspicione
2637 2681 2733 2721 vos
2762 2667 2865 2737 ipsi
2898 2667 3189 2726 liberastis.

1928 2750 2094 2807 Vens.
2135 2753 2316 2812 12-16.
2355 2774 2374 2807 ι
2406 2755 2521 2811 Νοιι
2553 2764 2773 2826 propter
2817 2773 2942 2813 eum
2976 2760 3067 2828 qui
3107 2759 3235 2814 fecit
3263 2760 3411 2830 inju-

1858 2841 2016 2907 riam,
2058 2844 2151 2898 sed
2204 2845 2271 2898 ad
2326 2844 2777 2900 manifestandam
2834 2846 3252 2903 sollicitudinem
3309 2864 3411 2904 no-

1860 2942 2026 2989 stram
2052 2951 2213 3003 quam
2244 2937 2508 2991 habemus
2537 2952 2637 3007 pro
2664 2937 2817 2992 vobis
2842 2938 2909 2991 ad
2939 2953 3035 2994 vos
3060 2953 3244 2994 coram
3280 2940 3409 2998 Deo.

1861 3025 1983 3080 ldeo
2024 3028 2289 3082 consolati
2322 3044 2512 3084 sumus
2555 3047 2571 3084 :
2605 3029 2659 3083 in
2692 3030 3068 3086 consolatione
3099 3040 3279 3087 autem
3316 3050 3414 3087 tto-

1860 3122 1973 3168 slra
2014 3115 2387 3173 abundantius
2426 3120 2602 3189 magis
2642 3122 2813 3191 gavisi
2856 3136 3049 3176 sumus
3086 3138 3247 3192 super
3280 3140 3414 3194 gau-

1861 3205 1951 3259 dio
1971 3204 2101 3271 Titi,
2133 3209 2259 3277 quia
2293 3208 2531 3265 refectus
2559 3219 2644 3265 est
2701 3212 2925 3281 spiritus
2970 3213 3090 3282 ejus
3132 3215 3200 3269 ab
3233 3216 3412 3271 omni-

1788 3276 1831 3332 δ
1860 3295 1963 3350 bus
1986 3276 2161 3352 vobis.
2194 3298 2331 3365 Quia
2359 3299 2404 3355 si
2429 3301 2556 3369 quid
2586 3302 2653 3356 de
2695 3276 2787 3356 illo
2818 3319 2919 3372 pro
2946 3276 3099 3360 vobis
3142 3307 3409 3376 gloriatus

1862 3401 2005 3450 sum,
2036 3403 2147 3440 non
2199 3405 2320 3444 sum
2372 3391 2672 3447 confusus:
2706 3394 2800 3447 sed
2854 3396 2996 3449 sicut
3047 3396 3229 3451 omnia
3257 3399 3414 3454 vobis

1861 3478 1913 3530 in
1944 3479 2170 3533 veritate
2199 3480 2415 3535 locutus
2446 3497 2589 3545 sum,
2628 3483 2703 3535 ita
2741 3496 2795 3538 et
2838 3485 3009 3553 gloria
3054 3497 3243 3541 nostra
3289 3504 3413 3559 quae

1859 3570 1963 3622 fuit
2011 3571 2077 3623 ad
2103 3570 2306 3638 Titum,
2356 3573 2557 3627 veritas
2601 3573 2743 3628 facta
2777 3586 2879 3640 est,
2931 3585 2985 3631 et
3035 3578 3245 3634 viscera
3290 3581 3411 3650 ejus

1858 3661 2225 3717 abundantius
2260 3666 2313 3717 in
2361 3666 2518 3719 vobis
2557 3674 2707 3728 sunt,
2745 3666 3153 3725 reminiscentis
3190 3686 3408 3728 omnem

1856 3762 2090 3806 vestram
2127 3756 2491 3811 obedientiam
2528 3778 2539 3812 :
2587 3761 2864 3829 quomodo
2896 3763 2953 3816 in
3011 3766 3208 3822 timore
3247 3782 3410 3822 exce-

1858 3846 2011 3915 pistis
2049 3848 2223 3903 illum.
2258 3848 2478 3905 Gaudeo
2520 3855 2665 3921 quod
2698 3856 2752 3908 in
2792 3859 3045 3914 omnibus
3098 3859 3314 3915 conﬁdo
3350 3862 3409 3917 in

1857 3939 2033 3992 vobis.
2070 3958 2090 3989 ι

1924 4020 2000 4084 Ne
2027 4030 2211 4085 dicant
2258 4050 2271 4085 :
2308 4032 2485 4098 Quare
2534 4050 2635 4090 nos
2665 4037 2934 4107 inerepas,
2969 4040 3403 4110 quandoquidem

1856 4119 2038 4172 mundi
2078 4135 2269 4177 sumus
2296 4123 2349 4174 in
2390 4124 2492 4178 ista
2531 4128 2777 4195 negotio?
2804 4128 2992 4183 addit:
3031 4129 3203 4201 Hujus
3234 4147 3404 4189 causa

1856 4211 2050 4280 scripsi
2103 4214 2287 4280 vobis,
2333 4223 2391 4270 ut
2430 4222 2771 4287 pernoscatis
2825 4230 3090 4292 quantum
3132 4239 3231 4281 vos
3276 4224 3403 4279 dili-

1855 4313 2056 4367 gerem.

2462 4440 2610 4495 CAP.
2654 4441 2791 4496 VIII.

1928 4541 2091 4597 Vens.
2127 4545 2180 4609 1,
2210 4544 2265 4598 2.
2305 4565 2323 4597 ι
2354 4546 2549 4601 Notum
2586 4560 2766 4604 autem
2817 4548 3047 4606 facimus
3083 4554 3261 4615 vobis,
3292 4554 3403 4609 fra-

206 4613 360 4677 Θεοῦ,
391 4614 492 4682 τὴν
514 4613 799 4683 δεδομένην
827 4615 885 4667 tv
917 4618 1033 4679 ταῖς
1070 4617 1413 4687 Ἐκκλησίαις
1444 4621 1542 4688 τῆς
1566 4619 1754 4671 Μακε-
1791 4603 1831 4656 θ
1858 4641 1872 4685 ι

1735 4646 1754 4658 ·
1791 4603 1831 4656 D
1858 4641 1991 4697 tres,
2020 4634 2249 4704 gratiam
2280 4637 2397 4701 Dei,
2436 4653 2557 4707 qua:
2585 4640 2708 4692 data
2737 4648 2820 4694 est
2850 4641 2903 4694 in
2938 4641 3195 4698 Ecclesiis
3222 4643 3401 4700 Mace-

206 4704 406 4764 δονίας.
454 4702 535 4753 ὃτι
568 4703 625 4753 tv
665 4700 832 4771 πολλῇ
881 4703 1077 4774 δοκιμῇ
1104 4703 1335 4773 θλίψεως
1386 4705 1420 4774 ἠ
1468 4704 1752 4772 περισσεία

205 4801 299 4864 τῆς
334 4796 510 4865 χαρᾶς
543 4794 740 4849 αὐτῶν.
776 4813 793 4844 ι

273 4884 377 4936 Τὸν
405 4883 532 4952 περὶ
559 4882 927 4952 ὲλεημοσύνης
970 4883 1152 4945 αὐτοῖς
1179 4885 1320 4935 κινεί
1348 4884 1533 4953 λόγον’
1582 4884 1669 4938 ῐνα
1697 4884 1754 4937 δὲ

209 4977 281 5045 μὴ
326 4974 681 5043 ὲπαίρωνται,
728 4973 903 5042 χάριν
944 4973 1005 5025 τὸ
1036 4976 1267 5045 πρᾶγμα
1307 4976 1494 5039 καλεῖ,
1548 4977 1641 5027 καὶ
1690 4976 1753 5029 τὰ

205 5065 407 5134 ἑτέρων
450 5062 818 5133 διηγούμενος,
864 5063 1310 5135 σπουδαιοτέρους
1341 5066 1539 5128 αὐτοὺς
1584 5066 1750 5135 ἐργά-

218 5158 380 5208 ἷεται.
775 5176 781 5182 '

208 5174 380 5219 gerat.
775 5176 781 5182 '

281 5269 296 5299 ι
327 5249 432 5301 Καὶ
471 5248 505 5316 ἡ
539 5244 678 5297 κατὰ
704 5244 895 5313 βάθους
926 5247 1170 5315 πτωχεία
1200 5247 1380 5301 αὐτῶν
1421 5250 1747 5320 ἐπερίσσευ-

208 5356 352 5394 dav.)

272 5426 552 5483 Tnuctctt.
590 5428 756 5499 πολλὴ
804 5430 895 5482 καὶ
942 5429 1146 5499 ἄφατος
1177 5430 1376 5496 ἔδειξεν
1422 5431 1601 5487 αὐτῶν
1647 5431 1745 5503 τὴν

201 5522 502 5589 ἁπλότητα.

310 5639 353 5669 ¹³
375 5636 393 5688 l
418 5634 543 5687 Cor.
591 5647 665 5697 tv,
693 5631 749 5691 2.

1856 4723 2053 4786 doniac,
2099 4725 2242 4793 quod
2294 4727 2349 4781 in
2402 4729 2576 4784 multo
2618 4732 2991 4798 experimento
3040 4733 3404 4790 tribulationis

1856 4816 2183 4869 abundantia
2204 4817 2387 4887 gaudii
2412 4819 2655 4887 ipsorum
2688 4821 2807 4874 fuit.
2846 4842 2865 4873 ›

1929 4904 2243 4959 Sermonem
2300 4909 2470 4976 agitat
2527 4908 2594 4965 de
2639 4912 2995 4984 eleemosynae
3064 4915 3399 4983 erogatione.

1855 4993 1932 5050 Ne
1965 5011 2089 5051 vero
2120 4996 2435 5064 ell‘erantur,
2494 5016 2607 5056 rem
2639 5004 2867 5072 gratiam
2899 5006 3151 5075 appellat,
3184 5015 3237 5062 et
3263 5006 3401 5061 alio-

1856 5103 1974 5141 rum
2005 5097 2156 5158 geSta
2185 5090 2461 5145 narrando
2491 5093 2849 5150 studiosiores
2879 5111 2973 5152 eos
3006 5096 3158 5152 facit.

1928 5285 1945 5316 ι
1980 5264 2045 5318 Ει
2070 5266 2334 5320 altissima
2361 5279 2652 5338 paupertas
2676 5286 2864 5326 eorum
2892 5274 3206 5329 abundavit.
3236 5292 3256 5325 ι

1919 5433 2031 5489 Hoc
2058 5444 2160 5498 est,
2199 5438 2415 5507 ingens.
2459 5454 2559 5493 nec
2607 5456 2857 5495 sermone
2895 5442 3233 5511 explicabilis
3263 5456 3396 5513 pau-

1856 5538 2035 5599 pertas
2057 5544 2246 5583 eorum
2275 5531 2675 5601 simplicitatem
2722 5534 2962 5603 ipsorum
2998 5534 3257 5591 ostendit.

1456 5727 1684 5783 νΑΒυΕ
1725 5728 2121 5785 LECTIONES.

275 5812 287 5847 ι
321 5807 481 5890 Lege,
513 5816 589 5886 τῷ
614 5816 918 5885 πράγματι,
954 5824 1013 5870 ιιι
1046 5818 1186 5874 infra
1221 5819 1274 5875 in
1309 5820 1697 5891 subsequentis
1718 5823 1941 5891 capituli
1980 5827 2319 5895 expositione
2350 5847 2363 5884 :
2408 5830 2482 5885 ita
2512 5831 2729 5887 codices
2764 5833 2853 5887 alii
2899 5830 2961 5886 N.
3006 5830 3066 5885 Τ.

474 5914 719 5973 Pnnor.
776 5914 877 5974 Gr.
912 5914 1069 5978 XCV.

2971 5924 3047 5987 24
