  <div class='ocr_page' id='page_1' title='image "/cluster/home/n/w/nwhite01/storage/ocr_20150623/95/nnc1.0046979816/379.png"; bbox 0 0 4218 6448; ppageno 0'>
   <div class='ocr_carea' id='block_1_1' title="bbox 783 421 885 488">
    <p class='ocr_par' dir='ltr' id='par_1_1' title="bbox 783 421 885 488">
     <span class='ocr_line' id='line_1_1' title="bbox 783 421 885 488; baseline -0.02 0"><span class='ocrx_word' id='word_1_1' title='bbox 783 421 885 488; x_wconf 70' lang='grc' dir='ltr'><strong>ςιτ</strong></span> 
     </span>
    </p>
   </div>
   <div class='ocr_carea' id='block_1_2' title="bbox 1955 415 2857 482">
    <p class='ocr_par' dir='ltr' id='par_1_2' title="bbox 1955 415 2857 482">
     <span class='ocr_line' id='line_1_2' title="bbox 1955 415 2857 482; baseline 0.003 -4"><span class='ocrx_word' id='word_1_2' title='bbox 1955 420 2012 478; x_wconf 87' lang='lat' dir='ltr'><strong>s.</strong></span> <span class='ocrx_word' id='word_1_3' title='bbox 2053 415 2370 479; x_wconf 75' lang='lat' dir='ltr'><strong>JOANNIS</strong></span> <span class='ocrx_word' id='word_1_4' title='bbox 2411 415 2857 482; x_wconf 67' lang='lat' dir='ltr'><strong>DAMASCENL</strong></span> 
     </span>
    </p>
   </div>
   <div class='ocr_carea' id='block_1_3' title="bbox 3880 430 3988 494">
    <p class='ocr_par' dir='ltr' id='par_1_3' title="bbox 3880 430 3988 494">
     <span class='ocr_line' id='line_1_3' title="bbox 3880 430 3988 494; baseline -0.009 0"><span class='ocrx_word' id='word_1_5' title='bbox 3880 430 3988 494; x_wconf 71' lang='grc'><strong>748</strong></span> 
     </span>
    </p>
   </div>
   <div class='ocr_carea' id='block_1_4' title="bbox 855 524 2521 611">
    <p class='ocr_par' dir='ltr' id='par_1_4' title="bbox 855 524 2521 601">
     <span class='ocr_line' id='line_1_4' title="bbox 855 524 2521 601; baseline -0.001 -17"><span class='ocrx_word' id='word_1_6' title='bbox 855 552 876 584; x_wconf 70' lang='grc' dir='ltr'><strong>ι</strong></span> <span class='ocrx_word' id='word_1_7' title='bbox 926 531 982 587; x_wconf 83' lang='grc' dir='ltr'>1η</span> <span class='ocrx_word' id='word_1_8' title='bbox 1020 533 1237 587; x_wconf 75' lang='lat' dir='ltr'><strong>divitias</strong></span> <span class='ocrx_word' id='word_1_9' title='bbox 1282 532 1645 601; x_wconf 71' lang='lat' dir='ltr'><strong>simplicitatis</strong></span> <span class='ocrx_word' id='word_1_10' title='bbox 1687 545 1874 587; x_wconf 88' lang='lat' dir='ltr'><strong>eorum</strong></span> <span class='ocrx_word' id='word_1_11' title='bbox 1915 548 1927 584; x_wconf 93' lang='lat'>:</span> <span class='ocrx_word' id='word_1_12' title='bbox 1967 529 2155 600; x_wconf 63' lang='lat' dir='ltr'><strong>Heus.</strong></span> <span class='ocrx_word' id='word_1_13' title='bbox 2183 528 2237 592; x_wconf 83' lang='lat'><strong>‘5,</strong></span> <span class='ocrx_word' id='word_1_14' title='bbox 2273 524 2328 594; x_wconf 74' lang='grc'><strong>4]</strong></span> <span class='ocrx_word' id='word_1_15' title='bbox 2359 533 2402 586; x_wconf 84' lang='grc' dir='ltr'><strong>Α</strong></span> <span class='ocrx_word' id='word_1_16' title='bbox 2505 547 2521 582; x_wconf 74' lang='grc' dir='ltr'><strong>ι</strong></span> 
     </span>
    </p>
   </div>
   <div class='ocr_carea' id='block_1_5' title="bbox 2317 524 3983 611">
    <p class='ocr_par' dir='ltr' id='par_1_5' title="bbox 2317 524 3983 611">
     <span class='ocr_line' id='line_1_5' title="bbox 2317 524 3983 611; baseline 0.011 -31"><span class='ocrx_word' id='word_1_17' title='bbox 2317 524 2328 594; x_wconf 95' lang='lat'><strong><em>|</em></strong></span> <span class='ocrx_word' id='word_1_18' title='bbox 2359 533 2402 586; x_wconf 84' lang='grc' dir='ltr'><strong>Α</strong></span> <span class='ocrx_word' id='word_1_19' title='bbox 2505 547 2526 582; x_wconf 72' lang='grc' dir='ltr'><strong>ι</strong></span> <span class='ocrx_word' id='word_1_20' title='bbox 2555 531 2647 594; x_wconf 86' lang='grc' dir='ltr'>Εἰς</span> <span class='ocrx_word' id='word_1_21' title='bbox 2669 534 2760 586; x_wconf 78' lang='grc' dir='ltr'>τὸν</span> <span class='ocrx_word' id='word_1_22' title='bbox 2791 534 3018 588; x_wconf 85' lang='grc' dir='ltr'>πλοῦτον</span> <span class='ocrx_word' id='word_1_23' title='bbox 3039 535 3136 606; x_wconf 84' lang='grc' dir='ltr'>τῆς</span> <span class='ocrx_word' id='word_1_24' title='bbox 3162 536 3460 611; x_wconf 75' lang='grc' dir='ltr'><strong>ἁπλότητος</strong></span> <span class='ocrx_word' id='word_1_25' title='bbox 3486 540 3696 594; x_wconf 75' lang='grc' dir='ltr'>αὐτῶν·</span> <span class='ocrx_word' id='word_1_26' title='bbox 3728 542 3810 596; x_wconf 76' lang='grc' dir='ltr'>ὅτι</span> <span class='ocrx_word' id='word_1_27' title='bbox 3842 548 3983 598; x_wconf 71' lang='grc' dir='ltr'>κατὰ</span> 
     </span>
    </p>
   </div>
   <div class='ocr_carea' id='block_1_6' title="bbox 781 619 2330 696">
    <p class='ocr_par' dir='ltr' id='par_1_6' title="bbox 781 619 2330 696">
     <span class='ocr_line' id='line_1_6' title="bbox 781 619 2330 696; baseline -0.005 -17"><span class='ocrx_word' id='word_1_28' title='bbox 781 627 908 696; x_wconf 83' lang='lat' dir='ltr'><strong>quia</strong></span> <span class='ocrx_word' id='word_1_29' title='bbox 954 625 1107 696; x_wconf 66' lang='grc'><strong>143</strong></span> <span class='ocrx_word' id='word_1_30' title='bbox 1147 625 1446 679; x_wconf 90' lang='lat' dir='ltr'><strong>secundum</strong></span> <span class='ocrx_word' id='word_1_31' title='bbox 1500 624 1756 678; x_wconf 75' lang='lat' dir='ltr'><strong>virtutem</strong></span> <span class='ocrx_word' id='word_1_32' title='bbox 1812 621 2179 676; x_wconf 90' lang='lat' dir='ltr'><strong>testimonium</strong></span> <span class='ocrx_word' id='word_1_33' title='bbox 2225 619 2330 672; x_wconf 86' lang='lat' dir='ltr'><strong>illis</strong></span> 
     </span>
    </p>
   </div>
   <div class='ocr_carea' id='block_1_7' title="bbox 783 715 2328 787">
    <p class='ocr_par' dir='ltr' id='par_1_7' title="bbox 783 715 2328 787">
     <span class='ocr_line' id='line_1_7' title="bbox 783 715 2328 787; baseline -0.005 -15"><span class='ocrx_word' id='word_1_34' title='bbox 783 719 970 783; x_wconf 86' lang='lat' dir='ltr'><strong>reddo,</strong></span> <span class='ocrx_word' id='word_1_35' title='bbox 995 728 1048 772; x_wconf 90' lang='lat' dir='ltr'><strong>et</strong></span> <span class='ocrx_word' id='word_1_36' title='bbox 1096 734 1261 787; x_wconf 89' lang='lat' dir='ltr'><strong>supra</strong></span> <span class='ocrx_word' id='word_1_37' title='bbox 1310 719 1566 771; x_wconf 74' lang='lat' dir='ltr'><strong>virtutem</strong></span> <span class='ocrx_word' id='word_1_38' title='bbox 1616 716 1902 771; x_wconf 84' lang='lat' dir='ltr'><strong>voluntarii</strong></span> <span class='ocrx_word' id='word_1_39' title='bbox 1934 715 2171 778; x_wconf 79' lang='lat' dir='ltr'><strong>fuerunt,</strong></span> <span class='ocrx_word' id='word_1_40' title='bbox 2207 728 2328 766; x_wconf 90' lang='lat' dir='ltr'><strong>cum</strong></span> 
     </span>
    </p>
   </div>
   <div class='ocr_carea' id='block_1_8' title="bbox 781 807 2221 878">
    <p class='ocr_par' dir='ltr' id='par_1_8' title="bbox 781 807 2221 878">
     <span class='ocr_line' id='line_1_8' title="bbox 781 807 2221 878; baseline -0.003 -15"><span class='ocrx_word' id='word_1_41' title='bbox 781 812 945 863; x_wconf 83' lang='lat' dir='ltr'><strong>multa</strong></span> <span class='ocrx_word' id='word_1_42' title='bbox 984 811 1366 864; x_wconf 74' lang='lat' dir='ltr'><strong>exhortatione</strong></span> <span class='ocrx_word' id='word_1_43' title='bbox 1397 810 1750 864; x_wconf 83' lang='lat' dir='ltr'><strong>obsecrantes</strong></span> <span class='ocrx_word' id='word_1_44' title='bbox 1783 823 1884 863; x_wconf 93' lang='lat' dir='ltr'><strong>nos</strong></span> <span class='ocrx_word' id='word_1_45' title='bbox 1914 807 2168 878; x_wconf 78' lang='lat' dir='ltr'><strong>gratiam.</strong></span> <span class='ocrx_word' id='word_1_46' title='bbox 2202 825 2221 857; x_wconf 73' lang='grc' dir='ltr'><strong>ι</strong></span> 
     </span>
    </p>
   </div>
   <div class='ocr_carea' id='block_1_9' title="bbox 847 897 2332 970">
    <p class='ocr_par' dir='ltr' id='par_1_9' title="bbox 847 897 2332 970">
     <span class='ocr_line' id='line_1_9' title="bbox 847 897 2332 970; baseline -0.003 -18"><span class='ocrx_word' id='word_1_47' title='bbox 847 899 966 953; x_wconf 73' lang='lat' dir='ltr'><strong>Non</strong></span> <span class='ocrx_word' id='word_1_48' title='bbox 992 901 1150 952; x_wconf 88' lang='lat' dir='ltr'><strong>modo</strong></span> <span class='ocrx_word' id='word_1_49' title='bbox 1179 910 1464 970; x_wconf 80' lang='lat' dir='ltr'><strong>paupertas</strong></span> <span class='ocrx_word' id='word_1_50' title='bbox 1491 915 1699 962; x_wconf 90' lang='lat' dir='ltr'><strong>eorum,</strong></span> <span class='ocrx_word' id='word_1_51' title='bbox 1727 900 1922 968; x_wconf 80' lang='lat' dir='ltr'><strong>inquit,</strong></span> <span class='ocrx_word' id='word_1_52' title='bbox 1947 897 2332 967; x_wconf 89' lang='lat' dir='ltr'><strong>impedimento</strong></span> 
     </span>
    </p>
   </div>
   <div class='ocr_carea' id='block_1_10' title="bbox 780 986 2333 1060">
    <p class='ocr_par' dir='ltr' id='par_1_10' title="bbox 780 986 2333 1060">
     <span class='ocr_line' id='line_1_10' title="bbox 780 986 2333 1060; baseline -0.003 -16"><span class='ocrx_word' id='word_1_53' title='bbox 780 1007 887 1044; x_wconf 84' lang='lat' dir='ltr'><strong>non</strong></span> <span class='ocrx_word' id='word_1_54' title='bbox 925 990 1046 1052; x_wconf 89' lang='lat' dir='ltr'><strong>l&#39;uit,</strong></span> <span class='ocrx_word' id='word_1_55' title='bbox 1073 994 1203 1060; x_wconf 93' lang='lat' dir='ltr'><strong>quin</strong></span> <span class='ocrx_word' id='word_1_56' title='bbox 1256 993 1399 1059; x_wconf 81' lang='lat' dir='ltr'><strong>large</strong></span> <span class='ocrx_word' id='word_1_57' title='bbox 1427 1001 1732 1060; x_wconf 89' lang='lat' dir='ltr'><strong>erogarent,</strong></span> <span class='ocrx_word' id='word_1_58' title='bbox 1765 991 1858 1045; x_wconf 85' lang='lat' dir='ltr'><strong>sed</strong></span> <span class='ocrx_word' id='word_1_59' title='bbox 1901 999 1955 1045; x_wconf 89' lang='lat' dir='ltr'><strong>et</strong></span> <span class='ocrx_word' id='word_1_60' title='bbox 1981 988 2200 1043; x_wconf 84' lang='lat' dir='ltr'><strong>occasio</strong></span> <span class='ocrx_word' id='word_1_61' title='bbox 2231 986 2333 1040; x_wconf 80' lang='lat' dir='ltr'><strong>fuit</strong></span> 
     </span>
    </p>
   </div>
   <div class='ocr_carea' id='block_1_11' title="bbox 779 1079 2329 1154">
    <p class='ocr_par' dir='ltr' id='par_1_11' title="bbox 779 1079 2329 1154">
     <span class='ocr_line' id='line_1_11' title="bbox 779 1079 2329 1154; baseline -0.003 -19"><span class='ocrx_word' id='word_1_62' title='bbox 779 1083 1143 1137; x_wconf 86' lang='lat' dir='ltr'><strong>abundantius</strong></span> <span class='ocrx_word' id='word_1_63' title='bbox 1170 1083 1356 1138; x_wconf 88' lang='lat' dir='ltr'><strong>dandi.</strong></span> <span class='ocrx_word' id='word_1_64' title='bbox 1389 1085 1605 1150; x_wconf 86' lang='lat' dir='ltr'><strong>Quanto</strong></span> <span class='ocrx_word' id='word_1_65' title='bbox 1629 1084 1802 1154; x_wconf 84' lang='lat' dir='ltr'><strong>magis</strong></span> <span class='ocrx_word' id='word_1_66' title='bbox 1823 1083 1964 1138; x_wconf 91' lang='lat' dir='ltr'><strong>enim</strong></span> <span class='ocrx_word' id='word_1_67' title='bbox 1998 1079 2329 1150; x_wconf 81' lang='lat' dir='ltr'><strong>indigebant,</strong></span> 
     </span>
    </p>
   </div>
   <div class='ocr_carea' id='block_1_12' title="bbox 778 1175 1634 1230">
    <p class='ocr_par' dir='ltr' id='par_1_12' title="bbox 778 1175 1634 1230">
     <span class='ocr_line' id='line_1_12' title="bbox 778 1175 1634 1230; baseline 0 -4"><span class='ocrx_word' id='word_1_68' title='bbox 778 1183 930 1228; x_wconf 90' lang='lat' dir='ltr'><strong>tanto</strong></span> <span class='ocrx_word' id='word_1_69' title='bbox 963 1175 1420 1230; x_wconf 83' lang='lat' dir='ltr'><strong>muniﬁcentiores</strong></span> <span class='ocrx_word' id='word_1_70' title='bbox 1453 1185 1634 1230; x_wconf 89' lang='lat' dir='ltr'><strong>erant.</strong></span> 
     </span>
    </p>
   </div>
   <div class='ocr_carea' id='block_1_13' title="bbox 851 1262 2325 1332">
    <p class='ocr_par' dir='ltr' id='par_1_13' title="bbox 851 1262 2325 1332">
     <span class='ocr_line' id='line_1_13' title="bbox 851 1262 2325 1332; baseline -0.001 -15"><span class='ocrx_word' id='word_1_71' title='bbox 851 1285 871 1317; x_wconf 75' lang='grc' dir='ltr'><strong>ι</strong></span> <span class='ocrx_word' id='word_1_72' title='bbox 918 1265 981 1318; x_wconf 86' lang='lat' dir='ltr'><strong>Et</strong></span> <span class='ocrx_word' id='word_1_73' title='bbox 1027 1268 1574 1323; x_wconf 82' lang='lat' dir='ltr'><strong>communicationem</strong></span> <span class='ocrx_word' id='word_1_74' title='bbox 1634 1264 1947 1327; x_wconf 86' lang='lat' dir='ltr'><strong>ministerii,</strong></span> <span class='ocrx_word' id='word_1_75' title='bbox 1989 1265 2130 1332; x_wconf 90' lang='lat' dir='ltr'><strong>quod</strong></span> <span class='ocrx_word' id='word_1_76' title='bbox 2179 1262 2325 1316; x_wconf 83' lang='lat' dir='ltr'><strong>litin</strong></span> 
     </span>
    </p>
   </div>
   <div class='ocr_carea' id='block_1_14' title="bbox 780 1355 2327 1431">
    <p class='ocr_par' dir='ltr' id='par_1_14' title="bbox 780 1355 2327 1431">
     <span class='ocr_line' id='line_1_14' title="bbox 780 1355 2327 1431; baseline -0.003 -19"><span class='ocrx_word' id='word_1_77' title='bbox 780 1367 1019 1423; x_wconf 87' lang='lat' dir='ltr'><strong>sanctos,</strong></span> <span class='ocrx_word' id='word_1_78' title='bbox 1051 1358 1236 1431; x_wconf 63' lang='grc' dir='ltr'><strong>[νεεδ.</strong></span> <span class='ocrx_word' id='word_1_79' title='bbox 1262 1363 1316 1424; x_wconf 83' lang='grc'>5,</span> <span class='ocrx_word' id='word_1_80' title='bbox 1347 1360 1402 1430; x_wconf 72' lang='lat'><strong>6‘,</strong></span> <span class='ocrx_word' id='word_1_81' title='bbox 1433 1373 1486 1415; x_wconf 86' lang='lat' dir='ltr'><strong>et</strong></span> <span class='ocrx_word' id='word_1_82' title='bbox 1517 1377 1621 1412; x_wconf 93' lang='lat' dir='ltr'><strong>non</strong></span> <span class='ocrx_word' id='word_1_83' title='bbox 1656 1360 1796 1413; x_wconf 84' lang='lat' dir='ltr'><strong>sicut</strong></span> <span class='ocrx_word' id='word_1_84' title='bbox 1828 1358 2200 1425; x_wconf 81' lang='lat' dir='ltr'><strong>speravimus:</strong></span> <span class='ocrx_word' id='word_1_85' title='bbox 2234 1355 2327 1410; x_wconf 90' lang='lat' dir='ltr'><strong>sed</strong></span> 
     </span>
    </p>
   </div>
   <div class='ocr_carea' id='block_1_15' title="bbox 779 1449 2328 1522">
    <p class='ocr_par' dir='ltr' id='par_1_15' title="bbox 779 1449 2328 1522">
     <span class='ocr_line' id='line_1_15' title="bbox 779 1449 2328 1522; baseline -0.003 -19"><span class='ocrx_word' id='word_1_86' title='bbox 779 1453 1100 1522; x_wconf 88' lang='lat' dir='ltr'><strong>semetipsos</strong></span> <span class='ocrx_word' id='word_1_87' title='bbox 1133 1453 1400 1507; x_wconf 86' lang='lat' dir='ltr'><strong>dederunt</strong></span> <span class='ocrx_word' id='word_1_88' title='bbox 1434 1454 1668 1521; x_wconf 87' lang='lat' dir='ltr'><strong>primum</strong></span> <span class='ocrx_word' id='word_1_89' title='bbox 1710 1452 1971 1511; x_wconf 88' lang='lat' dir='ltr'><strong>Domino,</strong></span> <span class='ocrx_word' id='word_1_90' title='bbox 2005 1449 2200 1503; x_wconf 90' lang='lat' dir='ltr'><strong>deinde</strong></span> <span class='ocrx_word' id='word_1_91' title='bbox 2233 1464 2328 1501; x_wconf 87' lang='lat' dir='ltr'><strong>no-</strong></span> 
     </span>
    </p>
   </div>
   <div class='ocr_carea' id='block_1_16' title="bbox 779 1539 2326 1611">
    <p class='ocr_par' dir='ltr' id='par_1_16' title="bbox 779 1539 2326 1611">
     <span class='ocr_line' id='line_1_16' title="bbox 779 1539 2326 1611; baseline 0 -17"><span class='ocrx_word' id='word_1_92' title='bbox 779 1541 862 1596; x_wconf 86' lang='lat' dir='ltr'><strong>bis</strong></span> <span class='ocrx_word' id='word_1_93' title='bbox 897 1558 990 1611; x_wconf 91' lang='lat' dir='ltr'><strong>per</strong></span> <span class='ocrx_word' id='word_1_94' title='bbox 1025 1543 1358 1599; x_wconf 86' lang='lat' dir='ltr'><strong>voluntatem</strong></span> <span class='ocrx_word' id='word_1_95' title='bbox 1393 1543 1520 1598; x_wconf 88' lang='lat' dir='ltr'><strong>Dei:</strong></span> <span class='ocrx_word' id='word_1_96' title='bbox 1565 1545 1638 1597; x_wconf 91' lang='lat' dir='ltr'><strong>ita</strong></span> <span class='ocrx_word' id='word_1_97' title='bbox 1680 1553 1737 1596; x_wconf 92' lang='lat' dir='ltr'><strong>ut</strong></span> <span class='ocrx_word' id='word_1_98' title='bbox 1768 1557 2088 1610; x_wconf 81' lang='lat' dir='ltr'><strong>rogaremus</strong></span> <span class='ocrx_word' id='word_1_99' title='bbox 2120 1539 2326 1605; x_wconf 87' lang='lat' dir='ltr'><strong>Titum,</strong></span> 
     </span>
    </p>
   </div>
   <div class='ocr_carea' id='block_1_17' title="bbox 778 1631 2328 1704">
    <p class='ocr_par' dir='ltr' id='par_1_17' title="bbox 778 1631 2328 1704">
     <span class='ocr_line' id='line_1_17' title="bbox 778 1631 2328 1704; baseline 0 -17"><span class='ocrx_word' id='word_1_100' title='bbox 778 1642 837 1687; x_wconf 86' lang='lat' dir='ltr'><strong>ut</strong></span> <span class='ocrx_word' id='word_1_101' title='bbox 883 1633 1338 1702; x_wconf 83' lang='lat' dir='ltr'><strong>quemadmodum</strong></span> <span class='ocrx_word' id='word_1_102' title='bbox 1373 1635 1572 1704; x_wconf 78' lang='lat' dir='ltr'><strong>cmpit,</strong></span> <span class='ocrx_word' id='word_1_103' title='bbox 1625 1636 1700 1689; x_wconf 89' lang='lat' dir='ltr'><strong>ita</strong></span> <span class='ocrx_word' id='word_1_104' title='bbox 1761 1633 2006 1704; x_wconf 79' lang='lat' dir='ltr'><strong>perﬁciat</strong></span> <span class='ocrx_word' id='word_1_105' title='bbox 2063 1633 2116 1685; x_wconf 87' lang='lat' dir='ltr'><strong>in</strong></span> <span class='ocrx_word' id='word_1_106' title='bbox 2176 1631 2328 1687; x_wconf 86' lang='lat' dir='ltr'><strong>vobis</strong></span> 
     </span>
    </p>
   </div>
   <div class='ocr_carea' id='block_1_18' title="bbox 768 1724 1460 1792">
    <p class='ocr_par' dir='ltr' id='par_1_18' title="bbox 768 1724 1460 1792">
     <span class='ocr_line' id='line_1_18' title="bbox 768 1724 1460 1792; baseline -0.001 -15"><span class='ocrx_word' id='word_1_107' title='bbox 768 1724 937 1777; x_wconf 79' lang='lat' dir='ltr'><strong>etiam</strong></span> <span class='ocrx_word' id='word_1_108' title='bbox 977 1725 1206 1792; x_wconf 79' lang='lat' dir='ltr'><strong>gratiam</strong></span> <span class='ocrx_word' id='word_1_109' title='bbox 1234 1724 1415 1778; x_wconf 90' lang='lat' dir='ltr'><strong>istam.</strong></span> <span class='ocrx_word' id='word_1_110' title='bbox 1441 1743 1460 1776; x_wconf 72' lang='grc' dir='ltr'><strong>ι</strong></span> 
     </span>
    </p>
   </div>
   <div class='ocr_carea' id='block_1_19' title="bbox 847 1811 2325 1886">
    <p class='ocr_par' dir='ltr' id='par_1_19' title="bbox 847 1811 2325 1886">
     <span class='ocr_line' id='line_1_19' title="bbox 847 1811 2325 1886; baseline -0.003 -18"><span class='ocrx_word' id='word_1_111' title='bbox 847 1814 1059 1871; x_wconf 83' lang='lat' dir='ltr'><strong>Vidcsis</strong></span> <span class='ocrx_word' id='word_1_112' title='bbox 1107 1817 1384 1886; x_wconf 92' lang='lat' dir='ltr'><strong>quomodo</strong></span> <span class='ocrx_word' id='word_1_113' title='bbox 1427 1831 1553 1872; x_wconf 80' lang='lat' dir='ltr'><strong>rem&#39;</strong></span> <span class='ocrx_word' id='word_1_114' title='bbox 1594 1813 1806 1869; x_wconf 79' lang='lat' dir='ltr'><strong>extollit</strong></span> <span class='ocrx_word' id='word_1_115' title='bbox 1851 1811 2100 1884; x_wconf 89' lang='lat' dir='ltr'><strong>augustis</strong></span> <span class='ocrx_word' id='word_1_116' title='bbox 2148 1811 2325 1865; x_wconf 80' lang='lat' dir='ltr'><strong>norni-</strong></span> 
     </span>
    </p>
   </div>
   <div class='ocr_carea' id='block_1_20' title="bbox 777 1908 1832 1962">
    <p class='ocr_par' dir='ltr' id='par_1_20' title="bbox 777 1908 1832 1962">
     <span class='ocr_line' id='line_1_20' title="bbox 777 1908 1832 1962; baseline 0.001 -1"><span class='ocrx_word' id='word_1_117' title='bbox 777 1908 954 1962; x_wconf 59' lang='lat' dir='ltr'><strong>nﬂms.</strong></span> <span class='ocrx_word' id='word_1_118' title='bbox 1827 1957 1832 1962; x_wconf 84' lang='lat'><strong>.</strong></span> 
     </span>
    </p>
   </div>
   <div class='ocr_carea' id='block_1_21' title="bbox 845 1995 2315 2059">
    <p class='ocr_par' dir='ltr' id='par_1_21' title="bbox 845 1995 2315 2059">
     <span class='ocr_line' id='line_1_21' title="bbox 845 1995 2315 2059; baseline -0.002 -8"><span class='ocrx_word' id='word_1_119' title='bbox 845 1998 1009 2055; x_wconf 71' lang='lat' dir='ltr'><strong>Vens.</strong></span> <span class='ocrx_word' id='word_1_120' title='bbox 1039 2003 1091 2054; x_wconf 83' lang='lat'><strong>7.</strong></span> <span class='ocrx_word' id='word_1_121' title='bbox 1134 1996 1278 2053; x_wconf 73' lang='lat' dir='ltr'><strong>«Sed</strong></span> <span class='ocrx_word' id='word_1_122' title='bbox 1312 1997 1456 2054; x_wconf 88' lang='lat' dir='ltr'><strong>sicut</strong></span> <span class='ocrx_word' id='word_1_123' title='bbox 1490 1999 1543 2051; x_wconf 87' lang='lat' dir='ltr'><strong>in</strong></span> <span class='ocrx_word' id='word_1_124' title='bbox 1577 1996 1832 2051; x_wconf 84' lang='lat' dir='ltr'><strong>omnibus</strong></span> <span class='ocrx_word' id='word_1_125' title='bbox 1867 1996 2156 2051; x_wconf 88' lang='lat' dir='ltr'><strong>abundatis</strong></span> <span class='ocrx_word' id='word_1_126' title='bbox 2190 1995 2315 2059; x_wconf 88' lang='lat' dir='ltr'><strong>lide,</strong></span> 
     </span>
    </p>
   </div>
   <div class='ocr_carea' id='block_1_22' title="bbox 772 2087 2327 2151">
    <p class='ocr_par' dir='ltr' id='par_1_22' title="bbox 772 2087 2327 2151">
     <span class='ocr_line' id='line_1_22' title="bbox 772 2087 2327 2151; baseline -0.001 -10"><span class='ocrx_word' id='word_1_127' title='bbox 772 2097 826 2142; x_wconf 76' lang='lat' dir='ltr'><strong>et</strong></span> <span class='ocrx_word' id='word_1_128' title='bbox 850 2103 1120 2148; x_wconf 76' lang='lat' dir='ltr'><strong>sermone.</strong></span> <span class='ocrx_word' id='word_1_129' title='bbox 1147 2096 1203 2142; x_wconf 88' lang='lat' dir='ltr'><strong>et</strong></span> <span class='ocrx_word' id='word_1_130' title='bbox 1249 2088 1501 2151; x_wconf 88' lang='lat' dir='ltr'><strong>scientia,</strong></span> <span class='ocrx_word' id='word_1_131' title='bbox 1537 2095 1591 2141; x_wconf 89' lang='lat' dir='ltr'><strong>et</strong></span> <span class='ocrx_word' id='word_1_132' title='bbox 1628 2087 1776 2140; x_wconf 91' lang='lat' dir='ltr'><strong>omni</strong></span> <span class='ocrx_word' id='word_1_133' title='bbox 1823 2087 2210 2150; x_wconf 89' lang='lat' dir='ltr'><strong>sollicitudine,</strong></span> <span class='ocrx_word' id='word_1_134' title='bbox 2243 2087 2327 2140; x_wconf 88' lang='lat' dir='ltr'><strong>iu-</strong></span> 
     </span>
    </p>
   </div>
   <div class='ocr_carea' id='block_1_23' title="bbox 773 2180 2326 2252">
    <p class='ocr_par' dir='ltr' id='par_1_23' title="bbox 773 2180 2326 2252">
     <span class='ocr_line' id='line_1_23' title="bbox 773 2180 2326 2252; baseline 0 -18"><span class='ocrx_word' id='word_1_135' title='bbox 773 2189 1016 2250; x_wconf 85' lang='lat' dir='ltr'><strong>superet</strong></span> <span class='ocrx_word' id='word_1_136' title='bbox 1045 2181 1316 2235; x_wconf 86' lang='lat' dir='ltr'><strong>charitate</strong></span> <span class='ocrx_word' id='word_1_137' title='bbox 1343 2187 1525 2235; x_wconf 82' lang='lat' dir='ltr'><strong>vestra</strong></span> <span class='ocrx_word' id='word_1_138' title='bbox 1557 2180 1610 2234; x_wconf 91' lang='lat' dir='ltr'><strong>in</strong></span> <span class='ocrx_word' id='word_1_139' title='bbox 1647 2195 1769 2245; x_wconf 91' lang='lat' dir='ltr'><strong>nos,</strong></span> <span class='ocrx_word' id='word_1_140' title='bbox 1803 2188 1939 2236; x_wconf 91' lang='lat' dir='ltr'><strong>utet</strong></span> <span class='ocrx_word' id='word_1_141' title='bbox 1979 2182 2033 2235; x_wconf 92' lang='lat' dir='ltr'><strong>in</strong></span> <span class='ocrx_word' id='word_1_142' title='bbox 2069 2181 2170 2234; x_wconf 89' lang='lat' dir='ltr'><strong>hac</strong></span> <span class='ocrx_word' id='word_1_143' title='bbox 2203 2195 2326 2252; x_wconf 85' lang='lat' dir='ltr'><strong>gra-</strong></span> 
     </span>
    </p>
   </div>
   <div class='ocr_carea' id='block_1_24' title="bbox 751 2253 1811 2327">
    <p class='ocr_par' dir='ltr' id='par_1_24' title="bbox 751 2253 1811 2327">
     <span class='ocr_line' id='line_1_24' title="bbox 751 2253 1811 2327; baseline -0.005 -1"><span class='ocrx_word' id='word_1_144' title='bbox 751 2314 753 2316; x_wconf 60' lang='grc' dir='ltr'><strong>η</strong></span> <span class='ocrx_word' id='word_1_145' title='bbox 774 2274 844 2326; x_wconf 85' lang='lat' dir='ltr'><strong>tia</strong></span> <span class='ocrx_word' id='word_1_146' title='bbox 885 2272 1193 2327; x_wconf 87' lang='lat' dir='ltr'><strong>abundetis.</strong></span> <span class='ocrx_word' id='word_1_147' title='bbox 1233 2291 1251 2322; x_wconf 74' lang='grc' dir='ltr'><strong>ι</strong></span> <span class='ocrx_word' id='word_1_148' title='bbox 1807 2253 1811 2262; x_wconf 64' lang='grc'><em>’</em></span> 
     </span>
    </p>
   </div>
   <div class='ocr_carea' id='block_1_25' title="bbox 757 2361 2319 2434">
    <p class='ocr_par' dir='ltr' id='par_1_25' title="bbox 757 2361 2319 2434">
     <span class='ocr_line' id='line_1_25' title="bbox 757 2361 2319 2434; baseline 0.002 -18"><span class='ocrx_word' id='word_1_149' title='bbox 757 2425 764 2430; x_wconf 93' lang='lat'>_</span> <span class='ocrx_word' id='word_1_150' title='bbox 845 2361 976 2418; x_wconf 78' lang='lat' dir='ltr'><strong>Vide</strong></span> <span class='ocrx_word' id='word_1_151' title='bbox 1010 2365 1205 2419; x_wconf 85' lang='lat' dir='ltr'><strong>iteru‘m</strong></span> <span class='ocrx_word' id='word_1_152' title='bbox 1239 2379 1367 2418; x_wconf 88' lang='lat' dir='ltr'><strong>cum</strong></span> <span class='ocrx_word' id='word_1_153' title='bbox 1424 2363 1583 2419; x_wconf 87' lang='lat' dir='ltr'><strong>laude</strong></span> <span class='ocrx_word' id='word_1_154' title='bbox 1632 2363 2067 2418; x_wconf 86' lang='lat' dir='ltr'><strong>adhortationem</strong></span> <span class='ocrx_word' id='word_1_155' title='bbox 2117 2365 2319 2434; x_wconf 90' lang='lat' dir='ltr'><strong>peragi.</strong></span> 
     </span>
    </p>
   </div>
   <div class='ocr_carea' id='block_1_26' title="bbox 773 2437 2321 2526">
    <p class='ocr_par' dir='ltr' id='par_1_26' title="bbox 773 2437 2321 2526">
     <span class='ocr_line' id='line_1_26' title="bbox 773 2437 2321 2526; baseline 0.001 -17"><span class='ocrx_word' id='word_1_156' title='bbox 773 2437 1114 2512; x_wconf 25' lang='lat' dir='ltr'><strong>Fidcmbvero</strong></span> <span class='ocrx_word' id='word_1_157' title='bbox 1143 2473 1264 2512; x_wconf 88' lang='lat' dir='ltr'><strong>eam</strong></span> <span class='ocrx_word' id='word_1_158' title='bbox 1296 2457 1447 2521; x_wconf 90' lang='lat' dir='ltr'><strong>dicit,</strong></span> <span class='ocrx_word' id='word_1_159' title='bbox 1478 2471 1600 2526; x_wconf 72' lang='lat' dir='ltr'><strong>quae</strong></span> <span class='ocrx_word' id='word_1_160' title='bbox 1649 2458 1851 2511; x_wconf 89' lang='lat' dir='ltr'><strong>donum</strong></span> <span class='ocrx_word' id='word_1_161' title='bbox 1882 2456 2154 2525; x_wconf 89' lang='lat' dir='ltr'><strong>quoddam</strong></span> <span class='ocrx_word' id='word_1_162' title='bbox 2183 2467 2321 2523; x_wconf 88' lang='lat' dir='ltr'><strong>erat,</strong></span> 
     </span>
    </p>
   </div>
   <div class='ocr_carea' id='block_1_27' title="bbox 770 2548 2325 2623">
    <p class='ocr_par' dir='ltr' id='par_1_27' title="bbox 770 2548 2325 2623">
     <span class='ocr_line' id='line_1_27' title="bbox 770 2548 2325 2623; baseline 0.003 -23"><span class='ocrx_word' id='word_1_163' title='bbox 770 2548 915 2601; x_wconf 90' lang='lat' dir='ltr'><strong>velut</strong></span> <span class='ocrx_word' id='word_1_164' title='bbox 944 2557 998 2602; x_wconf 91' lang='lat' dir='ltr'><strong>et</strong></span> <span class='ocrx_word' id='word_1_165' title='bbox 1031 2565 1326 2623; x_wconf 59' lang='lat' dir='ltr'><strong>«mouent</strong></span> <span class='ocrx_word' id='word_1_166' title='bbox 1363 2549 1664 2619; x_wconf 65' lang='lat' dir='ltr'><strong>sapientiae,</strong></span> <span class='ocrx_word' id='word_1_167' title='bbox 1713 2558 1768 2604; x_wconf 93' lang='lat' dir='ltr'><strong>et</strong></span> <span class='ocrx_word' id='word_1_168' title='bbox 1797 2549 2070 2602; x_wconf 72' lang='lat' dir='ltr'><strong>scientiam</strong></span> <span class='ocrx_word' id='word_1_169' title='bbox 2103 2549 2325 2619; x_wconf 83' lang='lat' dir='ltr'><strong>dogma-</strong></span> 
     </span>
    </p>
   </div>
   <div class='ocr_carea' id='block_1_28' title="bbox 769 2640 2321 2708">
    <p class='ocr_par' dir='ltr' id='par_1_28' title="bbox 769 2640 2321 2708">
     <span class='ocr_line' id='line_1_28' title="bbox 769 2640 2321 2708; baseline 0.002 -15"><span class='ocrx_word' id='word_1_170' title='bbox 769 2648 905 2695; x_wconf 89' lang='lat' dir='ltr'><strong>tmn.</strong></span> <span class='ocrx_word' id='word_1_171' title='bbox 925 2640 1108 2695; x_wconf 75' lang='lat' dir='ltr'><strong>Omnis</strong></span> <span class='ocrx_word' id='word_1_172' title='bbox 1129 2651 1313 2706; x_wconf 86' lang='lat' dir='ltr'><strong>autem</strong></span> <span class='ocrx_word' id='word_1_173' title='bbox 1340 2640 1713 2696; x_wconf 74' lang='lat' dir='ltr'><strong>sollicitudinis</strong></span> <span class='ocrx_word' id='word_1_174' title='bbox 1739 2641 1958 2695; x_wconf 90' lang='lat' dir='ltr'><strong>nomine</strong></span> <span class='ocrx_word' id='word_1_175' title='bbox 1978 2655 2095 2694; x_wconf 90' lang='lat' dir='ltr'><strong>eam</strong></span> <span class='ocrx_word' id='word_1_176' title='bbox 2125 2642 2321 2708; x_wconf 88' lang='lat' dir='ltr'><strong>innuit,</strong></span> 
     </span>
    </p>
   </div>
   <div class='ocr_carea' id='block_1_29' title="bbox 769 2731 1847 2799">
    <p class='ocr_par' dir='ltr' id='par_1_29' title="bbox 769 2731 1847 2799">
     <span class='ocr_line' id='line_1_29' title="bbox 769 2731 1847 2799; baseline 0.004 -16"><span class='ocrx_word' id='word_1_177' title='bbox 769 2747 888 2799; x_wconf 65' lang='lat' dir='ltr'><strong>qua!</strong></span> <span class='ocrx_word' id='word_1_178' title='bbox 921 2731 1066 2786; x_wconf 86' lang='lat' dir='ltr'><strong>circa</strong></span> <span class='ocrx_word' id='word_1_179' title='bbox 1101 2733 1332 2787; x_wconf 88' lang='lat' dir='ltr'><strong>virtutes</strong></span> <span class='ocrx_word' id='word_1_180' title='bbox 1360 2747 1554 2787; x_wconf 76' lang='lat' dir='ltr'><strong>omnes</strong></span> <span class='ocrx_word' id='word_1_181' title='bbox 1572 2743 1847 2788; x_wconf 84' lang='lat' dir='ltr'><strong>versatur.</strong></span> 
     </span>
    </p>
   </div>
   <div class='ocr_carea' id='block_1_30' title="bbox 841 2822 2322 2896">
    <p class='ocr_par' dir='ltr' id='par_1_30' title="bbox 841 2822 2322 2896">
     <span class='ocr_line' id='line_1_30' title="bbox 841 2822 2322 2896; baseline 0.003 -22"><span class='ocrx_word' id='word_1_182' title='bbox 841 2823 1008 2877; x_wconf 72' lang='lat' dir='ltr'><strong>Vens.</strong></span> <span class='ocrx_word' id='word_1_183' title='bbox 1029 2823 1083 2877; x_wconf 89' lang='lat'><strong>8.</strong></span> <span class='ocrx_word' id='word_1_184' title='bbox 1103 2841 1123 2874; x_wconf 76' lang='grc' dir='ltr'><strong>ι</strong></span> <span class='ocrx_word' id='word_1_185' title='bbox 1150 2822 1266 2876; x_wconf 81' lang='lat' dir='ltr'><strong>Non</strong></span> <span class='ocrx_word' id='word_1_186' title='bbox 1296 2825 1449 2895; x_wconf 86' lang='lat' dir='ltr'><strong>quasi</strong></span> <span class='ocrx_word' id='word_1_187' title='bbox 1482 2826 1756 2895; x_wconf 84' lang='lat' dir='ltr'><strong>imperans</strong></span> <span class='ocrx_word' id='word_1_188' title='bbox 1781 2826 1924 2890; x_wconf 90' lang='lat' dir='ltr'><strong>dico,</strong></span> <span class='ocrx_word' id='word_1_189' title='bbox 1954 2827 2046 2881; x_wconf 87' lang='lat' dir='ltr'><strong>sed</strong></span> <span class='ocrx_word' id='word_1_190' title='bbox 2073 2841 2169 2896; x_wconf 90' lang='lat' dir='ltr'><strong>per</strong></span> <span class='ocrx_word' id='word_1_191' title='bbox 2187 2826 2322 2879; x_wconf 81' lang='lat' dir='ltr'><strong>alio-</strong></span> 
     </span>
    </p>
   </div>
   <div class='ocr_carea' id='block_1_31' title="bbox 770 2907 2319 2984">
    <p class='ocr_par' dir='ltr' id='par_1_31' title="bbox 770 2907 2319 2984">
     <span class='ocr_line' id='line_1_31' title="bbox 770 2907 2319 2984; baseline 0.006 -18"><span class='ocrx_word' id='word_1_192' title='bbox 770 2928 889 2967; x_wconf 83' lang='lat' dir='ltr'><strong>mm</strong></span> <span class='ocrx_word' id='word_1_193' title='bbox 917 2914 1356 2984; x_wconf 63' lang='lat' dir='ltr'><strong>sollicitudinem,</strong></span> <span class='ocrx_word' id='word_1_194' title='bbox 1391 2917 1552 2972; x_wconf 86' lang='lat' dir='ltr'><strong>etiam</strong></span> <span class='ocrx_word' id='word_1_195' title='bbox 1592 2926 1792 2974; x_wconf 71' lang='lat' dir='ltr'><strong>nostra:</strong></span> <span class='ocrx_word' id='word_1_196' title='bbox 1817 2919 2103 2974; x_wconf 88' lang='lat' dir='ltr'><strong>cbaritatis</strong></span> <span class='ocrx_word' id='word_1_197' title='bbox 2137 2907 2319 2974; x_wconf 72' lang='lat' dir='ltr'><strong>since-</strong></span> 
     </span>
    </p>
   </div>
   <div class='ocr_carea' id='block_1_32' title="bbox 773 3009 1429 3076">
    <p class='ocr_par' dir='ltr' id='par_1_32' title="bbox 773 3009 1429 3076">
     <span class='ocr_line' id='line_1_32' title="bbox 773 3009 1429 3076; baseline 0.003 -17"><span class='ocrx_word' id='word_1_198' title='bbox 773 3009 984 3060; x_wconf 68' lang='lat' dir='ltr'><strong>nitatem</strong></span> <span class='ocrx_word' id='word_1_199' title='bbox 1001 3009 1379 3076; x_wconf 89' lang='lat' dir='ltr'><strong>comprobans.</strong></span> <span class='ocrx_word' id='word_1_200' title='bbox 1410 3028 1429 3061; x_wconf 74' lang='grc' dir='ltr'><strong>ι</strong></span> 
     </span>
    </p>
   </div>
   <div class='ocr_carea' id='block_1_33' title="bbox 842 3098 2322 3174">
    <p class='ocr_par' dir='ltr' id='par_1_33' title="bbox 842 3098 2322 3174">
     <span class='ocr_line' id='line_1_33' title="bbox 842 3098 2322 3174; baseline 0.005 -23"><span class='ocrx_word' id='word_1_201' title='bbox 842 3098 934 3152; x_wconf 88' lang='lat' dir='ltr'><strong>Sic</strong></span> <span class='ocrx_word' id='word_1_202' title='bbox 979 3113 1173 3154; x_wconf 87' lang='lat' dir='ltr'><strong>rursus</strong></span> <span class='ocrx_word' id='word_1_203' title='bbox 1207 3101 1376 3154; x_wconf 74' lang='lat' dir='ltr'><strong>struit</strong></span> <span class='ocrx_word' id='word_1_204' title='bbox 1413 3116 1742 3167; x_wconf 84' lang='lat' dir='ltr'><strong>sermonem,</strong></span> <span class='ocrx_word' id='word_1_205' title='bbox 1772 3109 1832 3156; x_wconf 91' lang='lat' dir='ltr'><strong>ut</strong></span> <span class='ocrx_word' id='word_1_206' title='bbox 1867 3117 1978 3158; x_wconf 91' lang='lat' dir='ltr'><strong>non</strong></span> <span class='ocrx_word' id='word_1_207' title='bbox 2013 3105 2192 3174; x_wconf 82' lang='lat' dir='ltr'><strong>gravis</strong></span> <span class='ocrx_word' id='word_1_208' title='bbox 2232 3118 2322 3160; x_wconf 85' lang='lat' dir='ltr'><strong>ac-</strong></span> 
     </span>
    </p>
   </div>
   <div class='ocr_carea' id='block_1_34' title="bbox 770 3187 1111 3243">
    <p class='ocr_par' dir='ltr' id='par_1_34' title="bbox 770 3187 1111 3243">
     <span class='ocr_line' id='line_1_34' title="bbox 770 3187 1111 3243; baseline -0.003 0"><span class='ocrx_word' id='word_1_209' title='bbox 770 3187 936 3243; x_wconf 89' lang='lat' dir='ltr'><strong>cidat.</strong></span> <span class='ocrx_word' id='word_1_210' title='bbox 1107 3195 1111 3200; x_wconf 87' lang='lat'>&#39;</span> 
     </span>
    </p>
   </div>
   <div class='ocr_carea' id='block_1_35' title="bbox 841 3276 2318 3352">
    <p class='ocr_par' dir='ltr' id='par_1_35' title="bbox 841 3276 2318 3352">
     <span class='ocr_line' id='line_1_35' title="bbox 841 3276 2318 3352; baseline 0.007 -22"><span class='ocrx_word' id='word_1_211' title='bbox 841 3276 1004 3334; x_wconf 72' lang='lat' dir='ltr'><strong>Vens.</strong></span> <span class='ocrx_word' id='word_1_212' title='bbox 1035 3279 1090 3343; x_wconf 90' lang='lat'><strong>9,</strong></span> <span class='ocrx_word' id='word_1_213' title='bbox 1121 3280 1208 3335; x_wconf 80' lang='grc'><strong>10.</strong></span> <span class='ocrx_word' id='word_1_214' title='bbox 1239 3299 1258 3331; x_wconf 73' lang='grc' dir='ltr'><strong>ι</strong></span> <span class='ocrx_word' id='word_1_215' title='bbox 1284 3278 1446 3334; x_wconf 90' lang='lat' dir='ltr'><strong>Scitis</strong></span> <span class='ocrx_word' id='word_1_216' title='bbox 1489 3283 1633 3335; x_wconf 90' lang='lat' dir='ltr'><strong>enim</strong></span> <span class='ocrx_word' id='word_1_217' title='bbox 1655 3284 1884 3352; x_wconf 87' lang='lat' dir='ltr'><strong>gratiam</strong></span> <span class='ocrx_word' id='word_1_218' title='bbox 1914 3286 2124 3340; x_wconf 89' lang='lat' dir='ltr'><strong>Domini</strong></span> <span class='ocrx_word' id='word_1_219' title='bbox 2148 3288 2318 3342; x_wconf 86' lang='lat' dir='ltr'><strong>nostri</strong></span> 
     </span>
    </p>
   </div>
   <div class='ocr_carea' id='block_1_36' title="bbox 769 3364 2323 3444">
    <p class='ocr_par' dir='ltr' id='par_1_36' title="bbox 769 3364 2323 3444">
     <span class='ocr_line' id='line_1_36' title="bbox 769 3364 2323 3444; baseline 0.006 -23"><span class='ocrx_word' id='word_1_220' title='bbox 769 3364 898 3422; x_wconf 81' lang='lat' dir='ltr'><strong>Jesu</strong></span> <span class='ocrx_word' id='word_1_221' title='bbox 942 3368 1170 3434; x_wconf 84' lang='lat' dir='ltr'><strong>Christi,</strong></span> <span class='ocrx_word' id='word_1_222' title='bbox 1203 3376 1462 3441; x_wconf 85' lang='lat' dir='ltr'><strong>quoniam</strong></span> <span class='ocrx_word' id='word_1_223' title='bbox 1495 3381 1716 3440; x_wconf 78' lang='lat' dir='ltr'><strong>propter</strong></span> <span class='ocrx_word' id='word_1_224' title='bbox 1766 3388 1866 3427; x_wconf 82' lang='lat' dir='ltr'><strong>nos</strong></span> <span class='ocrx_word' id='word_1_225' title='bbox 1911 3390 2115 3444; x_wconf 83' lang='lat' dir='ltr'><strong>egenus</strong></span> <span class='ocrx_word' id='word_1_226' title='bbox 2148 3375 2323 3430; x_wconf 83' lang='lat' dir='ltr'><strong>factus</strong></span> 
     </span>
    </p>
   </div>
   <div class='ocr_carea' id='block_1_37' title="bbox 770 3460 2323 3535">
    <p class='ocr_par' dir='ltr' id='par_1_37' title="bbox 770 3460 2323 3535">
     <span class='ocr_line' id='line_1_37' title="bbox 770 3460 2323 3535; baseline 0.006 -24"><span class='ocrx_word' id='word_1_227' title='bbox 770 3466 876 3522; x_wconf 66' lang='lat' dir='ltr'><strong>ess,</strong></span> <span class='ocrx_word' id='word_1_228' title='bbox 906 3474 1030 3512; x_wconf 84' lang='lat' dir='ltr'><strong>eum</strong></span> <span class='ocrx_word' id='word_1_229' title='bbox 1079 3469 1224 3515; x_wconf 73' lang='lat' dir='ltr'><strong>esset</strong></span> <span class='ocrx_word' id='word_1_230' title='bbox 1272 3460 1450 3524; x_wconf 86' lang='lat' dir='ltr'><strong>dives,</strong></span> <span class='ocrx_word' id='word_1_231' title='bbox 1497 3470 1555 3514; x_wconf 92' lang='lat' dir='ltr'><strong>ut</strong></span> <span class='ocrx_word' id='word_1_232' title='bbox 1583 3463 1704 3530; x_wconf 84' lang='lat' dir='ltr'><strong>ejus</strong></span> <span class='ocrx_word' id='word_1_233' title='bbox 1754 3463 1936 3535; x_wconf 86' lang='lat' dir='ltr'><strong>inopia</strong></span> <span class='ocrx_word' id='word_1_234' title='bbox 1985 3481 2086 3519; x_wconf 80' lang='lat' dir='ltr'><strong>vos</strong></span> <span class='ocrx_word' id='word_1_235' title='bbox 2129 3466 2323 3520; x_wconf 78' lang='lat' dir='ltr'><strong>divites</strong></span> 
     </span>
    </p>
   </div>
   <div class='ocr_carea' id='block_1_38' title="bbox 772 3548 2324 3610">
    <p class='ocr_par' dir='ltr' id='par_1_38' title="bbox 772 3548 2324 3610">
     <span class='ocr_line' id='line_1_38' title="bbox 772 3548 2324 3610; baseline 0.003 -6"><span class='ocrx_word' id='word_1_236' title='bbox 772 3551 986 3604; x_wconf 70' lang='lat' dir='ltr'><strong>essetis.</strong></span> <span class='ocrx_word' id='word_1_237' title='bbox 1019 3548 1082 3602; x_wconf 82' lang='lat' dir='ltr'><strong>Et</strong></span> <span class='ocrx_word' id='word_1_238' title='bbox 1117 3551 1409 3606; x_wconf 88' lang='lat' dir='ltr'><strong>consilium</strong></span> <span class='ocrx_word' id='word_1_239' title='bbox 1450 3554 1504 3606; x_wconf 82' lang='lat' dir='ltr'><strong>in</strong></span> <span class='ocrx_word' id='word_1_240' title='bbox 1546 3553 1647 3606; x_wconf 91' lang='lat' dir='ltr'><strong>hoc</strong></span> <span class='ocrx_word' id='word_1_241' title='bbox 1683 3553 1754 3609; x_wconf 90' lang='lat' dir='ltr'><strong>do</strong></span> <span class='ocrx_word' id='word_1_242' title='bbox 1781 3548 1938 3608; x_wconf 76' lang='lat' dir='ltr'><strong>:boc</strong></span> <span class='ocrx_word' id='word_1_243' title='bbox 1975 3556 2120 3610; x_wconf 91' lang='lat' dir='ltr'><strong>enim</strong></span> <span class='ocrx_word' id='word_1_244' title='bbox 2171 3556 2324 3609; x_wconf 83' lang='lat' dir='ltr'><strong>vobis</strong></span> 
     </span>
    </p>
   </div>
   <div class='ocr_carea' id='block_1_39' title="bbox 775 3642 2324 3710">
    <p class='ocr_par' dir='ltr' id='par_1_39' title="bbox 775 3642 2324 3710">
     <span class='ocr_line' id='line_1_39' title="bbox 775 3642 2324 3710; baseline 0.002 -15"><span class='ocrx_word' id='word_1_245' title='bbox 775 3642 904 3696; x_wconf 88' lang='lat' dir='ltr'><strong>utile</strong></span> <span class='ocrx_word' id='word_1_246' title='bbox 931 3651 1037 3705; x_wconf 87' lang='lat' dir='ltr'><strong>est,</strong></span> <span class='ocrx_word' id='word_1_247' title='bbox 1066 3644 1156 3710; x_wconf 88' lang='lat' dir='ltr'><strong>qui</strong></span> <span class='ocrx_word' id='word_1_248' title='bbox 1201 3659 1307 3697; x_wconf 92' lang='lat' dir='ltr'><strong>non</strong></span> <span class='ocrx_word' id='word_1_249' title='bbox 1340 3645 1516 3698; x_wconf 85' lang='lat' dir='ltr'><strong>solum</strong></span> <span class='ocrx_word' id='word_1_250' title='bbox 1547 3643 1744 3709; x_wconf 81' lang='lat' dir='ltr'><strong>facere,</strong></span> <span class='ocrx_word' id='word_1_251' title='bbox 1773 3647 1866 3699; x_wconf 88' lang='lat' dir='ltr'><strong>sed</strong></span> <span class='ocrx_word' id='word_1_252' title='bbox 1913 3655 1968 3699; x_wconf 92' lang='lat' dir='ltr'><strong>et</strong></span> <span class='ocrx_word' id='word_1_253' title='bbox 2011 3645 2146 3700; x_wconf 87' lang='lat' dir='ltr'><strong>velle</strong></span> <span class='ocrx_word' id='word_1_254' title='bbox 2176 3645 2324 3698; x_wconf 82' lang='lat' dir='ltr'><strong>ince-</strong></span> 
     </span>
    </p>
   </div>
   <div class='ocr_carea' id='block_1_40' title="bbox 773 3733 1488 3804">
    <p class='ocr_par' dir='ltr' id='par_1_40' title="bbox 773 3733 1488 3804">
     <span class='ocr_line' id='line_1_40' title="bbox 773 3733 1488 3804; baseline 0 -18"><span class='ocrx_word' id='word_1_255' title='bbox 773 3733 932 3802; x_wconf 69' lang='lat' dir='ltr'><strong>piatis</strong></span> <span class='ocrx_word' id='word_1_256' title='bbox 963 3735 1032 3787; x_wconf 91' lang='lat' dir='ltr'><strong>ab</strong></span> <span class='ocrx_word' id='word_1_257' title='bbox 1058 3749 1200 3787; x_wconf 92' lang='lat' dir='ltr'><strong>anno</strong></span> <span class='ocrx_word' id='word_1_258' title='bbox 1227 3735 1426 3804; x_wconf 90' lang='lat' dir='ltr'><strong>priore.</strong></span> <span class='ocrx_word' id='word_1_259' title='bbox 1469 3752 1488 3786; x_wconf 74' lang='grc' dir='ltr'><strong>ι</strong></span> 
     </span>
    </p>
   </div>
   <div class='ocr_carea' id='block_1_41' title="bbox 846 3825 2324 3899">
    <p class='ocr_par' dir='ltr' id='par_1_41' title="bbox 846 3825 2324 3899">
     <span class='ocr_line' id='line_1_41' title="bbox 846 3825 2324 3899; baseline 0.002 -19"><span class='ocrx_word' id='word_1_260' title='bbox 846 3825 920 3880; x_wconf 86' lang='lat' dir='ltr'><strong>De</strong></span> <span class='ocrx_word' id='word_1_261' title='bbox 972 3826 1379 3882; x_wconf 77' lang='lat' dir='ltr'><strong>incarnationis&quot;</strong></span> <span class='ocrx_word' id='word_1_262' title='bbox 1408 3827 1814 3895; x_wconf 78' lang='lat' dir='ltr'><strong>dispensatione</strong></span> <span class='ocrx_word' id='word_1_263' title='bbox 1859 3829 2139 3899; x_wconf 85' lang='lat' dir='ltr'><strong>loquitur;</strong></span> <span class='ocrx_word' id='word_1_264' title='bbox 2183 3828 2324 3889; x_wconf 77' lang='lat' dir='ltr'><strong>unde</strong></span> 
     </span>
    </p>
   </div>
   <div class='ocr_carea' id='block_1_42' title="bbox 773 3916 1664 3988">
    <p class='ocr_par' dir='ltr' id='par_1_42' title="bbox 773 3916 1664 3988">
     <span class='ocr_line' id='line_1_42' title="bbox 773 3916 1664 3988; baseline 0.003 -18"><span class='ocrx_word' id='word_1_265' title='bbox 773 3916 966 3972; x_wconf 62' lang='lat' dir='ltr'><strong>suadet</strong></span> <span class='ocrx_word' id='word_1_266' title='bbox 994 3917 1389 3988; x_wconf 85' lang='lat' dir='ltr'><strong>eleemosyuam</strong></span> <span class='ocrx_word' id='word_1_267' title='bbox 1422 3933 1664 3987; x_wconf 85' lang='lat' dir='ltr'><strong>erogare.</strong></span> 
     </span>
    </p>
   </div>
   <div class='ocr_carea' id='block_1_43' title="bbox 844 4025 2326 4099">
    <p class='ocr_par' dir='ltr' id='par_1_43' title="bbox 844 4025 2326 4099">
     <span class='ocr_line' id='line_1_43' title="bbox 844 4025 2326 4099; baseline 0.001 -19"><span class='ocrx_word' id='word_1_268' title='bbox 844 4025 1010 4081; x_wconf 71' lang='lat' dir='ltr'><strong>Vens.</strong></span> <span class='ocrx_word' id='word_1_269' title='bbox 1047 4028 1228 4082; x_wconf 73' lang='grc'><strong>11-14.</strong></span> <span class='ocrx_word' id='word_1_270' title='bbox 1259 4047 1279 4080; x_wconf 75' lang='grc' dir='ltr'><strong>ι</strong></span> <span class='ocrx_word' id='word_1_271' title='bbox 1313 4026 1468 4085; x_wconf 82' lang='lat' dir='ltr'><strong>Nunc</strong></span> <span class='ocrx_word' id='word_1_272' title='bbox 1500 4043 1631 4082; x_wconf 88' lang='lat' dir='ltr'><strong>vero</strong></span> <span class='ocrx_word' id='word_1_273' title='bbox 1670 4037 1722 4083; x_wconf 89' lang='lat' dir='ltr'><strong>et</strong></span> <span class='ocrx_word' id='word_1_274' title='bbox 1776 4027 1920 4082; x_wconf 81' lang='lat' dir='ltr'><strong>facto</strong></span> <span class='ocrx_word' id='word_1_275' title='bbox 1968 4028 2232 4099; x_wconf 86' lang='lat' dir='ltr'><strong>perlicite,</strong></span> <span class='ocrx_word' id='word_1_276' title='bbox 2267 4036 2326 4082; x_wconf 88' lang='lat' dir='ltr'><strong>ut</strong></span> 
     </span>
    </p>
   </div>
   <div class='ocr_carea' id='block_1_44' title="bbox 774 4118 2324 4190">
    <p class='ocr_par' dir='ltr' id='par_1_44' title="bbox 774 4118 2324 4190">
     <span class='ocr_line' id='line_1_44' title="bbox 774 4118 2324 4190; baseline 0 -18"><span class='ocrx_word' id='word_1_277' title='bbox 774 4118 1228 4188; x_wconf 86' lang='lat' dir='ltr'><strong>quemadmodum</strong></span> <span class='ocrx_word' id='word_1_278' title='bbox 1257 4128 1539 4190; x_wconf 91' lang='lat' dir='ltr'><strong>promptus</strong></span> <span class='ocrx_word' id='word_1_279' title='bbox 1569 4128 1653 4174; x_wconf 85' lang='lat' dir='ltr'><strong>est</strong></span> <span class='ocrx_word' id='word_1_280' title='bbox 1675 4120 1889 4174; x_wconf 91' lang='lat' dir='ltr'><strong>animus</strong></span> <span class='ocrx_word' id='word_1_281' title='bbox 1914 4121 2228 4182; x_wconf 72' lang='lat' dir='ltr'><strong>voluntatis,</strong></span> <span class='ocrx_word' id='word_1_282' title='bbox 2253 4119 2324 4172; x_wconf 90' lang='lat' dir='ltr'><strong>ita</strong></span> 
     </span>
    </p>
   </div>
   <div class='ocr_carea' id='block_1_45' title="bbox 775 4207 2324 4278">
    <p class='ocr_par' dir='ltr' id='par_1_45' title="bbox 775 4207 2324 4278">
     <span class='ocr_line' id='line_1_45' title="bbox 775 4207 2324 4278; baseline 0 -16"><span class='ocrx_word' id='word_1_283' title='bbox 775 4207 848 4262; x_wconf 90' lang='lat' dir='ltr'><strong>sit</strong></span> <span class='ocrx_word' id='word_1_284' title='bbox 877 4217 931 4261; x_wconf 89' lang='lat' dir='ltr'><strong>et</strong></span> <span class='ocrx_word' id='word_1_285' title='bbox 983 4208 1322 4276; x_wconf 74' lang='lat' dir='ltr'><strong>perﬁciendi.</strong></span> <span class='ocrx_word' id='word_1_286' title='bbox 1365 4226 1428 4263; x_wconf 75' lang='lat' dir='ltr'><strong>ex</strong></span> <span class='ocrx_word' id='word_1_287' title='bbox 1480 4224 1545 4263; x_wconf 90' lang='lat' dir='ltr'><strong>eo</strong></span> <span class='ocrx_word' id='word_1_288' title='bbox 1596 4209 1740 4278; x_wconf 87' lang='lat' dir='ltr'><strong>quod</strong></span> <span class='ocrx_word' id='word_1_289' title='bbox 1797 4209 2027 4264; x_wconf 89' lang='lat' dir='ltr'><strong>habetis.</strong></span> <span class='ocrx_word' id='word_1_290' title='bbox 2075 4209 2129 4263; x_wconf 91' lang='lat' dir='ltr'><strong>Si</strong></span> <span class='ocrx_word' id='word_1_291' title='bbox 2181 4211 2324 4264; x_wconf 91' lang='lat' dir='ltr'><strong>enim</strong></span> 
     </span>
    </p>
   </div>
   <div class='ocr_carea' id='block_1_46' title="bbox 775 4297 2327 4368">
    <p class='ocr_par' dir='ltr' id='par_1_46' title="bbox 775 4297 2327 4368">
     <span class='ocr_line' id='line_1_46' title="bbox 775 4297 2327 4368; baseline 0.003 -21"><span class='ocrx_word' id='word_1_292' title='bbox 775 4297 1007 4350; x_wconf 78' lang='lat' dir='ltr'><strong>adfuerit</strong></span> <span class='ocrx_word' id='word_1_293' title='bbox 1032 4297 1197 4350; x_wconf 88' lang='lat' dir='ltr'><strong>animi</strong></span> <span class='ocrx_word' id='word_1_294' title='bbox 1227 4299 1618 4367; x_wconf 90' lang='lat' dir='ltr'><strong>promptitudo,</strong></span> <span class='ocrx_word' id='word_1_295' title='bbox 1655 4301 1952 4354; x_wconf 89' lang='lat' dir='ltr'><strong>secundum</strong></span> <span class='ocrx_word' id='word_1_296' title='bbox 1995 4299 2136 4368; x_wconf 92' lang='lat' dir='ltr'><strong>quod</strong></span> <span class='ocrx_word' id='word_1_297' title='bbox 2169 4300 2327 4352; x_wconf 87' lang='lat' dir='ltr'><strong>habet</strong></span> 
     </span>
    </p>
   </div>
   <div class='ocr_carea' id='block_1_47' title="bbox 774 4387 2321 4465">
    <p class='ocr_par' dir='ltr' id='par_1_47' title="bbox 774 4387 2321 4465">
     <span class='ocr_line' id='line_1_47' title="bbox 774 4387 2321 4465; baseline 0.003 -27"><span class='ocrx_word' id='word_1_298' title='bbox 774 4397 998 4457; x_wconf 70' lang='lat' dir='ltr'><strong>accepta</strong></span> <span class='ocrx_word' id='word_1_299' title='bbox 1033 4398 1139 4452; x_wconf 88' lang='lat' dir='ltr'><strong>est,</strong></span> <span class='ocrx_word' id='word_1_300' title='bbox 1179 4404 1284 4442; x_wconf 90' lang='lat' dir='ltr'><strong>non</strong></span> <span class='ocrx_word' id='word_1_301' title='bbox 1336 4387 1634 4444; x_wconf 74' lang='lat' dir='ltr'><strong>secundum</strong></span> <span class='ocrx_word' id='word_1_302' title='bbox 1678 4391 1729 4465; x_wconf 86' lang='lat' dir='ltr'><strong>id</strong></span> <span class='ocrx_word' id='word_1_303' title='bbox 1777 4390 1922 4460; x_wconf 88' lang='lat' dir='ltr'><strong>quod</strong></span> <span class='ocrx_word' id='word_1_304' title='bbox 1971 4406 2078 4444; x_wconf 88' lang='lat' dir='ltr'><strong>non</strong></span> <span class='ocrx_word' id='word_1_305' title='bbox 2141 4391 2321 4445; x_wconf 84' lang='lat' dir='ltr'><strong>habet.</strong></span> 
     </span>
    </p>
   </div>
   <div class='ocr_carea' id='block_1_48' title="bbox 777 4476 2327 4562">
    <p class='ocr_par' dir='ltr' id='par_1_48' title="bbox 777 4476 2327 4562">
     <span class='ocr_line' id='line_1_48' title="bbox 777 4476 2327 4562; baseline 0.003 -33"><span class='ocrx_word' id='word_1_306' title='bbox 777 4476 890 4531; x_wconf 84' lang='lat' dir='ltr'><strong>Non</strong></span> <span class='ocrx_word' id='word_1_307' title='bbox 927 4480 1068 4533; x_wconf 92' lang='lat' dir='ltr'><strong>enim</strong></span> <span class='ocrx_word' id='word_1_308' title='bbox 1102 4488 1160 4533; x_wconf 90' lang='lat' dir='ltr'><strong>ut</strong></span> <span class='ocrx_word' id='word_1_309' title='bbox 1189 4481 1312 4534; x_wconf 84' lang='lat' dir='ltr'><strong>aliis</strong></span> <span class='ocrx_word' id='word_1_310' title='bbox 1337 4481 1410 4535; x_wconf 89' lang='lat' dir='ltr'><strong>sit</strong></span> <span class='ocrx_word' id='word_1_311' title='bbox 1443 4480 1717 4546; x_wconf 86' lang='lat' dir='ltr'><strong>remissio,</strong></span> <span class='ocrx_word' id='word_1_312' title='bbox 1749 4481 1905 4535; x_wconf 84' lang='lat' dir='ltr'><strong>vobis</strong></span> <span class='ocrx_word' id='word_1_313' title='bbox 1933 4491 2112 4562; x_wconf 71' lang='lat' dir='ltr'><strong>autem</strong></span> <span class='ocrx_word' id='word_1_314' title='bbox 2143 4481 2327 4535; x_wconf 91' lang='lat' dir='ltr'><strong>tribu-</strong></span> 
     </span>
    </p>
   </div>
   <div class='ocr_carea' id='block_1_49' title="bbox 2429 620 3982 698">
    <p class='ocr_par' dir='ltr' id='par_1_49' title="bbox 2429 620 3982 698">
     <span class='ocr_line' id='line_1_49' title="bbox 2429 620 3982 698; baseline 0.008 -27"><span class='ocrx_word' id='word_1_315' title='bbox 2429 620 2658 690; x_wconf 76' lang='grc' dir='ltr'>δύναμιν</span> <span class='ocrx_word' id='word_1_316' title='bbox 2717 623 2995 693; x_wconf 84' lang='grc' dir='ltr'>μαρτυρῶ,</span> <span class='ocrx_word' id='word_1_317' title='bbox 3056 628 3151 678; x_wconf 75' lang='grc' dir='ltr'>καὶ</span> <span class='ocrx_word' id='word_1_318' title='bbox 3201 627 3340 697; x_wconf 80' lang='grc' dir='ltr'>ὑπὲρ</span> <span class='ocrx_word' id='word_1_319' title='bbox 3363 628 3612 697; x_wconf 80' lang='grc' dir='ltr'>δύναμιν,</span> <span class='ocrx_word' id='word_1_320' title='bbox 3671 629 3982 698; x_wconf 82' lang='grc' dir='ltr'>αὐθαίρετοι</span> 
     </span>
    </p>
   </div>
   <div class='ocr_carea' id='block_1_50' title="bbox 2433 712 3983 790">
    <p class='ocr_par' dir='ltr' id='par_1_50' title="bbox 2433 712 3983 790">
     <span class='ocr_line' id='line_1_50' title="bbox 2433 712 3983 790; baseline 0.005 -26"><span class='ocrx_word' id='word_1_321' title='bbox 2433 712 2573 782; x_wconf 74' lang='grc' dir='ltr'>μετὰ</span> <span class='ocrx_word' id='word_1_322' title='bbox 2619 713 2822 784; x_wconf 81' lang='grc' dir='ltr'>πολλῆς</span> <span class='ocrx_word' id='word_1_323' title='bbox 2853 717 3272 787; x_wconf 76' lang='grc' dir='ltr'>παρακλήσεως,</span> <span class='ocrx_word' id='word_1_324' title='bbox 3303 719 3545 789; x_wconf 86' lang='grc' dir='ltr'>δεόμενοι</span> <span class='ocrx_word' id='word_1_325' title='bbox 3572 718 3730 788; x_wconf 79' lang='grc' dir='ltr'>ἡμῶν</span> <span class='ocrx_word' id='word_1_326' title='bbox 3754 720 3850 790; x_wconf 74' lang='grc' dir='ltr'>τὴν</span> <span class='ocrx_word' id='word_1_327' title='bbox 3884 723 3983 788; x_wconf 69' lang='grc' dir='ltr'><strong>χά-</strong></span> 
     </span>
    </p>
   </div>
   <div class='ocr_carea' id='block_1_51' title="bbox 2433 825 2595 878">
    <p class='ocr_par' dir='ltr' id='par_1_51' title="bbox 2433 825 2595 878">
     <span class='ocr_line' id='line_1_51' title="bbox 2433 825 2595 878; baseline -0.006 -18"><span class='ocrx_word' id='word_1_328' title='bbox 2433 825 2537 878; x_wconf 88' lang='grc' dir='ltr'>ριν.</span> <span class='ocrx_word' id='word_1_329' title='bbox 2577 827 2595 859; x_wconf 76' lang='grc' dir='ltr'><strong>ι</strong></span> 
     </span>
    </p>
   </div>
   <div class='ocr_carea' id='block_1_52' title="bbox 2500 898 3979 971">
    <p class='ocr_par' dir='ltr' id='par_1_52' title="bbox 2500 898 3979 971">
     <span class='ocr_line' id='line_1_52' title="bbox 2500 898 3979 971; baseline 0.001 -19"><span class='ocrx_word' id='word_1_330' title='bbox 2500 900 2575 952; x_wconf 87' lang='grc' dir='ltr'><strong>Οὐ</strong></span> <span class='ocrx_word' id='word_1_331' title='bbox 2602 898 2761 969; x_wconf 86' lang='grc' dir='ltr'>μόνον</span> <span class='ocrx_word' id='word_1_332' title='bbox 2787 899 2885 953; x_wconf 75' lang='grc' dir='ltr'>οὐκ</span> <span class='ocrx_word' id='word_1_333' title='bbox 2919 899 3230 952; x_wconf 79' lang='grc' dir='ltr'>ἐνεπόδισεν</span> <span class='ocrx_word' id='word_1_334' title='bbox 3266 900 3446 963; x_wconf 78' lang='grc' dir='ltr'>αὐτοῖς</span> <span class='ocrx_word' id='word_1_335' title='bbox 3468 901 3604 970; x_wconf 75' lang='grc' dir='ltr'>πρὸς</span> <span class='ocrx_word' id='word_1_336' title='bbox 3631 901 3909 969; x_wconf 68' lang='grc' dir='ltr'>δαψίλειαν</span> <span class='ocrx_word' id='word_1_337' title='bbox 3942 905 3979 971; x_wconf 80' lang='grc' dir='ltr'>ἡ</span> 
     </span>
    </p>
   </div>
   <div class='ocr_carea' id='block_1_53' title="bbox 2429 990 3978 1066">
    <p class='ocr_par' dir='ltr' id='par_1_53' title="bbox 2429 990 3978 1066">
     <span class='ocr_line' id='line_1_53' title="bbox 2429 990 3978 1066; baseline 0.001 -22"><span class='ocrx_word' id='word_1_338' title='bbox 2429 992 2692 1060; x_wconf 80' lang='grc' dir='ltr'><strong>πτωχεία,</strong></span> <span class='ocrx_word' id='word_1_339' title='bbox 2727 993 2911 1062; x_wconf 73' lang='grc' dir='ltr'>φησὶν,</span> <span class='ocrx_word' id='word_1_340' title='bbox 2941 990 3076 1045; x_wconf 80' lang='grc' dir='ltr'>ἀλλὰ</span> <span class='ocrx_word' id='word_1_341' title='bbox 3107 995 3202 1045; x_wconf 78' lang='grc' dir='ltr'>καὶ</span> <span class='ocrx_word' id='word_1_342' title='bbox 3252 993 3474 1065; x_wconf 75' lang='grc' dir='ltr'>ἀφορμὴ</span> <span class='ocrx_word' id='word_1_343' title='bbox 3509 995 3698 1062; x_wconf 79' lang='grc' dir='ltr'>γέγονε</span> <span class='ocrx_word' id='word_1_344' title='bbox 3740 997 3836 1066; x_wconf 82' lang='grc' dir='ltr'>τῆς</span> <span class='ocrx_word' id='word_1_345' title='bbox 3876 1013 3978 1047; x_wconf 64' lang='grc' dir='ltr'>περ</span> 
     </span>
    </p>
   </div>
   <div class='ocr_carea' id='block_1_54' title="bbox 2430 1077 3978 1158">
    <p class='ocr_par' dir='ltr' id='par_1_54' title="bbox 2430 1077 3978 1158">
     <span class='ocr_line' id='line_1_54' title="bbox 2430 1077 3978 1158; baseline 0.001 -23"><span class='ocrx_word' id='word_1_346' title='bbox 2430 1085 2781 1156; x_wconf 77' lang='grc' dir='ltr'>ρεσσεὺσεως.</span> <span class='ocrx_word' id='word_1_347' title='bbox 2814 1077 2884 1154; x_wconf 74' lang='grc' dir='ltr'><strong><em>Ὦ</em></strong></span> <span class='ocrx_word' id='word_1_348' title='bbox 2904 1086 3012 1153; x_wconf 83' lang='grc' dir='ltr'><strong>γὰρ</strong></span> <span class='ocrx_word' id='word_1_349' title='bbox 3043 1085 3242 1154; x_wconf 81' lang='grc' dir='ltr'>μᾶλλον</span> <span class='ocrx_word' id='word_1_350' title='bbox 3271 1081 3412 1157; x_wconf 76' lang='grc' dir='ltr'>ἦσαν</span> <span class='ocrx_word' id='word_1_351' title='bbox 3449 1086 3700 1158; x_wconf 80' lang='grc' dir='ltr'>πένητες,</span> <span class='ocrx_word' id='word_1_352' title='bbox 3726 1087 3978 1140; x_wconf 77' lang='grc' dir='ltr'>τοσοῦτον</span> 
     </span>
    </p>
   </div>
   <div class='ocr_carea' id='block_1_55' title="bbox 2432 1175 3085 1246">
    <p class='ocr_par' dir='ltr' id='par_1_55' title="bbox 2432 1175 3085 1246">
     <span class='ocr_line' id='line_1_55' title="bbox 2432 1175 3085 1246; baseline 0.002 -18"><span class='ocrx_word' id='word_1_353' title='bbox 2432 1175 2628 1245; x_wconf 76' lang='grc' dir='ltr'>μᾶλλον</span> <span class='ocrx_word' id='word_1_354' title='bbox 2659 1175 3085 1246; x_wconf 76' lang='grc' dir='ltr'><strong>ἐφιλοτιμοῦντο.</strong></span> 
     </span>
    </p>
   </div>
   <div class='ocr_carea' id='block_1_56' title="bbox 2505 1265 3974 1336">
    <p class='ocr_par' dir='ltr' id='par_1_56' title="bbox 2505 1265 3974 1336">
     <span class='ocr_line' id='line_1_56' title="bbox 2505 1265 3974 1336; baseline -0.001 -17"><span class='ocrx_word' id='word_1_355' title='bbox 2505 1285 2524 1319; x_wconf 75' lang='grc' dir='ltr'><strong>ι</strong></span> <span class='ocrx_word' id='word_1_356' title='bbox 2548 1267 2654 1321; x_wconf 75' lang='grc' dir='ltr'><strong>Καὶ</strong></span> <span class='ocrx_word' id='word_1_357' title='bbox 2675 1267 2961 1319; x_wconf 80' lang='grc' dir='ltr'><strong>κοινωνίαν</strong></span> <span class='ocrx_word' id='word_1_358' title='bbox 2985 1267 3082 1336; x_wconf 82' lang='grc' dir='ltr'>τῆς</span> <span class='ocrx_word' id='word_1_359' title='bbox 3101 1265 3375 1330; x_wconf 77' lang='grc' dir='ltr'>διακονίας</span> <span class='ocrx_word' id='word_1_360' title='bbox 3395 1265 3494 1336; x_wconf 84' lang='grc' dir='ltr'>τῆς</span> <span class='ocrx_word' id='word_1_361' title='bbox 3516 1266 3597 1329; x_wconf 85' lang='grc' dir='ltr'><strong>είς</strong></span> <span class='ocrx_word' id='word_1_362' title='bbox 3617 1266 3741 1328; x_wconf 75' lang='grc' dir='ltr'>τοὺς</span> <span class='ocrx_word' id='word_1_363' title='bbox 3763 1266 3974 1332; x_wconf 82' lang='grc' dir='ltr'>ἁγίους,</span> 
     </span>
    </p>
   </div>
   <div class='ocr_carea' id='block_1_57' title="bbox 2429 1357 3978 1428">
    <p class='ocr_par' dir='ltr' id='par_1_57' title="bbox 2429 1357 3978 1428">
     <span class='ocr_line' id='line_1_57' title="bbox 2429 1357 3978 1428; baseline 0.001 -19"><span class='ocrx_word' id='word_1_364' title='bbox 2429 1358 2521 1410; x_wconf 81' lang='grc' dir='ltr'>καὶ</span> <span class='ocrx_word' id='word_1_365' title='bbox 2543 1358 2603 1410; x_wconf 81' lang='grc' dir='ltr'>οὐ</span> <span class='ocrx_word' id='word_1_366' title='bbox 2635 1358 2815 1421; x_wconf 84' lang='grc' dir='ltr'>καθὼς</span> <span class='ocrx_word' id='word_1_367' title='bbox 2842 1358 3175 1428; x_wconf 71' lang='grc' dir='ltr'>ἠλπίσαμεν,</span> <span class='ocrx_word' id='word_1_368' title='bbox 3202 1357 3318 1412; x_wconf 82' lang='grc' dir='ltr'>ἀλλ’</span> <span class='ocrx_word' id='word_1_369' title='bbox 3341 1357 3570 1420; x_wconf 81' lang='grc' dir='ltr'>ἑαυτοὺς</span> <span class='ocrx_word' id='word_1_370' title='bbox 3601 1357 3802 1412; x_wconf 77' lang='grc' dir='ltr'>ἔδωκαν</span> <span class='ocrx_word' id='word_1_371' title='bbox 3827 1359 3978 1427; x_wconf 84' lang='grc' dir='ltr'>πρῶ-</span> 
     </span>
    </p>
   </div>
   <div class='ocr_carea' id='block_1_58' title="bbox 2429 1449 3982 1521">
    <p class='ocr_par' dir='ltr' id='par_1_58' title="bbox 2429 1449 3982 1521">
     <span class='ocr_line' id='line_1_58' title="bbox 2429 1449 3982 1521; baseline -0.001 -19"><span class='ocrx_word' id='word_1_372' title='bbox 2429 1466 2521 1502; x_wconf 86' lang='grc' dir='ltr'><strong>τον</strong></span> <span class='ocrx_word' id='word_1_373' title='bbox 2542 1449 2618 1519; x_wconf 79' lang='grc' dir='ltr'>τῷ</span> <span class='ocrx_word' id='word_1_374' title='bbox 2651 1451 2838 1521; x_wconf 80' lang='grc' dir='ltr'>Κυρίῳ</span> <span class='ocrx_word' id='word_1_375' title='bbox 2859 1453 2952 1504; x_wconf 76' lang='grc' dir='ltr'><strong>καὶ</strong></span> <span class='ocrx_word' id='word_1_376' title='bbox 2982 1453 3114 1521; x_wconf 75' lang='grc' dir='ltr'>ἡμῖν</span> <span class='ocrx_word' id='word_1_377' title='bbox 3152 1449 3241 1504; x_wconf 83' lang='grc' dir='ltr'>διὰ</span> <span class='ocrx_word' id='word_1_378' title='bbox 3282 1449 3584 1520; x_wconf 81' lang='grc' dir='ltr'>θελήματος</span> <span class='ocrx_word' id='word_1_379' title='bbox 3611 1449 3768 1516; x_wconf 81' lang='grc' dir='ltr'>Θεοῦ,</span> <span class='ocrx_word' id='word_1_380' title='bbox 3799 1453 3876 1514; x_wconf 89' lang='grc' dir='ltr'><strong>εἱς</strong></span> <span class='ocrx_word' id='word_1_381' title='bbox 3915 1450 3982 1501; x_wconf 75' lang='grc' dir='ltr'>τὸ</span> 
     </span>
    </p>
   </div>
   <div class='ocr_carea' id='block_1_59' title="bbox 2428 1539 3978 1614">
    <p class='ocr_par' dir='ltr' id='par_1_59' title="bbox 2428 1539 3978 1614">
     <span class='ocr_line' id='line_1_59' title="bbox 2428 1539 3978 1614; baseline -0.001 -20"><span class='ocrx_word' id='word_1_382' title='bbox 2428 1542 2804 1614; x_wconf 80' lang='grc' dir='ltr'>παρακαλέσαι</span> <span class='ocrx_word' id='word_1_383' title='bbox 2845 1543 2992 1613; x_wconf 79' lang='grc' dir='ltr'>ἡμᾶς</span> <span class='ocrx_word' id='word_1_384' title='bbox 3017 1543 3197 1605; x_wconf 89' lang='grc' dir='ltr'>Τίτον,</span> <span class='ocrx_word' id='word_1_385' title='bbox 3228 1542 3318 1596; x_wconf 80' lang='grc' dir='ltr'>ἵνα</span> <span class='ocrx_word' id='word_1_386' title='bbox 3366 1539 3549 1605; x_wconf 88' lang='grc' dir='ltr'>καθὼς</span> <span class='ocrx_word' id='word_1_387' title='bbox 3587 1540 3978 1610; x_wconf 73' lang='grc' dir='ltr'><strong>προενήρξατο,</strong></span> 
     </span>
    </p>
   </div>
   <div class='ocr_carea' id='block_1_60' title="bbox 2426 1634 3896 1706">
    <p class='ocr_par' dir='ltr' id='par_1_60' title="bbox 2426 1634 3896 1706">
     <span class='ocr_line' id='line_1_60' title="bbox 2426 1634 3896 1706; baseline -0.003 -17"><span class='ocrx_word' id='word_1_388' title='bbox 2426 1634 2596 1698; x_wconf 72' lang='grc' dir='ltr'>οὕτως</span> <span class='ocrx_word' id='word_1_389' title='bbox 2621 1635 2906 1706; x_wconf 79' lang='grc' dir='ltr'>ἐπιτελέσῃ</span> <span class='ocrx_word' id='word_1_390' title='bbox 2936 1637 3015 1699; x_wconf 87' lang='grc' dir='ltr'><strong>είς</strong></span> <span class='ocrx_word' id='word_1_391' title='bbox 3047 1635 3194 1706; x_wconf 78' lang='grc' dir='ltr'>ὑμᾶς</span> <span class='ocrx_word' id='word_1_392' title='bbox 3222 1634 3319 1688; x_wconf 77' lang='grc' dir='ltr'>καὶ</span> <span class='ocrx_word' id='word_1_393' title='bbox 3343 1635 3443 1706; x_wconf 81' lang='grc' dir='ltr'>τὴν</span> <span class='ocrx_word' id='word_1_394' title='bbox 3468 1635 3627 1706; x_wconf 70' lang='grc' dir='ltr'>χάριν</span> <span class='ocrx_word' id='word_1_395' title='bbox 3651 1635 3841 1700; x_wconf 83' lang='grc' dir='ltr'>αὑτήν.</span> <span class='ocrx_word' id='word_1_396' title='bbox 3878 1653 3896 1684; x_wconf 76' lang='grc' dir='ltr'><strong>ι</strong></span> 
     </span>
    </p>
   </div>
   <div class='ocr_carea' id='block_1_61' title="bbox 2498 1812 3982 1886">
    <p class='ocr_par' dir='ltr' id='par_1_61' title="bbox 2498 1812 3982 1886">
     <span class='ocr_line' id='line_1_61' title="bbox 2498 1812 3982 1886; baseline -0.004 -18"><span class='ocrx_word' id='word_1_397' title='bbox 2498 1816 2638 1886; x_wconf 86' lang='grc' dir='ltr'>Ὅρα</span> <span class='ocrx_word' id='word_1_398' title='bbox 2670 1815 2787 1879; x_wconf 83' lang='grc' dir='ltr'><strong>πῶς</strong></span> <span class='ocrx_word' id='word_1_399' title='bbox 2817 1815 2979 1868; x_wconf 80' lang='grc' dir='ltr'>πάλιν</span> <span class='ocrx_word' id='word_1_400' title='bbox 3016 1815 3230 1885; x_wconf 79' lang='grc' dir='ltr'>ἐπαίρει</span> <span class='ocrx_word' id='word_1_401' title='bbox 3259 1815 3320 1868; x_wconf 73' lang='grc' dir='ltr'>τὸ</span> <span class='ocrx_word' id='word_1_402' title='bbox 3349 1814 3582 1885; x_wconf 75' lang='grc' dir='ltr'>πρᾶγμα</span> <span class='ocrx_word' id='word_1_403' title='bbox 3617 1814 3833 1882; x_wconf 81' lang='grc' dir='ltr'>σεμνοῖς</span> <span class='ocrx_word' id='word_1_404' title='bbox 3859 1812 3982 1863; x_wconf 82' lang='grc' dir='ltr'>ὀνό-</span> 
     </span>
    </p>
   </div>
   <div class='ocr_carea' id='block_1_62' title="bbox 2431 1925 2615 1980">
    <p class='ocr_par' dir='ltr' id='par_1_62' title="bbox 2431 1925 2615 1980">
     <span class='ocr_line' id='line_1_62' title="bbox 2431 1925 2615 1980; baseline -0.005 -19"><span class='ocrx_word' id='word_1_405' title='bbox 2431 1925 2615 1980; x_wconf 79' lang='grc' dir='ltr'>μασιν.</span> 
     </span>
    </p>
   </div>
   <div class='ocr_carea' id='block_1_63' title="bbox 2503 1995 3984 2067">
    <p class='ocr_par' dir='ltr' id='par_1_63' title="bbox 2503 1995 3984 2067">
     <span class='ocr_line' id='line_1_63' title="bbox 2503 1995 3984 2067; baseline -0.001 -19"><span class='ocrx_word' id='word_1_406' title='bbox 2503 2017 2520 2048; x_wconf 77' lang='grc' dir='ltr'><strong>ι</strong></span> <span class='ocrx_word' id='word_1_407' title='bbox 2565 1996 2706 2049; x_wconf 84' lang='grc' dir='ltr'>Ἀλλ’</span> <span class='ocrx_word' id='word_1_408' title='bbox 2740 1996 2928 2066; x_wconf 80' lang='grc' dir='ltr'>ὥσπερ</span> <span class='ocrx_word' id='word_1_409' title='bbox 2969 1996 3028 2049; x_wconf 88' lang='grc' dir='ltr'><strong>ἐν</strong></span> <span class='ocrx_word' id='word_1_410' title='bbox 3068 1995 3232 2049; x_wconf 75' lang='grc' dir='ltr'>παντὶ</span> <span class='ocrx_word' id='word_1_411' title='bbox 3267 1996 3618 2067; x_wconf 74' lang='grc' dir='ltr'><strong>περισσεύετε</strong></span> <span class='ocrx_word' id='word_1_412' title='bbox 3655 1995 3856 2055; x_wconf 89' lang='grc' dir='ltr'>πίστει,</span> <span class='ocrx_word' id='word_1_413' title='bbox 3887 1996 3984 2046; x_wconf 70' lang='grc' dir='ltr'>καὶ</span> 
     </span>
    </p>
   </div>
   <div class='ocr_carea' id='block_1_64' title="bbox 2425 2087 3984 2160">
    <p class='ocr_par' dir='ltr' id='par_1_64' title="bbox 2425 2087 3984 2160">
     <span class='ocr_line' id='line_1_64' title="bbox 2425 2087 3984 2160; baseline -0.006 -16"><span class='ocrx_word' id='word_1_414' title='bbox 2425 2091 2584 2159; x_wconf 84' lang='grc' dir='ltr'>λόγῳ,</span> <span class='ocrx_word' id='word_1_415' title='bbox 2615 2089 2709 2143; x_wconf 73' lang='grc' dir='ltr'>καὶ</span> <span class='ocrx_word' id='word_1_416' title='bbox 2735 2090 2953 2158; x_wconf 84' lang='grc' dir='ltr'>γνώσει,</span> <span class='ocrx_word' id='word_1_417' title='bbox 2980 2089 3074 2143; x_wconf 75' lang='grc' dir='ltr'>καὶ</span> <span class='ocrx_word' id='word_1_418' title='bbox 3094 2090 3242 2160; x_wconf 80' lang='grc' dir='ltr'>πάσῃ</span> <span class='ocrx_word' id='word_1_419' title='bbox 3267 2088 3498 2158; x_wconf 76' lang='grc' dir='ltr'>σπουδῇ,</span> <span class='ocrx_word' id='word_1_420' title='bbox 3524 2089 3616 2142; x_wconf 77' lang='grc' dir='ltr'><strong>καὶ</strong></span> <span class='ocrx_word' id='word_1_421' title='bbox 3641 2091 3708 2159; x_wconf 73' lang='grc' dir='ltr'>τῇ</span> <span class='ocrx_word' id='word_1_422' title='bbox 3719 2087 3798 2151; x_wconf 62' lang='grc' dir='ltr'>,ἐξ</span> <span class='ocrx_word' id='word_1_423' title='bbox 3827 2087 3984 2155; x_wconf 82' lang='grc' dir='ltr'>ὑμῶν</span> 
     </span>
    </p>
   </div>
   <div class='ocr_carea' id='block_1_65' title="bbox 2424 2179 3983 2251">
    <p class='ocr_par' dir='ltr' id='par_1_65' title="bbox 2424 2179 3983 2251">
     <span class='ocr_line' id='line_1_65' title="bbox 2424 2179 3983 2251; baseline -0.004 -18"><span class='ocrx_word' id='word_1_424' title='bbox 2424 2181 2482 2233; x_wconf 87' lang='grc' dir='ltr'><strong>ἐν</strong></span> <span class='ocrx_word' id='word_1_425' title='bbox 2527 2181 2655 2250; x_wconf 79' lang='grc' dir='ltr'>ὑμῖν</span> <span class='ocrx_word' id='word_1_426' title='bbox 2703 2179 2926 2251; x_wconf 80' lang='grc' dir='ltr'><strong>ἀγάπῃ,</strong></span> <span class='ocrx_word' id='word_1_427' title='bbox 2965 2180 3052 2233; x_wconf 84' lang='grc' dir='ltr'><strong>ἴνα</strong></span> <span class='ocrx_word' id='word_1_428' title='bbox 3104 2179 3201 2233; x_wconf 79' lang='grc' dir='ltr'>καὶ</span> <span class='ocrx_word' id='word_1_429' title='bbox 3231 2179 3288 2232; x_wconf 80' lang='grc' dir='ltr'><strong>ἐν</strong></span> <span class='ocrx_word' id='word_1_430' title='bbox 3327 2179 3501 2250; x_wconf 76' lang='grc' dir='ltr'>ταύτῃ</span> <span class='ocrx_word' id='word_1_431' title='bbox 3551 2179 3733 2249; x_wconf 83' lang='grc' dir='ltr'>χάριτι</span> <span class='ocrx_word' id='word_1_432' title='bbox 3786 2193 3983 2248; x_wconf 72' lang='grc' dir='ltr'>περισ-</span> 
     </span>
    </p>
   </div>
   <div class='ocr_carea' id='block_1_66' title="bbox 2427 2272 2696 2340">
    <p class='ocr_par' dir='ltr' id='par_1_66' title="bbox 2427 2272 2696 2340">
     <span class='ocr_line' id='line_1_66' title="bbox 2427 2272 2696 2340; baseline -0.011 -15"><span class='ocrx_word' id='word_1_433' title='bbox 2427 2272 2642 2340; x_wconf 85' lang='grc' dir='ltr'>σεύητε.</span> <span class='ocrx_word' id='word_1_434' title='bbox 2677 2289 2696 2322; x_wconf 77' lang='grc' dir='ltr'><strong>ι</strong></span> 
     </span>
    </p>
   </div>
   <div class='ocr_carea' id='block_1_67' title="bbox 2494 2357 3985 2433">
    <p class='ocr_par' dir='ltr' id='par_1_67' title="bbox 2494 2357 3985 2433">
     <span class='ocr_line' id='line_1_67' title="bbox 2494 2357 3985 2433; baseline -0.005 -17"><span class='ocrx_word' id='word_1_435' title='bbox 2494 2363 2634 2431; x_wconf 85' lang='grc' dir='ltr'>Ὅρα</span> <span class='ocrx_word' id='word_1_436' title='bbox 2664 2363 2721 2416; x_wconf 77' lang='grc' dir='ltr'><strong>δὲ</strong></span> <span class='ocrx_word' id='word_1_437' title='bbox 2749 2361 2911 2417; x_wconf 79' lang='grc' dir='ltr'>πάλιν</span> <span class='ocrx_word' id='word_1_438' title='bbox 2942 2361 3080 2433; x_wconf 78' lang='grc' dir='ltr'>μετὰ</span> <span class='ocrx_word' id='word_1_439' title='bbox 3104 2361 3380 2431; x_wconf 89' lang='grc' dir='ltr'>ἐγκωμίου</span> <span class='ocrx_word' id='word_1_440' title='bbox 3418 2359 3519 2430; x_wconf 77' lang='grc' dir='ltr'>τὴν</span> <span class='ocrx_word' id='word_1_441' title='bbox 3547 2357 3864 2431; x_wconf 76' lang='grc' dir='ltr'>προτροπὴν</span> <span class='ocrx_word' id='word_1_442' title='bbox 3892 2374 3985 2424; x_wconf 80' lang='grc' dir='ltr'>γι-</span> 
     </span>
    </p>
   </div>
   <div class='ocr_carea' id='block_1_68' title="bbox 2423 2449 3985 2524">
    <p class='ocr_par' dir='ltr' id='par_1_68' title="bbox 2423 2449 3985 2524">
     <span class='ocr_line' id='line_1_68' title="bbox 2423 2449 3985 2524; baseline -0.003 -20"><span class='ocrx_word' id='word_1_443' title='bbox 2423 2452 2672 2524; x_wconf 80' lang='grc' dir='ltr'>νομένην.</span> <span class='ocrx_word' id='word_1_444' title='bbox 2700 2455 2915 2506; x_wconf 75' lang='grc' dir='ltr'>Πίστιν</span> <span class='ocrx_word' id='word_1_445' title='bbox 2945 2452 3002 2506; x_wconf 72' lang='grc' dir='ltr'><strong>δὲ</strong></span> <span class='ocrx_word' id='word_1_446' title='bbox 3030 2453 3130 2523; x_wconf 82' lang='grc' dir='ltr'>τὴν</span> <span class='ocrx_word' id='word_1_447' title='bbox 3163 2451 3269 2504; x_wconf 84' lang='grc' dir='ltr'><strong>τῶν</strong></span> <span class='ocrx_word' id='word_1_448' title='bbox 3308 2450 3661 2521; x_wconf 78' lang='grc' dir='ltr'>χαρισμάτων</span> <span class='ocrx_word' id='word_1_449' title='bbox 3691 2449 3856 2518; x_wconf 79' lang='grc' dir='ltr'>λέγει,</span> <span class='ocrx_word' id='word_1_450' title='bbox 3883 2452 3985 2500; x_wconf 72' lang='grc' dir='ltr'>καὶ</span> 
     </span>
    </p>
   </div>
   <div class='ocr_carea' id='block_1_69' title="bbox 2421 2540 3984 2614">
    <p class='ocr_par' dir='ltr' id='par_1_69' title="bbox 2421 2540 3984 2614">
     <span class='ocr_line' id='line_1_69' title="bbox 2421 2540 3984 2614; baseline -0.004 -16"><span class='ocrx_word' id='word_1_451' title='bbox 2421 2546 2607 2612; x_wconf 70' lang='grc' dir='ltr'>λόγον</span> <span class='ocrx_word' id='word_1_452' title='bbox 2639 2545 2730 2597; x_wconf 79' lang='grc' dir='ltr'>τὸν</span> <span class='ocrx_word' id='word_1_453' title='bbox 2762 2543 2862 2614; x_wconf 80' lang='grc' dir='ltr'>τῆς</span> <span class='ocrx_word' id='word_1_454' title='bbox 2886 2542 3101 2612; x_wconf 84' lang='grc' dir='ltr'>σοφίας,</span> <span class='ocrx_word' id='word_1_455' title='bbox 3125 2544 3219 2596; x_wconf 81' lang='grc' dir='ltr'>καὶ</span> <span class='ocrx_word' id='word_1_456' title='bbox 3245 2541 3473 2612; x_wconf 74' lang='grc' dir='ltr'>γνῶσιν</span> <span class='ocrx_word' id='word_1_457' title='bbox 3505 2542 3604 2612; x_wconf 80' lang='grc' dir='ltr'>τὴν</span> <span class='ocrx_word' id='word_1_458' title='bbox 3633 2540 3740 2594; x_wconf 84' lang='grc' dir='ltr'><strong>τῶν</strong></span> <span class='ocrx_word' id='word_1_459' title='bbox 3771 2540 3984 2609; x_wconf 85' lang='grc' dir='ltr'>δογμά-</span> 
     </span>
    </p>
   </div>
   <div class='ocr_carea' id='block_1_70' title="bbox 2420 2633 3985 2705">
    <p class='ocr_par' dir='ltr' id='par_1_70' title="bbox 2420 2633 3985 2705">
     <span class='ocr_line' id='line_1_70' title="bbox 2420 2633 3985 2705; baseline -0.002 -17"><span class='ocrx_word' id='word_1_460' title='bbox 2420 2653 2553 2692; x_wconf 88' lang='grc' dir='ltr'>των.</span> <span class='ocrx_word' id='word_1_461' title='bbox 2593 2634 2805 2690; x_wconf 76' lang='grc' dir='ltr'>Πᾶσαν</span> <span class='ocrx_word' id='word_1_462' title='bbox 2831 2636 2886 2688; x_wconf 84' lang='grc' dir='ltr'><strong>δέ</strong></span> <span class='ocrx_word' id='word_1_463' title='bbox 2915 2633 3216 2701; x_wconf 76' lang='grc' dir='ltr'>σπουδὴν,</span> <span class='ocrx_word' id='word_1_464' title='bbox 3253 2633 3352 2704; x_wconf 74' lang='grc' dir='ltr'>τὴν</span> <span class='ocrx_word' id='word_1_465' title='bbox 3381 2633 3509 2705; x_wconf 77' lang='grc' dir='ltr'>περὶ</span> <span class='ocrx_word' id='word_1_466' title='bbox 3537 2633 3636 2704; x_wconf 85' lang='grc' dir='ltr'>τὴν</span> <span class='ocrx_word' id='word_1_467' title='bbox 3667 2633 3831 2702; x_wconf 74' lang='grc' dir='ltr'>ἄλλην</span> <span class='ocrx_word' id='word_1_468' title='bbox 3875 2633 3985 2685; x_wconf 76' lang='grc' dir='ltr'>πᾶ-</span> 
     </span>
    </p>
   </div>
   <div class='ocr_carea' id='block_1_71' title="bbox 2422 2729 2809 2797">
    <p class='ocr_par' dir='ltr' id='par_1_71' title="bbox 2422 2729 2809 2797">
     <span class='ocr_line' id='line_1_71' title="bbox 2422 2729 2809 2797; baseline 0.003 -17"><span class='ocrx_word' id='word_1_469' title='bbox 2422 2743 2521 2780; x_wconf 85' lang='grc' dir='ltr'><strong>σαν</strong></span> <span class='ocrx_word' id='word_1_470' title='bbox 2552 2729 2776 2797; x_wconf 82' lang='grc' dir='ltr'>ἀρετήν.</span> <span class='ocrx_word' id='word_1_471' title='bbox 2802 2765 2809 2769; x_wconf 93' lang='grc'><strong>-</strong></span> 
     </span>
    </p>
   </div>
   <div class='ocr_carea' id='block_1_72' title="bbox 2497 2816 3982 2889">
    <p class='ocr_par' dir='ltr' id='par_1_72' title="bbox 2497 2816 3982 2889">
     <span class='ocr_line' id='line_1_72' title="bbox 2497 2816 3982 2889; baseline -0.002 -18"><span class='ocrx_word' id='word_1_472' title='bbox 2497 2838 2516 2871; x_wconf 78' lang='grc' dir='ltr'><strong>ι</strong></span> <span class='ocrx_word' id='word_1_473' title='bbox 2546 2819 2619 2872; x_wconf 66' lang='lat' dir='ltr'><strong>Oi</strong></span> <span class='ocrx_word' id='word_1_474' title='bbox 2667 2821 2788 2872; x_wconf 80' lang='grc' dir='ltr'>κατ’</span> <span class='ocrx_word' id='word_1_475' title='bbox 2821 2819 3086 2889; x_wconf 79' lang='grc' dir='ltr'>ἐπιταγὴν</span> <span class='ocrx_word' id='word_1_476' title='bbox 3125 2820 3289 2888; x_wconf 83' lang='grc' dir='ltr'>λέγω,</span> <span class='ocrx_word' id='word_1_477' title='bbox 3346 2818 3478 2873; x_wconf 82' lang='grc' dir='ltr'>ἀλλὰ</span> <span class='ocrx_word' id='word_1_478' title='bbox 3509 2816 3602 2870; x_wconf 76' lang='grc' dir='ltr'>διὰ</span> <span class='ocrx_word' id='word_1_479' title='bbox 3647 2817 3746 2886; x_wconf 83' lang='grc' dir='ltr'>τῆς</span> <span class='ocrx_word' id='word_1_480' title='bbox 3773 2818 3982 2887; x_wconf 70' lang='grc' dir='ltr'>ἐτέρων</span> 
     </span>
    </p>
   </div>
   <div class='ocr_carea' id='block_1_73' title="bbox 2424 2908 3978 2982">
    <p class='ocr_par' dir='ltr' id='par_1_73' title="bbox 2424 2908 3978 2982">
     <span class='ocr_line' id='line_1_73' title="bbox 2424 2908 3978 2982; baseline -0.003 -18"><span class='ocrx_word' id='word_1_481' title='bbox 2424 2911 2681 2982; x_wconf 79' lang='grc' dir='ltr'>σπουδῆς,</span> <span class='ocrx_word' id='word_1_482' title='bbox 2712 2915 2807 2964; x_wconf 75' lang='grc' dir='ltr'>καὶ</span> <span class='ocrx_word' id='word_1_483' title='bbox 2835 2912 2897 2965; x_wconf 78' lang='grc' dir='ltr'>τὸ</span> <span class='ocrx_word' id='word_1_484' title='bbox 2944 2912 3044 2982; x_wconf 77' lang='grc' dir='ltr'>τῆς</span> <span class='ocrx_word' id='word_1_485' title='bbox 3078 2912 3351 2982; x_wconf 83' lang='grc' dir='ltr'>ὑμετέρας</span> <span class='ocrx_word' id='word_1_486' title='bbox 3383 2911 3601 2982; x_wconf 80' lang='grc' dir='ltr'><strong>ἀγάπης</strong></span> <span class='ocrx_word' id='word_1_487' title='bbox 3632 2911 3853 2980; x_wconf 76' lang='grc' dir='ltr'>γνήσιον</span> <span class='ocrx_word' id='word_1_488' title='bbox 3885 2908 3978 2960; x_wconf 77' lang='lat' dir='ltr'><strong>6c-</strong></span> 
     </span>
    </p>
   </div>
   <div class='ocr_carea' id='block_1_74' title="bbox 2421 3003 2732 3074">
    <p class='ocr_par' dir='ltr' id='par_1_74' title="bbox 2421 3003 2732 3074">
     <span class='ocr_line' id='line_1_74' title="bbox 2421 3003 2732 3074; baseline -0.003 -17"><span class='ocrx_word' id='word_1_489' title='bbox 2421 3003 2690 3074; x_wconf 75' lang='grc' dir='ltr'>κιμάζων.</span> <span class='ocrx_word' id='word_1_490' title='bbox 2713 3023 2732 3056; x_wconf 72' lang='grc' dir='ltr'><strong>ι</strong></span> 
     </span>
    </p>
   </div>
   <div class='ocr_carea' id='block_1_75' title="bbox 2503 3096 3481 3167">
    <p class='ocr_par' dir='ltr' id='par_1_75' title="bbox 2503 3096 3481 3167">
     <span class='ocr_line' id='line_1_75' title="bbox 2503 3096 3481 3167; baseline -0.002 -16"><span class='ocrx_word' id='word_1_491' title='bbox 2503 3097 2803 3167; x_wconf 79' lang='grc' dir='ltr'>Ἀνεπαχθῆ</span> <span class='ocrx_word' id='word_1_492' title='bbox 2833 3097 2996 3150; x_wconf 83' lang='grc' dir='ltr'>πάλιν</span> <span class='ocrx_word' id='word_1_493' title='bbox 3021 3097 3112 3150; x_wconf 83' lang='grc' dir='ltr'>τὸν</span> <span class='ocrx_word' id='word_1_494' title='bbox 3133 3096 3289 3164; x_wconf 85' lang='grc' dir='ltr'>λόγον</span> <span class='ocrx_word' id='word_1_495' title='bbox 3321 3097 3481 3149; x_wconf 77' lang='grc' dir='ltr'>ποιεῖ.</span> 
     </span>
    </p>
   </div>
   <div class='ocr_carea' id='block_1_76' title="bbox 2494 3271 3981 3344">
    <p class='ocr_par' dir='ltr' id='par_1_76' title="bbox 2494 3271 3981 3344">
     <span class='ocr_line' id='line_1_76' title="bbox 2494 3271 3981 3344; baseline -0.001 -20"><span class='ocrx_word' id='word_1_496' title='bbox 2494 3291 2514 3324; x_wconf 79' lang='grc' dir='ltr'><strong>ι</strong></span> <span class='ocrx_word' id='word_1_497' title='bbox 2538 3271 2833 3326; x_wconf 83' lang='grc' dir='ltr'>Γινώσκετε</span> <span class='ocrx_word' id='word_1_498' title='bbox 2858 3273 2966 3344; x_wconf 66' lang='grc' dir='ltr'><strong>γὰρ</strong></span> <span class='ocrx_word' id='word_1_499' title='bbox 2988 3273 3086 3342; x_wconf 83' lang='grc' dir='ltr'>τὴν</span> <span class='ocrx_word' id='word_1_500' title='bbox 3100 3274 3260 3344; x_wconf 77' lang='grc' dir='ltr'>χάριν</span> <span class='ocrx_word' id='word_1_501' title='bbox 3274 3272 3366 3326; x_wconf 80' lang='grc' dir='ltr'>τοῦ</span> <span class='ocrx_word' id='word_1_502' title='bbox 3391 3273 3597 3344; x_wconf 76' lang='grc' dir='ltr'>κυρίου</span> <span class='ocrx_word' id='word_1_503' title='bbox 3621 3271 3775 3344; x_wconf 76' lang='grc' dir='ltr'>ἡμῶν</span> <span class='ocrx_word' id='word_1_504' title='bbox 3803 3271 3981 3340; x_wconf 84' lang='grc' dir='ltr'><strong>Ἰησοῦ</strong></span> 
     </span>
    </p>
   </div>
   <div class='ocr_carea' id='block_1_77' title="bbox 2421 3359 3982 3433">
    <p class='ocr_par' dir='ltr' id='par_1_77' title="bbox 2421 3359 3982 3433">
     <span class='ocr_line' id='line_1_77' title="bbox 2421 3359 3982 3433; baseline -0.003 -18"><span class='ocrx_word' id='word_1_505' title='bbox 2421 3363 2676 3433; x_wconf 80' lang='grc' dir='ltr'>Χριστοῦ.</span> <span class='ocrx_word' id='word_1_506' title='bbox 2707 3364 2786 3414; x_wconf 86' lang='grc' dir='ltr'>ὅτι</span> <span class='ocrx_word' id='word_1_507' title='bbox 2814 3363 2879 3415; x_wconf 78' lang='grc' dir='ltr'><strong>δι’</strong></span> <span class='ocrx_word' id='word_1_508' title='bbox 2915 3364 3060 3432; x_wconf 74' lang='grc' dir='ltr'>ἡμᾶς</span> <span class='ocrx_word' id='word_1_509' title='bbox 3114 3359 3457 3429; x_wconf 81' lang='grc' dir='ltr'>ἐπτώχευσεν</span> <span class='ocrx_word' id='word_1_510' title='bbox 3487 3361 3738 3422; x_wconf 83' lang='grc' dir='ltr'>πλούσιος</span> <span class='ocrx_word' id='word_1_511' title='bbox 3762 3362 3859 3421; x_wconf 80' lang='grc' dir='ltr'>ὢν,</span> <span class='ocrx_word' id='word_1_512' title='bbox 3889 3363 3982 3410; x_wconf 80' lang='grc' dir='ltr'>ἵνα</span> 
     </span>
    </p>
   </div>
   <div class='ocr_carea' id='block_1_78' title="bbox 2422 3449 3973 3524">
    <p class='ocr_par' dir='ltr' id='par_1_78' title="bbox 2422 3449 3973 3524">
     <span class='ocr_line' id='line_1_78' title="bbox 2422 3449 3973 3524; baseline -0.004 -18"><span class='ocrx_word' id='word_1_513' title='bbox 2422 3455 2578 3524; x_wconf 80' lang='grc' dir='ltr'>ὑμεῖς</span> <span class='ocrx_word' id='word_1_514' title='bbox 2605 3455 2672 3523; x_wconf 79' lang='grc' dir='ltr'><strong>τῇ</strong></span> <span class='ocrx_word' id='word_1_515' title='bbox 2703 3453 2911 3505; x_wconf 79' lang='grc' dir='ltr'>ἐκείνου</span> <span class='ocrx_word' id='word_1_516' title='bbox 2944 3451 3184 3522; x_wconf 74' lang='grc' dir='ltr'>πτωχείᾳ</span> <span class='ocrx_word' id='word_1_517' title='bbox 3219 3451 3578 3520; x_wconf 83' lang='grc' dir='ltr'>πλουτήσητε,</span> <span class='ocrx_word' id='word_1_518' title='bbox 3615 3451 3709 3503; x_wconf 79' lang='grc' dir='ltr'>καὶ</span> <span class='ocrx_word' id='word_1_519' title='bbox 3741 3449 3973 3518; x_wconf 80' lang='grc' dir='ltr'><strong>γνώμην</strong></span> 
     </span>
    </p>
   </div>
   <div class='ocr_carea' id='block_1_79' title="bbox 2422 3542 3980 3616">
    <p class='ocr_par' dir='ltr' id='par_1_79' title="bbox 2422 3542 3980 3616">
     <span class='ocr_line' id='line_1_79' title="bbox 2422 3542 3980 3616; baseline -0.004 -17"><span class='ocrx_word' id='word_1_520' title='bbox 2422 3547 2480 3600; x_wconf 79' lang='grc' dir='ltr'><strong>ἐν</strong></span> <span class='ocrx_word' id='word_1_521' title='bbox 2506 3544 2678 3616; x_wconf 78' lang='grc' dir='ltr'>τούτῳ</span> <span class='ocrx_word' id='word_1_522' title='bbox 2694 3544 2908 3614; x_wconf 72' lang='grc' dir='ltr'>δίδωμι.</span> <span class='ocrx_word' id='word_1_523' title='bbox 2935 3543 3106 3596; x_wconf 77' lang='grc' dir='ltr'>Τοῦτο</span> <span class='ocrx_word' id='word_1_524' title='bbox 3160 3544 3267 3613; x_wconf 76' lang='grc' dir='ltr'>γὰρ</span> <span class='ocrx_word' id='word_1_525' title='bbox 3295 3543 3424 3612; x_wconf 80' lang='grc' dir='ltr'>ὑμῖν</span> <span class='ocrx_word' id='word_1_526' title='bbox 3455 3542 3746 3612; x_wconf 74' lang='grc' dir='ltr'>συμφέρει,</span> <span class='ocrx_word' id='word_1_527' title='bbox 3778 3543 3980 3600; x_wconf 84' lang='grc' dir='ltr'>οἵτινες</span> 
     </span>
    </p>
   </div>
   <div class='ocr_carea' id='block_1_80' title="bbox 2419 3633 3976 3708">
    <p class='ocr_par' dir='ltr' id='par_1_80' title="bbox 2419 3633 3976 3708">
     <span class='ocr_line' id='line_1_80' title="bbox 2419 3633 3976 3708; baseline -0.005 -18"><span class='ocrx_word' id='word_1_528' title='bbox 2419 3637 2482 3690; x_wconf 82' lang='grc' dir='ltr'>οὐ</span> <span class='ocrx_word' id='word_1_529' title='bbox 2522 3637 2683 3706; x_wconf 85' lang='grc' dir='ltr'>μόνον</span> <span class='ocrx_word' id='word_1_530' title='bbox 2714 3637 2774 3689; x_wconf 88' lang='grc' dir='ltr'>τδ</span> <span class='ocrx_word' id='word_1_531' title='bbox 2813 3637 3060 3708; x_wconf 78' lang='grc' dir='ltr'>ποιῆσαι,</span> <span class='ocrx_word' id='word_1_532' title='bbox 3097 3634 3232 3688; x_wconf 76' lang='grc' dir='ltr'>ἀλλὰ</span> <span class='ocrx_word' id='word_1_533' title='bbox 3266 3635 3361 3689; x_wconf 72' lang='grc' dir='ltr'><strong>καὶ</strong></span> <span class='ocrx_word' id='word_1_534' title='bbox 3390 3633 3452 3686; x_wconf 79' lang='grc' dir='ltr'>τὸ</span> <span class='ocrx_word' id='word_1_535' title='bbox 3491 3633 3670 3686; x_wconf 84' lang='grc' dir='ltr'>θέλειν</span> <span class='ocrx_word' id='word_1_536' title='bbox 3699 3634 3976 3702; x_wconf 76' lang='grc' dir='ltr'>προενήρο</span> 
     </span>
    </p>
   </div>
   <div class='ocr_carea' id='block_1_81' title="bbox 2425 3727 3028 3798">
    <p class='ocr_par' dir='ltr' id='par_1_81' title="bbox 2425 3727 3028 3798">
     <span class='ocr_line' id='line_1_81' title="bbox 2425 3727 3028 3798; baseline -0.005 -18"><span class='ocrx_word' id='word_1_537' title='bbox 2425 3728 2584 3793; x_wconf 79' lang='grc' dir='ltr'>ξασθε</span> <span class='ocrx_word' id='word_1_538' title='bbox 2609 3728 2718 3782; x_wconf 80' lang='grc' dir='ltr'><strong>ἀπὸ</strong></span> <span class='ocrx_word' id='word_1_539' title='bbox 2749 3727 2966 3798; x_wconf 80' lang='grc' dir='ltr'>πέρυσι.</span> <span class='ocrx_word' id='word_1_540' title='bbox 3009 3745 3028 3777; x_wconf 72' lang='grc' dir='ltr'><strong>ι</strong></span> 
     </span>
    </p>
   </div>
   <div class='ocr_carea' id='block_1_82' title="bbox 2492 3813 3979 3887">
    <p class='ocr_par' dir='ltr' id='par_1_82' title="bbox 2492 3813 3979 3887">
     <span class='ocr_line' id='line_1_82' title="bbox 2492 3813 3979 3887; baseline -0.002 -18"><span class='ocrx_word' id='word_1_541' title='bbox 2492 3817 2598 3869; x_wconf 82' lang='grc' dir='ltr'><strong>Τὸν</strong></span> <span class='ocrx_word' id='word_1_542' title='bbox 2633 3817 2760 3887; x_wconf 76' lang='grc' dir='ltr'>περὶ</span> <span class='ocrx_word' id='word_1_543' title='bbox 2786 3816 2886 3884; x_wconf 78' lang='grc' dir='ltr'>τῆς</span> <span class='ocrx_word' id='word_1_544' title='bbox 2919 3815 3230 3885; x_wconf 75' lang='grc' dir='ltr'>οἰκονομίας</span> <span class='ocrx_word' id='word_1_545' title='bbox 3252 3816 3395 3868; x_wconf 87' lang='grc' dir='ltr'>κινεῖ</span> <span class='ocrx_word' id='word_1_546' title='bbox 3424 3813 3602 3882; x_wconf 90' lang='grc' dir='ltr'>λόγον,</span> <span class='ocrx_word' id='word_1_547' title='bbox 3633 3813 3726 3868; x_wconf 85' lang='grc' dir='ltr'>καὶ</span> <span class='ocrx_word' id='word_1_548' title='bbox 3763 3813 3828 3868; x_wconf 84' lang='grc' dir='ltr'><strong>ἐκ</strong></span> <span class='ocrx_word' id='word_1_549' title='bbox 3853 3830 3979 3867; x_wconf 88' lang='grc' dir='ltr'>του-</span> 
     </span>
    </p>
   </div>
   <div class='ocr_carea' id='block_1_83' title="bbox 2421 3906 3531 3978">
    <p class='ocr_par' dir='ltr' id='par_1_83' title="bbox 2421 3906 3531 3978">
     <span class='ocr_line' id='line_1_83' title="bbox 2421 3906 3531 3978; baseline -0.003 -16"><span class='ocrx_word' id='word_1_550' title='bbox 2421 3925 2515 3963; x_wconf 90' lang='grc' dir='ltr'><strong>του</strong></span> <span class='ocrx_word' id='word_1_551' title='bbox 2542 3908 2635 3962; x_wconf 74' lang='grc' dir='ltr'>ἐπὶ</span> <span class='ocrx_word' id='word_1_552' title='bbox 2667 3908 2766 3978; x_wconf 83' lang='grc' dir='ltr'>τὴν</span> <span class='ocrx_word' id='word_1_553' title='bbox 2795 3907 3164 3976; x_wconf 87' lang='grc' dir='ltr'>ἐλεημοσύνην</span> <span class='ocrx_word' id='word_1_554' title='bbox 3187 3906 3531 3978; x_wconf 80' lang='grc' dir='ltr'>προτρέπων.</span> 
     </span>
    </p>
   </div>
   <div class='ocr_carea' id='block_1_84' title="bbox 2498 4021 3980 4091">
    <p class='ocr_par' dir='ltr' id='par_1_84' title="bbox 2498 4021 3980 4091">
     <span class='ocr_line' id='line_1_84' title="bbox 2498 4021 3980 4091; baseline 0 -16"><span class='ocrx_word' id='word_1_555' title='bbox 2498 4041 2518 4075; x_wconf 74' lang='grc' dir='ltr'><strong>ι</strong></span> <span class='ocrx_word' id='word_1_556' title='bbox 2551 4023 2686 4075; x_wconf 78' lang='grc' dir='ltr'>Νυνὶ</span> <span class='ocrx_word' id='word_1_557' title='bbox 2712 4023 2768 4075; x_wconf 83' lang='grc' dir='ltr'><strong>δέ</strong></span> <span class='ocrx_word' id='word_1_558' title='bbox 2797 4023 2891 4074; x_wconf 77' lang='grc' dir='ltr'>καὶ</span> <span class='ocrx_word' id='word_1_559' title='bbox 2919 4021 2980 4074; x_wconf 82' lang='grc' dir='ltr'>τὸ</span> <span class='ocrx_word' id='word_1_560' title='bbox 3000 4022 3220 4091; x_wconf 86' lang='grc' dir='ltr'>ποιῆσαι</span> <span class='ocrx_word' id='word_1_561' title='bbox 3239 4021 3604 4084; x_wconf 77' lang='grc' dir='ltr'>ἐπιτελέσατε,</span> <span class='ocrx_word' id='word_1_562' title='bbox 3630 4021 3775 4084; x_wconf 82' lang='grc' dir='ltr'>ὅπως</span> <span class='ocrx_word' id='word_1_563' title='bbox 3810 4021 3980 4075; x_wconf 71' lang='grc' dir='ltr'>καθά·</span> 
     </span>
    </p>
   </div>
   <div class='ocr_carea' id='block_1_85' title="bbox 2425 4112 3981 4187">
    <p class='ocr_par' dir='ltr' id='par_1_85' title="bbox 2425 4112 3981 4187">
     <span class='ocr_line' id='line_1_85' title="bbox 2425 4112 3981 4187; baseline -0.013 -12"><span class='ocrx_word' id='word_1_564' title='bbox 2425 4117 2592 4186; x_wconf 82' lang='grc' dir='ltr'>περή</span> <span class='ocrx_word' id='word_1_565' title='bbox 2629 4115 2908 4187; x_wconf 80' lang='grc' dir='ltr'>προθυμία</span> <span class='ocrx_word' id='word_1_566' title='bbox 2939 4113 3033 4168; x_wconf 75' lang='grc' dir='ltr'>τοῦ</span> <span class='ocrx_word' id='word_1_567' title='bbox 3071 4113 3270 4176; x_wconf 74' lang='grc' dir='ltr'>θέλειν,</span> <span class='ocrx_word' id='word_1_568' title='bbox 3332 4112 3472 4166; x_wconf 79' lang='grc' dir='ltr'>οὕτω</span> <span class='ocrx_word' id='word_1_569' title='bbox 3531 4115 3626 4166; x_wconf 77' lang='grc' dir='ltr'>καὶ</span> <span class='ocrx_word' id='word_1_570' title='bbox 3662 4113 3756 4166; x_wconf 77' lang='grc' dir='ltr'>τοῦ</span> <span class='ocrx_word' id='word_1_571' title='bbox 3791 4115 3981 4167; x_wconf 77' lang='grc' dir='ltr'>ἐπιτε-</span> 
     </span>
    </p>
   </div>
   <div class='ocr_carea' id='block_1_86' title="bbox 2424 4203 3976 4274">
    <p class='ocr_par' dir='ltr' id='par_1_86' title="bbox 2424 4203 3976 4274">
     <span class='ocr_line' id='line_1_86' title="bbox 2424 4203 3976 4274; baseline -0.003 -15"><span class='ocrx_word' id='word_1_572' title='bbox 2424 4206 2577 4260; x_wconf 82' lang='grc' dir='ltr'>λέσαι</span> <span class='ocrx_word' id='word_1_573' title='bbox 2609 4206 2673 4259; x_wconf 85' lang='grc' dir='ltr'><strong>ἐκ</strong></span> <span class='ocrx_word' id='word_1_574' title='bbox 2700 4203 2794 4258; x_wconf 78' lang='grc' dir='ltr'><strong>τοῦ</strong></span> <span class='ocrx_word' id='word_1_575' title='bbox 2842 4204 3010 4274; x_wconf 76' lang='grc' dir='ltr'>ἔχειν.</span> <span class='ocrx_word' id='word_1_576' title='bbox 3034 4203 3095 4256; x_wconf 76' lang='grc' dir='ltr'><strong>Εἰ</strong></span> <span class='ocrx_word' id='word_1_577' title='bbox 3127 4203 3234 4272; x_wconf 81' lang='grc' dir='ltr'>γὰρ</span> <span class='ocrx_word' id='word_1_578' title='bbox 3281 4203 3316 4274; x_wconf 79' lang='grc' dir='ltr'>ἠ</span> <span class='ocrx_word' id='word_1_579' title='bbox 3349 4203 3628 4274; x_wconf 83' lang='grc' dir='ltr'>προθυμία</span> <span class='ocrx_word' id='word_1_580' title='bbox 3668 4203 3976 4270; x_wconf 81' lang='grc' dir='ltr'>πρόκειται,</span> 
     </span>
    </p>
   </div>
   <div class='ocr_carea' id='block_1_87' title="bbox 2425 4294 3978 4370">
    <p class='ocr_par' dir='ltr' id='par_1_87' title="bbox 2425 4294 3978 4370">
     <span class='ocr_line' id='line_1_87' title="bbox 2425 4294 3978 4370; baseline -0.001 -20"><span class='ocrx_word' id='word_1_581' title='bbox 2425 4298 2548 4351; x_wconf 72' lang='grc' dir='ltr'>καθ’</span> <span class='ocrx_word' id='word_1_582' title='bbox 2577 4298 2606 4351; x_wconf 85' lang='grc' dir='ltr'><strong>ὃ</strong></span> <span class='ocrx_word' id='word_1_583' title='bbox 2653 4299 2718 4352; x_wconf 83' lang='grc' dir='ltr'>ἂν</span> <span class='ocrx_word' id='word_1_584' title='bbox 2744 4297 2863 4370; x_wconf 76' lang='grc' dir='ltr'>ἔχῃ,</span> <span class='ocrx_word' id='word_1_585' title='bbox 2895 4296 3316 4365; x_wconf 84' lang='grc' dir='ltr'>εὐπρόσδεκτος,</span> <span class='ocrx_word' id='word_1_586' title='bbox 3365 4296 3426 4349; x_wconf 79' lang='grc' dir='ltr'>οὐ</span> <span class='ocrx_word' id='word_1_587' title='bbox 3460 4294 3578 4349; x_wconf 83' lang='grc' dir='ltr'>καθ’</span> <span class='ocrx_word' id='word_1_588' title='bbox 3608 4295 3636 4348; x_wconf 87' lang='grc' dir='ltr'><strong>ὃ</strong></span> <span class='ocrx_word' id='word_1_589' title='bbox 3691 4297 3791 4347; x_wconf 80' lang='grc' dir='ltr'>οὐκ</span> <span class='ocrx_word' id='word_1_590' title='bbox 3842 4295 3978 4364; x_wconf 77' lang='grc' dir='ltr'>ἔχει.</span> 
     </span>
    </p>
   </div>
   <div class='ocr_carea' id='block_1_88' title="bbox 2426 4385 3983 4460">
    <p class='ocr_par' dir='ltr' id='par_1_88' title="bbox 2426 4385 3983 4460">
     <span class='ocr_line' id='line_1_88' title="bbox 2426 4385 3983 4460; baseline -0.001 -18"><span class='ocrx_word' id='word_1_591' title='bbox 2426 4391 2501 4443; x_wconf 82' lang='grc' dir='ltr'><strong>Οὐ</strong></span> <span class='ocrx_word' id='word_1_592' title='bbox 2540 4391 2648 4460; x_wconf 76' lang='grc' dir='ltr'>γὰρ</span> <span class='ocrx_word' id='word_1_593' title='bbox 2701 4389 2786 4443; x_wconf 83' lang='grc' dir='ltr'>ἵνα</span> <span class='ocrx_word' id='word_1_594' title='bbox 2834 4389 3013 4454; x_wconf 81' lang='grc' dir='ltr'>ἄλλοις</span> <span class='ocrx_word' id='word_1_595' title='bbox 3040 4389 3244 4456; x_wconf 78' lang='grc' dir='ltr'>ἄνεσις,</span> <span class='ocrx_word' id='word_1_596' title='bbox 3289 4389 3418 4458; x_wconf 83' lang='grc' dir='ltr'>ὑμῖν</span> <span class='ocrx_word' id='word_1_597' title='bbox 3444 4388 3499 4441; x_wconf 75' lang='grc' dir='ltr'><strong>δὲ</strong></span> <span class='ocrx_word' id='word_1_598' title='bbox 3541 4385 3740 4455; x_wconf 72' lang='grc' dir='ltr'>θλίψις,</span> <span class='ocrx_word' id='word_1_599' title='bbox 3771 4386 3886 4441; x_wconf 77' lang='grc' dir='ltr'>ἀλλ’</span> <span class='ocrx_word' id='word_1_600' title='bbox 3924 4387 3983 4450; x_wconf 78' lang='grc' dir='ltr'>ἐξ</span> 
     </span>
    </p>
   </div>
   <div class='ocr_carea' id='block_1_89' title="bbox 2429 4477 3981 4551">
    <p class='ocr_par' dir='ltr' id='par_1_89' title="bbox 2429 4477 3981 4551">
     <span class='ocr_line' id='line_1_89' title="bbox 2429 4477 3981 4551; baseline -0.004 -17"><span class='ocrx_word' id='word_1_601' title='bbox 2429 4482 2671 4551; x_wconf 71' lang='grc' dir='ltr'>ἰσότητος</span> <span class='ocrx_word' id='word_1_602' title='bbox 2695 4482 2754 4534; x_wconf 90' lang='grc' dir='ltr'><strong>ἐν</strong></span> <span class='ocrx_word' id='word_1_603' title='bbox 2783 4482 2859 4550; x_wconf 81' lang='grc' dir='ltr'>τῷ</span> <span class='ocrx_word' id='word_1_604' title='bbox 2888 4479 2984 4532; x_wconf 83' lang='grc' dir='ltr'>νῦν</span> <span class='ocrx_word' id='word_1_605' title='bbox 3015 4479 3214 4550; x_wconf 84' lang='grc' dir='ltr'>καιρῷ,</span> <span class='ocrx_word' id='word_1_606' title='bbox 3249 4478 3308 4530; x_wconf 81' lang='grc' dir='ltr'>τὸ</span> <span class='ocrx_word' id='word_1_607' title='bbox 3338 4477 3489 4548; x_wconf 84' lang='grc' dir='ltr'>ὑμῶν</span> <span class='ocrx_word' id='word_1_608' title='bbox 3524 4478 3868 4544; x_wconf 85' lang='grc' dir='ltr'>περίσσευμα</span> <span class='ocrx_word' id='word_1_609' title='bbox 3901 4479 3981 4538; x_wconf 85' lang='grc' dir='ltr'><strong>είς</strong></span> 
     </span>
    </p>
   </div>
   <div class='ocr_carea' id='block_1_90' title="bbox 777 4569 2443 4642">
    <p class='ocr_par' dir='ltr' id='par_1_90' title="bbox 777 4572 2443 4642">
     <span class='ocr_line' id='line_1_90' title="bbox 777 4572 2443 4642; baseline 0.001 -20"><span class='ocrx_word' id='word_1_610' title='bbox 777 4572 926 4631; x_wconf 83' lang='lat' dir='ltr'><strong>latio,</strong></span> <span class='ocrx_word' id='word_1_611' title='bbox 949 4572 1045 4624; x_wconf 83' lang='lat' dir='ltr'><strong>sed</strong></span> <span class='ocrx_word' id='word_1_612' title='bbox 1075 4587 1137 4625; x_wconf 79' lang='lat' dir='ltr'><strong>ex</strong></span> <span class='ocrx_word' id='word_1_613' title='bbox 1173 4572 1480 4641; x_wconf 67' lang='lat' dir='ltr'><strong>aequalitate</strong></span> <span class='ocrx_word' id='word_1_614' title='bbox 1505 4573 1556 4624; x_wconf 92' lang='lat' dir='ltr'><strong>in</strong></span> <span class='ocrx_word' id='word_1_615' title='bbox 1583 4572 1836 4641; x_wconf 67' lang='lat' dir='ltr'><strong>praesenti</strong></span> <span class='ocrx_word' id='word_1_616' title='bbox 1871 4573 2113 4642; x_wconf 86' lang='lat' dir='ltr'><strong>tempore</strong></span> <span class='ocrx_word' id='word_1_617' title='bbox 2144 4581 2325 4627; x_wconf 89' lang='lat' dir='ltr'><strong>vestra</strong></span> <span class='ocrx_word' id='word_1_618' title='bbox 2359 4583 2403 4638; x_wconf 71' lang='grc' dir='ltr'><strong>ι)</strong></span> <span class='ocrx_word' id='word_1_619' title='bbox 2425 4588 2443 4624; x_wconf 77' lang='lat'><strong>1</strong></span> 
     </span>
    </p>
   </div>
   <div class='ocr_carea' id='block_1_91' title="bbox 2313 4569 3979 4642">
    <p class='ocr_par' dir='ltr' id='par_1_91' title="bbox 2313 4569 3979 4642">
     <span class='ocr_line' id='line_1_91' title="bbox 2313 4569 3979 4642; baseline -0.003 -16"><span class='ocrx_word' id='word_1_620' title='bbox 2313 4589 2325 4626; x_wconf 88' lang='grc' dir='ltr'><strong>ι</strong></span> <span class='ocrx_word' id='word_1_621' title='bbox 2359 4583 2403 4638; x_wconf 69' lang='grc' dir='ltr'><strong>ι)</strong></span> <span class='ocrx_word' id='word_1_622' title='bbox 2425 4573 2485 4624; x_wconf 84' lang='grc' dir='ltr'>τὸ</span> <span class='ocrx_word' id='word_1_623' title='bbox 2506 4573 2730 4624; x_wconf 79' lang='grc' dir='ltr'>ἐκείνων</span> <span class='ocrx_word' id='word_1_624' title='bbox 2753 4572 3055 4642; x_wconf 77' lang='grc' dir='ltr'>ὑστέρημα,</span> <span class='ocrx_word' id='word_1_625' title='bbox 3075 4571 3162 4625; x_wconf 79' lang='grc' dir='ltr'>ἵνα</span> <span class='ocrx_word' id='word_1_626' title='bbox 3188 4571 3280 4624; x_wconf 78' lang='grc' dir='ltr'>καὶ</span> <span class='ocrx_word' id='word_1_627' title='bbox 3309 4571 3368 4623; x_wconf 83' lang='grc' dir='ltr'>τὸ</span> <span class='ocrx_word' id='word_1_628' title='bbox 3396 4571 3616 4622; x_wconf 86' lang='grc' dir='ltr'>ἐκείνων</span> <span class='ocrx_word' id='word_1_629' title='bbox 3639 4569 3979 4640; x_wconf 80' lang='grc' dir='ltr'>περίσσευμα</span> 
     </span>
    </p>
   </div>
   <div class='ocr_carea' id='block_1_92' title="bbox 777 4661 2326 4733">
    <p class='ocr_par' dir='ltr' id='par_1_92' title="bbox 777 4661 2326 4733">
     <span class='ocr_line' id='line_1_92' title="bbox 777 4661 2326 4733; baseline 0.005 -24"><span class='ocrx_word' id='word_1_630' title='bbox 777 4661 1104 4713; x_wconf 79' lang='lat' dir='ltr'><strong>abundantia</strong></span> <span class='ocrx_word' id='word_1_631' title='bbox 1144 4661 1356 4714; x_wconf 86' lang='lat' dir='ltr'><strong>illorum</strong></span> <span class='ocrx_word' id='word_1_632' title='bbox 1409 4661 1650 4731; x_wconf 86' lang='lat' dir='ltr'><strong>inopiam</strong></span> <span class='ocrx_word' id='word_1_633' title='bbox 1679 4663 1969 4733; x_wconf 89' lang='lat' dir='ltr'><strong>suppleat:</strong></span> <span class='ocrx_word' id='word_1_634' title='bbox 2025 4670 2082 4715; x_wconf 91' lang='lat' dir='ltr'><strong>ut</strong></span> <span class='ocrx_word' id='word_1_635' title='bbox 2119 4673 2174 4716; x_wconf 91' lang='lat' dir='ltr'><strong>et</strong></span> <span class='ocrx_word' id='word_1_636' title='bbox 2208 4663 2326 4716; x_wconf 89' lang='lat' dir='ltr'><strong>illo-</strong></span> 
     </span>
    </p>
   </div>
   <div class='ocr_carea' id='block_1_93' title="bbox 779 4749 2321 4822">
    <p class='ocr_par' dir='ltr' id='par_1_93' title="bbox 779 4749 2321 4822">
     <span class='ocr_line' id='line_1_93' title="bbox 779 4749 2321 4822; baseline 0.003 -20"><span class='ocrx_word' id='word_1_637' title='bbox 779 4766 896 4802; x_wconf 85' lang='lat' dir='ltr'><strong>rum</strong></span> <span class='ocrx_word' id='word_1_638' title='bbox 929 4749 1263 4804; x_wconf 83' lang='lat' dir='ltr'><strong>abundantia</strong></span> <span class='ocrx_word' id='word_1_639' title='bbox 1296 4760 1489 4805; x_wconf 72' lang='lat' dir='ltr'><strong>vestra:</strong></span> <span class='ocrx_word' id='word_1_640' title='bbox 1519 4752 1710 4820; x_wconf 75' lang='lat' dir='ltr'><strong>inopia:</strong></span> <span class='ocrx_word' id='word_1_641' title='bbox 1744 4752 1815 4806; x_wconf 90' lang='lat' dir='ltr'><strong>sit</strong></span> <span class='ocrx_word' id='word_1_642' title='bbox 1857 4753 2321 4822; x_wconf 87' lang='lat' dir='ltr'><strong>supplementum;</strong></span> 
     </span>
    </p>
   </div>
   <div class='ocr_carea' id='block_1_94' title="bbox 781 4837 1946 4910">
    <p class='ocr_par' dir='ltr' id='par_1_94' title="bbox 781 4837 1946 4910">
     <span class='ocr_line' id='line_1_94' title="bbox 781 4837 1946 4910; baseline -0.001 -18"><span class='ocrx_word' id='word_1_643' title='bbox 781 4851 836 4892; x_wconf 93' lang='lat' dir='ltr'><strong>ut</strong></span> <span class='ocrx_word' id='word_1_644' title='bbox 862 4840 951 4891; x_wconf 89' lang='lat' dir='ltr'><strong>liat</strong></span> <span class='ocrx_word' id='word_1_645' title='bbox 984 4841 1291 4908; x_wconf 72' lang='lat' dir='ltr'><strong>aequalitas,</strong></span> <span class='ocrx_word' id='word_1_646' title='bbox 1325 4837 1466 4895; x_wconf 81' lang='lat' dir='ltr'><strong>sicut</strong></span> <span class='ocrx_word' id='word_1_647' title='bbox 1495 4842 1759 4910; x_wconf 90' lang='lat' dir='ltr'><strong>scriptum</strong></span> <span class='ocrx_word' id='word_1_648' title='bbox 1787 4851 1890 4896; x_wconf 89' lang='lat' dir='ltr'><strong>est.</strong></span> <span class='ocrx_word' id='word_1_649' title='bbox 1928 4860 1946 4891; x_wconf 73' lang='grc' dir='ltr'><strong>ι</strong></span> 
     </span>
    </p>
   </div>
   <div class='ocr_carea' id='block_1_95' title="bbox 722 4924 2321 5027">
    <p class='ocr_par' dir='ltr' id='par_1_95' title="bbox 722 4924 2321 5027">
     <span class='ocr_line' id='line_1_95' title="bbox 722 4924 2321 5027; baseline 0.006 -26"><span class='ocrx_word' id='word_1_650' title='bbox 722 5025 724 5027; x_wconf 3' lang='grc' dir='ltr'><strong>γ</strong></span> <span class='ocrx_word' id='word_1_651' title='bbox 843 4948 1244 5020; x_wconf 90' lang='lat' dir='ltr'><strong>Promptitudo,</strong></span> <span class='ocrx_word' id='word_1_652' title='bbox 1284 4952 1483 5020; x_wconf 90' lang='lat' dir='ltr'><strong>inquit,</strong></span> <span class='ocrx_word' id='word_1_653' title='bbox 1515 4952 1684 5006; x_wconf 86' lang='lat' dir='ltr'><strong>animi</strong></span> <span class='ocrx_word' id='word_1_654' title='bbox 1709 4962 1792 5008; x_wconf 86' lang='lat' dir='ltr'><strong>est</strong></span> <span class='ocrx_word' id='word_1_655' title='bbox 1827 4963 1883 5009; x_wconf 92' lang='lat' dir='ltr'><strong>et</strong></span> <span class='ocrx_word' id='word_1_656' title='bbox 1909 4955 2124 5010; x_wconf 87' lang='lat' dir='ltr'><strong>consilii</strong></span> <span class='ocrx_word' id='word_1_657' title='bbox 2139 4924 2167 5021; x_wconf 44' lang='grc' dir='ltr'>ς’</span> <span class='ocrx_word' id='word_1_658' title='bbox 2186 4971 2321 5026; x_wconf 76' lang='lat' dir='ltr'><strong>pra:-</strong></span> 
     </span>
    </p>
   </div>
   <div class='ocr_carea' id='block_1_96' title="bbox 776 5043 1757 5112">
    <p class='ocr_par' dir='ltr' id='par_1_96' title="bbox 776 5043 1757 5112">
     <span class='ocr_line' id='line_1_96' title="bbox 776 5043 1757 5112; baseline 0.004 -18"><span class='ocrx_word' id='word_1_659' title='bbox 776 5051 920 5094; x_wconf 82' lang='lat' dir='ltr'><strong>stare</strong></span> <span class='ocrx_word' id='word_1_660' title='bbox 949 5058 1099 5105; x_wconf 88' lang='lat' dir='ltr'><strong>vero,</strong></span> <span class='ocrx_word' id='word_1_661' title='bbox 1125 5059 1187 5095; x_wconf 76' lang='lat' dir='ltr'><strong>ex</strong></span> <span class='ocrx_word' id='word_1_662' title='bbox 1212 5058 1278 5096; x_wconf 88' lang='lat' dir='ltr'><strong>eo</strong></span> <span class='ocrx_word' id='word_1_663' title='bbox 1303 5043 1446 5112; x_wconf 91' lang='lat' dir='ltr'><strong>quod</strong></span> <span class='ocrx_word' id='word_1_664' title='bbox 1471 5044 1757 5099; x_wconf 86' lang='lat' dir='ltr'><strong>habeatur.</strong></span> 
     </span>
    </p>
   </div>
   <div class='ocr_carea' id='block_1_97' title="bbox 850 5139 2325 5224">
    <p class='ocr_par' dir='ltr' id='par_1_97' title="bbox 850 5139 2325 5224">
     <span class='ocr_line' id='line_1_97' title="bbox 850 5139 2325 5224; baseline 0.005 -21"><span class='ocrx_word' id='word_1_665' title='bbox 850 5151 1012 5204; x_wconf 69' lang='lat' dir='ltr'><strong>Vens.</strong></span> <span class='ocrx_word' id='word_1_666' title='bbox 1051 5152 1136 5206; x_wconf 68' lang='lat'><strong>15.</strong></span> <span class='ocrx_word' id='word_1_667' title='bbox 1175 5171 1193 5202; x_wconf 72' lang='grc' dir='ltr'><strong><em>ι</em></strong></span> <span class='ocrx_word' id='word_1_668' title='bbox 1225 5151 1379 5218; x_wconf 90' lang='lat' dir='ltr'><strong>Quod</strong></span> <span class='ocrx_word' id='word_1_669' title='bbox 1421 5157 1512 5224; x_wconf 86' lang='lat' dir='ltr'><strong>qui</strong></span> <span class='ocrx_word' id='word_1_670' title='bbox 1551 5139 1800 5219; x_wconf 81' lang='lat' dir='ltr'><strong>multum,</strong></span> <span class='ocrx_word' id='word_1_671' title='bbox 1836 5160 2276 5213; x_wconf 72' lang='lat' dir='ltr'><strong>non-abundavit</strong></span> <span class='ocrx_word' id='word_1_672' title='bbox 2311 5176 2325 5210; x_wconf 91' lang='lat'><strong>:</strong></span> 
     </span>
    </p>
   </div>
   <div class='ocr_carea' id='block_1_98' title="bbox 777 5243 1800 5311">
    <p class='ocr_par' dir='ltr' id='par_1_98' title="bbox 777 5243 1800 5311">
     <span class='ocr_line' id='line_1_98' title="bbox 777 5243 1800 5311; baseline 0.004 -17"><span class='ocrx_word' id='word_1_673' title='bbox 777 5253 828 5296; x_wconf 90' lang='lat' dir='ltr'><strong>et</strong></span> <span class='ocrx_word' id='word_1_674' title='bbox 853 5244 945 5311; x_wconf 90' lang='lat' dir='ltr'><strong>qui</strong></span> <span class='ocrx_word' id='word_1_675' title='bbox 971 5243 1266 5309; x_wconf 89' lang='lat' dir='ltr'><strong>modicum,</strong></span> <span class='ocrx_word' id='word_1_676' title='bbox 1300 5261 1406 5297; x_wconf 91' lang='lat' dir='ltr'><strong>non</strong></span> <span class='ocrx_word' id='word_1_677' title='bbox 1442 5248 1750 5300; x_wconf 86' lang='lat' dir='ltr'><strong>tninoravit.</strong></span> <span class='ocrx_word' id='word_1_678' title='bbox 1783 5266 1800 5298; x_wconf 78' lang='grc' dir='ltr'><strong>ι</strong></span> 
     </span>
    </p>
   </div>
   <div class='ocr_carea' id='block_1_99' title="bbox 847 5355 2324 5420">
    <p class='ocr_par' dir='ltr' id='par_1_99' title="bbox 847 5355 2324 5420">
     <span class='ocr_line' id='line_1_99' title="bbox 847 5355 2324 5420; baseline 0.007 -14"><span class='ocrx_word' id='word_1_679' title='bbox 847 5355 924 5407; x_wconf 73' lang='lat' dir='ltr'><strong>Ex</strong></span> <span class='ocrx_word' id='word_1_680' title='bbox 953 5355 1056 5408; x_wconf 91' lang='lat' dir='ltr'><strong>hoc</strong></span> <span class='ocrx_word' id='word_1_681' title='bbox 1081 5356 1201 5410; x_wconf 85' lang='lat' dir='ltr'><strong>lo&#39;eo</strong></span> <span class='ocrx_word' id='word_1_682' title='bbox 1226 5357 1480 5412; x_wconf 71' lang='lat' dir='ltr'><strong>eximiam</strong></span> <span class='ocrx_word' id='word_1_683' title='bbox 1523 5361 1862 5414; x_wconf 89' lang='lat' dir='ltr'><strong>alacritatem</strong></span> <span class='ocrx_word' id='word_1_684' title='bbox 1899 5362 2095 5420; x_wconf 76' lang='lat' dir='ltr'><strong>firmat.</strong></span> <span class='ocrx_word' id='word_1_685' title='bbox 2139 5374 2324 5418; x_wconf 73' lang='lat' dir='ltr'><strong>osten-</strong></span> 
     </span>
    </p>
   </div>
   <div class='ocr_carea' id='block_1_100' title="bbox 779 5444 2328 5522">
    <p class='ocr_par' dir='ltr' id='par_1_100' title="bbox 779 5444 2328 5522">
     <span class='ocr_line' id='line_1_100' title="bbox 779 5444 2328 5522; baseline 0.007 -27"><span class='ocrx_word' id='word_1_686' title='bbox 779 5444 958 5496; x_wconf 89' lang='lat' dir='ltr'><strong>dendo</strong></span> <span class='ocrx_word' id='word_1_687' title='bbox 1000 5444 1103 5497; x_wconf 90' lang='lat' dir='ltr'><strong>nisi</strong></span> <span class='ocrx_word' id='word_1_688' title='bbox 1143 5447 1264 5500; x_wconf 89' lang='lat' dir='ltr'><strong>aliis</strong></span> <span class='ocrx_word' id='word_1_689' title='bbox 1315 5449 1676 5517; x_wconf 85' lang='lat' dir='ltr'><strong>impertirent,</strong></span> <span class='ocrx_word' id='word_1_690' title='bbox 1704 5451 1834 5503; x_wconf 85' lang='lat' dir='ltr'><strong>nihil</strong></span> <span class='ocrx_word' id='word_1_691' title='bbox 1871 5453 2016 5520; x_wconf 88' lang='lat' dir='ltr'><strong>ipsos</strong></span> <span class='ocrx_word' id='word_1_692' title='bbox 2056 5454 2174 5522; x_wconf 88' lang='lat' dir='ltr'><strong>plus</strong></span> <span class='ocrx_word' id='word_1_693' title='bbox 2210 5470 2328 5508; x_wconf 72' lang='lat' dir='ltr'><strong>esse</strong></span> 
     </span>
    </p>
   </div>
   <div class='ocr_carea' id='block_1_101' title="bbox 784 5535 2329 5614">
    <p class='ocr_par' dir='ltr' id='par_1_101' title="bbox 784 5535 2329 5614">
     <span class='ocr_line' id='line_1_101' title="bbox 784 5535 2329 5614; baseline 0.009 -29"><span class='ocrx_word' id='word_1_694' title='bbox 784 5535 1087 5598; x_wconf 85' lang='lat' dir='ltr'><strong>habituros,</strong></span> <span class='ocrx_word' id='word_1_695' title='bbox 1121 5539 1322 5607; x_wconf 87' lang='lat' dir='ltr'><strong>quippe</strong></span> <span class='ocrx_word' id='word_1_696' title='bbox 1357 5542 1447 5608; x_wconf 92' lang='lat' dir='ltr'><strong>qui</strong></span> <span class='ocrx_word' id='word_1_697' title='bbox 1483 5541 1662 5593; x_wconf 90' lang='lat' dir='ltr'><strong>omnia</strong></span> <span class='ocrx_word' id='word_1_698' title='bbox 1696 5543 1838 5596; x_wconf 85' lang='lat' dir='ltr'><strong>intus</strong></span> <span class='ocrx_word' id='word_1_699' title='bbox 1869 5554 2123 5612; x_wconf 82' lang='lat' dir='ltr'><strong>cogerent</strong></span> <span class='ocrx_word' id='word_1_700' title='bbox 2152 5565 2163 5598; x_wconf 90' lang='lat'><em>:</em></span> <span class='ocrx_word' id='word_1_701' title='bbox 2197 5562 2329 5614; x_wconf 89' lang='lat' dir='ltr'><strong>quo-</strong></span> 
     </span>
    </p>
   </div>
   <div class='ocr_carea' id='block_1_102' title="bbox 781 5627 2326 5705">
    <p class='ocr_par' dir='ltr' id='par_1_102' title="bbox 781 5627 2326 5705">
     <span class='ocr_line' id='line_1_102' title="bbox 781 5627 2326 5705; baseline 0.008 -27"><span class='ocrx_word' id='word_1_702' title='bbox 781 5627 924 5679; x_wconf 75' lang='lat' dir='ltr'><strong>circa</strong></span> <span class='ocrx_word' id='word_1_703' title='bbox 957 5630 1188 5696; x_wconf 90' lang='lat' dir='ltr'><strong>priscam</strong></span> <span class='ocrx_word' id='word_1_704' title='bbox 1248 5630 1527 5684; x_wconf 78' lang='lat' dir='ltr'><strong>historiam</strong></span> <span class='ocrx_word' id='word_1_705' title='bbox 1571 5633 1744 5693; x_wconf 68' lang='lat' dir='ltr'><strong>aﬂert.</strong></span> <span class='ocrx_word' id='word_1_706' title='bbox 1797 5635 1926 5686; x_wconf 81' lang='lat' dir='ltr'><strong>Nam</strong></span> <span class='ocrx_word' id='word_1_707' title='bbox 1976 5639 2066 5705; x_wconf 78' lang='lat' dir='ltr'><strong>qui</strong></span> <span class='ocrx_word' id='word_1_708' title='bbox 2102 5639 2326 5690; x_wconf 91' lang='lat' dir='ltr'><strong>multum</strong></span> 
     </span>
    </p>
   </div>
   <div class='ocr_carea' id='block_1_103' title="bbox 779 5719 2326 5793">
    <p class='ocr_par' dir='ltr' id='par_1_103' title="bbox 779 5719 2326 5793">
     <span class='ocr_line' id='line_1_103' title="bbox 779 5719 2326 5793; baseline 0.008 -22"><span class='ocrx_word' id='word_1_709' title='bbox 779 5719 1138 5787; x_wconf 81' lang='lat' dir='ltr'><strong>collegerant,</strong></span> <span class='ocrx_word' id='word_1_710' title='bbox 1182 5736 1291 5774; x_wconf 91' lang='lat' dir='ltr'><strong>non</strong></span> <span class='ocrx_word' id='word_1_711' title='bbox 1346 5723 1579 5791; x_wconf 88' lang='lat' dir='ltr'><strong>amplius</strong></span> <span class='ocrx_word' id='word_1_712' title='bbox 1631 5726 2036 5793; x_wconf 85' lang='lat' dir='ltr'><strong>reperiebantur</strong></span> <span class='ocrx_word' id='word_1_713' title='bbox 2094 5729 2326 5790; x_wconf 75' lang='lat' dir='ltr'><strong>habere,</strong></span> 
     </span>
    </p>
   </div>
   <div class='ocr_carea' id='block_1_104' title="bbox 779 5812 2326 5885">
    <p class='ocr_par' dir='ltr' id='par_1_104' title="bbox 779 5812 2326 5885">
     <span class='ocr_line' id='line_1_104' title="bbox 779 5812 2326 5885; baseline 0.006 -22"><span class='ocrx_word' id='word_1_714' title='bbox 779 5825 944 5879; x_wconf 84' lang='lat' dir='ltr'><strong>quam</strong></span> <span class='ocrx_word' id='word_1_715' title='bbox 981 5814 1068 5881; x_wconf 90' lang='lat' dir='ltr'><strong>qui</strong></span> <span class='ocrx_word' id='word_1_716' title='bbox 1103 5812 1312 5868; x_wconf 89' lang='lat' dir='ltr'><strong>minore</strong></span> <span class='ocrx_word' id='word_1_717' title='bbox 1343 5828 1594 5868; x_wconf 85' lang='lat' dir='ltr'><strong>mensura</strong></span> <span class='ocrx_word' id='word_1_718' title='bbox 1620 5817 1981 5885; x_wconf 78' lang='lat' dir='ltr'><strong>collegerant;</strong></span> <span class='ocrx_word' id='word_1_719' title='bbox 2022 5817 2129 5875; x_wconf 72' lang='lat' dir='ltr'><strong>lico</strong></span> <span class='ocrx_word' id='word_1_720' title='bbox 2168 5822 2326 5875; x_wconf 90' lang='lat' dir='ltr'><strong>nimi-</strong></span> 
     </span>
    </p>
   </div>
   <div class='ocr_carea' id='block_1_105' title="bbox 2429 4660 3979 4734">
    <p class='ocr_par' dir='ltr' id='par_1_105' title="bbox 2429 4660 3979 4734">
     <span class='ocr_line' id='line_1_105' title="bbox 2429 4660 3979 4734; baseline -0.003 -18"><span class='ocrx_word' id='word_1_721' title='bbox 2429 4665 2652 4734; x_wconf 81' lang='grc' dir='ltr'>γένηται</span> <span class='ocrx_word' id='word_1_722' title='bbox 2679 4666 2758 4726; x_wconf 83' lang='grc' dir='ltr'>εἰς</span> <span class='ocrx_word' id='word_1_723' title='bbox 2792 4664 2854 4715; x_wconf 84' lang='grc' dir='ltr'>τὸ</span> <span class='ocrx_word' id='word_1_724' title='bbox 2883 4665 3034 4734; x_wconf 83' lang='grc' dir='ltr'>ὑμῶν</span> <span class='ocrx_word' id='word_1_725' title='bbox 3063 4665 3348 4733; x_wconf 82' lang='grc' dir='ltr'>ὑστέρημα</span> <span class='ocrx_word' id='word_1_726' title='bbox 3369 4678 3383 4692; x_wconf 75' lang='grc' dir='ltr'><strong>ο</strong></span> <span class='ocrx_word' id='word_1_727' title='bbox 3421 4663 3566 4722; x_wconf 81' lang='grc' dir='ltr'>ὅπως</span> <span class='ocrx_word' id='word_1_728' title='bbox 3598 4660 3824 4729; x_wconf 81' lang='grc' dir='ltr'>γένηται</span> <span class='ocrx_word' id='word_1_729' title='bbox 3873 4661 3979 4712; x_wconf 67' lang='grc' dir='ltr'>ἐσό-</span> 
     </span>
    </p>
   </div>
   <div class='ocr_carea' id='block_1_106' title="bbox 2425 4755 3165 4827">
    <p class='ocr_par' dir='ltr' id='par_1_106' title="bbox 2425 4755 3165 4827">
     <span class='ocr_line' id='line_1_106' title="bbox 2425 4755 3165 4827; baseline -0.003 -17"><span class='ocrx_word' id='word_1_730' title='bbox 2425 4773 2549 4827; x_wconf 82' lang='grc' dir='ltr'>της,</span> <span class='ocrx_word' id='word_1_731' title='bbox 2575 4755 2758 4820; x_wconf 87' lang='grc' dir='ltr'>καθὼς</span> <span class='ocrx_word' id='word_1_732' title='bbox 2785 4756 3110 4826; x_wconf 76' lang='grc' dir='ltr'>γέγραπται.</span> <span class='ocrx_word' id='word_1_733' title='bbox 3147 4776 3165 4808; x_wconf 72' lang='grc' dir='ltr'><strong>ι</strong></span> 
     </span>
    </p>
   </div>
   <div class='ocr_carea' id='block_1_107' title="bbox 2507 4950 3978 5025">
    <p class='ocr_par' dir='ltr' id='par_1_107' title="bbox 2507 4950 3978 5025">
     <span class='ocr_line' id='line_1_107' title="bbox 2507 4950 3978 5025; baseline -0.003 -18"><span class='ocrx_word' id='word_1_734' title='bbox 2507 4954 2571 5007; x_wconf 82' lang='grc' dir='ltr'><strong>Ἦ</strong></span> <span class='ocrx_word' id='word_1_735' title='bbox 2601 4955 2900 5025; x_wconf 78' lang='grc' dir='ltr'>προθυμία,</span> <span class='ocrx_word' id='word_1_736' title='bbox 2926 4955 3111 5023; x_wconf 75' lang='grc' dir='ltr'>φησὶν,</span> <span class='ocrx_word' id='word_1_737' title='bbox 3148 4955 3211 5006; x_wconf 84' lang='grc' dir='ltr'><strong>ἐκ</strong></span> <span class='ocrx_word' id='word_1_738' title='bbox 3243 4953 3345 5023; x_wconf 76' lang='grc' dir='ltr'>τῆς</span> <span class='ocrx_word' id='word_1_739' title='bbox 3365 4954 3586 5022; x_wconf 79' lang='grc' dir='ltr'>γνώμης</span> <span class='ocrx_word' id='word_1_740' title='bbox 3607 4968 3620 4981; x_wconf 83' lang='lat'><strong><em>°</em></strong></span> <span class='ocrx_word' id='word_1_741' title='bbox 3652 4951 3711 5004; x_wconf 77' lang='grc' dir='ltr'>τὸ</span> <span class='ocrx_word' id='word_1_742' title='bbox 3736 4951 3793 5004; x_wconf 80' lang='grc' dir='ltr'><strong>δὲ</strong></span> <span class='ocrx_word' id='word_1_743' title='bbox 3833 4950 3978 5017; x_wconf 76' lang='grc' dir='ltr'>ποιῆ-</span> 
     </span>
    </p>
   </div>
   <div class='ocr_carea' id='block_1_108' title="bbox 2429 5045 2946 5113">
    <p class='ocr_par' dir='ltr' id='par_1_108' title="bbox 2429 5045 2946 5113">
     <span class='ocr_line' id='line_1_108' title="bbox 2429 5045 2946 5113; baseline 0 -16"><span class='ocrx_word' id='word_1_744' title='bbox 2429 5061 2540 5108; x_wconf 74' lang='grc' dir='ltr'>σαι,</span> <span class='ocrx_word' id='word_1_745' title='bbox 2565 5047 2630 5097; x_wconf 91' lang='grc' dir='ltr'><strong>ἐκ</strong></span> <span class='ocrx_word' id='word_1_746' title='bbox 2655 5045 2746 5098; x_wconf 75' lang='grc' dir='ltr'>τοῦ</span> <span class='ocrx_word' id='word_1_747' title='bbox 2783 5045 2946 5113; x_wconf 80' lang='grc' dir='ltr'>ἐχειν.</span> 
     </span>
    </p>
   </div>
   <div class='ocr_carea' id='block_1_109' title="bbox 2507 5157 3976 5226">
    <p class='ocr_par' dir='ltr' id='par_1_109' title="bbox 2507 5157 3976 5226">
     <span class='ocr_line' id='line_1_109' title="bbox 2507 5157 3976 5226; baseline -0.002 -16"><span class='ocrx_word' id='word_1_748' title='bbox 2507 5179 2523 5210; x_wconf 81' lang='grc' dir='ltr'><strong>ι</strong></span> <span class='ocrx_word' id='word_1_749' title='bbox 2563 5161 2626 5210; x_wconf 80' lang='lat'><strong>&#39;0</strong></span> <span class='ocrx_word' id='word_1_750' title='bbox 2656 5160 2715 5211; x_wconf 86' lang='grc' dir='ltr'>τὸ</span> <span class='ocrx_word' id='word_1_751' title='bbox 2749 5160 2904 5222; x_wconf 76' lang='grc' dir='ltr'>πολὺ,</span> <span class='ocrx_word' id='word_1_752' title='bbox 2929 5160 3026 5212; x_wconf 80' lang='grc' dir='ltr'>οὐκ</span> <span class='ocrx_word' id='word_1_753' title='bbox 3057 5158 3368 5224; x_wconf 80' lang='grc' dir='ltr'>ἐπλεόνασε,</span> <span class='ocrx_word' id='word_1_754' title='bbox 3392 5159 3485 5211; x_wconf 61' lang='grc' dir='ltr'><strong>καὶ</strong></span> <span class='ocrx_word' id='word_1_755' title='bbox 3511 5157 3538 5210; x_wconf 83' lang='grc' dir='ltr'><strong>ό</strong></span> <span class='ocrx_word' id='word_1_756' title='bbox 3568 5157 3628 5210; x_wconf 76' lang='grc' dir='ltr'><strong>τὸ</strong></span> <span class='ocrx_word' id='word_1_757' title='bbox 3653 5157 3855 5226; x_wconf 72' lang='grc' dir='ltr'>ὀλίγον,</span> <span class='ocrx_word' id='word_1_758' title='bbox 3881 5157 3976 5210; x_wconf 64' lang='grc' dir='ltr'>οὶκ</span> 
     </span>
    </p>
   </div>
   <div class='ocr_carea' id='block_1_110' title="bbox 2428 5250 2862 5318">
    <p class='ocr_par' dir='ltr' id='par_1_110' title="bbox 2428 5250 2862 5318">
     <span class='ocr_line' id='line_1_110' title="bbox 2428 5250 2862 5318; baseline -0.002 -18"><span class='ocrx_word' id='word_1_759' title='bbox 2428 5250 2689 5318; x_wconf 69' lang='grc' dir='ltr'>ἡλαττόνη</span> <span class='ocrx_word' id='word_1_760' title='bbox 2699 5267 2806 5302; x_wconf 87' lang='grc' dir='ltr'>σεν.</span> <span class='ocrx_word' id='word_1_761' title='bbox 2847 5271 2862 5299; x_wconf 67' lang='lat' dir='ltr'><strong>.v</strong></span> 
     </span>
    </p>
   </div>
   <div class='ocr_carea' id='block_1_111' title="bbox 2511 5359 3975 5432">
    <p class='ocr_par' dir='ltr' id='par_1_111' title="bbox 2511 5359 3975 5432">
     <span class='ocr_line' id='line_1_111' title="bbox 2511 5359 3975 5432; baseline -0.004 -18"><span class='ocrx_word' id='word_1_762' title='bbox 2511 5364 2604 5414; x_wconf 86' lang='grc' dir='ltr'><strong>Ἐκ</strong></span> <span class='ocrx_word' id='word_1_763' title='bbox 2634 5363 2821 5414; x_wconf 75' lang='grc' dir='ltr'>τούτου</span> <span class='ocrx_word' id='word_1_764' title='bbox 2875 5364 3266 5426; x_wconf 73' lang='grc' dir='ltr'>κατασκευάζει</span> <span class='ocrx_word' id='word_1_765' title='bbox 3302 5364 3398 5432; x_wconf 78' lang='grc' dir='ltr'>τὴν</span> <span class='ocrx_word' id='word_1_766' title='bbox 3444 5360 3750 5430; x_wconf 74' lang='grc' dir='ltr'>προθυμίαν</span> <span class='ocrx_word' id='word_1_767' title='bbox 3800 5359 3975 5412; x_wconf 70' lang='grc' dir='ltr'>αὐτῶν</span> 
     </span>
    </p>
   </div>
   <div class='ocr_carea' id='block_1_112' title="bbox 2431 5452 3973 5524">
    <p class='ocr_par' dir='ltr' id='par_1_112' title="bbox 2431 5452 3973 5524">
     <span class='ocr_line' id='line_1_112' title="bbox 2431 5452 3973 5524; baseline -0.001 -19"><span class='ocrx_word' id='word_1_768' title='bbox 2431 5455 2815 5524; x_wconf 58' lang='grc' dir='ltr'>σφοδροτάτῳ,</span> <span class='ocrx_word' id='word_1_769' title='bbox 2869 5457 3079 5516; x_wconf 67' lang='grc' dir='ltr'>όεικνίδς</span> <span class='ocrx_word' id='word_1_770' title='bbox 3113 5457 3192 5506; x_wconf 75' lang='grc' dir='ltr'>ὅτι</span> <span class='ocrx_word' id='word_1_771' title='bbox 3229 5457 3275 5507; x_wconf 82' lang='grc' dir='ltr'>εἰ</span> <span class='ocrx_word' id='word_1_772' title='bbox 3325 5455 3398 5522; x_wconf 60' lang='grc' dir='ltr'>μὴ</span> <span class='ocrx_word' id='word_1_773' title='bbox 3439 5452 3716 5521; x_wconf 64' lang='grc' dir='ltr'>μεταδιῐεν</span> <span class='ocrx_word' id='word_1_774' title='bbox 3748 5452 3973 5518; x_wconf 71' lang='grc' dir='ltr'>ἑτέροις.</span> 
     </span>
    </p>
   </div>
   <div class='ocr_carea' id='block_1_113' title="bbox 2427 5541 3976 5614">
    <p class='ocr_par' dir='ltr' id='par_1_113' title="bbox 2427 5541 3976 5614">
     <span class='ocr_line' id='line_1_113' title="bbox 2427 5541 3976 5614; baseline -0.007 -15"><span class='ocrx_word' id='word_1_775' title='bbox 2427 5547 2524 5614; x_wconf 80' lang='grc' dir='ltr'>οὺχ</span> <span class='ocrx_word' id='word_1_776' title='bbox 2554 5546 2732 5611; x_wconf 73' lang='grc' dir='ltr'>ἕξουσί</span> <span class='ocrx_word' id='word_1_777' title='bbox 2769 5565 2819 5597; x_wconf 85' lang='grc' dir='ltr'><strong>τι</strong></span> <span class='ocrx_word' id='word_1_778' title='bbox 2868 5546 3046 5609; x_wconf 80' lang='grc' dir='ltr'>πλέον,</span> <span class='ocrx_word' id='word_1_779' title='bbox 3089 5547 3261 5599; x_wconf 86' lang='grc' dir='ltr'>πάντα</span> <span class='ocrx_word' id='word_1_780' title='bbox 3304 5545 3448 5596; x_wconf 70' lang='grc' dir='ltr'>ἔνδον</span> <span class='ocrx_word' id='word_1_781' title='bbox 3486 5544 3836 5609; x_wconf 72' lang='grc' dir='ltr'>συνάγςντες’</span> <span class='ocrx_word' id='word_1_782' title='bbox 3890 5541 3976 5590; x_wconf 63' lang='grc' dir='ltr'>καὶ</span> 
     </span>
    </p>
   </div>
   <div class='ocr_carea' id='block_1_114' title="bbox 2429 5633 3978 5708">
    <p class='ocr_par' dir='ltr' id='par_1_114' title="bbox 2429 5633 3978 5708">
     <span class='ocr_line' id='line_1_114' title="bbox 2429 5633 3978 5708; baseline -0.006 -20"><span class='ocrx_word' id='word_1_783' title='bbox 2429 5639 2734 5708; x_wconf 67' lang='grc' dir='ltr'>παραφέρει</span> <span class='ocrx_word' id='word_1_784' title='bbox 2766 5639 3002 5706; x_wconf 74' lang='grc' dir='ltr'>ἱστορίαν</span> <span class='ocrx_word' id='word_1_785' title='bbox 3049 5638 3310 5690; x_wconf 72' lang='grc' dir='ltr'>παλαιάν·</span> <span class='ocrx_word' id='word_1_786' title='bbox 3345 5638 3390 5688; x_wconf 73' lang='grc' dir='ltr'>οἱ</span> <span class='ocrx_word' id='word_1_787' title='bbox 3419 5635 3525 5704; x_wconf 68' lang='grc' dir='ltr'><strong>γὰρ</strong></span> <span class='ocrx_word' id='word_1_788' title='bbox 3551 5635 3684 5685; x_wconf 55' lang='grc' dir='ltr'>ποὶὶ</span> <span class='ocrx_word' id='word_1_789' title='bbox 3722 5633 3978 5696; x_wconf 67' lang='grc' dir='ltr'>συνάγον-</span> 
     </span>
    </p>
   </div>
   <div class='ocr_carea' id='block_1_115' title="bbox 2428 5723 3978 5799">
    <p class='ocr_par' dir='ltr' id='par_1_115' title="bbox 2428 5723 3978 5799">
     <span class='ocr_line' id='line_1_115' title="bbox 2428 5723 3978 5799; baseline -0.007 -16"><span class='ocrx_word' id='word_1_790' title='bbox 2428 5747 2536 5791; x_wconf 84' lang='grc' dir='ltr'>τες,</span> <span class='ocrx_word' id='word_1_791' title='bbox 2567 5729 2626 5780; x_wconf 69' lang='grc' dir='ltr'>οὔ</span> <span class='ocrx_word' id='word_1_792' title='bbox 2662 5731 2847 5799; x_wconf 76' lang='grc' dir='ltr'>μεῖζον</span> <span class='ocrx_word' id='word_1_793' title='bbox 2877 5729 2981 5782; x_wconf 83' lang='grc' dir='ltr'>τῶν</span> <span class='ocrx_word' id='word_1_794' title='bbox 3025 5730 3240 5782; x_wconf 72' lang='grc' dir='ltr'>ἔλαττον</span> <span class='ocrx_word' id='word_1_795' title='bbox 3291 5730 3485 5798; x_wconf 79' lang='grc' dir='ltr'>μέτρον</span> <span class='ocrx_word' id='word_1_796' title='bbox 3517 5726 3856 5792; x_wconf 59' lang='grc' dir='ltr'>συναγόντων</span> <span class='ocrx_word' id='word_1_797' title='bbox 3894 5723 3978 5772; x_wconf 78' lang='grc' dir='ltr'><strong>εὑ-</strong></span> 
     </span>
    </p>
   </div>
   <div class='ocr_carea' id='block_1_116' title="bbox 2437 5811 3975 5893">
    <p class='ocr_par' dir='ltr' id='par_1_116' title="bbox 2437 5811 3975 5893">
     <span class='ocr_line' id='line_1_116' title="bbox 2437 5811 3975 5893; baseline -0.008 -19"><span class='ocrx_word' id='word_1_798' title='bbox 2437 5822 2678 5892; x_wconf 71' lang='grc' dir='ltr'>ρίσκοντο</span> <span class='ocrx_word' id='word_1_799' title='bbox 2730 5823 2961 5891; x_wconf 74' lang='grc' dir='ltr'>Ξγοντες,</span> <span class='ocrx_word' id='word_1_800' title='bbox 3013 5823 3110 5893; x_wconf 71' lang='grc' dir='ltr'>τὴν</span> <span class='ocrx_word' id='word_1_801' title='bbox 3148 5823 3445 5888; x_wconf 61' lang='grc' dir='ltr'>ἀπληστίαν</span> <span class='ocrx_word' id='word_1_802' title='bbox 3483 5819 3657 5870; x_wconf 65' lang='grc' dir='ltr'>αὐτῶν</span> <span class='ocrx_word' id='word_1_803' title='bbox 3698 5816 3789 5868; x_wconf 62' lang='grc' dir='ltr'>τοὶ</span> <span class='ocrx_word' id='word_1_804' title='bbox 3843 5811 3975 5865; x_wconf 67' lang='grc' dir='ltr'><strong>Θεοῖ</strong></span> 
     </span>
    </p>
   </div>
  </div>
