4218 6448
228 408 338 475 ’1-3ιὲ

1343 398 1423 460 ΙΝ
1460 399 1692 459 EPIST.
1736 399 1834 457 AD
1874 398 2230 459 CORINTH.
2274 398 2353 459 II.

3346 399 3455 465 750

228 524 436 593 ταύτην
464 521 799 586 κολάζοντος.
838 519 1021 572 Ταῦτα
1058 518 1116 571 δὲ
1140 516 1307 584 λέγει,
1347 515 1465 585 ἅμα
1510 516 1604 567 καὶ
1638 512 1789 581 φοϐί-
1818 526 1864 582 Α
1893 559 1894 563 η

1785 526 1864 582 ιΑ
1893 527 2012 565 rum
2063 512 2528 567 insatiabilitatem
2590 513 2833 582 ipsorum
2907 515 3172 569 multante
3215 514 3279 566 “.
3328 514 3451 569 llzec

230 619 341 681 ζων
367 615 562 677 αὐτοὺς
614 614 722 667 ἀπὸ
757 613 866 665 τῶν
909 612 1029 666 τότε
1059 608 1386 680 γενομένων,
1437 606 1533 661 καλ⁴
1582 604 1784 657 πείθων

234 707 485 779 μηδαμοῦ
518 707 614 760 τοῦ
640 705 880 769 πλείονος
915 702 1185 774 ἐφίεσθαι.

313 913 334 946 ι
368 894 541 964 Χάρις
570 892 625 945 δὲ
644 892 722 962 τῷ
752 891 870 962 Θεῷ
898 890 976 961 τῷ
1000 890 1191 943 διδόντι
1233 889 1330 959 τὴν
1360 887 1530 957 αὑτὴν
1553 886 1789 959 σπουδὴν

232 984 377 1055 ὑπὲρ
406 983 562 1053 ὑμῶν
593 986 649 1037 ὲν
678 987 745 1055 τῇ
780 982 978 1052 καρδία
1008 982 1167 1035 Τίτου
1188 997 1202 1011 ο
1230 982 1311 1034 ὅτι
1356 978 1455 1049 τὴν
1488 980 1586 1049 μὲν
1610 980 1793 1050 παρά-

234 1078 428 1147 κλησιν
470 1077 708 1142 ἐδέξατο,
749 1074 1160 1146 σπουδαιότερος
1192 1074 1249 1127 δὲ
1292 1070 1573 1141 ὑπάρχων,
1604 1069 1789 1125 αὐθαί-

234 1182 391 1243 ρετος
418 1169 605 1240 ἐξῆλθε
628 1167 766 1238 πρὸς
792 1167 955 1237 ὑμᾶς.
986 1187 1005 1219 ο

319 1338 534 1409 Ἐπειδὴ
569 1337 698 1410 περὶ
749 1338 1117 1409 έλεημοσύνης
1169 1336 1437 1409 διελέχθη,
1481 1334 1791 1404 διαλέγεται

233 1433 419 1486 λοιπὸν
454 1431 548 1484 καὶ
594 1431 733 1502 ὑπὲρ
767 1431 877 1484 τῶν
916 1430 1219 1500 μελλόντων
1248 1430 1543 1501 λαμϐάνειν
1568 1428 1635 1482 τά
1667 1430 1794 1499 χρήο

236 1535 401 1591 ματα,
435 1523 526 1573 καὶ
553 1520 911 1592 ἀποκομίζειν
947 1520 1112 1576 αὑτὰ.
1143 1521 1313 1574 Τοῦτο
1344 1521 1452 1591 γὰρ
1494 1520 1794 1590 προτρέπε-

230 1627 325 1664 ται
354 1611 489 1682 πρὺς
513 1612 571 1663 τὸ
607 1611 776 1664 πλείω
806 1611 1028 1680 ποιῆσαι
1065 1610 1164 1680 τὴν
1196 1609 1504 1682 προθυμίαν
1542 1609 1651 1662 τῶν
1682 1611 1794 1661 εἰσ-

232 1703 525 1774 φερόντων.
567 1704 625 1756 Ὀ
650 1704 758 1772 γάρ
803 1702 1025 1773 θαρρὦ
1065 1704 1206 1774 ὑπὲρ
1259 1702 1353 1756 τοῦ
1394 1702 1789 1765 διακονοῦντος,

234 1796 327 1847 καὶ
359 1795 434 1865 μὴ
467 1794 789 1847 ὑποπτεύων
814 1794 1000 1858 αὑτὸν,
1037 1795 1178 1865 μετά
1235 1793 1480 1854 πλείονος
1528 1792 1668 1845 αὑτὰ
1694 1791 1791 1859 τῆς

230 1882 515 1951 δαψιλείας
539 1882 864 1937 ἐπιδίδωσιν.

306 1977 379 2029 Ἦ
409 1976 508 2046 τὴν
537 1976 673 2047 ὑπὲρ
712 1976 1153 2030 Θεσσαλονικέων
1198 1974 1375 2045 ἔσχεν,
1412 1974 1445 2046 ἢ
1478 1975 1577 2045 τὴν
1623 1974 1793 2044 αὑτὴν

231 2067 378 2138 ἐμοί.

307 2178 329 2211 ι
358 2158 790 2231 Συνεπέμψαμεν
828 2160 883 2212 δὲ
925 2159 1043 2229 μετ’
1073 2157 1239 2212 αὑτοῦ
1272 2156 1363 2212 τὸν
1395 2156 1642 2225 ἀδελφὸν,
1673 2150 1733 2209 οῦ
1765 2156 1794 2208 ὁ

230 2252 456 2317 ἔπαινος
495 2254 555 2305 έν
598 2254 675 2323 τῷ
706 2250 1019 2321 Εὑαγγελίῳ
1051 2251 1139 2306 διὰ
1193 2249 1384 2305 πασῶν
1421 2249 1529 2303 τῶν
1565 2247 1793 2315 Ἐκκλη-

232 2362 386 2397 σιων.
427 2364 446 2395 ι

304 2435 415 2489 Καὶ
442 2433 523 2498 τίς
560 2427 735 2500 οὗτος,
778 2433 812 2504 ἢ
841 2431 1091 2504 πηλίκος,
1122 2427 1184 2488 οῦ
1215 2432 1310 2486 καὶ
1346 2431 1446 2503 τὴν
1468 2431 1667 2502 πρᾶξιν
1698 2447 1793 2500 ση-

234 2525 441 2597 μαίνει,
465 2526 749 2582 ἐπαινετὸν
792 2524 954 2580 αὑτὸν
992 2527 1058 2579 ἐκ
1098 2516 1194 2579 τοῦ
1225 2522 1679 2591 εὐαγγελίζεσθαι
1703 2520 1792 2574 λέ-

228 2629 381 2688 70w;
414 2618 572 2682 Τινὲς
615 2618 707 2673 τὸν
731 2618 946 2672 Λουκᾶν
981 2634 1135 2686 φασι,
1165 2617 1311 2680 τινὲς
1348 2617 1447 2670 τὸν
1470 2614 1755 2688 Βαρνάϐαν
1774 2630 1790 2645 ⁶

231 2710 332 2764 καὶ
359 2708 465 2780 γὰρ
492 2709 553 2763 τὸ
579 2707 826 2781 ἄγραφον
856 2710 1120 2781 κήρυγμα
1147 2708 1209 2763 τὸ
1230 2707 1563 2777 Εὑαγγέλιόν
1589 2707 1755 2761 ἐστιν.

312 2903 333 2935 ι
361 2886 436 2937 Ού
471 2898 628 2955 μονον
659 2884 737 2949 δὲ,
787 2883 926 2939 ἀλλὰ
971 2887 1065 2938 καὶ
1111 2883 1506 2955 χειροτονηθεὶς
1536 2884 1640 2939 ὑπὸ
1683 2883 1792 2938 τῶν

244 2977 605 3047 Ἐκκλησιῶν,
633 2976 966 3047 συνέκδημος
1004 2975 1161 3047 ἡμῶν
1210 2977 1267 3029 ὲν
1290 2980 1355 3048 τῇ
1386 2977 1568 3048 χάριτι
1621 2975 1796 3049 ταύτῃ

231 3071 301 3139 τῇ
332 3068 722 3139 διακονουμένῃ
754 3068 844 3137 ὑφ’
874 3068 1031 3140 ημῶν
1059 3069 1199 3140 πρὸς
1239 3069 1338 3140 τὴν
1382 3068 1543 3122 αὑτοῦ
1586 3069 1793 3140 Κυρίου

1891 618 2055 673 porro
2094 605 2190 667 ait,
2228 612 2287 657 ut
2326 619 2422 659 eos
2452 606 2728 659 territaret
2760 622 2825 659 ex
2861 604 2929 659 iis
2968 620 3089 675 qua:
3147 613 3279 659 tunc
3310 608 3452 660 acci-

1889 693 2107 760 derant,
2149 710 2362 765 unaque
2403 694 2658 752 suaderet
2688 712 2755 752 ne
2788 697 2931 751 ultra
2972 712 3136 767 quam
3181 708 3278 767 pa‘r
3306 708 3453 753 esset

1891 786 2291 843 desiderarent.

1968 874 2127 954 1M
2169 878 2335 936 Vens.
2368 882 2452 943 16,
2490 881 2574 934 f7.
2628 899 2646 932 ι
2685 880 2899 937 Gratias
2947 890 3128 937 autem
3190 880 3319 948 Deo,
3358 884 3455 952 qui

1892 972 2038 1027 dedit
2074 973 2321 1027 eannlem
2375 973 2801 1028 sollicitudinem
2850 988 2945 1042 pro
2986 974 3142 1029 vobis
3191 976 3247 1027 in
3291 975 3455 1029 corde

1895 1063 2024 1118 Titi.
2054 1064 2320 1131 Quoniam
2358 1065 2800 1120 exhortationem
2828 1066 3040 1135 quidem
3068 1065 3331 1136 suscepit,
3358 1064 3453 1120 sed

1893 1171 2015 1210 cum
2057 1157 2347 1212 sollicitior
2385 1165 2554 1222 esset,
2603 1173 2700 1213 sua
2730 1158 3016 1212 voluntate
3058 1157 3337 1228 profectus
3370 1166 3455 1211 est

1892 1243 1959 1297 ad
1996 1260 2113 1300 vos.
2148 1262 2171 1299 a’

1966 1336 2257 1408 Postquam
2296 1338 2365 1393 de
2409 1338 2763 1411 elecmosyna
2791 1338 2952 1399 dixit,
2988 1334 3245 1406 deinceps
3282 1336 3456 1409 loqui-

1893 1436 1983 1482 tur
2034 1429 2101 1483 de
2138 1429 2205 1484 iis
2238 1429 2333 1499 qui
2384 1431 2645 1499 pecunias
2702 1430 2980 1503 accepturi
3024 1436 3202 1491 erant,
3253 1443 3455 1497 easque

1894 1522 2182 1591 gestaturi.
2219 1521 2333 1576 Hoc
2370 1523 2519 1576 enim
2550 1522 2754 1577 excitat
2796 1522 2860 1575 ad
2909 1521 3213 1590 augendam
3258 1521 3456 1574 alacri-

1896 1618 2061 1665 tatem
2086 1625 2276 1665 eorum
2300 1612 2395 1681 qui
2429 1612 2598 1667 velint
2629 1613 2916 1683 impertiri.
2946 1611 3082 1665 Nam
3116 1613 3206 1681 qui
3234 1611 3459 1666 conﬁdit

1896 1704 2173 1766 ministro,
2228 1714 2329 1757 nec
2376 1718 2501 1757 eum
2558 1715 2869 1772 suspectum
2912 1703 3097 1769 habet,
3133 1703 3327 1781 majori
3363 1717 3458 1757 eas

1899 1796 2223 1850 Dheralitate
2257 1794 2507 1864 largitur.

1966 1987 2083 2054 Qua
2135 1989 2220 2042 vel
2265 2002 2392 2058 erga
2442 1986 2962 2043 Tliessa'lonicctrses
2997 2026 3013 2050 ,
3062 1989 3143 2042 vel
3194 2002 3324 2058 erga
3375 2003 3463 2045 me

1897 2080 2124 2136 affectus
2163 2089 2270 2136 est.

1969 2172 2131 2229 Vens.
2166 2173 2253 2228 18.
2294 2193 2314 2225 ‹
2350 2173 2597 2230 Misimus
2637 2183 2818 2228 autem
2876 2190 3000 2229 cum
3051 2174 3146 2229 illo
3199 2173 3458 2242 fratrem,

1893 2268 2056 2338 cujus
2108 2268 2229 2322 laus
2270 2277 2355 2323 est
2412 2267 2466 2322 in
2518 2266 2811 2339 Evangelio
2871 2284 2967 2339 per
3027 2283 3220 2324 omnes
3270 2267 3463 2325 Eccle-

1896 2361 2026 2415 sias.
2055 2378 2075 2411 ι

1964 2452 2099 2520 Quis
2126 2468 2314 2522 porro,
2345 2452 2594 2524 qualisve
2632 2452 2724 2508 hic
2765 2451 2887 2517 fuit,
2934 2452 3094 2522 cujus
3120 2454 3285 2507 etiam
3327 2469 3461 2525 ope-

1895 2555 2011 2596 ram
2048 2540 2343 2611 signiﬁcat,
2377 2542 2507 2595 dum
2536 2543 2633 2605 ait,
2664 2542 2931 2598 celebrem
2962 2542 3111 2597 illum
3131 2558 3255 2599 esse
3279 2542 3463 2601 Evan-

1894 2632 2022 2704 gelii
2064 2632 2486 2703 praedicatione?
2518 2631 2759 2699 lQuidam
2795 2633 2995 2689 Lucam
3021 2634 3218 2689 dicunt
3264 2636 3461 2708 indigi-

1895 2728 1998 2781 tari
2034 2742 2049 2780 :
2090 2726 2395 2782 Barnabam
2426 2727 2541 2781 alii.
2571 2716 2825 2783 Profecto
2855 2726 3204 2799 Evangelium
3262 2729 3460 2799 praedi—

1895 2816 2043 2871 catio
2062 2827 2146 2871 est
2166 2816 2363 2873 litteris
2397 2832 2508 2873 non
2535 2826 2783 2873 exarata.

1969 2904 2133 2962 Vitas.
2173 2900 2259 2971 19,
2295 2907 2385 2961 20.
2428 2926 2446 2959 ι
2476 2906 2595 2961 Non
2627 2907 2805 2963 solum
2838 2916 3048 2972 autem,
3082 2911 3179 2967 sed
3220 2921 3275 2966 et
3313 2914 3462 2967 ordi-

1896 3007 2058 3055 natus
2096 3002 2180 3055 est
2226 2999 2295 3054 ab
2329 3000 2597 3056 Ecclesiis
2625 3016 2812 3057 comes
2862 3003 3321 3073 peregrinationis
3362 3023 3461 3060 no-

1896 3099 2043 3157 stne,
2077 3092 2131 3146 in
2166 3091 2306 3145 hanc
2330 3092 2587 3163 gratiam,
2622 3108 2745 3164 qum
2776 3095 3121 3150 ministratur
3150 3112 3179 3149 a
3209 3098 3367 3152 nobis
3393 3100 3460 3153 ad

233 3159 414 3227 δόξαν,
452 3160 549 3214 καὶ
577 3158 884 3230 προθυμίαν
915 3159 1095 3231 ἡμῶν,
1131 3160 1474 3229 στελλόμενοι
1505 3158 1681 3213 τοῦτο.
1715 3178 1735 3212 ι
1822 3211 1867 3268 c

1822 3211 1867 3268 ο
1901 3181 2073 3253 ipsius
2120 3158 2357 3237 Domini'
2380 3158 2724 3253 glOriain,-et
2749 3184 3076 3241 destinatam
3129 3188 3458 3245 voluntatem

250 3414 255 3419 ,
320 3365 453 3417 Ἀπὸ
483 3363 674 3417 τούτου
709 3365 858 3417 ἐστὶν
897 3366 1195 3436 αἰδέσιμος,
1232 3368 1313 3419 ὃτι
1342 3366 1625 3434 κηρύττων
1652 3367 1797 3420 εὐδο-

235 3457 405 3526 κιμεί.

312 3564 332 3599 ι
360 3548 451 3618 Μή
482 3563 567 3610 τις
592 3548 740 3618 ἡμᾶς
781 3548 1116 3619 μωμήσηται
1148 3549 1209 3601 ἐν
1233 3551 1300 3620 τῇ
1333 3550 1587 3621 ἁδρότητι
1621 3550 1795 3626 ταύτῃ

236 3644 301 3715 τῇ
326 3642 720 3714 διακονουμένῃ
756 3642 1053 3714 ὑφ”ήμῶη
1108 3644 1496 3716 προνοούμενοι
1538 3646 1699 3712 καλά,
1733 3648 1792 3701 οὑ

239 3738 398 3805 μόνον
430 3732 661 3787 ἐνώπιον
686 3734 913 3804 Κυρίου,
935 3733 1073 3790 ἀλλά
1090 3734 1189 3788 καὶ
1217 3734 1446 3788 ἐνώπιον
1470 3736 1793 3808 ἀνθρώπων.

239 3825 670 3894 Συνεπέμψαμεν
699 3823 757 3877 δὲ
782 3825 965 3885 αὐτοῖς
990 3823 1084 3876 τὸν
1126 3823 1355 3893 ἀδελφὺν
1383 3825 1559 3896 ἡμῶν,
1593 3827 1654 3881 δν
1680 3829 1795 3882 ἐδο-

237 3918 553 3986 κιμάσαμεν
585 3918 645 3969 ἐν
665 3916 880 3978 πολλοῖς
906 3914 1170 3979 πολλάκις
1198 3918 1484 3970 σπουδαῖον
1503 3917 1654 3985 ὄντα,
1676 3920 1797 3973 νυνὶ

234 4010 292 4065 δὲ
333 4009 473 4062 πολὺ
513 4008 947 4078 σπουδαιότερον,
1010 4010 1331 4080 πεποιθήσει
1386 4010 1554 4083 πολλῇ
1598 4015 1666 4083 τῇ
1715 4015 1795 4077 είς

237 4101 400 4171 ὑμᾶς,
427 4100 536 4153 εἴτε
565 4100 705 4169 ὑπὲρ
742 4098 900 4153 Τίτου
934 4100 1188 4165 κοινωνὸς
1232 4102 1385 4171 ἐμὸς,
1422 4103 1515 4156 καὶ
1546 4104 1627 4167 είς
1646 4104 1790 4174 ὑμᾶς

238 4193 517 4262 συνεργὸς,
547 4191 657 4244 εἴτε
684 4192 900 4260 ἀδελφοὶ
925 4190 1083 4262 ἡμῶν
1107 4192 1396 4248 ἀπόστολοι
1429 4193 1789 4265 Ἐκκλησιῶν,

235 4282 360 4349 δόξα
390 4281 649 4353 Χριστοῦ.
687 4300 706 4334 ι

305 4374 406 4427 Διά
435 4372 593 4425 τοῦτο
635 4373 905 4437 τοιούτους
936 4374 1064 4444 ὑμῖν
1103 4375 1453 4446 ἐπέμψαμεν,
1488 4378 1674 4447 φησὶν,
1706 4377 1793 4431 ἵνα

239 4466 314 4536 μὴ
342 4483 428 4528 τις
452 4464 735 4537 ὑποπτεύῃ,
756 4464 853 4535 τὴν
887 4466 1159 4521 διακονίαν
1206 4470 1383 4538 ἡμῶν,
1412 4469 1487 4533 ὡς
1520 4470 1795 4540 παρακλε-

239 4558 481 4612 πτόντων
519 4557 676 4629 ἡμῶν
706 4558 870 4629 μέρος
888 4575 941 4610 τι
972 4557 1083 4611 τῶν
1105 4561 1423 4631 χρημάτων.

312 4671 333 4705 ι
371 4653 485 4725 Τὴν
535 4648 628 4706 οῦν
661 4652 883 4716 ἔνδειξιν
915 4652 1015 4722 τῆς
1045 4653 1264 4724 ἀγάπης
1296 4655 1470 4725 ὑμῶν,
1507 4656 1600 4709 καὶ
1634 4657 1791 4727 ήμῶν

234 4745 553 4814 καυχήσεως
597 4741 738 4808 ὑπὲρ
783 4739 957 4810 ὑμῶν,
1002 4740 1083 4801 είς
1110 4739 1332 4803 αὐτοὺς
1377 4740 1678 4808 ἐνδείξασθε
1712 4746 1789 4808 είς

232 4835 527 4904 πρόσωπον
548 4831 654 4885 τῶν
688 4828 1043 4900 Ἐκκλησιῶν.
1073 4848 1092 4879 ι

301 4921 474 4975 Τοῦτο
521 4920 631 4989 γὰρ
675 4920 812 4976 ἐστι,
858 4920 1043 4988 φησὶν,
1075 4921 1103 4971 ὀ
1131 4918 1242 4987 βίος
1286 4921 1493 4984 αὑτοῖς,
1521 4921 1661 4974 ὥστε
1700 4923 1792 4975 τὸν

232 5013 465 5086 Χριστὸν
494 5011 558 5064 δι’
588 5008 766 5064 αὐτῶν
789 5009 1124 5074 δοξάζεσθαι.
1159 4998 1385 5081 Ὅμοιον
1420 5012 1476 5065 δὲ
1506 5012 1603 5082 τῷ,
1632 5019 1790 5083 Aa”-

231 5107 403 5173 ψάτω
441 5103 509 5157 τὸ
551 5103 675 5171 φῶς
712 5100 876 5170 ὑμῶν
911 5101 1251 5170 ἔμπροσθεν
1290 5102 1410 5156 τῶν
1444 5104 1791 5173 ἀνθρώπων,

233 5197 395 5260 ὅπως
445 5193 617 5246 Ιόωσι
661 5194 733 5246 τὰ
775 5193 929 5246 καλὰ
956 5193 1099 5262 ἔργα
1128 5193 1314 5263 ὑμῶν,
1342 5196 1440 5249 καὶ
1488 5192 1794 5261 δοξάσωσι

232 5289 339 5342 τὸν
360 5284 593 5353 Πατέρα
626 5283 809 5353 ὑμῶν,
846 5283 952 5337 τὸν
979 5286 1049 5339 ἐν
1078 5285 1200 5351 τοῖς
1227 5288 1525 5355 οὐρανοῖς.
1555 5289 1703 5360 ’Ἀμα
1736 5297 1793 5350 δὲ

231 5378 328 5431 καὶ
359 5376 491 5429 ἄλλο
527 5393 581 5429 τι
611 5375 802 5446 δηλοῦν
833 5374 1112 5445 βούλεται’
1152 5376 1238 5439 Ὠς
1257 5377 1520 5449 ἀδελφοὺς
1550 5381 1793 5452 δέξασθε,

236 5468 421 5537 φησιν,
455 5468 530 5530 ὡς
570 5466 901 5531 ἀποστόλους
934 5466 1039 5520 τῶν
1079 5468 1443 5539 Ἐκκλησιῶν,
1474 5473 1549 5537 ὡς
1585 5476 1664 5539 εἰς
1709 5477 1792 5531 δό.

237 5563 334 5628 ξαν
366 5560 462 5613 τοῦ
509 5559 768 5630 Χριστοῦ,
799 5559 876 5623 ὡς
900 5560 994 5612 καὶ
1030 5563 1186 5627 ὑμεῖς
1231 5563 1312 5625 είς
1352 5563 1508 5630 δόξαν
1530 5567 1626 5620 τοῦ
1660 5570 1794 5640 Χρι.

239 5653 363 5709 om?)
395 5651 693 5713 ποιοῦντες.
722 5652 811 5705 Διὸ
847 5651 941 5705 καὶ
964 5652 1193 5719 ἐπάγει·
1240 5657 1283 5708 Τ
1283 5655 1358 5722 ὴν
1388 5652 1500 5711 οὖν
1536 5657 1795 5727 ἔνδειξιν

240 5743 346 5815 τῆς
371 5744 606 5813 ἀγάπης
635 5744 818 5815 ὑμῶν.

312 5865 359 5897 ⁸⁸
389 5865 558 5923 Exod.
595 5883 706 5934 XVI,
737 5867 799 5923 18
896 5870 939 5899 ⁸⁵
972 5868 1160 5923 Matth.
1190 5886 1239 5935 γ,
1284 5867 1372 5922 16.

1900 3280 2143 3327 nostram
2180 3291 2193 3326 :
2229 3274 2540 3331 devitantes
2577 3276 2699 3330 hoc.
2732 3297 2750 3328 ι

1969 3362 2045 3417 Ex
2076 3362 2181 3418 hoc
2203 3365 2387 3435 capite
2424 3367 2785 3423 veneratione
2817 3368 3018 3440 dignus
3050 3371 3142 3427 ille
3179 3379 3284 3437 est,
3314 3374 3461 3443 quod

1899 3455 2248 3524 praedicando
2281 3456 2547 3527 probatus
2574 3458 2756 3513 fuerit.

1973 3566 1992 3597 ‹
2021 3536 2099 3603 Ne
2124 3549 2249 3618 quis
2286 3564 2387 3603 nos
2414 3549 2688 3619 vituperet
2732 3552 2785 3604 in
2817 3552 2920 3606 hac
2966 3554 3302 3625 plenitudine
3337 3574 3459 3628 qua!

1898 3638 2242 3694 ministratur
2266 3656 2295 3693 a
2326 3640 2516 3707 nobis;
2557 3639 2937 3713 [Vsas.21-25
2995 3646 3087 3714 qui
3115 3648 3461 3716 providemus

1897 3731 2039 3785 bona
2067 3746 2181 3785 non
2208 3732 2386 3786 solum
2418 3747 2601 3787 coram
2644 3732 2893 3802 Domino,
2937 3736 3031 3791 sed
3078 3738 3239 3792 etiam
3274 3756 3460 3797 coram

1898 3820 2232 3877 hominibus.
2272 3823 2523 3879 Misimus
2572 3834 2753 3880 autem
2794 3842 2918 3882 cum
2974 3828 3088 3884 illis
3135 3840 3189 3885 et
3232 3831 3457 3889 fuatrem

1896 3920 2168 3979 nostrum,
2198 3930 2359 3984 quem
2395 3916 2746 3985 probavimus
2771 3919 2825 3972 in
2877 3921 3067 3976 multis
3118 3937 3261 3993 saepe
3309 3924 3459 3978 solii-

1895 4004 2065 4058 citum
2105 4022 2261 4068 esse;
2291 4022 2441 4061 nunc
2478 4016 2659 4063 autem
2693 4011 2868 4065 multo
2895 4012 3290 4079 sollieitiorem,
3322 4032 3459 4068 con-

1897 4095 2119 4150 ﬁdentia
2153 4098 2323 4152 multa
2353 4100 2407 4154 in
2435 4115 2552 4165 vos,
2580 4102 2700 4156 sive
2726 4115 2824 4171 pro
2851 4102 3003 4167 Tito,
3037 4106 3130 4175 qui
3156 4114 3240 4160 est
3276 4108 3462 4165 socius

1896 4205 2070 4249 meus.
2100 4198 2156 4244 et
2188 4191 2245 4245 in
2281 4206 2379 4247 vos
2418 4192 2659 4263 adjutor,
2702 4194 2819 4249 sive
2862 4192 3061 4251 fratres
3102 4199 3283 4270 nostri
3329 4213 3462 4268 apo.

1895 4281 2020 4338 stoli
2054 4280 2448 4348 Ecclesiarum,
2479 4286 2650 4355 gloria
2679 4285 2905 4342 Christi.
2940 4305 2960 4338 ι

1964 4373 2093 4428 Ideo
2130 4374 2400 4443 ejusmodi
2447 4376 2598 4431 viros
2648 4376 2902 4433 misimus
2936 4378 3112 4440 vobis,
3160 4379 3358 4450 inquit,
3392 4396 3465 4442 ne

1896 4466 2021 4536 quis
2052 4476 2366 4535 suspectum
2403 4468 2601 4523 habeat
2624 4469 2986 4525 ministerium
3011 4480 3286 4540 nostrum,
3317 4490 3384 4530 ac
3412 4478 3461 4531 si

1818 4545 1873 4605 D
1898 4556 2142 4626 pecunia!
2164 4568 2368 4627 partem
2393 4556 2716 4612 suﬂ'uraturi
2745 4573 3016 4614 essemus.

1969 4645 2135 4702 Vens.
2163 4648 2256 4704 24.
2290 4666 2308 4699 ι
2338 4646 2716 4704 Ostensionem
2766 4664 2897 4720 ergo
2942 4650 3226 4708 charitatis
3268 4662 3463 4707 vestrae

1897 4749 1950 4795 et
1975 4740 2168 4809 gloria:
2208 4749 2410 4796 nostrae
2442 4754 2541 4811 pro
2587 4740 2763 4807 vobis,
2822 4741 2878 4796 in
2924 4743 3049 4798 illos
3080 4744 3353 4800 ostendite
3407 4747 3462 4800 in

1900 4830 2093 4885 faciem
2126 4830 2515 4885 Ecclesiarum.
2548 4850 2569 4883 ι

1974 4924 2048 4977 Ea
2084 4934 2168 4979 est
2219 4924 2461 4989 illorum,
2511 4924 2709 4997 inquit,
2764 4926 2887 4981 vitae
2940 4926 3103 4991 ratio,
3142 4926 3217 4980 ita
3266 4934 3326 4981 ut
3366 4942 3464 4997 per

1903 5017 2053 5086 ipsos
2086 5015 2342 5070 Christus
2373 5017 2703 5073 celebretur.
2738 5018 3024 5073 Consimili
3074 5033 3205 5073 vero
3255 5018 3463 5072 ratione

1899 5109 2102 5163 dictum
2122 5115 2207 5161 est
2231 5125 2245 5164 :
2274 5107 3285 5172 Luceatluxvestrtcoramhominibus,
3308 5126 3364 5164 ut
3390 5113 3460 5163 vi-

1904 5200 2061 5254 deant
2079 5216 2236 5269 opera
2259 5212 2430 5255 vestra
2447 5202 2599 5264 bona,
2617 5210 2666 5255 et
2682 5202 2975 5271 gloriﬁcent
2999 5199 3212 5254 Patrem
3234 5212 3459 5254 vestrum

1900 5294 1989 5362 qui
2019 5292 2077 5347 in
2111 5293 2257 5347 caelis
2287 5302 2365 5348 est
2396 5294 2460 5348 ".
2496 5292 2637 5360 Quin
2671 5302 2727 5349 et
2775 5295 2918 5350 aliud
2956 5293 3089 5364 quid
3128 5294 3243 5348 vult
3288 5295 3461 5365 signi-

1904 5385 2105 5440 ficare:
2140 5384 2231 5441 Uti
2260 5384 2456 5441 fratres
2483 5401 2578 5442 eos
2618 5387 2870 5457 excipite,
2906 5385 3104 5455 inquit,
3135 5385 3277 5439 sicut
3323 5400 3461 5457 apo—

1899 5480 2070 5533 stolos
2117 5478 2508 5545 Ecclesiarum,
2532 5489 2791 5550 tanquam
2826 5478 2893 5531 ad
2935 5478 3163 5549 gloriam
3211 5479 3457 5534 Christi:

1898 5570 2046 5626 velut
2087 5571 2253 5626 etiam
2299 5570 2393 5641 qui
2443 5570 2661 5627 faciatis
2711 5570 2913 5638 aliquid
2968 5575 3189 5638 propter
3229 5570 3459 5638 gloriam

1899 5664 2132 5719 Christi.
2168 5664 2533 5730 Quamobrem
2574 5664 2897 5737 sulijungit:
2945 5660 3305 5717 Ostemionem
3354 5662 3457 5732 igi-

1846 5802 1886 5826 _.‘
1911 5767 1995 5810 tur
2028 5756 2300 5811 charitatis
2334 5768 2528 5811 vestra.
