4218 6448
761 423 867 483 751

1401 537 1550 588 (ZM’.
1611 536 1699 588 ΙΧ.

842 644 1006 701 Vtilis.
1029 647 1140 699 1-5.
1179 665 1196 696 ι
1229 645 1362 699 Nam
1390 647 1456 701 de
1491 647 1818 712 ministerio,
1848 650 1994 717 quod
2029 649 2080 700 iit
2118 653 2169 701 iu
2200 665 2327 702 san-

767 748 907 803 ctos,
935 755 1001 792 ex
1036 739 1337 793 abundanti
1389 749 1472 793 est
1530 743 1661 794 mihi
1697 741 1943 795 scribere
1979 743 2153 796 vobis.
2205 741 2331 796 Seio

767 833 912 883 enim
943 842 1251 900 promptum
1286 835 1530 886 animum
1574 843 1836 893 vestrum,
1876 850 1975 903 pro
2001 851 2110 904 quo
2141 833 2208 888 de
2232 849 2332 887 vo-

771 921 855 974 bis
887 921 1090 989 glorior
1137 923 1277 991 apud
1331 921 1671 977 Macedones.
1725 923 1992 989 Quooiam
2037 934 2091 977 et
2129 926 2332 979 Achaia

773 1022 960 1078 parata
995 1026 1080 1065 est
1109 1015 1174 1065 ab
1228 1029 1373 1068 anno
1428 1018 1723 1083 prasterito,
1751 1028 1800 1068 et
1847 1026 2027 1070 vestra
2060 1018 2334 1072 aemulatio

771 1108 1088 1174 provocavit
1133 1109 1420 1176 plurimos.
1457 1109 1576 1162 Misi
1628 1120 1810 1162 autem
1864 1109 2060 1162 fratres
2111 1119 2202 1173 ιιι,
2269 1125 2335 1165 nc

767 1201 913 1268 quod
951 1198 1105 1269 145
1136 1200 1438 1268 gloriamur
1479 1201 1546 1253 de
1586 1202 1756 1265 vobis,
1785 1212 2083 1254 evanui-tur
2131 1203 2182 1253 in
2235 1201 2334 1255 hac

770 1301 959 1361 parte,
1005 1301 1062 1342 ut
1118 1291 1610 1361 (quemadmodum
1659 1291 1804 1358 dixi)
1837 1292 2011 1362 parati
2055 1293 2175 1345 sitis
2211 1309 2222 1344 :
2267 1308 2336 1346 ne

770 1397 894 1434 cum
919 1382 1173 1434 venerint
1201 1380 1524 1435 Macedones
1559 1396 1790 1447 mecum,
1814 1390 1867 1435 et
1902 1382 2208 1434 invenerint
2239 1397 2334 1434 vos

773 1473 1095 1542 imparatos,
1128 1473 1521 1526 erubescamus
1553 1487 1653 1525 nos
1688 1476 1770 1540 (ιιι
1800 1486 1906 1525 non
1932 1473 2181 1526 dicamus
2215 1474 2333 1542 vos)

770 1567 823 1618 in
863 1567 960 1617 hac
1005 1565 1312 1616 substantia
1364 1565 1731 1633 gloriationis.
1776 1563 2159 1618 Necessarium
2204 1580 2336 1634 ergo

770 1656 1082 1711 existimavi
1119 1671 1312 1725 rogare
1363 1655 1586 1719 fratres,
1629 1666 1687 1708 ut
1743 1655 2078 1724 prwvcniant
2110 1656 2174 1708 ad
2218 1672 2332 1721 vos,

769 1757 824 1809 et
877 1757 1181 1817 prteparent
1248 1748 1636 1815 repromissam
1700 1746 2134 1799 benedictionem
2195 1747 2336 1800 hanc

770 1851 1005 1895 vestram
1039 1847 1281 1910 paratam
1318 1851 1441 1891 esse
1475 1836 1575 1892 sic.
1611 1855 1630 1888 ι

837 2010 1072 2076 Quando
1117 2009 1184 2064 de
1236 2009 1508 2064 charitate
1559 2021 1664 2063 tam
1718 2010 1886 2063 multa
1935 2011 2085 2075 dixi,
2136 2013 2330 2082 inquit,

768 2118 946 2170 opera:
982 2103 1216 2172 pretium
1245 2117 1353 2156 non
1378 2113 1462 2156 est
1495 2113 1553 2155 ut
1579 2104 1814 2157 scribam
1851 2104 2024 2158 vobis.
2049 2106 2126 2158 Ac
2159 2123 2333 2173 neque

769 2197 870 2248 hoc
908 2195 1084 2250 solum
1111 2194 1355 2248 declarat
1381 2194 1554 2264 ipsius
1587 2196 1952 2266 prudentiam.
1987 2196 2079 2250 sed
2103 2206 2156 2252 et
2189 2197 2333 2268 quod

767 2288 962 2340 iterum
1003 2284 1071 2339 de
1097 2285 1284 2339 eadem
1320 2285 1415 2337 ait.

841 2397 859 2429 ι
888 2377 1054 2443 Quasi
1099 2378 1554 2442 benedictionem,
1595 2391 1648 2432 et
1685 2394 1793 2433 non
1846 2387 2107 2449 tanquam
2155 2380 2336 2433 avari-

769 2470 921 2526 tiam.
947 2469 1139 2542 [νειιε.
1161 2469 1308 2532 6-9.i
1341 2469 1452 2523 lloc
1477 2480 1658 2524 autem
1695 2469 1866 2544 [dico]
1897 2487 1908 2520 :
1938 2475 2026 2543 qui
2064 2487 2224 2541 parce
2247 2487 2335 2526 se-

768 2559 963 2623 minat,
1001 2575 1164 2629 parce
1198 2570 1252 2614 et
1305 2565 1470 2614 metet
1514 2578 1530 2614 :
1577 2567 1633 2615 et
1675 2561 1771 2628 qui
1815 2562 2050 2616 seminat
2085 2565 2139 2615 in
2177 2563 2337 2615 bene-

768 2652 1139 2714 dictionibus,
1185 2650 1251 2704 ιιι)
1299 2651 1772 2708 benedictionibus
1821 2661 1875 2707 et
1923 2662 2105 2709 metet.
2159 2653 2338 2708 Unus—

767 2744 1003 2814 quisque
1040 2750 1204 2814 prout
1250 2743 1545 2798 destinavit
1598 2745 1654 2798 in
1711 2745 1876 2800 corde
1936 2761 2062 2810 suo,
2116 2760 2226 2802 non
2272 2763 2336 2801 ex

770 2836 1018 2898 tristitia,
1059 2845 1153 2888 aut
1179 2850 1241 2888 ex
1274 2835 1626 2890 necessitate.
1663 2834 1898 2892 Hilarem
1921 2838 2069 2892 enim
2094 2838 2337 2894 datorem

768 2926 947 2997 diligit
973 2925 1137 2981 Deus.
1176 2925 1377 2981 Potens
1415 2937 1501 2983 est
1549 2939 1732 2983 autem
1787 2927 1932 2984 Deus
1976 2944 2190 2985 onmem
2220 2945 2340 3001 gra-

769 3017 898 3070 tiam
944 3017 1225 3072 abundare
1263 3017 1447 3073 t‘acere
1500 3017 1554 3072 in
1607 3019 1794 3087 vobis;
1857 3028 1916 3073 ut
1972 3020 2027 3074 in
2088 3019 2342 3077 omnibus

770 3124 986 3179 semper
1022 3124 1239 3163 omnem
1282 3109 1657 3165 sumcieutiam
1717 3111 2006 3174 habentes.
2054 3112 2341 3169 abundetis

1912 423 1974 483 S.
2017 421 2336 483 JUANNIS
2377 421 2797 482 DAMASCENI

3879 433 3989 496 752

3032 537 3278 594 ΚΕΦΛΛ.
3321 538 3395 593 Θ⁹.

2503 666 2522 697 ι
2557 649 2690 716 Περὶ
2717 649 2815 719 μὲν
2849 646 2954 719 γὰρ
2984 649 3082 719 τῆς
3104 650 3375 714 διακονίας
3402 651 3501 722 τῆς
3525 653 3605 716 είς
3643 654 3768 717 τοὺς
3798 655 3990 718 ἁγίους

2431 739 2688 808 περισσόν
2721 740 2814 808 μοί
2866 743 2984 792 ἐστι
3014 740 3108 794 τοῦ
3138 741 3368 812 γράφειν
3406 743 3554 812 ὑμῖν.
3587 739 3715 796 Οἶδα
3753 747 3861 814 γάρ
3886 737 3991 816 τὴν

2429 827 2738 900 προθυμίαν
2782 830 2958 901 ὑμῶν,
2995 833 3060 901 ἣν
3111 833 3248 901 ὑπὲρ
3274 831 3428 902 ὑμῶν
3475 833 3760 904 καυχῶμαι
3803 835 3993 889 Μακε-

2430 918 2596 984 δόσιν,
2650 920 2731 974 ὅτι
2773 922 2962 990 Ἀχαΐα
2986 923 3430 994 παρεσκεύασται
3459 923 3565 975 ἀπὸ
3593 925 3810 997 πέρυσι,
3839 929 3932 978 καὶ
3959 930 3994 980 ὁ

2431 1011 2491 1076 ἐξ
2531 1012 2682 1082 ὑμῶν
2709 1011 2867 1081 ζῆλος
2909 1014 3132 1085 ἠρέθισε
3185 1017 3310 1079 τοὺς
3339 1015 3611 1078 πλείονας.
3648 1017 3906 1090 Ἔπεμψα
3929 1020 3992 1074 δὲ

2429 1107 2557 1168 τοῦς
2586 1105 2866 1173 ἀδελφοὺς,
2898 1106 2986 1159 ἶνα
3019 1107 3095 1177 μὴ
3140 1106 3201 1158 τὸ
3247 1107 3509 1180 καύχημα
3559 1107 3712 1182 ὑμῶν
3743 1111 3804 1163 τὸ
3848 1112 3992 1182 ὑπὲρ

2434 1198 2588 1266 ὑμῶν
2616 1198 2826 1269 κενωθῇ
2875 1202 2934 1252 ἐν
2987 1200 3060 1268 τῷ
3105 1199 3259 1270 μέρει
3293 1179 3484 1271 τούτῳ.
3519 1179 3994 1265 Ἴνακαθὼς-εὶιλ

2435 1306 2550 1355 γον,
2585 1292 3083 1360 παρεσκευασμένοι
3137 1288 3266 1362 ἦτεο
3319 1293 3518 1362 μήπως
3545 1294 3640 1346 ἐὰν
3672 1293 3863 1346 ἔλθωσι
3893 1295 3995 1347 σὺν

2435 1379 2558 1448 ἐμοὶ
2608 1381 2933 1444 Μακεδόνες,
2992 1383 3088 1434 καὶ
3141 1380 3376 1452 εὕρωσιν
3417 1382 3558 1452 ὑμᾶς
3605 1384 3997 1453 ἀπαρασκευά-

2435 1488 2627 1536 στους,
2680 1473 3165 1544 καταισχυνθῶμεν
3228 1475 3387 1544 ήμείς
3447 1475 3577 1544 (ἵνα
3622 1476 3700 1546 μὴ
3745 1475 3997 1546 λέγωμεν

2443 1563 2635 1634 ὑμεῖς)
2696 1568 2754 1618 ὲν
2803 1568 2870 1637 τῇ
2924 1566 3216 1620 ὑποστάσει
3271 1568 3442 1639 ταύτῃ
3504 1567 3602 1636 τῆς
3653 1570 3993 1636 καυχήσεως.

2450 1656 2767 1724 Ἀναγκαῖον
2796 1654 2889 1711 οὖν
2935 1660 3229 1730 ἡγησάμην
3274 1659 3654 1729 παρακαλέσαι
3683 1660 3810 1720 τοὺς
3842 1659 4000 1712 ἀδελ·-

2437 1750 2590 1816 φοὺς,
2617 1749 2704 1803 ἵνα
2734 1752 3072 1822 προέλθωσιν
3098 1755 3178 1816 είς
3209 1753 3373 1823 ὑμᾶς,
3401 1754 3492 1805 καὶ
3522 1753 3998 1822 προκαταρτίσωσι

2435 1843 2534 1912 τὴν
2568 1845 3130 1916 προκατηγγελμένην
3157 1845 3410 1913 εὐλογίαν
3441 1844 3595 1916 ὑμῶν
3619 1845 3843 1916 ταύτην,
3867 1845 4002 1897 troi-

2442 1950 2550 2004 μην
2579 1929 2716 1987 εἶναι
2743 1935 2936 1999 οὕτως.
2966 1955 2985 1988 ι

2509 2023 2755 2077 Τοσαῦτα
2794 2027 2921 2097 περὶ
2959 2026 3130 2097 αὐτῆς
3159 2027 3385 2090 εἰπόντι,
3428 2026 3582 2096 φησι,
3615 2025 3868 2096 περιττόν
3905 2041 4001 2094 μοι

2437 2116 2670 2183 γράφειν
2703 2119 2848 2187 ὑμῖν.
2889 2119 2997 2172 Καὶ
3025 2120 3088 2172 ού
3116 2118 3274 2172 τοῦτο
3323 2119 3485 2189 μόνον
3537 2118 3598 2172 τδ
3644 2118 3860 2173 συνετὸν
3897 2116 3999 2171 αὑ-
4061 2166 4066 2170 .

2438 2206 2555 2274 τοῦ,
2588 2209 2724 2263 ἀλλὰ
2747 2213 2841 2265 καὶ
2869 2213 2898 2266 ὃ
2926 2231 2978 2266 τι
3011 2213 3169 2266 πάλιν
3201 2213 3349 2281 λέγει
3382 2214 3509 2284 περὶ
3546 2208 3759 2283 αὐτῆς(

2517 2387 2534 2419 ι
2586 2368 2671 2432 Ὠς
2701 2367 2974 2436 εὐλογίαν,
3008 2370 3104 2422 καὶ
3134 2370 3208 2439 μὴ
3235 2367 3312 2432 ὡς
3353 2368 3687 2434 πλεονεξίαν.
3714 2369 3887 2425 Τοῦτο
3916 2370 4000 2438 δὲ,

2439 2461 2469 2513 ὁ
2523 2461 2760 2531 σπείρων
2812 2461 3161 2530 φειδομένως,
3219 2460 3548 2532 φειδομένως
3604 2462 3697 2516 καὶ
3750 2461 3998 2532 θερίσει·

2441 2552 2534 2605 καὶ
2555 2553 2584 2605 ό
2621 2552 2857 2624 σπείρων
2885 2553 2969 2606 ἐπ’
2990 2553 3281 2621 εὐλογίαις,
3315 2554 3401 2605 ἐπ’
3429 2551 3698 2621 εὐλογίαις
3723 2555 3820 2607 καὶ
3852 2553 4001 2624 θερί-

2444 2663 2548 2700 σει.
2576 2646 2847 2708 Ἕκαστος
2885 2643 3066 2709 καθὼς
3105 2646 3448 2718 προαιρεῖται
3483 2648 3549 2715 τῇ
3580 2644 3796 2722 καρδίᾳ,
3833 2644 3910 2716 μὴ
3937 2646 4003 2698 ὲκ

2441 2737 2639 2806 λύπης,
2687 2735 2724 2806 ἢ
2756 2735 2815 2800 ἐξ
2859 2736 3122 2805 ἀνάγκης.
3178 2735 3383 2805 Ἱλαρὸν
3428 2735 3534 2806 γὰρ
3572 2737 3730 2807 δότην
3761 2739 4005 2808 άγαπᾷδ

2441 2827 2606 2889 Θεός·
2633 2825 2854 2889 δυνατὸς
2893 2825 2950 2878 δὲ
2983 2827 3011 2877 ὁ
3049 2825 3179 2888 Θεὸς
3220 2826 3402 2877 πᾶσαν
3453 2825 3610 2894 χάριν
3644 2824 3997 2894 περισσεῦσα·

2445 2921 2523 2981 είς
2550 2917 2715 2986 ὑμᾶς,
2744 2916 2832 2969 ἵνα
2875 2917 2933 2969 ὲν
2973 2916 3136 2969 παντὶ
3166 2915 3411 2968 πάντοτε
3459 2915 3638 2968 πᾶσαν
3673 2914 4000 2983 αὐτάρκειαν

2445 3010 2678 3082 ἔχοντες,
2712 3009 3070 3081 περισσεύητε
3101 3009 3182 3070 εις
3213 3009 3320 3060 πᾶν
3349 3009 3510 3078 ἔργον
3539 3005 3765 3075 ἀγαθὸν,
3821 3004 4002 3069 καθὼς

2446 3105 2752 3175 γέγραπται
2774 3119 2786 3131 ·
2821 3101 3169 3170 ὲσκόρπισεν,
3209 3099 3407 3152 ἔδωκεν
3435 3101 3548 3162 τοῖς
3585 3098 3832 3170 πένησιν,
3859 3099 3897 3168 ή
3926 3095 3995 3149 δι·

772 3203 826 3254 in
859 3217 1019 3256 omne
1040 3217 1178 3271 Opus
1207 3203 1429 3267 bonum,
1457 3203 1597 3255 sicut
1624 3203 1887 3272 scriptum
1910 3211 2027 3257 est:
2059 3223 2077 3254 ι
2116 3203 2345 3272 Disper-
2371 3239 2420 3298 ο

1916 3211 2027 3257 est:
2059 3223 2077 3254 ι
2116 3203 2345 3272 ῡίερθιι-
2371 3239 2420 3298 c
2449 3193 2707 3264 καιοσύνη
2738 3193 2901 3246 αὑτοῦ
2936 3193 3085 3262 μένει
3116 3193 3194 3256 είς
3213 3193 3314 3246 τὸν
3335 3191 3525 3245 αἰῶνα.
3564 3209 3582 3244 ι

771 3297 868 3359 sit,
901 3294 1051 3348 dedit
1074 3294 1407 3363 pauperibus
1434 3311 1447 3348 :
1472 3295 1689 3363 justitia
1719 3295 1840 3364 ejus
1874 3305 2056 3349 manet
2087 3295 2142 3349 in
2174 3311 2348 3350 samu-

773 3389 882 3440 lum
920 3385 1128 3440 smeuli.
1167 3404 1187 3436 ι
1829 3405 1831 3408 ⁴

843 3476 963 3530 Non
1011 3477 1184 3530 invito
1221 3491 1320 3530 nec
1350 3486 1544 3530 coacto
1578 3477 1784 3536 animo,
1821 3474 1914 3528 sed
1964 3483 2265 3545 spontaneo
2291 3485 2344 3530 et

773 3553 942 3622 libera
975 3570 1275 3620 voluntate.
1378 3585 1381 3591 ’

849 3658 1132 3723 Vens.10,
1181 3659 1272 3711 Η.
1315 3678 1332 3709 ι
1373 3657 1474 3724 Qui
1528 3669 1708 3712 autem
1764 3657 2110 3713 administrat
2161 3674 2346 3714 semen

776 3751 1092 3812 seminanti,
1131 3759 1184 3804 et
1211 3765 1404 3819 panem
1439 3749 1506 3802 ad
1557 3749 1993 3804 manducandum
2026 3757 2263 3818 praestet,
2296 3761 2349 3804 et

779 3842 1108 3911 multiplicet
1170 3853 1355 3892 semen
1413 3847 1694 3902 vestrum,
1747 3846 1802 3892 et
1858 3847 2055 3907 augeat
2105 3840 2348 3908 germina

776 3935 990 4002 frugum
1018 3930 1250 4000 iustitia:
1288 3940 1517 3994 vestrm;
1553 3939 1610 3982 ιιι
1647 3929 1702 3983 iii
1735 3930 1991 3984 omnibus
2049 3929 2346 3998 locupletes

775 4023 899 4076 sitis
946 4021 1000 4074 in
1050 4034 1266 4072 onmem
1323 4018 1753 4086 simplicitatem,
1791 4035 1913 4088 quae
1953 4027 2213 4088 operatur
2256 4036 2349 4088 per

748 4101 873 4168 ‘vos
908 4112 1203 4183 gratiarum
1234 4111 1505 4164 actionem
1543 4110 1670 4164 Deo.
1709 4129 1726 4161 ι

845 4204 1096 4266 Ostendit
1135 4218 1197 4256 ea
1240 4203 1427 4262 etiam,
1459 4218 1576 4271 quan
1607 4202 1712 4270 ipsi
1765 4203 2091 4272 largiuntur,
2141 4219 2211 4255 ex
2241 4200 2349 4254 Deo

775 4312 931 4355 esse;
973 4311 1040 4350 ne
1065 4296 1190 4364 quis
1225 4309 1420 4362 nempe
1446 4293 1774 4346 intumescat
1807 4292 1973 4356 fastu,
2001 4307 2098 4346 ceu
2129 4292 2348 4360 propria

776 4401 874 4442 sua
915 4386 1194 4454 largiatur.
1224 4384 1387 4453 Atqui
1419 4399 1590 4438 semen
1627 4383 1715 4437 hic
1741 4385 2141 4452 eleemosynam
2166 4380 2346 4435 vocat.

777 4478 1024 4532 Deelarat
1066 4475 1244 4529 autem
1277 4475 1385 4528 illis
1431 4489 1678 4543 magnam
1723 4473 1991 4528 benelaeti
2042 4472 2344 4527 mercedem

734 4578 741 4591 ‘
776 4585 922 4632 esse,
957 4568 1186 4622 dicendo
1223 4567 1477 4636 germina,
1507 4573 1866 4634 proventusve
1891 4564 2133 4633 justitim.

847 4659 1015 4713 Vens.
1048 4658 1235 4712 12-15.
1276 4675 1291 4707 ι
1331 4658 1594 4722 Quoniam
1631 4656 1996 4710 ministerium
2044 4655 2208 4724 hujus
2236 4654 2345 4708 olli-

778 4753 847 4806 cii
881 4765 991 4804 non
1045 4750 1218 4803 solum
1247 4749 1461 4818 supplet
1488 4763 1550 4800 ea
1581 4762 1703 4817 qua:
1729 4746 1931 4802 desunt
1965 4747 2195 4809 sanctis,
2247 4745 2340 4799 sed

778 4842 940 4894 rtiam
971 4840 1210 4894 abundat
1255 4853 1349 4907 per
1375 4839 1574 4892 multas
1598 4837 1895 4907 gratiarum
1936 4837 2180 4891 actiones
2213 4835 2343 4898 Deo,

783 4945 878 4998 per
929 4929 1306 4999 probationem
1359 4925 1648 4980 ministerii
1715 4924 1919 4993 hujus,
1976 4923 2362 4993 gloriﬁcantes

785 5023 957 5074 Deum
993 5022 1047 5074 in
1080 5019 1390 5074 obedientia
1423 5017 1788 5072 confessionis
1830 5023 2024 5071 vestra:
2061 5016 2115 5068 in
2163 5013 2344 5067 Evan-

785 5115 982 5183 gelium
1040 5112 1288 5174 Christi,
1328 5120 1384 5166 et
1431 5111 1784 5181 simplicitate
1837 5109 2347 5164 communicationis

787 5211 839 5259 in
885 5205 1034 5264 illos,
1060 5215 1113 5258 et
1151 5205 1205 5259 in
1237 5220 1449 5264 omnes.
1495 5213 1547 5258 et
1583 5204 1636 5256 in
1695 5203 1940 5271 ipsorum
1971 5201 2350 5256 obsecratione

788 5311 886 5366 pro
919 5297 1097 5356 vobis.
1145 5296 1574 5351 desiderantium
1627 5309 1728 5348 vos
1772 5301 1992 5363 propter
2019 5294 2348 5347 eminentem

792 5389 1020 5455 gratiam
1061 5386 1149 5440 Dei
1184 5389 1236 5441 in
1271 5387 1450 5441 vobis.
1485 5385 1702 5441 Gratias
1734 5385 1841 5440 Deo
1877 5399 2042 5453 super
2070 5385 2353 5438 inenarra-

788 5479 879 5532 bili
907 5479 1050 5532 dono
1088 5478 1222 5547 ejus.
1266 5497 1283 5528 ι

867 5568 1229 5623 Ministeritun
1277 5570 1483 5637 utique,
1526 5569 1592 5622 de
1635 5584 1744 5638 quo
1780 5569 1831 5620 in
1881 5565 2105 5634 epistola
2137 5565 2356 5626 dicitur,

2516 3455 2608 3526 Μὴ
2665 3455 2910 3515 ἄκοντες,
2971 3450 3125 3522 φησι,
3187 3449 3320 3518 μηδὲ
3378 3444 3835 3515 ἀναγκαζόμενοι,
3891 3441 4002 3497 ἀλλ’

2448 3547 2682 3609 ἑκόντες,
2710 3545 2805 3597 καὶ
2835 3541 3279 3614 προαιρούμενοι.

2526 3656 2543 3687 ι
2623 3635 2679 3687 '0
2708 3633 2764 3686 δὲ
2805 3630 3151 3702 ἐπιχορηγῶν
3197 3628 3415 3699 σπέρμα
3459 3625 3538 3696 τῷ
3571 3624 3865 3695 σπείροντι,
3915 3625 4005 3676 καὶ

2446 3729 2609 3796 ἄρτον
2645 3727 2725 3787 εἰς
2761 3723 2960 3794 βρῶσιν
2991 3722 3319 3792 χορηγήσαι,
3347 3719 3443 3772 καὶ
3467 3715 3732 3786 πληθύναι
3756 3714 3848 3768 τδν
3883 3716 3996 3766 and

2451 3835 2541 3887 ρον
2585 3814 2758 3886 ὑμῶν,
2798 3815 2894 3867 καὶ
2935 3811 3165 3879 αὐξῆσαι
3208 3809 3275 3863 τά
3322 3809 3636 3877 γεννήματα
3675 3805 3774 3876 τῆς
3804 3803 4003 3858 δικαιοο

2451 3903 2637 3972 σύνης¹
2663 3907 2816 3976 ὑμῶν
2843 3921 2856 3934 ⁸
2909 3906 2968 3956 ὲν
3021 3903 3183 3956 παντὶ
3235 3898 3642 3968 πλουτιζόμενοι
3692 3899 3772 3960 εἰς
3827 3899 4006 3950 πᾶσαν

2449 4000 2748 4069 ἁπλότητα,
2784 3998 2906 4067 ἥτις
2964 3993 3356 4066 κατεργάζεται
3393 3992 3459 4045 δι’
3481 3990 3632 4060 ὑμῶν
3656 3988 4003 4059 εὐχαριστίαν

2446 4092 2524 4161 τῷ
2550 4091 2686 4161 Θεῷ.
2735 4109 2754 4141 ι

2516 4184 2795 4237 Δείκνυσιν
2856 4180 2938 4232 ὃτι
2984 4176 3080 4230 καὶ
3114 4176 3252 4229 αὑτὰ
3280 4174 3348 4227 τά
3376 4171 3623 4240 διδόμενα
3651 4171 3716 4222 ὲκ
3746 4168 3841 4223 τοῦ
3869 4167 4003 4222 Θεοῦ

2448 4279 2615 4339 ἐστιν,
2643 4274 2731 4326 ἶνα
2777 4271 2850 4341 μὴ
2899 4267 3112 4338 μεγάλα
3137 4283 3218 4329 τις
3260 4265 3452 4334 φρονῇ,
3499 4263 3574 4323 ὡς
3608 4262 3782 4314 οἰκεῖα
3807 4259 3999 4322 διδούς.
4041 4272 4044 4273 ⁷

2447 4368 2687 4434 Σπέρμα
2708 4363 2817 4432 γὰρ
2845 4359 2938 4415 νῦν
2957 4359 3055 4430 τὴν
3086 4354 3448 4426 ἐλεημοσύνην
3477 4352 3651 4407 καλεῖ.
3675 4353 3928 4404 Δείκνυσι
3948 4351 4002 4402 δὲ

2447 4459 2631 4521 αὑτοῖς
2657 4456 2750 4508 καὶ
2775 4455 2948 4523 μέγαν
2985 4451 3114 4504 δντα
3148 4448 3240 4501 τὸν
3281 4445 3470 4516 μισθὸν
3499 4443 3592 4498 τοῦ
3630 4441 4002 4512 ἀποτελέσμα-

2378 4576 2422 4632 D
2449 4568 2554 4614 τος,
2580 4547 2922 4617 γεννήματα
2939 4541 3280 4632 δικαιοσύνης
3313 4539 3509 4632 λέγων.

2529 4659 2548 4691 ι
2568 4641 2690 4691 Ὅτι
2711 4639 2744 4707 ή
2765 4635 3010 4689 διακονία
3031 4634 3129 4702 τῆς
3158 4627 3496 4701 λειτουργίας
3517 4624 3813 4694 ταύτης,οὑ
3845 4625 4002 4693 μόνον

2450 4732 2566 4784 ἐστὶ
2597 4723 3125 4799 προσαναπληροῦσα
3165 4723 3232 4775 τά
3273 4721 3623 4790 ὑστερήματα
3659 4715 3769 4770 τῶν
3811 4717 4000 4783 ἁγίων,

2450 4821 2586 4875 ἀλλὰ
2616 4820 2710 4872 καὶ
2753 4813 3148 4885 περισσεύουσα
3178 4811 3267 4864 διὰ
3296 4808 3506 4862 πολλῶν
3539 4805 3898 4876 εὐχαριστιῶν
3927 4805 4002 4872 τῷ

2449 4911 2586 4981 Θεῷ,
2623 4909 2709 4964 διὰ
2733 4909 2830 4978 τῆς
2859 4905 3083 4975 δοκιμῆς
3124 4903 3222 4970 τῆς
3259 4897 3527 4962 διακονίας
3577 4896 3801 4966 ταύτης,
3849 4894 4001 4957 δοξά-

2449 5004 2631 5068 ζοντες
2683 4999 2774 5050 τὸν
2827 4996 2958 5048 Θεὸν
3012 4994 3104 5045 ἐπὶ
3166 4993 3232 5061 τῇ
3277 4991 3519 5058 ὑποταγῇ
3568 4987 3670 5054 τῆς
3719 4985 4000 5054 ὁμολογίας

2449 5094 2602 5164 ὑμῶν
2631 5093 2711 5153 εἰς
2737 5090 2800 5142 τὸ
2826 5085 3157 5154 Εὑαγγέλιον
3192 5081 3284 5134 τοῦ
3327 5078 3579 5151 Χριστοῦ,
3613 5077 3707 5130 καὶ
3739 5074 4002 5142 ἁπλότητι

2450 5187 2547 5255 τῆς
2576 5179 2854 5242 κοινωνίας
2891 5179 2968 5240 εἰς
3004 5177 3220 5238 αὐτοὺς,
3251 5175 3345 5225 καὶ
3389 5173 3468 5234 είς
3515 5170 3742 5228 πάντας,
3774 5166 3870 5219 καὶ
3911 5169 3999 5217 αύο

2451 5275 2560 5329 τῶν
2611 5275 2795 5343 δεήσει
2850 5271 2986 5339 ὑπὲρ
3046 5267 3199 5336 ὑμῶν
3264 5261 3663 5316 ἐπιποθούντων
3717 5260 3863 5328 ὑμᾶς
3914 5255 3996 5308 διὰ

2454 5365 2553 5436 τὴν
2588 5361 3027 5434 ὑπερϐάλλουσαν
3064 5359 3220 5426 χάριν
3247 5353 3339 5406 τοῦ
3371 5350 3504 5406 Θεοῦ
3535 5351 3620 5418 ἐφ’
3649 5349 3797 5418 ὑμῖν.
3835 5346 4000 5416 Χάρις

2459 5455 2516 5507 δὲ
2549 5455 2626 5522 τῷ
2655 5453 2772 5522 Θεῷ
2803 5453 2894 5506 ἐπὶ
2922 5453 2989 5519 τῇ
3021 5447 3392 5514 ἀνεκδιηγήτῳ
3421 5440 3584 5496 αὑτοῦ
3615 5441 3810 5510 δωρεᾷ.
3851 5457 3870 5490 ι

2547 5546 2611 5597 Ἥ
2642 5544 2881 5597 διακονία
2916 5543 3013 5609 τῆς
3049 5534 3332 5604 ἐπιστολῆς
3368 5546 3428 5602 ιη,
3466 5533 3740 5585 τουτέστιν
3781 5531 3816 5599 ή
3858 5527 3999 5596 φίλου

2068 5719 2153 5772 VA
2165 5719 2301 5773 ltle
2340 5719 2732 5776 LECTIONES.

866 5824 907 5854 ιη
934 5811 1117 5875 Forte,
1159 5818 1254 5878 τῆς
1273 5815 1634 5876 λειτουργίας,
1670 5826 1724 5865 ιιι
1761 5823 1855 5866 ιρι-ι
1895 5811 2042 5863 l’auli
2070 5820 2270 5864 textus.
