4218 6448
177 416 278 482 757

1252 412 1326 470 ΙΝ
1367 412 1599 471 EPIST.
1641 413 1738 470 AD
1776 411 2134 471 CORINTH.
2171 410 2251 468 II.

3286 396 3396 457 ’758

181 528 249 581 Οὐ
281 528 391 598 γὰρ
419 525 704 596 τολμῶμεν
731 524 978 605 ἐγκρῖναι
1016 521 1239 584 ἑαυτούς
1283 537 1424 573 τισιν
1469 520 1576 572 τῶν
1608 521 1732 572 ἐαυ‹
1761 531 1805 582 Α
1832 537 1847 574 t

1761 531 1805 582 Α
1832 530 1886 574 et
1919 529 2216 590 praesentes
2251 518 2305 570 in
2341 515 2506 568 iacto.
2533 512 2651 566 Non
2674 509 2820 565 enim
2856 508 3121 561 audemus
3152 503 3401 556 inserere

175 618 295 679 τοὺς
328 615 770 678 συνιστανόντων,
802 595 939 666 sine
976 611 1130 663 αὐτοὶ
1173 611 1231 662 ἐν
1268 611 1476 671 ἑαυτοῖς
1511 610 1735 671 ἑαυτοὺς
1837 628 1841 665 ]

1731 625 1735 665 r
1837 627 1938 666 nos
1974 608 2322 680 quibusdam,
2355 605 2446 675 qui
2473 604 2686 673 seipsos
2709 597 3097 656 commendaui.
3125 611 3137 644 :
3171 592 3266 660 sed
3293 591 3397 659 ipsi

179 709 504 780 μετροῦντες
551 707 644 758 καὶ
696 704 1074 776 συγκρίνοντες
1126 702 1354 764 ἑαυτοὺς
1406 702 1641 766 ἑαυτοῖς,
1675 700 1735 752 οὐ
1836 703 1845 758 i

1733 725 1735 743 ν
1836 703 1893 758 in
1915 703 2116 772 seipsis
2149 701 2360 767 seipsos
2398 698 2683 750 metientes
2701 702 2755 747 et
2784 696 3167 758 comparantes
3184 683 3399 754 seipsos

179 799 469 853 συνιοῦσιν.
509 817 526 848 ι

245 893 386 961 Ὅρα
414 890 529 953 πῶς
555 889 713 942 πάλιν
738 887 1139 958 παραμυθεῖται
1169 885 1258 938 τὸν
1285 886 1492 954 φθόνον.

251 1001 270 1034 ι
321 983 510 1051 Ἡμεῖς
533 981 588 1034 δὲ
615 976 715 1033 οὒκ
737 983 816 1043 είς
848 980 915 1032 τὰ
933 980 1145 1049 ἄμετρα
1167 976 1572 1046 καυχησόμεθα,
1606 972 1742 1027 ἀλλὰ
1821 994 1826 997 ·

180 1075 321 1127 κατὰ
370 1068 448 1126 τὺ’
464 1073 657 1144 μέτρον
699 1071 795 1126 τοῦ
851 1074 1092 1136 κανόνος,
1121 1065 1180 1125 οῦ
1236 1069 1491 1138 ἐμέρισεν
1539 1069 1667 1138 ἡμῖν
1715 1066 1743 1117 ὁ

180 1167 308 1227 Θεὸς
333 1167 549 1235 μέτρου,
576 1164 858 1232 ἐφικέσθαι
899 1163 1061 1232 μέχρι
1100 1165 1193 1216 καὶ
1241 1160 1412 1230 ὑμῶν.
1435 1161 1508 1212 Οὐ
1537 1158 1644 1228 γὰρ
1669 1156 1745 1220 ὡς

185 1259 257 1330 μὴ
283 1257 658 1326 ἐφικνούμενοι
690 1257 766 1318 εἰς
802 1256 967 1326 ὑμᾶς,
1000 1253 1452 1324 ὑπερεκτείνομεν
1498 1249 1740 1312 ἑαυτούς.

187 1353 344 1418 Ἀχρι
389 1347 495 1419 γάρ
529 1349 621 1400 καὶ
669 1347 822 1416 ὑμῶν
864 1345 1186 1413 ’ἐφθάσαμεν
1230 1343 1287 1394 ἐν
1328 1342 1402 1411 τῷ
1432 1336 1747 1410 Εὐαγγελίῳ

184 1442 275 1495 τοῦ
303 1443 540 1510 Χριστοῦ
565 1458 578 1469 ·
622 1442 721 1493 οὐκ
749 1442 828 1503 εἰς
869 1441 935 1492 τὰ
974 1427 1185 1509 ἄμετρα
1228 1435 1592 1506 καυχώμενοι,
1631 1433 1746 1488 ἀλλ’

185 1536 241 1587 ὲν
270 1533 571 1602 ἀλλοτρίοις
603 1531 805 1593 τόποις.
850 1549 868 1581 ι
910 1543 922 1570 ι
1631 1514 1637 1526 ’

254 1625 363 1675 Καὶ
386 1623 494 1692 γάρ
523 1624 571 1674 οἱ
603 1621 1028 1689 ψευδαπόστολοι
1077 1619 1235 1687 τοῦτο
1278 1619 1481 1686 ἔλεγον,
1517 1618 1598 1670 ὅτι
1652 1615 1750 1685 τὴν

187 1715 510 1783 οἰκουμένην
538 1711 971 1782 ἐπεστρέψαμεν,
1002 1711 1136 1782 πρὸς
1178 1712 1246 1794 τὰ
1281 1710 1494 1781 πέρατα
1519 1707 1619 1776 τῆς
1649 1707 1752 1774 γῆς

188 1803 496 1887 ἀφικόμεθα
517 1821 531 1832 ν
567 1803 682 1872 ἃμα
713 1803 770 1854 δὲ
798 1800 1019 1866 ἔνδειξίς
1049 1803 1164 1853 ἐστι
1195 1800 1293 1870 τῆς
1323 1795 1754 1867 ταπεινοφροσύ-

192 1913 286 1964 νης
312 1893 500 1947 αὑτοῦ.

271 2007 288 2038 ι
337 1986 557 2039 Ἐλπίδα
614 1985 671 2040 δέ
727 1986 939 2055 ἔχοντες
994 1981 1360 2053 αὐξανομένης
1389 1982 1488 2052 τῆς
1522 1981 1754 2043 πίστεως

195 2079 368 2147 ὑμῶν,
406 2081 461 2130 ἐν
489 2081 614 2147 ὑμῖν
647 2078 1047 2148 μεγαλυνθῆναι
1075 2075 1215 2129 κατὰ
1247 2075 1337 2127 τὸν
1379 2075 1577 2127 κανόνα
1601 2072 1757 2143 ἡμῶν

197 2173 278 2233 είς
309 2171 649 2240 περισσείαν,
689 2173 766 2232 εἰς
811 2169 881 2223 τά
923 2168 1247 2239 ὑπερέκεινα
1289 2165 1440 2237 ὑμῶν
1483 2155 1761 2233 εὐαγγελίζ-

200 2265 419 2328 σασθαι,
450 2264 549 2316 οὐκ
581 2266 636 2315 ἐν
666 2263 926 2333 ἀλλοτρίῳ
958 2262 1164 2326 κανόνι,
1196 2262 1275 2324 εἰς
1310 2262 1379 2313 τά
1407 2258 1598 2329 ἕτοιμα
1630 2275 1762 2311 καυ-

199 2357 489 2426 χήσασθαι.
525 2356 580 2407 ’0
609 2356 664 2408 δέ
688 2354 1062 2424 καυχώμενος,
1115 2355 1172 2406 ἐν
1216 2351 1405 2421 Κυρίῳ
1445 2350 1758 2420 καυχάσθω.

201 2451 275 2500 υὺ
317 2449 425 2518 γάρ
453 2451 480 2500 ὁ
517 2447 706 2500 ἐαυτὸν
748 2447 1094 2509 συνιστάνων,
1123 2443 1328 2505 ἐκεῖνός
1351 2445 1466 2496 ἐστι
1500 2442 1720 2512 δόκιμος
1745 2455 1760 2470 ⁸

202 2540 316 2595 ἀλλ’
336 2541 394 2592 ὃν
421 2542 448 2593 ὁ
471 2539 673 2610 Κύριος
700 2540 1033 2608 συνίστησιν.
1065 2557 1086 2592 ο

290 2741 540 2804 Ἐλπίζω,
602 2741 784 2808 φησὶν,
843 2739 995 2807 ὑμῶν
1050 2717 1379 2804 ἐπιγνόντων
1417 2739 1442 2768 °
1481 2773 1495 2796 ,
1536 2732 1620 2784 ὃτι
1676 2729 1769 2782 καὶ

208 2833 521 2902 περαιτέρω
565 2830 739 2883 κανὼν
781 2830 937 2900 ἡμῶν
968 2830 1348 2898 ὲκταθήσεται.
1380 2821 1772 2897 Προὸησόμεθα

207 2924 318 2991 γὰρ
352 2923 446 2974 καὶ
491 2923 818 2993 περαιτέρω,
846 2921 986 2976 ὥστε
1014 2919 1248 2991 κηρύξαι
1299 2919 1391 2972 καὶ
1432 2917 1647 2986 καμεῖν,
1675 2914 1774 2982 οὐχ

213 3016 354 3067 ὥστε
393 3015 570 3082 λόγοις
599 3013 900 3085 κομπάζειν
926 3013 1067 3083 ὑπὲρ
1097 3005 1172 3066 ὧν
1199 3012 1402 3079 ἔκαμον
1430 3009 1628 3078 ἕτεροι.
1664 3007 1776 3059 Κα-

214 3108 322 3170 λῶς
361 3109 419 3160 δέ
457 3109 551 3160 καὶ
582 3109 808 3162 κανόνα
863 3107 1110 3169 ἐκάλεσε,
1157 3104 1252 3159 καὶ
1301 3103 1516 3172 μέτρον,
1559 3098 1635 3162 ὡς
1684 3095 1776 3148 ἐπὶ

210 3199 406 3266 κτῆσιν
459 3198 558 3266 τῆς
609 3198 931 3266 οἰκουμένης
979 3192 1234 3248 εἰσελθὼν
1276 3192 1367 3244 καὶ
1414 3184 1776 3258 κληρονομίαν

208 3292 461 3360 ἀρίστην,
500 3289 593 3342 καὶ
623 3290 834 3346 δεικνὺς
861 3287 955 3340 τοῦ
987 3285 1124 3338 Θεοῦ
1152 3285 1211 3336 τὸ
1234 3284 1394 3352 ἔργον
1417 3281 1556 3333 ὅλον.
1585 3280 1774 3346 Ἔχον-

211 3395 300 3440 τες
344 3377 438 3428 οὖν
490 3375 711 3427 τοιαῦτα
758 3375 910 3443 ἔργα,
960 3373 1116 3442 φησὶ,
1150 3373 1245 3425 καὶ
1291 3372 1510 3441 μείζονα
1553 3366 1776 3437 προσδο-

212 3468 437 3530 κῶντες,
469 3467 529 3518 οὐ
583 3466 938 3536 κομπάζομεν
981 3465 1057 3525 ὡς
1094 3466 1288 3517 ἐκεῖνοι
1329 3461 1492 3531 μηδὲν
1540 3457 1772 3528 ἔχοντες,

213 3566 320 3618 οὑδ⁴
344 3567 557 3626 ἑαυτοῖς
579 3563 922 3634 λογιζόμεθα,
945 3563 1080 3617 ἀλλὰ
1102 3562 1178 3633 τῷ
1200 3561 1318 3630 Θεῷ
1333 3559 1392 3613 τὸ
1414 3549 1540 3611 πᾶν.
1567 3557 1656 3610 Διδ
1685 3556 1778 3610 καὶ

215 3656 432 3723 ἐπάγει,
491 3655 630 3709 ὥστε
679 3657 711 3709 ό
772 3653 1183 3724 καυχώμενος,
1243 3653 1315 3707 ἐν
1387 3649 1578 3718 Κυρίῳ
1632 3663 1777 3702 καυ-

218 3749 443 3818 χάσθω.
535 3759 549 3777 ⁶

797 3878 1048 3931 ΚΕΦΑΛ.
1095 3877 1195 3930 ΙΑ¹.

297 4011 315 4042 ι
358 3991 585 4058 Ὄφελον
635 3988 911 4058 ἀνείχεσθέ
964 4005 1067 4057 μου
1128 3984 1324 4058 μικρὸν
1370 3983 1435 4054 τῇ
1481 3981 1778 4051 ἀφροσύνῃ,

225 4083 361 4136 ἀλλὰ
391 4083 484 4136 καὶ
511 4080 764 4151 ἀνέχεσθέ
800 4098 920 4150 μου.
955 4097 974 4130 ι

298 4175 520 4229 Μέλλων
547 4173 834 4224 είσὸαίνειν
855 4173 932 4233 είς
954 4171 1078 4233 τοὺς
1099 4169 1330 4231 οἰκείους
1356 4167 1631 4229 ἐπαίνους,
1659 4162 1784 4216 πολ-

319 4266 689 4334 άποκέχρηται
711 4267 775 4333 τῇ
807 4263 1202 4333 προθεραπείᾳ.

303 4379 320 4410 ι
367 4357 521 4424 Ζηλῶ
569 4357 675 4425 γὰρ
716 4357 858 4425 ὑμᾶς
896 4355 1028 4407 Θεοῦ
1064 4354 1240 4424 ζήλῳ..
1268 4351 1626 4424 Ἦρμοσὰμην
1680 4350 1786 4420 γὰρ

232 4453 372 4519 ὑμᾶς
425 4450 505 4499 ἐνὶ
543 4448 693 4516 ἀνδρὶ
760 4445 1023 4515 παρθένον
1084 4445 1250 4514 ἁγνὴν
1300 4443 1650 4518 παραστῆσαι
1710 4442 1786 4511 τῷ

235 4538 470 4614 Χριστῷ.
503 4557 521 4588 ι

302 4634 417 4686 Οὐκ
443 4627 617 4691 εἶπεν,
636 4627 855 4696 ’Λγαπῶ
879 4629 1040 4697 ὑμᾶς,
1063 4627 1174 4680 ἀλλ’
1197 4627 1223 4679 ὃ
1249 4626 1424 4695 πολλῷ
1448 4625 1635 4678 τούτου
1663 4641 1791 4691 σφο-

1838 798 1943 852 sibi
1984 794 2144 864 ipsis,
2187 807 2296 845 non
2332 788 2667 856 intelligunt.
2708 804 2726 835 ι

1910 886 2046 940 Vide
2084 882 2357 954 quomodo
2386 895 2602 934 rursum
2641 876 2822 930 mollit
2858 872 3145 926 invidiam.

1909 979 2071 1035 Vens.
2111 976 2298 1032 13-15.
2355 993 2372 1025 ι
2408 971 2519 1026 Nos
2582 979 2761 1023 autem
2810 982 2920 1021 non
2962 966 3016 1019 in
3077 963 3436 1016 immensum'

1843 1070 2214 1142 gloriabimur,
2244 1067 2336 1122 sed
2363 1061 2664 1118 secundum
2699 1070 3008 1123 mensuram
3039 1049 3259 1122 regulae,
3295 1060 3409 1117 qua

1845 1178 2069 1217 mensus
2117 1167 2202 1215 est
2252 1158 2415 1212 nobis
2473 1153 2617 1208 Deus
2692 1161 3004 1203 mensuram
3061 1137 3404 1214 pertingendi

1846 1267 2020 1322 usque
2048 1250 2115 1305 ad
2145 1263 2263 1303 vos.
2296 1245 2414 1300 Non
2469 1243 2616 1298 enim
2655 1238 2813 1310 quasi
2867 1251 2975 1290 non
3020 1232 3406 1304 pertingentes

1848 1347 1916 1400 ad
1950 1360 2066 1408 vos,
2107 1338 2623 1412 superextendimus
2659 1348 2780 1387 nes.
2820 1328 3011 1398 Usque
3046 1324 3115 1378 ad
3135 1339 3232 1377 vos
3260 1321 3405 1376 enim

1849 1436 2196 1506 pervenimus
2240 1435 2293 1485 in
2326 1426 2619 1497 Evangelio
2652 1421 2899 1485 Christi;
2943 1433 3053 1472 non
3089 1416 3143 1469 in
3177 1412 3408 1466 innuen-

1851 1542 1972 1582 sum
2005 1525 2321 1594 gloriantes,
2359 1518 2455 1574 sed
2482 1518 2538 1572 in
2569 1515 2764 1568 alienis
2801 1511 2960 1566 locis.
3002 1528 3020 1561 ι

1923 1593 2210 1670 Mendaces
2235 1611 2504 1680 siquidem
2541 1605 2778 1678 apostoli
2823 1604 2924 1656 hoc
2952 1599 3245 1654 dicebant:
3280 1593 3406 1648 uni-

1853 1723 2070 1764 versum
2122 1705 2308 1759 orbem
2360 1701 2735 1755 convertimus
2783 1711 2798 1748 :
2845 1694 2909 1748 ad
2960 1700 3202 1747 extrema
3253 1696 3413 1740 terras

1855 1797 2220 1871 perreximus.
2256 1792 2399 1858 Quin
2431 1791 2519 1844 hic
2558 1801 2778 1860 quoque
2811 1785 2967 1839 locus
2999 1781 3275 1852 specimen
3308 1777 3412 1829 hu-

1783 1880 1826 1937 Β
1853 1889 2100 1945 militatis
2125 1885 2298 1956 ipsius
2323 1881 2549 1953 praebet.

1930 2002 1948 2035 ι
1987 1980 2148 2050 Spem
2184 1984 2368 2031 autem
2400 1973 2663 2028 habentes
2689 1967 3000 2024 crescentis
3047 1963 3170 2018 ﬁdei
3197 1970 3417 2022 vestrae,

1856 2076 1912 2131 in
1940 2072 2094 2128 vobis
2121 2065 2459 2138 magniﬁcari
2488 2061 2787 2118 secundum
2820 2059 3062 2129 regulam
3091 2063 3331 2108 nostram
3365 2051 3420 2104 in

1860 2165 2282 2227 abundantiam;
2317 2158 2504 2231 [Vsns.
2539 2153 2726 2225 lli-l8]
2745 2154 2910 2208 etiam
2933 2153 2985 2204 in
3016 2147 3109 2201 illa
3132 2160 3251 2216 quae
3280 2143 3421 2197 ultra

1861 2276 1958 2314 vos
2007 2263 2136 2312 sunt
2191 2248 2597 2320 ovangelizare,
2657 2261 2766 2300 non
2819 2243 2875 2296 in
2904 2239 3080 2294 aliena
3108 2235 3324 2304 regula,
3365 2233 3421 2286 in

1862 2354 1933 2408 iis
1960 2365 2083 2421 qua:
2122 2353 2426 2416 praeparata
2461 2341 2626 2412 148
2653 2344 2784 2394 sunt
2821 2331 3068 2404 gloriari.
3106 2328 3211 2394 Qui
3239 2335 3422 2380 autem

1864 2416 2156 2516 gloriatur,
2216 2440 2271 2493 in
2327 2435 2560 2490 Domino
2604 2430 2890 2504 glorietur.
2954 2422 3074 2478 Non
3130 2420 3278 2476 enim
3330 2416 3426 2488 qui

1866 2514 2108 2609 seipsum
2149 2531 2517 2596 commendat,
2548 2529 2639 2583 ille
2670 2525 2936 2597 probatus
2975 2529 3096 2585 est;
3129 2514 3225 2572 sed
3263 2528 3425 2584 quem

1869 2633 2012 2688 Deus
2049 2623 2414 2684 commendat.
2454 2640 2473 2673 ι

1935 2743 2128 2812 Spero,
2173 2736 2372 2807 inquit,
2405 2731 2520 2787 fore
2555 2739 2613 2785 ut
2663 2727 2818 2783 vobis
2859 2719 3306 2792 augescentibus,
3343 2717 3429 2770 ul-

1871 2810 2043 2891 terius
2098 2843 2318 2902 quoque
2375 2825 2562 2895 regula
2621 2830 2807 2877 nostra
2866 2815 3248 2888 protendatur.
3295 2810 3431 2865 Nam

1875 2929 2016 2983 ultra
2056 2920 2494 2997 progrediemur,
2519 2917 2592 2969 ita
2624 2923 2685 2967 ut
2727 2911 3088 2982 przedicemus
3129 2912 3184 2959 et
3220 2903 3435 2957 labore-

1876 3035 2019 3085 mus,
2057 2991 2183 3069 1.0.;
2224 3022 2280 3067 ut
2332 3011 2401 3064 de
2462 3005 2746 3061 laboribus
2801 3001 3032 3055 aliorum
3069 3011 3171 3051 nos
3213 2991 3436 3064 jactite-

1877 3124 2018 3164 mus.
2075 3106 2242 3159 Recte
2297 3115 2427 3156 vero
2475 3097 2713 3168 regulam
2765 3093 2926 3155 dixit,
2983 3099 3038 3145 et
3097 3098 3449 3147 mensuram.

1804 3221 1846 3279 ο
1877 3201 2028 3255 velut
2062 3197 2156 3268 qui
2189 3196 2253 3248 ad
2303 3189 2704 3263 acquirendum
2737 3184 2925 3239 orbem
2966 3189 3022 3236 et
3055 3176 3436 3233 baercditatem

1878 3292 2136 3359 optimam
2179 3291 2451 3358 pergeret,
2483 3279 2911 3343 ostenderetque
2941 3280 3115 3327 totum
3141 3283 3265 3325 esse
3297 3281 3439 3335 Opus

1881 3358 1997 3436 Diei.
2035 3379 2167 3432 Cum
2197 3392 2329 3447 ergo
2356 3370 2631 3443 ejusmodi
2665 3381 2833 3439 opera
2883 3365 3207 3427 habeamus,
3237 3358 3439 3427 inquit,

1880 3483 1934 3526 et
1981 3471 2187 3541 majora
2240 3475 2649 3537 exspectemus,
2711 3471 3058 3528 nequaquam
3115 3451 3439 3522 iactantiam

1881 3574 2284 3626 consectantur,
2317 3568 2377 3612 ut
2406 3557 2484 3612 illi
2519 3555 2720 3626 quibus
2748 3550 2884 3606 nihil
2924 3547 3190 3619 supersit,
3228 3557 3328 3598 nec
3354 3549 3442 3594 to-

1883 3665 1995 3709 tum
2046 3653 2204 3707 nobis
2239 3652 2594 3719 imputamus,
2637 3643 2730 3698 sed
2765 3641 2893 3695 Deo.
2941 3638 3100 3693 Unde
3132 3634 3296 3690 etiam
3347 3630 3443 3684 ad-

1885 3747 1982 3810 dit,
2012 3753 2067 3796 ut
2094 3743 2180 3812 qui
2209 3740 2492 3811 gloriatur,
2519 3736 2573 3789 in
2603 3733 2824 3787 Domino
2854 3727 3126 3799 glorietur.

2518 3863 2671 3921 CAP.
2705 3861 2798 3915 XI.

1958 3994 2120 4046 Vens.
2146 3990 2194 4042 l.
2228 4009 2245 4039 ι
2282 3987 2498 4042 Utinam
2526 3979 2878 4038 sustineretis
2906 3973 3182 4030 modicum
3203 3967 3334 4040 quid
3357 3968 3441 4022 in-

1889 4083 2158 4156 sipientia:
2188 4074 2487 4141 memrscd-
2515 4081 2572 4127 et
2603 4076 2922 4142 supper-tate
2944 4080 3050 4118 me.
3091 4081 3112 4115 ι

1959 4173 2094 4240 Quia
2124 4168 2190 4224 ad
2247 4165 2439 4221 laudes
2483 4162 2733 4234 proprias
2783 4165 3048 4213 venturus
3082 4157 3222 4216 erat,
3274 4147 3445 4203 multa

1891 4261 2310 4337 praemunitione
2336 4258 2526 4311 utitur.

1957 4359 2121 4411 Vens.
2153 4355 2207 4408 ο.
2251 4374 2269 4404 ι
2304 4351 2556 4406 Aﬂmulor
2606 4347 2750 4402 enim
2793 4359 2889 4397 vos
2929 4341 3022 4395 Dei
3073 4333 3444 4393 aemulatione.

1893 4443 2165 4514 Despondi
2197 4441 2341 4494 enim
2388 4453 2482 4492 vos
2517 4437 2609 4490 uni
2643 4435 2761 4488 viro
2793 4430 3059 4499 virginem
3108 4433 3317 4479 castam
3349 4437 3447 4475 ex-

1897 4537 2080 4590 hibere
2117 4533 2357 4584 Christo.
2400 4547 2417 4579 ι

1966 4625 2082 4678 Non
2133 4623 2290 4686 dixit,
2329 4621 2466 4672 Amo
2515 4631 2632 4680 vos,
2663 4615 2755 4670 sed
2787 4627 2974 4667 vocem
3007 4624 3124 4664 eam
3163 4605 3334 4677 ponit,
3361 4604 3454 4658 cui

237 4727 486 4794 δρότερον
525 4718 613 4791 ἦν,
650 4719 807 4772 τοῦτο
842 4719 1042 4788 τίθησι.
1097 4719 1393 4789 Ζηλότυποι
1425 4718 1531 4788 γάρ
1575 4717 1709 4781 εἰσιν
1738 4715 1795 4765 αἱ
1895 4720 1903 4772 1

1786 4715 1795 4765 ἱ
1895 4720 2054 4788 longe
2088 4714 2262 4783 major
2303 4713 2382 4765 vis
2437 4711 2589 4764 insit.
2645 4706 2825 4759 Animi
2875 4700 3147 4772 siquidem
3202 4697 3278 4750 illi
3311 4696 3452 4748 zelo-

234 4789 407 4885 d‘uy‘at
446 4789 648 4883 σφόδρα
706 4811 813 4864 τῶν
864 4810 1154 4880 ἐρωμένων
1207 4808 1639 4878 περικαιόμεραι.
1687 4806 1796 4857 Καὶ
1896 4821 1900 4859 ι

1786 4824 1796 4857 ι
1896 4810 2006 4879 typi
2038 4815 2188 4870 sunt,
2219 4804 2310 4874 qui
2341 4800 2608 4856 adversus
2632 4814 2728 4851 eos
2761 4811 2898 4866 quos
2932 4801 3137 4858 amant,
3170 4789 3452 4844 ardentius

239 4909 334 4959 οὐκ
362 4905 428 4958 ἂν
448 4903 622 4966 ἄλλως
643 4901 804 4972 τεχθῇ
832 4903 865 4972 ἡ
896 4895 1216 4971 ζηλοτυπία,
1248 4901 1297 4952 εί
1328 4897 1402 4969 μὴ
1425 4898 1532 4952 ἀπὸ
1563 4896 1795 4964 σφοδρᾶς

240 4999 443 5066 φιλίας.

312 5108 331 5140 ι
368 5086 716 5157 Φοόοῦμαιδέ
749 5087 941 5158 μήπως
985 5085 1059 5150 ὡς
1107 5085 1228 5154 ὄφις
1266 5084 1603 5155 ἐξηπάτησεν
1651 5081 1794 5134 Εῦαν

243 5183 296 5233 εν
335 5181 404 5247 τῇ
446 5177 748 5247 πανουργία
791 5176 978 5242 αὑτοῦ,
1008 5175 1147 5229 οὕτω
1197 5175 1377 5245 φθαρῇ
1432 5175 1498 5226 τὰ
1547 5173 1793 5242 νοήματα

242 5288 411 5340 υμων.
449 5288 467 5320 ι

315 5363 374 5415 Εἰ
403 5361 510 5430 γάρ
537 5361 626 5413 καὶ
649 5362 681 5428 ἡ
709 5349 949 5412 ἀπώλεια
969 5359 1224 5430 ὑμετέρα,
1250 5358 1424 5440 ἀλλ’ὶὴ
1449 5359 1653 5429 ἀθυμία
1681 5375 1810 5414 κοιο.

246 5455 344 5522 νή·
399 5454 461 5505 τὸ
515 5453 591 5513 δὲ,
637 5451 886 5522 μήποτε,
944 5451 1066 5504 οὔτε
1118 5451 1563 5515 καταδικάζοντός
1623 5451 1791 5512 ἐστιν,

249 5543 366 5598 οὗτε
402 5544 731 5606 σιωπῶντος.
771 5543 893 5596 Οὐδ’
933 5543 1116 5614 ἓτερον
1147 5544 1255 5615 γὰρ
1302 5542 1558 5613 ἀσφαλὲς,
1587 5542 1707 5594 οὔτε
1736 5539 1795 5593 τὸ

1896 4901 2230 4954 aﬂiciunlur.
2269 4895 2407 4960 Quin
2456 4906 2555 4946 nec
2606 4888 2877 4958 zelotypia
2911 4883 3133 4939 aliunde
3183 4881 3452 4941 nascitur,

1899 5006 2061 5061 quam
2093 5005 2157 5042 ex
2186 4983 2487 5040 vehementi
2516 4995 2724 5035 amore.
3228 4966 3230 4970 ’

1976 5081 2137 5136 Vens.
2198 5080 2253 5134 ’5.
2313 5095 2329 5128 ι
2390 5075 2579 5128 Timeo
2645 5079 2826 5124 autem
2884 5085 2972 5135 nc,
3029 5067 3175 5121 sicut
3226 5077 3452 5132 serpens

1900 5177 2064 5230 Evam
2096 5171 2317 5228 seduxit
2361 5169 2559 5222 astutia
2602 5181 2724 5231 sua,
2759 5164 2831 5216 ita
2865 5166 3289 5230 corrumpantur
3331 5172 3456 5210 scn-

1897 5279 1991 5319 sus
2017 5273 2204 5316 vestri.
2244 5282 2262 5312 ι
2500 5313 2506 5323 ,

1971 5354 2126 5418 Nam,
2161 5352 2410 5421 quamvis
2450 5349 2710 5403 interitus
2754 5352 2931 5400 vester
2960 5343 3053 5407 sit,
3085 5339 3244 5394 dolor
3271 5346 3452 5390 tamen

1902 5447 2214 5502 communis
2245 5451 2348 5498 est.
2398 5440 2533 5495 illud
2575 5453 2724 5500 vero,
2760 5453 2821 5490 ne
2868 5434 3021 5503 forte,
3056 5447 3164 5486 non
3192 5427 3454 5483 condem-

1903 5538 2087 5593 nantis
2116 5538 2338 5592 verbum
2383 5545 2486 5598 est,
2521 5547 2699 5603 neque
2729 5528 2981 5584 tacentis.
3015 5524 3277 5580 Neutrum
3306 5518 3452 5575 enim

1531 5717 1764 5776 VARIIE
1793 5716 2186 5774 LECTIONES.

324 5816 350 5848 ⁸
375 5813 658 5882 Chrysost.
696 5814 1054 5868 ἐπιδιδόντων.
