4218 6448
810 394 918 455 759

1980 403 2039 460 S.
2079 403 2392 462 JUANNIS
2421 405 2842 466 DAMASCENI

3906 411 4015 470 760

811 511 991 557 tutum
1054 503 1242 571 fuerit,
1301 517 1462 562 autve
1520 511 1694 578 palam
1750 511 1965 576 elIerrc,
2029 527 2122 569 aut
2179 517 2477 581 dedita,“

2347 533 2361 569 I
2389 527 2436 581 Α
2462 520 2635 572 εἰπεῖν
2679 522 2949 592 φανερῶς,
2971 523 3092 577 οὗτε
3142 527 3202 578 τὸ
3245 527 3447 598 κρύψαι
3491 527 3750 597 διηνεκῶς
3777 545 3792 560 ·
3821 529 3916 580 καὶ
3945 529 4013 596 τῇ

809 607 979 663 opera
1035 598 1234 650 celare.
1292 597 1824 657 Conimemoratione
1875 614 2053 659 autem
2116 607 2360 662 historiae

811 699 1067 756 magnum
1102 689 1185 744 eis
1223 699 1488 748 terrorem
1514 694 1730 748 incutit.

889 794 908 826 ε
968 777 1030 830 Et
1085 781 1448 852 simplicitate
1513 795 1568 840 et
1641 789 1916 855 castitate,
1991 808 2110 862 quae
2171 802 2254 850 est
2304 795 2358 850 in

809 865 1046 923 Christo.
1084 889 1103 922 ι

882 958 1168 1028 Signiﬁcat
1206 967 1366 1023 fidem
1401 985 1541 1040 opus
1585 973 1789 1031 habere
1832 977 2051 1031 sincero
2095 980 2360 1051 simplici-

807 1067 916 1122 que
944 1055 1150 1112 animo.

881 1144 1045 1203 Vens.
1074 1151 1128 1205 ι.
1158 1171 1178 1202 ‹
1217 1151 1351 1208 Nam
1384 1157 1430 1212 si
1463 1157 1510 1214 is
1538 1161 1632 1229 qui
1671 1165 1838 1228 venit,
1877 1166 2042 1220 alium
2080 1167 2358 1222 Christum

810 1237 1095 1308 praedicat,
1129 1258 1290 1311 quem
1330 1262 1440 1301 non
1479 1251 1917 1318 praedicavimus.
1954 1275 1973 1307 ι

881 1326 995 1382 Hoc
1049 1332 1105 1384 in
1170 1333 1292 1389 loco
1352 1338 1597 1393 declarat
1642 1342 1955 1400 Corinthios
2016 1363 2360 1416 nequaquam

811 1433 933 1473 esse
958 1421 1301 1493 deceptores,
1333 1430 1429 1484 sed
1475 1446 1570 1484 eos
1611 1433 1704 1502 qui
1735 1435 1954 1491 aliunde
2003 1441 2359 1492 advenerant.

813 1506 927 1563 lloc
978 1523 1160 1568 autem
1201 1518 1299 1580 ait,
1349 1534 1416 1574 eo
1466 1523 1610 1590 quod
1673 1525 1749 1580 illi
1806 1531 1982 1598 palam
2024 1531 2361 1597 jactilarcnl.

2461 612 2648 681 μνήμη
2692 612 2749 664 δὲ
2777 613 2874 682 τῆς
2917 615 3175 686 ἱστορίας.
3213 618 3294 682 εις
3334 617 3497 687 φόϐον
3519 619 3715 682 αὐτοὺς
3755 616 4016 688 ἐμϐάλλει

2459 701 2646 755 πολύν.

2534 811 2553 843 t
2604 793 2734 846 Ἀπὸ
2765 795 2864 865 τῆς
2896 796 3192 867 ἁπλότητος
3223 799 3318 851 καὶ
3352 797 3456 868 τῆς
3491 798 3783 870 ἁγνότητος
3810 799 3910 871 τῆς
3937 799 4018 862 είς

2457 883 2548 935 τὸν
2577 885 2828 953 Χριστόν.
2871 904 2890 938 ι

2527 976 2810 1030 Δείκνυσιν
2842 977 2918 1042 ὡς
2942 981 3218 1035 ἀπλάστου
3257 983 3354 1037 καὶ⁵
3378 980 3608 1052 ἀφελοῦς
3634 980 3810 1052 ψυχῆς
3848 981 4022 1036 δεῖται

2459 1069 2493 1138 ἡ
2521 1069 2718 1132 πίστις.

2534 1177 2554 1210 ι
2595 1162 2653 1212 Et
2683 1162 2908 1233 μὲνγὰρ
2941 1167 2970 1218 ὁ
2995 1165 3291 1235 ἐρχόμενος
3313 1167 3470 1222 ἄλλον
3502 1168 3707 1239 Ἰησοῦν
3737 1168 4020 1240 κηρύττει,

2457 1255 2517 1307 ὃν
2541 1257 2642 1310 οὐκ
2670 1258 3034 1329 ἐκηρύξαμεν.
3069 1281 3088 1313 ι

2529 1334 2810 1403 Δείκνυσιν
2857 1352 3092 1406 ἐνταῦθα
3139 1354 3262 1424 οὐχὶ
3310 1354 3632 1426 Κορινθίους
3673 1355 3833 1417 ὄντας
3892 1354 4024 1416 τοὺς

2460 1438 2804 1503 ἀπατῶντας,
2856 1441 2970 1494 ἀλλ’
3025 1443 3223 1506 ἔξωθεν
3284 1437 3764 1516 προσφερομένους
3816 1445 4021 1506 αὐτοῖς.

2460 1529 2628 1581 Τοῦτο
2655 1531 2735 1594 δέ,
2769 1549 2962 1603 φησιν,
2991 1534 3176 1604 ἐπειδὴ
3218 1536 3528 1604 ἐκόμπαζον
3569 1537 3768 1588 ἐκεῖνοι
3793 1535 3869 1597 ὡς
3899 1536 4023 1587 ἁτε-

812 1599 968 1665 plura
1003 1616 1062 1656 se
1090 1607 1433 1673 praedicando
1459 1612 1703 1679 tradere,
1736 1632 1898 1684 quam
1931 1621 2235 1685 apostolos,
2269 1622 2362 1690 qui
2460 1620 2478 1671 λ

2357 1624 2362 1674 i
2460 1620 2566 1683 λῶς
2603 1622 2712 1674 τῶν
3093 1599 3472 1693 διδασκόντων,
3513 1629 3590 1690 ὡς
3636 1627 3789 1680 αὐτοὶ
3835 1626 4023 1678 πλεῖόν

812 1688 1133 1770 imperfecte
1184 1697 1521 1757 docuissent.
1565 1702 1836 1769 Quoniam
1874 1707 2041 1774 igitur
2072 1709 2365 1766 verisimile
2459 1730 2478 1764 ιι

2355 1729 2365 1766 ι
2459 1730 2512 1764 τι
2551 1715 2894 1784 εἰσφέροντες
2939 1718 2997 1770 ἐν
3031 1714 3112 1780 οἷς
3153 1718 3360 1788 ἔλεγον.
3424 1688 3641 1789 ’ἐπειδὴ
3678 1716 3771 1773 οὖν
3801 1719 4021 1771 πλείονα

811 1793 950 1846 erat,
985 1785 1107 1874 illos
1167 1788 1319 1856 plura
1354 1793 1651 1856 venditare,
1686 1798 1926 1850 extraria
1953 1800 2223 1869 sapientia
2266 1804 2365 1856 ab-
2462 1823 2477 1856 ε

2358 1832 2365 1844 ι
2462 1805 2696 1876 εἰρηκὼς
2719 1817 2745 1856 ι)
2767 1808 2962 1871 αὐτοὺς
3001 1785 3306 1880 κομπάζειν
3353 1814 3419 1882 τῇ
3461 1785 3658 1876 ἔξωθεν
3689 1813 3849 1883 σοφίᾳ
3883 1813 4024 1864 ἁπο-

814 1862 1051 1938 uteutcs,
1112 1877 1183 1930 ita
1237 1879 1528 1947 loquitur-z
1599 1884 1877 1952 Siquidem
1930 1862 2071 1942 aliud
2104 1904 2362 1960 praeterea
2394 1884 2480 1967 Β)

2357 1917 2362 1948 ι
2394 1884 2436 1938 Β
2464 1862 2858 1968 χρησαμένους,
2898 1862 3282 1970 τοῦτόιφησίν,
3318 1862 3419 1956 ὅτί,
3440 1862 3633 1973 εἰτμέν
3668 1921 3722 1956 τι
3761 1862 4023 1955 τελειότε·

809 1961 1078 2031 dicerent,
1109 1983 1173 2051 ac
1202 1958 1480 2026 Christum
1519 1975 1750 2031 alterum
1788 1958 2168 2048 pradicarent,
2199 2002 2361 2055 quem

2357 2009 2361 2040 ι
2589 1958 2770 2056 ἔλεγον
2806 1958 2972 2053 οὗτοι,
3016 1958 3122 2044 καὶ.
3141 1958 3332 2062 ἕτερον
3374 1958 3669 2063 ἐκήρυττον
3708 1991 3933 2062 Ἰησοῦν,
3963 1991 4023 2043 ὃν

811 2071 921 2109 non
955 2043 1234 2127 oporteret
1286 2066 1601 2132 pradicare,
1635 2070 1798 2139 idque
1850 2088 1952 2127 nos
1984 2079 2364 2142 praetermitte-
2463 2096 2477 2130 ι

2357 2110 2364 2120 -
2463 2043 2523 2130 οὐ
2554 2043 2892 2152 κηρυχθῆναι
2926 2043 3056 2148 ἔδει,
3091 2043 3335 2154 ἡμεῖςδε
3368 2043 3791 2154 παρελείψαμενι,
3842 2083 4023 2152 καλῶς

811 2161 1017 2212 remus,
1059 2161 1208 2206 recte
1249 2157 1676 2214 sustinuissetis.
1720 2161 1854 2215 Nam
1901 2166 2108 2220 idcirco
2141 2168 2361 2237 adjecit,

811 2254 963 2306 quem
1020 2257 1123 2294 non
1181 2248 1607 2311 prazdicavimus.
1655 2253 1752 2308 Sin
1786 2265 1967 2310 autem
2014 2260 2207 2314 eadem
2243 2261 2363 2317 lidei

812 2330 1012 2399 capita,
1048 2335 1176 2403 quid
1230 2350 1490 2407 przestaut
1547 2346 1764 2414 magis?
1814 2346 2164 2419 Quaecunque
2218 2355 2362 2408 enim

810 2419 1072 2490 dixerint,
1114 2426 1254 2482 nihil
1282 2430 1531 2487 eifutieut
1573 2438 1809 2508 amplius
1837 2456 2001 2509 quam
2029 2458 2128 2497 nos
2161 2443 2363 2501 docue-

813 2527 1004 2570 ι’ωιιιε.

888 2607 1050 2696 eAut
1078 2609 1245 2665 alium
1276 2611 1561 2684 Spiritum
1597 2619 1874 2691 accipitis,
1926 2640 2089 2696 quem
2136 2642 2247 2682 non
2274 2643 2365 2684 ac-

811 2697 1058 2764 cepistis.
1093 2717 1113 2750 ο

883 2785 940 2838 ld
972 2797 1082 2855 est,
1120 2792 1213 2860 qui
1264 2809 1362 2851 vos
1409 2772 1797 2867 locupletiores
1825 2765 2021 2862 reddat
2063 2810 2363 2865 secundum

810 2875 1071 2954 gratiam,

885 2968 1044 3040 ιω
1073 2992 1092 3023 ι
1132 2974 1238 3030 Aut
1261 2977 1409 3031 aliud
1442 2979 1816 3052 Evangelium,
1842 2987 1990 3056 quod
2021 3005 2128 3044 non
2164 2993 2367 3062 recepi-

811 3061 935 3123 stis,
985 3064 1152 3129 juste
1182 3077 1511 3136 pateremur.
1549 3072 1740 3143 Heus.
1789 3075 1868 3149 5.]
1894 3078 2170 3136 Existimo
2219 3061 2365 3138 enim

811 3152 949 3204 nihil
980 3171 1066 3210 me
1099 3157 1282 3214 minus
1312 3161 1505 3218 fecisse
1536 3181 1567 3218 a
1609 3168 1825 3236 magnis
1859 3172 2142 3238 apostolis.
2183 3193 2201 3225 ι

878 3239 1066 3310 Neque
1120 3247 1223 3300 hoc
1274 3265 1490 3305 rursum
1556 3225 1761 3320 fastosa
1831 3225 2050 3312 illorum
2116 3225 2437 3317 facundiaC

810 3343 950 3400 opus
996 3333 1252 3390 habebat.
1291 3337 1437 3394 Nihil
1469 3343 1613 3396 enim
1646 3343 1943 3413 perfectius
1976 3350 2044 3401 ab
2073 3349 2156 3405 eis
2199 3351 2366 3405 colla-

812 3426 929 3474 tum
982 3423 1103 3478 fuit.
1156 3425 1448 3484 Enimvero
1493 3442 1782 3503 postquam
1817 3437 1997 3492 dixit:
2039 3441 2145 3492 Aut
2200 3442 2365 3494 alium

810 3515 992 3570 letum
1040 3524 1354 3588 praedicant,
1389 3526 1696 3594 subjunxit,
1725 3546 1873 3597 quem
1917 3549 2020 3584 non
2059 3534 2368 3600 praedicavi-

813 3622 973 3660 nttts:
1034 3619 1147 3662 tum
1204 3613 1373 3678 dicto,
1441 3625 1532 3666 aut
1582 3617 1747 3690 alium
1799 3621 2078 3687 Spiritum,
2131 3624 2364 3693 adjecit,

812 3715 960 3766 quem
988 3717 1088 3754 non
1112 3706 1422 3774 accepistis.~
1442 3707 1598 3762 Dicto
1623 3708 1880 3780 denique,
1898 3724 1988 3765 aut
2018 3715 2164 3767 aliud
2187 3715 2367 3771 Eran-

814 3792 1028 3859 gelium,
1066 3795 1296 3863 addidit,
1325 3799 1459 3866 quod
1505 3817 1606 3853 non
1646 3805 1936 3870 recepistis.
1976 3822 2071 3874 per
2104 3809 2215 3862 haec
2251 3825 2369 3862 om-

817 3882 906 3934 nia
937 3883 1247 3960 deelarans,
1296 3888 1538 3941 animum
1573 3893 1963 3946 attendendqu
2009 3911 2118 3948 non
2172 3897 2366 3960 fuisse.

816 3971 1034 4042 siquid
1071 3957 1167 4028 illi'
1190 3977 1452 4033 dixerunt
1485 3981 1744 4050 amplius.
1781 3984 1929 4053 quod
1966 3987 2149 4042 dicere
2191 3957 2370 4059 operte

819 4066 1050 4133 pretium
1079 4065 1263 4133 fuerit,
1289 4079 1344 4124 et
1387 4085 1415 4123 a
1447 4073 1618 4128 nobis
1650 4074 1914 4130 omissum
1955 4079 2029 4132 sit
2058 4098 2070 4133 :
2103 4081 2150 4134 si
2189 4091 2367 4137 autem

819 4167 928 4207 non
961 4157 1269 4224 oportebat,
1317 4160 1419 4214 hoc
1466 4161 1519 4214 in
1567 4175 1732 4217 causa
1775 4163 1898 4230 fuit,
1945 4176 2004 4222 ut
2037 4170 2258 4225 minime
2288 4172 2372 4227 di-

817 4251 966 4296 ctum
1005 4245 1135 4299 sita
1185 4248 1363 4302 nobis.
1415 4248 1593 4304 Eccur
1640 4253 1805 4321 igitur
1833 4271 1963 4326 erga
2007 4259 2129 4314 illos
2157 4261 2239 4316 sic
2271 4265 2372 4317 ob-

818 4341 1158 4407 stupescitis,
1189 4344 1281 4413 qui
1319 4346 1450 4400 talia
1477 4347 1765 4403 elfutiant?
2333 4395 2343 4410 .

892 4427 1054 4486 Vens.
1080 4432 1134 4485 ϐ.
1163 4451 1182 4484 ι
1216 4431 1351 4486 Nam
1375 4437 1480 4489 etsi
1509 4438 1796 4507 imperitus
1823 4455 2108 4509 sermone;
2141 4443 2236 4500 sed
2263 4462 2369 4502 non

819 4520 1076 4575 scientia.
1120 4541 1139 4575 ι
2021 4521 2026 4528 ’

889 4611 1029 4677 Quia
1096 4629 1427 4684 magnopere
1490 4618 1567 4671 illi
1618 4618 1989 4677 Graecanicam
2041 4628 2366 4696 sapientiam

817 4702 1169 4773 iactitabant,
1201 4707 1306 4761 hoc
1339 4709 1412 4762 ita
1441 4708 1716 4776 edisserit,
1759 4721 1816 4765 ut
1842 4717 2094 4769 ostendat
2122 4718 2285 4788 hujus
2314 4737 2373 4776 se

821 4808 932 4847 non
963 4793 1198 4864 pudere,
1261 4797 1358 4852 sed
1440 4802 1618 4870 magis
1678 4802 1978 4859 honestari.
2045 4808 2368 4864 Extraneam

821 4886 1022 4953 quippe
1051 4889 1374 4957 sapientiam
1407 4889 1561 4971 illam
1608 4891 1764 4945 nihili
1800 4896 2017 4962 pendet,
2048 4911 2114 4951 ac
2140 4900 2188 4953 si
2227 4903 2371 4955 stul-
2399 4960 2408 4966 ,

823 4974 938 5028 titia
970 4976 1062 5031 sit.

898 5085 916 5114 ι
955 5064 1161 5135 Ubique
1192 5079 1374 5124 autem
1406 5073 1741 5130 manifestati
1792 5092 1983 5134 sumus
2015 5080 2068 5134 in
2115 5081 2372 5138 omnibus

824 5156 893 5211 ad
925 5172 1044 5212 vos.
1083 5176 1101 5208 ι

897 5245 1086 5303 Falsos
1125 5253 1404 5320 apostolos
1437 5255 1765 5312 criminatur
1793 5269 2048 5330 tanquam
2094 5261 2149 5315 in
2176 5265 2377 5317 astutia

827 5339 1268 5396 obambulantes.

897 5427 1060 5486 Vens.
1091 5432 1208 5486 7-9.
1249 5453 1267 5485 ι
1318 5436 1422 5491 Aut
1478 5442 1728 5511 nunquid
1783 5454 2062 5512 peceatum
2094 5445 2216 5506 feci,
2265 5461 2378 5499 me-

2464 2173 2531 2224 ἃν
2554 2175 2782 2244 εῐχεσθε.
2817 2178 2912 2230 Διὰ
2934 2177 3043 2248 γὰρ
3069 2177 3228 2232 τοῦτο
3258 2179 3612 2249 προσέθηκεν,
3649 2179 3719 2232 ὃν
3747 2180 3856 2232 οὐκ
3889 2179 4025 2244 ἐκη-

2457 2267 2744 2334 ρύξαμεν.
2778 2269 2840 2321 Εἰ
2867 2269 2922 2321 δὲ
2951 2270 3018 2322 τὰ
3045 2270 3185 2323 αὐτὰ
3226 2270 3494 2337 κεφάλαια
3532 2271 3632 2341 τῆς
3671 2271 3931 2332 πίστεως,
3969 2269 4022 2321 τί

2462 2356 2524 2408 τὸ
2551 2351 2743 2433 πλέόν;
2773 2352 2914 2413 Ὅσα
2933 2361 3044 2432 γὰρ
3065 2361 3132 2415 ἃν
3154 2363 3400 2428 εἴπωσιν,
3437 2363 3587 2416 οὐδὲν
3619 2363 3778 2416 πλέον
3804 2360 4026 2433 ἐροῦσιν

2463 2441 2538 2500 ὧν
2567 2451 2725 2519 ἡμεῖς
2758 2453 3080 2524 εἰρήκαμεν.
3107 2496 3118 2508 .

2541 2645 2562 2677 ι
2601 2589 2671 2679 Ἦ
2701 2627 2923 2698 Πνεῦμα
2954 2629 3143 2700 ἕτερον
3177 2629 3503 2702 λαμϐάνετε,
3531 2629 3560 2682 δ
3591 2629 3690 2683 οὐκ
3717 2626 3960 2681 ἐλάϐετε.
3994 2641 4015 2678 ι

2534 2803 2814 2871 Τουτέστι,
2841 2807 3273 2880 πλουσιωτέρους
3319 2809 3463 2878 ὑμᾶς
3497 2808 3719 2878 ποιῆσαι
3755 2803 3895 2858 κατὰ
3925 2802 4022 2872 τὴν

2465 2899 2644 2971 χάριν.

2543 3010 2564 3042 t
2599 2991 2668 3044 'H
2689 2992 3024 3064 Editnéltov
3052 2993 3258 3063 ἕτερον,
3282 2992 3312 3046 ὃ
3329 2993 3429 3045 οὐκ
3451 2991 3727 3058 ἐδέξασθε,
3748 2989 3928 3053 καλῶς
3958 2988 4021 3042 ἃν

2465 3084 2698 3153 εῐχεσθε.
2757 3085 3057 3155 Λογίζομαι
3103 3087 3214 3157 γὰρ
3269 3077 3434 3156 μηδὲν
3497 3083 3875 3156 ὑστερηκέναι
3914 3080 4022 3134 τῶν

2471 3176 2608 3244 ὑπὲρ
2637 3175 2758 3228 λίαν
2787 3177 3120 3230 ἀποστόλων.
3157 3196 3176 3229 ι
3209 3166 3214 3172 ’
3747 3190 3750 3192 ⁷

2538 3265 2672 3317 Οὐδὲ
2707 3265 2865 3318 τοῦτο
2889 3267 3052 3320 πάλιν
3079 3268 3178 3337 τῆς
3229 3267 3498 3338 κομψείας
3554 3267 3775 3320 ἐκείνων
3833 3265 4018 3319 ἐδεῖτο.

2467 3339 2632 3405 Οὐδὲν
2689 3349 2801 3415 οὖν,
2857 3353 3013 3422 φησὶ,
3060 3353 3392 3422 τελειότερον
3436 3359 3564 3421 παρ’
3595 3357 3775 3404 αὐτῶν
3811 3355 4022 3418 εἰσενή-

2467 3443 2669 3496 νέκται.
2705 3443 2842 3496 Εἴτε
2867 3441 2976 3512 τὰρ
3006 3438 3242 3509 ἰησόῦν
3269 3443 3677 3511 κηρύσσουσιν,
3730 3440 4020 3508 ἐκηρύξα-

2462 3550 2576 3604 μεν
2601 3544 2629 3584 (ι
2648 3551 2662 3566 ο
2689 3535 2807 3588 alte
2829 3534 3031 3602 ἕτερον
3062 3534 3322 3603 Πνεῦμα,
3353 3533 3548 3596 εἰπὼν,
3607 3532 3968 3603 προσέθηκεν,
3991 3533 4022 3585 ὃ

2468 3628 2577 3679 οὐκ
2599 3625 2839 3679 ἐλάϐετε
2861 3643 2875 3656 ο
2918 3628 2993 3682 ’Ἡ
3007 3626 3371 3694 Εὐαγγέλιον
3406 3626 3609 3692 ἕτερον
3632 3625 3812 3684 πάλιν,
3832 3623 4019 3686 εἰπὼν,

2469 3716 2824 3786 προσέθηκεν,
2851 3716 2882 3769 ὃ
2913 3719 3021 3770 οὐκ
3056 3716 3365 3780 ἐδέξασθε,
3419 3716 3507 3767 διὰ
3553 3714 3768 3767 πάντων
3825 3713 4020 3782 δηλῶν,

2467 3809 2548 3860 ὅτι
2571 3809 2668 3876 οὐχ
2701 3808 2906 3870 ἁπλῶς,
2933 3811 2980 3860 εί
3014 3809 3199 3861 πλεῖόν
3225 3825 3278 3860 τι
3307 3807 3546 3875 λέγουσι,
3577 3806 3863 3877 προσέχειν
3913 3804 4020 3857 δείο

2469 3898 2583 3952 ἀλλ’
2633 3899 2686 3950 εῐ
2727 3915 2778 3950 τι
2837 3897 3015 3969 πλέον,
3040 3898 3224 3966 ελεγον
3255 3897 3284 3948 ὃ
3312 3897 3568 3966 λεχθῆναι
3603 3896 3730 3959 ἔδει,
3763 3895 3857 3948 καὶ
3894 3895 4023 3965 παρ’

2467 3987 2622 4059 ἡμῶν
2676 3986 3030 4058 παρελείφθη.
3093 3987 3157 4039 Εἰ
3206 3986 3264 4040 δὲ
3323 3987 3426 4038 οὐκ
3453 3985 3581 4046 ἔδει,
3609 3983 3696 4036 διὰ
3719 3981 3878 4036 τοῦτο
3903 3981 4024 4034 οὐδὲ

2469 4079 2596 4149 παρ’
2622 4079 2775 4150 ἡμῶν
2806 4077 3052 4148 εἴρηται·
3082 4077 3134 4130 τί
3154 4077 3331 4131 τοίνυν
3358 4075 3583 4131 τοιαῦτα
3610 4075 3868 4143 λέγοντας
3890 4075 4024 4141 πρὸς

2469 4172 2709 4232 ἐκείνους
2735 4169 3000 4239 κεχήνατε
3025 4185 3042 4233 ;

2543 4455 2563 4488 ι
2601 4435 2664 4489 Ei
2699 4434 2759 4488 δὲ
2812 4434 2908 4486 καὶ
2960 4431 3175 4504 ἰδιώτης
3213 4432 3292 4502 τῷ
3329 4429 3494 4502 λόγῳ,
3541 4429 3656 4484 ἀλλ’
3701 4431 3762 4483 οὐ
3786 4433 3855 4501 τῇ
3887 4429 4028 4499 γνὼ-

2399 4549 2446 4608 D
2474 4546 2573 4580 σει.
2607 4545 2626 4578 ι

2552 4619 2766 4688 Ἐπειδὴ
2822 4617 3033 4688 μεγάλα
3082 4612 3394 4683 ἐκόμπαζον
3452 4613 3669 4666 είκεῖνοι
3727 4611 3824 4665 ἐπὶ
3867 4612 4029 4683 cepi;

2481 4711 2790 4780 Ἑλληνικῇ,
2825 4708 2984 4760 τοῦτο
3006 4705 3146 4758 οὕτω
3173 4703 3374 4772 τίθησι,
3417 4702 3630 4766 δεικνὺς
3680 4703 3762 4756 ὅτι
3804 4703 3904 4756 οὐκ
3939 4705 4028 4755 ἀι-

2473 4799 2724 4867 σχύνεται
2753 4796 2932 4860 τοῦτο,
2967 4793 3104 4847 ἀλλὰ
3131 4792 3225 4844 καὶ
3273 4790 3755 4858 ἑγκαλλωπίζεται.
3804 4791 4030 4854 Οὐδενὸς

2472 4893 2581 4960 γὰρ
2612 4891 2828 4960 ἡγεῖται
2858 4886 3015 4953 ἀξίαν
3032 4884 3192 4952 λόγου
3223 4881 3323 4974 τὴν
3347 4881 3452 4946 ἔξω
3483 4882 3695 4951 σοφίαν,
3748 4882 3887 4936 ἀλλὰ
3935 4882 4030 4936 καὶ

2476 4983 2706 5054 μωρίαν.

2551 5094 2568 5125 ι
2633 5074 2774 5127 Ἀλλ’
2817 5073 2876 5125 ὲν
2929 5073 3094 5125 παντὶ
3153 5070 3553 5144 φανερωθέντες
3619 5069 3677 5122 ἑν
3737 5070 3905 5122 πᾶσιν
3949 5068 4028 5132 είς

2475 5172 2638 5240 ὑμᾶς.
2675 5186 2692 5218 ι

2549 5258 2836 5313 Διαῦάλλςι
2861 5257 2987 5320 τοὺς
3009 5256 3490 5326 ψευδαποστόλους,
3522 5254 3596 5317 ὡς
3637 5255 3696 5306 ὲν
3725 5255 4030 5324 πανουργίᾳ

2479 5371 2546 5407 πε
2555 5366 2930 5424 ριπατουντας.

2553 5463 2572 5495 ι
2612 5445 2682 5495 Ἦ
2718 5440 2986 5512 ἁμαρτίαν
3029 5441 3280 5510 ἐποίησα,
3337 5437 3569 5509 ἐμαυτὸν
3603 5438 3900 5499 ταπεινῶν,
3945 5437 4031 5492 ἱνα

2083 5578 2312 5634 VARUS
2349 5575 2746 5635 LECTIUNES.

898 5705 1221 5774 PChrysost.
1262 5711 1427 5774 εἰκὸς.
1489 5728 1512 5767 1
1551 5715 1786 5776 Emendo
1807 5729 1858 5776 ct
1885 5722 1998 5792 lego
2021 5737 2085 5777 ex
2110 5722 2394 5792 Chrysost.
2421 5722 2544 5776 Εἴτε
2571 5720 2677 5790 γὰρ
2704 5709 3082 5784 ἄλλονΊησοῧν
3109 5709 3487 5780 κηρύσσουσινι
3512 5709 3703 5778 εῖπὼνν
3731 5714 4026 5785 ἱπήγαγεν.

822 5777 885 5840 δυ
911 5778 1012 5832 οὐκ
1051 5780 1417 5850 ἐκηρύξαμεν.
