4218 6448
223 434 315 497 16!

1327 441 1409 502 IN
1446 441 1680 502 EPIST.
1714 442 1813 501 AD
1849 443 2202 509 CORINTH.
2238 451 2319 512 II.

3313 449 3417 512 762

218 544 373 612 ὑμεῖς
404 541 674 614 ὑψωθῆτε,
703 543 788 598 δτι
817 543 1024 615 δωρεὰν
1052 547 1113 600 τὸ
1145 546 1238 599 τοῦ
1269 546 1405 601 Θεοῦ
1452 550 1777 619 Εὑαγγέλιον
1806 556 1823 609 Λ

1879 552 2056 621 ipsum
2087 555 2396 622 liumilians,
2414 565 2472 611 ut
2495 572 2593 614 vos
2612 559 2944 623 exaltemini,
2964 560 3219 628 quoniam
3249 564 3416 629 gratis

218 634 655 706 εὐηγγελισάμην
673 636 837 705 ὑμῖν;
872 636 1072 700 ’Δλλας
1139 638 1464 710 Ἐκκλησίας
1508 642 1767 713 ἐσύλησα,

218 726 395 780 λαϐὼν
423 726 650 795 ὀψώνιον
683 727 820 798 πρὸς
839 728 937 805 τήν
983 728 1137 798 ὑμῶν
1190 730 1480 788 διακονίαν.
1524 735 1635 788 Καὶ
1669 754 1771 789 πα-

220 819 325 891 ρὼν
367 822 506 895 πρὸς
562 821 725 893 ὑμᾶς,
777 827 872 880 καὶ
929 828 1267 900 ὑστερηθεὶς,
1300 830 1360 882 οὑ
1387 834 1772 904 κατενάρκησα

213 910 455 975 οὑθενός.
474 913 547 967 Τὸ
570 914 675 987 γὰρ
702 916 986 988 ὑστέρημά
1014 937 1115 989 μου
1144 922 1678 994 προσανεπλήρωσαν
1721 926 1771 977 οί

216 1003 453 1073 ἀδελφοὶ,
505 1007 747 1072 ἐλθόντες
790 1009 899 1063 ἀπὸ
950 1011 1307 1078 Μακεδονίας,
1350 1016 1446 1067 καὶ
1500 1016 1559 1068 έν
1609 1018 1773 1071 παντὶ

216 1096 395 1168 ἀϐαρῆ
436 1100 563 1169 ὑμῖν
584 1102 821 1172 ἐμαυτὸν
856 1104 1121 1175 ἐτήρησα,
1157 1107 1251 1161 καὶ
1278 1109 1523 1178 τηρήσω.
1557 1128 1576 1159 ι

291 1191 358 1244 Ὃ
385 1190 531 1259 λέγει
551 1186 786 1245 τοιοῦτόν
805 1195 973 1248 ἐστιν·
1001 1195 1094 1249 Ἐν
1122 1199 1449 1269 στενοχωρίᾳ
1476 1198 1660 1269 διῆγον
1679 1200 1772 1254 καὶ⁵

220 1282 377 1352 πενία
407 1283 631 1356 ἐσχάτῃ,
664 1286 794 1356 παρ’
832 1286 963 1356 ὑμῖν
1015 1287 1110 1352 ὢν,
1155 1290 1250 1343 καὶ
1285 1282 1592 1362 ’κηρύττων
1643 1293 1772 1361 ὑμῖν

216 1373 309 1425 τὸν
340 1373 515 1441 λόγον.
549 1375 718 1430 Τοῦτο
736 1373 830 1431 οὖν
871 1395 962 1448 μοι
986 1378 1136 1449 ἔχετε
1175 1380 1451 1448 ἐγκαλεῖν,
1488 1384 1580 1436 καὶ
1616 1382 1772 1435 τοῦτο

216 1462 481 1533 ἥμαρτον,
537 1467 618 1519 ὅτι
665 1468 889 1537 εἱλόμην
938 1468 1178 1535 ἐμαυτὸν
1228 1470 1431 1540 θλίψαι,
1486 1474 1572 1527 ἵνα
1617 1474 1772 1545 ὑμεῖς

218 1555 551 1627 ὼφεληθῆτε.
580 1558 749 1612 Τοῦτο
775 1560 880 1631 γάρ
897 1561 1013 1614 ἐστι
1036 1561 1120 1627 τὸ,
1140 1562 1442 1632 ὑψωθῆτε.

286 1873 306 1904 ι
351 1856 537 1909 Ἔστιν
562 1855 785 1927 ἀλήθεια
815 1858 1050 1929 Χριστοῦ
1082 1860 1141 1913 έν
1164 1860 1307 1931 ἐμοί.
1347 1880 1367 1915 ι

282 1947 374 2015 Μὴ
392 1948 668 2017 νομίσητε,
702 1948 899 2017 φησιν,
918 1950 998 2003 ὃτι
1024 1950 1111 2003 διὰ
1129 1950 1287 2005 τοῦτο
1317 1949 1467 2007 εἷπον
1492 1954 1575 2007 ἵνα
1600 1953 1768 2009 λάϐω.

215 2038 369 2090 Ἐστι
393 2038 521 2107 γὰρ,
560 2041 741 2109 φησὶν,
771 2040 996 2111 ἀλήθεια
1020 2043 1077 2095 έν
1105 2042 1247 2114 ἐμοί.

284 2149 305 2180 ι
340 2130 462 2182 Ὀτι
492 2134 524 2201 ή
563 2131 830 2202 καύχησις
862 2131 998 2203 αὕτη
1033 2134 1094 2187 ού
1149 2147 1491 2209 φραγήσεται
1547 2140 1627 2203 είς
1674 2140 1771 2211 ἐμὲ

210 2222 267 2273 ὲν
292 2225 406 2292 τοῖς
434 2223 658 2291 κλίμασι
677 2224 779 2293 τῆς
804 2225 1048 2296 Ἀχαΐας.
1080 2227 1180 2280 Διὰ
1205 2228 1259 2281 τί
1283 2247 1296 2295 ;
1327 2230 1410 2284 ὅτι
1442 2231 1543 2285 οὑκ
1574 2232 1770 2301 ἀγαπῶ

209 2314 388 2383 ὑμᾶς;
431 2315 488 2367 '0
516 2315 646 2379 Θεὸς
671 2312 829 2370 οἶδεν.
873 2318 938 2370 '0
955 2317 1013 2371 δὲ
1042 2319 1200 2385 ποιῶ,
1234 2323 1327 2374 καὶ
1364 2323 1596 2391 ποιήσω.
1639 2303 1691 2377 ι’

277 2480 560 2550 Καύχησιν
580 2480 633 2534 δὲ
655 2482 714 2535 τὸ
744 2483 975 2553 πρᾶγμα
1004 2484 1175 2538 καλεῖ.
1676 2566 1679 2567 ν

285 2591 305 2624 ι
340 2574 458 2626 Ἵνα
502 2573 559 2626 δὲ
620 2573 835 2643 ἐκκόψω
893 2575 992 2643 τήν
1039 2575 1293 2647 ἀφορμὴν
1349 2574 1459 2628 τῶν
1509 2574 1770 2627 θελόντων

208 2662 463 2733 ἀφορμήν
488 2680 503 2695 ο
545 2664 630 2717 ἵνα
698 2664 757 2716 ὲν
812 2656 858 2732 ᾧ
899 2665 1232 2736 καυχῶνται,
1283 2667 1543 2738 εὑρεθῶσι
1594 2665 1805 2728 καθὼς

209 2760 303 2811 καὶ
328 2760 511 2828 ἡμεῖς.
551 2778 569 2811 ι

289 2850 507 2921 Ἐπειδὴ
534 2851 643 2922 γὰρ
668 2850 827 2905 τοῦτο
856 2852 1186 2916 ἐσπούδαζον
1207 2854 1425 2914 ἐκεῖνοι,
1452 2852 1623 2931 λαϐήν
1650 2868 1771 2903 τινα
1837 2873 1845 2882 ·

208 2942 388 3014 εὑρεῖν
436 2946 551 2996 κατ’
591 2942 755 2997 αὑτοῦ
813 2944 888 3006 ὡς
945 2945 1375 3016 φιλοχρημάτου,
1421 2947 1515 2998 καὶ
1564 2944 1769 3014 ταύτην

206 3038 450 3105 ἀναιρεῖν
469 3036 813 3101 ἐσπούδαζεν.
901 3084 906 3095 .
1043 3034 1049 3041 ’
1422 3029 1431 3038 ’

278 3146 297 3178 ι
336 3130 397 3179 Οἱ
433 3128 539 3198 γὰρ
567 3126 795 3180 τοιοῦτοι
822 3126 1263 3197 ψευδαπόστολοι.
1300 3128 1529 3197 ἐργάται
1583 3127 1766 3195 δόλιοι,

210 3219 810 3289 μετασχηματιζόμενοι
849 3222 929 3284 εἰς
987 3220 1311 3283 ἀποστόλους
1341 3221 1598 3292 Χριστοῦ.
1661 3223 1771 3275 Καὶ
1799 3246 1841 3304 C

204 3312 263 3363 οὐ
291 3312 605 3381 θαυμαστόν
629 3330 647 3349 ο
676 3312 839 3376 αὐτὸς
871 3314 983 3379 γὰρ
1011 3315 1039 3366 ὁ
1068 3313 1309 3378 Σατανᾶς
1365 3316 1774 3384 μετασχηματί-

205 3404 357 3462 ζεται
386 3404 469 3461 είς
501 3398 730 3466 ἄγγελον
765 3400 962 3467 φωτός.
1002 3419 1022 3452 ι
1112 3420 1119 3427 ·
1443 3466 1447 3471 ⁵

274 3491 372 3542 Διὰ
410 3490 584 3552 τοῦτο,
616 3492 770 3560 φησὶ,
801 3489 1265 3561 ψευδαποστόλους
1306 3492 1474 3554 καλῶ,
1537 3493 1619 3547 ὅτι
1673 3511 1777 3570 τοι.

206 3580 347 3633 αὔτα
374 3580 760 3651 ὑποκρίνονται
782 3582 981 3646 πάντα,
1014 3582 1099 3636 ἵνα
1127 3585 1500 3655 άπατήσωσιν.
1555 3586 1771 3657 Ἐπειδὴ

204 3671 313 3741 γὰρ
370 3671 570 3736 ῐσασιν,
618 3673 698 3725 ὅτι
749 3673 950 3744 ἑτέρως
995 3676 1095 3728 οὑκ
1137 3676 1203 3729 ἂν
1254 3677 1495 3743 γένοιντο
1536 3678 1773 3747 εὐπαρά-

206 3762 403 3825 δεκτοι,
428 3762 488 3815 τὸ
515 3762 802 3832 πρόσωπον
828 3763 1163 3833 λαμϐάνουσι
1217 3766 1317 3835 τῆς
1358 3766 1639 3836 ἀληθείας,
1685 3769 1772 3821 ἵνα

206 3854 263 3906 τὸ
290 3855 475 3924 ὅραμα
538 3856 640 3924 τῆς
678 3854 885 3923 πλάνης
920 3856 1343 3927 ὑποκρίνωνται,
1371 3858 1466 3911 καὶ
1516 3860 1779 3930 χρήματα,

207 3944 473 4011 φάσκουσι
513 3941 586 4013 μή
609 3942 922 4012 λαμϐάνειν,
949 3943 1036 3996 ἵνα
1074 3944 1292 3997 πλείονα
1322 3944 1584 3999 λάϐωσιν.
1614 3935 1618 3939 ⁴
1645 3942 1652 3950 ’

280 4052 299 4084 ι
340 4033 418 4085 υὺ
450 4034 589 4102 μέγα
614 4031 727 4097 οὖν,
758 4035 807 4087 εί
836 4034 931 4087 καὶ
959 4035 1009 4087 οί
1038 4034 1272 4089 διάκονοι
1304 4037 1470 4091 αὑτοῦ
1498 4055 1769 4110 μετασχηο

211 4124 549 4194 ματίξονται.
589 4142 607 4174 ι

278 4220 342 4271 Ἀ
356 4220 570 4286 778.107-
592 4216 803 4285 φωτὸς,
829 4217 922 4271 τὸν
970 4219 1281 4290 παρρησίαν
1304 4219 1492 4290 ἔχοντα
1540 4221 1767 4291 ἄγγελον

206 4309 370 4377 λέγει.
429 4308 552 4362 Εἰσὶ
599 4308 705 4381 γὰρ
735 4308 953 4378 άγγελοι
999 4312 1221 4375 σκότους
1254 4305 1421 4378 οὗτοι,
1456 4312 1504 4365 oi
1530 4312 1623 4365 τοῦ
1650 4313 1765 4366 δια-

212 4400 387 4454 ϐόλου.
501 4452 511 4460 ,
1176 4451 1179 4455 .

278 4506 296 4536 ι
330 4487 417 4550 Ὡς
446 4486 679 4540 διάκονοι
701 4487 1062 4559 δικαιοσύνης,
1084 4484 1159 4544 ὧν
1191 4490 1252 4543 τὸ
1270 4491 1423 4556 τέλος
1445 4490 1597 4545 ἔσται
1624 4492 1763 4547 κατᾶ

204 4578 269 4631 τὰ
301 4580 438 4649 ἔργα
474 4580 673 4636 αὐτῶν.
710 4600 730 4633 ι

272 4672 451 4740 Ὅπερ
480 4673 637 4743 ήμείς
660 4673 849 4744 έσμεν,
887 4675 1153 4763 φησὶνδοῐ
1191 4675 1253 4728 τὸ
1285 4675 1615 4745 Εὑαγγέλιον
1663 4694 1820 4755 κη-λι

209 4760 510 4831 ρύττοντες.

281 4872 300 4903 ι
328 4853 494 4907 Πάλιν
517 4854 658 4923 λέγω
684 4855 781 4927 (μή
817 4873 902 4917 τις
924 4874 990 4926 με
1013 4856 1139 4929 δόξῃ
1168 4859 1377 4929 ἄφρονα
1399 4855 1583 4928 εἶναι).
1640 4878 1659 4911 ι

273 5036 383 5088 K1".
411 5034 519 5105 γὰρ
548 5035 649 5105 ήδη
670 5035 1139 5108 προδωρθώσατο.

274 5146 293 5179 ι
345 5128 411 5181 ΕΞ
436 5126 492 5178 δὲ
523 5126 597 5195 μή
625 5144 708 5193 γε,
750 5128 945 5191 κᾶνώς
974 5130 1179 5197 ἄφρονα
1215 5129 1438 5197 δέξασθέ
1474 5149 1561 5202 με.
1600 5152 1618 5183 ι

272 5220 443 5273 Τοῦτο
464 5221 573 5289 γὰρ
600 5219 819 5274 ἐκείνων
842 5215 908 5293 ἦν
941 5221 1118 5294 ἔργον,
1150 5223 1211 5276 τό
1239 5224 1416 5288 αἰτίας
1469 5225 1544 5295 μὴ
1597 5225 1763 5297 οὔσης

206 5310 532 5379 καυχᾶσθαι.

276 5421 294 5451 ι
329 5401 444 5453 Ἰνα
482 5400 635 5469 κάγὼ
667 5402 861 5471 μικρόν
892 5420 945 5457 τι
981 5406 1360 5475 καυχήσωμαι.
1400 5408 1464 5459 '0
1498 5406 1662 5471 λαλῶ,
1699 5408 1760 5461 ού

209 5494 342 5546 κιτα
374 5492 577 5561 Κύριον
612 5492 777 5559 λαλῶ,
800 5494 913 5547 ἀλλ’
941 5495 1016 5559 ὡς
1046 5498 1102 5548 ὲν
1126 5496 1419 5568 ἀφροσύνῃ.
1462 5515 1481 5546 ι

276 5677 443 5729 Πάλιν
488 5678 552 5747 τῇ
590 5678 877 5751 προσθήκη
918 5678 1023 5733 τοῦ
1061 5676 1276 5748 μικροῦ
1320 5676 1658 5746 ἐπικουφίζει
1696 5676 1757 5731 τὸ

213 5768 389 5839 βάρος.

276 5879 294 5915 ι
347 5861 430 5915 Ἐν
479 5861 643 5933 ταύτῃ
678 5864 742 5932 τῆ
776 5862 1067 5919 ὑποστάσει
1092 5863 1184 5933 τῆς
1215 5862 1553 5934 καυχήσεως.
1590 5881 1606 5915 ι

1872 643 2221 716 Evangelium
2249 646 2341 702 Dei
2363 650 2726 718 evangelizavi
2750 650 2939 705 vobis?
2967 651 3117 704 Alias
3143 649 3418 705 Ecclesias

1870 740 2189 809 exspoliavi,
2235 741 2507 811 accipiens
2562 743 2886 811 slipendium
2928 741 2995 796 ad
3050 742 3415 796 ministerium

1871 838 2131 884 vestrum.
2167 830 2231 884 Et
2258 846 2381 885 cum
2405 848 2581 887 essem
2614 834 2757 904 apud
2791 849 2918 923 vos,‘
2938 818 2992 888 et
3020 848 3258 902 egerem,
3284 831 3421 886 nulli
3485 887 3488 890 .

1868 936 2134 977 onerosus
2160 922 2257 978 fui.
2289 921 2444 989 Quod
2479 926 2609 979 mihi
2653 925 2860 991 deerat,
2894 921 3285 995 suppleverunt
3309 924 3420 976 l'ra-

1849 1022 1999 1079 tres,
2048 1016 2138 1083 qui
2171 1024 2436 1070 venerunt
2479 1017 2545 1072 de
2580 1016 2921 1073 Macedonia.
2973 1017 3039 1071 Et
3068 1017 3123 1071 in
3168 1014 3422 1070 omnibus

1870 1107 1994 1165 sine
2021 1120 2186 1161 onere
2214 1123 2298 1162 me
2326 1107 2486 1163 vobis
2510 1109 2719 1163 servavi
2751 1116 2805 1162 et
2839 1110 3089 1162 servabo.
3127 1127 3146 1160 ι

1938 1197 2056 1253 Hoc
2102 1199 2248 1269 quod
2280 1200 2435 1265 dicit,
2468 1201 2614 1256 hunc
2656 1202 2817 1256 habet
2857 1215 3076 1256 sensum
3109 1218 3125 1255 :
3164 1200 3218 1254 ln
3250 1211 3424 1270 angu-

1870 1295 1971 1349 stia
1998 1295 2241 1364 agebam,
2268 1306 2322 1351 et
2352 1297 2405 1351 in
2434 1305 2676 1351 extrema
2717 1297 2944 1366 penuria
2984 1296 3243 1349 versabar
3280 1294 3424 1364 apud

1871 1402 1987 1446 vos.
2019 1386 2147 1440 dum
2188 1389 2413 1443 verbum
2445 1389 2622 1457 ,vobis
2672 1388 3049 1458 praedicarem.
3096 1386 3211 1441 Hoc
3242 1388 3427 1456 itaque

1868 1489 1951 1531 est
1979 1478 2138 1545 cuius
2170 1494 2254 1533 me
2303 1493 2563 1534 accusare
2612 1480 2857 1548 possitis,
2904 1480 3114 1548 hocque
3145 1486 3426 1545 peccatum

1875 1582 2054 1620 mcum
2108 1576 2213 1633 est,
2262 1569 2409 1637 quod
2464 1585 2549 1622 me
2587 1556 2823 1638 allligcrc
2872 1570 2987 1638 ipse
3032 1569 3318 1633 voluerim,
3370 1575 3430 1620 ιιι

1873 1653 2031 1708 vobis
2064 1654 2379 1723 adjumento
2408 1671 2606 1712 essem.
2653 1655 2788 1710 Nam
2838 1657 2894 1711 id
2936 1657 3281 1731 signiﬁcatur
3322 1655 3430 1711 isto

1872 1746 2056 1809 verbo,
2087 1754 2145 1799 ιιι
2171 1744 2503 1799 exaltemini.
2913 1793 2922 1803 .

1943 1837 2111 1891 Vens.
2151 1836 2236 1892 10.
2267 1856 2286 1889 ι
2324 1836 2420 1892 Est
2449 1838 2653 1892 veritas
2693 1837 2896 1893 Christi
2944 1839 3000 1893 in
3034 1852 3141 1892 me.
3176 1855 3197 1890 ι

1944 1929 2021 1983 Ne
2049 1928 2397 1993 existimetis,
2429 1927 2631 1998 inquit,
2660 1928 2774 1982 haec
2804 1942 2833 1980 a
2873 1944 2960 1983 me
2987 1928 3135 1983 dicta
3163 1943 3291 1985 esse
3314 1927 3431 1983 ani-

1876 2008 1965 2075 mo
1990 2019 2318 2091 accipiendi.
2356 2020 2486 2073 Nam
2519 2020 2572 2074 in
2610 2034 2696 2074 me
2724 2018 2928 2073 veritas
2963 2019 3203 2073 exsistit.

1945 2109 2112 2165 Vsus.
2150 2111 2236 2165 ll.
2285 2129 2305 2161 ι
2355 2109 2627 2177 Quoniam
2675 2109 2791 2164 hac
2847 2109 3105 2180 gloriatio
3140 2124 3253 2163 non
3298 2124 3432 2179 prae-

1875 2205 2126 2258 cludetur
2160 2204 2213 2257 in
2244 2218 2331 2258 me
2371 2202 2425 2257 in
2458 2202 2773 2272 regionibus
2808 2201 3046 2256 Achaiae.
3088 2199 3281 2274 [νεεδ.
3318 2200 3429 2274 11.]

1875 2289 2095 2357 Quare?
2118 2293 2245 2361 quia
2278 2306 2387 2345 non
2424 2290 2588 2362 diligo
2627 2291 2769 2346 vos?
2797 2290 2943 2347 Deus
2970 2282 3101 2347 scit.
3143 2289 3298 2358 Quod
3329 2306 3430 2346 au-

1876 2389 1983 2435 tem
2009 2382 2168 2447 facio,
2199 2389 2253 2436 et
2279 2380 2492 2436 faciam.
2534 2401 2553 2433 ι

1947 2472 2078 2527 Rem
2109 2488 2273 2544 porro
2306 2474 2687 2543 gloriationem
2719 2482 2899 2528 vocat.

1952 2562 2115 2617 Vens.
2150 2563 2234 2617 12.
2278 2582 2295 2614 ι
2336 2562 2409 2625 Ut.
2440 2571 2618 2618 autem
2652 2574 2925 2633 amputem
2958 2566 3299 2620 occasionem
3340 2578 3433 2618 eo-

1879 2670 2017 2717 rum,
2052 2655 2145 2725 qui
2179 2656 2368 2709 volnnt
2396 2656 2770 2727 occasionem,
2805 2666 2863 2711 ut
2892 2657 2945 2711 in
2972 2673 3081 2728 quo
3108 2658 3430 2729 gloriantur,

1877 2735 2228 2799 inveniantur
2256 2746 2397 2800 sicut
2426 2754 2480 2800 et
2510 2763 2628 2802 nos.
2669 2766 2688 2800 ι

1947 2834 2082 2899 Quia
2129 2835 2205 2889 illi
2239 2836 2477 2890 studium
2510 2836 2803 2905 ponebant,
2852 2847 2910 2892 ιιι
2948 2838 3098 2892 illius
3133 2837 3432 2907 reprelien-

1875 2926 2039 2981 dendi
2094 2942 2314 2981 causam
2370 2928 2700 2993 invenirent,
2755 2931 2912 3000 quasi
2970 2944 3169 2987 avarus
3241 2938 3430 2998 esset;

1876 3019 2015 3074 hanc
2049 3018 2239 3074 tollere
2272 3020 2391 3089 ipse
2428 3019 2813 3077 contendebat.

1950 3108 2109 3164 Vsus.
2146 3110 2245 3175 13,
2292 3110 2379 3164 14.
2410 3129 2428 3162 ι
2478 3110 2610 3166 Nam
2654 3124 2708 3167 et
2753 3113 3019 3184 ejusmodi
3086 3115 3430 3185 pseudoapo-

1875 3202 2004 3258 stoli
2040 3209 2170 3257 sunt
2219 3202 2459 3271 operarii
2508 3202 2745 3269 sulidoli,
2782 3206 3345 3275 transﬁgurantes'se
3376 3207 3433 3259 in

1877 3292 2151 3363 apostolos
2178 3291 2406 3347 Christi.
2456 3291 2522 3345 Et
2558 3308 2669 3348 non
2712 3295 2909 3349 mirum
2943 3314 2958 3351 :
2996 3297 3111 3364 ipse
3143 3298 3290 3352 enim
3330 3296 3434 3354 Sa-

1878 3393 2035 3436 tanas
2063 3382 2417 3451 transﬁgurat
2454 3398 2513 3437 se
2547 3383 2603 3436 in
2640 3385 2895 3455 angelum
2933 3386 3093 3441 lucis.
3128 3405 3148 3439 ι

1948 3468 2105 3538 150
2152 3467 2384 3532 Idcirco,
2433 3471 2531 3536 ait,
2587 3471 2755 3528 falsos
2801 3475 3085 3544 apostolos
3124 3475 3268 3539 dico,
3301 3477 3431 3547 quia

1874 3559 2281 3621 istlueclomnia
2321 3560 2605 3641 simulant,
2654 3575 2711 3619 ut
2764 3564 3059 3636 decipiant.
3115 3564 3249 3622 Nam
3294 3583 3427 3624 cum

1873 3651 2058 3706 sciant
2083 3652 2245 3707 aliter
2278 3667 2386 3707 non
2416 3667 2575 3723 posse
2600 3654 2716 3711 ﬁeri
2742 3667 2801 3711 ut
2834 3658 3045 3727 accepti
3085 3660 3215 3723 sint,
3247 3675 3432 3728 persoo

1872 3758 1997 3797 nam
2031 3744 2274 3799 veritatis
2299 3745 2555 3812 induunt,
2600 3756 2662 3801 ut
2705 3746 2945 3803 fabulam
2982 3749 3173 3804 ludant
3203 3755 3426 3815 erroris,

1872 3818 2129 3905 aiuntque
2164 3852 2224 3892 se
2251 3853 2360 3893 non
2394 3841 2643 3910 accipere
2694 3844 2977 3912 pecunias,
3045 3854 3103 3900 ut
3141 3847 3429 3918 ampliores

1868 3936 2184 3995 emungant.

1943 4016 2104 4072 Vens.
2146 4017 2232 4071 15.
2270 4035 2288 4069 ι
2324 4018 2438 4075 Non
2472 4007 2602 4092 ergo
2640 4036 2892 4093 magnum
2943 4025 2989 4081 si
3034 4026 3268 4081 ministri
3308 4027 3428 4099 ejus

1869 4112 2343 4181 transfigurantur.
2383 4132 2401 4166 ι

1936 4202 2190 4273 Angelum
2234 4206 2365 4259 lucis
2394 4205 2528 4261 dicit
2582 4208 2733 4263 illum
2760 4211 2852 4281 qui
2889 4210 3116 4269 ﬁdenter
3148 4222 3205 4269 et
3257 4215 3427 4272 libere

1866 4291 2135 4362 loquatur.
2173 4292 2307 4348 Nam
2343 4305 2470 4351 sunt
2490 4298 2692 4371 alioqui
2721 4303 2899 4373 angeli
2935 4303 3025 4359 isti
3050 4308 3426 4372 tenebrarum,

1862 4382 2061 4437 diaboli
2104 4384 2376 4457 videlicet.

1938 4492 1958 4526 ι
2001 4474 2155 4530 Sicut
2181 4478 2420 4532 ministri
2458 4480 2709 4550 iustitiae,
2738 4499 2969 4553 quorum
3005 4486 3127 4543 linis
3178 4489 3284 4544 erit
3342 4505 3425 4546 se-

1798 4590 1841 4645 ”
1869 4566 2105 4619 cundum
2134 4581 2296 4636 opera
2329 4568 2592 4639 ipsorum.
2637 4590 2655 4622 ι

1939 4656 2138 4721 Quales
2164 4674 2266 4714 nos
2291 4676 2504 4726 sumus,
2536 4662 2733 4733 inquit,
2762 4667 2852 4735 qui
2867 4666 3227 4737 praedicamus
3253 4668 3424 4725 Evan-

1861 4747 2086 4829 ‘gelium.

1940 4837 2103 4894 Vsus.
2144 4830 2237 4893 16.
2281 4859 2299 4893 ι
2333 4839 2533 4896 lterum
2559 4842 2684 4898 dico
2713 4844 2804 4914 (ne
2829 4848 2954 4917 quis
2988 4865 3071 4905 me
3102 4858 3254 4921 putet
3281 4851 3421 4909 insi-

1863 4931 2095 5001 pientem
2142 4932 2307 5004 esse).
2350 4952 2369 4985 ι

1931 5019 2049 5075 Jam
2077 5023 2219 5077 enim
2254 5033 2379 5080 ante
2404 5041 2819 5095 prazmonuerat.

1939 5130 1956 5160 ι
1990 5109 2205 5177 Alioqui
2247 5114 2393 5168 velut
2417 5116 2763 5185 insipientem
2798 5122 3030 5193 accipite
3050 5140 3155 5179 me.
3191 5143 3211 5178 ι

1933 5200 2046 5254 Hoc.
2078 5204 2278 5274 quippe
2311 5220 2447 5276 opus
2492 5209 2710 5265 illorum
2753 5226 2893 5278 crat,
2926 5222 2984 5268 ut
3014 5217 3183 5285 gratis
3220 5216 3431 5288 gloria?

1862 5305 2075 5347 1⁸8111111⁸.

1939 5406 1957 5438 ι
2000 5386 2067 5440 Ut
2100 5395 2155 5441 et
2190 5404 2289 5459 ego
2325 5392 2592 5448 modicum
2642 5397 2771 5466 quid
2814 5400 3032 5468 glorier.
3081 5400 3269 5473 [νεεδ.
3303 5403 3415 5477 17.]

1866 5476 2019 5544 Quod
2079 5480 2288 5547 loquor,
2328 5498 2430 5535 non
2483 5485 2675 5555 loquor
2729 5476 3025 5545 sesuudum
3076 5492 3265 5560 Deum,
3321 5476 3413 5550 sed

1867 5570 2021 5640 quasi
2057 5570 2109 5621 in
2152 5570 2481 5641 insipientia.
2517 5594 2536 5628 ι

1934 5682 2261 5736 Gravitatem
2290 5682 2430 5738 levat
2468 5688 2682 5755 iterum,
2710 5693 2977 5761 addendo,
3006 5695 3286 5753 modicum.

1942 5882 1959 5915 ι
1998 5860 2055 5917 1η
2092 5863 2190 5922 hac
2234 5868 2536 5925 substantia
2582 5854 2783 5943 gloria).
2821 5890 2839 5923 ι
2907 5876 2917 5889 '
