  <div class='ocr_page' id='page_1' title='image "/cluster/home/n/w/nwhite01/storage/ocr_20150623/95/nnc1.0046979816/387.png"; bbox 0 0 4218 6448; ppageno 0'>
   <div class='ocr_carea' id='block_1_1' title="bbox 760 417 866 481">
    <p class='ocr_par' dir='ltr' id='par_1_1' title="bbox 760 417 866 481">
     <span class='ocr_line' id='line_1_1' title="bbox 760 417 866 481; baseline 0 0"><span class='ocrx_word' id='word_1_1' title='bbox 760 417 866 481; x_wconf 83' lang='grc'><strong>763</strong></span> 
     </span>
    </p>
   </div>
   <div class='ocr_carea' id='block_1_2' title="bbox 763 623 2318 695">
    <p class='ocr_par' dir='ltr' id='par_1_2' title="bbox 763 623 2318 695">
     <span class='ocr_line' id='line_1_2' title="bbox 763 623 2318 695; baseline 0.006 -24"><span class='ocrx_word' id='word_1_2' title='bbox 763 623 988 673; x_wconf 90' lang='lat' dir='ltr'><strong>minnm.</strong></span> <span class='ocrx_word' id='word_1_3' title='bbox 1021 623 1244 687; x_wconf 79' lang='lat' dir='ltr'><strong><em>Quando</em></strong></span> <span class='ocrx_word' id='word_1_4' title='bbox 1273 625 1430 686; x_wconf 78' lang='lat' dir='ltr'><strong>enim,</strong></span> <span class='ocrx_word' id='word_1_5' title='bbox 1480 624 1656 693; x_wconf 96' lang='lat' dir='ltr'><strong>inquit</strong></span> <span class='ocrx_word' id='word_1_6' title='bbox 1705 624 1985 690; x_wconf 85' lang='lat' dir='ltr'><strong>Dominus,</strong></span> <span class='ocrx_word' id='word_1_7' title='bbox 2033 627 2210 680; x_wconf 83' lang='lat' dir='ltr'><strong><em>omnia</em></strong></span> <span class='ocrx_word' id='word_1_8' title='bbox 2239 627 2318 695; x_wconf 79' lang='lat' dir='ltr'><strong>Ie-</strong></span> 
     </span>
    </p>
   </div>
   <div class='ocr_carea' id='block_1_3' title="bbox 761 713 2071 778">
    <p class='ocr_par' dir='ltr' id='par_1_3' title="bbox 761 713 2071 778">
     <span class='ocr_line' id='line_1_3' title="bbox 761 713 2071 778; baseline 0.005 -13"><span class='ocrx_word' id='word_1_9' title='bbox 761 714 963 776; x_wconf 78' lang='lat' dir='ltr'><strong>ceritis,</strong></span> <span class='ocrx_word' id='word_1_10' title='bbox 993 715 1174 775; x_wconf 82' lang='lat' dir='ltr'><strong>dicite,</strong></span> <span class='ocrx_word' id='word_1_11' title='bbox 1204 713 1344 778; x_wconf 79' lang='lat' dir='ltr'><strong>Quia</strong></span> <span class='ocrx_word' id='word_1_12' title='bbox 1383 718 1517 770; x_wconf 76' lang='lat' dir='ltr'><strong>servi</strong></span> <span class='ocrx_word' id='word_1_13' title='bbox 1548 718 1759 771; x_wconf 71' lang='lat' dir='ltr'><strong>inutile:</strong></span> <span class='ocrx_word' id='word_1_14' title='bbox 1785 735 1966 772; x_wconf 77' lang='lat' dir='ltr'><strong>sumus</strong></span> <span class='ocrx_word' id='word_1_15' title='bbox 2008 721 2071 772; x_wconf 79' lang='lat'><strong>&quot;.</strong></span> 
     </span>
    </p>
   </div>
   <div class='ocr_carea' id='block_1_4' title="bbox 838 803 2320 880">
    <p class='ocr_par' dir='ltr' id='par_1_4' title="bbox 838 803 2320 880">
     <span class='ocr_line' id='line_1_4' title="bbox 838 803 2320 880; baseline 0.006 -26"><span class='ocrx_word' id='word_1_16' title='bbox 838 803 996 858; x_wconf 75' lang='lat' dir='ltr'><strong>Vsus.</strong></span> <span class='ocrx_word' id='word_1_17' title='bbox 1041 805 1224 860; x_wconf 73' lang='lat'><strong>18-20.</strong></span> <span class='ocrx_word' id='word_1_18' title='bbox 1263 826 1280 857; x_wconf 76' lang='grc' dir='ltr'><strong>ι</strong></span> <span class='ocrx_word' id='word_1_19' title='bbox 1330 807 1562 874; x_wconf 79' lang='lat' dir='ltr'><strong>Quand&#39;o</strong></span> <span class='ocrx_word' id='word_1_20' title='bbox 1602 809 1754 863; x_wconf 86' lang='lat' dir='ltr'><strong>mulli</strong></span> <span class='ocrx_word' id='word_1_21' title='bbox 1786 811 2089 880; x_wconf 72' lang='lat' dir='ltr'><strong>gloriantur</strong></span> <span class='ocrx_word' id='word_1_22' title='bbox 2131 827 2320 865; x_wconf 87' lang='lat' dir='ltr'><strong>secun-</strong></span> 
     </span>
    </p>
   </div>
   <div class='ocr_carea' id='block_1_5' title="bbox 763 894 2320 968">
    <p class='ocr_par' dir='ltr' id='par_1_5' title="bbox 763 894 2320 968">
     <span class='ocr_line' id='line_1_5' title="bbox 763 894 2320 968; baseline 0.005 -24"><span class='ocrx_word' id='word_1_23' title='bbox 763 894 893 946; x_wconf 88' lang='lat' dir='ltr'><strong>dum</strong></span> <span class='ocrx_word' id='word_1_24' title='bbox 929 909 1174 959; x_wconf 91' lang='lat' dir='ltr'><strong>carnem,</strong></span> <span class='ocrx_word' id='word_1_25' title='bbox 1208 906 1263 952; x_wconf 92' lang='lat' dir='ltr'><strong>et</strong></span> <span class='ocrx_word' id='word_1_26' title='bbox 1290 914 1391 968; x_wconf 84' lang='lat' dir='ltr'><strong>ego</strong></span> <span class='ocrx_word' id='word_1_27' title='bbox 1421 899 1712 966; x_wconf 74' lang='lat' dir='ltr'><strong>gloriabor.</strong></span> <span class='ocrx_word' id='word_1_28' title='bbox 1743 897 2004 955; x_wconf 85' lang='lat' dir='ltr'><strong>Libenter</strong></span> <span class='ocrx_word' id='word_1_29' title='bbox 2025 902 2169 955; x_wconf 90' lang='lat' dir='ltr'><strong>enim</strong></span> <span class='ocrx_word' id='word_1_30' title='bbox 2203 899 2320 954; x_wconf 88' lang='lat' dir='ltr'><strong>suf-</strong></span> 
     </span>
    </p>
   </div>
   <div class='ocr_carea' id='block_1_6' title="bbox 766 983 2320 1060">
    <p class='ocr_par' dir='ltr' id='par_1_6' title="bbox 766 983 2320 1060">
     <span class='ocr_line' id='line_1_6' title="bbox 766 983 2320 1060; baseline 0.005 -23"><span class='ocrx_word' id='word_1_31' title='bbox 766 983 915 1039; x_wconf 82' lang='lat' dir='ltr'><strong>lertts</strong></span> <span class='ocrx_word' id='word_1_32' title='bbox 957 989 1294 1056; x_wconf 72' lang='lat' dir='ltr'><strong>insipientes,</strong></span> <span class='ocrx_word' id='word_1_33' title='bbox 1331 1005 1454 1044; x_wconf 92' lang='lat' dir='ltr'><strong>cum</strong></span> <span class='ocrx_word' id='word_1_34' title='bbox 1489 991 1606 1044; x_wconf 88' lang='lat' dir='ltr'><strong>sitis</strong></span> <span class='ocrx_word' id='word_1_35' title='bbox 1644 992 1746 1060; x_wconf 89' lang='lat' dir='ltr'><strong>ipsi</strong></span> <span class='ocrx_word' id='word_1_36' title='bbox 1791 993 2086 1060; x_wconf 80' lang='lat' dir='ltr'><strong>sapientes.</strong></span> <span class='ocrx_word' id='word_1_37' title='bbox 2140 991 2320 1046; x_wconf 87' lang='lat' dir='ltr'><strong>Susti-</strong></span> 
     </span>
    </p>
   </div>
   <div class='ocr_carea' id='block_1_7' title="bbox 761 1075 2321 1152">
    <p class='ocr_par' dir='ltr' id='par_1_7' title="bbox 761 1075 2321 1152">
     <span class='ocr_line' id='line_1_7' title="bbox 761 1075 2321 1152; baseline 0.009 -28"><span class='ocrx_word' id='word_1_38' title='bbox 761 1075 903 1126; x_wconf 73' lang='lat' dir='ltr'><strong>netis</strong></span> <span class='ocrx_word' id='word_1_39' title='bbox 931 1076 1075 1128; x_wconf 91' lang='lat' dir='ltr'><strong>enim</strong></span> <span class='ocrx_word' id='word_1_40' title='bbox 1101 1077 1146 1132; x_wconf 93' lang='lat' dir='ltr'><strong>si</strong></span> <span class='ocrx_word' id='word_1_41' title='bbox 1178 1081 1302 1146; x_wconf 89' lang='lat' dir='ltr'><strong>quis</strong></span> <span class='ocrx_word' id='word_1_42' title='bbox 1335 1095 1430 1132; x_wconf 88' lang='lat' dir='ltr'><strong>vos</strong></span> <span class='ocrx_word' id='word_1_43' title='bbox 1449 1081 1503 1132; x_wconf 91' lang='lat' dir='ltr'><strong>in</strong></span> <span class='ocrx_word' id='word_1_44' title='bbox 1531 1083 1842 1134; x_wconf 82' lang='lat' dir='ltr'><strong>servitutem</strong></span> <span class='ocrx_word' id='word_1_45' title='bbox 1870 1082 2084 1152; x_wconf 75' lang='lat' dir='ltr'><strong>redigit,</strong></span> <span class='ocrx_word' id='word_1_46' title='bbox 2119 1083 2164 1136; x_wconf 87' lang='lat' dir='ltr'><strong>si</strong></span> <span class='ocrx_word' id='word_1_47' title='bbox 2193 1082 2321 1152; x_wconf 88' lang='lat' dir='ltr'><strong>quis</strong></span> 
     </span>
    </p>
   </div>
   <div class='ocr_carea' id='block_1_8' title="bbox 761 1166 2337 1247">
    <p class='ocr_par' dir='ltr' id='par_1_8' title="bbox 761 1166 2337 1247">
     <span class='ocr_line' id='line_1_8' title="bbox 761 1166 2337 1247; baseline 0.008 -31"><span class='ocrx_word' id='word_1_48' title='bbox 761 1166 1004 1229; x_wconf 79' lang='lat' dir='ltr'><strong>devorat,</strong></span> <span class='ocrx_word' id='word_1_49' title='bbox 1037 1168 1082 1221; x_wconf 91' lang='lat' dir='ltr'><strong>si</strong></span> <span class='ocrx_word' id='word_1_50' title='bbox 1127 1169 1250 1237; x_wconf 90' lang='lat' dir='ltr'><strong>quis</strong></span> <span class='ocrx_word' id='word_1_51' title='bbox 1278 1171 1496 1241; x_wconf 88' lang='lat' dir='ltr'><strong>accipit,</strong></span> <span class='ocrx_word' id='word_1_52' title='bbox 1534 1173 1579 1227; x_wconf 90' lang='lat' dir='ltr'><strong>si</strong></span> <span class='ocrx_word' id='word_1_53' title='bbox 1610 1172 1732 1247; x_wconf 70' lang='lat' dir='ltr'><strong>qpis</strong></span> <span class='ocrx_word' id='word_1_54' title='bbox 1777 1173 2074 1239; x_wconf 81' lang='lat' dir='ltr'><strong>extollitur,</strong></span> <span class='ocrx_word' id='word_1_55' title='bbox 2117 1173 2165 1229; x_wconf 88' lang='lat' dir='ltr'><strong>si</strong></span> <span class='ocrx_word' id='word_1_56' title='bbox 2199 1174 2337 1244; x_wconf 70' lang='lat' dir='ltr'><strong>quis</strong></span> 
     </span>
    </p>
   </div>
   <div class='ocr_carea' id='block_1_9' title="bbox 762 1256 1439 1316">
    <p class='ocr_par' dir='ltr' id='par_1_9' title="bbox 762 1256 1439 1316">
     <span class='ocr_line' id='line_1_9' title="bbox 762 1256 1439 1316; baseline 0.004 -7"><span class='ocrx_word' id='word_1_57' title='bbox 762 1256 817 1310; x_wconf 93' lang='lat' dir='ltr'><strong>in</strong></span> <span class='ocrx_word' id='word_1_58' title='bbox 854 1256 1044 1311; x_wconf 84' lang='lat' dir='ltr'><strong>faciem</strong></span> <span class='ocrx_word' id='word_1_59' title='bbox 1077 1275 1174 1313; x_wconf 90' lang='lat' dir='ltr'><strong>vos</strong></span> <span class='ocrx_word' id='word_1_60' title='bbox 1203 1261 1381 1316; x_wconf 63' lang='lat' dir='ltr'><strong>caedit.</strong></span> <span class='ocrx_word' id='word_1_61' title='bbox 1419 1281 1439 1312; x_wconf 72' lang='grc' dir='ltr'><strong>ι</strong></span> 
     </span>
    </p>
   </div>
   <div class='ocr_carea' id='block_1_10' title="bbox 836 1350 2322 1430">
    <p class='ocr_par' dir='ltr' id='par_1_10' title="bbox 836 1350 2322 1430">
     <span class='ocr_line' id='line_1_10' title="bbox 836 1350 2322 1430; baseline 0.009 -29"><span class='ocrx_word' id='word_1_62' title='bbox 836 1350 1058 1404; x_wconf 84' lang='lat' dir='ltr'><strong>Scilicet</strong></span> <span class='ocrx_word' id='word_1_63' title='bbox 1088 1352 1157 1406; x_wconf 90' lang='lat' dir='ltr'><strong>ab</strong></span> <span class='ocrx_word' id='word_1_64' title='bbox 1190 1354 1255 1409; x_wconf 91' lang='lat' dir='ltr'><strong>iis</strong></span> <span class='ocrx_word' id='word_1_65' title='bbox 1285 1369 1407 1423; x_wconf 69' lang='lat' dir='ltr'><strong>quae</strong></span> <span class='ocrx_word' id='word_1_66' title='bbox 1438 1356 1711 1410; x_wconf 77' lang='lat' dir='ltr'><strong>exteriora</strong></span> <span class='ocrx_word' id='word_1_67' title='bbox 1755 1365 1906 1423; x_wconf 90' lang='lat' dir='ltr'><strong>sunt,</strong></span> <span class='ocrx_word' id='word_1_68' title='bbox 1938 1367 2063 1430; x_wconf 84' lang='lat' dir='ltr'><strong>puta</strong></span> <span class='ocrx_word' id='word_1_69' title='bbox 2101 1374 2131 1412; x_wconf 89' lang='lat' dir='ltr'><strong>a</strong></span> <span class='ocrx_word' id='word_1_70' title='bbox 2164 1360 2322 1413; x_wconf 84' lang='lat' dir='ltr'><strong>nobi-</strong></span> 
     </span>
    </p>
   </div>
   <div class='ocr_carea' id='block_1_11' title="bbox 767 1442 2320 1517">
    <p class='ocr_par' dir='ltr' id='par_1_11' title="bbox 767 1442 2320 1517">
     <span class='ocr_line' id='line_1_11' title="bbox 767 1442 2320 1517; baseline 0.006 -23"><span class='ocrx_word' id='word_1_71' title='bbox 767 1442 936 1502; x_wconf 84' lang='lat' dir='ltr'><strong>litate,</strong></span> <span class='ocrx_word' id='word_1_72' title='bbox 971 1458 998 1495; x_wconf 87' lang='lat' dir='ltr'><strong>a</strong></span> <span class='ocrx_word' id='word_1_73' title='bbox 1024 1444 1260 1506; x_wconf 84' lang='lat' dir='ltr'><strong>divitiis,</strong></span> <span class='ocrx_word' id='word_1_74' title='bbox 1286 1461 1316 1498; x_wconf 87' lang='lat' dir='ltr'><strong>a</strong></span> <span class='ocrx_word' id='word_1_75' title='bbox 1351 1447 1636 1515; x_wconf 89' lang='lat' dir='ltr'><strong>sapientia,</strong></span> <span class='ocrx_word' id='word_1_76' title='bbox 1667 1463 1698 1502; x_wconf 89' lang='lat' dir='ltr'><strong>a</strong></span> <span class='ocrx_word' id='word_1_77' title='bbox 1741 1450 2173 1517; x_wconf 89' lang='lat' dir='ltr'><strong>circumcisione,</strong></span> <span class='ocrx_word' id='word_1_78' title='bbox 2205 1461 2258 1506; x_wconf 89' lang='lat' dir='ltr'><strong>et</strong></span> <span class='ocrx_word' id='word_1_79' title='bbox 2291 1468 2320 1504; x_wconf 93' lang='lat' dir='ltr'><strong>a</strong></span> 
     </span>
    </p>
   </div>
   <div class='ocr_carea' id='block_1_12' title="bbox 767 1533 2010 1614">
    <p class='ocr_par' dir='ltr' id='par_1_12' title="bbox 767 1533 2010 1614">
     <span class='ocr_line' id='line_1_12' title="bbox 767 1533 2010 1614; baseline 0.013 -31"><span class='ocrx_word' id='word_1_80' title='bbox 767 1534 1086 1600; x_wconf 78' lang='lat' dir='ltr'><strong>parentibus</strong></span> <span class='ocrx_word' id='word_1_81' title='bbox 1119 1533 1146 1587; x_wconf 83' lang='lat' dir='ltr'><strong>J</strong></span> <span class='ocrx_word' id='word_1_82' title='bbox 1157 1536 1342 1590; x_wconf 67' lang='lat' dir='ltr'><strong>udaeis.</strong></span> <span class='ocrx_word' id='word_1_83' title='bbox 1996 1599 2010 1614; x_wconf 80' lang='grc'><strong>,</strong></span> 
     </span>
    </p>
   </div>
   <div class='ocr_carea' id='block_1_13' title="bbox 840 1621 2214 1699">
    <p class='ocr_par' dir='ltr' id='par_1_13' title="bbox 840 1621 2214 1699">
     <span class='ocr_line' id='line_1_13' title="bbox 840 1621 2214 1699; baseline 0.006 -26"><span class='ocrx_word' id='word_1_84' title='bbox 840 1621 1000 1676; x_wconf 71' lang='lat' dir='ltr'><strong>Vens.</strong></span> <span class='ocrx_word' id='word_1_85' title='bbox 1034 1624 1122 1677; x_wconf 86' lang='lat' dir='ltr'><strong>2i.</strong></span> <span class='ocrx_word' id='word_1_86' title='bbox 1160 1643 1179 1676; x_wconf 78' lang='grc' dir='ltr'><strong>ι</strong></span> <span class='ocrx_word' id='word_1_87' title='bbox 1220 1624 1530 1683; x_wconf 86' lang='lat' dir='ltr'><strong>Secundum</strong></span> <span class='ocrx_word' id='word_1_88' title='bbox 1570 1629 1957 1699; x_wconf 89' lang='lat' dir='ltr'><strong>ignobilitatem</strong></span> <span class='ocrx_word' id='word_1_89' title='bbox 2003 1629 2148 1683; x_wconf 92' lang='lat' dir='ltr'><strong>dico.</strong></span> <span class='ocrx_word' id='word_1_90' title='bbox 2195 1648 2214 1681; x_wconf 75' lang='grc' dir='ltr'><strong>ι</strong></span> 
     </span>
    </p>
   </div>
   <div class='ocr_carea' id='block_1_14' title="bbox 836 1713 2323 1791">
    <p class='ocr_par' dir='ltr' id='par_1_14' title="bbox 836 1713 2323 1791">
     <span class='ocr_line' id='line_1_14' title="bbox 836 1713 2323 1791; baseline 0.009 -27"><span class='ocrx_word' id='word_1_91' title='bbox 836 1713 950 1766; x_wconf 73' lang='lat' dir='ltr'><strong>Non</strong></span> <span class='ocrx_word' id='word_1_92' title='bbox 988 1715 1130 1784; x_wconf 89' lang='lat' dir='ltr'><strong>quod</strong></span> <span class='ocrx_word' id='word_1_93' title='bbox 1174 1718 1441 1786; x_wconf 87' lang='lat' dir='ltr'><strong>vapulatis</strong></span> <span class='ocrx_word' id='word_1_94' title='bbox 1471 1739 1483 1773; x_wconf 92' lang='lat'>:</span> <span class='ocrx_word' id='word_1_95' title='bbox 1531 1721 1624 1774; x_wconf 90' lang='lat' dir='ltr'><strong>sed</strong></span> <span class='ocrx_word' id='word_1_96' title='bbox 1654 1722 1778 1788; x_wconf 86' lang='lat' dir='ltr'><strong>quia</strong></span> <span class='ocrx_word' id='word_1_97' title='bbox 1823 1718 1958 1772; x_wconf 89' lang='lat' dir='ltr'><strong>nihil</strong></span> <span class='ocrx_word' id='word_1_98' title='bbox 1990 1719 2170 1776; x_wconf 87' lang='lat' dir='ltr'><strong>minus</strong></span> <span class='ocrx_word' id='word_1_99' title='bbox 2204 1736 2323 1791; x_wconf 87' lang='lat' dir='ltr'><strong>pcr-</strong></span> 
     </span>
    </p>
   </div>
   <div class='ocr_carea' id='block_1_15' title="bbox 768 1799 2146 1878">
    <p class='ocr_par' dir='ltr' id='par_1_15' title="bbox 768 1799 2146 1878">
     <span class='ocr_line' id='line_1_15' title="bbox 768 1799 2146 1878; baseline 0.004 -20"><span class='ocrx_word' id='word_1_100' title='bbox 768 1806 911 1873; x_wconf 90' lang='lat' dir='ltr'><strong>pcssi</strong></span> <span class='ocrx_word' id='word_1_101' title='bbox 940 1807 1094 1872; x_wconf 91' lang='lat' dir='ltr'><strong>estis,</strong></span> <span class='ocrx_word' id='word_1_102' title='bbox 1135 1823 1295 1876; x_wconf 88' lang='lat' dir='ltr'><strong>quam</strong></span> <span class='ocrx_word' id='word_1_103' title='bbox 1344 1810 1379 1863; x_wconf 90' lang='lat' dir='ltr'><strong>ii</strong></span> <span class='ocrx_word' id='word_1_104' title='bbox 1411 1799 1589 1878; x_wconf 57' lang='lat' dir='ltr'><strong>qui&#39;in</strong></span> <span class='ocrx_word' id='word_1_105' title='bbox 1621 1809 1809 1863; x_wconf 81' lang='lat' dir='ltr'><strong>faciem</strong></span> <span class='ocrx_word' id='word_1_106' title='bbox 1846 1808 2146 1865; x_wconf 63' lang='lat' dir='ltr'><strong>caeduntur.</strong></span> 
     </span>
    </p>
   </div>
   <div class='ocr_carea' id='block_1_16' title="bbox 1881 421 2744 485">
    <p class='ocr_par' dir='ltr' id='par_1_16' title="bbox 1881 421 2744 485">
     <span class='ocr_line' id='line_1_16' title="bbox 1881 421 2744 485; baseline -0.002 -3"><span class='ocrx_word' id='word_1_107' title='bbox 1881 425 1940 482; x_wconf 90' lang='lat' dir='ltr'><strong>S.</strong></span> <span class='ocrx_word' id='word_1_108' title='bbox 1964 422 2284 485; x_wconf 79' lang='lat' dir='ltr'><strong>JOANNIS</strong></span> <span class='ocrx_word' id='word_1_109' title='bbox 2321 421 2744 482; x_wconf 72' lang='lat' dir='ltr'><strong>DAMASCENI</strong></span> 
     </span>
    </p>
   </div>
   <div class='ocr_carea' id='block_1_17' title="bbox 835 526 2388 600">
    <p class='ocr_par' dir='ltr' id='par_1_17' title="bbox 835 526 2388 600">
     <span class='ocr_line' id='line_1_17' title="bbox 835 526 2388 600; baseline 0.007 -21"><span class='ocrx_word' id='word_1_110' title='bbox 835 526 965 582; x_wconf 85' lang='lat' dir='ltr'><strong>Vide</strong></span> <span class='ocrx_word' id='word_1_111' title='bbox 1000 529 1272 598; x_wconf 86' lang='lat' dir='ltr'><strong>quomodo</strong></span> <span class='ocrx_word' id='word_1_112' title='bbox 1305 531 1556 600; x_wconf 79' lang='lat' dir='ltr'><strong>gloriatio</strong></span> <span class='ocrx_word' id='word_1_113' title='bbox 1597 547 1704 586; x_wconf 91' lang='lat' dir='ltr'><strong>non</strong></span> <span class='ocrx_word' id='word_1_114' title='bbox 1757 533 1829 588; x_wconf 91' lang='lat' dir='ltr'><strong>sit</strong></span> <span class='ocrx_word' id='word_1_115' title='bbox 1859 533 2157 587; x_wconf 85' lang='lat' dir='ltr'><strong>secundum</strong></span> <span class='ocrx_word' id='word_1_116' title='bbox 2204 532 2310 586; x_wconf 84' lang='lat' dir='ltr'><strong>Do-</strong></span> <span class='ocrx_word' id='word_1_117' title='bbox 2342 535 2388 591; x_wconf 83' lang='grc' dir='ltr'><strong>Α</strong></span> 
     </span>
    </p>
   </div>
   <div class='ocr_carea' id='block_1_18' title="bbox 3861 425 3971 489">
    <p class='ocr_par' dir='ltr' id='par_1_18' title="bbox 3861 425 3971 489">
     <span class='ocr_line' id='line_1_18' title="bbox 3861 425 3971 489; baseline -0.009 0"><span class='ocrx_word' id='word_1_118' title='bbox 3861 425 3971 489; x_wconf 75' lang='grc' dir='ltr'><strong>τοι</strong></span> 
     </span>
    </p>
   </div>
   <div class='ocr_carea' id='block_1_19' title="bbox 2517 529 3992 603">
    <p class='ocr_par' dir='ltr' id='par_1_19' title="bbox 2517 529 3992 603">
     <span class='ocr_line' id='line_1_19' title="bbox 2517 529 3992 603; baseline 0.001 -21"><span class='ocrx_word' id='word_1_119' title='bbox 2517 531 2656 598; x_wconf 86' lang='grc' dir='ltr'>Ὅρα</span> <span class='ocrx_word' id='word_1_120' title='bbox 2691 529 2807 594; x_wconf 81' lang='grc' dir='ltr'><strong>πῶς</strong></span> <span class='ocrx_word' id='word_1_121' title='bbox 2831 529 2892 582; x_wconf 80' lang='grc' dir='ltr'><strong>τδ</strong></span> <span class='ocrx_word' id='word_1_122' title='bbox 2936 531 3235 601; x_wconf 80' lang='grc' dir='ltr'><strong>καυχᾶσθαι</strong></span> <span class='ocrx_word' id='word_1_123' title='bbox 3261 533 3323 586; x_wconf 81' lang='grc' dir='ltr'>οὐ</span> <span class='ocrx_word' id='word_1_124' title='bbox 3370 532 3510 587; x_wconf 87' lang='grc' dir='ltr'><strong>κατά</strong></span> <span class='ocrx_word' id='word_1_125' title='bbox 3553 531 3772 603; x_wconf 79' lang='grc' dir='ltr'>Κύριον.</span> <span class='ocrx_word' id='word_1_126' title='bbox 3821 535 3992 590; x_wconf 82' lang='grc' dir='ltr'>Ὅταν</span> 
     </span>
    </p>
   </div>
   <div class='ocr_carea' id='block_1_20' title="bbox 2419 621 3991 696">
    <p class='ocr_par' dir='ltr' id='par_1_20' title="bbox 2419 621 3991 696">
     <span class='ocr_line' id='line_1_20' title="bbox 2419 621 3991 696; baseline 0.004 -22"><span class='ocrx_word' id='word_1_127' title='bbox 2419 623 2528 690; x_wconf 77' lang='grc' dir='ltr'><strong>γὰρ</strong></span> <span class='ocrx_word' id='word_1_128' title='bbox 2597 622 2793 675; x_wconf 76' lang='grc' dir='ltr'>πάντα</span> <span class='ocrx_word' id='word_1_129' title='bbox 2829 621 3137 691; x_wconf 80' lang='grc' dir='ltr'><strong>ποιήσητε,</strong></span> <span class='ocrx_word' id='word_1_130' title='bbox 3192 624 3347 694; x_wconf 81' lang='grc' dir='ltr'>φησὶ,</span> <span class='ocrx_word' id='word_1_131' title='bbox 3383 626 3604 696; x_wconf 70' lang='grc' dir='ltr'>λέγετε,</span> <span class='ocrx_word' id='word_1_132' title='bbox 3635 625 3725 678; x_wconf 82' lang='grc' dir='ltr'>ὅτι</span> <span class='ocrx_word' id='word_1_133' title='bbox 3778 625 3991 681; x_wconf 73' lang='grc' dir='ltr'>Δοῦλοι</span> 
     </span>
    </p>
   </div>
   <div class='ocr_carea' id='block_1_21' title="bbox 2421 715 2888 783">
    <p class='ocr_par' dir='ltr' id='par_1_21' title="bbox 2421 715 2888 783">
     <span class='ocr_line' id='line_1_21' title="bbox 2421 715 2888 783; baseline 0 -14"><span class='ocrx_word' id='word_1_134' title='bbox 2421 715 2649 782; x_wconf 77' lang='grc' dir='ltr'>ἀχρεῖοί</span> <span class='ocrx_word' id='word_1_135' title='bbox 2686 715 2888 783; x_wconf 80' lang='grc' dir='ltr'>ἐσμεν.</span> 
     </span>
    </p>
   </div>
   <div class='ocr_carea' id='block_1_22' title="bbox 2493 808 3988 878">
    <p class='ocr_par' dir='ltr' id='par_1_22' title="bbox 2493 808 3988 878">
     <span class='ocr_line' id='line_1_22' title="bbox 2493 808 3988 878; baseline 0.003 -20"><span class='ocrx_word' id='word_1_136' title='bbox 2493 825 2511 857; x_wconf 81' lang='grc' dir='ltr'><strong>ι</strong></span> <span class='ocrx_word' id='word_1_137' title='bbox 2559 809 2706 860; x_wconf 79' lang='grc' dir='ltr'>Ἐπεὶ</span> <span class='ocrx_word' id='word_1_138' title='bbox 2746 808 2926 860; x_wconf 79' lang='grc' dir='ltr'>πολλοὶ</span> <span class='ocrx_word' id='word_1_139' title='bbox 2946 809 3253 876; x_wconf 76' lang='grc' dir='ltr'><strong>καυχῶνται</strong></span> <span class='ocrx_word' id='word_1_140' title='bbox 3276 808 3419 861; x_wconf 88' lang='grc' dir='ltr'><strong>κατά</strong></span> <span class='ocrx_word' id='word_1_141' title='bbox 3441 809 3640 878; x_wconf 86' lang='grc' dir='ltr'>σάρκα,</span> <span class='ocrx_word' id='word_1_142' title='bbox 3675 809 3828 877; x_wconf 78' lang='grc' dir='ltr'>κάγὼ</span> <span class='ocrx_word' id='word_1_143' title='bbox 3849 825 3988 862; x_wconf 79' lang='grc' dir='ltr'>καυ-</span> 
     </span>
    </p>
   </div>
   <div class='ocr_carea' id='block_1_23' title="bbox 2421 898 3987 970">
    <p class='ocr_par' dir='ltr' id='par_1_23' title="bbox 2421 898 3987 970">
     <span class='ocr_line' id='line_1_23' title="bbox 2421 898 3987 970; baseline 0.001 -20"><span class='ocrx_word' id='word_1_144' title='bbox 2421 898 2677 968; x_wconf 81' lang='grc' dir='ltr'>χήσομαι.</span> <span class='ocrx_word' id='word_1_145' title='bbox 2726 898 2924 962; x_wconf 79' lang='grc' dir='ltr'>Ἡδέως</span> <span class='ocrx_word' id='word_1_146' title='bbox 2955 899 3062 970; x_wconf 82' lang='grc' dir='ltr'>γὰρ</span> <span class='ocrx_word' id='word_1_147' title='bbox 3084 899 3340 969; x_wconf 83' lang='grc' dir='ltr'>ἀνέχεσθε</span> <span class='ocrx_word' id='word_1_148' title='bbox 3374 901 3481 952; x_wconf 86' lang='grc' dir='ltr'><strong>τῶν</strong></span> <span class='ocrx_word' id='word_1_149' title='bbox 3519 902 3766 970; x_wconf 78' lang='grc' dir='ltr'><strong>ἀφρόνων</strong></span> <span class='ocrx_word' id='word_1_150' title='bbox 3788 941 3803 963; x_wconf 88' lang='grc'><strong>,</strong></span> <span class='ocrx_word' id='word_1_151' title='bbox 3854 901 3987 968; x_wconf 84' lang='grc' dir='ltr'>φρό-</span> 
     </span>
    </p>
   </div>
   <div class='ocr_carea' id='block_1_24' title="bbox 2422 989 3981 1062">
    <p class='ocr_par' dir='ltr' id='par_1_24' title="bbox 2422 989 3981 1062">
     <span class='ocr_line' id='line_1_24' title="bbox 2422 989 3981 1062; baseline 0 -22"><span class='ocrx_word' id='word_1_152' title='bbox 2422 1007 2566 1058; x_wconf 87' lang='grc' dir='ltr'>νιμοι</span> <span class='ocrx_word' id='word_1_153' title='bbox 2592 991 2762 1053; x_wconf 75' lang='grc' dir='ltr'>ὄντες.</span> <span class='ocrx_word' id='word_1_154' title='bbox 2811 991 3090 1060; x_wconf 79' lang='grc' dir='ltr'>Ἀνέχεσθε</span> <span class='ocrx_word' id='word_1_155' title='bbox 3139 991 3245 1062; x_wconf 85' lang='grc' dir='ltr'><strong>γάρ</strong></span> <span class='ocrx_word' id='word_1_156' title='bbox 3278 993 3332 1044; x_wconf 77' lang='grc' dir='ltr'><strong>εἰ</strong></span> <span class='ocrx_word' id='word_1_157' title='bbox 3352 1009 3435 1054; x_wconf 91' lang='grc' dir='ltr'><strong>τις</strong></span> <span class='ocrx_word' id='word_1_158' title='bbox 3466 991 3608 1060; x_wconf 81' lang='grc' dir='ltr'>ὑμᾶς</span> <span class='ocrx_word' id='word_1_159' title='bbox 3643 989 3981 1054; x_wconf 81' lang='grc' dir='ltr'><strong>καταδουλοῖ,</strong></span> 
     </span>
    </p>
   </div>
   <div class='ocr_carea' id='block_1_25' title="bbox 2422 1082 3983 1153">
    <p class='ocr_par' dir='ltr' id='par_1_25' title="bbox 2422 1082 3983 1153">
     <span class='ocr_line' id='line_1_25' title="bbox 2422 1082 3983 1153; baseline -0.001 -18"><span class='ocrx_word' id='word_1_160' title='bbox 2422 1083 2478 1135; x_wconf 75' lang='grc' dir='ltr'>εἴ</span> <span class='ocrx_word' id='word_1_161' title='bbox 2508 1099 2591 1145; x_wconf 87' lang='grc' dir='ltr'><strong>τις</strong></span> <span class='ocrx_word' id='word_1_162' title='bbox 2615 1082 2905 1145; x_wconf 78' lang='grc' dir='ltr'><strong>κατεσθίει,</strong></span> <span class='ocrx_word' id='word_1_163' title='bbox 2953 1083 3004 1134; x_wconf 85' lang='grc' dir='ltr'><strong>εῖ</strong></span> <span class='ocrx_word' id='word_1_164' title='bbox 3050 1099 3133 1145; x_wconf 89' lang='grc' dir='ltr'><strong>τις</strong></span> <span class='ocrx_word' id='word_1_165' title='bbox 3157 1083 3445 1153; x_wconf 73' lang='grc' dir='ltr'>λαμόάνει,</span> <span class='ocrx_word' id='word_1_166' title='bbox 3491 1083 3543 1136; x_wconf 82' lang='grc' dir='ltr'><strong>εἰ</strong></span> <span class='ocrx_word' id='word_1_167' title='bbox 3568 1099 3650 1146; x_wconf 89' lang='grc' dir='ltr'><strong>τις</strong></span> <span class='ocrx_word' id='word_1_168' title='bbox 3675 1082 3983 1152; x_wconf 79' lang='grc' dir='ltr'>ἐπαίρεται,</span> 
     </span>
    </p>
   </div>
   <div class='ocr_carea' id='block_1_26' title="bbox 2389 1165 3429 1245">
    <p class='ocr_par' dir='ltr' id='par_1_26' title="bbox 2389 1165 3429 1245">
     <span class='ocr_line' id='line_1_26' title="bbox 2389 1165 3429 1245; baseline 0 -20"><span class='ocrx_word' id='word_1_169' title='bbox 2389 1165 2396 1171; x_wconf 77' lang='grc'><em>’</em></span> <span class='ocrx_word' id='word_1_170' title='bbox 2421 1173 2476 1225; x_wconf 88' lang='grc' dir='ltr'><strong>εῖ</strong></span> <span class='ocrx_word' id='word_1_171' title='bbox 2498 1190 2582 1236; x_wconf 90' lang='grc' dir='ltr'><strong>τις</strong></span> <span class='ocrx_word' id='word_1_172' title='bbox 2601 1174 2682 1236; x_wconf 81' lang='grc' dir='ltr'><strong>είς</strong></span> <span class='ocrx_word' id='word_1_173' title='bbox 2718 1174 3006 1245; x_wconf 84' lang='grc' dir='ltr'>πρόσωπον</span> <span class='ocrx_word' id='word_1_174' title='bbox 3034 1172 3178 1243; x_wconf 78' lang='grc' dir='ltr'>ὑμᾶς</span> <span class='ocrx_word' id='word_1_175' title='bbox 3209 1173 3370 1245; x_wconf 81' lang='grc' dir='ltr'>δέρει.</span> <span class='ocrx_word' id='word_1_176' title='bbox 3411 1193 3429 1225; x_wconf 76' lang='grc' dir='ltr'><strong>ι</strong></span> 
     </span>
    </p>
   </div>
   <div class='ocr_carea' id='block_1_27' title="bbox 2493 1341 3988 1410">
    <p class='ocr_par' dir='ltr' id='par_1_27' title="bbox 2493 1341 3988 1410">
     <span class='ocr_line' id='line_1_27' title="bbox 2493 1341 3988 1410; baseline -0.001 -14"><span class='ocrx_word' id='word_1_177' title='bbox 2493 1344 2803 1408; x_wconf 85' lang='grc' dir='ltr'>Τουτέστιν,</span> <span class='ocrx_word' id='word_1_178' title='bbox 2824 1345 2932 1398; x_wconf 74' lang='grc' dir='ltr'><strong>ἀπὸ</strong></span> <span class='ocrx_word' id='word_1_179' title='bbox 2960 1344 3069 1397; x_wconf 81' lang='grc' dir='ltr'>τῶν</span> <span class='ocrx_word' id='word_1_180' title='bbox 3097 1343 3318 1410; x_wconf 78' lang='grc' dir='ltr'>ἔξωθεν,</span> <span class='ocrx_word' id='word_1_181' title='bbox 3362 1343 3471 1398; x_wconf 78' lang='grc' dir='ltr'><strong>ἀπὸ</strong></span> <span class='ocrx_word' id='word_1_182' title='bbox 3524 1341 3821 1410; x_wconf 78' lang='grc' dir='ltr'>εὐγενείας,</span> <span class='ocrx_word' id='word_1_183' title='bbox 3876 1341 3988 1396; x_wconf 76' lang='grc' dir='ltr'><strong>ἀπὺ</strong></span> 
     </span>
    </p>
   </div>
   <div class='ocr_carea' id='block_1_28' title="bbox 2421 1431 4101 1504">
    <p class='ocr_par' dir='ltr' id='par_1_28' title="bbox 2421 1431 4101 1504">
     <span class='ocr_line' id='line_1_28' title="bbox 2421 1431 4101 1504; baseline -0.003 -16"><span class='ocrx_word' id='word_1_184' title='bbox 2421 1435 2673 1499; x_wconf 86' lang='grc' dir='ltr'>πλούτου,</span> <span class='ocrx_word' id='word_1_185' title='bbox 2703 1433 2812 1489; x_wconf 78' lang='grc' dir='ltr'>ἀπὸ</span> <span class='ocrx_word' id='word_1_186' title='bbox 2841 1434 3051 1502; x_wconf 79' lang='grc' dir='ltr'><strong>σοφίας,</strong></span> <span class='ocrx_word' id='word_1_187' title='bbox 3085 1434 3193 1488; x_wconf 82' lang='grc' dir='ltr'><strong>ἀπὸ</strong></span> <span class='ocrx_word' id='word_1_188' title='bbox 3209 1433 3306 1488; x_wconf 84' lang='grc' dir='ltr'>τοῦ</span> <span class='ocrx_word' id='word_1_189' title='bbox 3344 1432 3645 1504; x_wconf 79' lang='grc' dir='ltr'>περιτομὴν</span> <span class='ocrx_word' id='word_1_190' title='bbox 3682 1431 3844 1502; x_wconf 73' lang='grc' dir='ltr'>ἔχειν,</span> <span class='ocrx_word' id='word_1_191' title='bbox 3889 1431 3990 1485; x_wconf 76' lang='grc' dir='ltr'>καὶ</span> <span class='ocrx_word' id='word_1_192' title='bbox 4093 1489 4101 1494; x_wconf 91' lang='lat'><em>_</em></span> 
     </span>
    </p>
   </div>
   <div class='ocr_carea' id='block_1_29' title="bbox 2426 1525 3070 1596">
    <p class='ocr_par' dir='ltr' id='par_1_29' title="bbox 2426 1525 3070 1596">
     <span class='ocr_line' id='line_1_29' title="bbox 2426 1525 3070 1596; baseline -0.002 -17"><span class='ocrx_word' id='word_1_193' title='bbox 2426 1527 2723 1596; x_wconf 79' lang='grc' dir='ltr'>προγόνους</span> <span class='ocrx_word' id='word_1_194' title='bbox 2766 1525 3070 1588; x_wconf 80' lang='grc' dir='ltr'>Ἰουδαίους.</span> 
     </span>
    </p>
   </div>
   <div class='ocr_carea' id='block_1_30' title="bbox 2498 1614 3205 1686">
    <p class='ocr_par' dir='ltr' id='par_1_30' title="bbox 2498 1614 3205 1686">
     <span class='ocr_line' id='line_1_30' title="bbox 2498 1614 3205 1686; baseline -0.001 -18"><span class='ocrx_word' id='word_1_195' title='bbox 2498 1637 2517 1668; x_wconf 79' lang='grc' dir='ltr'><strong>ι</strong></span> <span class='ocrx_word' id='word_1_196' title='bbox 2559 1617 2713 1671; x_wconf 84' lang='grc' dir='ltr'>Κατά</span> <span class='ocrx_word' id='word_1_197' title='bbox 2740 1618 2962 1686; x_wconf 81' lang='grc' dir='ltr'><strong>ἀτιμίαν</strong></span> <span class='ocrx_word' id='word_1_198' title='bbox 2987 1614 3149 1684; x_wconf 78' lang='grc' dir='ltr'>λέγω.</span> <span class='ocrx_word' id='word_1_199' title='bbox 3185 1633 3205 1667; x_wconf 71' lang='grc' dir='ltr'><strong>ι</strong></span> 
     </span>
    </p>
   </div>
   <div class='ocr_carea' id='block_1_31' title="bbox 2493 1703 3991 1778">
    <p class='ocr_par' dir='ltr' id='par_1_31' title="bbox 2493 1703 3991 1778">
     <span class='ocr_line' id='line_1_31' title="bbox 2493 1703 3991 1778; baseline -0.003 -17"><span class='ocrx_word' id='word_1_200' title='bbox 2493 1711 2604 1778; x_wconf 69' lang='grc' dir='ltr'><strong>Οὐχ</strong></span> <span class='ocrx_word' id='word_1_201' title='bbox 2626 1711 2708 1762; x_wconf 83' lang='grc' dir='ltr'>ὅτι</span> <span class='ocrx_word' id='word_1_202' title='bbox 2736 1708 3028 1769; x_wconf 86' lang='grc' dir='ltr'>τύπτεσθε,</span> <span class='ocrx_word' id='word_1_203' title='bbox 3058 1706 3174 1760; x_wconf 82' lang='grc' dir='ltr'>ἀλλ’</span> <span class='ocrx_word' id='word_1_204' title='bbox 3204 1707 3287 1759; x_wconf 87' lang='grc' dir='ltr'>ὃτι</span> <span class='ocrx_word' id='word_1_205' title='bbox 3319 1706 3400 1769; x_wconf 82' lang='grc' dir='ltr'><strong>εἰς</strong></span> <span class='ocrx_word' id='word_1_206' title='bbox 3429 1705 3553 1774; x_wconf 70' lang='grc' dir='ltr'>ὄψιν</span> <span class='ocrx_word' id='word_1_207' title='bbox 3579 1703 3686 1758; x_wconf 85' lang='grc' dir='ltr'><strong>τῶν</strong></span> <span class='ocrx_word' id='word_1_208' title='bbox 3712 1704 3991 1775; x_wconf 81' lang='grc' dir='ltr'>τυπτομέ-</span> 
     </span>
    </p>
   </div>
   <div class='ocr_carea' id='block_1_32' title="bbox 2423 1799 3218 1867">
    <p class='ocr_par' dir='ltr' id='par_1_32' title="bbox 2423 1799 3218 1867">
     <span class='ocr_line' id='line_1_32' title="bbox 2423 1799 3218 1867; baseline -0.005 -13"><span class='ocrx_word' id='word_1_209' title='bbox 2423 1819 2528 1867; x_wconf 80' lang='grc' dir='ltr'><strong>νων</strong></span> <span class='ocrx_word' id='word_1_210' title='bbox 2545 1801 2645 1852; x_wconf 81' lang='grc' dir='ltr'>οὐκ</span> <span class='ocrx_word' id='word_1_211' title='bbox 2668 1799 2925 1852; x_wconf 80' lang='grc' dir='ltr'>ἐλάττονα</span> <span class='ocrx_word' id='word_1_212' title='bbox 2962 1799 3218 1867; x_wconf 83' lang='grc' dir='ltr'><strong>πάσχετε.</strong></span> 
     </span>
    </p>
   </div>
   <div class='ocr_carea' id='block_1_33' title="bbox 843 1881 2509 1975">
    <p class='ocr_par' dir='ltr' id='par_1_33' title="bbox 843 1883 2509 1975">
     <span class='ocr_line' id='line_1_33' title="bbox 843 1883 2509 1975; baseline 0.007 -27"><span class='ocrx_word' id='word_1_213' title='bbox 843 1917 861 1948; x_wconf 74' lang='grc' dir='ltr'><strong>ι</strong></span> <span class='ocrx_word' id='word_1_214' title='bbox 897 1898 1060 1962; x_wconf 80' lang='lat' dir='ltr'><strong>Quasi</strong></span> <span class='ocrx_word' id='word_1_215' title='bbox 1097 1916 1197 1955; x_wconf 91' lang='lat' dir='ltr'><strong>nos</strong></span> <span class='ocrx_word' id='word_1_216' title='bbox 1231 1900 1426 1954; x_wconf 88' lang='lat' dir='ltr'><strong>infirmi</strong></span> <span class='ocrx_word' id='word_1_217' title='bbox 1481 1898 1764 1956; x_wconf 83' lang='lat' dir='ltr'><strong>fuerimus.</strong></span> <span class='ocrx_word' id='word_1_218' title='bbox 1806 1900 1992 1973; x_wconf 61' lang='grc' dir='ltr'>[νεεδ.</span> <span class='ocrx_word' id='word_1_219' title='bbox 2033 1902 2321 1975; x_wconf 70' lang='grc' dir='ltr'><strong>22ο24.]1η</strong></span> <span class='ocrx_word' id='word_1_220' title='bbox 2359 1883 2401 1939; x_wconf 75' lang='grc' dir='ltr'><strong>Β</strong></span> <span class='ocrx_word' id='word_1_221' title='bbox 2504 1916 2509 1939; x_wconf 65' lang='grc' dir='ltr'><strong>ε</strong></span> 
     </span>
    </p>
   </div>
   <div class='ocr_carea' id='block_1_34' title="bbox 2331 1881 3997 1975">
    <p class='ocr_par' dir='ltr' id='par_1_34' title="bbox 2359 1881 3997 1961">
     <span class='ocr_line' id='line_1_34' title="bbox 2359 1881 3997 1961; baseline 0.001 -22"><span class='ocrx_word' id='word_1_222' title='bbox 2359 1883 2401 1939; x_wconf 86' lang='grc' dir='ltr'><strong>Β</strong></span> <span class='ocrx_word' id='word_1_223' title='bbox 2504 1911 2521 1942; x_wconf 79' lang='grc' dir='ltr'><strong>ι</strong></span> <span class='ocrx_word' id='word_1_224' title='bbox 2566 1891 2654 1953; x_wconf 81' lang='grc' dir='ltr'>Ὠς</span> <span class='ocrx_word' id='word_1_225' title='bbox 2679 1891 2938 1961; x_wconf 63' lang='grc' dir='ltr'>ᾱιήμεῖς</span> <span class='ocrx_word' id='word_1_226' title='bbox 2966 1889 3343 1960; x_wconf 76' lang='grc' dir='ltr'>ἡσθενήσαμεν</span> <span class='ocrx_word' id='word_1_227' title='bbox 3363 1904 3380 1919; x_wconf 83' lang='grc'>⁶</span> <span class='ocrx_word' id='word_1_228' title='bbox 3419 1889 3478 1942; x_wconf 82' lang='grc' dir='ltr'><strong>ἐν</strong></span> <span class='ocrx_word' id='word_1_229' title='bbox 3505 1881 3549 1955; x_wconf 80' lang='grc' dir='ltr'>ᾦ</span> <span class='ocrx_word' id='word_1_230' title='bbox 3572 1888 3618 1942; x_wconf 86' lang='grc' dir='ltr'>δ’</span> <span class='ocrx_word' id='word_1_231' title='bbox 3644 1889 3709 1942; x_wconf 83' lang='grc' dir='ltr'>ἄν</span> <span class='ocrx_word' id='word_1_232' title='bbox 3742 1905 3826 1951; x_wconf 87' lang='grc' dir='ltr'><strong>τις</strong></span> <span class='ocrx_word' id='word_1_233' title='bbox 3870 1887 3997 1941; x_wconf 79' lang='grc' dir='ltr'>το).-</span> 
     </span>
    </p>
   </div>
   <div class='ocr_carea' id='block_1_35' title="bbox 768 1987 2322 2063">
    <p class='ocr_par' dir='ltr' id='par_1_35' title="bbox 768 1987 2322 2063">
     <span class='ocr_line' id='line_1_35' title="bbox 768 1987 2322 2063; baseline 0.004 -23"><span class='ocrx_word' id='word_1_234' title='bbox 768 2005 879 2056; x_wconf 82' lang='lat' dir='ltr'><strong>qno</strong></span> <span class='ocrx_word' id='word_1_235' title='bbox 902 1991 1026 2056; x_wconf 85' lang='lat' dir='ltr'><strong>quis</strong></span> <span class='ocrx_word' id='word_1_236' title='bbox 1073 1989 1234 2042; x_wconf 89' lang='lat' dir='ltr'><strong>audet</strong></span> <span class='ocrx_word' id='word_1_237' title='bbox 1264 1987 1342 2057; x_wconf 87' lang='lat' dir='ltr'><strong>(in</strong></span> <span class='ocrx_word' id='word_1_238' title='bbox 1379 1989 1690 2058; x_wconf 87' lang='lat' dir='ltr'><strong>insipientia</strong></span> <span class='ocrx_word' id='word_1_239' title='bbox 1725 1991 1891 2059; x_wconf 88' lang='lat' dir='ltr'><strong>dico),</strong></span> <span class='ocrx_word' id='word_1_240' title='bbox 1915 1991 2086 2046; x_wconf 91' lang='lat' dir='ltr'><strong>audeo</strong></span> <span class='ocrx_word' id='word_1_241' title='bbox 2119 2003 2171 2048; x_wconf 88' lang='lat' dir='ltr'><strong>et</strong></span> <span class='ocrx_word' id='word_1_242' title='bbox 2202 2009 2322 2063; x_wconf 91' lang='lat' dir='ltr'><strong>ego.</strong></span> 
     </span>
    </p>
   </div>
   <div class='ocr_carea' id='block_1_36' title="bbox 770 2079 2327 2154">
    <p class='ocr_par' dir='ltr' id='par_1_36' title="bbox 770 2079 2327 2154">
     <span class='ocr_line' id='line_1_36' title="bbox 770 2079 2327 2154; baseline 0.005 -23"><span class='ocrx_word' id='word_1_243' title='bbox 770 2079 978 2134; x_wconf 66' lang='lat' dir='ltr'><strong>llebrwi</strong></span> <span class='ocrx_word' id='word_1_244' title='bbox 998 2082 1167 2134; x_wconf 88' lang='lat' dir='ltr'><strong>sunt?</strong></span> <span class='ocrx_word' id='word_1_245' title='bbox 1195 2091 1252 2134; x_wconf 93' lang='lat' dir='ltr'><strong>et</strong></span> <span class='ocrx_word' id='word_1_246' title='bbox 1276 2095 1397 2152; x_wconf 80' lang='lat' dir='ltr'><strong>ego.</strong></span> <span class='ocrx_word' id='word_1_247' title='bbox 1435 2080 1694 2136; x_wconf 74' lang='lat' dir='ltr'><strong>Israelita:</strong></span> <span class='ocrx_word' id='word_1_248' title='bbox 1720 2083 1880 2138; x_wconf 79' lang='lat' dir='ltr'><strong>sunt?</strong></span> <span class='ocrx_word' id='word_1_249' title='bbox 1903 2091 1957 2138; x_wconf 93' lang='lat' dir='ltr'><strong>et</strong></span> <span class='ocrx_word' id='word_1_250' title='bbox 1985 2099 2105 2154; x_wconf 89' lang='lat' dir='ltr'><strong>ego.</strong></span> <span class='ocrx_word' id='word_1_251' title='bbox 2135 2084 2327 2139; x_wconf 88' lang='lat' dir='ltr'><strong>Semen</strong></span> 
     </span>
    </p>
   </div>
   <div class='ocr_carea' id='block_1_37' title="bbox 769 2171 2328 2245">
    <p class='ocr_par' dir='ltr' id='par_1_37' title="bbox 769 2171 2328 2245">
     <span class='ocr_line' id='line_1_37' title="bbox 769 2171 2328 2245; baseline 0.006 -21"><span class='ocrx_word' id='word_1_252' title='bbox 769 2171 1002 2225; x_wconf 74' lang='lat' dir='ltr'><strong>Altraba:</strong></span> <span class='ocrx_word' id='word_1_253' title='bbox 1028 2172 1389 2242; x_wconf 82' lang='lat' dir='ltr'><strong>sunt?etego.</strong></span> <span class='ocrx_word' id='word_1_254' title='bbox 1415 2173 1641 2229; x_wconf 80' lang='lat' dir='ltr'><strong>Ministri</strong></span> <span class='ocrx_word' id='word_1_255' title='bbox 1665 2175 1867 2230; x_wconf 87' lang='lat' dir='ltr'><strong>Christi</strong></span> <span class='ocrx_word' id='word_1_256' title='bbox 1895 2186 2023 2230; x_wconf 85' lang='lat' dir='ltr'><strong>sunt</strong></span> <span class='ocrx_word' id='word_1_257' title='bbox 2043 2181 2127 2245; x_wconf 89' lang='lat' dir='ltr'><strong>(ut</strong></span> <span class='ocrx_word' id='word_1_258' title='bbox 2148 2179 2328 2234; x_wconf 88' lang='lat' dir='ltr'><strong>minus</strong></span> 
     </span>
    </p>
   </div>
   <div class='ocr_carea' id='block_1_38' title="bbox 769 2264 2330 2339">
    <p class='ocr_par' dir='ltr' id='par_1_38' title="bbox 769 2264 2330 2339">
     <span class='ocr_line' id='line_1_38' title="bbox 769 2264 2330 2339; baseline 0.003 -21"><span class='ocrx_word' id='word_1_259' title='bbox 769 2264 987 2333; x_wconf 85' lang='lat' dir='ltr'><strong>sapiens</strong></span> <span class='ocrx_word' id='word_1_260' title='bbox 998 2264 1120 2319; x_wconf 90' lang='lat' dir='ltr'><strong>dico</strong></span> <span class='ocrx_word' id='word_1_261' title='bbox 1140 2265 1356 2335; x_wconf 83' lang='lat' dir='ltr'><strong>plus)?et</strong></span> <span class='ocrx_word' id='word_1_262' title='bbox 1376 2281 1494 2336; x_wconf 90' lang='lat' dir='ltr'><strong>ego.</strong></span> <span class='ocrx_word' id='word_1_263' title='bbox 1509 2265 1564 2320; x_wconf 91' lang='lat' dir='ltr'><strong>In</strong></span> <span class='ocrx_word' id='word_1_264' title='bbox 1588 2266 1863 2322; x_wconf 87' lang='lat' dir='ltr'><strong>laboribus</strong></span> <span class='ocrx_word' id='word_1_265' title='bbox 1880 2269 2134 2338; x_wconf 87' lang='lat' dir='ltr'><strong>amplius,</strong></span> <span class='ocrx_word' id='word_1_266' title='bbox 2149 2270 2201 2323; x_wconf 92' lang='lat' dir='ltr'><strong>iu</strong></span> <span class='ocrx_word' id='word_1_267' title='bbox 2220 2271 2330 2339; x_wconf 83' lang='lat' dir='ltr'><strong>pla-</strong></span> 
     </span>
    </p>
   </div>
   <div class='ocr_carea' id='block_1_39' title="bbox 769 2357 2332 2426">
    <p class='ocr_par' dir='ltr' id='par_1_39' title="bbox 769 2357 2332 2426">
     <span class='ocr_line' id='line_1_39' title="bbox 769 2357 2332 2426; baseline 0.004 -18"><span class='ocrx_word' id='word_1_268' title='bbox 769 2357 854 2424; x_wconf 90' lang='lat' dir='ltr'><strong>gis</strong></span> <span class='ocrx_word' id='word_1_269' title='bbox 873 2371 1036 2424; x_wconf 88' lang='lat' dir='ltr'><strong>supra</strong></span> <span class='ocrx_word' id='word_1_270' title='bbox 1065 2357 1303 2419; x_wconf 88' lang='lat' dir='ltr'><strong>modum,</strong></span> <span class='ocrx_word' id='word_1_271' title='bbox 1319 2358 1369 2411; x_wconf 92' lang='lat' dir='ltr'><strong>in</strong></span> <span class='ocrx_word' id='word_1_272' title='bbox 1385 2360 1696 2414; x_wconf 85' lang='lat' dir='ltr'><strong>carceribus</strong></span> <span class='ocrx_word' id='word_1_273' title='bbox 1719 2361 2100 2426; x_wconf 88' lang='lat' dir='ltr'><strong>abundantius,</strong></span> <span class='ocrx_word' id='word_1_274' title='bbox 2123 2362 2176 2416; x_wconf 91' lang='lat' dir='ltr'><strong>in</strong></span> <span class='ocrx_word' id='word_1_275' title='bbox 2196 2378 2332 2415; x_wconf 92' lang='lat' dir='ltr'><strong>mor-</strong></span> 
     </span>
    </p>
   </div>
   <div class='ocr_carea' id='block_1_40' title="bbox 770 2450 2322 2528">
    <p class='ocr_par' dir='ltr' id='par_1_40' title="bbox 770 2450 2322 2528">
     <span class='ocr_line' id='line_1_40' title="bbox 770 2450 2322 2528; baseline 0.006 -27"><span class='ocrx_word' id='word_1_276' title='bbox 770 2450 918 2504; x_wconf 84' lang='lat' dir='ltr'><strong>tibus</strong></span> <span class='ocrx_word' id='word_1_277' title='bbox 958 2451 1285 2518; x_wconf 79' lang='lat' dir='ltr'><strong>frcquentcr.</strong></span> <span class='ocrx_word' id='word_1_278' title='bbox 1305 2451 1563 2508; x_wconf 64' lang='lat' dir='ltr'><strong>AJndaeis</strong></span> <span class='ocrx_word' id='word_1_279' title='bbox 1588 2455 1876 2527; x_wconf 89' lang='lat' dir='ltr'><strong>quinquies</strong></span> <span class='ocrx_word' id='word_1_280' title='bbox 1895 2456 2288 2528; x_wconf 88' lang='lat' dir='ltr'><strong>quadragenas.</strong></span> <span class='ocrx_word' id='word_1_281' title='bbox 2305 2477 2322 2510; x_wconf 77' lang='grc' dir='ltr'><strong>ι</strong></span> 
     </span>
    </p>
   </div>
   <div class='ocr_carea' id='block_1_41' title="bbox 844 2540 2327 2616">
    <p class='ocr_par' dir='ltr' id='par_1_41' title="bbox 844 2540 2327 2616">
     <span class='ocr_line' id='line_1_41' title="bbox 844 2540 2327 2616; baseline 0.007 -23"><span class='ocrx_word' id='word_1_282' title='bbox 844 2540 1098 2610; x_wconf 71' lang='lat' dir='ltr'><strong>Nunquid</strong></span> <span class='ocrx_word' id='word_1_283' title='bbox 1149 2556 1282 2596; x_wconf 87' lang='lat' dir='ltr'><strong>vero</strong></span> <span class='ocrx_word' id='word_1_284' title='bbox 1339 2557 1446 2597; x_wconf 92' lang='lat' dir='ltr'><strong>non</strong></span> <span class='ocrx_word' id='word_1_285' title='bbox 1503 2551 1836 2612; x_wconf 85' lang='lat' dir='ltr'><strong>poteramus,</strong></span> <span class='ocrx_word' id='word_1_286' title='bbox 1883 2545 2080 2616; x_wconf 87' lang='lat' dir='ltr'><strong>inquit,</strong></span> <span class='ocrx_word' id='word_1_287' title='bbox 2140 2547 2327 2602; x_wconf 89' lang='lat' dir='ltr'><strong>eadem</strong></span> 
     </span>
    </p>
   </div>
   <div class='ocr_carea' id='block_1_42' title="bbox 771 2632 2330 2708">
    <p class='ocr_par' dir='ltr' id='par_1_42' title="bbox 771 2632 2330 2708">
     <span class='ocr_line' id='line_1_42' title="bbox 771 2632 2330 2708; baseline 0.006 -26"><span class='ocrx_word' id='word_1_288' title='bbox 771 2632 924 2686; x_wconf 83' lang='lat' dir='ltr'><strong>vobis</strong></span> <span class='ocrx_word' id='word_1_289' title='bbox 956 2632 1252 2702; x_wconf 76' lang='lat' dir='ltr'><strong>przestare?</strong></span> <span class='ocrx_word' id='word_1_290' title='bbox 1278 2635 1439 2702; x_wconf 78' lang='lat' dir='ltr'><strong>Atqui</strong></span> <span class='ocrx_word' id='word_1_291' title='bbox 1485 2648 1591 2688; x_wconf 91' lang='lat' dir='ltr'><strong>non</strong></span> <span class='ocrx_word' id='word_1_292' title='bbox 1639 2635 2014 2703; x_wconf 64' lang='lat' dir='ltr'><strong>praestitimus.</strong></span> <span class='ocrx_word' id='word_1_293' title='bbox 2055 2635 2166 2689; x_wconf 88' lang='lat' dir='ltr'><strong>Cur</strong></span> <span class='ocrx_word' id='word_1_294' title='bbox 2201 2651 2330 2708; x_wconf 90' lang='lat' dir='ltr'><strong>ergo</strong></span> 
     </span>
    </p>
   </div>
   <div class='ocr_carea' id='block_1_43' title="bbox 771 2726 2328 2795">
    <p class='ocr_par' dir='ltr' id='par_1_43' title="bbox 771 2726 2328 2795">
     <span class='ocr_line' id='line_1_43' title="bbox 771 2726 2328 2795; baseline 0.003 -17"><span class='ocrx_word' id='word_1_295' title='bbox 771 2727 905 2778; x_wconf 86' lang='lat' dir='ltr'><strong>istos</strong></span> <span class='ocrx_word' id='word_1_296' title='bbox 933 2726 1239 2786; x_wconf 89' lang='lat' dir='ltr'><strong>sustinetis,</strong></span> <span class='ocrx_word' id='word_1_297' title='bbox 1289 2726 1446 2794; x_wconf 87' lang='lat' dir='ltr'><strong>quasi</strong></span> <span class='ocrx_word' id='word_1_298' title='bbox 1495 2741 1661 2795; x_wconf 90' lang='lat' dir='ltr'><strong>penes</strong></span> <span class='ocrx_word' id='word_1_299' title='bbox 1709 2741 1808 2780; x_wconf 88' lang='lat' dir='ltr'><strong>nos</strong></span> <span class='ocrx_word' id='word_1_300' title='bbox 1862 2743 1968 2782; x_wconf 93' lang='lat' dir='ltr'><strong>non</strong></span> <span class='ocrx_word' id='word_1_301' title='bbox 2007 2727 2171 2783; x_wconf 88' lang='lat' dir='ltr'><strong>fuerit</strong></span> <span class='ocrx_word' id='word_1_302' title='bbox 2200 2729 2328 2782; x_wconf 91' lang='lat' dir='ltr'><strong>talia</strong></span> 
     </span>
    </p>
   </div>
   <div class='ocr_carea' id='block_1_44' title="bbox 771 2814 2329 2888">
    <p class='ocr_par' dir='ltr' id='par_1_44' title="bbox 771 2814 2329 2888">
     <span class='ocr_line' id='line_1_44' title="bbox 771 2814 2329 2888; baseline 0.004 -22"><span class='ocrx_word' id='word_1_303' title='bbox 771 2814 990 2868; x_wconf 77' lang='lat' dir='ltr'><strong>facere?</strong></span> <span class='ocrx_word' id='word_1_304' title='bbox 1033 2816 1088 2868; x_wconf 91' lang='lat' dir='ltr'><strong>In</strong></span> <span class='ocrx_word' id='word_1_305' title='bbox 1142 2814 1346 2870; x_wconf 86' lang='lat' dir='ltr'><strong>crimen</strong></span> <span class='ocrx_word' id='word_1_306' title='bbox 1398 2815 1564 2886; x_wconf 86' lang='lat' dir='ltr'><strong>igitur</strong></span> <span class='ocrx_word' id='word_1_307' title='bbox 1610 2817 1940 2882; x_wconf 88' lang='lat' dir='ltr'><strong>incurristis,</strong></span> <span class='ocrx_word' id='word_1_308' title='bbox 2006 2817 2329 2888; x_wconf 85' lang='lat' dir='ltr'><strong>insipientes</strong></span> 
     </span>
    </p>
   </div>
   <div class='ocr_carea' id='block_1_45' title="bbox 773 2908 2330 2980">
    <p class='ocr_par' dir='ltr' id='par_1_45' title="bbox 773 2908 2330 2980">
     <span class='ocr_line' id='line_1_45' title="bbox 773 2908 2330 2980; baseline 0.004 -20"><span class='ocrx_word' id='word_1_309' title='bbox 773 2908 1076 2962; x_wconf 83' lang='lat' dir='ltr'><strong>tolerando.</strong></span> <span class='ocrx_word' id='word_1_310' title='bbox 1113 2908 1269 2974; x_wconf 86' lang='lat' dir='ltr'><strong>Quod</strong></span> <span class='ocrx_word' id='word_1_311' title='bbox 1309 2925 1437 2963; x_wconf 79' lang='lat' dir='ltr'><strong>vero</strong></span> <span class='ocrx_word' id='word_1_312' title='bbox 1463 2908 1700 2964; x_wconf 84' lang='lat' dir='ltr'><strong>sull&#39;ertis</strong></span> <span class='ocrx_word' id='word_1_313' title='bbox 1731 2911 1894 2964; x_wconf 88' lang='lat' dir='ltr'><strong>etiam</strong></span> <span class='ocrx_word' id='word_1_314' title='bbox 1931 2910 2078 2974; x_wconf 89' lang='lat' dir='ltr'><strong>illos,</strong></span> <span class='ocrx_word' id='word_1_315' title='bbox 2109 2914 2202 2980; x_wconf 90' lang='lat' dir='ltr'><strong>qui</strong></span> <span class='ocrx_word' id='word_1_316' title='bbox 2236 2927 2330 2966; x_wconf 85' lang='lat' dir='ltr'><strong>ve-</strong></span> 
     </span>
    </p>
   </div>
   <div class='ocr_carea' id='block_1_46' title="bbox 773 2999 2328 3071">
    <p class='ocr_par' dir='ltr' id='par_1_46' title="bbox 773 2999 2328 3071">
     <span class='ocr_line' id='line_1_46' title="bbox 773 2999 2328 3071; baseline 0.003 -18"><span class='ocrx_word' id='word_1_317' title='bbox 773 3009 885 3053; x_wconf 86' lang='lat' dir='ltr'><strong>stra</strong></span> <span class='ocrx_word' id='word_1_318' title='bbox 913 3000 1144 3068; x_wconf 82' lang='lat' dir='ltr'><strong>rapiant,</strong></span> <span class='ocrx_word' id='word_1_319' title='bbox 1172 3000 1262 3069; x_wconf 90' lang='lat' dir='ltr'><strong>qui</strong></span> <span class='ocrx_word' id='word_1_320' title='bbox 1290 3008 1660 3067; x_wconf 86' lang='lat' dir='ltr'><strong>contemnant,</strong></span> <span class='ocrx_word' id='word_1_321' title='bbox 1681 3001 1771 3071; x_wconf 86' lang='lat' dir='ltr'><strong>qui</strong></span> <span class='ocrx_word' id='word_1_322' title='bbox 1801 2999 2030 3066; x_wconf 67' lang='lat' dir='ltr'><strong>caedant,</strong></span> <span class='ocrx_word' id='word_1_323' title='bbox 2056 3001 2158 3058; x_wconf 86' lang='lat' dir='ltr'><strong>hoc</strong></span> <span class='ocrx_word' id='word_1_324' title='bbox 2181 3003 2328 3057; x_wconf 88' lang='lat' dir='ltr'><strong>nulla</strong></span> 
     </span>
    </p>
   </div>
   <div class='ocr_carea' id='block_1_47' title="bbox 773 3090 1339 3158">
    <p class='ocr_par' dir='ltr' id='par_1_47' title="bbox 773 3090 1339 3158">
     <span class='ocr_line' id='line_1_47' title="bbox 773 3090 1339 3158; baseline 0.002 -16"><span class='ocrx_word' id='word_1_325' title='bbox 773 3090 1092 3144; x_wconf 78' lang='lat' dir='ltr'><strong>defensioue</strong></span> <span class='ocrx_word' id='word_1_326' title='bbox 1116 3091 1339 3158; x_wconf 85' lang='lat' dir='ltr'><strong>indiget.</strong></span> 
     </span>
    </p>
   </div>
   <div class='ocr_carea' id='block_1_48' title="bbox 849 3179 1533 3250">
    <p class='ocr_par' dir='ltr' id='par_1_48' title="bbox 849 3179 1533 3250">
     <span class='ocr_line' id='line_1_48' title="bbox 849 3179 1533 3250; baseline 0.003 -20"><span class='ocrx_word' id='word_1_327' title='bbox 849 3199 868 3230; x_wconf 76' lang='grc' dir='ltr'><strong>ι</strong></span> <span class='ocrx_word' id='word_1_328' title='bbox 916 3179 1032 3234; x_wconf 88' lang='lat' dir='ltr'><strong>Una</strong></span> <span class='ocrx_word' id='word_1_329' title='bbox 1063 3183 1242 3234; x_wconf 86' lang='lat' dir='ltr'><strong>minus</strong></span> <span class='ocrx_word' id='word_1_330' title='bbox 1275 3182 1480 3250; x_wconf 86' lang='lat' dir='ltr'><strong>accepi.</strong></span> <span class='ocrx_word' id='word_1_331' title='bbox 1514 3199 1533 3232; x_wconf 78' lang='grc' dir='ltr'><strong>ι</strong></span> 
     </span>
    </p>
   </div>
   <div class='ocr_carea' id='block_1_49' title="bbox 843 3270 2332 3344">
    <p class='ocr_par' dir='ltr' id='par_1_49' title="bbox 843 3270 2332 3344">
     <span class='ocr_line' id='line_1_49' title="bbox 843 3270 2332 3344; baseline 0.004 -21"><span class='ocrx_word' id='word_1_332' title='bbox 843 3272 1046 3336; x_wconf 77' lang='lat' dir='ltr'><strong>Quare,</strong></span> <span class='ocrx_word' id='word_1_333' title='bbox 1083 3289 1186 3324; x_wconf 78' lang='grc' dir='ltr'>ιιηη</span> <span class='ocrx_word' id='word_1_334' title='bbox 1214 3272 1431 3324; x_wconf 78' lang='lat' dir='ltr'><strong>minus?</strong></span> <span class='ocrx_word' id='word_1_335' title='bbox 1458 3270 1566 3325; x_wconf 80' lang='lat' dir='ltr'><strong>Lex</strong></span> <span class='ocrx_word' id='word_1_336' title='bbox 1605 3282 1722 3327; x_wconf 87' lang='lat' dir='ltr'><strong>erat</strong></span> <span class='ocrx_word' id='word_1_337' title='bbox 1752 3273 1974 3344; x_wconf 87' lang='lat' dir='ltr'><strong>antiqua</strong></span> <span class='ocrx_word' id='word_1_338' title='bbox 2009 3273 2332 3329; x_wconf 84' lang='lat' dir='ltr'><strong>dehonesta-</strong></span> 
     </span>
    </p>
   </div>
   <div class='ocr_carea' id='block_1_50' title="bbox 777 3359 2337 3432">
    <p class='ocr_par' dir='ltr' id='par_1_50' title="bbox 777 3359 2337 3432">
     <span class='ocr_line' id='line_1_50' title="bbox 777 3359 2337 3432; baseline 0.001 -18"><span class='ocrx_word' id='word_1_339' title='bbox 777 3371 888 3414; x_wconf 93' lang='lat' dir='ltr'><strong>tum</strong></span> <span class='ocrx_word' id='word_1_340' title='bbox 923 3359 1075 3429; x_wconf 79' lang='lat'><strong>151</strong></span> <span class='ocrx_word' id='word_1_341' title='bbox 1123 3359 1236 3414; x_wconf 88' lang='lat' dir='ltr'><strong>fore</strong></span> <span class='ocrx_word' id='word_1_342' title='bbox 1274 3361 1416 3430; x_wconf 88' lang='lat' dir='ltr'><strong>apud</strong></span> <span class='ocrx_word' id='word_1_343' title='bbox 1447 3360 1722 3424; x_wconf 71' lang='lat' dir='ltr'><strong>Hebraeos,</strong></span> <span class='ocrx_word' id='word_1_344' title='bbox 1754 3364 1844 3431; x_wconf 90' lang='lat' dir='ltr'><strong>qui</strong></span> <span class='ocrx_word' id='word_1_345' title='bbox 1889 3363 2175 3432; x_wconf 80' lang='lat' dir='ltr'><strong>plusquam</strong></span> <span class='ocrx_word' id='word_1_346' title='bbox 2202 3377 2337 3432; x_wconf 79' lang='lat' dir='ltr'><strong>qua-</strong></span> 
     </span>
    </p>
   </div>
   <div class='ocr_carea' id='block_1_51' title="bbox 777 3449 2339 3523">
    <p class='ocr_par' dir='ltr' id='par_1_51' title="bbox 777 3449 2339 3523">
     <span class='ocr_line' id='line_1_51' title="bbox 777 3449 2339 3523; baseline 0.002 -17"><span class='ocrx_word' id='word_1_347' title='bbox 777 3453 1025 3521; x_wconf 84' lang='lat' dir='ltr'><strong>draginta</strong></span> <span class='ocrx_word' id='word_1_348' title='bbox 1056 3454 1195 3506; x_wconf 90' lang='lat' dir='ltr'><strong>ictus</strong></span> <span class='ocrx_word' id='word_1_349' title='bbox 1233 3452 1525 3520; x_wconf 77' lang='lat' dir='ltr'><strong>acciperet.</strong></span> <span class='ocrx_word' id='word_1_350' title='bbox 1556 3449 1634 3505; x_wconf 83' lang='lat' dir='ltr'><strong>Ne</strong></span> <span class='ocrx_word' id='word_1_351' title='bbox 1663 3451 1830 3522; x_wconf 86' lang='lat' dir='ltr'><strong>igitur</strong></span> <span class='ocrx_word' id='word_1_352' title='bbox 1875 3454 2234 3523; x_wconf 87' lang='lat' dir='ltr'><strong>percutientis</strong></span> <span class='ocrx_word' id='word_1_353' title='bbox 2257 3454 2339 3509; x_wconf 89' lang='lat' dir='ltr'><strong>vis</strong></span> 
     </span>
    </p>
   </div>
   <div class='ocr_carea' id='block_1_52' title="bbox 778 3545 2340 3616">
    <p class='ocr_par' dir='ltr' id='par_1_52' title="bbox 778 3545 2340 3616">
     <span class='ocr_line' id='line_1_52' title="bbox 778 3545 2340 3616; baseline 0.003 -18"><span class='ocrx_word' id='word_1_354' title='bbox 778 3555 834 3598; x_wconf 88' lang='lat' dir='ltr'><strong>et</strong></span> <span class='ocrx_word' id='word_1_355' title='bbox 861 3545 1118 3613; x_wconf 88' lang='lat' dir='ltr'><strong>impetus,</strong></span> <span class='ocrx_word' id='word_1_356' title='bbox 1151 3559 1317 3613; x_wconf 88' lang='lat' dir='ltr'><strong>supra</strong></span> <span class='ocrx_word' id='word_1_357' title='bbox 1346 3560 1632 3599; x_wconf 90' lang='lat' dir='ltr'><strong>numerum</strong></span> <span class='ocrx_word' id='word_1_358' title='bbox 1663 3546 1850 3616; x_wconf 80' lang='lat' dir='ltr'><strong>plagas</strong></span> <span class='ocrx_word' id='word_1_359' title='bbox 1882 3545 2183 3612; x_wconf 86' lang='lat' dir='ltr'><strong>inferendo,</strong></span> <span class='ocrx_word' id='word_1_360' title='bbox 2211 3563 2340 3602; x_wconf 89' lang='lat' dir='ltr'><strong>con-</strong></span> 
     </span>
    </p>
   </div>
   <div class='ocr_carea' id='block_1_53' title="bbox 782 3626 2341 3707">
    <p class='ocr_par' dir='ltr' id='par_1_53' title="bbox 782 3626 2341 3707">
     <span class='ocr_line' id='line_1_53' title="bbox 782 3626 2341 3707; baseline 0.001 -16"><span class='ocrx_word' id='word_1_361' title='bbox 782 3636 1138 3706; x_wconf 89' lang='lat' dir='ltr'><strong>temptibilem</strong></span> <span class='ocrx_word' id='word_1_362' title='bbox 1174 3626 1424 3691; x_wconf 81' lang='lat' dir='ltr'><strong>redderet</strong></span> <span class='ocrx_word' id='word_1_363' title='bbox 1450 3651 1572 3690; x_wconf 91' lang='lat' dir='ltr'><strong>enm</strong></span> <span class='ocrx_word' id='word_1_364' title='bbox 1612 3637 1704 3707; x_wconf 89' lang='lat' dir='ltr'><strong>qui</strong></span> <span class='ocrx_word' id='word_1_365' title='bbox 1733 3637 2029 3706; x_wconf 84' lang='lat' dir='ltr'><strong>vapularet,</strong></span> <span class='ocrx_word' id='word_1_366' title='bbox 2074 3646 2341 3694; x_wconf 88' lang='lat' dir='ltr'><strong>statutum</strong></span> 
     </span>
    </p>
   </div>
   <div class='ocr_carea' id='block_1_54' title="bbox 773 3710 2343 3800">
    <p class='ocr_par' dir='ltr' id='par_1_54' title="bbox 773 3710 2343 3800">
     <span class='ocr_line' id='line_1_54' title="bbox 773 3710 2343 3800; baseline 0.001 -17"><span class='ocrx_word' id='word_1_367' title='bbox 773 3737 867 3784; x_wconf 76' lang='lat' dir='ltr'><strong>est</strong></span> <span class='ocrx_word' id='word_1_368' title='bbox 893 3710 1253 3782; x_wconf 83' lang='lat' dir='ltr'><strong>ictum&#39;unnm</strong></span> <span class='ocrx_word' id='word_1_369' title='bbox 1283 3728 1498 3792; x_wconf 88' lang='lat' dir='ltr'><strong>omitti;</strong></span> <span class='ocrx_word' id='word_1_370' title='bbox 1533 3739 1591 3781; x_wconf 92' lang='lat' dir='ltr'><strong>ut</strong></span> <span class='ocrx_word' id='word_1_371' title='bbox 1612 3770 1626 3793; x_wconf 91' lang='lat'><strong>,</strong></span> <span class='ocrx_word' id='word_1_372' title='bbox 1658 3730 1910 3798; x_wconf 81' lang='lat' dir='ltr'><strong>quamvis</strong></span> <span class='ocrx_word' id='word_1_373' title='bbox 1931 3731 2121 3800; x_wconf 85' lang='lat' dir='ltr'><strong>plagas</strong></span> <span class='ocrx_word' id='word_1_374' title='bbox 2161 3731 2343 3784; x_wconf 91' lang='lat' dir='ltr'><strong>multi-</strong></span> 
     </span>
    </p>
   </div>
   <div class='ocr_carea' id='block_1_55' title="bbox 788 3820 2343 3890">
    <p class='ocr_par' dir='ltr' id='par_1_55' title="bbox 788 3820 2343 3890">
     <span class='ocr_line' id='line_1_55' title="bbox 788 3820 2343 3890; baseline 0.002 -18"><span class='ocrx_word' id='word_1_375' title='bbox 788 3821 1012 3890; x_wconf 87' lang='lat' dir='ltr'><strong>plicaret</strong></span> <span class='ocrx_word' id='word_1_376' title='bbox 1046 3834 1358 3888; x_wconf 90' lang='lat' dir='ltr'><strong>percussor,</strong></span> <span class='ocrx_word' id='word_1_377' title='bbox 1391 3820 1746 3890; x_wconf 87' lang='lat' dir='ltr'><strong>quadraginta</strong></span> <span class='ocrx_word' id='word_1_378' title='bbox 1769 3836 1874 3874; x_wconf 91' lang='lat' dir='ltr'><strong>non</strong></span> <span class='ocrx_word' id='word_1_379' title='bbox 1902 3821 2219 3887; x_wconf 76' lang='lat' dir='ltr'><strong>excederet,</strong></span> <span class='ocrx_word' id='word_1_380' title='bbox 2248 3823 2343 3876; x_wconf 88' lang='lat' dir='ltr'><strong>sed</strong></span> 
     </span>
    </p>
   </div>
   <div class='ocr_carea' id='block_1_56' title="bbox 789 3908 2346 3983">
    <p class='ocr_par' dir='ltr' id='par_1_56' title="bbox 789 3908 2346 3983">
     <span class='ocr_line' id='line_1_56' title="bbox 789 3908 2346 3983; baseline 0.003 -19"><span class='ocrx_word' id='word_1_381' title='bbox 789 3913 930 3964; x_wconf 90' lang='lat' dir='ltr'><strong>intra</strong></span> <span class='ocrx_word' id='word_1_382' title='bbox 953 3908 1311 3964; x_wconf 87' lang='lat' dir='ltr'><strong>’constitntnm</strong></span> <span class='ocrx_word' id='word_1_383' title='bbox 1351 3927 1634 3965; x_wconf 86' lang='lat' dir='ltr'><strong>numerum</strong></span> <span class='ocrx_word' id='word_1_384' title='bbox 1667 3911 1930 3976; x_wconf 87' lang='lat' dir='ltr'><strong>sistendo,</strong></span> <span class='ocrx_word' id='word_1_385' title='bbox 1976 3927 2086 3966; x_wconf 91' lang='lat' dir='ltr'><strong>non</strong></span> <span class='ocrx_word' id='word_1_386' title='bbox 2121 3927 2346 3983; x_wconf 78' lang='lat' dir='ltr'><strong>prorsus</strong></span> 
     </span>
    </p>
   </div>
   <div class='ocr_carea' id='block_1_57' title="bbox 789 4003 1810 4074">
    <p class='ocr_par' dir='ltr' id='par_1_57' title="bbox 789 4003 1810 4074">
     <span class='ocr_line' id='line_1_57' title="bbox 789 4003 1810 4074; baseline 0 -16"><span class='ocrx_word' id='word_1_387' title='bbox 789 4005 1143 4060; x_wconf 86' lang='lat' dir='ltr'><strong>dedecoraret</strong></span> <span class='ocrx_word' id='word_1_388' title='bbox 1173 4005 1322 4058; x_wconf 90' lang='lat' dir='ltr'><strong>illum</strong></span> <span class='ocrx_word' id='word_1_389' title='bbox 1367 4003 1461 4074; x_wconf 91' lang='lat' dir='ltr'><strong>qui</strong></span> <span class='ocrx_word' id='word_1_390' title='bbox 1492 4003 1810 4058; x_wconf 71' lang='lat' dir='ltr'><strong>caederetur.</strong></span> 
     </span>
    </p>
   </div>
   <div class='ocr_carea' id='block_1_58' title="bbox 864 4095 2350 4169">
    <p class='ocr_par' dir='ltr' id='par_1_58' title="bbox 864 4095 2350 4169">
     <span class='ocr_line' id='line_1_58' title="bbox 864 4095 2350 4169; baseline 0.001 -19"><span class='ocrx_word' id='word_1_391' title='bbox 864 4095 1025 4152; x_wconf 75' lang='lat' dir='ltr'><strong>Vens.</strong></span> <span class='ocrx_word' id='word_1_392' title='bbox 1062 4096 1150 4150; x_wconf 86' lang='lat'><strong>25.</strong></span> <span class='ocrx_word' id='word_1_393' title='bbox 1183 4115 1200 4146; x_wconf 75' lang='grc' dir='ltr'><strong>ι</strong></span> <span class='ocrx_word' id='word_1_394' title='bbox 1230 4095 1336 4150; x_wconf 88' lang='lat' dir='ltr'><strong>Ter</strong></span> <span class='ocrx_word' id='word_1_395' title='bbox 1365 4096 1532 4167; x_wconf 85' lang='lat' dir='ltr'><strong>virgis</strong></span> <span class='ocrx_word' id='word_1_396' title='bbox 1557 4111 1732 4152; x_wconf 62' lang='lat' dir='ltr'><strong>caesus</strong></span> <span class='ocrx_word' id='word_1_397' title='bbox 1761 4111 1884 4152; x_wconf 90' lang='lat' dir='ltr'><strong>sum</strong></span> <span class='ocrx_word' id='word_1_398' title='bbox 1906 4137 1921 4163; x_wconf 92' lang='lat'><strong>,</strong></span> <span class='ocrx_word' id='word_1_399' title='bbox 1951 4097 2123 4152; x_wconf 86' lang='lat' dir='ltr'><strong>semel</strong></span> <span class='ocrx_word' id='word_1_400' title='bbox 2145 4096 2350 4169; x_wconf 78' lang='lat' dir='ltr'><strong>lapida-</strong></span> 
     </span>
    </p>
   </div>
   <div class='ocr_carea' id='block_1_59' title="bbox 792 4201 1108 4247">
    <p class='ocr_par' dir='ltr' id='par_1_59' title="bbox 792 4201 1108 4247">
     <span class='ocr_line' id='line_1_59' title="bbox 792 4201 1108 4247; baseline -0.013 -1"><span class='ocrx_word' id='word_1_401' title='bbox 792 4201 882 4247; x_wconf 68' lang='lat' dir='ltr'><strong>IIIS</strong></span> <span class='ocrx_word' id='word_1_402' title='bbox 911 4205 1053 4246; x_wconf 91' lang='lat' dir='ltr'><strong>sum.</strong></span> <span class='ocrx_word' id='word_1_403' title='bbox 1089 4209 1108 4242; x_wconf 73' lang='grc' dir='ltr'><strong>Ι</strong></span> 
     </span>
    </p>
   </div>
   <div class='ocr_carea' id='block_1_60' title="bbox 861 4279 2351 4351">
    <p class='ocr_par' dir='ltr' id='par_1_60' title="bbox 861 4279 2351 4351">
     <span class='ocr_line' id='line_1_60' title="bbox 861 4279 2351 4351; baseline 0.001 -16"><span class='ocrx_word' id='word_1_404' title='bbox 861 4281 1000 4348; x_wconf 79' lang='lat' dir='ltr'><strong>Quid</strong></span> <span class='ocrx_word' id='word_1_405' title='bbox 1036 4295 1162 4336; x_wconf 82' lang='lat' dir='ltr'><strong>vero</strong></span> <span class='ocrx_word' id='word_1_406' title='bbox 1208 4279 1348 4335; x_wconf 92' lang='lat' dir='ltr'><strong>istuc</strong></span> <span class='ocrx_word' id='word_1_407' title='bbox 1374 4280 1440 4334; x_wconf 88' lang='lat' dir='ltr'><strong>ad</strong></span> <span class='ocrx_word' id='word_1_408' title='bbox 1472 4279 1868 4348; x_wconf 86' lang='lat' dir='ltr'><strong>Evangelium?</strong></span> <span class='ocrx_word' id='word_1_409' title='bbox 1915 4280 2044 4335; x_wconf 86' lang='lat' dir='ltr'><strong>auia</strong></span> <span class='ocrx_word' id='word_1_410' title='bbox 2075 4280 2233 4351; x_wconf 87' lang='lat' dir='ltr'><strong>longa</strong></span> <span class='ocrx_word' id='word_1_411' title='bbox 2262 4280 2351 4336; x_wconf 90' lang='lat' dir='ltr'><strong>iti-</strong></span> 
     </span>
    </p>
   </div>
   <div class='ocr_carea' id='block_1_61' title="bbox 796 4373 1692 4443">
    <p class='ocr_par' dir='ltr' id='par_1_61' title="bbox 796 4373 1692 4443">
     <span class='ocr_line' id='line_1_61' title="bbox 796 4373 1692 4443; baseline -0.002 -13"><span class='ocrx_word' id='word_1_412' title='bbox 796 4391 924 4430; x_wconf 78' lang='lat' dir='ltr'><strong>nera</strong></span> <span class='ocrx_word' id='word_1_413' title='bbox 949 4383 1002 4429; x_wconf 88' lang='lat' dir='ltr'><strong>et</strong></span> <span class='ocrx_word' id='word_1_414' title='bbox 1033 4373 1398 4428; x_wconf 88' lang='lat' dir='ltr'><strong>transmarina</strong></span> <span class='ocrx_word' id='word_1_415' title='bbox 1433 4373 1692 4443; x_wconf 90' lang='lat' dir='ltr'><strong>suscepit.</strong></span> 
     </span>
    </p>
   </div>
   <div class='ocr_carea' id='block_1_62' title="bbox 829 4463 1612 4535">
    <p class='ocr_par' dir='ltr' id='par_1_62' title="bbox 829 4463 1612 4535">
     <span class='ocr_line' id='line_1_62' title="bbox 829 4463 1612 4535; baseline -0.004 -16"><span class='ocrx_word' id='word_1_416' title='bbox 829 4503 832 4506; x_wconf 46' lang='lat'><strong>.</strong></span> <span class='ocrx_word' id='word_1_417' title='bbox 870 4487 890 4519; x_wconf 78' lang='grc' dir='ltr'><strong>ι</strong></span> <span class='ocrx_word' id='word_1_418' title='bbox 915 4466 1022 4522; x_wconf 88' lang='lat' dir='ltr'><strong>Ter</strong></span> <span class='ocrx_word' id='word_1_419' title='bbox 1053 4465 1396 4535; x_wconf 90' lang='lat' dir='ltr'><strong>naufragium</strong></span> <span class='ocrx_word' id='word_1_420' title='bbox 1433 4463 1559 4520; x_wconf 88' lang='lat' dir='ltr'><strong>feci.</strong></span> <span class='ocrx_word' id='word_1_421' title='bbox 1593 4484 1612 4516; x_wconf 70' lang='grc' dir='ltr'><strong>ι</strong></span> 
     </span>
    </p>
   </div>
   <div class='ocr_carea' id='block_1_63' title="bbox 2433 1981 3993 2054">
    <p class='ocr_par' dir='ltr' id='par_1_63' title="bbox 2433 1981 3993 2054">
     <span class='ocr_line' id='line_1_63' title="bbox 2433 1981 3993 2054; baseline -0.003 -18"><span class='ocrx_word' id='word_1_422' title='bbox 2433 1985 2529 2054; x_wconf 73' lang='grc' dir='ltr'><strong>μᾷ,</strong></span> <span class='ocrx_word' id='word_1_423' title='bbox 2556 1984 2613 2036; x_wconf 80' lang='grc' dir='ltr'><strong>ἐν</strong></span> <span class='ocrx_word' id='word_1_424' title='bbox 2645 1983 2924 2053; x_wconf 80' lang='grc' dir='ltr'>ἀφροσύνῃ</span> <span class='ocrx_word' id='word_1_425' title='bbox 2953 1983 3120 2050; x_wconf 83' lang='grc' dir='ltr'>λέγω,</span> <span class='ocrx_word' id='word_1_426' title='bbox 3152 1983 3337 2052; x_wconf 81' lang='grc' dir='ltr'>τολμῶ</span> <span class='ocrx_word' id='word_1_427' title='bbox 3369 1981 3543 2050; x_wconf 81' lang='grc' dir='ltr'>κάγὼ.</span> <span class='ocrx_word' id='word_1_428' title='bbox 3589 1981 3829 2052; x_wconf 78' lang='grc' dir='ltr'>Ἐϐραῖοί</span> <span class='ocrx_word' id='word_1_429' title='bbox 3858 1982 3993 2046; x_wconf 72' lang='lat' dir='ltr'><strong>sict;</strong></span> 
     </span>
    </p>
   </div>
   <div class='ocr_carea' id='block_1_64' title="bbox 2427 2072 3999 2145">
    <p class='ocr_par' dir='ltr' id='par_1_64' title="bbox 2427 2072 3999 2145">
     <span class='ocr_line' id='line_1_64' title="bbox 2427 2072 3999 2145; baseline -0.002 -18"><span class='ocrx_word' id='word_1_430' title='bbox 2427 2073 2616 2142; x_wconf 84' lang='grc' dir='ltr'>κὰγώ.,</span> <span class='ocrx_word' id='word_1_431' title='bbox 2671 2073 2998 2145; x_wconf 78' lang='grc' dir='ltr'>Ἰσραηλῖται</span> <span class='ocrx_word' id='word_1_432' title='bbox 3052 2075 3193 2137; x_wconf 73' lang='lat' dir='ltr'><strong>alat;</strong></span> <span class='ocrx_word' id='word_1_433' title='bbox 3261 2073 3434 2142; x_wconf 82' lang='grc' dir='ltr'>κάγώ.</span> <span class='ocrx_word' id='word_1_434' title='bbox 3486 2073 3712 2144; x_wconf 87' lang='grc' dir='ltr'>Σπέρμα</span> <span class='ocrx_word' id='word_1_435' title='bbox 3740 2072 3999 2142; x_wconf 76' lang='grc' dir='ltr'>Ἀϐραάμ</span> 
     </span>
    </p>
   </div>
   <div class='ocr_carea' id='block_1_65' title="bbox 2425 2157 3995 2237">
    <p class='ocr_par' dir='ltr' id='par_1_65' title="bbox 2425 2157 3995 2237">
     <span class='ocr_line' id='line_1_65' title="bbox 2425 2157 3995 2237; baseline -0.002 -18"><span class='ocrx_word' id='word_1_436' title='bbox 2425 2168 2556 2231; x_wconf 74' lang='lat' dir='ltr'><strong>alat;</strong></span> <span class='ocrx_word' id='word_1_437' title='bbox 2581 2157 2753 2235; x_wconf 83' lang='grc' dir='ltr'>κάγώ.</span> <span class='ocrx_word' id='word_1_438' title='bbox 2774 2167 3016 2221; x_wconf 82' lang='grc' dir='ltr'>Διάκονοι</span> <span class='ocrx_word' id='word_1_439' title='bbox 3036 2165 3268 2237; x_wconf 79' lang='grc' dir='ltr'>Χριστοῦ</span> <span class='ocrx_word' id='word_1_440' title='bbox 3290 2167 3394 2220; x_wconf 78' lang='grc' dir='ltr'>εἱσι</span> <span class='ocrx_word' id='word_1_441' title='bbox 3411 2183 3427 2231; x_wconf 89' lang='lat'><strong>;</strong></span> <span class='ocrx_word' id='word_1_442' title='bbox 3445 2165 3805 2237; x_wconf 79' lang='grc' dir='ltr'>παραφρονῶν</span> <span class='ocrx_word' id='word_1_443' title='bbox 3821 2165 3995 2226; x_wconf 72' lang='grc' dir='ltr'>λαλῶ,</span> 
     </span>
    </p>
   </div>
   <div class='ocr_carea' id='block_1_66' title="bbox 2428 2257 4040 2330">
    <p class='ocr_par' dir='ltr' id='par_1_66' title="bbox 2428 2257 4040 2330">
     <span class='ocr_line' id='line_1_66' title="bbox 2428 2257 4040 2330; baseline -0.003 -18"><span class='ocrx_word' id='word_1_444' title='bbox 2428 2260 2568 2330; x_wconf 83' lang='grc' dir='ltr'>ὑπὲρ</span> <span class='ocrx_word' id='word_1_445' title='bbox 2595 2259 2723 2328; x_wconf 82' lang='grc' dir='ltr'>ἐγώ.</span> <span class='ocrx_word' id='word_1_446' title='bbox 2747 2258 2836 2312; x_wconf 87' lang='grc' dir='ltr'>Ἐν</span> <span class='ocrx_word' id='word_1_447' title='bbox 2865 2259 3051 2323; x_wconf 80' lang='grc' dir='ltr'>κόποις</span> <span class='ocrx_word' id='word_1_448' title='bbox 3081 2259 3502 2328; x_wconf 85' lang='grc' dir='ltr'>περισσοτέρως,</span> <span class='ocrx_word' id='word_1_449' title='bbox 3535 2261 3595 2312; x_wconf 88' lang='grc' dir='ltr'><strong>ἐν</strong></span> <span class='ocrx_word' id='word_1_450' title='bbox 3628 2258 3856 2328; x_wconf 77' lang='grc' dir='ltr'><strong>πληγαῖς</strong></span> <span class='ocrx_word' id='word_1_451' title='bbox 3881 2257 3993 2308; x_wconf 80' lang='grc' dir='ltr'>ύπ-</span> <span class='ocrx_word' id='word_1_452' title='bbox 4033 2282 4040 2286; x_wconf 91' lang='grc'><strong>-</strong></span> 
     </span>
    </p>
   </div>
   <div class='ocr_carea' id='block_1_67' title="bbox 2426 2348 3996 2421">
    <p class='ocr_par' dir='ltr' id='par_1_67' title="bbox 2426 2348 3996 2421">
     <span class='ocr_line' id='line_1_67' title="bbox 2426 2348 3996 2421; baseline -0.001 -19"><span class='ocrx_word' id='word_1_453' title='bbox 2426 2350 2810 2419; x_wconf 76' lang='grc' dir='ltr'>ερϐαλλόντως,</span> <span class='ocrx_word' id='word_1_454' title='bbox 2837 2351 2894 2403; x_wconf 84' lang='grc' dir='ltr'><strong>ἐν</strong></span> <span class='ocrx_word' id='word_1_455' title='bbox 2927 2351 3192 2420; x_wconf 79' lang='grc' dir='ltr'>φυλακαῖς</span> <span class='ocrx_word' id='word_1_456' title='bbox 3221 2350 3639 2421; x_wconf 82' lang='grc' dir='ltr'>περισσοτέρως,</span> <span class='ocrx_word' id='word_1_457' title='bbox 3659 2350 3717 2401; x_wconf 88' lang='grc' dir='ltr'><strong>ἐν</strong></span> <span class='ocrx_word' id='word_1_458' title='bbox 3742 2348 3996 2410; x_wconf 80' lang='grc' dir='ltr'>θανάτοις</span> 
     </span>
    </p>
   </div>
   <div class='ocr_carea' id='block_1_68' title="bbox 2428 2442 3988 2512">
    <p class='ocr_par' dir='ltr' id='par_1_68' title="bbox 2428 2442 3988 2512">
     <span class='ocr_line' id='line_1_68' title="bbox 2428 2442 3988 2512; baseline -0.003 -16"><span class='ocrx_word' id='word_1_459' title='bbox 2428 2443 2861 2507; x_wconf 84' lang='grc' dir='ltr'>πολλάκις.⁹Υπὺ</span> <span class='ocrx_word' id='word_1_460' title='bbox 2899 2443 3165 2497; x_wconf 79' lang='grc' dir='ltr'>Ἰουδαίων</span> <span class='ocrx_word' id='word_1_461' title='bbox 3192 2444 3452 2507; x_wconf 85' lang='grc' dir='ltr'>πεντάκις</span> <span class='ocrx_word' id='word_1_462' title='bbox 3496 2442 3920 2512; x_wconf 85' lang='grc' dir='ltr'>τεσσαράκοντα.</span> <span class='ocrx_word' id='word_1_463' title='bbox 3966 2460 3988 2491; x_wconf 71' lang='grc' dir='ltr'><strong>ι</strong></span> 
     </span>
    </p>
   </div>
   <div class='ocr_carea' id='block_1_69' title="bbox 2497 2529 4000 2604">
    <p class='ocr_par' dir='ltr' id='par_1_69' title="bbox 2497 2529 4000 2604">
     <span class='ocr_line' id='line_1_69' title="bbox 2497 2529 4000 2604; baseline -0.003 -18"><span class='ocrx_word' id='word_1_464' title='bbox 2497 2533 2588 2603; x_wconf 83' lang='grc' dir='ltr'><strong>Μὴ</strong></span> <span class='ocrx_word' id='word_1_465' title='bbox 2611 2533 2716 2603; x_wconf 82' lang='grc' dir='ltr'>γὰρ</span> <span class='ocrx_word' id='word_1_466' title='bbox 2737 2533 2837 2586; x_wconf 81' lang='grc' dir='ltr'>οὐκ</span> <span class='ocrx_word' id='word_1_467' title='bbox 2856 2533 3179 2604; x_wconf 84' lang='grc' dir='ltr'>ἐδυνάμεθα,</span> <span class='ocrx_word' id='word_1_468' title='bbox 3212 2533 3367 2603; x_wconf 79' lang='grc' dir='ltr'>φησὶ,</span> <span class='ocrx_word' id='word_1_469' title='bbox 3414 2533 3506 2586; x_wconf 74' lang='grc' dir='ltr'>καὶ</span> <span class='ocrx_word' id='word_1_470' title='bbox 3555 2533 3714 2602; x_wconf 75' lang='grc' dir='ltr'>ἡμεῖς</span> <span class='ocrx_word' id='word_1_471' title='bbox 3765 2529 4000 2583; x_wconf 81' lang='grc' dir='ltr'>τοιαῦτα</span> 
     </span>
    </p>
   </div>
   <div class='ocr_carea' id='block_1_70' title="bbox 2428 2618 3998 2695">
    <p class='ocr_par' dir='ltr' id='par_1_70' title="bbox 2428 2618 3998 2695">
     <span class='ocr_line' id='line_1_70' title="bbox 2428 2618 3998 2695; baseline -0.004 -17"><span class='ocrx_word' id='word_1_472' title='bbox 2428 2626 2601 2678; x_wconf 84' lang='grc' dir='ltr'>ποιεῖν</span> <span class='ocrx_word' id='word_1_473' title='bbox 2631 2625 2798 2695; x_wconf 84' lang='grc' dir='ltr'>ύμῖν;</span> <span class='ocrx_word' id='word_1_474' title='bbox 2840 2623 2976 2677; x_wconf 73' lang='grc' dir='ltr'>Ἀλλ’</span> <span class='ocrx_word' id='word_1_475' title='bbox 3012 2625 3074 2678; x_wconf 79' lang='grc' dir='ltr'>οὐ</span> <span class='ocrx_word' id='word_1_476' title='bbox 3123 2623 3402 2694; x_wconf 79' lang='grc' dir='ltr'>ποιοῦμεν.</span> <span class='ocrx_word' id='word_1_477' title='bbox 3463 2623 3619 2686; x_wconf 85' lang='grc' dir='ltr'>Τίνος</span> <span class='ocrx_word' id='word_1_478' title='bbox 3666 2618 3758 2675; x_wconf 84' lang='grc' dir='ltr'>οὖν</span> <span class='ocrx_word' id='word_1_479' title='bbox 3802 2621 3998 2673; x_wconf 77' lang='grc' dir='ltr'>ἕνεκεν</span> 
     </span>
    </p>
   </div>
   <div class='ocr_carea' id='block_1_71' title="bbox 2427 2705 3999 2786">
    <p class='ocr_par' dir='ltr' id='par_1_71' title="bbox 2427 2705 3999 2786">
     <span class='ocr_line' id='line_1_71' title="bbox 2427 2705 3999 2786; baseline -0.004 -18"><span class='ocrx_word' id='word_1_480' title='bbox 2427 2715 2604 2768; x_wconf 81' lang='grc' dir='ltr'>αὐτῶν</span> <span class='ocrx_word' id='word_1_481' title='bbox 2657 2715 2937 2785; x_wconf 77' lang='grc' dir='ltr'>ἀνέχεσθε,</span> <span class='ocrx_word' id='word_1_482' title='bbox 2993 2705 3070 2779; x_wconf 81' lang='grc' dir='ltr'>ὦς</span> <span class='ocrx_word' id='word_1_483' title='bbox 3121 2715 3281 2786; x_wconf 77' lang='grc' dir='ltr'>ἡμῶν</span> <span class='ocrx_word' id='word_1_484' title='bbox 3327 2715 3402 2786; x_wconf 79' lang='grc' dir='ltr'>μὴ</span> <span class='ocrx_word' id='word_1_485' title='bbox 3430 2713 3742 2783; x_wconf 82' lang='grc' dir='ltr'>δυναμένων</span> <span class='ocrx_word' id='word_1_486' title='bbox 3768 2711 3999 2764; x_wconf 80' lang='grc' dir='ltr'>τοιαῦτα</span> 
     </span>
    </p>
   </div>
   <div class='ocr_carea' id='block_1_72' title="bbox 2429 2800 4001 2876">
    <p class='ocr_par' dir='ltr' id='par_1_72' title="bbox 2429 2800 4001 2876">
     <span class='ocr_line' id='line_1_72' title="bbox 2429 2800 4001 2876; baseline -0.004 -18"><span class='ocrx_word' id='word_1_487' title='bbox 2429 2807 2643 2871; x_wconf 74' lang='grc' dir='ltr'>ποιεῖνς</span> <span class='ocrx_word' id='word_1_488' title='bbox 2677 2805 2967 2876; x_wconf 81' lang='grc' dir='ltr'>Ἐγκλημα</span> <span class='ocrx_word' id='word_1_489' title='bbox 3002 2805 3100 2876; x_wconf 81' lang='grc' dir='ltr'>μὲν</span> <span class='ocrx_word' id='word_1_490' title='bbox 3131 2805 3239 2876; x_wconf 85' lang='grc' dir='ltr'><strong>γὰρ</strong></span> <span class='ocrx_word' id='word_1_491' title='bbox 3267 2805 3416 2874; x_wconf 82' lang='grc' dir='ltr'>ύμῖν,</span> <span class='ocrx_word' id='word_1_492' title='bbox 3452 2804 3544 2856; x_wconf 70' lang='grc' dir='ltr'><strong>καὶ</strong></span> <span class='ocrx_word' id='word_1_493' title='bbox 3587 2803 3648 2855; x_wconf 82' lang='grc' dir='ltr'>τὸ</span> <span class='ocrx_word' id='word_1_494' title='bbox 3692 2800 4001 2873; x_wconf 78' lang='grc' dir='ltr'>μωραινόνο</span> 
     </span>
    </p>
   </div>
   <div class='ocr_carea' id='block_1_73' title="bbox 2427 2891 4002 2966">
    <p class='ocr_par' dir='ltr' id='par_1_73' title="bbox 2427 2891 4002 2966">
     <span class='ocr_line' id='line_1_73' title="bbox 2427 2891 4002 2966; baseline -0.005 -18"><span class='ocrx_word' id='word_1_495' title='bbox 2427 2913 2534 2948; x_wconf 88' lang='grc' dir='ltr'><strong>των</strong></span> <span class='ocrx_word' id='word_1_496' title='bbox 2558 2895 2864 2965; x_wconf 84' lang='grc' dir='ltr'>ἀνέχεσθαι.</span> <span class='ocrx_word' id='word_1_497' title='bbox 2898 2895 2972 2947; x_wconf 81' lang='grc' dir='ltr'>Τὸ</span> <span class='ocrx_word' id='word_1_498' title='bbox 3000 2893 3056 2948; x_wconf 83' lang='grc' dir='ltr'><strong>δέ</strong></span> <span class='ocrx_word' id='word_1_499' title='bbox 3099 2895 3193 2948; x_wconf 73' lang='grc' dir='ltr'>καὶ</span> <span class='ocrx_word' id='word_1_500' title='bbox 3243 2894 3617 2966; x_wconf 77' lang='grc' dir='ltr'>ἁρπαζόντων,</span> <span class='ocrx_word' id='word_1_501' title='bbox 3679 2891 3774 2944; x_wconf 81' lang='grc' dir='ltr'>καὶ</span> <span class='ocrx_word' id='word_1_502' title='bbox 3822 2906 4002 2942; x_wconf 62' lang='grc' dir='ltr'>κατα-</span> 
     </span>
    </p>
   </div>
   <div class='ocr_carea' id='block_1_74' title="bbox 2429 2981 3918 3056">
    <p class='ocr_par' dir='ltr' id='par_1_74' title="bbox 2429 2981 3918 3056">
     <span class='ocr_line' id='line_1_74' title="bbox 2429 2981 3918 3056; baseline -0.004 -15"><span class='ocrx_word' id='word_1_503' title='bbox 2429 2987 2792 3056; x_wconf 86' lang='grc' dir='ltr'>φρονούντων,</span> <span class='ocrx_word' id='word_1_504' title='bbox 2824 2986 2918 3040; x_wconf 79' lang='grc' dir='ltr'>καὶ</span> <span class='ocrx_word' id='word_1_505' title='bbox 2943 2986 3278 3051; x_wconf 75' lang='grc' dir='ltr'>τυπτόντων,</span> <span class='ocrx_word' id='word_1_506' title='bbox 3309 2984 3427 3038; x_wconf 77' lang='grc' dir='ltr'>οὐδὲ</span> <span class='ocrx_word' id='word_1_507' title='bbox 3453 2982 3746 3051; x_wconf 84' lang='grc' dir='ltr'>ἀπολογίαν</span> <span class='ocrx_word' id='word_1_508' title='bbox 3781 2981 3918 3051; x_wconf 79' lang='grc' dir='ltr'>ἔχει.</span> 
     </span>
    </p>
   </div>
   <div class='ocr_carea' id='block_1_75' title="bbox 2357 3206 3172 3295">
    <p class='ocr_par' dir='ltr' id='par_1_75' title="bbox 2357 3206 3172 3295">
     <span class='ocr_line' id='line_1_75' title="bbox 2357 3206 3172 3295; baseline -0.002 -35"><span class='ocrx_word' id='word_1_509' title='bbox 2357 3235 2400 3295; x_wconf 77' lang='lat' dir='ltr'>c</span> <span class='ocrx_word' id='word_1_510' title='bbox 2510 3227 2529 3260; x_wconf 82' lang='grc' dir='ltr'><strong>ι</strong></span> <span class='ocrx_word' id='word_1_511' title='bbox 2567 3207 2721 3280; x_wconf 87' lang='grc' dir='ltr'>Παρά</span> <span class='ocrx_word' id='word_1_512' title='bbox 2755 3208 2884 3278; x_wconf 88' lang='grc' dir='ltr'>μίαν</span> <span class='ocrx_word' id='word_1_513' title='bbox 2907 3206 3116 3260; x_wconf 76' lang='grc' dir='ltr'>ἔλαϐον.</span> <span class='ocrx_word' id='word_1_514' title='bbox 3153 3225 3172 3258; x_wconf 73' lang='grc' dir='ltr'><strong>ι</strong></span> 
     </span>
    </p>
   </div>
   <div class='ocr_carea' id='block_1_76' title="bbox 2505 3290 4002 3364">
    <p class='ocr_par' dir='ltr' id='par_1_76' title="bbox 2505 3290 4002 3364">
     <span class='ocr_line' id='line_1_76' title="bbox 2505 3290 4002 3364; baseline -0.007 -13"><span class='ocrx_word' id='word_1_515' title='bbox 2505 3300 2603 3352; x_wconf 91' lang='grc' dir='ltr'>Διά</span> <span class='ocrx_word' id='word_1_516' title='bbox 2627 3299 2678 3352; x_wconf 93' lang='grc' dir='ltr'><strong>τί</strong></span> <span class='ocrx_word' id='word_1_517' title='bbox 2707 3300 2864 3364; x_wconf 80' lang='grc' dir='ltr'>παρὰ</span> <span class='ocrx_word' id='word_1_518' title='bbox 2889 3300 3074 3364; x_wconf 64' lang='lat' dir='ltr'><strong>utar;</strong></span> <span class='ocrx_word' id='word_1_519' title='bbox 3111 3297 3290 3362; x_wconf 83' lang='grc' dir='ltr'>Νόμος</span> <span class='ocrx_word' id='word_1_520' title='bbox 3337 3292 3406 3361; x_wconf 81' lang='grc' dir='ltr'>ἦν</span> <span class='ocrx_word' id='word_1_521' title='bbox 3440 3296 3668 3359; x_wconf 77' lang='grc' dir='ltr'>παλαιὸς</span> <span class='ocrx_word' id='word_1_522' title='bbox 3698 3293 3789 3347; x_wconf 74' lang='grc' dir='ltr'><strong>τὸν</strong></span> <span class='ocrx_word' id='word_1_523' title='bbox 3833 3290 4002 3343; x_wconf 80' lang='grc' dir='ltr'>πλέον</span> 
     </span>
    </p>
   </div>
   <div class='ocr_carea' id='block_1_77' title="bbox 2435 3379 4002 3457">
    <p class='ocr_par' dir='ltr' id='par_1_77' title="bbox 2435 3379 4002 3457">
     <span class='ocr_line' id='line_1_77' title="bbox 2435 3379 4002 3457; baseline -0.008 -15"><span class='ocrx_word' id='word_1_524' title='bbox 2435 3389 2542 3442; x_wconf 83' lang='grc' dir='ltr'><strong>τῶν</strong></span> <span class='ocrx_word' id='word_1_525' title='bbox 2571 3389 2976 3457; x_wconf 85' lang='grc' dir='ltr'>τεσσαράκοντα</span> <span class='ocrx_word' id='word_1_526' title='bbox 3002 3385 3238 3438; x_wconf 83' lang='grc' dir='ltr'>λαϐόντα</span> <span class='ocrx_word' id='word_1_527' title='bbox 3283 3385 3478 3454; x_wconf 69' lang='grc' dir='ltr'>ἄτιμον</span> <span class='ocrx_word' id='word_1_528' title='bbox 3528 3379 3667 3437; x_wconf 73' lang='grc' dir='ltr'>εἶναι</span> <span class='ocrx_word' id='word_1_529' title='bbox 3716 3381 3848 3450; x_wconf 80' lang='grc' dir='ltr'>παρ’</span> <span class='ocrx_word' id='word_1_530' title='bbox 3896 3383 4002 3432; x_wconf 79' lang='grc' dir='ltr'><strong>αὑ-</strong></span> 
     </span>
    </p>
   </div>
   <div class='ocr_carea' id='block_1_78' title="bbox 2437 3472 4004 3550">
    <p class='ocr_par' dir='ltr' id='par_1_78' title="bbox 2437 3472 4004 3550">
     <span class='ocr_line' id='line_1_78' title="bbox 2437 3472 4004 3550; baseline -0.006 -16"><span class='ocrx_word' id='word_1_531' title='bbox 2437 3483 2566 3543; x_wconf 84' lang='grc' dir='ltr'>τοῖς.</span> <span class='ocrx_word' id='word_1_532' title='bbox 2597 3480 2715 3532; x_wconf 86' lang='grc' dir='ltr'>Ἵνα</span> <span class='ocrx_word' id='word_1_533' title='bbox 2740 3475 2834 3532; x_wconf 77' lang='grc' dir='ltr'>οὖν</span> <span class='ocrx_word' id='word_1_534' title='bbox 2866 3477 2941 3550; x_wconf 79' lang='grc' dir='ltr'>μὴ</span> <span class='ocrx_word' id='word_1_535' title='bbox 2974 3480 3008 3549; x_wconf 80' lang='grc' dir='ltr'><strong>ἡ</strong></span> <span class='ocrx_word' id='word_1_536' title='bbox 3043 3477 3137 3532; x_wconf 79' lang='grc' dir='ltr'>τοῦ</span> <span class='ocrx_word' id='word_1_537' title='bbox 3171 3479 3463 3540; x_wconf 81' lang='grc' dir='ltr'>τύπτοντος</span> <span class='ocrx_word' id='word_1_538' title='bbox 3509 3475 3656 3547; x_wconf 75' lang='grc' dir='ltr'>ῥύμη</span> <span class='ocrx_word' id='word_1_539' title='bbox 3704 3474 3799 3528; x_wconf 72' lang='grc' dir='ltr'>καὶ</span> <span class='ocrx_word' id='word_1_540' title='bbox 3851 3472 4004 3546; x_wconf 78' lang='grc' dir='ltr'>ὁρμὴ</span> 
     </span>
    </p>
   </div>
   <div class='ocr_carea' id='block_1_79' title="bbox 2440 3567 4005 3648">
    <p class='ocr_par' dir='ltr' id='par_1_79' title="bbox 2440 3567 4005 3648">
     <span class='ocr_line' id='line_1_79' title="bbox 2440 3567 4005 3648; baseline -0.004 -24"><span class='ocrx_word' id='word_1_541' title='bbox 2440 3571 2602 3625; x_wconf 84' lang='grc' dir='ltr'>πλέον</span> <span class='ocrx_word' id='word_1_542' title='bbox 2619 3569 2988 3640; x_wconf 85' lang='grc' dir='ltr'>ἐπενεγκοῦσα</span> <span class='ocrx_word' id='word_1_543' title='bbox 3014 3570 3109 3624; x_wconf 81' lang='grc' dir='ltr'><strong>τοῦ</strong></span> <span class='ocrx_word' id='word_1_544' title='bbox 3140 3567 3412 3648; x_wconf 51' lang='grc' dir='ltr'>ἀμθμοῦ,</span> <span class='ocrx_word' id='word_1_545' title='bbox 3433 3567 3627 3638; x_wconf 84' lang='grc' dir='ltr'>ἄτιμον</span> <span class='ocrx_word' id='word_1_546' title='bbox 3658 3568 3859 3638; x_wconf 76' lang='grc' dir='ltr'>ποιήσῃ</span> <span class='ocrx_word' id='word_1_547' title='bbox 3908 3568 4005 3619; x_wconf 74' lang='grc' dir='ltr'><strong>τὸν</strong></span> 
     </span>
    </p>
   </div>
   <div class='ocr_carea' id='block_1_80' title="bbox 2445 3657 4004 3730">
    <p class='ocr_par' dir='ltr' id='par_1_80' title="bbox 2445 3657 4004 3730">
     <span class='ocr_line' id='line_1_80' title="bbox 2445 3657 4004 3730; baseline -0.003 -16"><span class='ocrx_word' id='word_1_548' title='bbox 2445 3659 2892 3730; x_wconf 83' lang='grc' dir='ltr'>μαστιγούμενον,</span> <span class='ocrx_word' id='word_1_549' title='bbox 2931 3659 3137 3730; x_wconf 84' lang='grc' dir='ltr'>ὥρισαν</span> <span class='ocrx_word' id='word_1_550' title='bbox 3169 3658 3318 3730; x_wconf 85' lang='grc' dir='ltr'>παρὰ</span> <span class='ocrx_word' id='word_1_551' title='bbox 3363 3658 3491 3729; x_wconf 85' lang='grc' dir='ltr'>μίαν</span> <span class='ocrx_word' id='word_1_552' title='bbox 3545 3657 3864 3720; x_wconf 85' lang='grc' dir='ltr'>τύπτεσθαι,</span> <span class='ocrx_word' id='word_1_553' title='bbox 3913 3658 4004 3710; x_wconf 85' lang='grc' dir='ltr'>ἵνα</span> 
     </span>
    </p>
   </div>
   <div class='ocr_carea' id='block_1_81' title="bbox 2443 3748 4002 3820">
    <p class='ocr_par' dir='ltr' id='par_1_81' title="bbox 2443 3748 4002 3820">
     <span class='ocr_line' id='line_1_81' title="bbox 2443 3748 4002 3820; baseline -0.003 -16"><span class='ocrx_word' id='word_1_554' title='bbox 2443 3749 2545 3804; x_wconf 79' lang='grc' dir='ltr'>κᾶν</span> <span class='ocrx_word' id='word_1_555' title='bbox 2569 3751 2836 3820; x_wconf 84' lang='grc' dir='ltr'>πλεονάσῃ</span> <span class='ocrx_word' id='word_1_556' title='bbox 2857 3752 2885 3802; x_wconf 86' lang='grc' dir='ltr'>ὁ</span> <span class='ocrx_word' id='word_1_557' title='bbox 2913 3750 3153 3811; x_wconf 83' lang='grc' dir='ltr'>τύπτων,</span> <span class='ocrx_word' id='word_1_558' title='bbox 3177 3749 3250 3819; x_wconf 84' lang='grc' dir='ltr'>μὴ</span> <span class='ocrx_word' id='word_1_559' title='bbox 3297 3749 3437 3818; x_wconf 85' lang='grc' dir='ltr'>ὑπὲρ</span> <span class='ocrx_word' id='word_1_560' title='bbox 3471 3748 3879 3820; x_wconf 71' lang='grc' dir='ltr'>τεσσαράκοντα</span> <span class='ocrx_word' id='word_1_561' title='bbox 3907 3749 4002 3800; x_wconf 83' lang='grc' dir='ltr'>ἐκ-</span> 
     </span>
    </p>
   </div>
   <div class='ocr_carea' id='block_1_82' title="bbox 2445 3837 4002 3912">
    <p class='ocr_par' dir='ltr' id='par_1_82' title="bbox 2445 3837 4002 3912">
     <span class='ocr_line' id='line_1_82' title="bbox 2445 3837 4002 3912; baseline -0.003 -18"><span class='ocrx_word' id='word_1_562' title='bbox 2445 3841 2604 3912; x_wconf 83' lang='grc' dir='ltr'>πέσῃ,</span> <span class='ocrx_word' id='word_1_563' title='bbox 2639 3841 2773 3895; x_wconf 89' lang='grc' dir='ltr'><strong>ἀλλά</strong></span> <span class='ocrx_word' id='word_1_564' title='bbox 2799 3841 2930 3894; x_wconf 80' lang='grc' dir='ltr'>εἴσω</span> <span class='ocrx_word' id='word_1_565' title='bbox 2955 3840 3049 3892; x_wconf 81' lang='grc' dir='ltr'><strong>τοῦ</strong></span> <span class='ocrx_word' id='word_1_566' title='bbox 3081 3837 3315 3910; x_wconf 77' lang='grc' dir='ltr'>ἀριθμοῦ</span> <span class='ocrx_word' id='word_1_567' title='bbox 3338 3837 3434 3891; x_wconf 79' lang='grc' dir='ltr'><strong>τοῦ</strong></span> <span class='ocrx_word' id='word_1_568' title='bbox 3458 3837 3849 3909; x_wconf 78' lang='grc' dir='ltr'>σεσοφισμένου</span> <span class='ocrx_word' id='word_1_569' title='bbox 3884 3837 4002 3907; x_wconf 83' lang='grc' dir='ltr'>μεί-</span> 
     </span>
    </p>
   </div>
   <div class='ocr_carea' id='block_1_83' title="bbox 2445 3920 3535 4032">
    <p class='ocr_par' dir='ltr' id='par_1_83' title="bbox 2445 3920 3535 4032">
     <span class='ocr_line' id='line_1_83' title="bbox 2445 3920 3535 4032; baseline -0.005 -45"><span class='ocrx_word' id='word_1_570' title='bbox 2445 3951 2563 3998; x_wconf 90' lang='grc' dir='ltr'>νας,</span> <span class='ocrx_word' id='word_1_571' title='bbox 2595 3933 2672 4005; x_wconf 86' lang='grc' dir='ltr'>μὴ</span> <span class='ocrx_word' id='word_1_572' title='bbox 2695 3933 2936 4003; x_wconf 78' lang='grc' dir='ltr'>ἀτιμάσῃ</span> <span class='ocrx_word' id='word_1_573' title='bbox 2959 3931 3049 3984; x_wconf 79' lang='grc' dir='ltr'>τὸν</span> <span class='ocrx_word' id='word_1_574' title='bbox 3072 3931 3428 4000; x_wconf 87' lang='grc' dir='ltr'>τυπτόμενον.</span> <span class='ocrx_word' id='word_1_575' title='bbox 3511 3920 3535 4032; x_wconf 62' lang='lat'><strong>&quot;</strong></span> 
     </span>
    </p>
   </div>
   <div class='ocr_carea' id='block_1_84' title="bbox 2524 4107 3730 4183">
    <p class='ocr_par' dir='ltr' id='par_1_84' title="bbox 2524 4107 3730 4183">
     <span class='ocr_line' id='line_1_84' title="bbox 2524 4107 3730 4183; baseline -0.007 -17"><span class='ocrx_word' id='word_1_576' title='bbox 2524 4131 2546 4166; x_wconf 82' lang='grc' dir='ltr'><strong>ι</strong></span> <span class='ocrx_word' id='word_1_577' title='bbox 2593 4111 2724 4183; x_wconf 73' lang='grc' dir='ltr'>Τρὶς</span> <span class='ocrx_word' id='word_1_578' title='bbox 2751 4109 3109 4183; x_wconf 74' lang='grc' dir='ltr'>ἐρῤαόδίσθην</span> <span class='ocrx_word' id='word_1_579' title='bbox 3132 4126 3145 4140; x_wconf 85' lang='lat'><strong><em>°</em></strong></span> <span class='ocrx_word' id='word_1_580' title='bbox 3185 4108 3329 4174; x_wconf 76' lang='grc' dir='ltr'>ἅπαξ</span> <span class='ocrx_word' id='word_1_581' title='bbox 3357 4107 3671 4182; x_wconf 82' lang='grc' dir='ltr'>ἐλιθάσθην.</span> <span class='ocrx_word' id='word_1_582' title='bbox 3712 4124 3730 4158; x_wconf 75' lang='grc' dir='ltr'><strong>ι</strong></span> 
     </span>
    </p>
   </div>
   <div class='ocr_carea' id='block_1_85' title="bbox 2518 4284 4004 4358">
    <p class='ocr_par' dir='ltr' id='par_1_85' title="bbox 2518 4284 4004 4358">
     <span class='ocr_line' id='line_1_85' title="bbox 2518 4284 4004 4358; baseline -0.003 -14"><span class='ocrx_word' id='word_1_583' title='bbox 2518 4290 2630 4345; x_wconf 76' lang='grc' dir='ltr'><strong>Καὶ</strong></span> <span class='ocrx_word' id='word_1_584' title='bbox 2679 4289 2732 4342; x_wconf 86' lang='grc' dir='ltr'><strong>τί</strong></span> <span class='ocrx_word' id='word_1_585' title='bbox 2780 4287 2936 4342; x_wconf 79' lang='grc' dir='ltr'>τοῦτο</span> <span class='ocrx_word' id='word_1_586' title='bbox 2989 4286 3128 4357; x_wconf 82' lang='grc' dir='ltr'>πρὸς</span> <span class='ocrx_word' id='word_1_587' title='bbox 3162 4287 3222 4340; x_wconf 80' lang='grc' dir='ltr'><strong>τὸ</strong></span> <span class='ocrx_word' id='word_1_588' title='bbox 3284 4284 3641 4358; x_wconf 76' lang='grc' dir='ltr'>Εὑαγγέλιονς</span> <span class='ocrx_word' id='word_1_589' title='bbox 3673 4286 3758 4338; x_wconf 82' lang='grc' dir='ltr'>ὅτι</span> <span class='ocrx_word' id='word_1_590' title='bbox 3791 4287 4004 4358; x_wconf 75' lang='grc' dir='ltr'>μακρὰς</span> 
     </span>
    </p>
   </div>
   <div class='ocr_carea' id='block_1_86' title="bbox 2450 4355 3779 4448">
    <p class='ocr_par' dir='ltr' id='par_1_86' title="bbox 2450 4355 3779 4448">
     <span class='ocr_line' id='line_1_86' title="bbox 2450 4355 3779 4448; baseline -0.005 -10"><span class='ocrx_word' id='word_1_591' title='bbox 2450 4383 2604 4446; x_wconf 83' lang='grc' dir='ltr'>ὀδοὺς</span> <span class='ocrx_word' id='word_1_592' title='bbox 2633 4380 2931 4446; x_wconf 81' lang='grc' dir='ltr'>ἐστέλλετο,</span> <span class='ocrx_word' id='word_1_593' title='bbox 2962 4355 3055 4433; x_wconf 58' lang='grc' dir='ltr'><strong>καί</strong></span> <span class='ocrx_word' id='word_1_594' title='bbox 3077 4378 3416 4443; x_wconf 85' lang='grc' dir='ltr'>διαποντίους</span> <span class='ocrx_word' id='word_1_595' title='bbox 3445 4355 3779 4448; x_wconf 70' lang='grc' dir='ltr'>ἀποδημίας.</span> 
     </span>
    </p>
   </div>
   <div class='ocr_carea' id='block_1_87' title="bbox 2527 4472 3130 4544">
    <p class='ocr_par' dir='ltr' id='par_1_87' title="bbox 2527 4472 3130 4544">
     <span class='ocr_line' id='line_1_87' title="bbox 2527 4472 3130 4544; baseline -0.003 -18"><span class='ocrx_word' id='word_1_596' title='bbox 2527 4494 2545 4526; x_wconf 75' lang='grc' dir='ltr'><strong>ι</strong></span> <span class='ocrx_word' id='word_1_597' title='bbox 2581 4474 2712 4544; x_wconf 77' lang='grc' dir='ltr'>Τρὶς</span> <span class='ocrx_word' id='word_1_598' title='bbox 2740 4472 3070 4542; x_wconf 87' lang='grc' dir='ltr'>ἐναυάγησα.</span> <span class='ocrx_word' id='word_1_599' title='bbox 3110 4490 3130 4524; x_wconf 75' lang='grc' dir='ltr'><strong>ι</strong></span> 
     </span>
    </p>
   </div>
   <div class='ocr_carea' id='block_1_88' title="bbox 865 4558 2531 4640">
    <p class='ocr_par' dir='ltr' id='par_1_88' title="bbox 865 4558 2430 4640">
     <span class='ocr_line' id='line_1_88' title="bbox 865 4558 2430 4640; baseline 0.001 -27"><span class='ocrx_word' id='word_1_600' title='bbox 865 4560 1096 4630; x_wconf 75' lang='lat' dir='ltr'><strong>Mystico</strong></span> <span class='ocrx_word' id='word_1_601' title='bbox 1127 4574 1293 4613; x_wconf 88' lang='lat' dir='ltr'><strong>sensu</strong></span> <span class='ocrx_word' id='word_1_602' title='bbox 1328 4558 1727 4612; x_wconf 82' lang='lat' dir='ltr'><strong>humanitatem</strong></span> <span class='ocrx_word' id='word_1_603' title='bbox 1775 4558 2044 4628; x_wconf 84' lang='lat' dir='ltr'><strong>signiﬁcat</strong></span> <span class='ocrx_word' id='word_1_604' title='bbox 2091 4569 2176 4614; x_wconf 91' lang='lat' dir='ltr'><strong>ter</strong></span> <span class='ocrx_word' id='word_1_605' title='bbox 2217 4575 2354 4614; x_wconf 87' lang='lat' dir='ltr'><strong>nau-</strong></span> <span class='ocrx_word' id='word_1_606' title='bbox 2385 4583 2430 4640; x_wconf 74' lang='grc' dir='ltr'><strong>ι)</strong></span> 
     </span>
    </p>
   </div>
   <div class='ocr_carea' id='block_1_89' title="bbox 2344 4558 4010 4640">
    <p class='ocr_par' dir='ltr' id='par_1_89' title="bbox 2344 4559 4010 4640">
     <span class='ocr_line' id='line_1_89' title="bbox 2344 4559 4010 4640; baseline -0.003 -21"><span class='ocrx_word' id='word_1_607' title='bbox 2344 4589 2354 4602; x_wconf 88' lang='lat'><strong><em>-</em></strong></span> <span class='ocrx_word' id='word_1_608' title='bbox 2385 4583 2430 4640; x_wconf 78' lang='grc' dir='ltr'><strong>ι)</strong></span> <span class='ocrx_word' id='word_1_609' title='bbox 2533 4562 2827 4625; x_wconf 82' lang='grc' dir='ltr'>Μυστικῶς</span> <span class='ocrx_word' id='word_1_610' title='bbox 2855 4571 2876 4600; x_wconf 71' lang='grc' dir='ltr'><strong>τ</strong></span> <span class='ocrx_word' id='word_1_611' title='bbox 2919 4561 3283 4631; x_wconf 75' lang='grc' dir='ltr'>αἰνιττόμενος</span> <span class='ocrx_word' id='word_1_612' title='bbox 3308 4559 3456 4629; x_wconf 81' lang='grc' dir='ltr'>λέγει</span> <span class='ocrx_word' id='word_1_613' title='bbox 3491 4560 3588 4630; x_wconf 81' lang='grc' dir='ltr'>τὴν</span> <span class='ocrx_word' id='word_1_614' title='bbox 3610 4559 4010 4630; x_wconf 82' lang='grc' dir='ltr'>ἀνθρωπὸτητα</span> 
     </span>
    </p>
   </div>
   <div class='ocr_carea' id='block_1_90' title="bbox 797 4649 2463 4727">
    <p class='ocr_par' dir='ltr' id='par_1_90' title="bbox 797 4649 2463 4722">
     <span class='ocr_line' id='line_1_90' title="bbox 797 4649 2463 4722; baseline 0.001 -17"><span class='ocrx_word' id='word_1_615' title='bbox 797 4653 1028 4722; x_wconf 87' lang='lat' dir='ltr'><strong>fragium</strong></span> <span class='ocrx_word' id='word_1_616' title='bbox 1081 4651 1299 4706; x_wconf 90' lang='lat' dir='ltr'><strong>fecisse.</strong></span> <span class='ocrx_word' id='word_1_617' title='bbox 1354 4649 1496 4715; x_wconf 85' lang='lat' dir='ltr'><strong>Quid</strong></span> <span class='ocrx_word' id='word_1_618' title='bbox 1549 4650 1692 4703; x_wconf 87' lang='lat' dir='ltr'><strong>enim</strong></span> <span class='ocrx_word' id='word_1_619' title='bbox 1747 4650 1986 4714; x_wconf 84' lang='lat' dir='ltr'><strong>ait,Tcr</strong></span> <span class='ocrx_word' id='word_1_620' title='bbox 2019 4653 2356 4722; x_wconf 79' lang='lat' dir='ltr'><strong>naufragium</strong></span> <span class='ocrx_word' id='word_1_621' title='bbox 2448 4674 2463 4707; x_wconf 80' lang='grc' dir='ltr'><strong>ιι</strong></span> 
     </span>
    </p>
   </div>
   <div class='ocr_carea' id='block_1_91' title="bbox 2339 4649 4005 4727">
    <p class='ocr_par' dir='ltr' id='par_1_91' title="bbox 2339 4651 4005 4727">
     <span class='ocr_line' id='line_1_91' title="bbox 2339 4651 4005 4727; baseline 0.001 -21"><span class='ocrx_word' id='word_1_622' title='bbox 2339 4669 2356 4706; x_wconf 96' lang='grc' dir='ltr'><strong>ι</strong></span> <span class='ocrx_word' id='word_1_623' title='bbox 2448 4655 2631 4727; x_wconf 85' lang='grc' dir='ltr'>τρίτον</span> <span class='ocrx_word' id='word_1_624' title='bbox 2663 4653 3002 4722; x_wconf 78' lang='grc' dir='ltr'>ναυαγῆσαιο</span> <span class='ocrx_word' id='word_1_625' title='bbox 3040 4653 3093 4705; x_wconf 86' lang='grc' dir='ltr'><strong>τί</strong></span> <span class='ocrx_word' id='word_1_626' title='bbox 3135 4653 3243 4723; x_wconf 82' lang='grc' dir='ltr'><strong>γάρ</strong></span> <span class='ocrx_word' id='word_1_627' title='bbox 3276 4669 3428 4723; x_wconf 81' lang='grc' dir='ltr'>φησι,</span> <span class='ocrx_word' id='word_1_628' title='bbox 3466 4653 3596 4720; x_wconf 76' lang='grc' dir='ltr'>Τρις</span> <span class='ocrx_word' id='word_1_629' title='bbox 3638 4651 4005 4720; x_wconf 77' lang='grc' dir='ltr'>ἐναυάγησα.</span> 
     </span>
    </p>
   </div>
   <div class='ocr_carea' id='block_1_92' title="bbox 799 4742 2357 4813">
    <p class='ocr_par' dir='ltr' id='par_1_92' title="bbox 799 4742 2357 4813">
     <span class='ocr_line' id='line_1_92' title="bbox 799 4742 2357 4813; baseline 0.001 -16"><span class='ocrx_word' id='word_1_630' title='bbox 799 4745 919 4813; x_wconf 76' lang='lat' dir='ltr'><strong>feci,</strong></span> <span class='ocrx_word' id='word_1_631' title='bbox 946 4755 1091 4798; x_wconf 84' lang='lat' dir='ltr'><strong>nocte</strong></span> <span class='ocrx_word' id='word_1_632' title='bbox 1111 4753 1159 4797; x_wconf 83' lang='lat' dir='ltr'><strong>et</strong></span> <span class='ocrx_word' id='word_1_633' title='bbox 1183 4743 1268 4797; x_wconf 82' lang='lat' dir='ltr'><strong>die</strong></span> <span class='ocrx_word' id='word_1_634' title='bbox 1290 4744 1344 4795; x_wconf 84' lang='lat' dir='ltr'><strong>in</strong></span> <span class='ocrx_word' id='word_1_635' title='bbox 1367 4742 1630 4810; x_wconf 77' lang='lat' dir='ltr'><strong>profundo</strong></span> <span class='ocrx_word' id='word_1_636' title='bbox 1660 4743 1822 4795; x_wconf 75' lang='lat' dir='ltr'><strong>maris</strong></span> <span class='ocrx_word' id='word_1_637' title='bbox 1850 4742 1929 4810; x_wconf 82' lang='lat' dir='ltr'><strong>fui</strong></span> <span class='ocrx_word' id='word_1_638' title='bbox 1953 4743 1977 4796; x_wconf 88' lang='lat'><strong>.’</strong></span> <span class='ocrx_word' id='word_1_639' title='bbox 2003 4742 2357 4809; x_wconf 7' lang='lat' dir='ltr'><strong>Terqnaufra-</strong></span> 
     </span>
    </p>
   </div>
   <div class='ocr_carea' id='block_1_93' title="bbox 2449 4738 4011 4816">
    <p class='ocr_par' dir='ltr' id='par_1_93' title="bbox 2449 4738 4011 4816">
     <span class='ocr_line' id='line_1_93' title="bbox 2449 4738 4011 4816; baseline -0.004 -14"><span class='ocrx_word' id='word_1_640' title='bbox 2449 4745 2824 4816; x_wconf 78' lang='grc' dir='ltr'>νυχθήμερον</span> <span class='ocrx_word' id='word_1_641' title='bbox 2849 4738 2932 4798; x_wconf 69' lang='grc' dir='ltr'><strong>’ἐν</strong></span> <span class='ocrx_word' id='word_1_642' title='bbox 2980 4743 3058 4810; x_wconf 83' lang='grc' dir='ltr'>τῷ</span> <span class='ocrx_word' id='word_1_643' title='bbox 3085 4743 3254 4809; x_wconf 73' lang='grc' dir='ltr'>,βυθῷ</span> <span class='ocrx_word' id='word_1_644' title='bbox 3298 4745 3595 4812; x_wconf 79' lang='grc' dir='ltr'>πεποίηκα</span> <span class='ocrx_word' id='word_1_645' title='bbox 3625 4761 3639 4809; x_wconf 89' lang='grc'><strong>;</strong></span> <span class='ocrx_word' id='word_1_646' title='bbox 3675 4744 3874 4813; x_wconf 83' lang='grc' dir='ltr'>Τρίτον</span> <span class='ocrx_word' id='word_1_647' title='bbox 3907 4745 4011 4812; x_wconf 70' lang='grc' dir='ltr'>γὰρ</span> 
     </span>
    </p>
   </div>
   <div class='ocr_carea' id='block_1_94' title="bbox 799 4832 2465 4908">
    <p class='ocr_par' dir='ltr' id='par_1_94' title="bbox 799 4832 2465 4907">
     <span class='ocr_line' id='line_1_94' title="bbox 799 4832 2465 4907; baseline 0.005 -21"><span class='ocrx_word' id='word_1_648' title='bbox 799 4836 944 4904; x_wconf 84' lang='lat' dir='ltr'><strong>ginm</strong></span> <span class='ocrx_word' id='word_1_649' title='bbox 981 4833 1107 4887; x_wconf 89' lang='lat' dir='ltr'><strong>fecit</strong></span> <span class='ocrx_word' id='word_1_650' title='bbox 1149 4834 1386 4886; x_wconf 73' lang='lat' dir='ltr'><strong>humana</strong></span> <span class='ocrx_word' id='word_1_651' title='bbox 1424 4842 1644 4886; x_wconf 82' lang='lat' dir='ltr'><strong>natura.</strong></span> <span class='ocrx_word' id='word_1_652' title='bbox 1681 4832 1862 4887; x_wconf 85' lang='lat' dir='ltr'><strong>Semel</strong></span> <span class='ocrx_word' id='word_1_653' title='bbox 1893 4835 1947 4887; x_wconf 92' lang='lat' dir='ltr'><strong>in</strong></span> <span class='ocrx_word' id='word_1_654' title='bbox 1978 4836 2237 4903; x_wconf 88' lang='lat' dir='ltr'><strong>paradiso</strong></span> <span class='ocrx_word' id='word_1_655' title='bbox 2265 4853 2360 4907; x_wconf 88' lang='lat' dir='ltr'><strong>per</strong></span> <span class='ocrx_word' id='word_1_656' title='bbox 2453 4843 2465 4894; x_wconf 87' lang='lat' dir='ltr'><strong>l</strong></span> 
     </span>
    </p>
   </div>
   <div class='ocr_carea' id='block_1_95' title="bbox 2348 4832 4014 4908">
    <p class='ocr_par' dir='ltr' id='par_1_95' title="bbox 2348 4833 4014 4908">
     <span class='ocr_line' id='line_1_95' title="bbox 2348 4833 4014 4908; baseline -0.005 -12"><span class='ocrx_word' id='word_1_657' title='bbox 2348 4854 2360 4868; x_wconf 86' lang='lat'><strong>&#39;</strong></span> <span class='ocrx_word' id='word_1_658' title='bbox 2453 4839 2786 4908; x_wconf 86' lang='grc' dir='ltr'>ἐναυάγησεν</span> <span class='ocrx_word' id='word_1_659' title='bbox 2815 4839 2848 4907; x_wconf 79' lang='grc' dir='ltr'><strong>ἡ</strong></span> <span class='ocrx_word' id='word_1_660' title='bbox 2893 4835 3266 4907; x_wconf 81' lang='grc' dir='ltr'>ἀνθρωπὸτης,</span> <span class='ocrx_word' id='word_1_661' title='bbox 3300 4833 3448 4908; x_wconf 72' lang='grc' dir='ltr'>ᾆπαξ</span> <span class='ocrx_word' id='word_1_662' title='bbox 3480 4835 3537 4887; x_wconf 87' lang='grc' dir='ltr'><strong>ἐν</strong></span> <span class='ocrx_word' id='word_1_663' title='bbox 3584 4833 3902 4904; x_wconf 79' lang='grc' dir='ltr'>παραδείσῳ</span> <span class='ocrx_word' id='word_1_664' title='bbox 3928 4834 4014 4887; x_wconf 69' lang='grc' dir='ltr'>διὰ</span> 
     </span>
    </p>
   </div>
   <div class='ocr_carea' id='block_1_96' title="bbox 803 4922 2469 5005">
    <p class='ocr_par' dir='ltr' id='par_1_96' title="bbox 803 4922 2469 4995">
     <span class='ocr_line' id='line_1_96' title="bbox 803 4922 2469 4995; baseline 0.004 -18"><span class='ocrx_word' id='word_1_665' title='bbox 803 4924 1329 4994; x_wconf 62' lang='grc' dir='ltr'>νιτενιιιιίοθιίυιιοιη.</span> <span class='ocrx_word' id='word_1_666' title='bbox 1374 4922 1627 4977; x_wconf 91' lang='lat' dir='ltr'><strong>Secundo</strong></span> <span class='ocrx_word' id='word_1_667' title='bbox 1681 4940 1938 4990; x_wconf 87' lang='lat' dir='ltr'><strong>rursum,</strong></span> <span class='ocrx_word' id='word_1_668' title='bbox 1990 4929 2209 4995; x_wconf 89' lang='lat' dir='ltr'><strong>quando</strong></span> <span class='ocrx_word' id='word_1_669' title='bbox 2259 4930 2360 4984; x_wconf 89' lang='lat' dir='ltr'><strong>sub</strong></span> <span class='ocrx_word' id='word_1_670' title='bbox 2453 4950 2469 4984; x_wconf 75' lang='grc' dir='ltr'>σι</span> 
     </span>
    </p>
   </div>
   <div class='ocr_carea' id='block_1_97' title="bbox 2344 4922 4010 5005">
    <p class='ocr_par' dir='ltr' id='par_1_97' title="bbox 2344 4924 4010 5005">
     <span class='ocr_line' id='line_1_97' title="bbox 2344 4924 4010 5005; baseline -0.005 -21"><span class='ocrx_word' id='word_1_671' title='bbox 2344 4946 2360 4984; x_wconf 70' lang='lat' dir='ltr'><strong>,t</strong></span> <span class='ocrx_word' id='word_1_672' title='bbox 2453 4931 2551 5001; x_wconf 82' lang='grc' dir='ltr'>τῆς</span> <span class='ocrx_word' id='word_1_673' title='bbox 2604 4927 3000 5005; x_wconf 65' lang='grc' dir='ltr'>παρᾳϐάσεωςυ</span> <span class='ocrx_word' id='word_1_674' title='bbox 3039 4926 3289 4996; x_wconf 79' lang='grc' dir='ltr'>δεύτερον</span> <span class='ocrx_word' id='word_1_675' title='bbox 3328 4926 3490 4978; x_wconf 77' lang='grc' dir='ltr'>πάλιν</span> <span class='ocrx_word' id='word_1_676' title='bbox 3513 4926 3570 4978; x_wconf 91' lang='grc' dir='ltr'><strong>ἐν</strong></span> <span class='ocrx_word' id='word_1_677' title='bbox 3613 4924 3692 4995; x_wconf 79' lang='grc' dir='ltr'>τῷ</span> <span class='ocrx_word' id='word_1_678' title='bbox 3734 4925 4010 4978; x_wconf 83' lang='grc' dir='ltr'>κατακλυ-</span> 
     </span>
    </p>
   </div>
   <div class='ocr_carea' id='block_1_98' title="bbox 801 5015 2362 5091">
    <p class='ocr_par' dir='ltr' id='par_1_98' title="bbox 801 5015 2362 5091">
     <span class='ocr_line' id='line_1_98' title="bbox 801 5015 2362 5091; baseline 0.004 -22"><span class='ocrx_word' id='word_1_679' title='bbox 801 5015 915 5071; x_wconf 74' lang='lat' dir='ltr'><strong>Noe</strong></span> <span class='ocrx_word' id='word_1_680' title='bbox 947 5017 1213 5090; x_wconf 87' lang='lat' dir='ltr'><strong>diluvium</strong></span> <span class='ocrx_word' id='word_1_681' title='bbox 1252 5017 1520 5070; x_wconf 87' lang='lat' dir='ltr'><strong>invectum</strong></span> <span class='ocrx_word' id='word_1_682' title='bbox 1556 5016 1676 5070; x_wconf 89' lang='lat' dir='ltr'><strong>fuit.</strong></span> <span class='ocrx_word' id='word_1_683' title='bbox 1710 5015 1918 5078; x_wconf 85' lang='lat' dir='ltr'><strong>Tertio,</strong></span> <span class='ocrx_word' id='word_1_684' title='bbox 1947 5018 2074 5072; x_wconf 90' lang='lat' dir='ltr'><strong>dum</strong></span> <span class='ocrx_word' id='word_1_685' title='bbox 2109 5022 2362 5091; x_wconf 90' lang='lat' dir='ltr'><strong>populus,</strong></span> 
     </span>
    </p>
   </div>
   <div class='ocr_carea' id='block_1_99' title="bbox 805 5107 2360 5182">
    <p class='ocr_par' dir='ltr' id='par_1_99' title="bbox 805 5107 2360 5182">
     <span class='ocr_line' id='line_1_99' title="bbox 805 5107 2360 5182; baseline 0.005 -20"><span class='ocrx_word' id='word_1_686' title='bbox 805 5115 927 5176; x_wconf 86' lang='lat' dir='ltr'><strong>post</strong></span> <span class='ocrx_word' id='word_1_687' title='bbox 957 5109 1265 5178; x_wconf 63' lang='lat' dir='ltr'><strong>susceptam</strong></span> <span class='ocrx_word' id='word_1_688' title='bbox 1299 5108 1492 5180; x_wconf 89' lang='lat' dir='ltr'><strong>legem,</strong></span> <span class='ocrx_word' id='word_1_689' title='bbox 1535 5107 1820 5164; x_wconf 90' lang='lat' dir='ltr'><strong>incultum</strong></span> <span class='ocrx_word' id='word_1_690' title='bbox 1865 5109 2134 5166; x_wconf 88' lang='lat' dir='ltr'><strong>idolorum</strong></span> <span class='ocrx_word' id='word_1_691' title='bbox 2179 5115 2360 5182; x_wconf 63' lang='lat' dir='ltr'><strong>prolao</strong></span> 
     </span>
    </p>
   </div>
   <div class='ocr_carea' id='block_1_100' title="bbox 894 5281 1383 5348">
    <p class='ocr_par' dir='ltr' id='par_1_100' title="bbox 894 5281 1383 5348">
     <span class='ocr_line' id='line_1_100' title="bbox 894 5281 1383 5348; baseline 0.008 -13"><span class='ocrx_word' id='word_1_692' title='bbox 894 5284 940 5315; x_wconf 81' lang='grc'>¹⁶</span> <span class='ocrx_word' id='word_1_693' title='bbox 967 5281 1099 5337; x_wconf 91' lang='lat' dir='ltr'><strong>Luc.</strong></span> <span class='ocrx_word' id='word_1_694' title='bbox 1137 5298 1270 5348; x_wconf 80' lang='lat' dir='ltr'><strong>xvtt,</strong></span> <span class='ocrx_word' id='word_1_695' title='bbox 1299 5282 1383 5339; x_wconf 72' lang='lat'><strong>10.</strong></span> 
     </span>
    </p>
   </div>
   <div class='ocr_carea' id='block_1_101' title="bbox 2463 5016 4014 5094">
    <p class='ocr_par' dir='ltr' id='par_1_101' title="bbox 2463 5016 4014 5094">
     <span class='ocr_line' id='line_1_101' title="bbox 2463 5016 4014 5094; baseline -0.006 -18"><span class='ocrx_word' id='word_1_696' title='bbox 2463 5021 2585 5094; x_wconf 80' lang='grc' dir='ltr'>σμῷ</span> <span class='ocrx_word' id='word_1_697' title='bbox 2607 5020 2748 5074; x_wconf 82' lang='grc' dir='ltr'>Νῶε.</span> <span class='ocrx_word' id='word_1_698' title='bbox 2781 5019 2994 5089; x_wconf 85' lang='grc' dir='ltr'>Τρίτον,</span> <span class='ocrx_word' id='word_1_699' title='bbox 3027 5017 3164 5089; x_wconf 74' lang='grc' dir='ltr'>μετὰ</span> <span class='ocrx_word' id='word_1_700' title='bbox 3185 5019 3246 5070; x_wconf 81' lang='grc' dir='ltr'>τὸ</span> <span class='ocrx_word' id='word_1_701' title='bbox 3270 5016 3522 5084; x_wconf 75' lang='grc' dir='ltr'>δέξασθαι</span> <span class='ocrx_word' id='word_1_702' title='bbox 3553 5017 3643 5069; x_wconf 81' lang='grc' dir='ltr'><strong>τὸν</strong></span> <span class='ocrx_word' id='word_1_703' title='bbox 3665 5018 3850 5086; x_wconf 86' lang='grc' dir='ltr'>νόμον,</span> <span class='ocrx_word' id='word_1_704' title='bbox 3881 5016 4014 5086; x_wconf 70' lang='grc' dir='ltr'>πρὸς</span> 
     </span>
    </p>
   </div>
   <div class='ocr_carea' id='block_1_102' title="bbox 2465 5100 4017 5185">
    <p class='ocr_par' dir='ltr' id='par_1_102' title="bbox 2465 5100 4017 5185">
     <span class='ocr_line' id='line_1_102' title="bbox 2465 5100 4017 5185; baseline -0.006 -18"><span class='ocrx_word' id='word_1_705' title='bbox 2465 5113 2565 5185; x_wconf 80' lang='grc' dir='ltr'>τὴν</span> <span class='ocrx_word' id='word_1_706' title='bbox 2601 5108 3041 5180; x_wconf 79' lang='grc' dir='ltr'>είδωλολατρείαν</span> <span class='ocrx_word' id='word_1_707' title='bbox 3073 5107 3324 5175; x_wconf 77' lang='grc' dir='ltr'>ἐξέπεσεν</span> <span class='ocrx_word' id='word_1_708' title='bbox 3369 5111 3398 5162; x_wconf 81' lang='grc' dir='ltr'><strong>ὁ</strong></span> <span class='ocrx_word' id='word_1_709' title='bbox 3446 5107 3592 5175; x_wconf 74' lang='grc' dir='ltr'>λαὸς,</span> <span class='ocrx_word' id='word_1_710' title='bbox 3617 5107 3719 5170; x_wconf 77' lang='grc' dir='ltr'>ἕως</span> <span class='ocrx_word' id='word_1_711' title='bbox 3753 5100 3816 5160; x_wconf 74' lang='grc' dir='ltr'>οὗ</span> <span class='ocrx_word' id='word_1_712' title='bbox 3849 5107 4017 5161; x_wconf 83' lang='grc' dir='ltr'>ἐλθὼν</span> 
     </span>
    </p>
   </div>
   <div class='ocr_carea' id='block_1_103' title="bbox 2005 5371 2762 5441">
    <p class='ocr_par' dir='ltr' id='par_1_103' title="bbox 2005 5371 2762 5441">
     <span class='ocr_line' id='line_1_103' title="bbox 2005 5371 2762 5441; baseline -0.021 0"><span class='ocrx_word' id='word_1_713' title='bbox 2005 5429 2010 5441; x_wconf 94' lang='grc'><strong>.</strong></span> <span class='ocrx_word' id='word_1_714' title='bbox 2095 5377 2327 5433; x_wconf 66' lang='grc' dir='ltr'><strong>ΥΑΒΙΑΕ</strong></span> <span class='ocrx_word' id='word_1_715' title='bbox 2365 5371 2762 5431; x_wconf 83' lang='lat' dir='ltr'><strong>LECTIONES.</strong></span> 
     </span>
    </p>
   </div>
   <div class='ocr_carea' id='block_1_104' title="bbox 912 5460 4019 5544">
    <p class='ocr_par' dir='ltr' id='par_1_104' title="bbox 912 5460 4019 5544">
     <span class='ocr_line' id='line_1_104' title="bbox 912 5460 4019 5544; baseline -0.002 -21"><span class='ocrx_word' id='word_1_716' title='bbox 912 5478 938 5544; x_wconf 49' lang='grc' dir='ltr'>ἡ</span> <span class='ocrx_word' id='word_1_717' title='bbox 963 5469 1293 5544; x_wconf 70' lang='grc' dir='ltr'>Μυστικῶς.</span> <span class='ocrx_word' id='word_1_718' title='bbox 1353 5467 1607 5544; x_wconf 71' lang='lat' dir='ltr'><strong>hlysticas</strong></span> <span class='ocrx_word' id='word_1_719' title='bbox 1638 5469 2113 5544; x_wconf 73' lang='lat' dir='ltr'><strong>interpretationes</strong></span> <span class='ocrx_word' id='word_1_720' title='bbox 2143 5473 2276 5526; x_wconf 90' lang='lat' dir='ltr'><strong>istas</strong></span> <span class='ocrx_word' id='word_1_721' title='bbox 2301 5485 2408 5544; x_wconf 81' lang='lat' dir='ltr'><strong>non</strong></span> <span class='ocrx_word' id='word_1_722' title='bbox 2441 5467 2647 5536; x_wconf 87' lang='lat' dir='ltr'><strong>accepit</strong></span> <span class='ocrx_word' id='word_1_723' title='bbox 2672 5465 3041 5544; x_wconf 75' lang='lat' dir='ltr'><strong>Damascenus</strong></span> <span class='ocrx_word' id='word_1_724' title='bbox 3070 5460 3574 5544; x_wconf 67' lang='lat' dir='ltr'><strong>ex_Chr)&#39;sostom_o,</strong></span> <span class='ocrx_word' id='word_1_725' title='bbox 3609 5461 3701 5530; x_wconf 92' lang='lat' dir='ltr'><strong>qui</strong></span> <span class='ocrx_word' id='word_1_726' title='bbox 3745 5465 4019 5544; x_wconf 80' lang='lat' dir='ltr'><strong>propriam</strong></span> 
     </span>
    </p>
   </div>
   <div class='ocr_carea' id='block_1_105' title="bbox 811 5531 4018 5613">
    <p class='ocr_par' dir='ltr' id='par_1_105' title="bbox 811 5531 4018 5613">
     <span class='ocr_line' id='line_1_105' title="bbox 811 5531 4018 5613; baseline -0.003 -18"><span class='ocrx_word' id='word_1_727' title='bbox 811 5547 868 5595; x_wconf 80' lang='lat' dir='ltr'><strong>et</strong></span> <span class='ocrx_word' id='word_1_728' title='bbox 896 5531 1444 5613; x_wconf 66' lang='lat' dir='ltr'><strong>sitnplicetnalterant</strong></span> <span class='ocrx_word' id='word_1_729' title='bbox 1471 5537 1635 5613; x_wconf 83' lang='lat' dir='ltr'><strong>dedit.</strong></span> <span class='ocrx_word' id='word_1_730' title='bbox 1660 5531 1828 5613; x_wconf 78' lang='lat' dir='ltr'><strong>Quem</strong></span> <span class='ocrx_word' id='word_1_731' title='bbox 1866 5556 1994 5595; x_wconf 89' lang='lat' dir='ltr'><strong>vero</strong></span> <span class='ocrx_word' id='word_1_732' title='bbox 2027 5551 2300 5613; x_wconf 89' lang='lat' dir='ltr'><strong>auctorem</strong></span> <span class='ocrx_word' id='word_1_733' title='bbox 2346 5541 2541 5613; x_wconf 77' lang='lat' dir='ltr'><strong>Noster</strong></span> <span class='ocrx_word' id='word_1_734' title='bbox 2573 5531 2794 5613; x_wconf 73' lang='lat' dir='ltr'><strong>secutus</strong></span> <span class='ocrx_word' id='word_1_735' title='bbox 2833 5535 2924 5613; x_wconf 69' lang='lat' dir='ltr'><strong>sit,</strong></span> <span class='ocrx_word' id='word_1_736' title='bbox 2973 5531 3378 5613; x_wconf 49' lang='lat' dir='ltr'><strong>depreltnenderc</strong></span> <span class='ocrx_word' id='word_1_737' title='bbox 3405 5532 3668 5613; x_wconf 76' lang='lat' dir='ltr'><strong>hactenus</strong></span> <span class='ocrx_word' id='word_1_738' title='bbox 3696 5547 3805 5586; x_wconf 92' lang='lat' dir='ltr'><strong>non</strong></span> <span class='ocrx_word' id='word_1_739' title='bbox 3826 5531 4018 5613; x_wconf 59' lang='lat' dir='ltr'><strong>jtotui.</strong></span> 
     </span>
    </p>
   </div>
   <div class='ocr_carea' id='block_1_106' title="bbox 813 5601 4024 5684">
    <p class='ocr_par' dir='ltr' id='par_1_106' title="bbox 813 5601 4024 5684">
     <span class='ocr_line' id='line_1_106' title="bbox 813 5601 4024 5684; baseline -0.002 -18"><span class='ocrx_word' id='word_1_740' title='bbox 813 5601 1078 5684; x_wconf 64' lang='lat' dir='ltr'><strong>(Iatcrtim</strong></span> <span class='ocrx_word' id='word_1_741' title='bbox 1128 5601 1979 5684; x_wconf 24' lang='lat' dir='ltr'><strong>(Eetnneniustallatoprimum</strong></span> <span class='ocrx_word' id='word_1_742' title='bbox 2025 5612 2259 5684; x_wconf 88' lang='lat' dir='ltr'><strong>simplici</strong></span> <span class='ocrx_word' id='word_1_743' title='bbox 2289 5611 2590 5684; x_wconf 76' lang='lat' dir='ltr'><strong>verborum</strong></span> <span class='ocrx_word' id='word_1_744' title='bbox 2622 5605 2867 5684; x_wconf 47' lang='lat' dir='ltr'><strong>apostoli</strong></span> <span class='ocrx_word' id='word_1_745' title='bbox 2925 5601 3113 5684; x_wconf 78' lang='lat' dir='ltr'><strong>sensu,</strong></span> <span class='ocrx_word' id='word_1_746' title='bbox 3160 5601 3598 5684; x_wconf 37' lang='lat' dir='ltr'><strong>ﬁguratansistas</strong></span> <span class='ocrx_word' id='word_1_747' title='bbox 3648 5604 4024 5684; x_wconf 63' lang='lat' dir='ltr'><strong>expositiones</strong></span> 
     </span>
    </p>
   </div>
   <div class='ocr_carea' id='block_1_107' title="bbox 817 5668 4021 5754">
    <p class='ocr_par' dir='ltr' id='par_1_107' title="bbox 817 5668 4021 5754">
     <span class='ocr_line' id='line_1_107' title="bbox 817 5668 4021 5754; baseline -0.003 -19"><span class='ocrx_word' id='word_1_748' title='bbox 817 5682 1051 5735; x_wconf 79' lang='lat' dir='ltr'><strong>strictim</strong></span> <span class='ocrx_word' id='word_1_749' title='bbox 1078 5679 1379 5754; x_wconf 51' lang='lat' dir='ltr'><strong>subiungit,</strong></span> <span class='ocrx_word' id='word_1_750' title='bbox 1399 5668 1671 5754; x_wconf 66' lang='lat' dir='ltr'><strong>exalian</strong></span> <span class='ocrx_word' id='word_1_751' title='bbox 1719 5668 2010 5754; x_wconf 70' lang='lat' dir='ltr'><strong>interprete</strong></span> <span class='ocrx_word' id='word_1_752' title='bbox 2045 5668 2203 5754; x_wconf 70' lang='lat' dir='ltr'><strong>cujus</strong></span> <span class='ocrx_word' id='word_1_753' title='bbox 2257 5695 2455 5754; x_wconf 81' lang='lat' dir='ltr'><strong>nomen</strong></span> <span class='ocrx_word' id='word_1_754' title='bbox 2485 5668 3056 5754; x_wconf 49' lang='lat' dir='ltr'><strong>mnisit&#39;nzﬁppqudmv</strong></span> <span class='ocrx_word' id='word_1_755' title='bbox 3087 5668 3237 5740; x_wconf 83' lang='grc' dir='ltr'>φησί.</span> <span class='ocrx_word' id='word_1_756' title='bbox 3258 5668 3461 5754; x_wconf 68' lang='lat' dir='ltr'><strong>Quidni</strong></span> <span class='ocrx_word' id='word_1_757' title='bbox 3494 5685 3624 5754; x_wconf 75' lang='lat' dir='ltr'><strong>vero</strong></span> <span class='ocrx_word' id='word_1_758' title='bbox 3653 5671 3698 5725; x_wconf 90' lang='lat' dir='ltr'><strong>is</strong></span> <span class='ocrx_word' id='word_1_759' title='bbox 3721 5668 4021 5754; x_wconf 83' lang='lat' dir='ltr'><strong>Damasce-</strong></span> 
     </span>
    </p>
   </div>
   <div class='ocr_carea' id='block_1_108' title="bbox 817 5739 4022 5824">
    <p class='ocr_par' dir='ltr' id='par_1_108' title="bbox 817 5739 4022 5824">
     <span class='ocr_line' id='line_1_108' title="bbox 817 5739 4022 5824; baseline -0.003 -19"><span class='ocrx_word' id='word_1_760' title='bbox 817 5768 924 5824; x_wconf 78' lang='lat' dir='ltr'><strong>nns</strong></span> <span class='ocrx_word' id='word_1_761' title='bbox 950 5759 1133 5824; x_wconf 87' lang='lat' dir='ltr'><strong>noster</strong></span> <span class='ocrx_word' id='word_1_762' title='bbox 1175 5739 1548 5824; x_wconf 47' lang='lat' dir='ltr'><strong>fuerit,&#39;cujus</strong></span> <span class='ocrx_word' id='word_1_763' title='bbox 1575 5739 1759 5817; x_wconf 80' lang='lat' dir='ltr'><strong>ille,-si</strong></span> <span class='ocrx_word' id='word_1_764' title='bbox 1793 5739 1910 5821; x_wconf 56' lang='lat' dir='ltr'><strong>quin</strong></span> <span class='ocrx_word' id='word_1_765' title='bbox 1933 5739 2226 5823; x_wconf 70' lang='lat' dir='ltr'><strong>singularia</strong></span> <span class='ocrx_word' id='word_1_766' title='bbox 2253 5749 2493 5824; x_wconf 82' lang='lat' dir='ltr'><strong>proferat</strong></span> <span class='ocrx_word' id='word_1_767' title='bbox 2527 5761 2647 5818; x_wconf 78' lang='lat' dir='ltr'><strong>qua:</strong></span> <span class='ocrx_word' id='word_1_768' title='bbox 2671 5739 3098 5818; x_wconf 74' lang='lat' dir='ltr'><strong>Chrysostomus</strong></span> <span class='ocrx_word' id='word_1_769' title='bbox 3126 5756 3234 5797; x_wconf 90' lang='lat' dir='ltr'><strong>non</strong></span> <span class='ocrx_word' id='word_1_770' title='bbox 3273 5739 3485 5805; x_wconf 81' lang='lat' dir='ltr'><strong>habeat,</strong></span> <span class='ocrx_word' id='word_1_771' title='bbox 3543 5741 4022 5814; x_wconf 79' lang='lat' dir='ltr'><strong>interpretamenta</strong></span> 
     </span>
    </p>
   </div>
   <div class='ocr_carea' id='block_1_109' title="bbox 817 5820 1282 5890">
    <p class='ocr_par' dir='ltr' id='par_1_109' title="bbox 817 5820 1282 5890">
     <span class='ocr_line' id='line_1_109' title="bbox 817 5820 1282 5890; baseline -0.013 -12"><span class='ocrx_word' id='word_1_772' title='bbox 817 5822 1036 5890; x_wconf 79' lang='lat' dir='ltr'><strong>perinde</strong></span> <span class='ocrx_word' id='word_1_773' title='bbox 1065 5821 1246 5877; x_wconf 82' lang='lat' dir='ltr'><strong>retulit</strong></span> <span class='ocrx_word' id='word_1_774' title='bbox 1260 5820 1282 5872; x_wconf 68' lang='grc' dir='ltr'><strong>’ἒ</strong></span> 
     </span>
    </p>
   </div>
  </div>
