  <div class='ocr_page' id='page_1' title='image "/cluster/home/n/w/nwhite01/storage/ocr_20150623/95/nnc1.0046979816/388.png"; bbox 0 0 4218 6448; ppageno 0'>
   <div class='ocr_carea' id='block_1_1' title="bbox 161 406 272 480">
    <p class='ocr_par' dir='ltr' id='par_1_1' title="bbox 161 406 272 480">
     <span class='ocr_line' id='line_1_1' title="bbox 161 406 272 480; baseline -0.018 1"><span class='ocrx_word' id='word_1_1' title='bbox 161 406 272 480; x_wconf 63' lang='grc'><strong>’705</strong></span> 
     </span>
    </p>
   </div>
   <div class='ocr_carea' id='block_1_2' title="bbox 1250 398 2246 465">
    <p class='ocr_par' dir='ltr' id='par_1_2' title="bbox 1250 398 2246 465">
     <span class='ocr_line' id='line_1_2' title="bbox 1250 398 2246 465; baseline -0.003 1"><span class='ocrx_word' id='word_1_2' title='bbox 1250 406 1330 465; x_wconf 64' lang='lat' dir='ltr'><strong>IN</strong></span> <span class='ocrx_word' id='word_1_3' title='bbox 1371 404 1608 464; x_wconf 88' lang='lat' dir='ltr'><strong>EPIST:</strong></span> <span class='ocrx_word' id='word_1_4' title='bbox 1636 400 1734 459; x_wconf 76' lang='lat' dir='ltr'><strong>AD</strong></span> <span class='ocrx_word' id='word_1_5' title='bbox 1773 398 2127 464; x_wconf 74' lang='lat' dir='ltr'><strong>CORINTII.</strong></span> <span class='ocrx_word' id='word_1_6' title='bbox 2168 404 2246 463; x_wconf 86' lang='grc' dir='ltr'><strong>ῐῐ.</strong></span> 
     </span>
    </p>
   </div>
   <div class='ocr_carea' id='block_1_3' title="bbox 3261 382 3365 447">
    <p class='ocr_par' dir='ltr' id='par_1_3' title="bbox 3261 382 3365 447">
     <span class='ocr_line' id='line_1_3' title="bbox 3261 382 3365 447; baseline -0.048 0"><span class='ocrx_word' id='word_1_7' title='bbox 3261 382 3365 447; x_wconf 80' lang='grc'><strong>’166</strong></span> 
     </span>
    </p>
   </div>
   <div class='ocr_carea' id='block_1_4' title="bbox 165 502 1831 591">
    <p class='ocr_par' dir='ltr' id='par_1_4' title="bbox 165 511 1831 590">
     <span class='ocr_line' id='line_1_4' title="bbox 165 511 1831 590; baseline -0.007 -14"><span class='ocrx_word' id='word_1_8' title='bbox 165 528 199 578; x_wconf 80' lang='grc' dir='ltr'>ὁ</span> <span class='ocrx_word' id='word_1_9' title='bbox 230 525 334 576; x_wconf 81' lang='grc' dir='ltr'><strong>τῶν</strong></span> <span class='ocrx_word' id='word_1_10' title='bbox 358 519 541 590; x_wconf 73' lang='grc' dir='ltr'>ψυχῶν</span> <span class='ocrx_word' id='word_1_11' title='bbox 575 517 729 589; x_wconf 81' lang='grc' dir='ltr'>ήμῶν</span> <span class='ocrx_word' id='word_1_12' title='bbox 763 517 1107 588; x_wconf 73' lang='grc' dir='ltr'>κυϐερνήτης</span> <span class='ocrx_word' id='word_1_13' title='bbox 1130 514 1616 586; x_wconf 79' lang='grc' dir='ltr'>Χριστὸς,⁶στήσας</span> <span class='ocrx_word' id='word_1_14' title='bbox 1652 511 1710 561; x_wconf 83' lang='grc' dir='ltr'>τὸ</span> <span class='ocrx_word' id='word_1_15' title='bbox 1744 511 1787 565; x_wconf 78' lang='grc' dir='ltr'>Α</span> <span class='ocrx_word' id='word_1_16' title='bbox 1818 529 1831 581; x_wconf 79' lang='grc' dir='ltr'><strong>ι</strong></span> 
     </span>
    </p>
   </div>
   <div class='ocr_carea' id='block_1_5' title="bbox 1697 502 3363 591">
    <p class='ocr_par' dir='ltr' id='par_1_5' title="bbox 1697 502 3363 581">
     <span class='ocr_line' id='line_1_5' title="bbox 1697 502 3363 581; baseline -0.014 -15"><span class='ocrx_word' id='word_1_17' title='bbox 1697 511 1787 565; x_wconf 74' lang='lat' dir='ltr'><strong>&gt;A</strong></span> <span class='ocrx_word' id='word_1_18' title='bbox 1818 528 1947 581; x_wconf 83' lang='lat' dir='ltr'><strong>psus</strong></span> <span class='ocrx_word' id='word_1_19' title='bbox 2002 523 2125 578; x_wconf 87' lang='lat' dir='ltr'><strong>est;</strong></span> <span class='ocrx_word' id='word_1_20' title='bbox 2174 514 2345 565; x_wconf 87' lang='lat' dir='ltr'><strong>donec</strong></span> <span class='ocrx_word' id='word_1_21' title='bbox 2394 508 2647 563; x_wconf 80' lang='lat' dir='ltr'><strong>Christus</strong></span> <span class='ocrx_word' id='word_1_22' title='bbox 2702 502 3005 555; x_wconf 84' lang='lat' dir='ltr'><strong>animarum</strong></span> <span class='ocrx_word' id='word_1_23' title='bbox 3056 503 3363 548; x_wconf 74' lang='lat' dir='ltr'><strong>nostrai-mn</strong></span> 
     </span>
    </p>
   </div>
   <div class='ocr_carea' id='block_1_6' title="bbox 167 604 1699 682">
    <p class='ocr_par' dir='ltr' id='par_1_6' title="bbox 167 604 1699 682">
     <span class='ocr_line' id='line_1_6' title="bbox 167 604 1699 682; baseline -0.008 -14"><span class='ocrx_word' id='word_1_24' title='bbox 167 616 338 669; x_wconf 74' lang='grc' dir='ltr'>ἱστίον</span> <span class='ocrx_word' id='word_1_25' title='bbox 365 612 455 665; x_wconf 74' lang='grc' dir='ltr'>τοῦ</span> <span class='ocrx_word' id='word_1_26' title='bbox 484 609 717 682; x_wconf 83' lang='grc' dir='ltr'>σταυροῦ</span> <span class='ocrx_word' id='word_1_27' title='bbox 750 610 974 679; x_wconf 80' lang='grc' dir='ltr'>ἐμμέσῳ</span> <span class='ocrx_word' id='word_1_28' title='bbox 997 611 1063 678; x_wconf 78' lang='grc' dir='ltr'><strong>τῇ</strong></span> <span class='ocrx_word' id='word_1_29' title='bbox 1091 610 1184 678; x_wconf 75' lang='grc' dir='ltr'>γῇ,</span> <span class='ocrx_word' id='word_1_30' title='bbox 1215 606 1542 676; x_wconf 83' lang='grc' dir='ltr'>ἀχείμαστον</span> <span class='ocrx_word' id='word_1_31' title='bbox 1569 604 1699 673; x_wconf 82' lang='grc' dir='ltr'>ἡμῖν</span> 
     </span>
    </p>
   </div>
   <div class='ocr_carea' id='block_1_7' title="bbox 167 698 1353 771">
    <p class='ocr_par' dir='ltr' id='par_1_7' title="bbox 167 698 1353 771">
     <span class='ocr_line' id='line_1_7' title="bbox 167 698 1353 771; baseline -0.009 -11"><span class='ocrx_word' id='word_1_32' title='bbox 167 709 263 760; x_wconf 77' lang='grc' dir='ltr'><strong>τὸν</strong></span> <span class='ocrx_word' id='word_1_33' title='bbox 289 707 368 769; x_wconf 82' lang='grc' dir='ltr'><strong>είς</strong></span> <span class='ocrx_word' id='word_1_34' title='bbox 394 704 802 771; x_wconf 67' lang='grc' dir='ltr'><strong>Οὐρανόπολιν</strong></span> <span class='ocrx_word' id='word_1_35' title='bbox 825 698 990 752; x_wconf 76' lang='grc' dir='ltr'>πλοῦν</span> <span class='ocrx_word' id='word_1_36' title='bbox 1019 698 1353 769; x_wconf 77' lang='grc' dir='ltr'>ᾡκονόμησε.</span> 
     </span>
    </p>
   </div>
   <div class='ocr_carea' id='block_1_8' title="bbox 245 876 1387 952">
    <p class='ocr_par' dir='ltr' id='par_1_8' title="bbox 245 876 1387 952">
     <span class='ocr_line' id='line_1_8' title="bbox 245 876 1387 952; baseline -0.004 -20"><span class='ocrx_word' id='word_1_37' title='bbox 245 904 261 932; x_wconf 77' lang='grc' dir='ltr'>ι</span> <span class='ocrx_word' id='word_1_38' title='bbox 298 880 651 952; x_wconf 86' lang='grc' dir='ltr'>Νυχθήμερον</span> <span class='ocrx_word' id='word_1_39' title='bbox 679 880 737 931; x_wconf 74' lang='grc' dir='ltr'>ἐν</span> <span class='ocrx_word' id='word_1_40' title='bbox 758 877 835 948; x_wconf 82' lang='grc' dir='ltr'>τῷ</span> <span class='ocrx_word' id='word_1_41' title='bbox 862 877 1007 947; x_wconf 82' lang='grc' dir='ltr'><strong>βυθῷ</strong></span> <span class='ocrx_word' id='word_1_42' title='bbox 1032 876 1324 944; x_wconf 78' lang='grc' dir='ltr'>πεποίηκα.</span> <span class='ocrx_word' id='word_1_43' title='bbox 1368 892 1387 925; x_wconf 74' lang='grc' dir='ltr'><strong>ι</strong></span> 
     </span>
    </p>
   </div>
   <div class='ocr_carea' id='block_1_9' title="bbox 238 965 1719 1040">
    <p class='ocr_par' dir='ltr' id='par_1_9' title="bbox 238 965 1719 1040">
     <span class='ocr_line' id='line_1_9' title="bbox 238 965 1719 1040; baseline -0.005 -15"><span class='ocrx_word' id='word_1_44' title='bbox 238 974 427 1025; x_wconf 81' lang='grc' dir='ltr'><strong>Νύκτα</strong></span> <span class='ocrx_word' id='word_1_45' title='bbox 452 972 617 1039; x_wconf 81' lang='grc' dir='ltr'><strong>λέγει,</strong></span> <span class='ocrx_word' id='word_1_46' title='bbox 644 970 743 1040; x_wconf 84' lang='grc' dir='ltr'>τὴν</span> <span class='ocrx_word' id='word_1_47' title='bbox 777 969 881 1038; x_wconf 85' lang='grc' dir='ltr'><strong>πρὸ</strong></span> <span class='ocrx_word' id='word_1_48' title='bbox 909 967 1003 1020; x_wconf 83' lang='grc' dir='ltr'><strong>τοῦ</strong></span> <span class='ocrx_word' id='word_1_49' title='bbox 1055 966 1289 1039; x_wconf 82' lang='grc' dir='ltr'><strong>Χριστοῦ</strong></span> <span class='ocrx_word' id='word_1_50' title='bbox 1320 966 1624 1036; x_wconf 87' lang='grc' dir='ltr'>παρουσίας</span> <span class='ocrx_word' id='word_1_51' title='bbox 1660 965 1719 1018; x_wconf 81' lang='grc' dir='ltr'>ἐν</span> 
     </span>
    </p>
   </div>
   <div class='ocr_carea' id='block_1_10' title="bbox 168 1054 1719 1135">
    <p class='ocr_par' dir='ltr' id='par_1_10' title="bbox 168 1054 1719 1135">
     <span class='ocr_line' id='line_1_10' title="bbox 168 1054 1719 1135; baseline -0.006 -18"><span class='ocrx_word' id='word_1_52' title='bbox 168 1069 233 1135; x_wconf 81' lang='grc' dir='ltr'><strong>τῇ</strong></span> <span class='ocrx_word' id='word_1_53' title='bbox 270 1066 515 1132; x_wconf 79' lang='grc' dir='ltr'><strong>σκοτεινῇ</strong></span> <span class='ocrx_word' id='word_1_54' title='bbox 562 1061 738 1132; x_wconf 81' lang='grc' dir='ltr'>πλάνῃ</span> <span class='ocrx_word' id='word_1_55' title='bbox 789 1057 1093 1130; x_wconf 77' lang='grc' dir='ltr'>διατριϐήν.</span> <span class='ocrx_word' id='word_1_56' title='bbox 1140 1057 1383 1126; x_wconf 82' lang='grc' dir='ltr'>Ἠμέραν</span> <span class='ocrx_word' id='word_1_57' title='bbox 1430 1056 1486 1109; x_wconf 83' lang='grc' dir='ltr'>δὲ</span> <span class='ocrx_word' id='word_1_58' title='bbox 1539 1054 1719 1123; x_wconf 82' lang='grc' dir='ltr'>λέγει,</span> 
     </span>
    </p>
   </div>
   <div class='ocr_carea' id='block_1_11' title="bbox 170 1147 1722 1227">
    <p class='ocr_par' dir='ltr' id='par_1_11' title="bbox 170 1147 1722 1227">
     <span class='ocr_line' id='line_1_11' title="bbox 170 1147 1722 1227; baseline -0.005 -18"><span class='ocrx_word' id='word_1_59' title='bbox 170 1159 268 1227; x_wconf 82' lang='grc' dir='ltr'>τὴν</span> <span class='ocrx_word' id='word_1_60' title='bbox 322 1156 460 1227; x_wconf 77' lang='grc' dir='ltr'>μετὰ</span> <span class='ocrx_word' id='word_1_61' title='bbox 498 1153 730 1225; x_wconf 77' lang='grc' dir='ltr'><strong>Χριστοῦ</strong></span> <span class='ocrx_word' id='word_1_62' title='bbox 776 1151 1076 1222; x_wconf 72' lang='grc' dir='ltr'><strong>παρουσίαν</strong></span> <span class='ocrx_word' id='word_1_63' title='bbox 1125 1152 1183 1203; x_wconf 78' lang='grc' dir='ltr'>ὲν</span> <span class='ocrx_word' id='word_1_64' title='bbox 1229 1150 1304 1220; x_wconf 85' lang='grc' dir='ltr'>τῷ</span> <span class='ocrx_word' id='word_1_65' title='bbox 1349 1148 1595 1220; x_wconf 82' lang='grc' dir='ltr'><strong>φωτεινῷ</strong></span> <span class='ocrx_word' id='word_1_66' title='bbox 1625 1147 1722 1219; x_wconf 69' lang='grc' dir='ltr'>βαι</span> 
     </span>
    </p>
   </div>
   <div class='ocr_carea' id='block_1_12' title="bbox 169 1245 756 1317">
    <p class='ocr_par' dir='ltr' id='par_1_12' title="bbox 169 1245 756 1317">
     <span class='ocr_line' id='line_1_12' title="bbox 169 1245 756 1317; baseline -0.007 -16"><span class='ocrx_word' id='word_1_67' title='bbox 169 1249 435 1317; x_wconf 83' lang='grc' dir='ltr'>πτξσματι</span> <span class='ocrx_word' id='word_1_68' title='bbox 463 1245 756 1313; x_wconf 85' lang='grc' dir='ltr'>διαγωγήν.</span> 
     </span>
    </p>
   </div>
   <div class='ocr_carea' id='block_1_13' title="bbox 242 1329 1721 1408">
    <p class='ocr_par' dir='ltr' id='par_1_13' title="bbox 242 1329 1721 1408">
     <span class='ocr_line' id='line_1_13' title="bbox 242 1329 1721 1408; baseline -0.007 -17"><span class='ocrx_word' id='word_1_69' title='bbox 242 1357 262 1390; x_wconf 88' lang='grc' dir='ltr'>ι</span> <span class='ocrx_word' id='word_1_70' title='bbox 298 1337 654 1408; x_wconf 86' lang='grc' dir='ltr'>Νυχθήμερον</span> <span class='ocrx_word' id='word_1_71' title='bbox 675 1336 733 1387; x_wconf 76' lang='grc' dir='ltr'>ἐν</span> <span class='ocrx_word' id='word_1_72' title='bbox 754 1332 830 1405; x_wconf 86' lang='grc' dir='ltr'><strong>τῷ</strong></span> <span class='ocrx_word' id='word_1_73' title='bbox 855 1331 999 1404; x_wconf 86' lang='grc' dir='ltr'>βυθῷ</span> <span class='ocrx_word' id='word_1_74' title='bbox 1028 1332 1321 1404; x_wconf 86' lang='grc' dir='ltr'>πεποίηκα.</span> <span class='ocrx_word' id='word_1_75' title='bbox 1354 1329 1721 1400; x_wconf 86' lang='grc' dir='ltr'>Ὀδοιπορίαις</span> 
     </span>
    </p>
   </div>
   <div class='ocr_carea' id='block_1_14' title="bbox 170 1430 512 1491">
    <p class='ocr_par' dir='ltr' id='par_1_14' title="bbox 170 1430 512 1491">
     <span class='ocr_line' id='line_1_14' title="bbox 170 1430 512 1491; baseline -0.012 -7"><span class='ocrx_word' id='word_1_76' title='bbox 170 1430 449 1491; x_wconf 81' lang='grc' dir='ltr'>πολλάκις,</span> <span class='ocrx_word' id='word_1_77' title='bbox 491 1447 512 1480; x_wconf 76' lang='grc' dir='ltr'><strong>ο</strong></span> 
     </span>
    </p>
   </div>
   <div class='ocr_carea' id='block_1_15' title="bbox 240 1514 1712 1590">
    <p class='ocr_par' dir='ltr' id='par_1_15' title="bbox 240 1514 1712 1590">
     <span class='ocr_line' id='line_1_15' title="bbox 240 1514 1712 1590; baseline -0.005 -17"><span class='ocrx_word' id='word_1_78' title='bbox 240 1523 303 1573; x_wconf 86' lang='grc' dir='ltr'><strong>Οί</strong></span> <span class='ocrx_word' id='word_1_79' title='bbox 338 1521 436 1590; x_wconf 82' lang='grc' dir='ltr'>μὲν</span> <span class='ocrx_word' id='word_1_80' title='bbox 464 1520 570 1590; x_wconf 88' lang='grc' dir='ltr'><strong>γάρ</strong></span> <span class='ocrx_word' id='word_1_81' title='bbox 602 1534 783 1586; x_wconf 83' lang='grc' dir='ltr'>φασιν,</span> <span class='ocrx_word' id='word_1_82' title='bbox 823 1518 904 1571; x_wconf 84' lang='grc' dir='ltr'>ὅτι</span> <span class='ocrx_word' id='word_1_83' title='bbox 940 1518 998 1571; x_wconf 72' lang='grc' dir='ltr'>ἑν</span> <span class='ocrx_word' id='word_1_84' title='bbox 1051 1517 1202 1587; x_wconf 74' lang='grc' dir='ltr'>μέσῳ</span> <span class='ocrx_word' id='word_1_85' title='bbox 1238 1516 1468 1585; x_wconf 81' lang='grc' dir='ltr'>πελάγει</span> <span class='ocrx_word' id='word_1_86' title='bbox 1500 1514 1678 1567; x_wconf 82' lang='grc' dir='ltr'><strong>πλέων</strong></span> <span class='ocrx_word' id='word_1_87' title='bbox 1699 1529 1712 1543; x_wconf 89' lang='grc'><strong>·</strong></span> 
     </span>
    </p>
   </div>
   <div class='ocr_carea' id='block_1_16' title="bbox 169 1606 1725 1680">
    <p class='ocr_par' dir='ltr' id='par_1_16' title="bbox 169 1606 1725 1680">
     <span class='ocr_line' id='line_1_16' title="bbox 169 1606 1725 1680; baseline -0.004 -16"><span class='ocrx_word' id='word_1_88' title='bbox 169 1614 220 1663; x_wconf 76' lang='grc' dir='ltr'><strong>οἱ</strong></span> <span class='ocrx_word' id='word_1_89' title='bbox 249 1612 328 1675; x_wconf 79' lang='grc' dir='ltr'>δὲ,</span> <span class='ocrx_word' id='word_1_90' title='bbox 361 1613 443 1664; x_wconf 85' lang='grc' dir='ltr'>ὅτι</span> <span class='ocrx_word' id='word_1_91' title='bbox 471 1610 766 1680; x_wconf 84' lang='grc' dir='ltr'><strong>νηχόμενος</strong></span> <span class='ocrx_word' id='word_1_92' title='bbox 791 1612 849 1662; x_wconf 84' lang='grc' dir='ltr'>ὲν</span> <span class='ocrx_word' id='word_1_93' title='bbox 884 1610 1037 1679; x_wconf 78' lang='grc' dir='ltr'>μέσῳ</span> <span class='ocrx_word' id='word_1_94' title='bbox 1062 1610 1308 1677; x_wconf 79' lang='grc' dir='ltr'><strong>πελάγει,</strong></span> <span class='ocrx_word' id='word_1_95' title='bbox 1336 1607 1466 1661; x_wconf 74' lang='grc' dir='ltr'>ἔνθα</span> <span class='ocrx_word' id='word_1_96' title='bbox 1500 1607 1561 1660; x_wconf 85' lang='grc' dir='ltr'><strong>οὐ</strong></span> <span class='ocrx_word' id='word_1_97' title='bbox 1598 1606 1725 1674; x_wconf 75' lang='grc' dir='ltr'>γῆν,</span> 
     </span>
    </p>
   </div>
   <div class='ocr_carea' id='block_1_17' title="bbox 168 1696 1728 1772">
    <p class='ocr_par' dir='ltr' id='par_1_17' title="bbox 168 1696 1728 1772">
     <span class='ocr_line' id='line_1_17' title="bbox 168 1696 1728 1772; baseline -0.004 -18"><span class='ocrx_word' id='word_1_98' title='bbox 168 1704 271 1754; x_wconf 73' lang='grc' dir='ltr'>οὐκ</span> <span class='ocrx_word' id='word_1_99' title='bbox 300 1702 427 1772; x_wconf 75' lang='grc' dir='ltr'>ὅρος</span> <span class='ocrx_word' id='word_1_100' title='bbox 476 1697 544 1771; x_wconf 74' lang='grc' dir='ltr'>ἦν</span> <span class='ocrx_word' id='word_1_101' title='bbox 585 1700 730 1764; x_wconf 82' lang='grc' dir='ltr'>ἰδεῖν,</span> <span class='ocrx_word' id='word_1_102' title='bbox 787 1699 922 1769; x_wconf 84' lang='grc' dir='ltr'>ὅπερ</span> <span class='ocrx_word' id='word_1_103' title='bbox 976 1700 1071 1753; x_wconf 77' lang='grc' dir='ltr'>καὶ</span> <span class='ocrx_word' id='word_1_104' title='bbox 1123 1698 1507 1770; x_wconf 81' lang='grc' dir='ltr'>ἀληθέστερον.</span> <span class='ocrx_word' id='word_1_105' title='bbox 1572 1696 1728 1749; x_wconf 78' lang='grc' dir='ltr'>Ἐπεὶ</span> 
     </span>
    </p>
   </div>
   <div class='ocr_carea' id='block_1_18' title="bbox 174 1786 1730 1861">
    <p class='ocr_par' dir='ltr' id='par_1_18' title="bbox 174 1786 1730 1861">
     <span class='ocr_line' id='line_1_18' title="bbox 174 1786 1730 1861; baseline -0.004 -15"><span class='ocrx_word' id='word_1_106' title='bbox 174 1794 350 1847; x_wconf 81' lang='grc' dir='ltr'>ἐκεῖνό</span> <span class='ocrx_word' id='word_1_107' title='bbox 400 1810 463 1861; x_wconf 90' lang='grc' dir='ltr'><strong>γε</strong></span> <span class='ocrx_word' id='word_1_108' title='bbox 498 1792 618 1845; x_wconf 80' lang='grc' dir='ltr'>οὐδὲ</span> <span class='ocrx_word' id='word_1_109' title='bbox 674 1791 951 1860; x_wconf 81' lang='grc' dir='ltr'><strong>θαύματος</strong></span> <span class='ocrx_word' id='word_1_110' title='bbox 1009 1789 1188 1855; x_wconf 78' lang='grc' dir='ltr'>ἄξιον,</span> <span class='ocrx_word' id='word_1_111' title='bbox 1243 1789 1349 1843; x_wconf 80' lang='grc' dir='ltr'>οὐδ’</span> <span class='ocrx_word' id='word_1_112' title='bbox 1380 1790 1446 1842; x_wconf 84' lang='grc' dir='ltr'>ἂν</span> <span class='ocrx_word' id='word_1_113' title='bbox 1478 1788 1613 1859; x_wconf 80' lang='grc' dir='ltr'>μετὰ</span> <span class='ocrx_word' id='word_1_114' title='bbox 1662 1786 1730 1839; x_wconf 81' lang='grc' dir='ltr'><strong>τὰ</strong></span> 
     </span>
    </p>
   </div>
   <div class='ocr_carea' id='block_1_19' title="bbox 174 1880 1656 1954">
    <p class='ocr_par' dir='ltr' id='par_1_19' title="bbox 174 1880 1656 1954">
     <span class='ocr_line' id='line_1_19' title="bbox 174 1880 1656 1954; baseline -0.005 -14"><span class='ocrx_word' id='word_1_115' title='bbox 174 1887 411 1954; x_wconf 83' lang='grc' dir='ltr'>ναυάγια</span> <span class='ocrx_word' id='word_1_116' title='bbox 431 1887 566 1938; x_wconf 83' lang='grc' dir='ltr'>αὐτὸ</span> <span class='ocrx_word' id='word_1_117' title='bbox 583 1883 826 1937; x_wconf 81' lang='grc' dir='ltr'><strong>τέθεικεν</strong></span> <span class='ocrx_word' id='word_1_118' title='bbox 845 1883 919 1947; x_wconf 88' lang='grc' dir='ltr'><strong>ὡς</strong></span> <span class='ocrx_word' id='word_1_119' title='bbox 940 1881 1047 1936; x_wconf 86' lang='grc' dir='ltr'><strong>τῶν</strong></span> <span class='ocrx_word' id='word_1_120' title='bbox 1073 1881 1343 1951; x_wconf 82' lang='grc' dir='ltr'>ναυαγίων</span> <span class='ocrx_word' id='word_1_121' title='bbox 1372 1882 1553 1951; x_wconf 74' lang='grc' dir='ltr'>μεῖζον</span> <span class='ocrx_word' id='word_1_122' title='bbox 1576 1880 1656 1932; x_wconf 78' lang='grc' dir='ltr'><strong>ὃν.</strong></span> 
     </span>
    </p>
   </div>
   <div class='ocr_carea' id='block_1_20' title="bbox 251 2052 1735 2132">
    <p class='ocr_par' dir='ltr' id='par_1_20' title="bbox 251 2052 1735 2132">
     <span class='ocr_line' id='line_1_20' title="bbox 251 2052 1735 2132; baseline -0.007 -16"><span class='ocrx_word' id='word_1_123' title='bbox 251 2083 273 2116; x_wconf 79' lang='grc' dir='ltr'>ι</span> <span class='ocrx_word' id='word_1_124' title='bbox 309 2064 587 2127; x_wconf 73' lang='grc' dir='ltr'>Κινδύνοις</span> <span class='ocrx_word' id='word_1_125' title='bbox 625 2061 904 2132; x_wconf 81' lang='grc' dir='ltr'><strong>ποταμῶν,</strong></span> <span class='ocrx_word' id='word_1_126' title='bbox 958 2060 1222 2122; x_wconf 78' lang='grc' dir='ltr'>κινδύνοις</span> <span class='ocrx_word' id='word_1_127' title='bbox 1276 2057 1511 2129; x_wconf 83' lang='grc' dir='ltr'><strong>λῃστῶν,</strong></span> <span class='ocrx_word' id='word_1_128' title='bbox 1552 2052 1735 2109; x_wconf 87' lang='grc' dir='ltr'>κινδύ-</span> 
     </span>
    </p>
   </div>
   <div class='ocr_carea' id='block_1_21' title="bbox 181 2147 1735 2225">
    <p class='ocr_par' dir='ltr' id='par_1_21' title="bbox 181 2147 1735 2225">
     <span class='ocr_line' id='line_1_21' title="bbox 181 2147 1735 2225; baseline -0.006 -16"><span class='ocrx_word' id='word_1_129' title='bbox 181 2175 290 2220; x_wconf 78' lang='grc' dir='ltr'>νοις</span> <span class='ocrx_word' id='word_1_130' title='bbox 311 2158 376 2209; x_wconf 72' lang='grc' dir='ltr'>ὲκ</span> <span class='ocrx_word' id='word_1_131' title='bbox 400 2158 609 2225; x_wconf 78' lang='grc' dir='ltr'><strong>γένους,</strong></span> <span class='ocrx_word' id='word_1_132' title='bbox 634 2156 896 2219; x_wconf 82' lang='grc' dir='ltr'>κινδύνοις</span> <span class='ocrx_word' id='word_1_133' title='bbox 926 2152 985 2218; x_wconf 79' lang='grc' dir='ltr'><strong>ἐξ</strong></span> <span class='ocrx_word' id='word_1_134' title='bbox 1021 2152 1210 2213; x_wconf 86' lang='grc' dir='ltr'>ὲθνῶν.</span> <span class='ocrx_word' id='word_1_135' title='bbox 1245 2150 1510 2213; x_wconf 82' lang='grc' dir='ltr'>κινδύνοις</span> <span class='ocrx_word' id='word_1_136' title='bbox 1540 2151 1601 2202; x_wconf 80' lang='grc' dir='ltr'>ὲν</span> <span class='ocrx_word' id='word_1_137' title='bbox 1638 2147 1735 2200; x_wconf 82' lang='grc' dir='ltr'>πό-</span> 
     </span>
    </p>
   </div>
   <div class='ocr_carea' id='block_1_22' title="bbox 177 2239 1735 2317">
    <p class='ocr_par' dir='ltr' id='par_1_22' title="bbox 177 2239 1735 2317">
     <span class='ocr_line' id='line_1_22' title="bbox 177 2239 1735 2317; baseline -0.007 -16"><span class='ocrx_word' id='word_1_138' title='bbox 177 2250 285 2310; x_wconf 85' lang='grc' dir='ltr'>λει,</span> <span class='ocrx_word' id='word_1_139' title='bbox 344 2249 609 2307; x_wconf 82' lang='grc' dir='ltr'>κινδύνοις</span> <span class='ocrx_word' id='word_1_140' title='bbox 665 2250 724 2300; x_wconf 82' lang='grc' dir='ltr'>ὲν</span> <span class='ocrx_word' id='word_1_141' title='bbox 774 2246 996 2317; x_wconf 81' lang='grc' dir='ltr'>ἐρημίᾳ,</span> <span class='ocrx_word' id='word_1_142' title='bbox 1045 2242 1308 2305; x_wconf 87' lang='grc' dir='ltr'>κινδύνοις</span> <span class='ocrx_word' id='word_1_143' title='bbox 1355 2243 1413 2294; x_wconf 76' lang='grc' dir='ltr'>ἐν</span> <span class='ocrx_word' id='word_1_144' title='bbox 1470 2239 1735 2313; x_wconf 76' lang='grc' dir='ltr'><strong>θαλάσσῃ,</strong></span> 
     </span>
    </p>
   </div>
   <div class='ocr_carea' id='block_1_23' title="bbox 178 2340 1034 2410">
    <p class='ocr_par' dir='ltr' id='par_1_23' title="bbox 178 2340 1034 2410">
     <span class='ocr_line' id='line_1_23' title="bbox 178 2340 1034 2410; baseline -0.006 -16"><span class='ocrx_word' id='word_1_145' title='bbox 178 2341 449 2404; x_wconf 79' lang='grc' dir='ltr'>κινδύνοις</span> <span class='ocrx_word' id='word_1_146' title='bbox 475 2343 533 2393; x_wconf 83' lang='grc' dir='ltr'>ὲν</span> <span class='ocrx_word' id='word_1_147' title='bbox 566 2340 967 2410; x_wconf 72' lang='grc' dir='ltr'>ψευδαδέλφοις.</span> <span class='ocrx_word' id='word_1_148' title='bbox 1014 2357 1034 2389; x_wconf 72' lang='grc' dir='ltr'><strong>ι</strong></span> 
     </span>
    </p>
   </div>
   <div class='ocr_carea' id='block_1_24' title="bbox 264 2410 1529 2502">
    <p class='ocr_par' dir='ltr' id='par_1_24' title="bbox 264 2410 1529 2502">
     <span class='ocr_line' id='line_1_24' title="bbox 264 2410 1529 2502; baseline -0.007 -17"><span class='ocrx_word' id='word_1_149' title='bbox 264 2432 633 2501; x_wconf 80' lang='grc' dir='ltr'>Ἢναγκάξετὸ</span> <span class='ocrx_word' id='word_1_150' title='bbox 655 2410 767 2502; x_wconf 50' lang='grc' dir='ltr'>γὰρ·</span> <span class='ocrx_word' id='word_1_151' title='bbox 782 2427 1202 2502; x_wconf 78' lang='grc' dir='ltr'>διαπορθμεύειν</span> <span class='ocrx_word' id='word_1_152' title='bbox 1232 2423 1529 2494; x_wconf 88' lang='grc' dir='ltr'>ποταμούς.</span> 
     </span>
    </p>
   </div>
   <div class='ocr_carea' id='block_1_25' title="bbox 257 2515 1737 2595">
    <p class='ocr_par' dir='ltr' id='par_1_25' title="bbox 257 2515 1737 2595">
     <span class='ocr_line' id='line_1_25' title="bbox 257 2515 1737 2595; baseline -0.008 -18"><span class='ocrx_word' id='word_1_153' title='bbox 257 2545 277 2577; x_wconf 77' lang='grc' dir='ltr'>ι</span> <span class='ocrx_word' id='word_1_154' title='bbox 333 2527 421 2578; x_wconf 87' lang='grc' dir='ltr'>Ἐν</span> <span class='ocrx_word' id='word_1_155' title='bbox 455 2526 606 2595; x_wconf 81' lang='grc' dir='ltr'>κόπῳ</span> <span class='ocrx_word' id='word_1_156' title='bbox 639 2526 733 2578; x_wconf 78' lang='grc' dir='ltr'>καὶ</span> <span class='ocrx_word' id='word_1_157' title='bbox 762 2523 965 2594; x_wconf 83' lang='grc' dir='ltr'><strong>μόχθῳ,</strong></span> <span class='ocrx_word' id='word_1_158' title='bbox 1000 2523 1056 2575; x_wconf 82' lang='grc' dir='ltr'>ὲν</span> <span class='ocrx_word' id='word_1_159' title='bbox 1097 2518 1427 2591; x_wconf 82' lang='grc' dir='ltr'>ἀγρυπνίαις</span> <span class='ocrx_word' id='word_1_160' title='bbox 1457 2515 1737 2575; x_wconf 77' lang='grc' dir='ltr'>πολλάκις,</span> 
     </span>
    </p>
   </div>
   <div class='ocr_carea' id='block_1_26' title="bbox 176 2608 1741 2687">
    <p class='ocr_par' dir='ltr' id='par_1_26' title="bbox 176 2608 1741 2687">
     <span class='ocr_line' id='line_1_26' title="bbox 176 2608 1741 2687; baseline -0.007 -16"><span class='ocrx_word' id='word_1_161' title='bbox 176 2620 238 2671; x_wconf 85' lang='grc' dir='ltr'>ὲν</span> <span class='ocrx_word' id='word_1_162' title='bbox 261 2620 406 2687; x_wconf 86' lang='grc' dir='ltr'>λιμῶ</span> <span class='ocrx_word' id='word_1_163' title='bbox 426 2619 517 2672; x_wconf 79' lang='grc' dir='ltr'>καὶ</span> <span class='ocrx_word' id='word_1_164' title='bbox 536 2617 696 2687; x_wconf 80' lang='grc' dir='ltr'>δίψει,</span> <span class='ocrx_word' id='word_1_165' title='bbox 720 2618 775 2669; x_wconf 71' lang='grc' dir='ltr'>ἐν</span> <span class='ocrx_word' id='word_1_166' title='bbox 798 2616 1068 2686; x_wconf 80' lang='grc' dir='ltr'>νηστείαις</span> <span class='ocrx_word' id='word_1_167' title='bbox 1086 2613 1365 2677; x_wconf 81' lang='grc' dir='ltr'>πολλάκις,</span> <span class='ocrx_word' id='word_1_168' title='bbox 1385 2613 1443 2663; x_wconf 80' lang='grc' dir='ltr'>ἐν</span> <span class='ocrx_word' id='word_1_169' title='bbox 1459 2609 1617 2679; x_wconf 73' lang='grc' dir='ltr'>ψύχει</span> <span class='ocrx_word' id='word_1_170' title='bbox 1648 2608 1741 2661; x_wconf 75' lang='grc' dir='ltr'>καὶ</span> 
     </span>
    </p>
   </div>
   <div class='ocr_carea' id='block_1_27' title="bbox 178 2702 1739 2783">
    <p class='ocr_par' dir='ltr' id='par_1_27' title="bbox 178 2702 1739 2783">
     <span class='ocr_line' id='line_1_27' title="bbox 178 2702 1739 2783; baseline -0.006 -20"><span class='ocrx_word' id='word_1_171' title='bbox 178 2713 482 2783; x_wconf 77' lang='grc' dir='ltr'>γυμνότητι</span> <span class='ocrx_word' id='word_1_172' title='bbox 502 2728 515 2742; x_wconf 81' lang='lat'>&#39;</span> <span class='ocrx_word' id='word_1_173' title='bbox 548 2712 713 2782; x_wconf 75' lang='grc' dir='ltr'>χωρὶς</span> <span class='ocrx_word' id='word_1_174' title='bbox 733 2710 839 2764; x_wconf 87' lang='grc' dir='ltr'><strong>τῶν</strong></span> <span class='ocrx_word' id='word_1_175' title='bbox 861 2709 1154 2781; x_wconf 79' lang='grc' dir='ltr'>παρεκτὸς,</span> <span class='ocrx_word' id='word_1_176' title='bbox 1178 2708 1212 2778; x_wconf 82' lang='grc' dir='ltr'>ὴ</span> <span class='ocrx_word' id='word_1_177' title='bbox 1247 2702 1603 2765; x_wconf 84' lang='grc' dir='ltr'>ὲπισύστασίς</span> <span class='ocrx_word' id='word_1_178' title='bbox 1634 2717 1739 2771; x_wconf 87' lang='grc' dir='ltr'><strong>μου</strong></span> 
     </span>
    </p>
   </div>
   <div class='ocr_carea' id='block_1_28' title="bbox 180 2791 1739 2875">
    <p class='ocr_par' dir='ltr' id='par_1_28' title="bbox 180 2791 1739 2875">
     <span class='ocr_line' id='line_1_28' title="bbox 180 2791 1739 2875; baseline -0.008 -17"><span class='ocrx_word' id='word_1_179' title='bbox 180 2808 216 2873; x_wconf 80' lang='grc' dir='ltr'><strong>ὴ</strong></span> <span class='ocrx_word' id='word_1_180' title='bbox 258 2805 598 2875; x_wconf 81' lang='grc' dir='ltr'>καθημέραν,</span> <span class='ocrx_word' id='word_1_181' title='bbox 629 2805 662 2872; x_wconf 81' lang='grc' dir='ltr'><strong>ἠ</strong></span> <span class='ocrx_word' id='word_1_182' title='bbox 694 2803 934 2874; x_wconf 81' lang='grc' dir='ltr'>μέριμνα</span> <span class='ocrx_word' id='word_1_183' title='bbox 985 2800 1178 2854; x_wconf 84' lang='grc' dir='ltr'>πασῶν</span> <span class='ocrx_word' id='word_1_184' title='bbox 1215 2797 1325 2851; x_wconf 83' lang='grc' dir='ltr'><strong>τῶν</strong></span> <span class='ocrx_word' id='word_1_185' title='bbox 1378 2791 1739 2865; x_wconf 85' lang='grc' dir='ltr'>Ἐκκλησιῶν.</span> 
     </span>
    </p>
   </div>
   <div class='ocr_carea' id='block_1_29' title="bbox 180 2885 1745 2962">
    <p class='ocr_par' dir='ltr' id='par_1_29' title="bbox 180 2885 1745 2962">
     <span class='ocr_line' id='line_1_29' title="bbox 180 2885 1745 2962; baseline -0.007 -13"><span class='ocrx_word' id='word_1_186' title='bbox 180 2899 283 2961; x_wconf 84' lang='grc' dir='ltr'><strong>Τίς</strong></span> <span class='ocrx_word' id='word_1_187' title='bbox 312 2899 546 2962; x_wconf 80' lang='grc' dir='ltr'>ἀσθενεῖ,</span> <span class='ocrx_word' id='word_1_188' title='bbox 577 2898 671 2950; x_wconf 73' lang='grc' dir='ltr'>καὶ</span> <span class='ocrx_word' id='word_1_189' title='bbox 691 2897 792 2949; x_wconf 85' lang='grc' dir='ltr'><strong>οὐκ</strong></span> <span class='ocrx_word' id='word_1_190' title='bbox 821 2894 1059 2961; x_wconf 74' lang='grc' dir='ltr'>ἀσθενῶς</span> <span class='ocrx_word' id='word_1_191' title='bbox 1091 2894 1175 2956; x_wconf 88' lang='grc' dir='ltr'><strong>τίς</strong></span> <span class='ocrx_word' id='word_1_192' title='bbox 1200 2888 1627 2952; x_wconf 80' lang='grc' dir='ltr'>σκανδαλίζεται,</span> <span class='ocrx_word' id='word_1_193' title='bbox 1650 2885 1745 2939; x_wconf 79' lang='grc' dir='ltr'>καὶ</span> 
     </span>
    </p>
   </div>
   <div class='ocr_carea' id='block_1_30' title="bbox 192 2975 1745 3057">
    <p class='ocr_par' dir='ltr' id='par_1_30' title="bbox 192 2975 1745 3057">
     <span class='ocr_line' id='line_1_30' title="bbox 192 2975 1745 3057; baseline -0.007 -19"><span class='ocrx_word' id='word_1_194' title='bbox 192 2988 296 3038; x_wconf 82' lang='grc' dir='ltr'><strong>οὐκ</strong></span> <span class='ocrx_word' id='word_1_195' title='bbox 329 2986 441 3053; x_wconf 79' lang='grc' dir='ltr'>ἐγὼ</span> <span class='ocrx_word' id='word_1_196' title='bbox 484 2985 796 3057; x_wconf 83' lang='grc' dir='ltr'>πυροῦμαι;</span> <span class='ocrx_word' id='word_1_197' title='bbox 831 2985 892 3040; x_wconf 80' lang='grc' dir='ltr'><strong>Εἰ</strong></span> <span class='ocrx_word' id='word_1_198' title='bbox 934 2984 1242 3053; x_wconf 76' lang='grc' dir='ltr'>καυχᾶσθαι</span> <span class='ocrx_word' id='word_1_199' title='bbox 1297 2981 1398 3053; x_wconf 54' lang='grc' dir='ltr'>δεῖ,</span> <span class='ocrx_word' id='word_1_200' title='bbox 1450 2978 1546 3042; x_wconf 77' lang='grc' dir='ltr'>τὰς</span> <span class='ocrx_word' id='word_1_201' title='bbox 1583 2975 1745 3029; x_wconf 72' lang='grc' dir='ltr'>ἀσθεο</span> 
     </span>
    </p>
   </div>
   <div class='ocr_carea' id='block_1_31' title="bbox 184 3068 1744 3152">
    <p class='ocr_par' dir='ltr' id='par_1_31' title="bbox 184 3068 1744 3152">
     <span class='ocr_line' id='line_1_31' title="bbox 184 3068 1744 3152; baseline -0.006 -22"><span class='ocrx_word' id='word_1_202' title='bbox 184 3079 337 3140; x_wconf 89' lang='grc' dir='ltr'>νείας</span> <span class='ocrx_word' id='word_1_203' title='bbox 371 3096 470 3148; x_wconf 89' lang='grc' dir='ltr'><strong>μου</strong></span> <span class='ocrx_word' id='word_1_204' title='bbox 508 3079 880 3152; x_wconf 86' lang='grc' dir='ltr'>καυχήσομαι.</span> <span class='ocrx_word' id='word_1_205' title='bbox 917 3077 975 3131; x_wconf 81' lang='grc'><strong>’0</strong></span> <span class='ocrx_word' id='word_1_206' title='bbox 1009 3075 1141 3139; x_wconf 90' lang='grc' dir='ltr'>Θεὸς</span> <span class='ocrx_word' id='word_1_207' title='bbox 1164 3074 1259 3127; x_wconf 74' lang='grc' dir='ltr'>καὶ</span> <span class='ocrx_word' id='word_1_208' title='bbox 1292 3070 1480 3142; x_wconf 79' lang='grc' dir='ltr'>Πατὴρ</span> <span class='ocrx_word' id='word_1_209' title='bbox 1504 3068 1599 3123; x_wconf 78' lang='grc' dir='ltr'><strong>τοῦ</strong></span> <span class='ocrx_word' id='word_1_210' title='bbox 1630 3069 1744 3120; x_wconf 77' lang='grc' dir='ltr'><strong>Κυ-</strong></span> 
     </span>
    </p>
   </div>
   <div class='ocr_carea' id='block_1_32' title="bbox 1816 588 3369 674">
    <p class='ocr_par' dir='ltr' id='par_1_32' title="bbox 1816 588 3369 674">
     <span class='ocr_line' id='line_1_32' title="bbox 1816 588 3369 674; baseline -0.016 -16"><span class='ocrx_word' id='word_1_211' title='bbox 1816 609 2163 674; x_wconf 82' lang='lat' dir='ltr'><strong>gubernator,</strong></span> <span class='ocrx_word' id='word_1_212' title='bbox 2190 612 2370 658; x_wconf 89' lang='lat' dir='ltr'><strong>erecta</strong></span> <span class='ocrx_word' id='word_1_213' title='bbox 2399 588 2582 655; x_wconf 83' lang='lat' dir='ltr'><strong>crucis</strong></span> <span class='ocrx_word' id='word_1_214' title='bbox 2608 607 2840 651; x_wconf 89' lang='lat' dir='ltr'><strong>autenua</strong></span> <span class='ocrx_word' id='word_1_215' title='bbox 2874 595 2928 646; x_wconf 92' lang='lat' dir='ltr'><strong>in</strong></span> <span class='ocrx_word' id='word_1_216' title='bbox 2962 588 3140 643; x_wconf 79' lang='lat' dir='ltr'><strong>medio</strong></span> <span class='ocrx_word' id='word_1_217' title='bbox 3171 595 3332 637; x_wconf 80' lang='lat' dir='ltr'><strong>terra:</strong></span> <span class='ocrx_word' id='word_1_218' title='bbox 3352 621 3369 645; x_wconf 91' lang='lat'><strong>,</strong></span> 
     </span>
    </p>
   </div>
   <div class='ocr_carea' id='block_1_33' title="bbox 1820 673 3374 765">
    <p class='ocr_par' dir='ltr' id='par_1_33' title="bbox 1820 673 3374 765">
     <span class='ocr_line' id='line_1_33' title="bbox 1820 673 3374 765; baseline -0.017 -15"><span class='ocrx_word' id='word_1_219' title='bbox 1820 697 1890 751; x_wconf 86' lang='lat' dir='ltr'><strong>ita</strong></span> <span class='ocrx_word' id='word_1_220' title='bbox 1918 696 2318 765; x_wconf 72' lang='lat' dir='ltr'><strong>navigationem</strong></span> <span class='ocrx_word' id='word_1_221' title='bbox 2344 690 2701 762; x_wconf 88' lang='lat' dir='ltr'><strong>temperavit,</strong></span> <span class='ocrx_word' id='word_1_222' title='bbox 2734 696 2793 738; x_wconf 93' lang='lat' dir='ltr'><strong>ut</strong></span> <span class='ocrx_word' id='word_1_223' title='bbox 2823 685 2941 739; x_wconf 90' lang='lat' dir='ltr'><strong>sine</strong></span> <span class='ocrx_word' id='word_1_224' title='bbox 2967 680 3207 752; x_wconf 76' lang='lat' dir='ltr'><strong>procella</strong></span> <span class='ocrx_word' id='word_1_225' title='bbox 3238 673 3374 727; x_wconf 82' lang='lat' dir='ltr'><strong>Ura-</strong></span> 
     </span>
    </p>
   </div>
   <div class='ocr_carea' id='block_1_34' title="bbox 1819 773 3370 859">
    <p class='ocr_par' dir='ltr' id='par_1_34' title="bbox 1819 773 3370 859">
     <span class='ocr_line' id='line_1_34' title="bbox 1819 773 3370 859; baseline -0.014 -16"><span class='ocrx_word' id='word_1_226' title='bbox 1819 789 2080 859; x_wconf 81' lang='lat' dir='ltr'><strong>nopolim,</strong></span> <span class='ocrx_word' id='word_1_227' title='bbox 2112 803 2206 841; x_wconf 86' lang='lat' dir='ltr'><strong>seu</strong></span> <span class='ocrx_word' id='word_1_228' title='bbox 2238 786 2303 839; x_wconf 87' lang='lat' dir='ltr'><strong>ad</strong></span> <span class='ocrx_word' id='word_1_229' title='bbox 2336 785 2610 839; x_wconf 71' lang='lat' dir='ltr'><strong>cmlestem</strong></span> <span class='ocrx_word' id='word_1_230' title='bbox 2640 780 2917 836; x_wconf 89' lang='lat' dir='ltr'><strong>civitatem</strong></span> <span class='ocrx_word' id='word_1_231' title='bbox 2952 773 3370 843; x_wconf 86' lang='lat' dir='ltr'><strong>appelleremus.</strong></span> 
     </span>
    </p>
   </div>
   <div class='ocr_carea' id='block_1_35' title="bbox 1894 867 3091 944">
    <p class='ocr_par' dir='ltr' id='par_1_35' title="bbox 1894 867 3091 944">
     <span class='ocr_line' id='line_1_35' title="bbox 1894 867 3091 944; baseline -0.013 -13"><span class='ocrx_word' id='word_1_232' title='bbox 1894 900 1910 931; x_wconf 87' lang='grc' dir='ltr'>ι</span> <span class='ocrx_word' id='word_1_233' title='bbox 1944 878 2114 932; x_wconf 88' lang='lat' dir='ltr'><strong>Nocte</strong></span> <span class='ocrx_word' id='word_1_234' title='bbox 2141 885 2195 931; x_wconf 90' lang='lat' dir='ltr'><strong>et</strong></span> <span class='ocrx_word' id='word_1_235' title='bbox 2226 877 2314 931; x_wconf 91' lang='lat' dir='ltr'><strong>die</strong></span> <span class='ocrx_word' id='word_1_236' title='bbox 2350 875 2403 929; x_wconf 92' lang='lat' dir='ltr'><strong>in</strong></span> <span class='ocrx_word' id='word_1_237' title='bbox 2436 874 2709 944; x_wconf 88' lang='lat' dir='ltr'><strong>profundo</strong></span> <span class='ocrx_word' id='word_1_238' title='bbox 2741 869 2910 924; x_wconf 86' lang='lat' dir='ltr'><strong>maris</strong></span> <span class='ocrx_word' id='word_1_239' title='bbox 2942 867 3037 918; x_wconf 91' lang='lat' dir='ltr'><strong>fui.</strong></span> <span class='ocrx_word' id='word_1_240' title='bbox 3074 883 3091 915; x_wconf 77' lang='grc' dir='ltr'><strong>ι</strong></span> 
     </span>
    </p>
   </div>
   <div class='ocr_carea' id='block_1_36' title="bbox 1860 952 3376 1031">
    <p class='ocr_par' dir='ltr' id='par_1_36' title="bbox 1860 952 3376 1031">
     <span class='ocr_line' id='line_1_36' title="bbox 1860 952 3376 1031; baseline -0.015 -7"><span class='ocrx_word' id='word_1_241' title='bbox 1860 970 2113 1023; x_wconf 63' lang='lat' dir='ltr'><strong>eNoctem</strong></span> <span class='ocrx_word' id='word_1_242' title='bbox 2150 975 2306 1021; x_wconf 89' lang='lat' dir='ltr'><strong>vocat</strong></span> <span class='ocrx_word' id='word_1_243' title='bbox 2338 967 2483 1021; x_wconf 84' lang='lat' dir='ltr'><strong>illam</strong></span> <span class='ocrx_word' id='word_1_244' title='bbox 2518 979 2724 1017; x_wconf 89' lang='lat' dir='ltr'><strong>moram</strong></span> <span class='ocrx_word' id='word_1_245' title='bbox 2773 975 2935 1031; x_wconf 82' lang='lat' dir='ltr'><strong>quam</strong></span> <span class='ocrx_word' id='word_1_246' title='bbox 2984 958 3036 1011; x_wconf 89' lang='lat' dir='ltr'><strong>in</strong></span> <span class='ocrx_word' id='word_1_247' title='bbox 3082 952 3376 1009; x_wconf 83' lang='lat' dir='ltr'><strong>tcncbroso</strong></span> 
     </span>
    </p>
   </div>
   <div class='ocr_carea' id='block_1_37' title="bbox 1819 1049 3376 1124">
    <p class='ocr_par' dir='ltr' id='par_1_37' title="bbox 1819 1049 3376 1124">
     <span class='ocr_line' id='line_1_37' title="bbox 1819 1049 3376 1124; baseline -0.015 -7"><span class='ocrx_word' id='word_1_248' title='bbox 1819 1079 2005 1117; x_wconf 90' lang='lat' dir='ltr'><strong>errore</strong></span> <span class='ocrx_word' id='word_1_249' title='bbox 2034 1071 2157 1116; x_wconf 90' lang='lat' dir='ltr'><strong>ante</strong></span> <span class='ocrx_word' id='word_1_250' title='bbox 2186 1062 2476 1115; x_wconf 85' lang='lat' dir='ltr'><strong>adventum</strong></span> <span class='ocrx_word' id='word_1_251' title='bbox 2500 1057 2703 1111; x_wconf 81' lang='lat' dir='ltr'><strong>Christi</strong></span> <span class='ocrx_word' id='word_1_252' title='bbox 2730 1057 2961 1124; x_wconf 81' lang='lat' dir='ltr'><strong>egimus.</strong></span> <span class='ocrx_word' id='word_1_253' title='bbox 2993 1049 3143 1103; x_wconf 89' lang='lat' dir='ltr'><strong>Diem</strong></span> <span class='ocrx_word' id='word_1_254' title='bbox 3196 1054 3376 1097; x_wconf 81' lang='lat' dir='ltr'><strong>autem</strong></span> 
     </span>
    </p>
   </div>
   <div class='ocr_carea' id='block_1_38' title="bbox 1823 1146 3380 1221">
    <p class='ocr_par' dir='ltr' id='par_1_38' title="bbox 1823 1146 3380 1221">
     <span class='ocr_line' id='line_1_38' title="bbox 1823 1146 3380 1221; baseline -0.013 -16"><span class='ocrx_word' id='word_1_255' title='bbox 1823 1154 2057 1221; x_wconf 78' lang='lat' dir='ltr'><strong>appellat</strong></span> <span class='ocrx_word' id='word_1_256' title='bbox 2100 1152 2221 1205; x_wconf 70' lang='lat' dir='ltr'><strong>vita:</strong></span> <span class='ocrx_word' id='word_1_257' title='bbox 2275 1151 2539 1204; x_wconf 89' lang='lat' dir='ltr'><strong>rationem</strong></span> <span class='ocrx_word' id='word_1_258' title='bbox 2592 1151 2854 1208; x_wconf 82' lang='lat' dir='ltr'><strong>alteram,</strong></span> <span class='ocrx_word' id='word_1_259' title='bbox 2904 1156 3103 1211; x_wconf 89' lang='lat' dir='ltr'><strong>quam,</strong></span> <span class='ocrx_word' id='word_1_260' title='bbox 3152 1148 3216 1189; x_wconf 75' lang='lat' dir='ltr'><strong>ex</strong></span> <span class='ocrx_word' id='word_1_261' title='bbox 3271 1146 3380 1202; x_wconf 90' lang='lat' dir='ltr'><strong>quo</strong></span> 
     </span>
    </p>
   </div>
   <div class='ocr_carea' id='block_1_39' title="bbox 1822 1229 3272 1306">
    <p class='ocr_par' dir='ltr' id='par_1_39' title="bbox 1822 1229 3272 1306">
     <span class='ocr_line' id='line_1_39' title="bbox 1822 1229 3272 1306; baseline -0.015 -7"><span class='ocrx_word' id='word_1_262' title='bbox 1822 1242 2073 1299; x_wconf 81' lang='lat' dir='ltr'><strong>Christus</strong></span> <span class='ocrx_word' id='word_1_263' title='bbox 2102 1242 2281 1306; x_wconf 77' lang='lat' dir='ltr'><strong>venit,</strong></span> <span class='ocrx_word' id='word_1_264' title='bbox 2316 1241 2368 1293; x_wconf 91' lang='lat' dir='ltr'><strong>in</strong></span> <span class='ocrx_word' id='word_1_265' title='bbox 2402 1237 2586 1293; x_wconf 91' lang='lat' dir='ltr'><strong>lucido</strong></span> <span class='ocrx_word' id='word_1_266' title='bbox 2622 1235 2953 1304; x_wconf 81' lang='lat' dir='ltr'><strong>baptismate</strong></span> <span class='ocrx_word' id='word_1_267' title='bbox 2996 1229 3272 1283; x_wconf 84' lang='lat' dir='ltr'><strong>inivimus.</strong></span> 
     </span>
    </p>
   </div>
   <div class='ocr_carea' id='block_1_40' title="bbox 1901 1312 3378 1404">
    <p class='ocr_par' dir='ltr' id='par_1_40' title="bbox 1901 1312 3378 1404">
     <span class='ocr_line' id='line_1_40' title="bbox 1901 1312 3378 1404; baseline -0.012 -20"><span class='ocrx_word' id='word_1_268' title='bbox 1901 1351 1920 1384; x_wconf 80' lang='grc' dir='ltr'>ι</span> <span class='ocrx_word' id='word_1_269' title='bbox 1949 1332 2115 1404; x_wconf 70' lang='lat' dir='ltr'><strong>Nocte</strong></span> <span class='ocrx_word' id='word_1_270' title='bbox 2134 1343 2185 1386; x_wconf 91' lang='lat' dir='ltr'><strong>et</strong></span> <span class='ocrx_word' id='word_1_271' title='bbox 2207 1331 2297 1385; x_wconf 90' lang='lat' dir='ltr'><strong>die</strong></span> <span class='ocrx_word' id='word_1_272' title='bbox 2326 1332 2379 1384; x_wconf 92' lang='lat' dir='ltr'><strong>in</strong></span> <span class='ocrx_word' id='word_1_273' title='bbox 2408 1329 2677 1399; x_wconf 88' lang='lat' dir='ltr'><strong>profundo</strong></span> <span class='ocrx_word' id='word_1_274' title='bbox 2708 1326 2876 1379; x_wconf 90' lang='lat' dir='ltr'><strong>maris</strong></span> <span class='ocrx_word' id='word_1_275' title='bbox 2913 1322 3011 1375; x_wconf 91' lang='lat' dir='ltr'><strong>fui.</strong></span> <span class='ocrx_word' id='word_1_276' title='bbox 3040 1318 3231 1392; x_wconf 56' lang='lat' dir='ltr'><strong>[Vens</strong></span> <span class='ocrx_word' id='word_1_277' title='bbox 3261 1312 3378 1386; x_wconf 75' lang='lat'><strong>26].</strong></span> 
     </span>
    </p>
   </div>
   <div class='ocr_carea' id='block_1_41' title="bbox 1828 1425 2439 1493">
    <p class='ocr_par' dir='ltr' id='par_1_41' title="bbox 1828 1425 2439 1493">
     <span class='ocr_line' id='line_1_41' title="bbox 1828 1425 2439 1493; baseline -0.01 -14"><span class='ocrx_word' id='word_1_278' title='bbox 1828 1425 1883 1480; x_wconf 92' lang='lat' dir='ltr'><strong>ln</strong></span> <span class='ocrx_word' id='word_1_279' title='bbox 1910 1426 2195 1480; x_wconf 89' lang='lat' dir='ltr'><strong>itineribus</strong></span> <span class='ocrx_word' id='word_1_280' title='bbox 2226 1438 2389 1493; x_wconf 77' lang='lat' dir='ltr'><strong>saepe.</strong></span> <span class='ocrx_word' id='word_1_281' title='bbox 2421 1442 2439 1473; x_wconf 75' lang='grc' dir='ltr'><strong>ι</strong></span> 
     </span>
    </p>
   </div>
   <div class='ocr_carea' id='block_1_42' title="bbox 1897 1499 3386 1586">
    <p class='ocr_par' dir='ltr' id='par_1_42' title="bbox 1897 1499 3386 1586">
     <span class='ocr_line' id='line_1_42' title="bbox 1897 1499 3386 1586; baseline -0.013 -16"><span class='ocrx_word' id='word_1_282' title='bbox 1897 1517 2000 1571; x_wconf 78' lang='lat' dir='ltr'><strong>Alii</strong></span> <span class='ocrx_word' id='word_1_283' title='bbox 2025 1516 2244 1586; x_wconf 88' lang='lat' dir='ltr'><strong>quidem</strong></span> <span class='ocrx_word' id='word_1_284' title='bbox 2274 1516 2428 1569; x_wconf 89' lang='lat' dir='ltr'><strong>aiunt</strong></span> <span class='ocrx_word' id='word_1_285' title='bbox 2463 1528 2589 1568; x_wconf 90' lang='lat' dir='ltr'><strong>eum</strong></span> <span class='ocrx_word' id='word_1_286' title='bbox 2623 1513 2677 1565; x_wconf 94' lang='lat' dir='ltr'><strong>in</strong></span> <span class='ocrx_word' id='word_1_287' title='bbox 2709 1510 2881 1564; x_wconf 87' lang='lat' dir='ltr'><strong>maris</strong></span> <span class='ocrx_word' id='word_1_288' title='bbox 2913 1505 3094 1561; x_wconf 91' lang='lat' dir='ltr'><strong>medio</strong></span> <span class='ocrx_word' id='word_1_289' title='bbox 3129 1499 3386 1569; x_wconf 82' lang='lat' dir='ltr'><strong>navigas-</strong></span> 
     </span>
    </p>
   </div>
   <div class='ocr_carea' id='block_1_43' title="bbox 1829 1592 3386 1679">
    <p class='ocr_par' dir='ltr' id='par_1_43' title="bbox 1829 1592 3386 1679">
     <span class='ocr_line' id='line_1_43' title="bbox 1829 1592 3386 1679; baseline -0.014 -13"><span class='ocrx_word' id='word_1_290' title='bbox 1829 1626 1926 1665; x_wconf 91' lang='lat' dir='ltr'><strong>se:</strong></span> <span class='ocrx_word' id='word_1_291' title='bbox 1962 1610 2055 1662; x_wconf 82' lang='lat' dir='ltr'><strong>alii</strong></span> <span class='ocrx_word' id='word_1_292' title='bbox 2086 1620 2219 1661; x_wconf 75' lang='lat' dir='ltr'><strong>vero</strong></span> <span class='ocrx_word' id='word_1_293' title='bbox 2248 1605 2529 1661; x_wconf 86' lang='lat' dir='ltr'><strong>innatasse</strong></span> <span class='ocrx_word' id='word_1_294' title='bbox 2563 1605 2617 1659; x_wconf 93' lang='lat' dir='ltr'><strong>in</strong></span> <span class='ocrx_word' id='word_1_295' title='bbox 2655 1602 2833 1679; x_wconf 79' lang='lat' dir='ltr'><strong>medio</strong></span> <span class='ocrx_word' id='word_1_296' title='bbox 2863 1597 3075 1670; x_wconf 85' lang='lat' dir='ltr'><strong>pelagi,</strong></span> <span class='ocrx_word' id='word_1_297' title='bbox 3106 1592 3251 1650; x_wconf 88' lang='lat' dir='ltr'><strong>unde</strong></span> <span class='ocrx_word' id='word_1_298' title='bbox 3284 1604 3386 1645; x_wconf 75' lang='lat' dir='ltr'><strong>nec</strong></span> 
     </span>
    </p>
   </div>
   <div class='ocr_carea' id='block_1_44' title="bbox 1830 1684 3388 1763">
    <p class='ocr_par' dir='ltr' id='par_1_44' title="bbox 1830 1684 3388 1763">
     <span class='ocr_line' id='line_1_44' title="bbox 1830 1684 3388 1763; baseline -0.015 -5"><span class='ocrx_word' id='word_1_299' title='bbox 1830 1713 2029 1759; x_wconf 86' lang='lat' dir='ltr'><strong>terram</strong></span> <span class='ocrx_word' id='word_1_300' title='bbox 2053 1739 2068 1763; x_wconf 86' lang='lat'><strong>.</strong></span> <span class='ocrx_word' id='word_1_301' title='bbox 2101 1713 2202 1753; x_wconf 89' lang='lat' dir='ltr'><strong>nec</strong></span> <span class='ocrx_word' id='word_1_302' title='bbox 2232 1706 2473 1751; x_wconf 85' lang='lat' dir='ltr'><strong>montem</strong></span> <span class='ocrx_word' id='word_1_303' title='bbox 2500 1710 2727 1750; x_wconf 87' lang='lat' dir='ltr'><strong>cernere</strong></span> <span class='ocrx_word' id='word_1_304' title='bbox 2762 1700 3007 1763; x_wconf 82' lang='lat' dir='ltr'><strong>poterat:</strong></span> <span class='ocrx_word' id='word_1_305' title='bbox 3044 1686 3190 1760; x_wconf 88' lang='lat' dir='ltr'><strong>quod</strong></span> <span class='ocrx_word' id='word_1_306' title='bbox 3227 1684 3388 1755; x_wconf 84' lang='lat' dir='ltr'><strong>plane</strong></span> 
     </span>
    </p>
   </div>
   <div class='ocr_carea' id='block_1_45' title="bbox 1833 1774 3390 1850">
    <p class='ocr_par' dir='ltr' id='par_1_45' title="bbox 1833 1774 3390 1850">
     <span class='ocr_line' id='line_1_45' title="bbox 1833 1774 3390 1850; baseline -0.012 -3"><span class='ocrx_word' id='word_1_307' title='bbox 1833 1794 2018 1847; x_wconf 87' lang='lat' dir='ltr'><strong>verius</strong></span> <span class='ocrx_word' id='word_1_308' title='bbox 2049 1798 2150 1845; x_wconf 85' lang='lat' dir='ltr'><strong>est.</strong></span> <span class='ocrx_word' id='word_1_309' title='bbox 2183 1786 2318 1842; x_wconf 83' lang='lat' dir='ltr'><strong>Nam</strong></span> <span class='ocrx_word' id='word_1_310' title='bbox 2353 1786 2585 1839; x_wconf 89' lang='lat' dir='ltr'><strong>alterum</strong></span> <span class='ocrx_word' id='word_1_311' title='bbox 2617 1783 2837 1850; x_wconf 87' lang='lat' dir='ltr'><strong>quidem</strong></span> <span class='ocrx_word' id='word_1_312' title='bbox 2880 1796 2982 1835; x_wconf 90' lang='lat' dir='ltr'><strong>nec</strong></span> <span class='ocrx_word' id='word_1_313' title='bbox 3024 1774 3390 1831; x_wconf 80' lang='lat' dir='ltr'><strong>admiratione</strong></span> 
     </span>
    </p>
   </div>
   <div class='ocr_carea' id='block_1_46' title="bbox 1834 1866 3391 1954">
    <p class='ocr_par' dir='ltr' id='par_1_46' title="bbox 1834 1866 3391 1954">
     <span class='ocr_line' id='line_1_46' title="bbox 1834 1866 3391 1954; baseline -0.013 -16"><span class='ocrx_word' id='word_1_314' title='bbox 1834 1885 2056 1954; x_wconf 87' lang='lat' dir='ltr'><strong>dignum</strong></span> <span class='ocrx_word' id='word_1_315' title='bbox 2084 1880 2259 1942; x_wconf 87' lang='lat' dir='ltr'><strong>foret,</strong></span> <span class='ocrx_word' id='word_1_316' title='bbox 2288 1892 2390 1932; x_wconf 90' lang='lat' dir='ltr'><strong>nec</strong></span> <span class='ocrx_word' id='word_1_317' title='bbox 2418 1882 2539 1946; x_wconf 87' lang='lat' dir='ltr'><strong>post</strong></span> <span class='ocrx_word' id='word_1_318' title='bbox 2569 1870 2863 1938; x_wconf 83' lang='lat' dir='ltr'><strong>naufragia</strong></span> <span class='ocrx_word' id='word_1_319' title='bbox 2893 1873 2996 1924; x_wconf 85' lang='lat' dir='ltr'><strong>hoc</strong></span> <span class='ocrx_word' id='word_1_320' title='bbox 3031 1869 3146 1939; x_wconf 90' lang='lat' dir='ltr'><strong>ipse</strong></span> <span class='ocrx_word' id='word_1_321' title='bbox 3173 1866 3391 1937; x_wconf 89' lang='lat' dir='ltr'><strong>posuis-</strong></span> 
     </span>
    </p>
   </div>
   <div class='ocr_carea' id='block_1_47' title="bbox 1833 1962 2973 2041">
    <p class='ocr_par' dir='ltr' id='par_1_47' title="bbox 1833 1962 2973 2041">
     <span class='ocr_line' id='line_1_47' title="bbox 1833 1962 2973 2041; baseline -0.016 -10"><span class='ocrx_word' id='word_1_322' title='bbox 1833 1986 1949 2038; x_wconf 86' lang='lat' dir='ltr'><strong>set,</strong></span> <span class='ocrx_word' id='word_1_323' title='bbox 1985 1989 2085 2028; x_wconf 91' lang='lat' dir='ltr'><strong>ceu</strong></span> <span class='ocrx_word' id='word_1_324' title='bbox 2114 1970 2396 2041; x_wconf 86' lang='lat' dir='ltr'><strong>quidpiam</strong></span> <span class='ocrx_word' id='word_1_325' title='bbox 2435 1963 2741 2034; x_wconf 86' lang='lat' dir='ltr'><strong>naufragiis</strong></span> <span class='ocrx_word' id='word_1_326' title='bbox 2775 1962 2973 2030; x_wconf 87' lang='lat' dir='ltr'><strong>majus.</strong></span> 
     </span>
    </p>
   </div>
   <div class='ocr_carea' id='block_1_48' title="bbox 1909 2048 3394 2127">
    <p class='ocr_par' dir='ltr' id='par_1_48' title="bbox 1909 2048 3394 2127">
     <span class='ocr_line' id='line_1_48' title="bbox 1909 2048 3394 2127; baseline -0.014 -5"><span class='ocrx_word' id='word_1_327' title='bbox 1909 2088 1928 2121; x_wconf 82' lang='grc' dir='ltr'><strong>ι</strong></span> <span class='ocrx_word' id='word_1_328' title='bbox 1961 2066 2228 2122; x_wconf 89' lang='lat' dir='ltr'><strong>Periculis</strong></span> <span class='ocrx_word' id='word_1_329' title='bbox 2254 2060 2547 2116; x_wconf 80' lang='lat' dir='ltr'><strong>ﬂuminum</strong></span> <span class='ocrx_word' id='word_1_330' title='bbox 2570 2099 2585 2122; x_wconf 87' lang='lat'><strong>,</strong></span> <span class='ocrx_word' id='word_1_331' title='bbox 2626 2054 2884 2127; x_wconf 87' lang='lat' dir='ltr'><strong>periculis</strong></span> <span class='ocrx_word' id='word_1_332' title='bbox 2918 2053 3226 2111; x_wconf 86' lang='lat' dir='ltr'><strong>latronum.</strong></span> <span class='ocrx_word' id='word_1_333' title='bbox 3257 2048 3394 2118; x_wconf 91' lang='lat' dir='ltr'><strong>peri-</strong></span> 
     </span>
    </p>
   </div>
   <div class='ocr_carea' id='block_1_49' title="bbox 1833 2139 3393 2227">
    <p class='ocr_par' dir='ltr' id='par_1_49' title="bbox 1833 2139 3393 2227">
     <span class='ocr_line' id='line_1_49' title="bbox 1833 2139 3393 2227; baseline -0.015 -12"><span class='ocrx_word' id='word_1_334' title='bbox 1833 2160 1977 2215; x_wconf 88' lang='lat' dir='ltr'><strong>culis</strong></span> <span class='ocrx_word' id='word_1_335' title='bbox 2000 2174 2067 2213; x_wconf 83' lang='lat' dir='ltr'><strong>ex</strong></span> <span class='ocrx_word' id='word_1_336' title='bbox 2093 2168 2289 2227; x_wconf 88' lang='lat' dir='ltr'><strong>genere</strong></span> <span class='ocrx_word' id='word_1_337' title='bbox 2310 2192 2325 2218; x_wconf 89' lang='lat'><strong>,</strong></span> <span class='ocrx_word' id='word_1_338' title='bbox 2358 2150 2622 2222; x_wconf 88' lang='lat' dir='ltr'><strong>periculis</strong></span> <span class='ocrx_word' id='word_1_339' title='bbox 2647 2163 2710 2202; x_wconf 82' lang='lat' dir='ltr'><strong>ex</strong></span> <span class='ocrx_word' id='word_1_340' title='bbox 2742 2145 3024 2217; x_wconf 77' lang='lat' dir='ltr'><strong>gentibus,</strong></span> <span class='ocrx_word' id='word_1_341' title='bbox 3056 2140 3314 2211; x_wconf 86' lang='lat' dir='ltr'><strong>periculis</strong></span> <span class='ocrx_word' id='word_1_342' title='bbox 3340 2139 3393 2191; x_wconf 91' lang='lat' dir='ltr'><strong>in</strong></span> 
     </span>
    </p>
   </div>
   <div class='ocr_carea' id='block_1_50' title="bbox 1835 2230 3395 2318">
    <p class='ocr_par' dir='ltr' id='par_1_50' title="bbox 1835 2230 3395 2318">
     <span class='ocr_line' id='line_1_50' title="bbox 1835 2230 3395 2318; baseline -0.016 -12"><span class='ocrx_word' id='word_1_343' title='bbox 1835 2253 2080 2314; x_wconf 83' lang='lat' dir='ltr'><strong>civitate,</strong></span> <span class='ocrx_word' id='word_1_344' title='bbox 2116 2246 2373 2318; x_wconf 79' lang='lat' dir='ltr'><strong>periculis</strong></span> <span class='ocrx_word' id='word_1_345' title='bbox 2400 2244 2454 2297; x_wconf 92' lang='lat' dir='ltr'><strong>in</strong></span> <span class='ocrx_word' id='word_1_346' title='bbox 2486 2239 2804 2303; x_wconf 90' lang='lat' dir='ltr'><strong>solitudine,</strong></span> <span class='ocrx_word' id='word_1_347' title='bbox 2835 2234 3095 2307; x_wconf 84' lang='lat' dir='ltr'><strong>periculis</strong></span> <span class='ocrx_word' id='word_1_348' title='bbox 3129 2232 3183 2287; x_wconf 91' lang='lat' dir='ltr'><strong>in</strong></span> <span class='ocrx_word' id='word_1_349' title='bbox 3216 2230 3395 2296; x_wconf 82' lang='lat' dir='ltr'><strong>mari,</strong></span> 
     </span>
    </p>
   </div>
   <div class='ocr_carea' id='block_1_51' title="bbox 1837 2332 2760 2414">
    <p class='ocr_par' dir='ltr' id='par_1_51' title="bbox 1837 2332 2760 2414">
     <span class='ocr_line' id='line_1_51' title="bbox 1837 2332 2760 2414; baseline -0.018 -17"><span class='ocrx_word' id='word_1_350' title='bbox 1837 2341 2097 2414; x_wconf 82' lang='lat' dir='ltr'><strong>periculis</strong></span> <span class='ocrx_word' id='word_1_351' title='bbox 2137 2340 2189 2393; x_wconf 93' lang='lat' dir='ltr'><strong>in</strong></span> <span class='ocrx_word' id='word_1_352' title='bbox 2224 2336 2378 2391; x_wconf 79' lang='lat' dir='ltr'><strong>falsis</strong></span> <span class='ocrx_word' id='word_1_353' title='bbox 2414 2332 2704 2388; x_wconf 82' lang='lat' dir='ltr'><strong>fratribus.</strong></span> <span class='ocrx_word' id='word_1_354' title='bbox 2741 2347 2760 2380; x_wconf 80' lang='grc' dir='ltr'><strong>ι</strong></span> 
     </span>
    </p>
   </div>
   <div class='ocr_carea' id='block_1_52' title="bbox 1906 2417 3126 2497">
    <p class='ocr_par' dir='ltr' id='par_1_52' title="bbox 1906 2417 3126 2497">
     <span class='ocr_line' id='line_1_52' title="bbox 1906 2417 3126 2497; baseline -0.012 -12"><span class='ocrx_word' id='word_1_355' title='bbox 1906 2430 2039 2485; x_wconf 79' lang='lat' dir='ltr'><strong>Nam</strong></span> <span class='ocrx_word' id='word_1_356' title='bbox 2074 2428 2369 2497; x_wconf 86' lang='lat' dir='ltr'><strong>cogebatur</strong></span> <span class='ocrx_word' id='word_1_357' title='bbox 2395 2424 2558 2479; x_wconf 87' lang='lat' dir='ltr'><strong>etiam</strong></span> <span class='ocrx_word' id='word_1_358' title='bbox 2591 2419 2813 2475; x_wconf 84' lang='lat' dir='ltr'><strong>ﬂumina</strong></span> <span class='ocrx_word' id='word_1_359' title='bbox 2842 2417 3126 2486; x_wconf 85' lang='lat' dir='ltr'><strong>trajicere.</strong></span> 
     </span>
    </p>
   </div>
   <div class='ocr_carea' id='block_1_53' title="bbox 1910 2504 3398 2579">
    <p class='ocr_par' dir='ltr' id='par_1_53' title="bbox 1910 2504 3398 2579">
     <span class='ocr_line' id='line_1_53' title="bbox 1910 2504 3398 2579; baseline -0.011 -4"><span class='ocrx_word' id='word_1_360' title='bbox 1910 2524 2070 2579; x_wconf 73' lang='lat' dir='ltr'><strong>Vsus.</strong></span> <span class='ocrx_word' id='word_1_361' title='bbox 2106 2518 2300 2575; x_wconf 74' lang='lat'><strong>27-35.</strong></span> <span class='ocrx_word' id='word_1_362' title='bbox 2338 2536 2357 2569; x_wconf 78' lang='grc' dir='ltr'><strong>Ι</strong></span> <span class='ocrx_word' id='word_1_363' title='bbox 2390 2519 2451 2571; x_wconf 86' lang='lat' dir='ltr'><strong>In</strong></span> <span class='ocrx_word' id='word_1_364' title='bbox 2494 2516 2683 2569; x_wconf 90' lang='lat' dir='ltr'><strong>labore</strong></span> <span class='ocrx_word' id='word_1_365' title='bbox 2716 2521 2774 2567; x_wconf 90' lang='lat' dir='ltr'><strong>et</strong></span> <span class='ocrx_word' id='word_1_366' title='bbox 2803 2524 3045 2565; x_wconf 62' lang='lat' dir='ltr'><strong>aerumna</strong></span> <span class='ocrx_word' id='word_1_367' title='bbox 3067 2550 3082 2573; x_wconf 93' lang='lat'><strong>,</strong></span> <span class='ocrx_word' id='word_1_368' title='bbox 3114 2508 3167 2561; x_wconf 91' lang='lat' dir='ltr'><strong>in</strong></span> <span class='ocrx_word' id='word_1_369' title='bbox 3194 2504 3398 2575; x_wconf 75' lang='lat' dir='ltr'><strong>vigiliis</strong></span> 
     </span>
    </p>
   </div>
   <div class='ocr_carea' id='block_1_54' title="bbox 1840 2597 3397 2688">
    <p class='ocr_par' dir='ltr' id='par_1_54' title="bbox 1840 2597 3397 2688">
     <span class='ocr_line' id='line_1_54' title="bbox 1840 2597 3397 2688; baseline -0.015 -16"><span class='ocrx_word' id='word_1_370' title='bbox 1840 2633 2016 2688; x_wconf 67' lang='lat' dir='ltr'><strong>saepe,</strong></span> <span class='ocrx_word' id='word_1_371' title='bbox 2069 2615 2124 2669; x_wconf 92' lang='lat' dir='ltr'><strong>in</strong></span> <span class='ocrx_word' id='word_1_372' title='bbox 2175 2612 2317 2667; x_wconf 87' lang='lat' dir='ltr'><strong>fame</strong></span> <span class='ocrx_word' id='word_1_373' title='bbox 2358 2618 2413 2665; x_wconf 91' lang='lat' dir='ltr'><strong>et</strong></span> <span class='ocrx_word' id='word_1_374' title='bbox 2460 2608 2581 2673; x_wconf 89' lang='lat' dir='ltr'><strong>siti,</strong></span> <span class='ocrx_word' id='word_1_375' title='bbox 2616 2606 2669 2659; x_wconf 93' lang='lat' dir='ltr'><strong>in</strong></span> <span class='ocrx_word' id='word_1_376' title='bbox 2709 2602 2945 2674; x_wconf 87' lang='lat' dir='ltr'><strong>jejuniis</strong></span> <span class='ocrx_word' id='word_1_377' title='bbox 2973 2600 3309 2670; x_wconf 89' lang='lat' dir='ltr'><strong>frequenter,</strong></span> <span class='ocrx_word' id='word_1_378' title='bbox 3343 2597 3397 2650; x_wconf 88' lang='lat' dir='ltr'><strong>in</strong></span> 
     </span>
    </p>
   </div>
   <div class='ocr_carea' id='block_1_55' title="bbox 1840 2690 3401 2779">
    <p class='ocr_par' dir='ltr' id='par_1_55' title="bbox 1840 2690 3401 2779">
     <span class='ocr_line' id='line_1_55' title="bbox 1840 2690 3401 2779; baseline -0.013 -15"><span class='ocrx_word' id='word_1_379' title='bbox 1840 2710 2045 2779; x_wconf 88' lang='lat' dir='ltr'><strong>frigore</strong></span> <span class='ocrx_word' id='word_1_380' title='bbox 2074 2716 2131 2762; x_wconf 89' lang='lat' dir='ltr'><strong>et</strong></span> <span class='ocrx_word' id='word_1_381' title='bbox 2159 2705 2447 2768; x_wconf 86' lang='lat' dir='ltr'><strong>nuditate;</strong></span> <span class='ocrx_word' id='word_1_382' title='bbox 2498 2707 2696 2770; x_wconf 64' lang='lat' dir='ltr'><strong>praeter</strong></span> <span class='ocrx_word' id='word_1_383' title='bbox 2746 2695 2838 2749; x_wconf 90' lang='lat' dir='ltr'><strong>illa</strong></span> <span class='ocrx_word' id='word_1_384' title='bbox 2888 2707 3009 2764; x_wconf 58' lang='lat' dir='ltr'><strong>qua}</strong></span> <span class='ocrx_word' id='word_1_385' title='bbox 3056 2690 3401 2746; x_wconf 79' lang='lat' dir='ltr'><strong>extrinsecus</strong></span> 
     </span>
    </p>
   </div>
   <div class='ocr_carea' id='block_1_56' title="bbox 1841 2782 3401 2865">
    <p class='ocr_par' dir='ltr' id='par_1_56' title="bbox 1841 2782 3401 2865">
     <span class='ocr_line' id='line_1_56' title="bbox 1841 2782 3401 2865; baseline -0.015 -9"><span class='ocrx_word' id='word_1_386' title='bbox 1841 2811 2002 2865; x_wconf 92' lang='lat' dir='ltr'><strong>sunt,</strong></span> <span class='ocrx_word' id='word_1_387' title='bbox 2036 2796 2297 2854; x_wconf 84' lang='lat' dir='ltr'><strong>instantia</strong></span> <span class='ocrx_word' id='word_1_388' title='bbox 2341 2807 2461 2847; x_wconf 89' lang='lat' dir='ltr'><strong>mea</strong></span> <span class='ocrx_word' id='word_1_389' title='bbox 2511 2788 2871 2861; x_wconf 87' lang='lat' dir='ltr'><strong>quotidiana,</strong></span> <span class='ocrx_word' id='word_1_390' title='bbox 2921 2782 3239 2839; x_wconf 88' lang='lat' dir='ltr'><strong>sollicitudo</strong></span> <span class='ocrx_word' id='word_1_391' title='bbox 3280 2795 3401 2834; x_wconf 89' lang='lat' dir='ltr'><strong>om-</strong></span> 
     </span>
    </p>
   </div>
   <div class='ocr_carea' id='block_1_57' title="bbox 1842 2870 3401 2947">
    <p class='ocr_par' dir='ltr' id='par_1_57' title="bbox 1842 2870 3401 2947">
     <span class='ocr_line' id='line_1_57' title="bbox 1842 2870 3401 2947; baseline -0.015 -1"><span class='ocrx_word' id='word_1_392' title='bbox 1842 2894 1989 2947; x_wconf 90' lang='lat' dir='ltr'><strong>nium</strong></span> <span class='ocrx_word' id='word_1_393' title='bbox 2026 2888 2416 2943; x_wconf 86' lang='lat' dir='ltr'><strong>Ecclesiarum.</strong></span> <span class='ocrx_word' id='word_1_394' title='bbox 2441 2881 2577 2947; x_wconf 85' lang='lat' dir='ltr'><strong>Quis</strong></span> <span class='ocrx_word' id='word_1_395' title='bbox 2607 2878 2943 2938; x_wconf 82' lang='lat' dir='ltr'><strong>infirmatur,</strong></span> <span class='ocrx_word' id='word_1_396' title='bbox 2971 2883 3023 2929; x_wconf 91' lang='lat' dir='ltr'><strong>et</strong></span> <span class='ocrx_word' id='word_1_397' title='bbox 3050 2887 3149 2942; x_wconf 78' lang='lat' dir='ltr'><strong>ego</strong></span> <span class='ocrx_word' id='word_1_398' title='bbox 3175 2885 3283 2925; x_wconf 92' lang='lat' dir='ltr'><strong>non</strong></span> <span class='ocrx_word' id='word_1_399' title='bbox 3313 2870 3401 2923; x_wconf 90' lang='lat' dir='ltr'><strong>in-</strong></span> 
     </span>
    </p>
   </div>
   <div class='ocr_carea' id='block_1_58' title="bbox 1844 2959 3403 3047">
    <p class='ocr_par' dir='ltr' id='par_1_58' title="bbox 1844 2959 3403 3047">
     <span class='ocr_line' id='line_1_58' title="bbox 1844 2959 3403 3047; baseline -0.015 -10"><span class='ocrx_word' id='word_1_400' title='bbox 1844 2981 2072 3038; x_wconf 84' lang='lat' dir='ltr'><strong>firmor?</strong></span> <span class='ocrx_word' id='word_1_401' title='bbox 2116 2980 2239 3047; x_wconf 88' lang='lat' dir='ltr'><strong>quis</strong></span> <span class='ocrx_word' id='word_1_402' title='bbox 2287 2974 2713 3036; x_wconf 85' lang='lat' dir='ltr'><strong>scandalizatur,</strong></span> <span class='ocrx_word' id='word_1_403' title='bbox 2759 2977 2814 3023; x_wconf 92' lang='lat' dir='ltr'><strong>et</strong></span> <span class='ocrx_word' id='word_1_404' title='bbox 2858 2982 2958 3037; x_wconf 78' lang='lat' dir='ltr'><strong>ego</strong></span> <span class='ocrx_word' id='word_1_405' title='bbox 2991 2980 3099 3020; x_wconf 91' lang='lat' dir='ltr'><strong>non</strong></span> <span class='ocrx_word' id='word_1_406' title='bbox 3137 2963 3306 3016; x_wconf 79' lang='lat' dir='ltr'><strong>uror?</strong></span> <span class='ocrx_word' id='word_1_407' title='bbox 3344 2959 3403 3016; x_wconf 86' lang='lat' dir='ltr'><strong>Si</strong></span> 
     </span>
    </p>
   </div>
   <div class='ocr_carea' id='block_1_59' title="bbox 1844 3051 3400 3143">
    <p class='ocr_par' dir='ltr' id='par_1_59' title="bbox 1844 3051 3400 3143">
     <span class='ocr_line' id='line_1_59' title="bbox 1844 3051 3400 3143; baseline -0.014 -16"><span class='ocrx_word' id='word_1_408' title='bbox 1844 3070 2065 3143; x_wconf 87' lang='lat' dir='ltr'><strong>gloriari</strong></span> <span class='ocrx_word' id='word_1_409' title='bbox 2100 3074 2356 3138; x_wconf 84' lang='lat' dir='ltr'><strong>oportet,</strong></span> <span class='ocrx_word' id='word_1_410' title='bbox 2388 3064 2457 3117; x_wconf 88' lang='lat' dir='ltr'><strong>de</strong></span> <span class='ocrx_word' id='word_1_411' title='bbox 2490 3058 2902 3115; x_wconf 78' lang='lat' dir='ltr'><strong>infirmitatibus</strong></span> <span class='ocrx_word' id='word_1_412' title='bbox 2937 3054 3072 3109; x_wconf 87' lang='lat' dir='ltr'><strong>meis</strong></span> <span class='ocrx_word' id='word_1_413' title='bbox 3106 3051 3400 3123; x_wconf 78' lang='lat' dir='ltr'><strong>gloriabor.</strong></span> 
     </span>
    </p>
   </div>
   <div class='ocr_carea' id='block_1_60' title="bbox 189 3142 1855 3248">
    <p class='ocr_par' dir='ltr' id='par_1_60' title="bbox 189 3142 1855 3248">
     <span class='ocr_line' id='line_1_60' title="bbox 189 3142 1855 3248; baseline -0.007 -25"><span class='ocrx_word' id='word_1_414' title='bbox 189 3172 305 3240; x_wconf 83' lang='grc' dir='ltr'>ρίου</span> <span class='ocrx_word' id='word_1_415' title='bbox 354 3142 526 3240; x_wconf 64' lang='grc' dir='ltr'>’ίησοῦ</span> <span class='ocrx_word' id='word_1_416' title='bbox 562 3142 817 3241; x_wconf 66' lang='grc' dir='ltr'>Χριστού,</span> <span class='ocrx_word' id='word_1_417' title='bbox 846 3172 874 3222; x_wconf 86' lang='grc' dir='ltr'>ὁ</span> <span class='ocrx_word' id='word_1_418' title='bbox 902 3168 978 3221; x_wconf 82' lang='grc' dir='ltr'>ὢν</span> <span class='ocrx_word' id='word_1_419' title='bbox 1006 3166 1301 3237; x_wconf 75' lang='grc' dir='ltr'>εὐλογητὸς</span> <span class='ocrx_word' id='word_1_420' title='bbox 1336 3165 1415 3226; x_wconf 86' lang='grc' dir='ltr'><strong>είς</strong></span> <span class='ocrx_word' id='word_1_421' title='bbox 1453 3164 1579 3226; x_wconf 83' lang='grc' dir='ltr'>τοὺς</span> <span class='ocrx_word' id='word_1_422' title='bbox 1608 3159 1743 3214; x_wconf 80' lang='grc' dir='ltr'>αἰῶ-</span> <span class='ocrx_word' id='word_1_423' title='bbox 1770 3188 1814 3248; x_wconf 72' lang='lat' dir='ltr'>c</span> 
     </span>
    </p>
   </div>
   <div class='ocr_carea' id='block_1_61' title="bbox 1738 3142 3404 3248">
    <p class='ocr_par' dir='ltr' id='par_1_61' title="bbox 1738 3142 3404 3248">
     <span class='ocr_line' id='line_1_61' title="bbox 1738 3142 3404 3248; baseline -0.016 -27"><span class='ocrx_word' id='word_1_424' title='bbox 1738 3188 1743 3199; x_wconf 69' lang='grc'><em>’</em></span> <span class='ocrx_word' id='word_1_425' title='bbox 1770 3188 1814 3248; x_wconf 70' lang='grc' dir='ltr'>ο</span> <span class='ocrx_word' id='word_1_426' title='bbox 1848 3142 1989 3219; x_wconf 83' lang='lat' dir='ltr'><strong>Deus</strong></span> <span class='ocrx_word' id='word_1_427' title='bbox 2023 3171 2077 3216; x_wconf 90' lang='lat' dir='ltr'><strong>et</strong></span> <span class='ocrx_word' id='word_1_428' title='bbox 2110 3159 2269 3213; x_wconf 85' lang='lat' dir='ltr'><strong>Pater</strong></span> <span class='ocrx_word' id='word_1_429' title='bbox 2302 3155 2512 3209; x_wconf 81' lang='lat' dir='ltr'><strong>Domini</strong></span> <span class='ocrx_word' id='word_1_430' title='bbox 2551 3150 2723 3206; x_wconf 89' lang='lat' dir='ltr'><strong>nostri</strong></span> <span class='ocrx_word' id='word_1_431' title='bbox 2756 3148 2887 3203; x_wconf 75' lang='lat' dir='ltr'><strong>Jesu</strong></span> <span class='ocrx_word' id='word_1_432' title='bbox 2919 3144 3165 3209; x_wconf 84' lang='lat' dir='ltr'><strong>Christi,</strong></span> <span class='ocrx_word' id='word_1_433' title='bbox 3198 3142 3288 3212; x_wconf 76' lang='lat' dir='ltr'><strong>qui</strong></span> <span class='ocrx_word' id='word_1_434' title='bbox 3320 3150 3404 3196; x_wconf 89' lang='lat' dir='ltr'><strong>est</strong></span> 
     </span>
    </p>
   </div>
   <div class='ocr_carea' id='block_1_62' title="bbox 186 3253 1745 3331">
    <p class='ocr_par' dir='ltr' id='par_1_62' title="bbox 186 3253 1745 3331">
     <span class='ocr_line' id='line_1_62' title="bbox 186 3253 1745 3331; baseline -0.006 -17"><span class='ocrx_word' id='word_1_435' title='bbox 186 3281 300 3326; x_wconf 84' lang='grc' dir='ltr'>νας,</span> <span class='ocrx_word' id='word_1_436' title='bbox 336 3259 475 3316; x_wconf 73' lang='grc' dir='ltr'>οἶδεν</span> <span class='ocrx_word' id='word_1_437' title='bbox 502 3265 584 3316; x_wconf 88' lang='grc' dir='ltr'><strong>ὄτι</strong></span> <span class='ocrx_word' id='word_1_438' title='bbox 614 3263 675 3315; x_wconf 84' lang='grc' dir='ltr'>ού</span> <span class='ocrx_word' id='word_1_439' title='bbox 721 3261 1011 3331; x_wconf 78' lang='grc' dir='ltr'>ψεύδομαι.</span> <span class='ocrx_word' id='word_1_440' title='bbox 1052 3258 1142 3311; x_wconf 88' lang='grc' dir='ltr'>Ἐν</span> <span class='ocrx_word' id='word_1_441' title='bbox 1170 3255 1443 3329; x_wconf 85' lang='grc' dir='ltr'>Δαμασκῷ</span> <span class='ocrx_word' id='word_1_442' title='bbox 1484 3257 1514 3308; x_wconf 81' lang='grc' dir='ltr'>ὁ</span> <span class='ocrx_word' id='word_1_443' title='bbox 1550 3253 1745 3321; x_wconf 73' lang='grc' dir='ltr'>ἐθνάρ-</span> 
     </span>
    </p>
   </div>
   <div class='ocr_carea' id='block_1_63' title="bbox 188 3342 1744 3417">
    <p class='ocr_par' dir='ltr' id='par_1_63' title="bbox 188 3342 1744 3417">
     <span class='ocr_line' id='line_1_63' title="bbox 188 3342 1744 3417; baseline -0.011 -14"><span class='ocrx_word' id='word_1_444' title='bbox 188 3372 288 3417; x_wconf 86' lang='grc' dir='ltr'><strong>χης</strong></span> <span class='ocrx_word' id='word_1_445' title='bbox 373 3354 565 3414; x_wconf 76' lang='grc' dir='ltr'>Ἀρέτα</span> <span class='ocrx_word' id='word_1_446' title='bbox 622 3349 717 3399; x_wconf 79' lang='grc' dir='ltr'><strong>τοῦ</strong></span> <span class='ocrx_word' id='word_1_447' title='bbox 784 3345 1048 3415; x_wconf 77' lang='grc' dir='ltr'>βασιλέως</span> <span class='ocrx_word' id='word_1_448' title='bbox 1097 3344 1203 3414; x_wconf 84' lang='grc'><strong>(7)</strong></span> <span class='ocrx_word' id='word_1_449' title='bbox 1241 3384 1257 3410; x_wconf 90' lang='grc'><strong>,</strong></span> <span class='ocrx_word' id='word_1_450' title='bbox 1331 3343 1587 3413; x_wconf 72' lang='grc' dir='ltr'>ἐφρούρει</span> <span class='ocrx_word' id='word_1_451' title='bbox 1643 3342 1744 3410; x_wconf 77' lang='grc' dir='ltr'><strong>τὴν</strong></span> 
     </span>
    </p>
   </div>
   <div class='ocr_carea' id='block_1_64' title="bbox 189 3434 1744 3508">
    <p class='ocr_par' dir='ltr' id='par_1_64' title="bbox 189 3434 1744 3508">
     <span class='ocr_line' id='line_1_64' title="bbox 189 3434 1744 3508; baseline -0.003 -18"><span class='ocrx_word' id='word_1_452' title='bbox 189 3437 564 3508; x_wconf 87' lang='grc' dir='ltr'>Δαμασκηνῶν</span> <span class='ocrx_word' id='word_1_453' title='bbox 590 3438 768 3500; x_wconf 89' lang='grc' dir='ltr'>πόλιν,</span> <span class='ocrx_word' id='word_1_454' title='bbox 799 3437 993 3490; x_wconf 81' lang='grc' dir='ltr'>πιάσαι</span> <span class='ocrx_word' id='word_1_455' title='bbox 1026 3453 1093 3506; x_wconf 83' lang='grc' dir='ltr'><strong>με</strong></span> <span class='ocrx_word' id='word_1_456' title='bbox 1132 3436 1323 3500; x_wconf 79' lang='grc' dir='ltr'>θέλων,</span> <span class='ocrx_word' id='word_1_457' title='bbox 1351 3436 1446 3489; x_wconf 74' lang='grc' dir='ltr'>καὶ</span> <span class='ocrx_word' id='word_1_458' title='bbox 1474 3434 1561 3488; x_wconf 81' lang='grc' dir='ltr'><strong>διὰ</strong></span> <span class='ocrx_word' id='word_1_459' title='bbox 1591 3434 1744 3505; x_wconf 81' lang='grc' dir='ltr'>θυρί-</span> 
     </span>
    </p>
   </div>
   <div class='ocr_carea' id='block_1_65' title="bbox 185 3524 1747 3599">
    <p class='ocr_par' dir='ltr' id='par_1_65' title="bbox 185 3524 1747 3599">
     <span class='ocr_line' id='line_1_65' title="bbox 185 3524 1747 3599; baseline -0.001 -20"><span class='ocrx_word' id='word_1_460' title='bbox 185 3528 272 3590; x_wconf 77' lang='grc' dir='ltr'><strong>δος</strong></span> <span class='ocrx_word' id='word_1_461' title='bbox 302 3530 361 3580; x_wconf 80' lang='grc' dir='ltr'>ὲν</span> <span class='ocrx_word' id='word_1_462' title='bbox 388 3528 627 3599; x_wconf 75' lang='grc' dir='ltr'>σαργάνῃ</span> <span class='ocrx_word' id='word_1_463' title='bbox 687 3527 988 3598; x_wconf 66' lang='grc' dir='ltr'>ἐχαλάσθην</span> <span class='ocrx_word' id='word_1_464' title='bbox 1018 3527 1105 3580; x_wconf 78' lang='grc' dir='ltr'><strong>διὰ</strong></span> <span class='ocrx_word' id='word_1_465' title='bbox 1132 3527 1224 3580; x_wconf 82' lang='grc' dir='ltr'><strong>τοῦ</strong></span> <span class='ocrx_word' id='word_1_466' title='bbox 1254 3528 1486 3596; x_wconf 83' lang='grc' dir='ltr'>τείχους,</span> <span class='ocrx_word' id='word_1_467' title='bbox 1546 3526 1639 3579; x_wconf 78' lang='grc' dir='ltr'>καὶ</span> <span class='ocrx_word' id='word_1_468' title='bbox 1660 3524 1747 3589; x_wconf 78' lang='grc' dir='ltr'><strong>ἐξ·</strong></span> 
     </span>
    </p>
   </div>
   <div class='ocr_carea' id='block_1_66' title="bbox 197 3618 1010 3690">
    <p class='ocr_par' dir='ltr' id='par_1_66' title="bbox 197 3618 1010 3690">
     <span class='ocr_line' id='line_1_66' title="bbox 197 3618 1010 3690; baseline -0.002 -18"><span class='ocrx_word' id='word_1_469' title='bbox 197 3618 401 3690; x_wconf 75' lang='grc' dir='ltr'>ἐφυγον</span> <span class='ocrx_word' id='word_1_470' title='bbox 427 3621 524 3682; x_wconf 76' lang='grc' dir='ltr'><strong>τὰς</strong></span> <span class='ocrx_word' id='word_1_471' title='bbox 549 3622 736 3690; x_wconf 83' lang='grc' dir='ltr'>χεῖρας</span> <span class='ocrx_word' id='word_1_472' title='bbox 764 3618 952 3672; x_wconf 82' lang='grc' dir='ltr'><strong>αὐτοῦ.</strong></span> <span class='ocrx_word' id='word_1_473' title='bbox 991 3637 1010 3670; x_wconf 76' lang='grc' dir='ltr'><strong>ι</strong></span> 
     </span>
    </p>
   </div>
   <div class='ocr_carea' id='block_1_67' title="bbox 778 3753 1164 3808">
    <p class='ocr_par' dir='ltr' id='par_1_67' title="bbox 778 3753 1164 3808">
     <span class='ocr_line' id='line_1_67' title="bbox 778 3753 1164 3808; baseline 0 -1"><span class='ocrx_word' id='word_1_474' title='bbox 778 3754 1029 3808; x_wconf 74' lang='grc' dir='ltr'><strong>ΚΕΦΔΛ.</strong></span> <span class='ocrx_word' id='word_1_475' title='bbox 1066 3753 1164 3807; x_wconf 82' lang='lat' dir='ltr'><strong>IB&#39;.</strong></span> 
     </span>
    </p>
   </div>
   <div class='ocr_carea' id='block_1_68' title="bbox 269 3865 1747 3940">
    <p class='ocr_par' dir='ltr' id='par_1_68' title="bbox 269 3865 1747 3940">
     <span class='ocr_line' id='line_1_68' title="bbox 269 3865 1747 3940; baseline -0.003 -17"><span class='ocrx_word' id='word_1_476' title='bbox 269 3890 289 3923; x_wconf 82' lang='grc' dir='ltr'>ι</span> <span class='ocrx_word' id='word_1_477' title='bbox 322 3868 642 3940; x_wconf 79' lang='grc' dir='ltr'>Καυχᾶσθαι</span> <span class='ocrx_word' id='word_1_478' title='bbox 665 3868 729 3940; x_wconf 79' lang='grc' dir='ltr'>δὴ</span> <span class='ocrx_word' id='word_1_479' title='bbox 760 3868 823 3922; x_wconf 79' lang='grc' dir='ltr'><strong>οὐ</strong></span> <span class='ocrx_word' id='word_1_480' title='bbox 872 3865 1141 3938; x_wconf 84' lang='grc' dir='ltr'>συμφέρει</span> <span class='ocrx_word' id='word_1_481' title='bbox 1197 3883 1288 3936; x_wconf 91' lang='grc' dir='ltr'><strong>μοι</strong></span> <span class='ocrx_word' id='word_1_482' title='bbox 1314 3882 1329 3897; x_wconf 88' lang='grc'><strong>·</strong></span> <span class='ocrx_word' id='word_1_483' title='bbox 1368 3865 1658 3936; x_wconf 76' lang='grc' dir='ltr'>ἐλεύσομαι</span> <span class='ocrx_word' id='word_1_484' title='bbox 1689 3865 1747 3919; x_wconf 75' lang='grc' dir='ltr'>δὲ</span> 
     </span>
    </p>
   </div>
   <div class='ocr_carea' id='block_1_69' title="bbox 192 3941 1726 4030">
    <p class='ocr_par' dir='ltr' id='par_1_69' title="bbox 192 3941 1726 4030">
     <span class='ocr_line' id='line_1_69' title="bbox 192 3941 1726 4030; baseline -0.006 -12"><span class='ocrx_word' id='word_1_485' title='bbox 192 3965 269 4029; x_wconf 75' lang='grc' dir='ltr'>εἰς</span> <span class='ocrx_word' id='word_1_486' title='bbox 300 3963 568 4026; x_wconf 79' lang='grc' dir='ltr'>ὀπτασίας</span> <span class='ocrx_word' id='word_1_487' title='bbox 600 3962 692 4016; x_wconf 78' lang='grc' dir='ltr'>καὶ</span> <span class='ocrx_word' id='word_1_488' title='bbox 723 3958 1090 4028; x_wconf 76' lang='grc' dir='ltr'>ἀποκαλύψεις</span> <span class='ocrx_word' id='word_1_489' title='bbox 1117 3958 1341 4030; x_wconf 71' lang='grc' dir='ltr'>Κυρίου.</span> <span class='ocrx_word' id='word_1_490' title='bbox 1382 3976 1402 4011; x_wconf 78' lang='grc' dir='ltr'><strong>ι</strong></span> <span class='ocrx_word' id='word_1_491' title='bbox 1718 3941 1726 3950; x_wconf 63' lang='grc'><strong>’</strong></span> 
     </span>
    </p>
   </div>
   <div class='ocr_carea' id='block_1_70' title="bbox 259 4047 1743 4125">
    <p class='ocr_par' dir='ltr' id='par_1_70' title="bbox 259 4047 1743 4125">
     <span class='ocr_line' id='line_1_70' title="bbox 259 4047 1743 4125; baseline -0.005 -17"><span class='ocrx_word' id='word_1_492' title='bbox 259 4056 303 4107; x_wconf 85' lang='grc' dir='ltr'><strong>Τ</strong></span> <span class='ocrx_word' id='word_1_493' title='bbox 306 4056 432 4109; x_wconf 76' lang='grc' dir='ltr'><strong>οὖτό</strong></span> <span class='ocrx_word' id='word_1_494' title='bbox 461 4070 646 4125; x_wconf 75' lang='grc' dir='ltr'>φησιν,</span> <span class='ocrx_word' id='word_1_495' title='bbox 666 4052 764 4123; x_wconf 83' lang='grc' dir='ltr'>οὐχ</span> <span class='ocrx_word' id='word_1_496' title='bbox 800 4051 875 4115; x_wconf 84' lang='grc' dir='ltr'>ὼς</span> <span class='ocrx_word' id='word_1_497' title='bbox 904 4051 1055 4104; x_wconf 80' lang='grc' dir='ltr'>οὐδὲν</span> <span class='ocrx_word' id='word_1_498' title='bbox 1102 4048 1356 4121; x_wconf 77' lang='grc' dir='ltr'>εἰρηκὼς.</span> <span class='ocrx_word' id='word_1_499' title='bbox 1402 4048 1516 4103; x_wconf 76' lang='grc' dir='ltr'>ἀλλ’</span> <span class='ocrx_word' id='word_1_500' title='bbox 1552 4047 1743 4120; x_wconf 69' lang='grc' dir='ltr'>ἐπειδὴ</span> 
     </span>
    </p>
   </div>
   <div class='ocr_carea' id='block_1_71' title="bbox 192 4134 1749 4218">
    <p class='ocr_par' dir='ltr' id='par_1_71' title="bbox 192 4134 1749 4218">
     <span class='ocr_line' id='line_1_71' title="bbox 192 4134 1749 4218; baseline -0.006 -17"><span class='ocrx_word' id='word_1_501' title='bbox 192 4147 377 4218; x_wconf 79' lang='grc' dir='ltr'>μέλλει</span> <span class='ocrx_word' id='word_1_502' title='bbox 416 4143 761 4216; x_wconf 74' lang='grc' dir='ltr'>μεταϐαίνειν</span> <span class='ocrx_word' id='word_1_503' title='bbox 804 4143 884 4207; x_wconf 83' lang='grc' dir='ltr'><strong>είς</strong></span> <span class='ocrx_word' id='word_1_504' title='bbox 935 4142 1120 4212; x_wconf 68' lang='grc' dir='ltr'>ἕτερον</span> <span class='ocrx_word' id='word_1_505' title='bbox 1158 4140 1476 4212; x_wconf 83' lang='grc' dir='ltr'>καυχήσεως</span> <span class='ocrx_word' id='word_1_506' title='bbox 1531 4134 1691 4203; x_wconf 75' lang='grc' dir='ltr'>εἶδος,</span> <span class='ocrx_word' id='word_1_507' title='bbox 1719 4137 1749 4192; x_wconf 81' lang='grc' dir='ltr'><strong>ὃ</strong></span> 
     </span>
    </p>
   </div>
   <div class='ocr_carea' id='block_1_72' title="bbox 189 4229 1744 4311">
    <p class='ocr_par' dir='ltr' id='par_1_72' title="bbox 189 4229 1744 4311">
     <span class='ocr_line' id='line_1_72' title="bbox 189 4229 1744 4311; baseline -0.006 -18"><span class='ocrx_word' id='word_1_508' title='bbox 189 4238 575 4311; x_wconf 79' lang='grc' dir='ltr'>λαμπρότερον</span> <span class='ocrx_word' id='word_1_509' title='bbox 641 4235 800 4290; x_wconf 82' lang='grc' dir='ltr'>αὑτὸν</span> <span class='ocrx_word' id='word_1_510' title='bbox 858 4232 1099 4286; x_wconf 81' lang='grc' dir='ltr'>δείκνυσι</span> <span class='ocrx_word' id='word_1_511' title='bbox 1164 4230 1259 4285; x_wconf 70' lang='grc' dir='ltr'>καὶ</span> <span class='ocrx_word' id='word_1_512' title='bbox 1322 4229 1744 4301; x_wconf 77' lang='grc' dir='ltr'>ἰπισημότερον.</span> 
     </span>
    </p>
   </div>
   <div class='ocr_carea' id='block_1_73' title="bbox 192 4326 1747 4401">
    <p class='ocr_par' dir='ltr' id='par_1_73' title="bbox 192 4326 1747 4401">
     <span class='ocr_line' id='line_1_73' title="bbox 192 4326 1747 4401; baseline -0.007 -12"><span class='ocrx_word' id='word_1_513' title='bbox 192 4334 377 4389; x_wconf 74' lang='grc' dir='ltr'>Ταῦτα</span> <span class='ocrx_word' id='word_1_514' title='bbox 401 4332 458 4387; x_wconf 71' lang='grc' dir='ltr'>δέ</span> <span class='ocrx_word' id='word_1_515' title='bbox 488 4346 652 4401; x_wconf 85' lang='grc' dir='ltr'>φησιν</span> <span class='ocrx_word' id='word_1_516' title='bbox 681 4330 738 4383; x_wconf 64' lang='grc' dir='ltr'>ἄν</span> <span class='ocrx_word' id='word_1_517' title='bbox 770 4326 967 4399; x_wconf 70' lang='grc' dir='ltr'>ἑαυτῷ,</span> <span class='ocrx_word' id='word_1_518' title='bbox 993 4327 1232 4391; x_wconf 65' lang='grc' dir='ltr'>ὲκείνους</span> <span class='ocrx_word' id='word_1_519' title='bbox 1257 4326 1747 4401; x_wconf 40' lang='grc' dir='ltr'>παιδεύων-ταπει-</span> 
     </span>
    </p>
   </div>
   <div class='ocr_carea' id='block_1_74' title="bbox 192 4397 1742 4497">
    <p class='ocr_par' dir='ltr' id='par_1_74' title="bbox 192 4397 1742 4497">
     <span class='ocr_line' id='line_1_74' title="bbox 192 4397 1742 4497; baseline -0.004 -16"><span class='ocrx_word' id='word_1_520' title='bbox 192 4397 707 4497; x_wconf 42' lang='grc' dir='ltr'>νοφρονεῖνξέίγὰρ</span> <span class='ocrx_word' id='word_1_521' title='bbox 732 4425 760 4478; x_wconf 86' lang='grc' dir='ltr'><strong>ὁ</strong></span> <span class='ocrx_word' id='word_1_522' title='bbox 795 4397 1033 4477; x_wconf 82' lang='grc' dir='ltr'>τοσαῦτα</span> <span class='ocrx_word' id='word_1_523' title='bbox 1063 4420 1223 4491; x_wconf 73' lang='grc' dir='ltr'>ἔχων,</span> <span class='ocrx_word' id='word_1_524' title='bbox 1270 4397 1610 4489; x_wconf 64' lang='grc' dir='ltr'>τοιοῦτος,’τί</span> <span class='ocrx_word' id='word_1_525' title='bbox 1642 4423 1742 4475; x_wconf 81' lang='grc' dir='ltr'><strong>ούκ</strong></span> 
     </span>
    </p>
   </div>
   <div class='ocr_carea' id='block_1_75' title="bbox 191 4518 878 4588">
    <p class='ocr_par' dir='ltr' id='par_1_75' title="bbox 191 4518 878 4588">
     <span class='ocr_line' id='line_1_75' title="bbox 191 4518 878 4588; baseline -0.007 -16"><span class='ocrx_word' id='word_1_526' title='bbox 191 4518 424 4588; x_wconf 79' lang='grc' dir='ltr'>ὤφειλον</span> <span class='ocrx_word' id='word_1_527' title='bbox 450 4519 645 4571; x_wconf 79' lang='grc' dir='ltr'>ἐκεῖνοι</span> <span class='ocrx_word' id='word_1_528' title='bbox 670 4518 878 4576; x_wconf 82' lang='grc' dir='ltr'>ποιεῖν;</span> 
     </span>
    </p>
   </div>
   <div class='ocr_carea' id='block_1_76' title="bbox 270 4604 1747 4679">
    <p class='ocr_par' dir='ltr' id='par_1_76' title="bbox 270 4604 1747 4679">
     <span class='ocr_line' id='line_1_76' title="bbox 270 4604 1747 4679; baseline -0.002 -18"><span class='ocrx_word' id='word_1_529' title='bbox 270 4629 288 4661; x_wconf 84' lang='grc' dir='ltr'>ι</span> <span class='ocrx_word' id='word_1_530' title='bbox 324 4606 455 4663; x_wconf 78' lang='grc' dir='ltr'>Οἶδα</span> <span class='ocrx_word' id='word_1_531' title='bbox 474 4607 755 4679; x_wconf 82' lang='grc' dir='ltr'>ἄνθρωπον</span> <span class='ocrx_word' id='word_1_532' title='bbox 785 4608 843 4659; x_wconf 80' lang='grc' dir='ltr'>ὲν</span> <span class='ocrx_word' id='word_1_533' title='bbox 871 4605 1091 4678; x_wconf 88' lang='grc' dir='ltr'>Χριστῷ</span> <span class='ocrx_word' id='word_1_534' title='bbox 1111 4605 1217 4676; x_wconf 89' lang='grc' dir='ltr'><strong>πρὸ</strong></span> <span class='ocrx_word' id='word_1_535' title='bbox 1245 4604 1381 4658; x_wconf 73' lang='grc' dir='ltr'>ἐτῶν</span> <span class='ocrx_word' id='word_1_536' title='bbox 1420 4604 1747 4658; x_wconf 83' lang='grc' dir='ltr'>δεκατεσσά-</span> 
     </span>
    </p>
   </div>
   <div class='ocr_carea' id='block_1_77' title="bbox 198 4692 1749 4769">
    <p class='ocr_par' dir='ltr' id='par_1_77' title="bbox 198 4692 1749 4769">
     <span class='ocr_line' id='line_1_77' title="bbox 198 4692 1749 4769; baseline -0.004 -18"><span class='ocrx_word' id='word_1_537' title='bbox 198 4717 305 4769; x_wconf 87' lang='grc' dir='ltr'><strong>ρων</strong></span> <span class='ocrx_word' id='word_1_538' title='bbox 329 4715 347 4730; x_wconf 89' lang='grc'><strong>·</strong></span> <span class='ocrx_word' id='word_1_539' title='bbox 382 4699 493 4750; x_wconf 74' lang='grc' dir='ltr'>εἴτε</span> <span class='ocrx_word' id='word_1_540' title='bbox 530 4699 588 4750; x_wconf 71' lang='grc' dir='ltr'>ὲν</span> <span class='ocrx_word' id='word_1_541' title='bbox 624 4696 853 4766; x_wconf 86' lang='grc' dir='ltr'>σώματι,</span> <span class='ocrx_word' id='word_1_542' title='bbox 888 4697 989 4749; x_wconf 82' lang='grc' dir='ltr'><strong>οὐκ</strong></span> <span class='ocrx_word' id='word_1_543' title='bbox 1026 4693 1162 4757; x_wconf 78' lang='grc' dir='ltr'>οἶδα,</span> <span class='ocrx_word' id='word_1_544' title='bbox 1188 4696 1297 4748; x_wconf 76' lang='grc' dir='ltr'>εἴτε</span> <span class='ocrx_word' id='word_1_545' title='bbox 1342 4696 1498 4757; x_wconf 77' lang='grc' dir='ltr'>ἐκτὸς</span> <span class='ocrx_word' id='word_1_546' title='bbox 1523 4694 1616 4747; x_wconf 78' lang='grc' dir='ltr'>τοῦ</span> <span class='ocrx_word' id='word_1_547' title='bbox 1648 4692 1749 4745; x_wconf 83' lang='grc' dir='ltr'><strong>σώ-</strong></span> 
     </span>
    </p>
   </div>
   <div class='ocr_carea' id='block_1_78' title="bbox 199 4785 1751 4861">
    <p class='ocr_par' dir='ltr' id='par_1_78' title="bbox 199 4785 1751 4861">
     <span class='ocr_line' id='line_1_78' title="bbox 199 4785 1751 4861; baseline -0.005 -17"><span class='ocrx_word' id='word_1_548' title='bbox 199 4808 391 4861; x_wconf 72' lang='grc' dir='ltr'>ματος,</span> <span class='ocrx_word' id='word_1_549' title='bbox 417 4790 516 4848; x_wconf 66' lang='grc' dir='ltr'>οὐκ</span> <span class='ocrx_word' id='word_1_550' title='bbox 545 4785 683 4849; x_wconf 81' lang='grc' dir='ltr'>οἶδα,</span> <span class='ocrx_word' id='word_1_551' title='bbox 708 4791 737 4842; x_wconf 84' lang='grc' dir='ltr'>ὁ</span> <span class='ocrx_word' id='word_1_552' title='bbox 764 4789 896 4851; x_wconf 87' lang='grc' dir='ltr'>Θεὸς</span> <span class='ocrx_word' id='word_1_553' title='bbox 916 4785 1057 4841; x_wconf 79' lang='grc' dir='ltr'>οἶδεν</span> <span class='ocrx_word' id='word_1_554' title='bbox 1074 4802 1089 4817; x_wconf 78' lang='grc'><strong><em>⁸</em></strong></span> <span class='ocrx_word' id='word_1_555' title='bbox 1122 4788 1439 4854; x_wconf 73' lang='grc' dir='ltr'>ἁρπαγέντα</span> <span class='ocrx_word' id='word_1_556' title='bbox 1468 4786 1559 4838; x_wconf 80' lang='grc' dir='ltr'><strong>τὸν</strong></span> <span class='ocrx_word' id='word_1_557' title='bbox 1581 4785 1751 4838; x_wconf 83' lang='grc' dir='ltr'>τοιοῦ-</span> 
     </span>
    </p>
   </div>
   <div class='ocr_carea' id='block_1_79' title="bbox 194 4873 1747 4951">
    <p class='ocr_par' dir='ltr' id='par_1_79' title="bbox 194 4873 1747 4951">
     <span class='ocr_line' id='line_1_79' title="bbox 194 4873 1747 4951; baseline -0.004 -17"><span class='ocrx_word' id='word_1_558' title='bbox 194 4899 285 4934; x_wconf 84' lang='grc' dir='ltr'>τον</span> <span class='ocrx_word' id='word_1_559' title='bbox 313 4881 419 4943; x_wconf 85' lang='grc' dir='ltr'>’ἐως</span> <span class='ocrx_word' id='word_1_560' title='bbox 458 4879 639 4950; x_wconf 86' lang='grc' dir='ltr'>τρίτου</span> <span class='ocrx_word' id='word_1_561' title='bbox 672 4880 923 4951; x_wconf 75' lang='grc' dir='ltr'>οὐρανοῦ.</span> <span class='ocrx_word' id='word_1_562' title='bbox 976 4880 1085 4933; x_wconf 82' lang='grc' dir='ltr'><strong>Καὶ</strong></span> <span class='ocrx_word' id='word_1_563' title='bbox 1113 4873 1229 4931; x_wconf 81' lang='grc' dir='ltr'>οἶδα</span> <span class='ocrx_word' id='word_1_564' title='bbox 1250 4879 1342 4932; x_wconf 86' lang='grc' dir='ltr'><strong>τὸν</strong></span> <span class='ocrx_word' id='word_1_565' title='bbox 1378 4876 1615 4930; x_wconf 84' lang='grc' dir='ltr'>τοιοῦτον</span> <span class='ocrx_word' id='word_1_566' title='bbox 1654 4875 1747 4928; x_wconf 70' lang='grc' dir='ltr'><strong>ἄνν-</strong></span> 
     </span>
    </p>
   </div>
   <div class='ocr_carea' id='block_1_80' title="bbox 195 4969 1751 5045">
    <p class='ocr_par' dir='ltr' id='par_1_80' title="bbox 195 4969 1751 5045">
     <span class='ocr_line' id='line_1_80' title="bbox 195 4969 1751 5045; baseline -0.004 -17"><span class='ocrx_word' id='word_1_567' title='bbox 195 4977 453 5045; x_wconf 84' lang='grc' dir='ltr'>θρωπον·</span> <span class='ocrx_word' id='word_1_568' title='bbox 497 4974 607 5026; x_wconf 85' lang='grc' dir='ltr'>είτε</span> <span class='ocrx_word' id='word_1_569' title='bbox 646 4975 704 5025; x_wconf 78' lang='grc' dir='ltr'>ὲν</span> <span class='ocrx_word' id='word_1_570' title='bbox 744 4972 976 5043; x_wconf 85' lang='grc' dir='ltr'>σώματι,</span> <span class='ocrx_word' id='word_1_571' title='bbox 1022 4971 1129 5024; x_wconf 73' lang='grc' dir='ltr'>εἴτε</span> <span class='ocrx_word' id='word_1_572' title='bbox 1177 4970 1331 5033; x_wconf 79' lang='grc' dir='ltr'>ἐκτὸς</span> <span class='ocrx_word' id='word_1_573' title='bbox 1362 4970 1457 5023; x_wconf 84' lang='grc' dir='ltr'><strong>τοῦ</strong></span> <span class='ocrx_word' id='word_1_574' title='bbox 1503 4969 1751 5040; x_wconf 87' lang='grc' dir='ltr'>σώματος</span> 
     </span>
    </p>
   </div>
   <div class='ocr_carea' id='block_1_81' title="bbox 195 5060 1750 5133">
    <p class='ocr_par' dir='ltr' id='par_1_81' title="bbox 195 5060 1750 5133">
     <span class='ocr_line' id='line_1_81' title="bbox 195 5060 1750 5133; baseline -0.004 -14"><span class='ocrx_word' id='word_1_575' title='bbox 195 5069 295 5120; x_wconf 81' lang='grc' dir='ltr'>οὐκ</span> <span class='ocrx_word' id='word_1_576' title='bbox 332 5061 473 5129; x_wconf 84' lang='grc' dir='ltr'>οἴδα,</span> <span class='ocrx_word' id='word_1_577' title='bbox 501 5066 530 5117; x_wconf 81' lang='grc' dir='ltr'><strong>ὁ</strong></span> <span class='ocrx_word' id='word_1_578' title='bbox 566 5065 698 5127; x_wconf 86' lang='grc' dir='ltr'>Θεὸς</span> <span class='ocrx_word' id='word_1_579' title='bbox 726 5060 866 5117; x_wconf 80' lang='grc' dir='ltr'>οἶδεν</span> <span class='ocrx_word' id='word_1_580' title='bbox 889 5081 903 5093; x_wconf 89' lang='grc'><strong>·</strong></span> <span class='ocrx_word' id='word_1_581' title='bbox 950 5064 1031 5116; x_wconf 87' lang='grc' dir='ltr'><strong>ὅτι</strong></span> <span class='ocrx_word' id='word_1_582' title='bbox 1061 5064 1284 5133; x_wconf 78' lang='grc' dir='ltr'>ἡρπάγη</span> <span class='ocrx_word' id='word_1_583' title='bbox 1332 5065 1411 5126; x_wconf 81' lang='grc' dir='ltr'><strong>είς</strong></span> <span class='ocrx_word' id='word_1_584' title='bbox 1438 5062 1529 5115; x_wconf 89' lang='grc' dir='ltr'><strong>τὸν</strong></span> <span class='ocrx_word' id='word_1_585' title='bbox 1574 5063 1750 5132; x_wconf 87' lang='grc' dir='ltr'>παρά-</span> 
     </span>
    </p>
   </div>
   <div class='ocr_carea' id='block_1_82' title="bbox 196 5153 1752 5226">
    <p class='ocr_par' dir='ltr' id='par_1_82' title="bbox 196 5153 1752 5226">
     <span class='ocr_line' id='line_1_82' title="bbox 196 5153 1752 5226; baseline -0.003 -15"><span class='ocrx_word' id='word_1_586' title='bbox 196 5159 393 5224; x_wconf 88' lang='grc' dir='ltr'>δεισον,</span> <span class='ocrx_word' id='word_1_587' title='bbox 423 5157 513 5209; x_wconf 75' lang='grc' dir='ltr'>καὶ</span> <span class='ocrx_word' id='word_1_588' title='bbox 548 5157 779 5226; x_wconf 73' lang='grc' dir='ltr'>ήκουσεν</span> <span class='ocrx_word' id='word_1_589' title='bbox 804 5156 1019 5226; x_wconf 81' lang='grc' dir='ltr'>άρῤητα</span> <span class='ocrx_word' id='word_1_590' title='bbox 1051 5156 1291 5226; x_wconf 78' lang='grc' dir='ltr'>ῥήματα,</span> <span class='ocrx_word' id='word_1_591' title='bbox 1311 5153 1348 5207; x_wconf 80' lang='grc' dir='ltr'>ἃ</span> <span class='ocrx_word' id='word_1_592' title='bbox 1380 5154 1479 5206; x_wconf 84' lang='grc' dir='ltr'><strong>οὐκ</strong></span> <span class='ocrx_word' id='word_1_593' title='bbox 1520 5153 1637 5216; x_wconf 79' lang='grc' dir='ltr'>ἐξὸν</span> <span class='ocrx_word' id='word_1_594' title='bbox 1659 5155 1752 5207; x_wconf 84' lang='grc' dir='ltr'>άν-</span> 
     </span>
    </p>
   </div>
   <div class='ocr_carea' id='block_1_83' title="bbox 196 5244 1743 5320">
    <p class='ocr_par' dir='ltr' id='par_1_83' title="bbox 196 5244 1743 5320">
     <span class='ocr_line' id='line_1_83' title="bbox 196 5244 1743 5320; baseline -0.004 -17"><span class='ocrx_word' id='word_1_595' title='bbox 196 5249 404 5320; x_wconf 84' lang='grc' dir='ltr'>θρώπῳ</span> <span class='ocrx_word' id='word_1_596' title='bbox 441 5248 688 5317; x_wconf 79' lang='grc' dir='ltr'>λαλῆσαι.</span> <span class='ocrx_word' id='word_1_597' title='bbox 723 5247 892 5317; x_wconf 82' lang='grc' dir='ltr'>’Υπὲρ</span> <span class='ocrx_word' id='word_1_598' title='bbox 924 5244 1020 5299; x_wconf 79' lang='grc' dir='ltr'><strong>τοῦ</strong></span> <span class='ocrx_word' id='word_1_599' title='bbox 1068 5244 1307 5298; x_wconf 88' lang='grc' dir='ltr'>τοιούτου</span> <span class='ocrx_word' id='word_1_600' title='bbox 1359 5247 1703 5313; x_wconf 85' lang='grc' dir='ltr'>καυχήσομαι</span> <span class='ocrx_word' id='word_1_601' title='bbox 1730 5262 1743 5275; x_wconf 74' lang='grc'><strong><em>⁸</em></strong></span> 
     </span>
    </p>
   </div>
   <div class='ocr_carea' id='block_1_84' title="bbox 199 5336 1751 5409">
    <p class='ocr_par' dir='ltr' id='par_1_84' title="bbox 199 5336 1751 5409">
     <span class='ocr_line' id='line_1_84' title="bbox 199 5336 1751 5409; baseline -0.002 -17"><span class='ocrx_word' id='word_1_602' title='bbox 199 5342 339 5409; x_wconf 79' lang='grc' dir='ltr'>ὑπὲρ</span> <span class='ocrx_word' id='word_1_603' title='bbox 369 5339 425 5391; x_wconf 74' lang='grc' dir='ltr'>δὲ</span> <span class='ocrx_word' id='word_1_604' title='bbox 454 5336 690 5408; x_wconf 80' lang='grc' dir='ltr'>ἐμαυτοῦ</span> <span class='ocrx_word' id='word_1_605' title='bbox 712 5338 771 5390; x_wconf 85' lang='grc' dir='ltr'><strong>οὑ</strong></span> <span class='ocrx_word' id='word_1_606' title='bbox 802 5338 1168 5406; x_wconf 82' lang='grc' dir='ltr'>καυχήσομαι,</span> <span class='ocrx_word' id='word_1_607' title='bbox 1195 5336 1245 5387; x_wconf 84' lang='grc' dir='ltr'><strong>εί</strong></span> <span class='ocrx_word' id='word_1_608' title='bbox 1276 5338 1349 5407; x_wconf 74' lang='grc' dir='ltr'>μὴ</span> <span class='ocrx_word' id='word_1_609' title='bbox 1367 5338 1425 5387; x_wconf 83' lang='grc' dir='ltr'>ὲν</span> <span class='ocrx_word' id='word_1_610' title='bbox 1443 5339 1563 5400; x_wconf 88' lang='grc' dir='ltr'>ταῖς</span> <span class='ocrx_word' id='word_1_611' title='bbox 1589 5337 1751 5389; x_wconf 76' lang='grc' dir='ltr'>ἀσθεο</span> 
     </span>
    </p>
   </div>
   <div class='ocr_carea' id='block_1_85' title="bbox 198 5426 1749 5500">
    <p class='ocr_par' dir='ltr' id='par_1_85' title="bbox 198 5426 1749 5500">
     <span class='ocr_line' id='line_1_85' title="bbox 198 5426 1749 5500; baseline -0.002 -17"><span class='ocrx_word' id='word_1_612' title='bbox 198 5432 369 5493; x_wconf 80' lang='grc' dir='ltr'>νείαις</span> <span class='ocrx_word' id='word_1_613' title='bbox 397 5447 520 5500; x_wconf 74' lang='grc' dir='ltr'>μου.</span> <span class='ocrx_word' id='word_1_614' title='bbox 561 5430 687 5481; x_wconf 84' lang='grc' dir='ltr'>Ἐάν</span> <span class='ocrx_word' id='word_1_615' title='bbox 708 5429 817 5497; x_wconf 78' lang='grc' dir='ltr'><strong>γὰρ</strong></span> <span class='ocrx_word' id='word_1_616' title='bbox 845 5427 1057 5498; x_wconf 86' lang='grc' dir='ltr'>θελήσω</span> <span class='ocrx_word' id='word_1_617' title='bbox 1079 5426 1474 5496; x_wconf 86' lang='grc' dir='ltr'>καυχήσασθαι,</span> <span class='ocrx_word' id='word_1_618' title='bbox 1501 5428 1600 5480; x_wconf 85' lang='grc' dir='ltr'>οὐκ</span> <span class='ocrx_word' id='word_1_619' title='bbox 1628 5428 1749 5480; x_wconf 77' lang='grc' dir='ltr'>ἐσο-</span> 
     </span>
    </p>
   </div>
   <div class='ocr_carea' id='block_1_86' title="bbox 202 5519 1751 5594">
    <p class='ocr_par' dir='ltr' id='par_1_86' title="bbox 202 5519 1751 5594">
     <span class='ocr_line' id='line_1_86' title="bbox 202 5519 1751 5594; baseline -0.003 -17"><span class='ocrx_word' id='word_1_620' title='bbox 202 5542 299 5593; x_wconf 70' lang='grc' dir='ltr'>ιιαι</span> <span class='ocrx_word' id='word_1_621' title='bbox 324 5525 534 5594; x_wconf 79' lang='grc' dir='ltr'>ἄφρων.</span> <span class='ocrx_word' id='word_1_622' title='bbox 578 5521 856 5592; x_wconf 79' lang='grc' dir='ltr'>’Δλήθειαν</span> <span class='ocrx_word' id='word_1_623' title='bbox 882 5519 991 5591; x_wconf 83' lang='grc' dir='ltr'><strong>γὰρ</strong></span> <span class='ocrx_word' id='word_1_624' title='bbox 1015 5519 1145 5591; x_wconf 80' lang='grc' dir='ltr'>ἐρῶ.</span> <span class='ocrx_word' id='word_1_625' title='bbox 1179 5520 1432 5591; x_wconf 79' lang='grc' dir='ltr'>Φείδομαι</span> <span class='ocrx_word' id='word_1_626' title='bbox 1458 5521 1534 5585; x_wconf 82' lang='grc' dir='ltr'>δὲ,</span> <span class='ocrx_word' id='word_1_627' title='bbox 1561 5522 1633 5591; x_wconf 86' lang='grc' dir='ltr'><strong>μή</strong></span> <span class='ocrx_word' id='word_1_628' title='bbox 1664 5538 1751 5585; x_wconf 91' lang='grc' dir='ltr'><strong>τις</strong></span> 
     </span>
    </p>
   </div>
   <div class='ocr_carea' id='block_1_87' title="bbox 1847 3231 3407 3311">
    <p class='ocr_par' dir='ltr' id='par_1_87' title="bbox 1847 3231 3407 3311">
     <span class='ocr_line' id='line_1_87' title="bbox 1847 3231 3407 3311; baseline -0.017 -1"><span class='ocrx_word' id='word_1_629' title='bbox 1847 3252 2167 3311; x_wconf 84' lang='lat' dir='ltr'><strong>benedictus</strong></span> <span class='ocrx_word' id='word_1_630' title='bbox 2198 3252 2253 3301; x_wconf 91' lang='lat' dir='ltr'><strong>in</strong></span> <span class='ocrx_word' id='word_1_631' title='bbox 2282 3246 2481 3301; x_wconf 69' lang='lat' dir='ltr'><strong>seacula</strong></span> <span class='ocrx_word' id='word_1_632' title='bbox 2504 3282 2519 3308; x_wconf 90' lang='lat'><strong>,</strong></span> <span class='ocrx_word' id='word_1_633' title='bbox 2549 3242 2648 3296; x_wconf 87' lang='lat' dir='ltr'><strong>scit</strong></span> <span class='ocrx_word' id='word_1_634' title='bbox 2681 3240 2806 3308; x_wconf 82' lang='lat' dir='ltr'><strong>quia</strong></span> <span class='ocrx_word' id='word_1_635' title='bbox 2852 3253 2960 3291; x_wconf 86' lang='lat' dir='ltr'><strong>non</strong></span> <span class='ocrx_word' id='word_1_636' title='bbox 3008 3234 3262 3287; x_wconf 65' lang='lat' dir='ltr'><strong>mentior.</strong></span> <span class='ocrx_word' id='word_1_637' title='bbox 3301 3231 3407 3284; x_wconf 81' lang='lat' dir='ltr'><strong>Da-</strong></span> 
     </span>
    </p>
   </div>
   <div class='ocr_carea' id='block_1_88' title="bbox 1846 3322 3404 3409">
    <p class='ocr_par' dir='ltr' id='par_1_88' title="bbox 1846 3322 3404 3409">
     <span class='ocr_line' id='line_1_88' title="bbox 1846 3322 3404 3409; baseline -0.015 -10"><span class='ocrx_word' id='word_1_638' title='bbox 1846 3344 2016 3399; x_wconf 87' lang='lat' dir='ltr'><strong>tnasci</strong></span> <span class='ocrx_word' id='word_1_639' title='bbox 2058 3338 2386 3409; x_wconf 76' lang='lat' dir='ltr'><strong>praepositus</strong></span> <span class='ocrx_word' id='word_1_640' title='bbox 2417 3333 2597 3406; x_wconf 85' lang='lat' dir='ltr'><strong>gentis</strong></span> <span class='ocrx_word' id='word_1_641' title='bbox 2640 3331 2817 3384; x_wconf 73' lang='lat' dir='ltr'><strong>Aretae</strong></span> <span class='ocrx_word' id='word_1_642' title='bbox 2865 3328 3007 3399; x_wconf 81' lang='lat' dir='ltr'><strong>regis</strong></span> <span class='ocrx_word' id='word_1_643' title='bbox 3054 3322 3404 3380; x_wconf 87' lang='lat' dir='ltr'><strong>custodiebat</strong></span> 
     </span>
    </p>
   </div>
   <div class='ocr_carea' id='block_1_89' title="bbox 1844 3414 3405 3489">
    <p class='ocr_par' dir='ltr' id='par_1_89' title="bbox 1844 3414 3405 3489">
     <span class='ocr_line' id='line_1_89' title="bbox 1844 3414 3405 3489; baseline -0.015 0"><span class='ocrx_word' id='word_1_644' title='bbox 1844 3434 2119 3489; x_wconf 83' lang='lat' dir='ltr'><strong>civitatem</strong></span> <span class='ocrx_word' id='word_1_645' title='bbox 2156 3428 2620 3482; x_wconf 88' lang='lat' dir='ltr'><strong>Damascenorum</strong></span> <span class='ocrx_word' id='word_1_646' title='bbox 2656 3429 2716 3474; x_wconf 91' lang='lat' dir='ltr'><strong>ut</strong></span> <span class='ocrx_word' id='word_1_647' title='bbox 2748 3434 2833 3472; x_wconf 92' lang='lat' dir='ltr'><strong>me</strong></span> <span class='ocrx_word' id='word_1_648' title='bbox 2878 3414 3405 3487; x_wconf 86' lang='lat' dir='ltr'><strong>comprehenderet,</strong></span> 
     </span>
    </p>
   </div>
   <div class='ocr_carea' id='block_1_90' title="bbox 1845 3513 3408 3597">
    <p class='ocr_par' dir='ltr' id='par_1_90' title="bbox 1845 3513 3408 3597">
     <span class='ocr_line' id='line_1_90' title="bbox 1845 3513 3408 3597; baseline -0.014 -16"><span class='ocrx_word' id='word_1_649' title='bbox 1845 3536 1899 3581; x_wconf 88' lang='lat' dir='ltr'><strong>ct</strong></span> <span class='ocrx_word' id='word_1_650' title='bbox 1931 3540 2024 3597; x_wconf 91' lang='lat' dir='ltr'><strong>per</strong></span> <span class='ocrx_word' id='word_1_651' title='bbox 2056 3523 2347 3577; x_wconf 88' lang='lat' dir='ltr'><strong>fenestram</strong></span> <span class='ocrx_word' id='word_1_652' title='bbox 2383 3520 2434 3574; x_wconf 90' lang='lat' dir='ltr'><strong>in</strong></span> <span class='ocrx_word' id='word_1_653' title='bbox 2471 3525 2658 3588; x_wconf 80' lang='lat' dir='ltr'><strong>sporta</strong></span> <span class='ocrx_word' id='word_1_654' title='bbox 2690 3513 2971 3568; x_wconf 89' lang='lat' dir='ltr'><strong>demissus</strong></span> <span class='ocrx_word' id='word_1_655' title='bbox 3004 3524 3123 3565; x_wconf 87' lang='lat' dir='ltr'><strong>sum</strong></span> <span class='ocrx_word' id='word_1_656' title='bbox 3156 3523 3253 3578; x_wconf 87' lang='lat' dir='ltr'><strong>per</strong></span> <span class='ocrx_word' id='word_1_657' title='bbox 3281 3522 3408 3561; x_wconf 82' lang='lat' dir='ltr'><strong>mu-</strong></span> 
     </span>
    </p>
   </div>
   <div class='ocr_carea' id='block_1_91' title="bbox 1847 3608 2819 3685">
    <p class='ocr_par' dir='ltr' id='par_1_91' title="bbox 1847 3608 2819 3685">
     <span class='ocr_line' id='line_1_91' title="bbox 1847 3608 2819 3685; baseline -0.016 -11"><span class='ocrx_word' id='word_1_658' title='bbox 1847 3635 1966 3675; x_wconf 91' lang='lat' dir='ltr'><strong>rum</strong></span> <span class='ocrx_word' id='word_1_659' title='bbox 1986 3659 2003 3685; x_wconf 90' lang='lat'><strong>,</strong></span> <span class='ocrx_word' id='word_1_660' title='bbox 2030 3630 2087 3672; x_wconf 90' lang='lat' dir='ltr'><strong>et</strong></span> <span class='ocrx_word' id='word_1_661' title='bbox 2115 3616 2195 3671; x_wconf 90' lang='lat' dir='ltr'><strong>sic</strong></span> <span class='ocrx_word' id='word_1_662' title='bbox 2225 3613 2376 3669; x_wconf 85' lang='lat' dir='ltr'><strong>evasi</strong></span> <span class='ocrx_word' id='word_1_663' title='bbox 2407 3624 2603 3664; x_wconf 86' lang='lat' dir='ltr'><strong>manus</strong></span> <span class='ocrx_word' id='word_1_664' title='bbox 2631 3608 2774 3676; x_wconf 84' lang='lat' dir='ltr'><strong>ejus.</strong></span> <span class='ocrx_word' id='word_1_665' title='bbox 2800 3625 2819 3657; x_wconf 70' lang='grc' dir='ltr'>ι</span> 
     </span>
    </p>
   </div>
   <div class='ocr_carea' id='block_1_92' title="bbox 2371 3740 2874 3817">
    <p class='ocr_par' dir='ltr' id='par_1_92' title="bbox 2371 3740 2874 3817">
     <span class='ocr_line' id='line_1_92' title="bbox 2371 3740 2874 3817; baseline -0.012 -15"><span class='ocrx_word' id='word_1_666' title='bbox 2371 3746 2526 3817; x_wconf 72' lang='lat'><strong>152</strong></span> <span class='ocrx_word' id='word_1_667' title='bbox 2563 3743 2720 3799; x_wconf 78' lang='lat' dir='ltr'><strong>CAP.</strong></span> <span class='ocrx_word' id='word_1_668' title='bbox 2758 3740 2874 3796; x_wconf 82' lang='lat' dir='ltr'><strong>xu.</strong></span> 
     </span>
    </p>
   </div>
   <div class='ocr_carea' id='block_1_93' title="bbox 1917 3848 3407 3924">
    <p class='ocr_par' dir='ltr' id='par_1_93' title="bbox 1917 3848 3407 3924">
     <span class='ocr_line' id='line_1_93' title="bbox 1917 3848 3407 3924; baseline -0.015 0"><span class='ocrx_word' id='word_1_669' title='bbox 1917 3868 2082 3923; x_wconf 78' lang='lat' dir='ltr'><strong>Vsus.</strong></span> <span class='ocrx_word' id='word_1_670' title='bbox 2126 3867 2178 3919; x_wconf 80' lang='lat' dir='ltr'><strong>t.</strong></span> <span class='ocrx_word' id='word_1_671' title='bbox 2218 3882 2238 3917; x_wconf 85' lang='grc' dir='ltr'>ι</span> <span class='ocrx_word' id='word_1_672' title='bbox 2268 3861 2505 3918; x_wconf 86' lang='lat' dir='ltr'><strong>Gloriari</strong></span> <span class='ocrx_word' id='word_1_673' title='bbox 2539 3876 2673 3916; x_wconf 87' lang='lat' dir='ltr'><strong>sane</strong></span> <span class='ocrx_word' id='word_1_674' title='bbox 2704 3872 2814 3913; x_wconf 85' lang='lat' dir='ltr'><strong>non</strong></span> <span class='ocrx_word' id='word_1_675' title='bbox 2848 3851 3072 3924; x_wconf 81' lang='lat' dir='ltr'><strong>expedit</strong></span> <span class='ocrx_word' id='word_1_676' title='bbox 3103 3848 3234 3905; x_wconf 89' lang='lat' dir='ltr'><strong>mihi</strong></span> <span class='ocrx_word' id='word_1_677' title='bbox 3263 3863 3277 3901; x_wconf 90' lang='lat'><strong>:</strong></span> <span class='ocrx_word' id='word_1_678' title='bbox 3310 3861 3407 3903; x_wconf 79' lang='lat' dir='ltr'><strong>ve-</strong></span> 
     </span>
    </p>
   </div>
   <div class='ocr_carea' id='block_1_94' title="bbox 1848 3938 3370 4015">
    <p class='ocr_par' dir='ltr' id='par_1_94' title="bbox 1848 3938 3370 4015">
     <span class='ocr_line' id='line_1_94' title="bbox 1848 3938 3370 4015; baseline -0.017 -1"><span class='ocrx_word' id='word_1_679' title='bbox 1848 3958 1995 4015; x_wconf 86' lang='lat' dir='ltr'><strong>niam</strong></span> <span class='ocrx_word' id='word_1_680' title='bbox 2021 3962 2201 4010; x_wconf 88' lang='lat' dir='ltr'><strong>autem</strong></span> <span class='ocrx_word' id='word_1_681' title='bbox 2232 3952 2300 4007; x_wconf 89' lang='lat' dir='ltr'><strong>ad</strong></span> <span class='ocrx_word' id='word_1_682' title='bbox 2329 3951 2568 4007; x_wconf 83' lang='lat' dir='ltr'><strong>visiones</strong></span> <span class='ocrx_word' id='word_1_683' title='bbox 2602 3957 2656 4003; x_wconf 91' lang='lat' dir='ltr'><strong>et</strong></span> <span class='ocrx_word' id='word_1_684' title='bbox 2685 3944 3051 4001; x_wconf 83' lang='lat' dir='ltr'><strong>revelationes</strong></span> <span class='ocrx_word' id='word_1_685' title='bbox 3077 3938 3315 3995; x_wconf 87' lang='lat' dir='ltr'><strong>Domini.</strong></span> <span class='ocrx_word' id='word_1_686' title='bbox 3349 3953 3370 3989; x_wconf 75' lang='grc' dir='ltr'><strong>ι</strong></span> 
     </span>
    </p>
   </div>
   <div class='ocr_carea' id='block_1_95' title="bbox 1918 4027 3407 4112">
    <p class='ocr_par' dir='ltr' id='par_1_95' title="bbox 1918 4027 3407 4112">
     <span class='ocr_line' id='line_1_95' title="bbox 1918 4027 3407 4112; baseline -0.014 -10"><span class='ocrx_word' id='word_1_687' title='bbox 1918 4048 2033 4102; x_wconf 87' lang='lat' dir='ltr'><strong>Hoc</strong></span> <span class='ocrx_word' id='word_1_688' title='bbox 2063 4048 2140 4101; x_wconf 92' lang='lat' dir='ltr'><strong>ait</strong></span> <span class='ocrx_word' id='word_1_689' title='bbox 2164 4084 2179 4110; x_wconf 88' lang='lat'><strong>,</strong></span> <span class='ocrx_word' id='word_1_690' title='bbox 2212 4060 2323 4099; x_wconf 92' lang='lat' dir='ltr'><strong>non</strong></span> <span class='ocrx_word' id='word_1_691' title='bbox 2353 4042 2513 4112; x_wconf 88' lang='lat' dir='ltr'><strong>quasi</strong></span> <span class='ocrx_word' id='word_1_692' title='bbox 2546 4039 2681 4093; x_wconf 86' lang='lat' dir='ltr'><strong>nihil</strong></span> <span class='ocrx_word' id='word_1_693' title='bbox 2714 4037 2981 4098; x_wconf 80' lang='lat' dir='ltr'><strong>dixisset.</strong></span> <span class='ocrx_word' id='word_1_694' title='bbox 3027 4032 3122 4088; x_wconf 86' lang='lat' dir='ltr'><strong>sed</strong></span> <span class='ocrx_word' id='word_1_695' title='bbox 3163 4029 3294 4101; x_wconf 84' lang='lat' dir='ltr'><strong>quia</strong></span> <span class='ocrx_word' id='word_1_696' title='bbox 3340 4027 3407 4082; x_wconf 86' lang='lat' dir='ltr'><strong>ad</strong></span> 
     </span>
    </p>
   </div>
   <div class='ocr_carea' id='block_1_96' title="bbox 1848 4120 3407 4210">
    <p class='ocr_par' dir='ltr' id='par_1_96' title="bbox 1848 4120 3407 4210">
     <span class='ocr_line' id='line_1_96' title="bbox 1848 4120 3407 4210; baseline -0.015 -13"><span class='ocrx_word' id='word_1_697' title='bbox 1848 4141 1995 4197; x_wconf 90' lang='lat' dir='ltr'><strong>aliud</strong></span> <span class='ocrx_word' id='word_1_698' title='bbox 2043 4139 2231 4210; x_wconf 69' lang='lat' dir='ltr'><strong>gloriae</strong></span> <span class='ocrx_word' id='word_1_699' title='bbox 2277 4142 2615 4190; x_wconf 90' lang='lat' dir='ltr'><strong>momentum</strong></span> <span class='ocrx_word' id='word_1_700' title='bbox 2666 4129 3004 4185; x_wconf 85' lang='lat' dir='ltr'><strong>transiturus</strong></span> <span class='ocrx_word' id='word_1_701' title='bbox 3053 4131 3213 4202; x_wconf 70' lang='lat' dir='ltr'><strong>erat,</strong></span> <span class='ocrx_word' id='word_1_702' title='bbox 3262 4120 3407 4192; x_wconf 90' lang='lat' dir='ltr'><strong>quod</strong></span> 
     </span>
    </p>
   </div>
   <div class='ocr_carea' id='block_1_97' title="bbox 1850 4211 3408 4303">
    <p class='ocr_par' dir='ltr' id='par_1_97' title="bbox 1850 4211 3408 4303">
     <span class='ocr_line' id='line_1_97' title="bbox 1850 4211 3408 4303; baseline -0.015 -16"><span class='ocrx_word' id='word_1_703' title='bbox 1850 4230 2070 4303; x_wconf 87' lang='lat' dir='ltr'><strong>quidem</strong></span> <span class='ocrx_word' id='word_1_704' title='bbox 2102 4242 2227 4283; x_wconf 86' lang='lat' dir='ltr'><strong>eum</strong></span> <span class='ocrx_word' id='word_1_705' title='bbox 2268 4223 2693 4297; x_wconf 88' lang='lat' dir='ltr'><strong>splendidiorem</strong></span> <span class='ocrx_word' id='word_1_706' title='bbox 2738 4218 2920 4275; x_wconf 78' lang='lat' dir='ltr'><strong>reddit</strong></span> <span class='ocrx_word' id='word_1_707' title='bbox 2950 4224 3004 4271; x_wconf 88' lang='lat' dir='ltr'><strong>et</strong></span> <span class='ocrx_word' id='word_1_708' title='bbox 3034 4211 3408 4285; x_wconf 87' lang='lat' dir='ltr'><strong>insigniorem.</strong></span> 
     </span>
    </p>
   </div>
   <div class='ocr_carea' id='block_1_98' title="bbox 1851 4300 3409 4386">
    <p class='ocr_par' dir='ltr' id='par_1_98' title="bbox 1851 4300 3409 4386">
     <span class='ocr_line' id='line_1_98' title="bbox 1851 4300 3409 4386; baseline -0.017 -9"><span class='ocrx_word' id='word_1_709' title='bbox 1851 4300 1975 4378; x_wconf 66' lang='lat' dir='ltr'><strong>llaec</strong></span> <span class='ocrx_word' id='word_1_710' title='bbox 2005 4328 2187 4375; x_wconf 83' lang='lat' dir='ltr'><strong>autem</strong></span> <span class='ocrx_word' id='word_1_711' title='bbox 2214 4318 2282 4372; x_wconf 88' lang='lat' dir='ltr'><strong>de</strong></span> <span class='ocrx_word' id='word_1_712' title='bbox 2313 4316 2495 4386; x_wconf 84' lang='lat' dir='ltr'><strong>seipso</strong></span> <span class='ocrx_word' id='word_1_713' title='bbox 2524 4319 2755 4375; x_wconf 90' lang='lat' dir='ltr'><strong>narrat,</strong></span> <span class='ocrx_word' id='word_1_714' title='bbox 2787 4308 3046 4365; x_wconf 85' lang='lat' dir='ltr'><strong>erudiens</strong></span> <span class='ocrx_word' id='word_1_715' title='bbox 3074 4304 3198 4361; x_wconf 90' lang='lat' dir='ltr'><strong>illos</strong></span> <span class='ocrx_word' id='word_1_716' title='bbox 3227 4300 3409 4358; x_wconf 85' lang='lat' dir='ltr'><strong>humi-</strong></span> 
     </span>
    </p>
   </div>
   <div class='ocr_carea' id='block_1_99' title="bbox 1854 4391 3405 4470">
    <p class='ocr_par' dir='ltr' id='par_1_99' title="bbox 1854 4391 3405 4470">
     <span class='ocr_line' id='line_1_99' title="bbox 1854 4391 3405 4470; baseline -0.015 -2"><span class='ocrx_word' id='word_1_717' title='bbox 1854 4415 1981 4469; x_wconf 89' lang='lat' dir='ltr'><strong>liter</strong></span> <span class='ocrx_word' id='word_1_718' title='bbox 2010 4410 2230 4467; x_wconf 90' lang='lat' dir='ltr'><strong>semire.</strong></span> <span class='ocrx_word' id='word_1_719' title='bbox 2264 4406 2398 4461; x_wconf 84' lang='lat' dir='ltr'><strong>Nam</strong></span> <span class='ocrx_word' id='word_1_720' title='bbox 2428 4406 2473 4461; x_wconf 88' lang='lat' dir='ltr'><strong>si</strong></span> <span class='ocrx_word' id='word_1_721' title='bbox 2508 4404 2631 4458; x_wconf 89' lang='lat' dir='ltr'><strong>talis</strong></span> <span class='ocrx_word' id='word_1_722' title='bbox 2663 4410 2781 4457; x_wconf 84' lang='lat' dir='ltr'><strong>erat</strong></span> <span class='ocrx_word' id='word_1_723' title='bbox 2806 4400 2899 4470; x_wconf 88' lang='lat' dir='ltr'><strong>qui</strong></span> <span class='ocrx_word' id='word_1_724' title='bbox 2931 4405 3078 4453; x_wconf 85' lang='lat' dir='ltr'><strong>tanta</strong></span> <span class='ocrx_word' id='word_1_725' title='bbox 3105 4395 3222 4450; x_wconf 64' lang='lat' dir='ltr'><strong>hac</strong></span> <span class='ocrx_word' id='word_1_726' title='bbox 3245 4391 3405 4447; x_wconf 83' lang='lat' dir='ltr'><strong>babe-</strong></span> 
     </span>
    </p>
   </div>
   <div class='ocr_carea' id='block_1_100' title="bbox 1782 4488 2983 4585">
    <p class='ocr_par' dir='ltr' id='par_1_100' title="bbox 1782 4488 2983 4585">
     <span class='ocr_line' id='line_1_100' title="bbox 1782 4488 2983 4585; baseline -0.018 -23"><span class='ocrx_word' id='word_1_727' title='bbox 1782 4530 1827 4585; x_wconf 80' lang='grc' dir='ltr'><strong>ι)</strong></span> <span class='ocrx_word' id='word_1_728' title='bbox 1855 4516 1967 4569; x_wconf 90' lang='lat' dir='ltr'><strong>ret,</strong></span> <span class='ocrx_word' id='word_1_729' title='bbox 1994 4501 2124 4573; x_wconf 91' lang='lat' dir='ltr'><strong>quid</strong></span> <span class='ocrx_word' id='word_1_730' title='bbox 2154 4515 2263 4555; x_wconf 92' lang='lat' dir='ltr'><strong>non</strong></span> <span class='ocrx_word' id='word_1_731' title='bbox 2296 4498 2376 4552; x_wconf 90' lang='lat' dir='ltr'><strong>illi</strong></span> <span class='ocrx_word' id='word_1_732' title='bbox 2414 4496 2596 4550; x_wconf 88' lang='lat' dir='ltr'><strong>facere</strong></span> <span class='ocrx_word' id='word_1_733' title='bbox 2622 4488 2983 4547; x_wconf 77' lang='lat' dir='ltr'><strong>debuissent?</strong></span> 
     </span>
    </p>
   </div>
   <div class='ocr_carea' id='block_1_101' title="bbox 1926 4583 3406 4652">
    <p class='ocr_par' dir='ltr' id='par_1_101' title="bbox 1926 4583 3406 4652">
     <span class='ocr_line' id='line_1_101' title="bbox 1926 4583 3406 4652; baseline -0.016 0"><span class='ocrx_word' id='word_1_734' title='bbox 1926 4595 2090 4652; x_wconf 74' lang='lat' dir='ltr'><strong>Vsus.</strong></span> <span class='ocrx_word' id='word_1_735' title='bbox 2130 4594 2252 4648; x_wconf 52' lang='lat'><strong>2&#39;7.</strong></span> <span class='ocrx_word' id='word_1_736' title='bbox 2286 4610 2304 4645; x_wconf 86' lang='grc' dir='ltr'>ι</span> <span class='ocrx_word' id='word_1_737' title='bbox 2338 4591 2465 4646; x_wconf 87' lang='lat' dir='ltr'><strong>Scio</strong></span> <span class='ocrx_word' id='word_1_738' title='bbox 2492 4589 2765 4643; x_wconf 91' lang='lat' dir='ltr'><strong>hominem</strong></span> <span class='ocrx_word' id='word_1_739' title='bbox 2802 4586 2857 4640; x_wconf 94' lang='lat' dir='ltr'><strong>in</strong></span> <span class='ocrx_word' id='word_1_740' title='bbox 2886 4583 3106 4637; x_wconf 76' lang='lat' dir='ltr'><strong>Christo</strong></span> <span class='ocrx_word' id='word_1_741' title='bbox 3148 4586 3277 4634; x_wconf 81' lang='lat' dir='ltr'><strong>ante</strong></span> <span class='ocrx_word' id='word_1_742' title='bbox 3311 4591 3406 4630; x_wconf 88' lang='lat' dir='ltr'><strong>an-</strong></span> 
     </span>
    </p>
   </div>
   <div class='ocr_carea' id='block_1_102' title="bbox 1858 4675 3407 4759">
    <p class='ocr_par' dir='ltr' id='par_1_102' title="bbox 1858 4675 3407 4759">
     <span class='ocr_line' id='line_1_102' title="bbox 1858 4675 3407 4759; baseline -0.018 -12"><span class='ocrx_word' id='word_1_743' title='bbox 1858 4707 1959 4748; x_wconf 90' lang='lat' dir='ltr'><strong>nos</strong></span> <span class='ocrx_word' id='word_1_744' title='bbox 2013 4685 2431 4759; x_wconf 89' lang='lat' dir='ltr'><strong>quatuordecim</strong></span> <span class='ocrx_word' id='word_1_745' title='bbox 2481 4681 2636 4752; x_wconf 87' lang='lat' dir='ltr'><strong>(sive</strong></span> <span class='ocrx_word' id='word_1_746' title='bbox 2680 4683 2734 4733; x_wconf 91' lang='lat' dir='ltr'><strong>in</strong></span> <span class='ocrx_word' id='word_1_747' title='bbox 2781 4690 3051 4747; x_wconf 86' lang='lat' dir='ltr'><strong>corpore,</strong></span> <span class='ocrx_word' id='word_1_748' title='bbox 3098 4675 3214 4727; x_wconf 77' lang='lat' dir='ltr'><strong>sive</strong></span> <span class='ocrx_word' id='word_1_749' title='bbox 3255 4676 3407 4724; x_wconf 81' lang='lat' dir='ltr'><strong>extra</strong></span> 
     </span>
    </p>
   </div>
   <div class='ocr_carea' id='block_1_103' title="bbox 1856 4758 3407 4852">
    <p class='ocr_par' dir='ltr' id='par_1_103' title="bbox 1856 4758 3407 4852">
     <span class='ocr_line' id='line_1_103' title="bbox 1856 4758 3407 4852; baseline -0.016 -15"><span class='ocrx_word' id='word_1_750' title='bbox 1856 4758 2096 4852; x_wconf 82' lang='lat' dir='ltr'><strong>corpus,</strong></span> <span class='ocrx_word' id='word_1_751' title='bbox 2144 4779 2369 4842; x_wconf 84' lang='lat' dir='ltr'><strong>nescio,</strong></span> <span class='ocrx_word' id='word_1_752' title='bbox 2425 4774 2568 4828; x_wconf 87' lang='lat' dir='ltr'><strong>Deus</strong></span> <span class='ocrx_word' id='word_1_753' title='bbox 2619 4771 2799 4841; x_wconf 85' lang='lat' dir='ltr'><strong>scit),</strong></span> <span class='ocrx_word' id='word_1_754' title='bbox 2830 4778 3044 4838; x_wconf 87' lang='lat' dir='ltr'><strong>raptum</strong></span> <span class='ocrx_word' id='word_1_755' title='bbox 3098 4758 3407 4830; x_wconf 75' lang='lat' dir='ltr'><strong>huiusmodi</strong></span> 
     </span>
    </p>
   </div>
   <div class='ocr_carea' id='block_1_104' title="bbox 1858 4854 3408 4944">
    <p class='ocr_par' dir='ltr' id='par_1_104' title="bbox 1858 4854 3408 4944">
     <span class='ocr_line' id='line_1_104' title="bbox 1858 4854 3408 4944; baseline -0.017 -15"><span class='ocrx_word' id='word_1_756' title='bbox 1858 4888 2029 4944; x_wconf 86' lang='lat' dir='ltr'><strong>usque</strong></span> <span class='ocrx_word' id='word_1_757' title='bbox 2057 4870 2123 4924; x_wconf 87' lang='lat' dir='ltr'><strong>ad</strong></span> <span class='ocrx_word' id='word_1_758' title='bbox 2153 4869 2376 4924; x_wconf 89' lang='lat' dir='ltr'><strong>tertium</strong></span> <span class='ocrx_word' id='word_1_759' title='bbox 2411 4867 2630 4921; x_wconf 65' lang='lat' dir='ltr'><strong>caelum.</strong></span> <span class='ocrx_word' id='word_1_760' title='bbox 2685 4862 2749 4915; x_wconf 86' lang='lat' dir='ltr'><strong>Et</strong></span> <span class='ocrx_word' id='word_1_761' title='bbox 2784 4861 2900 4915; x_wconf 92' lang='lat' dir='ltr'><strong>scio</strong></span> <span class='ocrx_word' id='word_1_762' title='bbox 2947 4854 3260 4927; x_wconf 88' lang='lat' dir='ltr'><strong>bujusmodi</strong></span> <span class='ocrx_word' id='word_1_763' title='bbox 3310 4858 3408 4903; x_wconf 86' lang='lat' dir='ltr'><strong>no-</strong></span> 
     </span>
    </p>
   </div>
   <div class='ocr_carea' id='block_1_105' title="bbox 1858 4942 3409 5032">
    <p class='ocr_par' dir='ltr' id='par_1_105' title="bbox 1858 4942 3409 5032">
     <span class='ocr_line' id='line_1_105' title="bbox 1858 4942 3409 5032; baseline -0.017 -11"><span class='ocrx_word' id='word_1_764' title='bbox 1858 4968 2053 5021; x_wconf 88' lang='lat' dir='ltr'><strong>minem</strong></span> <span class='ocrx_word' id='word_1_765' title='bbox 2085 4962 2236 5032; x_wconf 86' lang='lat' dir='ltr'><strong>(sive</strong></span> <span class='ocrx_word' id='word_1_766' title='bbox 2266 4961 2319 5012; x_wconf 92' lang='lat' dir='ltr'><strong>in</strong></span> <span class='ocrx_word' id='word_1_767' title='bbox 2348 4970 2594 5025; x_wconf 88' lang='lat' dir='ltr'><strong>corpore,</strong></span> <span class='ocrx_word' id='word_1_768' title='bbox 2625 4954 2741 5009; x_wconf 82' lang='lat' dir='ltr'><strong>sive</strong></span> <span class='ocrx_word' id='word_1_769' title='bbox 2760 4961 2916 5007; x_wconf 80' lang='lat' dir='ltr'><strong>extra</strong></span> <span class='ocrx_word' id='word_1_770' title='bbox 2943 4962 3167 5018; x_wconf 84' lang='lat' dir='ltr'><strong>corpus.</strong></span> <span class='ocrx_word' id='word_1_771' title='bbox 3198 4942 3409 5009; x_wconf 89' lang='lat' dir='ltr'><strong>nescio,</strong></span> 
     </span>
    </p>
   </div>
   <div class='ocr_carea' id='block_1_106' title="bbox 1857 5037 3491 5124">
    <p class='ocr_par' dir='ltr' id='par_1_106' title="bbox 1857 5037 3491 5124">
     <span class='ocr_line' id='line_1_106' title="bbox 1857 5037 3491 5124; baseline -0.017 -12"><span class='ocrx_word' id='word_1_772' title='bbox 1857 5059 1998 5114; x_wconf 85' lang='lat' dir='ltr'><strong>Deus</strong></span> <span class='ocrx_word' id='word_1_773' title='bbox 2038 5055 2195 5124; x_wconf 86' lang='lat' dir='ltr'><strong>scit),</strong></span> <span class='ocrx_word' id='word_1_774' title='bbox 2229 5050 2484 5122; x_wconf 88' lang='lat' dir='ltr'><strong>quoniatn</strong></span> <span class='ocrx_word' id='word_1_775' title='bbox 2517 5056 2704 5115; x_wconf 89' lang='lat' dir='ltr'><strong>raptus</strong></span> <span class='ocrx_word' id='word_1_776' title='bbox 2749 5052 2834 5099; x_wconf 89' lang='lat' dir='ltr'><strong>est</strong></span> <span class='ocrx_word' id='word_1_777' title='bbox 2864 5043 2919 5096; x_wconf 91' lang='lat' dir='ltr'><strong>in</strong></span> <span class='ocrx_word' id='word_1_778' title='bbox 2971 5037 3325 5111; x_wconf 88' lang='lat' dir='ltr'><strong>paradisum;</strong></span> <span class='ocrx_word' id='word_1_779' title='bbox 3356 5041 3409 5087; x_wconf 87' lang='lat' dir='ltr'><strong>et</strong></span> <span class='ocrx_word' id='word_1_780' title='bbox 3486 5038 3491 5045; x_wconf 80' lang='lat'><strong>‘</strong></span> 
     </span>
    </p>
   </div>
   <div class='ocr_carea' id='block_1_107' title="bbox 1854 5127 3406 5211">
    <p class='ocr_par' dir='ltr' id='par_1_107' title="bbox 1854 5127 3406 5211">
     <span class='ocr_line' id='line_1_107' title="bbox 1854 5127 3406 5211; baseline -0.015 -5"><span class='ocrx_word' id='word_1_781' title='bbox 1854 5150 2060 5206; x_wconf 85' lang='lat' dir='ltr'><strong>audivit</strong></span> <span class='ocrx_word' id='word_1_782' title='bbox 2085 5162 2284 5203; x_wconf 87' lang='lat' dir='ltr'><strong>arcana</strong></span> <span class='ocrx_word' id='word_1_783' title='bbox 2317 5143 2483 5198; x_wconf 90' lang='lat' dir='ltr'><strong>verba</strong></span> <span class='ocrx_word' id='word_1_784' title='bbox 2508 5183 2524 5203; x_wconf 85' lang='lat'><strong>.</strong></span> <span class='ocrx_word' id='word_1_785' title='bbox 2554 5154 2675 5211; x_wconf 63' lang='lat' dir='ltr'><strong>qua’.</strong></span> <span class='ocrx_word' id='word_1_786' title='bbox 2706 5154 2811 5192; x_wconf 92' lang='lat' dir='ltr'><strong>non</strong></span> <span class='ocrx_word' id='word_1_787' title='bbox 2849 5137 2974 5190; x_wconf 86' lang='lat' dir='ltr'><strong>licet</strong></span> <span class='ocrx_word' id='word_1_788' title='bbox 3005 5129 3211 5188; x_wconf 87' lang='lat' dir='ltr'><strong>homini</strong></span> <span class='ocrx_word' id='word_1_789' title='bbox 3236 5127 3406 5198; x_wconf 77' lang='lat' dir='ltr'><strong>loqui.</strong></span> 
     </span>
    </p>
   </div>
   <div class='ocr_carea' id='block_1_108' title="bbox 1856 5222 3406 5307">
    <p class='ocr_par' dir='ltr' id='par_1_108' title="bbox 1856 5222 3406 5307">
     <span class='ocr_line' id='line_1_108' title="bbox 1856 5222 3406 5307; baseline -0.017 -9"><span class='ocrx_word' id='word_1_790' title='bbox 1856 5245 1959 5298; x_wconf 88' lang='lat' dir='ltr'><strong>Pro</strong></span> <span class='ocrx_word' id='word_1_791' title='bbox 1987 5239 2294 5307; x_wconf 78' lang='lat' dir='ltr'><strong>huiusmodi</strong></span> <span class='ocrx_word' id='word_1_792' title='bbox 2327 5235 2611 5307; x_wconf 87' lang='lat' dir='ltr'><strong>gloriabor</strong></span> <span class='ocrx_word' id='word_1_793' title='bbox 2641 5250 2655 5285; x_wconf 91' lang='lat'><strong>:</strong></span> <span class='ocrx_word' id='word_1_794' title='bbox 2687 5246 2784 5300; x_wconf 88' lang='lat' dir='ltr'><strong>pro</strong></span> <span class='ocrx_word' id='word_1_795' title='bbox 2814 5243 2899 5283; x_wconf 86' lang='lat' dir='ltr'><strong>me</strong></span> <span class='ocrx_word' id='word_1_796' title='bbox 2930 5232 3109 5280; x_wconf 88' lang='lat' dir='ltr'><strong>autem</strong></span> <span class='ocrx_word' id='word_1_797' title='bbox 3147 5222 3266 5293; x_wconf 90' lang='lat' dir='ltr'><strong>ipso</strong></span> <span class='ocrx_word' id='word_1_798' title='bbox 3302 5235 3406 5274; x_wconf 92' lang='lat' dir='ltr'><strong>non</strong></span> 
     </span>
    </p>
   </div>
   <div class='ocr_carea' id='block_1_109' title="bbox 1855 5311 3410 5406">
    <p class='ocr_par' dir='ltr' id='par_1_109' title="bbox 1855 5311 3410 5406">
     <span class='ocr_line' id='line_1_109' title="bbox 1855 5311 3410 5406; baseline -0.017 -17"><span class='ocrx_word' id='word_1_799' title='bbox 1855 5334 2147 5406; x_wconf 87' lang='lat' dir='ltr'><strong>gloriabor,</strong></span> <span class='ocrx_word' id='word_1_800' title='bbox 2181 5329 2287 5383; x_wconf 92' lang='lat' dir='ltr'><strong>nisi</strong></span> <span class='ocrx_word' id='word_1_801' title='bbox 2322 5327 2376 5380; x_wconf 90' lang='lat' dir='ltr'><strong>in</strong></span> <span class='ocrx_word' id='word_1_802' title='bbox 2412 5321 2829 5379; x_wconf 81' lang='lat' dir='ltr'><strong>infirmitatibus</strong></span> <span class='ocrx_word' id='word_1_803' title='bbox 2863 5317 3026 5373; x_wconf 89' lang='lat' dir='ltr'><strong>meis.</strong></span> <span class='ocrx_word' id='word_1_804' title='bbox 3055 5313 3190 5369; x_wconf 86' lang='lat' dir='ltr'><strong>Nam</strong></span> <span class='ocrx_word' id='word_1_805' title='bbox 3226 5311 3271 5366; x_wconf 90' lang='lat' dir='ltr'><strong>si</strong></span> <span class='ocrx_word' id='word_1_806' title='bbox 3316 5324 3410 5363; x_wconf 73' lang='grc' dir='ltr'><strong>τοο</strong></span> 
     </span>
    </p>
   </div>
   <div class='ocr_carea' id='block_1_110' title="bbox 1859 5400 3406 5495">
    <p class='ocr_par' dir='ltr' id='par_1_110' title="bbox 1859 5400 3406 5495">
     <span class='ocr_line' id='line_1_110' title="bbox 1859 5400 3406 5495; baseline -0.02 -15"><span class='ocrx_word' id='word_1_807' title='bbox 1859 5429 2010 5480; x_wconf 89' lang='lat' dir='ltr'><strong>luero</strong></span> <span class='ocrx_word' id='word_1_808' title='bbox 2042 5420 2296 5495; x_wconf 89' lang='lat' dir='ltr'><strong>gloriari,</strong></span> <span class='ocrx_word' id='word_1_809' title='bbox 2332 5432 2440 5471; x_wconf 90' lang='lat' dir='ltr'><strong>non</strong></span> <span class='ocrx_word' id='word_1_810' title='bbox 2473 5431 2568 5470; x_wconf 91' lang='lat' dir='ltr'><strong>ero</strong></span> <span class='ocrx_word' id='word_1_811' title='bbox 2605 5411 2897 5483; x_wconf 88' lang='lat' dir='ltr'><strong>insipiens.</strong></span> <span class='ocrx_word' id='word_1_812' title='bbox 2927 5406 3219 5463; x_wconf 82' lang='lat' dir='ltr'><strong>Veritatem</strong></span> <span class='ocrx_word' id='word_1_813' title='bbox 3262 5400 3406 5455; x_wconf 84' lang='lat' dir='ltr'><strong>enim</strong></span> 
     </span>
    </p>
   </div>
   <div class='ocr_carea' id='block_1_111' title="bbox 1858 5498 3408 5577">
    <p class='ocr_par' dir='ltr' id='par_1_111' title="bbox 1858 5498 3408 5577">
     <span class='ocr_line' id='line_1_111' title="bbox 1858 5498 3408 5577; baseline -0.017 -3"><span class='ocrx_word' id='word_1_814' title='bbox 1858 5520 2055 5573; x_wconf 87' lang='lat' dir='ltr'><strong>dicam.</strong></span> <span class='ocrx_word' id='word_1_815' title='bbox 2091 5516 2259 5570; x_wconf 74' lang='lat' dir='ltr'><strong>l’arco</strong></span> <span class='ocrx_word' id='word_1_816' title='bbox 2287 5520 2468 5566; x_wconf 86' lang='lat' dir='ltr'><strong>autem</strong></span> <span class='ocrx_word' id='word_1_817' title='bbox 2496 5549 2511 5575; x_wconf 90' lang='lat'><strong>,</strong></span> <span class='ocrx_word' id='word_1_818' title='bbox 2549 5523 2619 5563; x_wconf 91' lang='lat' dir='ltr'><strong>ne</strong></span> <span class='ocrx_word' id='word_1_819' title='bbox 2648 5506 2778 5577; x_wconf 87' lang='lat' dir='ltr'><strong>quis</strong></span> <span class='ocrx_word' id='word_1_820' title='bbox 2808 5518 2891 5559; x_wconf 80' lang='lat' dir='ltr'><strong>tne</strong></span> <span class='ocrx_word' id='word_1_821' title='bbox 2930 5498 3207 5557; x_wconf 78' lang='lat' dir='ltr'><strong>existimet</strong></span> <span class='ocrx_word' id='word_1_822' title='bbox 3242 5505 3408 5568; x_wconf 82' lang='lat' dir='ltr'><strong>supra</strong></span> 
     </span>
    </p>
   </div>
   <div class='ocr_carea' id='block_1_112' title="bbox 1691 5706 1915 5765">
    <p class='ocr_par' dir='ltr' id='par_1_112' title="bbox 1691 5706 1915 5765">
     <span class='ocr_line' id='line_1_112' title="bbox 1691 5706 1915 5765; baseline 0.004 -4"><span class='ocrx_word' id='word_1_823' title='bbox 1691 5706 1915 5765; x_wconf 77' lang='grc' dir='ltr'><strong>ΝΟΤΑΞ.</strong></span> 
     </span>
    </p>
   </div>
   <div class='ocr_carea' id='block_1_113' title="bbox 262 5805 1928 5896">
    <p class='ocr_par' dir='ltr' id='par_1_113' title="bbox 262 5820 1928 5896">
     <span class='ocr_line' id='line_1_113' title="bbox 262 5820 1928 5896; baseline -0.001 -19"><span class='ocrx_word' id='word_1_824' title='bbox 262 5823 345 5894; x_wconf 78' lang='grc'><strong>(7)</strong></span> <span class='ocrx_word' id='word_1_825' title='bbox 371 5823 429 5881; x_wconf 84' lang='lat' dir='ltr'><strong>In</strong></span> <span class='ocrx_word' id='word_1_826' title='bbox 459 5839 630 5896; x_wconf 87' lang='lat' dir='ltr'><strong>marg.</strong></span> <span class='ocrx_word' id='word_1_827' title='bbox 662 5825 948 5893; x_wconf 75' lang='grc' dir='ltr'>Πενθερὸς</span> <span class='ocrx_word' id='word_1_828' title='bbox 990 5823 1225 5891; x_wconf 76' lang='grc' dir='ltr'>Ἡρώδου</span> <span class='ocrx_word' id='word_1_829' title='bbox 1251 5826 1277 5879; x_wconf 86' lang='grc' dir='ltr'>ὁ</span> <span class='ocrx_word' id='word_1_830' title='bbox 1310 5824 1532 5888; x_wconf 73' lang='grc' dir='ltr'>Ἀρέτας</span> <span class='ocrx_word' id='word_1_831' title='bbox 1560 5820 1732 5883; x_wconf 69' lang='grc' dir='ltr'>οὗτος.</span> <span class='ocrx_word' id='word_1_832' title='bbox 1778 5826 1928 5881; x_wconf 80' lang='lat' dir='ltr'><strong>Socer</strong></span> 
     </span>
    </p>
   </div>
   <div class='ocr_carea' id='block_1_114' title="bbox 997 5805 2663 5896">
    <p class='ocr_par' dir='ltr' id='par_1_114' title="bbox 997 5805 2663 5891">
     <span class='ocr_line' id='line_1_114' title="bbox 997 5805 2663 5891; baseline -0.013 -12"><span class='ocrx_word' id='word_1_833' title='bbox 997 5823 1225 5891; x_wconf 75' lang='grc' dir='ltr'>Ἡρώδου</span> <span class='ocrx_word' id='word_1_834' title='bbox 1251 5826 1277 5879; x_wconf 86' lang='grc' dir='ltr'>ὁ</span> <span class='ocrx_word' id='word_1_835' title='bbox 1310 5824 1532 5888; x_wconf 73' lang='grc' dir='ltr'>Ἀρέτας</span> <span class='ocrx_word' id='word_1_836' title='bbox 1560 5820 1732 5883; x_wconf 69' lang='grc' dir='ltr'>οὗτος.</span> <span class='ocrx_word' id='word_1_837' title='bbox 1778 5826 1933 5881; x_wconf 80' lang='lat' dir='ltr'><strong>Socer</strong></span> <span class='ocrx_word' id='word_1_838' title='bbox 1952 5818 2174 5877; x_wconf 77' lang='lat' dir='ltr'><strong>Herodis</strong></span> <span class='ocrx_word' id='word_1_839' title='bbox 2193 5820 2305 5871; x_wconf 81' lang='lat' dir='ltr'><strong>erat</strong></span> <span class='ocrx_word' id='word_1_840' title='bbox 2328 5811 2515 5867; x_wconf 76' lang='lat' dir='ltr'><strong>Arelas</strong></span> <span class='ocrx_word' id='word_1_841' title='bbox 2550 5805 2663 5859; x_wconf 71' lang='lat' dir='ltr'><strong>itte.</strong></span> 
     </span>
    </p>
   </div>
  </div>
