4218 6448
195 424 298 488 769

1316 426 1393 486 ΙΝ
1426 426 1662 486 EPIST.
1705 424 1802 484 AD
1834 424 2191 486 CORINTH.
2236 429 2313 503 ΙΙ.

3294 426 3397 489 770

272 535 389 589 Ἷνα
427 537 501 609 μή
537 555 620 602 τις
656 540 849 613 νομίσῃ
896 538 1209 610 σωματικὴν
1240 535 1525 589 ἀσθένειαν
1571 536 1748 604 λέγειν
1777 542 1821 595 Α
1915 535 1938 590 Β

1729 554 1748 587 ν
1777 542 1821 595 Α
1915 534 1994 590 Ne
2023 538 2149 605 quis
2185 539 2544 593 arbitraretur
2571 554 2694 595 eum
2730 541 2876 611 loqui
2919 542 2985 595 de
3010 540 3285 610 corporali
3313 541 3395 594 in-

204 627 380 688 αὑτδν,
414 629 508 681 καὶ
536 631 654 683 κατ’
682 629 819 693 εἶδος
854 632 952 701 τὴν
994 629 1276 682 ἀσθένειαν
1304 628 1622 695 διηγήσατο,
1657 628 1746 680 λέ-

204 734 310 784 γων
339 734 355 749 ⁸
400 720 497 771 ἐν
524 721 786 791 ὕϐρεσιν,
823 723 891 775 ἐν
916 720 1212 790 διωγμοῖς,
1246 718 1315 771 ἐν
1340 719 1645 786 ἀνάγκαις,
1682 719 1751 769 ἐν

199 813 634 880 στενοχωρίαις.
684 808 835 876 Εἶδες
885 813 1031 876 ὅπως
1061 809 1221 864 αὑτὸν
1250 810 1343 863 νῦν
1375 808 1745 875 ἀπεκάλυψεν,

195 902 253 955 ὃν
280 900 429 955 εἶπεν
458 905 566 958 ἄνω
596 905 854 967 Σατανᾶν,
884 906 977 957 καὶ
1013 901 1135 971 οὐχὶ
1175 900 1358 971 ἄλγος,
1396 899 1470 963 ὥς
1504 914 1665 967 φασιν
1697 898 1746 948 οἱ

197 996 504 1065 λημῶντες,
537 997 663 1065 περὶ
690 997 786 1067 τὴν
818 994 1063 1066 κεφαλὴν
1091 990 1256 1065 εἶχεν.

274 1190 295 1223 ι
331 1173 494 1224 ὀταν
524 1174 630 1243 γάρ
656 1173 887 1235 ἀσθενῶ.
928 1173 1045 1226 τότε
1076 1172 1296 1236 δυνατός
1327 1174 1459 1241 εἰμι.
1500 1190 1519 1222 ι

268 1262 435 1315 Ἔνθα
463 1264 656 1333 θλίψις,
689 1266 801 1333 ἐκεῖ
836 1266 926 1317 καὶ
956 1266 1321 1335 παράκλησις.
1350 1264 1456 1317 Καὶ
1483 1261 1614 1315 ἔνθα
1644 1279 1747 1315 πα-

198 1352 475 1422 ράκλησις.
509 1337 747 1409 ἐκεὶκαὶ·
784 1355 963 1426 χάρις.
997 1358 1127 1409 Ὅτε
1155 1355 1284 1422 γοῦν
1317 1356 1396 1417 εἰς
1426 1353 1484 1405 τὸ
1535 1354 1746 1422 δεσμω-

194 1446 381 1514 τήριον
408 1445 589 1510 ἔπεσε,
626 1449 750 1500 τότε
790 1447 1078 1518 θαυμαστὰ
1107 1448 1359 1516 ἐποίησεν
1388 1446 1589 1497 ἐκεῖνα.
1621 1444 1746 1495 Ὅτε

195 1534 550 1615 ἐναυάγησεν,
578 1538 672 1589 καὶ
699 1539 779 1598 είς
811 1537 909 1605 τὴν
939 1535 1210 1605 βάρϐαρον
1242 1532 1505 1602 ἐξηνέχθη
1532 1532 1740 1601 χώραν,

193 1625 316 1677 τότε
367 1628 597 1697 μάλιστα
656 1628 937 1697 ἐδοξάσθη.
969 1628 1097 1679 Ὅτε
1145 1630 1223 1688 εἰς
1271 1627 1330 1677 τὸ
1383 1627 1749 1696 δεσμωτήριον

195 1717 432 1787 εἰσῆλθε,
458 1718 579 1771 τότε
600 1720 693 1772 καὶ
724 1717 818 1771 τοῦ
853 1718 1105 1771 δικαστοῦ
1142 1718 1506 1785 περιεγένετο.

1848 627 2125 691 ﬁrmitate,
2161 630 2473 698 singulatim
2522 633 2852 686 inﬁrmitatis
2884 648 3078 703 genera
3109 633 3399 692 enarravit,

1845 716 2077 771 dicendo
2117 738 2131 770 :
2175 716 2242 770 In
2291 721 2663 785 contumeliis,
2728 723 2781 773 in
2833 723 3298 788 persecutionibus.
3346 722 3401 773 in

1845 808 2264 873 necessitatibus,
2321 810 2374 861 in
2424 813 2708 878 angustiis.
2747 810 2911 866 Vides
2945 814 3217 881 quomodo
3259 827 3400 865 nunc

1844 882 1963 952 eum
2006 904 2217 971 relegit,
2250 919 2410 972 quem
2445 912 2601 956 antea
2633 905 2889 959 Satanam
2925 909 3167 971 vocabat,
3199 921 3262 959 ac
3294 921 3400 958 non

1844 992 2085 1045 dolorem
2129 992 2298 1047 fuisse
2338 997 2533 1064 capitis
2566 1012 2675 1065 quo
2710 1004 3021 1060 vexaretur,
3065 1000 3141 1050 uti
3163 996 3400 1067 'quidam

1847 1082 2097 1151 nugaudo
2128 1095 2369 1139 narrant.

1918 1195 1937 1223 ι
1972 1174 2105 1229 Cum
2147 1179 2289 1231 enim
2324 1179 2593 1241 inﬁrmnr,
2629 1188 2759 1233 tunc
2794 1192 2991 1249 potens
3021 1195 3162 1234 sum.
3202 1198 3220 1230 ι

1913 1264 2045 1319 Nam
2078 1269 2167 1322 ubi
2209 1271 2434 1323 obvenit
2469 1271 2714 1331 alllictio,
2756 1273 2909 1325 adest
2958 1280 3012 1324 et
3053 1273 3401 1327 consolatio:

1845 1364 1900 1407 et
1938 1357 2025 1409 ubi
2051 1362 2385 1425 consolatio,
2428 1352 2541 1415 illic
2565 1372 2615 1416 et
2658 1363 2855 1432 gratia.
2887 1361 3116 1428 Quando
3152 1365 3315 1433 igitur
3349 1364 3405 1418 in

1847 1460 2116 1501 carcerem
2143 1452 2429 1518 conjectus
2460 1461 2571 1514 est,
2610 1463 2742 1506 tunc
2772 1453 3118 1506 admirabilia
3151 1454 3241 1506 illa
3278 1468 3405 1525 ges-

1849 1536 1939 1588 sit.
1975 1536 2204 1601 Quando
2260 1541 2600 1612 naufragium
2650 1543 2802 1607 fecit,
2852 1554 2906 1598 et
2958 1546 3009 1598 in
3067 1546 3405 1601 barbaricam

1849 1630 2119 1697 regionem
2158 1629 2481 1698 deportatus
2520 1644 2621 1698 est,
2658 1644 2788 1689 tunc
2824 1637 3197 1705 maximopere
3235 1639 3407 1692 iur-la-

1852 1722 1979 1774 ruit.
2015 1721 2244 1785 Quando
2278 1738 2557 1777 carcerem
2606 1727 2852 1793 intravit,
2880 1736 3011 1783 tunc
3066 1739 3121 1784 et
3164 1730 3407 1798 judicent

1853 1811 2128 1878 superavit
2161 1812 2223 1864 ³⁷.

270 1909 291 1942 ι
330 1892 531 1959 Γέγονα
559 1892 745 1962 ἄφρων
778 1891 1152 1963 καυχώμενος,
1205 1891 1361 1961 ὑμεῖς
1392 1909 1459 1963 με
1511 1892 1747 1962 ἠναγκά-
1779 1876 1820 1931 Β
1923 1876 1936 1926 ἦ

1739 1924 1747 1933 -
1779 1876 1820 1931 Β
1923 1876 2087 1956 Vens.
2122 1902 2300 1957 "-13.
2338 1922 2357 1955 ι
2398 1902 2597 1959 Factus
2628 1919 2750 1959 sum
2783 1906 3048 1974 insipiens
3093 1911 3405 1979 gloriando,

194 2002 345 2038 σατι.
390 1985 528 2053 Ἐγὼ
549 1987 657 2056 γὰρ
687 1985 913 2056 ὤφειλον
940 1987 1031 2054 ὑφ’
1062 1987 1214 2055 ὑμῶν
1238 1986 1607 2041 συνίστασθαι.
1642 1988 1746 2040 Οὑ-

190 2081 279 2134 δέν
310 2080 420 2149 γάρ
440 2081 709 2152 ὑστέρησα
740 2081 848 2134 τῶν
878 2081 1016 2151 ὑπὲρ
1046 2080 1162 2133 λίαν
1201 2080 1531 2145 ἀποστόλων,
1564 2082 1612 2134 εἰ
1654 2081 1749 2135 καὶ

191 2171 347 2224 οὐδέν
385 2173 500 2241 εἰμι
526 2190 539 2203 ·
583 2173 652 2225 τὰ
685 2171 865 2240 μέντοι
900 2175 1101 2242 σημεῖα
1128 2170 1220 2225 τοῦ
1266 2170 1587 2224 Ἀποστόλου
1617 2190 1750 2224 κατ·

191 2262 458 2332 ειργάσθη
508 2266 564 2317 ἐν
602 2264 753 2333 ὑμῖν,
797 2264 857 2316 ἐν
895 2263 1041 2334 πάσῃ
1090 2263 1355 2332 ὑπομονῇ,
1386 2264 1628 2331 σημείοις
1665 2280 1745 2327 τε,

190 2355 288 2407 καὶ
318 2354 528 2424 τέρασι,
550 2354 644 2407 καὶ
675 2354 958 2425 δυνάμεσι.
999 2354 1065 2407 Τί
1095 2354 1204 2425 γάρ
1236 2355 1383 2405 ἐστιν
1410 2354 1438 2405 ὂ
1479 2354 1747 2423 ἡττήθητε

192 2444 335 2513 ὑπὲρ
363 2444 461 2506 τὰς
486 2443 677 2507 λοιπὰς
702 2444 1014 2516 ἐκκλησίας,
1041 2444 1090 2497 εί
1118 2442 1193 2514 μὴ
1221 2443 1301 2495 ὅτι
1352 2442 1511 2507 αὑτὸς
1547 2444 1658 2511 ἐγὼ
1686 2445 1743 2497 οὗ

189 2534 577 2605 κατενάρκησα
598 2535 748 2605 ὑμῶν
769 2553 785 2602 ;
822 2554 841 2587 ι

263 2623 676 2693 ΚαυχὼμειὋς.
697 2624 1026 2695 ’Δπαρτίσας
1048 2628 1104 2681 δὲ
1130 2628 1222 2683 τὸν
1255 2630 1508 2702 περὶτῶν
1535 2629 1746 2683 οἰκείων

191 2711 484 2781 ἐγκωμίων
518 2712 694 2781 λόγον,
722 2714 822 2767 οὑκ
852 2714 981 2786 ἔστη
1018 2717 1178 2788 μέχρι
1206 2719 1397 2773 τούτου
1430 2719 1566 2772 ἀλλὰ
1612 2721 1748 2772 ἁπο-

192 2801 432 2870 λογεῖται
460 2804 639 2869 πάλιν,
671 2807 766 2859 καὶ
786 2808 1113 2880 συγγνώμην
1147 2810 1287 2883 ὑπὲρ
1310 2811 1419 2865 τῶν
1448 2812 1748 2882 εἰρημένων

192 2896 358 2948 αἰτεῖ.
399 2894 597 2966 ’Υμεῖς
627 2898 758 2967 γάρ,
789 2900 971 2967 φησὶν,
1002 2899 1406 2969 ἠναγκάσατε.
1439 2902 1499 2953 Εἰ
1525 2902 1622 2970 μὲν
1643 2902 1748 2973 γὰρ

193 2985 543 3055 καυχώμενος
583 2989 627 3052 ί,
660 2989 754 3041 καὶ
808 2992 1001 3043 ἐκεῖνοι
1048 2990 1124 3061 μὴ
1179 2992 1319 3059 μετὰ
1348 2993 1444 3061 τῆς
1478 2992 1749 3063 ὑμετέρας

195 3075 353 3128 τεῦτο
397 3078 615 3131 ἐποίουν
672 3080 865 3133 ἐκεῖνοι
906 3080 1131 3151 πλάνης,
1160 3084 1259 3136 οὑκ
1299 3084 1364 3137 ἂν
1399 3083 1569 3148 οὕτως
1615 3102 1751 3156 προ-

199 3168 374 3237 ήχθην
410 3172 489 3232 εἰς
518 3170 737 3235 τούτους
770 3174 1000 3241 ἐμαυτὸν
1029 3174 1255 3242 ἀγαγεῖν
1284 3177 1489 3245 λόγους.
1533 3179 1750 3248 Ἐπειδὴ

194 3258 247 3311 δὲ
277 3259 572 3330 ὀλόκληρον
600 3262 923 3321 Ἐκκλησίαν
949 3265 1269 3329 διέφθειρον,
1292 3269 1371 3325 εἰς
1390 3268 1449 3317 τὺ
1476 3270 1752 3337 συμφέρον

197 3350 324 3410 ὑμῖν
351 3343 514 3411 ὁρῶν,
554 3344 904 3415 ἠναγκάσθην
933 3347 1125 3419 ἄφρων
1156 3352 1426 3417 γενέσθαι.

272 3450 290 3473 ο
336 3433 646 3503 Χαρίσασθέ
676 3453 765 3504 μοι
793 3437 890 3506 τὴν
916 3440 1127 3493 ἀδικίαν
1155 3442 1377 3513 ταύτην.
1418 3447 1547 3501 Ἰδοὺ
1571 3451 1751 3520 τρίτον

198 3520 355 3573 τοῦτο
386 3524 617 3591 ἐτοίμως
650 3524 756 3594 ἔχω
781 3526 952 3579 ἐλθεῖν
976 3530 1110 3599 πρὸς
1154 3532 1318 3600 ὑμᾶς,
1366 3537 1459 3587 καὶ
1488 3539 1547 3589 οὑ
1587 3557 1752 3593 κατα-

199 3614 475 3682 ναρκήσω.
516 3615 590 3666 Οὐ
625 3616 732 3685 γὰρ
763 3615 912 3687 ζητῶ
961 3620 1029 3673 τὰ
1076 3621 1250 3690 ὑμῶν,
1290 3624 1424 3678 ἀλλὰ
1454 3626 1595 3694 ὑμᾶς
1628 3646 1642 3659 ο
1690 3631 1751 3682 οὑ

200 3704 304 3774 γάρ
330 3704 534 3773 ὀφείλει
562 3706 632 3759 τὰ
654 3707 823 3762 τέκνα.
858 3713 967 3774 τοῖς
1002 3713 1217 3779 γονεῦσι
1239 3714 1607 3786 θησαυρίζειν,
1638 3720 1753 3773 ἀλλ’

199 3796 247 3847 οἰ
287 3799 462 3862 γονεῖς
493 3800 606 3860 τοῖς
639 3799 868 3863 τέκνοις.
918 3802 1057 3870 Ἐγὼ
1107 3804 1165 3857 δὲ
1211 3805 1403 3875 ἣδιστα
1439 3808 1750 3879 δαπανήσω,

201 3888 289 3938 καὶ
307 3888 822 3960 ἐκδαπανηθήσομαι
846 3893 988 3963 ὑπὲρ
1007 3895 1115 3948 τῶν
1131 3895 1319 3965 ψυχῶν
1354 3898 1527 3967 ὑμῶν,
1570 3900 1620 3951 εἰ
1659 3902 1752 3954 καὶ

198 3977 597 4048 περισσοτέρως
630 3980 774 4049 ὑμᾶς
806 3982 1054 4051 ἀγαπῶν,
1078 3978 1241 4056 ἧττον
1268 3985 1588 4056 ἀγαπῶμαι.
1622 4007 1641 4041 ι

276 4150 583 4221 Ἐγκώμιον
609 4154 832 4210 ἐκείνων
859 4157 1096 4228 τίθησιν,
1124 4160 1179 4213 εί
1204 4178 1266 4230 γε
1309 4163 1524 4217 ἀδικίαν
1546 4165 1751 4220 οἰκείαν

196 4234 334 4293 εἶναι
359 4241 660 4312 νομίζωσι,
676 4246 739 4300 τὸ
768 4249 843 4319 μὴ
867 4250 1261 4314 καταδέξασθαι
1294 4253 1386 4306 τὸν
1429 4255 1751 4310 ’Δπόστολον

196 4329 378 4383 λαϐεῖν
410 4349 463 4385 τι
502 4334 633 4404 παρ’
678 4337 879 4423 αὑτων,
910 4340 1044 4410 μηδὲ
1083 4342 1445 4415 άνασχεθῆναι
1478 4351 1749 4418 τραφῆναι

195 4420 425 4476 ἐκεῖθεν.

1855 2009 1950 2047 vos
1987 2008 2071 2046 me
2116 1997 2391 2065 coegistis.
2430 1996 2542 2066 Ego
2575 1998 2718 2050 cutim
2767 2012 2797 2051 a
2842 1999 2996 2052 vobis
3041 1998 3205 2054 debui
3255 2019 3411 2057 com-

1856 2084 2119 2137 mendari.
2146 2082 2291 2135 Nihil
2321 2084 2465 2138 enim
2510 2084 2688 2138 minus
2720 2084 2793 2137 fui
2827 2088 2894 2138 ab
2923 2085 3015 2149 iis,
3044 2085 3134 2156 qui
3168 2099 3295 2141 sunt
3318 2106 3411 2142 sn-

1856 2188 1949 2241 pra
1981 2173 2198 2225 modum
2230 2174 2466 2242 apostoli
2501 2190 2514 2226 :
2551 2176 2765 2229 tametsi
2797 2176 2931 2229 nihil
2953 2192 3097 2231 sum.
3127 2177 3292 2247 Signa
3327 2188 3409 2232 ta-

1854 2279 1974 2317 men
2009 2265 2241 2333 apostoli
2276 2264 2416 2320 facta
2451 2274 2580 2321 sunt
2614 2266 2666 2319 in
2710 2267 2867 2321 vobis
2892 2309 2905 2333 ,
2938 2269 2990 2321 in
3022 2270 3171 2323 omni
3201 2271 3412 2339 patier-

1854 2354 1945 2417 tia,
1989 2356 2289 2425 signisque,
2344 2364 2401 2410 et
2461 2357 2729 2427 prodigiis
2784 2367 2839 2411 et
2894 2358 3213 2416 virtutibus.
3265 2360 3407 2427 Quid

1851 2449 1992 2501 enim
2061 2456 2187 2511 est,
2247 2449 2389 2518 quod
2446 2449 2626 2503 minus
2684 2449 2988 2515 habuistis,
3041 2468 3151 2522 pra:
3197 2461 3411 2510 metens

1851 2538 2131 2603 Ecclesiis,
2162 2540 2266 2593 nisi
2300 2540 2445 2609 quod
2478 2543 2597 2609 ipse
2636 2555 2741 2594 non
2780 2543 2998 2611 gravavi
3032 2544 3169 2599 vos?
3209 2563 3229 2596 ρ

1923 2628 2235 2692 Cloriando,
2269 2632 2463 2699 inquit.
2498 2631 2770 2687 Absoluto
2800 2641 2982 2687 autem
3019 2638 3085 2689 de
3118 2636 3234 2689 suis
3286 2635 3407 2689 lau-
3492 2675 3497 2685 .

1853 2721 2014 2776 dibus
2060 2738 2334 2785 sermone,
2386 2739 2493 2777 non
2543 2726 2810 2780 hactenus
2845 2726 3018 2788 stetit,
3048 2725 3143 2780 sed
3189 2742 3406 2781 rursum

1858 2814 2293 2870 satisfactionem
2336 2815 2495 2870 oﬂ’ert
2521 2858 2535 2881 ,
2567 2825 2623 2870 et
2655 2818 2868 2871 veniam
2918 2819 3187 2873 dictorum
3231 2829 3405 2890 rogat.

1868 2905 1965 2959 Vos
1997 2908 2156 2971 enim,
2188 2908 2283 2973 ait,
2318 2925 2399 2962 me
2445 2909 2712 2977 coegistis.
2749 2908 2862 2965 Nisi
2898 2913 3044 2965 enim
3080 2911 3157 2965 illi
3194 2927 3413 2982 quoque

1855 2998 2224 3053 ostentatione
2256 3014 2356 3053 sua
2384 3000 2438 3053 in
2459 3016 2703 3055 errorem
2734 3017 2829 3056 vos
2854 3002 3234 3068 adduxissmt,
3266 3019 3415 3058 nun-

1856 3106 2015 3158 quam
2056 3090 2421 3155 admisissem,
2459 3101 2518 3147 ut
2548 3093 2615 3147 de
2662 3108 2747 3146 me
2785 3108 3096 3149 sermonem
3128 3096 3409 3150 inferrem.

1779 3225 1821 3283 ο
1858 3180 2057 3235 Verum
2126 3184 2255 3253 quia
2305 3185 2569 3255 integram
2631 3184 2931 3239 Ecclesiam
2988 3188 3410 3254 labefactarunt,

1851 3280 2077 3325 coactus
2138 3287 2259 3326 sum
2321 3274 2437 3327 lieri
2490 3274 2778 3343 insipiens,
2838 3285 2898 3329 ut
2952 3276 3172 3331 utilitati
3216 3288 3415 3334 vestra:

1851 3361 2218 3415 -.onsulerem.
2871 3346 2877 3359 ’

1928 3472 1947 3504 r
1987 3453 2194 3507 Donate
2245 3455 2373 3509 mihi
2409 3455 2552 3511 hanc
2602 3456 2883 3525 iniuriam.
2934 3457 3121 3529 [νεεδ.
3159 3460 3246 3526 ﬂ,
3297 3459 3413 3536 15.]

1852 3544 1990 3599 Ecce
2036 3547 2203 3600 tertio
2237 3546 2339 3602 hoc
2380 3557 2605 3617 paratus
2661 3564 2781 3603 sum
2830 3551 3017 3605 venire
3055 3552 3123 3605 ad
3172 3569 3305 3615 vos.
3355 3564 3413 3608 et

1852 3647 1958 3685 non
1993 3646 2087 3685 ero
2116 3635 2299 3697 gravis
2320 3636 2499 3691 vobis.
2533 3636 2649 3690 Non
2683 3639 2828 3691 cnim
2859 3655 3045 3709 quaero
3075 3657 3198 3709 quae
3228 3652 3412 3699 vestra

1853 3731 2004 3782 sunt,
2050 3722 2145 3775 sed
2184 3738 2302 3777 vos.
2339 3723 2451 3778 Nec
2498 3726 2645 3780 enim
2690 3728 2889 3782 debent
2938 3730 3034 3784 ﬁlii
3089 3733 3413 3799 parentibus

1852 3812 2243 3874 thesaurizarc,
2276 3815 2367 3869 sed
2404 3826 2666 3886 parentes
2700 3819 2843 3876 ﬁliis.
2883 3819 2993 3890 Ego
3020 3832 3203 3877 autem
3239 3825 3413 3880 liben-

1853 3903 2061 3957 tissime
2086 3905 2417 3973 impendam,
2454 3918 2506 3962 et
2540 3910 2996 3979 superimpendar
3026 3913 3139 3983 ipse
3169 3930 3269 3985 pro
3301 3920 3413 3972 anl-

1852 3991 2044 4046 mabus
2069 3996 2289 4057 vestris,
2320 3996 2445 4051 licet
2472 3998 2846 4056 abundantius
2882 4017 2977 4057 vos
3015 4003 3274 4075 diligens,
3303 4008 3409 4062 mi-

1852 4095 1956 4135 nus
1985 4079 2204 4152 diligar.
2250 4103 2268 4134 ι

1918 4172 1974 4225 ln
2031 4173 2271 4240 ipsorum
2330 4176 2544 4231 laudem
2600 4179 2800 4235 cedere
2860 4191 3070 4250 censet,
3133 4186 3404 4255 siquidem

1852 4262 2116 4332 iniuriam
2163 4266 2485 4322 existiment
2535 4285 2712 4336 suam,
2747 4274 2895 4343 quod
2929 4276 3225 4344 Apostolus
3271 4278 3409 4332 nihil

1851 4354 1919 4407 ab
1965 4354 2099 4423 ipsis
2155 4358 2406 4428 accipere
2452 4362 2731 4423 voluerit,
2793 4378 2895 4417 nec
2964 4365 3292 4420 sustinuerit
3340 4366 3409 4422 ab

1850 4447 1930 4500 eis
1953 4446 2049 4500 ali.

270 4533 289 4565 ι
326 4514 421 4577 Εἰς
450 4514 605 4569 τοῦτο
632 4516 689 4570 δὲ
717 4526 745 4554 ι
777 4519 887 4588 ἐγὼ
926 4521 987 4574 οὑ
1029 4522 1382 4594 κατεϐάρησα
1419 4527 1582 4596 ὑμᾶς,
1616 4529 1751 4583 ἀλλὰ
1780 4549 1827 4606 ι)
1922 4536 1936 4563 ‘

1739 4548 1827 4606 ιι)
1922 4536 2088 4592 Vens.
2140 4536 2331 4594 16-20.
2377 4556 2395 4590 ι
2446 4538 2506 4593 1η
2543 4540 2647 4595 hoc
2690 4548 2868 4595 autem
2901 4557 3004 4614 ego
3044 4559 3152 4598 non
3188 4549 3405 4614 gravavi

197 4604 458 4674 ὑπάρχων
490 4607 802 4679 πανοῦργος
828 4611 962 4681 δόλῳ
986 4612 1130 4683 ὑμᾶς
1150 4615 1364 4673 ἐλαὸον.
1394 4622 1483 4690 Μή
1517 4638 1638 4676 τινα
1675 4617 1750 4677 ὧν

196 4694 517 4748 ἀπέσταλκα
562 4699 697 4769 πρὸς
759 4701 929 4771 ὑμᾶς,
958 4704 1047 4769 ,δι’
1111 4706 1278 4762 αὑτοῦ
1350 4711 1750 4785 ἐπλεονέκτησα

198 4786 374 4853 ὑμᾶς
415 4788 769 4858 Παρεκάλεσα
825 4794 1012 4860 Τίτον,
1056 4798 1151 4850 καὶ
1205 4802 1616 4856 συναπέσταΛκα
1657 4806 1751 4859 τὸν

197 4877 444 4945 ἀδελφόν.
481 4881 572 4951 Μή
610 4898 662 4934 τι
696 4882 1111 4957 ἐπλεονέκτησεν
1143 4889 1282 4959 ὑμᾶς
1334 4891 1533 4960 Τίτος;
1565 4896 1639 4947 Οὑ
1673 4896 1751 4966 τῷ

197 4966 344 5037 αὐτῷ
404 4970 677 5041 πνεύματι
733 4979 1248 5051 περιεπατήσαμεν;
1304 4981 1365 5034 οὑ
1415 4987 1526 5046 τοίς
1570 4985 1749 5049 αὐτοῖς

200 5055 403 5126 ῐχνεσις
432 5061 602 5115 Πάλιν
628 5064 831 5119 δοκεῖτε
861 5070 939 5122 ὅτι
966 5070 1096 5140 ὑμῖν
1130 5072 1575 5144 άπολογοὺμεθα;
1605 5059 1749 5130 Κατ-

200 5149 375 5203 ἐναντι
403 5152 497 5205 τοῦ
526 5153 658 5207 Θεοῦ
694 5157 751 5208 ἐν
791 5160 1009 5231 Χριστῷ
1029 5161 1314 5234 λαλοῦμεν.
1342 5165 1423 5219 Τά
1459 5166 1514 5219 δὲ
1547 5167 1744 5233 πάντα,

201 5242 491 5316 ἀγαπητοὶ,
532 5248 669 5319 ὑπὲρ
698 5250 796 5319 τῆς
823 5254 974 5322 ὑμῶν
998 5256 1304 5328 οἰκοδομῆς.
1340 5258 1610 5331 Φοϐοῦμαι
1640 5263 1747 5333 γάρ

273 5427 311 5455 ¹⁷
358 5430 479 5485 Act.
507 5432 744 5497 xxvut,l
782 5450 904 5503 sqq.

1851 4641 1985 4682 vos:
2019 4627 2113 4682 sed
2154 4628 2312 4699 155
2339 4644 2460 4684 cum
2499 4646 2680 4687 essem
2714 4640 2949 4700 astutus,
2982 4634 3108 4688 dolo
3133 4650 3226 4690 vos
3262 4638 3405 4706 cepi.

1852 4716 2105 4788 Nunquid
2141 4735 2237 4788 per
2270 4722 2504 4790 aliquem
2554 4739 2746 4777 eorum
2794 4740 2935 4794 quos
2985 4728 3109 4781 misi
3159 4728 3225 4780 ad
3275 4743 3404 4793 vos,

1852 4810 2185 4864 circumveni
2212 4812 2589 4884 vosYRogavi
2637 4814 2843 4880 Titum,
2888 4824 2942 4871 et
2971 4820 3095 4874 misi
3145 4835 3269 4874 cum
3312 4822 3406 4875 illo

1853 4900 2094 4955 fratrem.
2145 4902 2400 4972 Nunquid
2437 4922 2537 4961 vos
2576 4906 2735 4962 Titus
2782 4908 3183 4965 circumvenit?
3222 4927 3407 4967 nonne

1853 4992 2040 5044 eodem
2069 4994 2264 5061 spiritu
2301 4996 2738 5053 ambulavimus?
2782 4998 2973 5056 Nonne
3015 5002 3209 5069 iisdem
3240 5004 3407 5057 vesti-

1852 5081 1996 5152 giis?
2030 5081 2270 5139 Rursum
2301 5089 2511 5156 putatis
2556 5092 2701 5158 quod
2742 5107 3066 5148 excusemus
3106 5108 3207 5149 nos
3261 5096 3403 5165 apud

1854 5174 2008 5229 vos?
2067 5176 2265 5231 Coram
2314 5178 2426 5234 Deo
2478 5180 2536 5235 in
2592 5181 2814 5236 Christo
2863 5184 3156 5253 loquimur.
3208 5183 3403 5242 Omnia

1853 5274 2052 5331 autem,
2084 5269 2417 5337 charissimi,
2454 5282 2676 5343 propter
2699 5274 3114 5333 aediﬁcationem
3141 5284 3399 5340 vestram.

1474 5600 1706 5658 VARUS
1750 5605 2151 5666 LECTIONES.

311 5739 344 5777 ί·
368 5737 653 5812 Chrysa“.
681 5742 1008 5815 ἐκαυχῶντο,
1038 5750 1171 5804 alias
1196 5751 1401 5819 legero,
1426 5753 1789 5820 καυχώμενοι.
1860 5772 1883 5798 ιι
1913 5759 2082 5816 Codd.
2114 5769 2165 5817 et
2195 5761 2315 5816 libri
2356 5777 2566 5823 ornuss.
2586 5762 2723 5818 ἔστω
2757 5764 2836 5820 δέ.
