4218 6448
804 423 905 490 771

1977 427 2037 502 S.
2075 424 2391 488 JOANNIS
2449 425 2877 485 DAMASCENI

3909 434 4020 498 172

804 549 1000 604 Timeo
1029 550 1173 603 enim
1227 565 1295 603 nc
1343 549 1506 616 forte,
1551 565 1676 605 cum
1727 565 1948 611 venero.
2006 563 2117 604 non
2166 543 2357 613 quales
2385 547 2470 612 Al

2351 547 2432 602 ιΑ
2461 543 2658 612 μήπως
2695 543 2900 604 ἐλθὼν,
2949 545 3046 611 οὐχ
3099 544 3242 606 οἵους
3286 543 3425 597 θέλω
3471 542 3617 614 εῦρω
3649 546 3811 618 ὑμᾶς,
3861 550 4017 616 κάγὼ

803 641 952 704 volo,
988 641 1260 695 inveniam
1291 656 1390 696 vos
1419 661 1432 695 :
1466 652 1520 697 et
1555 658 1654 713 ego
1699 643 1949 697 inveniar
1973 656 2004 694 a
2037 639 2192 694 vobis
2221 648 2361 705 qua-

805 731 911 785 lem
943 746 1050 783 non
1083 728 1269 783 vultis.
1301 749 1319 780 ι

873 818 1081 872 Dixerit
1135 818 1321 874 forsan
1367 821 1590 889 aliquis.
1634 820 1841 876 idcirco
1890 835 1978 875 me
2018 817 2155 873 nihil
2202 829 2363 869 acce-

806 909 972 980 pisse,
1001 910 1132 980 quia
1161 926 1269 965 non
1300 913 1569 980 postulavi
1602 930 1616 966 :
1649 919 1909 966 caeterum
1953 917 2208 964 versutus
2237 922 2363 959 cum

806 1017 1008 1064 essem,
1059 1001 1352 1056 adornatos
1383 1017 1413 1054 a
1445 1017 1531 1056 me
1566 1001 1838 1072 quosdam
1861 1041 1879 1065 ,
1931 1015 2076 1070 quos
2120 997 2364 1053 miserim

807 1106 928 1160 ego.
961 1108 1063 1146 suo
1093 1093 1286 1146 saltem
1332 1093 1553 1148 nomine
1588 1096 1855 1164 petituros
1886 1108 1915 1146 a
1960 1091 2138 1156 vobis,
2189 1100 2249 1144 ut
2275 1104 2368 1142 eo-

809 1197 931 1234 rum
975 1183 1227 1236 manibus
1251 1183 1594 1253 accipiendo,
1628 1185 1696 1238 ab
1723 1185 1981 1254 opinione
2010 1190 2244 1251 recepta
2277 1195 2368 1248 pc-

808 1275 984 1327 cnni:e
1018 1275 1315 1328 immunem
1349 1290 1436 1330 me
1476 1286 1831 1330 ostentarem.
1868 1279 1939 1330 At
1975 1292 2041 1330 ne
2074 1275 2175 1327 hoc
2201 1271 2364 1326 etiam

809 1365 1047 1429 obiicere
1079 1367 1350 1435 quispiam
1383 1369 1591 1437 possit;
1625 1381 1833 1438 vosque
1873 1370 1977 1438 ipsi
2016 1365 2178 1435 hujus
2199 1370 2367 1416 testes

809 1457 965 1510 estis.
1004 1455 1200 1510 Eodem
1235 1475 1398 1528 porro
1437 1460 1646 1526 spiritu,
1682 1460 1780 1523 ait,
1823 1460 1941 1515 sive
1971 1458 2160 1512 eadem
2193 1455 2367 1507 animi

809 1547 1160 1612 inductione,
1226 1551 1340 1604 sive
1417 1550 1604 1604 eadem
1667 1551 1856 1620 gratiae
1929 1545 2367 1608 ministratione;

807 1639 935 1706 quia
981 1641 1320 1696 consimilem
1345 1643 1537 1711 agendi
1564 1643 1828 1697 rationem
1863 1639 2100 1709 Splritus
2146 1637 2373 1692 donavit

807 1733 990 1789 nobis.

887 1847 904 1877 ι
949 1829 1024 1884 Ne
1055 1829 1194 1883 forte
1225 1829 1637 1886 contentiones.
1671 1824 2068 1889 aemulationes,
2105 1823 2368 1880 animosi-

807 1925 986 1983 tates,
1044 1920 1416 1973 dissensiones
1447 1958 1463 1982 ,
1542 1917 1951 1979 detractiones.
2031 1914 2368 1971 susurratio-

809 2027 926 2070 nes.
947 2009 1276 2067 inﬂationes.
1297 2007 1599 2063 seditiones
1616 2007 1882 2060 sintinter
1901 2023 2000 2060 vos
2025 2025 2038 2060 :
2062 2005 2259 2078 [νεεδ.
2273 2004 2365 2076 2|]

809 2117 875 2154 ne
919 2102 1114 2155 iterum
1163 2116 1288 2156 cum
1333 2115 1576 2164 venero,
1619 2099 1872 2155 liumiliet
1920 2114 2005 2154 me
2043 2099 2190 2154 Deus
2221 2097 2367 2168 apud

809 2205 926 2243 VOS.
987 2209 1006 2240 1

879 2281 934 2336 Id
965 2281 1111 2352 quod
1142 2281 1317 2351 primo
1349 2283 1471 2336 loco
1499 2297 1703 2352 ponere
1734 2283 1992 2347 debebat,
2026 2282 2131 2338 hoc
2152 2289 2368 2354 postre-

808 2390 899 2428 mo
923 2377 1192 2440 collocat,
1243 2375 1577 2429 inﬂationem
1636 2376 1926 2430 nimirum.
1987 2375 2202 2429 Etenim
2270 2376 2370 2428 ad-

807 2482 1003 2520 versus
1048 2467 1226 2535 ipsum
1261 2475 1583 2536 arrogantes
1613 2473 1795 2519 erant.
1846 2465 1923 2520 Ne
1953 2481 2086 2534 ergo
2117 2465 2370 2520 videatur

811 2557 866 2610 in
902 2557 1095 2626 primis
1121 2558 1409 2610 commodo
1438 2573 1541 2613 suo
1573 2562 1824 2618 studere.
1853 2559 1920 2612 de
1945 2557 2224 2612 communi
2255 2566 2370 2613 sta-

809 2649 904 2700 tim
947 2649 1207 2718 loquitur.
1253 2649 1540 2704 Enimvero
1587 2650 1773 2704 istltazc
1803 2651 1982 2705 omnia
2023 2665 2088 2703 ex
2132 2649 2378 2705 inviden-

809 2740 884 2794 tia
921 2741 1311 2806 nascebantur,
1374 2749 1504 2812 puta
1557 2741 1866 2806 calumniae,
1932 2740 2369 2806 criminationes,

809 2830 1064 2886 dissidia.

888 2939 907 2972 ι
945 2917 1009 2974 Ει
1055 2920 1268 2990 lugeam
1298 2920 1502 2975 multos
1551 2935 1616 2975 ex
1670 2920 1738 2974 iis
1790 2920 1885 2989 qui
1933 2927 2060 2974 ante
2110 2933 2374 2989 peccave-

810 3018 964 3074 rant,
1012 3017 1069 3064 et
1100 3026 1209 3063 non
1238 3016 1474 3079 egerunt
1504 3007 1883 3077 paenitentiam
1930 3022 2100 3075 super
2131 3007 2372 3061 immun-

811 3099 970 3164 ditia,
995 3109 1050 3156 et
1078 3099 1462 3162 fornicatione,
1487 3106 1543 3153 et
1571 3097 1935 3168 impudicitia,
1993 3111 2157 3167 quam
2182 3109 2372 3162 gesse-

813 3199 961 3244 runt.
1026 3209 1046 3242 δ

883 3281 1002 3334 Non
1051 3279 1191 3334 dixit
1233 3293 1449 3341 omnes,
1498 3277 1596 3332 sed
1639 3281 1838 3332 multos
1874 3293 1894 3332 :
1941 3279 2072 3345 quin
2106 3293 2208 3329 nec
2246 3277 2372 3332 illos

814 3375 1076 3438 declarat,
1109 3379 1170 3424 ut
1199 3369 1414 3423 facilem
1444 3368 1580 3438 ipsis
1603 3368 1871 3437 praeberet
1901 3365 2137 3422 reditum
2167 3363 2233 3419 ad
2257 3377 2373 3435 pa:-

817 3464 1132 3521 nitentiam.

1424 3592 1580 3648 CAP.
1617 3587 1753 3645 XIII.

885 3712 1054 3769 Vsus.
1092 3711 1145 3764 i.
1193 3727 1212 3760 ι
1250 3707 1389 3763 Ecce
1413 3705 1579 3761 tertio
1617 3704 1720 3759 hoc
1745 3701 1908 3758 venio
1933 3702 2000 3755 ad
2027 3717 2146 3758 vos.
2177 3720 2194 3752 I

893 3802 1153 3861 Ostendit
1185 3817 1244 3856 se
1295 3799 1527 3854 multum
1557 3811 1680 3851 esse
1707 3809 1772 3849 ac
1798 3793 2264 3850 vehementiorem
2321 3792 2375 3846 in

819 3893 1358 3956 denuntiationibus,
1383 3888 1689 3961 segniorem
1724 3901 1854 3942 vero
1893 3895 1948 3940 ct
1997 3893 2376 3940 cunctatorem

819 3992 879 4047 in
911 3985 1255 4057 castigando.
1277 4055 1289 4074 ι

896 4102 916 4134 v
952 4083 1011 4136 in
1062 4094 1158 4135 ore
1197 4069 1434 4132 duorum
1460 4081 1518 4130 et
1557 4072 1723 4128 trium
1753 4071 1982 4127 testium
2011 4069 2182 4126 stabit
2216 4084 2381 4126 omne

817 4173 1070 4228 verbum.
1105 4167 1294 4241 [γεκε.
1343 4163 1429 4236 2.]
1469 4163 1738 4228 Prmdixi,
1780 4171 1836 4218 et
1883 4161 2122 4233 praedico
2149 4170 2210 4215 ut
2239 4175 2380 4230 prae-

818 4277 970 4328 sens,
1002 4259 1240 4316 secunda
1273 4258 1378 4311 bac
1405 4254 1547 4316 vice,
1579 4261 1636 4309 et
1677 4267 1828 4307 nunc
1858 4251 2062 4307 absens
2088 4249 2278 4306 scribo
2308 4250 2378 4305 iis

817 4353 912 4425 qui
941 4359 1070 4407 ante
1097 4353 1484 4420 peccaverunt,
1508 4351 1566 4398 et
1586 4343 1804 4400 ceteris
1832 4342 2108 4397 omnibus.
2146 4359 2167 4392 ι

890 4441 1138 4498 Testium
1185 4440 1306 4493 loco
1335 4436 1605 4491 adventus
1639 4449 1777 4490 suos
1805 4434 1980 4503 ponit.
2011 4447 2253 4503 suasque
2279 4431 2381 4488 de-

2398 3223 2446 3282 ϐ

2464 634 2671 704 εὑρεθῶ
2698 635 2827 705 ὑμῖν
2850 631 2961 687 οἷον
2998 634 3060 686 οὐ
3084 634 3285 688 θέλετε.
3329 655 3349 687 ι

2537 810 2679 880 ’Λρα
2709 809 2824 880 ἔχει
2846 827 2937 874 τις
2981 810 3175 875 εἰπεῖν,
3205 810 3282 875 ὡς
3317 811 3461 880 Ἐγὼ
3487 813 3588 882 μὲν
3614 813 3713 867 οὐκ
3737 815 3914 886 ᾐτησά
3939 834 4014 879 τι,

2463 904 2584 955 οὐδὲ
2627 902 2820 955 ἔλαϐον
2853 918 2868 931 ·
2907 903 3220 974 πανοῦργος
3258 903 3316 956 δὲ
3347 905 3444 968 ὢν,
3477 906 3865 976 παρεσκεύασα
3886 910 4016 971 τοὺς

2467 997 2557 1049 ὑπ’
2583 993 2717 1065 ἐμοῦ
2742 995 3146 1058 ἀποσταλέντας
3162 998 3243 1059 εἱς
3268 997 3470 1051 οἰκεῖον
3488 999 3778 1068 πρόσωπον
3796 999 4020 1068 αίτῆσαί

2464 1107 2518 1141 τι
2551 1088 2681 1155 παρ’
2709 1087 2878 1156 ὑμῶν.
2911 1088 3022 1140 Kal.
3051 1089 3118 1141 δι’
3148 1088 3372 1142 ἐκείνων
3397 1091 3557 1153 αὐτὸς
3591 1091 3700 1158 ἐγὼ
3727 1092 4018 1162 ἐδεξάμην,

2463 1177 2560 1231 τοῦ
2585 1179 2761 1232 δοκεῖν
2787 1179 3065 1248 εἰληφέναι
3083 1181 3189 1246 ἔξω
3216 1181 3451 1251 ἐμαυτὸν
3496 1182 3685 1245 τιθείς.
3711 1182 3853 1236 Ἀλλ’
3895 1184 4021 1236 οὐδὲ

2465 1270 2622 1323 τοῦτο
2640 1270 2753 1340 ἔχοι
2778 1288 2863 1335 τις
2883 1273 2950 1325 ἂν
2970 1273 3163 1336 εἰπεῖν,
3196 1274 3291 1328 καὶ
3322 1275 3596 1344 μάρτυρες
3628 1275 3802 1344 ὑμεῖς.
3853 1274 3937 1340 Τῷ
3964 1275 4022 1327 δὲ

2467 1362 2627 1428 αὐτῷ
2659 1363 2970 1432 πνεύματι,
2999 1365 3033 1435 ἢ
3059 1367 3125 1436 τῇ
3159 1366 3296 1436 αὐτῇ
3339 1367 3658 1438 προαιρέσει
3691 1368 3864 1434 λέγει,
3886 1368 3920 1436 ἢ
3952 1371 4022 1437 τῇ

2467 1455 2602 1524 αὐτῇ
2630 1454 2874 1525 διακονίᾳ
2895 1456 2994 1526 τῆς
3011 1456 3250 1528 χάριτος,
3269 1457 3352 1510 ὅτι
3368 1458 3562 1528 ὁμοίαν
3577 1460 3708 1530 ἡμῖν
3722 1459 3782 1511 τὸ
3803 1458 4026 1528 Πνεῦμα

2468 1545 2745 1600 πολιτείαν
2771 1547 3085 1618 ἐχαρίσατο.

2546 1828 2564 1860 ι
2599 1809 2815 1878 Μήπως
2854 1812 3022 1879 ἕρεις,
3050 1809 3230 1880 ζῆλος,
3274 1811 3471 1882 θυμοι,
3497 1813 3747 1883 ἒριθεῖαι,
3790 1818 4032 1868 καταλα-

2469 1898 2602 1963 λιαὶ,
2626 1897 2968 1970 ψιθυρισμοὶ,
2999 1900 3317 1970 φυσιώσεις,
3345 1903 3742 1958 ἀκαταστασίαι
3771 1920 3787 1934 ο
3813 1905 3888 1976 μὴ
3918 1906 4038 1959 πά-

2467 1991 2552 2046 λιν
2609 1991 2949 2062 παρελθόντα
2999 2011 3067 2064 με
3109 1991 3422 2065 ταπεινώσῃ
3468 1995 3498 2046 ὁ
3550 1995 3682 2059 Θεός
3733 2015 3834 2066 μου
3889 1996 4036 2067 πρὸς

2469 2082 2632 2152 ὑμᾶς.
2671 2102 2692 2135 ι

2544 2261 2611 2314 Ὃ
2640 2260 2857 2330 πρῶτον
2885 2259 3109 2332 ἔμελλεν
3146 2261 3340 2330 θεῖναι,
3368 2263 3431 2316 τὸ
3452 2264 3593 2318 κατὰ
3613 2263 3713 2334 τὴν
3742 2265 4037 2332 φυσίωσιν,

2466 2349 2624 2403 τοῦτο
2661 2349 2887 2421 ὕστερον
2906 2350 3110 2421 τίθησι.
3139 2354 3274 2406 Κατ’
3309 2354 3475 2406 αὐτοῦ
3505 2356 3614 2424 γὰρ
3644 2353 3973 2408 ἀπενοοῦντο
4007 2368 4024 2381 ⁸

2469 2443 2557 2497 ἵνα
2580 2437 2672 2496 οὖν
2708 2443 2783 2514 μὴ
2813 2443 2938 2515 δόξῃ
2969 2445 3396 2516 προηγουμένως
3420 2445 3483 2500 τὸ
3509 2446 3706 2501 ἑαυτοῦ
3738 2447 3941 2518 ζητεῖν,
3965 2446 4032 2499 τὺ

2471 2537 2648 2590 κοινὸν
2667 2537 2814 2605 λέγει
2847 2537 3084 2610 πρῶτον.
3116 2539 3303 2593 Ταῦτα
3331 2541 3440 2612 γὰρ
3477 2541 3659 2595 ’,πάντα
3690 2542 3799 2595 ἀπὸ
3819 2542 4033 2612 βασκα-

2471 2630 2590 2693 νίας
2637 2629 2933 2698 ὲτίκτοντο,
2979 2633 3037 2686 αἱ
3067 2631 3331 2702 διαϐολαὶ,
3366 2634 3423 2688 αι
3467 2635 3813 2708 κατηγορίαι,
3840 2637 3894 2687 αἱ
3915 2635 4039 2688 δια-

2476 2740 2714 2787 στασεις.

2552 2919 2572 2955 t
2609 2901 2717 2954 Καὶ
2770 2906 3024 2974 πενθησω
3072 2905 3300 2968 πολλοὺς
3345 2906 3455 2959 τῶν
3499 2906 4038 2978 προημαρτηκότων,

2474 2992 2570 3045 καὶ
2601 2992 2676 3062 μὴ
2708 2993 3159 3065 μετανοησάντων
3186 2997 3280 3049 ἐπὶ
3311 2999 3380 3068 τῇ
3413 2997 3743 3070 ἀκαθαρσίᾳ,
3774 3001 3870 3053 καὶ
3897 3015 4040 3067 stop-

2474 3083 2614 3148 νεία,
2640 3082 2735 3135 καὶ
2757 3079 3070 3157 ἀσελγείᾳῇ
3103 3083 3368 3155 ἔπραξαν.
3415 3105 3435 3139 ι

2545 3263 2659 3316 Οὐκ
2690 3259 2809 3316 εἷπε
2837 3264 3067 3331 πάντας,
3105 3267 3239 3322 ἀλλὰ
3271 3272 3541 3338 πολλούς
3570 3287 3586 3304 ο
3621 3272 3718 3327 καὶ
3760 3272 3878 3325 οὐδὲ
3905 3274 4029 3324 τοὺ-

2471 3366 2599 3411 τους
2624 3355 2765 3401 ποιεῖ
2783 3352 3067 3420 φανεροὺς,
3101 3351 3277 3415 διδοὺς
3314 3353 3504 3424 ῥᾳδίαν
3547 3354 3732 3417 αὐτοῖς
3761 3362 3859 3424 τὴν
3897 3363 4032 3423 πρὸς

2472 3440 2574 3512 τὴν
2608 3440 2895 3512 μετάνοιαν
2914 3443 3189 3498 ἐπάνοδον.

3055 3579 3304 3635 ΚΕΦΑΔ.
3355 3579 3452 3635 ll".

2551 3712 2571 3746 t
2613 3691 2745 3747 Ἰδοὺ
2766 3691 2923 3746 τοῦτο
2960 3692 3145 3764 τρίτον
3165 3692 3396 3764 ἔρχομαι
3424 3692 3560 3763 πρὸς
3599 3692 3764 3764 ὑμᾶς.
3799 3711 3819 3744 s

2551 3784 2798 3837 Δείκνυσι
2829 3784 2998 3838 πολὺν
3028 3785 3129 3854 μὲν
3161 3786 3221 3837 ὲν
3258 3788 3381 3858 ταῖς
3424 3784 3820 3855 παραγγελίαις
3845 3784 4039 3838 ἑαυτὸν

2478 3874 2608 3927 ὂντα
2632 3875 2726 3927 καὶ
2753 3871 3144 3947 σφοδρότερον,⁶
3179 3875 3412 3952 ὀκνηρὸν
3439 3875 3497 3929 δὲ
3551 3876 3646 3929 καὶ
3676 3875 3944 3947 μελλητὴν
3977 3877 4039 3928 ὲν

2477 3966 2598 4028 ταῖς
2634 3963 2945 4034 τιμωρίαις.

2556 4075 2576 4108 t
2615 4053 2739 4108 Ἐπὶ
2770 4057 3036 4126 στόματος
3064 4055 3156 4108 δύο
3189 4055 3480 4125 μαρτύρων
3506 4056 3600 4109 καὶ
3621 4056 3809 4127 τριῶν,
3844 4060 4040 4126 σταθή-

2486 4166 2637 4204 σεται
2661 4149 2770 4202 πᾶν
2797 4148 2966 4220 ῥῆμα.
2996 4146 3328 4218 Προείρηκα,
3346 4149 3440 4200 καὶ
3469 4148 3717 4220 προλέγω
3737 4149 3814 4212 ὡς
3847 4151 4036 4222 παρὼν

2483 4243 2546 4296 τὸ
2573 4242 2845 4312 δεύτερον,
2873 4241 2968 4295 καὶ
2995 4240 3149 4293 ἀπὼν
3179 4239 3273 4292 νῦν
3300 4239 3498 4312 γράφω
3530 4243 3644 4304 τοῖς
3674 4258 4036 4312 προημαρτη-

2483 4333 2627 4394 κόσι.
2653 4333 2748 4386 καὶ
2772 4334 2888 4396 τοῖς
2916 4332 3125 4395 λοιποῖς
3153 4333 3338 4387 πᾶσιν.
3386 4350 3406 4383 ι

2553 4427 2701 4478 ’Δντὶ
2728 4426 3022 4496 μαρτύρων
3047 4421 3145 4487 τὰς
3170 4399 3474 4494 παρουσίας
3506 4423 3671 4478 αὐτοῦ
3707 4424 3910 4495 τίθησι,
3945 4428 4042 4479 καὶ

820 4534 1217 4591 nuntiationes.
1277 4528 1477 4590 Semel,
1530 4525 1731 4593 inquit,
1783 4532 1948 4592 atque
1991 4523 2188 4578 iterum
2236 4522 2375 4589 dixi,
2409 4541 2486 4606 υτ

2370 4565 2375 4585 ,
2409 4551 2454 4606 D
2482 4521 2579 4575 τὰς
2605 4518 3002 4588 παραγγελίας.
3047 4516 3249 4580 ’Λπαξ,
3283 4517 3466 4587 φησὶν,
3518 4513 3691 4582 εἷπον,
3724 4522 3818 4570 καὶ
3859 4519 4036 4571 δεύτε-

819 4641 945 4680 cum
976 4637 1152 4678 essem
1198 4631 1462 4673 venturus
1486 4657 1501 4682 ,
1554 4616 1810 4686 idemque
1858 4629 2005 4668 nunc
2045 4613 2248 4668 litteris
2277 4611 2374 4667 de-

819 4720 1034 4769 nuntio.
1065 4713 1140 4765 Ac
1173 4709 1442 4780 siquidem
1494 4706 1630 4760 mihi
1675 4688 2081 4766 auscultabitis.
2139 4703 2193 4757 id
2228 4703 2373 4771 quod

818 4805 1099 4874 optabam,
1136 4798 1468 4867 contigerit:
1503 4797 1592 4852 sin
1634 4809 1769 4850 vero
1801 4793 2236 4862 inobsequentes
2257 4789 2378 4858 iue-

819 4897 963 4956 ritis.
993 4893 1260 4960 deinceps
1294 4903 1519 4945 necesse
1545 4888 1656 4944 erit
1685 4894 1745 4942 ut
1796 4892 2047 4956 praestem
2077 4899 2201 4955 quze
2233 4884 2374 4952 dixi,

818 4995 874 5043 et
899 4997 1090 5057 poenas
1113 4981 1372 5051 inﬂigam.

896 5101 916 5133 ι
951 5078 1247 5145 Quoniam,
1285 5077 1330 5132 si
1365 5088 1570 5130 venero
1599 5074 1822 5135 iterum,
1857 5086 1963 5124 non
1985 5084 2264 5141 parcam.»

891 5173 969 5228 Ne
997 5169 1186 5224 dilatio
1228 5166 1541 5223 socordiam
1593 5172 1762 5228 creet,
1809 5162 1932 5217 vide
1968 5161 2241 5231 quomodo
2271 5163 2376 5215 hoc

821 5276 1042 5335 quoque
1092 5267 1218 5313 ante
1271 5261 1508 5326 occupat
1566 5253 1758 5308 dicens
1807 5269 1820 5306 :
1873 5247 1931 5305 Si
1993 5267 2213 5315 venero,
2271 5267 2372 5304 non

822 5368 1062 5424 parcam.

899 5460 1055 5533 155
1081 5458 1244 5513 Vsus.
1281 5459 1334 5512 5.
1367 5475 1385 5508 t
1419 5455 1952 5525 Anexpcrimentum
1985 5457 2231 5525 quaeritis
2257 5457 2377 5526 ejus

821 5557 913 5626 qui
955 5555 1008 5608 in
1054 5567 1139 5607 me
1189 5549 1453 5619 loquitur,
1480 5545 1709 5611 Christi,
1736 5547 1830 5616 (lui
1865 5549 1919 5601 in
1961 5548 2116 5604 vobis
2146 5565 2252 5603 non
2288 5549 2372 5602 in-

824 5650 1090 5708 ﬁrmatur.
1120 5645 1212 5701 sed
1245 5652 1438 5712 potens
1469 5647 1554 5694 est
1582 5639 1637 5693 in
1666 5639 1862 5695 vobis?
1898 5658 1918 5692 ι

893 5738 1016 5793 Haec
1065 5740 1159 5797 ait.
1192 5735 1572 5807 perstringens
1617 5733 1742 5787 illos
1795 5732 1887 5801 qui
1937 5733 2113 5803 ipsum
2155 5735 2370 5788 morde-

819 5843 966 5897 rcul,
996 5830 1440 5898 deridereutque,
1464 5839 1527 5882 ac
1549 5825 1817 5887 dicerent,
1847 5821 2133 5879 Prmentia
2161 5826 2371 5890 inﬁrma

2488 4632 2597 4684 ριν,
2623 4614 2710 4666 ὅτε
2729 4611 3134 4683 παρεγενόμην,
3155 4609 3297 4679 λέγω
3326 4611 3421 4663 καὶ
3447 4610 3541 4664 νῦν
3559 4609 3647 4665 διὰ
3666 4612 4036 4681 γραμμάτων.

2479 4701 2598 4757 Κᾶν
2633 4703 2734 4774 μὲν
2757 4702 3042 4772 ἀκούσητε,
3092 4702 3229 4771 ὅπερ
3262 4700 3567 4771 ἐπεθύμουν
3593 4701 3814 4769 γέγονεν
3837 4719 3852 4734 ·
3885 4703 3948 4756 ἂν
3973 4702 4038 4755 δὲ

2481 4795 2888 4865 παρακοὺσητε,
2920 4793 3135 4863 ἀνάγκη
3175 4793 3360 4845 λοιπὸν
3395 4794 3592 4864 στῆσαι
3637 4793 3707 4847 τὰ
3741 4793 4029 4864 εἰρημένα,

2481 4886 2572 4939 καὶ
2601 4886 2901 4954 ἐπαγαγεῖν
2931 4885 3030 4956 τὴν
3057 4885 3349 4955 τιμωρίαν.

2559 5081 2578 5114 ι
2623 5061 2747 5114 Ὀτι
2777 5060 2874 5112 ἐὰν
2899 5057 3035 5112 ἔλθω
3067 5059 3146 5121 εἰς
3169 5058 3231 5110 τὸ
3269 5059 3455 5122 πάλιν,
3485 5057 3547 5110 οὐ
3598 5057 3872 5126 φείσομαι.
3906 5075 3925 5109 ι

2555 5154 2676 5205 Ἵνα
2724 5152 2799 5223 μὴ
2847 5152 2881 5222 ὴ
2934 5149 3189 5221 μέλλησις
3237 5149 3508 5221 ῥᾳθυμίαν
3553 5148 3884 5219 ἐργάσηται,
3930 5149 4038 5218 ὅρα

2482 5248 2601 5309 πῶς
2646 5246 2740 5298 καὶ
2794 5243 2956 5297 τοῦτο
2990 5241 3293 5314 διορθοῦται
3326 5238 3516 5309 λέγων·
3559 5238 3698 5293 Ἐὰν
3733 5238 3905 5301 ἔλθω,
3957 5241 4038 5289 οὐ

2481 5340 2780 5410 φείσομαι.

2557 5471 2577 5503 ι
2635 5451 2786 5504 Ἐπεὶ
2815 5447 3043 5518 δοκιμὴν
3084 5445 3316 5516 ζητεῖτε,
3360 5444 3452 5497 τοῦ
3486 5445 3544 5496 ἐν
3587 5444 3709 5513 ἐμοὶ
3751 5439 4038 5502 λαλοῦντος

2480 5544 2739 5618 Χριστοῦ,
2767 5544 2826 5607 ὃς
2856 5545 2935 5606 εἰς
2964 5543 3108 5612 ὑμᾶς
3138 5541 3239 5594 οὐκ
3270 5538 3503 5602 ἀσθενεῖ,
3555 5537 3689 5592 ἀλλὰ
3737 5535 3947 5589 δυνατεῖ
3970 5535 4037 5584 ὲν

2475 5641 2626 5710 ὑμῖν.
2657 5657 2675 5690 ι

2544 5731 2719 5784 Τοῦτο
2743 5729 2879 5800 πρὸς
2905 5729 3034 5790 τοὺς
3066 5724 3457 5796 κωμῳδοῦντας
3485 5721 3643 5774 αὐτὸν
3668 5759 3683 5782 ,
3714 5720 3804 5773 καὶ
3834 5719 4026 5788 χλευά-

2475 5825 2686 5888 ζοντας,
2719 5822 2814 5874 καὶ
2872 5818 3152 5887 λέγοντας,
3191 5816 3251 5872 Ἡ
3276 5814 3571 5881 παρουσία
3616 5810 3898 5877 ἀσθενὴς,
3927 5814 4030 5861 καὶ
