4218 6448
175 410 283 475 773

1299 399 1373 459 IN
1420 398 1652 458 EPIST.
1694 398 1791 456 AD
1823 398 2181 458 CORINTH.
2224 400 2307 457 Il.

3294 399 3400 461 774

177 524 213 573 ό
252 518 434 587 λόγος
498 513 1019 582 ἐξουθενούμενος.
1079 507 1506 578 Καθαπτόμενος
1565 506 1737 572 λέγει’
1768 516 1843 562 Λα

1731 513 1935 569 Ἀρεῖ,
2007 521 2054 557 e.
2124 520 2292 558 sermo
2349 504 2754 573 contemptibilis
2807 502 2872 555 ".
2915 502 3397 572 Quandoquidem.

190 609 406 679 Ἐπειδὴ
457 606 711 677 βούλεσθε
763 602 1099 675 δοκιμάζειν,
1131 602 1181 654 εί
1226 603 1284 653 ὲν
1326 599 1451 671 ἐμοὶ
1505 596 1737 666 Χριστὸς

175 704 347 755 οἰκεῖ’
375 702 470 754 καὶ
510 699 599 752 διὰ
639 698 795 751 τοῦτό
827 713 893 767 με
927 692 1256 766 κωμῳδεῖτε,
1297 691 1372 755 ὡς
1400 691 1591 762 εὐτελῆ
1642 688 1738 743 καὶ

177 791 670 862 εὐκαταφρόνητον,
726 788 821 841 ἅτε
878 786 1083 858 ἔρημον
1143 784 1273 838 ὄντα
1317 784 1416 854 τῆς
1458 784 1739 852 δυνάμεως

180 885 418 953 ἐκείνης·
442 881 674 946 εἴσεσθε,
694 883 775 933 ὅτι
797 881 895 933 οὑκ
913 879 1078 949 ἐσμὲν
1102 878 1317 949 ἔρημοι,
1336 879 1385 930 εί
1408 877 1739 947 παράσχοιτε

178 977 471 1046 πρόφασιν·
501 973 531 1026 ὃ
562 974 635 1045 μὴ
660 972 890 1040 γένοιτο’
912 971 1011 1023 οὑκ
1039 965 1161 1022 εἷπε
1192 970 1271 1033 δὲ,
1302 968 1408 1022 τοῦ
1436 967 1740 1021 ἐνοικοῦν-

177 1081 301 1128 τος,
340 1062 495 1127 ἀλλὰ,
530 1062 626 1115 τοῦ
654 1060 960 1125 λαλοῦντος.
994 1060 1338 1131 πνευματικὰ
1367 1058 1496 1113 ὄντα
1521 1059 1736 1120 δεικνὺς

177 1155 249 1207 τά
275 1155 520 1224 ῥήματα.

252 1350 274 1383 ι
315 1333 427 1385 Καὶ
460 1332 568 1400 γὰρ
598 1328 916 1400 ἐσταυρώθη
943 1328 1013 1411 ἐξ
1053 1325 1361 1390 ἀσθενείας,
1414 1324 1549 1380 ἀλλά
1582 1324 1649 1396 ζῇ
1673 1326 1737 1377 ἐκ

174 1424 460 1494 δυνάμεως
484 1423 639 1477 Θεοῦ.
668 1442 697 1475 ι.

248 1517 389 1587 Τρία
417 1516 668 1585 σημαίνει
702 1515 767 1568 τὸ
790 1517 891 1586 τῆς
933 1513 1215 1577 ἀσθενείας
1247 1513 1437 1582 ὄνομα.
1471 1509 1582 1564 Καὶ
1629 1508 1739 1578 γὰρ

176 1604 435 1658 ἀσθένεια
454 1605 669 1671 λέγεται
700 1606 732 1674 ἡ
761 1603 856 1657 τοῦ
893 1602 1142 1673 σώματος
1172 1601 1475 1673 ἀρρωστία,
1512 1596 1655 1652 κατά
1677 1596 1741 1649 τδ
1807 1671 1811 1676 1

176 1696 466 1768 εἰρημένον
520 1698 655 1766 ὑπὲρ
715 1694 965 1766 Λαζάρου
995 1695 1231 1761 ’Κύριε,
1282 1692 1371 1745 ἴδε
1394 1692 1467 1744 ὃν
1522 1688 1737 1759 φιλεῖς,

175 1788 441 1845 ἀσθενεῖ.
464 1788 575 1841 Καὶ
609 1786 770 1840 πάλιν
790 1786 1011 1842 ἀσθενεῖ
1037 1783 1115 1854 τῷ
1140 1784 1214 1853 μὴ
1249 1780 1557 1852 πεπηγέναι
1586 1781 1645 1834 ἐν
1670 1783 1738 1852 τῇ

175 1839 588 1945 auidi;
619 1839 757 1933 κατά
861 1839 1153 1948 εἰρημένον
1163 1839 1222 1929 εὖ
1252 1873 1330 1945 τῷ
1359 1839 1554 1943 Iit-ttiti
1576 1890 1589 1903 '
1631 1839 1741 1926 Td;
1774 1839 1817 1898 Β

178 1969 248 2023 δὲ
270 1970 648 2024 ἀσθενοῦντα
685 1968 759 2037 τῇ
792 1969 994 2023 πίστει
1043 1965 1583 2036 προσλαμϐάνεσθε
1606 2007 1622 2032 ,
1650 1965 1737 2034 μὴ

176 2067 266 2131 εις
297 2064 627 2133 διακρίσεις
648 2060 976 2133 λογισμῶν.
1005 2063 1115 2118 Καὶ
1174 2061 1336 2115 πάλιν
1382 2060 1544 2129 κατὰ]
1561 2060 1743 2130 τρίτον

175 2157 380 2227 τρόπον
456 2155 731 2209 ἀσθένειαι
755 2155 805 2208 οἱ
828 2154 1059 2225 διωγμοὶ
1119 2151 1214 2207 καὶ
1262 2151 1567 2205 ὲπιὸουλαί.
1634 2150 1744 2203 Καὶ

176 2249 338 2303 τοῦτο
389 2249 550 2302 πάλιν
587 2248 736 2302 ἐστιν
767 2248 831 2302 ἐκ
851 2248 945 2301 τοῦ
1003 2246 1213 2301 Παύλου
1271 2246 1400 2299 ἰδεῖν
1457 2245 1740 2313 λέγοντοςο

190 2340 378 2410 ’Υπὲρ
408 2342 621 2395 τούτου
658 2340 782 2409 τρίς
808 2339 915 2394 τὸν
957 2340 1175 2407 Κύριον
1203 2335 1609 2405 παρεκάλεσα,
1644 2335 1743 2388 καὶ

176 2428 312 2487 εἶπέ
338 2449 460 2501 μοι,
496 2430 688 2499 Ἀρκεῖ
713 2444 812 2484 σοι
833 2430 872 2497 ὴ
902 2430 1072 2499 χάρις
1089 2445 1229 2499 μου.
1270 2428 1339 2483 Ἠ
1355 2426 1465 2496 γὰρ
1492 2426 1743 2495 δύναμίς

172 2542 294 2594 μου
321 2526 392 2578 ἐν
421 2522 704 2589 ἀσθενείᾳ
752 2521 1105 2577 τελειοῦται.
1154 2519 1312 2574 Κατά
1347 2519 1535 2573 τοῦτον
1557 2518 1621 2589 δὴ
1652 2518 1744 2571 τὸν

176 2617 362 2685 τρίτον
419 2616 617 2687 τρόπον
638 2614 700 2667 τὸ
726 2613 829 2683 τῆς
860 2613 1172 2677 ’ἀσθενείας
1224 2612 1500 2682 ἐκδέχεται
1551 2610 1742 2680 ὄνομα.

181 2708 346 2775 Λέγει
374 2702 586 2769 οὗν,ὂτι
613 2705 674 2757 Εἰ
701 2704 796 2758 καὶ
831 2702 1148 2774 ἐσταυρώθη
1168 2702 1411 2755 κίνδυνον
1444 2699 1744 2769 ὑπομείνας

178 2798 275 2851 καὶ
306 2795 621 2866 ἐπιϐουλὴν,
670 2794 786 2847 ἀλλ’
834 2795 984 2865 ὅμως
1034 2792 1203 2859 οὐδὲν⁴
1239 2790 1581 2862 παρεϐλάϐη,
1608 2790 1745 2845 ἀλλὰ

177 2887 407 2951 δυνατός
434 2890 580 2941 ἐστιν
614 2889 643 2941 ὁ
666 2886 818 2953 Θεὸς,
851 2886 900 2939 εί
928 2885 1022 2939 καὶ
1044 2884 1135 2938 διὰ
1175 2884 1275 2956 τὴν
1305 2884 1617 2954 οἰκονομίαν
1645 2882 1743 2935 πέ-

181 2976 379 3030 πονθεν
410 2977 571 3030 ἑκών.

257 3088 277 3121 ι
309 3070 418 3122 Καὶ
444 3068 551 3139 γὰρ
605 3069 765 3139 ἡμεῖς
815 3066 1150 3139 ἀσθενοῦμεν
1177 3068 1235 3120 ὲν
1276 3067 1443 3138 αὑτῷ,
1477 3065 1613 3121 ἀλλά
1648 3065 1746 3136 ζή-

1845 594 2046 664 inqtiit,
2102 595 2406 662 periculum
2459 596 2625 648 vultis
2679 592 2881 658 facere,
2911 593 3160 661 nunquid
3206 593 3260 646 in
3318 610 3403 645 uie

1841 686 2094 742 Christus
2126 670 2366 746 habitet,
2419 695 2582 754 atque
2640 685 2849 741 ideirco
2889 698 2974 738 me
3024 684 3221 737 taxatis
3283 690 3404 735 tan-

1840 791 2003 845 quam
2037 777 2199 831 vilem
2235 784 2289 828 et
2320 784 2639 844 contemptu
2669 775 2915 846 dignum,
2945 789 3043 829 ceu
3072 775 3165 843 qui
3198 774 3402 826 virtute

1841 866 1935 921 illa
1971 867 2274 923 destitutus
2305 870 2405 921 sim
2434 885 2446 920 :
2501 876 2877 921 verumtamen
2911 865 3264 936 cognoscetis
3291 867 3399 918 no'n

1843 973 1942 1014 nos
1999 974 2227 1029 prorsus
2279 974 2405 1015 esse
2438 959 2754 1022 destitutos,
2792 958 2839 1013 si
2886 958 3114 1029 quando
3144 960 3400 1012 occasio-

1841 1066 1965 1105 nem
2001 1051 2331 1119 prazbeatis:
2368 1052 2511 1121 quod
2546 1050 2759 1104 utinam
2816 1065 2927 1103 non
2953 1049 3191 1105 eveniat.
3233 1048 3402 1116 Atqui

1843 1158 1953 1197 non
1989 1143 2089 1206 ait,
2137 1144 2229 1212 qui
2279 1144 2513 1209 habitat,
2547 1143 2667 1207 sed,
2697 1142 2787 1210 qui
2835 1143 3105 1212 loquitur;
3134 1143 3406 1196 ostendito

1841 1244 1948 1299 que
1979 1231 2299 1299 spirituales
2328 1247 2609 1287 sermones
2639 1247 2790 1286 esse.

1910 1318 2077 1377 Vens.
2112 1323 2165 1375 4.
2216 1342 2233 1374 ι
2273 1322 2485 1377 Etenim
2522 1323 2822 1381 cruciﬁxus
2856 1332 2941 1378 est
2968 1339 3033 1379 ex
3064 1324 3403 1390 inﬁrmitate,

1841 1410 1938 1467 sed
1962 1412 2094 1464 vivit
2123 1429 2190 1467 ex
2229 1414 2433 1477 yirtute
2460 1412 2574 1467 Dei.
2615 1433 2633 1464 ι

1910 1502 2245 1558 lnlirmitatis
2298 1506 2521 1559 nomine
2557 1505 2661 1558 tria
2693 1505 3103 1573 signiﬁcantur.
3138 1502 3273 1557 Nam
3315 1504 3402 1556 in-

1844 1594 2077 1649 ﬁrmitas
2114 1594 2180 1647 de
2210 1594 2526 1651 valetudine
2552 1598 2800 1665 corporis
2827 1597 3054 1661 dicitur,
3098 1596 3404 1652 secundum

1842 1685 2214 1743 ,illud‘dictum
2242 1685 2311 1737 de
2344 1682 2552 1738 Lazaro
2579 1707 2593 1738 ε
2635 1687 2876 1752 Domine,
2907 1704 3021 1741 ecce
3050 1705 3201 1757 quem
3229 1704 3405 1747 amas,

1844 1776 2150 1845 inﬁrmatur
2182 1776 2249 1828 ι’.
2285 1777 2525 1844 Itemque
2560 1774 2650 1827 ubi
2692 1778 2817 1843 quis
2858 1778 2914 1832 in
2946 1778 3048 1833 lide
3089 1779 3231 1832 bene
3268 1777 3404 1832 soli-

1845 1869 2011 1923 datus
2037 1883 2149 1922 non
2200 1874 2306 1931 est,
2339 1882 2451 1936 quo
2506 1881 2670 1921 sensu
2701 1865 2922 1920 dicebat
2958 1869 3196 1924 Paulus:
3238 1868 3406 1935 Inﬁr—

1842 1952 2191 2013 mum'autem
2229 1958 2283 2010 in
2333 1956 2438 2025 [ide
2468 1956 2741 2024 suscipite,
2774 1972 2875 2008 non
2920 1956 2976 2009 in
3010 1957 3409 2024 disceptationi-

1844 2051 1937 2103 bus
1988 2049 2365 2120 cogitationum
2400 2048 2467 2101 '°.
2529 2045 2717 2101 Tertio
2752 2047 3001 2121 denique
3047 2046 3208 2099 modo
3251 2047 3407 2099 inlir-

1844 2142 2064 2197 mitates
2159 2141 2521 2211 nominantur
2598 2140 2995 2194 insectationes
3050 2147 3104 2192 et
3175 2138 3406 2193 insidiae.

1843 2234 2002 2301 Quod
2027 2235 2193 2289 etiam
2223 2234 2369 2305 apud
2395 2233 2621 2286 Paulum
2655 2214 2955 2291 observare
2983 2232 3132 2295 licet,
3168 2231 3258 2285 ubi
3291 2232 3365 2283 ait
3393 2250 3404 2283 :

1845 2328 2072 2395 Propter
2129 2328 2268 2397 quod
2327 2310 2609 2380 Dominum
2675 2321 2981 2395 τροπὴ-ει
3024 2324 3160 2376 dixit
3233 2325 3407 2377 mihi:

1842 2419 2044 2487 Sit/ﬁcit
2097 2419 2193 2471 tibi
2231 2421 2407 2487 gratia
2454 2435 2588 2471 mea.
2627 2416 2768 2470 Nam
2810 2417 2975 2470 virtus
3020 2433 3133 2468 mea
3166 2417 3221 2469 in
3258 2416 3410 2482 in/ir-

1843 2515 2027 2567 mitate
2080 2514 2358 2583 perﬁcitur
2388 2515 2455 2567 ²¹.
2488 2512 2604 2567 Hoc
2655 2514 2815 2581 plane
2850 2513 3016 2565 tertio
3061 2526 3227 2565 sensu
3260 2509 3409 2562 inﬁr-

1844 2606 2054 2660 mitatis
2085 2620 2284 2659 nomen
2315 2620 2464 2659 nunc
2498 2604 2789 2674 accipitur.
2822 2602 2911 2655 Ait
2946 2618 3077 2673 ergo
3110 2620 3122 2654 :
3162 2600 3408 2654 Tametsi

1844 2697 2039 2751 aﬂixus
2087 2705 2175 2752 est
2232 2697 2411 2759 cruci,
2476 2696 2728 2750 toleratis
2776 2694 3038 2765 periculis
3071 2701 3125 2747 et
3153 2692 3406 2755 insidiis,

1843 2787 1981 2842 nihil
2033 2787 2161 2842 inde
2215 2787 2461 2857 percepit
2514 2786 2727 2850 damni,
2778 2785 2873 2840 sed
2933 2794 3131 2855 potens
3188 2785 3409 2838 exsistit

1846 2879 2015 2942 Deus,
2042 2879 2166 2934 licet
2200 2886 2400 2948 sponte
2437 2885 2662 2948 propter
2689 2883 2900 2931 certam
2926 2873 3402 2945 dispensationem

1844 2986 2044 3043 passos
2078 2971 2266 3027 fuerit.

1920 3079 1939 3114 ι
1978 3060 2110 3115 Nam
2155 3070 2209 3116 et
2260 3075 2362 3117 nos
2414 3058 2621 3115 inlirmi
2664 3072 2856 3113 sumus
2886 3057 2941 3111 in
2973 3056 3092 3121 illo,
3138 3055 3232 3111 sed
3261 3055 3411 3109 vive-

183 3177 348 3231 σομεν
376 3160 475 3222 σὺν
506 3158 654 3231 αὑτῷ
683 3163 748 3213 ὲκ
766 3160 1049 3230 δυνάμεως
1093 3159 1229 3213 Θεοῦ
1262 3161 1341 3223 είς
1387 3159 1552 3231 ὑμᾶς.
1586 3159 1743 3212 Ἐαυ-
1770 3179 1817 3242 c
1845 3170 1849 3208 1

1738 3189 1743 3197 -
1770 3179 1817 3242 ρ
1845 3168 1968 3209 mus
2000 3168 2125 3208 cum
2156 3167 2221 3207 eo
2252 3168 2321 3208 ex
2359 3153 2561 3206 virtute
2589 3148 2687 3204 Dei
2725 3148 2779 3242 in
2812 3146 3215 3242 vobis-[Vens
3246 3147 3298 3211 5,
3326 3144 3404 3216 6.]

180 3258 306 3319 τοὺς
344 3255 659 3326 πειράζετε,
688 3254 737 3307 εί
759 3254 882 3307 ἐστὲ
913 3255 970 3307 ὲν
992 3255 1057 3324 τῇ
1087 3252 1295 3306 πίστει·
1331 3252 1558 3315 ἑαυτοὺς
1599 3250 1743 3304 δοκι-

187 3344 407 3414 μάίετε.
443 3345 510 3395 ’Ἣ
540 3344 639 3391 ab»
670 3340 1060 3401 ιπιγινιυσκετε
1091 3335 1350 3400 ἑαυτοὺς,
1381 3337 1463 3388 ὅτι
1510 3338 1745 3406 Χριστὸς

196 3426 401 3497 Ἰησοῦς
446 3427 505 3479 ὲν
554 3425 683 3495 ὑμῖν
732 3426 915 3487 tactv;
974 3426 1024 3477 εί
1105 3426 1178 3496 μή
1232 3442 1284 3479 τι
1336 3426 1443 3498 ἄρα
1494 3427 1743 3495 ἀδόκιμοί

80 3552 84 3557 -
183 3519 323 3571 ἐστε.
366 3516 601 3590 ’βλπίζω
628 3515 686 3568 δὲ
719 3516 800 3569 ὅτι
829 3514 1128 3584 γνώσεσθε,
1156 3518 1241 3569 ὅτι
1264 3518 1425 3587 ἡμεῖς
1458 3518 1556 3571 οὑκ
1577 3518 1742 3589 ἐσμὲν

183 3611 447 3678 ἀδόκιμοι.
479 3626 497 3658 ι
1116 3658 1117 3663 η

251 3700 293 3751 Τ
295 3699 529 3761 ουτέστι,
551 3696 906 3769 Διωκὸμεθα,
935 3700 1289 3770 ὲλαυνόμεθα,
1314 3701 1410 3756 καὶ
1439 3701 1507 3755 τὰ
1539 3702 1743 3773 ἔσχατα

182 3794 482 3863 πάσχομεν.

249 3886 530 3954 Τουτέστι,
554 3886 643 3940 διά
664 3887 726 3940 τὸ
754 3886 939 3957 κήρυγ
957 3905 1032 3958 μα
1076 3888 1172 3941 καὶ
1223 3887 1322 3959 τὴν
1350 3888 1430 3951 εἰς
1455 3888 1618 3943 αὑτὸν
1649 3888 1741 3941 πί-

183 3993 315 4032 στιν.

253 4088 273 4121 ι
307 4070 593 4141 Εὑχόμεθα
620 4070 677 4123 δὲ
710 4070 847 4142 πρὸς
884 4071 976 4125 τὸν
1027 4070 1178 4137 Θεὸν,
1215 4073 1291 4143 μὴ
1322 4074 1541 4145 ποιῆσαι
1596 4074 1739 4144 ὑμᾶς

182 4162 345 4215 κακὸν
384 4163 550 4233 μηδέν
586 4181 598 4195 ·
625 4166 721 4233 οὑχ
758 4164 844 4217 ἵνα
884 4165 1046 4237 ἡμεῖς
1072 4164 1283 4235 δόκιμοι
1314 4166 1590 4237 φανῶμεν,
1621 4167 1737 4220 ἀλλ’

183 4254 264 4307 ἵνα
298 4255 455 4324 ὑμεῖς
481 4256 542 4308 τὸ
572 4257 734 4311 καλὸν
764 4258 976 4328 ποιῆτε.
1004 4276 1023 4309 ι

248 4347 561 4415 Παρακαλῶ
588 4348 676 4401 τὸν
697 4350 851 4416 Θεὸν,
908 4352 1060 4420 φησὶ,
1115 4351 1280 4422 μηδὲν
1326 4353 1505 4423 εὑρεῖν
1559 4353 1737 4424 ἀδιόρ-

1845 3244 2226 3310 \'osmetipsos
2286 3250 2495 3297 tentate
2546 3242 2593 3295 si
2654 3241 2788 3294 estis
2832 3240 2886 3290 in
2946 3238 3051 3290 ﬁde
3097 3253 3111 3287 :
3155 3239 3255 3307 ipsi
3310 3253 3409 3290 vos

1846 3333 2095 3403 probate.
2150 3333 2346 3386 Annon
2408 3328 2756 3399 cognoscitis
2811 3327 3207 3397 vosmetipsos,
3282 3328 3410 3397 quia

1842 3424 2103 3480 Christus
2149 3422 2309 3479 Jesus
2361 3424 2416 3477 in
2457 3422 2616 3478 vobis
2664 3422 2785 3477 est?
2842 3422 2948 3477 nisi
3004 3421 3142 3475 forte
3194 3422 3410 3490 reprobi

1843 3518 2002 3572 estis.
2056 3513 2228 3587 Spero
2268 3522 2452 3569 autem
2498 3512 2645 3584 quod
2705 3513 3082 3584 cognoscetis,
3136 3514 3267 3583 quia
3306 3527 3408 3567 nos

1842 3622 1950 3660 non
1983 3622 2178 3661 sumus
2215 3605 2457 3677 reprobi.
2496 3624 2514 3657 ι

1914 3696 1970 3752 ld
2011 3707 2116 3761 est,
2163 3713 2267 3753 nos
2320 3697 2690 3760 insectantur,
2740 3696 3107 3766 exagitamur,
3161 3703 3409 3749 extrema

1842 3791 2105 3861 patimur.

1914 3880 2045 3937 Sive
2074 3889 2299 3954 propter
2331 3879 2806 3951 praedicationem,
2841 3887 2897 3935 et
2922 3879 3081 3934 tidem
3113 3880 3169 3933 in
3202 3878 3404 3949 ipsum.

1921 4084 2091 4141 Vens.
2121 4086 2173 4139 7.
2212 4105 2230 4137 |
2282 4084 2518 4140 Oramus
2550 4095 2733 4139 autem
2784 4084 2977 4149 Deum,
3021 4094 3080 4138 ut
3106 4083 3243 4139 nihil
3277 4086 3402 4140 mali

1840 4178 2063 4233 faciatis
2095 4196 2110 4231 :
2148 4193 2257 4231 non
2294 4185 2352 4231 ut
2390 4192 2494 4232 nos
2536 4177 2748 4247 probati
2784 4193 3177 4247 appareamus,
3210 4178 3307 4233 sed
3348 4188 3407 4231 ut

1841 4286 1939 4325 vos
1978 4271 2125 4341 quod
2158 4272 2361 4325 bonum
2394 4278 2501 4335 est,
2536 4270 2778 4325 faciatis.
2819 4288 2837 4322 ι

1908 4360 2078 4416 Deum
2122 4375 2276 4432 rogo,
2333 4361 2536 4430 inquit,
2587 4369 2646 4414 ut
2674 4360 2811 4414 nihil
2854 4358 3152 4414 distortum
3178 4370 3234 4414 et
3274 4376 3402 4430 pra-

182 4436 348 4490 θωτον
369 4455 383 4468 ·
415 4439 615 4507 μᾶλλον
648 4441 703 4493 δὲ
731 4442 793 4494 οὑ
826 4443 983 4495 τοῦτο
1026 4442 1220 4512 μόνον,
1268 4443 1404 4497 ἀλλὰ
1453 4444 1589 4515 μηδὲ
1636 4445 1736 4513 τὴν
1835 4471 1848 4499 π

1835 4468 1961 4508 vum
2008 4453 2332 4519 reperiam:
2384 4453 2495 4505 imo
2544 4467 2675 4505 vero
2728 4465 2835 4505 non
2894 4450 2999 4504 hoc
3048 4452 3254 4514 solum,
3305 4455 3403 4507 sed

180 4527 352 4596 ἀρχὴν
388 4528 676 4597 ἁμαρτεῖν.
710 4532 771 4583 Ei
796 4533 902 4602 γάρ
934 4533 1155 4604 μείνητε
1183 4534 1525 4604 ἀμετανόητα
1555 4537 1734 4605 ἁμαρ·
1767 4523 1811 4579 Ῑ)
1844 4560 1846 4595 :

1767 4523 1811 4579 Ῑ)
1844 4553 2020 4609 neque
2062 4538 2277 4592 initium
2302 4538 2532 4608 peccati.
2570 4538 2707 4592 Nam
2746 4539 2793 4592 si
2832 4539 3199 4608 perseveretis
3226 4540 3281 4593 in
3314 4542 3400 4594 vi-

179 4620 447 4683 τάνοντες,
490 4620 700 4693 ἀνάγκη
732 4622 877 4693 ὑμᾶς
934 4623 1203 4690 κολάζειν,
1239 4628 1333 4680 καὶ
1362 4625 1542 4678 δοῦναι
1594 4626 1739 4679 δοκι-

181 4709 284 4778 μὴν
315 4709 418 4779 τῆς
444 4711 725 4780 δυνάμεως
758 4728 774 4743 ⁶
799 4714 829 4767 ὃ
861 4716 953 4769 καὶ
981 4716 1241 4787 ἐποίησαν
1269 4718 1362 4770 ἐπὶ
1400 4718 1735 4789 Σαπφείρας,

179 4802 271 4852 καὶ
313 4800 410 4853 τοῦ
446 4802 619 4871 μάγου
662 4803 886 4873 Ἐλύμα.
923 4806 1060 4859 Ἀλλ’
1106 4807 1207 4861 οὑκ
1239 4808 1511 4879 εὐχόμεθα
1556 4808 1733 4872 τοῦτο,

179 4893 360 4957 φησὶν,
395 4891 529 4944 ἀλλὰ
569 4894 901 4959 τούναντίον,
927 4897 1012 4949 ἵνα
1043 4898 1180 4968 μήτε
1216 4899 1374 4968 ὑμεῖς
1426 4894 1732 4970 ἁμάρτητε,

182 4982 313 5049 μήτε
351 4983 510 5050 ἡμεῖς
539 4982 613 5045 ὡς
658 4985 907 5053 ἀδόκιμοι
954 4987 1231 5057 φανῶμεν.
1270 4989 1584 5052 Τουτέστιν,
1619 4988 1734 5043 Ἵνα

186 5070 254 5137 μὴ
282 5069 424 5121 οὕτω
456 5072 553 5139 τὴν
589 5072 817 5146 δοκιμὴν
862 5076 1257 5147 ὲπιδειξώμεθα
1310 5080 1410 5148 τῆς
1456 5081 1735 5152 δυνάμεως

184 5158 273 5225 τῆς
292 5161 350 5211 ἐν
376 5164 530 5230 ἡμῖν,
554 5164 640 5217 διὰ
665 5166 725 5219 τὸ
751 5167 996 5231 κολάζειν
1050 5170 1319 5239 ὑμᾶς.καὶ
1375 5174 1735 5245 τιμωρεῖσθαι

185 5249 610 5320 ἁμαρτάνοντας,
643 5258 735 5309 καὶ
760 5257 952 5313 ἀνίατα
976 5262 1282 5326 νοσοῦντας.
1314 5263 1475 5318 Ἀλλά
1498 5266 1583 5334 τί;
1620 5268 1734 5321 Ἵνα

188 5338 333 5407 ὑμεῖς
361 5342 421 5393 τὸ
447 5344 613 5395 κακὸν
642 5343 849 5417 ποιῆτε.
895 5349 1062 5403 Τοῦτο
1090 5350 1212 5421 Ιγάρ
1260 5351 1549 5423 εὑχνὶμεθα,
1614 5371 1734 5407 στε-

187 5431 358 5497 ςανωο
368 5433 523 5497 ἐντας
545 5437 694 5505 ὀρᾷν.

286 5779 327 5813 ⁸⁸
356 5780 393 5837 ll
420 5780 547 5839 Cor.
585 5800 639 5847 ι,
677 5786 763 5840 ιο.
882 5789 921 5821 ¹⁹
951 5788 1109 5844 Joan.
1138 5806 1215 5856 xx,
1248 5794 1298 5846 5.

1414 5795 1456 5824 ¹⁰
1488 5793 1647 5850 Rom.
1678 5813 1782 5865 λιν,
1828 5800 1877 5852 1.

1843 4631 1935 4685 tiis
1967 4629 2088 4684 sine
2134 4629 2476 4699 poenitentia,
2506 4644 2735 4685 necesse
2768 4637 2853 4684 est
2892 4637 2950 4682 ut
2976 4644 3169 4699 pmnas
3200 4647 3268 4686 ex
3302 4647 3404 4686 vo-

1842 4720 1928 4775 bis
1966 4733 2273 4785 sumamus,
2305 4727 2361 4773 et
2396 4718 2703 4789 periculum
2752 4717 3017 4775 faciamus
3070 4721 3311 4775 virtutis.
3348 4722 3403 4776 Id

1841 4811 1991 4881 quod
2021 4810 2327 4881 praestitum
2370 4810 2474 4865 fuit
2506 4812 2559 4865 in
2597 4811 2870 4881 Sapphira
2904 4820 2961 4866 et
3004 4811 3191 4883 Elyma
3222 4828 3399 4881 mago.

1838 4902 2113 4956 Caeterum
2172 4901 2222 4956 id
2264 4917 2376 4957 non
2434 4918 2744 4974 precamur,
2797 4904 2999 4973 inquit,
3062 4904 3159 4959 sed
3219 4908 3402 4975 potius

1840 4993 2201 5056 contrarium.
2263 5001 2322 5047 ut
2377 5010 2555 5063 neque
2604 5010 2701 5049 vos
2754 4997 3014 5063 peccetis,
3067 5013 3244 5067 neque
3299 5013 3401 5053 nos

1842 5093 2101 5153 tanquam
2153 5085 2378 5138 minime
2436 5086 2648 5156 probati
2680 5087 3023 5144 habeamur:
3063 5088 3166 5142 hoc
3191 5097 3299 5151 est,
3332 5105 3403 5143 ne

1841 5175 2111 5243 ejusmodi
2175 5176 2557 5245 experimento
2612 5180 2894 5243 virtutem,
2950 5195 3072 5250 quae
3124 5178 3179 5233 in
3243 5182 3400 5235 nobis

1841 5272 1947 5327 est,
1999 5273 2392 5329 monstremus,
2433 5282 2529 5321 vos
2563 5268 2746 5337 utique
2809 5268 3107 5336 plectendo,
3145 5278 3198 5323 et
3227 5272 3399 5323 anim-

1840 5349 2172 5404 advertendo
2231 5351 2287 5404 in
2339 5367 2434 5408 eos
2502 5354 2597 5424 qui
2661 5355 3027 5424 peccaverint,
3078 5357 3395 5412 immedica-

1839 5441 2046 5511 bilique
2076 5446 2269 5497 morbo
2295 5445 2686 5502 laboraverint.
2716 5447 2859 5514 Quid
2896 5464 3027 5504 vero
3055 5451 3165 5503 ita?
3194 5449 3260 5504 Ut
3297 5466 3392 5507 vos

1837 5531 2038 5586 bonum
2083 5532 2314 5589 faciatis.
2373 5535 2485 5589 Iloc
2520 5537 2665 5591 enim
2717 5538 2869 5595 avide
2894 5548 3174 5609 Optamus,
3215 5548 3272 5593 ut
3298 5556 3391 5595 co-

1836 5632 2061 5678 ronatos
2094 5638 2190 5677 vos
2220 5624 2527 5683 videamus.

1991 5768 2029 5830 έ¹
2054 5800 2095 5853 ll
2123 5800 2251 5857 Cor.
2278 5818 2374 5867 xu,
2400 5802 2445 5856 8.
