4218 6448
208 398 314 462 777

1371 398 1449 458 IN
1491 396 1732 457 EPIST.
1771 397 1873 456 AD
1912 397 2267 462 GALATAS.

3325 417 3430 480 778

215 528 362 579 ματα
416 510 623 571 ἑαυτοῖς
673 507 999 576 περιθεῖναι,
1049 506 1294 572 ἐλθόντες
1323 511 1403 573 είς
1424 509 1488 562 τδ
1516 506 1772 561 Γαλατῶν
1799 512 1845 566 Α
1873 512 1881 554 4

1763 522 1772 553 ι
1799 512 1845 566 Α
1873 504 2150 564 Galatiam
2182 510 2436 581 profecti,
2471 514 2739 570 docebant
2786 525 3038 586 oportere
3083 526 3429 591 circumcidi,

213 604 384 665 ἔθνος,
415 602 690 655 ἐδίδασκον
715 603 796 655 ὅτι
816 601 897 653 δεῖ
917 599 1361 670 περιτέμνεσθαι,
1383 601 1478 653 καὶ
1500 598 1770 663 Σάϐϐατα,

212 693 309 746 καὶ
360 691 671 762 Νεομηνίας
724 692 940 760 τηρεῖν,
989 692 1083 745 καὶ⁸
1114 690 1189 763 μὴ
1215 690 1501 762 ἀνέχεσθαι
1558 692 1771 745 Παύλου

217 785 385 837 ταῦτα
409 782 780 853 ἀναιροῦντος.
810 783 871 835 Οἱ
908 782 1029 852 γάρι
1051 784 1178 853 περὶ
1226 785 1431 853 Πέτρον
1460 784 1553 837 καὶ
1584 783 1773 837 Ἰάκω-

214 875 336 936 60v,
373 876 469 929 καὶ
506 876 778 943 Ἰωάννην,
830 874 1022 944 φησὶν,
1066 873 1237 927 ταῦτα
1267 876 1329 927 ού
1360 874 1687 939 κωλύουσιν,
1723 875 1772 926 οἱ

214 968 422 1039 πρῶτοι
451 944 557 1021 τῶν
594 968 924 1024 ἀποστόλων.
980 962 1147 1030 Οὗτος
1192 966 1292 1036 μὲν
1342 966 1450 1037 γὰρ
1497 966 1624 1036 χθὲς
1677 965 1774 1019 καὶ

216 1063 456 1129 σήμερον
483 1061 677 1130 ἐφάνη,
708 1064 904 1115 ἐκεῖνοι
927 1061 983 1113 δὲ
1013 1059 1242 1130 πρῶτοι,
1280 1060 1329 1113 οἱ
1355 1060 1483 1130 περὶ
1524 1058 1730 1128 Πέτρον
1760 1074 1772 1088 ·

214 1150 311 1203 καὶ
336 1146 493 1214 οὗτος
544 1151 643 1221 μὲν
696 1152 942 1222 μαθητὴς
980 1151 1086 1205 τῶν
1134 1151 1466 1215 ἀποστόλων,
1498 1153 1692 1203 ἐκεῖνοι
1717 1150 1773 1203 δὲ

214 1242 308 1294 τοῦ
356 1240 614 1312 Χριστοῦ·
662 1244 751 1296 καὶ
777 1237 933 1305 οὗτος
985 1260 1162 1312 μονος,
1206 1244 1404 1296 ἐκεῖνοι
1444 1244 1501 1296 δὲ
1546 1242 1730 1295 πολλοὶ
1757 1284 1770 1305 ,

213 1336 307 1386 καὶ
362 1333 541 1386 στύλοι
606 1335 702 1401 τῆς
744 1334 1087 1400 Ἐκκλησίας.
1125 1335 1279 1389 Ἐπεὶ
1332 1331 1423 1388 οῦν
1468 1334 1773 1405 ἔμπροσοεν

214 1425 351 1479 εἶδεν
397 1425 547 1488 ἔθνος
600 1426 911 1496 ὀλόκληρον,
962 1427 1051 1479 καὶ
1103 1427 1284 1497 πυράν
1307 1429 1371 1479 ἐκ
1391 1427 1488 1497 τῆς
1520 1427 1773 1479 Γαλατῶν

212 1516 543 1584 ἀναφθεῖσαν
588 1515 930 1585 Ἐκκλησίας,
960 1517 1159 1588 γράφει
1180 1518 1279 1587 τὴν
1324 1517 1609 1588 ἐπιστολὴν
1640 1518 1770 1588 πρὸς

213 1611 429 1665 ἅπαντα
460 1610 631 1664 ταῦτα
685 1611 1139 1682 ἀπολογούμενος,
1199 1611 1295 1665 καὶ
1357 1612 1421 1664 ἐκ
1475 1612 1774 1681 προοιμίων

213 1704 415 1766 εὐθέως
481 1704 618 1773 πρὸς
665 1705 841 1757 ἐκεῖνο
908 1704 1290 1768 ἀνατείνεται,
1328 1704 1357 1756 ὂ
1412 1704 1776 1773 διορύττοντες

213 1795 377 1848 αὑτοῦ
425 1796 524 1867 τὴν
572 1795 838 1867 ὑπόληψιν
901 1795 1106 1862 ἔλεγον,
1157 1795 1239 1847 ὅτι
1276 1795 1326 1846 ol
1361 1793 1459 1862 μὲν
1496 1792 1646 1845 ἄλλοι
1677 1789 1772 1841 τοῦ

1873 610 1926 653 et
1978 600 2275 658 observare
2322 604 2564 661 Sabbata
2603 615 2661 662 et
2690 605 3044 676 Neomenias,
3071 627 3175 669 nec
3200 611 3432 669 Paulum

1872 705 1995 777 esse
2019 693 2365 750 tolerandum
2392 698 2487 766 qui
2522 700 2637 755 haec
2656 700 2901 757 auferret
2931 720 2947 758 :
2974 701 3193 761 Petrum
3208 707 3429 777 quippe,

1872 776 2157 848 Jacobum,
2186 792 2242 839 et
2261 782 2551 853 Joannem,
2587 791 2681 860 qui
2732 792 2943 862 primas
2985 793 3131 850 inter
3153 776 3432 866 apostolos

1877 871 2152 939 tenebant,
2219 888 2284 929 ea
2340 890 2450 931 non
2508 882 2836 950 prohibere:
2900 900 3024 941 cum
3074 886 3166 943 hic
3210 889 3430 944 vixdum

1876 958 1993 1015 heri
2031 972 2091 1017 et
2115 963 2274 1019 hodie
2302 966 2625 1035 prodiisset,
2656 971 2857 1031 Petrus
2896 991 3029 1033 vero
3060 977 3217 1048 prior
3250 986 3429 1035 esset:

1875 1062 2042 1122 atque
2099 1054 2191 1109 hic
2213 1057 2432 1125 quidem
2493 1064 2872 1129 apostolorum
2918 1076 3068 1126 esset
3096 1068 3431 1140 discipulus,

1875 1144 1957 1197 illi
1991 1160 2121 1199 vero
2165 1145 2369 1201 Christi
2406 1168 2420 1204 :
2454 1150 2547 1204 hic
2596 1152 2778 1219 solus,
2813 1156 2895 1211 illi
2930 1160 3261 1231 complures,
3302 1161 3437 1230 ipsi-

1873 1251 1979 1304 que
2018 1237 2286 1293 columna:
2334 1239 2617 1298 Ecclesiae.
2659 1244 2903 1301 Proinde
2939 1264 3065 1304 cum
3107 1260 3235 1308 ante
3262 1254 3435 1307 vidis-

1874 1338 1957 1383 set
2004 1339 2221 1399 gentem
2268 1332 2415 1386 illam
2451 1349 2515 1387 ex
2544 1342 2661 1389 toto
2698 1336 2853 1407 157
2884 1354 3076 1394 sanam
3109 1357 3232 1399 esse
3257 1353 3313 1399 et
3350 1348 3437 1399 in-

1874 1419 2165 1485 columem,
2221 1432 2336 1475 tum
2402 1426 2639 1481 subinde
2687 1444 2753 1481 ex
2803 1428 3119 1486 Galatarum
3191 1432 3435 1491 Ecclesia

1872 1511 2188 1565 incendium
2246 1514 2498 1578 excitari,
2552 1516 2840 1585 epistolam
2882 1522 3126 1590 scripsit,
3166 1539 3276 1594 qua
3319 1540 3438 1579 mo-

1875 1604 2071 1658 mentis
2115 1605 2238 1659 istis
2304 1606 2563 1662 mnnibus
2618 1608 2915 1674 satisfacit,
2992 1620 3157 1681 atque
3204 1614 3438 1682 ipsomet

1872 1697 2103 1750 exordio
2153 1697 2207 1751 in
2263 1699 2392 1753 iliud
2432 1701 2618 1755 statim
2657 1702 2917 1769 intendit,
2962 1705 3108 1775 quod
3142 1714 3202 1760 ut
3233 1721 3439 1763 conce-

1872 1797 2022 1853 ptam
2053 1787 2119 1840 dc
2162 1791 2281 1858 ipso
2321 1792 2787 1848 existimationem
2840 1794 3164 1861 effoderent,
3204 1788 3439 1868 obiicie-

213 1857 648 1956 Χριστοῦ,ὀῦτος
680 1857 864 1941 siem
892 1857 1208 1940 ἀποστόλων
1238 1857 1455 1953 γέγονεν
1496 1882 1768 1954 μαθητής.
1802 1857 1845 1911 Β
1875 1919 1879 1926 ι

1802 1857 1845 1911 Β
1875 1874 2041 1938 bant;
2074 1857 2201 1945 puta
2234 1880 2374 1935 alios
2401 1881 2621 1950 quidem
2657 1885 2964 1957 discipulos
2996 1857 3201 1945 Christi
3241 1857 3434 1958 fuisse,

342 2068 451 2119 Τοῦ
482 2068 795 2139 ἐγείραντος
823 2069 985 2122 αὐτὸν
1020 2070 1083 2121 ἐκ
1112 2066 1337 2137 νεκρῶν.
1366 2084 1384 2116 ι

284 2160 385 2214 Διὰ
419 2160 473 2212 τί
499 2162 599 2212 οὐκ
620 2158 727 2211 ἀπὸ
762 2158 870 2211 τῶν
912 2158 1227 2229 θεοπρεπῶν
1254 2156 1477 2228 ἡρξατο,
1529 2154 1642 2208 ἀλλ’
1677 2155 1768 2208 ἀπ’

211 2253 379 2306 αὑτοῦ
422 2252 518 2305 τοῦ
573 2250 776 2314 πάθους
809 2269 823 2316 ;
854 2251 975 2303 Ὅτι
1023 2252 1209 2320 ἐπειδὴ
1237 2251 1314 2313 ὡς
1374 2248 1653 2318 μέλλοντες
1684 2266 1767 2301 τι-

215 2345 558 2415 μωρεῖσθαι,
606 2346 655 2395 εἰ
700 2346 994 2397 ἀποσταῖεν
1051 2345 1144 2398 τοῦ
1197 2345 1395 2414 νόμου,
1451 2343 1770 2405 ἐστασίαζον

212 2436 348 2504 πρὸς
406 2434 587 2498 αὐτὸν,
627 2434 716 2488 διὰ
754 2434 913 2489 τοῦτο
952 2435 1277 2507 πράγματος
1327 2436 1591 2505 μέμνηται
1613 2434 1677 2486 δι’
1708 2426 1769 2486 οῦ

1874 1965 2052 2037 ipsutn
2082 1984 2211 2023 vero
2242 1973 2634 2041 apostolorum.

1896 2096 1903 2103 ε
1949 2080 1968 2110 ι
2006 2060 2112 2125 Qui
2144 2063 2434 2117 suscitavit
2460 2080 2585 2119 eum
2624 2081 2652 2120 a
2684 2071 2937 2125 mortuis.
2975 2090 2993 2124 ι

1942 2151 2122 2218 Quare
2174 2169 2305 2209 vero
2345 2170 2453 2211 non
2511 2174 2557 2213 a1
2598 2158 2959 2218 divinioribus
3004 2162 3210 2222 Christi
3269 2170 3435 2239 gestis

1871 2242 2157 2297 exordium
2207 2245 2382 2311 ducit,
2434 2249 2529 2303 sed
2586 2264 2615 2302 a
2656 2251 2913 2319 passione
2964 2256 3182 2326 ipsius?
3230 2258 3436 2331 Utique

1875 2345 1998 2384 cum
2029 2331 2107 2386 illi
2141 2333 2407 2391 adversus
2433 2337 2611 2408 ipsum
2641 2340 3009 2412 insurgerent,
3038 2358 3295 2420 tanquam
3314 2367 3432 2422 pae-

1874 2438 1973 2477 nas
2004 2423 2184 2479 daturi
2219 2427 2264 2481 si
2311 2426 2641 2486 defecissent
2674 2448 2705 2488 a
2749 2435 2889 2506 lege,
2922 2437 3134 2496 ideirco
3161 2457 3281 2497 eam
3316 2460 3431 2501 rem

213 2528 396 2577 πᾶσαν
416 2523 664 2578 ἐκὸάλλει
717 2524 809 2579 τοῦ
839 2525 1005 2596 νόμου
1040 2524 1138 2595 τὴν
1160 2525 1368 2594 χρείαν.
1401 2525 1555 2592 Λέγω
1578 2524 1642 2595 δὴ
1672 2526 1769 2596 τὴν
1871 2532 1879 2563 ⁴

1768 2550 1769 2555 η
1871 2526 2287 2579 commemorat,
2344 2534 2451 2587 qua
2498 2520 2638 2592 legis
2684 2526 2987 2584 necessitas
3035 2532 3218 2588 omnis
3244 2535 3434 2589 exclu-

213 2621 277 2670 ἐκ
295 2619 388 2671 τοῦ
420 2616 654 2688 σταυροῦ
689 2620 783 2669 καὶ
814 2618 913 2687 τῆς
937 2618 1289 2681 ἀναστάσεως
1315 2616 1494 2670 αἰτίαν
1541 2617 1768 2687 γενομέ-
1872 2623 1879 2655 ¹

1765 2649 1768 2657 .
1872 2603 2137 2674 deretur;
2223 2625 2472 2677 crucem,
2536 2614 2781 2685 inquam,
2832 2626 2890 2674 et
2945 2625 3431 2697 resurrectionem,

211 2728 309 2781 νην
338 2712 511 2764 ἅπασι
546 2711 837 2780 σωτηρίας.
1868 2714 1877 2744 ⁴

1868 2710 1994 2765 qua:
2031 2700 2246 2753 cunctis
2274 2716 2439 2757 causa
2466 2705 2665 2763 salutis
2696 2708 2872 2766 fuere.

285 2821 305 2853 ι
348 2803 459 2856 Καὶ
487 2803 536 2855 oi
561 2802 657 2854 σὺν
687 2804 809 2873 ἐμοὶ
832 2804 1030 2865 πάντες
1061 2803 1300 2868 ἀδελφοί.
1326 2820 1345 2851 ι
1947 2787 1951 2799 ¹

1947 2787 2109 2843 Vens.
2143 2791 2199 2845 2.
2233 2809 2251 2843 ι
2289 2790 2355 2847 Ει
2382 2796 2477 2865 qui
2526 2811 2743 2853 mecum
2774 2810 2908 2857 sunt
2938 2818 3133 2862 omnes
3156 2805 3379 2865 fratres.
3406 2832 3423 2862 ι

285 2896 429 2964 Πρὸς
446 2895 624 2947 ἐκεῖνο
649 2895 808 2947 πάλιν
831 2892 1200 2957 ἀποτείνεται,
1222 2893 1282 2944 τὸ
1304 2892 1484 2960 λέγειν
1507 2893 1767 2957 ἐκείνους,
1941 2909 1951 2932 Α

1763 2934 1767 2952 ,
1941 2880 2024 2935 Ad
2073 2882 2209 2937 illud
2253 2901 2474 2958 quoque
2522 2891 2811 2961 collineat,
2859 2897 3005 2967 quod
3042 2899 3121 2954 illi
3151 2900 3429 2965 dicebant.

209 2986 293 3036 ὅτι
324 2988 353 3036 ό
388 2986 488 3053 μὲν
535 2981 744 3047 Παῦλος
771 2976 872 3048 εἷς,
917 2984 967 3036 οἱ
1005 2983 1064 3037 δὲ
1100 2984 1405 3047 ἀπόστολοι,
1445 2970 1656 3037 πολλοί·
1689 2984 1770 3037 διὸ
1873 3012 1875 3020 ι

1765 3007 1770 3033 ,
1873 2968 2103 3025 Paulum
2141 2974 2362 3042 quidem
2396 2993 2523 3035 esse
2553 2980 2752 3050 solum,
2789 2984 3059 3054 plurimos
3084 3000 3267 3048 autem
3299 3010 3431 3067 apo-

210 3075 416 3142 πλῆθος
465 3074 799 3146 ἐπεισήγαγε
834 3076 931 3129 σὺν
976 3074 1144 3144 αὐτῷ,
1205 3076 1299 3128 καὶ
1347 3075 1447 3144 οὐχ
1496 3074 1683 3145 ὥσπερ
1711 3077 1769 3127 ἐν
1875 3084 1876 3111 λ

1766 3093 1769 3115 ι
1875 3060 2064 3119 stolos.
2100 3061 2231 3119 Eam
2256 3068 2328 3123 ob
2367 3085 2481 3125 rem
2516 3075 2924 3134 multitudinem
2967 3097 3075 3137 una
3112 3100 3299 3141 secum
3333 3060 3432 3144 ad-

211 3166 463 3233 ἑτέραις,
488 3165 522 3236 ἢ
546 3163 754 3228 Παῦλος
784 3167 963 3235 μόνον,
983 3167 1017 3235 η
1051 3165 1260 3228 Παῦλος
1308 3166 1398 3218 καὶ
1427 3165 1712 3237 Τιμόθεος,
1733 3167 1768 3237 ἢ
1801 3200 1848 3265 c
1876 3182 1877 3189 ‘

1801 3151 2071 3265 cduxit:
2144 3172 2252 3212 non
2308 3171 2513 3226 autem,
2568 3167 3034 3235 quemadmodum
3086 3175 3143 3229 in
3183 3177 3433 3247 epistolis

212 3260 305 3312 καὶ
332 3259 636 3321 Σιλουανός.

290 3455 307 3486 ι
347 3436 481 3497 Ταῖς
518 3434 865 3504 Ἐκκλησίαις
891 3435 990 3505 τῆς
1014 3436 1306 3499 Γαλατίας.
1339 3456 1357 3488 ι

287 3528 540 3579 Δείκνυσι
593 3526 656 3577 τὸ
702 3527 993 3594 ἀναγκαῖον
1050 3527 1145 3595 τῆς
1209 3528 1523 3598 ἐπιστολῆς,
1557 3530 1655 3583 Ῑότι
1710 3533 1769 3583 ού

221 3622 318 3694 μία
345 3623 727 3676 κινδυνεύουσα
766 3622 1059 3691 Ἐκκλησία
1118 3623 1336 3695 ἡγειρεν
1364 3624 1527 3677 αὐτοῦ
1562 3626 1661 3696 τὴν
1688 3643 1773 3679 το-

218 3715 421 3785 σαύτην
446 3714 701 3784 σπουδὴν,
729 3714 866 3767 ἀλλά
909 3714 1110 3784 πλῆθος
1156 3715 1508 3786 Ἐκκλησιῶν.

289 3906 309 3938 ι
350 3888 522 3958 Χάρις
550 3888 677 3956 ὑμῖν
717 3889 809 3940 καὶ
837 3889 1028 3959 εἰρήνη
1090 3890 1198 3941 ἀπὸ
1254 3889 1389 3943 Θεοῦ
1434 3892 1644 3961 Πατρὸς
1680 3910 1751 3947 κα

214 3975 420 4047 Κυρίου
464 3974 637 4044 Ἰησοῦ
663 3977 915 4045 Χριστοῦ.
950 3996 969 4027 ι

280 4065 564 4134 Πανταχοῦ
624 4066 719 4134 μέν
778 4064 934 4119 τοῦτο
973 4066 1187 4137 τίθησι,
1246 4068 1480 4138 μάλιστα
1500 4068 1556 4122 δὲ
1598 4069 1743 4124 Γαλά

213 4173 333 4217 ταις
380 4155 711 4210 ἐπιστέλλων
757 4156 873 4221 νῦν,
924 4158 1111 4225 ἐπειδὴ
1165 4159 1264 4226 τῆς
1316 4161 1534 4227 χάριτος
1560 4162 1769 4213 ἐκινδύ-

215 4266 368 4301 νευον
391 4248 661 4313 ἐκπεσεῖν,
691 4247 752 4299 τὸ
775 4247 937 4300 πάλιν
960 4247 1134 4301 ἐλθεῖν
1157 4249 1597 4320 περιτέμνεσθαι.

289 4447 309 4480 ι
343 4425 451 4479 Τοῦ
479 4424 658 4487 δόντος
693 4423 880 4476 ἐαυτὸν
913 4423 1051 4494 ὑπὲρ
1078 4423 1187 4477 τῶν
1236 4426 1518 4497 ἁμαρτιῶν
1542 4428 1714 4497 ἡμῶν.
1742 4447 1760 4479 ι

281 4603 535 4671 Μυρῖοις,
570 4603 753 4672 φησὶν,
785 4606 1200 4676 περιεπάρημεν
1252 4612 1462 4673 κακοῖς,
1520 4614 1612 4665 καὶ
1666 4612 1761 4682 τῆς

215 4695 448 4763 ἐσχάτης
481 4690 621 4763 ἦμεν
649 4693 937 4748 ὑπεύθυνοι
995 4697 1263 4760 κολάσεως
1293 4716 1306 4728 ’
1349 4701 1441 4752 καὶ
1470 4705 1497 4754 ό
1532 4703 1630 4771 μὲν
1685 4704 1767 4756 νό-

218 4802 313 4853 μος
345 4786 406 4836 ού
437 4785 597 4853 μόνον
632 4786 693 4837 ού
724 4785 1076 4853 κατήλλαξεν,
1115 4787 1251 4842 ἀλλά
1271 4792 1364 4843 καὶ
1387 4797 1762 4858 κατεδίκασεν,

214 4878 272 4928 τὸ
310 4875 411 4945 μὲν
448 4875 752 4945 ἁμάρτημα
802 4879 1032 4948 φανερὸν
1080 4880 1358 4946 καθιστὰς,
1403 4884 1763 4955 ἐλευθερῶσαι

212 4966 264 5019 δὲ
290 4968 391 5019 οὐκ
432 4966 648 5035 ἰσχύων,
677 4968 798 5021 οὐδὲ
837 4967 1041 5047 παῦσαι
1091 4970 1183 5023 τοῦ
1234 4972 1367 5025 Θεοῦ
1415 4975 1511 5046 τὴν
1570 4976 1761 5047 ὀργήν.

223 5058 277 5112 ὐ
304 5059 363 5111 δὲ
394 5059 522 5121 Υἱὸς
549 5059 642 5111 τοῦ
670 5059 804 5113 Θεοῦ
824 5099 839 5123 ,
866 5063 958 5115 καὶ
1060 5062 1317 5118 ἀδύνατον
1342 5044 1563 5120 δυνατὸν
1583 5044 1765 5139 ἐποίη-

215 5168 291 5215 σε,
315 5152 415 5215 τὰς
468 5153 739 5222 ἁμαρτίας
784 5154 969 5221 λύσας,
998 5157 1089 5209 καὶ
1119 5158 1243 5221 τοὺς
1272 5158 1498 5227 ἐχθροὺς
1522 5162 1579 5212 ἐν
1614 5160 1762 5226 τάξει

214 5244 379 5311 φίλων
408 5246 648 5315 καταστή
657 5262 771 5307 σας.
898 5267 903 5272 ·

285 5354 305 5385 ι
342 5330 832 5405 Ὀπωςέξέληται
883 5341 1030 5408 ἡμᾶς
1078 5342 1142 5393 ἐκ
1199 5342 1292 5395 τοῦ
1343 5343 1534 5418 αἰῶνος
1599 5363 1761 5398 πονη-

216 5425 327 5493 ροῦ.
361 5444 379 5476 ι

281 5518 353 5568 Οὐ
383 5517 472 5568 τὸν
501 5517 688 5586 χρόνον
717 5514 867 5571 εἶπεν
890 5558 903 5582 ,
944 5520 1080 5573 ἀλλά
1106 5523 1203 5593 τὴν
1225 5531 1252 5559 ν
1284 5525 1561 5592 παροῦσαν
1620 5524 1763 5596 ζωὴν

218 5622 345 5678 πονη
356 5608 455 5677 ρὰν
476 5608 721 5663 ἐκάλεσε.

1878 3244 2023 3310 aliis,
2052 3258 2145 3302 aut
2175 3248 2377 3309 Paulus
2411 3255 2564 3311 solus
2603 3261 2977 3331 praemittitur,
3026 3274 3123 3321 aut
3146 3244 3352 3327 Paulus
3377 3283 3433 3328 et

1872 3335 2217 3409 Timotheus,
2254 3344 2363 3399 imo
2390 3348 2552 3403 etiam
2591 3351 2869 3410 Silvanus.

1946 3446 1964 3478 ι
2004 3427 2266 3488 Ecclesiis
2299 3432 2543 3492 Galatiae.
2584 3459 2603 3491 ι

1944 3517 2229 3589 Significat
2258 3541 2380 3594 quae
2409 3532 2709 3586 necessitas
2760 3547 2978 3603 urgeret
3006 3537 3281 3597 scribendi
3311 3546 3428 3615 epi-

1872 3610 2104 3677 Stolam;
2168 3616 2314 3683 quod
2379 3634 2572 3691 nempe
2617 3639 2725 3678 non
2758 3626 2921 3681 unius
2958 3626 3220 3688 Ecclesia
3244 3610 3429 3705 cujus-

1870 3701 1995 3755 dam
2030 3704 2351 3772 discrimen,
2387 3719 2601 3767 tantum
2656 3715 2761 3771 sibi
2813 3718 3060 3776 studium
3118 3701 3429 3797 suggessis-

1870 3802 1978 3857 set,
2010 3795 2104 3850 sed
2132 3798 2428 3854 multarum
2458 3803 2644 3859 simul.

1942 3885 2108 3942 Vens.
2136 3890 2189 3943 '5.
2227 3909 2245 3939 ι
2302 3890 2493 3948 Gratia
2542 3896 2698 3952 vobis
2722 3907 2776 3954 et
2825 3914 2929 3970 pax
2961 3914 2992 3955 a
3033 3900 3142 3959 Deo
3184 3902 3346 3964 Patre
3375 3917 3430 3965 et

1874 3974 2105 4035 Domino
2135 3979 2263 4037 Jesu
2297 3983 2542 4042 Christo.
2580 4007 2597 4038 ι

1939 4068 2052 4127 Hoc
2114 4076 2332 4139 quidem
2397 4081 2599 4146 ubique
2653 4086 2860 4149 passim
2912 4087 3090 4153 ponit,
3136 4089 3193 4141 in
3235 4092 3430 4158 primis

1868 4170 2001 4212 vero
2028 4158 2163 4213 dum
2192 4160 2257 4214 ad
2297 4161 2521 4219 Galatas
2550 4168 2765 4235 scribit,
2799 4172 2930 4241 quia
2976 4175 3278 4244 periculum
3309 4191 3428 4235 erat

1870 4262 1938 4302 ne
1992 4264 2022 4301 a
2071 4252 2248 4320 gratia
2299 4255 2640 4325 exciderent,
2697 4261 2746 4316 si
2800 4261 3001 4318 iterum
3064 4266 3427 4327 circumcide-

1871 4350 2081 4394 rentur.

1944 4431 2112 4489 Vens.
2148 4436 2204 4498 4,
2237 4437 2288 4494 5.
2323 4456 2342 4488 ι
2376 4438 2480 4505 Qui
2525 4441 2676 4498 dedit
2721 4448 3077 4520 semetipsum
3110 4468 3209 4523 pro
3234 4470 3425 4527 pecca-

1796 4528 1841 4583 D
1870 4526 1939 4581 tis
1978 4529 2203 4581 nostris.
2240 4549 2257 4580 ι

1950 4617 2257 4675 lnnutneris
2315 4624 2367 4676 in
2430 4626 2588 4681 malis
2637 4629 2899 4700 implicati
2948 4648 3189 4702 eramus,
3246 4650 3424 4695 extre-

1868 4711 2083 4779 misque
2132 4715 2421 4783 suppliciis
2479 4718 2750 4776 obnoxii:
2791 4723 2875 4777 lex
2930 4740 3060 4781 vero
3108 4742 3219 4783 non
3262 4732 3425 4785 modo

1871 4817 1979 4855 non
2016 4807 2407 4870 reconciliavit,
2455 4809 2590 4878 quin
2624 4820 2679 4866 et
2724 4815 3142 4883 condemnavit;
3191 4834 3425 4889 cumque

1870 4904 2156 4969 peccatum
2191 4897 2306 4952 haec
2333 4900 2509 4968 palam
2556 4903 2888 4971 traduceret,
2924 4911 3225 4967 conciliare
3258 4913 3424 4968 liber-

1870 4994 2035 5040 tatem
2068 5002 2178 5042 non
2209 4991 2440 5056 valebat,
2489 5010 2589 5050 nec
2639 4999 2777 5051 iram
2813 4997 2904 5053 Dei
2937 5001 3149 5057 sedare.
3196 5004 3264 5058 At
3296 5022 3425 5060 vero

1871 5074 1967 5130 Dei
2018 5076 2190 5133 Filius
2240 5081 2291 5134 id
2333 5082 2476 5151 quod
2521 5086 2780 5153 possibile
2830 5104 2939 5143 non
2992 5102 3159 5159 esset,
3184 5098 3427 5163 peccatis

1872 5168 2066 5224 deletis
2122 5173 2384 5240 possibile
2440 5177 2697 5241 reddidit,
2735 5190 2851 5235 tum
2900 5184 3063 5237 etiam
3097 5200 3161 5240 ex
3191 5187 3426 5243 inimicis

1869 5262 2072 5317 amicos
2108 5263 2254 5319 fecit.

1946 5371 1963 5401 ι
2000 5352 2071 5407 Ut
2096 5358 2333 5425 eriperet
2363 5374 2463 5415 nos
2491 5360 2557 5415 de
2585 5365 2811 5421 saeculo.
2846 5385 2865 5417 ι

1951 5528 2067 5583 Non
2112 5542 2325 5601 tempus
2364 5535 2564 5604 innuit,
2600 5541 2692 5595 sed
2740 5544 2903 5597 vitam
2955 5552 3273 5614 praesentem
3327 5545 3428 5599 im-

1871 5624 2094 5691 probam
2130 5626 2438 5692 appellavit.

1473 5730 1698 5788 VARIAS
1737 5736 2134 5792 LECTIONILS.

312 5815 551 5869 *Ἄλλὰ
584 5816 716 5881 τήν.
760 5816 963 5875 Vereor
1000 5838 1065 5876 ne
1097 5824 1467 5893 exceptionem
1508 5842 1671 5895 quam
1723 5831 1997 5887 interserit
2028 5833 2470 5905 Chrysostomus,
2510 5857 2608 5911 pro
2642 5856 2981 5906 expositione
3025 5846 3223 5906 Noster
3274 5864 3431 5906 acce-

492 5909 758 5970 ΡΑτιιοι.
790 5914 903 5971 Gs.
935 5914 1107 5975 XCV.

3026 5940 3099 6000 25
