4218 6448
764 408 866 470 775

1932 407 1995 465 ὃ.
2030 401 2348 464 JOANNIS
2385 403 2804 463 DAMASCENI

3881 407 3988 469 780

841 535 861 568 ε
903 516 1165 574 Prtesenti
1211 531 1481 587 nequam,
1519 515 1823 570 secundum
1860 520 2196 570 voluntatem
2235 514 2325 568 Dei
2355 527 2400 581 Α

2317 514 2400 581 ὶΑ
2507 535 2524 566 ι
2567 517 2673 568 Τοῦ
2733 517 3024 578 ἐνεστῶτος
3073 517 3307 584 πονηροῦ
3352 518 3492 570 κατὰ
3538 517 3597 568 τὸ
3641 516 3849 588 θέλημα
3890 518 3983 569 τοῦ

763 619 817 662 et
846 608 1027 666 Patris
1059 611 1230 664 nostri
1263 629 1276 662 :
1310 609 1400 662 cui
1453 615 1542 664 est
1567 607 1742 678 gloria
1776 609 1828 660 in
1858 610 2053 661 s:--(-ula
2088 606 2324 660 saeculo-

765 715 906 754 rmn.
939 701 1133 754 Amen.
1178 717 1196 750 ι

825 788 993 844 Malas
1018 791 1262 844 actiones
1291 790 1446 850 dicit,
1483 789 1770 842 distortam
1802 787 2155 842 voluntatem.

829 964 994 1021 Vens.
1027 965 1081 1029 6,
1111 965 1162 1019 7.
1197 982 1216 1015 ι
1256 966 1422 1019 Miror
1450 967 1595 1034 quod
1627 968 1705 1017 sic
1737 972 1846 1017 tam
1879 963 1989 1018 cito
2034 962 2313 1018 transl’eri-

761 1057 891 1110 mini
918 1057 987 1110 ab
1015 1071 1083 1109 eo
1110 1058 1202 1126 qui
1250 1073 1348 1111 vos
1391 1056 1604 1112 vocavit
1653 1055 1705 1107 in
1757 1055 1991 1125 gratiam
2030 1055 2259 1112 Christi.
2292 1075 2309 1105 ι

833 1142 946 1198 Hoc
973 1145 1130 1206 mihi.
1185 1147 1382 1216 inquit,
1429 1155 1710 1214 stuporem
1741 1145 1974 1209 creavit,
2007 1147 2153 1212 quod
2188 1161 2310 1199 cum

760 1235 1080 1304 mysterium
1113 1237 1300 1304 gratiae
1327 1234 1412 1287 sic
1450 1233 1630 1287 edocti
1655 1243 1870 1300 essent,
1901 1246 1957 1288 ut
1983 1245 2036 1289 et
2059 1237 2314 1290 doctores

761 1325 878 1380 ﬂeri
927 1336 1155 1395 possent
1195 1327 1450 1388 aliorum,
1480 1323 1536 1378 hi
1597 1335 1710 1379 tam
1748 1325 1908 1380 lacile
1941 1328 2320 1396 deceptorihus

760 1419 1210 1473 auscultaverint.

834 1610 853 1640 ε
890 1593 947 1645 In
984 1589 1131 1644 aliud
1181 1589 1559 1657 Evangelium,
1608 1590 1753 1660 quod
1802 1607 1909 1643 non
1963 1603 2046 1645 est
2096 1593 2264 1645 aliud.
2296 1611 2314 1642 ι

832 1683 998 1755 158
1029 1683 1162 1737 Nam
1214 1696 1274 1738 ut
1303 1684 1498 1738 Petrus
1543 1684 1681 1738 dicit
1727 1703 1741 1738 :
1782 1683 1903 1737 Non
1952 1695 2026 1738 est
2055 1686 2203 1738 aliud
2235 1704 2320 1739 no-

759 1790 875 1829 men
918 1777 1014 1828 sub
1057 1776 1185 1829 caelo
1223 1777 1408 1828 datum
1456 1775 1780 1839 hominibus,
1835 1778 1891 1828 in
1934 1794 2035 1844 quo
2087 1785 2321 1844 oporteat

760 1882 856 1918 nos
888 1865 1060 1919 salvos
1093 1867 1210 1926 ﬁeri
1223 1922 1226 1926 ,
1239 1867 1306 1920 ’⁸.

835 1975 855 2007 ι
891 1955 1004 2010 Nisi
1050 1958 1219 2027 aliqui
1263 1969 1419 2022 sunt,
1470 1959 1564 2027 qui
1614 1974 1714 2012 vos
1762 1958 2119 2022 conturbant,
2147 1968 2201 2011 et
2231 1973 2321 2012 vo-

760 2050 879 2104 lunt
903 2061 1229 2104 convertere
1264 2047 1616 2120 Evangelium
1643 2048 1874 2104 Christi.
1905 2067 1923 2100 ι

828 2138 999 2195 Recte
1031 2140 1129 2203 ait,
1161 2139 1252 2210 qui
1282 2157 1372 2193 vos
1405 2141 1749 2205 conturbant,
1784 2154 1926 2202 non,
1960 2141 2054 2208 qui
2088 2139 2320 2206 docent;

761 2241 820 2286 ut
847 2231 1103 2287 ostendat
1127 2246 1247 2286 eam
1278 2247 1393 2287 rem
1429 2247 1636 2286 meram
1663 2246 1788 2287 esse
1817 2232 2217 2301 dei-cptionem.

832 2325 996 2380 Vsus.
1029 2325 1083 2378 8.
1119 2324 1172 2378 9.
1236 2343 1255 2376 ι
1310 2325 1420 2380 Sed
1455 2327 1586 2380 licet
1645 2342 1768 2389 nos,
1831 2335 1927 2380 aut
1977 2327 2207 2396 angelus
2255 2326 2325 2382 de

761 2421 906 2473 caelo
936 2418 1280 2488 evangelizet
1312 2418 1471 2472 vobis
1518 2429 1883 2488 praeterquam
1913 2418 2061 2488 quod
2091 2432 2326 2486 evange-

763 2511 1051 2564 Iizavimus
1082 2511 1260 2572 vobis,
1295 2511 1588 2564 anathema
1619 2511 1713 2564 sit.
1753 2508 1910 2566 Sicut
1945 2509 2323 2580 praediximus,

763 2613 815 2656 et
847 2617 998 2656 nunc
1026 2602 1220 2656 iterum
1249 2602 1411 2655 dico:
1446 2601 1493 2654 si
1523 2600 1650 2670 quis
1685 2599 1839 2654 vobis
1866 2597 2327 2669 evangelizaverit

765 2703 959 2766 praeter
983 2694 1034 2744 id
1065 2692 1210 2762 quod
1239 2691 1551 2760 accepistis,
1583 2689 1874 2743 anathema
1905 2689 1996 2743 sit.
2037 2707 2056 2740 ε

837 2785 969 2840 Vide
1025 2783 1376 2853 prudentiam
1427 2781 1723 2851 Apostoli:
1784 2779 1864 2836 Ne
1917 2781 2043 2850 quis
2099 2780 2324 2845 diceret,

765 2895 887 2934 cum
938 2877 1120 2932 inanis
1167 2875 1356 2947 gloriae
1393 2875 1671 2930 desiderio
1706 2873 1926 2945 propria
1963 2874 2165 2944 placita
2193 2887 2323 2927 ven-

766 2973 964 3035 ditare,
993 2977 1167 3024 semet
1195 2968 1531 3022 anathemati
1564 2969 1835 3023 devovere
1878 2980 1987 3021 non
2031 2965 2328 3021 dubitavit.

767 3062 832 3116 Et
861 3061 992 3132 quia
1021 3060 1102 3114 illi
1137 3060 1202 3114 ad
1232 3059 1594 3113 auctoritates
1620 3057 2034 3128 confugiebant,
2060 3055 2328 3111 Joannem

2426 607 2561 660 θεοῦ
2597 610 2694 660 καὶ
2731 609 2942 677 Πατρδς
2979 609 3156 678 ἡμῶν,
3189 602 3233 675 ᾧ
3259 611 3292 679 ἡ
3323 608 3447 671 δόξα
3471 611 3549 671 εἰς
3594 610 3721 670 τοὺς
3782 609 3985 670 αίῶνας

2423 701 2530 751 τῶν
2563 698 2801 752 αἰώνων·
2835 701 3024 771 Ἀμήν.
3057 719 3075 750 ι

2517 793 2612 853 Ι’ἀς
2659 794 2886 860 πράξεις
2917 793 3062 860 λέγει
3094 793 3191 855 τὰς
3223 792 3482 862 πονηρὰς,
3523 792 3618 861 τὴν
3667 792 3986 858 προαίρεσιν

2424 883 2521 952 τὴν
2549 882 3011 954 διεστραμμένην.
3499 937 3503 940 .

2504 991 2521 1022 ι
2556 973 2828 1041 Θαυμάζω
2883 975 2964 1026 ὅτι
3009 973 3151 1026 οὕτω
3196 973 3407 1042 ταχέως
3464 973 3812 1043 μετατίθεσθε
3880 974 3986 1025 ἀπὸ

2427 1063 2520 1116 τοῦ
2551 1065 2873 1126 καλέσαντος
2901 1067 3042 1134 ὑμᾶς
3077 1070 3134 1117 ἐν
3152 1068 3332 1136 χάριτι
3357 1067 3614 1136 Χριστοῦ.
3647 1084 3664 1115 ι

2498 1155 2668 1208 Τοῦτό
2725 1173 2832 1225 μοι,
2881 1159 3035 1226 φησὶ,
3109 1158 3208 1228 τὴν
3260 1156 3459 1224 πολλὴν
3510 1157 3767 1222 ἔκπληξιν
3813 1158 3974 1226 ἧγειο

2428 1265 2537 1316 ρεν,
2593 1249 2673 1302 ὅτι
2705 1250 2752 1301 οί
2785 1249 2957 1308 οὕτως
2989 1248 3049 1300 τὸ
3075 1249 3175 1316 τῆς
3219 1249 3439 1318 χάριτος
3498 1247 3832 1316 διδαχθέντες
3874 1265 3978 1317 μυ·

2424 1341 2676 1409 στήριον,
2727 1339 2803 1402 ὡς
2847 1338 3108 1391 δύνασθαι
3153 1341 3249 1390 καὶ
3304 1339 3505 1408 ἑτέρων
3540 1337 3844 1392 διδάσκαλοι
3893 1337 3980 1403 γί-

2421 1436 2622 1495 νεσθαι,
2653 1425 2798 1484 οὗτοι
2846 1430 3086 1500 εὐχερῶς
3118 1429 3290 1492 οὕτως
3335 1433 3448 1492 τοῖς
3488 1429 3734 1482 ἀπατῶσι
3773 1429 3986 1481 πείθον-

2418 1539 2526 1575 ται.

2508 1631 2525 1660 ε
2574 1611 2664 1673 Εἰς
2684 1611 2871 1682 ἓτερον
2905 1609 3257 1676 Εὖαγγέλιον,
3288 1607 3434 1660 δοὺκ
3463 1607 3608 1660 ἔστιν
3633 1607 3779 1661 ἄλλο.
3808 1626 3826 1656 ε

2499 1701 2586 1762 ’ος
2607 1703 2716 1770 γὰρ
2735 1704 2763 1753 ὁ
2786 1700 2988 1770 Πέτρος
3016 1699 3180 1768 φησιν
3199 1740 3214 1764 ,
3250 1700 3332 1750 ὅτι
3391 1700 3512 1750 Οὐκ
3564 1699 3734 1751 ἔστιν
3779 1697 3987 1762 ἕτερον

2421 1790 2608 1858 ὄνομα
2637 1793 2756 1843 ὑπὸ
2793 1791 2900 1841 τὸν
2933 1788 3192 1854 οὐρανὸν
3216 1791 3283 1842 τὸ
3313 1789 3634 1857 δεδομένον
3659 1789 3727 1841 ἐν
3765 1788 3987 1854 ἀνθρώ-

2351 1873 2393 1928 Β
2421 1899 2587 1948 ποις,
2613 1883 2683 1934 ἐν
2709 1875 2758 1946 ᾦ
2786 1881 2880 1934 δεῖ
2903 1880 3168 1948 σωθῆναι
3198 1880 3372 1950 ἡμᾶς.

2500 1994 2517 2025 ι
2553 1975 2614 2026 Εἰ
2646 1977 2720 2045 μή
2750 1973 2896 2035 τινές
2925 1974 3062 2025 εἰσιν
3088 1973 3136 2025 oi
3160 1973 3522 2041 ταράσσοντες
3574 1973 3736 2041 ὑμᾶς.
3781 1975 3873 2024 καὶ
3899 1972 3992 2025 θέ-

2422 2069 2606 2128 λοντες
2668 2065 3038 2135 μεταστρέψαι
3065 2066 3128 2118 τὸ
3157 2065 3491 2132 Εὑαγγέλιον
3531 2065 3625 2118 τοῦ
3659 2065 3912 2135 Χριστοῦ.
3958 2084 3976 2114 ε

2493 2153 2566 2212 Εὖ
2629 2157 2724 2222 τὸ,
2793 2154 3203 2224 ταράσσοντες
3228 2194 3244 2220 ,
3301 2155 3364 2208 οὐ
3419 2155 3756 2218 διδάσκοντες
3780 2197 3793 2219 ,
3859 2155 3982 2206 οὐδὲ

2424 2247 2700 2310 πείθοντες
2718 2265 2732 2280 ο
2762 2248 2846 2300 {va
2861 2247 3006 2318 δείξῃ
3036 2246 3249 2316 ἀπάτης
3268 2247 3432 2317 μόνης
3447 2246 3508 2299 τὸ
3540 2247 3772 2316 πρᾶγμα
3797 2247 3880 2299 δν.

2501 2359 2518 2392 ι
2559 2339 2718 2393 Ἀλλά
2777 2340 2870 2393 καὶ
2925 2341 3019 2392 ἐὰν
3057 2341 3215 2410 ἡμεῖς
3242 2340 3277 2408 ἢ
3303 2339 3530 2406 ἄγγελος
3559 2337 3619 2401 ἐξ
3641 2337 3870 2406 οὐρανοῦ
3894 2336 3985 2388 εὑ-

2425 2432 2778 2502 αγγελίζηται
2809 2434 2942 2499 παρ’
2977 2431 3007 2484 ὃ
3035 2429 3507 2502 εὐηγγελισάμεθα
3545 2431 3672 2498 ὑμῖν
3696 2467 3711 2490 ,
3743 2427 3988 2494 ἀνάθεμα

2427 2527 2586 2580 ἔστω.
2625 2527 2711 2588 Ὠς
2753 2527 3181 2596 προειρήκαμεν,
3231 2525 3326 2576 καὶ
3374 2523 3499 2594 άρτι
3536 2521 3699 2574 πάλιν
3743 2520 3902 2587 λέγω
3937 2518 3992 2570 εἴ

2425 2635 2508 2682 τις
2543 2619 2686 2688 ὑμᾶς
2712 2617 3120 2685 εὐαγγελίζεται
3153 2618 3283 2687 παρ’
3302 2615 3332 2668 ὃ
3359 2613 3720 2686 παρελάὸετε,
3743 2609 3990 2679 ἀνάθεμα

2428 2712 2586 2762 ἔστω.
2624 2731 2644 2761 ι

2502 2804 2641 2872 Ὅρα
2680 2801 2892 2853 σύνεσιν
2919 2801 3300 2870 ἀποστολικην·
3339 2801 3458 2852 Ἰνα
3482 2799 3591 2868 γὰρ
3622 2798 3696 2868 μή
3724 2813 3807 2858 τις
3834 2794 3988 2863 λέγῃ,

2429 2897 2512 2948 ὅτι
2565 2893 2870 2960 κενοδοξίας
2923 2892 3109 2944 ἕνεκεν
3133 2891 3201 2942 τά
3227 2889 3335 2942 ίδια
3390 2891 3680 2957 συγκρατεῖ
3723 2887 3992 2954 δόγματα,

2431 2984 2524 3038 καὶ
2583 2983 2742 3037 αὑτὸν
2789 2982 3198 3050 ἀνεθεμάτισενο
3253 2977 3442 3048 ἐπειδὴ
3474 2962 3545 3029 ’δὲ
3594 2977 3672 3038 είς
3705 2973 3999 3044 ἀξιώματα

2432 3076 2758 3143 κατέφυγον,
2805 3073 3062 3126 Ἰάκωϐον
3101 3073 3196 3124 καὶ
3227 3070 3498 3140 Ἰωάννην,
3545 3068 3634 3120 διὰ
3685 3063 3842 3119 τοῦτο
3893 3064 3993 3116 καὶ

766 3162 895 3225 puta
918 3161 974 3208 et
1002 3151 1310 3215 Jacobum;
1339 3166 1459 3204 eam
1495 3150 1567 3204 ob
1598 3165 1709 3204 rem
1745 3148 1967 3217 angelos
1991 3162 2325 3202 commemo-
2358 3217 2398 3237 η

2358 3217 2398 3237 η
2432 3169 2677 3237 ἀγγέλων
2744 3167 3011 3236 ἐμνήσθη.
3096 3164 3188 3234 Μὴ
3239 3163 3348 3232 γάρ
3403 3177 3493 3230 μοι
3529 3155 3783 3211 Ἰάκωϐον
3832 3155 3993 3225 εἴπῃς

767 3217 928 3301 ravit.
969 3243 1158 3314 Neque
1202 3243 1348 3298 enim
1394 3241 1532 3296 mihi
1577 3239 1842 3295 Jacobum
1876 3249 1929 3294 et
1952 3239 2216 3294 Joannem
2248 3241 2325 3293 ci-
2357 3217 2400 3275 ε

2357 3217 2400 3275 c
2435 3217 2529 3316 κάί
2604 3217 2881 3328 Ἰωάννηνῖ
2955 3217 3072 3312 Ιξᾶν
3119 3217 3263 3327 γάρ.
3295 3217 3417 3308 τῶν.
3458 3250 3689 3321 πρώτων
3748 3217 3991 3316 ἀγγέλων

768 3336 975 3392 taveris
1002 3352 1016 3389 :
1055 3349 1186 3396 nam
1209 3333 1463 3404 quamvis
1488 3347 1554 3386 ex
1582 3331 1920 3401 primoribus
1945 3329 2154 3400 angelis
2187 3344 2330 3383 unus

768 3430 860 3496 sit,
892 3429 990 3499 qui
1040 3426 1484 3500 praedicationem
1550 3425 1861 3487 labelactet,
1922 3423 2012 3477 ille
2072 3424 2146 3477 sit
2199 3436 2326 3475 ana-

770 3519 1005 3664 ὠῗέἒεῖ
1051 3608 1141 3664 10.
1172 3625 1192 3659 ι
1251 3605 1412 3661 Modo
1444 3606 1594 3660 enim
1634 3605 1955 3660 hominibus
2001 3605 2226 3670 suadeo,
2264 3621 2331 3658 an

771 3699 977 3756 Deo?»

837 3792 975 3848 Nam
1005 3793 1108 3850 etsi
1132 3791 1250 3848 haec
1273 3790 1524 3847 docendo
1547 3804 1642 3846 vos
1665 3790 1881 3862 decipio
1901 3833 1915 3856 ,
1949 3792 2126 3862 inquit
2149 3833 2164 3856 ,
2193 3807 2334 3846 uun-

769 3887 903 3960 quid
941 3895 998 3944 et
1040 3884 1155 3942 Deo
1181 3885 1393 3940 valeam
1423 3883 1730 3955 imponere,
1762 3883 1854 3938 cui
1885 3891 2172 3954 perspecta
2201 3893 2328 3938 sunt

771 3993 972 4036 arcana
1013 3976 1394 4049 cogitationis,
1439 3983 1495 4031 et
1523 3975 1612 4031 cui
1641 3989 1738 4046 per
1777 3975 1960 4030 omnia
1995 3978 2219 4046 placere
2249 3982 2327 4030 to-

769 4071 844 4128 tls
876 4067 1078 4128 studiis
1106 4067 1408 4123 contendo.

846 4180 866 4215 ε
899 4160 957 4217 Si
995 4158 1178 4215 adhuc
1227 4154 1544 4212 hominibus
1574 4154 1864 4226 placerem,
1901 4170 2095 4211 servus
2132 4155 2336 4214 Christi

774 4267 882 4309 non
919 4264 1124 4308 essem.
1162 4246 1355 4322 [νεεε.
1392 4244 1506 4318 ιι]
1540 4245 1742 4302 Notum
1787 4247 1935 4301 enim
1970 4247 2130 4302 vobis
2163 4245 2330 4312 facio,

776 4344 994 4409 l'ratres,
1019 4340 1396 4411 Evangelium,
1427 4337 1576 4411 quod
1597 4339 2030 4409 evangelizatum
2058 4346 2144 4395 est
2172 4353 2202 4394 a
2229 4353 2337 4401 me.

775 4435 905 4506 quia
932 4446 1045 4489 non
1072 4441 1159 4488 est
1191 4429 1496 4488 secundum
1531 4429 1838 4485 hominem.
1877 4449 1896 4483 ι

2431 3356 2584 3435 ᾖτιςο
2609 3359 2794 3428 φησὶν,
2823 3354 3148 3423 διαφθείρων
3166 3353 3228 3404 τὸ
3247 3352 3530 3420 κήρυγμα,
3553 3345 3802 3414 ἀνάθεμα
3823 3343 3988 3396 ἔστω.

2508 3641 2526 3672 ι
2567 3621 2724 3693 Ἀρτι
2747 3618 2858 3688 γὰρ
2896 3615 3218 3686 ἀνθρώπους
3251 3611 3424 3664 πείθω
3443 3651 3458 3674 ,
3480 3610 3529 3692 ’ἢ
3553 3610 3644 3662 τὸν
3666 3607 3835 3673 Θεόνς
3862 3623 3886 3658 ε

2508 3803 2569 3856 Εἰ
2604 3802 2698 3855 καὶ
2730 3801 2874 3870 ὑμᾶς
2897 3798 3144 3868 ἡπάτων,
3171 3794 3327 3863 φησὶ,
3367 3791 3543 3845 ταῦτα
3571 3789 3763 3858 λέγων,
3798 3786 3877 3857 μὴ
3901 3789 3992 3840 καὶ

2433 3896 2525 3949 τὸν
2549 3895 2682 3948 Θεδν
2713 3888 3186 3963 παραλογίσασθαι
3218 3885 3476 3956 δύναμαι.
3507 3883 3600 3936 τὸν
3617 3882 3686 3936 τά
3707 3880 3994 3952 ἀπόρρητα

2435 3989 2534 4056 τῆς
2561 3984 2798 4048 διανοίας
2824 3983 3023 4045 εἰδότα,
3055 3981 3149 4034 καὶ
3170 3972 3215 4049 ᾧ
3243 3977 3394 4032 πᾶσά
3425 3993 3516 4049 μοι
3554 3973 3756 4045 σπουδὴ
3775 3974 3871 4028 καὶ
3904 3973 3994 4027 διά

2438 4078 2654 4132 πάντων
2682 4075 2941 4147 ἀρέσκειν
2965 4091 2980 4140 ;

2521 4186 2540 4219 ι
2577 4167 2641 4220 El
2700 4166 2781 4216 ιτι
2839 4162 3144 4232 ἀνθρώποις
3192 4163 3466 4231 ἤρεσκον.
3517 4155 3754 4232 Χριστοῦ
3808 4153 3993 4219 δοῦλος

2439 4259 2505 4312 ἂν
2527 4258 2694 4329 ήμην.
2762 4251 3018 4324 Γνωρίζω
3060 4251 3169 4320 γάρ
3217 4251 3367 4322 ὑμῖν,
3398 4248 3633 4317 ἀδελφοὶ,
3663 4247 3723 4302 τὺ
3748 4247 3991 4316 Εὐαγγέ-

2437 4351 2570 4414 λιον,
2595 4348 2656 4401 τὸ
2683 4341 3066 4414 εὐαγγελισθὲν
3117 4340 3206 4396 ὑπ’
3233 4341 3389 4412 ἐμοῦ,
3425 4344 3507 4397 δτι
3552 4339 3652 4395 οὐκ
3684 4339 3798 4393 εστι
3854 4339 3992 4394 κατά

2440 4442 2742 4513 ἄνθρωπον.
2766 4458 2785 4493 ε

851 4524 908 4580 Si
939 4523 1258 4580 hominibus
1294 4522 1510 4594 placere
1561 4520 1863 4588 studerem,
1911 4520 2092 4577 adhuc
2135 4530 2338 4577 starem
2371 4548 2416 4603 ι)

2328 4540 2416 4603 ιι)
2519 4535 2580 4588 Εἰ
2613 4533 2803 4603 ἧθελον
2838 4527 3146 4602 ἀνθρώποις
3201 4526 3416 4599 ἀρέσαι,
3487 4527 3672 4596 φησιν,
3726 4523 3807 4578 ἔτι
3859 4524 3994 4592 μετὰ

778 4630 810 4669 a
862 4612 1179 4670 Iudaeorum
1227 4611 1501 4682 partibus,
1531 4619 1585 4668 et
1612 4610 1919 4667 Ecclesiam
1970 4611 2340 4666 devastarem.

777 4706 918 4762 Cum
965 4717 1101 4760 vero
1133 4711 1305 4758 totam
1346 4710 1587 4775 gentem,
1618 4703 2061 4774 consanguineos
2095 4711 2149 4758 et
2178 4703 2342 4757 clari-

779 4803 950 4851 tatem
982 4797 1206 4864 generis
1234 4802 1567 4864 aspernatus
1604 4793 1732 4858 sim,
1785 4793 1968 4864 iisque
2000 4795 2345 4865 persecutio-

781 4903 902 4952 nes,
935 4887 1101 4954 hella,
1151 4885 1504 4956 quotidiauas
1555 4894 1761 4942 mortes
1789 4887 2194 4952 commutarim,
2221 4902 2346 4954 per-

783 4979 1041 5049 spicuum
1075 4986 1161 5033 est
1204 4992 1268 5031 ea
1303 4993 1428 5048 quae
1465 4993 1611 5034 nunc
1642 4977 1870 5042 allirmo,
1903 4993 2014 5033 non
2051 4979 2238 5048 gloriae
2277 4978 2346 5032 ah

785 5071 1102 5128 hominibus
1131 5071 1387 5141 paranda:
1415 5071 1592 5142 gratia
1625 5071 1757 5127 dici.
1793 5069 1919 5126 Hac
1950 5087 2116 5144 porro
2148 5072 2245 5135 ait,
2279 5087 2345 5126 eo

784 5162 933 5233 quod
961 5162 1251 5232 pristinam
1304 5177 1458 5217 suam
1506 5163 1724 5217 vivendi
1780 5175 2054 5219 rationem
2112 5163 2346 5218 subinde

789 5261 1113 5308 narraturus
1165 5262 1305 5308 erat.
1355 5253 1435 5308 Ne
1479 5269 1612 5323 ergo
1662 5264 1946 5326 putarent,
1977 5256 2082 5309 hoc
2115 5271 2240 5310 eum
2267 5257 2348 5308 fa-

2453 4622 2722 4676 Ἰουδαίων
2763 4621 2931 4691 ἢμην,
2983 4618 3079 4672 καὶ
3119 4617 3219 4688 τὴν
3253 4615 3582 4686 Ἐκκλησίαν
3622 4612 3908 4684 ἐπόρθουν.
3935 4614 3996 4666 Et

2440 4714 2497 4768 δὲ
2525 4713 2708 4776 ἔθνους
2733 4711 3028 4781 ὁλοκλήρου
3056 4711 3151 4763 καὶ
3209 4706 3486 4777 συγγενῶν
3534 4707 3627 4760 καὶ
3667 4705 3824 4776 δόξης
3869 4721 3994 4758 κατ-

2446 4807 2747 4878 εφρόνησα,
2778 4803 2875 4857 καὶ
2921 4799 3336 4872 ἀντηλλαξάμην
3360 4799 3652 4868 διωγμοὺς,
3690 4797 3786 4850 καὶ
3838 4797 3994 4849 πολέ-

2448 4913 2602 4968 μους,
2634 4895 2728 4948 καὶ
2759 4893 3026 4956 θανάτους
3051 4890 3477 4962 καθημερινοὺς,
3518 4887 3738 4957 εὔδηλον
3775 4887 3858 4939 ὅτι
3907 4887 3996 4939 καὶ

2444 4988 2615 5043 ταῦτα
2641 4987 2676 5042 ἃ
2704 4987 2847 5054 λέγω
2873 4985 2989 5048 νῦν,
3017 4985 3078 5037 οὐ
3111 4983 3212 5052 τῆς
3229 4982 3341 5035 τῶν
3370 4980 3674 5051 ἀνθρώπιον
3713 4980 3996 5049 ἐφιέμενος

2446 5081 2598 5152 δόξης
2649 5079 2815 5147 λέγω.
2871 5077 3044 5130 Τοῦτο
3060 5076 3118 5130 δὲ
3147 5076 3390 5147 εἴρηκεν,
3443 5073 3626 5143 ἐπειδὴ
3675 5072 3859 5142 μέλλει
3910 5075 3998 5125 καί

2447 5173 2537 5225 τὸν
2592 5171 2854 5241 πρότερον
2908 5167 3072 5223 αὐτοῦ
3120 5166 3421 5237 διηγεῖσθαι
3454 5166 3586 5236 βίον.
3619 5165 3734 5217 Ἵνα
3783 5159 3879 5216 οὖν
3926 5164 3998 5232 μὴ

2449 5265 2762 5334 νομίσωσιν,
2791 5261 2875 5312 ὅτι
2904 5260 3085 5321 αὐτοῖς
3125 5257 3564 5327 ἀπολογούμενος
3618 5251 3781 5307 τοῦτο
3836 5256 3996 5310 ποιεί,

789 5362 914 5402 cere
941 5356 1002 5399 ut
1034 5362 1092 5401 se
1120 5346 1400 5412 defendat,
1437 5357 1600 5418 atque
1631 5349 1758 5404 inde
1808 5349 2178 5418 superhirent,
2229 5349 2352 5403 ideo
2452 5377 2455 5408 τ

2332 5365 2352 5401 )
2452 5361 2544 5410 καὶ
2576 5353 2909 5425 ὲπαρθῶσιν,
2947 5353 3034 5406 διὰ
3065 5350 3222 5404 τοῦτο
3249 5366 3433 5420 φησιν·
3455 5350 3617 5416 Ἄρτι
3644 5347 3751 5416 ’μὰρ
3780 5344 3998 5412 ἀνθρώ·

789 5439 933 5493 dixit
971 5456 984 5492 :
1022 5436 1206 5492 Adhuc
1234 5440 1372 5492 enim
1399 5440 1694 5494 hominibus
1735 5443 1951 5494 suadeo.

848 5554 896 5586 “
923 5555 1042 5608 Act.
1072 5569 1148 5616 tv,
1175 5552 1262 5606 ιε.

2456 5464 2488 5497 ,τ
2499 5465 2600 5510 ους
2632 5443 2830 5497 πείθω.

2101 5649 2333 5705 VARI/Ii
2365 5651 2763 5707 LECTIONES.
3310 5706 3318 5716 .

797 5742 957 5810 perit.
1001 5742 1266 5816 Caeterum
1286 5743 1608 5816 Damasceni
1637 5759 1835 5798 sensus
1866 5746 1939 5798 ita
1969 5745 2215 5800 redditur
2251 5747 2392 5816 apud
2421 5747 2839 5812 (Ecumenium,
2874 5757 2930 5801 ut
2963 5748 3214 5801 sa’rulttm
3247 5760 3477 5816 nequam
3517 5742 3656 5798 idem
3687 5755 3904 5813 quoque
3935 5741 4004 5794 sit

796 5828 961 5884 atque
999 5812 1367 5885 διεφθαρμένη
1406 5813 1538 5884 ζωὴ,
1569 5824 1817 5882 corrupta
1854 5815 1979 5868 vita.
