  <div class='ocr_page' id='page_1' title='image "/cluster/home/n/w/nwhite01/storage/ocr_20150623/95/nnc1.0046979816/396.png"; bbox 0 0 4218 6448; ppageno 0'>
   <div class='ocr_carea' id='block_1_1' title="bbox 199 370 288 438">
    <p class='ocr_par' dir='ltr' id='par_1_1' title="bbox 199 370 288 438">
     <span class='ocr_line' id='line_1_1' title="bbox 199 370 288 438; baseline 0 -1"><span class='ocrx_word' id='word_1_1' title='bbox 199 370 288 438; x_wconf 85' lang='lat'><strong>781</strong></span> 
     </span>
    </p>
   </div>
   <div class='ocr_carea' id='block_1_2' title="bbox 1346 349 2235 425">
    <p class='ocr_par' dir='ltr' id='par_1_2' title="bbox 1346 349 2235 425">
     <span class='ocr_line' id='line_1_2' title="bbox 1346 349 2235 425; baseline -0.006 0"><span class='ocrx_word' id='word_1_2' title='bbox 1346 366 1427 425; x_wconf 88' lang='lat' dir='ltr'><strong>IN</strong></span> <span class='ocrx_word' id='word_1_3' title='bbox 1473 349 1709 424; x_wconf 84' lang='lat' dir='ltr'><strong>EPIST.</strong></span> <span class='ocrx_word' id='word_1_4' title='bbox 1746 365 1843 422; x_wconf 82' lang='lat' dir='ltr'><strong>AD</strong></span> <span class='ocrx_word' id='word_1_5' title='bbox 1882 364 2235 423; x_wconf 75' lang='lat' dir='ltr'><strong>GALATAS.</strong></span> 
     </span>
    </p>
   </div>
   <div class='ocr_carea' id='block_1_3' title="bbox 3306 364 3412 426">
    <p class='ocr_par' dir='ltr' id='par_1_3' title="bbox 3306 364 3412 426">
     <span class='ocr_line' id='line_1_3' title="bbox 3306 364 3412 426; baseline -0.009 0"><span class='ocrx_word' id='word_1_6' title='bbox 3306 364 3412 426; x_wconf 77' lang='grc'><strong>’182</strong></span> 
     </span>
    </p>
   </div>
   <div class='ocr_carea' id='block_1_4' title="bbox 264 468 1930 549">
    <p class='ocr_par' dir='ltr' id='par_1_4' title="bbox 264 470 1930 549">
     <span class='ocr_line' id='line_1_4' title="bbox 264 470 1930 549; baseline -0.008 -15"><span class='ocrx_word' id='word_1_7' title='bbox 264 504 279 535; x_wconf 82' lang='grc' dir='ltr'><strong>ι</strong></span> <span class='ocrx_word' id='word_1_8' title='bbox 317 482 449 534; x_wconf 81' lang='grc' dir='ltr'>Οὐδὲ</span> <span class='ocrx_word' id='word_1_9' title='bbox 480 482 586 548; x_wconf 83' lang='grc' dir='ltr'><strong>γὰρ</strong></span> <span class='ocrx_word' id='word_1_10' title='bbox 630 483 740 548; x_wconf 85' lang='grc' dir='ltr'><strong>ἐγω</strong></span> <span class='ocrx_word' id='word_1_11' title='bbox 784 480 912 549; x_wconf 82' lang='grc' dir='ltr'>παρ’</span> <span class='ocrx_word' id='word_1_12' title='bbox 963 477 1251 547; x_wconf 82' lang='grc' dir='ltr'>ἀνθρώπου</span> <span class='ocrx_word' id='word_1_13' title='bbox 1314 472 1618 542; x_wconf 75' lang='grc' dir='ltr'>παρέλαϐον</span> <span class='ocrx_word' id='word_1_14' title='bbox 1652 471 1748 522; x_wconf 82' lang='grc' dir='ltr'>αὑ-</span> <span class='ocrx_word' id='word_1_15' title='bbox 1779 486 1821 535; x_wconf 73' lang='grc' dir='ltr'>Α</span> <span class='ocrx_word' id='word_1_16' title='bbox 1920 470 1930 495; x_wconf 60' lang='grc'><strong>⁷</strong></span> 
     </span>
    </p>
   </div>
   <div class='ocr_carea' id='block_1_5' title="bbox 1745 468 3411 549">
    <p class='ocr_par' dir='ltr' id='par_1_5' title="bbox 1745 468 3411 541">
     <span class='ocr_line' id='line_1_5' title="bbox 1745 468 3411 541; baseline 0.002 -18"><span class='ocrx_word' id='word_1_17' title='bbox 1745 486 1821 535; x_wconf 69' lang='grc' dir='ltr'>ιΑ</span> <span class='ocrx_word' id='word_1_18' title='bbox 1920 470 2083 523; x_wconf 75' lang='lat' dir='ltr'><strong>Vens.</strong></span> <span class='ocrx_word' id='word_1_19' title='bbox 2136 470 2224 522; x_wconf 71' lang='grc'><strong>19..</strong></span> <span class='ocrx_word' id='word_1_20' title='bbox 2260 488 2278 521; x_wconf 76' lang='grc' dir='ltr'><strong>ι</strong></span> <span class='ocrx_word' id='word_1_21' title='bbox 2321 468 2506 541; x_wconf 87' lang='lat' dir='ltr'><strong>Neque</strong></span> <span class='ocrx_word' id='word_1_22' title='bbox 2552 473 2696 526; x_wconf 89' lang='lat' dir='ltr'><strong>enim</strong></span> <span class='ocrx_word' id='word_1_23' title='bbox 2726 485 2826 539; x_wconf 78' lang='lat' dir='ltr'><strong>ego</strong></span> <span class='ocrx_word' id='word_1_24' title='bbox 2868 470 2937 525; x_wconf 87' lang='lat' dir='ltr'><strong>ab</strong></span> <span class='ocrx_word' id='word_1_25' title='bbox 2978 470 3197 525; x_wconf 88' lang='lat' dir='ltr'><strong>homine</strong></span> <span class='ocrx_word' id='word_1_26' title='bbox 3226 474 3411 539; x_wconf 84' lang='lat' dir='ltr'><strong>accepi</strong></span> 
     </span>
    </p>
   </div>
   <div class='ocr_carea' id='block_1_6' title="bbox 200 561 1866 643">
    <p class='ocr_par' dir='ltr' id='par_1_6' title="bbox 200 562 1863 643">
     <span class='ocr_line' id='line_1_6' title="bbox 200 562 1863 643; baseline -0.009 -15"><span class='ocrx_word' id='word_1_27' title='bbox 200 578 263 635; x_wconf 75' lang='lat' dir='ltr'><strong>rb.</strong></span> <span class='ocrx_word' id='word_1_28' title='bbox 294 575 412 627; x_wconf 82' lang='grc' dir='ltr'>οὐδὲ</span> <span class='ocrx_word' id='word_1_29' title='bbox 456 574 736 643; x_wconf 78' lang='grc' dir='ltr'>ἐδιδάχθην</span> <span class='ocrx_word' id='word_1_30' title='bbox 766 588 780 602; x_wconf 79' lang='grc'><strong><em>⁸</em></strong></span> <span class='ocrx_word' id='word_1_31' title='bbox 841 570 981 625; x_wconf 78' lang='grc' dir='ltr'>ἀλλὰ</span> <span class='ocrx_word' id='word_1_32' title='bbox 1018 570 1086 622; x_wconf 85' lang='grc' dir='ltr'>δι’</span> <span class='ocrx_word' id='word_1_33' title='bbox 1126 564 1521 633; x_wconf 72' lang='grc' dir='ltr'><strong>ἀποκαλύψεως</strong></span> <span class='ocrx_word' id='word_1_34' title='bbox 1575 562 1745 631; x_wconf 84' lang='grc' dir='ltr'>Ἰησοῦ</span> <span class='ocrx_word' id='word_1_35' title='bbox 1850 565 1863 614; x_wconf 92' lang='lat' dir='ltr'><strong>i</strong></span> 
     </span>
    </p>
   </div>
   <div class='ocr_carea' id='block_1_7' title="bbox 1746 561 3412 643">
    <p class='ocr_par' dir='ltr' id='par_1_7' title="bbox 1850 561 3412 633">
     <span class='ocr_line' id='line_1_7' title="bbox 1850 561 3412 633; baseline 0.002 -19"><span class='ocrx_word' id='word_1_36' title='bbox 1850 563 2006 626; x_wconf 91' lang='lat' dir='ltr'><strong>illud,</strong></span> <span class='ocrx_word' id='word_1_37' title='bbox 2068 576 2245 630; x_wconf 90' lang='lat' dir='ltr'><strong>neque</strong></span> <span class='ocrx_word' id='word_1_38' title='bbox 2299 561 2504 631; x_wconf 85' lang='lat' dir='ltr'><strong>didici;</strong></span> <span class='ocrx_word' id='word_1_39' title='bbox 2557 565 2654 619; x_wconf 89' lang='lat' dir='ltr'><strong>sed</strong></span> <span class='ocrx_word' id='word_1_40' title='bbox 2706 579 2802 633; x_wconf 89' lang='lat' dir='ltr'><strong>per</strong></span> <span class='ocrx_word' id='word_1_41' title='bbox 2855 565 3247 618; x_wconf 88' lang='lat' dir='ltr'><strong>revelatiouem</strong></span> <span class='ocrx_word' id='word_1_42' title='bbox 3282 563 3412 617; x_wconf 73' lang='lat' dir='ltr'><strong>.lesu</strong></span> 
     </span>
    </p>
   </div>
   <div class='ocr_carea' id='block_1_8' title="bbox 193 667 492 737">
    <p class='ocr_par' dir='ltr' id='par_1_8' title="bbox 193 667 492 737">
     <span class='ocr_line' id='line_1_8' title="bbox 193 667 492 737; baseline -0.013 -17"><span class='ocrx_word' id='word_1_43' title='bbox 193 667 437 737; x_wconf 77' lang='grc' dir='ltr'>Χριστοῦ.</span> <span class='ocrx_word' id='word_1_44' title='bbox 473 685 492 716; x_wconf 71' lang='grc' dir='ltr'><strong>ι</strong></span> 
     </span>
    </p>
   </div>
   <div class='ocr_carea' id='block_1_9' title="bbox 260 743 1749 829">
    <p class='ocr_par' dir='ltr' id='par_1_9' title="bbox 260 743 1749 829">
     <span class='ocr_line' id='line_1_9' title="bbox 260 743 1749 829; baseline -0.011 -17"><span class='ocrx_word' id='word_1_45' title='bbox 260 760 397 829; x_wconf 85' lang='grc' dir='ltr'><strong>Ὅρα</strong></span> <span class='ocrx_word' id='word_1_46' title='bbox 442 759 559 821; x_wconf 84' lang='grc' dir='ltr'>πῶς</span> <span class='ocrx_word' id='word_1_47' title='bbox 598 758 710 810; x_wconf 81' lang='grc' dir='ltr'><strong>ἀνω</strong></span> <span class='ocrx_word' id='word_1_48' title='bbox 746 757 841 810; x_wconf 58' lang='grc' dir='ltr'><strong>καλ⁵</strong></span> <span class='ocrx_word' id='word_1_49' title='bbox 898 756 1047 808; x_wconf 90' lang='grc' dir='ltr'>κάτω</span> <span class='ocrx_word' id='word_1_50' title='bbox 1095 750 1489 821; x_wconf 78' lang='grc' dir='ltr'>διισχυρίζεται</span> <span class='ocrx_word' id='word_1_51' title='bbox 1513 787 1526 806; x_wconf 88' lang='grc'><strong>,</strong></span> <span class='ocrx_word' id='word_1_52' title='bbox 1556 747 1630 808; x_wconf 86' lang='grc' dir='ltr'>ὡς</span> <span class='ocrx_word' id='word_1_53' title='bbox 1656 743 1749 796; x_wconf 92' lang='grc' dir='ltr'><strong>τοῦ</strong></span> 
     </span>
    </p>
   </div>
   <div class='ocr_carea' id='block_1_10' title="bbox 194 838 1748 920">
    <p class='ocr_par' dir='ltr' id='par_1_10' title="bbox 194 838 1748 920">
     <span class='ocr_line' id='line_1_10' title="bbox 194 838 1748 920; baseline -0.01 -16"><span class='ocrx_word' id='word_1_54' title='bbox 194 851 320 903; x_wconf 79' lang='grc' dir='ltr'>Θεοῦ</span> <span class='ocrx_word' id='word_1_55' title='bbox 361 851 551 918; x_wconf 83' lang='grc' dir='ltr'>γέγονε</span> <span class='ocrx_word' id='word_1_56' title='bbox 610 848 879 920; x_wconf 82' lang='grc' dir='ltr'>μαθητὴς,</span> <span class='ocrx_word' id='word_1_57' title='bbox 928 847 1015 899; x_wconf 80' lang='grc' dir='ltr'>διὰ</span> <span class='ocrx_word' id='word_1_58' title='bbox 1060 846 1122 898; x_wconf 82' lang='grc' dir='ltr'>τὺ</span> <span class='ocrx_word' id='word_1_59' title='bbox 1154 845 1281 906; x_wconf 81' lang='grc' dir='ltr'>τοὺς</span> <span class='ocrx_word' id='word_1_60' title='bbox 1340 838 1748 907; x_wconf 82' lang='grc' dir='ltr'><strong>ἀναγκάζοντας</strong></span> 
     </span>
    </p>
   </div>
   <div class='ocr_carea' id='block_1_11' title="bbox 194 928 1753 1012">
    <p class='ocr_par' dir='ltr' id='par_1_11' title="bbox 194 928 1753 1012">
     <span class='ocr_line' id='line_1_11' title="bbox 194 928 1753 1012; baseline -0.01 -18"><span class='ocrx_word' id='word_1_61' title='bbox 194 941 608 1012; x_wconf 76' lang='grc' dir='ltr'><strong>περιτέμνεσθαι</strong></span> <span class='ocrx_word' id='word_1_62' title='bbox 669 940 934 1006; x_wconf 78' lang='grc' dir='ltr'><strong>Γαλάτας,</strong></span> <span class='ocrx_word' id='word_1_63' title='bbox 993 939 1172 1006; x_wconf 82' lang='grc' dir='ltr'>λέγειν</span> <span class='ocrx_word' id='word_1_64' title='bbox 1198 952 1210 965; x_wconf 85' lang='grc'><strong>·</strong></span> <span class='ocrx_word' id='word_1_65' title='bbox 1239 935 1313 996; x_wconf 84' lang='grc' dir='ltr'>ὼς</span> <span class='ocrx_word' id='word_1_66' title='bbox 1367 935 1563 985; x_wconf 84' lang='grc' dir='ltr'>ἐκεῖνοι</span> <span class='ocrx_word' id='word_1_67' title='bbox 1588 933 1635 982; x_wconf 82' lang='lat' dir='ltr'><strong>oi</strong></span> <span class='ocrx_word' id='word_1_68' title='bbox 1659 928 1753 981; x_wconf 90' lang='grc' dir='ltr'><strong>τοῦ</strong></span> 
     </span>
    </p>
   </div>
   <div class='ocr_carea' id='block_1_12' title="bbox 196 1020 1754 1105">
    <p class='ocr_par' dir='ltr' id='par_1_12' title="bbox 196 1020 1754 1105">
     <span class='ocr_line' id='line_1_12' title="bbox 196 1020 1754 1105; baseline -0.009 -18"><span class='ocrx_word' id='word_1_69' title='bbox 196 1035 428 1105; x_wconf 78' lang='grc' dir='ltr'><strong>Χριστοῦ</strong></span> <span class='ocrx_word' id='word_1_70' title='bbox 466 1033 747 1102; x_wconf 76' lang='grc' dir='ltr'>γεγονότες</span> <span class='ocrx_word' id='word_1_71' title='bbox 797 1032 1058 1102; x_wconf 75' lang='grc' dir='ltr'>μαθηταὶ,</span> <span class='ocrx_word' id='word_1_72' title='bbox 1119 1028 1323 1098; x_wconf 79' lang='grc' dir='ltr'>Πέτρος</span> <span class='ocrx_word' id='word_1_73' title='bbox 1373 1025 1466 1077; x_wconf 71' lang='grc' dir='ltr'><strong>καὶ</strong></span> <span class='ocrx_word' id='word_1_74' title='bbox 1502 1020 1754 1081; x_wconf 80' lang='grc' dir='ltr'>Ἰάκωϐος</span> 
     </span>
    </p>
   </div>
   <div class='ocr_carea' id='block_1_13' title="bbox 194 1112 1757 1195">
    <p class='ocr_par' dir='ltr' id='par_1_13' title="bbox 194 1112 1757 1195">
     <span class='ocr_line' id='line_1_13' title="bbox 194 1112 1757 1195; baseline -0.01 -18"><span class='ocrx_word' id='word_1_75' title='bbox 194 1127 281 1177; x_wconf 74' lang='grc' dir='ltr'><strong>καὶ</strong></span> <span class='ocrx_word' id='word_1_76' title='bbox 320 1126 588 1195; x_wconf 76' lang='grc' dir='ltr'><strong>Ἰωάννης,</strong></span> <span class='ocrx_word' id='word_1_77' title='bbox 617 1124 748 1176; x_wconf 86' lang='grc' dir='ltr'>ἐῶσι</span> <span class='ocrx_word' id='word_1_78' title='bbox 783 1124 882 1192; x_wconf 78' lang='grc' dir='ltr'>τὴν</span> <span class='ocrx_word' id='word_1_79' title='bbox 947 1119 1268 1191; x_wconf 82' lang='grc' dir='ltr'>περιτομὴν.</span> <span class='ocrx_word' id='word_1_80' title='bbox 1322 1112 1473 1175; x_wconf 74' lang='grc' dir='ltr'>οὗτος</span> <span class='ocrx_word' id='word_1_81' title='bbox 1493 1114 1548 1165; x_wconf 84' lang='grc' dir='ltr'><strong>δέ</strong></span> <span class='ocrx_word' id='word_1_82' title='bbox 1584 1112 1757 1183; x_wconf 86' lang='grc' dir='ltr'>μαθη-</span> 
     </span>
    </p>
   </div>
   <div class='ocr_carea' id='block_1_14' title="bbox 194 1201 1758 1285">
    <p class='ocr_par' dir='ltr' id='par_1_14' title="bbox 194 1201 1758 1285">
     <span class='ocr_line' id='line_1_14' title="bbox 194 1201 1758 1285; baseline -0.01 -17"><span class='ocrx_word' id='word_1_83' title='bbox 194 1215 293 1268; x_wconf 82' lang='grc' dir='ltr'><strong>τῶν</strong></span> <span class='ocrx_word' id='word_1_84' title='bbox 312 1217 429 1267; x_wconf 87' lang='grc' dir='ltr'>ἐστι</span> <span class='ocrx_word' id='word_1_85' title='bbox 444 1215 708 1285; x_wconf 82' lang='grc' dir='ltr'>ματηθὴς,</span> <span class='ocrx_word' id='word_1_86' title='bbox 752 1214 845 1266; x_wconf 75' lang='grc' dir='ltr'><strong>καὶ</strong></span> <span class='ocrx_word' id='word_1_87' title='bbox 875 1213 935 1265; x_wconf 78' lang='grc' dir='ltr'><strong>οὐ</strong></span> <span class='ocrx_word' id='word_1_88' title='bbox 965 1212 1047 1264; x_wconf 84' lang='grc' dir='ltr'><strong>δεῖ</strong></span> <span class='ocrx_word' id='word_1_89' title='bbox 1075 1210 1306 1270; x_wconf 79' lang='grc' dir='ltr'>ἐκείνοις</span> <span class='ocrx_word' id='word_1_90' title='bbox 1335 1206 1534 1277; x_wconf 66' lang='grc' dir='ltr'>μᾶλλον</span> <span class='ocrx_word' id='word_1_91' title='bbox 1564 1204 1596 1273; x_wconf 85' lang='grc' dir='ltr'>ἢ</span> <span class='ocrx_word' id='word_1_92' title='bbox 1632 1201 1758 1255; x_wconf 87' lang='grc' dir='ltr'>τού-</span> 
     </span>
    </p>
   </div>
   <div class='ocr_carea' id='block_1_15' title="bbox 194 1306 621 1377">
    <p class='ocr_par' dir='ltr' id='par_1_15' title="bbox 194 1306 621 1377">
     <span class='ocr_line' id='line_1_15' title="bbox 194 1306 621 1377; baseline -0.002 -19"><span class='ocrx_word' id='word_1_93' title='bbox 194 1324 266 1377; x_wconf 90' lang='grc' dir='ltr'>τῳ</span> <span class='ocrx_word' id='word_1_94' title='bbox 297 1306 584 1375; x_wconf 79' lang='grc' dir='ltr'>προσέχειν</span> <span class='ocrx_word' id='word_1_95' title='bbox 607 1323 621 1369; x_wconf 91' lang='grc'><strong>;</strong></span> 
     </span>
    </p>
   </div>
   <div class='ocr_carea' id='block_1_16' title="bbox 264 1385 1759 1463">
    <p class='ocr_par' dir='ltr' id='par_1_16' title="bbox 264 1385 1759 1463">
     <span class='ocr_line' id='line_1_16' title="bbox 264 1385 1759 1463; baseline -0.009 -17"><span class='ocrx_word' id='word_1_96' title='bbox 264 1412 283 1445; x_wconf 71' lang='grc' dir='ltr'><strong>ι</strong></span> <span class='ocrx_word' id='word_1_97' title='bbox 330 1396 627 1447; x_wconf 80' lang='grc' dir='ltr'>Ἠκούσατε</span> <span class='ocrx_word' id='word_1_98' title='bbox 659 1396 764 1463; x_wconf 85' lang='grc' dir='ltr'>γὰρ</span> <span class='ocrx_word' id='word_1_99' title='bbox 813 1395 909 1463; x_wconf 76' lang='grc' dir='ltr'>τὴν</span> <span class='ocrx_word' id='word_1_100' title='bbox 964 1393 1105 1463; x_wconf 81' lang='grc' dir='ltr'>ἐμὴν</span> <span class='ocrx_word' id='word_1_101' title='bbox 1144 1387 1490 1457; x_wconf 79' lang='grc' dir='ltr'>ἀναστροφήν</span> <span class='ocrx_word' id='word_1_102' title='bbox 1529 1400 1658 1435; x_wconf 86' lang='grc' dir='ltr'>ποτε</span> <span class='ocrx_word' id='word_1_103' title='bbox 1702 1385 1759 1434; x_wconf 86' lang='grc' dir='ltr'><strong>ἐν</strong></span> 
     </span>
    </p>
   </div>
   <div class='ocr_carea' id='block_1_17' title="bbox 198 1476 1758 1554">
    <p class='ocr_par' dir='ltr' id='par_1_17' title="bbox 198 1476 1758 1554">
     <span class='ocr_line' id='line_1_17' title="bbox 198 1476 1758 1554; baseline -0.007 -18"><span class='ocrx_word' id='word_1_104' title='bbox 198 1485 268 1553; x_wconf 85' lang='grc' dir='ltr'><strong>τῷ</strong></span> <span class='ocrx_word' id='word_1_105' title='bbox 308 1484 643 1554; x_wconf 83' lang='grc' dir='ltr'>Ἰουδαϊσμῷ,</span> <span class='ocrx_word' id='word_1_106' title='bbox 668 1486 749 1537; x_wconf 85' lang='grc' dir='ltr'><strong>ὅτι</strong></span> <span class='ocrx_word' id='word_1_107' title='bbox 778 1484 897 1537; x_wconf 82' lang='grc' dir='ltr'>καθ’</span> <span class='ocrx_word' id='word_1_108' title='bbox 921 1479 1229 1552; x_wconf 76' lang='grc' dir='ltr'>ὑπερϐολὴν</span> <span class='ocrx_word' id='word_1_109' title='bbox 1256 1478 1475 1531; x_wconf 83' lang='grc' dir='ltr'>ἐδίωκον</span> <span class='ocrx_word' id='word_1_110' title='bbox 1512 1476 1611 1546; x_wconf 85' lang='grc' dir='ltr'>τὴν</span> <span class='ocrx_word' id='word_1_111' title='bbox 1640 1476 1758 1526; x_wconf 83' lang='grc' dir='ltr'><strong>Ἐκ-</strong></span> 
     </span>
    </p>
   </div>
   <div class='ocr_carea' id='block_1_18' title="bbox 200 1570 1761 1647">
    <p class='ocr_par' dir='ltr' id='par_1_18' title="bbox 200 1570 1761 1647">
     <span class='ocr_line' id='line_1_18' title="bbox 200 1570 1761 1647; baseline -0.007 -19"><span class='ocrx_word' id='word_1_112' title='bbox 200 1576 420 1647; x_wconf 85' lang='grc' dir='ltr'>κλησίαν</span> <span class='ocrx_word' id='word_1_113' title='bbox 447 1577 540 1628; x_wconf 87' lang='grc' dir='ltr'><strong>τοῦ</strong></span> <span class='ocrx_word' id='word_1_114' title='bbox 570 1577 704 1629; x_wconf 85' lang='grc' dir='ltr'>Θεοῦ</span> <span class='ocrx_word' id='word_1_115' title='bbox 728 1620 740 1642; x_wconf 92' lang='grc'><strong>,</strong></span> <span class='ocrx_word' id='word_1_116' title='bbox 796 1577 890 1629; x_wconf 78' lang='grc' dir='ltr'>καὶ</span> <span class='ocrx_word' id='word_1_117' title='bbox 945 1574 1212 1643; x_wconf 81' lang='grc' dir='ltr'>ἐπόρθουν</span> <span class='ocrx_word' id='word_1_118' title='bbox 1255 1572 1459 1639; x_wconf 79' lang='grc' dir='ltr'>αὐτὴν,</span> <span class='ocrx_word' id='word_1_119' title='bbox 1504 1570 1597 1620; x_wconf 84' lang='grc' dir='ltr'>καὶ</span> <span class='ocrx_word' id='word_1_120' title='bbox 1636 1583 1761 1635; x_wconf 83' lang='grc' dir='ltr'>προ-</span> 
     </span>
    </p>
   </div>
   <div class='ocr_carea' id='block_1_19' title="bbox 201 1656 1764 1736">
    <p class='ocr_par' dir='ltr' id='par_1_19' title="bbox 201 1656 1764 1736">
     <span class='ocr_line' id='line_1_19' title="bbox 201 1656 1764 1736; baseline -0.007 -19"><span class='ocrx_word' id='word_1_121' title='bbox 201 1667 421 1718; x_wconf 81' lang='grc' dir='ltr'>έκοπτον</span> <span class='ocrx_word' id='word_1_122' title='bbox 450 1669 506 1717; x_wconf 82' lang='grc' dir='ltr'><strong>ἐν</strong></span> <span class='ocrx_word' id='word_1_123' title='bbox 530 1666 605 1736; x_wconf 82' lang='grc' dir='ltr'>τῷ</span> <span class='ocrx_word' id='word_1_124' title='bbox 621 1666 937 1735; x_wconf 82' lang='grc' dir='ltr'>Ἰουδαϊσμῷ</span> <span class='ocrx_word' id='word_1_125' title='bbox 964 1666 1100 1730; x_wconf 84' lang='grc' dir='ltr'>ὑπὲρ</span> <span class='ocrx_word' id='word_1_126' title='bbox 1129 1661 1355 1721; x_wconf 75' lang='grc' dir='ltr'>πολλοὺς</span> <span class='ocrx_word' id='word_1_127' title='bbox 1375 1656 1764 1728; x_wconf 77' lang='grc' dir='ltr'>συνηλικιώτας</span> 
     </span>
    </p>
   </div>
   <div class='ocr_carea' id='block_1_20' title="bbox 202 1749 1764 1827">
    <p class='ocr_par' dir='ltr' id='par_1_20' title="bbox 202 1749 1764 1827">
     <span class='ocr_line' id='line_1_20' title="bbox 202 1749 1764 1827; baseline -0.007 -18"><span class='ocrx_word' id='word_1_128' title='bbox 202 1761 254 1809; x_wconf 87' lang='grc' dir='ltr'><strong>ἐν</strong></span> <span class='ocrx_word' id='word_1_129' title='bbox 284 1757 361 1827; x_wconf 80' lang='grc' dir='ltr'>τῷ</span> <span class='ocrx_word' id='word_1_130' title='bbox 386 1758 529 1824; x_wconf 82' lang='grc' dir='ltr'>γένει</span> <span class='ocrx_word' id='word_1_131' title='bbox 570 1775 694 1826; x_wconf 89' lang='grc' dir='ltr'>μου,</span> <span class='ocrx_word' id='word_1_132' title='bbox 730 1758 1133 1827; x_wconf 86' lang='grc' dir='ltr'>περισσοτέρως</span> <span class='ocrx_word' id='word_1_133' title='bbox 1198 1750 1443 1820; x_wconf 78' lang='grc' dir='ltr'>ζηλωτὴς</span> <span class='ocrx_word' id='word_1_134' title='bbox 1501 1749 1764 1818; x_wconf 81' lang='grc' dir='ltr'>ὑπάρχων</span> 
     </span>
    </p>
   </div>
   <div class='ocr_carea' id='block_1_21' title="bbox 200 1842 1764 1920">
    <p class='ocr_par' dir='ltr' id='par_1_21' title="bbox 200 1842 1764 1920">
     <span class='ocr_line' id='line_1_21' title="bbox 200 1842 1764 1920; baseline -0.006 -20"><span class='ocrx_word' id='word_1_135' title='bbox 200 1850 301 1901; x_wconf 84' lang='grc' dir='ltr'>τῶν</span> <span class='ocrx_word' id='word_1_136' title='bbox 331 1848 614 1917; x_wconf 80' lang='grc' dir='ltr'>πατρικῶν</span> <span class='ocrx_word' id='word_1_137' title='bbox 662 1866 766 1917; x_wconf 89' lang='grc' dir='ltr'><strong>μου</strong></span> <span class='ocrx_word' id='word_1_138' title='bbox 812 1846 1181 1918; x_wconf 86' lang='grc' dir='ltr'>παραδόσεων.</span> <span class='ocrx_word' id='word_1_139' title='bbox 1210 1842 1340 1894; x_wconf 82' lang='grc' dir='ltr'>Ὅτε</span> <span class='ocrx_word' id='word_1_140' title='bbox 1379 1842 1441 1920; x_wconf 64' lang='grc' dir='ltr'><strong>δὲ⁸</strong></span> <span class='ocrx_word' id='word_1_141' title='bbox 1471 1842 1764 1911; x_wconf 81' lang='grc' dir='ltr'>εὐδόκησεν</span> 
     </span>
    </p>
   </div>
   <div class='ocr_carea' id='block_1_22' title="bbox 201 1940 456 2002">
    <p class='ocr_par' dir='ltr' id='par_1_22' title="bbox 201 1940 456 2002">
     <span class='ocr_line' id='line_1_22' title="bbox 201 1940 456 2002; baseline -0.008 -10"><span class='ocrx_word' id='word_1_142' title='bbox 201 1942 227 1992; x_wconf 84' lang='grc' dir='ltr'>ὁ</span> <span class='ocrx_word' id='word_1_143' title='bbox 251 1940 403 2002; x_wconf 81' lang='grc' dir='ltr'>Θεὸς.</span> <span class='ocrx_word' id='word_1_144' title='bbox 439 1958 456 1990; x_wconf 74' lang='grc' dir='ltr'><strong>ι</strong></span> 
     </span>
    </p>
   </div>
   <div class='ocr_carea' id='block_1_23' title="bbox 274 2026 1766 2103">
    <p class='ocr_par' dir='ltr' id='par_1_23' title="bbox 274 2026 1766 2103">
     <span class='ocr_line' id='line_1_23' title="bbox 274 2026 1766 2103; baseline -0.005 -18"><span class='ocrx_word' id='word_1_145' title='bbox 274 2032 434 2085; x_wconf 86' lang='grc' dir='ltr'>Ἐστι</span> <span class='ocrx_word' id='word_1_146' title='bbox 484 2034 580 2103; x_wconf 86' lang='grc' dir='ltr'><strong>μὲν</strong></span> <span class='ocrx_word' id='word_1_147' title='bbox 619 2033 679 2085; x_wconf 85' lang='grc' dir='ltr'><strong>τὸ</strong></span> <span class='ocrx_word' id='word_1_148' title='bbox 716 2030 1262 2100; x_wconf 75' lang='grc' dir='ltr'>κατασκευαζόμενον</span> <span class='ocrx_word' id='word_1_149' title='bbox 1312 2030 1431 2081; x_wconf 83' lang='grc' dir='ltr'>ὅλον</span> <span class='ocrx_word' id='word_1_150' title='bbox 1494 2026 1766 2090; x_wconf 78' lang='grc' dir='ltr'>ἀπόδειξις</span> 
     </span>
    </p>
   </div>
   <div class='ocr_carea' id='block_1_24' title="bbox 200 2117 1767 2193">
    <p class='ocr_par' dir='ltr' id='par_1_24' title="bbox 200 2117 1767 2193">
     <span class='ocr_line' id='line_1_24' title="bbox 200 2117 1767 2193; baseline -0.006 -17"><span class='ocrx_word' id='word_1_151' title='bbox 200 2122 290 2175; x_wconf 87' lang='grc' dir='ltr'><strong>τοῦ</strong></span> <span class='ocrx_word' id='word_1_152' title='bbox 322 2124 399 2193; x_wconf 81' lang='grc' dir='ltr'>μὴ</span> <span class='ocrx_word' id='word_1_153' title='bbox 444 2122 574 2193; x_wconf 81' lang='grc' dir='ltr'>παρ’</span> <span class='ocrx_word' id='word_1_154' title='bbox 616 2121 928 2191; x_wconf 83' lang='grc' dir='ltr'>ἀνθρώπου,</span> <span class='ocrx_word' id='word_1_155' title='bbox 980 2119 1316 2188; x_wconf 79' lang='grc' dir='ltr'>παραλαὸεῑν</span> <span class='ocrx_word' id='word_1_156' title='bbox 1373 2118 1536 2169; x_wconf 72' lang='grc' dir='ltr'>αὐτὸν</span> <span class='ocrx_word' id='word_1_157' title='bbox 1579 2117 1641 2168; x_wconf 84' lang='grc' dir='ltr'><strong>τὸ</strong></span> <span class='ocrx_word' id='word_1_158' title='bbox 1669 2135 1767 2186; x_wconf 84' lang='grc' dir='ltr'>μυ-</span> 
     </span>
    </p>
   </div>
   <div class='ocr_carea' id='block_1_25' title="bbox 203 2209 1768 2285">
    <p class='ocr_par' dir='ltr' id='par_1_25' title="bbox 203 2209 1768 2285">
     <span class='ocr_line' id='line_1_25' title="bbox 203 2209 1768 2285; baseline -0.006 -17"><span class='ocrx_word' id='word_1_159' title='bbox 203 2216 443 2285; x_wconf 79' lang='grc' dir='ltr'>στήριον.</span> <span class='ocrx_word' id='word_1_160' title='bbox 480 2214 543 2266; x_wconf 86' lang='grc' dir='ltr'><strong>Ἡ</strong></span> <span class='ocrx_word' id='word_1_161' title='bbox 570 2214 679 2284; x_wconf 86' lang='grc' dir='ltr'>γὰρ</span> <span class='ocrx_word' id='word_1_162' title='bbox 739 2212 976 2281; x_wconf 80' lang='grc' dir='ltr'>τοσαύτη</span> <span class='ocrx_word' id='word_1_163' title='bbox 1024 2211 1237 2282; x_wconf 87' lang='grc' dir='ltr'>ἀθρόως</span> <span class='ocrx_word' id='word_1_164' title='bbox 1267 2209 1541 2279; x_wconf 77' lang='grc' dir='ltr'>γενομένη</span> <span class='ocrx_word' id='word_1_165' title='bbox 1604 2224 1768 2276; x_wconf 86' lang='grc' dir='ltr'>μετα-</span> 
     </span>
    </p>
   </div>
   <div class='ocr_carea' id='block_1_26' title="bbox 203 2300 1768 2379">
    <p class='ocr_par' dir='ltr' id='par_1_26' title="bbox 203 2300 1768 2379">
     <span class='ocr_line' id='line_1_26' title="bbox 203 2300 1768 2379; baseline -0.004 -19"><span class='ocrx_word' id='word_1_166' title='bbox 203 2307 328 2378; x_wconf 77' lang='grc' dir='ltr'>ϐολὴ</span> <span class='ocrx_word' id='word_1_167' title='bbox 387 2308 488 2359; x_wconf 88' lang='grc' dir='ltr'><strong>οὑκ</strong></span> <span class='ocrx_word' id='word_1_168' title='bbox 538 2306 605 2359; x_wconf 81' lang='grc' dir='ltr'>ἂν</span> <span class='ocrx_word' id='word_1_169' title='bbox 630 2306 698 2358; x_wconf 83' lang='grc' dir='ltr'>δι’</span> <span class='ocrx_word' id='word_1_170' title='bbox 740 2304 1025 2376; x_wconf 85' lang='grc' dir='ltr'>ἀνθρώπου</span> <span class='ocrx_word' id='word_1_171' title='bbox 1054 2301 1340 2379; x_wconf 83' lang='grc' dir='ltr'>δυνατὸν</span> <span class='ocrx_word' id='word_1_172' title='bbox 1400 2300 1663 2372; x_wconf 88' lang='grc' dir='ltr'>γίνεσθαι.</span> <span class='ocrx_word' id='word_1_173' title='bbox 1705 2301 1768 2352; x_wconf 83' lang='grc' dir='ltr'><strong>Ἠ</strong></span> 
     </span>
    </p>
   </div>
   <div class='ocr_carea' id='block_1_27' title="bbox 202 2396 1767 2472">
    <p class='ocr_par' dir='ltr' id='par_1_27' title="bbox 202 2396 1767 2472">
     <span class='ocr_line' id='line_1_27' title="bbox 202 2396 1767 2472; baseline -0.006 -18"><span class='ocrx_word' id='word_1_174' title='bbox 202 2399 384 2472; x_wconf 81' lang='grc' dir='ltr'>γάρὲξ</span> <span class='ocrx_word' id='word_1_175' title='bbox 412 2398 715 2472; x_wconf 85' lang='grc' dir='ltr'>ἀνθρώπων</span> <span class='ocrx_word' id='word_1_176' title='bbox 737 2399 1052 2452; x_wconf 79' lang='grc' dir='ltr'>διδασκαλία</span> <span class='ocrx_word' id='word_1_177' title='bbox 1083 2398 1203 2451; x_wconf 87' lang='grc' dir='ltr'>κατ’</span> <span class='ocrx_word' id='word_1_178' title='bbox 1257 2396 1441 2464; x_wconf 81' lang='grc' dir='ltr'>ὀλίγον</span> <span class='ocrx_word' id='word_1_179' title='bbox 1490 2396 1607 2446; x_wconf 78' lang='grc' dir='ltr'>ἐστὶ</span> <span class='ocrx_word' id='word_1_180' title='bbox 1632 2410 1767 2464; x_wconf 86' lang='grc' dir='ltr'>προ-</span> 
     </span>
    </p>
   </div>
   <div class='ocr_carea' id='block_1_28' title="bbox 203 2488 1771 2563">
    <p class='ocr_par' dir='ltr' id='par_1_28' title="bbox 203 2488 1771 2563">
     <span class='ocr_line' id='line_1_28' title="bbox 203 2488 1771 2563; baseline -0.005 -17"><span class='ocrx_word' id='word_1_181' title='bbox 203 2494 498 2547; x_wconf 79' lang='grc' dir='ltr'>κύπτουσα.</span> <span class='ocrx_word' id='word_1_182' title='bbox 556 2493 709 2563; x_wconf 87' lang='grc' dir='ltr'>Ἔχει</span> <span class='ocrx_word' id='word_1_183' title='bbox 754 2493 812 2545; x_wconf 87' lang='grc' dir='ltr'><strong>δέ</strong></span> <span class='ocrx_word' id='word_1_184' title='bbox 856 2492 951 2545; x_wconf 78' lang='grc' dir='ltr'>καὶ</span> <span class='ocrx_word' id='word_1_185' title='bbox 1003 2491 1171 2561; x_wconf 84' lang='grc' dir='ltr'>ἀλλην</span> <span class='ocrx_word' id='word_1_186' title='bbox 1226 2489 1348 2543; x_wconf 85' lang='grc' dir='ltr'>τινὰ</span> <span class='ocrx_word' id='word_1_187' title='bbox 1402 2488 1771 2542; x_wconf 82' lang='grc' dir='ltr'>λανθάνουσαν</span> 
     </span>
    </p>
   </div>
   <div class='ocr_carea' id='block_1_29' title="bbox 204 2577 1771 2655">
    <p class='ocr_par' dir='ltr' id='par_1_29' title="bbox 204 2577 1771 2655">
     <span class='ocr_line' id='line_1_29' title="bbox 204 2577 1771 2655; baseline -0.006 -19"><span class='ocrx_word' id='word_1_188' title='bbox 204 2584 571 2653; x_wconf 86' lang='grc' dir='ltr'>κατασκευήν.</span> <span class='ocrx_word' id='word_1_189' title='bbox 610 2583 824 2655; x_wconf 82' lang='grc' dir='ltr'>Ἠρέμα</span> <span class='ocrx_word' id='word_1_190' title='bbox 865 2582 972 2653; x_wconf 87' lang='grc' dir='ltr'>γὰρ</span> <span class='ocrx_word' id='word_1_191' title='bbox 1012 2583 1207 2645; x_wconf 78' lang='grc' dir='ltr'>αὐτοὺς</span> <span class='ocrx_word' id='word_1_192' title='bbox 1230 2580 1468 2636; x_wconf 79' lang='grc' dir='ltr'>διδάσκει</span> <span class='ocrx_word' id='word_1_193' title='bbox 1500 2578 1573 2648; x_wconf 81' lang='grc' dir='ltr'><strong>μὴ</strong></span> <span class='ocrx_word' id='word_1_194' title='bbox 1598 2577 1771 2647; x_wconf 84' lang='grc' dir='ltr'>πράσ-</span> 
     </span>
    </p>
   </div>
   <div class='ocr_carea' id='block_1_30' title="bbox 207 2668 1772 2745">
    <p class='ocr_par' dir='ltr' id='par_1_30' title="bbox 207 2668 1772 2745">
     <span class='ocr_line' id='line_1_30' title="bbox 207 2668 1772 2745; baseline -0.006 -18"><span class='ocrx_word' id='word_1_195' title='bbox 207 2692 315 2728; x_wconf 88' lang='grc' dir='ltr'>σειν</span> <span class='ocrx_word' id='word_1_196' title='bbox 337 2677 405 2728; x_wconf 76' lang='grc' dir='ltr'><strong>τά</strong></span> <span class='ocrx_word' id='word_1_197' title='bbox 433 2675 633 2745; x_wconf 88' lang='grc' dir='ltr'>νομικά</span> <span class='ocrx_word' id='word_1_198' title='bbox 659 2691 674 2706; x_wconf 87' lang='grc'><strong>·</strong></span> <span class='ocrx_word' id='word_1_199' title='bbox 709 2676 758 2727; x_wconf 87' lang='grc' dir='ltr'><strong>εί</strong></span> <span class='ocrx_word' id='word_1_200' title='bbox 796 2674 905 2745; x_wconf 87' lang='grc' dir='ltr'>γὰρ</span> <span class='ocrx_word' id='word_1_201' title='bbox 931 2677 960 2727; x_wconf 84' lang='grc' dir='ltr'>ὁ</span> <span class='ocrx_word' id='word_1_202' title='bbox 996 2673 1289 2741; x_wconf 81' lang='grc' dir='ltr'>τοσαύτην,</span> <span class='ocrx_word' id='word_1_203' title='bbox 1346 2670 1499 2739; x_wconf 79' lang='grc' dir='ltr'>φησὶ,</span> <span class='ocrx_word' id='word_1_204' title='bbox 1538 2668 1772 2738; x_wconf 81' lang='grc' dir='ltr'>σπουδὴν</span> 
     </span>
    </p>
   </div>
   <div class='ocr_carea' id='block_1_31' title="bbox 206 2760 1771 2837">
    <p class='ocr_par' dir='ltr' id='par_1_31' title="bbox 206 2760 1771 2837">
     <span class='ocr_line' id='line_1_31' title="bbox 206 2760 1771 2837; baseline -0.005 -18"><span class='ocrx_word' id='word_1_205' title='bbox 206 2768 260 2819; x_wconf 91' lang='grc' dir='ltr'><strong>ἐν</strong></span> <span class='ocrx_word' id='word_1_206' title='bbox 277 2767 356 2837; x_wconf 84' lang='grc' dir='ltr'>τῷ</span> <span class='ocrx_word' id='word_1_207' title='bbox 385 2767 533 2837; x_wconf 82' lang='grc' dir='ltr'>νόμῳ</span> <span class='ocrx_word' id='word_1_208' title='bbox 576 2766 970 2834; x_wconf 78' lang='grc' dir='ltr'>ἐνδειξάμενος,</span> <span class='ocrx_word' id='word_1_209' title='bbox 1013 2764 1083 2816; x_wconf 81' lang='grc' dir='ltr'><strong>τὰ</strong></span> <span class='ocrx_word' id='word_1_210' title='bbox 1113 2762 1207 2815; x_wconf 88' lang='grc' dir='ltr'><strong>τοῦ</strong></span> <span class='ocrx_word' id='word_1_211' title='bbox 1264 2762 1427 2831; x_wconf 91' lang='grc' dir='ltr'>νόμου</span> <span class='ocrx_word' id='word_1_212' title='bbox 1462 2760 1640 2829; x_wconf 76' lang='grc' dir='ltr'>ἀφεὶς,</span> <span class='ocrx_word' id='word_1_213' title='bbox 1681 2760 1771 2812; x_wconf 74' lang='grc' dir='ltr'>ἐπὶ</span> 
     </span>
    </p>
   </div>
   <div class='ocr_carea' id='block_1_32' title="bbox 203 2849 1771 2927">
    <p class='ocr_par' dir='ltr' id='par_1_32' title="bbox 203 2849 1771 2927">
     <span class='ocr_line' id='line_1_32' title="bbox 203 2849 1771 2927; baseline -0.006 -18"><span class='ocrx_word' id='word_1_214' title='bbox 203 2858 298 2927; x_wconf 78' lang='grc' dir='ltr'>τὴν</span> <span class='ocrx_word' id='word_1_215' title='bbox 328 2859 395 2909; x_wconf 84' lang='grc' dir='ltr'><strong>ἐκ</strong></span> <span class='ocrx_word' id='word_1_216' title='bbox 424 2857 663 2919; x_wconf 90' lang='grc' dir='ltr'>πίστεως</span> <span class='ocrx_word' id='word_1_217' title='bbox 690 2852 822 2926; x_wconf 81' lang='grc' dir='ltr'>ἦλθε</span> <span class='ocrx_word' id='word_1_218' title='bbox 868 2854 1164 2924; x_wconf 84' lang='grc' dir='ltr'>σωτηρίαν,</span> <span class='ocrx_word' id='word_1_219' title='bbox 1202 2851 1422 2923; x_wconf 74' lang='grc' dir='ltr'>εὔδηλον</span> <span class='ocrx_word' id='word_1_220' title='bbox 1451 2851 1525 2914; x_wconf 81' lang='grc' dir='ltr'>ὡς</span> <span class='ocrx_word' id='word_1_221' title='bbox 1552 2849 1771 2903; x_wconf 71' lang='grc' dir='ltr'>τελειῶο</span> 
     </span>
    </p>
   </div>
   <div class='ocr_carea' id='block_1_33' title="bbox 204 2942 1771 3018">
    <p class='ocr_par' dir='ltr' id='par_1_33' title="bbox 204 2942 1771 3018">
     <span class='ocr_line' id='line_1_33' title="bbox 204 2942 1771 3018; baseline -0.005 -18"><span class='ocrx_word' id='word_1_222' title='bbox 204 2966 292 3001; x_wconf 85' lang='grc' dir='ltr'><strong>σαι</strong></span> <span class='ocrx_word' id='word_1_223' title='bbox 336 2949 429 3001; x_wconf 81' lang='grc' dir='ltr'><strong>τὸν</strong></span> <span class='ocrx_word' id='word_1_224' title='bbox 472 2950 635 3017; x_wconf 90' lang='grc' dir='ltr'>νόμον</span> <span class='ocrx_word' id='word_1_225' title='bbox 688 2947 764 3018; x_wconf 85' lang='grc' dir='ltr'>μὴ</span> <span class='ocrx_word' id='word_1_226' title='bbox 797 2948 1099 3017; x_wconf 78' lang='grc' dir='ltr'>δυνηθέντα</span> <span class='ocrx_word' id='word_1_227' title='bbox 1148 2945 1527 2999; x_wconf 82' lang='grc' dir='ltr'>καταλέλοιπε.</span> <span class='ocrx_word' id='word_1_228' title='bbox 1585 2942 1771 3012; x_wconf 86' lang='grc' dir='ltr'>Πολλῷ</span> 
     </span>
    </p>
   </div>
   <div class='ocr_carea' id='block_1_34' title="bbox 204 3034 1772 3107">
    <p class='ocr_par' dir='ltr' id='par_1_34' title="bbox 204 3034 1772 3107">
     <span class='ocr_line' id='line_1_34' title="bbox 204 3034 1772 3107; baseline -0.003 -17"><span class='ocrx_word' id='word_1_229' title='bbox 204 3034 292 3090; x_wconf 83' lang='grc' dir='ltr'><strong>οῦν</strong></span> <span class='ocrx_word' id='word_1_230' title='bbox 352 3036 553 3107; x_wconf 79' lang='grc' dir='ltr'>μᾶλλον</span> <span class='ocrx_word' id='word_1_231' title='bbox 598 3037 652 3088; x_wconf 79' lang='grc' dir='ltr'>οἱ</span> <span class='ocrx_word' id='word_1_232' title='bbox 705 3039 773 3107; x_wconf 78' lang='grc' dir='ltr'>τῇ</span> <span class='ocrx_word' id='word_1_233' title='bbox 832 3037 1013 3089; x_wconf 87' lang='grc' dir='ltr'>πίστει</span> <span class='ocrx_word' id='word_1_234' title='bbox 1062 3034 1630 3106; x_wconf 79' lang='grc' dir='ltr'>προσδεδραμηκότες,</span> <span class='ocrx_word' id='word_1_235' title='bbox 1671 3036 1772 3086; x_wconf 77' lang='grc' dir='ltr'><strong>οὐκ</strong></span> 
     </span>
    </p>
   </div>
   <div class='ocr_carea' id='block_1_35' title="bbox 204 3124 1538 3198">
    <p class='ocr_par' dir='ltr' id='par_1_35' title="bbox 204 3124 1538 3198">
     <span class='ocr_line' id='line_1_35' title="bbox 204 3124 1538 3198; baseline -0.001 -18"><span class='ocrx_word' id='word_1_236' title='bbox 204 3128 477 3197; x_wconf 69' lang='grc' dir='ltr'>ὀφείλουσι</span> <span class='ocrx_word' id='word_1_237' title='bbox 505 3126 720 3179; x_wconf 85' lang='grc' dir='ltr'>διώκειν</span> <span class='ocrx_word' id='word_1_238' title='bbox 734 3128 824 3181; x_wconf 87' lang='grc' dir='ltr'><strong>τὸν</strong></span> <span class='ocrx_word' id='word_1_239' title='bbox 851 3126 925 3198; x_wconf 82' lang='grc' dir='ltr'>μὴ</span> <span class='ocrx_word' id='word_1_240' title='bbox 945 3126 1241 3197; x_wconf 82' lang='grc' dir='ltr'>δυνάμενον</span> <span class='ocrx_word' id='word_1_241' title='bbox 1277 3124 1538 3179; x_wconf 84' lang='grc' dir='ltr'>τελειοῦν.</span> 
     </span>
    </p>
   </div>
   <div class='ocr_carea' id='block_1_36' title="bbox 281 3402 1774 3475">
    <p class='ocr_par' dir='ltr' id='par_1_36' title="bbox 281 3402 1774 3475">
     <span class='ocr_line' id='line_1_36' title="bbox 281 3402 1774 3475; baseline -0.001 -19"><span class='ocrx_word' id='word_1_242' title='bbox 281 3421 300 3455; x_wconf 77' lang='grc' dir='ltr'><strong>ι</strong></span> <span class='ocrx_word' id='word_1_243' title='bbox 354 3403 417 3456; x_wconf 88' lang='lat'><strong>&#39;0</strong></span> <span class='ocrx_word' id='word_1_244' title='bbox 449 3402 717 3472; x_wconf 80' lang='grc' dir='ltr'>ἀφορίσας</span> <span class='ocrx_word' id='word_1_245' title='bbox 765 3420 834 3472; x_wconf 90' lang='grc' dir='ltr'><strong>με</strong></span> <span class='ocrx_word' id='word_1_246' title='bbox 861 3405 924 3455; x_wconf 84' lang='grc' dir='ltr'><strong>ἐκ</strong></span> <span class='ocrx_word' id='word_1_247' title='bbox 958 3403 1165 3466; x_wconf 83' lang='grc' dir='ltr'>κοιλίας</span> <span class='ocrx_word' id='word_1_248' title='bbox 1225 3403 1435 3475; x_wconf 88' lang='grc' dir='ltr'>μητρός</span> <span class='ocrx_word' id='word_1_249' title='bbox 1494 3419 1619 3473; x_wconf 87' lang='grc' dir='ltr'>μου,</span> <span class='ocrx_word' id='word_1_250' title='bbox 1679 3405 1774 3455; x_wconf 65' lang='grc' dir='ltr'><strong>καὶ⁹</strong></span> 
     </span>
    </p>
   </div>
   <div class='ocr_carea' id='block_1_37' title="bbox 207 3494 1775 3566">
    <p class='ocr_par' dir='ltr' id='par_1_37' title="bbox 207 3494 1775 3566">
     <span class='ocr_line' id='line_1_37' title="bbox 207 3494 1775 3566; baseline -0.001 -17"><span class='ocrx_word' id='word_1_251' title='bbox 207 3496 444 3557; x_wconf 80' lang='grc' dir='ltr'>καλέσας</span> <span class='ocrx_word' id='word_1_252' title='bbox 485 3494 574 3546; x_wconf 84' lang='grc' dir='ltr'>διὰ</span> <span class='ocrx_word' id='word_1_253' title='bbox 635 3495 859 3566; x_wconf 86' lang='grc' dir='ltr'>χάριτος</span> <span class='ocrx_word' id='word_1_254' title='bbox 894 3495 1059 3548; x_wconf 81' lang='grc' dir='ltr'>αὐτοῦ</span> <span class='ocrx_word' id='word_1_255' title='bbox 1111 3496 1463 3565; x_wconf 79' lang='grc' dir='ltr'>ἀποκαλύψαι</span> <span class='ocrx_word' id='word_1_256' title='bbox 1509 3497 1602 3547; x_wconf 84' lang='grc' dir='ltr'><strong>τὸν</strong></span> <span class='ocrx_word' id='word_1_257' title='bbox 1648 3495 1775 3547; x_wconf 83' lang='grc' dir='ltr'>Υίὸν</span> 
     </span>
    </p>
   </div>
   <div class='ocr_carea' id='block_1_38' title="bbox 207 3586 1773 3657">
    <p class='ocr_par' dir='ltr' id='par_1_38' title="bbox 207 3586 1773 3657">
     <span class='ocr_line' id='line_1_38' title="bbox 207 3586 1773 3657; baseline -0.003 -16"><span class='ocrx_word' id='word_1_258' title='bbox 207 3586 374 3641; x_wconf 83' lang='grc' dir='ltr'>αὑτοῦ</span> <span class='ocrx_word' id='word_1_259' title='bbox 411 3587 472 3638; x_wconf 85' lang='grc' dir='ltr'><strong>ἐν</strong></span> <span class='ocrx_word' id='word_1_260' title='bbox 500 3587 651 3657; x_wconf 71' lang='grc' dir='ltr'>ἐμοὶ,</span> <span class='ocrx_word' id='word_1_261' title='bbox 710 3586 799 3639; x_wconf 75' lang='grc' dir='ltr'>ἵνα</span> <span class='ocrx_word' id='word_1_262' title='bbox 859 3587 1297 3656; x_wconf 72' lang='grc' dir='ltr'>εὐαγγελίζωμαι</span> <span class='ocrx_word' id='word_1_263' title='bbox 1363 3587 1525 3640; x_wconf 76' lang='grc' dir='ltr'>αὑτὸν</span> <span class='ocrx_word' id='word_1_264' title='bbox 1563 3588 1622 3639; x_wconf 88' lang='grc' dir='ltr'><strong>ἐν</strong></span> <span class='ocrx_word' id='word_1_265' title='bbox 1661 3590 1773 3650; x_wconf 85' lang='grc' dir='ltr'>τοῖς</span> 
     </span>
    </p>
   </div>
   <div class='ocr_carea' id='block_1_39' title="bbox 207 3680 487 3733">
    <p class='ocr_par' dir='ltr' id='par_1_39' title="bbox 207 3680 487 3733">
     <span class='ocr_line' id='line_1_39' title="bbox 207 3680 487 3733; baseline -0.011 -1"><span class='ocrx_word' id='word_1_266' title='bbox 207 3680 439 3733; x_wconf 71' lang='grc' dir='ltr'>ἔθνεσιν.</span> <span class='ocrx_word' id='word_1_267' title='bbox 468 3697 487 3729; x_wconf 74' lang='grc' dir='ltr'><strong>ι</strong></span> 
     </span>
    </p>
   </div>
   <div class='ocr_carea' id='block_1_40' title="bbox 276 3767 1776 3841">
    <p class='ocr_par' dir='ltr' id='par_1_40' title="bbox 276 3767 1776 3841">
     <span class='ocr_line' id='line_1_40' title="bbox 276 3767 1776 3841; baseline 0.001 -19"><span class='ocrx_word' id='word_1_268' title='bbox 276 3769 342 3823; x_wconf 79' lang='grc' dir='ltr'><strong>Εἰ</strong></span> <span class='ocrx_word' id='word_1_269' title='bbox 358 3771 425 3822; x_wconf 84' lang='grc' dir='ltr'><strong>ἐκ</strong></span> <span class='ocrx_word' id='word_1_270' title='bbox 445 3767 653 3831; x_wconf 85' lang='grc' dir='ltr'>κοιλίας</span> <span class='ocrx_word' id='word_1_271' title='bbox 675 3767 879 3838; x_wconf 78' lang='grc' dir='ltr'>ἐκλήθη</span> <span class='ocrx_word' id='word_1_272' title='bbox 901 3769 1125 3840; x_wconf 82' lang='grc' dir='ltr'>μητρὸς,</span> <span class='ocrx_word' id='word_1_273' title='bbox 1150 3772 1227 3832; x_wconf 89' lang='grc' dir='ltr'>εἰς</span> <span class='ocrx_word' id='word_1_274' title='bbox 1246 3770 1345 3839; x_wconf 79' lang='grc' dir='ltr'>τὴν</span> <span class='ocrx_word' id='word_1_275' title='bbox 1362 3770 1667 3841; x_wconf 83' lang='grc' dir='ltr'>ἀποστολὴν</span> <span class='ocrx_word' id='word_1_276' title='bbox 1684 3772 1776 3841; x_wconf 74' lang='grc' dir='ltr'>δηο</span> 
     </span>
    </p>
   </div>
   <div class='ocr_carea' id='block_1_41' title="bbox 207 3858 1775 3932">
    <p class='ocr_par' dir='ltr' id='par_1_41' title="bbox 207 3858 1775 3932">
     <span class='ocr_line' id='line_1_41' title="bbox 207 3858 1775 3932; baseline 0.001 -19"><span class='ocrx_word' id='word_1_277' title='bbox 207 3861 405 3926; x_wconf 77' lang='grc' dir='ltr'>λονότι,</span> <span class='ocrx_word' id='word_1_278' title='bbox 454 3858 571 3922; x_wconf 70' lang='grc' dir='ltr'>πῶς</span> <span class='ocrx_word' id='word_1_279' title='bbox 633 3859 866 3930; x_wconf 85' lang='grc' dir='ltr'>διώκτης</span> <span class='ocrx_word' id='word_1_280' title='bbox 902 3862 1151 3928; x_wconf 85' lang='grc' dir='ltr'>ἐγένετο;</span> <span class='ocrx_word' id='word_1_281' title='bbox 1183 3860 1352 3912; x_wconf 84' lang='grc' dir='ltr'>Τοῦτο</span> <span class='ocrx_word' id='word_1_282' title='bbox 1400 3860 1457 3912; x_wconf 86' lang='grc' dir='ltr'>δὲ</span> <span class='ocrx_word' id='word_1_283' title='bbox 1481 3861 1542 3913; x_wconf 86' lang='grc' dir='ltr'>τὸ</span> <span class='ocrx_word' id='word_1_284' title='bbox 1575 3862 1775 3932; x_wconf 78' lang='grc' dir='ltr'>ἄπορον</span> 
     </span>
    </p>
   </div>
   <div class='ocr_carea' id='block_1_42' title="bbox 206 3950 1776 4023">
    <p class='ocr_par' dir='ltr' id='par_1_42' title="bbox 206 3950 1776 4023">
     <span class='ocr_line' id='line_1_42' title="bbox 206 3950 1776 4023; baseline 0.001 -17"><span class='ocrx_word' id='word_1_285' title='bbox 206 3952 370 4015; x_wconf 74' lang='grc' dir='ltr'>αὐτὸς</span> <span class='ocrx_word' id='word_1_286' title='bbox 391 3953 448 4004; x_wconf 89' lang='grc' dir='ltr'><strong>ἐν</strong></span> <span class='ocrx_word' id='word_1_287' title='bbox 480 3952 649 4022; x_wconf 78' lang='grc' dir='ltr'>ἑτέρῳ</span> <span class='ocrx_word' id='word_1_288' title='bbox 679 3950 868 4003; x_wconf 75' lang='grc' dir='ltr'>ἔλυσεν</span> <span class='ocrx_word' id='word_1_289' title='bbox 894 3953 1063 4021; x_wconf 87' lang='grc' dir='ltr'>τόπῳ,</span> <span class='ocrx_word' id='word_1_290' title='bbox 1092 3951 1261 4003; x_wconf 83' lang='grc' dir='ltr'>εἰπὼν</span> <span class='ocrx_word' id='word_1_291' title='bbox 1290 3969 1305 3983; x_wconf 79' lang='grc' dir='ltr'><strong>ο</strong></span> <span class='ocrx_word' id='word_1_292' title='bbox 1346 3969 1365 4002; x_wconf 71' lang='grc' dir='ltr'><strong>ι</strong></span> <span class='ocrx_word' id='word_1_293' title='bbox 1409 3951 1526 4004; x_wconf 83' lang='grc' dir='ltr'>Ἵνα</span> <span class='ocrx_word' id='word_1_294' title='bbox 1569 3954 1626 4004; x_wconf 89' lang='grc' dir='ltr'><strong>ἐν</strong></span> <span class='ocrx_word' id='word_1_295' title='bbox 1654 3958 1776 4023; x_wconf 82' lang='grc' dir='ltr'>ἐμοὶ</span> 
     </span>
    </p>
   </div>
   <div class='ocr_carea' id='block_1_43' title="bbox 209 4042 1769 4115">
    <p class='ocr_par' dir='ltr' id='par_1_43' title="bbox 209 4042 1769 4115">
     <span class='ocr_line' id='line_1_43' title="bbox 209 4042 1769 4115; baseline -0.001 -18"><span class='ocrx_word' id='word_1_296' title='bbox 209 4043 424 4115; x_wconf 83' lang='grc' dir='ltr'>πρῶτον</span> <span class='ocrx_word' id='word_1_297' title='bbox 478 4042 775 4114; x_wconf 74' lang='grc' dir='ltr'>ἐνδείξηται</span> <span class='ocrx_word' id='word_1_298' title='bbox 808 4045 1040 4114; x_wconf 73' lang='grc' dir='ltr'>Χριστὸς</span> <span class='ocrx_word' id='word_1_299' title='bbox 1087 4043 1187 4112; x_wconf 82' lang='grc' dir='ltr'>τὴν</span> <span class='ocrx_word' id='word_1_300' title='bbox 1215 4043 1435 4095; x_wconf 82' lang='grc' dir='ltr'>ἀπασαν</span> <span class='ocrx_word' id='word_1_301' title='bbox 1490 4048 1769 4113; x_wconf 86' lang='grc' dir='ltr'>μακροθυ-</span> 
     </span>
    </p>
   </div>
   <div class='ocr_carea' id='block_1_44' title="bbox 212 4131 1774 4204">
    <p class='ocr_par' dir='ltr' id='par_1_44' title="bbox 212 4131 1774 4204">
     <span class='ocr_line' id='line_1_44' title="bbox 212 4131 1774 4204; baseline 0 -19"><span class='ocrx_word' id='word_1_302' title='bbox 212 4136 339 4204; x_wconf 85' lang='grc' dir='ltr'>μίαν</span> <span class='ocrx_word' id='word_1_303' title='bbox 362 4133 548 4195; x_wconf 83' lang='grc' dir='ltr'>αύτοῦ,</span> <span class='ocrx_word' id='word_1_304' title='bbox 570 4136 650 4195; x_wconf 87' lang='grc' dir='ltr'><strong>είς</strong></span> <span class='ocrx_word' id='word_1_305' title='bbox 679 4132 1026 4185; x_wconf 83' lang='grc' dir='ltr'>ὑποτύπωσιν</span> <span class='ocrx_word' id='word_1_306' title='bbox 1042 4131 1150 4185; x_wconf 82' lang='grc' dir='ltr'>τῶν</span> <span class='ocrx_word' id='word_1_307' title='bbox 1173 4131 1474 4203; x_wconf 84' lang='grc' dir='ltr'>μελλόντων</span> <span class='ocrx_word' id='word_1_308' title='bbox 1499 4134 1774 4186; x_wconf 85' lang='grc' dir='ltr'>πιστεύειν</span> 
     </span>
    </p>
   </div>
   <div class='ocr_carea' id='block_1_45' title="bbox 207 4222 1022 4294">
    <p class='ocr_par' dir='ltr' id='par_1_45' title="bbox 207 4222 1022 4294">
     <span class='ocr_line' id='line_1_45' title="bbox 207 4222 1022 4294; baseline 0 -18"><span class='ocrx_word' id='word_1_309' title='bbox 207 4226 291 4276; x_wconf 81' lang='grc' dir='ltr'>ἐπ’</span> <span class='ocrx_word' id='word_1_310' title='bbox 311 4222 465 4294; x_wconf 85' lang='grc' dir='ltr'>αὑτῷ</span> <span class='ocrx_word' id='word_1_311' title='bbox 494 4224 574 4286; x_wconf 83' lang='grc' dir='ltr'><strong>είς</strong></span> <span class='ocrx_word' id='word_1_312' title='bbox 606 4224 752 4292; x_wconf 79' lang='grc' dir='ltr'>ζωὴν</span> <span class='ocrx_word' id='word_1_313' title='bbox 784 4224 1022 4276; x_wconf 83' lang='grc' dir='ltr'>αἰώνιον.</span> 
     </span>
    </p>
   </div>
   <div class='ocr_carea' id='block_1_46' title="bbox 280 4314 1769 4387">
    <p class='ocr_par' dir='ltr' id='par_1_46' title="bbox 280 4314 1769 4387">
     <span class='ocr_line' id='line_1_46' title="bbox 280 4314 1769 4387; baseline 0.004 -23"><span class='ocrx_word' id='word_1_314' title='bbox 280 4333 299 4364; x_wconf 72' lang='grc' dir='ltr'><strong>ι</strong></span> <span class='ocrx_word' id='word_1_315' title='bbox 337 4314 557 4377; x_wconf 78' lang='grc' dir='ltr'>Εὐθέως</span> <span class='ocrx_word' id='word_1_316' title='bbox 616 4315 679 4366; x_wconf 79' lang='grc' dir='ltr'><strong>οὐ</strong></span> <span class='ocrx_word' id='word_1_317' title='bbox 731 4314 1111 4385; x_wconf 87' lang='grc' dir='ltr'>προανεθέμην</span> <span class='ocrx_word' id='word_1_318' title='bbox 1170 4316 1334 4383; x_wconf 76' lang='grc' dir='ltr'>σαρκὶ</span> <span class='ocrx_word' id='word_1_319' title='bbox 1395 4316 1489 4368; x_wconf 80' lang='grc' dir='ltr'><strong>καὶ</strong></span> <span class='ocrx_word' id='word_1_320' title='bbox 1542 4316 1769 4387; x_wconf 77' lang='grc' dir='ltr'>αἵματι,</span> 
     </span>
    </p>
   </div>
   <div class='ocr_carea' id='block_1_47' title="bbox 206 4406 1771 4481">
    <p class='ocr_par' dir='ltr' id='par_1_47' title="bbox 206 4406 1771 4481">
     <span class='ocr_line' id='line_1_47' title="bbox 206 4406 1771 4481; baseline 0.001 -19"><span class='ocrx_word' id='word_1_321' title='bbox 206 4408 325 4462; x_wconf 73' lang='grc' dir='ltr'>οὐδὲ</span> <span class='ocrx_word' id='word_1_322' title='bbox 351 4408 585 4477; x_wconf 85' lang='grc' dir='ltr'>ἀνῆλθον</span> <span class='ocrx_word' id='word_1_323' title='bbox 616 4410 698 4471; x_wconf 83' lang='grc' dir='ltr'><strong>είς</strong></span> <span class='ocrx_word' id='word_1_324' title='bbox 742 4406 1096 4478; x_wconf 80' lang='grc' dir='ltr'>Ἰερουσαλὴμ</span> <span class='ocrx_word' id='word_1_325' title='bbox 1145 4408 1280 4477; x_wconf 84' lang='grc' dir='ltr'>πρὸς</span> <span class='ocrx_word' id='word_1_326' title='bbox 1330 4409 1455 4471; x_wconf 86' lang='grc' dir='ltr'>τοὺς</span> <span class='ocrx_word' id='word_1_327' title='bbox 1497 4410 1604 4481; x_wconf 77' lang='grc' dir='ltr'><strong>πρὸ</strong></span> <span class='ocrx_word' id='word_1_328' title='bbox 1636 4410 1771 4480; x_wconf 88' lang='grc' dir='ltr'>ἐμοῦ</span> 
     </span>
    </p>
   </div>
   <div class='ocr_carea' id='block_1_48' title="bbox 1849 656 2124 709">
    <p class='ocr_par' dir='ltr' id='par_1_48' title="bbox 1849 656 2124 709">
     <span class='ocr_line' id='line_1_48' title="bbox 1849 656 2124 709; baseline -0.018 0"><span class='ocrx_word' id='word_1_329' title='bbox 1849 656 2075 709; x_wconf 82' lang='lat' dir='ltr'><strong>Christi.</strong></span> <span class='ocrx_word' id='word_1_330' title='bbox 2107 674 2124 704; x_wconf 75' lang='grc' dir='ltr'><strong>ι</strong></span> 
     </span>
    </p>
   </div>
   <div class='ocr_carea' id='block_1_49' title="bbox 1926 743 3420 817">
    <p class='ocr_par' dir='ltr' id='par_1_49' title="bbox 1926 743 3420 817">
     <span class='ocr_line' id='line_1_49' title="bbox 1926 743 3420 817; baseline 0.001 -19"><span class='ocrx_word' id='word_1_331' title='bbox 1926 746 2058 800; x_wconf 85' lang='lat' dir='ltr'><strong>Vide</strong></span> <span class='ocrx_word' id='word_1_332' title='bbox 2089 763 2203 817; x_wconf 92' lang='lat' dir='ltr'><strong>quo</strong></span> <span class='ocrx_word' id='word_1_333' title='bbox 2238 759 2396 816; x_wconf 84' lang='lat' dir='ltr'><strong>pacto</strong></span> <span class='ocrx_word' id='word_1_334' title='bbox 2430 760 2649 800; x_wconf 87' lang='lat' dir='ltr'><strong>sursum</strong></span> <span class='ocrx_word' id='word_1_335' title='bbox 2675 745 2937 800; x_wconf 83' lang='lat' dir='ltr'><strong>deorsum</strong></span> <span class='ocrx_word' id='word_1_336' title='bbox 2974 743 3207 798; x_wconf 81' lang='lat' dir='ltr'><strong>aﬂirmat</strong></span> <span class='ocrx_word' id='word_1_337' title='bbox 3235 744 3327 798; x_wconf 85' lang='lat' dir='ltr'><strong>Dei</strong></span> <span class='ocrx_word' id='word_1_338' title='bbox 3360 759 3420 799; x_wconf 89' lang='lat' dir='ltr'><strong>se</strong></span> 
     </span>
    </p>
   </div>
   <div class='ocr_carea' id='block_1_50' title="bbox 1856 836 3420 909">
    <p class='ocr_par' dir='ltr' id='par_1_50' title="bbox 1856 836 3420 909">
     <span class='ocr_line' id='line_1_50' title="bbox 1856 836 3420 909; baseline 0.001 -19"><span class='ocrx_word' id='word_1_339' title='bbox 1856 838 2025 893; x_wconf 80' lang='lat' dir='ltr'><strong>fuisse</strong></span> <span class='ocrx_word' id='word_1_340' title='bbox 2081 839 2449 909; x_wconf 86' lang='lat' dir='ltr'><strong>discipulum;</strong></span> <span class='ocrx_word' id='word_1_341' title='bbox 2495 847 2780 906; x_wconf 73' lang='lat' dir='ltr'><strong>propterea</strong></span> <span class='ocrx_word' id='word_1_342' title='bbox 2843 838 2994 907; x_wconf 90' lang='lat' dir='ltr'><strong>quod</strong></span> <span class='ocrx_word' id='word_1_343' title='bbox 3050 838 3144 906; x_wconf 90' lang='lat' dir='ltr'><strong>qui</strong></span> <span class='ocrx_word' id='word_1_344' title='bbox 3203 836 3420 891; x_wconf 78' lang='lat' dir='ltr'><strong>Galatas</strong></span> 
     </span>
    </p>
   </div>
   <div class='ocr_carea' id='block_1_51' title="bbox 1856 925 3419 1000">
    <p class='ocr_par' dir='ltr' id='par_1_51' title="bbox 1856 925 3419 1000">
     <span class='ocr_line' id='line_1_51' title="bbox 1856 925 3419 1000; baseline 0 -17"><span class='ocrx_word' id='word_1_345' title='bbox 1856 938 2114 1000; x_wconf 80' lang='lat' dir='ltr'><strong>cogerent</strong></span> <span class='ocrx_word' id='word_1_346' title='bbox 2151 930 2502 995; x_wconf 84' lang='lat' dir='ltr'><strong>circumcidi,</strong></span> <span class='ocrx_word' id='word_1_347' title='bbox 2536 929 2643 982; x_wconf 88' lang='lat' dir='ltr'><strong>hoc</strong></span> <span class='ocrx_word' id='word_1_348' title='bbox 2689 930 3009 984; x_wconf 91' lang='lat' dir='ltr'><strong>dictitarent</strong></span> <span class='ocrx_word' id='word_1_349' title='bbox 3044 946 3057 983; x_wconf 92' lang='lat'>:</span> <span class='ocrx_word' id='word_1_350' title='bbox 3100 925 3185 982; x_wconf 92' lang='lat' dir='ltr'><strong>llli</strong></span> <span class='ocrx_word' id='word_1_351' title='bbox 3215 929 3308 998; x_wconf 86' lang='lat' dir='ltr'><strong>qui</strong></span> <span class='ocrx_word' id='word_1_352' title='bbox 3334 928 3419 983; x_wconf 88' lang='lat' dir='ltr'><strong>di-</strong></span> 
     </span>
    </p>
   </div>
   <div class='ocr_carea' id='block_1_52' title="bbox 1857 1019 3423 1091">
    <p class='ocr_par' dir='ltr' id='par_1_52' title="bbox 1857 1019 3423 1091">
     <span class='ocr_line' id='line_1_52' title="bbox 1857 1019 3423 1091; baseline -0.002 -14"><span class='ocrx_word' id='word_1_353' title='bbox 1857 1022 2057 1091; x_wconf 90' lang='lat' dir='ltr'><strong>scipuli</strong></span> <span class='ocrx_word' id='word_1_354' title='bbox 2108 1022 2311 1075; x_wconf 78' lang='lat' dir='ltr'><strong>Christi</strong></span> <span class='ocrx_word' id='word_1_355' title='bbox 2364 1021 2555 1083; x_wconf 80' lang='lat' dir='ltr'><strong>luere.</strong></span> <span class='ocrx_word' id='word_1_356' title='bbox 2601 1019 2800 1074; x_wconf 87' lang='lat' dir='ltr'><strong>Petrus</strong></span> <span class='ocrx_word' id='word_1_357' title='bbox 2845 1022 3136 1087; x_wconf 84' lang='lat' dir='ltr'><strong>videlicet,</strong></span> <span class='ocrx_word' id='word_1_358' title='bbox 3185 1019 3423 1075; x_wconf 86' lang='lat' dir='ltr'><strong>Jacobus</strong></span> 
     </span>
    </p>
   </div>
   <div class='ocr_carea' id='block_1_53' title="bbox 1857 1111 3426 1181">
    <p class='ocr_par' dir='ltr' id='par_1_53' title="bbox 1857 1111 3426 1181">
     <span class='ocr_line' id='line_1_53' title="bbox 1857 1111 3426 1181; baseline 0.001 -16"><span class='ocrx_word' id='word_1_359' title='bbox 1857 1123 1903 1166; x_wconf 86' lang='lat' dir='ltr'><strong>et</strong></span> <span class='ocrx_word' id='word_1_360' title='bbox 1936 1111 2200 1175; x_wconf 81' lang='lat' dir='ltr'><strong>Joannes,</strong></span> <span class='ocrx_word' id='word_1_361' title='bbox 2243 1112 2730 1166; x_wconf 89' lang='lat' dir='ltr'><strong>circumcisionem</strong></span> <span class='ocrx_word' id='word_1_362' title='bbox 2786 1114 3154 1181; x_wconf 86' lang='lat' dir='ltr'><strong>permittunt;</strong></span> <span class='ocrx_word' id='word_1_363' title='bbox 3214 1114 3261 1167; x_wconf 88' lang='lat' dir='ltr'><strong>is</strong></span> <span class='ocrx_word' id='word_1_364' title='bbox 3294 1128 3426 1167; x_wconf 89' lang='lat' dir='ltr'><strong>vero</strong></span> 
     </span>
    </p>
   </div>
   <div class='ocr_carea' id='block_1_54' title="bbox 1859 1202 3427 1273">
    <p class='ocr_par' dir='ltr' id='par_1_54' title="bbox 1859 1202 3427 1273">
     <span class='ocr_line' id='line_1_54' title="bbox 1859 1202 3427 1273; baseline -0.001 -15"><span class='ocrx_word' id='word_1_365' title='bbox 1859 1203 2258 1273; x_wconf 84' lang='lat' dir='ltr'><strong>discipulorum</strong></span> <span class='ocrx_word' id='word_1_366' title='bbox 2310 1202 2616 1272; x_wconf 76' lang='lat' dir='ltr'><strong>discipulus</strong></span> <span class='ocrx_word' id='word_1_367' title='bbox 2649 1202 2907 1269; x_wconf 80' lang='lat' dir='ltr'><strong>exsistit;</strong></span> <span class='ocrx_word' id='word_1_368' title='bbox 2951 1216 3132 1256; x_wconf 89' lang='lat' dir='ltr'><strong>annon</strong></span> <span class='ocrx_word' id='word_1_369' title='bbox 3175 1218 3309 1273; x_wconf 86' lang='lat' dir='ltr'><strong>ergo</strong></span> <span class='ocrx_word' id='word_1_370' title='bbox 3338 1218 3427 1259; x_wconf 83' lang='lat' dir='ltr'><strong>sa-</strong></span> 
     </span>
    </p>
   </div>
   <div class='ocr_carea' id='block_1_55' title="bbox 1862 1294 3125 1364">
    <p class='ocr_par' dir='ltr' id='par_1_55' title="bbox 1862 1294 3125 1364">
     <span class='ocr_line' id='line_1_55' title="bbox 1862 1294 3125 1364; baseline -0.001 -16"><span class='ocrx_word' id='word_1_371' title='bbox 1862 1297 1973 1349; x_wconf 91' lang='lat' dir='ltr'><strong>tius</strong></span> <span class='ocrx_word' id='word_1_372' title='bbox 2007 1305 2093 1350; x_wconf 89' lang='lat' dir='ltr'><strong>est</strong></span> <span class='ocrx_word' id='word_1_373' title='bbox 2125 1296 2256 1355; x_wconf 90' lang='lat' dir='ltr'><strong>illis,</strong></span> <span class='ocrx_word' id='word_1_374' title='bbox 2301 1310 2465 1364; x_wconf 89' lang='lat' dir='ltr'><strong>quam</strong></span> <span class='ocrx_word' id='word_1_375' title='bbox 2504 1294 2618 1357; x_wconf 85' lang='lat' dir='ltr'><strong>isti,</strong></span> <span class='ocrx_word' id='word_1_376' title='bbox 2654 1309 2863 1347; x_wconf 89' lang='lat' dir='ltr'><strong>morem</strong></span> <span class='ocrx_word' id='word_1_377' title='bbox 2891 1294 3125 1364; x_wconf 88' lang='lat' dir='ltr'><strong>gerere?</strong></span> 
     </span>
    </p>
   </div>
   <div class='ocr_carea' id='block_1_56' title="bbox 1932 1386 3429 1443">
    <p class='ocr_par' dir='ltr' id='par_1_56' title="bbox 1932 1386 3429 1443">
     <span class='ocr_line' id='line_1_56' title="bbox 1932 1386 3429 1443; baseline 0 -3"><span class='ocrx_word' id='word_1_378' title='bbox 1932 1388 2099 1443; x_wconf 78' lang='lat' dir='ltr'><strong>Vens.</strong></span> <span class='ocrx_word' id='word_1_379' title='bbox 2158 1388 2347 1441; x_wconf 73' lang='lat'><strong>13-15.</strong></span> <span class='ocrx_word' id='word_1_380' title='bbox 2392 1406 2410 1439; x_wconf 77' lang='grc' dir='ltr'><strong>ι</strong></span> <span class='ocrx_word' id='word_1_381' title='bbox 2450 1386 2702 1441; x_wconf 87' lang='lat' dir='ltr'><strong>Audistis</strong></span> <span class='ocrx_word' id='word_1_382' title='bbox 2748 1387 2895 1440; x_wconf 89' lang='lat' dir='ltr'><strong>enim</strong></span> <span class='ocrx_word' id='word_1_383' title='bbox 2944 1387 3429 1442; x_wconf 86' lang='lat' dir='ltr'><strong>conversationem</strong></span> 
     </span>
    </p>
   </div>
   <div class='ocr_carea' id='block_1_57' title="bbox 1864 1475 3432 1547">
    <p class='ocr_par' dir='ltr' id='par_1_57' title="bbox 1864 1475 3432 1547">
     <span class='ocr_line' id='line_1_57' title="bbox 1864 1475 3432 1547; baseline -0.001 -17"><span class='ocrx_word' id='word_1_384' title='bbox 1864 1493 2038 1531; x_wconf 86' lang='lat' dir='ltr'><strong>meam</strong></span> <span class='ocrx_word' id='word_1_385' title='bbox 2100 1478 2397 1547; x_wconf 84' lang='lat' dir='ltr'><strong>aliquando</strong></span> <span class='ocrx_word' id='word_1_386' title='bbox 2446 1478 2501 1531; x_wconf 90' lang='lat' dir='ltr'><strong>in</strong></span> <span class='ocrx_word' id='word_1_387' title='bbox 2549 1475 2887 1540; x_wconf 86' lang='lat' dir='ltr'><strong>Judaismo;</strong></span> <span class='ocrx_word' id='word_1_388' title='bbox 2939 1476 3201 1545; x_wconf 87' lang='lat' dir='ltr'><strong>quoniam</strong></span> <span class='ocrx_word' id='word_1_389' title='bbox 3264 1490 3432 1544; x_wconf 86' lang='lat' dir='ltr'><strong>supra</strong></span> 
     </span>
    </p>
   </div>
   <div class='ocr_carea' id='block_1_58' title="bbox 1864 1566 3428 1638">
    <p class='ocr_par' dir='ltr' id='par_1_58' title="bbox 1864 1566 3428 1638">
     <span class='ocr_line' id='line_1_58' title="bbox 1864 1566 3428 1638; baseline -0.001 -15"><span class='ocrx_word' id='word_1_390' title='bbox 1864 1570 2085 1623; x_wconf 92' lang='lat' dir='ltr'><strong>modum</strong></span> <span class='ocrx_word' id='word_1_391' title='bbox 2128 1569 2496 1638; x_wconf 89' lang='lat' dir='ltr'><strong>persequebar</strong></span> <span class='ocrx_word' id='word_1_392' title='bbox 2541 1568 2849 1623; x_wconf 89' lang='lat' dir='ltr'><strong>Ecclesiam</strong></span> <span class='ocrx_word' id='word_1_393' title='bbox 2886 1566 3004 1630; x_wconf 91' lang='lat' dir='ltr'><strong>Dei,</strong></span> <span class='ocrx_word' id='word_1_394' title='bbox 3058 1575 3114 1623; x_wconf 91' lang='lat' dir='ltr'><strong>et</strong></span> <span class='ocrx_word' id='word_1_395' title='bbox 3142 1581 3428 1637; x_wconf 76' lang='lat' dir='ltr'><strong>expugna-</strong></span> 
     </span>
    </p>
   </div>
   <div class='ocr_carea' id='block_1_59' title="bbox 1866 1658 3435 1729">
    <p class='ocr_par' dir='ltr' id='par_1_59' title="bbox 1866 1658 3435 1729">
     <span class='ocr_line' id='line_1_59' title="bbox 1866 1658 3435 1729; baseline -0.001 -16"><span class='ocrx_word' id='word_1_396' title='bbox 1866 1662 1990 1713; x_wconf 78' lang='lat' dir='ltr'><strong>liam</strong></span> <span class='ocrx_word' id='word_1_397' title='bbox 2020 1660 2192 1725; x_wconf 84' lang='lat' dir='ltr'><strong>illam,</strong></span> <span class='ocrx_word' id='word_1_398' title='bbox 2224 1671 2278 1714; x_wconf 92' lang='lat' dir='ltr'><strong>et</strong></span> <span class='ocrx_word' id='word_1_399' title='bbox 2304 1660 2659 1729; x_wconf 74' lang='lat' dir='ltr'><strong>proﬁciebam</strong></span> <span class='ocrx_word' id='word_1_400' title='bbox 2692 1660 2746 1713; x_wconf 91' lang='lat' dir='ltr'><strong>in</strong></span> <span class='ocrx_word' id='word_1_401' title='bbox 2772 1658 3060 1713; x_wconf 77' lang='lat' dir='ltr'><strong>Judaismo</strong></span> <span class='ocrx_word' id='word_1_402' title='bbox 3096 1673 3263 1727; x_wconf 87' lang='lat' dir='ltr'><strong>supra</strong></span> <span class='ocrx_word' id='word_1_403' title='bbox 3293 1661 3435 1712; x_wconf 82' lang='lat' dir='ltr'><strong>mul-</strong></span> 
     </span>
    </p>
   </div>
   <div class='ocr_carea' id='block_1_60' title="bbox 1867 1752 3433 1820">
    <p class='ocr_par' dir='ltr' id='par_1_60' title="bbox 1867 1752 3433 1820">
     <span class='ocr_line' id='line_1_60' title="bbox 1867 1752 3433 1820; baseline 0 -15"><span class='ocrx_word' id='word_1_404' title='bbox 1867 1760 1952 1805; x_wconf 90' lang='lat' dir='ltr'><strong>tos</strong></span> <span class='ocrx_word' id='word_1_405' title='bbox 1985 1760 2293 1806; x_wconf 72' lang='lat' dir='ltr'><strong>coaztaneos</strong></span> <span class='ocrx_word' id='word_1_406' title='bbox 2340 1767 2492 1807; x_wconf 89' lang='lat' dir='ltr'><strong>meos</strong></span> <span class='ocrx_word' id='word_1_407' title='bbox 2530 1753 2586 1806; x_wconf 90' lang='lat' dir='ltr'><strong>in</strong></span> <span class='ocrx_word' id='word_1_408' title='bbox 2623 1767 2820 1820; x_wconf 77' lang='lat' dir='ltr'><strong>genere</strong></span> <span class='ocrx_word' id='word_1_409' title='bbox 2870 1766 3016 1816; x_wconf 89' lang='lat' dir='ltr'><strong>meo,</strong></span> <span class='ocrx_word' id='word_1_410' title='bbox 3053 1752 3433 1805; x_wconf 72' lang='lat' dir='ltr'><strong>abundantius</strong></span> 
     </span>
    </p>
   </div>
   <div class='ocr_carea' id='block_1_61' title="bbox 1866 1843 3432 1914">
    <p class='ocr_par' dir='ltr' id='par_1_61' title="bbox 1866 1843 3432 1914">
     <span class='ocr_line' id='line_1_61' title="bbox 1866 1843 3432 1914; baseline 0.001 -17"><span class='ocrx_word' id='word_1_411' title='bbox 1866 1844 2153 1897; x_wconf 70' lang='lat' dir='ltr'><strong>aamulator</strong></span> <span class='ocrx_word' id='word_1_412' title='bbox 2180 1843 2459 1899; x_wconf 81' lang='lat' dir='ltr'><strong>exsistens</strong></span> <span class='ocrx_word' id='word_1_413' title='bbox 2494 1850 2851 1914; x_wconf 88' lang='lat' dir='ltr'><strong>paternarum</strong></span> <span class='ocrx_word' id='word_1_414' title='bbox 2897 1857 3145 1896; x_wconf 88' lang='lat' dir='ltr'><strong>mearum</strong></span> <span class='ocrx_word' id='word_1_415' title='bbox 3175 1843 3432 1899; x_wconf 83' lang='lat' dir='ltr'><strong>traditio-</strong></span> 
     </span>
    </p>
   </div>
   <div class='ocr_carea' id='block_1_62' title="bbox 1867 1935 2971 2005">
    <p class='ocr_par' dir='ltr' id='par_1_62' title="bbox 1867 1935 2971 2005">
     <span class='ocr_line' id='line_1_62' title="bbox 1867 1935 2971 2005; baseline -0.005 -14"><span class='ocrx_word' id='word_1_416' title='bbox 1867 1952 2015 1991; x_wconf 90' lang='lat' dir='ltr'><strong>num.</strong></span> <span class='ocrx_word' id='word_1_417' title='bbox 2051 1936 2187 1989; x_wconf 88' lang='lat' dir='ltr'><strong>Cum</strong></span> <span class='ocrx_word' id='word_1_418' title='bbox 2214 1946 2396 1991; x_wconf 89' lang='lat' dir='ltr'><strong>autem</strong></span> <span class='ocrx_word' id='word_1_419' title='bbox 2427 1936 2761 2005; x_wconf 89' lang='lat' dir='ltr'><strong>complacuit</strong></span> <span class='ocrx_word' id='word_1_420' title='bbox 2794 1935 2920 1989; x_wconf 86' lang='lat' dir='ltr'><strong>Deo.</strong></span> <span class='ocrx_word' id='word_1_421' title='bbox 2953 1954 2971 1985; x_wconf 75' lang='grc' dir='ltr'><strong>ι</strong></span> 
     </span>
    </p>
   </div>
   <div class='ocr_carea' id='block_1_63' title="bbox 1937 2028 3437 2100">
    <p class='ocr_par' dir='ltr' id='par_1_63' title="bbox 1937 2028 3437 2100">
     <span class='ocr_line' id='line_1_63' title="bbox 1937 2028 3437 2100; baseline 0 -17"><span class='ocrx_word' id='word_1_422' title='bbox 1937 2029 1992 2083; x_wconf 93' lang='lat' dir='ltr'><strong>ld</strong></span> <span class='ocrx_word' id='word_1_423' title='bbox 2021 2030 2165 2100; x_wconf 91' lang='lat' dir='ltr'><strong>quod</strong></span> <span class='ocrx_word' id='word_1_424' title='bbox 2193 2031 2357 2084; x_wconf 88' lang='lat' dir='ltr'><strong>modo</strong></span> <span class='ocrx_word' id='word_1_425' title='bbox 2381 2030 2677 2094; x_wconf 88' lang='lat' dir='ltr'><strong>astruitur,</strong></span> <span class='ocrx_word' id='word_1_426' title='bbox 2705 2030 2867 2099; x_wconf 89' lang='lat' dir='ltr'><strong>plane</strong></span> <span class='ocrx_word' id='word_1_427' title='bbox 2902 2030 3245 2083; x_wconf 81' lang='lat' dir='ltr'><strong>demonstrat</strong></span> <span class='ocrx_word' id='word_1_428' title='bbox 3278 2028 3437 2100; x_wconf 78' lang='lat'><strong>159</strong></span> 
     </span>
    </p>
   </div>
   <div class='ocr_carea' id='block_1_64' title="bbox 1866 2122 3437 2193">
    <p class='ocr_par' dir='ltr' id='par_1_64' title="bbox 1866 2122 3437 2193">
     <span class='ocr_line' id='line_1_64' title="bbox 1866 2122 3437 2193; baseline -0.001 -16"><span class='ocrx_word' id='word_1_429' title='bbox 1866 2140 1990 2177; x_wconf 89' lang='lat' dir='ltr'><strong>cum</strong></span> <span class='ocrx_word' id='word_1_430' title='bbox 2029 2139 2136 2177; x_wconf 89' lang='lat' dir='ltr'><strong>non</strong></span> <span class='ocrx_word' id='word_1_431' title='bbox 2169 2125 2237 2177; x_wconf 82' lang='lat' dir='ltr'><strong>ab</strong></span> <span class='ocrx_word' id='word_1_432' title='bbox 2274 2123 2593 2177; x_wconf 84' lang='lat' dir='ltr'><strong>hominibus</strong></span> <span class='ocrx_word' id='word_1_433' title='bbox 2622 2123 2904 2191; x_wconf 84' lang='lat' dir='ltr'><strong>accepisse</strong></span> <span class='ocrx_word' id='word_1_434' title='bbox 2949 2123 3295 2193; x_wconf 83' lang='lat' dir='ltr'><strong>mysterium.</strong></span> <span class='ocrx_word' id='word_1_435' title='bbox 3329 2122 3437 2175; x_wconf 80' lang='lat' dir='ltr'><strong>Ta-</strong></span> 
     </span>
    </p>
   </div>
   <div class='ocr_carea' id='block_1_65' title="bbox 1869 2215 3437 2287">
    <p class='ocr_par' dir='ltr' id='par_1_65' title="bbox 1869 2215 3437 2287">
     <span class='ocr_line' id='line_1_65' title="bbox 1869 2215 3437 2287; baseline 0.001 -18"><span class='ocrx_word' id='word_1_436' title='bbox 1869 2218 1936 2271; x_wconf 91' lang='lat' dir='ltr'><strong>lis</strong></span> <span class='ocrx_word' id='word_1_437' title='bbox 1976 2217 2251 2287; x_wconf 77' lang='lat' dir='ltr'><strong>siquidem</strong></span> <span class='ocrx_word' id='word_1_438' title='bbox 2305 2225 2567 2285; x_wconf 88' lang='lat' dir='ltr'><strong>tantaque</strong></span> <span class='ocrx_word' id='word_1_439' title='bbox 2615 2217 2851 2271; x_wconf 85' lang='lat' dir='ltr'><strong>mutatio</strong></span> <span class='ocrx_word' id='word_1_440' title='bbox 2896 2232 3019 2287; x_wconf 69' lang='lat' dir='ltr'><strong>quae</strong></span> <span class='ocrx_word' id='word_1_441' title='bbox 3063 2216 3248 2272; x_wconf 89' lang='lat' dir='ltr'><strong>subito</strong></span> <span class='ocrx_word' id='word_1_442' title='bbox 3291 2215 3437 2272; x_wconf 81' lang='lat' dir='ltr'><strong>facta</strong></span> 
     </span>
    </p>
   </div>
   <div class='ocr_carea' id='block_1_66' title="bbox 1867 2304 3437 2377">
    <p class='ocr_par' dir='ltr' id='par_1_66' title="bbox 1867 2304 3437 2377">
     <span class='ocr_line' id='line_1_66' title="bbox 1867 2304 3437 2377; baseline 0.001 -16"><span class='ocrx_word' id='word_1_443' title='bbox 1867 2318 1972 2369; x_wconf 88' lang='lat' dir='ltr'><strong>est,</strong></span> <span class='ocrx_word' id='word_1_444' title='bbox 2017 2320 2363 2377; x_wconf 89' lang='lat' dir='ltr'><strong>nequaquam</strong></span> <span class='ocrx_word' id='word_1_445' title='bbox 2398 2306 2466 2360; x_wconf 92' lang='lat' dir='ltr'><strong>ab</strong></span> <span class='ocrx_word' id='word_1_446' title='bbox 2506 2306 2727 2360; x_wconf 90' lang='lat' dir='ltr'><strong>homine</strong></span> <span class='ocrx_word' id='word_1_447' title='bbox 2776 2304 2914 2362; x_wconf 83' lang='lat' dir='ltr'><strong>eilici</strong></span> <span class='ocrx_word' id='word_1_448' title='bbox 2947 2306 3212 2376; x_wconf 88' lang='lat' dir='ltr'><strong>potuerit.</strong></span> <span class='ocrx_word' id='word_1_449' title='bbox 3246 2305 3437 2362; x_wconf 82' lang='lat' dir='ltr'><strong>Honii-</strong></span> 
     </span>
    </p>
   </div>
   <div class='ocr_carea' id='block_1_67' title="bbox 1868 2398 3437 2469">
    <p class='ocr_par' dir='ltr' id='par_1_67' title="bbox 1868 2398 3437 2469">
     <span class='ocr_line' id='line_1_67' title="bbox 1868 2398 3437 2469; baseline 0 -16"><span class='ocrx_word' id='word_1_450' title='bbox 1868 2415 2000 2453; x_wconf 90' lang='lat' dir='ltr'><strong>num</strong></span> <span class='ocrx_word' id='word_1_451' title='bbox 2072 2400 2276 2469; x_wconf 89' lang='lat' dir='ltr'><strong>quippe</strong></span> <span class='ocrx_word' id='word_1_452' title='bbox 2310 2398 2563 2453; x_wconf 84' lang='lat' dir='ltr'><strong>doctrina</strong></span> <span class='ocrx_word' id='word_1_453' title='bbox 2608 2398 2873 2468; x_wconf 88' lang='lat' dir='ltr'><strong>paulatim</strong></span> <span class='ocrx_word' id='word_1_454' title='bbox 2925 2398 3294 2469; x_wconf 76' lang='lat' dir='ltr'><strong>progreditur.</strong></span> <span class='ocrx_word' id='word_1_455' title='bbox 3355 2399 3437 2453; x_wconf 82' lang='lat' dir='ltr'><strong>Ad</strong></span> 
     </span>
    </p>
   </div>
   <div class='ocr_carea' id='block_1_68' title="bbox 1870 2492 3438 2563">
    <p class='ocr_par' dir='ltr' id='par_1_68' title="bbox 1870 2492 3438 2563">
     <span class='ocr_line' id='line_1_68' title="bbox 1870 2492 3438 2563; baseline 0.002 -17"><span class='ocrx_word' id='word_1_456' title='bbox 1870 2492 1984 2547; x_wconf 65' lang='lat' dir='ltr'><strong>haec</strong></span> <span class='ocrx_word' id='word_1_457' title='bbox 2012 2508 2109 2562; x_wconf 92' lang='lat' dir='ltr'><strong>per</strong></span> <span class='ocrx_word' id='word_1_458' title='bbox 2141 2492 2244 2547; x_wconf 92' lang='lat' dir='ltr'><strong>hoc</strong></span> <span class='ocrx_word' id='word_1_459' title='bbox 2290 2493 2574 2563; x_wconf 88' lang='lat' dir='ltr'><strong>quidpiam</strong></span> <span class='ocrx_word' id='word_1_460' title='bbox 2614 2492 2766 2547; x_wconf 88' lang='lat' dir='ltr'><strong>aliud</strong></span> <span class='ocrx_word' id='word_1_461' title='bbox 2813 2493 3039 2548; x_wconf 86' lang='lat' dir='ltr'><strong>evincit.</strong></span> <span class='ocrx_word' id='word_1_462' title='bbox 3092 2493 3243 2549; x_wconf 86' lang='lat' dir='ltr'><strong>Clam</strong></span> <span class='ocrx_word' id='word_1_463' title='bbox 3290 2495 3438 2550; x_wconf 88' lang='lat' dir='ltr'><strong>enim</strong></span> 
     </span>
    </p>
   </div>
   <div class='ocr_carea' id='block_1_69' title="bbox 1871 2582 3440 2653">
    <p class='ocr_par' dir='ltr' id='par_1_69' title="bbox 1871 2582 3440 2653">
     <span class='ocr_line' id='line_1_69' title="bbox 1871 2582 3440 2653; baseline 0.004 -19"><span class='ocrx_word' id='word_1_464' title='bbox 1871 2582 2109 2635; x_wconf 88' lang='lat' dir='ltr'><strong>deterret</strong></span> <span class='ocrx_word' id='word_1_465' title='bbox 2140 2598 2168 2636; x_wconf 90' lang='lat' dir='ltr'><strong>a</strong></span> <span class='ocrx_word' id='word_1_466' title='bbox 2225 2582 2495 2653; x_wconf 81' lang='lat' dir='ltr'><strong>legalibus</strong></span> <span class='ocrx_word' id='word_1_467' title='bbox 2542 2583 2899 2653; x_wconf 70' lang='lat' dir='ltr'><strong>praestandis.</strong></span> <span class='ocrx_word' id='word_1_468' title='bbox 2942 2582 3234 2639; x_wconf 82' lang='lat' dir='ltr'><strong>Enimvero</strong></span> <span class='ocrx_word' id='word_1_469' title='bbox 3272 2586 3320 2639; x_wconf 87' lang='lat' dir='ltr'><strong>si</strong></span> <span class='ocrx_word' id='word_1_470' title='bbox 3348 2586 3440 2641; x_wconf 89' lang='lat' dir='ltr'><strong>ille</strong></span> 
     </span>
    </p>
   </div>
   <div class='ocr_carea' id='block_1_70' title="bbox 1871 2673 3439 2745">
    <p class='ocr_par' dir='ltr' id='par_1_70' title="bbox 1871 2673 3439 2745">
     <span class='ocr_line' id='line_1_70' title="bbox 1871 2673 3439 2745; baseline 0.001 -19"><span class='ocrx_word' id='word_1_471' title='bbox 1871 2674 1962 2741; x_wconf 89' lang='lat' dir='ltr'><strong>qui</strong></span> <span class='ocrx_word' id='word_1_472' title='bbox 1995 2682 2208 2728; x_wconf 91' lang='lat' dir='ltr'><strong>tantum</strong></span> <span class='ocrx_word' id='word_1_473' title='bbox 2262 2673 2518 2729; x_wconf 87' lang='lat' dir='ltr'><strong>ardorem</strong></span> <span class='ocrx_word' id='word_1_474' title='bbox 2560 2674 2801 2745; x_wconf 71' lang='lat' dir='ltr'><strong>praetulit</strong></span> <span class='ocrx_word' id='word_1_475' title='bbox 2846 2674 2975 2727; x_wconf 89' lang='lat' dir='ltr'><strong>dum</strong></span> <span class='ocrx_word' id='word_1_476' title='bbox 3014 2676 3119 2728; x_wconf 85' lang='lat' dir='ltr'><strong>sub</strong></span> <span class='ocrx_word' id='word_1_477' title='bbox 3156 2674 3272 2744; x_wconf 90' lang='lat' dir='ltr'><strong>lege</strong></span> <span class='ocrx_word' id='word_1_478' title='bbox 3303 2691 3439 2744; x_wconf 86' lang='lat' dir='ltr'><strong>age-</strong></span> 
     </span>
    </p>
   </div>
   <div class='ocr_carea' id='block_1_71' title="bbox 1872 2766 3441 2839">
    <p class='ocr_par' dir='ltr' id='par_1_71' title="bbox 1872 2766 3441 2839">
     <span class='ocr_line' id='line_1_71' title="bbox 1872 2766 3441 2839; baseline 0.003 -20"><span class='ocrx_word' id='word_1_479' title='bbox 1872 2766 1986 2829; x_wconf 91' lang='lat' dir='ltr'><strong>bat,</strong></span> <span class='ocrx_word' id='word_1_480' title='bbox 2019 2766 2267 2822; x_wconf 87' lang='lat' dir='ltr'><strong>dimissis</strong></span> <span class='ocrx_word' id='word_1_481' title='bbox 2292 2768 2432 2839; x_wconf 86' lang='lat' dir='ltr'><strong>legis</strong></span> <span class='ocrx_word' id='word_1_482' title='bbox 2461 2767 2700 2822; x_wconf 88' lang='lat' dir='ltr'><strong>decretis</strong></span> <span class='ocrx_word' id='word_1_483' title='bbox 2736 2766 2805 2820; x_wconf 92' lang='lat' dir='ltr'><strong>ad</strong></span> <span class='ocrx_word' id='word_1_484' title='bbox 2851 2768 3087 2821; x_wconf 86' lang='lat' dir='ltr'><strong>salutem</strong></span> <span class='ocrx_word' id='word_1_485' title='bbox 3121 2766 3273 2822; x_wconf 84' lang='lat' dir='ltr'><strong>venit</strong></span> <span class='ocrx_word' id='word_1_486' title='bbox 3315 2782 3441 2837; x_wconf 64' lang='lat' dir='ltr'><strong>qua</strong></span> 
     </span>
    </p>
   </div>
   <div class='ocr_carea' id='block_1_72' title="bbox 1874 2858 3441 2931">
    <p class='ocr_par' dir='ltr' id='par_1_72' title="bbox 1874 2858 3441 2931">
     <span class='ocr_line' id='line_1_72' title="bbox 1874 2858 3441 2931; baseline 0.003 -20"><span class='ocrx_word' id='word_1_487' title='bbox 1874 2859 1975 2915; x_wconf 79' lang='lat' dir='ltr'><strong>[ide</strong></span> <span class='ocrx_word' id='word_1_488' title='bbox 2026 2861 2351 2928; x_wconf 88' lang='lat' dir='ltr'><strong>acquiritur,</strong></span> <span class='ocrx_word' id='word_1_489' title='bbox 2407 2858 2768 2915; x_wconf 80' lang='lat' dir='ltr'><strong>manifestum</strong></span> <span class='ocrx_word' id='word_1_490' title='bbox 2816 2869 2901 2915; x_wconf 86' lang='lat' dir='ltr'><strong>est</strong></span> <span class='ocrx_word' id='word_1_491' title='bbox 2935 2861 3118 2931; x_wconf 86' lang='lat' dir='ltr'><strong>ipsum</strong></span> <span class='ocrx_word' id='word_1_492' title='bbox 3159 2860 3263 2930; x_wconf 91' lang='lat' dir='ltr'><strong>legi</strong></span> <span class='ocrx_word' id='word_1_493' title='bbox 3294 2877 3441 2915; x_wconf 88' lang='lat' dir='ltr'><strong>nun-</strong></span> 
     </span>
    </p>
   </div>
   <div class='ocr_carea' id='block_1_73' title="bbox 1874 2952 3442 3023">
    <p class='ocr_par' dir='ltr' id='par_1_73' title="bbox 1874 2952 3442 3023">
     <span class='ocr_line' id='line_1_73' title="bbox 1874 2952 3442 3023; baseline 0.002 -19"><span class='ocrx_word' id='word_1_494' title='bbox 1874 2952 2007 3004; x_wconf 91' lang='lat' dir='ltr'><strong>tium</strong></span> <span class='ocrx_word' id='word_1_495' title='bbox 2050 2952 2355 3015; x_wconf 84' lang='lat' dir='ltr'><strong>remisisse.</strong></span> <span class='ocrx_word' id='word_1_496' title='bbox 2412 2967 2511 3020; x_wconf 91' lang='lat' dir='ltr'><strong>per</strong></span> <span class='ocrx_word' id='word_1_497' title='bbox 2565 2967 2732 3021; x_wconf 88' lang='lat' dir='ltr'><strong>quam</strong></span> <span class='ocrx_word' id='word_1_498' title='bbox 2787 2952 2905 3006; x_wconf 83' lang='lat' dir='ltr'><strong>ﬂeri</strong></span> <span class='ocrx_word' id='word_1_499' title='bbox 2953 2968 3066 3006; x_wconf 88' lang='lat' dir='ltr'><strong>non</strong></span> <span class='ocrx_word' id='word_1_500' title='bbox 3134 2962 3350 3023; x_wconf 78' lang='lat' dir='ltr'><strong>poterat</strong></span> <span class='ocrx_word' id='word_1_501' title='bbox 3383 2960 3442 3007; x_wconf 94' lang='lat' dir='ltr'><strong>ut</strong></span> 
     </span>
    </p>
   </div>
   <div class='ocr_carea' id='block_1_74' title="bbox 1872 3040 3443 3114">
    <p class='ocr_par' dir='ltr' id='par_1_74' title="bbox 1872 3040 3443 3114">
     <span class='ocr_line' id='line_1_74' title="bbox 1872 3040 3443 3114; baseline 0.003 -19"><span class='ocrx_word' id='word_1_502' title='bbox 1872 3040 2152 3111; x_wconf 77' lang='lat' dir='ltr'><strong>perfectus</strong></span> <span class='ocrx_word' id='word_1_503' title='bbox 2178 3043 2459 3098; x_wconf 81' lang='lat' dir='ltr'><strong>evaderet.</strong></span> <span class='ocrx_word' id='word_1_504' title='bbox 2511 3040 2700 3113; x_wconf 79' lang='lat' dir='ltr'><strong>Longe</strong></span> <span class='ocrx_word' id='word_1_505' title='bbox 2749 3042 2919 3112; x_wconf 82' lang='lat' dir='ltr'><strong>igitur</strong></span> <span class='ocrx_word' id='word_1_506' title='bbox 2948 3044 3151 3114; x_wconf 91' lang='lat' dir='ltr'><strong>potiori</strong></span> <span class='ocrx_word' id='word_1_507' title='bbox 3177 3043 3306 3114; x_wconf 89' lang='lat' dir='ltr'><strong>jure</strong></span> <span class='ocrx_word' id='word_1_508' title='bbox 3330 3060 3443 3100; x_wconf 90' lang='lat' dir='ltr'><strong>non</strong></span> 
     </span>
    </p>
   </div>
   <div class='ocr_carea' id='block_1_75' title="bbox 1872 3134 3445 3204">
    <p class='ocr_par' dir='ltr' id='par_1_75' title="bbox 1872 3134 3445 3204">
     <span class='ocr_line' id='line_1_75' title="bbox 1872 3134 3445 3204; baseline 0.001 -16"><span class='ocrx_word' id='word_1_509' title='bbox 1872 3134 2075 3188; x_wconf 87' lang='lat' dir='ltr'><strong>debent</strong></span> <span class='ocrx_word' id='word_1_510' title='bbox 2132 3135 2208 3189; x_wconf 92' lang='lat' dir='ltr'><strong>illi</strong></span> <span class='ocrx_word' id='word_1_511' title='bbox 2256 3134 2351 3204; x_wconf 90' lang='lat' dir='ltr'><strong>qui</strong></span> <span class='ocrx_word' id='word_1_512' title='bbox 2400 3134 2464 3188; x_wconf 91' lang='lat' dir='ltr'><strong>ad</strong></span> <span class='ocrx_word' id='word_1_513' title='bbox 2517 3134 2679 3189; x_wconf 81' lang='lat' dir='ltr'><strong>ﬁdem</strong></span> <span class='ocrx_word' id='word_1_514' title='bbox 2728 3142 3113 3201; x_wconf 78' lang='lat' dir='ltr'><strong>accurrerunt,</strong></span> <span class='ocrx_word' id='word_1_515' title='bbox 3145 3144 3297 3190; x_wconf 90' lang='lat' dir='ltr'><strong>tanto</strong></span> <span class='ocrx_word' id='word_1_516' title='bbox 3326 3144 3445 3190; x_wconf 89' lang='lat' dir='ltr'><strong>stu-</strong></span> 
     </span>
    </p>
   </div>
   <div class='ocr_carea' id='block_1_76' title="bbox 1873 3222 3444 3295">
    <p class='ocr_par' dir='ltr' id='par_1_76' title="bbox 1873 3222 3444 3295">
     <span class='ocr_line' id='line_1_76' title="bbox 1873 3222 3444 3295; baseline 0 -17"><span class='ocrx_word' id='word_1_517' title='bbox 1873 3224 1966 3279; x_wconf 94' lang='lat' dir='ltr'><strong>dio</strong></span> <span class='ocrx_word' id='word_1_518' title='bbox 2026 3225 2174 3279; x_wconf 91' lang='lat' dir='ltr'><strong>illam</strong></span> <span class='ocrx_word' id='word_1_519' title='bbox 2230 3224 2490 3295; x_wconf 85' lang='lat' dir='ltr'><strong>persequi</strong></span> <span class='ocrx_word' id='word_1_520' title='bbox 2539 3239 2661 3293; x_wconf 69' lang='lat' dir='ltr'><strong>quaa</strong></span> <span class='ocrx_word' id='word_1_521' title='bbox 2710 3222 3107 3293; x_wconf 76' lang='lat' dir='ltr'><strong>perfectionem</strong></span> <span class='ocrx_word' id='word_1_522' title='bbox 3137 3224 3444 3279; x_wconf 84' lang='lat' dir='ltr'><strong>conciliare</strong></span> 
     </span>
    </p>
   </div>
   <div class='ocr_carea' id='block_1_77' title="bbox 1874 3315 2173 3370">
    <p class='ocr_par' dir='ltr' id='par_1_77' title="bbox 1874 3315 2173 3370">
     <span class='ocr_line' id='line_1_77' title="bbox 1874 3315 2173 3370; baseline 0 -3"><span class='ocrx_word' id='word_1_523' title='bbox 1874 3330 1983 3370; x_wconf 88' lang='lat' dir='ltr'><strong>non</strong></span> <span class='ocrx_word' id='word_1_524' title='bbox 2013 3315 2173 3368; x_wconf 86' lang='lat' dir='ltr'><strong>valet.</strong></span> 
     </span>
    </p>
   </div>
   <div class='ocr_carea' id='block_1_78' title="bbox 1950 3406 3446 3477">
    <p class='ocr_par' dir='ltr' id='par_1_78' title="bbox 1950 3406 3446 3477">
     <span class='ocr_line' id='line_1_78' title="bbox 1950 3406 3446 3477; baseline 0.003 -19"><span class='ocrx_word' id='word_1_525' title='bbox 1950 3424 1970 3458; x_wconf 80' lang='grc' dir='ltr'><strong>ι</strong></span> <span class='ocrx_word' id='word_1_526' title='bbox 2000 3406 2102 3472; x_wconf 87' lang='lat' dir='ltr'><strong>Qui</strong></span> <span class='ocrx_word' id='word_1_527' title='bbox 2154 3420 2239 3460; x_wconf 91' lang='lat' dir='ltr'><strong>me</strong></span> <span class='ocrx_word' id='word_1_528' title='bbox 2284 3407 2591 3477; x_wconf 83' lang='lat' dir='ltr'><strong>segregavit</strong></span> <span class='ocrx_word' id='word_1_529' title='bbox 2615 3424 2681 3463; x_wconf 77' lang='lat' dir='ltr'><strong>ex</strong></span> <span class='ocrx_word' id='word_1_530' title='bbox 2734 3416 2889 3463; x_wconf 91' lang='lat' dir='ltr'><strong>utero</strong></span> <span class='ocrx_word' id='word_1_531' title='bbox 2939 3408 3133 3464; x_wconf 83' lang='lat' dir='ltr'><strong>matris</strong></span> <span class='ocrx_word' id='word_1_532' title='bbox 3178 3422 3345 3470; x_wconf 65' lang='lat' dir='ltr'><strong>mea.</strong></span> <span class='ocrx_word' id='word_1_533' title='bbox 3387 3413 3446 3462; x_wconf 87' lang='lat' dir='ltr'><strong>et</strong></span> 
     </span>
    </p>
   </div>
   <div class='ocr_carea' id='block_1_79' title="bbox 1873 3496 3447 3572">
    <p class='ocr_par' dir='ltr' id='par_1_79' title="bbox 1873 3496 3447 3572">
     <span class='ocr_line' id='line_1_79' title="bbox 1873 3496 3447 3572; baseline 0.001 -19"><span class='ocrx_word' id='word_1_534' title='bbox 1873 3501 2087 3555; x_wconf 81' lang='lat' dir='ltr'><strong>vocavit</strong></span> <span class='ocrx_word' id='word_1_535' title='bbox 2117 3514 2213 3569; x_wconf 90' lang='lat' dir='ltr'><strong>per</strong></span> <span class='ocrx_word' id='word_1_536' title='bbox 2248 3499 2482 3570; x_wconf 90' lang='lat' dir='ltr'><strong>gratiam</strong></span> <span class='ocrx_word' id='word_1_537' title='bbox 2514 3515 2694 3565; x_wconf 85' lang='lat' dir='ltr'><strong>suam,</strong></span> <span class='ocrx_word' id='word_1_538' title='bbox 2726 3499 2916 3572; x_wconf 56' lang='lat' dir='ltr'><strong>[Vsus</strong></span> <span class='ocrx_word' id='word_1_539' title='bbox 2949 3499 3038 3572; x_wconf 74' lang='grc'><strong>16]</strong></span> <span class='ocrx_word' id='word_1_540' title='bbox 3083 3501 3327 3555; x_wconf 80' lang='lat' dir='ltr'><strong>revelare</strong></span> <span class='ocrx_word' id='word_1_541' title='bbox 3357 3496 3447 3554; x_wconf 68' lang='grc' dir='ltr'><strong>εί-</strong></span> 
     </span>
    </p>
   </div>
   <div class='ocr_carea' id='block_1_80' title="bbox 1876 3594 3447 3665">
    <p class='ocr_par' dir='ltr' id='par_1_80' title="bbox 1876 3594 3447 3665">
     <span class='ocr_line' id='line_1_80' title="bbox 1876 3594 3447 3665; baseline 0 -19"><span class='ocrx_word' id='word_1_542' title='bbox 1876 3594 2008 3647; x_wconf 89' lang='lat' dir='ltr'><strong>lium</strong></span> <span class='ocrx_word' id='word_1_543' title='bbox 2052 3607 2212 3648; x_wconf 89' lang='lat' dir='ltr'><strong>suum</strong></span> <span class='ocrx_word' id='word_1_544' title='bbox 2252 3594 2309 3650; x_wconf 89' lang='lat' dir='ltr'><strong>in</strong></span> <span class='ocrx_word' id='word_1_545' title='bbox 2337 3608 2443 3657; x_wconf 90' lang='lat' dir='ltr'><strong>me,</strong></span> <span class='ocrx_word' id='word_1_546' title='bbox 2477 3602 2533 3647; x_wconf 78' lang='lat' dir='ltr'><strong>ut</strong></span> <span class='ocrx_word' id='word_1_547' title='bbox 2573 3595 3003 3663; x_wconf 82' lang='lat' dir='ltr'><strong>evangelizarem</strong></span> <span class='ocrx_word' id='word_1_548' title='bbox 3030 3594 3183 3648; x_wconf 87' lang='lat' dir='ltr'><strong>illum</strong></span> <span class='ocrx_word' id='word_1_549' title='bbox 3228 3594 3282 3649; x_wconf 88' lang='lat' dir='ltr'><strong>in</strong></span> <span class='ocrx_word' id='word_1_550' title='bbox 3314 3608 3447 3665; x_wconf 54' lang='lat' dir='ltr'><strong>gena</strong></span> 
     </span>
    </p>
   </div>
   <div class='ocr_carea' id='block_1_81' title="bbox 1874 3686 2099 3741">
    <p class='ocr_par' dir='ltr' id='par_1_81' title="bbox 1874 3686 2099 3741">
     <span class='ocr_line' id='line_1_81' title="bbox 1874 3686 2099 3741; baseline -0.009 -1"><span class='ocrx_word' id='word_1_551' title='bbox 1874 3686 2043 3741; x_wconf 88' lang='lat' dir='ltr'><strong>tibus.</strong></span> <span class='ocrx_word' id='word_1_552' title='bbox 2081 3705 2099 3738; x_wconf 77' lang='grc' dir='ltr'><strong>ι</strong></span> 
     </span>
    </p>
   </div>
   <div class='ocr_carea' id='block_1_82' title="bbox 1949 3773 3447 3843">
    <p class='ocr_par' dir='ltr' id='par_1_82' title="bbox 1949 3773 3447 3843">
     <span class='ocr_line' id='line_1_82' title="bbox 1949 3773 3447 3843; baseline -0.001 -14"><span class='ocrx_word' id='word_1_553' title='bbox 1949 3775 2006 3830; x_wconf 93' lang='lat' dir='ltr'><strong>Si</strong></span> <span class='ocrx_word' id='word_1_554' title='bbox 2047 3792 2115 3831; x_wconf 75' lang='lat' dir='ltr'><strong>ex</strong></span> <span class='ocrx_word' id='word_1_555' title='bbox 2145 3785 2302 3831; x_wconf 89' lang='lat' dir='ltr'><strong>utero</strong></span> <span class='ocrx_word' id='word_1_556' title='bbox 2337 3786 2566 3832; x_wconf 86' lang='lat' dir='ltr'><strong>vocatus</strong></span> <span class='ocrx_word' id='word_1_557' title='bbox 2592 3786 2677 3832; x_wconf 88' lang='lat' dir='ltr'><strong>est</strong></span> <span class='ocrx_word' id='word_1_558' title='bbox 2708 3776 2922 3841; x_wconf 85' lang='lat' dir='ltr'><strong>matris,</strong></span> <span class='ocrx_word' id='word_1_559' title='bbox 2966 3774 3034 3828; x_wconf 89' lang='lat' dir='ltr'><strong>ad</strong></span> <span class='ocrx_word' id='word_1_560' title='bbox 3084 3773 3447 3843; x_wconf 85' lang='lat' dir='ltr'><strong>apostolatum</strong></span> 
     </span>
    </p>
   </div>
   <div class='ocr_carea' id='block_1_83' title="bbox 1876 3866 3449 3939">
    <p class='ocr_par' dir='ltr' id='par_1_83' title="bbox 1876 3866 3449 3939">
     <span class='ocr_line' id='line_1_83' title="bbox 1876 3866 3449 3939; baseline -0.001 -19"><span class='ocrx_word' id='word_1_561' title='bbox 1876 3876 2027 3938; x_wconf 82' lang='lat' dir='ltr'><strong>puta,</strong></span> <span class='ocrx_word' id='word_1_562' title='bbox 2059 3870 2279 3939; x_wconf 90' lang='lat' dir='ltr'><strong>quinam</strong></span> <span class='ocrx_word' id='word_1_563' title='bbox 2319 3867 2421 3923; x_wconf 81' lang='lat' dir='ltr'><strong>fuit</strong></span> <span class='ocrx_word' id='word_1_564' title='bbox 2455 3869 2809 3938; x_wconf 76' lang='lat' dir='ltr'><strong>persecutor?</strong></span> <span class='ocrx_word' id='word_1_565' title='bbox 2838 3867 3070 3923; x_wconf 85' lang='lat' dir='ltr'><strong>Dubium</strong></span> <span class='ocrx_word' id='word_1_566' title='bbox 3096 3867 3200 3922; x_wconf 92' lang='lat' dir='ltr'><strong>hoc</strong></span> <span class='ocrx_word' id='word_1_567' title='bbox 3241 3867 3298 3921; x_wconf 89' lang='lat' dir='ltr'><strong>in</strong></span> <span class='ocrx_word' id='word_1_568' title='bbox 3341 3866 3449 3920; x_wconf 90' lang='lat' dir='ltr'><strong>alio</strong></span> 
     </span>
    </p>
   </div>
   <div class='ocr_carea' id='block_1_84' title="bbox 1879 3953 3448 4023">
    <p class='ocr_par' dir='ltr' id='par_1_84' title="bbox 1879 3953 3448 4023">
     <span class='ocr_line' id='line_1_84' title="bbox 1879 3953 3448 4023; baseline -0.002 -12"><span class='ocrx_word' id='word_1_569' title='bbox 1879 3964 1999 4011; x_wconf 86' lang='lat' dir='ltr'><strong>loco</strong></span> <span class='ocrx_word' id='word_1_570' title='bbox 2022 3960 2205 4018; x_wconf 84' lang='lat' dir='ltr'><strong>solvit,</strong></span> <span class='ocrx_word' id='word_1_571' title='bbox 2251 3960 2379 4009; x_wconf 90' lang='lat' dir='ltr'><strong>dum</strong></span> <span class='ocrx_word' id='word_1_572' title='bbox 2415 3961 2512 4018; x_wconf 91' lang='lat' dir='ltr'><strong>ait,</strong></span> <span class='ocrx_word' id='word_1_573' title='bbox 2563 3965 2621 4007; x_wconf 91' lang='lat' dir='ltr'><strong>ut</strong></span> <span class='ocrx_word' id='word_1_574' title='bbox 2651 3956 2705 4007; x_wconf 90' lang='lat' dir='ltr'><strong>in</strong></span> <span class='ocrx_word' id='word_1_575' title='bbox 2752 3968 2836 4007; x_wconf 91' lang='lat' dir='ltr'><strong>me</strong></span> <span class='ocrx_word' id='word_1_576' title='bbox 2878 3954 3111 4023; x_wconf 90' lang='lat' dir='ltr'><strong>primum</strong></span> <span class='ocrx_word' id='word_1_577' title='bbox 3138 3953 3448 4008; x_wconf 86' lang='lat' dir='ltr'><strong>ostenderet</strong></span> 
     </span>
    </p>
   </div>
   <div class='ocr_carea' id='block_1_85' title="bbox 1872 4043 3448 4113">
    <p class='ocr_par' dir='ltr' id='par_1_85' title="bbox 1872 4043 3448 4113">
     <span class='ocr_line' id='line_1_85' title="bbox 1872 4043 3448 4113; baseline 0.001 -15"><span class='ocrx_word' id='word_1_578' title='bbox 1872 4046 2127 4099; x_wconf 90' lang='lat' dir='ltr'><strong>Christus</strong></span> <span class='ocrx_word' id='word_1_579' title='bbox 2159 4060 2373 4099; x_wconf 88' lang='lat' dir='ltr'><strong>onmem</strong></span> <span class='ocrx_word' id='word_1_580' title='bbox 2421 4046 2736 4113; x_wconf 88' lang='lat' dir='ltr'><strong>patientiam</strong></span> <span class='ocrx_word' id='word_1_581' title='bbox 2787 4060 2967 4108; x_wconf 91' lang='lat' dir='ltr'><strong>suam,</strong></span> <span class='ocrx_word' id='word_1_582' title='bbox 3000 4044 3065 4099; x_wconf 92' lang='lat' dir='ltr'><strong>ad</strong></span> <span class='ocrx_word' id='word_1_583' title='bbox 3108 4043 3448 4099; x_wconf 83' lang='lat' dir='ltr'><strong>informatio-</strong></span> 
     </span>
    </p>
   </div>
   <div class='ocr_carea' id='block_1_86' title="bbox 1874 4134 3445 4208">
    <p class='ocr_par' dir='ltr' id='par_1_86' title="bbox 1874 4134 3445 4208">
     <span class='ocr_line' id='line_1_86' title="bbox 1874 4134 3445 4208; baseline -0.002 -18"><span class='ocrx_word' id='word_1_584' title='bbox 1874 4153 1995 4191; x_wconf 89' lang='lat' dir='ltr'><strong>nem</strong></span> <span class='ocrx_word' id='word_1_585' title='bbox 2022 4151 2213 4191; x_wconf 91' lang='lat' dir='ltr'><strong>corum</strong></span> <span class='ocrx_word' id='word_1_586' title='bbox 2254 4136 2348 4208; x_wconf 90' lang='lat' dir='ltr'><strong>qui</strong></span> <span class='ocrx_word' id='word_1_587' title='bbox 2381 4136 2435 4189; x_wconf 87' lang='lat' dir='ltr'><strong>in</strong></span> <span class='ocrx_word' id='word_1_588' title='bbox 2476 4135 2653 4205; x_wconf 85' lang='lat' dir='ltr'><strong>ipsum</strong></span> <span class='ocrx_word' id='word_1_589' title='bbox 2682 4134 2947 4190; x_wconf 86' lang='lat' dir='ltr'><strong>credituri</strong></span> <span class='ocrx_word' id='word_1_590' title='bbox 2992 4144 3150 4189; x_wconf 88' lang='lat' dir='ltr'><strong>erant</strong></span> <span class='ocrx_word' id='word_1_591' title='bbox 3184 4136 3255 4190; x_wconf 87' lang='lat' dir='ltr'><strong>ad</strong></span> <span class='ocrx_word' id='word_1_592' title='bbox 3282 4136 3445 4191; x_wconf 80' lang='lat' dir='ltr'><strong>vitam</strong></span> 
     </span>
    </p>
   </div>
   <div class='ocr_carea' id='block_1_87' title="bbox 1872 4228 2319 4297">
    <p class='ocr_par' dir='ltr' id='par_1_87' title="bbox 1872 4228 2319 4297">
     <span class='ocr_line' id='line_1_87' title="bbox 1872 4228 2319 4297; baseline -0.002 -14"><span class='ocrx_word' id='word_1_593' title='bbox 1872 4237 2128 4283; x_wconf 67' lang='lat' dir='ltr'><strong>aeternam</strong></span> <span class='ocrx_word' id='word_1_594' title='bbox 2148 4228 2212 4282; x_wconf 79' lang='grc'><strong>’³.</strong></span> <span class='ocrx_word' id='word_1_595' title='bbox 2316 4294 2319 4297; x_wconf 21' lang='grc' dir='ltr'><strong>η</strong></span> 
     </span>
    </p>
   </div>
   <div class='ocr_carea' id='block_1_88' title="bbox 1949 4316 3444 4386">
    <p class='ocr_par' dir='ltr' id='par_1_88' title="bbox 1949 4316 3444 4386">
     <span class='ocr_line' id='line_1_88' title="bbox 1949 4316 3444 4386; baseline 0 -16"><span class='ocrx_word' id='word_1_596' title='bbox 1949 4337 1967 4370; x_wconf 85' lang='grc'><strong><em>‹</em></strong></span> <span class='ocrx_word' id='word_1_597' title='bbox 2009 4318 2286 4372; x_wconf 87' lang='lat' dir='ltr'><strong>Continuo</strong></span> <span class='ocrx_word' id='word_1_598' title='bbox 2343 4333 2449 4371; x_wconf 88' lang='lat' dir='ltr'><strong>non</strong></span> <span class='ocrx_word' id='word_1_599' title='bbox 2511 4318 2760 4386; x_wconf 89' lang='lat' dir='ltr'><strong>acquievi</strong></span> <span class='ocrx_word' id='word_1_600' title='bbox 2820 4316 2974 4371; x_wconf 88' lang='lat' dir='ltr'><strong>carni</strong></span> <span class='ocrx_word' id='word_1_601' title='bbox 3034 4324 3091 4370; x_wconf 91' lang='lat' dir='ltr'><strong>et</strong></span> <span class='ocrx_word' id='word_1_602' title='bbox 3151 4317 3444 4386; x_wconf 84' lang='lat' dir='ltr'><strong>sanguini,</strong></span> 
     </span>
    </p>
   </div>
   <div class='ocr_carea' id='block_1_89' title="bbox 1875 4406 3445 4480">
    <p class='ocr_par' dir='ltr' id='par_1_89' title="bbox 1875 4406 3445 4480">
     <span class='ocr_line' id='line_1_89' title="bbox 1875 4406 3445 4480; baseline 0 -19"><span class='ocrx_word' id='word_1_603' title='bbox 1875 4406 2065 4480; x_wconf 66' lang='lat' dir='ltr'><strong>[Vens</strong></span> <span class='ocrx_word' id='word_1_604' title='bbox 2102 4407 2190 4479; x_wconf 80' lang='lat' dir='ltr'><strong>i7]</strong></span> <span class='ocrx_word' id='word_1_605' title='bbox 2228 4423 2405 4477; x_wconf 91' lang='lat' dir='ltr'><strong>neque</strong></span> <span class='ocrx_word' id='word_1_606' title='bbox 2438 4408 2556 4463; x_wconf 89' lang='lat' dir='ltr'><strong>veni</strong></span> <span class='ocrx_word' id='word_1_607' title='bbox 2589 4407 3024 4478; x_wconf 83' lang='lat' dir='ltr'><strong>Hierosolymam</strong></span> <span class='ocrx_word' id='word_1_608' title='bbox 3043 4406 3108 4459; x_wconf 89' lang='lat' dir='ltr'><strong>ad</strong></span> <span class='ocrx_word' id='word_1_609' title='bbox 3125 4414 3445 4463; x_wconf 83' lang='lat' dir='ltr'><strong>antecesso-</strong></span> 
     </span>
    </p>
   </div>
   <div class='ocr_carea' id='block_1_90' title="bbox 206 4498 1872 4571">
    <p class='ocr_par' dir='ltr' id='par_1_90' title="bbox 206 4498 1851 4571">
     <span class='ocr_line' id='line_1_90' title="bbox 206 4498 1851 4571; baseline 0.005 -17"><span class='ocrx_word' id='word_1_610' title='bbox 206 4501 561 4568; x_wconf 81' lang='grc' dir='ltr'>ἀποστόλους,</span> <span class='ocrx_word' id='word_1_611' title='bbox 595 4501 727 4554; x_wconf 85' lang='grc' dir='ltr'>ἀλλά</span> <span class='ocrx_word' id='word_1_612' title='bbox 755 4500 996 4571; x_wconf 81' lang='grc' dir='ltr'>ἀπῆλθον</span> <span class='ocrx_word' id='word_1_613' title='bbox 1026 4502 1104 4563; x_wconf 87' lang='grc' dir='ltr'><strong>είς</strong></span> <span class='ocrx_word' id='word_1_614' title='bbox 1150 4499 1428 4571; x_wconf 80' lang='grc' dir='ltr'>’Δραὸίαν,</span> <span class='ocrx_word' id='word_1_615' title='bbox 1467 4504 1560 4554; x_wconf 77' lang='grc' dir='ltr'>καὶ</span> <span class='ocrx_word' id='word_1_616' title='bbox 1611 4506 1775 4562; x_wconf 87' lang='grc' dir='ltr'>πάλιν</span> <span class='ocrx_word' id='word_1_617' title='bbox 1806 4498 1851 4554; x_wconf 80' lang='grc' dir='ltr'><strong>Ῐ)</strong></span> 
     </span>
    </p>
   </div>
   <div class='ocr_carea' id='block_1_91' title="bbox 1777 4498 3443 4571">
    <p class='ocr_par' dir='ltr' id='par_1_91' title="bbox 1806 4498 3443 4571">
     <span class='ocr_line' id='line_1_91' title="bbox 1806 4498 3443 4571; baseline 0.001 -17"><span class='ocrx_word' id='word_1_618' title='bbox 1806 4498 1851 4554; x_wconf 87' lang='lat' dir='ltr'><strong>D</strong></span> <span class='ocrx_word' id='word_1_619' title='bbox 1880 4517 1969 4556; x_wconf 90' lang='lat' dir='ltr'><strong>res</strong></span> <span class='ocrx_word' id='word_1_620' title='bbox 2006 4515 2155 4556; x_wconf 88' lang='lat' dir='ltr'><strong>meos</strong></span> <span class='ocrx_word' id='word_1_621' title='bbox 2184 4501 2482 4571; x_wconf 87' lang='lat' dir='ltr'><strong>apostolos,</strong></span> <span class='ocrx_word' id='word_1_622' title='bbox 2514 4500 2610 4554; x_wconf 90' lang='lat' dir='ltr'><strong>sed</strong></span> <span class='ocrx_word' id='word_1_623' title='bbox 2638 4500 2745 4553; x_wconf 92' lang='lat' dir='ltr'><strong>abii</strong></span> <span class='ocrx_word' id='word_1_624' title='bbox 2776 4500 2830 4553; x_wconf 95' lang='lat' dir='ltr'><strong>in</strong></span> <span class='ocrx_word' id='word_1_625' title='bbox 2856 4499 3135 4563; x_wconf 82' lang='lat' dir='ltr'><strong>Arabiam,</strong></span> <span class='ocrx_word' id='word_1_626' title='bbox 3160 4508 3214 4554; x_wconf 89' lang='lat' dir='ltr'><strong>et</strong></span> <span class='ocrx_word' id='word_1_627' title='bbox 3245 4500 3443 4555; x_wconf 83' lang='lat' dir='ltr'><strong>iterum</strong></span> 
     </span>
    </p>
   </div>
   <div class='ocr_carea' id='block_1_92' title="bbox 207 4592 1011 4661">
    <p class='ocr_par' dir='ltr' id='par_1_92' title="bbox 207 4592 1011 4661">
     <span class='ocr_line' id='line_1_92' title="bbox 207 4592 1011 4661; baseline 0.006 -20"><span class='ocrx_word' id='word_1_628' title='bbox 207 4592 522 4661; x_wconf 77' lang='grc' dir='ltr'>ἐπέστρεψα</span> <span class='ocrx_word' id='word_1_629' title='bbox 544 4592 618 4653; x_wconf 81' lang='grc' dir='ltr'>εἰς</span> <span class='ocrx_word' id='word_1_630' title='bbox 654 4593 960 4660; x_wconf 87' lang='grc' dir='ltr'>Δαμασκόν.</span> <span class='ocrx_word' id='word_1_631' title='bbox 992 4612 1011 4646; x_wconf 74' lang='grc' dir='ltr'><strong>ι</strong></span> 
     </span>
    </p>
   </div>
   <div class='ocr_carea' id='block_1_93' title="bbox 275 4682 1775 4758">
    <p class='ocr_par' dir='ltr' id='par_1_93' title="bbox 275 4682 1775 4758">
     <span class='ocr_line' id='line_1_93' title="bbox 275 4682 1775 4758; baseline 0.002 -21"><span class='ocrx_word' id='word_1_632' title='bbox 275 4682 448 4737; x_wconf 85' lang='grc' dir='ltr'>Πάλιν</span> <span class='ocrx_word' id='word_1_633' title='bbox 515 4684 1036 4749; x_wconf 86' lang='grc' dir='ltr'>κατασκευαστικὸν,</span> <span class='ocrx_word' id='word_1_634' title='bbox 1076 4684 1139 4737; x_wconf 86' lang='grc' dir='ltr'><strong>τὸ</strong></span> <span class='ocrx_word' id='word_1_635' title='bbox 1175 4684 1250 4755; x_wconf 81' lang='grc' dir='ltr'>μὴ</span> <span class='ocrx_word' id='word_1_636' title='bbox 1302 4684 1434 4756; x_wconf 81' lang='grc' dir='ltr'>παρ’</span> <span class='ocrx_word' id='word_1_637' title='bbox 1472 4685 1775 4758; x_wconf 86' lang='grc' dir='ltr'>ἀνθρώπων</span> 
     </span>
    </p>
   </div>
   <div class='ocr_carea' id='block_1_94' title="bbox 206 4773 1775 4844">
    <p class='ocr_par' dir='ltr' id='par_1_94' title="bbox 206 4773 1775 4844">
     <span class='ocr_line' id='line_1_94' title="bbox 206 4773 1775 4844; baseline 0.001 -18"><span class='ocrx_word' id='word_1_638' title='bbox 206 4776 369 4827; x_wconf 76' lang='grc' dir='ltr'>αὑτὸν</span> <span class='ocrx_word' id='word_1_639' title='bbox 402 4775 503 4843; x_wconf 81' lang='grc' dir='ltr'>τὴν</span> <span class='ocrx_word' id='word_1_640' title='bbox 533 4774 662 4844; x_wconf 75' lang='grc' dir='ltr'>περὶ</span> <span class='ocrx_word' id='word_1_641' title='bbox 692 4774 932 4844; x_wconf 87' lang='grc' dir='ltr'>Χριστοῦ</span> <span class='ocrx_word' id='word_1_642' title='bbox 962 4774 1314 4827; x_wconf 86' lang='grc' dir='ltr'>διδασκαλίαν</span> <span class='ocrx_word' id='word_1_643' title='bbox 1341 4773 1619 4839; x_wconf 74' lang='grc' dir='ltr'>δέξασθαι.</span> <span class='ocrx_word' id='word_1_644' title='bbox 1653 4776 1775 4839; x_wconf 83' lang='grc' dir='ltr'><strong>Πῶς</strong></span> 
     </span>
    </p>
   </div>
   <div class='ocr_carea' id='block_1_95' title="bbox 211 4862 1775 4936">
    <p class='ocr_par' dir='ltr' id='par_1_95' title="bbox 211 4862 1775 4936">
     <span class='ocr_line' id='line_1_95' title="bbox 211 4862 1775 4936; baseline -0.001 -19"><span class='ocrx_word' id='word_1_645' title='bbox 211 4864 318 4936; x_wconf 78' lang='grc' dir='ltr'>γὰρ</span> <span class='ocrx_word' id='word_1_646' title='bbox 341 4866 440 4918; x_wconf 79' lang='grc' dir='ltr'><strong>καὶ</strong></span> <span class='ocrx_word' id='word_1_647' title='bbox 478 4863 701 4933; x_wconf 74' lang='grc' dir='ltr'>ἔμελλεν</span> <span class='ocrx_word' id='word_1_648' title='bbox 731 4862 1037 4934; x_wconf 87' lang='grc' dir='ltr'>ἀνθρώποις</span> <span class='ocrx_word' id='word_1_649' title='bbox 1065 4862 1384 4930; x_wconf 79' lang='grc' dir='ltr'>ἀναθέσθαι,</span> <span class='ocrx_word' id='word_1_650' title='bbox 1424 4866 1452 4917; x_wconf 87' lang='grc' dir='ltr'>ὁ</span> <span class='ocrx_word' id='word_1_651' title='bbox 1475 4867 1573 4934; x_wconf 83' lang='grc' dir='ltr'><strong>τῆς</strong></span> <span class='ocrx_word' id='word_1_652' title='bbox 1635 4866 1775 4919; x_wconf 80' lang='grc' dir='ltr'>ἀνω-</span> 
     </span>
    </p>
   </div>
   <div class='ocr_carea' id='block_1_96' title="bbox 209 4957 1030 5027">
    <p class='ocr_par' dir='ltr' id='par_1_96' title="bbox 209 4957 1030 5027">
     <span class='ocr_line' id='line_1_96' title="bbox 209 4957 1030 5027; baseline -0.004 -14"><span class='ocrx_word' id='word_1_653' title='bbox 209 4960 299 5014; x_wconf 73' lang='grc' dir='ltr'><strong>θεν</strong></span> <span class='ocrx_word' id='word_1_654' title='bbox 324 4959 674 5021; x_wconf 87' lang='grc' dir='ltr'>διδασκαλίας</span> <span class='ocrx_word' id='word_1_655' title='bbox 697 4957 994 5027; x_wconf 74' lang='grc' dir='ltr'>ἠξιωμένος</span> <span class='ocrx_word' id='word_1_656' title='bbox 1015 4973 1030 5023; x_wconf 88' lang='grc'>;</span> 
     </span>
    </p>
   </div>
   <div class='ocr_carea' id='block_1_97' title="bbox 285 5046 1770 5118">
    <p class='ocr_par' dir='ltr' id='par_1_97' title="bbox 285 5046 1770 5118">
     <span class='ocr_line' id='line_1_97' title="bbox 285 5046 1770 5118; baseline -0.003 -16"><span class='ocrx_word' id='word_1_657' title='bbox 285 5070 305 5102; x_wconf 73' lang='grc' dir='ltr'><strong>ι</strong></span> <span class='ocrx_word' id='word_1_658' title='bbox 336 5051 572 5102; x_wconf 84' lang='grc' dir='ltr'>Ἔπειτα</span> <span class='ocrx_word' id='word_1_659' title='bbox 596 5050 734 5118; x_wconf 85' lang='grc' dir='ltr'>μετά</span> <span class='ocrx_word' id='word_1_660' title='bbox 754 5049 880 5118; x_wconf 90' lang='grc' dir='ltr'>τρία</span> <span class='ocrx_word' id='word_1_661' title='bbox 911 5047 1006 5117; x_wconf 78' lang='grc' dir='ltr'><strong>ἐτη</strong></span> <span class='ocrx_word' id='word_1_662' title='bbox 1036 5047 1264 5118; x_wconf 86' lang='grc' dir='ltr'>ἀνῆλθον</span> <span class='ocrx_word' id='word_1_663' title='bbox 1294 5048 1373 5109; x_wconf 82' lang='grc' dir='ltr'><strong>είς</strong></span> <span class='ocrx_word' id='word_1_664' title='bbox 1407 5046 1770 5118; x_wconf 86' lang='grc' dir='ltr'>Ἱεροσόλυμα,</span> 
     </span>
    </p>
   </div>
   <div class='ocr_carea' id='block_1_98' title="bbox 210 5137 1775 5211">
    <p class='ocr_par' dir='ltr' id='par_1_98' title="bbox 210 5137 1775 5211">
     <span class='ocr_line' id='line_1_98' title="bbox 210 5137 1775 5211; baseline -0.002 -19"><span class='ocrx_word' id='word_1_665' title='bbox 210 5140 497 5211; x_wconf 68' lang='grc' dir='ltr'>ιστορῆσαι</span> <span class='ocrx_word' id='word_1_666' title='bbox 531 5139 762 5210; x_wconf 80' lang='grc' dir='ltr'>Πέτρον,</span> <span class='ocrx_word' id='word_1_667' title='bbox 787 5138 884 5191; x_wconf 75' lang='grc' dir='ltr'><strong>καὶ</strong></span> <span class='ocrx_word' id='word_1_668' title='bbox 923 5138 1186 5208; x_wconf 81' lang='grc' dir='ltr'>ἐπέμεινα</span> <span class='ocrx_word' id='word_1_669' title='bbox 1240 5137 1379 5207; x_wconf 85' lang='grc' dir='ltr'>πρὸς</span> <span class='ocrx_word' id='word_1_670' title='bbox 1423 5138 1582 5191; x_wconf 82' lang='grc' dir='ltr'>αὑτὸν</span> <span class='ocrx_word' id='word_1_671' title='bbox 1640 5138 1775 5207; x_wconf 81' lang='grc' dir='ltr'>ἡμέ-</span> 
     </span>
    </p>
   </div>
   <div class='ocr_carea' id='block_1_99' title="bbox 210 5229 1776 5302">
    <p class='ocr_par' dir='ltr' id='par_1_99' title="bbox 210 5229 1776 5302">
     <span class='ocr_line' id='line_1_99' title="bbox 210 5229 1776 5302; baseline -0.001 -18"><span class='ocrx_word' id='word_1_672' title='bbox 210 5249 311 5302; x_wconf 81' lang='grc' dir='ltr'><strong>ρας</strong></span> <span class='ocrx_word' id='word_1_673' title='bbox 360 5232 497 5283; x_wconf 77' lang='grc' dir='ltr'>δέκα</span> <span class='ocrx_word' id='word_1_674' title='bbox 541 5230 637 5282; x_wconf 75' lang='grc' dir='ltr'>καὶ</span> <span class='ocrx_word' id='word_1_675' title='bbox 700 5232 859 5281; x_wconf 82' lang='grc' dir='ltr'>πέντε</span> <span class='ocrx_word' id='word_1_676' title='bbox 891 5246 906 5259; x_wconf 85' lang='lat'><strong><em>°</em></strong></span> <span class='ocrx_word' id='word_1_677' title='bbox 974 5230 1158 5299; x_wconf 84' lang='grc' dir='ltr'>ἓτερον</span> <span class='ocrx_word' id='word_1_678' title='bbox 1201 5230 1258 5282; x_wconf 85' lang='grc' dir='ltr'><strong>δὲ</strong></span> <span class='ocrx_word' id='word_1_679' title='bbox 1297 5229 1406 5282; x_wconf 82' lang='grc' dir='ltr'><strong>τῶν</strong></span> <span class='ocrx_word' id='word_1_680' title='bbox 1463 5229 1776 5283; x_wconf 72' lang='grc' dir='ltr'>ἀποστόλων</span> 
     </span>
    </p>
   </div>
   <div class='ocr_carea' id='block_1_100' title="bbox 210 5321 1772 5394">
    <p class='ocr_par' dir='ltr' id='par_1_100' title="bbox 210 5321 1772 5394">
     <span class='ocr_line' id='line_1_100' title="bbox 210 5321 1772 5394; baseline -0.002 -19"><span class='ocrx_word' id='word_1_681' title='bbox 210 5325 308 5378; x_wconf 72' lang='grc' dir='ltr'><strong>οὐκ</strong></span> <span class='ocrx_word' id='word_1_682' title='bbox 340 5321 501 5386; x_wconf 83' lang='grc' dir='ltr'>εἶδον,</span> <span class='ocrx_word' id='word_1_683' title='bbox 530 5327 579 5377; x_wconf 88' lang='grc' dir='ltr'>εἰ</span> <span class='ocrx_word' id='word_1_684' title='bbox 614 5324 688 5394; x_wconf 79' lang='grc' dir='ltr'>μὴ</span> <span class='ocrx_word' id='word_1_685' title='bbox 716 5324 971 5376; x_wconf 72' lang='grc' dir='ltr'>Ἰάκωϐον</span> <span class='ocrx_word' id='word_1_686' title='bbox 1010 5325 1102 5376; x_wconf 86' lang='grc' dir='ltr'><strong>τὸν</strong></span> <span class='ocrx_word' id='word_1_687' title='bbox 1156 5323 1386 5392; x_wconf 81' lang='grc' dir='ltr'>ἀδελφὸν</span> <span class='ocrx_word' id='word_1_688' title='bbox 1418 5322 1512 5375; x_wconf 90' lang='grc' dir='ltr'><strong>τοῦ</strong></span> <span class='ocrx_word' id='word_1_689' title='bbox 1546 5323 1772 5392; x_wconf 84' lang='grc' dir='ltr'>Κυρίου.</span> 
     </span>
    </p>
   </div>
   <div class='ocr_carea' id='block_1_101' title="bbox 214 5412 1767 5483">
    <p class='ocr_par' dir='ltr' id='par_1_101' title="bbox 214 5412 1767 5483">
     <span class='ocr_line' id='line_1_101' title="bbox 214 5412 1767 5483; baseline -0.004 -15"><span class='ocrx_word' id='word_1_690' title='bbox 214 5417 282 5468; x_wconf 79' lang='grc' dir='ltr'>Ἀ</span> <span class='ocrx_word' id='word_1_691' title='bbox 301 5416 359 5468; x_wconf 79' lang='grc' dir='ltr'><strong>δὲ</strong></span> <span class='ocrx_word' id='word_1_692' title='bbox 387 5416 584 5483; x_wconf 64' lang='grc' dir='ltr'>γράφω</span> <span class='ocrx_word' id='word_1_693' title='bbox 638 5415 782 5481; x_wconf 88' lang='grc' dir='ltr'>ὑμῖν,</span> <span class='ocrx_word' id='word_1_694' title='bbox 839 5414 946 5467; x_wconf 75' lang='grc' dir='ltr'>ἰδοὺ</span> <span class='ocrx_word' id='word_1_695' title='bbox 994 5413 1222 5466; x_wconf 82' lang='grc' dir='ltr'>ἐνώπιον</span> <span class='ocrx_word' id='word_1_696' title='bbox 1276 5414 1367 5464; x_wconf 87' lang='grc' dir='ltr'><strong>τοῦ</strong></span> <span class='ocrx_word' id='word_1_697' title='bbox 1424 5413 1578 5476; x_wconf 81' lang='grc' dir='ltr'>Θεοῦ,</span> <span class='ocrx_word' id='word_1_698' title='bbox 1609 5412 1767 5464; x_wconf 75' lang='grc' dir='ltr'><strong>ὅτιού</strong></span> 
     </span>
    </p>
   </div>
   <div class='ocr_carea' id='block_1_102' title="bbox 207 5499 1769 5575">
    <p class='ocr_par' dir='ltr' id='par_1_102' title="bbox 207 5499 1769 5575">
     <span class='ocr_line' id='line_1_102' title="bbox 207 5499 1769 5575; baseline -0.004 -16"><span class='ocrx_word' id='word_1_699' title='bbox 207 5506 494 5574; x_wconf 69' lang='grc' dir='ltr'>ψεύδομαι.</span> <span class='ocrx_word' id='word_1_700' title='bbox 528 5505 757 5557; x_wconf 83' lang='grc' dir='ltr'>Ἔπειτα</span> <span class='ocrx_word' id='word_1_701' title='bbox 811 5499 976 5575; x_wconf 74' lang='grc' dir='ltr'>ἦλθον</span> <span class='ocrx_word' id='word_1_702' title='bbox 1029 5506 1108 5565; x_wconf 76' lang='grc' dir='ltr'><strong>είς</strong></span> <span class='ocrx_word' id='word_1_703' title='bbox 1139 5505 1207 5555; x_wconf 78' lang='grc' dir='ltr'>τὰ</span> <span class='ocrx_word' id='word_1_704' title='bbox 1242 5504 1480 5572; x_wconf 77' lang='grc' dir='ltr'>κλίματα</span> <span class='ocrx_word' id='word_1_705' title='bbox 1520 5505 1618 5572; x_wconf 83' lang='grc' dir='ltr'>τῆς</span> <span class='ocrx_word' id='word_1_706' title='bbox 1671 5503 1769 5552; x_wconf 84' lang='grc' dir='ltr'><strong>Συ-</strong></span> 
     </span>
    </p>
   </div>
   <div class='ocr_carea' id='block_1_103' title="bbox 213 5595 1770 5668">
    <p class='ocr_par' dir='ltr' id='par_1_103' title="bbox 213 5595 1770 5668">
     <span class='ocr_line' id='line_1_103' title="bbox 213 5595 1770 5668; baseline -0.003 -18"><span class='ocrx_word' id='word_1_707' title='bbox 213 5600 333 5668; x_wconf 58' lang='grc' dir='ltr'>ρίας</span> <span class='ocrx_word' id='word_1_708' title='bbox 371 5599 466 5650; x_wconf 78' lang='grc' dir='ltr'><strong>καὶ</strong></span> <span class='ocrx_word' id='word_1_709' title='bbox 511 5597 611 5665; x_wconf 74' lang='grc' dir='ltr'><strong>τῆς</strong></span> <span class='ocrx_word' id='word_1_710' title='bbox 672 5597 942 5661; x_wconf 81' lang='grc' dir='ltr'>Κιλικίας.</span> <span class='ocrx_word' id='word_1_711' title='bbox 979 5597 1163 5667; x_wconf 83' lang='grc' dir='ltr'>Ἥμην</span> <span class='ocrx_word' id='word_1_712' title='bbox 1198 5598 1251 5649; x_wconf 79' lang='grc' dir='ltr'>δὲ</span> <span class='ocrx_word' id='word_1_713' title='bbox 1291 5595 1649 5665; x_wconf 83' lang='grc' dir='ltr'>ἀγνοούμενος</span> <span class='ocrx_word' id='word_1_714' title='bbox 1692 5595 1770 5666; x_wconf 79' lang='grc' dir='ltr'>τῷ</span> 
     </span>
    </p>
   </div>
   <div class='ocr_carea' id='block_1_104' title="bbox 270 5775 706 5831">
    <p class='ocr_par' dir='ltr' id='par_1_104' title="bbox 270 5775 706 5831">
     <span class='ocr_line' id='line_1_104' title="bbox 270 5775 706 5831; baseline 0.007 -5"><span class='ocrx_word' id='word_1_715' title='bbox 270 5776 351 5827; x_wconf 78' lang='grc'><strong>’³1</strong></span> <span class='ocrx_word' id='word_1_716' title='bbox 384 5775 522 5827; x_wconf 81' lang='lat' dir='ltr'><strong>Tim.</strong></span> <span class='ocrx_word' id='word_1_717' title='bbox 555 5789 590 5831; x_wconf 87' lang='lat' dir='ltr'><strong>t,</strong></span> <span class='ocrx_word' id='word_1_718' title='bbox 620 5775 706 5830; x_wconf 68' lang='lat' dir='ltr'><strong>lt’.</strong></span> 
     </span>
    </p>
   </div>
   <div class='ocr_carea' id='block_1_105' title="bbox 1876 4591 2698 4648">
    <p class='ocr_par' dir='ltr' id='par_1_105' title="bbox 1876 4591 2698 4648">
     <span class='ocr_line' id='line_1_105' title="bbox 1876 4591 2698 4648; baseline -0.005 -1"><span class='ocrx_word' id='word_1_719' title='bbox 1876 4608 2128 4648; x_wconf 83' lang='lat' dir='ltr'><strong>reversus</strong></span> <span class='ocrx_word' id='word_1_720' title='bbox 2150 4609 2266 4648; x_wconf 87' lang='lat' dir='ltr'><strong>sum</strong></span> <span class='ocrx_word' id='word_1_721' title='bbox 2290 4591 2635 4647; x_wconf 75' lang='lat' dir='ltr'><strong>Damascum.</strong></span> <span class='ocrx_word' id='word_1_722' title='bbox 2678 4610 2698 4643; x_wconf 76' lang='grc' dir='ltr'><strong>ι</strong></span> 
     </span>
    </p>
   </div>
   <div class='ocr_carea' id='block_1_106' title="bbox 1944 4681 3448 4752">
    <p class='ocr_par' dir='ltr' id='par_1_106' title="bbox 1944 4681 3448 4752">
     <span class='ocr_line' id='line_1_106' title="bbox 1944 4681 3448 4752; baseline 0 -15"><span class='ocrx_word' id='word_1_723' title='bbox 1944 4682 2274 4752; x_wconf 90' lang='lat' dir='ltr'><strong>Comprobat</strong></span> <span class='ocrx_word' id='word_1_724' title='bbox 2308 4682 2528 4743; x_wconf 88' lang='lat' dir='ltr'><strong>iterum.</strong></span> <span class='ocrx_word' id='word_1_725' title='bbox 2568 4681 2989 4751; x_wconf 86' lang='lat' dir='ltr'><strong>haudquaquam</strong></span> <span class='ocrx_word' id='word_1_726' title='bbox 3037 4681 3105 4735; x_wconf 89' lang='lat' dir='ltr'><strong>ab</strong></span> <span class='ocrx_word' id='word_1_727' title='bbox 3135 4681 3448 4737; x_wconf 88' lang='lat' dir='ltr'><strong>nominibus</strong></span> 
     </span>
    </p>
   </div>
   <div class='ocr_carea' id='block_1_107' title="bbox 1875 4770 3447 4843">
    <p class='ocr_par' dir='ltr' id='par_1_107' title="bbox 1875 4770 3447 4843">
     <span class='ocr_line' id='line_1_107' title="bbox 1875 4770 3447 4843; baseline -0.001 -12"><span class='ocrx_word' id='word_1_728' title='bbox 1875 4776 2181 4831; x_wconf 88' lang='lat' dir='ltr'><strong>doctrinam</strong></span> <span class='ocrx_word' id='word_1_729' title='bbox 2232 4770 2435 4829; x_wconf 84' lang='lat' dir='ltr'><strong>Christi</strong></span> <span class='ocrx_word' id='word_1_730' title='bbox 2476 4790 2535 4830; x_wconf 90' lang='lat' dir='ltr'><strong>se</strong></span> <span class='ocrx_word' id='word_1_731' title='bbox 2585 4775 2884 4843; x_wconf 89' lang='lat' dir='ltr'><strong>accepisse.</strong></span> <span class='ocrx_word' id='word_1_732' title='bbox 2944 4772 3067 4839; x_wconf 86' lang='lat' dir='ltr'><strong>Quo</strong></span> <span class='ocrx_word' id='word_1_733' title='bbox 3111 4781 3270 4842; x_wconf 82' lang='lat' dir='ltr'><strong>pacto</strong></span> <span class='ocrx_word' id='word_1_734' title='bbox 3303 4776 3447 4829; x_wconf 89' lang='lat' dir='ltr'><strong>enim</strong></span> 
     </span>
    </p>
   </div>
   <div class='ocr_carea' id='block_1_108' title="bbox 1878 4864 3447 4937">
    <p class='ocr_par' dir='ltr' id='par_1_108' title="bbox 1878 4864 3447 4937">
     <span class='ocr_line' id='line_1_108' title="bbox 1878 4864 3447 4937; baseline 0.001 -17"><span class='ocrx_word' id='word_1_735' title='bbox 1878 4868 2123 4921; x_wconf 80' lang='lat' dir='ltr'><strong>futurum</strong></span> <span class='ocrx_word' id='word_1_736' title='bbox 2161 4873 2277 4921; x_wconf 87' lang='lat' dir='ltr'><strong>erat</strong></span> <span class='ocrx_word' id='word_1_737' title='bbox 2309 4876 2366 4919; x_wconf 93' lang='lat' dir='ltr'><strong>ut</strong></span> <span class='ocrx_word' id='word_1_738' title='bbox 2414 4882 2474 4920; x_wconf 91' lang='lat' dir='ltr'><strong>se</strong></span> <span class='ocrx_word' id='word_1_739' title='bbox 2508 4867 2624 4935; x_wconf 89' lang='lat' dir='ltr'><strong>ipse</strong></span> <span class='ocrx_word' id='word_1_740' title='bbox 2677 4864 2989 4920; x_wconf 87' lang='lat' dir='ltr'><strong>hominibus</strong></span> <span class='ocrx_word' id='word_1_741' title='bbox 3021 4865 3323 4935; x_wconf 80' lang='lat' dir='ltr'><strong>addiceret,</strong></span> <span class='ocrx_word' id='word_1_742' title='bbox 3352 4868 3447 4937; x_wconf 91' lang='lat' dir='ltr'><strong>qui</strong></span> 
     </span>
    </p>
   </div>
   <div class='ocr_carea' id='block_1_109' title="bbox 1876 4955 3256 5028">
    <p class='ocr_par' dir='ltr' id='par_1_109' title="bbox 1876 4955 3256 5028">
     <span class='ocr_line' id='line_1_109' title="bbox 1876 4955 3256 5028; baseline -0.004 -14"><span class='ocrx_word' id='word_1_743' title='bbox 1876 4974 2110 5028; x_wconf 91' lang='lat' dir='ltr'><strong>superna</strong></span> <span class='ocrx_word' id='word_1_744' title='bbox 2144 4957 2374 5011; x_wconf 90' lang='lat' dir='ltr'><strong>scientia</strong></span> <span class='ocrx_word' id='word_1_745' title='bbox 2399 4955 2655 5027; x_wconf 85' lang='lat' dir='ltr'><strong>dignatus</strong></span> <span class='ocrx_word' id='word_1_746' title='bbox 2685 4966 3018 5027; x_wconf 84' lang='lat' dir='ltr'><strong>ornatusque</strong></span> <span class='ocrx_word' id='word_1_747' title='bbox 3041 4956 3256 5012; x_wconf 80' lang='lat' dir='ltr'><strong>fuerat?</strong></span> 
     </span>
    </p>
   </div>
   <div class='ocr_carea' id='block_1_110' title="bbox 1948 5046 3447 5116">
    <p class='ocr_par' dir='ltr' id='par_1_110' title="bbox 1948 5046 3447 5116">
     <span class='ocr_line' id='line_1_110' title="bbox 1948 5046 3447 5116; baseline 0 -13"><span class='ocrx_word' id='word_1_748' title='bbox 1948 5048 2115 5103; x_wconf 78' lang='lat' dir='ltr'><strong>Vens.</strong></span> <span class='ocrx_word' id='word_1_749' title='bbox 2152 5046 2339 5100; x_wconf 68' lang='grc' dir='ltr'>ιε-ρι.</span> <span class='ocrx_word' id='word_1_750' title='bbox 2380 5065 2398 5097; x_wconf 80' lang='grc' dir='ltr'><strong>ι</strong></span> <span class='ocrx_word' id='word_1_751' title='bbox 2436 5046 2641 5101; x_wconf 88' lang='lat' dir='ltr'><strong>Deinde</strong></span> <span class='ocrx_word' id='word_1_752' title='bbox 2674 5055 2797 5116; x_wconf 86' lang='lat' dir='ltr'><strong>post</strong></span> <span class='ocrx_word' id='word_1_753' title='bbox 2824 5055 2938 5103; x_wconf 89' lang='lat' dir='ltr'><strong>tres</strong></span> <span class='ocrx_word' id='word_1_754' title='bbox 2964 5063 3138 5102; x_wconf 90' lang='lat' dir='ltr'><strong>annos</strong></span> <span class='ocrx_word' id='word_1_755' title='bbox 3158 5049 3282 5103; x_wconf 88' lang='lat' dir='ltr'><strong>veni</strong></span> <span class='ocrx_word' id='word_1_756' title='bbox 3320 5046 3447 5103; x_wconf 85' lang='lat' dir='ltr'><strong>Hie-</strong></span> 
     </span>
    </p>
   </div>
   <div class='ocr_carea' id='block_1_111' title="bbox 1874 5136 3448 5209">
    <p class='ocr_par' dir='ltr' id='par_1_111' title="bbox 1874 5136 3448 5209">
     <span class='ocr_line' id='line_1_111' title="bbox 1874 5136 3448 5209; baseline -0.003 -15"><span class='ocrx_word' id='word_1_757' title='bbox 1874 5140 2206 5209; x_wconf 84' lang='lat' dir='ltr'><strong>rosolymam</strong></span> <span class='ocrx_word' id='word_1_758' title='bbox 2253 5136 2438 5191; x_wconf 88' lang='lat' dir='ltr'><strong>videre</strong></span> <span class='ocrx_word' id='word_1_759' title='bbox 2486 5136 2744 5200; x_wconf 90' lang='lat' dir='ltr'><strong>Petrum,</strong></span> <span class='ocrx_word' id='word_1_760' title='bbox 2798 5144 2856 5190; x_wconf 90' lang='lat' dir='ltr'><strong>et</strong></span> <span class='ocrx_word' id='word_1_761' title='bbox 2912 5138 3084 5191; x_wconf 88' lang='lat' dir='ltr'><strong>mansi</strong></span> <span class='ocrx_word' id='word_1_762' title='bbox 3144 5138 3287 5207; x_wconf 80' lang='lat' dir='ltr'><strong>apud</strong></span> <span class='ocrx_word' id='word_1_763' title='bbox 3324 5153 3448 5192; x_wconf 90' lang='lat' dir='ltr'><strong>eum</strong></span> 
     </span>
    </p>
   </div>
   <div class='ocr_carea' id='block_1_112' title="bbox 1875 5229 3447 5299">
    <p class='ocr_par' dir='ltr' id='par_1_112' title="bbox 1875 5229 3447 5299">
     <span class='ocr_line' id='line_1_112' title="bbox 1875 5229 3447 5299; baseline -0.001 -15"><span class='ocrx_word' id='word_1_764' title='bbox 1875 5232 2068 5286; x_wconf 84' lang='lat' dir='ltr'><strong>diebus</strong></span> <span class='ocrx_word' id='word_1_765' title='bbox 2106 5230 2418 5299; x_wconf 88' lang='lat' dir='ltr'><strong>quindecim</strong></span> <span class='ocrx_word' id='word_1_766' title='bbox 2462 5244 2476 5281; x_wconf 90' lang='lat'><strong>:</strong></span> <span class='ocrx_word' id='word_1_767' title='bbox 2526 5229 2693 5281; x_wconf 86' lang='lat' dir='ltr'><strong>aliu‘m</strong></span> <span class='ocrx_word' id='word_1_768' title='bbox 2724 5238 2905 5283; x_wconf 91' lang='lat' dir='ltr'><strong>autem</strong></span> <span class='ocrx_word' id='word_1_769' title='bbox 2935 5229 3307 5297; x_wconf 90' lang='lat' dir='ltr'><strong>apostolorum</strong></span> <span class='ocrx_word' id='word_1_770' title='bbox 3342 5230 3447 5284; x_wconf 91' lang='lat' dir='ltr'><strong>vidi</strong></span> 
     </span>
    </p>
   </div>
   <div class='ocr_carea' id='block_1_113' title="bbox 1878 5318 3451 5386">
    <p class='ocr_par' dir='ltr' id='par_1_113' title="bbox 1878 5318 3451 5386">
     <span class='ocr_line' id='line_1_113' title="bbox 1878 5318 3451 5386; baseline -0.003 -10"><span class='ocrx_word' id='word_1_771' title='bbox 1878 5324 2173 5385; x_wconf 89' lang='lat' dir='ltr'><strong>neminem,</strong></span> <span class='ocrx_word' id='word_1_772' title='bbox 2208 5321 2313 5375; x_wconf 90' lang='lat' dir='ltr'><strong>nisi</strong></span> <span class='ocrx_word' id='word_1_773' title='bbox 2341 5318 2602 5373; x_wconf 84' lang='lat' dir='ltr'><strong>Jacobum</strong></span> <span class='ocrx_word' id='word_1_774' title='bbox 2635 5318 2857 5373; x_wconf 78' lang='lat' dir='ltr'><strong>fratrem</strong></span> <span class='ocrx_word' id='word_1_775' title='bbox 2910 5320 3147 5377; x_wconf 89' lang='lat' dir='ltr'><strong>Domini.</strong></span> <span class='ocrx_word' id='word_1_776' title='bbox 3184 5320 3316 5386; x_wconf 80' lang='lat' dir='ltr'><strong>Qua:</strong></span> <span class='ocrx_word' id='word_1_777' title='bbox 3352 5337 3451 5375; x_wconf 90' lang='lat' dir='ltr'><strong>au-</strong></span> 
     </span>
    </p>
   </div>
   <div class='ocr_carea' id='block_1_114' title="bbox 1877 5408 3452 5478">
    <p class='ocr_par' dir='ltr' id='par_1_114' title="bbox 1877 5408 3452 5478">
     <span class='ocr_line' id='line_1_114' title="bbox 1877 5408 3452 5478; baseline -0.002 -13"><span class='ocrx_word' id='word_1_778' title='bbox 1877 5421 1985 5466; x_wconf 85' lang='lat' dir='ltr'><strong>tem</strong></span> <span class='ocrx_word' id='word_1_779' title='bbox 2022 5411 2202 5466; x_wconf 83' lang='lat' dir='ltr'><strong>scribo</strong></span> <span class='ocrx_word' id='word_1_780' title='bbox 2242 5410 2419 5473; x_wconf 89' lang='lat' dir='ltr'><strong>vobis,</strong></span> <span class='ocrx_word' id='word_1_781' title='bbox 2450 5424 2578 5463; x_wconf 91' lang='lat' dir='ltr'><strong>ecce</strong></span> <span class='ocrx_word' id='word_1_782' title='bbox 2609 5425 2794 5463; x_wconf 86' lang='lat' dir='ltr'><strong>coram</strong></span> <span class='ocrx_word' id='word_1_783' title='bbox 2828 5408 2958 5472; x_wconf 91' lang='lat' dir='ltr'><strong>Deo,</strong></span> <span class='ocrx_word' id='word_1_784' title='bbox 2989 5411 3119 5478; x_wconf 91' lang='lat' dir='ltr'><strong>quia</strong></span> <span class='ocrx_word' id='word_1_785' title='bbox 3157 5425 3266 5463; x_wconf 90' lang='lat' dir='ltr'><strong>non</strong></span> <span class='ocrx_word' id='word_1_786' title='bbox 3295 5425 3452 5463; x_wconf 88' lang='lat' dir='ltr'><strong>men-</strong></span> 
     </span>
    </p>
   </div>
   <div class='ocr_carea' id='block_1_115' title="bbox 1881 5500 3452 5572">
    <p class='ocr_par' dir='ltr' id='par_1_115' title="bbox 1881 5500 3452 5572">
     <span class='ocr_line' id='line_1_115' title="bbox 1881 5500 3452 5572; baseline -0.002 -14"><span class='ocrx_word' id='word_1_787' title='bbox 1881 5507 2006 5558; x_wconf 89' lang='lat' dir='ltr'><strong>tior.</strong></span> <span class='ocrx_word' id='word_1_788' title='bbox 2036 5503 2237 5557; x_wconf 86' lang='lat' dir='ltr'><strong>Deinde</strong></span> <span class='ocrx_word' id='word_1_789' title='bbox 2272 5503 2391 5557; x_wconf 89' lang='lat' dir='ltr'><strong>veni</strong></span> <span class='ocrx_word' id='word_1_790' title='bbox 2425 5507 2479 5555; x_wconf 91' lang='lat' dir='ltr'><strong>in</strong></span> <span class='ocrx_word' id='word_1_791' title='bbox 2508 5512 2690 5570; x_wconf 90' lang='lat' dir='ltr'><strong>partes</strong></span> <span class='ocrx_word' id='word_1_792' title='bbox 2721 5500 2892 5572; x_wconf 66' lang='lat' dir='ltr'><strong>Syria:</strong></span> <span class='ocrx_word' id='word_1_793' title='bbox 2926 5510 2979 5556; x_wconf 88' lang='lat' dir='ltr'><strong>et</strong></span> <span class='ocrx_word' id='word_1_794' title='bbox 3018 5501 3244 5556; x_wconf 65' lang='lat' dir='ltr'><strong>Ciliciae.</strong></span> <span class='ocrx_word' id='word_1_795' title='bbox 3291 5501 3452 5555; x_wconf 87' lang='lat' dir='ltr'><strong>Eram</strong></span> 
     </span>
    </p>
   </div>
   <div class='ocr_carea' id='block_1_116' title="bbox 1880 5591 3452 5674">
    <p class='ocr_par' dir='ltr' id='par_1_116' title="bbox 1880 5591 3452 5674">
     <span class='ocr_line' id='line_1_116' title="bbox 1880 5591 3452 5674; baseline 0.001 -26"><span class='ocrx_word' id='word_1_796' title='bbox 1880 5604 2059 5650; x_wconf 87' lang='lat' dir='ltr'><strong>autem</strong></span> <span class='ocrx_word' id='word_1_797' title='bbox 2091 5595 2308 5674; x_wconf 73' lang='lat' dir='ltr'><strong>ignotus</strong></span> <span class='ocrx_word' id='word_1_798' title='bbox 2343 5593 2483 5649; x_wconf 75' lang='lat' dir='ltr'><strong>facie</strong></span> <span class='ocrx_word' id='word_1_799' title='bbox 2512 5593 2774 5649; x_wconf 86' lang='lat' dir='ltr'><strong>Ecclesiis</strong></span> <span class='ocrx_word' id='word_1_800' title='bbox 2803 5591 3028 5659; x_wconf 72' lang='lat' dir='ltr'><strong>Judaeze,</strong></span> <span class='ocrx_word' id='word_1_801' title='bbox 3057 5610 3180 5664; x_wconf 72' lang='lat' dir='ltr'><strong>quae</strong></span> <span class='ocrx_word' id='word_1_802' title='bbox 3212 5602 3370 5650; x_wconf 88' lang='lat' dir='ltr'><strong>erant</strong></span> <span class='ocrx_word' id='word_1_803' title='bbox 3397 5595 3452 5649; x_wconf 90' lang='lat' dir='ltr'><strong>iu</strong></span> 
     </span>
    </p>
   </div>
  </div>
