4218 6448
765 379 872 441 783

1937 381 1997 438 S.
2035 377 2354 439 JOANNIS
2393 377 2818 438 DAMASCENI

3914 386 4014 448 7M

763 464 983 541 Christo
1022 506 1034 540 :
1073 495 1282 541 tantum
1321 497 1503 540 autem
1556 485 1804 539 auditum
1851 486 2162 548 habebant,
2205 498 2341 553 quo-

2449 483 2724 554 προσώπῳ
2772 487 2892 548 ταῖς
2933 485 3280 556 Ἐκκλησίαις
3339 488 3440 556 τῆς
3481 488 3741 552 Ἰουδαίας
3791 493 3911 553 ταῖς
3961 510 4017 543 εν

763 578 909 631 niam
923 579 1013 647 qui
1039 577 1464 648 persequebatur
1481 592 1582 632 nos
1601 576 1916 645 aliquando,
1945 591 2085 628 nunc
2105 590 2337 643 evange-

763 671 890 723 lizat
924 670 1102 733 fidem,
1136 685 1298 738 quam
1333 669 1628 740 aliquando
1661 669 2046 738 expugnabat;
2083 675 2137 721 et
2169 666 2222 718 in
2253 681 2336 720 me

761 761 1126 817 elariticabant
1160 761 1345 816 Deum.
1385 781 1403 812 ι

1427 897 1578 953 CAP.
1614 897 1681 950 ll.

830 1016 992 1072 Vens.
1020 1017 1072 1080 i,
1096 1017 1148 1070 2.
1186 1035 1203 1066 ι
1228 1014 1427 1070 Deinde
1453 1024 1577 1083 post
1600 1026 1772 1065 annos
1793 1009 2107 1081 quindecim
2138 1010 2334 1064 iterum

759 1106 981 1160 aseendi
1010 1105 1437 1173 Hierosolymam
1499 1116 1622 1153 cum
1674 1099 1948 1161 Barnaba,
1974 1106 2028 1151 et
2057 1106 2339 1167 assumpto

759 1193 904 1248 Tito.
939 1193 1173 1248 Ascendi
1202 1200 1382 1246 autem
1421 1189 1720 1246 secundum
1759 1189 2172 1244 revelationem.
2208 1207 2228 1240 ι

829 1288 946 1342 Νοιι
993 1296 1052 1339 ιιι
1090 1285 1317 1338 docerer
1353 1284 1500 1349 veni,
1540 1283 1636 1337 sed
1689 1289 1750 1335 ut
1804 1281 2132 1348 inviserem;
2193 1279 2339 1350 quod

761 1381 983 1435 honoris
1014 1380 1281 1432 duntaxat
1304 1391 1432 1444 erga
1472 1376 1625 1427 illum
1649 1382 2024 1443 argnmentcm
2057 1381 2160 1427 est.

847 1494 864 1524 ι
905 1472 969 1524 Ει
997 1468 1206 1524 contuli
1250 1469 1359 1521 illis
1396 1467 1747 1537 Evangelium
1774 1505 1791 1529 ,
1838 1465 1985 1535 quod
2015 1464 2251 1534 praedico
2284 1464 2340 1519 in

760 1566 1044 1634 gentibus;
1096 1577 1346 1617 seorsum
1395 1569 1575 1613 autem
1635 1561 1702 1614 iis
1755 1560 1847 1628 qui
1881 1560 2210 1613 videbantur
2241 1557 2342 1611 ali-

761 1657 890 1729 quid
921 1670 1075 1712 esse:
1108 1669 1174 1707 ne
1198 1653 1338 1706 forte
1367 1654 1418 1704 in
1443 1666 1672 1705 vacuum
1702 1666 2002 1713 currerein,
2024 1657 2116 1702 aut
2148 1663 2342 1701 cucur-

763 1752 978 1805 rissem.
1015 1767 1032 1797 ι

2441 575 2663 647 Χριστῷ
2683 593 2696 606 ·
2735 578 2896 646 μόνον
2924 577 2982 630 δὲ
3019 577 3356 642 ἀκούσαντες
3383 577 3545 650 ἦσαν,
3577 582 3659 634 ὃτι
3703 583 3762 634 '0
3806 583 4019 636 διώκων

2437 670 2588 738 ἡμᾶς
2644 686 2806 733 ποτε,
2839 670 2934 722 νῦν
2985 670 3397 740 εὐαγγελίζεται
3425 673 3525 744 τὴν
3575 675 3759 726 πίστιν
3791 675 3857 745 ἥν
3888 693 4017 730 ποτε

2439 761 2662 831 ἐπόρθει
2699 778 2714 792 °
2753 765 2848 815 καὶ
2876 761 3129 830 ἐδόξαζον
3153 767 3210 818 ὲν
3232 766 3356 835 ἐμοὶ
3376 766 3470 818 τὸν
3499 766 3656 819 Θεόν.
3685 786 3704 819 ι

3042 901 3295 956 ΚΕΦΑΔ.
3321 901 3394 956 Β’.

2517 1033 2536 1065 ι
2587 1015 2818 1067 Ἔπειτα
2850 1016 2939 1068 διὰ
2965 1015 3380 1085 δεκατεσσάρων
3405 1015 3544 1069 ἐτῶν
3603 1016 3764 1069 πάλιν
3817 1019 4020 1087 ἀνέϐην

2441 1107 2522 1166 εἰς
2561 1105 2912 1175 Ἰεροσόλυμα
2951 1109 3086 1176 μετά
3122 1108 3400 1178 Βαρνάϐα,
3441 1109 3893 1180 συμπαραλαϐὼν
3929 1112 4021 1164 ml.

2443 1197 2602 1250 Τίτον
2629 1215 2644 1228 ·
2679 1199 2880 1268 ἀνέϐην
2905 1198 2962 1252 δὲ
2985 1200 3127 1252 κατὰ
3144 1201 3509 1269 ἀποκάλυψιν.
3537 1222 3554 1252 ι

2518 1291 2632 1344 Οὐκ
2681 1287 2845 1360 ἦλθον
2874 1290 3215 1362 διδαχθῆναι,
3271 1295 3460 1362 φησὶν,
3513 1296 3627 1348 ἀλλ’
3693 1297 4020 1366 ἱστορῆσαι·

2444 1385 2581 1454 ὅπερ
2613 1386 2730 1438 ἐστὶ
2759 1386 2920 1454 μόνον
2949 1386 3224 1456 τιμῶντος
3258 1389 3443 1443 αὐτόν.

2520 1498 2539 1527 ι
2573 1480 2683 1532 Καὶ
2707 1480 2984 1550 ἀνεθέμην
3015 1482 3201 1543 αὐτοῖς
3227 1481 3287 1535 τὸ
3311 1481 3646 1551 Εὑαγγέλιον
3663 1525 3678 1549 ,
3700 1483 3730 1536 ὃ
3759 1481 4025 1552 κηρύσσω

2444 1575 2502 1626 ἐν
2531 1575 2645 1634 τοῖς
2689 1573 2902 1626 ἔθνεσιο
2951 1576 3074 1627 κατ’
3134 1575 3270 1628 ἰδίαν
3295 1575 3352 1628 δὲ
3384 1577 3496 1639 τοῖς
3545 1574 3765 1629 δοκοῦσι
3822 1575 4022 1645 μήπως

2448 1665 2526 1726 εἰς
2556 1663 2711 1715 κενὸν
2759 1665 2940 1733 τρέχω
2965 1664 2998 1733 ἢ
3028 1663 3280 1734 ἔδραμον.
3321 1686 3339 1718 ι

830 1839 1060 1907 Quando
1078 1837 1310 1907 primum
1328 1831 1573 1900 suscepit
1594 1829 1972 1897 Evangelium,
2002 1843 2112 1880 non
2145 1842 2342 1882 ascen-

2518 1837 2656 1889 Κατ’
2685 1835 2859 1906 ἀρχὰς
2891 1837 2990 1905 μὲν
3019 1837 3113 1890 τοῦ
3144 1837 3398 1901 δέξασθαι
3424 1839 3487 1891 τὺ
3535 1839 3870 1908 Εὑαγγέλιον
3921 1841 4022 1892 οὐκ

759 1933 860 1996 dit,
900 1938 961 1984 ut
993 1945 1116 1984 cum
1165 1925 1429 1996 apostolis
1455 1923 1523 1978 de
1548 1938 1614 1976 eo
1644 1919 1942 1975 conferret.
1978 1917 2164 1988 Neque
2195 1918 2338 1972 enim

759 2024 1011 2080 doctrina
1043 2035 1230 2074 eorum
1265 2017 1568 2088 indigebat,
1609 2013 1703 2082 qui
1738 2011 2005 2066 didicerat
2035 2027 2063 2064 a
2095 2009 2338 2065 Christo.

760 2115 1096 2169 Procedente
1120 2124 1251 2164 vero
1275 2118 1541 2177 tempore,
1591 2119 1715 2158 cum
1758 2101 2111 2171 Evangeliuln
2141 2099 2343 2154 omissa

761 2205 1180 2262 circumcisione
1230 2201 1578 2270 praedicaret,
1633 2193 1826 2250 oﬂensi
1878 2193 2102 2263 quidam
2165 2189 2340 2255 fuere,

764 2300 913 2371 quod
980 2297 1178 2351 Petrus
1217 2290 1538 2348 circumcidi
1589 2303 1703 2342 nou
1752 2285 2087 2356 prohiberet,
2139 2281 2343 2336 Paulus

761 2409 892 2448 vero
939 2390 1088 2447 solus
1141 2387 1197 2442 id
1237 2384 1512 2441 auferret.
1573 2380 1848 2449 Quocirca
1909 2394 2036 2434 cum
2103 2375 2342 2446 Spiritus

761 2495 983 2542 sanctus
1012 2483 1171 2538 vellet
1204 2476 1592 2534 olfendiculum
1629 2475 1734 2528 hoc
1763 2486 1993 2543 prorsus
2033 2474 2340 2538 amputare,

763 2576 1016 2647 praecepit
1075 2580 1136 2626 ut
1186 2569 1422 2625 testibus
1481 2567 1780 2635 assumptis
1831 2570 2116 2634 pergeret,
2181 2568 2343 2628 atque

762 2667 1025 2740 apostolis
1051 2662 1398 2720 denuntiaret
1428 2673 1489 2714 se
1515 2657 1831 2728 posthabita
1849 2653 2074 2709 omnino
2100 2651 2342 2706 circum-

765 2763 976 2816 cisione
1039 2755 1360 2827 praedicare,
1415 2761 1477 2805 ut
1515 2759 1570 2804 et
1619 2749 1687 2803 de
1735 2755 2021 2817 compacto
2071 2744 2340 2814 ipsorum,

766 2853 1151 2910 anendiculmn
1186 2845 1328 2902 istud
1358 2844 1640 2898 hominum
1671 2841 2023 2895 adimeretur.

841 3029 1000 3102 160
1051 3026 1217 3081 Vens.
1243 3025 1300 3080 5.
1344 3043 1362 3076 ι
1404 3021 1512 3078 Sed
1546 3033 1724 3089 neque
1766 3016 1956 3080 Titus,
1998 3015 2093 3084 qui
2128 3028 2339 3068 mecum

761 3136 906 3192 erat,
950 3140 1076 3180 cum
1135 3130 1283 3178 esset
1332 3119 1576 3192 gentilis,
1625 3114 1942 3186 compulsus
1988 3120 2073 3166 est
2105 3113 2341 3164 circurn-

763 3221 893 3274 uidi.
927 3237 946 3271 ι

843 3311 924 3364 Ab
964 3306 1230 3378 apostolis
1268 3302 1547 3360 videlicet.
1599 3298 1757 3366 Quod
1805 3297 1967 3369 plane
2027 3293 2341 3351 certissimo

768 3408 1095 3472 argumento
1119 3407 1260 3462 erat,
1309 3398 1380 3451 ab
1430 3395 1539 3450 illis
1584 3409 1693 3448 non
1751 3407 1875 3448 esse
1919 3389 2341 3444 condemnatum

768 3492 1112 3563 Apostolum,
1153 3490 1282 3560 quia
1321 3496 1511 3559 gentes
1538 3502 1646 3541 non
1670 3482 2116 3540 circumcideret.

844 3587 1005 3642 Vens.
1059 3585 1113 3639 4.
1167 3603 1185 3634 ι
1236 3581 1344 3637 Sed
1405 3588 1628 3650 propter
1685 3573 2138 3630 subintroductos
2174 3570 2343 3626 falsos

770 3680 1005 3742 fratres,
1064 3674 1155 3746 qui
1209 3673 1646 3728 subintroierunt
1691 3667 1978 3738 explorare
2031 3666 2342 3721 libertatem

770 3779 1012 3826 nostram
1046 3782 1210 3837 quam
1237 3766 1500 3821 habemus
1525 3764 1580 3818 in
1604 3761 1827 3816 Christo
1855 3759 2006 3814 Jesu.
2037 3777 2057 3810 ι

844 3859 1086 3926 Propter,
1125 3857 1213 3911 hic
1263 3855 1502 3926 positum
1542 3859 1628 3907 est
1669 3866 1789 3920 pro,
1829 3847 2135 3903 secundum.
2167 3847 2345 3914 Atque

770 3949 818 4001 is
852 3955 939 4003 est
988 3959 1209 4000 sensus.
1264 3940 1550 4012 Apostoli.
1614 3939 1832 4006 inquit,
1890 3954 1997 3989 non
2047 3945 2344 4005 coegerunt

771 4037 954 4093 Titum
981 4035 1075 4106 qui
1104 4034 1428 4106 praeputium
1467 4027 1729 4090 habebat,
1773 4025 2092 4080 circumcidi
2121 4044 2132 4078 :
2167 4040 2344 4094 quan-

772 4146 935 4202 quam
965 4127 1266 4198 subjectitii
1308 4122 1532 4195 quidam
1563 4119 1690 4175 falsi
1739 4117 1940 4172 fratres
1968 4117 2064 4187 qui
2112 4117 2215 4169 hoc
2247 4117 2347 4170 ob-

772 4223 1088 4287 servabant,
1113 4219 1404 4274 voluerunt
1422 4223 1482 4269 ut
1502 4210 2010 4268 circumeideretur.
2053 4208 2158 4264 Ubi
2209 4207 2345 4261 alie-

774 4333 878 4373 nos
898 4331 996 4372 eos
1022 4314 1203 4370 innuit
1224 4327 1255 4367 a
1287 4310 1542 4371 veritate,
1569 4322 1708 4377 quos
1740 4305 2146 4375 exploratorum
2174 4301 2349 4357 instar

773 4407 990 4463 habeat.

858 4516 878 4549 ι
919 4495 992 4550 Ut
1027 4509 1129 4549 nos
1163 4491 1218 4546 in
1249 4489 1566 4546 servitutem
1600 4486 1928 4556 redigerent.
1959 4505 1979 4539 ι

848 4585 917 4641 Ut
971 4585 1073 4656 legi
1114 4597 1308 4640 rursus
1357 4580 1754 4649 manciparent.
1811 4578 2079 4643 Quocirca
2129 4577 2237 4630 alio
2294 4577 2348 4629 in

776 4678 898 4733 loco
930 4677 1065 4732 dicit
1105 4695 1120 4731 :
1175 4672 1419 4728 Christus
1467 4670 1686 4723 redemit
1733 4685 1825 4722 nos
1867 4669 1932 4722 de
1964 4669 2242 4722 maledicto
2275 4669 2351 4722 le-

775 4768 854 4822 nis
881 4767 948 4820 “.

852 4857 1014 4912 Vsas.
1044 4857 1100 4913 5.
1136 4874 1156 4906 ι
1187 4854 1398 4922 Quibus
1423 4867 1602 4922 neque
1619 4853 1684 4905 ad
1711 4851 1898 4905 horam
1927 4851 2195 4905 cessimus
2226 4849 2352 4904 sub-

775 4949 1049 5018 iectione,
1109 4954 1169 5000 ut
1216 4946 1423 4999 veritas
1499 4941 1778 5012 Evangelii
1843 4947 2158 5011 permaneat
2210 4939 2350 5009 apud

778 5055 901 5096 vos.
933 5059 950 5091 ι

849 5130 928 5185 Ne
964 5131 1050 5186 vel
1091 5137 1373 5184 momento
1429 5126 1648 5197 quidem
1703 5127 1786 5181 eis
1839 5142 1941 5181 nos
2002 5127 2356 5196 subiecimus.

781 5220 999 5290 inquit;
1061 5217 1502 5278 subintroductis
1542 5218 1663 5272 istis
1705 5219 1965 5273 nimirum
2001 5237 2012 5270 :
2060 5233 2129 5272 ne
2164 5218 2359 5285 depre-

780 5311 1148 5368 henderemur
1183 5311 1290 5364 alia
1325 5309 1545 5380 quidem
1577 5309 1644 5364 de
1688 5309 1978 5381 Evangelio
2010 5312 2360 5378 annuutiare,

2443 1924 2698 1993 ἀνῆλθεν,
2733 1925 2856 1978 οὐδὲ
2889 1924 3109 1978 ἀνέθετο
3161 1927 3292 1980 αὐτὸ
3345 1929 3458 1990 τοῖς
3501 1928 3844 1991 ἀποστόλοις.
3887 1927 4024 1981 Οὐδὲ

2442 2015 2552 2085 γὰρ
2582 2016 2752 2068 ὲδείτο
2798 2016 2952 2087 παρὰ
2986 2017 3227 2088 Χριστοῦ
3257 2017 3446 2087 μαθὼν
3479 2019 3581 2088 τῆς
3617 2020 3842 2072 ἐκείνων
3873 2019 4024 2072 διδα-

2445 2106 2700 2171 σκαλίας.
2747 2108 3038 2179 Προϊόντος
3063 2109 3120 2163 δὲ
3142 2109 3236 2162 τοῦ
3262 2110 3483 2179 χρόνον,
3512 2111 3609 2164 καὶ
3656 2111 4023 2182 κηρύττοντος

2444 2197 2610 2251 αὑτοῦ
2638 2199 2754 2263 τοῖς
2791 2199 3001 2254 ἔθνεσιν
3046 2201 3178 2254 ἄνευ
3233 2201 3538 2274 περιτομῆς
3573 2203 3634 2256 τὸ
3660 2203 4023 2272 Εὐαγγέλιον,

2441 2290 2891 2356 ισκανδαλίζοντό
2919 2310 3083 2358 τινες,
3111 2293 3224 2346 τῶν
3244 2295 3342 2364 μὲν
3369 2298 3498 2367 περὶ
3524 2296 3732 2366 Πέτρον
3764 2295 3840 2367 μὴ
3869 2299 4024 2350 ἀναι-

2445 2383 2684 2453 ρούντων
2705 2384 2803 2455 τὴν
2832 2387 3160 2456 περιτομὴν,
3211 2387 3404 2440 τούτου
3433 2388 3492 2441 δὲ
3525 2388 3692 2458 μόνου
3729 2387 4024 2456 ἀναιροῦν-

2441 2493 2551 2539 τος.
2585 2475 2677 2530 Διὸ
2711 2475 2872 2530 τοῦτο
2897 2477 2959 2530 τὸ
2994 2477 3291 2532 σκάνδαλον
3341 2478 3451 2532 τῶν
3503 2479 3680 2532 ἄλλων
3708 2478 3771 2532 τδ
3793 2478 4024 2548 Πνεῦμα

2441 2567 2502 2619 τὸ
2525 2568 2680 2634 ἅγιον
2708 2567 2941 2638 ἐκκόψαι
2962 2568 3306 2640 βουλόμενον,
3332 2569 3670 2640 προσέταξεν
3700 2568 3848 2639 αὐτῷ
3881 2569 4024 2640 μετά

2446 2656 2742 2726 μαρτύρων
2771 2656 3034 2723 ἀνελθεῖν,
3070 2659 3165 2712 καὶ
3205 2658 3498 2714 ἀναθέσθαι
3537 2661 3646 2721 τοῖς
3703 2659 4025 2722 ἀποστόλοις

2441 2750 2501 2802 τὸ
2525 2750 2653 2803 ἄνευ
2676 2751 2978 2821 περιτομῆς
2993 2751 3288 2820 κηρύσσειν
3306 2790 3320 2812 ,
3344 2754 3430 2804 ἵνα
3453 2752 3549 2804 καὶ⁸
3575 2750 3801 2804 ἐκείνων
3829 2749 4020 2802 συνθε-

2447 2840 2623 2910 μένων
2665 2839 2835 2910 αὑτῷ,
2869 2841 3028 2893 τοῦτο
3057 2839 3191 2911 λυθῇ
3224 2840 3334 2892 τῶν
3370 2840 3676 2911 ἀνθρώπων
3703 2841 3764 2893 τὸ
3792 2839 4026 2894 σκάνδα-

2442 2931 2553 2985 λον.

2518 3043 2536 3074 ι
2578 3022 2716 3075 Ἀλλ’
2777 3022 2898 3075 οὐδὲ
2940 3022 3096 3084 Τίτος
3128 3021 3157 3073 ὁ
3186 3021 3284 3074 σὺν
3314 3021 3461 3092 ἐμοὶ,
3491 3019 3696 3090 Ἕλλην
3723 3018 3821 3084 ὣν,
3848 3020 4021 3088 ἡναγ-

2445 3117 2622 3187 κάσθη
2655 3134 2721 3170 πε
2730 3115 3074 3188 ριτμηθῆναι.
3107 3133 3124 3166 ι

2527 3296 2663 3350 Ὑπὸ
2706 3295 2815 3349 τῶν
2864 3293 3182 3348 ἀποστόλων
3217 3293 3505 3364 δηλονότι·
3549 3295 3688 3364 ὅπερ
3740 3294 4022 3358 ἀπόδειξις

2442 3387 2511 3462 ἦν
2537 3389 2769 3461 μεγίστη
2798 3386 2894 3440 τοῦ
2927 3387 3000 3459 μὴ
3021 3385 3456 3455 καταγινώσκειν
3485 3385 3682 3449 αὐτοὺς
3710 3385 3805 3438 τοῦ
3848 3386 4017 3439 Ἀπο-

2446 3483 2655 3546 στόλου,
2686 3481 2754 3534 τὰ
2788 3480 2912 3551 ἔθνη
2944 3480 3018 3551 μὴ
3047 3477 3487 3550 περιτέμνοντος.

2519 3591 2538 3624 ι
2571 3570 2671 3625 Διά
2696 3571 2755 3624 δὲ
2779 3572 2908 3634 τοὺς
2945 3569 3349 3640 παρεισάκτους
3397 3568 3816 3638 ψευδαδέλφους,
3880 3566 4022 3620 oln-

2444 3685 2532 3730 νες
2559 3665 2924 3738 παρεισῆλθον
2941 3664 3356 3734 κατασκοπῆσαι
3385 3662 3486 3732 τὴν
3501 3661 3814 3732 ἐλευθερίαν
3833 3660 4018 3732 ήμῶν,

2444 3761 2511 3832 ἣν
2539 3759 2736 3830 ἔχομεν
2769 3760 2830 3810 ὲν
2855 3755 3074 3827 Χριστῷ
3114 3754 3310 3826 Ἰησοῦ.
3341 3773 3359 3806 ι

2516 3856 2590 3909 Τὸ
2633 3855 2751 3920 διὰ,
2778 3855 2900 3908 ἀντὶ
2925 3852 3048 3918 τοῦ,
3079 3854 3250 3918 κατὰ,
3280 3853 3478 3905 κεῖται.
3521 3850 3581 3902 '0
3609 3849 3666 3903 δὲ
3688 3849 3812 3912 νοῦς
3835 3840 4016 3913 οὗτος.

2445 3948 2511 4000 Ol.
2535 3947 2845 4010 ἀπόστολοι,
2900 3946 3065 4014 φησὶν
3090 3985 3106 4011 ,
3166 3945 3266 3998 οὐκ
3307 3944 3625 4012 ἠνάγκασαν
3677 3941 4020 4012 ἀκρόϐυστον

2443 4039 2573 4091 ὄντα
2607 4036 2702 4088 τὸν
2733 4037 2891 4089 Τίτον
2937 4035 3364 4105 περιτμηθῆναι,
3419 4032 3596 4086 καίτοι
3626 4030 3734 4083 τῶν
3785 4047 4019 4102 παρεισ-

2447 4127 2627 4180 άκτων
2656 4124 3042 4194 ψευδαδέλφων
3080 4123 3216 4176 αὐτὸ
3241 4121 3399 4175 τοῦτο
3419 4121 3898 4192 παρατηροὺντων,
3922 4122 4020 4175 καὶ

2447 4214 2864 4285 ἀναγκαζόντων
2923 4214 3271 4285 περιτέμνειν
3295 4230 3310 4245 ·
3348 4219 3376 4248 ³
3402 4212 3464 4265 τὸ
3517 4211 3665 4278 ξένον
3725 4211 3855 4280 περὶ
3913 4212 4012 4281 τῆν

2447 4308 2707 4380 ἀλήθειαν
2740 4310 2798 4360 ὲν
2827 4306 2978 4374 τάξει
3019 4310 3383 4359 κατασκόπων
3443 4302 3893 4373 προσαγορεύσας
3925 4304 4023 4356 αὑ-

2449 4421 2596 4466 τους.

2371 4516 2426 4576 ι)
2529 4514 2548 4548 ι
2588 4496 2704 4548 Ἵνα
2733 4495 2881 4564 ἡμᾶς
2906 4490 3404 4544 καταδουλώσωσιν.
3438 4507 3456 4540 ι

2518 4587 2612 4651 Εἰς
2644 4587 2744 4657 τὴν
2804 4585 3070 4648 δουλείαν,
3123 4583 3277 4653 φησὶ,
3331 4581 3496 4635 πάλιν
3543 4579 3878 4648 εἰσαγάγωσι
3923 4576 4025 4630 τοῦ

2448 4679 2636 4749 νόμου.
2665 4677 2756 4730 Διὸ
2785 4678 2880 4731 καὶ
2911 4673 3146 4744 ἀλλαχοῦ
3195 4691 3330 4743 φησι
3365 4688 3379 4702 ⁶
3410 4671 3664 4740 Χριστὸς
3715 4672 3872 4740 ἡμας
3923 4670 4028 4733 ἐξ-

2448 4749 2748 4839 ηγόρασεῶν
2769 4769 2836 4821 ἐκ
2863 4767 2972 4834 τῆς
3006 4765 3264 4834 κατάρας
3291 4765 3396 4818 τοῦ
3430 4765 3637 4832 νόμου.

2527 4877 2546 4910 ι
2585 4855 2681 4922 Οἷς
2732 4858 2855 4912 οὐδὲ
2913 4858 3049 4930 πρὸς
3104 4857 3254 4928 ὥραν
3282 4855 3505 4926 εἴξαμεν
3535 4857 3601 4925 τῇ
3629 4854 3899 4922 ὑποταγῇ,
3932 4851 4029 4904 ἶνα

2453 4949 2729 5020 ήάλήθεια
2759 4949 2854 5002 τοῦ
2885 4948 3220 5018 Εὑαγγελίου
3248 4949 3499 5018 διαμείνῃ
3524 4946 3661 5016 πρὸς
3696 4945 3858 5015 ὑμᾶς.
3890 4963 3907 4994 ι

2525 5134 2660 5186 Οὐδὲ
2715 5133 2853 5202 πρὸς
2906 5132 3101 5202 βραχὺ,
3160 5131 3325 5200 φησιν
3354 5169 3370 5192 ,
3416 5127 3765 5196 ὑπετάγημεν
3813 5125 4032 5186 αὐτοῖς,

2457 5226 2844 5296 παρεισάκτοις
2883 5224 3148 5295 δηλονότι,
3182 5224 3268 5276 ἵνα
3307 5223 3380 5292 μὴ
3431 5220 3566 5276 ἀλλα
3605 5217 3848 5277 εἰπόντες
3892 5215 4036 5284 περὶ

2458 5317 2552 5369 τοῦ
2581 5316 2936 5384 Εὑαγγελίου,
2965 5315 3098 5368 ἄλλα
3131 5315 3458 5386 πράττοντες
3503 5309 3836 5380 εὑρεθῶμεν.
3869 5305 3934 5358 Τί
3969 5305 4035 5357 δὲ

782 5404 886 5456 alia
933 5413 1118 5456 autem
1152 5415 1336 5473 agere.
1368 5401 1510 5469 Quid
1539 5417 1701 5472 porro
1735 5401 1801 5457 de
1850 5401 2144 5473 Evangelio
2176 5405 2342 5459 dixit?

2460 5407 2606 5478 εἷπε,
2654 5412 2784 5480 περὶ
2839 5411 2933 5464 τοῦ
2985 5407 3348 5478 Εὐαγγελίου;
3381 5407 3560 5460 Ὥστε
3584 5401 3640 5456 εἴ
3679 5417 3769 5465 τις
3795 5399 3864 5451 ἐν
3897 5397 4037 5462 Χρι-

832 5587 879 5619 ²⁸
914 5585 1090 5639 Galat.
1125 5596 1208 5648 ιιι,
1235 5585 1321 5638 15.

2049 5703 2278 5760 VARUS
2315 5704 2714 5763 LECTIONES.

850 5812 882 5844 ι
911 5799 1068 5854 Deest
1092 5795 1272 5864 aliqua
1301 5812 1400 5852 vox
1430 5813 1444 5864 ;
1482 5795 1620 5854 forte
1639 5797 1743 5851 διά.
