4218 6448
206 441 311 507 7859
1375 451 1451 508 IN
1494 452 1731 510 EPIST.
1771 453 1869 509 AD

1375 451 1451 508 IN
1494 452 1731 510 EPIST.
1771 453 1869 509 AD
1906 453 2256 513 GALATAS-

3334 453 3441 516 786

208 554 348 609 ιγτιῖσ.
386 560 558 618 καινὴ
629 555 839 618 κτίσις.
904 556 1029 613 Καὶ,
1060 559 1125 610 τὰ
1158 560 1372 625 ἀρχαῖα
1437 562 1766 629 παρῆλθεν,
1801 562 1840 615 Α
1873 604 1874 607 η

1801 562 1840 615 Α
1873 556 1937 609 lu
1965 556 2174 612 Christo
2219 576 2404 612 novam
2444 577 2555 613 esse
2583 570 2883 612 creaturam
2901 562 2967 611 ".
3005 560 3248 628 Itemque
3285 579 3296 611 :
3348 560 3439 613 Ve-

206 646 333 694 1&3!
384 645 583 710 γέγονε
614 646 681 695 τὰ
710 646 902 698 πάντα
945 656 1135 699 καινά.
1198 652 1325 713 Καὶ,
1362 651 1433 719 τῇ
1460 652 1769 715 ἐλευθερίᾳ

202 738 361 806 ἡμεῖς
399 740 648 805 Χριστὸς
684 740 1120 807 ἠλειιιθέρωσεν.

278 849 295 879 ι
356 830 479 879 Ἀπὸ
515 830 570 881 δὲ
611 830 717 881 τῶν
767 830 1066 883 δοκούντων
1130 826 1269 885 εἶναί
1296 850 1377 893 τι,
1410 834 1581 886 ὁποῖοί
1635 852 1767 887 ποτε

200 916 362 988 ἦσαν,
426 920 577 971 οὐδέν
608 938 697 987 μοι
743 920 991 989 διαφέρει
1015 938 1027 950 ’
1066 923 1350 992 πρόσωπον
1381 924 1513 984 Θεὸς
1562 924 1769 994 ἀνθρώ-

202 1028 303 1062 που
351 1011 410 1062 ού
460 1010 744 1079 λαμϐάνει.
786 1012 940 1081 Ἐμοὶ
988 1012 1095 1083 γὰρ
1151 1015 1196 1065 oi
1248 1015 1568 1083 δοκοῦντες,
1617 1017 1769 1069 οὐδὲν

202 1103 615 1172 προσανέθεντο.
643 1122 661 1154 ι

272 1193 345 1243 Τὸ
399 1193 518 1261 μὲν,
558 1193 918 1258 δοκούντων,
975 1196 1096 1247 ἀντὶ
1118 1196 1233 1260 τοῦ,
1290 1197 1498 1249 ὄντων·
1548 1198 1623 1261 ὡς
1673 1202 1767 1252 καὶ

201 1286 331 1353 περὶ
379 1284 571 1337 ἑαυτοῦ
625 1284 743 1338 εἷπε
775 1304 789 1318 ·
826 1286 987 1341 Δοκῶ
1020 1287 1089 1339 δὲ
1122 1289 1283 1357 κάγὼ
1327 1292 1568 1360 Πνεῦμα
1621 1294 1770 1347 Θεοῦ

200 1376 385 1442 ἔχειν.
421 1377 479 1429 ’0
511 1378 564 1429 δὲ
593 1378 713 1440 νοῦς
744 1373 899 1441 οὗτος
928 1395 940 1407 ⁸
983 1380 1046 1431 Οἱ
1072 1382 1198 1450 περὶ
1242 1382 1470 1452 Πέτρον,
1523 1387 1688 1455 φησί,
1720 1387 1770 1439 τί

204 1487 335 1521 ποτε
391 1471 718 1534 σκοποῦντες
757 1472 1179 1539 συγκατέϐαινον
1203 1479 1269 1545 τῇ
1323 1481 1614 1549 περιτομῇ,
1671 1480 1769 1532 οὐκ

201 1560 343 1622 οἶδα,
396 1561 515 1613 οὐδὲ
558 1562 847 1627 φιλονεικῶ
882 1565 1010 1634 περὶ
1053 1565 1245 1618 τούτου
1273 1582 1286 1595 °
1328 1561 1471 1620 οὗτοι
1501 1568 1557 1620 δὲ
1602 1570 1765 1632 ἴσασι,

200 1653 275 1712 ὡς
313 1653 472 1719 λόγον
516 1653 775 1715 δώσοντες
807 1656 881 1724 τῷ
916 1656 1053 1725 Θεῷ.
1085 1658 1181 1709 Ἓν
1206 1658 1261 1709 δὲ
1280 1654 1417 1722 οἶδα,
1443 1660 1524 1711 ὅτι
1565 1659 1769 1712 ἐλθόντι

199 1741 352 1792 οὐδὲν
400 1741 559 1793 πλέον
590 1737 740 1794 εἷπον
770 1743 898 1812 περὶ
951 1745 1044 1797 τοῦ
1102 1746 1474 1815 κηρύγματος.
1503 1745 1575 1800 Εὖ
1598 1758 1627 1797 γ
1648 1744 1767 1800 εἷπε

202 1829 295 1880 καὶ
326 1830 385 1881 τὸ
425 1829 617 1883 ὁποῖοι
656 1828 837 1898 ἦσαν,
870 1832 983 1885 ἀλλ’
1012 1836 1111 1885 ούκ
1162 1836 1298 1888 εἰσιν
1321 1876 1334 1900 ,
1397 1836 1485 1889 ἵνα
1522 1840 1585 1907 τῇ
1625 1838 1765 1907 ἀρχῇ

198 1919 293 1970 τοῦ
368 1922 720 1991 κηρύγματος
778 1922 854 1993 δῷ
912 1926 1186 1978 κάκείνων
1246 1927 1344 1998 τὴν
1418 1930 1767 1997 συγκατάϐα-

200 2027 305 2063 σιν.

279 2290 426 2343 Ἀντὶ
457 2291 573 2358 τοῦ,
608 2296 1031 2368 ὲναντιώθησαν.

346 2383 505 2437 Ἀλλὰ
547 2388 853 2443 τούναντίον
889 2392 1118 2457 ἰδόντες,
1160 2395 1241 2448 ὅτι
1293 2397 1665 2469 πεπίστευμαι
1702 2402 1765 2453 τὸ

195 2474 529 2543 Εύαγγέλιον
578 2480 677 2549 τῆς
727 2483 1132 2552 ἀκροϐυστίας,
1188 2488 1369 2553 καθὼς
1420 2490 1624 2563 Πέτρος
1665 2494 1763 2563 τῆς

194 2570 497 2637 περιτομῆς
534 2571 583 2641 (ό
608 2572 717 2642 γὰρ
749 2576 1053 2647 ἐνεργήσας
1105 2580 1296 2651 Πέτρῳ
1324 2584 1406 2645 εἰς
1437 2585 1759 2656 περιτομὴν,

194 2660 465 2730 ἐνήργησε
504 2665 671 2733 κάμοὶ
704 2666 785 2729 εἰς
802 2667 871 2720 τὰ
894 2668 1045 2741 ἔθνη)
1069 2688 1081 2699 ·
1110 2673 1205 2725 καὶ
1234 2674 1452 2742 γνόντες
1480 2679 1580 2749 τὴν
1606 2678 1764 2748 χάριν

191 2752 290 2818 τὴν
318 2751 566 2805 δοθεῖσάν
600 2772 710 2824 μοι,
751 2758 1026 2823 Ἰάκωϐος,
1062 2762 1155 2814 καὶ
1182 2764 1412 2832 Κηφᾶς,
1452 2770 1546 2820 καὶ
1586 2770 1765 2821 Ἰωάν-

192 2858 311 2909 νης,
349 2844 399 2894 οἱ
422 2845 703 2910 δοκοῦντες
752 2850 932 2902 στύλοι
966 2846 1128 2916 εἶναι,
1154 2854 1334 2920 δεξιὰς
1387 2857 1593 2911 ἔδωκαν
1640 2862 1764 2930 ἐμοὶ

193 2932 290 2982 καὶ
322 2931 581 3005 Βαρνάϐᾳ
611 2938 894 3002 κοινωνίας
918 2980 933 3002 ,
973 2941 1059 2995 ἵνα
1086 2946 1249 3013 ἡμεῖς
1278 2948 1377 3015 μὲν
1408 2950 1487 3015 εἰς
1516 2952 1581 3004 τὰ
1611 2952 1760 3023 ἔθνη,

193 3021 350 3073 αὐτοὶ
372 3024 431 3075 δὲ
460 3027 537 3088 εἰς
562 3026 661 3097 τὴν
690 3032 1015 3101 περιτομήν.
1044 3052 1061 3085 ι

1872 660 1980 701 tera
2007 652 2352 714 transierunt,
2382 668 2499 704 ecce
2529 651 2673 720 facta
2707 662 2827 703 sunt
2861 653 3038 703 omnia
3070 667 3201 703 noua
3226 651 3293 705 ".
3330 652 3389 703 Et
3424 670 3439 685 ο

1872 739 1987 803 Qua
2012 739 2249 793 libertate
2280 754 2384 793 uos
2406 740 2645 795 Christus
2681 741 2919 794 liberavit
2940 741 3008 795 ".

1942 829 2105 885 Vens.
2137 832 2190 885 6.
2249 852 2267 882 ι
2308 833 2389 885 Ah
2424 834 2492 886 iis
2529 842 2707 887 autem
2751 833 2850 902 qui
2881 831 3209 887 videbantur
3239 831 3441 901 aliquid

1868 935 1990 974 esse
2021 921 2234 988 (quales
2276 921 2569 990 aliquando
2611 922 2836 986 fuerint,
2876 921 3014 976 nihil
3044 937 3164 976 mea
3196 922 3442 978 interest.

1874 1009 2015 1066 Deus
2044 1026 2332 1079 personam
2368 1012 2651 1066 hominum
2689 1029 2799 1067 non
2842 1013 3092 1084 accipit);
3128 1013 3261 1067 mihi
3299 1014 3442 1067 enim

1870 1102 1963 1171 qui
1993 1102 2321 1157 videbantur
2351 1119 2475 1158 esse
2515 1104 2747 1173 aliquid,
2779 1106 2915 1159 nihil
2954 1106 3325 1160 contulerunt.
3366 1124 3387 1155 υ

1941 1193 2048 1257 Qui
2072 1192 2397 1257 ridebantur,
2439 1195 2532 1257 ait,
2558 1194 2609 1247 id
2642 1202 2726 1247 est
2755 1196 2844 1263 qui
2871 1206 3023 1249 erant
3054 1212 3072 1249 :
3114 1194 3257 1248 haud
3288 1208 3447 1247 secus

1872 1297 1935 1335 ac
1964 1283 2030 1338 de
2053 1300 2111 1339 se
2150 1285 2267 1354 ipse
2293 1285 2545 1339 dicebat:
2588 1284 2780 1338 Videor
2806 1294 2983 1339 autem
3018 1287 3146 1340 mihi
3185 1286 3445 1356 Spiritum

1877 1373 1969 1426 Dei
1993 1375 2201 1429 habere.
2238 1377 2404 1444 Atqui
2452 1377 2540 1430 hic
2569 1392 2769 1431 sensus
2802 1386 2888 1433 est
2917 1399 2929 1433 :
2964 1377 3061 1447 qui
3093 1393 3123 1430 a
3152 1376 3313 1432 Petro
3333 1385 3446 1431 sta-

1872 1465 2024 1529 bant,
2040 1482 2166 1535 erga
2188 1466 2665 1522 circumcisionem
2687 1468 3119 1538 indulgentiores
3141 1475 3323 1531 erant,
3338 1480 3448 1537 qua

1871 1554 1939 1608 de
1976 1570 2144 1610 causa
2174 1556 2384 1618 nescio,
2406 1571 2569 1625 quam
2602 1556 2887 1625 inquirere
2908 1572 3017 1611 non
3046 1571 3182 1611 curo
3209 1576 3223 1612 :
3248 1556 3319 1612 de
3338 1572 3445 1625 qua

1872 1662 1971 1700 nec
1989 1644 2324 1716 vitilitigandi
2348 1647 2565 1701 animus
2594 1656 2709 1711 est;
2762 1649 2816 1703 id
2861 1648 2967 1718 ipsi
3014 1648 3289 1711 noverint,
3323 1657 3448 1700 tan-

1873 1753 2033 1807 quam
2093 1738 2359 1793 reddituri
2394 1738 2664 1793 rationem
2704 1739 2837 1795 Deo.
2896 1741 3014 1793 Hoc
3061 1746 3444 1796 autem.unum

1873 1827 2009 1887 scio,
2062 1828 2197 1881 nihil
2236 1844 2333 1883 eos
2362 1828 2494 1882 mihi
2539 1830 2775 1898 amplius
2814 1830 2884 1885 de
2913 1826 3300 1901 praedicatione
3326 1842 3447 1881 mea

1870 1918 2160 1987 objecisse,
2200 1921 2425 1989 quando
2453 1925 2609 1991 ipsos
2638 1923 2893 1978 conveni.
2927 1921 3095 1978 Recte
3138 1930 3318 1975 autem
3346 1919 3444 1983 ait,

1868 2012 2047 2079 quales
2080 2012 2298 2081 fuerint,
2337 2028 2447 2067 non
2488 2015 2677 2083 quales
2725 2016 2858 2079 sint,
2892 2023 2953 2070 ut
2981 2014 3245 2070 concedat
3283 2011 3449 2066 initio

1804 2096 1805 2099 “
1868 2102 2278 2170 praedicationis
2324 2102 2603 2174 Evangelii
2661 2104 2867 2161 Judais
2927 2104 3136 2176 aliquid
3172 2103 3444 2159 indultum

1868 2193 2067 2249 fuisse.

1937 2284 2081 2339 Idem
2109 2293 2295 2355 atque,
2326 2287 2606 2343 adversati
2638 2304 2744 2343 non
2774 2297 2922 2345 sunt.

1937 2376 2103 2432 Vens.
2132 2379 2246 2434 7-9.
2305 2400 2322 2432 ι
2364 2378 2469 2435 Sed
2496 2397 2527 2436 e
2564 2390 2756 2437 contra
2803 2396 2929 2435 cum
2968 2380 3261 2442 vidissent,
3296 2377 3453 2448 quod

1865 2470 2134 2524 creditum
2182 2481 2266 2528 est
2314 2471 2448 2526 mihi
2499 2471 2853 2543 Evangeiium
2905 2471 3159 2544 przeputii
3211 2471 3357 2527 sicut
3393 2480 3447 2524 et

1865 2562 2309 2619 circumcisionis
2359 2564 2473 2635 (qui
2530 2566 2676 2620 enim
2734 2573 2994 2637 operatus
3049 2572 3135 2620 est
3185 2561 3347 2619 Petro
3390 2562 3444 2613 in

1864 2654 2231 2723 apostolatqu
2261 2656 2730 2722 circumcisionis,
2762 2666 3020 2726 Operatus
3066 2664 3154 2710 est
3200 2663 3255 2709 et
3311 2652 3444 2706 mihi

1864 2745 2009 2799 inter
2053 2746 2302 2815 gentes),
2340 2756 2395 2802 et
2441 2763 2566 2802 cum
2622 2750 3010 2821 cognovissent
3062 2747 3292 2817 gratiam
3323 2762 3445 2815 qua:

1864 2836 1989 2890 data
2024 2846 2109 2890 est
2139 2837 2295 2901 mihi,
2324 2836 2589 2901 Jacobus,
2614 2850 2668 2895 et
2700 2840 2936 2910 Cephas,
2966 2847 3022 2893 et
3050 2837 3311 2899 Joannes,
3351 2835 3445 2906 qui

1865 2927 2194 2982 videbantur
2232 2930 2503 2984 columnae
2532 2945 2680 2994 esse,
2726 2930 2951 2985 dextras
3002 2928 3271 2985 dederunt
3311 2927 3444 2981 mihi

1864 3027 1920 3075 et
1960 3020 2228 3075 Barnaba:
2259 3023 2583 3079 societatis:
2618 3030 2677 3077 ut
2712 3038 2816 3079 nos
2844 3021 3066 3094 quidem
3113 3021 3167 3075 in
3216 3026 3439 3092 gentes;

1865 3110 1966 3180 ipsi
1996 3119 2177 3165 autem
2218 3112 2270 3165 in
2306 3113 2810 3169 circumcisionem.
2841 3132 2860 3164 ι

262 3201 374 3272 Τῷ,
408 3203 569 3259 ἀλλὰ
618 3209 973 3264 τούναντίον
1030 3214 1279 3284 ἰδόντες,
1340 3224 1634 3278 συναπτέον
1659 3228 1718 3280 τὸ
1740 3270 1755 3292 ,
1791 3233 1833 3290 C

1791 3233 1833 3290 ο
1936 3202 2074 3257 lluic
2123 3206 2403 3268 commati,
2451 3207 2541 3260 sed
2571 3223 2599 3259 ε
2628 3216 2813 3260 contra
2841 3222 2957 3259 cum
3005 3204 3279 3267 vidissent,
3315 3204 3442 3271 jun-

191 3291 398 3357 δεξιὰς
434 3294 666 3351 ἔδωκαν
692 3298 820 3368 ἐμοί
846 3301 946 3354 καὶ
974 3306 1267 3373 Βαρνάϐᾳ.
1300 3311 1463 3380 Λέγει
1491 3315 1549 3368 δὲ
1573 3316 1643 3370 τὰ
1674 3318 1763 3373 διὰ

195 3384 387 3453 μέσου,
426 3386 589 3439 πάλιν
610 3388 845 3456 δεικνὺς,
877 3392 954 3456 ὠς
983 3394 1043 3446 οὐ
1076 3397 1227 3468 παρὰ
1255 3400 1561 3471 ἀνθρώπων
1593 3410 1675 3472 εἰς
1703 3411 1764 3462 τὸ

192 3474 489 3570 κηρύσσειν
512 3480 624 3541 τοῖς
655 3478 831 3535 ἔθνεσι
866 3487 1328 3560 κεχειροτόνηται,
1358 3493 1493 3562 ὅπερ
1512 3498 1559 3548 οἱ
1581 3498 1764 3570 ἐχθροὶ

192 3563 379 3632 ελεγον
405 3568 534 3639 περὶ
563 3570 750 3628 αὐτοῦ.
790 3622 805 3633 .,

268 3764 287 3796 ι
329 3747 507 3801 Μόνον
540 3751 647 3803 τῶν
694 3754 925 3825 πτωχῶν
975 3757 1064 3812 ἶια
1121 3765 1570 3835 μνημονεύωμεν,
1607 3771 1635 3822 ὂ
1673 3776 1764 3827 καὶ

193 3837 503 3891 ἐσπούδασα
532 3841 665 3894 αὐτὸ
694 3844 851 3898 τοῦτο
881 3849 1124 3919 ποιῆσαι.
1154 3872 1173 3902 ι

260 4010 324 4061 Ai
362 4010 651 4078 συνθῆκαι,
698 4017 851 4085 φησὶ,
888 4019 1132 4074 τοιαῦται
1164 4027 1442 4092 γεγόνασι,
1480 4029 1621 4083 ὥστε
1669 4032 1763 4087 καὶ

195 4100 435 4165 ἐκείνους
499 4106 597 4172 μὲν
659 4110 771 4171 τοῖς
822 4110 1132 4175 Ἰουδαίοις,
1185 4118 1336 4186 ἡμᾶς
1378 4120 1433 4171 δὲ
1470 4123 1764 4191 κηρύσσειν

195 4195 303 4255 τοῖς
360 4194 560 4250 ἔθνεσι.
616 4200 787 4271 Κοινὴ
832 4202 889 4254 δὲ
920 4204 1145 4272 γέγονεν
1195 4208 1527 4279 ἀμφοτέροις
1571 4216 1603 4281 ἠ
1655 4215 1763 4266 τῶν

195 4288 444 4356 πενήτων
502 4291 744 4359 φροντίς.
801 4293 961 4348 Οὗτοι
989 4296 1045 4349 δὲ
1074 4293 1214 4368 ἦσαν
1241 4303 1289 4351 οἱ
1333 4301 1564 4371 πένητες
1584 4345 1598 4367 ,
1622 4308 1668 4358 οἱ
1704 4307 1764 4372 ἐξ

208 4376 476 4430 Ἰουδαίων
498 4382 886 4449 πιστεύσαντες
902 4387 982 4451 εἰς
1014 4389 1268 4458 Χριστὸν,
1295 4391 1344 4443 οἳ
1373 4394 1465 4445 καὶ
1482 4394 1592 4448 τῶν
1618 4398 1762 4451 ἰδίων

194 4467 354 4521 οἴκων
403 4470 508 4523 ὑπὸ
564 4474 673 4527 τῶν
717 4475 986 4531 Ἰουδαίων
1030 4480 1520 4553 ἀπεστερήθησαν·
1552 4489 1646 4541 καὶ
1674 4484 1765 4542 οὗ·

1869 3296 2101 3365 gendum
2136 3297 2279 3352 istud
2309 3308 2411 3363 est,
2448 3298 2664 3353 dextras
2691 3298 2946 3352 dederunt
2966 3298 3165 3352 mihist
3180 3296 3445 3351 Barnabas

1869 3388 2157 3442 societatis.
2209 3390 2340 3453 Quae
2400 3404 2529 3443 vero
2576 3389 2866 3459 interiecta
2921 3399 3084 3453 sunt,
3143 3388 3445 3444 ostendunt

1868 3496 1993 3535 eum
2026 3496 2135 3535 non
2164 3481 2231 3535 ab
2272 3481 2585 3537 hominibus
2633 3483 2943 3537 ordinatum
2986 3497 3108 3538 esse
3142 3490 3202 3536 ut
3247 3480 3445 3552 praedi-

1870 3584 2021 3627 caret
2053 3574 2311 3643 gentibus
2344 3591 2357 3628 :
2402 3574 2455 3629 id
2487 3574 2632 3645 quod
2666 3574 2733 3629 de
2776 3574 2897 3645 ipso
2934 3574 3233 3630 adversarii
3286 3588 3445 3643 spat.-

1871 3664 2090 3733 gebant.

1945 3756 2097 3825 16]
2133 3755 2296 3810 Vens.
2345 3757 2434 3812 10.
2472 3778 2489 3810 ε
2520 3756 2756 3814 Tantum
2802 3766 2863 3813 ut
2900 3772 3202 3829 pauperum
3235 3772 3450 3812 memu-

1872 3860 1959 3901 res
1988 3862 2235 3903 essemus
2269 3867 2283 3901 :
2322 3849 2466 3919 quod
2501 3852 2663 3905 etiam
2692 3850 2965 3907 sollicitus
2993 3848 3073 3905 fui
3112 3850 3217 3905 hoc
3261 3850 3442 3920 ipsum

1872 3936 2068 3991 facere.
2104 3957 2123 3991 ι

1944 4027 2232 4083 Pactiones
2269 4028 2536 4097 ejusmodi
2582 4038 2874 4085 transacta
2921 4038 3085 4095 sunt,
3136 4031 3335 4100 inquit,
3383 4040 3441 4085 ut

1872 4119 1945 4169 illi
1998 4120 2214 4186 quidem
2250 4116 2473 4180 Judaeis,
2506 4134 2609 4172 nos
2656 4134 2787 4173 vero
2828 4120 3084 4190 gentibus
3112 4122 3441 4190 praedicare-

1870 4225 2009 4263 mus.
2064 4209 2378 4265 Communis
2426 4226 2557 4265 vero
2608 4212 2857 4281 utrisque
2891 4210 2995 4266 fuit
3037 4208 3355 4267 sOllicitudo
3385 4220 3442 4267 et

1869 4316 2001 4354 cura
2032 4318 2355 4372 pauperum.
2406 4303 2571 4373 Atqui
2602 4304 2692 4360 isti
2716 4320 2983 4375 pauperes
3009 4305 3228 4375 ipsinlet
3258 4318 3438 4366 erant.

1870 4392 1963 4461 qui
2003 4409 2070 4446 ex
2103 4392 2307 4449 Iudaeis
2345 4393 2695 4449 crediderant
2751 4398 2807 4450 in
2850 4394 3155 4459 Christum,
3201 4412 3436 4466 quorum

1870 4485 2066 4539 domus
2094 4486 2368 4554 direptaaa
2399 4487 2803 4542 contribulibus
2839 4486 3058 4541 fuerant
3097 4506 3111 4542 :
3154 4487 3247 4542 isti
3288 4496 3434 4552 sunt,

194 4561 271 4611 τοί
294 4564 433 4614 εἰσιν
460 4558 541 4626 οἷς
577 4566 837 4637 ἔγραφεν,
871 4572 979 4624 Καὶ
1028 4572 1142 4639 τὴν
1178 4573 1456 4643 ἁρπαγὴν
1505 4577 1621 4632 τῶν
1651 4583 1758 4634 ὑπ’·
1793 4592 1838 4647 ι)

1793 4592 1838 4647 ι)
1868 4578 2116 4646 inquam,
2173 4577 2237 4630 ad
2274 4591 2413 4646 quos
2445 4577 2757 4631 scribebat:
2792 4575 2861 4629 Et
2890 4578 3132 4643 rapinam
3185 4575 3436 4629 bonorum

194 4654 501 4717 (ιρχόντων
524 4656 693 4723 ἡμῶν
708 4660 858 4726 μετὰ
880 4660 1068 4730 χαρᾶς
1105 4668 1554 4732 προσεδέξασθε

272 4761 290 4791 ι
332 4745 458 4796 Ὅτε
495 4746 550 4798 δὲ
578 4743 709 4818 ἦλθε
738 4752 934 4833 Κῃφᾶς
954 4756 1032 4818 εἰς
1062 4756 1409 4828 Ἀντιόχειαν,
1430 4764 1568 4816 κατὰ
1595 4767 1765 4836 πρόσ-

200 4852 345 4887 ωπον
362 4836 509 4906 αὐτῷ
538 4839 822 4911 ἀντέστην.
859 4864 877 4892 ι

282 4928 365 4978 Ἐν
405 4930 801 5002 Ἱεροσολύμοις
858 4938 1120 5009 ὑπάρχων
1163 4942 1191 4993 ὁ
1231 4945 1438 5017 Πέτρος
1465 4984 1479 5005 ,
1525 4962 1764 5012 συγκατ-

203 5016 378 5071 έϐαινε
408 5020 486 5090 τῷ
522 5023 862 5097 Ἰουδαϊσμῷ,
918 5032 991 5100 μὴ
1026 5034 1253 5087 κωλύων
1303 5039 1402 5105 τὴν
1459 5039 1762 5108 περιτομὴν

200 5110 351 5177 τέως,
387 5117 523 5184 μήτε
554 5119 621 5170 τὰ
672 5120 945 5176 Σάϐϐατα.
995 5127 1285 5181 Κατελθὼν
1316 5130 1371 5181 δὲ
1401 5132 1481 5192 εἰς
1506 5131 1604 5200 τὴν
1641 5132 1757 5182 Ἀν-

200 5203 450 5273 τιόχειαν,
502 5208 812 5280 ἀδιαφόρως
863 5216 1116 5284 συνήσθιε
1169 5222 1280 5281 τοῖς
1318 5219 1673 5273 πιστεύσασιν
1706 5220 1764 5285 ἐξ

202 5294 363 5349 ἐθνῶν
393 5300 474 5360 είς
496 5300 588 5352 τὸν
618 5302 843 5372 Κύριον.
888 5302 1018 5359 Εἶτα
1051 5310 1417 5364 κατελθόντων
1459 5312 1620 5364 τινῶν
1658 5312 1766 5364 ἀπὸ

214 5382 615 5457 Ἰεροσολύμων,
686 5393 926 5465 ἐφοϐήθη
986 5399 1336 5454 σκανδαλίσαι
1387 5403 1616 5464 αὐτοὺς,
1671 5403 1764 5453 καὶ

203 5477 458 5548 ἐχώρισεν
498 5482 690 5535 ἑαυτὸν
747 5486 841 5539 ἀπ’
889 5490 1144 5554 ἐκείνων,
1208 5493 1325 5562 μεθ’
1362 5489 1437 5547 ὧν
1477 5494 1763 5564 συδιῃτᾶτο

271 5629 309 5656 ¹⁸
345 5631 384 5685 ΙΙ
411 5632 541 5689 Cor.
577 5651 634 5701 v,
667 5638 731 5692 17
825 5643 870 5673 ³⁸
893 5642 1029 5698 ibid.
1112 5646 1159 5677 ³⁷
1190 5645 1365 5703 Galat.
1395 5664 1449 5713 v,
1483 5647 1533 5699 1.

1866 4676 2155 4721 vestrorum
2187 4684 2305 4721 cum
2338 4670 2536 4737 gaudio
2566 4669 2866 4736 suscepistis
2893 4669 2959 4721 ³⁸.

1939 4757 2103 4812 Vens.
2148 4758 2235 4812 11.
2284 4777 2303 4807 σ
2337 4757 2472 4814 Cum
2519 4759 2969 4835 autem(venisset
2999 4756 3211 4828 Cephas
3241 4756 3434 4813 Antio.

1863 4850 2064 4914 cbiam,
2098 4851 2152 4903 in
2184 4849 2381 4906 faciem
2417 4852 2465 4906 ei
2501 4851 2695 4905 restiti.
2730 4870 2748 4903 ι

1935 4939 2164 5005 Quando
2218 4939 2412 4995 Petrus
2470 4939 2882 5012 'Hierosolymis
2918 4942 3431 5002 icommorabatur,

1863 5031 2146 5087 Judaismo
2184 5032 2288 5087 hoc
2322 5032 2657 5102 indulgebat,
2695 5041 2753 5087 ut
2790 5033 3267 5089 circumcisionem
3322 5047 3440 5087 non

1863 5127 2088 5179 omnino
2150 5126 2498 5195 prohiberet,
2564 5142 2745 5195 neque
2800 5126 3061 5182 Sabbata.
3116 5125 3253 5181 Cum
3303 5142 3436 5180 vero

1861 5217 2208 5272 Antiochiam
2260 5218 2523 5283 venisset,
2564 5218 3049 5274 indiscriminatim
3106 5218 3432 5273 convivabn-

1864 5318 1953 5365 tur
1975 5326 2101 5365 cum
2131 5311 2198 5365 iis
2229 5312 2322 5376 qui
2362 5326 2425 5364 ex
2465 5311 2724 5380 gentibus
2748 5310 3109 5365 credidissent
3154 5310 3210 5364 in
3251 5308 3435 5362 Domi—

1865 5419 2017 5459 num.
2096 5402 2299 5457 Deinde
2356 5417 2481 5456 cum
2549 5401 2683 5457 illuc
2751 5402 2971 5473 quidam
3038 5400 3432 5471 Hierosolymis

1870 5492 2303 5559 descendisseut,
2337 5492 2542 5549 veritus
2593 5508 2661 5549 ne
2710 5491 3136 5560 oll‘enderentur,
3192 5488 3439 5565 sejunxit

1614 5648 1661 5679 "
1688 5647 1852 5701 llebr.
1893 5663 1950 5711 χ,
1984 5645 2076 5699 54.

1471 5758 1703 5814 VARUS
1738 5757 2139 5815 LECTIONES.

282 5844 311 5887 ἵ
332 5838 491 5897 Forte
518 5837 577 5897 εὖ
603 5844 682 5903 δέ.
