4218 6448
767 398 868 464 ’187
1955 417 2014 474 S.
2054 414 2370 475 JOANNIS
2410 419 2834 481 DAMASCENI
3894 431 3999 493 788

766 525 826 562 se
856 510 922 562 ab
944 509 1051 564 illis
1086 512 1407 580 quibuscum
1441 524 1565 568 ante
1600 520 1935 572 versabatur.
1968 522 2165 575 Verum
2190 521 2330 575 l’uu-
2358 531 2401 583 Α

2358 531 2401 583 Α
2432 526 2644 597 πρώην.
2693 530 2856 583 Ἀλλὰ
2883 533 3150 604 πεποίηκέ
3181 551 3300 586 τινα
3328 535 3642 605 οἰκονομίαν
3671 537 3790 606 μετ’
3832 539 3998 592 αὐτοῦ

766 601 851 654 lus
885 601 1292 671 dispensatione
1335 607 1568 673 quadam
1625 624 1750 663 cum
1812 627 1877 665 eo
1933 628 2069 667 usus
2112 623 2215 678 est,
2272 625 2331 668 ut
2430 645 2432 659 ι

2430 620 2459 671 ὁ
2492 620 2720 685 Παῦλος,
2756 601 3081 693 ἔμπροσθεν⁷
3095 626 3315 679 πάντων
3347 601 3684 697 ἐπιτιμήσας
3706 628 3876 700 αὐτῷ,
3915 631 4001 683 διὰ

762 689 941 760 ipsum
968 707 1151 747 coram
1180 696 1433 750 omnibus
1481 699 1929 767 reprehenderet,
1959 703 2102 773 quod
2136 713 2328 773 gentes

761 792 980 853 cogeret
1026 783 1343 853 jutlaizare;
1390 789 1465 841 uti
1499 790 1763 860 magistro
1800 793 1914 848 base
1962 795 2241 861 audiente,
2272 805 2329 851 et

762 881 995 936 tacente.
1028 876 1150 947 ejus
1181 879 1562 948 objurgatione
1589 884 1662 936 illi
1692 884 2043 949 docerentur,
2066 886 2328 943 Judaicos

763 966 899 1020 ritus
929 982 1038 1022 non
1087 985 1207 1025 esse
1236 974 1555 1027 servandos.
1607 976 1803 1029 Totum
1835 992 2002 1047 porro
2047 980 2325 1048 negotium

760 1054 864 1108 boc
910 1072 1057 1111 mera
1109 1059 1447 1128 dispensatio
1513 1073 1650 1125 erat,
1708 1075 1940 1136 utroque
1994 1070 2326 1126 connivente

758 1155 982 1216 propter
1030 1150 1426 1220 discipulorum
1489 1155 1804 1212 utilitatem.
1858 1160 2152 1226 Quocirca,
2212 1164 2328 1218 sive

754 1234 976 1291 Petrum
1029 1240 1320 1296 simulasse
1350 1241 1517 1307 dicat.
1553 1245 1669 1300 sive
1701 1263 1806 1302 non
1839 1259 1989 1306 recte
2032 1253 2326 1309 incessisse

755 1327 822 1380 ad
854 1328 1157 1392 veritatem.
1216 1334 1543 1389 necessariae
1588 1334 1986 1407 dispensationi
2028 1357 2193 1398 voces
2226 1344 2325 1399 bas

749 1417 905 1486 juvat
934 1420 1229 1475 ascribere.

736 1570 739 1571 ν
832 1527 853 1560 ι
894 1509 1030 1575 Quia
1064 1512 1513 1581 reprehensibilis
1559 1529 1697 1573 erat.
1747 1520 1937 1592 [νειε.
1984 1524 2098 1597 12.]
2162 1525 2323 1583 Prius

749 1603 894 1655 enim
922 1617 1086 1670 quam
1117 1606 1367 1662 venirent
1395 1610 1614 1678 quidam
1646 1627 1677 1666 a
1720 1613 1945 1679 Jacobo.
1986 1634 2110 1673 cum
2142 1623 2324 1688 genti-

750 1693 853 1747 bus
880 1692 1120 1749 edebat:
1154 1712 1280 1751 cum
1319 1707 1502 1756 autem
1550 1705 1850 1773 venissent,
1884 1709 2242 1765 subtrahebat
2270 1722 2323 1767 et

750 1787 1066 1855 segregabat
1099 1802 1176 1842 se.
1206 1807 1226 1842 ι

822 1874 1019 1946 Utique
1081 1879 1148 1932 ab
1209 1879 1321 1935 illis
1395 1883 1488 1952 qui
1561 1884 1954 1956 Hierosolymis
2021 1863 2395 1944 descende-3

750 1976 893 2019 rant.

824 2076 844 2108 ι
881 2056 1103 2115 Timens
1133 2075 1230 2116 eos
1251 2063 1344 2131 qui
1375 2079 1439 2115 ex
1472 2063 1894 2123 circumcisione
1916 2077 2090 2124 erant.
2125 2088 2144 2122 ι

816 2147 1086 2205 Nimirum
1138 2167 1206 2205 ne
1255 2153 1522 2221 praeberet
1575 2157 1658 2210 eis
1715 2157 2145 2226 oﬂ'eudiculum;
2208 2175 2317 2214 non

750 2249 926 2293 autem
962 2256 1030 2295 ne
1062 2243 1192 2309 quid
1222 2246 1291 2299 ab
1317 2246 1451 2315 ipsis
1488 2255 1760 2315 pateretur
1791 2250 1940 2304 mali.

819 2330 983 2387 Vens.
1033 2333 1119 2388 15.
1185 2354 1203 2386 ι
1254 2336 1318 2391 Ει
1353 2338 1687 2393 simulationi
1743 2341 1863 2407 ejus
1918 2357 2316 2400 consenserunt

748 2423 930 2475 caeteri
965 2419 1175 2490 Juda-i;
1216 2425 1289 2479 ita
1328 2438 1385 2478 ut
1417 2425 1700 2482 Barnabas
1744 2428 2038 2485 duceretur
2083 2448 2208 2487 cum
2236 2436 2318 2488 eis

749 2513 801 2565 in
830 2513 977 2566 illam
1003 2516 1427 2571 simulationem.
1463 2537 1482 2569 ι

817 2604 1223 2660 Simulationem
1256 2596 1536 2671 'noniinat.
1589 2611 2025 2667 observationem
2071 2615 2224 2684 legis,
2256 2624 2315 2669 ut

745 2698 942 2752 doceat
967 2699 1090 2754 illos
1127 2700 1195 2753 ab
1231 2715 1292 2753 ea
1323 2702 1601 2756 secedere.

818 2785 985 2842 Vens.
1015 2790 1103 2843 Η.
1145 2809 1162 2840 ι
1200 2791 1305 2844 Sed
1341 2808 1464 2844 cum
1506 2792 1764 2846 vidissem
1813 2795 1958 2863 quod
2010 2812 2119 2849 non
2169 2806 2314 2851 recte

747 2882 1091 2936 ambularent
1146 2884 1214 2937 ad
1270 2887 1547 2942 veritatem
1614 2888 1930 2959 Evangelii,
1990 2890 2099 2943 dixi
2154 2891 2314 2944 Petro

745 2984 930 3025 coram
959 2973 1230 3028 omnibus.
1255 2994 1273 3027 ι

817 3062 929 3118 lloc
962 3073 1065 3129 est,
1090 3067 1237 3135 quod
1271 3083 1379 3122 non
1411 3083 1476 3123 ex
1506 3077 1622 3121 toto
1649 3069 1904 3123 traditam
1941 3071 2109 3139 legem
2148 3072 2310 3124 omit-

2430 711 2491 763 τὸ
2517 712 2850 781 ἀναγκάζειν
2883 715 3191 781 ’ἰουδαΐζειν
3209 717 3277 770 τά
3304 715 3455 787 ἔθνη,
3476 718 3626 781 ὅπως
3643 717 3710 772 ἀν
3732 720 3827 773 τοῦ
3852 721 4001 774 διδαο

2432 803 2632 856 σκάλου
2662 804 2835 859 ταῦτα
2867 807 3157 872 ἀκούοντος
3184 810 3280 862 καὶ
3312 809 3645 874 σιωπῶντος,
3693 812 3891 864 ἐκεῖνοι
3913 812 4001 866 διὰ

2429 892 2529 960 τῆς
2554 894 2924 965 ἐπιτιμήσεως
2952 897 3120 951 αὐτοῦ
3144 898 3240 952 τοῦ
3271 898 3596 953 διδασκάλου
3642 900 3889 969 μάθωσιν
3923 901 4003 965 ὡς

2427 983 2487 1033 οὐ
2530 982 2613 1036 δεῖ
2659 986 2952 1053 φυλάττειν
2989 988 3058 1042 τὰ
3092 988 3359 1042 Ἰουδαϊκὰ
3405 988 3526 1061 ἔθη.
3574 990 3874 1059 Οἰκονομία
3941 989 4001 1043 δὲ

2427 1073 2548 1126 ὅλον
2586 1074 2649 1127 τὸ
2687 1078 2922 1148 πρᾶγμα
2976 1072 3077 1148 ἦν,
3110 1079 3175 1131 ἐκ
3210 1078 3483 1143 συνέσεως
3539 1080 3867 1151 ἀμφοτέρων
3912 1080 4001 1132 διὰ

2426 1164 2525 1235 τὴν
2545 1165 2816 1233 ὠφέλειαν
2849 1167 2961 1221 τῶν
2995 1168 3275 1238 μαθητῶν,
3300 1169 3445 1223 ὥστε
3475 1169 3580 1224 κάν
3608 1168 3999 1241 ὑποκρίνεσθαι

2427 1254 2561 1327 λέγῃ
2584 1256 2675 1309 τὸν
2705 1259 2933 1329 Πέτρον,
2956 1259 3063 1313 κᾶν
3087 1262 3161 1331 μὴ
3182 1261 3497 1332 δρθοποδεῖν
3521 1261 3659 1333 πρὸς
3674 1262 3996 1331 ὼφέλειανιυ

2425 1346 2490 1413 τῇ
2508 1346 2788 1416 οἰκονομίᾳ
2813 1347 2913 1416 τῆς
2942 1349 3153 1417 χρείας,
3182 1349 3283 1413 τάς
3311 1351 3498 1419 φωνὰς
3521 1350 3891 1419 λογισώμεθα.

2504 1539 2521 1569 ι
2562 1518 2688 1575 Ὀτι
2741 1525 3191 1595 κατεγνωσμένος
3232 1521 3320 1597 ἦν.
3356 1527 3470 1597 Πρὸ
3519 1525 3615 1579 τοῦ
3651 1526 3765 1598 γὰρ
3818 1525 3997 1578 ἐλθεῖν

2423 1626 2577 1673 τινας
2605 1611 2716 1664 ἀπὸ
2749 1612 3034 1679 Ἰακὼὁου,
3087 1617 3227 1686 μετὰ
3278 1617 3388 1671 τῶν
3419 1617 3646 1671 ἐθνικῶν
3686 1616 3992 1687 συνήσθιεν·

2421 1703 2510 1756 ὅτε
2536 1703 2595 1757 δὲ
2611 1700 2795 1774 ἦλθον,
2824 1707 3137 1771 ὑπέστελλε.
3166 1710 3261 1763 καὶ
3283 1710 3558 1779 ἀφώριζεν
3583 1709 3792 1764 ἑαυτόν.
3827 1728 3846 1759 ι

2504 1879 2640 1933 Ὑπὸ
2696 1881 2805 1934 τῶν
2852 1884 3222 1947 κατελθόντων
3263 1887 3504 1957 δηλονότι
3543 1889 3654 1941 ἀπὸ
3692 1887 3988 1959 Ἱεροσολύ-

2423 1989 2561 2042 μων.

2496 2080 2515 2113 ι
2546 2063 2885 2135 Φοὸούμενος
2917 2068 3043 2129 τοὺς
3063 2068 3126 2120 ἐκ
3158 2073 3480 2140 περιτομῆς.
3508 2090 3527 2122 ι

2489 2151 2579 2222 Μὴ
2608 2154 2933 2228 σκανδαλίσῃ
2965 2157 3183 2223 αὐτοὺς,
3214 2158 3478 2228 δηλονότι,
3510 2159 3585 2229 μή
3620 2177 3672 2211 τι
3882 2158 3988 2212 δειο

2418 2243 2507 2297 νὺν
2529 2248 2660 2314 παρ’
2687 2246 2883 2298 αὐτῶν.

2494 2356 2511 2386 ι
2555 2338 2665 2390 Καὶ
2726 2339 3206 2410 συνυπεκρίθησαν
3265 2337 3415 2408 αὐτῷ
3450 2340 3543 2392 καλ⁵
3571 2340 3621 2392 οἱ
3645 2340 3824 2392 λοιποὶ
3856 2340 3981 2392 ’1ου-

2414 2429 2571 2490 δαῖοι,
2622 2428 2761 2483 ὥστε
2802 2433 2894 2485 καὶ
2943 2433 3195 2501 Βαρνάϐα
3249 2433 3645 2502 συναναχθῆναι
3694 2432 3872 2485 αὐτῶν
3915 2434 3978 2502 τῇ

2416 2520 2722 2588 ὑποκρίσει.
2758 2541 2775 2571 ι

2497 2614 2862 2680 ’Υπόκρισ1ν,
2898 2615 2996 2685 τὴν
3039 2615 3285 2685 φυλακὴν
3317 2614 3408 2669 τοῦ
3440 2616 3603 2685 νόμου
3629 2615 3802 2677 καλεῖ,
3835 2614 3978 2668 διδάσ

2416 2720 2560 2756 σκων
2591 2704 2791 2772 ταύτης
2817 2706 3163 2774 χωρίζεσθαι.

2490 2813 2507 2843 ι
2557 2794 2697 2846 Ἀλλ’
2733 2795 2820 2847 ὅτε
2852 2791 3011 2860 εἶδον,
3054 2798 3137 2849 ὅτι
3170 2798 3271 2848 οὐκ
3316 2796 3665 2866 ὀρθοποδοῦσι
3699 2798 3837 2867 πρὸς
3879 2796 3977 2866 τὴν

2412 2885 2672 2954 ἀλήθειαν
2700 2885 2793 2938 τοῦ
2820 2886 3177 2955 Εὑαγγελίου,
3193 2884 3347 2939 εἷπον
3362 2886 3439 2956 τῷ
3460 2888 3649 2958 Πέτρῳ
3670 2887 3976 2958 ἔμπροσθεν

2413 2976 2653 3030 πάντων.
2694 2996 2712 3027 ι

2487 3066 2769 3127 Τουτέστι,
2804 3066 3084 3129 παντελῶς
3116 3069 3178 3119 οὐ
3219 3067 3490 3121 παύεσθαι
3524 3066 3624 3136 τῆς
3658 3066 3754 3120 τοῦ
3810 3067 3974 3138 νόμον

743 3165 942 3213 tereut.
973 3156 1149 3214 Voces
1177 3169 1378 3225 autem,
1406 3169 1466 3213 ut
1500 3160 1662 3214 modo
1690 3161 2032 3221 dicebamus.
2074 3160 2143 3214 ila
2178 3177 2308 3215 cun-
2336 3193 2378 3251 ε

2336 3193 2378 3251 c
2414 3158 2786 3227 παραδόσεως.
2824 3158 2913 3221 Ὡς
2941 3158 2997 3211 δὲ
3031 3157 3258 3228 εἴπομεν
3305 3159 3427 3229 ἤδη,
3452 3161 3517 3228 τῇ
3554 3158 3716 3230 χρεία
3767 3158 3872 3227 τῆς
3897 3159 3974 3251 ol-

745 3249 962 3314 format,
988 3263 1149 3320 prout
1172 3251 1509 3320 dispensatio
1532 3251 1862 3320 postulabat.
1886 3250 2082 3305 Totum
2110 3252 2308 3321 quippe
2352 3249 2366 3251 ἡ
2410 3272 2411 3275 ‘

2307 3281 2308 3299 ξ
2352 3249 2366 3251 ἡ
2410 3249 2670 3319 κονομίας
2702 3249 2928 3303 πλάττει
2951 3249 3048 3312 τὰς
3079 3249 3261 3318 φωνάς
3286 3266 3300 3281 ’
3332 3249 3613 3319 οἰκονομία
3632 3249 3741 3321 γὰρ
3771 3250 3893 3303 ὅλον
3915 3250 3973 3303 τὺ

745 3342 1155 3410 dispensatione
1194 3343 1523 3411 gerebatur,
1571 3358 1692 3395 cum
1749 3343 2061 3414 objurgatio
2116 3342 2304 3403 Pauli.

743 3444 857 3485 tum
890 3434 1164 3488 silentium
1190 3442 1244 3487 et
1269 3449 1533 3489 assensus
1566 3433 1735 3489 Petri.
1768 3433 1945 3488 Unum
1970 3436 2113 3488 enim
2147 3437 2308 3488 ambo

740 3526 1077 3593 quaerebant,
1117 3534 1176 3579 nt
1215 3525 1418 3582 Christi
1465 3526 1651 3581 lideles
1693 3525 1762 3581 ab
1813 3526 2149 3582 observanda
2193 3527 2307 3596 lege

741 3618 1162 3673 deterrerentur.
1332 3602 1337 3607 ’

817 3726 836 3760 ι
869 3708 927 3764 Si
969 3717 1027 3764 ιιι
1053 3709 1270 3766 ειιιώιιιιε
1297 3727 1419 3766 cum
1451 3713 1552 3775 sis,
1596 3712 1870 3780 gentiliter
1910 3712 2071 3775 vivis.
2102 3721 2156 3768 et
2195 3729 2301 3767 non

739 3799 981 3864 Judaice,
1016 3821 1037 3854 ι

813 3893 868 3946 Id
904 3902 1009 3959 est,
1037 3894 1357 3949 observator
1390 3911 1499 3950 non
1534 3911 1598 3950 es
1627 3897 1782 3964 legis,
1820 3897 1914 3950 sed
1947 3898 2302 3963 qnemadum.

739 3987 868 4037 dum
900 3984 978 4037 illi
1008 3986 1098 4052 qui
1136 3986 1484 4039 crediderunt
1512 4002 1575 4039 ex
1612 3987 1890 4054 gentibus,
1949 4001 2047 4040 nec
2082 3988 2302 4041 Mome-

736 4076 882 4137 nias,
916 4089 1016 4127 nec
1048 4073 1287 4128 Sabbata
1316 4073 1559 4128 custodis
1593 4074 1848 4142 :unplius.

813 4185 833 4217 ι
866 4164 1149 4229 Quomodo
1181 4180 1312 4235 ergo
1336 4175 1522 4235 gentes
1557 4165 1707 4233 cogis
1729 4165 2027 4233 judaizare.
2068 4183 2086 4215 ι

812 4253 969 4325 162
1003 4254 1165 4322 Atqui
1190 4269 1252 4307 ex
1278 4253 1380 4308 huc
1407 4268 1623 4323 quoque
1651 4254 1827 4321 capite
1861 4254 2059 4322 negotii
2082 4254 2301 4322 dispen-

740 4344 880 4396 satio
918 4343 1281 4411 pcruoscitnr.
1311 4340 1444 4395 Nam
1478 4343 1730 4411 quamvis
1762 4342 1959 4397 Petrus
1999 4358 2177 4412 neque
2209 4359 2302 4397 co-

741 4435 967 4500 egisset,
996 4449 1173 4503 neque
1201 4433 1469 4488 suasisset
1495 4434 1560 4487 ad
1583 4431 1839 4489 Judaicos
1875 4449 2055 4489 mores
2073 4450 2300 4504 sequen-

2409 3342 2695 3413 γινόμενον
2739 3339 2829 3414 ἦν,
2878 3340 3339 3410 καὶὴέπίπληξις
3385 3339 3481 3393 τοῦ
3522 3341 3772 3419 Παύλου,
3819 3342 3970 3411 καὶὴ

2409 3435 2588 3506 σιωπὴ
2615 3435 2710 3488 καὶ
2749 3433 3150 3503 συγκατάθεσις
3172 3432 3267 3486 τοῦ
3300 3431 3529 3503 Πέτρου.
3558 3433 3653 3485 Ἐν
3683 3433 3793 3503 γὰρ
3845 3433 3970 3504 ἐζή-

2405 3543 2533 3577 τουν
2555 3526 2876 3594 ἀμφότεροι,
2901 3523 2960 3575 τὸ
2988 3521 3194 3575 παῦσαι
3213 3522 3338 3584 τοὺς
3361 3520 3720 3583 πιστεύοντας
3741 3522 3821 3584 εἰς
3839 3520 3972 3591 Χρι-

2407 3619 2532 3671 στὸν
2560 3617 2655 3670 τοῦ
2691 3619 2783 3669 τὸν
2813 3616 2976 3686 νόμον
3004 3617 3304 3685 ἐπιτηρεῖν.

2485 3729 2503 3760 ι
2535 3711 2598 3762 Εἰ
2627 3711 2692 3763 σὺ
2735 3708 2986 3771 Ἰουδαῖος
3011 3707 3276 3778 ὑπάρχων
3305 3704 3535 3768 ἐθνικῶς
3560 3705 3680 3775 ζῇς,
3714 3702 3813 3757 καὶ
3853 3703 3970 3773 οὐχὶ

2417 3801 2740 3863 Ἰουδαϊκῶς.
2768 3820 2784 3852 ι

2476 3894 2789 3952 Τουτέστιν,
2824 3891 2899 3945 Οὐ
2934 3892 3121 3959 τηρεῖς
3169 3889 3268 3958 τὴν
3324 3886 3418 3940 τοῦ
3473 3886 3637 3956 νόμου
3699 3883 3964 3953 φυλακὴν,

2404 3982 2518 4037 ἀλλ’
2540 3983 2728 4051 ῶσπερ
2756 3982 2806 4035 οἰ
2833 3980 3221 4042 πιστεύσαντες
3264 3978 3375 4031 τῶν
3439 3976 3630 4039 ἐθνῶν,
3682 3973 3807 4029 οὔτε
3830 3975 3967 4028 Nou-

2405 4073 2622 4144 μηνίας,
2654 4072 2778 4126 οὔτε
2812 4070 3068 4125 Σάϐϐατα
3089 4069 3376 4137 φυλάττεις
3398 4067 3498 4121 ἔτι.

2476 4181 2495 4211 ι
2537 4162 2659 4222 Πῶς
2681 4160 2751 4212 τὰ
2783 4158 2912 4229 ἐθνη
2936 4157 3268 4226 ἀναγκάζεις
3291 4156 3642 4221 ’1ουδαῖζειν;
3666 4174 3686 4206 ι

2471 4252 2581 4306 Καὶ
2608 4253 2673 4306 ἐκ
2700 4251 2888 4304 τούτου
2916 4251 2948 4320 ἠ
2972 4249 3256 4319 οἰκονομία
3277 4248 3373 4302 τοῦ
3410 4250 3732 4318 πράγματος
3752 4247 3965 4300 δείκνυ·

2400 4361 2512 4396 ται.
2552 4343 2743 4395 Καίτοι
2762 4360 2823 4410 γε
2862 4342 2936 4412 μὴ
2985 4341 3386 4409 ἀναγκάζοντος
3425 4340 3612 4403 αὑτοῦ,
3663 4341 3800 4409 μήτε
3847 4338 3963 4391 πεί-

2401 4434 2582 4494 θοντος
2627 4433 2933 4495 ’ἰουδαΐζειν
2979 4431 3051 4483 τὰ
3083 4430 3231 4499 ἔθνη,
3279 4429 3439 4482 τοῦτό
3490 4446 3653 4497 φησιν
3682 4429 3712 4480 ὁ
3759 4427 3964 4491 Παῦλος

738 4522 860 4582 dos,
889 4522 990 4575 hoc
1028 4529 1209 4576 tamen
1250 4520 1451 4576 Paulus
1489 4522 1559 4575 ab
1587 4521 1704 4590 ipso
1741 4520 1941 4575 factum
1982 4524 2148 4586 dixit,
2189 4539 2297 4592 quo
2332 4519 2404 4571 D'

2332 4519 2377 4571 D
2402 4526 2596 4585 ποιεῖν,
2628 4522 2715 4574 ἴνα
2772 4522 3084 4591 εὐάφορμος
3143 4519 3291 4587 αὐτῷ
3318 4518 3392 4580 ὡς
3423 4518 3561 4587 ὑπὲρ
3592 4518 3741 4570 ἰδίων
3782 4518 3963 4587 μαθη-

741 4613 958 4666 l’etrmn
986 4612 1327 4681 objurgando
1364 4613 1705 4667 occasionem
1737 4613 1961 4666 haberet
2005 4613 2303 4684 discipulos
2400 4633 2407 4649 ·

2296 4634 2303 4669 ι
2400 4615 2507 4667 τῶν
2532 4616 2565 4684 ἡ
2609 4613 2743 4682 πρὸς
2794 4613 2884 4665 τὸν
2919 4613 3122 4681 Ιιέτρον
3161 4610 3478 4680 ἐπιτίμησις
3527 4608 3746 4677 εὑρεθῇ.
3786 4608 3962 4675 Asiaq-

740 4701 1049 4756 erudiendi.
1105 4700 1257 4759 Clam
1302 4718 1434 4758 vero
1480 4703 1733 4757 universa
1766 4704 1935 4759 haece
1987 4711 2305 4763 narratione
2402 4712 2406 4751 ι

2297 4727 2305 4761 ι
2402 4706 2570 4768 θότως
2596 4704 2652 4757 δὲ
2682 4705 2768 4757 διὰ
2798 4704 2997 4766 παντὸς
3021 4703 3114 4756 τοῦ
3159 4702 3517 4773 διηγήματος.
3568 4700 3812 4755 παιδεύει
3856 4700 3963 4753 Γα-

740 4794 963 4848 Galatas
1005 4802 1210 4857 monet,
1263 4802 1324 4848 ιιι
1366 4795 1760 4864 increpationis
1816 4811 1930 4852 sua:
1977 4798 2301 4866 gravitatem
2399 4796 2406 4848 ἰ

2296 4819 2301 4851 l
2399 4796 2567 4858 Mra;
2596 4795 2657 4847 τὸ
2700 4794 2839 4864 βαρὺ
2886 4795 2983 4861 τῆς
3028 4789 3369 4861 ἐπιπλήξεως
3412 4790 3608 4861 ῥᾳδίως
3667 4789 3872 4860 φέρειν.
3896 4789 3962 4842 Εἰ

737 4898 895 4950 :eqno
925 4884 1106 4937 animo
1145 4882 1398 4936 tolerent.
1434 4881 1571 4937 Nam
1606 4884 1655 4939 si
1708 4882 1935 4948 Petrus,
1985 4902 2052 4940 ex
2098 4884 2302 4942 Iudaeis
2398 4906 2403 4916 ί

2297 4906 2302 4938 ι
2398 4887 2505 4956 γὰρ
2535 4885 2865 4956 ὁῐῐέτροςέξ
2905 4884 3172 4939 Ἰουδαίων
3204 4886 3300 4945 ῶν,
3360 4884 3454 4937 καὶ
3493 4882 3805 4947 Ἰουδαΐζειν
3842 4882 3963 4936 πεί-

736 4990 861 5029 cum
893 4982 1061 5036 esset.
1110 4974 1556 5044 permitteretqae
1588 4975 1893 5043 judaizare,
1941 4977 2305 5044 reprehensus

2297 4996 2305 5033 ἱ
2402 4980 2509 5033 θων
2566 4978 2893 5048 ἐπετιμήθη,
2942 4979 3035 5030 καὶ
3075 4978 3307 5047 ἧνεγκεν
3353 4979 3452 5046 τὴν
3500 4977 3841 5044 ἐπιτίμησιν,
3884 4974 3963 5035 ὡς

738 5066 876 5130 fuit,
943 5068 1533 5136 reprehensionemque
1576 5068 1816 5122 “admisit
1870 5077 2130 5138 tauquam
2199 5070 2302 5122 rite
2400 5086 2404 5118 τ

2296 5089 2302 5121 ι
2400 5068 2580 5131 καλῶς
2629 5068 2940 5138 γινομένην,
3002 5067 3179 5137 πολλῷ
3234 5066 3393 5120 πλέον
3430 5066 3667 5120 Γαλάται
3695 5065 3757 5130 ἐξ
3789 5065 3962 5118 ἐθνῶν

737 5155 973 5219 factum;
1005 5140 1176 5207 multo
1199 5155 1372 5224 magis
1399 5154 1626 5220 Galatze,
1658 5156 1774 5225 qui,
1804 5156 1929 5211 licet
1957 5166 2141 5211 essent
2164 5174 2296 5226 gen-
2395 5159 2403 5209 l

2288 5188 2296 5199 -
2395 5159 2565 5222 ὄντες.
2601 5162 2693 5212 καὶ
2716 5159 3106 5222 πιστεύσαντες
3131 5161 3211 5215 εἰς
3232 5159 3465 5228 Χριστὸν
3483 5201 3497 5221 ,
3520 5161 3616 5211 καὶ
3644 5158 3806 5211 πάλιν
3829 5159 3954 5211 ὐπο-

734 5244 883 5306 tiles,
924 5251 979 5296 et
1014 5241 1379 5297 credidissent
1403 5244 1455 5297 in
1483 5244 1787 5307 Christum,
1806 5246 1941 5315 jugo
1961 5254 2139 5299 tamen
2162 5246 2301 5313 legis
2396 5256 2400 5293 ε

2293 5264 2301 5298 ι
2396 5247 2577 5312 θέντες
2606 5251 2833 5311 ἑαυτοὺς
2851 5253 2917 5320 τῇ
2946 5249 3157 5318 δουλείᾳ
3174 5248 3270 5301 τοῦ
3290 5249 3478 5319 νόμου,
3503 5249 3959 5320 επιπληττόμενοι

733 5349 855 5388 sese
900 5349 1118 5388 rursum
1157 5335 1624 5404 mancipavcrant,
1660 5337 2091 5407 objurgationem
2126 5337 2299 5406 ipsius
2393 5348 2399 5393 l

1757 5338 2091 5407 urgationem
2126 5337 2299 5406 ipsius
2393 5343 2640 5413 δέχεσθαι
2678 5342 2950 5410 ὀφείλουσι
2977 5343 3075 5411 τὴν
3106 5339 3415 5411 ἐπίπληξιν.

732 5426 1004 5482 debebant
1029 5426 1190 5479 l'crre.
1649 5492 1654 5501 ι
2874 5484 2879 5487 ,

804 5514 975 5573 Vens.
1004 5518 1091 5580 15,
1119 5518 1204 5571 t6.
1245 5536 1263 5569 ι
1294 5517 1402 5575 Nos
1430 5528 1626 5574 natura
1649 5518 1841 5587 Judaei,
1870 5532 1921 5577 et
1943 5536 2049 5575 non
2068 5538 2132 5575 ex
2159 5536 2290 5589 gen-

2286 5552 2290 5560 .
2474 5536 2493 5567 ι
2541 5514 2729 5586 Ἡμεῖς
2750 5517 2907 5585 φύσει
2949 5515 3216 5580 Ἰουδαῖοι,
3245 5515 3339 5569 καὶ
3362 5515 3463 5569 οὐκ
3490 5513 3549 5579 ἐξ
3575 5514 3746 5569 ἐθνῶν
3775 5515 3952 5587 ἀμαρ-

2021 5698 2252 5756 νΑΒΙᾹΞ
2297 5697 2699 5757 LECTIONES.

799 5793 818 5819 ³
841 5782 988 5855 Lego
1009 5784 1289 5856 ἀλήθειαν.
