4218 6448
214 402 317 465 7S9

1384 408 1460 466 IN
1501 407 1736 466 EPIST.
1775 407 1873 465 AD
1910 407 2266 466 GALATAS.

3335 404 3442 467 790

208 516 391 567 τωλοί.
418 515 629 577 Είδότες
658 518 736 569 ὅτι
761 518 821 569 ού
852 518 1158 571 δικαιοῦται
1190 520 1475 590 ἅνθρωπος
1504 521 1563 584 ἐξ
1596 521 1770 590 ἔργων
1799 523 1848 580 Α

1769 523 1848 580 ιΑ
1876 520 2023 573 tibus
2057 530 2396 589 peccatores.
2450 520 2697 574 Scientes
2753 517 2900 588 quod
2944 532 3052 572 non
3101 516 3435 586 justiﬁeatur

211 609 411 674 νόμου,
462 607 558 659 ἐὰν
593 608 668 676 μὴ
716 608 802 660 διὰ
863 610 1097 673 πίστεως
1133 611 1309 682 Ἰησοῦ
1358 614 1629 681 Χριστου,
1680 614 1772 665 καὶ

208 701 370 768 ἡμεῖς
419 702 500 762 είς
552 700 786 770 Χριστὸν
834 701 1039 769 Ἰησοῦν
1100 704 1523 773 ἐπιστεύσαμεν,
1583 705 1667 757 ἵνα
1690 705 1771 756 δι-

208 790 539 860 καιωθῶμεν
568 793 633 843 ἐκ
664 792 896 854 πίστεως
929 794 1165 860 Χριστοῦ
1185 838 1200 858 ,
1234 796 1327 848 καὶ
1375 797 1473 849 οὐκ
1505 794 1565 860 ἐξ
1594 797 1771 867 ἔργων

208 881 399 948 νόμου,
439 881 573 933 δίοτι
601 880 660 945 ἐξ
679 880 854 952 ἔργων
885 882 1047 951 νόμου
1071 885 1130 935 οὐ
1163 885 1587 955 δικαιωθήσεται
1622 887 1772 939 πᾶσα

209 974 242 1039 ἠ
275 971 433 1041 σάρξ.
465 991 483 1023 ι

279 1063 714 1127 Κατασκευάσας
743 1066 808 1118 ἐκ
842 1065 949 1119 τῶν
1007 1066 1134 1135 περὶ
1181 1068 1386 1138 Πέτρον
1422 1069 1484 1122 τὸ
1536 1072 1611 1141 μὴ
1663 1074 1774 1125 δεῖν

212 1154 656 1223 περιτέμνεσθαι,
690 1156 1123 1228 καθολικώτερον
1148 1159 1306 1212 τοῦτο
1348 1166 1770 1229 κατασκευάζει.

216 1245 273 1295 Εἰ
309 1245 417 1314 γὰρ
461 1248 509 1298 οἱ
562 1248 627 1299 ἐκ
674 1248 863 1311 παιδὸς
907 1250 1169 1314 Ἰουδαῖοι,
1207 1254 1299 1304 καὶ
1332 1255 1393 1306 οὗ
1422 1257 1772 1326 προσήλυτοι,

212 1332 325 1383 ἀλλ’
356 1334 712 1404 ἐντραφέντες
736 1336 815 1404 τῷ
842 1338 1011 1407 νόμῳ,
1046 1338 1145 1407 τὴν
1167 1341 1449 1395 ἀσθένειαν
1474 1345 1776 1415 ἑωρακότες

214 1426 306 1476 τοῦ
346 1426 512 1494 νόμου
544 1430 623 1489 εἰς
659 1428 720 1480 τὸ
750 1429 1038 1483 δικαιῶσαι
1072 1434 1161 1484 τὸν
1204 1434 1511 1504 ἄνθρωπον,
1548 1441 1627 1502 εἰς
1678 1441 1776 1509 τὴν

210 1515 297 1566 διὰ
323 1516 562 1579 πίστεως
621 1519 960 1590 μετέστησαν
991 1522 1171 1593 χάριν,
1210 1526 1361 1594 πόσῳ
1411 1527 1609 1595 μᾶλλον
1640 1531 1687 1581 οἱ
1719 1532 1777 1594 ἐξ

212 1608 387 1675 ἀρχῆς
414 1607 491 1676 μὴ
518 1608 667 1671 ὄντες
689 1609 785 1663 τοῦ
818 1613 1007 1681 νόμου,
1034 1614 1148 1665 ἀλλ’
1175 1618 1238 1667 ἐκ
1262 1616 1369 1668 τῶν
1410 1618 1598 1682 ἐθνῶν,
1657 1616 1776 1673 εἶτα

215 1697 599 1761 πιστεύσαντες
635 1702 715 1763 είς
747 1702 1001 1771 Χριστὸν,
1032 1705 1130 1756 οὐκ
1150 1705 1421 1772 ὀφείλουσι
1456 1712 1775 1780 προσκλῖναι

218 1788 295 1856 τῷ
327 1789 640 1843 ἀσθενοῦντι
677 1793 814 1861 πρὸς
835 1793 1120 1865 διόρθωσιν
1150 1796 1318 1865 νόμῳ.

290 1986 307 2015 σ
349 1968 409 2019 ΕΞ
434 1968 490 2019 δὲ
523 1968 805 2038 ζητοῦντες
830 1971 1184 2043 δικαιωθῆναι
1202 1977 1258 2028 ἐν
1287 1979 1528 2048 Χριστῷ,
1553 1982 1779 2053 εὑρέθη-

217 2078 313 2127 μεν
359 2061 452 2112 καὶ
476 2062 627 2114 αὐτοὶ
667 2064 1005 2132 ἁμαρτωλοὶ,
1037 2062 1147 2135 ἆρα
1205 2069 1438 2139 Χριστὸς
1504 2074 1780 2145 ἁμαρτίας

212 2150 456 2214 διάκονος
473 2168 487 2216 ;
502 2171 521 2202 ›

283 2240 429 2309 Ὅρα
463 2243 543 2303 είς
568 2242 699 2311 ὅσην
725 2244 958 2298 ἀτοπίαν
995 2246 1179 2317 ἐξάγει
1204 2254 1328 2314 τοὺς
1351 2258 1780 2325 προσκειμένους

213 2326 289 2393 τῷ
314 2328 485 2399 νόμῳ.
517 2330 577 2382 Εί
611 2333 709 2382 οὐκ
744 2332 940 2403 ἰσχύει,
974 2338 1155 2405 φησὶν,
1188 2342 1321 2409 ήείς
1344 2343 1578 2411 Χριστὸν
1600 2346 1780 2408 πίστις

212 2416 519 2481 δικαιῶσαι,
585 2419 717 2471 ἀλλὰ
751 2422 964 2493 ἀνάγκη
1024 2427 1184 2479 πάλιν
1212 2429 1290 2496 τῷ
1337 2432 1485 2501 νόμῳ
1536 2432 1775 2503 ἔχεσθαι,

212 2506 303 2557 τὸν
328 2506 493 2575 νόμον
524 2508 752 2576 ἀφέντες
784 2512 873 2565 διά
906 2515 1161 2584 Χριστὸν,
1184 2517 1277 2569 καὶ
1317 2520 1375 2572 ού
1413 2521 1779 2593 δικαιούμενοι

214 2598 279 2650 ἐκ
307 2597 409 2667 τῆς
432 2598 698 2665 ἀφέσεως,
724 2603 858 2656 ἀλλά
886 2608 1357 2677 κατακρινόμενοι,
1382 2614 1482 2682 τῆς
1518 2618 1780 2686 κατακρί-

216 2706 356 2747 σεως
405 2691 710 2760 εὑρήσομεν
768 2694 929 2747 αὐτὸν
987 2699 1119 2766 ἡμῖν
1162 2700 1445 2771 γινόμενον
1495 2704 1687 2767 αἴτιον,
1714 2708 1779 2759 δι’

211 2780 271 2832 ὃν
325 2779 420 2833 τὸν
484 2783 645 2853 νόμον
692 2785 921 2852 ἀφέντες
976 2790 1111 2859 πρὸς
1157 2791 1255 2862 τήν
1307 2795 1491 2848 πίστιν
1548 2798 1781 2870 ἐδράμο-

218 2888 338 2938 μεν.

301 2977 319 3007 ι
354 2960 445 3028 Μὴ
477 2960 706 3025 γένοιτο.
734 2982 753 3014 ι

304 3050 597 3121 Ἐωρακὼς
648 3053 746 3119 τὴν
806 3056 1209 3124 συμϐαίνουσαν
1256 3065 1319 3115 ἐκ
1362 3066 1457 3118 τοῦ
1513 3069 1781 3137 δόγματος

1878 612 2043 665 homo
2065 628 2131 666 ex
2151 612 2411 681 operibus
2437 612 2589 681 legis,
2621 612 2726 666 nisi
2750 626 2846 681 per
2871 610 3029 665 lldem
3051 607 3182 665 Jesu
3205 609 3439 671 Christi;

1877 711 1932 754 et
1966 717 2067 756 nos
2108 701 2162 754 in
2190 701 2411 755 Christo
2452 699 2582 757 Jesu
2611 700 2969 764 credidimus,
3002 709 3063 755 ut
3074 698 3442 769 justiﬁcemur

1876 806 1940 845 ex
1978 791 2081 845 lide
2110 792 2336 857 Christi,
2368 799 2423 846 et
2464 808 2572 846 non
2613 808 2677 847 ex
2708 791 2970 862 operibus
3007 791 3164 861 legis.
3212 789 3444 860 Propter

1878 883 2023 953 quod
2060 899 2127 937 ex
2190 884 2453 953 operibus
2494 885 2630 956 legis
2677 901 2786 940 non
2832 883 3223 956 justiﬁcabitur
3266 884 3446 941 omnis

1875 989 2026 1027 caro.
2060 992 2076 1023 I

1949 1062 2241 1133 Postquam
2266 1079 2331 1119 ex
2362 1063 2432 1118 iis
2470 1077 2593 1133 qua:
2617 1062 2780 1119 Petro
2819 1065 3161 1131 acciderant,
3191 1078 3448 1134 compro-

1881 1155 2047 1219 bavit,
2082 1171 2189 1208 non
2224 1163 2476 1224 oportere
2510 1156 2854 1220 circumcidi,
2882 1157 3022 1213 idem
3047 1154 3251 1213 evincit
3276 1169 3445 1227 gene-

1879 1246 2067 1299 raliori
2108 1246 2345 1300 ratione.
2376 1244 2510 1299 Nam
2546 1247 2593 1301 si
2642 1246 2737 1316 qui
2787 1261 2819 1299 a
2861 1259 3032 1314 puero
3073 1243 3246 1300 Judaei
3296 1252 3444 1306 sunt,

1880 1350 2055 1403 neque
2086 1336 2374 1405 proselyti,
2416 1334 2666 1402 quinimo
2697 1333 2925 1388 enutriti
2958 1333 3012 1387 in
3055 1332 3192 1404 lege,
3228 1334 3452 1403 cognita

1880 1428 2014 1497 legis
2060 1429 2126 1480 ad
2178 1428 2454 1481 hominem
2507 1426 2716 1495 justum
2768 1424 3080 1481 faciendum
3109 1424 3446 1487 inﬁrmitate.

1880 1521 1942 1573 ad
1980 1520 2209 1589 gratiam
2231 1535 2348 1589 quae
2377 1518 2481 1572 ﬁde
2504 1523 2815 1587 praestatur,
2840 1516 3181 1573 transierunt
3205 1531 3220 1569 :
3240 1523 3456 1586 quanto

1879 1612 2078 1681 potiori
2106 1612 2253 1681 jure,
2287 1611 2381 1681 qui
2423 1624 2453 1664 a
2483 1608 2761 1679 principio
2813 1622 2921 1662 non
2966 1614 3127 1660 erant
3173 1606 3279 1661 sub
3308 1606 3448 1676 lege,

1881 1703 1972 1756 sed
2000 1719 2064 1757 ex
2084 1703 2358 1772 gentibus,
2392 1712 2506 1756 tum
2524 1700 2724 1755 deinde
2750 1700 2805 1754 in
2833 1698 3118 1755 Christum
3142 1696 3447 1762 credidere,

1881 1793 2132 1847 addicere
2164 1808 2225 1848 se
2262 1807 2373 1846 non
2407 1792 2607 1847 debent
2650 1790 2777 1860 legi,
2812 1804 2937 1861 quae
2964 1796 3178 1845 rectum
3220 1786 3452 1845 reddere

1806 1857 1850 1911 Β
1882 1897 1986 1935 non
2019 1883 2182 1937 valet.

1950 1975 2117 2030 \‘sns.
2168 1976 2253 2029 Π.
2310 1993 2329 2024 ι
2368 1973 2521 2041 Quod
2577 1974 2623 2027 si
2686 1979 2993 2044 quaerentes
3050 1969 3340 2038 iustiﬁcari
3390 1969 3447 2024 in

1879 2067 2123 2130 Christo,
2164 2066 2371 2121 inventi
2414 2081 2607 2121 sumus
2653 2072 2707 2120 et
2755 2065 2861 2135 ipsi
2907 2071 3261 2135 peccatores;
3315 2077 3450 2132 ergo

1880 2159 2133 2215 Christus
2164 2160 2372 2227 peccati
2399 2159 2652 2213 minister
2678 2159 2807 2213 est?
2843 2177 2862 2210 ι

1950 2250 2170 2308 Videsis
2221 2253 2276 2305 in
2328 2261 2594 2319 quantam
2627 2249 3023 2305 absurditatem
3052 2248 3174 2303 illos
3213 2246 3451 2303 deducat

1878 2345 1975 2415 qui
2007 2344 2209 2398 addicti
2243 2355 2371 2399 sunt
2398 2344 2525 2415 legi.
2552 2342 2609 2397 Si
2645 2341 2780 2398 ﬁdes
2801 2342 2857 2396 in
2877 2341 3156 2397 Christum
3179 2356 3286 2396 non
3306 2340 3447 2394 valet

1880 2435 2061 2490 facere
2091 2434 2325 2503 justum,
2358 2432 2454 2488 sed
2484 2446 2712 2487 necesse
2752 2438 2839 2486 est
2865 2429 3065 2484 iterum
3097 2427 3201 2498 legi
3236 2442 3447 2482 morem

1879 2538 2089 2594 gerere,
2130 2538 2229 2577 nos
2257 2523 2351 2592 qui
2404 2523 2575 2592 legem
2608 2528 2835 2590 propter
2871 2518 3154 2575 Christum
3198 2516 3447 2573 deserui—

1881 2630 2026 2677 mus,
2057 2630 2157 2669 uec
2195 2613 2316 2683 ejus
2344 2611 2645 2667 amissione
2684 2608 2819 2680 justi
2849 2608 3154 2671 evasimus,
3184 2605 3284 2662 sed
3313 2620 3449 2662 con-

1880 2705 2490 2770 demnati,inveniemus
2506 2702 2667 2772 plane
2683 2699 3155 2756 condemnationis
3167 2705 3450 2752 auctorem

1881 2800 2039 2855 nobis
2070 2799 2221 2852 illum
2247 2795 2551 2860 exstitisse,
2576 2801 2800 2864 propter
2825 2804 2989 2862 quem
3016 2790 3210 2846 relicta
3236 2791 3357 2860 lege
3378 2788 3461 2843 ad-

1882 2889 2040 2945 lidem
2072 2886 2440 2941 cucurrimus.

1956 3000 1975 3032 ι
2012 2980 2190 3035 Absit.
2236 2998 2254 3030 ι

1948 3072 2086 3127 Cum
2112 3071 2320 3126 videret
2346 3067 2737 3124 absurditatem
2767 3081 2890 3136 qua:
2931 3079 2999 3120 ex
3028 3062 3282 3119 doctrina
3312 3062 3447 3116 alio-

213 3140 466 3204 ἀτοπίαν,
499 3142 707 3212 ταχέως
758 3146 1030 3219 ἀποπηδᾷ,
1058 3150 1153 3220 τῷ,
1179 3156 1235 3206 Μ
1240 3153 1271 3220 ὴ
1294 3153 1541 3225 γένοιτο,
1568 3162 1782 3233 χρώμε-
1809 3187 1853 3244 C

1809 3187 1853 3244 ρ
1883 3181 2002 3219 rum
2035 3162 2389 3233 sequebatur,
2436 3159 2547 3214 cito
2596 3158 2796 3220 resilit,
2845 3155 3087 3211 adhibita
3134 3154 3239 3209 hac
3288 3167 3459 3219 voce,

214 3249 323 3295 νος.

289 3342 308 3374 ι
360 3325 419 3377 Εἰ
453 3326 614 3395 γὰρᾶ
637 3329 927 3394 κατέλυσα,
959 3334 1130 3387 ταῦτα
1166 3337 1328 3390 πάλιν
1353 3340 1639 3413 οἰκοδομῶ,
1673 3365 1777 3400 πα-

216 3416 463 3484 ραϐάτην
488 3419 722 3485 ἐμαυτὸν
744 3421 1053 3492 συνίστημι.
1088 3444 1106 3476 ι

297 3504 554 3597 Ἐκείνων
588 3507 873 3573 λεγόντων,
906 3513 981 3574 ὡς
1003 3513 1031 3563 ὁ
1068 3515 1140 3583 μὴ
1177 3516 1459 3584 φυλάττων
1480 3523 1572 3575 τὸν
1611 3526 1775 3597 νόμον

214 3595 541 3664 παραϐάτης
583 3598 751 3660 ἐστὶν,
799 3598 972 3665 οὕτως
1001 3603 1063 3655 ἐκ
1095 3606 1187 3657 τοῦ
1215 3608 1458 3663 ἐναντίου
1517 3595 1770 3686 παραϐά-

213 3704 314 3782 ιῗην
340 3686 537 3782 Δἑαυτὸν
563 3689 719 3782 καλεῖ
751 3690 1091 3758 φυλάττοντα
1119 3698 1208 3748 τὸν
1242 3700 1422 3770 νόμον.
1461 3706 1683 3776 Ὅμοιον
1719 3714 1775 3782 δὲ

213 3777 287 3832 ὡς
304 3779 352 3827 εἰ
377 3776 523 3873 λέγοι
548 3781 866 3873 ’.Πέπ-αυται
893 3785 921 3835 ὁ
942 3784 1123 3851 νόμος,
1158 3791 1251 3841 καὶ
1287 3792 1444 3847 τοῦτο
1486 3776 1773 3873 ὡμολογήέ-

216 3882 424 3932 σαμεν,
457 3866 524 3918 δι’
558 3860 637 3919 ὧν
691 3870 916 3937 ἀφέντες
972 3875 1137 3927 αὐτὸν
1174 3879 1264 3930 ἐπὶ
1292 3882 1388 3949 τὴν
1430 3884 1493 3937 ἐκ
1537 3860 1777 3955 πίστεως

214 3954 915 4051 κατεφύγομεν-σωτηρίαν.
952 3964 1047 4016 Ἂν
1088 3966 1267 4020 τοίνυν
1308 3973 1773 4051 φιλονεικήσωμεν

216 4044 409 4113 στῆσαι
440 4046 531 4098 τὸν
555 4047 737 4115 νόμον,
781 4052 929 4122 αὐτῷ
954 4053 1129 4125 τούτῳ
1158 4060 1468 4128 παραϐάται
1486 4044 1770 4139 γινομενθα,

212 4135 281 4188 τὰ
307 4136 458 4202 παρὰ
481 4137 615 4189 Θεοῦ
639 4138 864 4193 λυθέντα
893 4144 1320 4214 φιλονεικοῦντες
1340 4158 1548 4223 τηρεῖν.

288 4351 309 4385 ‹
351 4331 493 4398 Ἐγὼ
530 4335 637 4405 γὰρ
664 4336 752 4389 διὰ
790 4337 952 4407 νόμου
983 4341 1132 4409 νόμῳ
1181 4344 1484 4413 ἀπέθανον,
1520 4348 1608 4403 ἵνα
1658 4350 1775 4420 Θεῷ

216 4422 387 4492 ζήσω.
418 4423 639 4493 Χριστῷ
674 4429 1151 4499 συνεσταύρωμαι.
1187 4452 1205 4484 ι

1877 3258 2047 3313 Absit.

1947 3347 2114 3403 Vens.
2150 3345 2237 3403 l8.
2274 3365 2293 3397 α
2328 3344 2386 3399 Si
2417 3343 2563 3398 enim
2606 3358 2729 3414 qua:
2766 3342 3047 3406 destruli,
3086 3343 3283 3398 iterum
3327 3342 3443 3397 hac

1874 3440 2103 3502 mdiﬁco,
2138 3437 2611 3507 praevaricatorem
2640 3450 2726 3488 me
2753 3434 3050 3491 constituo.
3082 3452 3104 3486 ι

1942 3530 2083 3597 Quia
2116 3530 2337 3586 aiebant
2374 3528 2476 3593 illi,
2504 3526 2987 3597 pnevaricatorém
3024 3541 3148 3581 esse
3194 3525 3289 3595 qui
3333 3538 3453 3579 non

1875 3631 2121 3678 servaret
2151 3619 2343 3690 legem,
2376 3618 2604 3688 perinde
2634 3632 2857 3688 quoque
2881 3633 2912 3671 ι
2943 3615 3223 3671 contrario
3244 3616 3361 3686 ipse
3385 3629 3446 3669 se

1873 3712 2347 3783 praevaricatorem
2378 3709 2494 3765 fore
2537 3710 2695 3773 dicit,
2728 3709 2774 3765 si
2822 3710 2955 3779 legi"
2975 3708 3337 3777 obsequatur.
3368 3707 3450 3760 Ac

1874 3804 1981 3857 tale
2010 3801 2291 3870 quidpiam
2345 3802 2465 3854 ait:
2515 3798 2688 3855 Desiit
2731 3801 2836 3860 lex.
2872 3800 3036 3869 idque
3081 3798 3314 3869 professi
3351 3813 3447 3853 su-

1872 3909 2013 3956 mus,
2044 3893 2137 3947 ubi
2168 3892 2392 3947 dimissa
2427 3893 2542 3961 lege
2571 3892 2638 3946 ad
2672 3891 2910 3947 salutem
2940 3906 3066 3960 quae
3098 3897 3183 3945 est
3219 3904 3285 3945 ex
3321 3889 3446 3949 ﬁdit.

1873 3986 2238 4057 confugimus.
2269 3984 2425 4050 Quod
2455 3983 2501 4039 si
2531 3984 2697 4055 igitur
2718 3983 2889 4053 legem
2923 3981 3187 4036 roborare
3214 3990 3446 4035 conten-

1872 4078 2085 4138 damus,
2118 4079 2219 4129 hoc
2255 4077 2374 4143 ipso
2426 4075 2879 4142 praevaricatores
2926 4086 3140 4137 smnus,
3188 4074 3282 4141 qui
3328 4088 3446 4128 ser-

1873 4181 2000 4219 vare
2042 4166 2280 4219 nitamur
2312 4180 2375 4218 ea
2414 4178 2535 4235 qua
2584 4179 2616 4217 a
2664 4162 2775 4217 Deo
2822 4161 3006 4217 soluta
3050 4160 3447 4233 antiquataque

1874 4264 2022 4311 sum.

1943 4347 2108 4403 Vsus.
2141 4349 2229 4405 19.
2288 4366 2306 4397 ι
2344 4348 2455 4419 Ego
2497 4347 2642 4401 enim
2674 4361 2772 4417 per
2817 4346 2991 4417 legem
3040 4345 3146 4417 legi
3195 4353 3471 4402 mortuus.

1876 4452 2020 4499 sum,
2054 4445 2110 4488 ut
2141 4434 2251 4490 Deo
2284 4435 2480 4488 vivam.
2517 4433 2741 4488 Christo
2771 4433 3022 4489 conﬁxus
3059 4448 3182 4489 sum
3212 4435 3382 4489 cruci.
3420 4452 3441 4487 ι

296 4513 501 4581 Διπλῆν
531 4514 641 4584 ἔχει
701 4516 858 4570 τοῦτο
919 4519 1169 4589 θεωρίαν.
1203 4524 1271 4575 ’Ἡ
1302 4524 1409 4595 γὰρ
1464 4527 1629 4596 νόμον
1680 4530 1772 4582 τὸν
1809 4526 1850 4580 1)
1947 4526 1962 4579 1

1809 4526 1850 4580 1)
1947 4526 2155 4596 Duplex
2184 4527 2319 4581 dicti
2367 4526 2531 4595 hujus
2577 4518 2951 4580 consideratio
2993 4533 3097 4581 est;
3147 4522 3251 4580 Vel.
3299 4525 3446 4580 enim

212 4602 311 4671 τῆς
340 4602 561 4672 χάριτός
587 4607 825 4677 φησιν,ἢ
857 4610 1020 4677 μόνον
1058 4611 1149 4663 τὸν
1194 4613 1419 4668 παλαιὸν
1464 4616 1633 4685 λέγει,
1670 4619 1776 4671 δει-

217 4693 345 4755 κνὺς
366 4694 449 4744 ὅτι
470 4694 536 4745 δι’
557 4696 723 4749 αὐτοῦ
767 4698 860 4751 τοῦ
893 4699 1061 4768 νόμου
1101 4703 1251 4773 νόμῳ
1303 4705 1592 4761 ἀπέθανεν.
1625 4712 1687 4761 ’Ὀ
1721 4710 1776 4762 δὲ

214 4781 361 4849 λέγει
382 4782 620 4838 τοιοῦτόν
667 4788 838 4841 ἐστιν·
867 4790 1037 4852 Αὐτὸς
1056 4793 1084 4843 ὁ
1106 4792 1265 4860 νόμος
1307 4811 1373 4862 με
1399 4794 1668 4865 ἐξήγαγεν
1700 4801 1778 4860 είς

214 4874 274 4927 τὸ
305 4878 593 4947 προσέχειν
619 4879 786 4951 αὐτῷ.
818 4882 881 4934 Ei
911 4883 1091 4935 τοίνυν
1137 4884 1384 4954 μέλλοιμι
1414 4888 1563 4957 αὐτῷ
1607 4906 1777 4959 προσ-

214 4966 383 5036 έχειν,
411 4971 508 5020 καὶ
549 4970 713 5023 αὑτὸν
769 4973 1100 5041 παραϐαίνω
1126 4992 1139 5005 ·
1166 4976 1284 5039 πῶς
1305 5017 1321 5042 ,
1355 4979 1449 5031 καὶ
1473 4980 1577 5032 τίνι
1598 4981 1779 5051 τρόπῳ

216 5059 453 5127 Μωῦσῆς
498 5056 669 5114 εἶπεν·
703 5063 833 5117 Ὅτι
883 5066 1201 5133 προφήτην
1251 5069 1586 5138 ἀναστήσει
1635 5073 1779 5141 ὑμῖν

216 5147 432 5213 Κύριος
468 5149 535 5201 ἐκ
595 5149 712 5203 τῶν
757 5152 1036 5221 ἀδελφῶν
1083 5156 1249 5225 ὑμῶν
1284 5159 1364 5224 ὡς
1396 5160 1534 5229 ἐμέ·
1590 5164 1776 5217 αὐτοῦ

214 5238 575 5304 ἀκούσεσθε,
612 5244 741 5312 περὶ
766 5245 1001 5314 Χριστοῦ
1037 5247 1239 5314 λέγων;
1267 5250 1427 5303 Ὥστε
1460 5254 1510 5305 οί
1549 5255 1623 5323 μὴ
1650 5256 1776 5309 τού-

214 5346 291 5397 τῳ
322 5329 651 5400 πειθόμενοι,
676 5336 1073 5404 παραϐαίνουσι
1107 5341 1198 5393 τὸν
1234 5342 1408 5412 νόμον.
1446 5344 1509 5395 Τί
1542 5345 1597 5397 δέ
1635 5348 1769 5413 ἐστι,

218 5416 293 5481 τῷ
322 5421 485 5487 νόμῳ
524 5422 863 5490 ἀπέθανον;
897 5428 1103 5499 Ὥσπερ
1124 5431 1216 5484 τὸν
1238 5432 1428 5503 νεκρὸν
1476 5436 1575 5489 οὐκ
1625 5437 1771 5491 ἐστιν

218 5507 560 5573 ὑπαγαγεῖνει
593 5514 713 5573 ταῖς
767 5514 1005 5578 ἐντολαῖς
1063 5516 1157 5569 τοῦ
1185 5519 1372 5588 νόμου,
1415 5519 1587 5585 οὕτως
1647 5524 1769 5576 οὐδὲ

298 5650 340 5679 ³⁸
371 5649 525 5704 Deut.
554 5655 818 5716 xvm,15.

1876 4618 2064 4689 gratiae
2091 4618 2262 4687 legem
2295 4617 2445 4680 dicit,
2481 4616 2565 4671 vel
2603 4616 2777 4686 legem
2803 4616 3110 4685 antiquam,
3139 4615 3237 4671 ubi
3255 4623 3444 4671 osten-

1874 4710 1954 4764 dit
1991 4724 2088 4779 per
2129 4709 2301 4777 legem
2346 4724 2405 4761 se
2439 4716 2716 4761 mortuum
2761 4721 2884 4762 esse
2923 4706 3048 4777 legi.
3073 4706 3231 4773 Quod
3261 4715 3472 4761 aute-iu

1876 4803 1971 4863 ait,
2000 4803 2145 4855 hunc
2186 4817 2412 4856 sensum
2444 4801 2625 4856 habet.
2670 4800 2776 4855 Lex
2811 4799 2932 4869 ipsa
2961 4815 3049 4855 me
3075 4799 3349 4855 deterruit
3372 4814 3473 4852 ne;

1876 4894 1981 4948 sibi
2035 4892 2464 4962 obtemperarem
2511 4911 2522 4945 :
2564 4891 2707 4946 unde
2766 4892 2813 4946 si
2874 4890 2979 4961 ipsi
3034 4889 3459 4949 auseultavero,

1877 4984 2045 5054 legem
2082 4985 2253 5052 ipsam
2289 4985 2452 5038 violo.
2487 4982 2721 5048 Quinam
2754 4997 2905 5049 vero,
2951 4996 3131 5051 quave
3171 4979 3329 5051 163
3357 4994 3444 5033 ra-

1876 5076 2047 5137 tione,
2087 5074 2303 5145 Moyses
2338 5074 2534 5130 eﬁ‘atus
2555 5082 2641 5128 est
2669 5091 2682 5125 :
2712 5072 2852 5139 Quia
2885 5073 3196 5141 prophetam
3219 5070 3445 5125 suscita-

1877 5165 1950 5218 bit
1994 5164 2133 5219 vobis
2169 5165 2425 5219 Dominus
2464 5166 2527 5217 de
2572 5164 2826 5233 fratribus
2874 5164 3086 5226 uestris,
3132 5162 3267 5215 sicut
3317 5176 3399 5213 me
3426 5176 3443 5211 :

1875 5256 2046 5321 ipsum
2076 5253 2397 5317 audietis”;
2426 5268 2550 5322 quae
2577 5252 2644 5306 de
2680 5251 2905 5306 Christo
2946 5250 3094 5305 dicta
3130 5247 3306 5303 sunt?
3339 5245 3442 5312 Qui

1873 5359 2002 5412 ergo
2025 5344 2151 5398 huic
2179 5345 2399 5415 quidem
2434 5359 2544 5398 non
2581 5342 2983 5411 obsequuntur,
3016 5340 3189 5411 legem
3216 5337 3444 5394 violant.

1877 5436 2017 5502 Quid
2044 5443 2223 5490 autem
2264 5438 2365 5490 hoc
2405 5443 2509 5499 est,
2542 5435 2641 5505 tegi
2680 5445 2919 5488 mortuus
2973 5435 3131 5489 sum?
3173 5431 3442 5499 Quemad-

1880 5528 2104 5582 modum
2132 5530 2321 5598 utique
2352 5528 2466 5583 ﬁeri
2496 5544 2606 5583 non
2635 5535 2817 5598 potest
2838 5534 2897 5581 ut
2922 5525 3018 5596 qui
3049 5532 3282 5581 mortem
3312 5523 3457 5579 obiit.

1496 5782 1721 5840 VARle
1764 5790 2157 5847 LECTIONES.

280 5874 302 5901 ο
332 5860 472 5930 Lego
504 5879 567 5917 ex
613 5863 867 5933 Chrysot.
900 5868 1207 5924 ὑπακούειν.
