4218 6448
769 395 865 459 791

1959 406 2018 464 S.
2059 405 2374 464 JOANNIS
2413 407 2833 470 DAMASCENI

3896 420 4004 482 ’792

772 508 1058 575 pr;et-eptis
1089 509 1222 576 legis
1253 510 1601 576 Subjiciatur,
1637 509 1706 560 ita
1738 528 1832 563 nec
1879 527 1994 578 ego,
2039 513 2130 580 qui
2170 513 2334 563 male—
2363 516 2406 570 Α

2363 516 2406 570 Α
2437 516 2535 584 ἐμὲ
2589 520 2677 568 τὸν
2735 522 2796 572 ἐκ
2854 523 2953 589 τῆς
2987 523 3230 592 κατάρας
3289 523 3383 576 τοῦ
3442 523 3607 594 νόμου
3654 526 3753 596 τῆς
3790 529 4000 586 ἐκείνου

769 598 1009 653 dictione
1047 599 1176 668 legis
1229 609 1478 652 mortuus
1531 618 1671 654 sum.
1715 600 1818 654 Lex
1866 603 2067 671 quippe
2097 604 2230 655 diris
2279 610 2334 653 et

773 691 1140 744 tualedirtimii
1180 694 1380 745 addicit
1415 694 1587 755 illum,
1616 694 1705 762 qui
1752 696 1935 746 omnia
1985 711 2089 746 non
2143 695 2334 762 imple-

771 787 1046 853 veritquze
1086 786 1201 854 lege
1223 789 1538 856 praescripta
1576 795 1724 840 sunt.
1768 786 1976 840 Nemini
2014 796 2195 840 autem
2233 788 2335 840 hoc

773 878 1033 944 possibile
1061 889 1197 930 erat.

843 968 1002 1022 Vsus.
1036 970 1125 1022 90.
1161 990 1180 1023 ι
1219 971 1350 1022 Vivo
1371 978 1577 1034 autem,
1609 971 1718 1038 jam
1753 985 1858 1022 non
1889 984 1990 1039 ego
2016 989 2027 1022 :
2056 971 2186 1024 vivit
2207 986 2334 1024 vero

771 1061 822 1109 in
856 1075 938 1113 me
968 1059 1241 1115 Christus.
1277 1061 1429 1126 Quod
1454 1071 1632 1115 autem
1659 1077 1803 1114 nunc
1832 1063 1956 1114 vivo
1989 1061 2041 1114 in
2069 1077 2253 1123 carne,
2281 1064 2332 1115 in

770 1154 873 1204 tidc
905 1153 1025 1204 vivo
1077 1152 1195 1206 Filii
1250 1153 1366 1218 Dei,
1427 1154 1519 1221 qui
1579 1154 1769 1207 dilexit
1829 1171 1942 1217 me,
2003 1166 2056 1208 et
2111 1155 2334 1210 tradidit

771 1245 1120 1312 semetipsum
1153 1261 1248 1312 pro
1279 1261 1381 1299 me.
1423 1265 1440 1296 ι

837 1335 953 1388 Jam
997 1351 1102 1389 non
1159 1337 1258 1406 legi
1315 1338 1474 1400 vivo,
1527 1340 1739 1409 inquit,
1788 1355 1963 1409 neque
2034 1340 2332 1392 secundum

770 1429 934 1494 legem
945 1469 956 1479 .

845 1517 1004 1573 Vens.
1030 1520 1118 1573 2|.
1162 1540 1178 1571 ι
1219 1520 1334 1574 Non
1361 1521 1563 1590 abjicio
1594 1523 1824 1591 gratiam
1851 1523 1965 1576 Dei.
1997 1543 2014 1573 ι

839 1611 940 1662 l‘er
963 1613 1213 1680 gratiam,
1246 1613 1443 1682 inquit,
1473 1615 1612 1668 liber
1638 1615 1808 1669 evasi.
1835 1615 2186 1684 Nequaquam
2205 1631 2337 1683 ergo

769 1705 835 1756 ad
871 1705 1036 1772 legem
1075 1705 1372 1768 redeundo,
1409 1708 1581 1774 gratia
1640 1709 1901 1776 injuriam
1939 1708 2135 1772 infero,
2186 1724 2248 1761 ac
2292 1709 2335 1762 si

770 1811 876 1848 non
903 1797 1104 1852 valeret
1128 1801 1293 1852 vitam
1327 1809 1603 1868 pragstare.

845 1907 861 1936 ι
906 1887 961 1940 Si
1017 1890 1161 1942 enim
1211 1905 1310 1958 per
1360 1892 1530 1960 legem
1595 1893 1852 1962 justitia;
1905 1908 2034 1964 ergo
2085 1894 2336 1948 Christus

768 1984 936 2050 gratis
967 1995 1215 2038 mortuus
1246 1993 1349 2038 est.
1385 2004 1402 2036 ι

836 2077 1088 2130 Christus
1118 2087 1370 2132 mortuus
1421 2087 1502 2132 est
1539 2094 1638 2148 pro
1692 2079 1873 2142 nobis,
1900 2079 2102 2148 inquit,
2142 2087 2198 2132 ut
2239 2093 2339 2132 nos

767 2174 1053 2229 excitaret,
1078 2167 1347 2234 justitiam
1392 2167 1664 2236 przebens,
1695 2177 1749 2221 et
1781 2178 2063 2237 peccatum
2097 2182 2127 2221 e
2158 2167 2338 2222 medio

769 2258 1046 2313 auferens.
1105 2260 1198 2313 Sin
1261 2277 1424 2326 vero,
1491 2263 1806 2331 quicunque
1861 2263 2336 2316 circumcisionem

768 2353 1018 2414 madent,
1053 2368 1147 2421 per
1177 2354 1348 2423 legem
1376 2354 1587 2423 justum
1616 2355 1892 2408 hominem
1923 2354 2038 2408 ﬁeri
2063 2364 2336 2418 asserunt,

770 2459 1174 2514 supervacanea
1198 2455 1282 2501 est
1313 2462 1458 2501 mors
1486 2446 1710 2502 Christi.

1413 2575 1566 2630 CAP.
1609 2575 1697 2630 ΙΙΙ.

843 2684 1001 2739 Vens.
1036 2685 1086 2737 l.
1124 2705 1142 2736 ι
1171 2683 1218 2739 0
1248 2685 1515 2741 insensati
1556 2685 1781 2739 Galatae.
1826 2705 1844 2737 ι

840 2780 1074 2832 (istensa
1104 2778 1446 2833 absurditate
1487 2789 1542 2834 et
1590 2778 1680 2834 Dei
1738 2779 1963 2848 injuria,
2000 2780 2337 2850 prastidenter

770 2872 919 2924 addit
953 2870 1413 2940 objurgationem.

846 2981 865 3013 ι
904 2961 1040 3028 Quis
1059 2964 1213 3018 vobis
1238 2964 1452 3025 invidit.
1483 2978 1551 3017 ne
1580 2963 1883 3019 obediretis
1916 2965 2172 3018 veritati?
2207 2985 2225 3016 ι

844 3140 1189 3195 Demonstrat
1230 3155 1326 3195 eos
1359 3141 1546 3196 felices
1573 3142 1875 3203 exstitisse,
1904 3140 2147 3212 quandiu
2175 3141 2332 3197 ﬁdem

2433 613 2852 682 τελευτήσαντα.
2887 616 2946 664 ’0
2991 615 3098 684 γὰρ
3148 617 3310 686 νόμος
3358 619 3768 690 ὲπικατάρατον
3824 625 4001 678 ἐποίει

2434 707 2608 757 πάντα
2629 707 2722 757 τὸν
2751 708 2824 775 μὴ
2857 705 3166 776 πληροῦντα
3206 708 3274 762 τὰ
3320 709 3378 763 ὲν
3407 708 3489 780 τῷ
3515 710 3686 782 νόμῳ.
3723 713 3914 778 Οὐδεὶς
3943 716 4000 768 δὲ

2434 797 2658 860 δυνατὸς
2680 799 2967 869 πληρῶσαι
2994 796 3081 867 ἦν.

2511 993 2529 1024 ι
2573 977 2657 1028 Ζὼ
2676 975 2753 1037 δὲ,
2787 976 2886 1027 οὐκ
2917 974 2995 1026 ἔτι
3025 973 3156 1041 ἐγὼ,
3189 973 3254 1044 ζῇ
3296 975 3352 1026 δὲ
3387 975 3444 1026 ὲν
3487 975 3612 1042 ἐμοὶ
3650 977 3903 1046 Χριστός.
3942 981 4005 1028 ⁸0

2432 1067 2489 1119 δὲ
2520 1067 2614 1119 νῦν
2661 1067 2739 1128 ζῶ
2783 1070 2840 1119 ἐν
2878 1069 3062 1136 σαρκὶ,
3095 1069 3154 1120 ὲν
3183 1069 3363 1120 πίστει
3400 1067 3477 1130 ζῶ
3519 1071 3586 1136 τῇ
3616 1069 3710 1121 τοῦ
3743 1068 3872 1120 Υἱοῦ
3910 1068 4005 1121 τοῦ

2433 1159 2598 1219 Θεοῦ.
2622 1159 2714 1211 τοῦ
2759 1159 3144 1230 ἀγαπήσαντός
3187 1176 3253 1228 με
3276 1198 3293 1223 ,
3321 1159 3415 1213 καὶ
3450 1159 3777 1230 παραδόντος
3815 1160 4005 1212 ἑαυτὸν

2436 1251 2573 1318 ὑπὲρ
2599 1250 2754 1320 ἐμοῦ.
2787 1271 2804 1301 ι

2505 1341 2596 1411 Τῷ
2625 1341 2792 1412 νόμῳ,
2824 1342 3008 1414 φησὶν,
3035 1342 3068 1412 ἢ
3102 1343 3227 1395 ὅσον
3259 1341 3400 1396 κατὰ
3426 1341 3518 1396 τὸν
3539 1342 3726 1412 νόμον.

2513 1542 2532 1573 ι
2574 1523 2687 1576 Οὐκ
2714 1523 2894 1577 ἀθετῶ
2932 1523 3030 1593 τὴν
3059 1523 3221 1594 χάριν
3245 1522 3338 1576 τοῦ
3367 1522 3524 1576 Θεοῦ.
3558 1541 3578 1574 δ

2506 1616 2604 1669 Διά
2629 1616 2732 1686 τῆς
2757 1617 2979 1689 χάριτος
3007 1615 3406 1686 ὴλευθέρωμαι,
3444 1613 3626 1684 φησιν.
3668 1610 3877 1665 Οὐκοῦν
3910 1610 4006 1678 οὐκ

2437 1707 2790 1776 ὑποστρέφων
2824 1707 2986 1760 πάλιν
3017 1709 3098 1769 εἰς
3121 1707 3211 1759 τὸν
3242 1707 3426 1776 νόμον,
3466 1705 3673 1777 ὖσρίζω
3695 1704 3797 1773 τὴν
3825 1703 4003 1773 χάριν,

2437 1797 2512 1857 ὡς
2542 1797 2615 1866 μὴ
2646 1798 2952 1868 δυναμένην
2983 1801 3287 1864 ζωοποιεῖν.

2518 1908 2537 1939 ι
2576 1891 2638 1942 Εἰ
2661 1890 2768 1959 γὰρ
2797 1891 2886 1942 διὰ
2933 1893 3097 1960 νόμου
3132 1891 3447 1964 δικαιοσύνη
3465 1933 3480 1957 ,
3506 1892 3616 1963 ἄρα
3643 1890 3881 1962 Χριστὸς
3902 1890 4006 1942 δω-

2443 1980 2576 2050 ρεὰν
2604 1981 2893 2034 ἀπέθανεν.
2931 2001 2949 2031 ι

2523 2072 2805 2134 Ἀπέθανε,
2833 2074 3017 2143 φησὶν,
3043 2073 3185 2143 ὑπὲρ
3219 2072 3377 2144 ἡμῶν
3403 2075 3432 2126 ὁ
3458 2075 3709 2144 Χριστὸς,
3747 2071 3833 2124 τνα
3857 2072 4002 2141 ἡμᾶς

2440 2169 2740 2237 ἀναστήσῃ,
2785 2167 3100 2229 δικαιώσας,
3127 2167 3220 2219 καὶ
3267 2167 3367 2236 τὴν
3405 2167 3678 2236 ἁμαρτίαν
3721 2165 3921 2234 ποιήσῃ
3942 2166 4002 2216 ὲκ

2443 2259 2628 2327 μέσου.
2664 2259 2725 2312 Εἰ
2760 2258 2816 2310 δὲ
2857 2261 2970 2311 ὅσοι
3023 2259 3370 2327 περιτέμνειν
3418 2256 3727 2321 πείθοντες,
3756 2257 4001 2324 λέγουσιν

2439 2352 2497 2402 ἐν
2522 2351 2671 2420 νόμῳ
2697 2349 3035 2403 δικαιοῦσθαι
3070 2351 3160 2403 τὸν
3191 2349 3476 2419 ἄνθρωπον
3500 2389 3516 2414 ,
3541 2348 3790 2418 περιττὸς
3815 2348 3844 2400 ὁ
3872 2347 4000 2414 Χριο

2441 2442 2567 2496 στοῦ
2603 2443 2830 2505 θάνατος
2862 2445 3104 2512 γέγονεν.

3045 2575 3297 2630 ΚΕΦΛΛ.
3348 2575 3418 2627 Γ’.

2516 2710 2532 2740 ι
2570 2687 2640 2741 Ὦ
2666 2690 2886 2758 ἀνόητοι
2921 2691 3178 2743 Γαλάται.
3217 2707 3234 2738 ι

2509 2783 2697 2848 Δείξας
2725 2784 2786 2835 τὸ
2806 2784 3003 2837 ἄτοπον
3035 2784 3129 2835 καὶ
3177 2783 3238 2833 τὸ
3278 2783 3592 2850 βλάσφημον
3612 2820 3626 2842 ,
3667 2777 3886 2850 θαρρῶν
3911 2778 4004 2828 ὲπ-

2440 2877 2614 2945 ήγαγε
2652 2878 2750 2945 τὴν
2783 2873 3089 2942 ἐπίπληξιν.

2515 2983 2533 3013 ι
2589 2964 2685 3025 Τίς
2742 2965 2885 3032 ὑμᾶς
2943 2963 3246 3014 ἐῦἀσκανεν
3294 2965 3358 3032 τῇ
3407 2960 3638 3031 ἀληθείᾳ
3687 2959 3761 3028 μὴ
3824 2958 4004 3010 πείθε-

2441 3056 2562 3110 σθαι
2587 3073 2600 3117 ς
2641 3075 2658 3106 ι

2519 3147 2756 3211 Ἐδειξεν
2777 3146 2954 3208 καλῶς
2976 3161 3309 3216 πράττοντας
3339 3145 3693 3214 πειθομένους
3720 3146 3784 3212 τῇ
3808 3143 4001 3193 πίστει.

776 3240 1084 3286 tenuerant.
1116 3231 1416 3286 Invidentia
1449 3234 1650 3302 quippe
1675 3234 1872 3288 lacessi
1905 3249 2012 3287 non
2061 3233 2342 3294 dicuntur,
2371 3212 2412 3266 θ

2336 3212 2412 3294 .C
2448 3239 2508 3292 EI
2542 3241 2615 3308 μὴ
2647 3240 2753 3307 γὰρ
2799 3238 2906 3290 τῶν
2958 3238 3308 3309 πραττόντων
3351 3236 3529 3299 καλῶς
3576 3239 3609 3304 ἡ
3642 3232 3905 3304 βασκανία
3946 3232 4002 3281 οὗ

778 3325 882 3376 nisi
919 3325 1121 3392 quibus
1154 3341 1242 3378 res
1275 3339 1534 3394 prospere
1566 3326 1886 3379 succedunt.
1914 3325 2078 3394 Atqui
2114 3323 2198 3379 his
2228 3340 2346 3377 ver-

781 3417 861 3469 bis
908 3432 1099 3472 rursus
1131 3432 1225 3470 eos
1257 3426 1477 3470 revocat
1524 3418 1587 3470 ad
1649 3419 1909 3487 gratiam,
1953 3433 2074 3488 quae,
2107 3417 2211 3471 [ide
2253 3433 2348 3483 pa-

780 3517 948 3560 ratur.

853 3618 870 3648 (
907 3599 1047 3654 Ante
1090 3615 1325 3669 quorum
1365 3601 1557 3654 oculos
1594 3599 1758 3654 Jesus
1790 3599 2046 3655 Christus
2097 3603 2348 3670 praescri-

779 3703 904 3757 ptus
936 3699 1041 3756 est,
1082 3692 1138 3744 in
1166 3693 1322 3747 vobis
1349 3693 1667 3748 cruciﬁxus.
1702 3691 1987 3763 [Ἠλεὶ]
2023 3691 2136 3747 lloc
2169 3695 2344 3747 solum

778 3803 806 3834 ιι
841 3784 991 3837 vobis
1028 3786 1151 3838 volo
1183 3785 1416 3840 discere.
1455 3805 1474 3837 ι

849 3873 904 3926 ln
956 3875 1277 3928 memoriam
1335 3889 1431 3930 eos
1483 3883 1746 3943 perpetuo
1797 3883 2021 3930 revocat
2076 3877 2267 3930 mortis
2293 3883 2347 3929 et

778 3966 981 4028 crucis,
1016 3981 1110 4035 per
1159 3980 1279 4035 qua:
1305 3967 1486 4021 deleto
1512 3975 1736 4034 peccato
1773 3966 2029 4020 viximus.
2055 3967 2191 4020 Cum
2246 3984 2344 4021 au-

780 4069 884 4110 tem
919 4059 995 4110 ait
1026 4075 1039 4110 :
1070 4058 1208 4110 Ante
1245 4057 1423 4109 oculos
1453 4059 1794 4124 prwscriptu:
1825 4068 1925 4120 est,
1953 4057 2229 4124 signiﬁcat
2259 4059 2345 4112 in-

780 4145 1084 4198 satiabilem
1131 4144 1409 4214 quondam
1461 4144 1631 4198 fuisse
1667 4161 1858 4198 eorum
1909 4161 2037 4212 erga
2067 4146 2343 4198 Christum

777 4251 1039 4300 amorem,
1066 4233 1140 4287 ita
1165 4239 1219 4284 ut
1240 4231 1356 4302 ejus
1377 4234 1825 4302 mysteriumante
1852 4237 2042 4291 oculos
2099 4237 2342 4305 ipsorum

779 4327 1152 4383 indesinenter
1181 4335 1512 4382 versaretur.

853 4441 872 4472 ι
910 4421 983 4474 Ex
1015 4422 1272 4490 operibus
1317 4421 1452 4490 legis
1497 4419 1760 4488 Spiritum
1808 4419 2127 4488 accepistis;
2179 4435 2247 4472 an
2280 4436 2345 4474 ex

778 4515 970 4567 auditu
1001 4513 1161 4568 ﬁdei?
1192 4511 1380 4580 |V£ns.
1411 4510 1488 4583 5.]
1520 4511 1614 4565 Sic
1647 4511 1796 4564 stulti
1833 4511 1987 4564 estis.
2023 4529 2040 4560 ι

850 4602 1074 4658 Plurimi
1104 4618 1296 4658 eorum
1323 4603 1417 4670 qui
1451 4602 1504 4654 in
1540 4602 1760 4655 Christo
1801 4602 2057 4670 baptizati
2086 4607 2267 4663 erant,
2292 4611 2348 4656 et

778 4705 1109 4766 acceperant
1141 4696 1403 4764 Spiritum
1443 4703 1721 4757 sanctum,
1754 4696 1956 4748 multas
1999 4698 2348 4763 operationes

778 4807 878 4860 per
929 4791 1108 4859 ipsum
1156 4786 1508 4859 praestabant,
1539 4797 1594 4842 et
1647 4801 1841 4856 magna
1891 4786 2157 4857 prodigia.
2222 4785 2348 4840 "an:

779 4885 943 4952 igitur
975 4881 1058 4936 eis
1106 4887 1520 4934 commemorat.
1571 4876 1630 4931 Si
1684 4877 1802 4947 lege
1851 4877 2036 4930 divina
2083 4879 2347 4932 miracula

780 4984 997 5044 patrare
1018 4986 1344 5026 concessum
1375 4984 1483 5024 non
1513 4977 1617 5034 est,
1639 4969 1731 5023 sed
1763 4969 1933 5039 gratia
1960 4969 2220 5038 Spiritus,
2249 4986 2350 5024 cur

781 5071 974 5125 relicto
998 5067 1092 5120 illo
1113 5065 1206 5134 qui
1256 5071 1410 5118 tanta
1459 5063 1575 5116 haec
1622 5061 1875 5131 praebuit,
1906 5062 2240 5133 confugiatis
2283 5063 2349 5115 ad

783 5164 974 5228 legem,
1005 5175 1126 5228 quae
1154 5159 1361 5212 viribus
1400 5158 1697 5212 delicitur?

855 5271 872 5302 ι
915 5250 984 5304 Ut
1013 5266 1138 5304 cum
1179 5249 1372 5318 spiritu
1400 5250 1702 5318 cmperitis,
1735 5266 1878 5303 nunc
1906 5265 2071 5303 carne
2095 5266 2349 5302 consum-

781 5344 1034 5399 memini?
1072 5363 1090 5392 ι

850 5457 1104 5510 Ostendit
1143 5471 1240 5509 eos
1284 5455 1532 5509 ordinem
1581 5455 1890 5516 invertisse.
1924 5454 1966 5506 Α
2011 5455 2352 5522 spiritalibus

785 5548 943 5620 164
992 5548 1137 5601 etaim
1190 5546 1258 5599 ad
1308 5547 1675 5616 spiritualiora
1738 5547 2048 5615 proceditur
2103 5565 2115 5599 :
2161 5553 2351 5599 contra

783 5658 912 5694 vero
954 5641 1057 5705 illi,
1095 5639 1338 5708 acceptis
1382 5640 1618 5708 primum
1668 5639 2072 5708 spiritualibus,
2121 5638 2186 5690 ad
2231 5653 2352 5691 car-

784 5733 926 5785 nalia
953 5732 1312 5794 transierant,
1339 5731 1404 5783 ad
1428 5731 1903 5785 circumcisionem
1936 5732 2163 5786 scilicet.
2212 5729 2356 5786 Bene

786 5841 912 5878 vero
941 5824 1094 5890 dicit,
1135 5824 1631 5878 -consummamini:
1688 5823 1739 5879 id
1790 5826 1932 5894 quod
1981 5826 2162 5891 posuit
2199 5842 2263 5880 ac
2307 5828 2352 5879 si

2447 3332 2689 3398 λέγεται.
2725 3331 2894 3382 Τοῦτο
2931 3331 2987 3382 δὲ
3018 3329 3212 3398 λέγων,
3253 3328 3562 3381 ἐκκαλεῖται
3611 3328 3772 3379 πάλιν
3803 3327 3884 3386 εἰς
3915 3325 4008 3391 τὴν

2445 3425 2533 3478 διὰ
2562 3424 2792 3485 πίστεως
2821 3424 2999 3494 χάριν.

2521 3624 2538 3655 ι
2569 3600 2664 3664 Οἷς
2687 3603 2804 3655 κατ’
2832 3600 3142 3669 ὀφθαλμοὺς
3169 3597 3377 3666 Ἰησοῦς
3420 3597 3650 3667 Χριστὸς
3688 3596 4005 3664 προεγράφη

2446 3700 2503 3749 ὲν
2549 3698 2674 3764 ὑμῖν
2709 3677 3141 3765 ἐσταυρωμένος.
3188 3691 3360 3744 Τοῦτο
3421 3692 3580 3760 μόνον
3636 3689 3774 3740 θέλω
3825 3689 4007 3756 μαθεῖν

2447 3790 2538 3854 d'g'
2569 3789 2741 3857 ὑμῶν.
2787 3808 2804 3838 ι

2518 3881 2761 3949 Συνεχῶς
2811 3880 3218 3948 ἀναμιμνήσκει
3261 3877 3460 3938 αὐτοὺς
3506 3874 3598 3928 τοῦ
3649 3875 3882 3927 θανάτου
3921 3874 4010 3922 καὶ

2444 3971 2539 4021 τοῦ
2591 3969 2825 4038 σταυροῦ
2855 4010 2869 4032 ,
2900 3969 2969 4021 δι’
3004 3962 3066 4021 οὗ
3133 3968 3233 4036 τῆς
3288 3967 3562 4036 ἁμαρτίας
3614 3965 4006 4029 ἀπαλλαγέντες

2448 4063 2738 4130 ὲζήσαμεν.
2769 4061 2842 4113 Τὸ
2890 4061 2967 4122 δὲ,
2998 4058 3342 4127 Πρω-γράφη
3392 4057 3504 4126 πρὸ
3557 4053 3900 4123 ὀφθαλμῶν,
3935 4054 4007 4102 εἰ·

2450 4169 2582 4219 ρηκε
2608 4191 2622 4213 ,
2653 4151 2866 4211 δεικνὺς
2897 4150 2988 4201 τὸν
3037 4149 3313 4217 ἄπληστον
3364 4146 3544 4201 αὐτῶν
3587 4146 3848 4215 πρότερον
3890 4143 4008 4210 περὶ

2445 4247 2534 4296 τὶν
2558 4244 2788 4314 Χριστὸν
2818 4244 3002 4304 πόθον,
3024 4243 3099 4305 ὡς
3132 4241 3220 4294 διὰ
3243 4241 3441 4302 παντὸς
3473 4240 3530 4290 ὲν
3559 4237 3857 4308 ὀφθαλμοῖς
3885 4236 4010 4304 ὁρᾷν

2445 4337 2507 4386 τὸ
2539 4337 2860 4404 μυστήριον.

2524 4448 2541 4478 ι
2592 4427 2680 4493 Ἐξ
2707 4429 2882 4496 ἔργων
2910 4427 3076 4496 νόμου
3103 4426 3162 4478 τὸ
3193 4424 3413 4495 Πνεῦμα
3431 4424 3671 4488 ἐλάϐετε,
3701 4423 3735 4493 ἢ
3762 4421 3820 4485 ἐξ
3851 4418 4011 4488 ἀκοῆς

2378 4546 2422 4600 D
2451 4520 2724 4580 πίστεωςς
2765 4519 2951 4580 Οὕτως
2977 4517 3192 4586 ἀνόητοί
3225 4518 3365 4570 ἐστε.
3405 4535 3422 4566 ι

2524 4611 2713 4663 Πολλοὶ
2743 4610 2850 4661 τῶν
2875 4608 3280 4677 βαπτισθέντων
3307 4607 3385 4669 εἰς
3414 4604 3646 4674 Χριστὸν
3665 4647 3678 4668 ,
3709 4603 3805 4656 καὶ
3831 4603 4015 4655 λαὸὁνο

2453 4721 2559 4754 των
2593 4699 2814 4768 Πνεῦμα
2841 4700 2994 4765 ἆγιον
3027 4697 3226 4760 πολλάς
3261 4695 3537 4765 ἐνεργείας
3581 4693 3798 4745 ἐποίουν
3825 4692 3890 4744 δι’
3920 4691 4015 4742 αὖ·

2453 4793 2546 4846 τοῦ
2583 4793 2676 4844 καὶ
2693 4795 2892 4860 σημεῖα
2942 4789 3171 4858 μεγάλα.
3203 4786 3391 4840 Αὐτῶν
3429 4782 3521 4838 οὗν
3554 4784 3776 4837 ὲκεένων
3825 4783 4015 4841 αὐτοὺς

2453 4885 2880 4954 ἀναμιμνήσκει.
2917 4883 2980 4934 Εἰ
3029 4881 3124 4942 τὰς
3159 4879 3504 4949 θεοσημείας,
3536 4879 3718 4945 φησὶν,
3744 4876 3841 4944 οὐχ
3880 4877 3908 4926 ὁ
3935 4875 4013 4923 νόρ-

2459 4995 2556 5047 μος
2582 4976 2818 5045 παρέσχε
2842 4973 3210 5040 ποιεῖν,ἀλλ⁹ἠ
3247 4971 3340 5023 τοῦ
3366 4969 3679 5036 Πνεῦματος
3709 4968 3886 5036 χάρις,
3909 4965 4015 5024 ττιττς

2455 5072 2546 5124 τὸν
2597 5071 2665 5122 τά
2715 5068 3014 5139 τηλικαῦτα
3066 5066 3448 5136 παρεσχηκότα
3488 5064 3751 5130 ἀφέντες,
3785 5059 3877 5112 ἐπὶ
3928 5059 4014 5108 τὸν

2456 5162 2782 5216 ἀσθενοῦντα
2816 5160 3175 5231 κατατρέχετμε
3222 5162 3418 5227 νόμον;

2534 5278 2552 5308 ς
2621 5255 3005 5325 Ἐναρξάμενοι
3052 5253 3321 5322 πνεύματι
3351 5293 3365 5315 ,
3402 5251 3494 5302 νῦν
3543 5251 3702 5319 σαρκὶ
3762 5249 4016 5300 ἐπιτελεῖ-

2459 5349 2598 5410 σθε;
2647 5367 2664 5398 ι

3991 5451 4015 5500 ὸ

2533 5460 2769 5522 Ἐδειξεν
2800 5459 2990 5518 αὐτοὺς
3015 5455 3110 5524 τὴν
3139 5454 3291 5519 τάξιν
3319 5453 3846 5525 ἀντι[σ]τρέψαντα;.
3906 5453 3986 5502 Απ

2460 5551 2568 5618 γάρ
2598 5551 2704 5602 τῶν
2736 5547 3063 5617 σωματικῶν
3097 5547 3187 5598 ἐπὶ
3229 5548 3297 5597 τά
3344 5542 3828 5612 πνευματικώτερα
3873 5540 4015 5610 ἔρχε-

2459 5658 2585 5693 ται·
2615 5643 2664 5692 οἱ
2701 5625 2758 5692 δὲ
2789 5639 3118 5703 τούναντίον,
3155 5639 3370 5708 πρῶτον
3399 5635 3649 5698 λαϐόντες
3681 5636 3750 5688 τά
3778 5650 4014 5700 πνευμα-

2461 5733 2610 5796 τικὰ,
2646 5733 2984 5802 μετέστησαν
3015 5734 3094 5794 εἰς
3144 5732 3212 5784 τά
3263 5730 3519 5798 σαρκικὰ,
3566 5729 3663 5797 τὴν
3722 5728 4018 5796 περιτομήν

2465 5843 2626 5891 φημι.
2653 5820 2725 5879 Εὖ
2761 5825 2818 5878 δὲ
2854 5825 2947 5878 καὶ
2975 5825 3033 5878 τὸ
3057 5865 3070 5890 ,
3095 5823 3463 5879 ἐπιτελεῖσθε
3482 5863 3495 5888 ,
3521 5824 3592 5886 ὡς
3651 5822 3740 5874 ἐπὶ
3792 5821 4015 5887 ἀλόγων.
