4218 6448
225 394 329 457 793

1378 406 1456 465 IN
1497 406 1732 467 EPIST.
1774 409 2273 470 AD'GALATAS.

3352 409 3456 471 794

216 509 396 557 αὐτοῖς
437 508 759 577 παρέθηκεν,
795 511 869 562 ὡς
904 512 946 559 εί
993 513 1140 577 ἔλεγε
1174 515 1502 583 σαφέστερον
1526 532 1537 543 ·
1567 515 1772 585 Ὥσπερ
1804 524 1849 577 Α
1879 541 1882 561 ι

1804 524 1849 577 Α
1879 516 1945 569 de
1977 515 2280 584 pecudibus
2314 530 2494 569 sermo
2529 514 2685 569 foret.
2717 512 2878 567 Velut
2916 513 2959 569 si
2992 510 3333 568 manifestius
3369 513 3457 568 di-

214 594 386 663 ᾶλογα
431 597 721 667 θρέμματα
777 602 1043 671 παρέχετε
1090 604 1316 667 ἑαυτοὺς
1371 609 1449 667 εἰς
1504 606 1565 657 τὸ
1606 622 1774 658 κατα-

216 688 379 755 τέμνε
388 689 530 741 σθαι.

290 799 308 831 ι
342 780 591 836 Τοσαῦτα
625 783 851 836 ἐπάθετε
877 785 1029 855 είκῆ;
1061 787 1125 838 Et
1160 804 1222 856 γε
1267 790 1358 842 καὶ
1401 793 1545 859 εἰκῆ.
1569 811 1587 842 ι

285 956 406 1010 Τῶν
429 958 654 1025 ἀγώνων
684 961 906 1013 ἐκείνων
940 964 1029 1014 καὶ
1078 966 1187 1015 τών
1216 965 1391 1018 ἄθλων
1420 966 1617 1030 αὐτοὺς
1644 968 1778 1020 ἀνα-

216 1050 539 1135 μιμνήσκει,
571 1044 645 1104 ὧν
679 1053 881 1105 ἔπαθον
914 1054 999 1107 διὰ
1034 1056 1091 1106 τὸ
1138 1057 1415 1126 κήρυγμα.
1454 1060 1615 1126 Λέγει
1650 1056 1742 1110 οῦν
1765 1078 1777 1090 ·

216 1144 305 1210 Μὴ
334 1143 424 1194 τὸν
454 1143 717 1215 πρότερον
768 1144 919 1213 ὑμῶν
948 1148 1150 1197 ἐκεῖνον
1194 1148 1367 1200 πάντα
1416 1149 1581 1201 κόπον
1613 1150 1780 1220 ἀργὸν

217 1235 547 1303 ἐργάσησθε.
580 1235 751 1290 Τοῦτο
778 1239 885 1308 γὰρ
906 1239 1055 1307 δηλοί
1080 1240 1153 1294 τὸ.
1176 1242 1243 1291 Εἴ
1275 1258 1335 1307 γε
1357 1243 1451 1293 καί
1483 1241 1637 1310 εἰκῆ,
1661 1243 1780 1295 ἀντὶ

216 1325 412 1390 τοῦ,Εί
444 1327 518 1397 μὴ
543 1329 962 1399 μετανοήσαντες
1001 1332 1161 1383 αὑτὸν
1194 1332 1481 1402 φυλάξητε.

291 1524 309 1555 ι
359 1506 418 1557 '0
446 1505 539 1558 οῦν
576 1506 922 1577 ἐπιχορηγῶν
957 1506 1081 1576 ὑμῖν
1122 1507 1183 1559 τὸ
1216 1507 1460 1576 Πνεῦμα,
1492 1510 1586 1560 κα.)⁵
1625 1510 1777 1581 ἐνερ-

216 1598 328 1664 γῶν
362 1597 617 1665 δυνάμεις
648 1598 707 1650 ἐν
744 1598 891 1668 ὑμῖν,
927 1596 986 1661 ἐξ
1030 1597 1207 1667 ἔργων
1243 1599 1432 1666 νόμον),
1458 1598 1491 1667 ἢ
1521 1598 1580 1662 ἐξ
1612 1603 1778 1669 ἀκοῆς

218 1690 453 1747 πίστεως
476 1705 490 1753 ;
521 1708 539 1739 ι

294 1782 359 1833 ’Ὀ
401 1777 556 1833 εἶπεν
599 1780 854 1851 ἀνωτέρω
878 1820 894 1844 ,
926 1782 1023 1833 καὶ
1051 1782 1168 1834 νυνὶ
1213 1782 1594 1852 ἐπιλαμϐάνει,
1622 1784 1777 1837 ἐκδυ-

1877 617 2030 660 ceret
2074 626 2087 660 :

1877 698 2051 751 [υιίἰς.

1950 789 2114 843 Vens.
2137 790 2190 842 4.
2230 808 2247 839 ι
2278 790 2451 843 Tanta
2479 792 2623 859 passi
2651 789 2787 845 estis
2809 790 2928 843 sine
2952 789 3159 843 causa?
3190 787 3247 843 Si
3273 796 3453 844 tamen

1880 882 1994 933 sine
2020 897 2209 934 causa.
2244 900 2261 929 ι

1951 971 2267 1024 Memoriam
2300 970 2528 1024 rel'ricat
2563 986 2793 1039 agonum
2841 979 2894 1023 et
2928 970 3297 1024 certaminum
3333 970 3455 1024 illo-

1881 1079 2037 1126 rum,
2094 1079 2216 1132 quze
2269 1073 2491 1132 propter
2542 1062 2982 1132 prmdicationem
3041 1063 3313 1117 obierant.
3367 1061 3459 1113 Ait

1880 1171 2010 1224 ergo
2062 1174 2074 1207 :
2131 1154 2311 1208 Nolite
2364 1155 2657 1224 pristinum
2723 1154 2876 1206 illum
2938 1169 3155 1207 onmem
3216 1152 3457 1205 laborem

1880 1250 2127 1304 inutilem
2156 1260 2209 1303 et
2250 1264 2450 1303 vanum
2482 1250 2730 1303 reddere.
2787 1247 2899 1302 lloc
2938 1249 3083 1301 enim
3128 1248 3305 1301 verbis
3336 1245 3457 1300 istis

1880 1343 2255 1411 signiﬁcatur:
2286 1341 2343 1396 Si
2372 1352 2543 1393 tamen
2566 1344 2677 1395 sine
2707 1358 2906 1405 causa;
2937 1342 2989 1393 id
3016 1350 3099 1394 est
3127 1341 3229 1393 nisi
3255 1340 3455 1393 factum

1879 1435 2143 1489 mutando
2169 1435 2439 1504 integrum
2465 1448 2589 1486 eum
2628 1432 2975 1487 custodiatis.

1950 1526 2117 1580 Vsus.
2149 1527 2201 1580 5.
2258 1546 2274 1577 ι
2319 1526 2419 1591 Qui
2461 1540 2590 1594 ergo
2634 1525 2825 1578 tribuit
2856 1525 3014 1578 vobis
3062 1522 3359 1592 Spiritum,
3404 1533 3459 1578 et

1877 1630 2134 1684 operatur
2160 1617 2389 1671 virtutes
2434 1617 2487 1669 in
2513 1614 2693 1678 vobis,
2721 1630 2786 1668 ex
2817 1614 3077 1684 operibus
3106 1613 3261 1682 legis,
3294 1627 3362 1665 an
3390 1628 3457 1666 ex

1878 1710 2064 1761 auditu
2098 1706 2266 1760 fidei?
2303 1726 2321 1756 ι
3343 1756 3349 1762 .

1948 1799 2103 1853 Nunc
2132 1813 2351 1868 quoque
2382 1797 2607 1852 resumit
2659 1796 2792 1850 illud
2839 1794 2983 1865 quod
3023 1810 3187 1863 supra
3223 1794 3455 1858 dixerat,

2148 608 2418 677 pecudum
2472 607 2645 661 instar
2676 622 2773 660 vos
2820 606 2922 675 ipsi
2969 605 3337 661 concidendos
3366 605 3454 661 of-

221 1873 419 1925 σωπῶν
471 1874 667 1936 αὐτοῦς
711 1877 777 1944 τῇ
813 1873 990 1945 δωρεᾷ
1039 1867 1115 1926 ὧν
1164 1874 1457 1945 εἰλήφεσαν
1503 1878 1775 1947 χαρισμά-
1804 1880 1847 1932 Β
1882 1908 1887 1939 ι

1804 1880 1847 1932 Β
1882 1900 1939 1943 ut
1967 1907 2063 1945 eos
2096 1867 2431 1959 ptidel‘aciat,
2459 1890 2680 1958 objecto
2719 1903 2945 1942 munere
2978 1887 3275 1957 gratiarum
3318 1899 3455 1956 quas

214 1980 342 2021 των.

299 2075 319 2107 ι
361 2054 557 2118 Καθὼς
589 2055 839 2126 Ἀϐραὰμ
862 2057 1148 2111 ἐπίστευσε
1186 2057 1266 2127 τῷ
1306 2057 1422 2128 Θεῷ
1442 2096 1457 2122 ,
1492 2061 1584 2110 καὶ
1613 2058 1779 2127 ἐλογί-

216 2151 320 2218 σθη
351 2148 501 2217 αὺτῷ
527 2152 607 2211 εἰς
648 2149 1017 2219 δικαιοσύνην.
1057 2170 1075 2200 ι

294 2240 513 2311 Ἐπειδὴ
545 2242 594 2293 ot
621 2241 927 2305 ’ἰουδαΐζειν
958 2242 1379 2309 ἀναγκάζοντες,
1412 2244 1778 2312 πρεσϐύτερον

211 2335 400 2401 ἔλεγον
418 2333 511 2385 τὸν
532 2334 691 2403 νόμον
712 2334 811 2404 τῆς
832 2333 1088 2399 πίστεως,
1111 2337 1174 2387 ἐκ
1192 2334 1285 2387 τοῦ
1309 2336 1550 2389 ἐναντίου
1568 2336 1777 2388 δείκη-

210 2442 294 2475 σιν
320 2426 350 2476 ὀ
382 2423 591 2486 Παῦλος
631 2424 1013 2495 πρεσϐυτέραν
1042 2424 1142 2494 τὴν
1176 2426 1358 2479 πίστιν
1384 2428 1448 2479 ἐκ
1491 2427 1590 2495 τῆς
1617 2444 1775 2496 περι-

204 2514 406 2582 τομῆς.
444 2516 552 2566 Καὶ
603 2514 790 2585 ἐπειδὴ
843 2516 986 2585 μέγα
1034 2517 1296 2587 ἐφρόνουν
1350 2516 1426 2586 τῷ
1470 2519 1776 2587 προπάτορι

218 2606 490 2676 Ἀϐραὰμ,
514 2608 606 2659 καὶ
628 2609 691 2660 ἐκ
719 2607 907 2662 τούτου
944 2609 1104 2663 πάλιν
1134 2610 1331 2672 αὐτοὺς
1369 2611 1688 2664 ἐκδυσωπεῑ.
1713 2613 1775 2663 Εἰ

207 2703 316 2771 γὰρ
352 2702 601 2773 Ἀϐραὰμ
626 2704 708 2771 ἐφ’
732 2695 776 2771 ᾧ
806 2704 1060 2774 φρονοῦσι
1085 2704 1247 2774 μέγα,
1279 2706 1530 2773 φαίνεται
1560 2704 1777 2774 πρῶτος

204 2792 303 2861 τὴν
333 2792 516 2845 πίστιν
539 2792 850 2864 δεξάμενος,
878 2794 973 2846 καὶ
1011 2794 1077 2846 δι’
1109 2794 1280 2863 αὐτῆς
1310 2793 1461 2862 φίλος
1501 2810 1774 2866 προσηγο-

208 2883 499 2954 ρευόμενος
519 2884 675 2951 θεοῦ,
702 2886 853 2956 πόσῳ
886 2886 1085 2956 μᾶλλον
1118 2881 1265 2941 οῦτοι
1305 2887 1774 2957 προσδραμοῦνται

205 2974 369 3044 αὐτῇ,
401 2974 543 3043 εἴγε
573 2975 671 3046 τὴν
704 2978 913 3030 ἐκείνου
944 2977 1168 3047 αὑχοῦσι
1202 2980 1522 3047 συγγένειαν
1548 2995 1563 3043 ;

280 3177 299 3208 ε
344 3157 647 3212 Γινώσκετε
672 3159 779 3230 ἄρα
800 3159 950 3213 ὃτιοί
967 3161 1033 3212 ἐκ
1064 3160 1320 3224 πίστεως,
1337 3152 1482 3213 οῦτοῖ
1509 3159 1647 3213 εἰσιν
1668 3159 1773 3212 υἱοὶ

219 3251 492 3321 Ἀϐραάμ.
534 3270 553 3303 ι

272 3343 556 3394 Δείκνυσιν
572 3341 640 3394 τὰ
659 3340 783 3412 ἔθνη
817 3342 1016 3413 μᾶλλον
1031 3342 1116 3395 διὰ
1130 3343 1227 3413 τῆς
1250 3344 1485 3405 πίστεως
1506 3342 1775 3412 αὑχοῦντα

206 3434 417 3503 πατέρα
448 3432 539 3485 τὸν
579 3430 849 3503 Ἀϐραὰμ,
879 3433 912 3504 ἢ
949 3433 1075 3496 τοὺς
1104 3434 1168 3486 ἐκ
1200 3434 1520 3504 περιτομῆς.
1544 3433 1646 3486 Τὸν
1666 3434 1774 3505 γὰρ

216 3525 470 3596 Ἀϐραὰμ
501 3525 652 3594 φίλον
706 3524 927 3595 ἐποίησε
954 3525 1088 3578 Θεοῦ
1118 3526 1152 3595 ὴ
1197 3525 1400 3590 πίστις,
1431 3527 1527 3595 οὐχ
1553 3527 1586 3596 ὴ
1620 3542 1775 3597 περι-

205 3618 370 3686 τομὴ,
398 3616 453 3668 εἴ
478 3633 542 3685 γε
576 3618 811 3687 σφραγὶς
838 3618 931 3669 καὶ
962 3619 1187 3687 σημεῖον
1212 3617 1313 3687 τῆς
1342 3616 1577 3681 πίστεως
1613 3619 1773 3686 γέγο-

206 3724 295 3759 νεν
315 3710 349 3777 ἡ
369 3708 659 3776 περιτομή·
675 3706 736 3758 τὸ
754 3706 812 3757 δὲ
837 3706 1278 3777 σημεῖονέκείνου
1292 3701 1353 3760 οῦ
1375 3709 1489 3759 ἐστι
1521 3710 1771 3777 σημεῖον,

205 3798 433 3849 ἔλασσόν
463 3798 629 3859 ἐστιν,
661 3796 802 3849 ὥστε
828 3799 875 3849 ot
904 3796 969 3849 ἐκ
997 3796 1253 3863 πίστεως,
1289 3797 1488 3867 μᾶλλον
1522 3798 1773 3867 κληθεῖεν

203 3888 428 3950 εἰκότως
462 3886 556 3941 τοῦ
596 3887 844 3959 Ἀϐραὰμ
890 3887 1014 3949 υἱοὶ,
1048 3887 1082 3957 ἢ
1108 3889 1157 3940 οἱ
1211 3889 1271 3939 ἐκ
1309 3891 1407 3959 τῆς
1447 3887 1769 3958 περιτομῆς,

204 3976 301 4036 ut
326 3981 567 4051 τοσούτῳ
594 3981 704 4051 ὅσῳ
730 3981 927 4051 χρυσὸς
956 3981 1056 4051 τῆς
1086 3981 1377 4051 σφραγίδος
1407 3980 1594 4034 αὑτοῦ.

281 4186 299 4216 ι
335 4165 635 4236 Προῐδοῦσα
661 4166 694 4234 ὴ
723 4164 936 4235 Γραφὴ,
968 4165 1049 4217 ὅτι
1101 4164 1165 4217 ὲκ
1210 4165 1444 4226 πίστεως
1474 4165 1671 4216 δικαιοῖ
1702 4165 1771 4216 τὰ

204 4260 331 4329 ἔθνη
367 4260 396 4310 ὁ
422 4257 574 4319 Θεός.
608 4276 627 4307 ι

275 4353 395 4404 Ἵνα
426 4351 499 4420 μὴ
522 4350 648 4421 δόξῃ
672 4348 1125 4420 ἐνθυμηματικῶς
1141 4347 1297 4402 τοῦτο
1319 4346 1766 4416 κατασκευάζειν,

206 4446 300 4497 καὶ
327 4444 423 4513 τὴν
456 4442 675 4513 Γραφὴν
714 4443 844 4514 περὶ
878 4441 1068 4495 τούτου
1114 4441 1493 4512 μαρτυροῦσαν
1524 4440 1695 4512 φέρει.

279 4551 297 4582 ι
339 4531 846 4601 Προευηγγελίσατο
889 4529 967 4600 τῷ
1008 4530 1273 4601 Ἀϐραάμ.
1315 4549 1333 4581 ι

276 4625 421 4693 Ὅρα
466 4623 583 4685 πῶς
635 4622 733 4691 τὴν
772 4622 901 4691 περὶ
954 4622 1063 4675 τῶν
1116 4621 1282 4674 ἐθνῶν
1322 4623 1642 4692 συγγένειαν
1678 4641 1765 4693 γι-

208 4716 445 4785 νομένην
492 4714 628 4784 πρὸς
686 4710 969 4783 Ἀϐραὰμ,
999 4713 1367 4783 Εὑαγγέλιον
1418 4715 1675 4769 ἐκάλεσεν
1736 4717 1770 4787 ή

208 4807 423 4878 Γραφή.

281 4940 297 4967 ι
341 4920 465 4971 Ὅτι
506 4917 1019 4988 ἐνευλογηθήσονται
1061 4919 1119 4969 ἐν
1166 4918 1247 4970 σοὶ
1290 4918 1468 4972 πάντα
1509 4919 1576 4972 τὰ
1615 4918 1763 4988 ἔθνη.

1880 1991 2224 2052 acceperant.

1953 2072 2114 2127 Vens.
2149 2074 2200 2125 ti.
2251 2090 2269 2123 ι
2308 2071 2464 2124 Sicut
2498 2070 2769 2123 Abraham
2796 2067 3032 2122 credidit
3065 2067 3193 2124 Deo.
3218 2076 3269 2121 et
3297 2083 3456 2139 repu.

1878 2176 2049 2220 tatutn
2081 2173 2165 2218 est
2198 2165 2273 2218 illi
2304 2165 2371 2217 ad
2402 2163 2694 2233 justitiam.
2730 2181 2747 2212 ι

1947 2256 2421 2326 Quandoquidem,
2467 2255 2559 2323 qui
2605 2253 2890 2323 judaizare
2942 2251 3233 2322 cogebant,
3281 2251 3452 2322 legem

1877 2350 2242 2419 antiquiorem
2267 2362 2387 2402 esse
2412 2346 2515 2400 (ide
2554 2344 2900 2416 garriebant;
2929 2351 3122 2397 contra
3151 2344 3354 2397 Paulus
3385 2357 3453 2396 ex

1876 2440 2315 2496 circumcisiouis
2362 2438 2648 2492 sanctione
2688 2437 2890 2490 evincit
2936 2436 3095 2490 tidem
3138 2450 3264 2490 esse
3313 2434 3454 2488 anti-

1876 2534 2144 2603 quiorem.
2167 2531 2229 2584 Et
2248 2531 2379 2601 quia
2406 2544 2607 2600 proavo
2634 2527 2910 2581 Abraham
2935 2526 3227 2581 admodum
3257 2542 3454 2596 super-

1879 2626 2121 2688 biebant,
2153 2638 2219 2677 ex
2264 2623 2499 2690 ipsomet
2529 2619 2794 2689 pudorem
2845 2620 2926 2673 eis
2988 2633 3206 2673 rursum
3247 2618 3445 2687 injicit.

1876 2715 2010 2769 Nam
2038 2714 2086 2769 si
2117 2712 2390 2767 Abraham
2418 2712 2577 2780 cujus
2607 2711 2788 2781 gratia
2812 2710 3041 2762 multum
3061 2716 3323 2779 arrogant
3345 2708 3452 2764 sibi

1875 2808 2112 2877 primum
2178 2805 2438 2859 habuisse
2497 2804 2652 2857 [idem
2711 2802 3005 2872 reperitur,
3052 2815 3264 2871 perque
3330 2816 3451 2855 eam

1876 2902 2087 2954 amicus
2112 2897 2209 2951 Dei
2242 2906 2594 2964 nuncupatus
2622 2903 2739 2959 est;
2793 2902 2999 2963 quanto
3029 2892 3202 2962 magis
3230 2892 3295 2946 ad
3333 2907 3452 2946 eam

1874 2992 1963 3046 isti
1980 2991 2566 3049 deberentaccurrere,
2582 2986 2628 3041 si
2650 2984 3130 3066 consanguinitate
3158 2984 3307 3039 illius
3332 2984 3451 3055 glo-

1877 3085 2108 3137 riantur.

1948 3174 2113 3228 Vsns.
2138 3174 2188 3227 7.
2226 3192 2245 3224 ‹
2281 3170 2604 3242 Cognoscitc
2632 3184 2784 3239 ergo,
2809 3168 2935 3237 quia
2960 3167 3049 3237 qui
3069 3184 3135 3221 ex
3169 3167 3269 3221 ﬁde
3300 3175 3448 3231 sunt,

1878 3268 1914 3322 ii
1949 3274 2077 3323 sunt
2105 3264 2197 3318 ﬁlii
2229 3263 2479 3317 Abrahae.
2513 3280 2531 3313 ι

1943 3355 2192 3412 Ostendit
2238 3354 2480 3425 gentiles
2521 3352 2887 3405 Abrahamum
2918 3350 3023 3404 sibi
3074 3348 3274 3417 potiori
3328 3345 3454 3417 jure

1872 3456 2147 3521 parentem
2196 3448 2408 3501 ratione
2465 3444 2585 3498 lidei
2638 3442 2954 3506 vindiCare,
3010 3456 3174 3511 quam
3228 3441 3321 3509 qui
3383 3455 3452 3493 ex

1870 3542 2295 3596 circumcisione
2336 3545 2542 3593 essent.
2590 3535 2751 3591 Fides
2783 3536 2984 3603 quippe
3010 3533 3282 3586 Abraham
3316 3531 3452 3585 ami-

1870 3648 1993 3689 cum
2026 3633 2155 3686 fecit
2191 3630 2306 3696 Dei,
2338 3644 2447 3683 non
2479 3627 2850 3682 circumcisio.
2893 3624 3176 3694 Siquidem
3212 3623 3451 3678 circum-

1870 3725 2005 3779 cisio
2036 3722 2384 3793 signaculum
2415 3729 2469 3773 et
2500 3727 2630 3773 nota
2663 3718 2785 3772 lidei
2808 3718 3020 3771 exstitit
3052 3735 3065 3770 :
3098 3724 3223 3768 nota
3269 3720 3451 3767 autem

1870 3816 2051 3870 minor
2078 3822 2160 3868 est
2185 3827 2251 3866 eo
2282 3813 2443 3879 cujus
2472 3821 2555 3864 est
2598 3818 2727 3864 nota
2764 3827 2779 3864 :
2822 3809 3082 3878 quocirca
3110 3806 3206 3877 qui
3249 3822 3315 3861 ex
3347 3804 3453 3860 ﬁde

1870 3913 2013 3967 sunt,
2046 3902 2251 3957 rectius
2283 3900 2625 3970 appellentur
2654 3897 2953 3952 Abrahami
2988 3896 3103 3959 lilii,
3149 3910 3313 3964 quam
3358 3895 3453 3963 qui

1870 4012 1933 4050 ex
1959 3993 2380 4047 circumcisione
2409 4009 2421 4045 :
2454 4006 2520 4043 eo
2555 3991 2730 4060 magis
2756 3988 2900 4059 quod
2943 4002 3138 4041 aurum
3168 3986 3453 4056 signaculo

1871 4102 1969 4141 suo
1990 4084 2282 4155 pretiosius
2304 4088 2406 4135 est.

1938 4177 2107 4231 Vens.
2154 4176 2209 4228 8.
2263 4192 2281 4224 ι
2333 4171 2636 4225 Providens
2687 4166 2996 4238 Scriptura,
3056 4183 3187 4237 quia
3230 4184 3295 4223 ex
3350 4168 3452 4222 llde

1864 4263 2130 4335 justilicat
2158 4270 2348 4332 gentes
2380 4259 2543 4314 Deus.
2584 4279 2603 4310 ι

1938 4355 2015 4410 Ne
2069 4354 2317 4410 videatur
2371 4350 2947 4422 argumentationibus
3008 4349 3113 4404 hoc
3179 4358 3446 4418 astruere,

1872 4446 2207 4516 Scripturam
2239 4460 2457 4515 quoque
2488 4452 2680 4497 testem
2712 4442 2952 4497 adducit.

1797 4564 1841 4620 υ
1945 4560 1964 4593 ι
2006 4536 2669 4595 PraeuuntiavitAbrahze.
2710 4554 2728 4586 ι

1940 4632 2155 4688 Videsis
2195 4630 2469 4700 quomodo
2528 4626 2814 4698 Scriptura
2866 4634 3142 4697 peractam
3202 4626 3443 4697 gentium

1870 4740 1993 4779 cum
2031 4723 2302 4778 Abraham
2340 4720 2900 4789 consanguinitatem,
2941 4719 3295 4788 Εὐαγγέλιον,
3329 4718 3448 4772 sive

1866 4818 2071 4872 bonum
2114 4815 2369 4868 nuntium
2403 4814 2637 4866 vocavit.

1942 4945 1959 4976 ι
1998 4924 2133 4990 Quia
2160 4923 2552 4979 benedicentur
2597 4922 2650 4975 in
2683 4928 2735 4975 te
2776 4936 2969 4975 omnes
3006 4930 3213 4990 gentes.
3254 4917 3442 4991 [νεεδ.

210 5012 373 5063 Ὠστε
420 5011 470 5061 oi
517 5011 581 5063 ἐκ
638 5009 871 5073 πίστεως
920 5009 1267 5078 εὐλογοῦνται
1324 5012 1419 5065 σὺν
1471 5010 1549 5080 τῷ
1592 5013 1768 5083 πιστῴ
1866 5022 1876 5073 ε

1866 5019 1946 5092 9.]
1978 5020 2146 5088 Igitur
2168 5016 2261 5086 qui
2288 5032 2352 5070 ex
2380 5016 2484 5071 lide
2514 5024 2663 5079 sunt,
2702 5013 3098 5070 benedicentur
3132 5027 3259 5067 cum
3302 4992 3443 5067 tideli

220 5102 495 5174 Ἀδραᾶμη
538 5121 556 5153 ι

277 5219 379 5273 Διὰ
413 5217 514 5287 τῆς
541 5217 731 5287 ὁμοίας
758 5217 1012 5281 πίστεως.

285 5350 303 5381 ι
348 5329 636 5400 ὐσοιγὰρ
663 5330 721 5396 ἐξ
769 5330 944 5401 ἔργων
986 5332 1148 5399 νόμου
1190 5334 1326 5384 εἰσὶν
1352 5373 1366 5395 ,
1398 5333 1502 5386 ὑπὸ
1534 5335 1774 5404 κατάραν

209 5424 363 5476 εἰσίν.
390 5421 702 5491 Γέγραπται
722 5424 856 5493 γὰρ,
876 5426 956 5476 ὅτι
989 5427 1414 5494 Ἐπικατάρατος
1444 5428 1550 5487 πᾶς
1581 5427 1637 5490 ὃς
1669 5428 1767 5480 οὐκ

209 5516 442 5584 ἐμμένει
488 5517 621 5569 πᾶσι
646 5519 755 5579 τοῖς
806 5517 1207 5587 γεγραμμένοις
1232 5520 1289 5569 ἐν
1325 5517 1402 5587 τῷ
1444 5518 1632 5590 βιϐλίῳ
1674 5521 1767 5574 τοῦ

210 5609 375 5678 νόμου
396 5606 489 5661 τοῦ
516 5608 737 5678 ποιῆσαι
766 5610 923 5665 αὐτά.
966 5631 984 5661 ι

279 5721 471 5786 Δείξας
500 5722 576 5786 ὡς
603 5724 637 5793 ἡ
671 5724 853 5788 πίστις
900 5724 968 5779 τὰ
1017 5725 1143 5794 ἔθνη
1185 5728 1400 5792 δικαιοῖ,
1433 5729 1527 5781 καὶ
1578 5729 1767 5781 τούτου

216 5814 520 5884 μαρτυρίαν
564 5815 630 5869 ἐκ
654 5816 750 5887 τῆς
793 5817 942 5879 θείας
986 5818 1205 5887 Γραφῆς
1258 5819 1535 5886 δεδωκὼς,
1564 5818 1770 5875 δείκνυ-

1869 5112 2160 5167 Abrabam.
2199 5128 2217 5159 ι

1941 5221 2021 5278 Ob
2049 5218 2390 5275 consimilem
2425 5217 2606 5272 tidem.

1944 5334 2105 5387 Vsus.
2148 5331 2236 5385 10.
2281 5349 2300 5381 ι
2334 5329 2661 5397 Quicunque
2698 5327 2841 5383 enim
2872 5341 2940 5381 ex
2991 5326 3250 5396 operibus
3307 5327 3441 5397 legis

1873 5434 2022 5489 sunt,
2053 5425 2154 5480 sub
2189 5423 2475 5477 maledicto
2509 5427 2656 5475 sunt.
2682 5418 2955 5490 Scriptum
2975 5427 3058 5474 est
3083 5417 3442 5474 enim:Male—

1872 5521 2052 5575 dictus
2077 5518 2258 5572 omnis
2288 5518 2381 5587 qui
2406 5530 2515 5569 non
2548 5514 2916 5584 permanserit
2947 5514 3001 5567 in
3032 5513 3288 5568 omnibus
3320 5527 3441 5583 qua

1874 5612 2076 5681 scripta
2115 5618 2243 5666 sunt
2281 5609 2337 5663 in
2377 5608 2516 5662 libro
2546 5609 2701 5675 legis,
2730 5614 2791 5660 ut
2827 5605 2991 5660 faciat
3019 5620 3103 5660 ea.
3134 5624 3152 5657 ι

1943 5720 2237 5791 Postquam
2281 5718 2531 5789 probavit
2584 5718 2895 5790 perfﬁdem
2929 5724 3117 5789 gentes
3168 5714 3436 5786 justitiam

1880 5813 2035 5887 165
2065 5812 2582 5886 adipisci,-ejusque
2618 5814 2699 5871 rei
2743 5810 3115 5870 testimonium
3155 5823 3220 5865 ex
3278 5806 3432 5864 Scri-
