4218 6448
730 345 835 407 ’795

1925 332 1986 389 S.
2027 324 2265 389 ΙΟΑΝΝ
2273 323 2346 383 IS
2382 317 2807 382 DAMASCENI

3862 300 3967 361 796

734 463 891 523 ptura
940 447 1184 518 protulit.
1236 444 1482 499 ostendit
1533 442 1759 509 insuper
1810 437 2134 491 maledictos
2180 439 2374 489 esseA

2303 439 2374 486 .A
2404 448 2487 484 σιν
2535 430 2609 492 ὡς
2641 429 2735 482 καὶ
2787 424 3084 494 κατάρατοι
3144 417 3382 486 γίνονται
3421 415 3467 465 οἱ
3523 409 3851 481 ἐμμένοντες
3889 406 3969 478 τῷ

731 546 823 616 qui
857 545 957 612 legi
994 538 1345 610 pertinaciter
1382 535 1781 589 adhaerescunt.

812 638 975 689 Vens.
1024 633 1109 694 ll,
1145 631 1231 684 12.
1291 650 1308 681 ι
1337 628 1602 696 Quoniam
1654 635 1834 679 autem
1885 624 1939 675 in
1981 622 2098 688 lege
2142 631 2300 672 nemo

732 726 1061 794 juStitieatur
1095 720 1236 791 apud
1270 719 1461 779 Deum,
1488 713 1835 770 manifestum
1855 723 1938 768 est
1963 713 2091 783 quia
2118 710 2302 780 justus

735 833 799 868 ex
839 815 942 866 title
977 814 1137 866 vivet.
1171 810 1277 863 Lex
1311 818 1491 861 autem
1521 820 1628 858 uon
1664 812 1837 859 estex
1861 800 1965 855 ﬁde
1995 819 2008 857 :
2047 799 2144 854 sed
2208 796 2302 867 qui

739 905 931 960 fecerit
962 918 1051 967 ea,
1083 902 1231 955 vivet
1256 900 1310 953 in
1347 898 1474 951 illis.
1506 915 1524 947 ι

811 993 924 1047 Iloc
958 1007 1054 1047 ceu
1084 998 1262 1044 ratum
1315 990 1641 1054 tirmumque
1681 983 1901 1043 statuit,
1933 980 2210 1035 neminem
2249 978 2304 1031 in

740 1085 859 1155 lege
883 1085 1092 1151 justum
1124 1078 1379 1135 evadere.
1420 1075 1558 1131 Cum
1590 1075 1734 1129 enim
1769 1072 2029 1143 praefatus
2063 1072 2159 1133 sit,
2193 1084 2309 1122 ma-

741 1174 995 1231 Iedictum
1048 1184 1171 1225 esse
1207 1166 1522 1236 quicunque
1552 1169 1722 1215 totam
1757 1162 1929 1236 legem
1974 1174 2081 1211 non
2116 1156 2309 1229 imple-

741 1266 899 1327 verit,
931 1278 1030 1317 nec
1060 1260 1176 1313 tlcri
1227 1271 1391 1327 posse
1426 1256 1657 1309 uthanc
1703 1253 1921 1322 impleat
1977 1251 2176 1316 homo;
2228 1249 2310 1302 id-

739 1359 887 1411 circo
924 1353 1184 1407 audacter
1209 1347 1533 1402 sententiam
1564 1344 1933 1415 pronuntiavit
1968 1360 1982 1395 :

816 1447 979 1501 Vens.
1033 1445 1119 1497 15.
1166 1461 1184 1492 ι
1225 1441 1481 1494 Christus
1515 1454 1613 1491 nos
1666 1436 1896 1491 redemit
1925 1436 1993 1489 de
2022 1430 2314 1487 maledicto

747 1540 901 1608 legis,
931 1536 1110 1589 lat-tus
1146 1547 1243 1601 pro
1274 1531 1436 1585 nobis
1463 1528 1812 1582 maledictum
1847 1545 1860 1580 :
1888 1526 2017 1596 quia
2049 1522 2313 1590 scriptum

744 1637 828 1681 est
862 1645 877 1680 :
913 1624 1234 1678 Maledictus
1268 1622 1445 1676 omnis
1475 1620 1563 1690 qui
1600 1616 1795 1688 pendet
1829 1618 1885 1671 in
1928 1617 2094 1686 ligno.
2125 1632 2144 1665 ι

816 1799 1097 1855 Obnoxius
1148 1795 1370 1866 quidem
1436 1792 1669 1863 populus
1718 1799 1839 1845 erat
1900 1784 2308 1846 maledictioni,

748 1909 855 1961 qua
887 1887 1357 1945 coudemnabatur
1408 1883 1659 1953 quisquis
1703 1897 1810 1934 non
1854 1883 2200 1947 permaneret
2254 1874 2309 1926 in

750 1984 1006 2037 «utinibus
1061 1996 1184 2050 qua:
1247 1977 1457 2046 scripta
1521 1982 1706 2028 essent
1765 1972 1818 2024 in
1878 1971 2021 2024 libro
2075 1967 2213 2036 legis
2240 1964 2308 2017 ".

749 2076 1001 2130 Christus
1031 2088 1158 2127 vero
1211 2068 1651 2137 imprccationem
1688 2065 1827 2118 hanc
1872 2063 2042 2115 altera
2090 2074 2311 2128 permu—

753 2168 908 2232 tavit,
942 2180 1049 2237 qua
1083 2152 1361 2218 ferebatur
1391 2179 1404 2215 :
1447 2157 1763 2213 Muleilictus
1794 2154 1962 2207 onmis
2008 2152 2098 2221 qui
2130 2147 2311 2217 pendet

754 2261 807 2312 in
839 2256 1064 2326 ligno".
1098 2253 1370 2318 Quoniam
1415 2266 1568 2318 ergo,
1611 2256 1724 2300 tum
1776 2243 1867 2298 ille
1899 2240 1992 2312 qui
2028 2242 2225 2311 pendet
2268 2238 2314 2290 is

756 2350 1077 2405 maledictus
1103 2357 1209 2407 est.
1244 2355 1358 2398 tum
1384 2343 1475 2397 ille
1516 2339 1607 2409 qui
1634 2339 1811 2408 legem
1844 2336 2034 2399 violat,
2065 2342 2149 2388 cst
2176 2348 2315 2402 quo-

755 2460 862 2514 que
895 2442 1255 2505 maledictus;
1298 2452 1475 2506 neque
1505 2442 1931 2487 consentaneum
1959 2436 2098 2490 erat,
2132 2436 2191 2479 ut
2221 2426 2314 2493 qui

757 2534 1189 2591 exsecrationem
1260 2530 1403 2584 hanc
1468 2526 1736 2586 solveret,
1793 2520 1968 2573 eidem
2034 2517 2317 2585 subjectus

761 2630 942 2682 foret:
981 2624 1075 2680 sed
1133 2622 1416 2693 oportebat
1476 2626 1533 2671 ut
1575 2612 2005 2670 exsecrationem
2056 2610 2213 2663 istam
2262 2607 2315 2658 ia

762 2737 884 2775 sese
916 2720 1182 2787 reciperet
1209 2730 1304 2785 pro
1339 2714 1530 2774 altera,
1559 2725 1667 2779 qua
1696 2707 1985 2761 damnatus
2007 2709 2121 2755 erat
2141 2700 2231 2770 qui
2263 2700 2318 2752 in

762 2814 830 2867 iis
860 2826 981 2881 qum
1011 2809 1219 2878 scripta
1249 2814 1374 2860 sunt
1402 2819 1509 2856 non
1543 2803 1881 2872 permaneret
1905 2814 1919 2849 :
1942 2800 2229 2863 capropter
2252 2790 2321 2844 ab

765 2905 867 2957 hac
900 2900 1118 2971 quidem
1146 2896 1407 2951 immunis
1439 2895 1560 2947 fuit.
1592 2888 1716 2945 Non
1744 2888 1881 2942 enim
1902 2884 2056 2939 dolus
2084 2884 2322 2938 iuventus

765 2994 949 3065 fuitin
981 3006 1071 3045 ore
1098 2989 1210 3059 ejus
1232 2988 1278 3019 ³¹
1320 3005 1335 3041 :
1387 2987 1533 3038 illam
1593 2997 1719 3037 vero
1755 2977 1995 3041 admisit,
2023 2974 2113 3031 cui
2157 2972 2322 3028 devo-

767 3064 994 3137 vebatur
1024 3079 1205 3133 omnis
1234 3076 1327 3147 qui
1357 3074 1616 3146 penderet
1642 3073 1695 3126 in
1733 3072 1899 3138 ligno,
1934 3081 2139 3137 perque
2162 3064 2322 3120 istam

768 3173 989 3227 sustulit
1037 3170 1248 3223 aliam:
1296 3175 1349 3223 et
1379 3168 1523 3233 sicut
1556 3180 1665 3219 uno
1713 3160 1967 3232 quopiam
2018 3157 2179 3212 morti
2228 3154 2318 3209 ad-

769 3266 940 3329 dicto,
973 3265 1018 3318 si
1053 3261 1176 3333 quis
1207 3263 1396 3315 insons
1431 3258 1579 3313 illius
1608 3258 1729 3308 vice
1780 3261 1976 3322 sponte
2006 3249 2145 3305 mori
2175 3248 2327 3309 velit,

773 3361 918 3415 hunc
955 3372 1114 3428 ptena
1152 3355 1338 3423 eripit,
1370 3347 1645 3404 consimili
1674 3345 1841 3401 etiam
1874 3343 2037 3397 modo
2079 3340 2333 3395 Christus

774 3456 924 3507 fecit.
962 3450 1147 3519 Itaque
1185 3442 1639 3516 quemadmodum
1677 3439 1796 3493 sine
1826 3436 2058 3490 crimine
2104 3440 2334 3488 mortem

773 3543 1045 3605 obeundo,
1078 3558 1105 3593 a
1142 3547 1315 3593 morte
1343 3536 1543 3590 exemit
1577 3532 1700 3586 illos
1728 3529 1823 3599 qui
1855 3527 2014 3581 morti
2048 3532 2204 3579 erant
2236 3521 2339 3575 oh-

776 3638 951 3701 noxii,
983 3636 1056 3689 ita
1080 3647 1300 3701 quoque
1323 3626 1760 3683 exsecrationem
1786 3621 2034 3682 subiens,
2077 3616 2145 3671 ab
2179 3629 2340 3669 exse-

776 3731 1028 3786 cratione
1053 3728 1176 3781 illos
1205 3723 1474 3776 liberavit.

851 3823 1015 3875 Vens.
1053 3820 1141 3871 Η.
1195 3836 1213 3867 ι
1255 3815 1324 3869 Ut
1372 3817 1425 3867 iu
1483 3810 1737 3884 gentibus
1768 3803 2079 3861 benedictio
2114 3801 2343 3855 Abrahae

782 3912 930 3966 ﬁeret
963 3911 1017 3963 itt
1044 3909 1265 3963 Christo
1290 3903 1438 3959 Jesu.
1480 3924 1497 3953 ι

849 3996 1136 4066 Quomodo
1174 3996 1227 4049 in
1277 3991 1575 4064 gentibus?
1639 3987 1705 4041 In
1747 3985 1965 4046 semine,
2006 3980 2205 4048 inquit,
2256 3990 2344 4031 tuo

786 4092 1150 4147 dieuedicentur
1183 4095 1359 4157 gentes
1385 4084 1467 4148 ³³;
1510 4082 1613 4135 hoc
1655 4090 1741 4133 est
1788 4077 1840 4128 iu
1877 4072 2126 4125 Domino.
2158 4068 2344 4121 Enim-

785 4198 911 4238 vero
945 4189 1002 4234 ut
1034 4180 1149 4249 ipse
1184 4175 1384 4231 alicubi
1408 4175 1525 4227 ait:
1563 4170 1687 4224 Non
1730 4167 1886 4228 dicit,
1938 4165 1992 4216 in
2042 4159 2346 4221 seminibus,

786 4272 937 4342 quasi
961 4272 1014 4322 in
1039 4268 1219 4321 multis
1244 4283 1261 4329 ;
1292 4263 1381 4318 sed
1414 4266 1469 4315 in
1500 4260 1692 4316 semine
1722 4268 1832 4318 tuo,
1856 4253 2007 4323 quasi
2030 4253 2082 4304 in
2100 4267 2227 4315 uno,
2255 4250 2351 4302 hoc

788 4373 863 4416 est
892 4361 1099 4415 Christo
1130 4358 1193 4412 3‘.
1220 4355 1355 4410 Nam
1386 4353 1499 4407 ﬁeri
1540 4366 1648 4406 non
1680 4356 1892 4420 poterat
1923 4353 1983 4400 ut
2018 4360 2114 4415 per
2136 4343 2352 4398 Judzeos

2404 541 2463 578 νο
2468 541 2553 592 μῳ
2561 563 2573 575 .

2480 636 2498 667 ι
2527 590 2665 667 νὈτι
2688 613 2745 664 δὲ
2779 613 2836 663 ἐν
2857 609 3006 678 νόμῳ
3026 605 3201 665 οὐδεὶς
3227 598 3531 655 δικαιοῦται
3561 595 3712 665 παρὰ
3733 592 3811 663 τῷ
3827 590 3968 661 Θεῷ,

2401 708 2557 778 δῆλον
2581 706 2662 759 ὅτι
2690 704 2718 756 ὁ
2745 702 2953 763 δίκαιος
2996 700 3061 751 ἐκ
3097 697 3330 754 πίστεως
3359 691 3602 760 ζήσεται.
3641 687 3702 739 '0
3731 684 3787 737 δὲ
3806 683 3972 751 νόμος

2403 799 2503 851 οὐκ
2529 796 2677 847 ἔστιν
2707 796 2770 845 ἐκ
2800 790 3052 850 πίστεως,
3077 784 3211 839 ἀλλᾶ
3265 785 3293 835 ὁ
3323 782 3563 852 ποιήσας
3610 776 3773 840 αὐτὰ,
3807 773 3970 844 ζήσε-

2404 905 2496 940 ται
2529 888 2589 938 ὲν
2622 885 2827 945 αὐτοῖς.
2841 901 2860 933 ι

2486 979 2577 1040 Ὧς
2624 973 3052 1046 ὁμολογούμενον
3097 966 3315 1031 ἐδέξατο
3350 963 3414 1017 τδ
3443 961 3517 1031 μὴ
3545 958 3887 1014 δικαιοῦσθαι
3916 959 3976 1007 ἐν

2407 1070 2557 1139 νόμῳ
2610 1066 2749 1120 τινά.
2796 1060 3016 1131 Ἐπειδὴ
3073 1058 3183 1128 γὰρ
3232 1056 3523 1126 προεῖπεν,
3574 1050 3978 1117 ἐπικατάρατον

2407 1136 2539 1213 ὅντα
2579 1156 2670 1210 τὸν
2705 1156 2780 1225 μὴ
2811 1150 3122 1224 πληροῦντα
3180 1147 3351 1200 πάντα
3380 1143 3472 1196 τὸν
3503 1142 3688 1210 νόμον.
3716 1136 3978 1192 ἀδύνατον

2409 1253 2466 1305 δὲ
2502 1246 2569 1321 ἦν
2595 1249 2879 1318 ἄνθρωπον
2910 1241 3196 1314 πληρῶσαι
3223 1234 3409 1301 αὐτὸν,
3439 1232 3632 1288 τούτου
3665 1231 3822 1301 χάριν
3846 1228 3980 1298 θαρ-

2414 1343 2524 1412 ρὦ
2544 1341 2882 1410 ἀπεφήνατο.

2490 1456 2508 1488 ι
2547 1432 2779 1504 Χριστὸς
2826 1431 2971 1499 ὑμᾶς
3002 1426 3332 1497 ἐξηγόρασεν
3373 1424 3438 1475 ἐκ
3469 1420 3567 1488 τῆς
3615 1416 3857 1483 κατάρας
3885 1410 3980 1465 τοῦ

2413 1528 2615 1597 νόμου,
2651 1523 2940 1593 γενόμενος
2972 1520 3114 1590 ὑπὲρ
3173 1517 3330 1587 ἡμῶν
3379 1514 3632 1578 κατάρα’
3659 1510 3742 1563 ὅτι
3780 1506 3984 1574 γέγρα-

2417 1595 2590 1672 πται·
2649 1614 3085 1684 Ἐπικατάρατος
3131 1612 3239 1672 πᾶς
3287 1609 3317 1661 ὁ
3357 1606 3704 1677 κρεμάμενος
3745 1599 3836 1653 ἐπὶ
3886 1595 3985 1662 ξύ-

2416 1709 2532 1762 λου.
2560 1725 2580 1757 ι

2494 1798 2555 1848 '0
2585 1795 2685 1866 μὲν
2710 1793 2836 1854 λαὸς
2867 1790 3081 1860 κατάρᾳ
3123 1784 3422 1847 ὑπεύθυνος
3468 1778 3535 1852 ἦν
3565 1782 3632 1850 τῇ
3679 1776 3985 1832 καταδικα-

2416 1886 2583 1959 ζούσῃ
2632 1883 2723 1937 τὸν
2778 1881 2852 1952 μὴ
2907 1878 3212 1948 ἐμμένοντα
3240 1876 3375 1929 πᾶσι
3413 1875 3526 1935 τοῖς
3579 1867 3987 1939 γεγραμμένοις

2417 1980 2475 2031 ἐν
2528 1976 2607 2045 τῷ
2660 1972 2848 2045 βιϐλίῳ
2904 1969 2999 2023 τοῦ
3045 1967 3232 2037 νόμου.
3281 1966 3339 2019 ’0
3395 1964 3454 2018 δὲ
3507 1961 3740 2033 Χριστὸς
3792 1958 3987 2028 ἑτέραν

2418 2068 2662 2139 κατάραν
2686 2064 2891 2132 ταύτης
2946 2058 3312 2129 ἀντηλλάξαντο
3345 2057 3444 2125 τὴν
3475 2056 3741 2121 λέγουσαν
3762 2068 3777 2080 ’
3827 2050 3985 2102 Ἑπι-

2418 2137 2743 2224 κατάρατος
2769 2153 2887 2218 πᾶς
2911 2155 2942 2205 ὀ
2963 2150 3325 2220 κρεμάμενος
3344 2146 3442 2200 ἐπὶ
3470 2146 3681 2210 ξύλου.
3714 2140 3870 2194 Ἐπεὶ
3895 2137 3989 2191 οὖν

2419 2251 2514 2303 καὶ
2558 2251 2585 2302 ὀ
2618 2246 2960 2321 κρεμάμενος
3003 2242 3444 2309 ἐπικατάρατος,
3485 2236 3579 2288 καὶ
3625 2236 3654 2287 ὁ
3698 2233 3788 2285 τὸν
3825 2230 3992 2299 νόμον

2423 2340 2776 2413 παραϐαίνων
2806 2336 3238 2404 ἐπικατάρατος,
3268 2331 3359 2384 τὸν
3394 2328 3658 2400 μέλλοντα
3689 2324 3747 2376 δὲ
3774 2322 3991 2390 ἐκείνην

2419 2432 2569 2486 λύειν
2607 2430 2705 2499 τὴν
2759 2427 3043 2497 κατάραν,
3076 2421 3374 2477 ὑπεύθυνον
3430 2420 3529 2471 οὐκ
3587 2417 3693 2469 ἔδει
3739 2411 3994 2481 γενέσθαι

2422 2524 2580 2593 αὐτῇ,
2611 2522 2719 2576 ἔδει
2771 2520 2827 2573 δὲ
2859 2516 3116 2582 δέξασθαι
3164 2513 3405 2583 κατάραν
3454 2509 3568 2562 ἀντ’
3612 2506 3825 2573 ἐκείνης
3849 2545 3864 2564 .
3896 2503 3995 2570 τῆς

2425 2612 2899 2682 καταδικαζούσης
2925 2611 3071 2676 λέγω
3090 2651 3106 2674 ,
3134 2606 3226 2659 τὸν
3272 2604 3347 2675 μὴ
3384 2601 3692 2670 ἐμμένοντα
3722 2598 3857 2650 πᾶσι
3881 2596 3998 2655 τοῖς

2425 2704 2850 2777 γεγραμμένοις,
2882 2701 3073 2754 τούτου
3110 2697 3271 2766 χάριν
3292 2734 3306 2755 ,
3328 2694 3428 2763 τῆς
3459 2691 3556 2761 μὲν
3588 2687 3870 2755 ἐλεύθερος
3904 2683 4002 2749 γέ·-

2426 2776 2614 2868 γονεν’
2648 2798 2769 2864 Οὐχ
2805 2794 3016 2860 εὑρέθη
3045 2791 3157 2861 γὰρ
3175 2789 3354 2846 δάιος
3382 2785 3450 2835 ἐν
3480 2781 3560 2846 τῷ
3599 2781 3856 2847 στιςμοτι
3888 2776 4000 2825 αὑ-

2426 2889 2531 2943 τοῦ
2551 2907 2564 2919 ·
2594 2888 2797 2955 ταύτην
2844 2883 2899 2936 δὲ
2931 2882 3142 2942 ἔλαϐεν,
3168 2877 3267 2948 τὴν
3298 2872 3599 2928 ὑπεύθυνον
3624 2871 3786 2935 ἐαυτῇ
3822 2863 4001 2915 ’τοιοῦ-

2431 2994 2530 3029 σαν
2549 2974 2640 3028 τὸν
2674 2974 3022 3043 κρεμάμενον
3044 2969 3136 3023 ἐπὶ⁵
3160 2966 3341 3032 ξύλου,
3373 2962 3468 3017 καὶ⁵
3487 2962 3552 3014 δι’
3585 2957 3757 3025 αὐτῆς
3782 2956 4003 3019 ἐκείνην

2429 3069 2616 3123 ἔλυσεν
2653 3082 2668 3098 ·
2716 3042 2814 3119 καὶ
2865 3062 3111 3129 καθάπερ
3143 3058 3285 3120 τινος
3328 3047 3812 3107 καταδικασθέντος
3860 3042 4000 3094 άπο-

2429 3161 2613 3215 θανεῖν
2644 3201 2658 3221 ,
2706 3158 2894 3226 ’ἐτερος
2949 3151 3238 3210 ἀνεύθυνος
3294 3144 3547 3212 ἐλόμενος
3596 3135 3739 3206 ὑπὲρ
3789 3130 4000 3184 ἐκείνου

2431 3249 2727 3304 ἀποθανεῖν
2756 3222 3054 3315 ἐξαρπάζει
3085 3241 3182 3308 τῆς
3210 3233 3483 3307 τιμωρίας
3526 3227 3710 3288 αὐτὸν,
3739 3223 3884 3275 οῦτω
3910 3222 4003 3273 καὶ

2432 3342 2462 3394 ὁ
2498 3336 2731 3409 Χριστὸς
2772 3309 3029 3403 ἐποίησεν
3054 3348 3067 3360 ·
3101 3328 3294 3395 ὥσπερ
3324 3320 3418 3377 οὖν
3455 3322 3485 3373 ὁ
3528 3312 3814 3371 ἀποθανὼν
3844 3309 4003 3364 ἀνεύ-

2435 3436 2589 3496 θυνος
2614 3433 2739 3493 τούς
2765 3427 3050 3483 ἀποθανεῖν
3076 3420 3363 3494 μέλλοντας
3390 3413 3626 3480 ἐξείλετο
3668 3405 3902 3461 θανάτου
3930 3398 4009 3470 τῷ

2438 3494 2631 3582 ἑαυτοῦ
2665 3521 2896 3589 θανάτῳ,
2925 3517 3068 3572 οὓτω
3092 3515 3187 3568 καὶ
3215 3510 3460 3580 κατάραν
3488 3502 3780 3571 δεξάμενος
3809 3496 3841 3548 ὁ
3873 3494 4007 3564 Χρι-

2440 3619 2585 3681 στὸς,
2608 3616 2708 3697 τῆς
2728 3613 2973 3683 κατάρας
2995 3604 3272 3679 ἀπήλλαξε
3282 3620 3333 3657 ν.

2518 3813 2535 3844 ι
2575 3793 2692 3845 Ἵνα
2722 3792 2802 3851 εἰς
2826 3787 2893 3841 τά
2914 3785 3041 3851 ἔθνη
3077 3785 3112 3851 ἡ
3150 3776 3371 3846 εὐλογία
3419 3772 3514 3827 τοῦ
3559 3765 3810 3838 Ἀϐραὰμ
3844 3760 4008 3830 γένη-

2441 3903 2530 3937 ται
2560 3884 2618 3935 ἐν
2655 3877 2876 3951 Χριστῷ
2916 3873 3114 3943 Ἰησοῦ.
3151 3890 3169 3919 ι

2514 3974 2635 4035 Ilii;
2654 3941 2733 4033 είς
2760 3969 2830 4022 τὰ
2850 3941 2991 4036 ’ἒθνή
3019 3983 3036 4031 ;
3068 3962 3178 4015 Ἐν
3217 3959 3297 4024 τῷ
3323 3952 3614 4023 σπέρματί
3643 3964 3795 4036 σουἼ
3823 3941 4010 4036 φησιν.

2443 4031 2954 4132 εὐλοῇθῆσονται
2980 4031 2990 4036 ’
3016 4056 3089 4108 τὰ
3134 4052 3277 4114 ἔθνη
3298 4088 3312 4110 ,
3346 4044 3592 4100 τουτέστι
3653 4035 3885 4132 Κυρίου.
3926 4031 4011 4093 Ὦς

2446 4155 2553 4225 γάρ
2580 4123 2740 4214 άύτός
2763 4148 2866 4201 πού
2900 4144 3218 4217 φησινοούκ
3243 4135 3398 4197 εἷπε,
3421 4132 3532 4189 Καί
3560 4128 3685 4194 τοῖς
3707 4123 4015 4225 σπέρμασί

2448 4211 2584 4308 σοῖν,
2607 4244 2687 4308 ὡς
2703 4211 2800 4294 έπί
2831 4211 3093 4300 audiar,
3122 4232 3302 4293 ἀλλὰ,
3326 4224 3410 4291 Τῷ
3447 4216 3739 4289 σπερματί
3767 4230 3905 4276 σου,

2568 4296 2706 4399 ily-dc
2728 4372 2743 4396 ,
2768 4328 3039 4384 τουτέστι
3081 4296 3332 4392 Χριστῷ.
3382 4314 3514 4369 Οὐδὲ
3561 4311 3669 4380 γὰρ
3695 4304 3920 4405 δυνατδν
3946 4296 4015 4371 ἦν

791 4394 863 4416 [δι
892 4394 1099 4415 unum
1180 4399 1193 4412 .
1387 4394 1499 4407 ην..
1541 4394 1648 4406 ..νη
1680 4394 1729 4420 ,ρ
1754 4394 1892 4402 η.--
1927 4394 1981 4400 _-
2020 4394 2105 4415 Γ--

791 4461 980 4521 gentes
1009 4449 1489 4505 benedicereutur.
1515 4442 1634 4508 Quo
1654 4440 1801 4494 enim
1835 4445 1995 4507 pacto
2023 4436 2116 4506 qui
2144 4450 2211 4489 ex
2238 4434 2353 4503 lege
2382 4438 2429 4497 Β
2453 4452 2457 4473 ‹

2349 4456 2353 4468 ι
2382 4438 2429 4497 D
2453 4394 2541 4481 δίά
2565 4394 2977 4479 τῶνγἾουδαίων
3015 4410 3354 4481 εὐλογεῖσθαι
3379 4407 3448 4459 τά
3491 4403 3639 4469 ἔθνη.
3682 4397 3807 4459 Πῶς
3836 4394 4015 4521 γάρόί

2615 4516 2640 4521 -
2722 4514 2734 4521 -
2891 4511 2913 4521 -
3088 4508 3101 4520 -
3228 4502 3471 4521 αμα--.
3531 4491 3737 4521 μαι...»
3775 4486 3929 4521 εωην
3952 4499 4015 4521 η,-

793 4545 927 4598 diris
975 4539 1155 4596 devoti
1190 4540 1433 4602 fuerunt,
1483 4540 1740 4587 auctores
1794 4528 1922 4586 aliis
1958 4525 2355 4584 benedictionis

797 4638 996 4690 forent.

871 4743 890 4774 ι
939 4720 1006 4776 Ut
1065 4717 1513 4789 pollicitationem
1578 4710 1824 4782 Spiritus
1883 4707 2223 4777 accipiamus
2259 4719 2357 4775 per

801 4815 981 4868 tidem.
1021 4831 1041 4863 ι

871 4903 1006 4958 Nam
1039 4901 1170 4971 quia
1207 4899 1471 4967 possibile
1512 4913 1621 4952 non
1656 4906 1777 4951 erat
1812 4906 1874 4949 ut
1906 4894 2082 4962 gratia
2122 4892 2358 4962 Spiritus

803 4996 872 5051 ad
907 4993 1249 5049 immundum
1284 4999 1339 5046 et
1385 4997 1669 5044 nocentem
1715 4988 2075 5050 derivaretur,
2102 4996 2359 5038 exsecra-

807 5091 953 5142 tione
982 5085 1219 5147 sublata,
1256 5081 1492 5154 primum
1518 5078 1938 5142 benedicuntur,
1974 5074 2170 5131 deinde
2192 5072 2358 5143 justi-

806 5180 880 5231 tia
917 5191 1014 5244 per
1044 5173 1201 5228 ﬁdem
1236 5181 1477 5241 accepta,
1510 5169 1747 5239 Spinitus
1784 5167 2019 5239 gratiam
2052 5164 2354 5218 attrahunt.

810 5269 984 5335 Atque
1034 5264 1171 5319 adeo
1220 5277 1356 5316 crux
1403 5260 1622 5330 quidem
1671 5258 2101 5314 exsecrationem
2157 5254 2352 5316 solvit,

2453 4522 2518 4572 ἐκ
2548 4516 2644 4570 τοῦ
2679 4514 2842 4584 νόμου
2890 4511 3042 4571 ὄντες
3085 4502 3506 4570 ἐπικατάρατοι,
3531 4491 3737 4561 ἐτέροις
3774 4482 4019 4551 εὐλογίας

2452 4610 2693 4678 γίνονται
2718 4601 2968 4673 πρόξενοι
2992 4615 3007 4662 ;

2531 4720 2547 4751 ι
2594 4699 2711 4750 ἰνα
2740 4663 2853 4764 τ’ὴνή
2886 4686 3215 4756 ἐπαγγελίαν
3258 4679 3357 4735 τοῦ
3411 4673 3723 4742 Πνεύματος
3769 4663 4025 4732 λάϐωμεν

2454 4792 2542 4846 διὰ
2574 4790 2674 4858 τῆς
2704 4787 2961 4845 πίστεως.
3005 4799 3024 4830 ›

2540 4844 2758 4947 Ἐπειδὴ
2788 4874 2896 4943 γὰρ
2916 4844 3017 4925 οὐκ
3040 4865 3107 4940 ἦν
3153 4865 3253 4935 τὴν
3281 4861 3442 4932 χάριν
3471 4853 3565 4909 τοῦ
3594 4848 3911 4946 Πνεῦματιξ
3936 4844 4025 4904 εἰς

2457 4972 2765 5040 ἀκάθαρτον
2795 4963 2890 5019 καὶ
2922 4951 3405 5031 προσκεκρουκότα
3441 4947 3636 5010 ἐλθεῖν,
3678 4935 4027 5005 εὐλογοῦνται

2458 5022 2700 5132 πνριῦτον,
2737 5056 2838 5125 τῆς
2893 5022 3136 5120 κατάρας
3175 5022 3567 5114 άφαιρεθείσης
3590 5027 3756 5132 ’.εἶτα
3799 5025 3890 5132 διὰ
3921 5022 4027 5091 τῆς

2452 5119 2696 5210 πίστεως,
2735 5119 3108 5204 δικαιωθέντες
3156 5132 3496 5191 ἐπισπῶνται
3548 5124 3645 5190 τοῦ
3694 5119 4007 5187 Πνεῦματος

2464 5248 2563 5316 τὴν
2584 5244 2761 5315 χάριν.
2786 5241 2943 5292 Ὥστε
2966 5238 2995 5289 ὁ
3032 5236 3132 5305 μὲν
3159 5226 3387 5296 σταυρὸς
3426 5223 3522 5292 τὴν
3551 5218 3794 5287 κατάραν
3816 5211 4026 5264 ἔλυσεν,

814 5307 984 5335 ἰ’Ὶνν
1034 5307 1168 5319 κ-νν
1223 5307 1356 5316 ν--·-
1406 5307 1622 5330 1---v--
1676 5307 1967 5314 τ-τ-ν-νη-
2027 5307 2041 5309 -
2162 5307 2175 5308 κ
2340 5307 2350 5316 ,

814 5358 945 5412 tides
970 5370 1098 5411 vero
1139 5353 1408 5422 justitiam
1451 5349 1719 5420 praestitit,
1781 5357 1836 5403 et
1881 5345 2096 5416 justitia
2130 5342 2366 5414 gratiam
2469 5346 2480 5394 1‘

2360 5361 2366 5396 l
2469 5307 2789 5412 obsisti-acu;
2806 5335 2907 5403 τὴν
2942 5324 3288 5393 δικαιοσύνην
3327 5320 3645 5386 είσήγαγεν.
3674 5314 3708 5381 ἡ
3739 5309 3797 5362 δὲ
3821 5307 4026 5360 δικαιο-

816 5449 1054 5521 Spiritus
1083 5446 1289 5501 allcxit.

886 5541 1048 5595 Vens.
1070 5538 1256 5594 15-18.
1295 5556 1313 5589 ι
1344 5535 1650 5592 Secundum
1683 5532 1955 5589 hominem
1982 5529 2125 5594 dico,
2153 5527 2368 5591 fratres,

2475 5431 2605 5499 σύνη
2630 5428 2729 5497 τὴν
2754 5427 2910 5494 χάριν
2940 5422 3033 5474 τοῦ
3074 5415 3388 5485 Πνεύματος
3422 5406 3786 5464 ἐπεσπάσατο.

2551 5541 2569 5573 ι
2595 5483 3075 5588 make...“
3113 5483 3278 5577 λέγώ,
3298 5501 3546 5571 ἀδελφοί·
3570 5497 3717 5565 ὅμως
3746 5483 4034 5560 ἀνθρώπου

956 5714 1109 5770 Deut.
1141 5730 1301 5774 xxvu.
1331 5713 1422 5768 26.
1458 5711 1501 5744 ⁸¹
1538 5710 1692 5764 Deut.
1733 5722 1846 5768 am,
1879 5703 1969 5758 9.8.
2021 5702 2065 5734 ³⁹
2120 5698 2223 5757 lsa.
2252 5672 2374 5761 Lm,
2427 5697 2481 5751 9.
2515 5694 2557 5726 ³³
2614 5691 2748 5747 Gen.
2791 5703 2922 5751 xxu,
2963 5684 3046 5739 18.
3083 5683 3157 5765 ,³³
3202 5677 3333 5735 Vide
3365 5672 3527 5737 intra,
3559 5685 3609 5722 ν.
3657 5663 3737 5720 16.
