4218 6448
200 398 229 456 7
232 397 297 459 97

1354 400 1433 457 ΙΝ
1472 400 1704 463 EPIST.
1746 404 1845 461 AD
1880 404 2235 463 GALATAS.

3316 409 3427 472 798

204 510 586 580 κεκυρωμένην
632 511 899 583 διαθήκην
942 516 1118 578 οὐδεὶς
1148 517 1330 568 ἀθετεῖ
1352 557 1366 578 ,
1392 516 1423 584 ἧ
1460 513 1763 566 ἑπιδιατάσ-
1794 519 1834 568 Α
1866 528 1870 576 1

1758 514 2023 577 ιΑιιΙηιιο
2084 512 2321 564 hominis
2382 516 2762 568 condimntum
2822 524 3206 569 testamentum
3263 532 3424 571 nemo

204 620 366 655 σεται.
393 604 481 673 Τῷ
507 605 563 657 δὲ
608 604 856 676 Ἀϐραὰμ
888 608 1191 677 ἐρρέθησαν
1224 611 1278 660 αἱ
1305 607 1651 675 ἐπαγγελίαι,
1670 606 1763 658 καὶ

202 697 273 765 τῷ
305 698 579 767 σπέρματι
608 699 794 753 αὐτοῦ.
832 700 907 751 Οὐ
940 700 1109 768 λέγει,
1141 702 1249 754 Καὶ
1280 704 1393 763 τοῖς
1430 702 1761 771 σπέρμασιν,

202 787 270 847 ὡς
297 788 389 838 ἐπὶ
425 788 654 850 πολλῶν,
688 789 805 843 ἀλλ’
835 791 911 853 ὡς
945 793 1029 860 ἐφ’
1064 792 1202 854 ἐνὸς,
1234 794 1343 844 Καὶ
1377 790 1456 861 τῷ
1490 792 1765 861 σπέρματί

204 878 387 939 σου,ὃς
421 879 535 929 ἐστι
567 879 820 948 Χριστός.
847 880 1018 933 Τοῦτο
1042 880 1096 933 δὲ
1134 882 1295 947 λέγω,
1328 879 1593 951 διαθήκην
1628 897 1767 951 προ-

206 970 589 1040 κεκυρωμένην
619 972 723 1025 ὐπὸ
750 972 843 1025 τοῦ
873 973 1031 1037 Θεοῦ,
1061 978 1089 1027 ὁ
1140 974 1276 1043 μετά
1304 974 1632 1044 τετρακόσια
1673 977 1765 1027 καὶ

202 1064 487 1132 τριάκοντα
540 1063 632 1134 ἔτη
681 1066 918 1134 γεγονὼς
971 1068 1132 1135 νόμος
1186 1070 1285 1121 οὐκ
1332 1068 1532 1137 ἀκυροῖ
1575 1071 1656 1132 είς
1706 1068 1767 1120 τὸ

204 1156 542 1224 καταργῆσαι
567 1157 665 1227 τὴν
691 1158 1043 1225 ἐπαγγελίαν.
1068 1161 1125 1211 ΕΞ
1148 1160 1255 1231 γὰρ
1281 1160 1345 1213 ἐκ
1382 1160 1547 1231 νόμου
1572 1162 1605 1231 ἡ
1632 1160 1765 1230 κλη-

205 1247 445 1315 ρονομία,
481 1247 663 1300 οὐκέτι
712 1248 773 1313 ἐξ
822 1252 1176 1318 ἐπαγγελίας.
1208 1250 1299 1322 Τῷ
1336 1252 1393 1305 δὲ
1428 1252 1677 1323 Ἀϐραάμ
1698 1254 1765 1307 δι’

203 1338 533 1404 ἐπαγγελίας
554 1341 874 1410 κεχάρισται
894 1345 923 1395 6
950 1344 1103 1405 Θεὸς.
1142 1362 1160 1394 ι

279 1427 370 1492 Ἐξ
417 1428 769 1499 ἀνθρωπίνων
832 1432 932 1501 μὲν
985 1434 1447 1505 παραδειγμάτων
1497 1440 1526 1490 6
1562 1438 1717 1506 λόγος
1748 1478 1762 1502 ,

202 1520 331 1586 φησί
353 1538 365 1549 ·
396 1520 555 1573 τοῦτο
600 1524 707 1592 γάρ
735 1526 849 1575 ἐστι
892 1524 958 1575 τὸ
983 1563 997 1587 ,
1030 1527 1179 1580 κατὰ
1231 1527 1547 1596 ἄνθρωπον
1590 1532 1762 1598 λέγω.

212 1609 267 1657 ὐ
305 1608 362 1658 δὲ
414 1609 536 1672 νοῦς
581 1606 729 1672 οὗτος
757 1627 771 1640 ⁸
811 1613 1208 1681 Ἐπηγγείλατο
1260 1618 1337 1687 τῷ
1383 1618 1637 1689 Ἁϐραάμ
1679 1620 1767 1674 διὰ

202 1700 509 1767 σπέρματος
531 1703 692 1756 αὐτοῦ
715 1705 1007 1775 εὐλογῆσαι
1033 1706 1100 1761 τὰ
1133 1708 1259 1778 ἔθνη
1280 1725 1295 1740 ο
1327 1710 1550 1779 σπέρμα
1577 1712 1633 1764 δὲ
1670 1713 1767 1765 αὐ-

199 1789 288 1841 τοῦ
310 1792 424 1843 ἐστι
448 1793 588 1846 κατὰ
612 1794 793 1864 σάρκα
812 1798 841 1848 6
871 1799 1122 1867 Χριστός.
1150 1798 1323 1855 *Ηλοε
1373 1804 1513 1871 μετά
1567 1822 1761 1876 τετρα-

199 1881 354 1933 κόσια
398 1885 492 1934 καὶ
528 1884 820 1952 τριάκοντα
847 1886 943 1954 ἐτη
982 1890 1162 1959 νόμος.
1204 1892 1265 1944 Εἰ
1315 1893 1493 1946 τοίνυν
1536 1896 1564 1947 6
1603 1896 1763 1965 νόμος

199 1971 592 2039 χαρίζεταιτάς
616 1976 863 2042 εὐλογίας
895 1980 988 2030 καὶ
1007 1981 1105 2049 τὴν
1138 1980 1282 2050 ζωὴν
1316 1983 1411 2034 καὶ
1431 1984 1529 2051 τὴν
1563 1985 1767 2037 δικαιο·

199 2060 383 2131 σύνην,
417 2064 449 2130 ἠ
481 2064 777 2132 ἐπαγγελία
822 2067 1003 2137 ἐκείνη
1057 2068 1258 2137 ἀκυρός
1304 2070 1471 2123 ἐστιν.
1513 2068 1645 2123 Εἶτα
1678 2072 1769 2123 ἀν-

197 2152 419 2221 θρώπου
450 2154 547 2224 μὲν
606 2157 785 2219 οὐδεὶς
831 2158 1017 2211 ἀθετεῖ
1054 2159 1316 2231 διαθήκην
1342 2178 1355 2190 ·
1381 2162 1473 2214 τοῦ
1513 2161 1570 2215 δὲ
1627 2163 1763 2215 Θεοῦ

200 2245 337 2309 μετά
369 2248 689 2315 τετρακόσια
717 2249 810 2302 καὶ
827 2251 1114 2319 τριάκοντα
1139 2253 1235 2322 ἐτη
1265 2255 1567 2323 ἀκυροῦται
1588 2258 1620 2324 ἡ
1650 2255 1766 2307 δια-

197 2336 360 2405 θήκη.
397 2336 595 2407 Είγάρ
623 2338 658 2391 ἂ
684 2340 1049 2407 ἐπηγγείλατο
1100 2342 1303 2412 ἐκείνη,
1330 2343 1431 2395 οὐκ
1458 2345 1637 2414 ἐκείνη
1688 2344 1765 2396 δί-

195 2430 389 2491 δωσιν,
420 2430 533 2483 ἀλλ’
564 2433 746 2502 ἔτερος
794 2434 907 2486 ἀντ’
934 2436 1150 2503 ἐκείνης
1173 2476 1187 2501 ,
1212 2436 1487 2488 τουτέστιν
1523 2438 1551 2488 ὁ
1583 2438 1762 2504 νόμος,

196 2520 525 2590 ἐκδέϐληται
554 2526 585 2593 ὴ
616 2523 850 2594 διαθήκη
892 2543 907 2557 ·
941 2527 1035 2579 καὶ
1064 2526 1180 2590 πῶς
1215 2526 1282 2580 ἂν
1330 2528 1442 2597 ἔχοι
1474 2529 1629 2580 τοῦτο
1675 2530 1763 2580 λο-

196 2627 292 2674 γον
319 2629 333 2673 ;

279 2705 425 2755 Ἀντὶ
454 2706 568 2766 τοῦ,
593 2707 623 2776 ἢ
661 2708 1038 2778 προστίθησιν.

270 2816 289 2845 ι
336 2798 401 2848 Τί
430 2796 523 2851 οὖν
558 2801 587 2851 6
620 2800 778 2869 νόμος
802 2818 815 2863 ;
843 2804 950 2853 τῶν
981 2802 1347 2871 παραϐάσεων
1389 2802 1550 2875 χάριν
1594 2821 1763 2874 προσ-

194 2888 379 2955 ετέθη.
424 2908 443 2939 ι

267 2980 388 3029 Ἰνα
417 2981 491 3047 μή
526 2997 608 3042 τις
635 2981 830 3053 νομίσῃ
866 2987 1119 3053 περιττὸν
1151 2986 1242 3036 τὸν
1272 2986 1453 3053 νόμον,
1483 2987 1575 3038 καὶ
1605 2986 1763 3039 τοῦτο

190 3067 502 3135 διορθοῦται
525 3070 583 3119 τὸ
614 3070 797 3138 μέρος,
819 3071 1031 3132 δεικνὺς
1057 3074 1136 3125 ὅτι
1166 3076 1263 3126 οὐκ
1293 3076 1436 3145 εἰκῆ,
1459 3076 1593 3128 ἀλλά
1622 3077 1761 3130 πάνυ

1870 601 2095 667 spernit.
2125 610 2218 651 aut
2252 604 2655 668 superordinat.
2690 603 2923 659 Abrahae
2954 606 3111 659 dictae
3145 614 3273 660 sunt
3302 621 3429 675 pro-

1867 691 2157 745 missiones
2182 700 2235 744 et
2271 692 2466 746 semini
2496 693 2634 760 ejus.
2671 696 2789 750 Non
2821 695 2954 750 dicit
2992 714 3004 750 :
3036 706 3092 751 et
3122 698 3427 753 seminibus

1865 784 2018 851 quasi
2058 784 2111 837 in
2144 784 2330 835 multis
2352 826 2366 847 ,
2423 785 2517 837 sed
2546 789 2704 855 quasi
2746 787 2800 840 in
2832 804 2963 853 uno,
2998 796 3051 843 et
3077 790 3270 843 semini
3305 798 3423 851 tuo,

1864 872 1957 939 qui
1976 880 2059 925 est
2080 871 2353 927 Christus.
2380 872 2492 926 lloc
2515 883 2693 928 autem
2714 877 2835 930 dico
2859 886 3236 932 testamentum
3264 879 3426 950 166

1866 964 2240 1018 conﬁrmatum
2271 983 2299 1018 a
2319 966 2470 1033 ,Deo,
2498 984 2618 1037 quae
2648 980 2769 1038 post
2791 970 3220 1040 quadringentos
3249 980 3303 1026 et
3328 973 3427 1025 tri-

1865 1056 2012 1125 ginta
2044 1054 2217 1112 annos
2246 1058 2385 1112 facta
2412 1069 2495 1115 est
2523 1061 2627 1121 lex,
2658 1076 2767 1115 non
2792 1062 3008 1117 irritum
3044 1064 3176 1118 facit
3204 1066 3269 1118 ad
3299 1080 3425 1120 eva-

1864 1148 2131 1202 cuandam
2171 1153 2611 1220 promissionem.
2640 1151 2774 1208 Nam
2803 1154 2847 1209 si
2876 1170 2940 1209 ex
2964 1156 3077 1225 lege
3113 1157 3425 1221 haareditas,

1860 1243 1972 1310 jam
2007 1257 2114 1294 non
2149 1259 2211 1296 ex
2240 1244 2626 1311 promissione.
2660 1246 2893 1300 Abraha
2920 1256 3098 1302 autem
3132 1264 3225 1317 per
3248 1264 3428 1319 repro-

1866 1332 2178 1386 missionem
2212 1334 2435 1387 donavit
2464 1334 2627 1388 Deus.
2670 1356 2687 1385 ι

1935 1418 2199 1477 Humanis
2239 1434 2365 1477 utor
2398 1425 2684 1492 exemplis,
2741 1425 2919 1494 inquit
2956 1443 2969 1478 :
3011 1426 3112 1479 hoc
3163 1427 3308 1481 enim
3347 1436 3429 1481 est

1865 1514 2006 1582 quod
2030 1517 2125 1578 ait,
2156 1516 2440 1569 secundum
2464 1517 2723 1568 hominem
2752 1517 2890 1570 dico.
2917 1515 3085 1581 llujus
3115 1527 3291 1570 autem
3323 1517 3425 1571 loci

1865 1622 2059 1663 sensus
2076 1619 2179 1663 est.
2204 1610 2514 1663 Abrahamo
2543 1608 2682 1663 Deus
2706 1611 2981 1678 pollicitus
3010 1620 3091 1664 est
3114 1610 3428 1667 benedictu-

1867 1715 1986 1753 rum
2013 1717 2070 1754 se
2103 1710 2291 1769 gentes
2316 1717 2408 1769 per
2424 1717 2610 1754 semen
2645 1701 2818 1770 ipsius
2846 1720 2859 1755 :
2892 1717 3076 1758 semen
3105 1711 3284 1757 autem
3309 1703 3428 1772 ejus

1868 1791 2164 1845 secundum
2206 1807 2425 1845 carnem
2455 1791 2709 1847 Christus
2738 1802 2823 1847 est
2860 1810 2873 1845 :
2911 1802 3035 1862 post
3078 1808 3251 1849 annos
3290 1795 3425 1850 sub-

1868 1882 1992 1935 inde
2031 1881 2460 1951 quadringentos
2518 1891 2573 1935 et
2630 1884 2854 1951 triginta
2909 1882 2994 1936 lex
3055 1882 3257 1952 prodiit
3315 1904 3329 1939 :
3378 1886 3423 1939 si

1871 1974 2296 2036 benedictiones,
2326 1975 2433 2027 vita
2477 1982 2528 2026 et
2564 1974 2779 2041 jnstitia
2810 1974 2925 2045 lege
2955 1973 3423 2038 donantur,irrits

1867 2082 1996 2138 ergo
2027 2065 2127 2119 fuit
2176 2066 2266 2118 illa
2306 2065 2620 2135 promis-sin.
2671 2065 2750 2119 Ad
2804 2066 2952 2129 lucc,
2995 2074 3156 2120 ntimo
3205 2067 3422 2132 quidem

1871 2159 2106 2213 hominis
2134 2166 2521 2211 testamentum
2560 2157 2845 2211 resciderit
2879 2176 2894 2213 :
2938 2156 3033 2212 Dei
3085 2174 3214 2213 vero
3262 2167 3427 2214 testa-

1869 2259 2112 2304 mentum
2150 2262 2267 2316 post
2298 2250 2726 2319 quadringentos
2754 2258 2807 2303 et
2842 2251 3063 2321 triginta
3096 2266 3272 2305 annos
3301 2252 3427 2305 irri-

1868 2353 1978 2395 tum
2010 2342 2210 2396 factum
2236 2343 2358 2397 erit.
2384 2342 2516 2395 Nam
2542 2344 2589 2397 si
2619 2358 2741 2413 quae
2771 2342 2904 2397 illud
2936 2344 3279 2413 promiserat,
3310 2343 3425 2399 haec

1866 2436 2042 2503 ipsum
2080 2450 2185 2488 non
2218 2436 2484 2504 prmstitit,
2526 2436 2617 2489 sed
2658 2436 2805 2490 aliud
2838 2436 2957 2504 ejus
3007 2436 3147 2499 loco,
3194 2437 3279 2492 lex
3341 2437 3425 2490 ui-

1867 2542 2095 2591 nnrnm;
2145 2534 2531 2580 testamentum
2569 2526 2736 2595 igitur
2766 2527 3087 2597 abrogatum
3121 2527 3249 2583 erit.
3290 2526 3424 2594 Qni-

1867 2636 1988 2671 nam
2029 2633 2157 2669 vero
2190 2618 2300 2670 lucc
2333 2636 2458 2671 runt
2494 2620 2705 2674 ratione
2743 2620 2955 2689 possint
2985 2621 3333 2691 congruere?

1937 2709 2079 2763 Idem
2114 2720 2195 2763 cst
2225 2721 2407 2780 atque.
2446 2720 2534 2763 aut
2569 2711 2780 2779 adjicit.

1936 2800 2101 2856 Vens.
2139 2802 2224 2855 19.
2260 2820 2278 2852 ι
2319 2800 2459 2867 Quid
2493 2802 2657 2871 igitur
2689 2803 2813 2857 lex?
2860 2813 3081 2875 propter
3112 2814 3421 2876 transgres-

1864 2896 2047 2947 siones
2079 2895 2252 2961 posita
2288 2906 2393 2954 est,
2433 2915 2449 2943 ι

1934 2986 2013 3040 Ne
2036 2988 2161 3051 quis
2190 2987 2356 3055 legem
2388 2985 2714 3054 superﬂuam
2740 2985 2912 3040 fuisse
2938 2986 3252 3052 arbitretur,
3284 2988 3422 3041 banc

1864 3094 2079 3145 quoque
2139 3087 2346 3146 partem
2386 3079 2574 3140 sarcil,
2609 3076 2991 3132 demonstrans
3020 3094 3163 3145 eam,
3190 3094 3299 3132 non
3338 3086 3420 3134 te-

191 3159 483 3227 χρησίμως
516 3160 794 3229 ἐδόθη,ἴνα
826 3163 900 3232 μὴ
950 3163 1042 3233 ἐξῇ
1092 3164 1377 3228 Ἰουδαίους
1425 3166 1591 3228 ἀδεῶς
1640 3166 1757 3237 ζῇν,
1788 3207 1828 3261 C

1752 3209 1757 3227 ,
1788 3207 1828 3261 Ο
1866 3184 2011 3222 mere
2037 3178 2092 3221 et
2123 3167 2346 3231 frustra,
2376 3168 2470 3222 sed
2502 3168 2792 3222 admodum
2826 3169 3031 3223 utiliter
3052 3184 3177 3223 esse
3202 3168 3418 3224 datam:

190 3250 286 3302 καὶ
320 3254 399 3310 εἰς
432 3252 655 3320 ἔσχατον
682 3253 1065 3316 ἐξολισθαίνειν
1103 3258 1319 3320 κακίας,
1351 3259 1486 3311 ἀλλά
1522 3261 1641 3312 ἀντὶ
1665 3277 1762 3329 χα-

188 3339 337 3390 λινοῦ
364 3342 393 3390 ὁ
418 3340 580 3409 νόμος
636 3343 815 3405 αὐτοῖς
870 3344 1219 3413 ἐπικείμενος
1253 3342 1307 3418 ᾖ,
1342 3349 1637 3410 παιδεύων,
1672 3352 1764 3416 ρυ-

188 3432 425 3499 θμίζων,
459 3432 681 3483 κωλύων
713 3434 1089 3502 παραϐαίνειν,
1122 3440 1167 3489 εἰ
1192 3441 1281 3490 καὶ
1313 3441 1387 3508 μὴ
1426 3442 1624 3503 πάσας,
1648 3440 1762 3491 ἀλλ’

184 3524 343 3590 ὅμως
380 3524 485 3576 κᾶν
515 3525 661 3587 ἐνίας
697 3526 806 3578 τῶν
844 3528 1089 3581 ἐντολῶν.
1132 3530 1293 3582 Ὥστε
1340 3531 1401 3583 οὐ
1460 3532 1654 3600 μικρὸν
1703 3534 1764 3583 τὸ

188 3615 385 3682 κέρδος
431 3614 524 3664 τοῦ
563 3615 745 3681 νόμου.
786 3616 923 3667 Ἀλλ’
953 3618 1079 3686 ἄχρι
1112 3618 1284 3683 τίνος;
1318 3620 1510 3688 Ἀχρις
1533 3614 1593 3671 οὗ
1636 3620 1762 3691 ἔλθῃ

184 3708 245 3756 τὸ
276 3706 496 3772 σπέρμα
517 3698 560 3770 ᾧ
585 3706 961 3773 ἐπηγγείλατο.

272 3816 290 3843 ε
332 3798 525 3863 Ἀγρις
581 3792 642 3848 οὗ
696 3797 823 3869 ἔλθῃ
866 3799 926 3848 τὸ
978 3800 1199 3866 σπέρμα
1240 3800 1267 3850 ὃ
1298 3801 1628 3870 ἐπήγγελται
1676 3804 1761 3855 διὰ

182 3885 459 3951 ὁεαταγῆς
488 3885 553 3936 δι’
583 3886 849 3951 ἀγγέλων.
890 3908 907 3937 ι

258 3975 503 4041 Σπέρμα
534 3977 628 4043 μὲν
656 3978 746 4027 τὸν
800 3978 1031 4046 Χριστόν
1078 3996 1227 4047 φησι.
1262 3980 1421 4047 Λέγει
1458 3981 1552 4034 δέ·
1587 3984 1761 4051 Μέχρι

182 4066 285 4131 τῆς
348 4065 582 4131 Χριστοῦ
630 4068 930 4135 παρουσίας
956 4070 1164 4121 δέδοται
1198 4086 1210 4097 ·
1240 4072 1291 4122 τί
1326 4072 1637 4141 περαιτέρω
1668 4074 1760 4125 καὶ

182 4159 342 4225 παρὰ
373 4158 561 4225 καιρὸν
593 4158 752 4208 αὐτὸν
783 4158 999 4223 ’ἐλκεις;

262 4290 283 4323 ι
328 4272 418 4323 Ἑν
438 4272 581 4341 χειρὶ
607 4272 866 4325 Μεσίτου.
895 4273 951 4325 '0
977 4273 1032 4325 δὲ
1056 4273 1299 4344 Μεσίτης
1326 4272 1445 4335 ἐνὸς
1472 4273 1570 4325 οὐκ
1592 4273 1757 4327 ἐστιν·

182 4368 209 4415 6
241 4364 301 4415 δὲ
331 4363 466 4424 Θεὸς
495 4358 575 4423 εἷς
605 4363 773 4416 ἐστιν.
809 4382 826 4413 ι

259 4474 369 4526 Τὸν
399 4475 630 4543 Χριστον
662 4475 891 4527 ἐνταῦθά
936 4493 1085 4544 φησι.
1116 4475 1205 4527 τὸν
1238 4477 1331 4527 καὶ¹
1381 4476 1545 4529 πάλαι
1593 4478 1757 4531 δεδω-

1866 3277 1932 3312 ne
1970 3261 2177 3315 scilicet
2209 3259 2410 3315 .ludaeis
2444 3261 2627 3315 liceret
2653 3260 2802 3313 nullo
2828 3260 3025 3314 timore
3055 3261 3257 3325 vivere,
3291 3262 3420 3315 etin

1862 3355 2159 3399 extremam
2211 3347 2422 3414 prolabi
2488 3348 2775 3400 malitiam.
2836 3346 3180 3416 Quapropter
3246 3348 3419 3419 legem

1864 3438 2039 3489 instar
2064 3438 2196 3489 lrcni
2232 3439 2541 3506 impositam
2567 3440 2648 3491 eis
2682 3438 2873 3500 fuisse.
2901 3452 3022 3507 quae
3056 3439 3205 3506 ipsos
3233 3439 3419 3494 erudi—

1862 3536 1964 3588 ret,
1999 3537 2478 3599 componeretque.
2513 3545 2613 3583 nec
2664 3530 2892 3592 sineret,
2929 3529 3171 3594 violare,
3216 3530 3262 3586 si
3309 3545 3420 3585 non

1862 3618 2061 3679 omnia,
2099 3628 2243 3670 (-ct'te
2276 3619 2488 3686 aliquot
2534 3626 2825 3686 praecepta.
2860 3616 3156 3688 Usquequo
3201 3621 3426 3673 autem?

1866 3707 2045 3775 Usque
2067 3708 2192 3761 dum
2222 3712 2429 3763 veniret
2463 3726 2646 3765 semen
2677 3710 2764 3765 cui
2794 3710 3120 3779 promiserat

1937 3814 1954 3845 ι
1993 3796 2173 3851 Donec
2201 3800 2410 3852 veniret
2448 3814 2657 3865 semen,
2690 3798 2777 3853 cui
2808 3799 3104 3867 promissio
3139 3796 3279 3854 facta
3315 3806 3420 3862 est,

1861 3888 2110 3940 ordinata
2149 3904 2243 3956 per
2270 3890 2511 3955 angelos.
2537 3909 2555 3941 ι

1929 3977 2207 4032 Christum
2236 3980 2449 4048 quidem
2477 3996 2650 4033 semen
2703 3978 2857 4034 dicit.
2887 3979 2977 4033 Ait
3002 3993 3135 4034 vero
3176 3998 3189 4035 :
3230 3980 3413 4049 Usque

1862 4071 1927 4121 ad
1963 4071 2248 4122 adventum
2270 4071 2473 4125 Christi
2508 4072 2591 4123 lex
2623 4070 2749 4123 data
2787 4080 2900 4135 est;
2934 4086 3034 4125 cur
3058 4086 3179 4131 eam
3206 4072 3425 4142 longius

1860 4168 1914 4214 et
1942 4161 2085 4214 ultra
2121 4168 2333 4229 tempus
2365 4161 2672 4229 prorogas?
2728 4206 2736 4215 .

1934 4290 1953 4322 ι
1986 4270 2043 4325 1η
2074 4287 2238 4326 manu
2263 4271 2602 4327 Mediatoris.
2645 4272 2836 4344 Heus.
2868 4271 2987 4342 20.]
3030 4272 3293 4329 Mediator
3326 4289 3423 4328 au-

1862 4370 1967 4415 tem
2007 4363 2170 4417 unius
2200 4378 2308 4416 non
2346 4372 2433 4417 est
2466 4381 2481 4418 :
2523 4362 2668 4419 Deus
2700 4379 2828 4418 vero
2854 4380 2997 4419 unus
3029 4373 3134 4419 est.
3176 4382 3195 4415 ι

1935 4475 2033 4530 llic
2062 4476 2336 4530 Christum
2366 4476 2568 4540 innuit,
2589 4476 2681 4544 qui
2703 4484 2756 4530 et
2780 4477 2947 4545 legem
2979 4477 3254 4546 quondam
3286 4492 3419 4547 pra:-

184 4567 324 4617 κνετα
360 4565 450 4615 τὸν
489 4565 668 4633 νόμον.
708 4565 768 4617 Εἰ
797 4566 852 4617 δὲ
895 4565 983 4617 τὸν
1027 4566 1190 4634 νόμον
1235 4566 1394 4629 αὐτὸς
1434 4567 1622 4633 ἔδωκε,
1657 4568 1756 4621 κύ·
1789 4536 1831 4590 D

1789 4536 1831 4590 Β
1864 4569 2008 4622 buit!
2040 4569 2195 4633 Quod
2235 4568 2279 4621 si
2318 4569 2366 4622 is
2396 4536 2566 4638 legem
2599 4536 2748 4629 tulit,
2786 4536 2953 4637 penes
2998 4536 3159 4623 illum
3194 4536 3422 4639 quoque

188 4674 307 4725 ρεος
340 4656 408 4707 ἂν
440 4655 524 4724 εἴη
567 4657 660 4708 καὶ
688 4655 849 4709 λῦσαι
877 4657 1059 4710 πάλιν.

266 4789 285 4821 ‹
336 4771 398 4821 ’0
446 4764 537 4821 οὗν
582 4769 735 4837 νόμος
773 4769 918 4823 κατά
942 4769 1052 4821 τῶν
1082 4770 1424 4836 ἐπαγγελιῶν
1454 4770 1547 4823 τοῦ
1584 4772 1756 4836 Θεοῦς

186 4863 266 4929 μὴ
304 4860 535 4926 γένοιτο.
572 4861 632 4911 Εἰ
680 4859 787 4929 γὰρ
838 4859 991 4928 ἐδόθη
1039 4860 1201 4927 νόμος
1246 4862 1273 4911 6
1307 4860 1601 4939 δυνάμενος
1632 4863 1763 4925 ζωο-

184 4954 439 5019 ποιῆσαι,
471 4951 636 5012 ὅντως
658 4953 720 5001 ἐκ
759 4950 920 5017 νόμου
949 4946 1015 5016 ἦν
1040 4952 1073 5017 ἡ
1106 4950 1439 5020 δικαιοσύνη.
1478 4973 1494 5003 ι

264 5063 326 5114 El
359 5063 469 5129 γὰρ
504 5062 581 5130 τῷ
620 5062 892 5131 σπέρματι
923 5063 1014 5114 τοῦ
1055 5063 1303 5130 Ἀϐρααμ
1329 5063 1385 5113 αἱ
1416 5063 1655 5128 εὐλογίαι
1678 5066 1762 5116 δέ-

181 5158 396 5217 ὂονται,
421 5154 528 5206 ὁδὲ
571 5155 733 5223 νόμος
778 5156 1017 5223 κατάραν
1049 5154 1279 5219 εἰσάγει,
1317 5154 1423 5222 ἄρα
1472 5156 1611 5208 κατά
1656 5156 1761 5208 τῶν

180 5244 536 5312 ἐπαγγελιῶν
560 5244 654 5296 τοῦ
688 5245 823 5297 Θεοῦ
858 5248 884 5297 ὁ
912 5246 1089 5313 νόμος.
1128 5244 1248 5307 Πῶς
1282 5242 1374 5298 οὖν
1414 5246 1530 5296 λύει
1574 5247 1759 5307 αὐτὸν,

183 5337 408 5389 σκόπει.
429 5334 651 5405 Πρῶτον
687 5336 783 5404 μὲν
811 5339 875 5405 τῇ
900 5335 1266 5404 ἀπαγορεύσει
1287 5337 1365 5399 τὸ,
1383 5336 1479 5403 Μὴ
1511 5336 1758 5403 γένοιτο,

180 5428 368 5494 λέγων
391 5444 403 5456 ·
423 5428 557 5495 ὅπερ
707 5427 907 5494 σφόδρα
938 5427 1527 5492 ἀτοπώτατον,τίθεται
1576 5428 1762 5479 ἔπειτα

179 5518 438 5586 λογισμῷ
489 5518 884 5586 βεϐαίῳ.”Εστι
931 5519 984 5571 δὲ
1014 5513 1185 5579 οὗτος·
1231 5518 1290 5570 El
1339 5520 1437 5587 μὲν
1484 5522 1539 5570 ἐν
1592 5520 1757 5586 αὐτῷ,

181 5610 349 5679 φησὶ,
378 5610 454 5678 τῷ
482 5610 630 5677 νόμῳ
674 5609 770 5677 τὴν
802 5610 988 5661 ἐλπίδα
1036 5610 1134 5676 τῆς
1181 5610 1323 5678 ζωῆς
1351 5609 1589 5677 εἴχομεν,
1629 5610 1761 5671 ῐσως

184 5702 373 5761 καλῶς
424 5700 595 5752 ταῦτα
648 5700 848 5766 ἔλεγον.
880 5702 937 5752 Εἰ
972 5702 1026 5753 δὲ
1062 5701 1168 5752 ἀπὸ
1200 5701 1295 5769 τῆἱ
1321 5703 1553 5764 πίστεως
1592 5704 1621 5770 ἡ
1658 5720 1761 5753 συν

180 5794 357 5861 τηρία
385 5794 515 5861 ἡμῖν
549 5793 639 5844 καὶ
668 5794 700 5859 ἡ
732 5790 867 5860 ζωὴ,
906 5794 1007 5844 κάν
1047 5793 1479 5859 ἐπικαταρὰτους
1522 5794 1760 5854 ἐκείνους

1861 4661 1934 4716 sit
1962 4669 2181 4730 oportet
2210 4675 2331 4714 eam
2363 4660 2545 4714 denuo
2575 4660 2809 4715 solvere.

1933 4776 2095 4830 Vens.
2135 4776 2224 4828 2|.
2267 4793 2285 4825 ι
2323 4772 2433 4829 Lex
2492 4788 2624 4841 ergo
2658 4772 2922 4827 adversus
2958 4774 3227 4843 promissa
3287 4770 3425 4826 Dei?

1863 4867 2027 4922 absit.
2056 4867 2113 4919 Si
2139 4865 2284 4919 enim
2306 4864 2432 4917 data
2466 4872 2612 4918 esset
2646 4864 2729 4917 lex
2756 4879 2878 4937 quae
2902 4870 3088 4933 posset
3122 4860 3418 4927 viviﬁcare,

1862 4976 1987 5013 vere
2026 4975 2091 5013 ex
2131 4960 2247 5027 lege
2274 4966 2418 5011 esset
2448 4957 2687 5024 justitia.
2731 4975 2747 5005 ι

1930 5068 2062 5122 Nam
2084 5070 2130 5122 si
2160 5066 2354 5121 semini
2379 5066 2650 5119 Abraham
2675 5064 2814 5119 data:
2837 5063 3239 5119 benedictiones
3265 5074 3420 5130 sunt,

1863 5156 1945 5209 lex
1984 5163 2159 5207 autem
2190 5153 2622 5207 exsecrationem
2668 5152 2925 5216 adducit;
2962 5154 3043 5206 lex
3089 5152 3259 5220 igitur
3291 5168 3421 5220 pro-

1862 5244 2214 5300 missinnihus
2256 5241 2348 5295 Dei
2376 5243 2714 5295 adversatur.
2774 5242 2982 5310 Inspice
3022 5256 3151 5295 vero
3196 5240 3418 5309 quinam

1864 5337 1965 5389 hoc
2012 5336 2204 5388 solvat.
2254 5332 2495 5387 Primum
2549 5332 2771 5402 quidem
2834 5331 3419 5401 abnegando,dicens,

1865 5428 2030 5488 Absit,
2074 5440 2295 5494 remque
2326 5426 2461 5477 adeo
2499 5422 2956 5478 absurdissimam
3001 5431 3189 5477 censet
3236 5440 3250 5476 :
3304 5430 3419 5475 tum

1862 5518 2057 5573 deinde
2086 5515 2264 5571 valida
2297 5515 2736 5581 ratiocinatione,
2768 5528 2889 5581 quze
2909 5511 3175 5581 ejusmodi
3209 5520 3294 5567 est
3319 5527 3335 5565 :
3362 5510 3420 5566 Si

1861 5610 1913 5663 in
1943 5610 2056 5677 lege
2082 5609 2201 5661 vitae
2234 5624 2381 5677 spem
2414 5607 2818 5668 habuissemus,
2856 5606 3053 5673 inquit.
3089 5606 3201 5658 haec
3234 5602 3418 5657 forsan

1866 5705 2007 5749 recte
2041 5697 2117 5749 illi
2146 5697 2389 5749 dicerent
2422 5714 2437 5750 :
2477 5696 2565 5749 sin
2618 5710 2748 5748 vero
2791 5708 2821 5747 a
2875 5693 2979 5750 lide
3018 5693 3169 5748 salus
3200 5693 3419 5761 vitaque

1864 5796 2147 5857 parantur,
2180 5788 2396 5841 tametsi
2451 5788 2532 5843 lex
2574 5786 2711 5844 diris
2761 5786 2899 5844 alios
2955 5786 3243 5851 devoveat,
3282 5784 3417 5839 n’hil
