4218 6448
752 433 860 496 799

1901 430 1964 490 S.
2002 428 2318 489 JOANNIS
2358 427 2783 487 DAMASCENI

3891 427 3993 489 800

758 547 883 600 inde
912 543 1096 598 damni
1137 541 1468 611 accepimus,
1519 539 1609 592 uhi
1663 540 1810 593 venit
1845 540 2000 604 ﬁdes,
2027 548 2080 595 et
2119 549 2315 594 cuncta
2344 539 2424 595 Ae

2344 539 2392 595 Α
2417 540 2614 608 ποιήσῃ
2634 578 2648 600 ,
2680 536 2835 588 οὐδὲν
2891 531 3200 603 ἐϐλάϐημεν
3253 532 3556 603 ἐρχομένης
3613 534 3830 604 ἐκείνης
3851 575 3866 596 ,
3898 539 3991 590 καὶ

756 639 1029 693 dissolvit.

828 729 992 784 Vens.
1034 728 1124 788 22,
1175 725 1265 780 25.
1306 745 1322 776 ι
1358 723 1460 778 Sed
1487 723 1762 776 conclusit
1810 721 2096 791 Scriptura
2130 722 2313 775 omnia

757 822 860 876 sub
890 827 1131 890 peccato,
1175 825 1235 870 ut
1265 815 1560 886 promissio
1581 830 1643 868 ex
1681 813 1784 867 ﬁde
1813 812 1942 868 Jesu
1973 812 2178 866 Christi
2215 814 2316 865 da-

758 924 908 968 retur
935 913 1302 967 credentibus.
1327 909 1484 962 Prius
1510 917 1688 962 autem
1719 923 1882 976 quam
1919 908 2127 961 veniret
2160 907 2315 972 ﬁdes,

757 1007 861 1059 sub
892 1007 1006 1074 lege
1029 1001 1476 1058 custodiebamur
1498 999 1770 1062 conclusi,
1800 1001 1852 1052 in
1877 1014 1996 1052 eam
2023 1013 2173 1067 spem
2195 1011 2317 1067 quae

757 1095 1044 1151 revelanda
1075 1102 1211 1147 erat.
1245 1111 1264 1142 ι

831 1189 986 1260 167
1004 1189 1136 1241 Cum
1159 1185 1328 1241 Judaei
1358 1185 1644 1239 admodum
1660 1183 2022 1252 superbirent,
2041 1191 2094 1238 et
2114 1184 2316 1238 idcirco

759 1279 992 1332 miseriis
1038 1277 1439 1339 obtererentur,
1494 1288 1613 1327 eam
1659 1274 1730 1327 ob
1778 1288 1889 1327 rem
1926 1274 2006 1326 lex
2053 1274 2162 1329 illis
2193 1276 2314 1328 data

755 1379 861 1431 est,
911 1383 1015 1435 qua
1055 1374 1341 1436 peccatum
1369 1374 1756 1430 coargueretur
1803 1364 2064 1431 ipsorum,
2117 1379 2317 1432 eosque

754 1459 1017 1509 obnoxios
1054 1455 1428 1523 imprecationi
1467 1453 1735 1518 redderet,
1786 1464 1847 1507 ut
1880 1466 2238 1521 agnoscentes
2260 1468 2318 1507 se

760 1550 811 1601 in
843 1547 1105 1600 extremis
1139 1561 1316 1610 agere,
1371 1544 1570 1598 Christi
1610 1543 1768 1599 ﬁdem
1804 1554 2175 1614 peroptarcut,
2209 1560 2313 1614 qua

758 1648 1034 1707 peccatum
1067 1653 1281 1704 quoque
1307 1636 1608 1689 tolleretur.

831 1727 991 1781 Vens.
1027 1729 1119 1793 24,
1145 1729 1234 1781 ‘25.
1279 1748 1296 1777 ι
1337 1727 1524 1796 Itaque
1548 1728 1628 1782 lex
1658 1729 1980 1799 paedagogus
2012 1743 2196 1785 noster
2220 1731 2315 1785 fuit

761 1819 814 1870 in
841 1818 1080 1883 Christo,
1106 1829 1162 1872 ιιι
1189 1835 1253 1872 ex
1285 1818 1390 1872 ﬁde
1433 1820 1821 1887 justiﬁccmur.
1849 1822 1920 1875 At
1955 1822 2042 1876 ubi
2083 1825 2225 1877 venit
2251 1824 2316 1875 li-

760 1911 872 1970 des,
901 1908 1008 1976 jam
1043 1925 1144 1962 non
1185 1925 1370 1963 sumus
1402 1913 1504 1964 sub
1545 1911 1859 1983 pzedagogo.
1906 1933 1925 1964 ι

829 1998 994 2068 Atqui
1041 1999 1369 2069 paedagogus
1418 2002 1673 2070 magistro
1721 2005 2034 2059 contrarius
2077 2020 2180 2060 non
2212 2018 2316 2072 est,

762 2089 857 2145 sed
882 2091 930 2144 ei
962 2093 1102 2146 viam
1133 2095 1346 2148 sternit.
1370 2093 1524 2160 Quod
1553 2095 1598 2149 si
1630 2097 1752 2164 quis
1779 2095 2039 2151 doctrinm
2079 2100 2318 2152 habitum

765 2184 988 2252 adeptus
1013 2199 1042 2238 a
1073 2187 1334 2256 magistro
1381 2196 1487 2251 est,
1533 2195 1642 2240 tum
1676 2189 1854 2257 ipsum
1887 2193 2050 2259 pudet
2103 2206 2321 2246 manere

764 2278 866 2330 sub
901 2277 1205 2347 pzedagogo.

837 2364 1001 2419 Vsus.
1029 2365 1118 2420 26.
1151 2385 1168 2416 ι
1205 2367 1407 2421 Omnes
1431 2367 1574 2421 enim
1599 2367 1691 2422 ﬁlii
1724 2367 1816 2423 Dei
1845 2370 1977 2424 estis
2010 2385 2106 2440 per
2137 2371 2322 2438 ﬁdem,

766 2475 888 2530 quae
916 2467 997 2514 est
1038 2462 1092 2513 in
1126 2459 1345 2514 Christo
1372 2458 1522 2515 Jesu.
1554 2479 1573 2512 ι

834 2556 903 2608 At
927 2569 1030 2609 nor.
1059 2569 1154 2622 per
1186 2553 1376 2622 legem,
1395 2555 1591 2624 inquit.

839 2646 1000 2700 Vsus.
1037 2647 1128 2700 ‘27.
1157 2664 1174 2696 ι
1209 2644 1528 2715 Quicunque
1553 2647 1698 2700 enim
1723 2645 1776 2700 in
1807 2645 2026 2702 Christo
2058 2647 2322 2717 baptizati

772 2740 924 2802 estis,
957 2739 1232 2793 Christum
1264 2738 1542 2794 induistis.
1580 2757 1598 2789 ι

837 2829 1102 2895 Quoniam
1139 2830 1394 2884 eximium
1449 2829 1578 2899 quid
1622 2839 1675 2883 et
1718 2829 2042 2887 admirabile
2085 2847 2328 2900 pronun-
2363 2906 2368 2910 '

769 2922 946 2984 tiavit,
997 2936 1093 2978 eos
1126 2921 1378 2976 nimirum
1409 2922 1501 2991 qui
1543 2923 1908 2978 exsecrationi
1939 2923 2074 2995 legis
2126 2927 2329 2984 subditi

769 3022 946 3076 erant,
995 3029 1092 3084 per
1126 3014 1281 3069 ﬁdem
1340 3014 1482 3071 ﬁlios
1515 3016 1608 3072 Dei
1654 3018 1953 3086 appellatos
1997 3019 2189 3084 fuisse,
2227 3023 2330 3078 hoc

771 3105 945 3170 ipsum
978 3104 1182 3159 evincit
1216 3104 1472 3175 primum,
1515 3107 1641 3176 quia
1685 3107 1972 3163 Christum
2014 3110 2326 3170 induerunt.

2419 629 2595 682 πάντα
2627 626 2880 694 λυούσης.

2491 739 2512 770 ι
2557 718 2716 771 Ἀλλὰ
2749 717 3090 770 συνέκλεισεν
3118 717 3152 786 ἡ
3204 716 3396 786 Γραφὴ
3452 716 3667 769 ἅπαντα
3693 721 3784 787 ὑφ’
3813 721 3994 790 ἁμαρ-

2414 812 2553 875 τίαν,
2585 811 2670 862 ἵνα
2712 812 2745 880 ἡ
2779 809 3081 877 ἐπαγγελία
3112 811 3176 861 ἐκ
3210 809 3450 871 πίστεως
3511 810 3690 878 Ἰησοῦ
3750 812 3992 881 Χριστοῦ

2416 904 2541 973 δοθῇ
2563 906 2674 965 τοῖς
2716 901 3054 957 πιστεύουσι.
3085 902 3198 972 Πρὸ
3224 901 3318 953 τοῦ
3353 901 3410 954 δέ
3443 901 3620 955 ἐλθεῖν
3648 903 3748 973 τὴν
3784 905 3992 966 πίστιν,

2418 996 2525 1049 ὑπὸ
2547 995 2711 1064 νόμον
2737 993 3152 1065 ἐφρουρούμεθα
3187 993 3597 1064 συγκλειόμενοι
3626 996 3706 1058 είς
3736 996 3836 1065 τὴν
3862 995 3996 1064 μέλ-

2418 1087 2614 1139 λουσαν
2642 1087 2826 1138 πίστιν
2851 1084 3327 1154 ἀποκαλυφθῆναι.
3366 1103 3386 1136 ι

2501 1175 2720 1246 Ἐπειδὴ
2751 1177 2962 1246 μεγάλα
2992 1178 3251 1246 ἐφρόνουν
3307 1177 3573 1240 Ἰουδαῖοι,
3621 1178 3714 1229 καὶ
3738 1177 3900 1230 τοῦτο
3928 1173 3998 1248 ἦν

2417 1268 2613 1330 αὐτοὺς
2633 1267 2693 1318 τὸ
2719 1265 3098 1336 ταλαιπώρους
3128 1267 3524 1336 ἐργασάμενον,
3550 1268 3738 1320 τούτου
3777 1269 3940 1339 χάριν
3969 1272 3998 1320 ὁ

2418 1361 2580 1428 νόμος
2607 1357 2783 1428 ἐδόθη,
2825 1357 3062 1427 ἐλέγχων
3091 1359 3271 1411 αὐτῶν
3307 1359 3404 1430 τὴν
3438 1360 3735 1430 ἁμαρτίαν,
3762 1363 3861 1413 καὶ
3891 1360 3997 1412 ὑπὸ

2417 1453 2659 1520 κατάραν
2686 1449 2877 1512 ποιῶν,
2911 1449 2998 1501 ἴνα
3027 1449 3226 1511 εἰδότες
3258 1449 3333 1512 ὡς
3373 1451 3432 1503 ἐν
3469 1450 3716 1520 ἐσχάτοις
3740 1452 3872 1513 elei,
3900 1451 3997 1519 τὴν

2419 1541 2600 1594 πίστιν
2626 1539 2909 1610 ποθήσωσι
2936 1541 3035 1610 τὴν
3064 1541 3152 1592 διὰ
3195 1541 3457 1610 Χριστοῦ,
3498 1541 3598 1612 τὴν
3644 1541 3739 1594 καὶ
3762 1540 3999 1594 λύουσαν

2417 1632 2514 1701 τὴν
2541 1631 2834 1700 ἁμαρτίαν.

2493 1740 2512 1771 ι
2550 1723 2711 1773 Ὥστε
2767 1723 2796 1772 ό
2837 1721 3001 1790 νόμος
3047 1721 3396 1790 παιδαγωγὸς
3440 1721 3598 1791 ἡμῶν
3632 1715 3858 1790 γέγονεν
3918 1723 3999 1785 είς

2418 1811 2672 1881 Χριστὸν,
2705 1811 2794 1864 ἵνα
2820 1813 2884 1864 ἐκ
2905 1812 3140 1874 πίστεως
3162 1811 3564 1882 δικαιωθῶμεν.
3616 1811 3913 1883 Ἐλθούσης
3944 1813 4000 1864 δὲ

2423 1904 2519 1972 τῆς
2543 1902 2797 1966 πίστεως,
2827 1904 3010 1955 οὑκέτι
3040 1903 3145 1956 ὑπὸ
3171 1903 3517 1970 παιδαγωγόν
3549 1904 3739 1973 ἐσμεν.
3782 1923 3801 1955 ι

2505 1995 2565 2046 ὐ
2595 1994 2654 2047 δὲ
2708 1994 3054 2061 παιδαγωγὸς
3086 1995 3186 2047 οὑκ
3240 1994 3484 2058 ἐναντίος
3539 1993 3618 2064 τῷ
3667 1995 3999 2064 διδασκάλῳ,

2426 2084 2559 2138 ἀλλὰ
2591 2085 2956 2155 προοδοποιῶν
3008 2085 3175 2155 αὐτῷ.
3228 2087 3290 2138 El
3325 2086 3383 2139 δέ
3417 2103 3501 2148 τις
3529 2087 3588 2139 ἐν
3619 2086 3731 2152 ἕξει
3773 2090 4003 2156 γένηται

2431 2176 2766 2246 μαθημάτων
2800 2177 2949 2247 παρὰ
2975 2176 3067 2229 τοῦ
3094 2176 3432 2242 διδασκάλου,
3471 2177 3789 2248 αἰσχύνεται
3817 2178 4004 2230 λοιπὸν

2427 2269 2685 2340 ἐμμένειν
2703 2269 2782 2322 ἔτι
2809 2269 2888 2339 τῷ
2921 2270 3275 2340 παιδαγωγῷ.

2503 2379 2521 2412 ι
2561 2363 2767 2426 Πάντες
2795 2363 2902 2432 γὰρ
2932 2362 3039 2416 υἱοὶ
3067 2363 3202 2416 Θεοῦ
3231 2365 3352 2416 ἐστε
3394 2363 3482 2416 διὰ
3520 2363 3620 2434 τῆς
3662 2364 3901 2426 πίστεως
3944 2364 4010 2415 ἐν

2427 2455 2646 2526 Χριστῷ
2689 2455 2881 2526 Ἰησοῦ.
2912 2473 2931 2506 ι

2512 2546 2650 2600 Ἀλλ’
2678 2547 2738 2599 οὑ
2769 2546 2858 2600 διὰ
2885 2545 2980 2600 τοῦ
3012 2546 3180 2617 νόμου
3217 2547 3404 2616 φησίν.

2506 2657 2524 2689 ι
2559 2640 2715 2692 Ὅσοι
2764 2640 2873 2712 γὰρ
2923 2641 3004 2703 εἰς
3046 2641 3283 2710 Χριστὸν
3329 2639 3720 2710 ἐϐαπτίσθητε,
3772 2641 4008 2710 Χριστὸν

2431 2728 2768 2782 ἐνεδύσασθε.
2812 2749 2831 2780 ι

2513 2819 2732 2890 Ἐπειδὴ
2756 2819 2898 2889 μέγα
2927 2816 3070 2886 εἷπε,
3092 2821 3187 2874 καὶ
3202 2821 3536 2890 θαυμαστὸν,
3557 2822 3684 2883 τοὺς
3704 2821 3812 2875 ὑπὸ
3837 2824 4006 2876 κατά-

2437 2930 2538 2983 ραν
2585 2914 2650 2964 ἐκ
2676 2911 2771 2964 τοῦ
2824 2912 2990 2980 νόμου
3019 2913 3441 2982 γεγενημένους,
3498 2913 3583 2966 διὰ
3641 2915 3740 2982 τῆς
3773 2915 4012 2976 πίστεως

2436 3004 2583 3065 υἱοὺς
2628 3002 3140 3073 προσαγορευθῆναι
3189 3002 3348 3069 Θεοῦ,
3395 3004 3798 3066 κατασκευάζει
3855 3006 4006 3066 αὐτὸ,

2437 3093 2652 3162 πρῶτον
2684 3093 2782 3164 μὲν
2809 3093 2887 3163 τῷ
2918 3093 3245 3146 ἐνδύσασθαι
3271 3093 3364 3145 τὸν
3383 3094 3638 3164 Χριστόν.
3664 3095 3723 3146 El
3743 3095 3801 3147 δέ
3824 3097 3854 3148 ὁ
3881 3097 4009 3164 Χριο

770 3195 944 3249 Porro
973 3196 1016 3249 si
1046 3195 1295 3251 Christus
1324 3195 1494 3253 Filius
1521 3199 1734 3253 exsistit
1755 3199 1869 3263 Dei,
1906 3201 2098 3271 inquit,
2125 3214 2180 3257 tu
2201 3221 2331 3260 vero
2359 3224 2401 3282 α

2359 3224 2401 3282 C
2439 3185 2562 3249 στδς
2611 3185 2740 3248 Υἱὸς
2789 3185 2945 3250 Θεοῦ,
2985 3185 3049 3237 σὺ
3088 3185 3145 3238 δέ
3193 3185 3357 3238 αὑτὸν
3406 3185 3664 3250 ἐνεδύσω,
3721 3189 3880 3257 φησὶ,
3923 3188 4013 3238 τὸν

769 3302 892 3340 eum
923 3287 1169 3353 induisti,
1220 3303 1344 3342 cum
1380 3286 1579 3342 Filium
1623 3293 1675 3344 in
1723 3300 1776 3345 te
1824 3292 2050 3358 habeas,
2100 3295 2328 3365 ejusque

772 3379 965 3434 similis
1015 3380 1272 3447 evaseris,
1318 3380 1371 3434 in
1421 3379 1515 3435 Dei
1561 3381 1720 3451 plane
1773 3385 2235 3456 propinquitatem
2270 3407 2330 3445 es

770 3479 1080 3540 cooptatus.

848 3559 994 3614 \‘sns
1027 3560 1116 3616 28.
1159 3581 1178 3614 ι
1237 3561 1353 3618 Non
1409 3573 1494 3619 est
1544 3562 1784 3632 Iudaeus,
1841 3582 2016 3638 neque
2071 3568 2331 3637 Graecus;

775 3668 879 3707 nou
910 3662 995 3708 est
1022 3668 1230 3718 servus,
1292 3671 1468 3725 neque
1518 3656 1690 3722 liber;
1752 3674 1857 3713 non
1906 3668 1991 3714 est
2035 3663 2330 3730 masculus,

774 3760 949 3816 neque
987 3743 1206 3802 femina.
1237 3745 1439 3802 Omnes
1483 3749 1628 3802 enim
1676 3765 1787 3814 vos,
1831 3767 1969 3807 unus
2014 3753 2068 3808 in
2113 3754 2334 3811 Christo

774 3830 919 3888 l-esu.
962 3851 982 3886 ι

844 3924 1012 3995 Magis
1059 3941 1124 3980 ac
1187 3928 1358 3997 magis
1417 3929 1658 3998 explicat
1711 3931 2010 3987 bonitatem
2059 3932 2176 4004 Dei,
2227 3953 2334 4009 qua

773 4019 988 4072 cunctis
1007 4019 1216 4086 aequale
1239 4019 1441 4075 donum
1477 4021 1702 4092 largitus
1738 4026 1827 4078 sit.

845 4109 1012 4165 Vens.
1048 4111 1137 4164 29.
1189 4111 1249 4166 Si
1301 4120 1481 4166 autem
1531 4130 1625 4168 vos
1675 4115 1900 4180 Christi.
1966 4134 2099 4190 ergo
2152 4136 2333 4178 semen

774 4201 1007 4256 Abrahae
1042 4203 1195 4266 estis,
1233 4203 1529 4257 secundum
1562 4208 1981 4275 promissionem
2014 4211 2280 4270 haeredes.
2313 4235 2330 4266 ι

847 4291 903 4350 Si
955 4293 1211 4348 Christus
1259 4309 1444 4348 semen
1504 4306 1590 4350 est
1639 4298 1937 4364 Abraham,
1997 4319 2093 4358 vos
2155 4315 2338 4361 autem

776 4382 1052 4439 Christum
1101 4383 1381 4447 induistis,
1420 4394 1474 4437 et
1535 4400 1736 4455 corpus
1801 4389 1922 4457 ejus
1997 4390 2123 4446 facti
2181 4397 2338 4458 estis,

779 4473 1130 4528 manifestum
1144 4483 1228 4528 est
1253 4488 1353 4529 vos
1371 4488 1494 4528 esse
1521 4491 1705 4531 semen
1738 4477 2036 4547 Abraham,
2069 4498 2132 4537 ac
2156 4486 2342 4554 proin-

2437 3278 2562 3330 Υἰὸν
2588 3277 2724 3348 ἔχων
2753 3279 2810 3330 ἐν
2845 3277 3048 3346 σαυτῷ,
3081 3279 3176 3330 καὶ
3222 3277 3360 3349 πρὸς
3391 3278 3552 3330 αὑτὸν
3607 3279 4000 3349 ἀφομοιωθεὶς,

2433 3370 2512 3431 είς
2536 3367 2664 3438 μίαν
2686 3368 3006 3436 συγγένειαν
3031 3367 3226 3439 ἧχθης.

2509 3572 2525 3603 ι
2568 3552 2681 3605 Οὑκ
2708 3552 2786 3605 ἔνι
2828 3552 3104 3617 Ἰουδαῖος,
3150 3551 3275 3605 οὑδέ
3305 3550 3540 3621 Ἕλλην’
3567 3550 3667 3603 οὒκ
3698 3551 3778 3604 ἐνι
3799 3551 4008 3613 δοῦλος.

2433 3645 2552 3698 οὑδὲ
2575 3641 2886 3714 ἐλεύθερος·
2915 3644 3016 3695 οὑκ
3046 3643 3124 3696 ἔνι
3154 3643 3321 3714 ἄρσεν
3341 3643 3435 3696 καὶ
3456 3642 3614 3713 θῆλυ.
3650 3645 3864 3707 Πάντες
3896 3646 4006 3714 γὰρ

2437 3738 2595 3806 ὑμεῖς
2625 3730 2705 3792 εἷς
2731 3737 2788 3788 ἐν
2817 3735 3039 3807 Χριστῷ
3078 3735 3278 3805 Ἰησοῦ.
3320 3753 3338 3785 ι

2519 3915 2641 3967 Ἐπὶ
2687 3913 2869 3966 πλεῖον
2898 3913 3166 3983 διηγεῖται
3202 3911 3302 3984 τὴν
3349 3913 3662 3982 ἀγαθότητα
3716 3912 3813 3967 τοῦ
3841 3913 4004 3977 Θεοῦ,

2437 4009 2568 4062 ὅπου
2592 4025 2655 4074 γε
2680 4008 2815 4059 πᾶσι
2841 4007 2943 4076 τὴν
2975 4006 3097 4074 ἴσην
3123 4005 3326 4058 δέδωκε
3354 4005 3582 4076 δωρεάν.

2515 4116 2532 4147 ι
2572 4098 2634 4149 Εἰ
2659 4097 2892 4166 δὲὺμεῖς
2942 4095 3200 4165 Χριστοῦ,
3233 4095 3342 4164 ἄρα
3361 4094 3457 4150 τοῦ
3501 4096 3755 4168 Ἀϐραὰμ
3786 4098 4013 4170 σπέρμα

2438 4188 2586 4251 ἐστὲ,
2614 4188 2737 4242 κατ’
2771 4187 3104 4256 ἐπαγγελίαν
3137 4187 3490 4258 κληρονόμοι.
3529 4206 3548 4239 ι

2511 4281 2572 4333 Εἰ
2598 4281 2627 4331 ὁ
2653 4280 2888 4350 Χριστὸς
2918 4279 3137 4351 σπέρμα
3165 4279 3260 4332 τοῦ
3306 4278 3576 4349 Ἀϐραὰμ,
3609 4278 3766 4349 ὑμεῖς
3795 4279 3854 4332 δὲ
3876 4281 4016 4351 Χρι-

2443 4373 2565 4426 στὸν
2609 4371 2931 4427 ἐνεδύσασθε
2956 4413 2971 4435 ,
3008 4373 3102 4426 καὶ
3131 4371 3292 4441 σῶμα
3323 4371 3488 4425 αὑτοῦ
3522 4373 3810 4440 γεγόνατε,
3857 4372 4018 4442 δῆλον

2441 4466 2521 4517 ὃτι
2556 4464 2774 4535 σπέρμα
2801 4464 2898 4517 τοῦ
2938 4465 3188 4534 Ἀϐραάμ
3215 4466 3360 4518 ἐστε.
3392 4464 3602 4518 Οὐκοῦν
3626 4463 3720 4517 καὶ
3754 4465 4018 4535 κληρονόε

779 4565 846 4619 de
897 4564 1154 4620 haeredes.
1225 4565 1307 4619 Ad
1348 4581 1536 4621 semen
1588 4568 1790 4639 quippe
1844 4570 1991 4627 illius
2042 4559 2420 4644 promissioD

2042 4577 2340 4644 promissio
2367 4559 2420 4618 D
2448 4574 2558 4627 μοι.
2595 4557 2686 4613 Τῶ
2715 4557 2988 4628 σπέρματι
3014 4558 3122 4628 γὰρ
3150 4556 3300 4626 αὐτῷ
3323 4559 3356 4626 ἡ
3382 4556 3703 4625 ἐπαγγελία.

783 4656 1036 4726 pertinet.

1411 4772 1564 4828 CAP.
1593 4772 1681 4828 IV.

854 4879 1028 4938 Vsas.
1065 4883 1176 4938 1-5.
1199 4903 1216 4936 ι
1245 4885 1374 4941 Dico
1401 4897 1582 4941 autem
1608 4904 1622 4940 :
1661 4895 1867 4956 quanto
1891 4896 2136 4962 tempore
2169 4895 2343 4953 haeres

780 4977 1038 5045 parvulus
1067 4986 1168 5040 est,
1198 4979 1333 5032 nihil
1362 4978 1547 5035 diﬁ'ert
1573 4995 1601 5034 a
1638 4999 1818 5050 servo,
1841 5000 1965 5040 cum
1987 4978 2059 5039 sit
2082 4989 2343 5045 Dominus

781 5068 1047 5130 omnium,
1080 5069 1175 5124 sed
1203 5069 1304 5124 sub
1335 5071 1616 5128 tutoribus
1645 5081 1699 5129 et
1726 5076 2002 5132 actoribus
2028 5091 2136 5146 est,
2173 5095 2347 5152 usque

782 5157 849 5212 ad
881 5157 1208 5226 praeﬁnitum
1273 5165 1487 5229 tempus
1535 5178 1566 5216 a
1604 5162 1809 5220 Patre:
1854 5167 1928 5221 ita
1964 5176 2018 5222 et
2071 5185 2172 5225 nos
2221 5187 2344 5226 cum

783 5263 1033 5304 essemus
1063 5248 1300 5318 parvuli,
1344 5251 1447 5305 sub
1488 5252 1775 5309 elementis
1807 5257 1994 5310 mundi
2035 5257 2198 5328 hujus
2229 5275 2346 5314 era-

785 5354 910 5394 mus
956 5340 1277 5397 servientes.
1348 5341 1578 5408 Quando
1630 5354 1812 5400 autem
1872 5349 2023 5404 venit
2066 5351 2348 5420 plenitudo

786 5430 1071 5500 temporis,
1105 5432 1254 5488 misit
1291 5432 1434 5490 Deus
1477 5436 1674 5493 Filium
1702 5455 1882 5505 suum,
1911 5451 2100 5496 natum
2130 5458 2195 5497 ex
2224 5461 2346 5499 mu-

787 5520 943 5586 liere,
967 5532 1155 5576 natum
1185 5525 1286 5579 sub
1311 5525 1446 5598 lege,
1473 5535 1533 5582 ut
1559 5543 1654 5585 eos
1678 5532 1768 5602 qui
1804 5533 1908 5606 sub
1935 5533 2050 5605 lege
2079 5545 2236 5590 erant
2258 5551 2346 5590 re-

787 5612 1038 5670 dimeret.
1075 5632 1094 5666 ι

861 5722 1154 5781 Parvulum
1191 5726 1347 5794 dicit,
1375 5746 1482 5786 non
1523 5741 1708 5800 aetate,
1747 5737 1843 5791 sed
1872 5738 2054 5793 animo
2083 5758 2096 5800 ;
2131 5739 2348 5811 signiﬁ-

793 5831 925 5872 cans
955 5817 1121 5874 Deum
1151 5819 1305 5877 initia
1340 5822 1453 5879 haec
1474 5840 1692 5896 quoque
1716 5828 1950 5887 voluisse
1972 5830 2181 5902 largiri.
2204 5831 2344 5898 Quia

3051 4779 3300 4832 ΚΕΦΑΛ.
3334 4780 3385 4831 Δ¹

2524 4909 2542 4942 ι
2570 4891 2728 4960 Λέγω
2755 4889 2814 4943 δὲ
2847 4891 2932 4959 ἐφ’
2978 4891 3100 4942 ὅσον
3145 4889 3336 4958 χρόνον
3367 4890 3395 4942 ό
3442 4889 3775 4960 κληρονόμος
3829 4892 4027 4963 νήπιος

2448 4982 2619 5045 ἐστιν,
2652 4980 2806 5034 οὐδὲν
2858 4980 3103 5050 διαφέρει
3153 4978 3364 5042 δούλου,
3399 4980 3605 5050 Κύριος
3653 4980 3875 5033 πάντων
3931 4981 4031 5044 ὢν,

2447 5072 2562 5128 ἀλλ’
2586 5073 2691 5126 ὑπὸ
2731 5073 3058 5142 ἐπιτρόπους
3088 5072 3205 5124 ἐστὶ
3253 5071 3346 5124 καὶ
3371 5072 3708 5141 οἰκονόμους,
3759 5073 3893 5144 ἄχρι
3925 5073 4030 5141 τῆς

2449 5165 2782 5237 προθεσμίας
2808 5164 2903 5216 τοῦ
2929 5164 3161 5236 Πατρός.
3193 5163 3349 5218 Οὕτω
3391 5164 3485 5217 καὶ
3527 5166 3708 5234 ἡμεῖς,
3759 5165 3850 5217 ὅτε
3880 5161 4030 5236 ἦμεν

2449 5259 2654 5330 νήπιοι,
2685 5256 2791 5309 ὑπὸ
2818 5255 2887 5308 τὰ
2934 5257 3173 5324 στοιχεῖα
3213 5253 3307 5307 τοῦ
3344 5253 3548 5323 κόσμου
3578 5248 3721 5322 ἦμεν
3763 5253 4035 5305 δεδουλω-

2453 5353 2624 5423 μένοι.
2661 5351 2790 5402 Ὄτε
2815 5349 2874 5401 δὲ
2910 5345 3043 5419 ἦλθε
3068 5348 3128 5400 τὸ
3157 5347 3433 5417 πλήρωμα
3471 5345 3565 5398 τοῦ
3612 5345 3832 5415 χρόνου,
3855 5345 4031 5410 ἐξαπ-

2452 5443 2688 5499 έστειλεν
2723 5443 2752 5494 ὁ
2791 5440 2921 5504 Θεὸς
2945 5440 3034 5492 τὸν
3066 5439 3192 5492 Υἱδν
3226 5436 3390 5492 αὑτοῦ
3411 5481 3424 5503 ,
3447 5439 3790 5507 γεννώμενον
3829 5439 3900 5489 ἐκ
3929 5455 4033 5504 γυ-

2451 5533 2657 5597 ναικὸς,
2682 5530 3021 5600 γεννώμενον
3061 5529 3167 5583 ὑπὸ
3212 5528 3398 5598 νόμου,
3436 5529 3523 5581 ἵνα
3567 5528 3694 5589 τοὺς
3726 5527 3834 5578 ὑπὸ
3867 5528 4034 5598 νόμον

2453 5625 2782 5696 ἐξαγοράσῃ.
2815 5644 2834 5676 ι

2526 5743 2760 5812 Νήπιος,
2783 5741 2842 5794 οὑ
2874 5741 2972 5809 τὴν
2997 5739 3235 5809 ἡλικίαν,
3262 5737 3397 5790 ἀλλὰ
3432 5735 3532 5806 τὴν
3586 5736 3814 5804 γνώμην
3864 5737 4033 5806 φησί·

2455 5833 2672 5896 δεικνὺς
2703 5833 2785 5886 ὅτι
2804 5835 2897 5886 καὶ
2924 5831 2984 5896 ἐξ
3013 5831 3185 5902 ἀρχῆς
3229 5830 3327 5900 μὲν
3360 5827 3609 5882 ἐϐούλετο
3641 5829 3668 5881 ό
3693 5828 3829 5892 Θεὸς
3858 5827 4031 5882 ταῦτα
