4218 6448
182 417 273 481 801
1347 423 1431 484 IN
1471 421 1709 484 EPIST.
1749 423 1848 483 AD

1347 423 1431 484 IN
1471 421 1709 484 EPIST.
1749 423 1849 483 AD
1880 422 2234 483 GALATAS.

3315 414 3419 481 802

181 531 524 601 χαρίσασθαι.
587 520 804 600 Ἐπειδὴ
844 531 901 585 δέ
955 532 1036 585 ἔτι
1090 531 1520 604 νηπιωδέστερον
1559 532 1753 586 διεκεί-
1781 542 1827 596 Α

1752 568 1753 571 η
1781 542 1827 596 Α
1856 547 1989 588 vero
2018 530 2304 603 pueriliter
2340 529 2519 584 adhuc
2549 528 2733 586 allecti
2760 543 3000 596 eramus,
3021 528 3138 601 ipse
3161 542 3259 583 nos
3282 528 3418 584 sivit

182 623 341 691 μεθα,
365 618 583 691 ἀφῆκεν
638 621 743 675 ὑπὸ
798 621 865 676 τὰ
918 626 1157 693 στοιχεῖα
1187 623 1282 676 τοῦ
1331 624 1538 694 κόσμου
1585 620 1749 686 εῖναι,

179 711 422 764 τουτέστι
456 712 771 782 Νουμηνίας
827 713 920 765 καὶ
966 713 1240 767 Σὰὅὸατα.
1278 715 1344 766 Αἱ
1393 717 1500 785 γὰρ
1544 715 1752 786 ἡμέραι

177 802 285 853 ἀπὸ
314 803 518 873 δρόμου
571 806 802 873 σελήνης
855 806 949 857 καὶ
982 804 1132 874 ἡλίου
1170 806 1428 873 γίνονται.
1468 805 1529 857 Εἰ
1574 805 1631 858 δὲ
1661 806 1754 858 καὶ

180 893 273 945 νῦν
305 896 333 963 ή
345 895 449 963 μᾶς
486 894 591 947 ὑπὸ
619 895 781 964 νόμον
812 895 1053 962 ἄγουσιν,
1089 896 1242 949 οὐδὲν
1268 896 1454 966 ἕτερον
1482 894 1751 954 ποιοῦσιν,

180 983 355 1053 ἀλλ’ἢ
397 986 491 1039 καὶ
544 987 604 1038 ἐν
641 986 720 1055 τῷ
757 987 932 1056 χρόνῳ
982 987 1083 1056 τῆς
1118 988 1331 1053 τελείας
1394 988 1629 1057 ἡλικίαςζ
1674 989 1753 1049 είς

180 1076 421 1129 τούπίσω
443 1077 605 1131 πάλιν
632 1079 930 1146 ἀπάγουσι,
954 1079 1048 1131 καὶ
1074 1078 1274 1133 δούλων
1298 1080 1450 1132 οὐδὲν
1476 1078 1753 1148 διαφέρειν

183 1182 337 1220 ποιου
345 1185 428 1221 σιν
436 1208 449 1221 .

255 1278 276 1311 ι
322 1261 439 1313 Ἵνα
466 1260 567 1329 τὴν
589 1260 860 1313 υἱοθεσίαν
883 1261 1265 1332 ἀπολάϐωμεν.
1305 1281 1323 1314 ι

251 1354 451 1416 Καλῶς
471 1351 645 1419 εἶπεν,
677 1352 1091 1422 ἀπολάϐωμεν,
1122 1355 1334 1419 δεικνὺς
1377 1354 1750 1425 ὀφειλομένην.

192 1445 434 1498 ’Λνωθεν
463 1446 569 1517 γάρ
603 1446 967 1516 ἐπηγγείλατο
994 1448 1087 1499 ἐπὶ
1116 1447 1209 1500 τοῦ
1250 1447 1517 1518 Ἀϐραάμ.

257 1641 276 1674 i
312 1624 437 1675 Ὀτι
478 1623 537 1676 δέ
590 1626 708 1676 ἐστε
765 1626 888 1687 υίοὶ,
919 1625 1263 1688 ἐξαπέστειλε
1310 1626 1367 1677 τὸ
1400 1626 1618 1696 Πνεῦμα
1645 1624 1735 1677 τοῦ

187 1714 313 1766 Υἱοῦ
338 1715 506 1767 αὐτοῦ
533 1717 612 1777 εἰς
636 1717 737 1779 τὰς
763 1719 993 1785 καρδίας
1022 1717 1195 1786 ὑμῶν,
1228 1718 1448 1786 κρᾶζον,
1510 1718 1694 1779 ‘A66é‘i,
1726 1720 1753 1770 ὁ

186 1808 396 1878 Πατήρ.
426 1808 588 1860 Ὥστε
613 1809 793 1861 οὐκέτι
824 1806 875 1862 el
898 1809 1101 1873 δοῦλος,
1134 1809 1268 1861 ἀλλά
1290 1811 1423 1871 υἱός.
1456 1810 1516 1861 Εἰ
1538 1808 1594 1860 δὲ
1617 1809 1749 1871 υίὸς,

186 1900 278 1953 καὶ
309 1900 645 1969 κληρονόμος
678 1901 812 1953 Θεοῦ
843 1902 938 1954 διὰ
968 1902 1221 1972 Χριστόν.
1259 1921 1275 1951 ι

254 1989 407 2041 Ἀνω
434 1990 529 2041 καὶ
556 1990 708 2042 κάτω
728 1989 821 2041 τὸν
846 1990 1096 2059 περὶτῆς
1116 1990 1386 2053 υἱοθεσίας
1415 1989 1595 2053 αὐτοῖς
1619 2007 1750 2059 προ-

184 2077 339 2149 φέρει
368 2076 549 2145 λόγον.
608 2079 719 2132 Καὶ
772 2080 871 2151 ήδη
912 2081 1010 2149 μὲν
1037 2079 1237 2144 ἔδειξεν
1267 2082 1324 2132 έν
1352 2082 1465 2143 τοῖς
1493 2080 1750 2148 ἀνωτέρω

180 2169 269 2223 διὰ
307 2170 406 2223 τοῦ
439 2173 636 2233 εἰπεῖν,
694 2172 951 2239 Χριστὸν
985 2174 1388 2227 ἐνεδύσασθε·
1427 2172 1520 2227 νῦν
1559 2173 1615 2225 δέ
1660 2174 1753 2226 καὶ

182 2260 371 2333 ἑτέρου
399 2262 494 2315 τοῦ
526 2264 720 2328 εἰπεῖν,
752 2264 834 2316 ὅτι
859 2265 959 2317 οὐκ
988 2264 1055 2318 ἂν
1088 2263 1388 2333 ἐδυνάμεθα
1409 2266 1624 2336 Πατέρα
1652 2284 1751 2318 κα-

182 2352 293 2407 λεῖν
315 2352 410 2405 τὸν
442 2353 596 2419 Θεδν,
638 2356 729 2407 καὶ
776 2356 839 2408 τὸ
872 2355 1099 2426 Πνεῦμα
1146 2356 1314 2409 αὐτοῦ
1356 2356 1563 2421 λαϐεῖν,
1594 2358 1642 2409 εί
1676 2358 1751 2429 μὴ

181 2446 290 2498 υἱοὶ
324 2445 491 2499 αὐτοῦ
522 2447 893 2516 ἐγεγόνειμεν.

256 2557 276 2590 i
323 2538 488 2592 Ἀλλά
514 2540 632 2593 τότε
678 2542 775 2611 μὲν
821 2541 921 2594 οὐκ
976 2540 1179 2604 εἰδότες
1210 2541 1363 2608 Θεὸν,
1401 2542 1751 2595 ἐδουλεύσατε

185 2632 294 2691 τοῖς
324 2628 484 2698 φύσει
515 2629 588 2700 μὴ
608 2626 726 2683 οὖσι
753 2630 915 2693 Θεοῖς.
948 2630 1061 2683 Νῦν
1092 2630 1149 2683 δὲ
1172 2632 1387 2695 γνόντες
1424 2631 1576 2697 Θεὸν,
1614 2630 1750 2700 μᾶλ-

183 2720 273 2773 λον
293 2721 351 2774 δὲ
388 2722 718 2789 γνωσθέντες
745 2722 850 2775 ὑπὸ
880 2722 1037 2785 Θεοῦ,
1060 2722 1175 2785 πῶς
1205 2722 1557 2792 ἐπιστρέφετε
1592 2721 1750 2774 πάλιν

182 2813 276 2866 ἐπὶ
298 2812 366 2865 τὰ
394 2812 597 2881 ἀσθενῆ
626 2814 722 2865 καὶ
755 2812 947 2882 πτωχά
976 2816 1215 2882 στοιχεῖα
1240 2852 1255 2877 ,
1289 2806 1370 2875 οἷς
1418 2811 1579 2864 πάλιν
1608 2812 1748 2865 ἀνω-

183 2902 274 2955 θεν
300 2903 571 2956 δουλεύειν
592 2903 811 2970 θέλετε;
852 2921 871 2955 ι

265 3073 535 3128 Ἐνταῦθα
569 3074 705 3146 πρὸς
730 3074 854 3138 τοὺς
876 3074 935 3141 ἐξ
965 3073 1134 3128 ἐθνῶν
1162 3075 1558 3139 πιστεύσαντας
1610 3075 1748 3128 ἀπο-

1857 623 1961 677 sub
1994 622 2280 677 elementis
2327 622 2514 675 mundi
2565 634 2765 692 agere;
2797 629 2933 692 puta
2966 622 3070 675 sub
3098 617 3420 674 Neomeniis

1852 725 1906 771 et
1931 715 2201 770 Sabbatis.
2224 713 2359 768 Nam
2394 713 2513 768 dies
2550 728 2711 768 cursu
2739 714 2874 768 solis
2897 720 2951 766 et
2973 713 3117 769 luna:
3153 726 3423 783 peragun-

1870 810 1982 862 tur.
2019 809 2075 860 Si
2102 815 2283 861 autem
2318 821 2416 859 nos
2455 806 2557 859 sub
2588 805 2757 876 legem
2803 806 3079 875 redigunt,
3110 804 3243 857 nihil
3272 800 3421 856 aliud

1821 898 2082 962 _laciunt,
2117 912 2280 966 quam
2311 897 2356 951 si
2427 910 2527 949 nos
2567 896 2743 950 relatis
2785 895 2983 949 adulize
3031 902 3279 963 tempore
3333 890 3403 945 ad

1858 996 2186 1044 retroactam
2213 996 2423 1041 aetatem
2466 988 2647 1042 denuo
2694 995 3033 1052 revocarent,
3061 994 3121 1039 ut
3165 998 3198 1037 a
3240 982 3421 1040 servis

1854 1082 1989 1136 nihil
2020 1081 2330 1136 dill‘crentes
2366 1082 2560 1135 simus.

1934 1279 1953 1311 ι
1987 1258 2059 1314 Ut
2088 1260 2433 1328 ailOptionem
2468 1258 2703 1311 liliorum
2739 1257 3136 1325 reciperemus.
3183 1275 3202 1308 ι

1925 1352 2085 1423 168
2111 1352 2277 1405 Recte
2303 1350 2464 1410 dixit,
2510 1350 2877 1417 reciperemus,
2922 1356 2983 1400 ut
3021 1362 3141 1401 eam
3180 1345 3419 1400 debitam

1854 1447 2015 1501 nobis
2065 1445 2234 1499 luisse
2296 1443 2628 1497 ostenderet.
2682 1442 2823 1495 Olim
2893 1442 3040 1495 enim
3076 1439 3220 1494 Deus
3270 1438 3414 1492 banc

1855 1538 2167 1592 Abraliamo
2207 1537 2555 1605 promiserat.

1925 1629 2091 1684 Vens.
2135 1631 2188 1694 li,
2226 1630 2278 1683 7.
2343 1646 2361 1678 ι
2403 1627 2672 1692 Quoniam
2720 1626 2851 1681 estis
2902 1624 3020 1688 lilii,
3069 1624 3219 1678 misit
3275 1623 3420 1678 Deus

1857 1721 2118 1790 Spiritum
2154 1720 2273 1773 Filii
2318 1720 2398 1773 sui
2446 1720 2498 1771 in
2558 1718 2727 1772 corda
2780 1726 2984 1779 vestra,
3049 1716 3416 1771 clamantem:

1857 1812 2032 1875 Abba,
2062 1810 2243 1866 Pater.
2272 1810 2459 1878 Itaque
2484 1810 2597 1878 jam
2634 1826 2741 1864 non
2792 1824 2852 1863 es
2882 1822 3095 1871 servus,
3125 1806 3221 1862 sed
3256 1806 3418 1859 lilius.

1782 1904 1824 1958 Β
1853 1904 2007 1970 Quod
2035 1906 2079 1959 si
2116 1903 2278 1967 lilius,
2309 1912 2361 1957 et
2391 1904 2565 1957 haeres
2606 1901 2697 1956 Dei
2741 1917 2836 1970 per
2871 1900 3172 1955 Clirismm.
3221 1917 3239 1950 ι

1929 1996 2156 2049 Sursum
2192 1992 2447 2048 deorsum
2496 1994 2564 2051 de
2614 1993 2907 2062 adoptione
2946 2005 3251 2045 sermonem
3300 2004 3419 2043 mo-

1854 2096 1961 2141 vet.
2009 2084 2240 2155 Jamque
2293 2086 2551 2151 superius
2593 2083 2811 2153 quidem
2851 2096 2971 2136 eam
3014 2064 3417 2157 indicavit.'di-

1860 2178 2055 2243 cendo,
2087 2176 2358 2232 Christum
2398 2178 2688 2232 induistis:
2725 2192 2870 2231 nunc
2918 2185 3097 2229 autem
3130 2174 3235 2228 alio
3259 2174 3420 2228 modo

1852 2286 1974 2324 cum
2002 2271 2100 2333 ait,
2136 2285 2245 2323 non
2288 2285 2387 2323 nos
2417 2284 2575 2340 posse
2609 2269 2777 2323 Deum
2817 2282 3018 2322 vocare
3053 2265 3293 2324 Patrem.
3328 2281 3420 2318 ue-

1852 2376 1958 2430 que
1981 2360 2242 2430 Spiritum
2274 2360 2344 2415 ab
2382 2375 2448 2415 eo
2512 2360 2784 2430 accipere,
2818 2359 2923 2413 nisi
2957 2357 3052 2412 lilii
3080 2358 3255 2428 ipsius
3288 2357 3417 2410 lacti

1850 2453 2045 2507 simus.

1930 2544 2096 2601 Vsus.
2131 2545 2185 2610 8,
2216 2545 2269 2598 9.
2306 2564 2323 2596 i
2360 2543 2463 2600 Sed
2486 2554 2612 2599 tunc
2631 2543 2852 2612 quidem
2888 2544 3201 2612 ignorantes
3228 2540 3415 2603 Deum,

1851 2635 1920 2689 iis
1955 2636 2047 2703 qui
2080 2646 2269 2689 natura
2299 2649 2404 2688 non
2437 2644 2567 2688 sunt
2600 2634 2697 2695 dii,
2735 2633 3058 2687 serviebatis
3080 2672 3095 2687 .
3134 2630 3291 2685 Nunc
3314 2645 3414 2683 au-

1852 2735 1958 2780 tem
2012 2740 2134 2778 cum
2176 2725 2547 2795 cognoveritis
2597 2724 2790 2791 Deum,
2824 2726 2933 2777 imo
2973 2724 3175 2791 cogniti
3216 2723 3338 2778 sitis
3384 2736 3416 2775 a

1850 2816 1979 2881 Deo,
2008 2818 2280 2887 quomodo
2318 2815 2708 2870 convertemini
2785 2816 2982 2868 iterum
3026 2813 3091 2867 ad
3126 2813 3337 2866 inlirma
3364 2822 3420 2865 et

1848 2924 2014 2979 egena
2059 2909 2352 2971 elementa,
2388 2907 2587 2977 quibus
2634 2906 2815 2960 denuo
2851 2906 2920 2960 ab
2968 2906 3180 2975 integro
3209 2902 3417 2959 servire

1847 3000 2048 3054 vultis?
2094 3017 2112 3049 ι

1920 3092 2037 3147 Hoc
2076 3091 2181 3145 loci
2220 3089 2344 3144 illos
2375 3088 2671 3157 alloquitur
2708 3104 2773 3141 ex
2812 3086 3070 3157 gentibus
3100 3085 3193 3157 qui
3226 3084 3409 3139 credi-

179 3168 419 3221 τείνεται
439 3184 452 3196 ·
481 3168 563 3220 ὃτι
591 3167 688 3220 καὶ
713 3167 1128 3238 είδωλολατρεία
1164 3168 1224 3219 τὸ
1250 3167 1490 3220 τοιοῦτόν
1518 3169 1688 3231 ἐστιν,
1715 3169 1765 3238 ἠ,
1786 3245 1816 3251 Δ

1759 3224 1816 3251 ,Δ
1852 3184 2077 3238 derant:
2112 3182 2369 3251 quoniam
2418 3190 2475 3235 et
2516 3182 2828 3236 observatio
2879 3181 3092 3236 dierum
3144 3178 3414 3234 idolorum

180 3259 280 3327 τῆς
314 3257 424 3310 τῶν
452 3258 679 3329 ἡμερῶν
704 3258 1140 3328 παρατηρήσεως
1172 3258 1412 3326 φυλακή.

258 3366 278 3399 i
319 3348 561 3421 Ἡμέρας
591 3351 1022 3420 παρατηρεῖσθε,
1048 3351 1139 3403 καὶ
1168 3352 1361 3421 μῆνας,
1388 3351 1483 3405 καὶ
1506 3351 1748 3421 καιροὺς,

181 3441 275 3492 καὶ
302 3438 599 3502 ἐνιαυτούς.
637 3457 655 3490 ι

260 3532 357 3584 Ἐκ
379 3531 586 3585 τούτων
627 3531 808 3602 δῆλον,
860 3534 942 3586 ὃτι
972 3533 1031 3586 οὐ
1066 3534 1226 3604 μόνον
1262 3535 1568 3604 περιτομὴν
1595 3535 1751 3588 αὑτοὶ

178 3623 477 3693 ἐκήρυττον
507 3622 721 3694 ἐκείνην
758 3627 949 3694 μόνην,
986 3625 1122 3679 ἀλλά
1154 3626 1248 3678 καὶ
1276 3627 1374 3689 τὰς
1416 3627 1629 3698 ἑορτὰς,
1657 3626 1750 3680 καὶ

180 3715 279 3778 ea;
312 3715 422 3767 Nou
432 3716 628 3785 μηνίας
662 3720 869 3787 τηρεῖν.

257 3827 278 3860 ς
311 3809 589 3879 Φοϐοῦμαι
652 3810 830 3880 ὑμᾶς,
883 3812 1080 3881 μήπως
1136 3812 1260 3882 είκῆ
1313 3813 1617 3866 κεκοπίακα
1670 3813 1749 3875 είς

181 3900 346 3971 ὑμᾶς.
387 3919 407 3951 ι

247 3990 518 4054 Δέδοικα,
552 3991 737 4060 φησὶν,
782 3992 843 4044 οὐ
883 3992 987 4062 μὴν
1038 3993 1355 4062 ἀπέγνωκα.
1415 3994 1607 4063 Κύριοι
1641 3995 1750 4064 γὰρ

181 4081 340 4150 ὑμεῖς
366 4080 427 4132 τὸ
454 4082 563 4133 πᾶν
594 4081 905 4152 διορθῶσαι.

257 4188 276 4220 ‹
309 4169 533 4221 Γίνεσθε
564 4169 638 4232 ὡς
666 4170 799 4240 ἐγὼ,
848 4172 928 4224 ὅτι
978 4172 1130 4240 κάγὼ
1174 4174 1249 4235 ὡς
1283 4175 1470 4242 ὑμεῖς,
1504 4175 1745 4243 ἀδελφοὶ,

186 4259 376 4330 δέομαι
411 4260 586 4331 ὑμῶν.
620 4261 787 4315 Οὐδέν
823 4279 891 4331 με
916 4263 1231 4333 ἠδικήσατε.
1271 4283 1288 4315 ι

251 4347 438 4402 Ταῦτα
461 4350 599 4421 πρὸς
622 4352 746 4414 τοὺς
774 4352 833 4417 ἐξ
872 4352 1138 4406 Ἰουδαίων
1167 4353 1333 4421 λέγει.
1369 4355 1458 4407 Διὸ
1500 4355 1593 4408 καὶ
1625 4355 1743 4408 ἐαυ-

181 4442 271 4495 τὸν
302 4444 380 4505 είς
413 4443 580 4513 μέσον
629 4445 775 4511 ἄγει,
821 4443 1017 4497 πείθων
1051 4446 1243 4509 αὐτοὺς
1296 4447 1598 4517 ἀποστῆναι
1637 4448 1744 4501 τῶν

184 4532 450 4599 παλαιῶν,
485 4535 857 4605 μιμουμένους
880 4535 1064 4589 αὐτόν.

259 4748 278 4779 ι
308 4728 521 4791 Οἴδατε,
550 4730 633 4783 ὅτι
661 4730 728 4783 δι’
756 4731 1039 4785 ἀσθένειαν
1076 4732 1175 4802 τῆς
1218 4733 1420 4802 σαρκὸς
1463 4734 1747 4802 εὐηγγελι-

188 4822 366 4892 σάμην
388 4824 519 4891 ὑμῖν
537 4823 599 4875 τὸ
627 4824 908 4894 πρότερον,
940 4827 1034 4877 καὶ
1057 4825 1147 4878 τὸν
1170 4826 1475 4897 πειρασμόν
1509 4805 1631 4897 μου,
1657 4828 1749 4879 τὸν

184 4913 278 4965 ἐπὶ
323 4916 391 4983 τῇ
449 4913 610 4983 σαρκί
644 4932 743 4983 μου
780 4916 879 4967 οὐκ
925 4915 1333 4985 ἐξουθενήσατε,
1366 4917 1484 4970 οὐδέ
1525 4918 1748 4984 ἐξεπτύ-

188 5019 338 5067 σατε,
365 5003 482 5056 ἀλλ’
513 5003 589 5067 ὼς
615 5004 845 5075 ἄγγελον
874 5005 1010 5060 Θεοῦ
1059 5008 1313 5073 ἐδέξασθε
1343 5009 1465 5078 ἐμὲ,
1510 5008 1749 5078 ὠς,Χρι-

190 5093 311 5146 στὸν
352 5094 581 5162 Ἰησοῦν.
619 5114 637 5145 ι

257 5184 565 5256 Κηρύσσων
595 5186 722 5257 ὑμῖν
742 5229 756 5254 ,
780 5190 946 5259 φησὶν
968 5231 983 5256 ,
1032 5190 1376 5260 ἠλαυνόμην,
1421 5190 1745 5261 ἐμαστιγοῦ-

190 5292 315 5345 μην,
345 5276 609 5340 θανάτους
639 5279 928 5348 ὑπέμενον,
964 5282 1057 5334 καὶ
1104 5282 1224 5335 οὐδὲ
1250 5282 1391 5334 οὓτω
1418 5285 1749 5352 κατεφρονή-

190 5368 315 5420 σατέ
339 5386 463 5438 μου.
500 5369 669 5423 Τοῦτο
696 5373 803 5440 γάρ
826 5374 963 5435 ἐστι,
1001 5374 1110 5427 Τὸν
1139 5375 1468 5443 πειρασμόν
1495 5392 1613 5442 μου
1642 5372 1747 5424 τὸν

186 5458 255 5509 ἐν
273 5459 349 5528 τῇ
374 5462 557 5529 σαρκί
567 5479 685 5531 μου
710 5464 818 5517 οὐκ
844 5459 1304 5530 ἐξουθενήσατε,
1330 5465 1471 5518 οὐδὲ
1501 5465 1745 5527 ἐξεπτύ-

187 5565 353 5605 σατε.
387 5552 513 5615 Πῶς
547 5548 641 5605 οῦν
670 5554 768 5605 οὑκ
800 5554 1022 5620 ἄτοπον,
1053 5556 1383 5626 διωκόμενον
1407 5556 1480 5618 ὡς
1519 5556 1747 5622 ἄγγελον

188 5640 454 5710 δέχεσθαι,
526 5644 889 5715 παραινοῦντα
948 5648 1006 5701 δὲ
1065 5647 1131 5701 τὰ
1191 5647 1395 5713 δέοντα,
1469 5649 1542 5716 μὴ
1581 5646 1743 5716 νδέχε-

193 5732 315 5789 σθαι
328 5781 348 5790 -

1850 3274 2225 3343 superstitioni
2255 3273 2608 3328 similiserat.

1922 3366 2088 3419 Vsus.
2120 3364 2208 3419 ‘10.
2249 3384 2267 3416 ι
2316 3364 2443 3419 Dies
2470 3364 2805 3429 observatis,
2830 3372 2886 3420 et
2918 3378 3155 3429 menses,
3197 3372 3254 3419 et
3278 3373 3413 3419 tem.

1850 3470 2000 3526 pura,
2035 3463 2089 3509 et
2116 3470 2312 3509 annos.
2352 3474 2369 3505 ι

1921 3546 1997 3601 Ex
2035 3547 2155 3601 istis
2188 3556 2527 3614 compertum
2573 3544 2653 3608 lit,
2690 3562 2797 3599 non
2843 3546 3019 3599 solum
3047 3560 3142 3601 eos
3168 3545 3411 3600 circurn-

1850 3640 2108 3693 cisionem
2146 3637 2494 3706 prmdicasse,
2556 3654 2742 3692 verum
2778 3638 2942 3692 etiam
2994 3637 3160 3692 festos
3201 3637 3316 3693 dies
3358 3643 3415 3693 et

1848 3728 2176 3785 Neomeiiias
2203 3731 2413 3784 servari
2444 3729 2657 3783 debere.

1924 3820 2085 3875 Vens.
2120 3821 2206 3873 ll.
2242 3840 2260 3871 ‹
2284 3819 2474 3874 Timeo
2505 3835 2621 3881 vos.
2652 3835 2721 3875 ne
2750 3819 2888 3874 forte
2912 3820 3033 3875 sine
3061 3834 3231 3873 causa
3257 3817 3415 3873 labo-

1849 3915 2081 3967 raverim
2118 3916 2170 3967 in
2197 3915 2373 3967 vobis.
2410 3933 2428 3963 ι

1924 4002 2128 4067 Timeo,
2157 4005 2353 4072 inquit,
2391 4018 2498 4056 non
2542 4004 2787 4073 despero.
2820 4003 2952 4058 Nam
2998 4004 3053 4057 in
3098 4010 3280 4057 vestra
3312 4016 3410 4072 po-

1850 4105 2044 4150 testate
2078 4104 2163 4149 est
2199 4105 2367 4148 totum
2398 4095 2711 4149 emendare.
3168 4166 3173 4171 ,

1918 4186 2082 4239 Vens.
2118 4185 2203 4237 l2.
2239 4205 2255 4236 ι
2299 4184 2483 4239 Estote
2527 4184 2671 4238 sicut
2718 4199 2838 4253 ego,
2869 4193 2923 4238 et
2962 4200 3061 4252 ego
3107 4185 3249 4238 sicut
3276 4198 3408 4238 vos:

1853 4274 2073 4336 fratres,
2103 4276 2331 4328 obsecro
2360 4289 2478 4328 vos.
2527 4273 2673 4327 Nihil
2703 4289 2788 4328 me
2815 4274 3084 4328 laesistis.»

1917 4366 2041 4421 llaec
2080 4367 2327 4436 loquitur
2361 4366 2428 4420 ad
2460 4366 2580 4421 illos
2605 4367 2697 4434 qui
2724 4381 2788 4420 ex
2817 4363 3019 4421 Iudaeis
3050 4375 3226 4421 erant.
3262 4365 3406 4432 Quo-

1847 4460 1991 4513 circa
2049 4468 2219 4511 scmet
2280 4460 2397 4528 ipse
2458 4456 2663 4525 profert
2714 4458 2769 4511 in
2827 4458 3087 4520 medium,
3143 4473 3252 4526 quo
3286 4460 3410 4512 illos

1778 4581 1823 4636 ι)
1851 4552 2094 4617 exemplo
2120 4564 2217 4602 suo
2248 4549 2575 4619 persuadeat
2604 4563 2634 4600 a
2671 4548 2871 4617 priscis
2900 4548 3095 4601 ritibus
3128 4548 3246 4602 suis
3311 4550 3405 4601 de-

1851 4642 2104 4697 sciscere.

1833 4798 1841 4807 .
1920 4734 2084 4789 Vsus.
2122 4733 2210 4789 15.
2235 4734 2322 4787 Η.
2358 4750 2375 4782 i
2418 4730 2585 4787 Scitis
2614 4739 2793 4786 autem
2825 4696 2954 4802 quia
2985 4748 3078 4801 per
3112 4733 3404 4788 inllrmita-

1851 4832 1957 4877 tem
1991 4823 2171 4877 carnis
2201 4822 2570 4893 evangelizavi
2601 4822 2755 4877 vobis
2784 4824 3147 4894 jampridem,
3184 4835 3239 4879 et
3279 4838 3401 4880 ten-

1848 4916 2109 4966 tationem
2144 4910 2315 4966 mea‘m
2345 4912 2402 4966 in
2426 4926 2595 4967 carne
2618 4927 2733 4966 mea
2769 4928 2875 4965 non
2902 4914 3207 4980 sprevistis,
3231 4928 3407 4983 neque

1848 5005 2171 5074 respuistis;
2210 5004 2304 5059 sed
2354 5004 2497 5059 sicut
2528 5003 2779 5073 angelum
2815 5002 2911 5058 Dei
2958 5005 3254 5076 excepisti:
3296 5020 3403 5071 me,

1849 5095 1991 5148 sicut
2016 5094 2291 5149 Christum
2326 5092 2533 5149 Iesum.
2580 5114 2599 5147 ι

1912 5186 2140 5250 Quando
2162 5184 2443 5259 Christum
2470 5185 2852 5255 praedicabam,
2897 5187 3095 5256 inquit,
3121 5186 3401 5255 ejiciebar,
3495 5203 3503 5217 ‘

1848 5278 2191 5347 vapulabam,
2244 5286 2450 5332 mortes
2480 5277 2779 5331 tolerabam
2805 5294 2820 5343 ;
2848 5293 2911 5332 ac
2962 5294 3030 5333 ne
3055 5279 3138 5333 sic
3174 5279 3395 5347 quidem

1853 5383 1937 5421 me
1968 5368 2422 5423 contemnebatis.
2450 5366 2585 5421 Nam
2608 5368 2661 5422 id
2695 5367 3038 5439 signiﬁcatur
3067 5368 3153 5423 his
3179 5370 3361 5425 verbis
3388 5390 3401 5426 :

1856 5460 2212 5511 Teutati'onem
2242 5475 2411 5512 meam
2436 5460 2490 5511 in
2522 5474 2683 5512 carne
2714 5475 2829 5511 mea
2856 5475 2958 5511 non
2991 5460 3284 5526 sprevistis,
3311 5477 3401 5513 ne-

1849 5568 1945 5619 que
1976 5553 2273 5618 rapuistis.
2312 5550 2595 5616 Quomodo
2630 5551 2798 5621 igitur
2843 5566 2948 5605 non
2980 5552 3275 5606 absurdum
3309 5554 3404 5615 sit,

1848 5658 1970 5693 eum
2013 5643 2106 5709 qui
2155 5644 2548 5712 exagitaretur,
2596 5652 2853 5712 tanquam
2922 5643 3171 5714 angelum
3218 5658 3405 5699 susce-

1850 5741 1998 5801 ptum
2040 5750 2181 5799 (δεδι,
2220 5751 2280 5788 ac
2317 5750 2423 5789 non
2461 5736 2610 5793 item.
2640 5736 2767 5790 dum
2792 5750 2853 5790 ea
2894 5752 3015 5805 qua:
3056 5751 3194 5807 opus
3236 5745 3397 5803 sunt,

1851 5827 2083 5881 suadet?
