4218 6448
734 412 868 481 .803

1917 416 1974 475 S.
2013 415 2332 476 JOANNIS
2371 417 2797 478 DAMASCENI

3896 412 4003 472 8οί

838 521 1002 575 Vsus.
1045 522 1130 587 15,
1177 521 1260 575 l6.
1300 541 1317 572 ι
1359 519 1460 578 Ubi
1502 529 1589 576 est
1619 534 1748 592 ergo
1779 522 2054 578 beatitudo
2099 523 2325 578 vestra?
2360 528 2404 583 Α

2360 528 2404 583 Α
2507 544 2525 575 ι
2568 526 2679 578 Ποῦ
2708 523 2802 579 οὖν
2841 530 2868 578 ὀ
2916 526 3258 597 μακαρισμὸς
3311 524 3502 594 ὑμῶνς
3555 521 3834 592 Μαρτυρῶ
3889 523 3998 589 γὰρ

763 613 1160 667 Testimonium
1200 613 1345 667 enim
1389 614 1653 683 perhibeo
1694 615 1871 676 vobis,
1931 615 2059 682 quia
2108 616 2153 667 si
2211 613 2326 667 fieri

763 713 967 773 posset,
993 703 1182 758 oculos
1213 715 1425 758 vestros
1443 705 1752 768 eruissetis,
1771 715 1825 758 et
1856 705 2151 760 dedissetis
2170 707 2322 760 mihi.

765 791 906 862 Ergo
950 793 1206 849 inimicus
1258 796 1412 848 vobis
1457 794 1632 848 factus
1695 811 1840 858 sum,
1905 810 2090 848 verum
2138 794 2328 849 dicens

766 883 962 938 vobis?
992 903 1009 934 ι

835 973 935 1028 Hie
965 975 1182 1030 haesitat
1228 983 1281 1028 et
1312 975 1674 1045 obstupescit,
1706 985 1870 1044 atque
1913 977 1980 1029 ab
2008 979 2088 1032 eis
2117 980 2330 1033 discere

767 1064 1088 1120 mutationis
1111 1082 1330 1120 causam
1386 1069 1602 1136 quaerit.
1634 1066 1881 1135 Nunquid
1915 1084 2017 1122 neu
2043 1087 2139 1124 vos
2171 1073 2326 1135 estis,

727 1168 729 1170 '
768 1158 1058 1226 inquit,qui
1081 1174 1163 1212 me
1188 1158 1454 1213 fovebatis
1472 1160 2184 1231 colebatisque,ve5trisque
2205 1179 2328 1231 pre-

764 1250 1050 1305 tiosiorem
1075 1252 1248 1304 oculis
1276 1251 1595 1304 docebatis?
1626 1252 1908 1304 Undcuam
1941 1270 2068 1321 ergo
2093 1255 2327 1308 inimici-

767 1344 838 1395 tia
872 1342 1026 1396 hatc?
1059 1345 1202 1395 unde
1243 1343 1521 1413 suspicio?
1552 1345 1754 1412 quippe
1781 1361 1905 1397 eum
1932 1346 2090 1415 169
2121 1362 2182 1399 ea
2210 1361 2329 1416 quae

767 1450 888 1488 vera
930 1444 1058 1487 sunt
1090 1434 1324 1486 dixerim
1359 1435 1533 1488 vobis.
1578 1438 1752 1489 Aliam
1793 1438 1994 1507 quippe
2050 1441 2210 1505 hujus
2251 1441 2327 1493 rei

763 1538 984 1576 causam
1005 1539 1112 1575 non
1145 1523 1323 1590 video,
1349 1525 1455 1577 nisi
1474 1528 1617 1597 quod
1641 1529 1918 1582 veritatem
1946 1530 2097 1581 vobis
2116 1531 2328 1584 loculus

762 1615 889 1669 sint.

835 1705 996 1760 Vens.
1034 1705 1121 1757 17.
1163 1724 1180 1756 ι
1216 1703 1571 1761 [Ειιιιιιοηιυτ
1599 1724 1713 1768 vos,
1744 1725 1851 1763 non
1886 1712 2077 1764 bene.»

826 1796 908 1850 Ad
937 1799 1338 1853 aemulationem
1383 1813 1481 1854 vos
1516 1801 1780 1862 excitant,
1816 1802 2033 1869 inquit,
2092 1802 2182 1855 sed
2217 1817 2324 1854 non

2431 618 2580 686 ὑμῖν,
2611 621 2692 670 ὃτι
2720 622 2768 670 εἰ
2793 617 3017 670 δυνατὸν
3035 619 3162 679 τοὺς
3181 615 3494 684 ὀφθαλμοὺς
3524 613 3677 683 ὑμῶν
3711 613 3998 682 ἐξορύξαν-

2426 728 2518 774 τες
2541 711 2777 764 ἐδώκατέ
2803 729 2913 782 μοι.
2935 713 3096 764 Ὥστε
3118 710 3312 781 ἐχθρὸς
3329 710 3359 761 ὁ
3368 709 3481 778 μῶν
3496 707 3697 777 γέγονα
3715 706 3999 776 ἀληθεύων

2431 804 2585 874 ὐμίν;
2624 822 2643 855 ι

2514 977 2774 1032 Ἐνταῦοα
2792 979 3040 1048 διαπορεῖ
3068 978 3163 1032 καὶ
3193 978 3577 1048 ἐκπλήττεται,
3604 977 3698 1031 καὶ
3727 976 3858 1046 παρ’
3899 975 3998 1028 αὖ·

2427 1071 2538 1122 τῶν
2581 1070 2733 1140 ζητεῖ
2787 1073 2886 1140 τὴν
2914 1071 3090 1123 αἰτίαν
3131 1072 3230 1140 τῆς
3274 1070 3576 1139 μεταϐολῆς
3616 1069 3826 1139 μαθεῖν.
3885 1069 3996 1135 Οὐχ

2430 1164 2585 1232 ὑμεῖς
2614 1160 2731 1233 ἦτε,
2770 1165 2957 1230 φησὶν,
2989 1163 3040 1214 οἵ
3071 1180 3139 1232 με
3179 1161 3506 1232 μεθέποντες
3539 1164 3632 1212 καὶ
3660 1159 3996 1230 θεραπεύον-

2429 1272 2539 1317 τες,
2566 1256 2659 1308 καὶ
2674 1254 2780 1306 τῶν
2810 1253 3104 1322 ὀφθαλμῶν
3133 1251 3426 1323 ἡγούμενοι
3453 1251 3799 1321 τιμιώτερον.
3828 1251 3997 1302 Πόθεν

2429 1343 2522 1400 οὖν
2553 1349 2585 1417 ἡ
2618 1348 2787 1419 ἔχθρα
2814 1364 2829 1412 ;
2861 1347 3027 1400 πόθεν
3078 1349 3112 1417 ὴ
3144 1346 3384 1414 ὑποψίας
3414 1346 3496 1397 ὅτι
3542 1343 3608 1396 τὰ
3633 1344 3811 1414 ἀληθῆ
3862 1344 3997 1412 πρὸς

2429 1441 2576 1510 ὑμᾶς
2607 1437 2759 1493 εἶπον
2777 1457 2790 1470 ο
2821 1439 2932 1508 ἐγὼ
2963 1439 3094 1509 γὰρ,
3122 1438 3306 1508 φησὶν,
3328 1438 3427 1490 οὐκ
3454 1433 3570 1489 οἶδα
3600 1437 3766 1505 ἄλλην
3791 1438 3993 1498 αἰτίαν,

2429 1531 2462 1601 ἢ
2494 1530 2556 1584 τὸ
2585 1530 2796 1600 τάληθῆ
2825 1530 3003 1599 λέγειν
3040 1531 3187 1599 ὑμῖν.

2507 1725 2525 1756 ι
2555 1706 2818 1773 Ζηλοῦσιν
2846 1707 3012 1776 ὑμᾶς.
3048 1707 3109 1758 οὐ
3142 1705 3344 1768 καλῶς.
3381 1724 3398 1756 ι

2501 1800 2668 1869 Ζῆλον
2696 1801 2860 1868 ὑμᾶς,
2901 1801 3066 1868 φησιν
3091 1839 3106 1862 ,
3155 1799 3495 1868 ἐρεθίζουσιν
3525 1797 3692 1868 ἔχειν,
3721 1799 3784 1850 οὐ
3812 1797 3996 1850 καλόν.

767 1898 991 1944 rectam.
1026 1888 1146 1954 Quo
1190 1892 1338 1944 enim
1398 1901 1557 1961 pacto
1586 1896 1863 1946 simulatio
1909 1895 1999 1946 illa
2043 1894 2184 1947 bona
2233 1895 2326 1957 sit,
2363 1863 2403 1917 Β

2363 1863 2403 1917 Β
2436 1863 2698 1964 Πῶςίγάρ
2727 1863 2928 1953 ἐκεῖνος
2965 1863 3163 1954 καλὸς,
3188 1863 3223 1942 ἰό
3252 1893 3414 1944 πάλιν
3457 1863 3666 1954 εἰς’τὸν
3721 1890 3887 1958 ζυγὸν
3913 1891 4002 1941 αὐ-

765 1996 887 2052 (ιυιε
911 1981 965 2035 in
990 1981 1182 2052 jugqu
1213 1999 1308 2037 eos
1341 1985 1622 2040 servitutis
1651 1984 2003 2039 detruderet?

848 2091 867 2126 ι
899 2073 1008 2130 Sed
1065 2076 1362 2132 excludere
1407 2092 1509 2133 vos
1543 2079 1751 2144 volunt,
1819 2089 1876 2134 ut
1933 2080 2055 2132 illos
2108 2080 2330 2134 temule-

838 2257 1138 2312 Excludere
1165 2259 1423 2313 nimirum
1454 2273 1484 2312 a
1505 2260 1682 2329 gratia
1721 2257 2022 2329 Evangelii.
2057 2259 2171 2317 lloc
2187 2262 2333 2317 enim

768 2352 1123 2420 praestabant,
1154 2352 1250 2421 qui
1292 2352 1441 2421 ipsos
1466 2353 1669 2407 vellent
1699 2367 1727 2405 a
1756 2353 1995 2423 perfecta
2024 2356 2334 2424 cognitione

768 2442 1011 2511 abigere,
1071 2451 1126 2498 et
1179 2443 1246 2496 ad
1312 2445 1558 2514 spuriam
1605 2459 1826 2499 rursum
1869 2445 2174 2511 deducere;
2223 2461 2331 2501 nou

768 2535 932 2588 aliam
965 2535 1036 2590 ob
1066 2551 1312 2600 causam,
1348 2536 1460 2591 nisi
1490 2545 1549 2591 ut
1578 2537 1685 2608 ipsi
1718 2539 1770 2592 in
1804 2539 1924 2592 loco
1951 2541 2331 2608 magistrorum

770 2629 1046 2697 sederent,
1084 2630 1307 2686 Galatas
1342 2646 1470 2687 vero
1505 2631 1559 2684 in
1587 2633 1764 2688 classe
1791 2634 2186 2702 discipulorum
2223 2645 2334 2690 sta-

767 2728 1007 2776 tuereut.

837 2811 1007 2866 Vsus.
1044 2813 1135 2866 18.
1182 2831 1203 2865 ι
1249 2812 1393 2869 Bene
1451 2821 1635 2869 autem
1688 2815 2025 2871 :emulamini
2083 2815 2141 2871 in
2191 2816 2334 2871 bono

771 2917 1010 2973 semper,
1053 2911 1110 2960 et
1153 2919 1266 2961 non
1304 2914 1516 2961 tantum
1569 2922 1695 2962 cum
1731 2923 1976 2978 praesens
2015 2923 2138 2962 sum
2189 2909 2334 2979 apud

769 3010 887 3048 VOS.
935 3011 956 3046 ι

838 3081 970 3140 Istic
998 3086 1221 3150 annuit,
1253 3086 1559 3142 absentiam
1604 3102 1759 3142 suam
1801 3089 1968 3146 totius
2023 3090 2149 3143 mali
2200 3106 2333 3145 eau-

2431 1986 2556 2048 τοὺς
2587 1985 2912 2056 καταφέρων
2941 1984 3042 2054 τῆς
3063 1985 3301 2046 δουλείας
3326 2003 3340 2044 ;

2508 2097 2528 2131 ι
2564 2078 2724 2132 Ἀλλὰ
2755 2077 3032 2131 ἐκκλεῖσαι
3061 2080 3206 2148 ὑμᾶς
3236 2077 3504 2140 θέλουσιν,
3543 2077 3629 2130 ἵνα
3670 2077 3870 2139 αὐτοὺς
3907 2075 4004 2148 ζη-

2432 2172 2592 2226 λῶτε.
2632 2191 2650 2223 ι

2515 2263 2821 2316 Ἐκκλείσαι
2870 2265 2969 2332 μὲν
2997 2263 3095 2333 τῆς
3135 2261 3496 2332 εὐαγγελικῆς
3543 2261 3782 2331 χάριτος.
3832 2258 4006 2314 Τοῦτο

2431 2356 2541 2428 γὰρ
2569 2356 2806 2422 ἐποίουν,
2843 2359 2966 2420 τοὺς
2997 2356 3095 2425 μὲν
3125 2354 3281 2426 [γὰρ]
3307 2341 3515 2418 τελείας
3543 2352 3799 2422 γνώσεως
3834 2353 3999 2406 ἑκϐα-

2431 2448 2542 2501 λεῖν
2577 2449 2849 2512 Θέλοντες,
2890 2449 2971 2510 εἰς
2996 2448 3052 2501 δὲ
3089 2447 3187 2517 τὴν
3215 2447 3366 2499 νόθον
3394 2446 3555 2499 πάλιν
3583 2445 3903 2512 ἀνάγοντες,
3936 2442 4000 2495 δι’

2431 2541 2584 2594 οὐδὲν
2610 2542 2817 2610 ἕτερον,
2847 2539 2961 2594 ἀλλ’
2987 2541 3074 2594 ἴνα
3096 2540 3251 2594 αὐτοὶ
3278 2539 3376 2609 μὲν
3407 2542 3466 2592 ἐν
3495 2538 3647 2604 τάξει
3667 2537 4005 2590 διδασκάλων

2431 2631 2720 2699 γένωνται,
2752 2630 2998 2694 Γαλάτας
3027 2631 3087 2683 δὲ
3115 2632 3175 2682 tv
3209 2629 3359 2693 τάξει
3392 2629 3778 2698 καταστήσωσι
3828 2625 4004 2696 μαθη-

2429 2740 2558 2779 των.

2505 2831 2526 2867 ι
2564 2808 2760 2878 καλῶς
2802 2813 2861 2868 δὲ
2903 2811 3167 2884 ζηλοῦσθε
3221 2814 3282 2866 tv
3311 2812 3462 2884 καλῷ
3516 2812 3768 2870 πάντοτε,
3802 2812 3899 2862 καὶ
3933 2808 4006 2879 μὴ

2437 2907 2596 2978 μόνον
2625 2908 2683 2958 tv
2706 2905 2785 2976 τῷ
2815 2905 3073 2975 παρεῖναί
3097 2923 3166 2974 με
3187 2906 3323 2976 πρὸς
3361 2906 3524 2975 ὑμᾶς.
3568 2923 3587 2955 ι

2532 3089 2798 3143 Ἐνταῦθα
2842 3088 3157 3152 αἰνίττεται,
3191 3089 3271 3142 ὅτι
3309 3089 3342 3158 ἡ
3371 3090 3605 3142 ἀπουσια
3640 3087 3806 3139 αὐτου
3835 3084 4008 3139 ταῦτα

773 3191 891 3230 sam
917 3178 1108 3242 fuisse,
1141 3179 1356 3248 hocque
1391 3195 1504 3233 rem
1538 3181 1675 3236 bene
1701 3182 2019 3242 succedere,
2045 3187 2088 3234 si
2111 3182 2335 3237 absente
2365 3208 2408 3264 ρ

2365 3208 2408 3264 C
2440 3183 2754 3252 εἰργάσατο,
2787 3181 2884 3237 καὶ
2920 3181 3004 3235 ὃτι
3035 3181 3195 3234 τοῦτο
3237 3181 3528 3251 μακάριον,
3556 3178 3617 3231 τὺ
3650 3179 3744 3231 καὶ
3776 3179 4007 3238 ἀπόντος

775 3268 1042 3338 magistro
1088 3269 1344 3340 discipuli
1380 3273 1800 3328 convenientem
1841 3288 2002 3327 suum
2037 3272 2218 3326 locum
2255 3279 2338 3326 te-

774 3365 944 3412 neant

846 3446 1016 3505 Vsus.
1047 3450 1134 3506 i9.
1182 3468 1201 3502 ι
1257 3451 1436 3507 Filioli
1495 3454 1622 3519 mei,
1655 3470 1793 3523 quos
1835 3455 2027 3509 iterum
2073 3457 2338 3524 parturio,

775 3541 948 3597 donec
977 3543 1245 3599 formetur
1267 3545 1524 3599 Christus
1555 3548 1606 3598 in
1638 3547 1817 3600 vobis.
1859 3565 1878 3598 ι

847 3632 1152 3706 Imaginem
1201 3635 1590 3703 labefactastis,
1624 3639 1838 3708 inquit;
1885 3639 2112 3694 formam
2160 3641 2342 3711 perdi-

779 3725 978 3793 distis;
1014 3727 1184 3782 altera
1213 3729 1372 3784 vobis
1416 3732 1823 3800 regeneratione
1869 3739 1924 3784 et
1958 3732 2345 3787 reformatione

783 3829 924 3888 Opus
957 3825 1063 3882 est,
1094 3817 1345 3872 doctrina
1390 3819 1621 3875 scilicet.
1678 3820 1882 3874 lterum
1913 3837 2011 3875 vos
2056 3823 2220 3892 signo
2251 3837 2345 3892 per

779 3908 1166 3964 eruditionem.

854 3999 1023 4056 Vsus.
1049 4000 1142 4058 20.
1179 4019 1198 4052 ι
1236 4000 1489 4057 Volebam
1513 4014 1692 4057 autem
1721 4017 1844 4056 esse
1863 4002 2009 4072 apud
2037 4018 2132 4057 vos
2160 4003 2344 4069 modo,

780 4102 834 4150 et
864 4101 1078 4148 mutare
1106 4109 1290 4150 vocem
1320 4110 1518 4147 meam.
1555 4112 1573 4144 ι

851 4205 968 4272 Qua
997 4205 1065 4261 de
1114 4220 1280 4260 causa
1325 4220 1564 4274 presens
1625 4222 1751 4262 esse
1811 4208 2076 4276 optabat;
2130 4209 2235 4262 nisi
2290 4216 2349 4262 ut

787 4309 1027 4354 mutaret
1072 4313 1283 4365 vocem,
1323 4299 1428 4352 hoc
1470 4309 1553 4352 est
1600 4301 1676 4352 uti
1720 4301 1986 4370 lacrymas
2027 4301 2347 4364 effunderet,

788 4391 1485 4461 lngeret,etingemisceret,
1520 4400 1574 4445 et
1604 4393 1767 4445 simul
1793 4407 1981 4446 Oltllles
2013 4394 2077 4445 ad
2118 4395 2350 4447 lamenta

785 4483 1082 4538 evocaret?
1149 4481 1283 4537 Nam
1349 4482 1467 4536 fieri
1528 4483 1749 4536 minime
1781 4491 2013 4552 poterat,
2057 4493 2113 4536 ut
2151 4484 2202 4536 in
2235 4484 2352 4552 epi-

2438 3271 2536 3325 τοῧ
2556 3270 2875 3325 διδασκάλου
2897 3271 2997 3342 τὴν
3021 3270 3245 3322 δέουσαν
3278 3268 3433 3333 τάξιν
3463 3267 3656 3332 σώζειν
3680 3268 3806 3330 τοὺς
3835 3267 4011 3336 μαθη-

2436 3365 2554 3428 τάς.

2515 3477 2533 3510 ι
2561 3457 2760 3510 Τεκνία
2784 3474 2909 3527 μου,
2937 3455 3032 3518 οὓς
3058 3455 3217 3509 πάλιν
3243 3453 3438 3518 ὠδίνω,
3467 3453 3627 3523 ἄχρις
3643 3446 3705 3506 οὗ
3743 3449 4008 3521 μορφωθῇ

2439 3549 2674 3618 Χριστὸς
2705 3550 2762 3602 tv
2791 3549 2938 3618 ὑμῖν.
2969 3567 2987 3600 ι
3099 3533 3102 3536 ’

2525 3639 2864 3711 Ἐφθείρατε,
2888 3639 3044 3709 φησὶ,
3062 3636 3160 3707 τὴν
3186 3635 3390 3698 εἰκόνα,
3410 3623 3728 3686 ὒπὼλέσατε
3749 3630 3850 3701 τὴν
3877 3647 4009 3699 μορ-

2441 3733 2570 3804 φὴν,
2591 3734 3004 3802 ἀναγεννήσεως
3035 3731 3227 3799 ἑτέρας
3251 3730 3378 3797 ὑμῖν
3401 3727 3484 3780 δεῖ
3513 3727 3607 3778 καὶ
3627 3723 4006 3784 ἀναπλάσεως,

2441 3819 2659 3888 διδαχῆς
2683 3818 2923 3888 δηλονότι
2943 3835 2956 3847 ⁸
2990 3818 3150 3870 πάλιν
3179 3815 3351 3886 γεννῶ
3374 3814 3461 3868 διὰ
3487 3813 3866 3884 κατηχήσεως.

2521 4007 2541 4041 ι
2586 3989 2812 4042 Ἦθελον
2834 3987 2892 4040 δὲ
2914 3987 3169 4057 παρεῖναι
3196 3983 3334 4054 πρὸς
3366 3983 3509 4052 ὑμᾶς
3543 3982 3690 4052 ἄρτι,
3723 3981 3820 4034 καὶ⁵
3847 3979 4011 4034 ἀλλά-

2447 4082 2533 4146 ξαι
2556 4081 2653 4152 τὴν
2671 4083 2854 4149 φωνὴν
2882 4095 3004 4148 μου.
3041 4097 3061 4129 ›

2521 4194 2678 4256 Τίνος
2704 4189 2891 4244 ἕνεκεν
2920 4189 3074 4260 ζητεῖ
3093 4189 3191 4261 τὴν
3211 4188 3512 4259 παρουσίαν
3545 4185 3715 4254 λέγει,
3750 4185 3846 4238 καὶ
3870 4183 4012 4246 τίνος

2449 4284 2481 4354 ἢ
2521 4282 2614 4336 τοῦ
2656 4281 2878 4346 ἀλλάξαι
2913 4281 3013 4352 τὴν
3055 4281 3258 4350 φωνὴν,
3302 4279 3425 4332 ἀντὶ
3475 4277 3566 4330 τοῦ
3611 4274 3880 4347 δακρῦσαι
3921 4274 4015 4326 καὶ

2451 4377 2737 4448 θρηνῆσαι,
2773 4375 2868 4428 καὶ
2911 4373 3300 4446 ὀλοφύρασθαι,
3341 4372 3434 4424 καὶ
3463 4371 3670 4431 πάντας
3697 4369 3778 4430 εἰς
3816 4366 4015 4438 θρῆνον

2453 4467 2820 4532 ὲπισπᾶσθαι;
2850 4466 2950 4519 Διὰ
2979 4467 3088 4537 γὰρ
3121 4465 3406 4533 ἐπιστολῆς
3429 4463 3529 4516 οὐκ
3560 4457 3629 4533 ἦν
3663 4460 3874 4531 δάκρυα
3907 4459 4015 4511 δεῖ·

789 4577 946 4631 stolis
1013 4577 1128 4630 suis
1204 4576 1474 4631 lacrvmas
1541 4577 1876 4644 gemitumve
1955 4592 2113 4630 suum
2191 4577 2346 4630 exhi-
2381 4552 2426 4607 D

1398 4590 1474 4629 ias
1541 4577 1876 4644 gemitumve
1955 4592 2113 4630 suum
2191 4577 2346 4630 exhi-
2381 4552 2426 4607 D
2459 4559 2566 4627 ξαιν
2594 4561 2712 4613 οὐδὲ
2743 4559 3064 4629 ὀλοφυρμόν·

790 4669 962 4724 beret.

866 4795 886 4829 ι
917 4776 1184 4844 Quoniam
1220 4778 1525 4834 confundor
1558 4779 1610 4832 in
1643 4778 1819 4833 vobis.
1869 4789 1916 4829 ι·

858 4887 980 4944 Νοη
1009 4890 1177 4955 enim,
1210 4891 1406 4961 inquit,
1435 4907 1565 4961 quin
1587 4893 1762 4945 dicam
1786 4887 1958 4944 habeo
1982 4907 1997 4954 ;
2025 4890 2117 4959 qui
2149 4889 2350 4943 factum

794 4982 886 5044 sit,
926 4991 986 5036 ut
1011 4984 1103 5053 qui
1129 4983 1282 5051 prius
1317 4983 1384 5038 ad
1421 4983 1598 5052 ipsum
1630 4997 1805 5050 usque
1831 4981 1956 5036 coali
1980 4981 2242 5035 verticem
2267 4995 2355 5034 as—

793 5069 1126 5134 cenderatis,
1156 5071 1355 5140 partim
1389 5071 1459 5125 ob
1502 5070 1743 5139 pericula
1769 5083 1894 5139 quae
1925 5069 2049 5122 fidei
2075 5083 2238 5122 causa
2270 5077 2354 5122 to-

797 5161 1033 5226 lerastis,
1075 5163 1270 5231 partim
1297 5161 1366 5216 ob
1399 5161 1646 5230 prodigia
1669 5173 1788 5229 qua:
1837 5175 1933 5229 per
1965 5158 2124 5213 fidem
2155 5159 2357 5214 edidis-

797 5252 889 5315 tis,
918 5266 1064 5305 nunc
1091 5259 1312 5319 repente
1339 5249 1474 5303 adeo
1510 5251 1575 5304 ad
1615 5257 1821 5302 tantam
1863 5249 2127 5303 vilitatem
2157 5248 2356 5316 dejecli

797 5345 942 5409 sitis,
969 5352 1028 5397 ut
1059 5342 1127 5396 ad
1171 5342 1643 5397 circumcisionem
1690 5350 1744 5395 et
1783 5339 2022 5394 Sabbata
2073 5340 2358 5408 pertraha-

798 5436 952 5490 mini.

874 5567 894 5601 ι
933 5547 1101 5602 Vens.
1130 5549 1318 5602 ‘21-‘25.
1355 5566 1372 5596 ι
1408 5545 1582 5599 Dicite
1612 5544 1769 5607 mihi,
1804 5544 1895 5611 qui
1939 5543 2041 5598 sub
2089 5543 2205 5612 lege
2239 5559 2358 5594 vm-

803 5644 873 5695 tis
904 5657 1049 5703 esse,
1089 5640 1260 5708 legem
1306 5655 1412 5692 non
1456 5637 1714 5707 legistis?
1760 5635 2038 5704 Scriptum
2074 5643 2157 5689 est
2188 5636 2356 5694 enim.

804 5729 1070 5792 Quoniam
1123 5726 1396 5782 Abraham
1448 5725 1586 5778 duos
1644 5723 1784 5778 filios
1838 5723 2047 5786 habuit,
2093 5738 2260 5774 unum
2294 5724 2361 5775 de

807 5820 1022 5882 ancilla,
1052 5829 1105 5874 et
1135 5835 1304 5874 unum
1337 5818 1403 5873 de
1425 5817 1616 5872 libera.
1659 5815 1767 5870 Sed
1793 5815 1887 5885 qui
1923 5813 1990 5867 de
2020 5814 2237 5878 ancilla,
2271 5830 2357 5868 se-

2527 4775 2545 4807 ι
2587 4759 2708 4810 "Uti.
2737 4753 3046 4827 ἀποροῦμαι
3079 4755 3137 4806 tv
3157 4754 3304 4822 ὑμῖν.
3344 4771 3363 4805 ο

2525 4873 2638 4923 Οὐκ
2666 4871 2772 4940 ἔχω
2797 4871 2924 4939 γὰρ,
2954 4869 3105 4938 φησὶ,
3137 4870 3191 4919 τί
3219 4870 3388 4920 εῐπω·
3413 4864 3572 4917 πόθεν
3610 4867 3658 4916 οἱ
3681 4865 3817 4933 πρὸς
3847 4865 4017 4935 αὐτὴν

2454 4963 2754 5024 ἀναϐάντες
2790 4960 2881 5013 τοῦ
2905 4959 3132 5030 οὐρανοῦ
3160 4960 3256 5029 τὴν
3291 4959 3536 5028 κορυφὴν
3576 4958 3663 5009 διὰ
3698 4957 3808 5008 τῶν
3834 4957 4013 5008 κινδύ-

2456 5074 2561 5109 νων
2590 5050 2663 5108 ὧν
2696 5055 3022 5122 ὑπεμείνατε
3054 5053 3194 5121 ὑπὲρ
3221 5053 3318 5120 τῆς
3370 5052 3624 5111 πίστεως,
3649 5051 3745 5101 καὶ
3776 5049 3865 5101 διὰ
3911 5051 4015 5100 τὼν

2459 5149 2699 5219 σημείων
2720 5144 2803 5218 ὧν,
2823 5146 3132 5210 ὑπεδείξατε
3155 5144 3244 5197 διὰ
3276 5145 3372 5214 τῆς
3403 5144 3656 5203 πίστεως,
3694 5141 3789 5192 νῦν
3824 5141 4016 5210 ἀθρόον

2457 5243 2629 5304 οὕτως
2659 5245 2737 5306 εἰς
2781 5240 3048 5309 τοσαύτην
3088 5239 3362 5291 εὐτέλειαν
3400 5235 3793 5304 κατηνέχθητε,
3822 5235 3898 5296 ὼς
3941 5235 4017 5294 εἰς

2461 5338 2758 5406 περιτομὴν
2786 5334 2879 5386 καὶ
2909 5331 3165 5386 Σάϐϐατα
3191 5327 3617 5400 κατασύρεσθαι.

2536 5554 2555 5586 ι
2598 5533 2799 5600 Λέγετέ
2847 5549 2973 5601 μοι,
3005 5532 3053 5582 οἱ
3103 5529 3207 5581 ὑπὸ
3234 5528 3398 5596 νόμον
3446 5526 3689 5587 θέλοντες
3739 5522 3901 5584 εἶναι,
3932 5523 4017 5574 τὸν

2462 5628 2623 5697 νόμον
2661 5625 2760 5678 οὐκ
2811 5623 3065 5686 ἀκούετε;
3118 5620 3432 5689 Γέγραπται
3485 5617 3612 5686 γὰρ,
3651 5617 3733 5668 ὅτι
3776 5613 4020 5683 ’Δόραὰμ

2461 5720 2554 5773 δύο
2583 5719 2730 5780 υἱοὺς
2760 5717 2935 5785 ἔσχεν,
2978 5715 3075 5768 ἕνα
3116 5714 3180 5766 ὲκ
3208 5713 3307 5782 τῆς
3353 5711 3665 5778 παιδίσκης.
3696 5710 3791 5762 καὶ
3838 5710 3931 5760 ἕνα
3961 5708 4018 5758 t2:

2462 5813 2560 5882 τῆς
2591 5808 2895 5877 ἐλευθέρας.
2940 5806 3077 5860 Ἀλλ’
3108 5807 3136 5858 ὁ
3189 5805 3287 5874 μὲν
3320 5805 3383 5856 ὲκ
3415 5803 3511 5870 τῆς
3545 5801 3855 5869 παιδίσκης,
3889 5798 4014 5852 κατὰ
