4218 6448
185 412 284 474 805

1352 407 1431 467 ΙΝ
1466 404 1701 468 EPIST.
1735 402 1834 463 AD
1870 404 2220 467 GALATAS.

3292 404 3400 470 806

187 524 359 591 σάρκα
392 524 729 594 γεγέννηται,
761 524 790 576 ὁ
814 522 872 575 δὲ
899 522 961 574 ὲκ
1003 518 1102 589 τῆς
1131 508 1445 589 ἐλευθέρας,
1474 515 1539 569 δι’
1570 517 1743 582 ἐπαγ·
1773 518 1816 573 Α
1845 532 1853 566 ι

1726 540 1743 552 -
1773 518 1816 573 Α
1845 516 2083 571 cundum
2118 530 2337 571 carnem
2387 524 2546 571 natus
2594 526 2708 582 est;
2744 516 2835 587 qui
2876 523 3053 572 autem
3090 513 3157 570 de
3201 514 3392 583 libera,

187 614 384 679 γελίας.
422 634 440 665 ι

266 706 487 774 ἰμπειδὴ
517 704 721 771 ἔλεγεν,
768 703 853 754 ὅτι
886 703 919 772 ἡ
957 700 1138 760 πίστις
1184 698 1325 768 ὑμᾶς
1374 696 1634 749 συνάπτει
1665 693 1742 763 τῷ

199 796 466 865 Ἁϐραάμ,
515 796 608 847 καὶ
634 795 806 847 ὲδόκει
830 795 944 855 τοῖς
983 788 1272 844 ἀκούουσιν
1317 786 1575 841 ἀπίθανον
1604 781 1741 838 εἶναι

186 889 259 949 είς
284 888 412 949 τοὺς
442 885 517 957 μὴ
554 883 927 954 γεννωμένους
960 882 1021 946 ἐξ
1058 880 1289 940 ἐκείνου,
1328 878 1548 939 τούτους
1594 874 1741 937 υἱούς

187 992 347 1044 φησιν
374 972 756 1036 εἷναιὲκείνου,
777 973 1049 1027 δείκνυσιν
1068 971 1151 1023 ὅτι
1180 969 1239 1023 τὸ
1266 967 1565 1039 παράδοξον
1586 966 1741 1018 τοῦτο

188 1062 388 1115 ἄνωθεν
408 1063 648 1131 γέγονεν.
691 1062 749 1114 '0
773 1061 882 1131 γὰρ
922 1058 1105 1111 Ἰσαὰκ
1130 1058 1191 1110 ού
1222 1057 1363 1109 κατὰ
1384 1056 1598 1124 φύσεως
1614 1054 1741 1105 ἀκο-

187 1158 420 1223 λουθίαν,
449 1160 569 1211 οὐδὲ
598 1158 740 1211 κατὰ
772 1158 951 1226 γάμου
994 1156 1179 1225 νόμον,
1213 1153 1333 1205 οὐδὲ
1362 1150 1507 1205 κατὰ
1539 1147 1739 1221 σαρκὸς

183 1248 408 1319 δύναμιν
433 1246 788 1318 γεννώμενος,
823 1247 916 1299 καὶ
946 1246 1059 1307 υίὸς
1083 1284 1098 1309 ,
1129 1243 1225 1297 καὶ
1258 1244 1476 1312 γνήσιος
1508 1234 1598 1310 ἦν,
1631 1237 1739 1290 ἀπὸ

184 1341 389 1410 νεκρῶν
436 1341 702 1410 σωμάτων
756 1338 920 1407 φῦναι
950 1336 1282 1397 κελευσθείς.
1311 1333 1403 1402 Μὴ
1446 1330 1739 1401 θορυϐείτω

184 1432 354 1484 τοίνυν
389 1431 555 1501 ὑμᾶς,
590 1429 745 1499 φησὶ,
768 1429 831 1480 τὸ
860 1428 934 1498 μὴ
964 1426 1106 1480 κατά
1135 1424 1312 1494 σάρκα
1361 1418 1736 1492 γεγεννῆσθαι.

184 1520 276 1572 Διά
302 1519 413 1591 γάρ
432 1519 590 1571 τοῦτο
620 1517 852 1587 μάλιστα
883 1516 1159 1583 συγγενεῖς
1182 1513 1337 1582 ὑμεῖς
1359 1510 1544 1572 αὐτοῦ,
1574 1511 1654 1562 ὃτι
1676 1509 1735 1561 ού

190 1611 327 1663 κατὰ
353 1610 535 1680 σάρκα
588 1606 931 1677 ὲγεννὴθητε.
967 1608 1042 1657 υύ
1068 1606 1174 1673 γὰρ
1203 1601 1561 1672 τιμιωτέρους
1583 1599 1738 1652 τοῦτο

184 1702 240 1752 τὸ
284 1700 428 1753 κατὰ
469 1701 666 1768 σάρκα,
722 1697 860 1751 ἀλλὰ
891 1697 985 1749 καὶ
1030 1693 1396 1765 ἀτιμωτέρους
1425 1691 1734 1763 ἐργάζεται.

183 1791 626 1861 Θαυμαστότερος
656 1792 763 1859 γὰρ
788 1790 816 1840 ὁ
843 1789 1021 1850 τόκος,
1060 1789 1089 1839 ὁ
1128 1787 1203 1855 μὴ
1244 1784 1384 1837 κατὰ
1415 1784 1612 1853 σάρκα,
1645 1782 1738 1834 καὶ

183 1881 709 1951 πνευματικώτερος.
745 1880 852 1932 Καὶ
870 1879 1025 1948 δῆλον
1055 1879 1119 1930 ἐκ
1152 1877 1258 1929 τῶν
1284 1876 1488 1929 ἄνωθεν
1515 1874 1734 1943 τεχθέν-

182 1989 301 2024 των.
342 1972 565 2040 Ἰ-ὶτέχθη
617 1972 757 2023 κατὰ
788 1974 968 2040 σάρκα
1001 1970 1030 2020 ὁ
1079 1968 1324 2039 Ἰσμαὴλ,
1380 1968 1517 2018 ἀλλὰ
1555 1965 1737 2027 δοῦλος

178 2059 264 2132 ἦν,
302 2065 398 2115 καὶ
442 2064 504 2114 ού
536 2062 693 2114 τοῦτο
732 2061 911 2131 μόνον,
951 2061 1083 2114 ἀλλὰ
1131 2062 1226 2112 καὶ
1277 2057 1591 2122 ἐξεϐάλλετε»
1641 2057 1737 2125 τῆς

182 2154 440 2223 πατρῴας
493 2153 687 2214 οἰκίας.
754 2153 809 2205 ’0
860 2150 919 2205 δὲ
970 2153 1088 2205 κατ’
1146 2149 1475 2217 ἐπαγγελίαν
1529 2147 1735 2216 τεχθεὶς

194 2246 397 2308 Ἰσαάκ,
433 2245 528 2297 ἆτε
563 2244 675 2306 υίὸς
702 2240 776 2294 ὢν
814 2242 1034 2314 γνήσιος
1077 2243 1168 2294 καὶ
1214 2238 1517 2312 ἐλεύθερος,
1552 2238 1736 2308 κύριος

180 2335 433 2388 ἁπάντων
455 2331 545 2405 ἦν.

249 2612 270 2645 ι
305 2590 504 2645 ’Δτινά
525 2592 672 2645 ἐστιν
698 2589 1159 2660 ἀλληγορούμενα,
1202 2608 1220 2640 ι

255 2684 321 2735 Ἡ
348 2683 448 2751 μὲν
472 2682 678 2752 ἱστορία
704 2682 863 2751 αὑτὴ,
890 2682 1074 2749 φησὶν,
1105 2680 1164 2731 ού
1189 2678 1346 2731 τοῦτο
1373 2679 1429 2732 δὲ
1451 2678 1607 2748 μόνον
1627 2694 1735 2731 πα-

180 2772 400 2843 ραδηλοῖ
424 2774 560 2842 ὅπερ
579 2772 847 2840 φαίνεται,
877 2768 1013 2823 ἀλλὰ
1038 2771 1133 2823 καὶ
1165 2769 1299 2822 ἄλλα
1318 2770 1437 2821 τινὰ
1460 2769 1732 2839 ἀγορεύει·

175 2865 255 2919 διὸ
285 2866 379 2916 καὶ
406 2863 706 2933 ἀλληγορία
735 2860 998 2913 καλεῖται.

250 2974 267 3004 ι
307 2951 476 3007 Δῦται
508 2954 618 3022 γάρ
649 2954 754 3004 εἰσι
779 2950 872 3003 δύο
895 2949 1169 3018 διαθῆκαι.
1203 2970 1222 3003 ι

244 3045 309 3097 Ol
332 3044 426 3095 δύο
450 3044 622 3111 νόμοι,
647 3045 675 3094 ὁ
708 3042 929 3110 νομικὸς
956 3041 1051 3092 καὶ
1087 3043 1115 3092 ὁ
1145 3041 1517 3109 εύαγγελικός.

249 3152 268 3182 ι
303 3132 417 3184 Μία
457 3132 555 3199 μὲν
587 3130 694 3183 ἀπὸ
717 3131 872 3202 ὅρους
902 3131 1047 3194 Σινά,
1080 3134 1159 3192 εἰς
1192 3132 1434 3184 δουλείαν
1466 3134 1729 3199 γεννῶσα,

173 3224 295 3292 ἥτις
354 3222 509 3274 ἐστὶν
541 3221 741 3291 Ἀγαρ.
773 3222 847 3274 Τὸ
875 3221 984 3291 γάρ
1004 3221 1131 3274 Σινᾶ
1162 3221 1284 3292 ὄρος
1314 3224 1456 3273 ἐστὶν
1479 3225 1534 3275 ἐν
1578 3224 1733 3295 Ἀρα-

173 3314 285 3366 ϐία.
325 3332 344 3363 ι

248 3406 429 3473 ’Δγαρ
474 3403 691 3471 ἐλέγετο
734 3405 768 3474 η
815 3403 995 3473 δούλη.
1044 3403 1117 3455 Τὸ
1137 3402 1190 3455 δὲ
1237 3404 1366 3455 Σινᾶ
1394 3403 1555 3473 ⁵ὅρος,
1593 3403 1735 3457 οὕτω

174 3497 639 3566 μεθερμηνεύεται
677 3498 743 3566 τῇ
799 3496 1076 3567 ἐπιχωρίῳ
1098 3496 1276 3549 αὐτῶν
1295 3496 1589 3567 διαλέκτῳ’
1623 3496 1734 3550 ὦσ-

173 3603 231 3640 τε
261 3588 388 3648 τοὺς
419 3589 482 3638 ὲκ
511 3587 609 3655 τῆς
632 3584 864 3648 παλαιᾶς
887 3586 1257 3655 τικτομένους,
1283 3587 1487 3647 πάντας
1520 3588 1730 3658 ἀνάγκη

171 3677 391 3739 δούλους
423 3672 583 3733 εἶναι.

246 3783 267 3817 ι
306 3766 587 3835 Συστοιχεῖ
611 3766 667 3819 δὲ
708 3769 774 3837 τῇ
815 3764 909 3818 νῦν
950 3764 1337 3836 Ἰερουσαλήμο
1389 3765 1627 3819 δουλεύει
1673 3768 1731 3821 δὲ

176 3858 314 3928 μετὰ
342 3857 452 3910 τῶν
480 3859 682 3910 τέκνων
712 3857 905 3927 αὐτῆς.
944 3876 961 3908 ι

242 3950 319 4003 Οὐ
348 3949 528 4021 μόνον,
561 3952 722 4019 φησιν
746 3991 760 4014 ,
799 3950 982 4021 ἐκείνη
1016 3950 1176 4021 δούλη
1210 3947 1299 4023 ἦν,
1324 3951 1459 4005 ἀλλὰ
1490 3952 1581 4007 καὶ
1612 3951 1731 4006 δού-

173 4040 296 4105 λους
319 4040 526 4094 ιτικεν.
568 4039 724 4094 Ἀλλὰ
744 4042 836 4094 καὶ
862 4042 1001 4113 αὑτὴ
1023 4044 1057 4114 ὴ
1085 4043 1333 4115 διαθήκη,
1362 4046 1636 4098 τουτέστιν
1665 4040 1731 4117 ἧς

172 4130 336 4195 τύπος
389 4129 632 4202 ηδούλη.
663 4130 772 4185 Καὶ
811 4130 916 4205 γὰρ
972 4132 1429 4205 ἰερουσαλὴμλικ
1473 4135 1730 4202 γειτόνων

174 4223 344 4276 κειται
374 4221 451 4293 τῷ
488 4219 602 4292 ὄρει
652 4220 729 4293 τῷ
756 4221 1032 4294 ὁμωνύμῳ
1061 4225 1125 4295 τῇ
1157 4222 1315 4295 δούλῃ
1336 4239 1350 4255 ’
1387 4224 1445 4276 ιν
1471 4224 1642 4295 τούτῳ
1671 4225 1728 4279 δὲ

172 4312 247 4382 τῷ
272 4312 391 4384 δρει
421 4314 515 4367 καὶ
544 4314 575 4382 ἠ
610 4311 839 4385 διαθήκη
865 4312 1095 4369 δέδοται.

245 4421 262 4455 ι
316 4403 386 4456 Ἦ
420 4403 613 4458 δὲᾶνω
661 4403 1012 4475 Ἰερουσαλὴμ
1061 4405 1320 4479 ἐλευθέρα
1375 4408 1539 4471 ἐστὶν,
1607 4410 1726 4481 ἥτις

1844 621 1941 675 per
1968 607 2468 677 repromissionem.
2500 625 2519 659 ι

1902 694 2171 761 Quoniam
2204 696 2379 750 dixit:
2432 695 2563 749 lides
2601 709 2695 747 vos
2735 693 3020 763 coniungit
3058 694 3393 755 Abraliamo,

1841 796 2002 854 atque
2037 786 2355 840 incredibile
2403 786 2745 840 auditoribus
2775 785 3083 851 videbatur,
3121 784 3295 852 utqui
3329 800 3400 840 οι

1843 878 1933 931 illo
1960 877 2187 932 minime
2221 878 2467 947 prognati
2508 887 2710 942 essent,
2737 877 2831 931 lilii
2862 884 3041 930 tamen
3072 877 3247 945 ipsius
3276 890 3401 933 esse

1839 970 2434 1033 dicerentur,ostendit
2486 963 2817 1040 paradoxum
2864 969 3011 1025 istud
3061 968 3398 1038 jampridem

1838 1062 2104 1118 evenisse.
2130 1060 2263 1115 Nam
2290 1061 2456 1125 Isaac,
2489 1062 2581 1131 qui
2606 1075 2713 1114 non
2742 1061 2930 1115 ordine
2961 1072 3189 1124 natura,
3228 1074 3402 1128 neque

1839 1156 1993 1210 solita
2012 1157 2124 1224 lege
2140 1155 2533 1223 coniugiorum,
2552 1168 2728 1222 neque
2747 1154 3044 1206 secundum
3064 1152 3245 1207 carnis
3258 1150 3401 1204 vires

1839 1256 1998 1300 natus
2025 1245 2144 1309 l‘nit,
2163 1254 2215 1300 et
2235 1246 2394 1311 lilius,
2420 1256 2473 1300 et
2493 1258 2783 1315 germanus
2808 1253 3084 1309 erat,cum
3108 1259 3173 1297 ex
3199 1256 3398 1311 corpo-

1839 1339 1992 1391 ribus
2012 1337 2270 1391 emortuis
2288 1336 2634 1405 nascijussus
2649 1342 2815 1391 esset.
2836 1333 3021 1403 Neque
3038 1334 3140 1387 hoc
3162 1348 3258 1388 vos
3276 1348 3403 1387 con-

1839 1429 2039 1498 turbet.
2070 1428 2269 1497 inquit,
2300 1427 2706 1497 quisecundum
2731 1441 2950 1481 carnem
2983 1427 3095 1480 nati
3123 1440 3230 1479 non
3244 1426 3398 1479 estis.

1837 1516 1968 1571 Nam
1999 1518 2101 1571 hoc
2126 1517 2297 1583 ipsum
2326 1532 2420 1569 vos
2448 1530 2608 1585 quam
2635 1515 2863 1569 maxime
2893 1514 3224 1583 propinquos
3258 1513 3401 1565 illius

1839 1612 1987 1674 facit,
2007 1611 2149 1681 quod
2175 1610 2471 1665 secundum
2499 1624 2720 1663 carnem
2751 1624 2859 1663 non
2891 1609 3025 1662 estis
3052 1608 3184 1661 nati.
3211 1606 3399 1660 Enim-

1838 1718 1965 1756 vero
1991 1702 2283 1756 secundum
2322 1715 2543 1755 carnem
2574 1713 2693 1754 esse
2724 1706 2928 1761 natum,
2950 1697 3051 1750 hoc
3093 1711 3201 1749 non
3224 1694 3400 1750 solum

1842 1790 1998 1859 170
2030 1806 2134 1843 non
2188 1790 2362 1842 reddit
2423 1789 2841 1848 honoratiores,
2881 1800 3068 1839 verum
3121 1794 3176 1837 et
3220 1784 3402 1836 minus

1837 1883 2179 1936 honorabiles
2202 1880 2353 1933 facit.
2372 1879 2568 1933 Partus
2599 1878 2799 1948 quippe
2834 1877 3057 1930 minime
3082 1874 3320 1928 carnalis
3344 1882 3401 1926 et

1836 1971 2219 2039 spiritualioris
2242 1968 2478 2037 generis,
2498 1967 2654 2036 longe
2681 1966 2982 2019 mirabilior
2999 1962 3260 2029 est.Quod
3277 1977 3398 2033 per-

1837 2065 2085 2131 spicuum
2116 2059 2173 2111 tit
2198 2074 2260 2113 ex
2292 2059 2357 2113 iis
2387 2059 2477 2124 qui
2507 2058 2617 2127 jam
2641 2058 2768 2111 olim
2800 2060 2912 2110 nati
2935 2064 3083 2109 sunt.
3108 2054 3286 2109 Natus
3316 2062 3402 2108 est

1837 2151 2029 2207 lsmael
2060 2150 2360 2204 secundum
2392 2164 2636 2214 carnem,
2675 2148 2769 2203 sed
2814 2164 3004 2201 servus
3037 2146 3176 2212 fuit;
3208 2162 3306 2201 nec
3345 2146 3399 2199 id

1837 2248 2037 2315 solum,
2071 2264 2258 2302 verum
2291 2257 2346 2301 et
2375 2256 2601 2302 exactus
2647 2254 2734 2299 est
2768 2262 2832 2299 ex
2880 2245 3124 2314 paternis
3166 2242 3395 2297 adibus.

1838 2339 1940 2405 Qui
1973 2354 2100 2393 vero
2146 2340 2445 2394 secundum
2493 2338 2996 2407 reprmnissionem,
3046 2338 3200 2391 Isaac
3235 2335 3395 2389 nimi-

1837 2446 1980 2496 rum,
2027 2431 2114 2485 liic
2164 2441 2427 2500 tanquam
2469 2430 2746 2501 genuinus
2783 2430 2930 2482 [ilius
2968 2443 3032 2481 ac
3084 2428 3245 2493 liber,
3282 2440 3398 2479 om-

1836 2526 1985 2578 nium
2009 2524 2265 2579 dominus
2300 2525 2426 2577 fuit.

1905 2611 2075 2666 Vsus.
2099 2613 2188 2666 94.
2232 2632 2250 2665 ι
2291 2613 2421 2678 Quae
2450 2623 2581 2667 sunt
2616 2629 2711 2682 per
2737 2612 3051 2681 allegoriam
3089 2611 3256 2666 dicta.
3304 2630 3322 2662 ι

1899 2706 2020 2771 Ipsa
2048 2703 2268 2773 quidem
2310 2704 2565 2768 historia,
2612 2704 2811 2773 inquit,
2874 2719 2981 2757 non
3038 2703 3168 2757 illud
3218 2703 3393 2757 solum

1834 2794 1979 2864 quod
2012 2804 2238 2865 apparet
2273 2794 2541 2859 enuntiat,
2571 2810 2756 2849 verum
2792 2804 2844 2848 et
2865 2795 2970 2847 alia
2995 2794 3242 2863 quadam
3272 2809 3396 2863 pro!

1836 2886 2097 2954 loquitur.
2139 2883 2292 2939 Unde
2323 2888 2486 2939 etiam
2522 2885 2778 2955 allegoria
2805 2885 3027 2939 dicitur.

1898 2994 1916 3026 1
1948 2973 2069 3029 Ηωε
2105 2975 2249 3028 θιιίιιι
2285 2984 2414 3027 sunt
2438 2974 2546 3029 duo
2566 2983 2913 3027 testatnenta.
2953 2993 2971 3025 ι

1901 3064 2027 3117 Duae
2051 3067 2236 3134 utique
2259 3065 2422 3134 leges,
2454 3064 2641 3134 legalis
2671 3071 2723 3118 et
2742 3065 3073 3133 evangelica.

1911 3172 1931 3206 ι
1972 3154 2151 3210 Unum
2194 3156 2415 3225 quidem
2450 3170 2479 3208 a
2531 3166 2718 3209 monte
2776 3153 2930 3215 Sina,
2981 3155 3033 3206 in
3075 3154 3393 3206 servitutem

1836 3260 2123 3315 generatis,
2177 3262 2299 3315 quae
2333 3256 2417 3302 est
2462 3244 2857 3319 Agar.‘[\’ens.
2906 3244 3023 3317 25.]
3071 3244 3202 3298 Sina
3245 3245 3391 3297 enim

1835 3353 1991 3391 lliOllS
2019 3349 2099 3391 est
2129 3339 2182 3390 in
2218 3338 2442 3390 Arabia.
2485 3356 2504 3390 ι

1892 3426 2035 3494 Agar
2087 3427 2285 3479 ancilla
2332 3426 2634 3479 dicebatur.
2691 3425 2847 3480 Mons
2885 3440 3017 3479 vero
3067 3423 3199 3477 Sina
3246 3423 3390 3477 idem

1834 3525 1993 3571 sonat
2024 3518 2170 3571 illius
2204 3519 2381 3585 gentis
2423 3518 2639 3586 lingua:
2683 3518 2826 3571 unde
2875 3531 3065 3569 clunes
3094 3517 3189 3584 qui
3219 3530 3283 3569 ex
3314 3523 3390 3568 te»

1834 3616 2107 3661 stamento
2134 3611 2297 3663 veteri
2325 3610 2436 3662 nati
2468 3622 2616 3676 sunt,
2646 3586 2769 3665 esse
2788 3624 2977 3665 servos
3006 3616 3243 3677 oportet.

1896 3804 1916 3835 ι
1949 3783 2290 3852 Conjnnctus
2313 3790 2499 3837 autem
2529 3792 2614 3837 est
2650 3782 2700 3837 ei
2738 3797 2863 3852 qua:
2911 3796 3059 3836 nunc
3105 3789 3191 3837 est
3230 3780 3388 3836 Jeruo

1830 3875 2019 3939 salem,
2049 3883 2101 3930 et
2127 3875 2296 3929 servit
2318 3888 2443 3927 cum
2475 3871 2599 3927 liliis
2632 3872 2769 3927 suis.
2805 3891 2824 3923 ι

1894 3964 2013 4021 Νοη
2058 3966 2218 4020 modo
2261 3965 2374 4021 haec
2405 3978 2563 4020 serva
2607 3970 2716 4027 est,
2743 3963 2942 4033 inquit,
2980 3962 3073 4018 sed
3104 3972 3156 4018 et
3195 3977 3389 4018 servos

1828 4060 2001 4134 gignit
2030 4077 2045 4125 ;
2085 4059 2191 4114 imo
2220 4066 2274 4112 et
2294 4064 2680 4113 testamentum
2716 4055 2920 4125 ipsum,
2960 4055 3090 4109 illud
3121 4054 3385 4109 nimirum

1828 4153 1985 4219 cujus
2012 4150 2183 4220 llgura
2210 4147 2407 4203 ancilla
2432 4153 2537 4203 est.
2574 4145 2706 4200 Nam
2757 4143 3061 4200 Jerusalem
3098 4144 3275 4201 alllnls
3300 4152 3387 4201 est

1828 4241 1996 4296 monti
2038 4241 2129 4310 qui
2180 4239 2395 4295 ancilla:
2445 4234 2787 4307 cognominis
2820 4242 2923 4291 est.
2971 4234 3131 4305 Atqui
3171 4236 3226 4291 in
3281 4234 3385 4291 hoc

1826 4346 2006 4390 monte
2028 4332 2215 4387 datum
2257 4337 2637 4387 testamentum
2666 4343 2881 4399 quoque
2908 4328 3032 4385 fuit.

1892 4423 2057 4477 Vsus.
2085 4421 2174 4486 26,
2207 4419 2295 4474 2'7.
2327 4437 2345 4471 ι
2384 4418 2514 4485 Quae
2561 4425 2741 4472 autem
2775 4431 2992 4473 sursum
3034 4425 3119 4471 est
3153 4412 3379 4471 Jerusa-

172 4493 283 4545 ἐστὶ
305 4496 489 4564 μήτηρ
520 4492 734 4547 πάντων
768 4494 941 4565 ἡμῶν.
968 4495 1280 4568 Γέγραπται
1302 4499 1406 4569 γάρ
1428 4514 1440 4527 ·
1474 4499 1720 4569 Εύφράν-
1752 4516 1798 4572 ι)
1826 4511 1838 4564 ι

1708 4530 1720 4541 ·
1752 4516 1798 4572 ι)
1826 4511 1951 4575 lem,
1983 4510 2155 4564 libera
2185 4516 2289 4570 est,
2321 4522 2443 4576 quae
2486 4512 2569 4560 est
2599 4515 2773 4559 mater
2808 4503 3053 4557 omnium
3105 4512 3374 4558 n05trum.

173 4584 325 4655 θητι,
375 4588 559 4657 στεῖρα
582 4626 597 4652 ,
637 4587 669 4656 ἡ
711 4585 771 4639 ού
818 4586 1072 4641 τίκτουσα
1096 4603 1108 4616 ·
1143 4589 1304 4660 ῥῆξον
1332 4592 1424 4645 καὶ
1452 4590 1662 4663 βόησον,
1692 4595 1725 4665 ἡ
1826 4598 1839 4651 ξ

1709 4595 1725 4665 ἱ
1826 4598 2101 4666 Scriptum
2126 4603 2208 4652 est
2232 4596 2417 4649 enim:
2462 4592 2687 4648 Laetare.
2728 4591 2931 4647 sterilis
2959 4605 3080 4661 qua:
3137 4605 3243 4645 non
3278 4606 3375 4661 pa-

170 4675 266 4728 οὐκ
302 4674 596 4730 ὠδίνουσα.
637 4696 654 4728 ι
1823 4707 1836 4745 ι

1823 4692 1916 4751 ris,
1951 4703 2176 4758 erumpe
2201 4697 2251 4742 et
2279 4686 2631 4761 clama,:quae
2659 4698 2766 4737 non
2794 4682 3059 4753 parturis.
3097 4699 3118 4733 ι

236 4767 345 4835 Τῆς
370 4769 471 4837 μὲν
509 4770 858 4841 Ἰερουσαλὴμ
907 4771 1006 4841 τῆς
1037 4772 1186 4825 κάτω
1215 4772 1385 4836 τύπος
1425 4776 1456 4844 ὴ
1511 4776 1720 4847 Ἀγαρ·
1888 4782 1902 4836 1

1710 4794 1720 4809 ’
1888 4780 2172 4836 Inferioris
2226 4778 2440 4847 quidem
2502 4776 2651 4831 illius
2695 4772 3005 4829 Jerusalem
3064 4774 3236 4845 ﬁgura
3290 4778 3376 4826 est

169 4857 258 4908 καὶ
275 4858 436 4924 δῆλον
469 4860 532 4911 ὲκ
558 4861 651 4912 τοῦ
675 4862 833 4932 ὅρους
860 4861 955 4915 τοῦ
975 4863 1117 4917 οὕτω
1143 4864 1473 4935 καλουμένου
1496 4884 1507 4894 ·
1542 4867 1638 4937 τῆς
1668 4869 1723 4921 δὲ
1822 4882 1835 4927 1

1708 4872 1723 4921 ὲ
1822 4876 1996 4942 Agar;
2034 4870 2197 4940 idque
2236 4867 2583 4921 manifestum
2614 4876 2697 4920 est
2738 4881 2801 4920 ex
2838 4865 3087 4935 ejusdem
3133 4864 3374 4920 nominis

170 4945 273 4998 ἄνω
301 4950 335 5017 ἡ
370 4948 575 5018 Σάρρα.
619 4952 764 5004 Ἀνω
782 4952 839 5005 δὲ
878 4952 1230 5024 Ἰερουσαλὴμ
1279 4956 1444 5025 καλή’
1469 4958 1559 5009 καὶ
1584 4956 1720 5026 αὕτη
1823 4981 1836 5016 ι

1707 4978 1720 5026 ]
1823 4970 2006 5017 monte
2038 4980 2052 4994 ο
2088 4963 2221 5014 Sara
2268 4974 2398 5012 vero
2440 4956 2764 5027 superioris.
2816 4956 2978 5025 Atqui
3012 4970 3249 5025 superna
3282 4956 3373 5007 illa

169 5034 269 5103 γὰρ
298 5032 365 5105 ἦν
400 5038 566 5090 πάλαι
595 5044 801 5109 στείρα,
832 5040 1019 5112 ὥσπερ
1066 5045 1214 5113 καὶὴ
1251 5044 1453 5114 Σάρρα.
1496 5047 1619 5098 Ὀτι
1663 5048 1720 5100 δὲ
1812 5053 1835 5107 J

1702 5050 1720 5099 ὲ
1812 5052 2118 5107 Jerusalem
2156 5064 2355 5119 sponsa
2393 5060 2496 5103 est.
2538 5046 2671 5100 Nam
2709 5057 2759 5100 et
2793 5045 2909 5113 ipsa
2947 5046 3223 5114 quondam
3258 5055 3368 5098 ste-

172 5124 291 5193 περὶ
313 5124 416 5194 τῆς
456 5126 775 5198 Ἐκκλησίας
798 5131 826 5182 ὁ
849 5131 1022 5199 λόγος.
1053 5134 1254 5186 καὶτὸν
1283 5139 1563 5205 προφήτην
1581 5154 1718 5210 ’παρ⁴
1814 5161 1838 5196 r

1706 5165 1718 5179 -
1814 5145 1930 5198 rilis
1953 5152 2091 5206 erat,
2123 5139 2581 5209 quemadmodum
2614 5145 2667 5189 et
2699 5136 2854 5190 Sara.
2893 5136 3049 5201 Quod
3083 5146 3260 5188 autem
3303 5133 3372 5187 de

171 5213 373 5282 ήγαγεν
392 5216 640 5288 μάρτυρα
673 5219 923 5287 λέγοντα·
950 5223 1343 5291 Εὐφράνθητι,
1367 5226 1569 5295 στεζοα
1590 5230 1626 5297 ἡ
1644 5232 1716 5282 οὐ
1810 5235 1837 5287 Ε

1707 5248 1716 5275 ν
1810 5233 2059 5288 Ecclesia
2124 5232 2174 5284 id
2234 5229 2440 5283 dictum
2489 5226 2673 5290 fuerit,
2726 5225 3005 5295 prophetae
3055 5224 3373 5279 testimonio

169 5306 466 5361 τίκτουσα.
1816 5325 2156 5392 comprobat,
2200 5322 2290 5373 ubi
2339 5334 2529 5388 nempe
2585 5318 2667 5373 sic
2696 5317 2788 5373 ille
2831 5316 3103 5386 loquitur:
3135 5314 3369 5377 Laetare,

1815 5416 2011 5470 sterilis
2033 5431 2147 5484 quae
2185 5429 2286 5465 non
2319 5413 2465 5480 paris
2500 5409 2563 5465 ³⁵.

1870 5525 1887 5554 ι
1928 5508 2061 5571 Quia
2102 5507 2251 5555 mulli
2288 5506 2379 5558 lilii
2420 5506 2672 5568 desertae,
2702 5503 2878 5573 magis
2907 5516 3072 5570 qttam
3098 5500 3218 5570 ejus
3242 5513 3368 5569 qua:

1817 5600 1968 5651 habet
2008 5614 2199 5648 virum.

238 5498 253 5528 ι
284 5481 404 5534 Ὀτι
436 5482 606 5536 πολλὰ
631 5486 696 5538 τὰ
726 5488 886 5542 τέκνα
918 5490 1017 5560 τῆς
1045 5492 1273 5562 ἐρήμου,
1300 5495 1331 5564 ἢ
1360 5497 1453 5565 τῆς
1483 5497 1709 5565 ἐχούσης

174 5568 250 5621 τὸν
266 5571 449 5643 ἄνδρα.
494 5593 513 5624 ι

236 5747 280 5778 ⁸⁵
308 5749 404 5805 lsa.
439 5769 548 5814 Liv,
588 5753 634 5807 Ι.
