4218 6448
795 408 898 472 εοτ
1973 404 2033 463 s.
2071 402 2389 464 JOANNIS
2425 403 2857 482 DAMASCENI
3926 412 4036 476 eos

864 515 1138 570 Desertam
1177 521 1339 569 vocat
1397 512 1692 567 Ecclesiam
1733 509 1998 580 gentium,
2037 526 2159 582 qua:
2185 525 2364 580 quon-
2391 520 2441 578 Α

2391 520 2441 578 Α
2541 517 2819 584 Ἕρημον,
2871 515 2969 588 τὴν
3016 516 3074 583 ἐξ
3109 514 3279 571 ἐθνῶν
3321 514 3649 588 Ἐκκλησίαν
3707 519 3878 587 λέγει,
3931 525 4035 589 τὴν

795 610 923 664 dam
950 608 1002 661 in
1037 606 1331 662 solitudine
1355 612 1412 658 et
1452 602 1767 673 ignorantia
1808 600 1904 656 Dei
1930 602 2128 672 egerit.
2160 599 2236 654 Ea
2261 615 2356 654 au-
2458 625 2461 637 ι

2458 603 2625 658 πάλαι
2660 605 2721 659 ὲν
2741 605 2950 676 ἐρημίᾳ
2986 607 3080 660 καὶ
3119 605 3362 678 ἀγνωσία
3381 607 3730 677 ὑπάρχουσαν
3755 608 3848 663 τοῦ
3869 609 4030 664 Θεοῦ.

797 709 905 753 tein
945 713 1068 768 qua:
1095 697 1270 750 virum
1303 695 1515 759 habuit,
1560 693 1846 763 Synagoga
1882 703 1991 756 est,
2032 692 2235 762 quippe
2271 692 2357 746 cui
2461 700 2463 715 ί

2461 697 2730 765 Ἔχουσαν
2756 697 2814 750 δὲ
2845 697 2936 751 τὸν
2955 697 3144 772 ἄνδρα,
3177 698 3277 770 τὴν
3300 698 3649 770 συναγωγὴν,
3686 699 3777 755 διὰ
3803 702 3866 755 τὸ
3885 701 4035 757 δεδό-

796 794 923 844 data
957 791 1039 843 lex
1085 788 1284 840 fuerat.
1333 785 1706 840 Nihilominus
1759 785 1918 853 longe
1963 784 2150 852 plures
2207 782 2362 837 fuere
2461 820 2462 823 η

2461 789 2584 842 σθαι
2616 789 2754 860 αὐτῇ
2776 790 2868 842 τὺν
2895 789 3081 860 νόμον.
3122 791 3267 846 Ἀλλ’
3288 792 3438 861 ὅμως
3461 790 3806 846 πολυπλάσια
3839 793 4034 861 γέγονε

797 883 892 937 lilii
918 881 1163 945 sterilis;
1195 888 1378 949 utpote
1400 877 1544 946 quod
1576 891 1698 946 quae
1723 876 1960 929 habebat
1974 875 2172 938 virum,
2195 888 2359 927 unam
2459 902 2463 915 ι

2459 883 2556 950 τῆς
2593 881 2810 952 στείρας
2841 882 2907 937 τὰ
2934 883 3096 936 τέκνα
3118 899 3133 914 ·
3162 883 3297 938 καθὸ
3324 887 3358 954 ἠ
3380 883 3481 953 μὲν
3500 881 3700 954 ἔχουσα
3723 885 3813 938 τὸν
3837 885 4034 954 ἄνδρα,

797 973 1064 1028 duntaxat
1102 982 1314 1043 gentem
1359 969 1590 1039 genuit:
1637 968 1846 1022 sterilis
1879 982 2014 1022 vero
2074 966 2363 1019 universas

2463 973 2521 1026 ἓν
2543 975 2702 1045 μόνον
2727 974 2912 1029 ἔτεκεν
2935 974 3105 1042 ἔθνος,
3130 977 3166 1047 ἡ
3190 978 3246 1030 δὲ
3275 978 3481 1046 στεῖρα,
3513 977 3692 1031 πάντα
3721 975 3946 1047 ἐποίησε
3967 978 4037 1030 τὰ

835 1074 990 1119 entes
1015 1063 1205 1118 edidit.
2463 1067 2612 1123 ἔθνη.

797 1081 990 1135 gentes
1015 1081 1205 1118 caluit.

861 1160 1140 1215 Vens.28.
1179 1175 1198 1208 ι
1239 1155 1350 1211 Nos
1378 1164 1584 1219 autem,
1623 1154 1843 1219 fratres,
1879 1153 2183 1209 secundum
2210 1151 2365 1206 lsaac

2463 1081 2554 1120 εον
2599 1110 2612 1123 .

2541 1085 2794 1231 (ηἭμεῖς
2843 1161 2924 1226 δὲ,
2975 1163 3215 1232 ἀδελφοὶ,
3269 1163 3415 1218 κατὰ
3455 1163 3643 1217 Ἰσαὰκ
3697 1165 4037 1231 ἐπαγγελίας

799 1249 1181 1322 promissionis
1204 1247 1302 1301 ﬁlii
1333 1261 1546 1300 sumus.
1594 1262 1612 1294 ι

1246 1248 1302 1300 lii
1333 1261 1546 1300 sumus.
1594 1262 1612 1294 ι
2465 1250 2631 1305 τέκνα
2655 1252 2842 1319 ὲσμέν.
2885 1271 2903 1305 ι

858 1342 976 1397 Non
1008 1339 1170 1394 modo
1199 1339 1459 1406 quoniam
1494 1334 1702 1389 sterilis
1723 1343 1841 1388 erat
1874 1333 2146 1396 Ecclesia,
2177 1348 2370 1402 quem-

2369 1366 2370 1369 η
2537 1345 2613 1396 Ού
2645 1343 2754 1416 γὰρ
2787 1345 2945 1416 μόνον
2985 1346 3070 1398 ὅτι
3117 1349 3304 1417 στεῖρα
3341 1347 3376 1416 ἠ
3415 1347 3749 1416 Ἐκκλησία,
3779 1347 3970 1415 ὥσπερ
4002 1351 4035 1415 ἠ

800 1429 1094 1484 admodum
1146 1427 1324 1492 Sara;
1378 1439 1564 1477 verum
1607 1435 1678 1488 et,
1726 1425 1870 1476 sicut
1923 1425 2066 1476 illam
2120 1439 2224 1476 non
2268 1438 2370 1476 na-

2469 1434 2676 1505 Σάρῤα,
2713 1438 2848 1492 ἀλλὰ
2877 1438 3124 1508 καθάπερ
3164 1440 3348 1511 ἐκείνῃ
3380 1439 3477 1507 οὐχ
3528 1441 3562 1510 ή
3611 1438 3792 1507 φύσις.
3827 1438 3961 1492 ἀλλὰ
4006 1441 4039 1506 ἡ

799 1533 946 1584 tura,
974 1517 1072 1574 sed
1117 1515 1418 1586 promissio
1466 1515 1558 1568 Dei
1590 1512 1880 1568 fecundam
1917 1513 2184 1580 reddidit;
2213 1515 2285 1566 ita
2318 1522 2371 1567 et

2471 1528 2641 1595 ὲπαγγ
2654 1526 2768 1580 ελία
2801 1529 2894 1581 τοῦ
2940 1529 3073 1583 Θεοῦ
3109 1530 3376 1600 πεποίηκε
3404 1529 3506 1599 τὴν
3534 1531 3722 1601 γονὴν,
3749 1529 3893 1582 οὕτω
3945 1536 4040 1582 καὶ

797 1611 853 1664 in
886 1611 1057 1664 altera
1084 1615 1273 1661 nostra
1315 1605 1692 1673 generatione,
1726 1612 1922 1657 natura
1949 1604 2124 1668 nulla,
2159 1604 2252 1658 sed
2274 1603 2370 1656 Dei

2473 1617 2564 1668 ἐπὶ
2585 1616 2684 1686 τῆς
2709 1619 3119 1689 ἀναγεννήσεως
3152 1621 3250 1689 τῆς
3278 1620 3574 1690 ἡμετέρας,
3608 1620 3770 1687 φύσις
3811 1619 3911 1687 μὲν
3945 1619 4041 1670 ού-

797 1703 986 1763 verba,
1028 1714 1150 1769 qua:
1210 1704 1417 1750 norunt
1466 1695 1676 1757 ﬁdeles,
1721 1695 1776 1746 in
1821 1709 2090 1763 aquarum
2139 1695 2370 1762 piscina,

2473 1707 2633 1778 δεμία
2657 1745 2670 1770 ,
2719 1708 2786 1760 τὰ
2811 1707 2868 1759 δὲ
2899 1709 3122 1778 ῥήματα
3159 1708 3252 1761 τοῦ
3290 1708 3449 1772 Θεοῦ,
3474 1709 3510 1762 ἃ
3539 1709 3716 1762 ἴσασιν
3747 1710 3796 1762 οἱ
3830 1707 4040 1769 πιστοὶ,

801 1801 1062 1858 tanquam
1097 1789 1149 1841 in
1192 1797 1352 1840 utero
1380 1783 1641 1854 quodam,
1676 1782 1920 1836 formant
1957 1793 2010 1837 et
2050 1795 2372 1854 regenerant

2477 1798 2533 1850 ὲν
2561 1800 2626 1868 τῇ
2654 1797 3014 1868 κολυμϐήθρᾳ
3041 1799 3150 1853 τῶν
3204 1799 3413 1853 ὑδάτων
3435 1841 3449 1864 ,
3493 1800 3745 1869 καθάπερ
3783 1801 3844 1852 ὲν
3885 1798 4044 1868 νηδύϊ

801 1884 956 1937 illum
979 1880 1073 1950 qui
1104 1879 1441 1949 baptizatur.
1469 1871 1656 1944 itaque
1685 1874 1732 1929 si
1775 1875 1983 1930 sterilis
2021 1873 2119 1927 ﬁlii
2151 1890 2362 1939 sumus,
2397 1871 2440 1926 Β

2397 1871 2440 1926 Β
2469 1889 2575 1942 τινὶ
2625 1889 2964 1954 διαπλάττει,
3014 1891 3108 1943 καὶ
3169 1891 3439 1962 ἀναγεννᾷ
3471 1891 3562 1944 τὸν
3621 1890 4040 1961 βαπτιζόμενον.

802 1974 955 2027 liberi
981 1985 1196 2024 sumus.

2470 1979 2681 2033 Οὐκοῦν
2709 1983 2758 2034 εί
2780 1982 2877 2052 τῆς
2912 1982 3135 2053 στείρας
3164 1984 3352 2053 ἐσμὲν,
3383 1983 3658 2053 ἐλεύθεροί
3687 1984 3873 2052 ἐσμεν.

877 2064 1032 2135 171
1067 2061 1232 2115 Ϋιιεσ
1265 2060 1359 2115 ἳ9·
1410 2079 1428 2110 ⁸
1469 2057 1575 2112 sed
1607 2057 1886 2127 ηυοηιοάο
1921 2064 2053 2111 ιυηο
2087 2057 2134 2110 is
2162 2057 2255 2127 qui
2285 2073 2364 2112 εε-
2547 2089 2566 2121 ι
2617 2071 2963 2125 ’Δλλ’ὥσπεο
2983 2073 3153 2126 τότεὸ
3177 2075 3321 2127 κατὰ
3349 2074 3819 2145 σάρκαγεννηθεὶς
3852 2074 4045 2126 ἐδίωκε

801 2157 1046 2209 cundum
1083 2168 1306 2208 carnem
1336 2161 1500 2205 natus
1525 2150 1729 2215 fuerat,
1759 2150 2194 2219 persequebatur
2221 2166 2368 2216 eum,

1832 2150 2194 2218 rsequebalul'
2221 2166 2368 2216 eum.
2469 2161 2560 2214 τὸν
2586 2160 2728 2215 κατὰ
2759 2163 3002 2232 πνεῦμα,
3027 2163 3167 2217 οὓτω
3195 2165 3293 2218 καὶ
3319 2164 3435 2218 νῦν.
3474 2185 3492 2217 ι

802 2251 896 2317 qui
933 2246 1236 2300 secundum
1271 2245 1528 2314 spiritum
1561 2259 1577 2296 ι
1611 2243 1686 2294 ita
1713 2251 1771 2296 et
1805 2257 1976 2295 nunc.
2011 2260 2029 2293 ι

872 2337 948 2392 Ne
1015 2337 1285 2404 obiiciant
1343 2349 1358 2388 :
1411 2334 1738 2403 Ecquaznam
1804 2341 1889 2386 cst
1959 2334 2063 2386 ista
2120 2335 2368 2394 libertas.

2545 2338 2661 2394 Ἵνα
2697 2339 2771 2408 μὴ
2799 2338 3016 2406 λέγωσι·
3041 2341 3151 2394 Καὶ
3172 2342 3300 2396 ποία
3340 2341 3479 2414 αὕτη
3508 2344 3542 2414 ἡ
3577 2341 3880 2412 ἐλευθερία,
3911 2343 4044 2394 ὅπου

802 2429 1028 2500 quando
1056 2426 1229 2481 ,ιιιᾱωί
1258 2427 1668 2495 constringunt,
1707 2432 1762 2478 et
1796 2424 2096 2477 verberant
2123 2425 2245 2479 illos
2278 2427 2371 2494 qui

2487 2431 2728 2484 Ἰουδαῖοι
2759 2432 3050 2502 κατέχουσι
3095 2435 3192 2488 καὶ
3230 2435 3549 2505 μαστίζουσι
3613 2436 3741 2499 τοὺς
3783 2433 4044 2496 πιστούςς

805 2521 1122 2576 credidere?
1172 2517 1414 2575 ostendit
1460 2517 1581 2585 ejus
1615 2531 1836 2588 quoque
1890 2516 1964 2570 rei
1992 2517 2106 2582 jam
2152 2519 2280 2570 olim
2315 2517 2371 2570 ﬁ-

2250 2534 2280 2570 n
2315 2517 2371 2570 ﬁ-
2474 2522 2744 2576 δείκνυσιν
2773 2525 2866 2578 καὶ
2893 2525 3082 2580 τούτου
3113 2527 3205 2581 τὸν
3232 2527 3401 2582 τύπον
3445 2529 3651 2583 ἄνωθεν
3680 2530 3814 2582 ὄντα
3897 2537 3914 2556 ’-

805 2631 998 2688 guram
1027 2614 1340 2668 exstitisse.

881 2709 1042 2762 Vens.
1073 2706 1164 2768 50,
1195 2705 1284 2758 5i.
1321 2723 1338 2756 ι
1376 2703 1485 2757 Sed
1521 2702 1650 2771 quid
1697 2702 1831 2756 dicit
1873 2700 2200 2772 Scriptura?
2231 2699 2374 2768 Ejice

2557 2703 2717 2755 Ἀλλὰ
2740 2705 2794 2758 τί
2817 2705 2964 2775 λέγει
2985 2708 3018 2776 ἡ
3045 2707 3235 2779 Γραφή
3258 2724 3274 2773 ;
3312 2708 3549 2762 Ἔκϐαλε
3608 2708 3706 2780 τὴν
3731 2707 4045 2774 παιδίσκην.

807 2800 1066 2854 ancillam
1123 2807 1177 2850 et
1209 2797 1378 2850 lilium
1417 2795 1537 2864 ejus
1577 2814 1590 2849 :
1646 2812 1751 2848 non
1783 2796 1930 2848 enim
1969 2795 2141 2847 hzercs
2168 2793 2272 2845 erit
2309 2792 2373 2844 ﬁ-

2478 2793 2570 2846 καὶ
2609 2793 2701 2846 τὸν
2732 2795 2847 2849 υἱὸν
2870 2797 3060 2866 αὐτῆς.
3092 2799 3167 2852 Οὐ
3211 2797 3320 2874 γὰρ
3355 2799 3429 2870 μὴ
3459 2800 3846 2869 κληρονομήσει
3877 2799 3907 2850 ὁ
3930 2797 4041 2859 ui‘);

809 2893 915 2946 lius
946 2890 1159 2944 ancillae
1181 2875 1306 2943 cum
1351 2885 1465 2940 ﬁlio
1497 2887 1706 2941 liberae.
1740 2885 1953 2954 Itaque,
2005 2885 2232 2949 fratres,
2261 2900 2376 2937 non

2477 2885 2574 2954 τῆς
2597 2885 2889 2958 παιδίσκης
2918 2890 3059 2958 μετὰ
3084 2888 3180 2942 τοῦ
3210 2873 3326 2944 υίοῦ
3374 2892 3473 2962 τῆς
3505 2891 3819 2962 ἐλευθέρας.
3861 2891 4048 2960 Ἡμεῖς

808 2998 1023 3038 sumus.
1058 3001 1076 3034 ι

2477 2976 2556 3043 δὲ,
2582 2977 2799 3048 ἀδελφοὶ
2819 2981 2917 3032 οὑκ
2939 2981 3128 3052 ἐσμέν.
3167 3001 3186 3034 ι

882 3073 1133 3128 Exhibita
1193 3071 1349 3142 prius
1409 3069 1818 3141 persecutionis
1875 3071 2070 3139 ﬁgura,
2125 3082 2232 3121 non
2279 3082 2377 3121 eos

2548 3070 2738 3135 Δείξας
2793 3071 3000 3126 ἄνωθεν
3053 3073 3145 3126 τὸν
3192 3073 3364 3128 τύπον
3415 3075 3510 3128 τοῦ
3551 3075 3815 3147 διωγμοῦ,
3846 3083 3946 3135 οὐκ
3990 3085 4051 3147 ἑᾷ

807 3165 943 3221 sinit
977 3139 1224 3218 animum
1263 3139 1626 3232 despondere.
1660 3162 1759 3217 sed
1817 3177 1885 3217 ex
1933 3158 2167 3216 historia
2217 3159 2378 3214 docet
2403 3201 2445 3258 c

2403 3201 2445 3258 c
2480 3163 2847 3216 καταπίπτειν
2879 3165 2960 3226 είς
3011 3163 3238 3235 ἀκηδίαν
3283 3167 3478 3229 αὐτοὺς
3499 3207 3515 3234 ,
3548 3139 3814 3224 διδάσκων
3856 3174 3924 3225 ὲκ
3957 3139 4049 3245 τῆς

810 3256 1036 3316 iterum,
1073 3252 1251 3323 qualis
1299 3252 1524 3306 futurus
1563 3253 1638 3306 sit
1675 3253 2069 3306 insectaturum
2132 3249 2278 3312 ﬁnis,
2319 3258 2378 3302 ut
2410 3249 2445 3258 “’

2410 3249 2445 3258 “
2482 3251 2718 3323 ἱστορίας
2750 3254 2912 3307 πάλιν
2955 3257 3051 3308 καὶ
3085 3258 3234 3309 ποῖον
3262 3257 3418 3309 ἐσται
3443 3257 3552 3311 τῶν
3585 3258 3832 3314 διωκτῶν
3877 3264 4046 3328 τέλος,

811 3358 925 3396 non
959 3341 1124 3396 modo
1149 3342 1268 3396 suis
1303 3340 1516 3395 aedibus
1565 3341 1882 3413 abigantur,
1919 3339 2016 3395 sed
2049 3347 2106 3395 et
2134 3338 2379 3394 faculta-

2478 3343 2539 3395 τὸ
2570 3345 2645 3413 μὴ
2681 3343 2841 3413 μόνον
2873 3344 3205 3415 ὲκθληθῆναι
3238 3347 3337 3417 τῆς
3381 3349 3558 3412 οἰκίας
3581 3388 3598 3413 ,
3651 3350 3791 3405 ἀλλὰ
3832 3354 3929 3406 καὶ
3956 3355 4049 3420 τῆς

813 3444 930 3488 tum
955 3434 1234 3504 jacturam
1269 3432 1500 3486 faciant.
1540 3432 1814 3488 Caeterum
1861 3441 2009 3487 recte
2037 3431 2210 3501 ﬁlium
2241 3444 2378 3498 quo-
2477 3461 2479 3478 ε

2477 3435 2665 3500 οὐσίας
2683 3435 2958 3490 ἔκπτωσιν
2983 3437 3298 3507 ὑπομεῖναι.
3321 3434 3397 3492 Εὖ
3449 3441 3506 3493 δὲ
3551 3441 3648 3494 καὶ
3690 3443 3829 3497 υίὸν
3861 3446 4051 3498 παιδία

811 3542 921 3597 que
978 3527 1117 3580 dixit
1169 3526 1404 3592 ancillw,
1458 3541 1568 3579 non
1618 3525 1952 3589 Abrahami,
2001 3532 2060 3578 nl
2110 3537 2140 3576 a
2198 3521 2378 3576 viliori

2479 3541 2640 3595 σκης
2669 3525 2842 3593 εἶπεν,
2893 3529 2988 3580 καὶ
3017 3529 3093 3600 μὴ
3149 3529 3399 3602 Ἁϐραάμ
3419 3548 3434 3562 ’
3460 3533 3545 3586 ἵνα
3579 3533 3686 3587 ἀπὸ
3721 3535 3816 3588 τοῦ
3851 3538 4047 3605 φαυλο-

815 3631 973 3690 parte
1002 3635 1098 3674 eos
1130 3619 1464 3673 nominaret.
2479 3639 2481 3648 ε

2479 3617 2639 3688 τέρου
2665 3617 2863 3680 αὐτοὺς
2893 3620 3330 3692 προσαγορεύσῃ.

887 3728 907 3762 ι
942 3710 1168 3765 Ancillae
1200 3710 1324 3773 ﬁlii,
1377 3708 1476 3765 sed
1506 3708 1716 3764 libera.
1765 3707 2048 3763 Libertate
2078 3706 2246 3778 igitur
2277 3721 2380 3762 nos

2556 3709 2853 3779 Παιδίσκης
2880 3709 3070 3775 τέκνα,
3094 3711 3228 3765 ἀλλὰ
3266 3713 3362 3782 τῆς
3387 3713 3701 3785 ἐλευθέρας.
3724 3719 3802 3788 Τῇ
3841 3719 4050 3771 ἐλευθε-

814 3799 1076 3858 Christus
1107 3800 1390 3856 liberavit.
1433 3818 1455 3854 ι

2486 3801 2579 3873 ρίᾳ
2603 3795 2696 3854 οὖν
2724 3801 2958 3871 Χριστὸς
2978 3802 3126 3872 ἡμᾶς
3155 3803 3518 3875 ἠλευθέρωσε.
3555 3825 3574 3857 ι

1463 3933 1620 3991 CAP.
1660 3935 1723 3989 ν.
3099 3937 3129 3988 li

3099 3937 3347 3990 ΚΕΦΑΛ.
3378 3936 3451 3990 E'.

883 4048 1050 4104 Vens.
1085 4050 1135 4102 i.
1168 4067 1189 4100 ‹
1229 4049 1409 4112 State,
1439 4055 1494 4103 et
1525 4047 1696 4102 nolite
1738 4047 1944 4101 iterum
1974 4047 2107 4118 jugo
2149 4049 2384 4103 servitu-
2546 4076 2549 4091 ι

2377 4074 2384 4091 ι
2546 4066 2566 4100 ι
2603 4047 2862 4118 Στήκετε,
2892 4047 2988 4101 καὶ
3016 4046 3090 4118 μὴ
3111 4046 3272 4101 πάλιν
3304 4047 3456 4118 ζυγῷ
3482 4048 3727 4112 δουλείας
3743 4049 4043 4120 ἐνέχεσθε.»

817 4141 888 4196 tis
917 4139 1210 4194 contineri.
1245 4158 1263 4190 ι

887 4248 1132 4302 Alteram
1180 4248 1333 4301 addit
1377 4261 1631 4311 causam,
1687 4263 1794 4317 qua
1825 4248 2052 4304 suadeat
2098 4264 2193 4304 eos
2221 4249 2386 4303 disci-

2382 4278 2386 4289 -
2563 4247 2790 4318 Ἑτέραν
2814 4246 2993 4300 αἰτίαν
3023 4246 3231 4316 τίθησι,
3263 4248 3363 4319 τὴν
3387 4248 3685 4304 πείθουσαν
3719 4251 3924 4315 αὐτοὺς
3953 4254 4048 4320 μὲ-

819 4343 982 4413 plinae
1034 4357 1148 4396 suae
1208 4341 1606 4394 adhazrescere.
1652 4342 1745 4394 Ait
1790 4349 1975 4396 autem
2017 4360 2030 4394 :
2085 4356 2185 4394 nec
2242 4342 2384 4393 enim

2487 4356 2596 4392 νειν
2625 4341 2718 4390 ἐπὶ
2757 4338 2863 4391 τῶν
2907 4338 3209 4408 δογμάτων.
3260 4341 3423 4408 Λέγει
3447 4341 3503 4394 δέ
3529 4358 3543 4372 ·
3573 4343 3665 4412 Μὴ
3697 4343 3807 4413 γὰρ
3831 4345 4051 4404 ἑαυτοὺς

819 4440 876 4494 in
931 4437 1237 4492 libertatem
1295 4451 1394 4488 vos
1461 4435 1808 4489 vindicastis.
1851 4419 2010 4488 Alius
2052 4443 2138 4488 est
2165 4434 2257 4503 qui
2295 4449 2387 4486 vos

2380 4449 2387 4486 ι
2487 4433 2897 4504 ἠλευθερώσατε
2936 4450 2951 4499 ;
2989 4433 3180 4498 ’Ἄλλος
3235 4434 3382 4487 ἐστὶν
3435 4437 3580 4505 ὑμᾶς
3633 4439 3660 4489 ὁ
3727 4438 4046 4507 ἠγορακὼς·

818 4532 1090 4585 redemit:
1140 4529 1281 4581 alius
1320 4539 1408 4581 est
1443 4526 1539 4596 qui
1588 4529 1830 4596 pretium
1862 4541 1964 4595 pro
2007 4527 2168 4579 nobis
2201 4526 2382 4579 solvit.
2417 4543 2460 4597 ι)

2417 4543 2460 4597 Ῑ)
2489 4525 2646 4587 ἄλλος
2672 4526 2700 4578 ὁ
2720 4525 2884 4596 τιμὴν
2907 4525 3026 4589 δοὺς
3044 4525 3184 4596 ὑπὲρ
3201 4526 3229 4577 ύ
3239 4525 3373 4596 μῶν.
3390 4527 3462 4578 Τὸ
3481 4526 3536 4578 δὲ
3561 4527 3835 4594 στήκετε,
3863 4528 4048 4590 εἰπὼν,

823 4619 1067 4674 Dicendo
1121 4628 1328 4681 autem,
1389 4626 1548 4682 state,
1603 4617 1898 4685 procellam
1945 4632 2066 4684 quae
2110 4615 2386 4668 acciderat
2486 4639 2489 4653 ι

2381 4632 2386 4665 ‘.
2486 4617 2578 4671 τὸν
2608 4617 2767 4671 σάλον
2802 4618 2894 4670 τὸν
2945 4618 3309 4687 γεγενημένον
3363 4617 3529 4685 ἔδειξε
3557 4635 3571 4649 ο
3615 4620 3693 4685 τῷ
3739 4619 3817 4683 δὲ,
3853 4620 4047 4686 ζυγοῦ,

823 4711 1086 4767 indicavit
1123 4729 1136 4765 :
1179 4709 1399 4763 nomine
1432 4723 1562 4762 vero
1599 4707 1719 4777 jugi
1759 4708 1838 4762 rei
1882 4708 2203 4776 gravitatem
2251 4707 2384 4776 ipsis
2486 4733 2489 4751 ε

2382 4745 2384 4755 ι
2486 4708 2708 4779 ὀνόματι
2740 4709 2801 4762 τὸ
2851 4708 2987 4780 βαρὺ
3037 4711 3132 4762 τοῦ
3190 4711 3512 4780 πράγματος
3563 4711 3745 4774 αὐτοῖς
3803 4729 4048 4776 καταση-

822 4802 1174 4874 signiﬁcavit.
1234 4801 1380 4866 Quin
1413 4809 1468 4854 et
1522 4799 1652 4853 dum
1708 4800 1807 4859 ait,
1862 4815 2101 4862 rursum,
2157 4799 2384 4852 nimium

2491 4801 2690 4870 μαίνει.
2743 4800 2816 4852 Τὸ
2860 4801 2915 4853 δὲ
2979 4801 3182 4863 πάλιν,
3227 4801 3414 4867 εἰπὼν,
3465 4802 3662 4872 πολλὴν
3714 4803 3896 4854 αὐτῶν
3949 4803 4051 4854 δεί-

824 4896 1076 4966 ipsorum
1115 4902 1400 4962 stuporem
1431 4901 1602 4945 nouit.
1652 4889 1784 4943 Nam
1817 4891 1863 4944 si
1898 4890 2203 4943 molestiam
2248 4890 2388 4942 hanc

2374 4905 2388 4942 ξ
2490 4913 2674 4949 κνυσιν
2723 4897 3100 4966 ἀναισθησίαν.
3157 4896 3219 4948 El
3271 4898 3372 4967 μὲν
3415 4899 3526 4968 γὰρ
3568 4899 3786 4967 ἄπειροι
3819 4897 3915 4950 τοῦ
3941 4901 4040 4949 πά-

823 5000 934 5042 non
964 4986 1210 5040 fuissetis
1263 4983 1499 5054 experti,
1539 4981 1683 5036 haud
1733 4983 1900 5035 eratis
1965 4989 2242 5034 tantorum
2285 4982 2389 5033 cri-

2384 5010 2389 5017 -
2491 4985 2614 5046 θους
2643 4982 2740 5056 ἦτε
2770 4987 3202 5058 ὲκείνου,φησ¹ιν,
3249 4989 3310 5041 οὐ
3346 4988 3615 5042 τοσούτων
3641 4985 3739 5059 ἦτε
3775 4989 4050 5060 ἐγκλημά-

824 5081 1029 5133 minum
1064 5077 1165 5132 rei.

1112 5077 1165 5132 εἰ.
2490 5089 2597 5124 των
2623 5073 2778 5138 ἄξιοι.

900 5187 1065 5245 Vens.
1093 5189 1149 5243 2.
1186 5207 1204 5239 ι
1237 5187 1380 5243 Ecce
1409 5201 1511 5258 ego
1543 5185 1744 5240 Paulus
1777 5187 1904 5239 dico
1934 5185 2114 5240 vobis.
2163 5203 2181 5235 ι

1859 5201 1904 5239 :0
1934 5185 2114 5240 vobis.
2163 5203 2181 5235 ι
2570 5206 2588 5238 ‹
2625 5188 2758 5241 Ἰδοὺ
2790 5189 2901 5256 ἐγὼ
2922 5191 3128 5254 Παῦλος
3152 5192 3294 5261 λέγω
3323 5194 3468 5263 ὑμῖν.
3507 5211 3525 5244 ι

893 5303 1011 5356 Vox
1041 5302 1145 5357 ista
1177 5301 1327 5356 illius
1355 5310 1440 5356 est
1463 5299 1557 5370 qui
1593 5298 1938 5368 praeﬁdenter
1969 5299 2246 5367 loquatur.

1494 5299 1557 5368 _ui
1593 5298 1938 5368 praeﬁdenter
1969 5299 2246 5367 loquatur.
2561 5296 2898 5368 Θαρροῡντος
2919 5301 2952 5368 ἠ
2989 5301 3160 5370 φωνή,

902 5433 922 5467 ι
961 5413 1234 5480 Quoniam
1271 5413 1318 5468 si
1371 5411 1872 5474 circumcidamiui,
1935 5411 2188 5466 Christus
2238 5414 2392 5467 vobis
2566 5439 2568 5450 τ

2382 5431 2392 5467 ι
2566 5427 2584 5458 ι
2609 5408 2728 5461 Ὅτι
2752 5409 2846 5462 ἐὰν
2871 5409 3291 5480 περιτέμνησθε,
3314 5412 3548 5483 Χριστὸς
3575 5412 3715 5483 ὑμᾶς
3744 5414 3896 5468 οὐδὲν
3915 5415 4048 5483 ὡφε-

828 5507 967 5564 nihil
988 5505 1257 5578 proderit.
1292 5525 1311 5556 ι
2494 5500 2558 5569 λή
2568 5517 2667 5552 σει.
2709 5519 2726 5549 ι

895 5619 1002 5688 Qui
1028 5634 1165 5674 vero
1191 5619 1332 5673 nihil
1373 5617 1621 5688 proderit
1644 5616 1903 5672 Christus
1933 5616 1982 5669 ei
2012 5618 2124 5684 Aqui
2155 5617 2393 5670 circum-

2381 5648 2393 5657 .
2562 5612 2684 5674 Πῶς
2708 5613 2856 5664 οὐδὲν
2905 5613 3172 5684 ὠφελήσει
3228 5615 3319 5666 τὸν
3373 5619 3828 5688 περιτεμνόμενον
3863 5621 3891 5672 ὀ
3918 5619 4047 5689 Χρι-

829 5715 985 5768 cisus
1013 5712 1167 5767 erit?
1197 5711 1473 5765 ausculta.
1526 5707 1629 5774 Qui
1665 5707 2106 5771 circumciditur,
2131 5715 2393 5779 tanquam

2382 5725 2393 5761 ι
2497 5705 2652 5769 στός;
2684 5704 2871 5757 ἄκουε.
2915 5705 2970 5756 '0
3007 5707 3484 5776 περιτεμνόμενος,
3521 5709 3594 5771 ὡς
3617 5711 3778 5779 νόμον
3805 5710 4048 5767 δεδοικὼς

833 5807 1003 5875 legem
1055 5802 1422 5860 reformidans
1472 5798 1913 5855 circumciditur.
1964 5796 2067 5863 Qui
2111 5813 2241 5854 vero
2277 5797 2392 5854 for-
2495 5817 2499 5829 ε

2383 5825 2392 5838 -
2495 5794 2894 5865 περιτέμνεται.
2937 5795 2996 5847 '0
3039 5796 3095 5847 δὲ
3142 5795 3415 5863 δεδοικὼς,
3473 5799 3691 5851 ἀπιστεῖ
3719 5803 3786 5870 τῇ
3829 5799 4049 5867 δυνάμει
