4218 6448
218 438 322 502 813

1354 442 1433 500 ΙΝ
1476 443 1709 502 EPIST.
1753 444 1851 503 AD
1890 446 2242 506 GALATAS.

3336 458 3441 522 8M

211 550 324 619 γὰρ
350 550 460 611 πᾶς
488 549 649 618 νόμος
682 550 739 601 ἐν
768 550 846 601 ένὶ
876 548 1019 620 λόγῳ
1045 548 1363 619 πληροῦται,
1392 553 1450 601 ἐν
1478 549 1575 618 τῷ,
1619 551 1777 619 Ἀγα-
1806 560 1851 613 Α

1773 560 1851 613 ιΑ
1881 552 2071 624 [Vi-ms.
2108 550 2317 627 1446.]
2369 562 2560 613 Umms
2616 562 2763 615 enim
2814 562 2899 617 lex
2942 565 2996 618 in
3033 579 3142 621 uno
3187 582 3439 625 sermone

209 645 411 711 ⁴πτήσεις
436 642 528 694 τὸν
557 643 783 712 πλησιόν
807 658 901 694 σου
937 643 1012 705 ὡς
1053 642 1297 696 σεαυτόν.
1337 644 1399 693 Εἰ
1433 642 1489 694 δὲ
1516 643 1779 709 ἀλλήλους

206 733 437 788 δάκνετε
475 734 571 788 καὶ
620 734 960 795 κατεσθίετε,
1008 733 1235 804 βλέπετε
1271 733 1346 804 μὴ
1380 733 1485 785 ὑπὸ
1535 734 1776 804 ἀλλήλων

204 825 543 895 ἀναλωθῆτε.
585 827 743 894 Λέγω
788 826 865 893 δὲ,
923 825 1199 899 Πνεύματι
1260 830 1631 896 περιπατεῖτε,
1682 829 1776 880 καὶ

205 916 507 988 ὶπιθυμίαν
541 918 742 989 σαρκὸς
766 918 828 971 οὐ
866 919 940 989 μὴ
969 918 1244 988 τελέσητε.
1281 937 1299 968 ι

275 1093 528 1143 Δείκνυσι
553 1094 645 1142 τὸν
682 1092 881 1161 τρόπον
935 1092 1004 1143 δι’
1043 1084 1104 1145 οὗ
1135 1091 1332 1161 ῥαδίως
1368 1091 1459 1145 τὸν
1489 1091 1775 1159 εὐαγγελι-

206 1181 302 1233 κὸν
326 1182 659 1252 πληρώσωσι
686 1183 867 1251 νόμον,
894 1182 1011 1251 ἅμα
1036 1184 1089 1235 δὲ
1117 1185 1209 1237 καὶ
1233 1184 1393 1236 πόθεν
1427 1185 1645 1251 γέγονεν
1676 1184 1772 1253 τῆς

203 1273 509 1341 περιτομῆς
532 1274 564 1339 ή
588 1273 751 1342 ἀρχή.
795 1272 1010 1341 Ἐπειδὴ
1035 1257 1141 1342 γάρ
1174 1273 1417 1341 ἀλλήλων
1436 1272 1625 1341 ἄρχειν
1642 1270 1768 1339 βου-

200 1362 442 1431 λόμενοι,
473 1362 777 1432 ὲσχίσθητε,
809 1364 962 1431 φησὶ,
982 1362 1302 1416 δουλεύσατε
1326 1363 1594 1431 ἀλλήλοις.
1616 1361 1769 1413 Οὕτω

200 1455 309 1523 γὰρ
344 1456 748 1523 συναχθήσεσθε
780 1456 961 1507 πάλιν.
985 1455 1297 1525 Λεληθότως
1335 1455 1389 1507 δὲ
1406 1454 1562 1505 τοῦτο
1595 1452 1764 1519 λέγει,

200 1548 294 1597 καὶ
334 1547 393 1597 οῦ
428 1547 692 1617 φανερῶς.
1360 1546 1363 1551 ’

274 1738 293 1770 ι
344 1720 407 1771 Ἡ
440 1721 548 1788 γάρ
584 1716 718 1787 σάρξ
739 1716 994 1786 ἐπιθυμεῖ
1023 1716 1163 1769 κατά
1199 1715 1291 1769 τοῦ
1340 1714 1663 1784 πνεύματος.
1704 1718 1766 1767 τὸ

196 1811 252 1863 δὲ
276 1809 494 1879 πνεῦμα
553 1808 692 1861 κατὰ
747 1808 844 1876 τῆς
887 1808 1118 1878 σαρκός’
1152 1808 1334 1861 Ταῦτα
1372 1806 1427 1859 δὲ
1465 1807 1763 1859 ἀντίκειται

196 1901 468 1971 ἀλλήλοις,
503 1900 587 1952 ῖνα
619 1900 692 1970 μὴ
714 1900 766 1953 ίᾶ
792 1898 858 1953 ἂν
892 1900 1105 1980 θέλητε,
1141 1900 1314 1953 ταῦτα.
1340 1899 1552 1967 ποιῆτε.
1588 1916 1606 1948 ι

265 2080 471 2146 Σάρκα
520 2079 785 2149 φησὶ,τὴν
803 2078 1114 2150 προαίρεσιν
1136 2078 1233 2150 τὴν
1250 2079 1509 2151 πονηρὰν,
1546 2077 1760 2152 πνεῦμα
1822 2132 1823 2135 η

193 2169 271 2232 δὲ,
304 2171 404 2239 τὴν
466 2169 780 2239 προαίρεσιν
832 2169 927 2239 τὴν
982 2169 1213 2240 ἀγαθὴν,
1254 2171 1352 2240 τὴν
1396 2171 1507 2223 ἄνω
1546 2171 1760 2240 τρέχειν

195 2262 622 2325 σπουδάζουσαν.

270 2352 341 2404 Ἢ
371 2354 469 2422 μὲν
500 2354 667 2406 κακία
710 2354 1009 2407 ἀντίκειται
1065 2358 1133 2426 τῇ
1177 2356 1344 2424 ἀρετῇ
1370 2370 1385 2383 ο
1430 2355 1462 2423 ἡ
1505 2353 1561 2405 δὲ
1591 2353 1759 2423 ἀρετὴ

192 2444 360 2496 πάλιν
390 2444 726 2497 ἐναντιοῦται
752 2449 817 2515 τῇ
842 2446 1026 2516 κακίᾳ,
1056 2444 1401 2513 παιδαγωγοῦ
1432 2461 1577 2505 τινος
1604 2445 1757 2509 τάξιν

190 2534 602 2603 ἀναπληροῦσα,
634 2537 726 2588 καὶ
755 2538 827 2606 μὴ
858 2537 1004 2589 ἐῶσα
1025 2537 1167 2605 ὑμᾶς
1190 2536 1330 2589 κατὰ
1352 2536 1449 2596 τὰς
1468 2534 1757 2604 ἐπιθυμίας

189 2626 287 2690 τὰς
320 2626 530 2693 φαύλας
560 2628 904 2696 πορεύεσθαί.
1103 2624 1111 2632 ’

268 2736 287 2767 ι
323 2718 382 2768 ΕΞ
416 2717 471 2768 δὲ
507 2716 780 2786 Πνεῦματι
832 2716 1052 2783 ἄγεσθε,
1093 2717 1192 2768 οῦκ
1238 2715 1361 2768 ὲστὲ
1423 2716 1523 2767 ὑπὸ
1573 2714 1755 2784 νόμον.

190 2809 405 2877 Φιαοιερά
425 2809 482 2860 δέ
518 2811 631 2860 ἐστι
656 2808 722 2859 τά
751 2808 886 2877 ἔργα
924 2808 1021 2875 τῆς
1055 2805 1279 2875 σαρκὸς,
1304 2804 1462 2857 amat
1488 2806 1603 2856 ἐστι
1637 2820 1755 2873 μοι-

191 2900 338 2970 χεία,
372 2899 617 2969 πορνεία,
643 2897 978 2969 ἀκαθαρσία,
1018 2897 1292 2963 ἀσέλγεια,
1333 2896 1755 2965 εἰδωλολατρεία,

194 2996 538 3066 φαρμακεία,
604 2993 815 3061 ἔχθραι,
864 2994 1027 3059 ἕρεις,
1076 2990 1250 3060 ζῆλοι,
1290 2991 1471 3060 θυμοὶ,
1508 2990 1755 3060 ὲριθεῖαι,

193 3089 550 3158 διχοστασίαι,
572 3086 831 3155 αἱρέσεις,
866 3084 1070 3153 φθόνοι,
1134 3084 1304 3150 φόνοι,
1349 3082 1528 3151 μέθαι,
1560 3082 1755 3150 κῶμοι,

195 3183 288 3233 καὶ
344 3181 413 3231 τά
466 3180 625 3247 ὃμοια
683 3177 913 3239 τούτοις,
951 3176 985 3229 ἂ.
1018 3176 1263 3245 προλέγω
1281 3177 1427 3243 ὑμῖν,
1461 3173 1640 3236 καθὼς
1665 3175 1758 3227 καὶ

195 3276 477 3343 προεῖπον,
507 3273 588 3323 ὃτι
613 3271 660 3321 οἱ
691 3270 860 3322 ταῦτα
915 3270 1251 3338 πράσσοντες
1304 3268 1580 3336 βασιλείαν
1623 3265 1757 3318 Θεοῦ

195 3366 256 3416 οὐ
284 3365 805 3432 κληρονομήσουσιν.
855 3362 913 3420 ’0
941 3362 998 3413 δὲ
1045 3361 1251 3430 καρπὸς
1295 3359 1388 3411 τοῦ
1443 3358 1758 3428 Ιινεύματός

195 3456 335 3519 ἐστι,
366 3456 576 3524 ἀγάπη,
602 3454 765 3523 χαρὰ,
800 3455 1011 3523 εἰρήνη,
1035 3452 1401 3523 μακροθυμία,
1434 3452 1758 3521 χρηστότης,

196 3546 533 3612 ἀγαθοσὺνη,
574 3545 775 3606 πίστις,
834 3544 1091 3613 πραότης,
1120 3543 1433 3612 ἐγκράτεια.
1466 3541 1623 3595 Κατὰ
1652 3541 1760 3593 τῶν

194 3635 453 3687 τοιούτων
478 3635 577 3685 οῦκ
613 3634 727 3685 ἐστι
752 3635 932 3702 νόμος.
973 3651 991 3680 ι

276 3829 336 3880 '0
368 3828 590 3897 Πνεῦμα
615 3828 750 3897 ἔχων
778 3827 852 3889 ὠς
882 3826 1007 3897 χρὴ,
1045 3826 1131 3879 διὰ
1166 3826 1355 3879 τούτου
1387 3827 1633 3879 σϐέννυσι
1664 3844 1759 3879 πο-

194 3922 366 3991 νηράν
398 3920 690 3988 ἐπιθυμίαν
715 3921 951 3972 ἃπασαν.
989 3920 1048 3971 'U
1083 3920 1138 3971 δὲ
1171 3920 1374 3972 τούτων
1399 3919 1754 3987 ἀπαλλαγεὶς,

194 4015 253 4064 οῦ
285 4013 460 4064 δεῖται
491 4010 588 4080 τῆς
653 4010 760 4064 ἀπὸ
805 4010 897 4061 τοῦ
925 4011 1087 4079 νόμου
1124 4010 1396 4080 βοηθείας,
1428 4009 1759 4079 ὑψηλότερος

193 4103 373 4172 πολλῷ
397 4104 493 4170 τῆς
515 4102 721 4154 ἐκείνου
754 4101 1073 4170 εὐαγγελίας
1118 4102 1429 4171 γενόμενος.
1463 4102 1522 4154 Ὀ
1547 4102 1653 4172 γάρ
1683 4102 1758 4171 μὴ

191 4197 572 4266 ὀργιζόμενος,
627 4194 743 4256 πῶς
787 4195 957 4246 δεῖται
1005 4193 1242 4255 ἀκούειν,
1282 4195 1366 4246 Οὐ
1406 4196 1757 4262 φονεύσεις;

191 4290 219 4339 ὀ
243 4290 317 4357 μὴ
354 4286 566 4355 βλέπων
608 4285 927 4347 ἀκολάστοις
955 4283 1270 4353 ὀφθαλμοῖς,
1313 4285 1429 4346 πῶς
1454 4284 1641 4353 χρῄζει
1663 4284 1756 4336 τοῦ

193 4378 541 4440 παιδεύοντος
570 4377 642 4447 μὴ
684 4376 953 4448 μοιχεύειν
979 4393 993 4442 ;
1025 4376 1118 4438 Τίς
1156 4376 1263 4444 γάρ
1300 4375 1599 4439 διαλέξεται
1628 4376 1757 4446 περὶ

191 4470 286 4524 τοῦ
318 4469 532 4540 καρποῦ
558 4470 658 4538 τῆς
680 4470 896 4535 κακίας,
920 4468 1101 4539 τῷτὴν
1129 4468 1283 4538 ῥίζαν
1314 4469 1481 4539 αὐτῆς
1509 4468 1758 4522 ἀνασπά-

194 4575 389 4624 σαντι;

210 4684 242 4692 ..
274 4648 438 4717 Ὁρᾷς
466 4649 543 4699 ὅτι
571 4648 629 4699 οὐ
665 4649 759 4719 τὴν
792 4648 969 4719 σάρκα
1018 4650 1180 4718 φησὶν
1228 4648 1481 4709 ἐνταῦθα,
1512 4650 1645 4702 ἀλλὰ
1668 4650 1759 4703 τὸν

192 4738 367 4807 γεώδη
410 4739 689 4806 λογισμόν.
722 4740 788 4791 Δί
813 4740 919 4809 γάρ
952 4740 1163 4810 ἔχθραι,
1184 4742 1274 4793 καὶ
1304 4742 1355 4793 oi
1375 4741 1543 4815 ζῆλοι,
1576 4744 1670 4795 καὶ
1699 4744 1757 4795 αἱ

194 4829 455 4899 αἱρέσεις,
492 4830 606 4893 πῶς
638 4831 700 4883 ἂν
730 4828 839 4883 εἷεν
870 4832 1069 4901 σαρκός
1095 4849 1109 4895 ;

271 5035 292 5068 ι
330 5019 393 5068 Ui
424 5017 480 5069 δὲ
504 5019 597 5070 τοῦ
626 5019 877 5093 Χριστοῦ
904 5020 1097 5087 Ἰησοῦ,
1154 5022 1251 5089 τὴν
1286 5023 1462 5093 σάρκα
1484 5021 1759 5093 ἐσταύρω-

196 5122 296 5158 σαν
325 5109 422 5159 σῦν
461 5111 571 5169 τοῖς
595 5108 881 5178 παθήμασι
909 5113 1003 5163 καὶ
1024 5112 1361 5180 ἐπιθυμίαις.
1404 5132 1421 5162 ι

254 5197 464 5265 ’Σάρκα
522 5198 681 5251 πάλιν
752 5198 1003 5264 ἐνταῦθα,
1062 5201 1161 5263 τὰς
1222 5201 1463 5272 πονηρὰς
1532 5194 1758 5272 πράξεις

193 5286 399 5340 καλῶν.

271 5398 290 5429 ι
322 5379 380 5431 Ei
414 5378 594 5448 ζῶμεν
625 5379 913 5450 πνεύματι,
944 5380 1211 5450 πνεύματι
1246 5383 1338 5434 καὶ
1366 5382 1688 5452 στοιχῶμεν.
1732 5400 1750 5432 ι

268 5573 424 5623 Κατὰ
453 5573 579 5635 τοὺς
638 5572 843 5625 ἐκείνου
887 5574 1081 5644 νόμους
1120 5573 1544 5644 πολιτευώμεθα.
1587 5566 1767 5628 Τοῦτο

190 5666 299 5735 γάρ
329 5668 443 5716 ἐστι
465 5666 543 5726 τὸ,
575 5665 924 5735 στοιχῶμεν.
956 5669 1117 5735 Λέγει
1152 5668 1234 5719 δέ·
1289 5669 1668 5738 Ἀρκεσθῶμεν
1692 5672 1753 5737 τῇ

186 5753 280 5806 τοῦ
313 5741 619 5823 Ιινεῦματος
648 5754 892 5824 δυνάμει,
926 5757 1111 5827 καὶμὴ
1145 5757 1489 5829 έπιζητῶμεν
1526 5758 1625 5828 τὴν
1647 5760 1754 5811 ἀπὸ

187 5845 280 5901 τεῦ
307 5846 467 5914 νόμου
492 5847 803 5918 προσθήκην

1878 644 2172 712 impletur:
2211 644 2415 716 Diliges
2449 651 2762 717 proximum
2805 661 2957 707 tuum
3001 655 3146 710 sicut
3177 656 3438 727 teipsum.

1876 733 2031 799 Quod
2083 737 2130 790 si
2173 738 2427 793 invicem.
2469 740 2736 797 mordetis
2788 753 2843 797 et
2895 746 3209 813 comeditis,
3260 749 3441 807 videte
3502 802 3513 809 .

1875 842 1946 882 ne
1968 816 2062 897 (ab
2100 829 2332 884 invicem
2372 821 2795 889 consumamini.
2845 834 2979 888 Dico
3039 846 3228 893 autem
3260 858 3277 899 :
3312 840 3439 912 Spi-

1874 918 1981 971 ritu
2043 918 2339 987 ambulate,
2401 930 2457 976 et
2501 923 2778 977 desideria
2846 928 3031 981 carnis
3083 944 3195 983 non
3278 932 3440 1001 perﬁ-

1874 1008 2056 1062 cietis.
2096 1028 2117 1060 θ

1942 1098 2162 1155 Modum
2220 1103 2425 1173 aperit,
2470 1118 2578 1171 quo
2623 1103 2772 1159 facili
2807 1109 3032 1175 negotio
3071 1111 3437 1181 evangelicam

1872 1190 2046 1258 legem
2087 1192 2389 1263 impieant;
2419 1196 2645 1264 insuper
2679 1206 2733 1251 et
2763 1215 2869 1267 qua
2907 1200 2974 1254 de
3002 1217 3169 1257 causa
3198 1204 3439 1259 circum-
3489 1207 3492 1211 ’

1870 1283 2009 1337 cisio
2060 1285 2201 1354 appd
2253 1287 2406 1355 ipsos
2454 1288 2669 1341 invecta
2726 1296 2899 1352 esset.
2956 1291 3090 1345 Nam
3122 1295 3273 1363 quia,
3304 1274 3435 1350 dum

1870 1377 2013 1431 alter
2059 1378 2240 1441 alteri,
2275 1382 2445 1434 vultis
2490 1380 2786 1443 dominari,
2832 1382 2992 1436 divisi
3027 1385 3185 1447 estis.
3232 1387 3432 1456 inquit,

1869 1469 2028 1524 vobis
2071 1470 2303 1525 invicem
2356 1472 2580 1526 servite.
2641 1472 2732 1525 Sic
2760 1475 2912 1526 enim
2958 1475 3012 1527 in
3050 1492 3217 1530 unum
3254 1479 3435 1535 denuo

1866 1566 2317 1633 compingemini.
2373 1564 2483 1618 lloc
2528 1582 2655 1617 vero
2699 1567 3078 1628 subobscuris.
3138 1588 3245 1623 non
3311 1588 3436 1641 pcr-

1867 1658 2076 1724 Spicuis
2103 1660 2284 1711 verbis
2312 1658 2594 1712 edisserit.

1936 1743 2099 1799 Vens.
2150 1748 2234 1799 l7.
2295 1765 2312 1796 ι
2368 1746 2507 1801 Caro
2560 1749 2709 1803 enim
2757 1751 3110 1821 concupiscit
3165 1751 3435 1808 adversus

1866 1836 2151 1905 spiritum:
2193 1840 2423 1906 spiritus
2466 1849 2648 1894 autem
2699 1842 2967 1896 adversus
3014 1857 3266 1898 carnem.
3296 1840 3429 1898 Haec

1867 1942 2052 1981 autem
2090 1929 2194 1983 sibi
2227 1930 2459 1984 invicem
2509 1922 2908 2001 adversantur}
2945 1943 3002 1988 ut
3032 1950 3138 1989 non
3169 1951 3433 2005 quaecun-

1866 2033 1973 2088 que
2008 2019 2192 2082 vultis,
2229 2020 2320 2072 illa
2354 2020 2592 2076 faciatis.
2627 2041 2645 2073 ι

1936 2108 2163 2162 Carnem
2230 2111 2389 2173 dicit,
2453 2114 2790 2170 voluntatem
2869 2118 3111 2172 malam:
3173 2119 3428 2189 spiritum

1866 2211 2074 2267 autem,
2100 2202 2434 2271 voluntatem
2488 2205 2709 2275 bonam,
2764 2225 2885 2278 qua:
2921 2226 3144 2265 sursum
3187 2211 3266 2266 ire
3291 2228 3429 2266 eon-

1868 2291 2074 2346 tendat.

1940 2382 2143 2439 Vitium
2212 2388 2433 2456 quidem
2492 2390 2680 2443 virtuti
2726 2391 3087 2444 adversatur:
3130 2392 3306 2447 virtus
3336 2408 3429 2447 ve-

1867 2490 1927 2526 ro
1973 2491 2211 2552 rursum
2253 2478 2578 2533 adversatur
2621 2482 2772 2541 vitio,
2829 2489 2883 2535 et
2936 2482 3218 2550 cujusdam
3250 2484 3430 2553 paeda-

1864 2568 1984 2637 gogi
2021 2568 2170 2620 vices
2212 2572 2557 2638 exsequitur,
2598 2587 2707 2624 non
2756 2589 2859 2627 nos
2891 2575 3083 2628 sineus
3129 2577 3429 2630 secundum

1864 2658 2196 2725 cupiditates
2224 2662 2398 2715 malas
2437 2662 2709 2715 incedere.

1938 2744 2109 2800 Vens.
2163 2748 2346 2803 18-25.
2396 2768 2414 2799 ‹
2450 2750 2606 2815 Quod
2655 2753 2698 2804 si
2731 2749 2935 2821 Spiritu
2987 2754 3082 2808 Dei
3138 2756 3427 2823 ducimini,

1865 2856 1972 2894 non
2003 2844 2138 2897 estis
2184 2844 2287 2898 sub
2332 2845 2467 2913 lege.
2506 2845 2790 2900 Manifesxa
2842 2856 3027 2905 autem
3082 2860 3210 2905 sunt
3257 2868 3430 2923 opera

1864 2937 2048 2990 carnis
2076 2954 2090 2989 :
2124 2953 2245 3005 qua:
2279 2946 2407 2990 sunt
2432 2938 2791 3005 adulterium,
2824 2939 3143 3005 fornicatio,
3192 2945 3431 3000 immun-

1865 3027 2021 3086 ditia,
2079 3029 2744 3098 impudicitia.idolorum
2809 3035 3080 3101 servitus,
3142 3036 3427 3105 veneﬁcia,

1866 3118 2188 3185 inimicitiae,
2222 3125 2634 3189 contentiones,
2685 3126 3086 3192 aaniulationes,
3119 3128 3237 3193 iraa,
3272 3129 3425 3191 rixae,

1865 3215 2263 3277 dissensiones,
2317 3225 2501 3280 sectae,
2542 3218 2782 3282 invidiie,
2818 3221 3156 3284 ’bomieidia,
3186 3221 3426 3277 ebrieta-

1865 3317 1967 3371 tes,
2005 3310 2463 3371 comessationes.
2495 3320 2549 3363 et
2596 3311 2679 3364 bis
2730 3313 2964 3378 similia;
3015 3330 3140 3382 quae
3189 3314 3428 3383 pra-dico

1865 3390 2041 3463 vobis,
2095 3400 2237 3452 sicut
2291 3402 2540 3468 praedixi,
2599 3405 2857 3471 quoniam
2920 3405 3012 3472 qui
3058 3406 3195 3470 talia
3238 3418 3424 3477 agunt,

1864 3504 2089 3556 regnum
2155 3489 2249 3544 Dei
2303 3507 2408 3543 non
2460 3503 2890 3561 consequentur.
2952 3493 3186 3551 Fructus
3242 3509 3426 3553 autem

1865 3580 2106 3648 Spiritus
2156 3593 2243 3633 est
2282 3583 2566 3647 cltaritas,
2625 3583 2783 3655 174
2832 3586 3115 3655 gaudium,
3166 3604 3289 3656 pax,
3330 3605 3427 3658 pa-

1863 3672 2076 3733 lienlia,
2130 3672 2458 3740 benignitas,
2518 3676 2756 3739 bonitas,
2815 3677 2973 3741 lides,
3033 3681 3421 3747 mansuetudo,

1861 3762 2225 3814 continentia.
2264 3763 2540 3818 Adversus
2567 3766 2840 3832 ejuSmodi
2883 3781 2990 3819 non
3018 3778 3102 3821 est
3137 3769 3241 3822 lex.
3283 3788 3301 3819 ι

1934 3853 2037 3918 Qui
2082 3844 2350 3922 Spiritum
2407 3856 2593 3917 liabet,
2644 3858 2790 3911 sicut
2850 3868 3089 3928 Oportet,
3145 3860 3270 3928 ejus
3320 3876 3424 3931 ope

1862 3958 2085 4013 pravam
2137 3961 2354 3999 rnnnem
2408 3948 2765 4015 cupiditatem
2803 3951 3123 4019 exstinguit.
3152 3951 3257 4015 Qui
3296 3968 3424 4006 vero

1862 4035 1932 4086 ab
1978 4030 2063 4088 bis
2102 4046 2390 4103 exemptus
2445 4047 2553 4102 est,
2604 4039 2812 4091 auxilio
2862 4040 2996 4106 legis
3040 4056 3148 4093 non
3192 4042 3419 4110 indiget,

1814 4180 1817 4187 ,
1862 4126 2038 4193 ut-qui
2066 4127 2353 4194 pra:ceptis
2383 4127 2505 4195 ejus
2537 4129 2703 4181 altior
2734 4129 3152 4184 evaserit.‘Nam
3194 4133 3287 4200 qui
3312 4149 3420 4187 non

1861 4218 2143 4277 irascitur,
2173 4219 2303 4284 quid
2335 4219 2445 4285 jam
2484 4235 2624 4288 Opus
2656 4220 2820 4274 habet
2853 4232 2905 4273 ut
2940 4223 3146 4284 audiat,
3188 4226 3307 4277 Non
3331 4240 3421 4277 oc-

1860 4310 2044 4364 cides?
2092 4310 2185 4378 qui
2245 4327 2351 4364 non
2411 4313 2660 4364 intuetur
2708 4313 3004 4381 impudicis
3055 4317 3254 4381 oculis,
3287 4316 3419 4385 quid

1861 4417 1998 4469 opus
2023 4414 2107 4454 est
2143 4413 2199 4455 ut
2227 4403 2514 4466 doceatur,
2564 4419 2671 4456 non
2709 4419 2831 4457 esse
2863 4404 3286 4459 mtecbandum?
3320 4406 3422 4461 lic--

1861 4492 1985 4559 quis
2016 4493 2161 4544 enim
2218 4492 2285 4545 de
2334 4491 2516 4544 fructu
2572 4493 2792 4546 malitiae
2827 4508 3135 4547 sermonem
3159 4494 3228 4549 ad
3262 4495 3418 4550 illum

1790 4579 1834 4632 1)
1864 4581 2079 4644 habeat,
2110 4582 2202 4650 qui
2246 4583 2481 4635 radicem
2517 4582 2639 4651 ejus
2660 4584 2777 4651 (jam
2806 4584 3009 4638 evulsit
3036 4584 3059 4635 ?

1936 4670 2100 4725 Vides
2133 4689 2255 4725 eum
2288 4673 2413 4726 istic
2442 4664 2547 4727 non
2584 4662 2738 4743 lnqni
2764 4675 2832 4727 dc
2861 4690 3051 4735 carne,
3085 4675 3178 4728 sed
3214 4675 3281 4730 de
3308 4686 3419 4739 ter-

1860 4777 1988 4816 rcna
2032 4764 2387 4831 cogitatione.
2422 4762 2554 4815 Nam
2581 4764 2900 4827 inimicitiae,
2934 4774 2987 4817 et
3016 4766 3416 4833 contentiones,

1860 4865 1912 4907 et
1947 4863 2129 4916 sectae,
2183 4854 2262 4906 vel
2310 4855 2572 4919 barreses,
2620 4871 2859 4925 quonam
2900 4857 3061 4910 modo
3099 4858 3163 4911 ad
3195 4872 3415 4914 carnem

1814 4953 1823 4959 “
1859 4946 2269 5014 Spectaverint?

1936 5033 2097 5089 Vens.
2133 5037 2223 5091 24.
2291 5057 2307 5087 ι
2357 5036 2461 5102 Qui
2496 5046 2678 5107 autem
2741 5048 2870 5090 sunt
2912 5038 3143 5099 Clu-isti,
3198 5055 3417 5094 carnem

1859 5141 2013 5181 suam
2037 5127 2431 5181 crucilixerunt
2462 5144 2585 5182 cum
2612 5129 2761 5182 vitiis
2792 5138 2845 5180 et
2879 5130 3362 5196 concupiscentiis.
3391 5149 3416 5178 ο

1931 5216 2158 5270 Carnem
2206 5218 2290 5271 liic
2329 5235 2548 5272 rursum
2584 5220 2823 5288 appellat
2864 5233 3220 5287 quascunque
3251 5221 3420 5273 malas

1859 5308 2125 5362 actiOnes.

1933 5396 2100 5452 Vens.
2130 5399 2221 5453 25.
2256 5420 2274 5452 ι
2340 5400 2396 5454 Si
2436 5400 2634 5471 spiritu
2687 5402 2943 5465 vivimus,
2990 5403 3184 5473 spiritu
3219 5414 3274 5457 et
3304 5420 3419 5457 ain-

1861 5490 2134 5543 bulemns.
2178 5511 2195 5537 ι

1936 5580 2252 5631 Secundum
2311 5583 2531 5651 regulas
2594 5583 2743 5635 illius
2816 5584 2980 5636 vitam
3048 5582 3417 5636 instituamus.

1861 5667 1994 5721 Nam
2036 5669 2141 5723 hoc
2187 5670 2465 5739 signilieat
2506 5673 2753 5732 verbum.
2798 5672 3149 5726 ambulemus.
3206 5672 3294 5724 Ait
3321 5687 3421 5724 au-

1861 5768 1967 5813 tem
2001 5778 2013 5812 :
2054 5760 2293 5829 Spiritus
2325 5764 2528 5817 virtute
2565 5765 2803 5817 contenti
2852 5765 3049 5827 simus,
3078 5778 3177 5817 nee
3207 5776 3422 5831 quara-

1863 5866 1985 5903 mus
2016 5850 2238 5921 insuper
2266 5852 2712 5908 additamentum
2737 5865 2791 5909 ct
2816 5854 3169 5924 appendicem
3199 5868 3264 5907 ex
3303 5854 3418 5922 lege

1858 5944 2115 5995 mutuari.
