4218 6448
802 431 910 500 815

1951 417 2010 473 S.
2049 410 2367 473 JOANNIQ
2405 411 2827 472 DAMASCENI

3929 413 4032 480 816

875 540 1040 594 Vsus.
1071 535 1160 588 26.
1196 552 1216 584 ‹
1251 531 1326 587 Ne
1351 529 1646 584 etliciamur
1675 525 1858 578 inanis
1883 523 2067 590 gloria:
2095 520 2300 586 cupidi.
2326 537 2345 568 ι
2384 529 2425 578 Α
2530 539 2541 569 ι

1687 526 1858 578 manis
1883 523 2067 590 gloria:
2095 520 2300 586 cupidi.
2326 537 2345 568 ι
2384 529 2425 578 Α
2530 538 2547 569 ι
2581 520 2672 590 Μὴ
2701 519 2980 589 γινώμεθα
3008 520 3292 587 κενόδοξοι.
3337 540 3353 572 ι

869 631 1140 688 Declarat,
1174 638 1272 680 eos
1320 638 1412 691 qui
1467 617 1944 673 circumcisionem
2000 611 2357 671 inducebant,

801 721 1045 796 appetitu
1073 716 1262 788 gloriae
1293 714 1346 766 id
1375 713 1579 765 facere.

877 831 896 864 ι
922 810 1160 864 Invicem
1199 811 1586 876 provocantes,
1622 817 1642 848 ι

867 903 947 958 Ad
976 899 1359 954 contentiones
1395 893 1682 953 nimirum,
1716 898 1770 940 et
1812 886 1984 940 rixas.

875 1012 893 1045 ι
930 992 1164 1047 Invicem
1197 989 1522 1042 invidentes.
1557 1001 1574 1032 ι

872 1084 1162 1141 Enimvero
1199 1097 1264 1137 ex
1308 1077 1458 1133 inani
1492 1073 1672 1145 gloria
1715 1069 1990 1126 aemulatio
2017 1065 2289 1122 nascitur.

1438 1206 1592 1264 CAP.
1628 1204 1717 1259 VI.

869 1333 1036 1388 Vens.
1069 1331 1119 1384 l.
1151 1346 1168 1379 ι
1205 1325 1452 1386 Fratres,
1482 1321 1528 1376 si
1559 1324 1977 1385 pratoccnpatus
2006 1308 2168 1363 fuerit
2200 1308 2361 1361 homo

801 1427 855 1480 in
884 1423 1070 1490 aliquo
1101 1418 1324 1472 delicto.
1354 1431 1372 1461 ι

871 1514 988 1568 Non
1015 1511 1176 1572 dixit,
1227 1507 1273 1560 si
1307 1499 1723 1572 perpetraverit.
1766 1493 1883 1558 sed,
1943 1494 1989 1545 si
2015 1504 2359 1559 prwoccupa-

803 1618 884 1660 tus
924 1604 1116 1664 fuerit;
1159 1600 1262 1652 hoc
1288 1605 1389 1658 est,
1424 1592 1470 1646 si
1506 1590 1789 1658 abreptus.
1817 1583 1956 1638 Vide
1984 1590 2163 1635 autem
2196 1593 2357 1648 quam

800 1697 1046 1768 apposite
1097 1693 1217 1745 illos
1269 1699 1488 1757 quoque
1536 1683 1630 1752 qui
1686 1677 2162 1733 circumcisionem
2213 1684 2353 1739 prae-

801 1767 1074 1848 dicat-ent,
1097 1783 1162 1834 ad
1219 1779 1377 1832 ﬁdem
1439 1772 1683 1836 adducit,
1742 1769 1872 1822 dum
1939 1767 2018 1818 ait
2071 1768 2359 1834 peccatum

2532 611 2806 664 Δείκνυσιν
2837 611 3073 673 ἐκείνους
3095 614 3219 674 τοὺς
3242 614 3560 680 εἰσάγοντας
3581 614 3679 681 τὴν
3706 615 4029 684 περιτομὴν

2460 699 2549 753 διὰ
2581 700 2884 768 φιλοδοξίαν
2904 701 3058 754 τοῦτο
3086 702 3389 765 ποιοῦντας.

2538 811 2556 842 ι
2616 793 2899 863 Ἀλλήλους
2928 794 3386 864 προκαλούμενοι.
3426 813 3443 843 ι

2535 886 2626 946 Εἰς
2653 885 2984 951 φιλονεικίας
3005 885 3247 956 δηλονότι
3277 889 3369 940 καὶ
3399 886 3564 957 ἕρεις.

2537 994 2556 1026 ι
2603 976 2880 1045 Ἀλλήλοις
2908 975 3250 1044 φθονοῦντες.
3293 1000 3309 1028 ,ι

2545 1068 2676 1120 Ἀπὸ
2701 1066 2812 1138 γὰρ
2837 1069 2938 1140 τῆς
2964 1067 3273 1134 κενοδοξίας
3300 1073 3329 1122 ό
3354 1069 3566 1138 φθόνος.

3043 1201 3293 1258 ΚΕΦΑΛ,
3332 1204 3423 1269 ς’.

2539 1333 2556 1364 ι
2612 1314 2876 1382 Ἀδελφοὶ,
2929 1313 3025 1367 ἐὰν
3078 1316 3170 1368 καὶ
3196 1317 3480 1388 προληφθῇ
3527 1316 3812 1388 ἄνθρωπος
3838 1317 3896 1370 ἓν
3924 1336 4026 1372 τινι

2461 1404 2891 1474 παραπτώματι.
2929 1425 2946 1457 ι

2531 1494 2646 1546 Οὐκ
2688 1489 2865 1555 εἶπεν,
2925 1495 3022 1548 ἐὰν
3091 1494 3294 1566 πράξῃ,
3363 1495 3478 1548 ἀλλ’
3527 1497 3635 1550 ἐὰν
3683 1496 4025 1567 προληφθῇ,

2459 1586 2757 1650 τουτέστιν,
2787 1586 2881 1639 ἐὰν
2910 1591 3249 1658 συναρπαγῇ.
3285 1588 3427 1658 Ὀρα
3463 1589 3521 1642 δὲ
3563 1589 3679 1652 πῶς
3710 1591 3923 1659 εὐφυῶς
3940 1593 4029 1643 κά-

2462 1677 2673 1740 κείνους
2699 1678 2826 1740 τοὺς
2860 1677 3235 1747 κηρύσσοντας
3265 1679 3566 1751 περιτομὴν
3599 1685 3678 1745 είς
3723 1681 3822 1751 τὴν
3847 1683 4029 1734 πίστιν

2461 1767 2689 1835 εἰσάγει,
2717 1769 2776 1820 ὲν
2798 1768 3063 1838 προλήψει
3092 1769 3185 1822 καὶ
3213 1773 3535 1842 συναρπαγῇ
3564 1769 3740 1839 λέγων
3759 1771 3940 1825 αὐτῶν
3972 1774 4032 1824 τὸ

803 1880 1047 1949 ipsorum
1097 1866 1565 1943 praeoccupatione
1595 1869 1649 1917 et
1696 1857 2021 1927 abreptione
2057 1853 2359 1907 admissum
2392 1873 2469 1934 B,

2392 1873 2440 1934 Β
2465 1861 2788 1931 ἁμάρτημα,
2815 1864 2909 1916 καὶ
2953 1865 3078 1926 τοὺς
3120 1863 3312 1926 ἄλλους
3344 1863 3521 1916 πείθει
3563 1864 3636 1934 μὴ
3666 1863 4026 1915 συνάπτεσθαι

803 1946 972 2026 fuisse
1001 1990 1012 2022 :
1050 1974 1290 2020 attamen
1332 1962 1472 2015 alios
1504 1959 1782 2015 hortatur,
1824 1965 1892 2004 ne
1924 1948 2004 2003 eis
2035 1946 2357 2016 iungantur.

802 2066 919 2131 Qua
955 2063 1099 2118 enim
1136 2058 1350 2113 ratione
1380 2067 1484 2107 una
1509 2049 1856 2104 abducantur
1882 2057 2004 2098 cum
2051 2039 2166 2094 illis
2225 2049 2364 2108 quos

797 2157 1065 2229 jubentur
1097 2146 1435 2206 emendare?

880 2262 900 2295 ι
932 2241 1042 2297 Vos
1075 2241 1166 2310 qui
1199 2237 1515 2308 spirituales
1543 2239 1698 2294 estis,
1734 2221 2007 2296 ejusmodi
2038 2217 2316 2275 instruite.
2340 2231 2359 2266 ι

867 2423 989 2480 Non
1021 2421 1177 2483 dixit,
1208 2431 1399 2487 pmnas
1431 2411 1680 2482 i-ulligitc,
1717 2422 1818 2462 uec
1845 2405 2230 2462 condemnato,
2267 2395 2363 2452 sed

803 2515 1083 2585 corrigite.

870 2624 890 2658 ι
925 2603 982 2660 ln
1015 2602 1208 2673 spiritu
1239 2597 1503 2653 lenitatis.
1537 2611 1555 2644 ι

875 2692 1160 2766 Ejusmodi
1209 2691 1382 2759 legem
1434 2682 1742 2757 praescribit
1777 2676 2124 2738 doctoribus,
2152 2680 2212 2725 ut
2240 2684 2364 2724 cum

804 2765 1231 2844 mansuetudine
1265 2785 1461 2834 cuncta
1491 2775 1911 2846 proloquantur.
1946 2765 2208 2836 Apprime
2235 2775 2366 2815 vero

805 2893 915 2932 non
945 2874 1084 2928 dixit
1117 2871 1313 2934 solum,
1351 2869 1406 2922 in
1438 2867 1686 2930 lenitate,
1720 2861 1839 2927 sed,
1871 2860 1924 2912 in
1949 2857 2140 2926 spiritu
2177 2853 2368 2906 lenita-

807 2971 874 3022 tis
901 2982 919 3022 :
942 2975 1002 3020 ut
1047 2963 1379 3034 signiﬁcaret
1401 2998 1418 3024 ,
1450 2959 1565 3012 haec
1595 2967 1816 3026 quoque
1866 2947 2096 3019 Spiritui
2127 2944 2365 3015 placere,

807 3060 1009 3129 quippe
1034 3070 1158 3112 cum
1193 3062 1248 3108 ct
1281 3046 1628 3107 convenienti
1672 3045 1887 3100 ratione
1918 3039 2224 3108 corrigere,
2253 3032 2369 3102 spi-

803 3151 1026 3207 ritualis
1059 3147 1132 3203 sit
1159 3144 1310 3200 doni.

885 3261 904 3294 ι
940 3238 1308 3294 Considerans
1337 3235 1596 3304 teipsum,
1629 3243 1698 3284 ne
1719 3234 1773 3282 et
1802 3233 1859 3279 tu
1888 3220 2139 3278 tenteris.
2170 3237 2189 3270 ι

877 3335 1068 3389 Tacite
1112 3326 1426 3399 comprimit
1470 3338 1664 3378 eorum
1713 3315 2085 3386 arrogantiam
2117 3326 2226 3381 qua
2266 3308 2364 3362 do-

804 3427 1002 3482 ctrina:
1037 3422 1257 3477 nomine
1289 3414 1734 3472 intumescebant
1791 3408 2004 3462 Etenim
2042 3420 2111 3458 ne
2142 3409 2365 3473 propter

800 3522 1040 3575 docendi
1087 3515 1322 3568 alliciunt
1365 3510 1683 3572 el‘l'eramur,
1736 3518 1839 3558 nos
1871 3502 1923 3555 in
1957 3509 2157 3554 tnnore
2182 3503 2238 3551 et
2271 3509 2368 3547 al-

806 3614 1012 3666 xietate
1035 3608 1346 3662 constituit.

884 3701 1041 3773 175
1077 3698 1238 3754 Vsus.
1262 3697 1318 3751 2.
1355 3715 1374 3747 ι
1413 3695 1563 3748 Alter
1604 3690 1833 3745 alterius
1868 3701 2037 3741 onera
2079 3690 2310 3754 portate.
2344 3697 2362 3729 ι

880 3772 1016 3850 Nam
1065 3793 1194 3862 quia
1244 3789 1361 3844 ﬁeri
1414 3803 1521 3842 non
1572 3795 1772 3855 potest,
1816 3789 1874 3834 ut
1920 3776 2175 3848 quisquis
2203 3772 2368 3826 homo

805 3898 916 3954 est,
979 3884 1240 3940 innnunis
1272 3898 1302 3935 a
1340 3879 1533 3936 mendo
1586 3887 1642 3933 et
1695 3875 1816 3930 labe
1851 3873 1959 3938 sit;
2014 3870 2270 3922 admonet
2304 3880 2371 3918 ne

811 3979 972 4050 rigidi
1007 3989 1266 4030 censores
1308 3973 1418 4027 sint
1445 3969 1774 4024 delictorum
1809 3965 2130 4018 alienorum.

893 4088 912 4122 ι
951 4067 1015 4122 Ει
1071 4069 1152 4122 sic
1217 4064 1509 4132 adimplete
1563 4061 1735 4129 legem
1788 4053 2016 4110 Christi.
2072 4046 2367 4124 [Vens.5.]

811 4161 946 4218 Nam
977 4162 1024 4214 si
1049 4159 1174 4228 quis
1217 4155 1499 4210 existimat
1542 4167 1601 4206 se
1642 4147 1848 4218 aliquid
1891 4159 2037 4210 esse,
2081 4157 2207 4196 cum
2233 4140 2369 4194 nihil

809 4254 909 4313 sit.
943 4252 1057 4320 ipse
1097 4263 1154 4302 se
1188 4245 1426 4300 seducit.
1457 4263 1476 4294 ι

883 4343 1003 4409 Qua
1037 4353 1229 4410 nempe
1257 4338 1396 4393 alios
1425 4332 1694 4388 toleratis.
1741 4325 1986 4397 Exempli
2015 4331 2186 4394 gratia
2211 4341 2226 4377 :
2267 4321 2372 4376 iste

817 4434 1113 4493 iracundus
1141 4440 1246 4493 est,
1286 4438 1341 4484 tu
1387 4440 1524 4484 vero
1555 4419 1973 4481 somnolentus?
2004 4417 2168 4487 hujus
2203 4416 2374 4484 impe-

815 4539 931 4583 tum
961 4527 1151 4589 tolera,
1185 4532 1244 4577 ut
1292 4521 1340 4576 is
1387 4518 1630 4574 vicissim
1677 4523 1827 4569 tuam
1863 4509 2147 4582 segnitiem
2192 4509 2368 4561 ferat:

819 4621 1030 4686 bneque
1065 4613 1225 4670 modo
1260 4612 1372 4676 lict,
1423 4619 1482 4664 ut
1515 4623 1693 4678 neque
1735 4607 1823 4659 hic
1873 4611 2081 4674 peccet,
2111 4600 2242 4656 dum
2274 4597 2371 4652 abs

821 4721 871 4763 te
899 4708 1189 4768 toleratur,
1241 4716 1340 4755 nec
1387 4709 1442 4752 tu
1491 4697 1750 4751 delictum
1791 4693 2070 4755 admittas,
2109 4688 2240 4742 dum
2275 4703 2373 4756 pro

817 4800 888 4852 iis
938 4797 990 4849 in
1044 4795 1245 4863 quibus
1273 4789 1456 4860 gravis
1505 4787 1877 4853 molestusque
1906 4797 1985 4846 es,
2016 4777 2309 4836 sustineris
2343 4792 2374 4830 a

818 4891 992 4946 fratre
1026 4898 1139 4939 tuo.

891 4977 1052 5032 Vsus.
1086 4977 1139 5028 4.
1179 4992 1198 5025 ι
1231 4973 1380 5043 Opus
1422 4977 1603 5024 autem
1655 4981 1813 5023 suum
1853 4964 2044 5034 probet
2073 4961 2375 5036 unusquis-

826 5086 947 5139 que.
979 5089 996 5120 ι

900 5159 1090 5229 V.gr.,
1132 5157 1177 5209 si
1223 5155 1502 5224 quidpiam
1555 5151 1683 5206 boni
1735 5148 1940 5215 fecisti,
1975 5145 2264 5202 considera
2310 5161 2376 5198 ne

822 5255 965 5306 {orte
999 5260 1219 5320 propter
1261 5251 1476 5302 inanem
1511 5245 1768 5316 gloriam,
1805 5252 1900 5297 aut
1927 5258 1991 5295 ex
2025 5240 2373 5299 necessitate.

820 5357 920 5398 aut
972 5343 1326 5396 simulatione
1369 5340 1470 5392 hoc
1524 5338 1746 5401 feceris,
1790 5352 1921 5390 neve
1954 5335 2025 5387 ob
2065 5335 2227 5386 ullam
2282 5333 2378 5382 liu-

824 5451 1039 5490 manant
1070 5448 1313 5487 causanti.

899 5548 918 5581 ι
961 5529 1023 5582 Et
1058 5527 1138 5580 sic
1195 5529 1250 5579 in
1295 5523 1597 5592 semetipso
1646 5523 1876 5594 gloriam
1906 5519 2152 5581 habebit,
2193 5527 2248 5571 et
2271 5531 2376 5568 non

825 5623 881 5678 in
923 5621 1116 5674 altero.
1161 5639 1179 5671 ι

892 5733 1020 5790 llaec
1044 5734 1141 5796 ait,
1179 5746 1285 5786 non
1317 5730 1475 5800 quasi
1506 5732 1680 5801 legem
1725 5727 2110 5798 praescribens,
2139 5726 2233 5781 sed
2270 5725 2380 5778 illis

826 5823 1153 5892 indulgens;
1200 5821 1440 5889 perinde.
1466 5836 1531 5875 ac
1572 5821 1619 5876 si
1667 5818 1942 5874 dixisset:
1986 5816 2222 5871 Gloriari
2256 5816 2378 5886 qui-

2465 1952 2662 2015 αὐτοῖς.
2701 1954 2825 2016 nm;
2859 1953 2965 2025 γὰρ
2997 1953 3409 2024 συναπαχθεῖεν,
3440 1955 3491 2007 οἱ
3550 1954 3643 2007 καὶ
3685 1952 4030 2022 διορθοῦσθαι

2465 2043 2704 2107 ἐκείνους
2734 2044 3078 2115 κελευόμενοι
3107 2063 3122 2111 ;

2539 2239 2557 2271 ι
2623 2219 2811 2290 Ὑμεῖς
2849 2223 2898 2272 οι
2952 2222 3346 2290 πνευματικοὶ,
3401 2219 3755 2292 καταρτίζετε
3781 2221 3873 2274 τὸν
3917 2238 4026 2274 τοι-

2463 2330 2638 2366 ουτον.
2687 2332 2705 2364 θ

2533 2406 2648 2458 Οὐκ
2685 2402 2874 2468 εἷπεν,·
2900 2405 3150 2470 κολάζετε
3178 2446 3193 2471 ,
3244 2404 3363 2459 οὐδὲ
3421 2401 3809 2466 καταδικάζετε
3835 2442 3850 2467 ,
3896 2403 4027 2457 ἀλλὰ

2463 2496 2758 2566 διορθοῦτε.

2538 2606 2556 2637 ι
2604 2588 2692 2640 Ἐν
2718 2587 2988 2656 πνεύματι
3017 2587 3345 2658 πραότητος.
3381 2605 3399 2638 ι

2535 2679 2578 2730 Τ
2581 2679 2787 2731 οιοῦτον
2805 2681 2966 2748 νόμον
2999 2681 3110 2741 τοῖς
3129 2679 3469 2742 διδασκάλοις
3502 2680 3744 2751 εἰσφέρει
3759 2681 3822 2734 τὸ
3851 2682 4028 2735 πάντα

2469 2770 2604 2839 μετὰ
2647 2771 2956 2839 πραΰτητος
3001 2769 3201 2838 λέγειν.
3253 2767 3324 2822 Εὖ
3377 2771 3464 2835 δὲ,
3524 2770 3584 2824 τὸ
3638 2772 3713 2842 μή
3763 2774 3928 2842 μόνον
3974 2775 4028 2824 ἐν

2468 2859 2761 2928 πραΰτητι,
2809 2859 2964 2922 ἀλλὰ,
3001 2860 3071 2911 ἐν
3095 2861 3384 2928 πνεύματι
3435 2863 3768 2929 πραΰτητι-ς
3802 2867 3977 2916 εἰπεῖν
4009 2882 4021 2893 ·

2469 2951 2556 3002 ἵνα
2601 2950 2768 3020 δείξῃ,
2811 2953 2892 3004 ὅτι
2939 2953 3031 3004 καὶ
3087 2952 3165 3022 τῷ
3211 2954 3490 3021 Πνεύματι
3533 2955 3676 3006 αὐτὰ
3723 2956 3892 3016 δοκεῖ,
3939 2956 4031 3008 καὶ

2466 3040 2527 3092 τὸ
2587 3043 2702 3110 μετ’
2752 3042 3051 3106 ἐπιεικείας
3108 3043 3471 3112 διορθοῦσθαι,
3519 3046 3859 3116 χαρίσματός
3917 3049 4029 3100 ἔστι

2470 3149 2859 3200 πνευματικου.

2392 3233 2435 3288 c
2541 3241 2560 3273 ι
2593 3224 2814 3276 Σκοπῶν
2833 3225 3044 3290 ἑαυτὸν,
3087 3225 3161 3296 μὴ
3191 3227 3255 3280 σὺ
3289 3227 3614 3298 πειρασθῇς.
3651 3247 3672 3281 ι

2543 3314 2858 3382 Λεληθὸτως
2910 3317 3164 3387 καθαιρεῖ
3217 3318 3276 3370 τὺ
3324 3319 3601 3389 φρόνημα,
3633 3319 3694 3373 τὸ
3733 3321 3797 3373 ὲκ
3821 3322 3920 3391 τῆς
3953 3322 4028 3374 διο

2469 3404 2766 3468 δασκαλίας
2820 3407 3125 3477 γινόμενον.
3189 3409 3304 3461 Ἵνα
3374 3409 3482 3480 γάρ
3534 3410 3609 3482 μὴ
3673 3410 3742 3464 δι’
3789 3413 3926 3465 αὐτὸ
3975 3413 4031 3466 τὸ

2467 3497 2705 3552 διδάσκει
2761 3500 3044 3571 ἐπαρωμε
3084 3517 3119 3553 α
3159 3517 3231 3554 κα
3282 3502 3364 3570 ήμ
3400 3525 3407 3537 ·
3451 3540 3468 3565 ,
3583 3501 3733 3572 φόδῳ
3838 3503 4032 3570 ὶὰγω-

2469 3592 2558 3662 νία
2582 3590 2926 3662 καθίστησιν.

2545 3701 2563 3731 ι
2616 3681 2882 3752 Ἀλλήλων
2909 3682 2978 3735 τὰ
2999 3682 3139 3753 βάρη
3180 3681 3496 3752 βαστάζετε.
3537 3703 3555 3734 ι

2541 3773 2756 3842 Ἐπειδὴ
2795 3773 2904 3842 γὰρ
2930 3773 3029 3825 οὐκ
3059 3772 3205 3826 ἐστιν
3232 3774 3516 3844 ἄνθρωπον
3537 3774 3666 3827 ὄντα
3686 3773 3855 3842 χωρὶς
3880 3775 4033 3827 ἐλατ-

2468 3880 2717 3932 τωματος
2752 3857 2926 3914 εἶναι’
2962 3864 3215 3932 παραινεῖ
3261 3861 3336 3933 μὴ
3384 3861 3629 3932 ἀκριϐεῖς
3665 3857 3804 3914 εἶναι
3848 3863 4031 3927 ἐξετα-

2471 3956 2601 4017 στάς
2627 3954 2735 4005 τῶν
2759 3953 2968 4023 ἑτέροις
2994 3953 3564 4024 πεπλημμελημένων.

2546 4066 2565 4096 ι
2606 4045 2714 4098 Καὶ
2751 4045 2920 4108 οὕτως
2969 4045 3398 4116 ἀναπληρώσατε
3445 4045 3535 4098 τὸν
3569 4045 3732 4116 νόμον
3775 4045 3870 4100 τοῦ
3898 4047 4033 4115 Χρι-

2473 4136 2619 4189 στοῦ.
2668 4137 2729 4188 Ei
2771 4135 2878 4208 γάρ
2912 4135 3060 4189 δοκεῖ
3105 4154 3188 4200 τις
3235 4132 3374 4191 εἷναί
3401 4153 3474 4201 τι,
3507 4136 3670 4207 μηδὲν
3699 4133 3796 4201 ὢν,
3842 4137 4036 4190 ἑαυτὸν

2473 4229 2812 4298 φρεναπατᾷ.
2849 4247 2869 4280 ι

2543 4321 2620 4372 Δι’
2649 4320 2708 4372 ὃν
2739 4319 3000 4391 ἀλλήλους
3031 4319 3248 4392 φέρετε.
3281 4313 3426 4386 Οἷον,
3455 4320 3514 4372 '0
3538 4318 3688 4372 δεῖνά
3711 4319 3860 4372 ἐστιν
3885 4318 4037 4390 ὀργί-

2472 4410 2584 4474 λος,
2619 4412 2682 4463 σίι
2705 4409 2762 4463 δὲ
2797 4410 3031 4480 ὑπνηλός
3053 4428 3069 4477 ;
3093 4410 3226 4482 φέρε
3260 4409 3426 4464 αὑτοῦ
3456 4410 3553 4480 τὴν
3570 4409 3746 4480 ὁρμὴν
3775 4409 3876 4478 τὴν
3904 4425 4036 4476 σφο-

2474 4502 2624 4572 δράν,
2651 4502 2735 4554 ἵνα
2755 4502 2855 4554 καὶ
2878 4501 3036 4565 αὐτὸς
3063 4517 3158 4554 σου
3180 4501 3278 4572 τὴν
3305 4500 3530 4554 νωθείαν
3554 4516 3568 4530 ο
3609 4499 3701 4553 καὶ
3723 4499 3895 4562 οὕτως
3914 4499 4037 4552 οὕτε

2474 4596 2677 4655 ἐκεῖνος
2726 4594 3101 4662 ἁμαρτήσεται
3157 4591 3260 4644 ὑπὸ
3316 4590 3410 4643 σοῦ
3438 4591 3855 4661 βασταζόμενος,
3912 4589 4039 4645 οὔτε

2476 4683 2539 4735 σὺ
2566 4682 2976 4753 πλημμελήσεις
3006 4683 3063 4734 ὲν
3083 4676 3166 4744 οἷς
3188 4678 3239 4735 εἷ
3261 4683 3450 4752 βαρὺς,
3479 4681 3800 4750 ἀνεχομένου
3829 4696 3923 4732 σου
3944 4679 4038 4731 τοῦ

2475 4773 2721 4844 ἀδελφοῦ.

2552 4974 2572 5008 ι
2617 4954 2691 5007 Τδ
2719 4954 2775 5006 δὲ
2806 4953 2964 5022 ἔργον
2994 4950 3187 5004 ἑαυτοῦ
3221 4949 3560 5020 δοκιμαζέτω
3589 4948 3836 5010 ἕκαστος.
3872 4969 3891 4998 ι

2549 5135 2675 5194 Οἶον
2711 5142 2758 5192 εί
2788 5138 3048 5205 ἐποίησας
3089 5134 3312 5202 ἀγαθὸν,
3343 5132 3507 5185 σκόπε
3577 5131 3641 5182 σὺ
3703 5129 3914 5199 μήποτε
3956 5127 4036 5178 διὰ

2480 5231 2806 5296 κενοδοξίαν,
2847 5231 2880 5299 ἦ
2905 5230 2973 5282 δι’
3000 5228 3262 5296 ἀνάγκην,
3291 5226 3325 5294 ἢ
3358 5223 3641 5292 ὑποκρίσει
3675 5219 3832 5274 τοῦτο
3855 5220 4036 5284 ἐπα-ἰι

2482 5340 2602 5386 σας,
2631 5322 2664 5392 ἢ
2698 5321 2766 5373 δι’
2801 5319 2966 5388 ἀλλην
2995 5315 3113 5369 τινὰ
3147 5312 3492 5386 ἀνθρωπίνην
3521 5311 3720 5365 αἰτίαν.

2558 5545 2575 5576 ι
2606 5524 2716 5576 Καὶ
2741 5524 2860 5575 τότε
2894 5524 2974 5583 είς
3001 5519 3192 5573 ἑαυτὸν
3225 5520 3383 5587 μόνον
3411 5516 3471 5570 τὸ
3496 5516 3754 5584 καύχημα
3779 5510 3912 5574 ἔξει,
3948 5512 4042 5561 καὶ

2480 5617 2580 5669 οὐκ
2603 5617 2682 5677 είς
2707 5617 2796 5665 τὸν
2829 5614 3032 5681 ἕτερον.
3072 5626 3093 5660 ἰ

2555 5727 2738 5781 Ταῦτα
2767 5726 2827 5777 οὐ
2862 5722 3163 5793 νομοθετῶν
3189 5721 3357 5788 λέγει,
3405 5718 3540 5773 ἀλλὰ
3565 5712 4038 5784 συγκαταϐαίνων.

2484 5820 2554 5884 ὼς
2591 5819 2655 5872 ἂν
2682 5824 2728 5870 ει
2755 5817 2908 5882 ἔλεγε
2931 5834 2943 5846 ·
3001 5816 3073 5866 ΤΡ)
3109 5813 3412 5882 καυχᾶσθαι
3453 5811 3552 5880 μὲν
3582 5809 3643 5862 οὐ
3672 5807 3856 5861 καλόν.
3893 5805 3956 5856 Et
3984 5801 4044 5857 ὣ
