  <div class='ocr_page' id='page_1' title='image "/cluster/home/n/w/nwhite01/storage/ocr_20150623/95/nnc1.0046979816/414.png"; bbox 0 0 4218 6448; ppageno 0'>
   <div class='ocr_carea' id='block_1_1' title="bbox 188 448 292 510">
    <p class='ocr_par' dir='ltr' id='par_1_1' title="bbox 188 448 292 510">
     <span class='ocr_line' id='line_1_1' title="bbox 188 448 292 510; baseline -0.019 -1"><span class='ocrx_word' id='word_1_1' title='bbox 188 448 292 510; x_wconf 84' lang='grc'><strong>817</strong></span> 
     </span>
    </p>
   </div>
   <div class='ocr_carea' id='block_1_2' title="bbox 1326 452 2205 513">
    <p class='ocr_par' dir='ltr' id='par_1_2' title="bbox 1326 452 2205 513">
     <span class='ocr_line' id='line_1_2' title="bbox 1326 452 2205 513; baseline 0.005 -4"><span class='ocrx_word' id='word_1_2' title='bbox 1326 452 1405 509; x_wconf 70' lang='grc' dir='ltr'><strong>ΙΝ</strong></span> <span class='ocrx_word' id='word_1_3' title='bbox 1444 454 1675 512; x_wconf 81' lang='lat' dir='ltr'><strong>EPIST.</strong></span> <span class='ocrx_word' id='word_1_4' title='bbox 1715 454 1813 511; x_wconf 82' lang='lat' dir='ltr'><strong>AD</strong></span> <span class='ocrx_word' id='word_1_5' title='bbox 1848 453 2205 513; x_wconf 79' lang='lat' dir='ltr'><strong>GALATAS.</strong></span> 
     </span>
    </p>
   </div>
   <div class='ocr_carea' id='block_1_3' title="bbox 3312 449 3429 509">
    <p class='ocr_par' dir='ltr' id='par_1_3' title="bbox 3312 449 3429 509">
     <span class='ocr_line' id='line_1_3' title="bbox 3312 449 3429 509; baseline 0.017 -2"><span class='ocrx_word' id='word_1_6' title='bbox 3312 449 3429 509; x_wconf 71' lang='lat'><strong>818</strong></span> 
     </span>
    </p>
   </div>
   <div class='ocr_carea' id='block_1_4' title="bbox 186 556 1852 631">
    <p class='ocr_par' dir='ltr' id='par_1_4' title="bbox 186 556 1829 631">
     <span class='ocr_line' id='line_1_4' title="bbox 186 556 1829 631; baseline 0.002 -19"><span class='ocrx_word' id='word_1_7' title='bbox 186 560 295 629; x_wconf 85' lang='grc' dir='ltr'><strong>άρα</strong></span> <span class='ocrx_word' id='word_1_8' title='bbox 328 558 513 627; x_wconf 80' lang='grc' dir='ltr'>βούλῃ.</span> <span class='ocrx_word' id='word_1_9' title='bbox 552 556 625 627; x_wconf 83' lang='grc' dir='ltr'><strong>μὴ</strong></span> <span class='ocrx_word' id='word_1_10' title='bbox 672 558 810 610; x_wconf 77' lang='grc' dir='ltr'>κατά</span> <span class='ocrx_word' id='word_1_11' title='bbox 856 557 950 609; x_wconf 79' lang='grc' dir='ltr'>τοῦ</span> <span class='ocrx_word' id='word_1_12' title='bbox 981 558 1227 627; x_wconf 79' lang='grc' dir='ltr'><strong>πλησίον,</strong></span> <span class='ocrx_word' id='word_1_13' title='bbox 1261 560 1335 623; x_wconf 87' lang='grc' dir='ltr'><strong>ὡς</strong></span> <span class='ocrx_word' id='word_1_14' title='bbox 1383 563 1412 613; x_wconf 99' lang='lat'><strong>6</strong></span> <span class='ocrx_word' id='word_1_15' title='bbox 1443 564 1750 631; x_wconf 79' lang='grc' dir='ltr'>Φαρισαῖος.</span> <span class='ocrx_word' id='word_1_16' title='bbox 1784 569 1829 622; x_wconf 80' lang='grc' dir='ltr'><strong>Α</strong></span> 
     </span>
    </p>
   </div>
   <div class='ocr_carea' id='block_1_5' title="bbox 1748 556 3414 631">
    <p class='ocr_par' dir='ltr' id='par_1_5' title="bbox 1748 556 3414 622">
     <span class='ocr_line' id='line_1_5' title="bbox 1748 556 3414 622; baseline -0.001 -10"><span class='ocrx_word' id='word_1_17' title='bbox 1748 604 1750 612; x_wconf 69' lang='lat'><em>,</em></span> <span class='ocrx_word' id='word_1_18' title='bbox 1784 569 1829 622; x_wconf 81' lang='grc' dir='ltr'><strong>Α</strong></span> <span class='ocrx_word' id='word_1_19' title='bbox 1858 563 1978 616; x_wconf 81' lang='lat' dir='ltr'><strong>dem</strong></span> <span class='ocrx_word' id='word_1_20' title='bbox 2009 561 2233 615; x_wconf 82' lang='lat' dir='ltr'><strong>iuinime</strong></span> <span class='ocrx_word' id='word_1_21' title='bbox 2264 560 2519 615; x_wconf 92' lang='lat' dir='ltr'><strong>convenit</strong></span> <span class='ocrx_word' id='word_1_22' title='bbox 2545 576 2559 613; x_wconf 87' lang='lat'>:</span> <span class='ocrx_word' id='word_1_23' title='bbox 2585 560 2668 613; x_wconf 91' lang='lat' dir='ltr'><strong>sin</strong></span> <span class='ocrx_word' id='word_1_24' title='bbox 2696 566 2877 612; x_wconf 89' lang='lat' dir='ltr'><strong>autem</strong></span> <span class='ocrx_word' id='word_1_25' title='bbox 2908 556 3111 614; x_wconf 91' lang='lat' dir='ltr'><strong>lubeat.</strong></span> <span class='ocrx_word' id='word_1_26' title='bbox 3141 562 3205 607; x_wconf 68' lang='lat' dir='ltr'><strong>ar</strong></span> <span class='ocrx_word' id='word_1_27' title='bbox 3226 556 3414 610; x_wconf 83' lang='lat' dir='ltr'><strong>saltem</strong></span> 
     </span>
    </p>
   </div>
   <div class='ocr_carea' id='block_1_6' title="bbox 184 646 1746 724">
    <p class='ocr_par' dir='ltr' id='par_1_6' title="bbox 184 646 1746 724">
     <span class='ocr_line' id='line_1_6' title="bbox 184 646 1746 724; baseline 0.003 -23"><span class='ocrx_word' id='word_1_28' title='bbox 184 650 293 701; x_wconf 76' lang='lat' dir='ltr'><strong>Kal.</strong></span> <span class='ocrx_word' id='word_1_29' title='bbox 319 648 479 701; x_wconf 83' lang='grc' dir='ltr'>τοῦτο</span> <span class='ocrx_word' id='word_1_30' title='bbox 502 646 557 700; x_wconf 84' lang='grc' dir='ltr'>δὲ</span> <span class='ocrx_word' id='word_1_31' title='bbox 588 646 980 717; x_wconf 80' lang='grc' dir='ltr'><strong>συνεχώρησεν,</strong></span> <span class='ocrx_word' id='word_1_32' title='bbox 1037 652 1121 703; x_wconf 87' lang='grc' dir='ltr'><strong>ἵνα</strong></span> <span class='ocrx_word' id='word_1_33' title='bbox 1152 651 1213 703; x_wconf 84' lang='grc' dir='ltr'><strong>τὸ</strong></span> <span class='ocrx_word' id='word_1_34' title='bbox 1236 652 1357 705; x_wconf 82' lang='grc' dir='ltr'><strong>ὅλον</strong></span> <span class='ocrx_word' id='word_1_35' title='bbox 1388 654 1527 708; x_wconf 80' lang='grc' dir='ltr'>κατά</span> <span class='ocrx_word' id='word_1_36' title='bbox 1554 655 1746 724; x_wconf 80' lang='grc' dir='ltr'>μικρὸν</span> 
     </span>
    </p>
   </div>
   <div class='ocr_carea' id='block_1_7' title="bbox 182 740 1745 816">
    <p class='ocr_par' dir='ltr' id='par_1_7' title="bbox 182 740 1745 816">
     <span class='ocr_line' id='line_1_7' title="bbox 182 740 1745 816; baseline 0.003 -22"><span class='ocrx_word' id='word_1_37' title='bbox 182 741 362 811; x_wconf 66' lang='grc' dir='ltr'>ἐξέλῃ.</span> <span class='ocrx_word' id='word_1_38' title='bbox 401 740 460 793; x_wconf 88' lang='lat'><strong>&#39;0</strong></span> <span class='ocrx_word' id='word_1_39' title='bbox 492 741 600 811; x_wconf 86' lang='grc' dir='ltr'><strong>γὰρ</strong></span> <span class='ocrx_word' id='word_1_40' title='bbox 636 742 967 806; x_wconf 76' lang='grc' dir='ltr'>συνεθισθεὶς</span> <span class='ocrx_word' id='word_1_41' title='bbox 997 746 1076 807; x_wconf 89' lang='grc' dir='ltr'><strong>είς</strong></span> <span class='ocrx_word' id='word_1_42' title='bbox 1106 744 1296 797; x_wconf 80' lang='grc' dir='ltr'>ἑαυτὸν</span> <span class='ocrx_word' id='word_1_43' title='bbox 1339 746 1516 815; x_wconf 83' lang='grc' dir='ltr'>μόνον,</span> <span class='ocrx_word' id='word_1_44' title='bbox 1544 747 1639 799; x_wconf 73' lang='grc' dir='ltr'>καὶ</span> <span class='ocrx_word' id='word_1_45' title='bbox 1672 748 1745 816; x_wconf 86' lang='grc' dir='ltr'>μὴ</span> 
     </span>
    </p>
   </div>
   <div class='ocr_carea' id='block_1_8' title="bbox 184 832 1748 907">
    <p class='ocr_par' dir='ltr' id='par_1_8' title="bbox 184 832 1748 907">
     <span class='ocr_line' id='line_1_8' title="bbox 184 832 1748 907; baseline 0.003 -21"><span class='ocrx_word' id='word_1_46' title='bbox 184 834 305 887; x_wconf 81' lang='grc' dir='ltr'>καθ’</span> <span class='ocrx_word' id='word_1_47' title='bbox 330 833 556 904; x_wconf 82' lang='grc' dir='ltr'>ἑτέρων,</span> <span class='ocrx_word' id='word_1_48' title='bbox 584 833 679 886; x_wconf 65' lang='grc' dir='ltr'><strong>καὶ⁹</strong></span> <span class='ocrx_word' id='word_1_49' title='bbox 702 832 860 886; x_wconf 80' lang='grc' dir='ltr'>τοῦτο</span> <span class='ocrx_word' id='word_1_50' title='bbox 889 836 1097 905; x_wconf 87' lang='grc' dir='ltr'>ταχέως</span> <span class='ocrx_word' id='word_1_51' title='bbox 1125 834 1479 907; x_wconf 78' lang='grc' dir='ltr'><strong>διορθώσεται</strong></span> <span class='ocrx_word' id='word_1_52' title='bbox 1508 837 1567 889; x_wconf 86' lang='grc' dir='ltr'><strong>τὸ</strong></span> <span class='ocrx_word' id='word_1_53' title='bbox 1592 837 1748 890; x_wconf 81' lang='grc' dir='ltr'>ὲλάτο</span> 
     </span>
    </p>
   </div>
   <div class='ocr_carea' id='block_1_9' title="bbox 184 940 369 992">
    <p class='ocr_par' dir='ltr' id='par_1_9' title="bbox 184 940 369 992">
     <span class='ocr_line' id='line_1_9' title="bbox 184 940 369 992; baseline -0.016 -15"><span class='ocrx_word' id='word_1_54' title='bbox 184 940 369 992; x_wconf 82' lang='grc' dir='ltr'>τωμα.</span> 
     </span>
    </p>
   </div>
   <div class='ocr_carea' id='block_1_10' title="bbox 261 1115 1604 1189">
    <p class='ocr_par' dir='ltr' id='par_1_10' title="bbox 261 1115 1604 1189">
     <span class='ocr_line' id='line_1_10' title="bbox 261 1115 1604 1189; baseline 0.003 -22"><span class='ocrx_word' id='word_1_55' title='bbox 261 1133 282 1167; x_wconf 73' lang='grc' dir='ltr'><strong>ι</strong></span> <span class='ocrx_word' id='word_1_56' title='bbox 326 1115 595 1179; x_wconf 80' lang='grc' dir='ltr'>Ἕκαστος</span> <span class='ocrx_word' id='word_1_57' title='bbox 619 1115 727 1186; x_wconf 82' lang='grc' dir='ltr'>γὰρ</span> <span class='ocrx_word' id='word_1_58' title='bbox 754 1115 815 1169; x_wconf 82' lang='grc' dir='ltr'><strong>τὸ</strong></span> <span class='ocrx_word' id='word_1_59' title='bbox 843 1116 973 1170; x_wconf 79' lang='grc' dir='ltr'>ἴδιον</span> <span class='ocrx_word' id='word_1_60' title='bbox 1019 1118 1240 1188; x_wconf 74' lang='grc' dir='ltr'>φορτίον</span> <span class='ocrx_word' id='word_1_61' title='bbox 1271 1118 1550 1189; x_wconf 80' lang='grc' dir='ltr'><strong>βαστάσει.</strong></span> <span class='ocrx_word' id='word_1_62' title='bbox 1585 1138 1604 1171; x_wconf 72' lang='grc' dir='ltr'>ι</span> 
     </span>
    </p>
   </div>
   <div class='ocr_carea' id='block_1_11' title="bbox 254 1290 1748 1367">
    <p class='ocr_par' dir='ltr' id='par_1_11' title="bbox 254 1290 1748 1367">
     <span class='ocr_line' id='line_1_11' title="bbox 254 1290 1748 1367; baseline 0.006 -26"><span class='ocrx_word' id='word_1_63' title='bbox 254 1291 416 1342; x_wconf 80' lang='grc' dir='ltr'>Δοκεῖ</span> <span class='ocrx_word' id='word_1_64' title='bbox 445 1290 541 1361; x_wconf 75' lang='grc' dir='ltr'>μὲν</span> <span class='ocrx_word' id='word_1_65' title='bbox 571 1292 777 1345; x_wconf 80' lang='grc' dir='ltr'><strong>τιθέναι</strong></span> <span class='ocrx_word' id='word_1_66' title='bbox 800 1292 1057 1362; x_wconf 80' lang='grc' dir='ltr'>λογισμὸν</span> <span class='ocrx_word' id='word_1_67' title='bbox 1094 1295 1369 1349; x_wconf 90' lang='grc' dir='ltr'>κωλύοντα</span> <span class='ocrx_word' id='word_1_68' title='bbox 1402 1296 1527 1349; x_wconf 84' lang='grc' dir='ltr'>καθ’</span> <span class='ocrx_word' id='word_1_69' title='bbox 1559 1294 1748 1367; x_wconf 71' lang='grc' dir='ltr'>ἑτέρου</span> 
     </span>
    </p>
   </div>
   <div class='ocr_carea' id='block_1_12' title="bbox 188 1381 1748 1457">
    <p class='ocr_par' dir='ltr' id='par_1_12' title="bbox 188 1381 1748 1457">
     <span class='ocr_line' id='line_1_12' title="bbox 188 1381 1748 1457; baseline 0.006 -25"><span class='ocrx_word' id='word_1_70' title='bbox 188 1381 518 1450; x_wconf 81' lang='grc' dir='ltr'>καυχᾶσθαι.</span> <span class='ocrx_word' id='word_1_71' title='bbox 550 1383 867 1453; x_wconf 83' lang='grc' dir='ltr'>Διορθοῦται</span> <span class='ocrx_word' id='word_1_72' title='bbox 916 1386 973 1439; x_wconf 81' lang='grc' dir='ltr'>δὲ</span> <span class='ocrx_word' id='word_1_73' title='bbox 1034 1386 1125 1440; x_wconf 77' lang='grc' dir='ltr'><strong>τὸν</strong></span> <span class='ocrx_word' id='word_1_74' title='bbox 1180 1388 1551 1457; x_wconf 83' lang='grc' dir='ltr'><strong>καυχώμενον,</strong></span> <span class='ocrx_word' id='word_1_75' title='bbox 1605 1388 1748 1441; x_wconf 80' lang='grc' dir='ltr'>ὥστε</span> 
     </span>
    </p>
   </div>
   <div class='ocr_carea' id='block_1_13' title="bbox 191 1472 1750 1547">
    <p class='ocr_par' dir='ltr' id='par_1_13' title="bbox 191 1472 1750 1547">
     <span class='ocr_line' id='line_1_13' title="bbox 191 1472 1750 1547; baseline 0.007 -24"><span class='ocrx_word' id='word_1_76' title='bbox 191 1472 325 1541; x_wconf 87' lang='grc' dir='ltr'>μηδὲ</span> <span class='ocrx_word' id='word_1_77' title='bbox 353 1473 439 1541; x_wconf 72' lang='grc' dir='ltr'><strong>ἐφ’</strong></span> <span class='ocrx_word' id='word_1_78' title='bbox 474 1473 649 1542; x_wconf 79' lang='grc' dir='ltr'>ἑαυτῷ</span> <span class='ocrx_word' id='word_1_79' title='bbox 682 1475 826 1544; x_wconf 80' lang='grc' dir='ltr'>μέγα</span> <span class='ocrx_word' id='word_1_80' title='bbox 856 1481 1092 1546; x_wconf 83' lang='grc' dir='ltr'>φρονεῖν,</span> <span class='ocrx_word' id='word_1_81' title='bbox 1142 1480 1223 1540; x_wconf 83' lang='grc' dir='ltr'><strong>είς</strong></span> <span class='ocrx_word' id='word_1_82' title='bbox 1274 1479 1481 1532; x_wconf 72' lang='grc' dir='ltr'>ἔννοιαν</span> <span class='ocrx_word' id='word_1_83' title='bbox 1526 1478 1750 1547; x_wconf 80' lang='grc' dir='ltr'>ἀγαγὼν</span> 
     </span>
    </p>
   </div>
   <div class='ocr_carea' id='block_1_14' title="bbox 189 1562 1749 1641">
    <p class='ocr_par' dir='ltr' id='par_1_14' title="bbox 189 1562 1749 1641">
     <span class='ocr_line' id='line_1_14' title="bbox 189 1562 1749 1641; baseline 0.009 -29"><span class='ocrx_word' id='word_1_84' title='bbox 189 1562 351 1613; x_wconf 78' lang='grc' dir='ltr'>αὑτὸν</span> <span class='ocrx_word' id='word_1_85' title='bbox 382 1562 491 1615; x_wconf 83' lang='grc' dir='ltr'>τῶν</span> <span class='ocrx_word' id='word_1_86' title='bbox 520 1565 733 1618; x_wconf 87' lang='grc' dir='ltr'>οίκείων</span> <span class='ocrx_word' id='word_1_87' title='bbox 754 1567 1163 1638; x_wconf 82' lang='grc' dir='ltr'><strong>ἁμαρτημάτων</strong></span> <span class='ocrx_word' id='word_1_88' title='bbox 1188 1609 1204 1632; x_wconf 95' lang='grc'><strong>,</strong></span> <span class='ocrx_word' id='word_1_89' title='bbox 1238 1569 1335 1620; x_wconf 77' lang='grc' dir='ltr'><strong>καὶ</strong></span> <span class='ocrx_word' id='word_1_90' title='bbox 1368 1572 1479 1633; x_wconf 87' lang='grc' dir='ltr'>τοῖς</span> <span class='ocrx_word' id='word_1_91' title='bbox 1523 1570 1749 1641; x_wconf 83' lang='grc' dir='ltr'>ὀνόμασι</span> 
     </span>
    </p>
   </div>
   <div class='ocr_carea' id='block_1_15' title="bbox 191 1652 1330 1726">
    <p class='ocr_par' dir='ltr' id='par_1_15' title="bbox 191 1652 1330 1726">
     <span class='ocr_line' id='line_1_15' title="bbox 191 1652 1330 1726; baseline 0.009 -21"><span class='ocrx_word' id='word_1_92' title='bbox 191 1652 284 1705; x_wconf 83' lang='grc' dir='ltr'>τοῦ</span> <span class='ocrx_word' id='word_1_93' title='bbox 315 1654 539 1726; x_wconf 80' lang='grc' dir='ltr'>φορτίου</span> <span class='ocrx_word' id='word_1_94' title='bbox 566 1656 768 1722; x_wconf 78' lang='grc' dir='ltr'><strong>πιέζων</strong></span> <span class='ocrx_word' id='word_1_95' title='bbox 793 1659 956 1712; x_wconf 83' lang='grc' dir='ltr'>αὐτοῦ</span> <span class='ocrx_word' id='word_1_96' title='bbox 981 1658 1042 1712; x_wconf 78' lang='grc' dir='ltr'><strong>τὸ</strong></span> <span class='ocrx_word' id='word_1_97' title='bbox 1072 1659 1330 1724; x_wconf 86' lang='grc' dir='ltr'>συνειδός.</span> 
     </span>
    </p>
   </div>
   <div class='ocr_carea' id='block_1_16' title="bbox 265 1832 1751 1912">
    <p class='ocr_par' dir='ltr' id='par_1_16' title="bbox 265 1832 1751 1912">
     <span class='ocr_line' id='line_1_16' title="bbox 265 1832 1751 1912; baseline 0.008 -28"><span class='ocrx_word' id='word_1_98' title='bbox 265 1849 285 1883; x_wconf 81' lang='grc' dir='ltr'>ι</span> <span class='ocrx_word' id='word_1_99' title='bbox 322 1832 663 1886; x_wconf 78' lang='grc' dir='ltr'>Κοινωνείτω</span> <span class='ocrx_word' id='word_1_100' title='bbox 714 1835 771 1888; x_wconf 77' lang='grc' dir='ltr'>δὲ</span> <span class='ocrx_word' id='word_1_101' title='bbox 826 1837 855 1890; x_wconf 87' lang='lat'><strong>6</strong></span> <span class='ocrx_word' id='word_1_102' title='bbox 881 1836 1286 1908; x_wconf 79' lang='grc' dir='ltr'>κατηχούμενος</span> <span class='ocrx_word' id='word_1_103' title='bbox 1326 1838 1419 1893; x_wconf 82' lang='grc' dir='ltr'><strong>τὸν</strong></span> <span class='ocrx_word' id='word_1_104' title='bbox 1466 1840 1622 1909; x_wconf 89' lang='grc' dir='ltr'>λόγον</span> <span class='ocrx_word' id='word_1_105' title='bbox 1670 1841 1751 1912; x_wconf 82' lang='grc' dir='ltr'>τῷ</span> 
     </span>
    </p>
   </div>
   <div class='ocr_carea' id='block_1_17' title="bbox 1856 645 3414 721">
    <p class='ocr_par' dir='ltr' id='par_1_17' title="bbox 1856 645 3414 721">
     <span class='ocr_line' id='line_1_17' title="bbox 1856 645 3414 721; baseline -0.005 -16"><span class='ocrx_word' id='word_1_106' title='bbox 1856 667 1964 706; x_wconf 88' lang='lat' dir='ltr'><strong>non</strong></span> <span class='ocrx_word' id='word_1_107' title='bbox 2012 653 2277 706; x_wconf 86' lang='lat' dir='ltr'><strong>adversus</strong></span> <span class='ocrx_word' id='word_1_108' title='bbox 2331 652 2674 721; x_wconf 85' lang='lat' dir='ltr'><strong>proximum;</strong></span> <span class='ocrx_word' id='word_1_109' title='bbox 2735 650 2882 704; x_wconf 88' lang='lat' dir='ltr'><strong>velut</strong></span> <span class='ocrx_word' id='word_1_110' title='bbox 2940 647 3032 702; x_wconf 89' lang='lat' dir='ltr'><strong>ille</strong></span> <span class='ocrx_word' id='word_1_111' title='bbox 3085 645 3414 700; x_wconf 70' lang='lat' dir='ltr'><strong>Pharisaeus.</strong></span> 
     </span>
    </p>
   </div>
   <div class='ocr_carea' id='block_1_18' title="bbox 1854 737 3413 813">
    <p class='ocr_par' dir='ltr' id='par_1_18' title="bbox 1854 737 3413 813">
     <span class='ocr_line' id='line_1_18' title="bbox 1854 737 3413 813; baseline -0.004 -18"><span class='ocrx_word' id='word_1_112' title='bbox 1854 744 2019 813; x_wconf 77' lang='lat' dir='ltr'><strong>Atqui</strong></span> <span class='ocrx_word' id='word_1_113' title='bbox 2065 746 2166 797; x_wconf 86' lang='lat' dir='ltr'><strong>hoc</strong></span> <span class='ocrx_word' id='word_1_114' title='bbox 2223 745 2523 809; x_wconf 85' lang='lat' dir='ltr'><strong>concessit,</strong></span> <span class='ocrx_word' id='word_1_115' title='bbox 2558 751 2617 796; x_wconf 91' lang='lat' dir='ltr'><strong>ut</strong></span> <span class='ocrx_word' id='word_1_116' title='bbox 2643 742 2906 811; x_wconf 74' lang='lat' dir='ltr'><strong>paulatim</strong></span> <span class='ocrx_word' id='word_1_117' title='bbox 2940 747 3112 794; x_wconf 90' lang='lat' dir='ltr'><strong>totum</strong></span> <span class='ocrx_word' id='word_1_118' title='bbox 3149 737 3413 793; x_wconf 81' lang='lat' dir='ltr'><strong>auferret.</strong></span> 
     </span>
    </p>
   </div>
   <div class='ocr_carea' id='block_1_19' title="bbox 1855 828 3415 904">
    <p class='ocr_par' dir='ltr' id='par_1_19' title="bbox 1855 828 3415 904">
     <span class='ocr_line' id='line_1_19' title="bbox 1855 828 3415 904; baseline -0.006 -16"><span class='ocrx_word' id='word_1_119' title='bbox 1855 833 1988 888; x_wconf 85' lang='lat' dir='ltr'><strong>Nam</strong></span> <span class='ocrx_word' id='word_1_120' title='bbox 2020 836 2114 904; x_wconf 85' lang='lat' dir='ltr'><strong>qui</strong></span> <span class='ocrx_word' id='word_1_121' title='bbox 2168 836 2221 889; x_wconf 92' lang='lat' dir='ltr'><strong>in</strong></span> <span class='ocrx_word' id='word_1_122' title='bbox 2255 850 2407 888; x_wconf 87' lang='lat' dir='ltr'><strong>more</strong></span> <span class='ocrx_word' id='word_1_123' title='bbox 2445 834 2698 888; x_wconf 80' lang='lat' dir='ltr'><strong>habuerit</strong></span> <span class='ocrx_word' id='word_1_124' title='bbox 2738 833 2793 886; x_wconf 90' lang='lat' dir='ltr'><strong>in</strong></span> <span class='ocrx_word' id='word_1_125' title='bbox 2827 831 3010 901; x_wconf 88' lang='lat' dir='ltr'><strong>seipso</strong></span> <span class='ocrx_word' id='word_1_126' title='bbox 3037 828 3415 882; x_wconf 84' lang='lat' dir='ltr'><strong>tantummodo</strong></span> 
     </span>
    </p>
   </div>
   <div class='ocr_carea' id='block_1_20' title="bbox 1854 924 3413 1000">
    <p class='ocr_par' dir='ltr' id='par_1_20' title="bbox 1854 924 3413 1000">
     <span class='ocr_line' id='line_1_20' title="bbox 1854 924 3413 1000; baseline -0.004 -16"><span class='ocrx_word' id='word_1_127' title='bbox 1854 930 2084 1000; x_wconf 79' lang='lat' dir='ltr'><strong>gloriam</strong></span> <span class='ocrx_word' id='word_1_128' title='bbox 2133 929 2356 991; x_wconf 79' lang='lat' dir='ltr'><strong>habere,</strong></span> <span class='ocrx_word' id='word_1_129' title='bbox 2407 937 2460 982; x_wconf 88' lang='lat' dir='ltr'><strong>et</strong></span> <span class='ocrx_word' id='word_1_130' title='bbox 2508 944 2614 982; x_wconf 91' lang='lat' dir='ltr'><strong>non</strong></span> <span class='ocrx_word' id='word_1_131' title='bbox 2663 926 2925 981; x_wconf 89' lang='lat' dir='ltr'><strong>adversus</strong></span> <span class='ocrx_word' id='word_1_132' title='bbox 2974 925 3137 990; x_wconf 86' lang='lat' dir='ltr'><strong>alios,</strong></span> <span class='ocrx_word' id='word_1_133' title='bbox 3183 924 3233 979; x_wconf 89' lang='lat' dir='ltr'><strong>is</strong></span> <span class='ocrx_word' id='word_1_134' title='bbox 3264 924 3413 979; x_wconf 73' lang='lat' dir='ltr'><strong>breVi</strong></span> 
     </span>
    </p>
   </div>
   <div class='ocr_carea' id='block_1_21' title="bbox 1853 1019 3355 1091">
    <p class='ocr_par' dir='ltr' id='par_1_21' title="bbox 1853 1019 3355 1091">
     <span class='ocr_line' id='line_1_21' title="bbox 1853 1019 3355 1091; baseline -0.003 -15"><span class='ocrx_word' id='word_1_135' title='bbox 1853 1023 1956 1076; x_wconf 90' lang='lat' dir='ltr'><strong>boc</strong></span> <span class='ocrx_word' id='word_1_136' title='bbox 1987 1037 2206 1091; x_wconf 89' lang='lat' dir='ltr'><strong>quoque</strong></span> <span class='ocrx_word' id='word_1_137' title='bbox 2232 1022 2423 1075; x_wconf 79' lang='lat' dir='ltr'><strong>vitium</strong></span> <span class='ocrx_word' id='word_1_138' title='bbox 2458 1019 2784 1074; x_wconf 80' lang='lat' dir='ltr'><strong>correxerit.</strong></span> <span class='ocrx_word' id='word_1_139' title='bbox 3347 1020 3355 1028; x_wconf 83' lang='lat'>&#39;</span> 
     </span>
    </p>
   </div>
   <div class='ocr_carea' id='block_1_22' title="bbox 1917 1107 3416 1180">
    <p class='ocr_par' dir='ltr' id='par_1_22' title="bbox 1917 1107 3416 1180">
     <span class='ocr_line' id='line_1_22' title="bbox 1917 1107 3416 1180; baseline -0.007 -14"><span class='ocrx_word' id='word_1_140' title='bbox 1917 1113 2085 1166; x_wconf 74' lang='lat' dir='ltr'><strong>Vsus.</strong></span> <span class='ocrx_word' id='word_1_141' title='bbox 2136 1112 2188 1165; x_wconf 86' lang='lat'><strong>5.</strong></span> <span class='ocrx_word' id='word_1_142' title='bbox 2230 1130 2249 1163; x_wconf 75' lang='grc' dir='ltr'><strong>ι</strong></span> <span class='ocrx_word' id='word_1_143' title='bbox 2304 1112 2694 1180; x_wconf 80' lang='lat' dir='ltr'><strong>Unusquisque</strong></span> <span class='ocrx_word' id='word_1_144' title='bbox 2732 1107 2878 1163; x_wconf 89' lang='lat' dir='ltr'><strong>enim</strong></span> <span class='ocrx_word' id='word_1_145' title='bbox 2910 1121 3049 1163; x_wconf 91' lang='lat' dir='ltr'><strong>onus</strong></span> <span class='ocrx_word' id='word_1_146' title='bbox 3088 1120 3251 1161; x_wconf 83' lang='lat' dir='ltr'><strong>suum</strong></span> <span class='ocrx_word' id='word_1_147' title='bbox 3290 1119 3416 1174; x_wconf 81' lang='lat' dir='ltr'><strong>por—</strong></span> 
     </span>
    </p>
   </div>
   <div class='ocr_carea' id='block_1_23' title="bbox 1855 1205 3415 1363">
    <p class='ocr_par' dir='ltr' id='par_1_23' title="bbox 1855 1205 3415 1363">
     <span class='ocr_line' id='line_1_23' title="bbox 1855 1205 3415 1363; baseline -0.003 -16"><span class='ocrx_word' id='word_1_148' title='bbox 1855 1205 2149 1346; x_wconf 50' lang='lat' dir='ltr'><strong>ull:i‘ltle’tur</strong></span> <span class='ocrx_word' id='word_1_149' title='bbox 2185 1306 2497 1363; x_wconf 83' lang='lat' dir='ltr'><strong>praponere</strong></span> <span class='ocrx_word' id='word_1_150' title='bbox 2530 1292 2799 1343; x_wconf 89' lang='lat' dir='ltr'><strong>rationem</strong></span> <span class='ocrx_word' id='word_1_151' title='bbox 2847 1304 2969 1358; x_wconf 68' lang='lat' dir='ltr'><strong>qua:</strong></span> <span class='ocrx_word' id='word_1_152' title='bbox 2999 1287 3289 1357; x_wconf 87' lang='lat' dir='ltr'><strong>prohibeat</strong></span> <span class='ocrx_word' id='word_1_153' title='bbox 3316 1286 3415 1342; x_wconf 85' lang='lat' dir='ltr'><strong>ad—</strong></span> 
     </span>
    </p>
   </div>
   <div class='ocr_carea' id='block_1_24' title="bbox 1853 1379 3411 1451">
    <p class='ocr_par' dir='ltr' id='par_1_24' title="bbox 1853 1379 3411 1451">
     <span class='ocr_line' id='line_1_24' title="bbox 1853 1379 3411 1451; baseline 0 -18"><span class='ocrx_word' id='word_1_154' title='bbox 1853 1396 2045 1437; x_wconf 88' lang='lat' dir='ltr'><strong>versus</strong></span> <span class='ocrx_word' id='word_1_155' title='bbox 2102 1384 2267 1435; x_wconf 87' lang='lat' dir='ltr'><strong>alium</strong></span> <span class='ocrx_word' id='word_1_156' title='bbox 2350 1380 2592 1451; x_wconf 88' lang='lat' dir='ltr'><strong>gloriari.</strong></span> <span class='ocrx_word' id='word_1_157' title='bbox 2655 1380 2920 1434; x_wconf 66' lang='lat' dir='ltr'><strong>Caeterum</strong></span> <span class='ocrx_word' id='word_1_158' title='bbox 2986 1379 3411 1448; x_wconf 90' lang='lat' dir='ltr'><strong>gloriabundum</strong></span> 
     </span>
    </p>
   </div>
   <div class='ocr_carea' id='block_1_25' title="bbox 1846 1471 3415 1543">
    <p class='ocr_par' dir='ltr' id='par_1_25' title="bbox 1846 1471 3415 1543">
     <span class='ocr_line' id='line_1_25' title="bbox 1846 1471 3415 1543; baseline -0.001 -15"><span class='ocrx_word' id='word_1_159' title='bbox 1846 1474 2102 1543; x_wconf 85' lang='lat' dir='ltr'><strong>corrigit,</strong></span> <span class='ocrx_word' id='word_1_160' title='bbox 2136 1489 2205 1528; x_wconf 89' lang='lat' dir='ltr'><strong>ne</strong></span> <span class='ocrx_word' id='word_1_161' title='bbox 2245 1472 2351 1527; x_wconf 86' lang='lat' dir='ltr'><strong>sibi</strong></span> <span class='ocrx_word' id='word_1_162' title='bbox 2384 1472 2540 1526; x_wconf 82' lang='lat' dir='ltr'><strong>valde</strong></span> <span class='ocrx_word' id='word_1_163' title='bbox 2572 1471 2810 1541; x_wconf 87' lang='lat' dir='ltr'><strong>placeat,</strong></span> <span class='ocrx_word' id='word_1_164' title='bbox 2852 1486 3118 1526; x_wconf 83' lang='lat' dir='ltr'><strong>revocans</strong></span> <span class='ocrx_word' id='word_1_165' title='bbox 3152 1471 3305 1525; x_wconf 85' lang='lat' dir='ltr'><strong>illum</strong></span> <span class='ocrx_word' id='word_1_166' title='bbox 3345 1472 3415 1527; x_wconf 85' lang='lat' dir='ltr'><strong>ad</strong></span> 
     </span>
    </p>
   </div>
   <div class='ocr_carea' id='block_1_26' title="bbox 1855 1561 3417 1634">
    <p class='ocr_par' dir='ltr' id='par_1_26' title="bbox 1855 1561 3417 1634">
     <span class='ocr_line' id='line_1_26' title="bbox 1855 1561 3417 1634; baseline 0.001 -18"><span class='ocrx_word' id='word_1_167' title='bbox 1855 1564 2202 1634; x_wconf 86' lang='lat' dir='ltr'><strong>propriorum</strong></span> <span class='ocrx_word' id='word_1_168' title='bbox 2252 1572 2609 1633; x_wconf 80' lang='lat' dir='ltr'><strong>peccatorum</strong></span> <span class='ocrx_word' id='word_1_169' title='bbox 2674 1561 3203 1627; x_wconf 80' lang='lat' dir='ltr'><strong>considerationem,</strong></span> <span class='ocrx_word' id='word_1_170' title='bbox 3255 1561 3417 1617; x_wconf 86' lang='lat' dir='ltr'><strong>adhi-</strong></span> 
     </span>
    </p>
   </div>
   <div class='ocr_carea' id='block_1_27' title="bbox 1861 1654 3417 1725">
    <p class='ocr_par' dir='ltr' id='par_1_27' title="bbox 1861 1654 3417 1725">
     <span class='ocr_line' id='line_1_27' title="bbox 1861 1654 3417 1725; baseline -0.001 -16"><span class='ocrx_word' id='word_1_171' title='bbox 1861 1656 1979 1709; x_wconf 90' lang='lat' dir='ltr'><strong>bito</strong></span> <span class='ocrx_word' id='word_1_172' title='bbox 2014 1657 2242 1725; x_wconf 86' lang='lat' dir='ltr'><strong>insuper</strong></span> <span class='ocrx_word' id='word_1_173' title='bbox 2291 1657 2465 1710; x_wconf 75' lang='lat' dir='ltr'><strong>oneris</strong></span> <span class='ocrx_word' id='word_1_174' title='bbox 2504 1664 2553 1707; x_wconf 80' lang='lat' dir='ltr'><strong>et</strong></span> <span class='ocrx_word' id='word_1_175' title='bbox 2589 1654 2820 1708; x_wconf 72' lang='lat' dir='ltr'><strong>sarcina:</strong></span> <span class='ocrx_word' id='word_1_176' title='bbox 2856 1654 3097 1713; x_wconf 87' lang='lat' dir='ltr'><strong>nomine.</strong></span> <span class='ocrx_word' id='word_1_177' title='bbox 3132 1667 3243 1722; x_wconf 91' lang='lat' dir='ltr'><strong>quo</strong></span> <span class='ocrx_word' id='word_1_178' title='bbox 3285 1669 3417 1709; x_wconf 63' lang='grc' dir='ltr'>οων</span> 
     </span>
    </p>
   </div>
   <div class='ocr_carea' id='block_1_28' title="bbox 1857 1746 2584 1814">
    <p class='ocr_par' dir='ltr' id='par_1_28' title="bbox 1857 1746 2584 1814">
     <span class='ocr_line' id='line_1_28' title="bbox 1857 1746 2584 1814; baseline -0.001 -14"><span class='ocrx_word' id='word_1_179' title='bbox 1857 1747 2143 1801; x_wconf 78' lang='lat' dir='ltr'><strong>scientiam</strong></span> <span class='ocrx_word' id='word_1_180' title='bbox 2181 1746 2329 1799; x_wconf 92' lang='lat' dir='ltr'><strong>illius</strong></span> <span class='ocrx_word' id='word_1_181' title='bbox 2355 1756 2584 1814; x_wconf 88' lang='lat' dir='ltr'><strong>premat.</strong></span> 
     </span>
    </p>
   </div>
   <div class='ocr_carea' id='block_1_29' title="bbox 1927 1834 3418 1903">
    <p class='ocr_par' dir='ltr' id='par_1_29' title="bbox 1927 1834 3418 1903">
     <span class='ocr_line' id='line_1_29' title="bbox 1927 1834 3418 1903; baseline -0.006 -9"><span class='ocrx_word' id='word_1_182' title='bbox 1927 1838 2091 1894; x_wconf 75' lang='lat' dir='ltr'><strong>Vsus.</strong></span> <span class='ocrx_word' id='word_1_183' title='bbox 2141 1838 2261 1893; x_wconf 87' lang='lat'><strong>6-9.</strong></span> <span class='ocrx_word' id='word_1_184' title='bbox 2327 1855 2344 1889; x_wconf 80' lang='grc' dir='ltr'>ι</span> <span class='ocrx_word' id='word_1_185' title='bbox 2404 1838 2783 1891; x_wconf 85' lang='lat' dir='ltr'><strong>Communicet</strong></span> <span class='ocrx_word' id='word_1_186' title='bbox 2841 1844 3025 1890; x_wconf 88' lang='lat' dir='ltr'><strong>autem</strong></span> <span class='ocrx_word' id='word_1_187' title='bbox 3064 1834 3110 1890; x_wconf 91' lang='lat' dir='ltr'><strong>is</strong></span> <span class='ocrx_word' id='word_1_188' title='bbox 3142 1836 3234 1903; x_wconf 89' lang='lat' dir='ltr'><strong>qui</strong></span> <span class='ocrx_word' id='word_1_189' title='bbox 3267 1844 3418 1889; x_wconf 84' lang='lat' dir='ltr'><strong>cate-</strong></span> 
     </span>
    </p>
   </div>
   <div class='ocr_carea' id='block_1_30' title="bbox 194 1919 1860 2000">
    <p class='ocr_par' dir='ltr' id='par_1_30' title="bbox 194 1919 1860 2000">
     <span class='ocr_line' id='line_1_30' title="bbox 194 1919 1860 2000; baseline 0.007 -29"><span class='ocrx_word' id='word_1_190' title='bbox 194 1921 516 1990; x_wconf 81' lang='grc' dir='ltr'>κατηχοῦντι</span> <span class='ocrx_word' id='word_1_191' title='bbox 538 1924 596 1976; x_wconf 76' lang='grc' dir='ltr'>ἐν</span> <span class='ocrx_word' id='word_1_192' title='bbox 626 1926 789 1977; x_wconf 70' lang='grc' dir='ltr'>πᾶσιν</span> <span class='ocrx_word' id='word_1_193' title='bbox 818 1926 1061 1995; x_wconf 81' lang='grc' dir='ltr'>ἀγαθοῖς,</span> <span class='ocrx_word' id='word_1_194' title='bbox 1086 1929 1177 2000; x_wconf 81' lang='grc' dir='ltr'><strong>Μὴ</strong></span> <span class='ocrx_word' id='word_1_195' title='bbox 1207 1929 1502 1997; x_wconf 79' lang='grc' dir='ltr'>πλανᾶσθε,</span> <span class='ocrx_word' id='word_1_196' title='bbox 1534 1932 1664 1996; x_wconf 82' lang='grc' dir='ltr'>Θεὸς</span> <span class='ocrx_word' id='word_1_197' title='bbox 1684 1936 1744 1987; x_wconf 90' lang='grc' dir='ltr'><strong>ού</strong></span> <span class='ocrx_word' id='word_1_198' title='bbox 1780 1919 1819 1972; x_wconf 78' lang='grc' dir='ltr'>Β</span> <span class='ocrx_word' id='word_1_199' title='bbox 1848 1945 1860 1982; x_wconf 91' lang='lat' dir='ltr'><strong>t</strong></span> 
     </span>
    </p>
   </div>
   <div class='ocr_carea' id='block_1_31' title="bbox 1747 1919 3413 2000">
    <p class='ocr_par' dir='ltr' id='par_1_31' title="bbox 1780 1919 3413 1996">
     <span class='ocr_line' id='line_1_31' title="bbox 1780 1919 3413 1996; baseline -0.004 -13"><span class='ocrx_word' id='word_1_200' title='bbox 1780 1919 1819 1972; x_wconf 83' lang='grc' dir='ltr'>Β</span> <span class='ocrx_word' id='word_1_201' title='bbox 1848 1928 2098 1983; x_wconf 81' lang='lat' dir='ltr'><strong>chizatur</strong></span> <span class='ocrx_word' id='word_1_202' title='bbox 2124 1929 2311 1993; x_wconf 85' lang='lat' dir='ltr'><strong>verbo,</strong></span> <span class='ocrx_word' id='word_1_203' title='bbox 2341 1928 2390 1981; x_wconf 92' lang='lat' dir='ltr'><strong>ei</strong></span> <span class='ocrx_word' id='word_1_204' title='bbox 2447 1927 2540 1996; x_wconf 92' lang='lat' dir='ltr'><strong>qui</strong></span> <span class='ocrx_word' id='word_1_205' title='bbox 2576 1942 2633 1979; x_wconf 88' lang='lat' dir='ltr'><strong>se</strong></span> <span class='ocrx_word' id='word_1_206' title='bbox 2668 1926 2992 1984; x_wconf 80' lang='lat' dir='ltr'><strong>catechizat.</strong></span> <span class='ocrx_word' id='word_1_207' title='bbox 3035 1924 3089 1978; x_wconf 92' lang='lat' dir='ltr'><strong>in</strong></span> <span class='ocrx_word' id='word_1_208' title='bbox 3156 1926 3413 1979; x_wconf 74' lang='lat' dir='ltr'><strong>omnibus</strong></span> 
     </span>
    </p>
   </div>
   <div class='ocr_carea' id='block_1_32' title="bbox 195 2008 1748 2090">
    <p class='ocr_par' dir='ltr' id='par_1_32' title="bbox 195 2008 1748 2090">
     <span class='ocr_line' id='line_1_32' title="bbox 195 2008 1748 2090; baseline 0.013 -33"><span class='ocrx_word' id='word_1_209' title='bbox 195 2008 607 2078; x_wconf 77' lang='grc' dir='ltr'>μυκτηρίζεται.</span> <span class='ocrx_word' id='word_1_210' title='bbox 651 2013 715 2064; x_wconf 84' lang='grc' dir='ltr'><strong>’Ὀ</strong></span> <span class='ocrx_word' id='word_1_211' title='bbox 746 2014 852 2084; x_wconf 75' lang='grc' dir='ltr'>γὰρ</span> <span class='ocrx_word' id='word_1_212' title='bbox 898 2016 993 2067; x_wconf 78' lang='grc' dir='ltr'>ἐὰν</span> <span class='ocrx_word' id='word_1_213' title='bbox 1025 2017 1222 2089; x_wconf 80' lang='grc' dir='ltr'>σπείρῃ</span> <span class='ocrx_word' id='word_1_214' title='bbox 1256 2018 1561 2090; x_wconf 76' lang='grc' dir='ltr'>ἄνθρωπος,</span> <span class='ocrx_word' id='word_1_215' title='bbox 1590 2022 1748 2077; x_wconf 74' lang='grc' dir='ltr'>τοῦτο</span> 
     </span>
    </p>
   </div>
   <div class='ocr_carea' id='block_1_33' title="bbox 188 2098 1745 2183">
    <p class='ocr_par' dir='ltr' id='par_1_33' title="bbox 188 2098 1745 2183">
     <span class='ocr_line' id='line_1_33' title="bbox 188 2098 1745 2183; baseline 0.011 -32"><span class='ocrx_word' id='word_1_216' title='bbox 188 2100 283 2152; x_wconf 76' lang='grc' dir='ltr'>καὶ</span> <span class='ocrx_word' id='word_1_217' title='bbox 309 2098 535 2170; x_wconf 89' lang='grc' dir='ltr'>θερίσει.</span> <span class='ocrx_word' id='word_1_218' title='bbox 571 2102 693 2156; x_wconf 85' lang='grc' dir='ltr'>Ὅτι</span> <span class='ocrx_word' id='word_1_219' title='bbox 723 2103 751 2156; x_wconf 87' lang='lat'><strong>6</strong></span> <span class='ocrx_word' id='word_1_220' title='bbox 779 2107 1019 2177; x_wconf 84' lang='grc' dir='ltr'>σπείρων</span> <span class='ocrx_word' id='word_1_221' title='bbox 1053 2111 1132 2173; x_wconf 86' lang='grc' dir='ltr'><strong>είς</strong></span> <span class='ocrx_word' id='word_1_222' title='bbox 1180 2111 1280 2182; x_wconf 85' lang='grc' dir='ltr'>τὴν</span> <span class='ocrx_word' id='word_1_223' title='bbox 1311 2112 1489 2183; x_wconf 83' lang='grc' dir='ltr'>σάρκα</span> <span class='ocrx_word' id='word_1_224' title='bbox 1516 2114 1709 2167; x_wconf 77' lang='grc' dir='ltr'>ἑαυτοῦ</span> <span class='ocrx_word' id='word_1_225' title='bbox 1729 2155 1745 2180; x_wconf 92' lang='grc'><strong>,</strong></span> 
     </span>
    </p>
   </div>
   <div class='ocr_carea' id='block_1_34' title="bbox 190 2192 1749 2277">
    <p class='ocr_par' dir='ltr' id='par_1_34' title="bbox 190 2192 1749 2277">
     <span class='ocr_line' id='line_1_34' title="bbox 190 2192 1749 2277; baseline 0.012 -35"><span class='ocrx_word' id='word_1_226' title='bbox 190 2192 253 2243; x_wconf 74' lang='grc' dir='ltr'>ἐκ</span> <span class='ocrx_word' id='word_1_227' title='bbox 276 2192 378 2261; x_wconf 82' lang='grc' dir='ltr'>τῆς</span> <span class='ocrx_word' id='word_1_228' title='bbox 411 2193 609 2263; x_wconf 73' lang='grc' dir='ltr'>σαρκὸς</span> <span class='ocrx_word' id='word_1_229' title='bbox 629 2195 830 2266; x_wconf 80' lang='grc' dir='ltr'>θερίσει</span> <span class='ocrx_word' id='word_1_230' title='bbox 861 2199 1085 2269; x_wconf 84' lang='grc' dir='ltr'>φθοράν.</span> <span class='ocrx_word' id='word_1_231' title='bbox 1128 2203 1187 2256; x_wconf 89' lang='lat'><strong>&#39;0</strong></span> <span class='ocrx_word' id='word_1_232' title='bbox 1223 2204 1281 2257; x_wconf 80' lang='grc' dir='ltr'>δὲ</span> <span class='ocrx_word' id='word_1_233' title='bbox 1311 2206 1549 2277; x_wconf 86' lang='grc' dir='ltr'>σπείρων</span> <span class='ocrx_word' id='word_1_234' title='bbox 1585 2207 1664 2271; x_wconf 77' lang='grc' dir='ltr'><strong>εἰς</strong></span> <span class='ocrx_word' id='word_1_235' title='bbox 1688 2207 1749 2260; x_wconf 81' lang='grc' dir='ltr'>τὸ</span> 
     </span>
    </p>
   </div>
   <div class='ocr_carea' id='block_1_35' title="bbox 189 2284 1748 2368">
    <p class='ocr_par' dir='ltr' id='par_1_35' title="bbox 189 2284 1748 2368">
     <span class='ocr_line' id='line_1_35' title="bbox 189 2284 1748 2368; baseline 0.013 -35"><span class='ocrx_word' id='word_1_236' title='bbox 189 2284 427 2351; x_wconf 82' lang='grc' dir='ltr'>πνεῦμα,</span> <span class='ocrx_word' id='word_1_237' title='bbox 459 2285 520 2337; x_wconf 82' lang='grc' dir='ltr'>ὲκ</span> <span class='ocrx_word' id='word_1_238' title='bbox 555 2287 646 2339; x_wconf 77' lang='grc' dir='ltr'>τοῦ</span> <span class='ocrx_word' id='word_1_239' title='bbox 674 2290 983 2358; x_wconf 83' lang='grc' dir='ltr'>πνεύματος</span> <span class='ocrx_word' id='word_1_240' title='bbox 1006 2292 1209 2364; x_wconf 82' lang='grc' dir='ltr'>θερίσει</span> <span class='ocrx_word' id='word_1_241' title='bbox 1238 2296 1384 2368; x_wconf 74' lang='grc' dir='ltr'>ζωὴν</span> <span class='ocrx_word' id='word_1_242' title='bbox 1415 2297 1657 2363; x_wconf 74' lang='grc' dir='ltr'>αἰώνιον,</span> <span class='ocrx_word' id='word_1_243' title='bbox 1687 2299 1748 2352; x_wconf 84' lang='grc' dir='ltr'><strong>τὸ</strong></span> 
     </span>
    </p>
   </div>
   <div class='ocr_carea' id='block_1_36' title="bbox 188 2374 1291 2455">
    <p class='ocr_par' dir='ltr' id='par_1_36' title="bbox 188 2374 1291 2455">
     <span class='ocr_line' id='line_1_36' title="bbox 188 2374 1291 2455; baseline 0.013 -31"><span class='ocrx_word' id='word_1_244' title='bbox 188 2374 241 2426; x_wconf 67' lang='grc' dir='ltr'>δὲ</span> <span class='ocrx_word' id='word_1_245' title='bbox 272 2375 437 2426; x_wconf 88' lang='grc' dir='ltr'>καλὸν</span> <span class='ocrx_word' id='word_1_246' title='bbox 466 2377 762 2443; x_wconf 79' lang='grc' dir='ltr'>ποιοῦντες,</span> <span class='ocrx_word' id='word_1_247' title='bbox 795 2382 870 2452; x_wconf 80' lang='grc' dir='ltr'>μὴ</span> <span class='ocrx_word' id='word_1_248' title='bbox 895 2385 1237 2455; x_wconf 82' lang='grc' dir='ltr'>ὲκκακώμεν.</span> <span class='ocrx_word' id='word_1_249' title='bbox 1271 2405 1291 2438; x_wconf 70' lang='grc' dir='ltr'><strong>ι</strong></span> 
     </span>
    </p>
   </div>
   <div class='ocr_carea' id='block_1_37' title="bbox 268 2550 1747 2633">
    <p class='ocr_par' dir='ltr' id='par_1_37' title="bbox 268 2550 1747 2633">
     <span class='ocr_line' id='line_1_37' title="bbox 268 2550 1747 2633; baseline 0.011 -31"><span class='ocrx_word' id='word_1_250' title='bbox 268 2550 536 2605; x_wconf 81' lang='grc' dir='ltr'>Ἐνταῦθα</span> <span class='ocrx_word' id='word_1_251' title='bbox 558 2554 687 2622; x_wconf 77' lang='grc' dir='ltr'>περὶ</span> <span class='ocrx_word' id='word_1_252' title='bbox 709 2554 819 2607; x_wconf 86' lang='grc' dir='ltr'>τῶν</span> <span class='ocrx_word' id='word_1_253' title='bbox 838 2554 1173 2611; x_wconf 83' lang='grc' dir='ltr'>διδασκάλων</span> <span class='ocrx_word' id='word_1_254' title='bbox 1203 2560 1363 2615; x_wconf 90' lang='grc' dir='ltr'>πάλιν</span> <span class='ocrx_word' id='word_1_255' title='bbox 1391 2564 1420 2616; x_wconf 88' lang='lat'><strong>6</strong></span> <span class='ocrx_word' id='word_1_256' title='bbox 1463 2564 1619 2633; x_wconf 84' lang='grc' dir='ltr'>λόγος</span> <span class='ocrx_word' id='word_1_257' title='bbox 1650 2565 1747 2619; x_wconf 90' lang='grc' dir='ltr'>αύ-</span> 
     </span>
    </p>
   </div>
   <div class='ocr_carea' id='block_1_38' title="bbox 186 2640 1747 2727">
    <p class='ocr_par' dir='ltr' id='par_1_38' title="bbox 186 2640 1747 2727">
     <span class='ocr_line' id='line_1_38' title="bbox 186 2640 1747 2727; baseline 0.012 -34"><span class='ocrx_word' id='word_1_258' title='bbox 186 2640 284 2712; x_wconf 83' lang='grc' dir='ltr'>τῷ,</span> <span class='ocrx_word' id='word_1_259' title='bbox 312 2643 455 2696; x_wconf 85' lang='grc' dir='ltr'>ὥστε</span> <span class='ocrx_word' id='word_1_260' title='bbox 490 2645 692 2716; x_wconf 84' lang='grc' dir='ltr'>πολλῆς</span> <span class='ocrx_word' id='word_1_261' title='bbox 729 2647 1021 2701; x_wconf 84' lang='grc' dir='ltr'>ἀπολαύειν</span> <span class='ocrx_word' id='word_1_262' title='bbox 1050 2650 1201 2719; x_wconf 76' lang='grc' dir='ltr'>παρά</span> <span class='ocrx_word' id='word_1_263' title='bbox 1225 2652 1333 2704; x_wconf 86' lang='grc' dir='ltr'><strong>τῶν</strong></span> <span class='ocrx_word' id='word_1_264' title='bbox 1378 2655 1747 2727; x_wconf 81' lang='grc' dir='ltr'>μαθητευομέ-</span> 
     </span>
    </p>
   </div>
   <div class='ocr_carea' id='block_1_39' title="bbox 187 2734 1743 2817">
    <p class='ocr_par' dir='ltr' id='par_1_39' title="bbox 187 2734 1743 2817">
     <span class='ocr_line' id='line_1_39' title="bbox 187 2734 1743 2817; baseline 0.01 -31"><span class='ocrx_word' id='word_1_265' title='bbox 187 2753 292 2786; x_wconf 90' lang='grc' dir='ltr'><strong>νων</strong></span> <span class='ocrx_word' id='word_1_266' title='bbox 339 2734 657 2806; x_wconf 82' lang='grc' dir='ltr'>θεραπείας.</span> <span class='ocrx_word' id='word_1_267' title='bbox 688 2739 855 2792; x_wconf 74' lang='grc' dir='ltr'>Τοῦτο</span> <span class='ocrx_word' id='word_1_268' title='bbox 907 2742 1001 2793; x_wconf 73' lang='grc' dir='ltr'>καὶ</span> <span class='ocrx_word' id='word_1_269' title='bbox 1029 2744 1057 2795; x_wconf 88' lang='lat'><strong>6</strong></span> <span class='ocrx_word' id='word_1_270' title='bbox 1086 2744 1318 2810; x_wconf 79' lang='grc' dir='ltr'>Χριστὸς</span> <span class='ocrx_word' id='word_1_271' title='bbox 1366 2745 1743 2817; x_wconf 78' lang='grc' dir='ltr'>ἐνομοθέτησε.</span> 
     </span>
    </p>
   </div>
   <div class='ocr_carea' id='block_1_40' title="bbox 188 2823 1745 2909">
    <p class='ocr_par' dir='ltr' id='par_1_40' title="bbox 188 2823 1745 2909">
     <span class='ocr_line' id='line_1_40' title="bbox 188 2823 1745 2909; baseline 0.01 -32"><span class='ocrx_word' id='word_1_272' title='bbox 188 2824 296 2877; x_wconf 76' lang='grc' dir='ltr'><strong>Καὶ</strong></span> <span class='ocrx_word' id='word_1_273' title='bbox 321 2823 409 2876; x_wconf 79' lang='grc' dir='ltr'><strong>διὰ</strong></span> <span class='ocrx_word' id='word_1_274' title='bbox 432 2826 484 2877; x_wconf 90' lang='grc' dir='ltr'><strong>τί</strong></span> <span class='ocrx_word' id='word_1_275' title='bbox 509 2844 524 2891; x_wconf 90' lang='grc'>;</span> <span class='ocrx_word' id='word_1_276' title='bbox 556 2828 738 2884; x_wconf 80' lang='grc' dir='ltr'>ἄκουε.</span> <span class='ocrx_word' id='word_1_277' title='bbox 782 2828 999 2901; x_wconf 84' lang='grc' dir='ltr'>Ἐπειδὴ</span> <span class='ocrx_word' id='word_1_278' title='bbox 1037 2831 1097 2883; x_wconf 78' lang='grc' dir='ltr'>τὸ</span> <span class='ocrx_word' id='word_1_279' title='bbox 1124 2832 1503 2887; x_wconf 82' lang='grc' dir='ltr'>διδασκαλικὸν</span> <span class='ocrx_word' id='word_1_280' title='bbox 1530 2837 1745 2909; x_wconf 82' lang='grc' dir='ltr'>ἀξίωμα</span> 
     </span>
    </p>
   </div>
   <div class='ocr_carea' id='block_1_41' title="bbox 194 2916 1747 2991">
    <p class='ocr_par' dir='ltr' id='par_1_41' title="bbox 194 2916 1747 2991">
     <span class='ocr_line' id='line_1_41' title="bbox 194 2916 1747 2991; baseline 0.012 -25"><span class='ocrx_word' id='word_1_281' title='bbox 194 2916 450 2980; x_wconf 75' lang='grc' dir='ltr'>πολλάκις</span> <span class='ocrx_word' id='word_1_282' title='bbox 477 2918 758 2988; x_wconf 83' lang='grc' dir='ltr'>κατεφύσα</span> <span class='ocrx_word' id='word_1_283' title='bbox 790 2923 915 2985; x_wconf 82' lang='grc' dir='ltr'>τοὺς</span> <span class='ocrx_word' id='word_1_284' title='bbox 952 2923 1193 2991; x_wconf 76' lang='grc' dir='ltr'>ἔχοντας,</span> <span class='ocrx_word' id='word_1_285' title='bbox 1228 2928 1547 2981; x_wconf 86' lang='grc' dir='ltr'>καταπαίων</span> <span class='ocrx_word' id='word_1_286' title='bbox 1568 2931 1747 2984; x_wconf 85' lang='grc' dir='ltr'>αὐτῶν</span> 
     </span>
    </p>
   </div>
   <div class='ocr_carea' id='block_1_42' title="bbox 186 3007 1747 3085">
    <p class='ocr_par' dir='ltr' id='par_1_42' title="bbox 186 3007 1747 3085">
     <span class='ocr_line' id='line_1_42' title="bbox 186 3007 1747 3085; baseline 0.009 -26"><span class='ocrx_word' id='word_1_287' title='bbox 186 3007 246 3059; x_wconf 75' lang='grc' dir='ltr'><strong>τὸ</strong></span> <span class='ocrx_word' id='word_1_288' title='bbox 277 3010 557 3079; x_wconf 86' lang='grc' dir='ltr'>φρόνημα,</span> <span class='ocrx_word' id='word_1_289' title='bbox 593 3012 671 3073; x_wconf 86' lang='grc' dir='ltr'><strong>είς</strong></span> <span class='ocrx_word' id='word_1_290' title='bbox 700 3012 941 3082; x_wconf 86' lang='grc' dir='ltr'>ἀνάγκην</span> <span class='ocrx_word' id='word_1_291' title='bbox 969 3014 1164 3077; x_wconf 78' lang='grc' dir='ltr'>αὐτοὺς</span> <span class='ocrx_word' id='word_1_292' title='bbox 1188 3016 1485 3085; x_wconf 88' lang='grc' dir='ltr'>κατέστησε</span> <span class='ocrx_word' id='word_1_293' title='bbox 1512 3017 1609 3071; x_wconf 78' lang='grc' dir='ltr'>τοῦ</span> <span class='ocrx_word' id='word_1_294' title='bbox 1638 3020 1747 3073; x_wconf 81' lang='grc' dir='ltr'>δεῖ-</span> 
     </span>
    </p>
   </div>
   <div class='ocr_carea' id='block_1_43' title="bbox 188 3098 1751 3182">
    <p class='ocr_par' dir='ltr' id='par_1_43' title="bbox 188 3098 1751 3182">
     <span class='ocr_line' id='line_1_43' title="bbox 188 3098 1751 3182; baseline 0.01 -33"><span class='ocrx_word' id='word_1_295' title='bbox 188 3098 313 3152; x_wconf 85' lang='grc' dir='ltr'>σθαι</span> <span class='ocrx_word' id='word_1_296' title='bbox 348 3101 456 3152; x_wconf 84' lang='grc' dir='ltr'>τῶν</span> <span class='ocrx_word' id='word_1_297' title='bbox 488 3099 959 3171; x_wconf 81' lang='grc' dir='ltr'>μαθητευομὲνων,</span> <span class='ocrx_word' id='word_1_298' title='bbox 986 3106 1270 3170; x_wconf 82' lang='grc' dir='ltr'>κάκείνους</span> <span class='ocrx_word' id='word_1_299' title='bbox 1296 3107 1455 3160; x_wconf 80' lang='grc' dir='ltr'>πάλιν</span> <span class='ocrx_word' id='word_1_300' title='bbox 1479 3111 1559 3173; x_wconf 89' lang='grc' dir='ltr'><strong>είς</strong></span> <span class='ocrx_word' id='word_1_301' title='bbox 1578 3111 1751 3182; x_wconf 83' lang='grc' dir='ltr'>ἀφορ-</span> 
     </span>
    </p>
   </div>
   <div class='ocr_carea' id='block_1_44' title="bbox 188 3187 1750 3269">
    <p class='ocr_par' dir='ltr' id='par_1_44' title="bbox 188 3187 1750 3269">
     <span class='ocr_line' id='line_1_44' title="bbox 188 3187 1750 3269; baseline 0.012 -32"><span class='ocrx_word' id='word_1_302' title='bbox 188 3187 294 3258; x_wconf 79' lang='grc' dir='ltr'>μὴν</span> <span class='ocrx_word' id='word_1_303' title='bbox 349 3189 555 3259; x_wconf 71' lang='grc' dir='ltr'>ἤγαγεν</span> <span class='ocrx_word' id='word_1_304' title='bbox 604 3192 697 3244; x_wconf 79' lang='grc' dir='ltr'><strong>τοῦ</strong></span> <span class='ocrx_word' id='word_1_305' title='bbox 728 3194 862 3261; x_wconf 80' lang='grc' dir='ltr'>πρὸς</span> <span class='ocrx_word' id='word_1_306' title='bbox 890 3195 1143 3248; x_wconf 85' lang='grc' dir='ltr'>εὐποιίαν</span> <span class='ocrx_word' id='word_1_307' title='bbox 1173 3198 1568 3268; x_wconf 80' lang='grc' dir='ltr'>εὐκολωτέρους</span> <span class='ocrx_word' id='word_1_308' title='bbox 1605 3201 1750 3269; x_wconf 89' lang='grc' dir='ltr'>γίνε-</span> 
     </span>
    </p>
   </div>
   <div class='ocr_carea' id='block_1_45' title="bbox 187 3281 1748 3363">
    <p class='ocr_par' dir='ltr' id='par_1_45' title="bbox 187 3281 1748 3363">
     <span class='ocr_line' id='line_1_45' title="bbox 187 3281 1748 3363; baseline 0.01 -30"><span class='ocrx_word' id='word_1_309' title='bbox 187 3281 334 3345; x_wconf 87' lang='grc' dir='ltr'>σθαι,</span> <span class='ocrx_word' id='word_1_310' title='bbox 375 3284 665 3353; x_wconf 78' lang='grc' dir='ltr'>γυμνάζων</span> <span class='ocrx_word' id='word_1_311' title='bbox 708 3288 903 3351; x_wconf 74' lang='grc' dir='ltr'>αὐτοὺς</span> <span class='ocrx_word' id='word_1_312' title='bbox 960 3290 1196 3361; x_wconf 81' lang='grc' dir='ltr'>ἡμέρους</span> <span class='ocrx_word' id='word_1_313' title='bbox 1226 3289 1382 3345; x_wconf 84' lang='grc' dir='ltr'>εἶναι.</span> <span class='ocrx_word' id='word_1_314' title='bbox 1412 3294 1549 3363; x_wconf 71' lang='grc' dir='ltr'>Φησὶ</span> <span class='ocrx_word' id='word_1_315' title='bbox 1572 3293 1647 3356; x_wconf 88' lang='grc' dir='ltr'><strong>δὲ,</strong></span> <span class='ocrx_word' id='word_1_316' title='bbox 1679 3296 1748 3348; x_wconf 83' lang='grc' dir='ltr'><strong>ἐν</strong></span> 
     </span>
    </p>
   </div>
   <div class='ocr_carea' id='block_1_46' title="bbox 184 3369 1747 3447">
    <p class='ocr_par' dir='ltr' id='par_1_46' title="bbox 184 3369 1747 3447">
     <span class='ocr_line' id='line_1_46' title="bbox 184 3369 1747 3447; baseline 0.01 -25"><span class='ocrx_word' id='word_1_317' title='bbox 184 3369 380 3427; x_wconf 77' lang='grc' dir='ltr'>πᾶσιν</span> <span class='ocrx_word' id='word_1_318' title='bbox 410 3374 682 3441; x_wconf 71' lang='grc' dir='ltr'>ἀγαθοῖς,</span> <span class='ocrx_word' id='word_1_319' title='bbox 725 3376 864 3430; x_wconf 86' lang='grc' dir='ltr'>ὥστε</span> <span class='ocrx_word' id='word_1_320' title='bbox 899 3380 1077 3432; x_wconf 74' lang='grc' dir='ltr'>πᾶσαν</span> <span class='ocrx_word' id='word_1_321' title='bbox 1109 3379 1510 3434; x_wconf 79' lang='grc' dir='ltr'>ἐπιδείκνυσθαι</span> <span class='ocrx_word' id='word_1_322' title='bbox 1548 3385 1628 3447; x_wconf 89' lang='grc' dir='ltr'><strong>είς</strong></span> <span class='ocrx_word' id='word_1_323' title='bbox 1652 3386 1747 3438; x_wconf 84' lang='grc' dir='ltr'>αύ-</span> 
     </span>
    </p>
   </div>
   <div class='ocr_carea' id='block_1_47' title="bbox 186 3464 636 3534">
    <p class='ocr_par' dir='ltr' id='par_1_47' title="bbox 186 3464 636 3534">
     <span class='ocr_line' id='line_1_47' title="bbox 186 3464 636 3534; baseline 0.009 -19"><span class='ocrx_word' id='word_1_324' title='bbox 186 3464 313 3527; x_wconf 85' lang='grc' dir='ltr'>τοὺς</span> <span class='ocrx_word' id='word_1_325' title='bbox 341 3464 636 3534; x_wconf 75' lang='grc' dir='ltr'>δαψίλειαν.</span> 
     </span>
    </p>
   </div>
   <div class='ocr_carea' id='block_1_48' title="bbox 264 3643 1667 3719">
    <p class='ocr_par' dir='ltr' id='par_1_48' title="bbox 264 3643 1667 3719">
     <span class='ocr_line' id='line_1_48' title="bbox 264 3643 1667 3719; baseline 0.006 -24"><span class='ocrx_word' id='word_1_326' title='bbox 264 3662 284 3695; x_wconf 75' lang='grc' dir='ltr'><strong>ι</strong></span> <span class='ocrx_word' id='word_1_327' title='bbox 319 3643 510 3713; x_wconf 75' lang='grc' dir='ltr'>Καιρῷ</span> <span class='ocrx_word' id='word_1_328' title='bbox 540 3644 647 3713; x_wconf 84' lang='grc' dir='ltr'><strong>γάρ</strong></span> <span class='ocrx_word' id='word_1_329' title='bbox 683 3645 793 3713; x_wconf 78' lang='grc' dir='ltr'>ἰδίῳ</span> <span class='ocrx_word' id='word_1_330' title='bbox 821 3644 1125 3715; x_wconf 81' lang='grc' dir='ltr'>θερίσομεν,</span> <span class='ocrx_word' id='word_1_331' title='bbox 1159 3648 1233 3717; x_wconf 70' lang='grc' dir='ltr'>μὴ</span> <span class='ocrx_word' id='word_1_332' title='bbox 1266 3649 1599 3719; x_wconf 78' lang='grc' dir='ltr'>ἐκλυόμενοι.</span> <span class='ocrx_word' id='word_1_333' title='bbox 1649 3668 1667 3699; x_wconf 74' lang='grc' dir='ltr'>ι</span> 
     </span>
    </p>
   </div>
   <div class='ocr_carea' id='block_1_49' title="bbox 256 3734 1748 3811">
    <p class='ocr_par' dir='ltr' id='par_1_49' title="bbox 256 3734 1748 3811">
     <span class='ocr_line' id='line_1_49' title="bbox 256 3734 1748 3811; baseline 0.005 -26"><span class='ocrx_word' id='word_1_334' title='bbox 256 3735 367 3803; x_wconf 69' lang='grc' dir='ltr'>Οὐχ</span> <span class='ocrx_word' id='word_1_335' title='bbox 400 3734 591 3805; x_wconf 75' lang='grc' dir='ltr'>ὥσπερ</span> <span class='ocrx_word' id='word_1_336' title='bbox 624 3737 651 3787; x_wconf 93' lang='lat'><strong>6</strong></span> <span class='ocrx_word' id='word_1_337' title='bbox 682 3738 939 3805; x_wconf 76' lang='grc' dir='ltr'>σαρκικδς</span> <span class='ocrx_word' id='word_1_338' title='bbox 983 3738 1205 3808; x_wconf 81' lang='grc' dir='ltr'>ἄπορος,</span> <span class='ocrx_word' id='word_1_339' title='bbox 1237 3741 1389 3808; x_wconf 76' lang='grc' dir='ltr'>φησὶ,</span> <span class='ocrx_word' id='word_1_340' title='bbox 1443 3742 1537 3794; x_wconf 79' lang='grc' dir='ltr'>καὶ</span> <span class='ocrx_word' id='word_1_341' title='bbox 1587 3742 1645 3793; x_wconf 75' lang='grc' dir='ltr'>ἐν</span> <span class='ocrx_word' id='word_1_342' title='bbox 1672 3740 1748 3811; x_wconf 81' lang='grc' dir='ltr'>τῷ</span> 
     </span>
    </p>
   </div>
   <div class='ocr_carea' id='block_1_50' title="bbox 186 3826 1745 3903">
    <p class='ocr_par' dir='ltr' id='par_1_50' title="bbox 186 3826 1745 3903">
     <span class='ocr_line' id='line_1_50' title="bbox 186 3826 1745 3903; baseline 0.004 -24"><span class='ocrx_word' id='word_1_343' title='bbox 186 3826 387 3896; x_wconf 81' lang='grc' dir='ltr'>ἀμητῷ</span> <span class='ocrx_word' id='word_1_344' title='bbox 420 3827 585 3879; x_wconf 74' lang='grc' dir='ltr'>πολὺν</span> <span class='ocrx_word' id='word_1_345' title='bbox 614 3827 725 3895; x_wconf 78' lang='grc' dir='ltr'>ἔχει</span> <span class='ocrx_word' id='word_1_346' title='bbox 762 3828 949 3891; x_wconf 84' lang='grc' dir='ltr'>κόπον,</span> <span class='ocrx_word' id='word_1_347' title='bbox 990 3830 1130 3882; x_wconf 80' lang='grc' dir='ltr'>οὕτω</span> <span class='ocrx_word' id='word_1_348' title='bbox 1153 3832 1246 3883; x_wconf 75' lang='grc' dir='ltr'><strong>καὶ</strong></span> <span class='ocrx_word' id='word_1_349' title='bbox 1281 3832 1311 3883; x_wconf 85' lang='grc' dir='ltr'>ὁ</span> <span class='ocrx_word' id='word_1_350' title='bbox 1359 3832 1745 3903; x_wconf 81' lang='grc' dir='ltr'>πνευματικὸς,</span> 
     </span>
    </p>
   </div>
   <div class='ocr_carea' id='block_1_51' title="bbox 186 3919 1171 3992">
    <p class='ocr_par' dir='ltr' id='par_1_51' title="bbox 186 3919 1171 3992">
     <span class='ocr_line' id='line_1_51' title="bbox 186 3919 1171 3992; baseline 0.002 -19"><span class='ocrx_word' id='word_1_351' title='bbox 186 3920 302 3973; x_wconf 84' lang='grc' dir='ltr'>ἀλλ’</span> <span class='ocrx_word' id='word_1_352' title='bbox 330 3921 388 3972; x_wconf 77' lang='grc' dir='ltr'>ὲν</span> <span class='ocrx_word' id='word_1_353' title='bbox 416 3919 716 3972; x_wconf 79' lang='grc' dir='ltr'>ἀναπαύσει</span> <span class='ocrx_word' id='word_1_354' title='bbox 753 3920 961 3988; x_wconf 83' lang='grc' dir='ltr'>γίνεται</span> <span class='ocrx_word' id='word_1_355' title='bbox 982 3922 1171 3992; x_wconf 82' lang='grc' dir='ltr'>πολλῇ.</span> 
     </span>
    </p>
   </div>
   <div class='ocr_carea' id='block_1_52' title="bbox 265 4108 1751 4183">
    <p class='ocr_par' dir='ltr' id='par_1_52' title="bbox 265 4108 1751 4183">
     <span class='ocr_line' id='line_1_52' title="bbox 265 4108 1751 4183; baseline 0.003 -21"><span class='ocrx_word' id='word_1_356' title='bbox 265 4127 287 4162; x_wconf 71' lang='grc' dir='ltr'>ι</span> <span class='ocrx_word' id='word_1_357' title='bbox 338 4108 497 4162; x_wconf 79' lang='grc' dir='ltr'>Ἀλλά</span> <span class='ocrx_word' id='word_1_358' title='bbox 523 4108 616 4162; x_wconf 79' lang='grc' dir='ltr'><strong>οὖν</strong></span> <span class='ocrx_word' id='word_1_359' title='bbox 649 4109 724 4171; x_wconf 83' lang='grc' dir='ltr'>ὡς</span> <span class='ocrx_word' id='word_1_360' title='bbox 773 4110 962 4179; x_wconf 83' lang='grc' dir='ltr'>καιρὸν</span> <span class='ocrx_word' id='word_1_361' title='bbox 1011 4110 1224 4180; x_wconf 77' lang='grc' dir='ltr'>ἔχομεν,</span> <span class='ocrx_word' id='word_1_362' title='bbox 1286 4113 1646 4183; x_wconf 76' lang='grc' dir='ltr'>ἐργαζώμεθα</span> <span class='ocrx_word' id='word_1_363' title='bbox 1688 4113 1751 4166; x_wconf 84' lang='grc' dir='ltr'><strong>τὸ</strong></span> 
     </span>
    </p>
   </div>
   <div class='ocr_carea' id='block_1_53' title="bbox 188 4200 1750 4276">
    <p class='ocr_par' dir='ltr' id='par_1_53' title="bbox 188 4200 1750 4276">
     <span class='ocr_line' id='line_1_53' title="bbox 188 4200 1750 4276; baseline 0.003 -22"><span class='ocrx_word' id='word_1_364' title='bbox 188 4200 393 4268; x_wconf 74' lang='grc' dir='ltr'>ἀγαθὸν</span> <span class='ocrx_word' id='word_1_365' title='bbox 419 4200 549 4270; x_wconf 82' lang='grc' dir='ltr'>πρὸς</span> <span class='ocrx_word' id='word_1_366' title='bbox 568 4201 795 4265; x_wconf 85' lang='grc' dir='ltr'>πάντας,</span> <span class='ocrx_word' id='word_1_367' title='bbox 833 4201 1064 4270; x_wconf 83' lang='grc' dir='ltr'>μάλιστα</span> <span class='ocrx_word' id='word_1_368' title='bbox 1099 4202 1232 4272; x_wconf 85' lang='grc' dir='ltr'>πρὸς</span> <span class='ocrx_word' id='word_1_369' title='bbox 1256 4206 1379 4267; x_wconf 73' lang='grc' dir='ltr'>τοὺς</span> <span class='ocrx_word' id='word_1_370' title='bbox 1403 4206 1634 4269; x_wconf 81' lang='grc' dir='ltr'>οἰκείους</span> <span class='ocrx_word' id='word_1_371' title='bbox 1651 4205 1750 4276; x_wconf 85' lang='grc' dir='ltr'>τῆς</span> 
     </span>
    </p>
   </div>
   <div class='ocr_carea' id='block_1_54' title="bbox 189 4293 1395 4363">
    <p class='ocr_par' dir='ltr' id='par_1_54' title="bbox 189 4293 1395 4363">
     <span class='ocr_line' id='line_1_54' title="bbox 189 4293 1395 4363; baseline -0.001 -19"><span class='ocrx_word' id='word_1_372' title='bbox 189 4293 446 4354; x_wconf 78' lang='grc' dir='ltr'>πίστεως.</span> <span class='ocrx_word' id='word_1_373' title='bbox 480 4310 499 4343; x_wconf 75' lang='grc' dir='ltr'><strong>ι</strong></span> <span class='ocrx_word' id='word_1_374' title='bbox 1394 4360 1395 4363; x_wconf 15' lang='grc' dir='ltr'><strong>η</strong></span> 
     </span>
    </p>
   </div>
   <div class='ocr_carea' id='block_1_55' title="bbox 259 4384 1750 4458">
    <p class='ocr_par' dir='ltr' id='par_1_55' title="bbox 259 4384 1750 4458">
     <span class='ocr_line' id='line_1_55' title="bbox 259 4384 1750 4458; baseline 0.003 -20"><span class='ocrx_word' id='word_1_375' title='bbox 259 4386 437 4453; x_wconf 87' lang='grc' dir='ltr'>Τάχος</span> <span class='ocrx_word' id='word_1_376' title='bbox 486 4385 579 4436; x_wconf 77' lang='grc' dir='ltr'><strong>καὶ</strong></span> <span class='ocrx_word' id='word_1_377' title='bbox 609 4384 840 4455; x_wconf 82' lang='grc' dir='ltr'>σπουδὴν</span> <span class='ocrx_word' id='word_1_378' title='bbox 866 4385 994 4453; x_wconf 73' lang='grc' dir='ltr'>περὶ</span> <span class='ocrx_word' id='word_1_379' title='bbox 1026 4384 1124 4455; x_wconf 83' lang='grc' dir='ltr'>τὴν</span> <span class='ocrx_word' id='word_1_380' title='bbox 1167 4385 1535 4457; x_wconf 76' lang='grc' dir='ltr'>ἐλεημοσύνην</span> <span class='ocrx_word' id='word_1_381' title='bbox 1568 4390 1750 4458; x_wconf 80' lang='grc' dir='ltr'>εἰσφέ-</span> 
     </span>
    </p>
   </div>
   <div class='ocr_carea' id='block_1_56' title="bbox 192 4476 1749 4547">
    <p class='ocr_par' dir='ltr' id='par_1_56' title="bbox 192 4476 1749 4547">
     <span class='ocr_line' id='line_1_56' title="bbox 192 4476 1749 4547; baseline 0.004 -18"><span class='ocrx_word' id='word_1_382' title='bbox 192 4494 310 4547; x_wconf 88' lang='grc' dir='ltr'>ρειν</span> <span class='ocrx_word' id='word_1_383' title='bbox 366 4476 816 4546; x_wconf 82' lang='grc' dir='ltr'>παρακελεύεται.</span> <span class='ocrx_word' id='word_1_384' title='bbox 871 4477 1008 4530; x_wconf 78' lang='grc' dir='ltr'>Ούτε</span> <span class='ocrx_word' id='word_1_385' title='bbox 1041 4479 1150 4547; x_wconf 88' lang='grc' dir='ltr'>γὰρ</span> <span class='ocrx_word' id='word_1_386' title='bbox 1179 4479 1405 4532; x_wconf 88' lang='grc' dir='ltr'>πάντοτε</span> <span class='ocrx_word' id='word_1_387' title='bbox 1453 4482 1548 4534; x_wconf 81' lang='grc' dir='ltr'>τοῦ</span> <span class='ocrx_word' id='word_1_388' title='bbox 1580 4483 1749 4537; x_wconf 77' lang='grc' dir='ltr'>ελεεῐν</span> 
     </span>
    </p>
   </div>
   <div class='ocr_carea' id='block_1_57' title="bbox 1848 2016 3418 2082">
    <p class='ocr_par' dir='ltr' id='par_1_57' title="bbox 1848 2016 3418 2082">
     <span class='ocr_line' id='line_1_57' title="bbox 1848 2016 3418 2082; baseline -0.004 -6"><span class='ocrx_word' id='word_1_389' title='bbox 1848 2022 2029 2076; x_wconf 85' lang='lat' dir='ltr'><strong>bonis.</strong></span> <span class='ocrx_word' id='word_1_390' title='bbox 2096 2018 2274 2074; x_wconf 85' lang='lat' dir='ltr'><strong>Nolite</strong></span> <span class='ocrx_word' id='word_1_391' title='bbox 2329 2034 2540 2081; x_wconf 88' lang='lat' dir='ltr'><strong>errare.</strong></span> <span class='ocrx_word' id='word_1_392' title='bbox 2600 2019 2741 2072; x_wconf 90' lang='lat' dir='ltr'><strong>Deus</strong></span> <span class='ocrx_word' id='word_1_393' title='bbox 2802 2032 2907 2071; x_wconf 91' lang='lat' dir='ltr'><strong>non</strong></span> <span class='ocrx_word' id='word_1_394' title='bbox 2963 2018 3246 2072; x_wconf 87' lang='lat' dir='ltr'><strong>irridetur.</strong></span> <span class='ocrx_word' id='word_1_395' title='bbox 3281 2016 3418 2082; x_wconf 74' lang='lat' dir='ltr'><strong>Quze</strong></span> 
     </span>
    </p>
   </div>
   <div class='ocr_carea' id='block_1_58' title="bbox 1846 2106 3411 2173">
    <p class='ocr_par' dir='ltr' id='par_1_58' title="bbox 1846 2106 3411 2173">
     <span class='ocr_line' id='line_1_58' title="bbox 1846 2106 3411 2173; baseline -0.006 -6"><span class='ocrx_word' id='word_1_396' title='bbox 1846 2114 1991 2167; x_wconf 89' lang='lat' dir='ltr'><strong>enim</strong></span> <span class='ocrx_word' id='word_1_397' title='bbox 2042 2110 2395 2165; x_wconf 76' lang='lat' dir='ltr'><strong>seminaverit</strong></span> <span class='ocrx_word' id='word_1_398' title='bbox 2435 2110 2618 2166; x_wconf 88' lang='lat' dir='ltr'><strong>homo.</strong></span> <span class='ocrx_word' id='word_1_399' title='bbox 2672 2109 2787 2163; x_wconf 68' lang='lat' dir='ltr'><strong>haec</strong></span> <span class='ocrx_word' id='word_1_400' title='bbox 2833 2117 2888 2162; x_wconf 91' lang='lat' dir='ltr'><strong>et</strong></span> <span class='ocrx_word' id='word_1_401' title='bbox 2920 2117 3107 2163; x_wconf 87' lang='lat' dir='ltr'><strong>metet.</strong></span> <span class='ocrx_word' id='word_1_402' title='bbox 3140 2106 3411 2173; x_wconf 83' lang='lat' dir='ltr'><strong>Quoniu-n</strong></span> 
     </span>
    </p>
   </div>
   <div class='ocr_carea' id='block_1_59' title="bbox 1845 2198 3408 2271">
    <p class='ocr_par' dir='ltr' id='par_1_59' title="bbox 1845 2198 3408 2271">
     <span class='ocr_line' id='line_1_59' title="bbox 1845 2198 3408 2271; baseline -0.003 -18"><span class='ocrx_word' id='word_1_403' title='bbox 1845 2201 1939 2271; x_wconf 93' lang='lat' dir='ltr'><strong>qui</strong></span> <span class='ocrx_word' id='word_1_404' title='bbox 1969 2201 2203 2256; x_wconf 87' lang='lat' dir='ltr'><strong>seminat</strong></span> <span class='ocrx_word' id='word_1_405' title='bbox 2238 2199 2308 2253; x_wconf 85' lang='lat' dir='ltr'><strong>de</strong></span> <span class='ocrx_word' id='word_1_406' title='bbox 2336 2214 2503 2253; x_wconf 85' lang='lat' dir='ltr'><strong>carne</strong></span> <span class='ocrx_word' id='word_1_407' title='bbox 2539 2214 2658 2258; x_wconf 85' lang='lat' dir='ltr'><strong>sua.</strong></span> <span class='ocrx_word' id='word_1_408' title='bbox 2692 2198 2759 2252; x_wconf 91' lang='lat' dir='ltr'><strong>de</strong></span> <span class='ocrx_word' id='word_1_409' title='bbox 2796 2213 2961 2251; x_wconf 85' lang='lat' dir='ltr'><strong>carne</strong></span> <span class='ocrx_word' id='word_1_410' title='bbox 3009 2207 3170 2251; x_wconf 85' lang='lat' dir='ltr'><strong>metet</strong></span> <span class='ocrx_word' id='word_1_411' title='bbox 3214 2212 3408 2249; x_wconf 86' lang='lat' dir='ltr'><strong>eorru-</strong></span> 
     </span>
    </p>
   </div>
   <div class='ocr_carea' id='block_1_60' title="bbox 1847 2290 3411 2361">
    <p class='ocr_par' dir='ltr' id='par_1_60' title="bbox 1847 2290 3411 2361">
     <span class='ocr_line' id='line_1_60' title="bbox 1847 2290 3411 2361; baseline -0.002 -17"><span class='ocrx_word' id='word_1_412' title='bbox 1847 2295 2109 2361; x_wconf 85' lang='lat' dir='ltr'><strong>ptionem.</strong></span> <span class='ocrx_word' id='word_1_413' title='bbox 2147 2292 2249 2358; x_wconf 89' lang='lat' dir='ltr'><strong>Qui</strong></span> <span class='ocrx_word' id='word_1_414' title='bbox 2282 2300 2463 2344; x_wconf 90' lang='lat' dir='ltr'><strong>autem</strong></span> <span class='ocrx_word' id='word_1_415' title='bbox 2505 2291 2738 2345; x_wconf 85' lang='lat' dir='ltr'><strong>seminat</strong></span> <span class='ocrx_word' id='word_1_416' title='bbox 2770 2291 2826 2344; x_wconf 93' lang='lat' dir='ltr'><strong>in</strong></span> <span class='ocrx_word' id='word_1_417' title='bbox 2870 2290 3175 2358; x_wconf 85' lang='lat' dir='ltr'><strong>spiritu,de</strong></span> <span class='ocrx_word' id='word_1_418' title='bbox 3212 2290 3411 2357; x_wconf 66' lang='lat' dir='ltr'><strong>spiritu</strong></span> 
     </span>
    </p>
   </div>
   <div class='ocr_carea' id='block_1_61' title="bbox 1847 2380 3410 2437">
    <p class='ocr_par' dir='ltr' id='par_1_61' title="bbox 1847 2380 3410 2437">
     <span class='ocr_line' id='line_1_61' title="bbox 1847 2380 3410 2437; baseline -0.004 0"><span class='ocrx_word' id='word_1_419' title='bbox 1847 2392 2014 2437; x_wconf 83' lang='lat' dir='ltr'><strong>metet</strong></span> <span class='ocrx_word' id='word_1_420' title='bbox 2040 2386 2206 2436; x_wconf 90' lang='lat' dir='ltr'><strong>vitam</strong></span> <span class='ocrx_word' id='word_1_421' title='bbox 2239 2392 2518 2437; x_wconf 77' lang='lat' dir='ltr'><strong>:eternam.</strong></span> <span class='ocrx_word' id='word_1_422' title='bbox 2552 2381 2762 2435; x_wconf 90' lang='lat' dir='ltr'><strong>Bonum</strong></span> <span class='ocrx_word' id='word_1_423' title='bbox 2795 2390 2977 2435; x_wconf 89' lang='lat' dir='ltr'><strong>autem</strong></span> <span class='ocrx_word' id='word_1_424' title='bbox 3002 2380 3267 2434; x_wconf 78' lang='lat' dir='ltr'><strong>facientes</strong></span> <span class='ocrx_word' id='word_1_425' title='bbox 3301 2395 3410 2433; x_wconf 72' lang='lat' dir='ltr'><strong>non</strong></span> 
     </span>
    </p>
   </div>
   <div class='ocr_carea' id='block_1_62' title="bbox 1846 2472 2246 2527">
    <p class='ocr_par' dir='ltr' id='par_1_62' title="bbox 1846 2472 2246 2527">
     <span class='ocr_line' id='line_1_62' title="bbox 1846 2472 2246 2527; baseline -0.01 -1"><span class='ocrx_word' id='word_1_426' title='bbox 1846 2472 2186 2527; x_wconf 82' lang='lat' dir='ltr'><strong>deficiamus.</strong></span> <span class='ocrx_word' id='word_1_427' title='bbox 2227 2490 2246 2522; x_wconf 71' lang='grc' dir='ltr'><strong>ι</strong></span> 
     </span>
    </p>
   </div>
   <div class='ocr_carea' id='block_1_63' title="bbox 1922 2560 3421 2632">
    <p class='ocr_par' dir='ltr' id='par_1_63' title="bbox 1922 2560 3421 2632">
     <span class='ocr_line' id='line_1_63' title="bbox 1922 2560 3421 2632; baseline 0 -15"><span class='ocrx_word' id='word_1_428' title='bbox 1922 2562 2040 2617; x_wconf 84' lang='lat' dir='ltr'><strong>Hoc</strong></span> <span class='ocrx_word' id='word_1_429' title='bbox 2074 2577 2294 2619; x_wconf 90' lang='lat' dir='ltr'><strong>rursum</strong></span> <span class='ocrx_word' id='word_1_430' title='bbox 2328 2562 2433 2617; x_wconf 84' lang='lat' dir='ltr'><strong>loci</strong></span> <span class='ocrx_word' id='word_1_431' title='bbox 2469 2562 2536 2616; x_wconf 91' lang='lat' dir='ltr'><strong>de</strong></span> <span class='ocrx_word' id='word_1_432' title='bbox 2560 2561 2879 2617; x_wconf 90' lang='lat' dir='ltr'><strong>doctoribus</strong></span> <span class='ocrx_word' id='word_1_433' title='bbox 2913 2560 3180 2630; x_wconf 91' lang='lat' dir='ltr'><strong>loquitur,</strong></span> <span class='ocrx_word' id='word_1_434' title='bbox 3212 2576 3351 2632; x_wconf 79' lang='lat' dir='ltr'><strong>quos</strong></span> <span class='ocrx_word' id='word_1_435' title='bbox 3380 2576 3421 2617; x_wconf 75' lang='grc' dir='ltr'>ι</span> 
     </span>
    </p>
   </div>
   <div class='ocr_carea' id='block_1_64' title="bbox 1847 2653 3423 2725">
    <p class='ocr_par' dir='ltr' id='par_1_64' title="bbox 1847 2653 3423 2725">
     <span class='ocr_line' id='line_1_64' title="bbox 1847 2653 3423 2725; baseline -0.003 -15"><span class='ocrx_word' id='word_1_436' title='bbox 1847 2655 2139 2725; x_wconf 83' lang='lat' dir='ltr'><strong>discipulis</strong></span> <span class='ocrx_word' id='word_1_437' title='bbox 2186 2656 2304 2710; x_wconf 90' lang='lat' dir='ltr'><strong>suis</strong></span> <span class='ocrx_word' id='word_1_438' title='bbox 2351 2655 2519 2707; x_wconf 87' lang='lat' dir='ltr'><strong>multa</strong></span> <span class='ocrx_word' id='word_1_439' title='bbox 2585 2653 2955 2707; x_wconf 90' lang='lat' dir='ltr'><strong>sollicitudine</strong></span> <span class='ocrx_word' id='word_1_440' title='bbox 3010 2654 3193 2708; x_wconf 87' lang='lat' dir='ltr'><strong>curari</strong></span> <span class='ocrx_word' id='word_1_441' title='bbox 3260 2653 3423 2707; x_wconf 67' lang='lat' dir='ltr'><strong>vult:</strong></span> 
     </span>
    </p>
   </div>
   <div class='ocr_carea' id='block_1_65' title="bbox 1848 2743 3421 2814">
    <p class='ocr_par' dir='ltr' id='par_1_65' title="bbox 1848 2743 3421 2814">
     <span class='ocr_line' id='line_1_65' title="bbox 1848 2743 3421 2814; baseline 0 -17"><span class='ocrx_word' id='word_1_442' title='bbox 1848 2746 2053 2814; x_wconf 87' lang='lat' dir='ltr'><strong>quippe</strong></span> <span class='ocrx_word' id='word_1_443' title='bbox 2085 2760 2208 2798; x_wconf 91' lang='lat' dir='ltr'><strong>cum</strong></span> <span class='ocrx_word' id='word_1_444' title='bbox 2240 2746 2313 2797; x_wconf 88' lang='lat' dir='ltr'><strong>ita</strong></span> <span class='ocrx_word' id='word_1_445' title='bbox 2350 2744 2465 2796; x_wconf 81' lang='lat' dir='ltr'><strong>ﬁeri</strong></span> <span class='ocrx_word' id='word_1_446' title='bbox 2489 2744 2745 2798; x_wconf 78' lang='lat' dir='ltr'><strong>Christus</strong></span> <span class='ocrx_word' id='word_1_447' title='bbox 2779 2743 2897 2813; x_wconf 84' lang='lat' dir='ltr'><strong>ipse</strong></span> <span class='ocrx_word' id='word_1_448' title='bbox 2926 2743 3191 2798; x_wconf 77' lang='lat' dir='ltr'><strong>sanxerit.</strong></span> <span class='ocrx_word' id='word_1_449' title='bbox 3232 2744 3421 2807; x_wconf 81' lang='lat' dir='ltr'><strong>Quare</strong></span> 
     </span>
    </p>
   </div>
   <div class='ocr_carea' id='block_1_66' title="bbox 1849 2834 3413 2902">
    <p class='ocr_par' dir='ltr' id='par_1_66' title="bbox 1849 2834 3413 2902">
     <span class='ocr_line' id='line_1_66' title="bbox 1849 2834 3413 2902; baseline -0.003 -13"><span class='ocrx_word' id='word_1_450' title='bbox 1849 2837 2018 2891; x_wconf 75' lang='lat' dir='ltr'><strong>vero?</strong></span> <span class='ocrx_word' id='word_1_451' title='bbox 2066 2836 2284 2891; x_wconf 90' lang='lat' dir='ltr'><strong>audias.</strong></span> <span class='ocrx_word' id='word_1_452' title='bbox 2323 2835 2592 2902; x_wconf 85' lang='lat' dir='ltr'><strong>Quoniam</strong></span> <span class='ocrx_word' id='word_1_453' title='bbox 2640 2835 2711 2889; x_wconf 90' lang='lat' dir='ltr'><strong>ob</strong></span> <span class='ocrx_word' id='word_1_454' title='bbox 2758 2834 2989 2889; x_wconf 92' lang='lat' dir='ltr'><strong>docendi</strong></span> <span class='ocrx_word' id='word_1_455' title='bbox 3030 2836 3413 2888; x_wconf 62' lang='lat' dir='ltr'><strong>auctoritatem</strong></span> 
     </span>
    </p>
   </div>
   <div class='ocr_carea' id='block_1_67' title="bbox 1849 2924 3411 2994">
    <p class='ocr_par' dir='ltr' id='par_1_67' title="bbox 1849 2924 3411 2994">
     <span class='ocr_line' id='line_1_67' title="bbox 1849 2924 3411 2994; baseline 0.001 -16"><span class='ocrx_word' id='word_1_456' title='bbox 1849 2924 1991 2979; x_wconf 87' lang='lat' dir='ltr'><strong>fastu</strong></span> <span class='ocrx_word' id='word_1_457' title='bbox 2044 2924 2375 2981; x_wconf 82' lang='lat' dir='ltr'><strong>inﬂabantur</strong></span> <span class='ocrx_word' id='word_1_458' title='bbox 2407 2926 2481 2979; x_wconf 92' lang='lat' dir='ltr'><strong>illi</strong></span> <span class='ocrx_word' id='word_1_459' title='bbox 2526 2928 2617 2994; x_wconf 91' lang='lat' dir='ltr'><strong>qui</strong></span> <span class='ocrx_word' id='word_1_460' title='bbox 2654 2942 2715 2981; x_wconf 90' lang='lat' dir='ltr'><strong>ea</strong></span> <span class='ocrx_word' id='word_1_461' title='bbox 2747 2928 2933 2981; x_wconf 91' lang='lat' dir='ltr'><strong>ornati</strong></span> <span class='ocrx_word' id='word_1_462' title='bbox 2978 2936 3170 2991; x_wconf 84' lang='lat' dir='ltr'><strong>erant;</strong></span> <span class='ocrx_word' id='word_1_463' title='bbox 3213 2927 3411 2981; x_wconf 87' lang='lat' dir='ltr'><strong>borum</strong></span> 
     </span>
    </p>
   </div>
   <div class='ocr_carea' id='block_1_68' title="bbox 1852 3014 3414 3085">
    <p class='ocr_par' dir='ltr' id='par_1_68' title="bbox 1852 3014 3414 3085">
     <span class='ocr_line' id='line_1_68' title="bbox 1852 3014 3414 3085; baseline 0 -16"><span class='ocrx_word' id='word_1_464' title='bbox 1852 3023 1911 3069; x_wconf 90' lang='lat' dir='ltr'><strong>ut</strong></span> <span class='ocrx_word' id='word_1_465' title='bbox 1937 3023 2313 3085; x_wconf 90' lang='lat' dir='ltr'><strong>compesceret</strong></span> <span class='ocrx_word' id='word_1_466' title='bbox 2368 3016 2766 3085; x_wconf 74' lang='lat' dir='ltr'><strong>arrogantiam,</strong></span> <span class='ocrx_word' id='word_1_467' title='bbox 2811 3016 2865 3069; x_wconf 95' lang='lat' dir='ltr'><strong>in</strong></span> <span class='ocrx_word' id='word_1_468' title='bbox 2912 3014 3052 3069; x_wconf 90' lang='lat' dir='ltr'><strong>hanc</strong></span> <span class='ocrx_word' id='word_1_469' title='bbox 3079 3030 3174 3069; x_wconf 86' lang='lat' dir='ltr'><strong>eos</strong></span> <span class='ocrx_word' id='word_1_470' title='bbox 3214 3031 3414 3069; x_wconf 77' lang='lat' dir='ltr'><strong>neces-</strong></span> 
     </span>
    </p>
   </div>
   <div class='ocr_carea' id='block_1_69' title="bbox 1849 3106 3407 3175">
    <p class='ocr_par' dir='ltr' id='par_1_69' title="bbox 1849 3106 3407 3175">
     <span class='ocr_line' id='line_1_69' title="bbox 1849 3106 3407 3175; baseline -0.002 -13"><span class='ocrx_word' id='word_1_471' title='bbox 1849 3106 2069 3162; x_wconf 87' lang='lat' dir='ltr'><strong>sitatem</strong></span> <span class='ocrx_word' id='word_1_472' title='bbox 2119 3106 2322 3175; x_wconf 85' lang='lat' dir='ltr'><strong>coegit.</strong></span> <span class='ocrx_word' id='word_1_473' title='bbox 2374 3116 2432 3160; x_wconf 91' lang='lat' dir='ltr'><strong>ut</strong></span> <span class='ocrx_word' id='word_1_474' title='bbox 2471 3106 2573 3175; x_wconf 89' lang='lat' dir='ltr'><strong>ipsi</strong></span> <span class='ocrx_word' id='word_1_475' title='bbox 2616 3106 2907 3175; x_wconf 88' lang='lat' dir='ltr'><strong>discipulis</strong></span> <span class='ocrx_word' id='word_1_476' title='bbox 2937 3120 3074 3175; x_wconf 85' lang='lat' dir='ltr'><strong>Opus</strong></span> <span class='ocrx_word' id='word_1_477' title='bbox 3116 3107 3407 3161; x_wconf 85' lang='lat' dir='ltr'><strong>haberent:</strong></span> 
     </span>
    </p>
   </div>
   <div class='ocr_carea' id='block_1_70' title="bbox 1851 3196 3413 3266">
    <p class='ocr_par' dir='ltr' id='par_1_70' title="bbox 1851 3196 3413 3266">
     <span class='ocr_line' id='line_1_70' title="bbox 1851 3196 3413 3266; baseline -0.001 -15"><span class='ocrx_word' id='word_1_478' title='bbox 1851 3197 1960 3251; x_wconf 88' lang='lat' dir='ltr'><strong>illis</strong></span> <span class='ocrx_word' id='word_1_479' title='bbox 1998 3211 2131 3251; x_wconf 73' lang='lat' dir='ltr'><strong>vero</strong></span> <span class='ocrx_word' id='word_1_480' title='bbox 2180 3213 2398 3252; x_wconf 77' lang='lat' dir='ltr'><strong>rursum</strong></span> <span class='ocrx_word' id='word_1_481' title='bbox 2450 3198 2655 3266; x_wconf 77' lang='lat' dir='ltr'><strong>praebet</strong></span> <span class='ocrx_word' id='word_1_482' title='bbox 2688 3198 3036 3249; x_wconf 77' lang='lat' dir='ltr'><strong>occasionem</strong></span> <span class='ocrx_word' id='word_1_483' title='bbox 3074 3204 3134 3250; x_wconf 93' lang='lat' dir='ltr'><strong>ut</strong></span> <span class='ocrx_word' id='word_1_484' title='bbox 3172 3196 3239 3250; x_wconf 90' lang='lat' dir='ltr'><strong>ad</strong></span> <span class='ocrx_word' id='word_1_485' title='bbox 3274 3196 3413 3250; x_wconf 89' lang='lat' dir='ltr'><strong>bene</strong></span> 
     </span>
    </p>
   </div>
   <div class='ocr_carea' id='block_1_71' title="bbox 1850 3286 3413 3356">
    <p class='ocr_par' dir='ltr' id='par_1_71' title="bbox 1850 3286 3413 3356">
     <span class='ocr_line' id='line_1_71' title="bbox 1850 3286 3413 3356; baseline -0.001 -15"><span class='ocrx_word' id='word_1_486' title='bbox 1850 3288 1915 3343; x_wconf 88' lang='lat' dir='ltr'><strong>de</strong></span> <span class='ocrx_word' id='word_1_487' title='bbox 1940 3288 2063 3342; x_wconf 89' lang='lat' dir='ltr'><strong>aliis</strong></span> <span class='ocrx_word' id='word_1_488' title='bbox 2102 3289 2423 3341; x_wconf 86' lang='lat' dir='ltr'><strong>merendum</strong></span> <span class='ocrx_word' id='word_1_489' title='bbox 2460 3287 2735 3340; x_wconf 83' lang='lat' dir='ltr'><strong>faciliores</strong></span> <span class='ocrx_word' id='word_1_490' title='bbox 2789 3286 2939 3349; x_wconf 79' lang='lat' dir='ltr'><strong>fiant,</strong></span> <span class='ocrx_word' id='word_1_491' title='bbox 2974 3288 3121 3356; x_wconf 87' lang='lat' dir='ltr'><strong>ipsos</strong></span> <span class='ocrx_word' id='word_1_492' title='bbox 3151 3302 3413 3341; x_wconf 79' lang='lat' dir='ltr'><strong>exercens</strong></span> 
     </span>
    </p>
   </div>
   <div class='ocr_carea' id='block_1_72' title="bbox 1848 3378 3409 3449">
    <p class='ocr_par' dir='ltr' id='par_1_72' title="bbox 1848 3378 3409 3449">
     <span class='ocr_line' id='line_1_72' title="bbox 1848 3378 3409 3449; baseline -0.003 -16"><span class='ocrx_word' id='word_1_493' title='bbox 1848 3380 1915 3434; x_wconf 91' lang='lat' dir='ltr'><strong>ad</strong></span> <span class='ocrx_word' id='word_1_494' title='bbox 1972 3380 2413 3435; x_wconf 74' lang='lat' dir='ltr'><strong>benevolentiam</strong></span> <span class='ocrx_word' id='word_1_495' title='bbox 2483 3395 2612 3449; x_wconf 88' lang='lat' dir='ltr'><strong>erga</strong></span> <span class='ocrx_word' id='word_1_496' title='bbox 2669 3378 2963 3449; x_wconf 88' lang='lat' dir='ltr'><strong>magistros</strong></span> <span class='ocrx_word' id='word_1_497' title='bbox 3022 3378 3409 3448; x_wconf 60' lang='lat' dir='ltr'><strong>praestandam.</strong></span> 
     </span>
    </p>
   </div>
   <div class='ocr_carea' id='block_1_73' title="bbox 1848 3470 3411 3536">
    <p class='ocr_par' dir='ltr' id='par_1_73' title="bbox 1848 3470 3411 3536">
     <span class='ocr_line' id='line_1_73' title="bbox 1848 3470 3411 3536; baseline -0.003 -11"><span class='ocrx_word' id='word_1_498' title='bbox 1848 3473 1939 3525; x_wconf 81' lang='lat' dir='ltr'><strong>Ait</strong></span> <span class='ocrx_word' id='word_1_499' title='bbox 1970 3481 2179 3535; x_wconf 89' lang='lat' dir='ltr'><strong>autem,</strong></span> <span class='ocrx_word' id='word_1_500' title='bbox 2212 3475 2265 3526; x_wconf 81' lang='lat' dir='ltr'><strong>in</strong></span> <span class='ocrx_word' id='word_1_501' title='bbox 2296 3472 2536 3526; x_wconf 79' lang='lat' dir='ltr'><strong>omnibus</strong></span> <span class='ocrx_word' id='word_1_502' title='bbox 2583 3472 2760 3536; x_wconf 79' lang='lat' dir='ltr'><strong>bonis,</strong></span> <span class='ocrx_word' id='word_1_503' title='bbox 2797 3480 2856 3524; x_wconf 89' lang='lat' dir='ltr'><strong>ut</strong></span> <span class='ocrx_word' id='word_1_504' title='bbox 2885 3484 3099 3525; x_wconf 91' lang='lat' dir='ltr'><strong>omnem</strong></span> <span class='ocrx_word' id='word_1_505' title='bbox 3132 3470 3187 3525; x_wconf 89' lang='lat' dir='ltr'><strong>in</strong></span> <span class='ocrx_word' id='word_1_506' title='bbox 3216 3484 3312 3525; x_wconf 90' lang='lat' dir='ltr'><strong>eos</strong></span> <span class='ocrx_word' id='word_1_507' title='bbox 3341 3470 3411 3522; x_wconf 86' lang='lat' dir='ltr'><strong>li-</strong></span> 
     </span>
    </p>
   </div>
   <div class='ocr_carea' id='block_1_74' title="bbox 1849 3562 2573 3633">
    <p class='ocr_par' dir='ltr' id='par_1_74' title="bbox 1849 3562 2573 3633">
     <span class='ocr_line' id='line_1_74' title="bbox 1849 3562 2573 3633; baseline -0.001 -16"><span class='ocrx_word' id='word_1_508' title='bbox 1849 3564 2189 3617; x_wconf 88' lang='lat' dir='ltr'><strong>beralitatem</strong></span> <span class='ocrx_word' id='word_1_509' title='bbox 2230 3562 2573 3633; x_wconf 86' lang='lat' dir='ltr'><strong>impendant.</strong></span> 
     </span>
    </p>
   </div>
   <div class='ocr_carea' id='block_1_75' title="bbox 1928 3650 3406 3721">
    <p class='ocr_par' dir='ltr' id='par_1_75' title="bbox 1928 3650 3406 3721">
     <span class='ocr_line' id='line_1_75' title="bbox 1928 3650 3406 3721; baseline -0.001 -17"><span class='ocrx_word' id='word_1_510' title='bbox 1928 3673 1945 3704; x_wconf 73' lang='grc' dir='ltr'>ι</span> <span class='ocrx_word' id='word_1_511' title='bbox 1986 3652 2257 3721; x_wconf 88' lang='lat' dir='ltr'><strong>Tempore</strong></span> <span class='ocrx_word' id='word_1_512' title='bbox 2278 3654 2424 3708; x_wconf 90' lang='lat' dir='ltr'><strong>enim</strong></span> <span class='ocrx_word' id='word_1_513' title='bbox 2455 3669 2556 3708; x_wconf 90' lang='lat' dir='ltr'><strong>suo</strong></span> <span class='ocrx_word' id='word_1_514' title='bbox 2586 3664 2853 3708; x_wconf 88' lang='lat' dir='ltr'><strong>metemus</strong></span> <span class='ocrx_word' id='word_1_515' title='bbox 2883 3668 2993 3707; x_wconf 91' lang='lat' dir='ltr'><strong>non</strong></span> <span class='ocrx_word' id='word_1_516' title='bbox 3018 3650 3358 3705; x_wconf 82' lang='lat' dir='ltr'><strong>deficientes.</strong></span> <span class='ocrx_word' id='word_1_517' title='bbox 3387 3668 3406 3701; x_wconf 73' lang='grc' dir='ltr'>ι</span> 
     </span>
    </p>
   </div>
   <div class='ocr_carea' id='block_1_76' title="bbox 1916 3741 3411 3815">
    <p class='ocr_par' dir='ltr' id='par_1_76' title="bbox 1916 3741 3411 3815">
     <span class='ocr_line' id='line_1_76' title="bbox 1916 3741 3411 3815; baseline -0.003 -17"><span class='ocrx_word' id='word_1_518' title='bbox 1916 3745 2031 3798; x_wconf 83' lang='lat' dir='ltr'><strong>Non</strong></span> <span class='ocrx_word' id='word_1_519' title='bbox 2069 3746 2145 3799; x_wconf 89' lang='lat' dir='ltr'><strong>uti</strong></span> <span class='ocrx_word' id='word_1_520' title='bbox 2176 3746 2418 3800; x_wconf 85' lang='lat' dir='ltr'><strong>carnalis</strong></span> <span class='ocrx_word' id='word_1_521' title='bbox 2466 3761 2700 3810; x_wconf 90' lang='lat' dir='ltr'><strong>messor,</strong></span> <span class='ocrx_word' id='word_1_522' title='bbox 2742 3746 2939 3815; x_wconf 86' lang='lat' dir='ltr'><strong>inquit,</strong></span> <span class='ocrx_word' id='word_1_523' title='bbox 2995 3744 3088 3813; x_wconf 91' lang='lat' dir='ltr'><strong>qui</strong></span> <span class='ocrx_word' id='word_1_524' title='bbox 3126 3743 3262 3796; x_wconf 91' lang='lat' dir='ltr'><strong>nibil</strong></span> <span class='ocrx_word' id='word_1_525' title='bbox 3294 3741 3411 3794; x_wconf 87' lang='lat' dir='ltr'><strong>fru—</strong></span> 
     </span>
    </p>
   </div>
   <div class='ocr_carea' id='block_1_77' title="bbox 1849 3835 3412 3908">
    <p class='ocr_par' dir='ltr' id='par_1_77' title="bbox 1849 3835 3412 3908">
     <span class='ocr_line' id='line_1_77' title="bbox 1849 3835 3412 3908; baseline -0.003 -18"><span class='ocrx_word' id='word_1_526' title='bbox 1849 3845 2038 3890; x_wconf 91' lang='lat' dir='ltr'><strong>ctuum</strong></span> <span class='ocrx_word' id='word_1_527' title='bbox 2092 3839 2351 3906; x_wconf 88' lang='lat' dir='ltr'><strong>percipit,</strong></span> <span class='ocrx_word' id='word_1_528' title='bbox 2400 3840 2702 3908; x_wconf 89' lang='lat' dir='ltr'><strong>quamlibet</strong></span> <span class='ocrx_word' id='word_1_529' title='bbox 2751 3837 3009 3892; x_wconf 87' lang='lat' dir='ltr'><strong>metendo</strong></span> <span class='ocrx_word' id='word_1_530' title='bbox 3054 3836 3288 3888; x_wconf 87' lang='lat' dir='ltr'><strong>multum</strong></span> <span class='ocrx_word' id='word_1_531' title='bbox 3335 3835 3412 3886; x_wconf 78' lang='lat' dir='ltr'><strong>la-</strong></span> 
     </span>
    </p>
   </div>
   <div class='ocr_carea' id='block_1_78' title="bbox 1851 3927 3410 4001">
    <p class='ocr_par' dir='ltr' id='par_1_78' title="bbox 1851 3927 3410 4001">
     <span class='ocr_line' id='line_1_78' title="bbox 1851 3927 3410 4001; baseline -0.004 -16"><span class='ocrx_word' id='word_1_532' title='bbox 1851 3932 2023 3994; x_wconf 88' lang='lat' dir='ltr'><strong>boret,</strong></span> <span class='ocrx_word' id='word_1_533' title='bbox 2055 3932 2135 3985; x_wconf 89' lang='lat' dir='ltr'><strong>sic</strong></span> <span class='ocrx_word' id='word_1_534' title='bbox 2180 3940 2267 3985; x_wconf 90' lang='lat' dir='ltr'><strong>est</strong></span> <span class='ocrx_word' id='word_1_535' title='bbox 2320 3933 2645 4001; x_wconf 85' lang='lat' dir='ltr'><strong>spiritualis.</strong></span> <span class='ocrx_word' id='word_1_536' title='bbox 2701 3931 2802 3985; x_wconf 89' lang='lat' dir='ltr'><strong>llic</strong></span> <span class='ocrx_word' id='word_1_537' title='bbox 2850 3930 2997 3985; x_wconf 91' lang='lat' dir='ltr'><strong>enim</strong></span> <span class='ocrx_word' id='word_1_538' title='bbox 3030 3927 3214 3998; x_wconf 92' lang='lat' dir='ltr'><strong>quiete</strong></span> <span class='ocrx_word' id='word_1_539' title='bbox 3242 3928 3410 3980; x_wconf 82' lang='lat' dir='ltr'><strong>multa</strong></span> 
     </span>
    </p>
   </div>
   <div class='ocr_carea' id='block_1_79' title="bbox 1850 4023 2081 4092">
    <p class='ocr_par' dir='ltr' id='par_1_79' title="bbox 1850 4023 2081 4092">
     <span class='ocr_line' id='line_1_79' title="bbox 1850 4023 2081 4092; baseline 0.004 -19"><span class='ocrx_word' id='word_1_540' title='bbox 1850 4023 2081 4092; x_wconf 84' lang='lat' dir='ltr'><strong>potitur.</strong></span> 
     </span>
    </p>
   </div>
   <div class='ocr_carea' id='block_1_80' title="bbox 1921 4110 3411 4181">
    <p class='ocr_par' dir='ltr' id='par_1_80' title="bbox 1921 4110 3411 4181">
     <span class='ocr_line' id='line_1_80' title="bbox 1921 4110 3411 4181; baseline -0.001 -19"><span class='ocrx_word' id='word_1_541' title='bbox 1921 4110 2085 4165; x_wconf 73' lang='lat' dir='ltr'><strong>Vsus.</strong></span> <span class='ocrx_word' id='word_1_542' title='bbox 2113 4111 2200 4165; x_wconf 81' lang='grc'><strong>10.</strong></span> <span class='ocrx_word' id='word_1_543' title='bbox 2231 4129 2249 4163; x_wconf 82' lang='lat' dir='ltr'><strong>t</strong></span> <span class='ocrx_word' id='word_1_544' title='bbox 2296 4110 2440 4181; x_wconf 83' lang='lat' dir='ltr'><strong>Ergo</strong></span> <span class='ocrx_word' id='word_1_545' title='bbox 2471 4112 2599 4165; x_wconf 92' lang='lat' dir='ltr'><strong>dum</strong></span> <span class='ocrx_word' id='word_1_546' title='bbox 2639 4122 2860 4180; x_wconf 88' lang='lat' dir='ltr'><strong>tempus</strong></span> <span class='ocrx_word' id='word_1_547' title='bbox 2898 4110 3187 4172; x_wconf 87' lang='lat' dir='ltr'><strong>habemus,</strong></span> <span class='ocrx_word' id='word_1_548' title='bbox 3214 4124 3411 4177; x_wconf 85' lang='lat' dir='ltr'><strong>opere-</strong></span> 
     </span>
    </p>
   </div>
   <div class='ocr_carea' id='block_1_81' title="bbox 1852 4201 3417 4273">
    <p class='ocr_par' dir='ltr' id='par_1_81' title="bbox 1852 4201 3417 4273">
     <span class='ocr_line' id='line_1_81' title="bbox 1852 4201 3417 4273; baseline -0.003 -17"><span class='ocrx_word' id='word_1_549' title='bbox 1852 4218 1976 4257; x_wconf 87' lang='lat' dir='ltr'><strong>mur</strong></span> <span class='ocrx_word' id='word_1_550' title='bbox 2034 4204 2237 4257; x_wconf 87' lang='lat' dir='ltr'><strong>bonum</strong></span> <span class='ocrx_word' id='word_1_551' title='bbox 2292 4203 2451 4273; x_wconf 75' lang='lat'><strong>176</strong></span> <span class='ocrx_word' id='word_1_552' title='bbox 2495 4201 2563 4256; x_wconf 92' lang='lat' dir='ltr'><strong>ad</strong></span> <span class='ocrx_word' id='word_1_553' title='bbox 2591 4217 2806 4267; x_wconf 89' lang='lat' dir='ltr'><strong>omnes,</strong></span> <span class='ocrx_word' id='word_1_554' title='bbox 2838 4202 3078 4257; x_wconf 83' lang='lat' dir='ltr'><strong>maxime</strong></span> <span class='ocrx_word' id='word_1_555' title='bbox 3118 4202 3185 4254; x_wconf 90' lang='lat' dir='ltr'><strong>ad</strong></span> <span class='ocrx_word' id='word_1_556' title='bbox 3220 4202 3417 4255; x_wconf 79' lang='lat' dir='ltr'><strong>dome-</strong></span> 
     </span>
    </p>
   </div>
   <div class='ocr_carea' id='block_1_82' title="bbox 1851 4293 2261 4351">
    <p class='ocr_par' dir='ltr' id='par_1_82' title="bbox 1851 4293 2261 4351">
     <span class='ocr_line' id='line_1_82' title="bbox 1851 4293 2261 4351; baseline -0.015 -1"><span class='ocrx_word' id='word_1_557' title='bbox 1851 4294 2022 4351; x_wconf 83' lang='lat' dir='ltr'><strong>sticos</strong></span> <span class='ocrx_word' id='word_1_558' title='bbox 2056 4293 2203 4348; x_wconf 81' lang='lat' dir='ltr'><strong>fidei.</strong></span> <span class='ocrx_word' id='word_1_559' title='bbox 2242 4312 2261 4344; x_wconf 72' lang='grc' dir='ltr'>ι</span> 
     </span>
    </p>
   </div>
   <div class='ocr_carea' id='block_1_83' title="bbox 1916 4384 3413 4457">
    <p class='ocr_par' dir='ltr' id='par_1_83' title="bbox 1916 4384 3413 4457">
     <span class='ocr_line' id='line_1_83' title="bbox 1916 4384 3413 4457; baseline -0.001 -17"><span class='ocrx_word' id='word_1_560' title='bbox 1916 4384 2183 4440; x_wconf 84' lang='lat' dir='ltr'><strong>Hortatur</strong></span> <span class='ocrx_word' id='word_1_561' title='bbox 2215 4393 2273 4439; x_wconf 90' lang='lat' dir='ltr'><strong>ut</strong></span> <span class='ocrx_word' id='word_1_562' title='bbox 2309 4386 2723 4441; x_wconf 84' lang='lat' dir='ltr'><strong>festinationem</strong></span> <span class='ocrx_word' id='word_1_563' title='bbox 2755 4396 2812 4441; x_wconf 94' lang='lat' dir='ltr'><strong>ct</strong></span> <span class='ocrx_word' id='word_1_564' title='bbox 2859 4386 3201 4457; x_wconf 78' lang='lat' dir='ltr'><strong>diligentiam</strong></span> <span class='ocrx_word' id='word_1_565' title='bbox 3252 4385 3413 4440; x_wconf 89' lang='lat' dir='ltr'><strong>adbi-</strong></span> 
     </span>
    </p>
   </div>
   <div class='ocr_carea' id='block_1_84' title="bbox 1850 4476 3419 4548">
    <p class='ocr_par' dir='ltr' id='par_1_84' title="bbox 1850 4476 3419 4548">
     <span class='ocr_line' id='line_1_84' title="bbox 1850 4476 3419 4548; baseline 0 -17"><span class='ocrx_word' id='word_1_566' title='bbox 1850 4477 2017 4531; x_wconf 90' lang='lat' dir='ltr'><strong>beant</strong></span> <span class='ocrx_word' id='word_1_567' title='bbox 2043 4480 2113 4530; x_wconf 86' lang='lat' dir='ltr'><strong>ad</strong></span> <span class='ocrx_word' id='word_1_568' title='bbox 2151 4479 2558 4548; x_wconf 81' lang='lat' dir='ltr'><strong>eleemosynam</strong></span> <span class='ocrx_word' id='word_1_569' title='bbox 2605 4478 2961 4547; x_wconf 87' lang='lat' dir='ltr'><strong>erogandam.</strong></span> <span class='ocrx_word' id='word_1_570' title='bbox 3015 4476 3134 4531; x_wconf 86' lang='lat' dir='ltr'><strong>Non</strong></span> <span class='ocrx_word' id='word_1_571' title='bbox 3176 4479 3321 4531; x_wconf 92' lang='lat' dir='ltr'><strong>enim</strong></span> <span class='ocrx_word' id='word_1_572' title='bbox 3354 4479 3419 4532; x_wconf 77' lang='lat' dir='ltr'><strong>in</strong></span> 
     </span>
    </p>
   </div>
   <div class='ocr_carea' id='block_1_85' title="bbox 189 4568 1855 4643">
    <p class='ocr_par' dir='ltr' id='par_1_85' title="bbox 189 4568 1855 4643">
     <span class='ocr_line' id='line_1_85' title="bbox 189 4568 1855 4643; baseline 0.005 -22"><span class='ocrx_word' id='word_1_573' title='bbox 189 4575 357 4639; x_wconf 69' lang='grc' dir='ltr'>ἐσμεν</span> <span class='ocrx_word' id='word_1_574' title='bbox 393 4568 589 4639; x_wconf 87' lang='grc' dir='ltr'>κύριοι.</span> <span class='ocrx_word' id='word_1_575' title='bbox 623 4569 787 4621; x_wconf 87' lang='grc' dir='ltr'>Ὀταν</span> <span class='ocrx_word' id='word_1_576' title='bbox 818 4570 922 4640; x_wconf 78' lang='grc' dir='ltr'><strong>γάρ</strong></span> <span class='ocrx_word' id='word_1_577' title='bbox 944 4569 1190 4623; x_wconf 77' lang='grc' dir='ltr'>ἐντεῦθεν</span> <span class='ocrx_word' id='word_1_578' title='bbox 1218 4573 1621 4643; x_wconf 84' lang='grc' dir='ltr'>άπενεχθῶμεν,</span> <span class='ocrx_word' id='word_1_579' title='bbox 1645 4576 1749 4629; x_wconf 80' lang='grc' dir='ltr'>κᾶν</span> <span class='ocrx_word' id='word_1_580' title='bbox 1781 4577 1822 4630; x_wconf 87' lang='lat' dir='ltr'><strong>D</strong></span> <span class='ocrx_word' id='word_1_581' title='bbox 1853 4585 1855 4592; x_wconf 89' lang='lat'>&#39;</span> 
     </span>
    </p>
   </div>
   <div class='ocr_carea' id='block_1_86' title="bbox 1741 4568 3407 4643">
    <p class='ocr_par' dir='ltr' id='par_1_86' title="bbox 1741 4569 3407 4638">
     <span class='ocr_line' id='line_1_86' title="bbox 1741 4569 3407 4638; baseline 0.001 -16"><span class='ocrx_word' id='word_1_582' title='bbox 1741 4594 1749 4622; x_wconf 71' lang='grc' dir='ltr'>ν</span> <span class='ocrx_word' id='word_1_583' title='bbox 1781 4577 1822 4630; x_wconf 82' lang='grc' dir='ltr'><strong>ι)</strong></span> <span class='ocrx_word' id='word_1_584' title='bbox 1853 4577 2127 4638; x_wconf 86' lang='lat' dir='ltr'><strong>potestate</strong></span> <span class='ocrx_word' id='word_1_585' title='bbox 2156 4574 2364 4637; x_wconf 70' lang='lat' dir='ltr'><strong>jnostra</strong></span> <span class='ocrx_word' id='word_1_586' title='bbox 2410 4579 2495 4623; x_wconf 91' lang='lat' dir='ltr'><strong>est</strong></span> <span class='ocrx_word' id='word_1_587' title='bbox 2537 4584 2754 4638; x_wconf 88' lang='lat' dir='ltr'><strong>semper</strong></span> <span class='ocrx_word' id='word_1_588' title='bbox 2794 4579 2848 4623; x_wconf 92' lang='lat' dir='ltr'><strong>et</strong></span> <span class='ocrx_word' id='word_1_589' title='bbox 2890 4570 3093 4637; x_wconf 87' lang='lat' dir='ltr'><strong>ubique</strong></span> <span class='ocrx_word' id='word_1_590' title='bbox 3129 4569 3407 4623; x_wconf 90' lang='lat' dir='ltr'><strong>misereri.</strong></span> 
     </span>
    </p>
   </div>
   <div class='ocr_carea' id='block_1_87' title="bbox 192 4658 1753 4734">
    <p class='ocr_par' dir='ltr' id='par_1_87' title="bbox 192 4658 1753 4734">
     <span class='ocr_line' id='line_1_87' title="bbox 192 4658 1753 4734; baseline 0.006 -23"><span class='ocrx_word' id='word_1_591' title='bbox 192 4661 457 4731; x_wconf 82' lang='grc' dir='ltr'>μυριάκις</span> <span class='ocrx_word' id='word_1_592' title='bbox 498 4658 864 4728; x_wconf 82' lang='grc' dir='ltr'>βουληθῶμεν,</span> <span class='ocrx_word' id='word_1_593' title='bbox 910 4660 1059 4713; x_wconf 79' lang='grc' dir='ltr'>οὐδὲν</span> <span class='ocrx_word' id='word_1_594' title='bbox 1109 4663 1438 4734; x_wconf 86' lang='grc' dir='ltr'>περαίνομεν</span> <span class='ocrx_word' id='word_1_595' title='bbox 1472 4665 1651 4720; x_wconf 84' lang='grc' dir='ltr'>πλέον.</span> <span class='ocrx_word' id='word_1_596' title='bbox 1679 4668 1753 4720; x_wconf 83' lang='grc' dir='ltr'><strong>Τὸ</strong></span> 
     </span>
    </p>
   </div>
   <div class='ocr_carea' id='block_1_88' title="bbox 188 4749 1753 4827">
    <p class='ocr_par' dir='ltr' id='par_1_88' title="bbox 188 4749 1753 4827">
     <span class='ocr_line' id='line_1_88' title="bbox 188 4749 1753 4827; baseline 0.006 -26"><span class='ocrx_word' id='word_1_597' title='bbox 188 4751 267 4812; x_wconf 81' lang='grc' dir='ltr'>δὲ,</span> <span class='ocrx_word' id='word_1_598' title='bbox 296 4751 446 4817; x_wconf 77' lang='grc' dir='ltr'>,πρὸς</span> <span class='ocrx_word' id='word_1_599' title='bbox 470 4749 718 4814; x_wconf 80' lang='grc' dir='ltr'>πάντας,</span> <span class='ocrx_word' id='word_1_600' title='bbox 749 4749 884 4819; x_wconf 84' lang='grc' dir='ltr'>πρὸς</span> <span class='ocrx_word' id='word_1_601' title='bbox 907 4750 1310 4823; x_wconf 83' lang='grc' dir='ltr'>ἀντιδιαστολὴν</span> <span class='ocrx_word' id='word_1_602' title='bbox 1332 4756 1430 4824; x_wconf 81' lang='grc' dir='ltr'><strong>τῆς</strong></span> <span class='ocrx_word' id='word_1_603' title='bbox 1458 4756 1753 4827; x_wconf 80' lang='grc' dir='ltr'>Ἰουδαϊκῆς</span> 
     </span>
    </p>
   </div>
   <div class='ocr_carea' id='block_1_89' title="bbox 188 4840 1753 4916">
    <p class='ocr_par' dir='ltr' id='par_1_89' title="bbox 188 4840 1753 4916">
     <span class='ocr_line' id='line_1_89' title="bbox 188 4840 1753 4916; baseline -0.003 -25"><span class='ocrx_word' id='word_1_604' title='bbox 188 4842 597 4908; x_wconf 80' lang='grc' dir='ltr'>ταπεινότητος.</span> <span class='ocrx_word' id='word_1_605' title='bbox 642 4840 898 4901; x_wconf 82' lang='grc' dir='ltr'>Ἐκείνοις</span> <span class='ocrx_word' id='word_1_606' title='bbox 948 4840 1043 4909; x_wconf 84' lang='grc' dir='ltr'><strong>μὲν</strong></span> <span class='ocrx_word' id='word_1_607' title='bbox 1101 4841 1207 4911; x_wconf 81' lang='grc' dir='ltr'>γὰρ</span> <span class='ocrx_word' id='word_1_608' title='bbox 1232 4843 1299 4895; x_wconf 76' lang='grc' dir='ltr'><strong>τά</strong></span> <span class='ocrx_word' id='word_1_609' title='bbox 1326 4845 1422 4912; x_wconf 81' lang='grc' dir='ltr'>τῆς</span> <span class='ocrx_word' id='word_1_610' title='bbox 1456 4845 1753 4916; x_wconf 78' lang='grc' dir='ltr'>φιλανθρω-</span> 
     </span>
    </p>
   </div>
   <div class='ocr_carea' id='block_1_90' title="bbox 190 4928 1752 5006">
    <p class='ocr_par' dir='ltr' id='par_1_90' title="bbox 190 4928 1752 5006">
     <span class='ocr_line' id='line_1_90' title="bbox 190 4928 1752 5006; baseline 0.005 -25"><span class='ocrx_word' id='word_1_611' title='bbox 190 4931 323 4992; x_wconf 72' lang='grc' dir='ltr'>πίας</span> <span class='ocrx_word' id='word_1_612' title='bbox 352 4929 573 4983; x_wconf 76' lang='grc' dir='ltr'>ἅπαντα</span> <span class='ocrx_word' id='word_1_613' title='bbox 598 4929 733 4998; x_wconf 84' lang='grc' dir='ltr'>πρὸς</span> <span class='ocrx_word' id='word_1_614' title='bbox 758 4930 883 4991; x_wconf 71' lang='grc' dir='ltr'>τοὺς</span> <span class='ocrx_word' id='word_1_615' title='bbox 910 4930 1214 4998; x_wconf 81' lang='grc' dir='ltr'>ὁμοφύλους</span> <span class='ocrx_word' id='word_1_616' title='bbox 1234 4928 1321 5002; x_wconf 79' lang='grc' dir='ltr'>ἦν.</span> <span class='ocrx_word' id='word_1_617' title='bbox 1358 4934 1420 4985; x_wconf 86' lang='lat' dir='ltr'><strong>&#39;H</strong></span> <span class='ocrx_word' id='word_1_618' title='bbox 1450 4935 1504 4986; x_wconf 78' lang='grc' dir='ltr'>δὲ</span> <span class='ocrx_word' id='word_1_619' title='bbox 1538 4936 1636 5004; x_wconf 81' lang='grc' dir='ltr'>τῆς</span> <span class='ocrx_word' id='word_1_620' title='bbox 1658 4938 1752 5006; x_wconf 86' lang='grc' dir='ltr'>χά-</span> 
     </span>
    </p>
   </div>
   <div class='ocr_carea' id='block_1_91' title="bbox 190 5019 1751 5098">
    <p class='ocr_par' dir='ltr' id='par_1_91' title="bbox 190 5019 1751 5098">
     <span class='ocr_line' id='line_1_91' title="bbox 190 5019 1751 5098; baseline 0.005 -26"><span class='ocrx_word' id='word_1_621' title='bbox 190 5038 339 5091; x_wconf 84' lang='grc' dir='ltr'>ριτος</span> <span class='ocrx_word' id='word_1_622' title='bbox 374 5020 769 5091; x_wconf 75' lang='grc' dir='ltr'>φιλανθρωπία,</span> <span class='ocrx_word' id='word_1_623' title='bbox 804 5019 909 5088; x_wconf 76' lang='grc' dir='ltr'>γῆν</span> <span class='ocrx_word' id='word_1_624' title='bbox 934 5022 1068 5091; x_wconf 81' lang='grc' dir='ltr'>ὁμοῦ</span> <span class='ocrx_word' id='word_1_625' title='bbox 1118 5023 1497 5082; x_wconf 78' lang='grc' dir='ltr'>καὶ,θάλατταν</span> <span class='ocrx_word' id='word_1_626' title='bbox 1537 5028 1629 5079; x_wconf 77' lang='grc' dir='ltr'><strong>ἐπὶ</strong></span> <span class='ocrx_word' id='word_1_627' title='bbox 1655 5030 1751 5098; x_wconf 81' lang='grc' dir='ltr'>τὴν</span> 
     </span>
    </p>
   </div>
   <div class='ocr_carea' id='block_1_92' title="bbox 186 5110 1751 5189">
    <p class='ocr_par' dir='ltr' id='par_1_92' title="bbox 186 5110 1751 5189">
     <span class='ocr_line' id='line_1_92' title="bbox 186 5110 1751 5189; baseline 0.005 -26"><span class='ocrx_word' id='word_1_628' title='bbox 186 5111 287 5179; x_wconf 80' lang='grc' dir='ltr'>τῆς</span> <span class='ocrx_word' id='word_1_629' title='bbox 322 5110 692 5180; x_wconf 85' lang='grc' dir='ltr'>ὲλεημοσύνης</span> <span class='ocrx_word' id='word_1_630' title='bbox 716 5112 1015 5183; x_wconf 75' lang='grc' dir='ltr'>μετάληψιν</span> <span class='ocrx_word' id='word_1_631' title='bbox 1046 5113 1221 5175; x_wconf 83' lang='grc' dir='ltr'>καλεῖ,</span> <span class='ocrx_word' id='word_1_632' title='bbox 1253 5116 1347 5167; x_wconf 69' lang='grc' dir='ltr'><strong>καὶ</strong></span> <span class='ocrx_word' id='word_1_633' title='bbox 1374 5116 1590 5169; x_wconf 88' lang='grc' dir='ltr'>πλείονα</span> <span class='ocrx_word' id='word_1_634' title='bbox 1617 5120 1751 5189; x_wconf 79' lang='grc' dir='ltr'>πρὸς</span> 
     </span>
    </p>
   </div>
   <div class='ocr_carea' id='block_1_93' title="bbox 185 5204 1367 5276">
    <p class='ocr_par' dir='ltr' id='par_1_93' title="bbox 185 5204 1367 5276">
     <span class='ocr_line' id='line_1_93' title="bbox 185 5204 1367 5276; baseline 0.001 -17"><span class='ocrx_word' id='word_1_635' title='bbox 185 5205 316 5267; x_wconf 81' lang='grc' dir='ltr'>τοὺς</span> <span class='ocrx_word' id='word_1_636' title='bbox 339 5204 572 5266; x_wconf 85' lang='grc' dir='ltr'>οἰκείους</span> <span class='ocrx_word' id='word_1_637' title='bbox 599 5204 697 5273; x_wconf 81' lang='grc' dir='ltr'>τὴν</span> <span class='ocrx_word' id='word_1_638' title='bbox 729 5204 960 5276; x_wconf 82' lang='grc' dir='ltr'>σπουδὴν</span> <span class='ocrx_word' id='word_1_639' title='bbox 985 5205 1367 5261; x_wconf 75' lang='grc' dir='ltr'>ἐπιδείκνυται.</span> 
     </span>
    </p>
   </div>
   <div class='ocr_carea' id='block_1_94' title="bbox 268 5385 1741 5461">
    <p class='ocr_par' dir='ltr' id='par_1_94' title="bbox 268 5385 1741 5461">
     <span class='ocr_line' id='line_1_94' title="bbox 268 5385 1741 5461; baseline 0.002 -22"><span class='ocrx_word' id='word_1_640' title='bbox 268 5405 289 5438; x_wconf 76' lang='grc' dir='ltr'><strong>ι</strong></span> <span class='ocrx_word' id='word_1_641' title='bbox 326 5388 496 5439; x_wconf 82' lang='grc' dir='ltr'>Ἴδετε</span> <span class='ocrx_word' id='word_1_642' title='bbox 532 5385 779 5455; x_wconf 82' lang='grc' dir='ltr'>πηλίκοις</span> <span class='ocrx_word' id='word_1_643' title='bbox 802 5386 929 5456; x_wconf 82' lang='grc' dir='ltr'>ὑμῖν</span> <span class='ocrx_word' id='word_1_644' title='bbox 957 5388 1277 5457; x_wconf 86' lang='grc' dir='ltr'>γράμμασιν</span> <span class='ocrx_word' id='word_1_645' title='bbox 1310 5386 1520 5457; x_wconf 63' lang='grc' dir='ltr'>ἔγραψα</span> <span class='ocrx_word' id='word_1_646' title='bbox 1542 5391 1607 5458; x_wconf 82' lang='grc' dir='ltr'>τῇ</span> <span class='ocrx_word' id='word_1_647' title='bbox 1636 5390 1741 5461; x_wconf 79' lang='grc' dir='ltr'><strong>ἐμῇ</strong></span> 
     </span>
    </p>
   </div>
   <div class='ocr_carea' id='block_1_95' title="bbox 225 5478 413 5533">
    <p class='ocr_par' dir='ltr' id='par_1_95' title="bbox 225 5478 413 5533">
     <span class='ocr_line' id='line_1_95' title="bbox 225 5478 413 5533; baseline -0.027 0"><span class='ocrx_word' id='word_1_648' title='bbox 225 5478 356 5533; x_wconf 83' lang='grc' dir='ltr'>ειρί.</span> <span class='ocrx_word' id='word_1_649' title='bbox 394 5495 413 5528; x_wconf 74' lang='grc' dir='ltr'>ι</span> 
     </span>
    </p>
   </div>
   <div class='ocr_carea' id='block_1_96' title="bbox 188 5495 1748 5638">
    <p class='ocr_par' dir='ltr' id='par_1_96' title="bbox 188 5495 1748 5638">
     <span class='ocr_line' id='line_1_96' title="bbox 225 5495 413 5533; baseline -0.027 0"><span class='ocrx_word' id='word_1_650' title='bbox 225 5496 275 5533; x_wconf 88' lang='grc' dir='ltr'><strong>ει</strong></span> <span class='ocrx_word' id='word_1_651' title='bbox 321 5495 356 5530; x_wconf 94' lang='grc' dir='ltr'>ι.</span> <span class='ocrx_word' id='word_1_652' title='bbox 394 5495 413 5528; x_wconf 73' lang='grc' dir='ltr'>ι</span> 
     </span>
     <span class='ocr_line' id='line_1_97' title="bbox 188 5495 1748 5638; baseline 0.002 -15"><span class='ocrx_word' id='word_1_653' title='bbox 188 5499 221 5551; x_wconf 63' lang='grc' dir='ltr'><strong>χ</strong></span> <span class='ocrx_word' id='word_1_654' title='bbox 262 5495 451 5623; x_wconf 55' lang='grc' dir='ltr'>ϐάντα</span> <span class='ocrx_word' id='word_1_655' title='bbox 474 5567 719 5637; x_wconf 85' lang='grc' dir='ltr'>δέχεσθαι</span> <span class='ocrx_word' id='word_1_656' title='bbox 750 5568 838 5620; x_wconf 81' lang='grc' dir='ltr'><strong>τὸν</strong></span> <span class='ocrx_word' id='word_1_657' title='bbox 878 5568 1034 5637; x_wconf 86' lang='grc' dir='ltr'>λόγον</span> <span class='ocrx_word' id='word_1_658' title='bbox 1060 5568 1222 5620; x_wconf 76' lang='grc' dir='ltr'>αὐτοῦ</span> <span class='ocrx_word' id='word_1_659' title='bbox 1253 5573 1503 5638; x_wconf 83' lang='grc' dir='ltr'>παραινεῖ</span> <span class='ocrx_word' id='word_1_660' title='bbox 1524 5612 1539 5637; x_wconf 94' lang='grc'><strong>,</strong></span> <span class='ocrx_word' id='word_1_661' title='bbox 1570 5572 1662 5625; x_wconf 74' lang='grc' dir='ltr'><strong>καὶ</strong></span> <span class='ocrx_word' id='word_1_662' title='bbox 1687 5575 1748 5626; x_wconf 82' lang='grc' dir='ltr'>τὺ</span> 
     </span>
    </p>
   </div>
   <div class='ocr_carea' id='block_1_97' title="bbox 193 5659 1747 5734">
    <p class='ocr_par' dir='ltr' id='par_1_97' title="bbox 193 5659 1747 5734">
     <span class='ocr_line' id='line_1_98' title="bbox 193 5659 1747 5734; baseline 0.003 -21"><span class='ocrx_word' id='word_1_663' title='bbox 193 5659 432 5734; x_wconf 68' lang='grc' dir='ltr'>μέγεθος</span> <span class='ocrx_word' id='word_1_664' title='bbox 468 5660 575 5713; x_wconf 90' lang='grc' dir='ltr'>τῶν</span> <span class='ocrx_word' id='word_1_665' title='bbox 624 5660 928 5730; x_wconf 81' lang='grc' dir='ltr'>δογμάτων,</span> <span class='ocrx_word' id='word_1_666' title='bbox 979 5660 1067 5715; x_wconf 76' lang='grc' dir='ltr'><strong>διὰ</strong></span> <span class='ocrx_word' id='word_1_667' title='bbox 1106 5661 1185 5729; x_wconf 77' lang='grc' dir='ltr'><strong>τὺ,</strong></span> <span class='ocrx_word' id='word_1_668' title='bbox 1225 5662 1520 5729; x_wconf 75' lang='grc' dir='ltr'>πηλίκοις,</span> <span class='ocrx_word' id='word_1_669' title='bbox 1554 5666 1747 5733; x_wconf 83' lang='grc' dir='ltr'>εἰπεῖν,</span> 
     </span>
    </p>
   </div>
   <div class='ocr_carea' id='block_1_98' title="bbox 340 5842 862 5911">
    <p class='ocr_par' dir='ltr' id='par_1_98' title="bbox 340 5842 862 5911">
     <span class='ocr_line' id='line_1_99' title="bbox 340 5842 862 5911; baseline 0 -14"><span class='ocrx_word' id='word_1_670' title='bbox 340 5845 385 5877; x_wconf 83' lang='grc'><strong>³⁸</strong></span> <span class='ocrx_word' id='word_1_671' title='bbox 417 5842 546 5899; x_wconf 84' lang='lat' dir='ltr'><strong>Luc.</strong></span> <span class='ocrx_word' id='word_1_672' title='bbox 577 5860 729 5911; x_wconf 80' lang='lat' dir='ltr'><strong>xviii,</strong></span> <span class='ocrx_word' id='word_1_673' title='bbox 778 5846 862 5899; x_wconf 89' lang='lat' dir='ltr'><strong>l0.</strong></span> 
     </span>
    </p>
   </div>
   <div class='ocr_carea' id='block_1_99' title="bbox 1847 4660 3421 4729">
    <p class='ocr_par' dir='ltr' id='par_1_99' title="bbox 1847 4660 3421 4729">
     <span class='ocr_line' id='line_1_100' title="bbox 1847 4660 3421 4729; baseline -0.001 -14"><span class='ocrx_word' id='word_1_674' title='bbox 1847 4660 2081 4727; x_wconf 84' lang='lat' dir='ltr'><strong>Quando</strong></span> <span class='ocrx_word' id='word_1_675' title='bbox 2108 4662 2253 4715; x_wconf 91' lang='lat' dir='ltr'><strong>enim</strong></span> <span class='ocrx_word' id='word_1_676' title='bbox 2293 4676 2361 4715; x_wconf 88' lang='lat' dir='ltr'><strong>ex</strong></span> <span class='ocrx_word' id='word_1_677' title='bbox 2406 4662 2513 4715; x_wconf 88' lang='lat' dir='ltr'><strong>hoc</strong></span> <span class='ocrx_word' id='word_1_678' title='bbox 2543 4662 2745 4716; x_wconf 82' lang='lat' dir='ltr'><strong>saeculo</strong></span> <span class='ocrx_word' id='word_1_679' title='bbox 2791 4661 3000 4729; x_wconf 81' lang='lat' dir='ltr'><strong>egressi</strong></span> <span class='ocrx_word' id='word_1_680' title='bbox 3036 4660 3274 4725; x_wconf 85' lang='lat' dir='ltr'><strong>erimus,</strong></span> <span class='ocrx_word' id='word_1_681' title='bbox 3304 4661 3421 4713; x_wconf 69' lang='lat' dir='ltr'><strong>etsi.</strong></span> 
     </span>
    </p>
   </div>
   <div class='ocr_carea' id='block_1_100' title="bbox 1848 4752 3411 4823">
    <p class='ocr_par' dir='ltr' id='par_1_100' title="bbox 1848 4752 3411 4823">
     <span class='ocr_line' id='line_1_101' title="bbox 1848 4752 3411 4823; baseline -0.004 -15"><span class='ocrx_word' id='word_1_682' title='bbox 1848 4756 2048 4809; x_wconf 90' lang='lat' dir='ltr'><strong>millies</strong></span> <span class='ocrx_word' id='word_1_683' title='bbox 2078 4756 2351 4819; x_wconf 86' lang='lat' dir='ltr'><strong>volemus,</strong></span> <span class='ocrx_word' id='word_1_684' title='bbox 2390 4755 2528 4808; x_wconf 87' lang='lat' dir='ltr'><strong>nihil</strong></span> <span class='ocrx_word' id='word_1_685' title='bbox 2579 4754 2722 4806; x_wconf 87' lang='lat' dir='ltr'><strong>ultra</strong></span> <span class='ocrx_word' id='word_1_686' title='bbox 2774 4753 3155 4823; x_wconf 79' lang='lat' dir='ltr'><strong>perﬁciemus.</strong></span> <span class='ocrx_word' id='word_1_687' title='bbox 3194 4752 3284 4804; x_wconf 83' lang='lat' dir='ltr'><strong>Ait</strong></span> <span class='ocrx_word' id='word_1_688' title='bbox 3314 4766 3411 4803; x_wconf 85' lang='lat' dir='ltr'><strong>au-</strong></span> 
     </span>
    </p>
   </div>
   <div class='ocr_carea' id='block_1_101' title="bbox 1848 4839 3409 4906">
    <p class='ocr_par' dir='ltr' id='par_1_101' title="bbox 1848 4839 3409 4906">
     <span class='ocr_line' id='line_1_102' title="bbox 1848 4839 3409 4906; baseline -0.004 -10"><span class='ocrx_word' id='word_1_689' title='bbox 1848 4853 1979 4906; x_wconf 90' lang='lat' dir='ltr'><strong>tem,</strong></span> <span class='ocrx_word' id='word_1_690' title='bbox 2014 4844 2082 4896; x_wconf 87' lang='lat' dir='ltr'><strong>ad</strong></span> <span class='ocrx_word' id='word_1_691' title='bbox 2130 4859 2336 4905; x_wconf 73' lang='lat' dir='ltr'><strong>omnes,</strong></span> <span class='ocrx_word' id='word_1_692' title='bbox 2369 4844 2437 4896; x_wconf 92' lang='lat' dir='ltr'><strong>ad</strong></span> <span class='ocrx_word' id='word_1_693' title='bbox 2477 4842 2843 4896; x_wconf 78' lang='lat' dir='ltr'><strong>dill&#39;erentiam</strong></span> <span class='ocrx_word' id='word_1_694' title='bbox 2896 4840 3141 4893; x_wconf 69' lang='lat' dir='ltr'><strong>Judaicaa</strong></span> <span class='ocrx_word' id='word_1_695' title='bbox 3190 4839 3409 4892; x_wconf 88' lang='lat' dir='ltr'><strong>humili-</strong></span> 
     </span>
    </p>
   </div>
   <div class='ocr_carea' id='block_1_102' title="bbox 1849 4928 3410 4987">
    <p class='ocr_par' dir='ltr' id='par_1_102' title="bbox 1849 4928 3410 4987">
     <span class='ocr_line' id='line_1_103' title="bbox 1849 4928 3410 4987; baseline -0.003 -1"><span class='ocrx_word' id='word_1_696' title='bbox 1849 4936 1997 4987; x_wconf 87' lang='lat' dir='ltr'><strong>tatis.</strong></span> <span class='ocrx_word' id='word_1_697' title='bbox 2034 4932 2167 4987; x_wconf 87' lang='lat' dir='ltr'><strong>Nam</strong></span> <span class='ocrx_word' id='word_1_698' title='bbox 2200 4934 2384 4986; x_wconf 89' lang='lat' dir='ltr'><strong>omnia</strong></span> <span class='ocrx_word' id='word_1_699' title='bbox 2416 4932 2703 4985; x_wconf 82' lang='lat' dir='ltr'><strong>cltaritatis</strong></span> <span class='ocrx_word' id='word_1_700' title='bbox 2734 4932 2956 4984; x_wconf 91' lang='lat' dir='ltr'><strong>illorum</strong></span> <span class='ocrx_word' id='word_1_701' title='bbox 2983 4928 3158 4983; x_wconf 80' lang='lat' dir='ltr'><strong>officia</strong></span> <span class='ocrx_word' id='word_1_702' title='bbox 3190 4931 3243 4983; x_wconf 94' lang='lat' dir='ltr'><strong>in</strong></span> <span class='ocrx_word' id='word_1_703' title='bbox 3274 4945 3410 4983; x_wconf 84' lang='lat' dir='ltr'><strong>con-</strong></span> 
     </span>
    </p>
   </div>
   <div class='ocr_carea' id='block_1_103' title="bbox 1850 5019 3405 5091">
    <p class='ocr_par' dir='ltr' id='par_1_103' title="bbox 1850 5019 3405 5091">
     <span class='ocr_line' id='line_1_104' title="bbox 1850 5019 3405 5091; baseline -0.003 -16"><span class='ocrx_word' id='word_1_704' title='bbox 1850 5024 2079 5077; x_wconf 88' lang='lat' dir='ltr'><strong>tribules</strong></span> <span class='ocrx_word' id='word_1_705' title='bbox 2113 5022 2293 5075; x_wconf 91' lang='lat' dir='ltr'><strong>solum</strong></span> <span class='ocrx_word' id='word_1_706' title='bbox 2344 5021 2805 5091; x_wconf 89' lang='lat' dir='ltr'><strong>impendebantur</strong></span> <span class='ocrx_word' id='word_1_707' title='bbox 2841 5038 2853 5072; x_wconf 91' lang='lat'>:</span> <span class='ocrx_word' id='word_1_708' title='bbox 2901 5029 2958 5072; x_wconf 88' lang='lat' dir='ltr'><strong>at</strong></span> <span class='ocrx_word' id='word_1_709' title='bbox 2989 5019 3177 5087; x_wconf 66' lang='lat' dir='ltr'><strong>gratiae</strong></span> <span class='ocrx_word' id='word_1_710' title='bbox 3212 5020 3405 5073; x_wconf 83' lang='lat' dir='ltr'><strong>huma-</strong></span> 
     </span>
    </p>
   </div>
   <div class='ocr_carea' id='block_1_104' title="bbox 1851 5110 3407 5183">
    <p class='ocr_par' dir='ltr' id='par_1_104' title="bbox 1851 5110 3407 5183">
     <span class='ocr_line' id='line_1_105' title="bbox 1851 5110 3407 5183; baseline -0.001 -16"><span class='ocrx_word' id='word_1_711' title='bbox 1851 5116 2015 5177; x_wconf 86' lang='lat' dir='ltr'><strong>nitas,</strong></span> <span class='ocrx_word' id='word_1_712' title='bbox 2066 5122 2268 5167; x_wconf 86' lang='lat' dir='ltr'><strong>terram</strong></span> <span class='ocrx_word' id='word_1_713' title='bbox 2328 5114 2534 5183; x_wconf 84' lang='lat' dir='ltr'><strong>pariter</strong></span> <span class='ocrx_word' id='word_1_714' title='bbox 2590 5120 2644 5167; x_wconf 88' lang='lat' dir='ltr'><strong>et</strong></span> <span class='ocrx_word' id='word_1_715' title='bbox 2698 5126 2849 5166; x_wconf 82' lang='lat' dir='ltr'><strong>mare</strong></span> <span class='ocrx_word' id='word_1_716' title='bbox 2916 5110 2981 5164; x_wconf 85' lang='lat' dir='ltr'><strong>ad</strong></span> <span class='ocrx_word' id='word_1_717' title='bbox 3033 5110 3407 5165; x_wconf 73' lang='lat' dir='ltr'><strong>beneficentia:</strong></span> 
     </span>
    </p>
   </div>
   <div class='ocr_carea' id='block_1_105' title="bbox 1851 5202 3413 5276">
    <p class='ocr_par' dir='ltr' id='par_1_105' title="bbox 1851 5202 3413 5276">
     <span class='ocr_line' id='line_1_106' title="bbox 1851 5202 3413 5276; baseline -0.003 -17"><span class='ocrx_word' id='word_1_718' title='bbox 1851 5206 2334 5276; x_wconf 87' lang='lat' dir='ltr'><strong>participationem</strong></span> <span class='ocrx_word' id='word_1_719' title='bbox 2391 5205 2607 5266; x_wconf 89' lang='lat' dir='ltr'><strong>invitat,</strong></span> <span class='ocrx_word' id='word_1_720' title='bbox 2667 5212 2726 5255; x_wconf 94' lang='lat' dir='ltr'><strong>ut</strong></span> <span class='ocrx_word' id='word_1_721' title='bbox 2794 5211 2979 5255; x_wconf 84' lang='lat' dir='ltr'><strong>tamen</strong></span> <span class='ocrx_word' id='word_1_722' title='bbox 3037 5202 3413 5271; x_wconf 82' lang='lat' dir='ltr'><strong>capiosiorem-</strong></span> 
     </span>
    </p>
   </div>
   <div class='ocr_carea' id='block_1_106' title="bbox 1848 5292 3282 5366">
    <p class='ocr_par' dir='ltr' id='par_1_106' title="bbox 1848 5292 3282 5366">
     <span class='ocr_line' id='line_1_107' title="bbox 1848 5292 3282 5366; baseline -0.003 -15"><span class='ocrx_word' id='word_1_723' title='bbox 1848 5312 1977 5366; x_wconf 83' lang='lat' dir='ltr'><strong>erga</strong></span> <span class='ocrx_word' id='word_1_724' title='bbox 2008 5298 2345 5352; x_wconf 90' lang='lat' dir='ltr'><strong>domesticos</strong></span> <span class='ocrx_word' id='word_1_725' title='bbox 2375 5296 2498 5350; x_wconf 82' lang='lat' dir='ltr'><strong>ﬁdei</strong></span> <span class='ocrx_word' id='word_1_726' title='bbox 2532 5294 2968 5349; x_wconf 85' lang='lat' dir='ltr'><strong>sollicitudinem</strong></span> <span class='ocrx_word' id='word_1_727' title='bbox 3004 5292 3282 5363; x_wconf 57' lang='lat' dir='ltr'><strong>praeferat.</strong></span> 
     </span>
    </p>
   </div>
   <div class='ocr_carea' id='block_1_107' title="bbox 1926 5381 3405 5457">
    <p class='ocr_par' dir='ltr' id='par_1_107' title="bbox 1926 5381 3405 5457">
     <span class='ocr_line' id='line_1_108' title="bbox 1926 5381 3405 5457; baseline -0.004 -16"><span class='ocrx_word' id='word_1_728' title='bbox 1926 5386 2089 5443; x_wconf 77' lang='lat' dir='ltr'><strong>Vsus.</strong></span> <span class='ocrx_word' id='word_1_729' title='bbox 2150 5389 2238 5441; x_wconf 81' lang='lat' dir='ltr'><strong>ll.</strong></span> <span class='ocrx_word' id='word_1_730' title='bbox 2303 5406 2321 5439; x_wconf 79' lang='grc' dir='ltr'>ι</span> <span class='ocrx_word' id='word_1_731' title='bbox 2381 5385 2575 5441; x_wconf 86' lang='lat' dir='ltr'><strong>Videte</strong></span> <span class='ocrx_word' id='word_1_732' title='bbox 2634 5386 2894 5457; x_wconf 88' lang='lat' dir='ltr'><strong>qualibus</strong></span> <span class='ocrx_word' id='word_1_733' title='bbox 2953 5383 3154 5437; x_wconf 88' lang='lat' dir='ltr'><strong>litteris</strong></span> <span class='ocrx_word' id='word_1_734' title='bbox 3204 5381 3405 5450; x_wconf 86' lang='lat' dir='ltr'><strong>scripsi</strong></span> 
     </span>
    </p>
   </div>
   <div class='ocr_carea' id='block_1_108' title="bbox 1853 5481 2424 5534">
    <p class='ocr_par' dir='ltr' id='par_1_108' title="bbox 1853 5481 2424 5534">
     <span class='ocr_line' id='line_1_109' title="bbox 1853 5481 2424 5534; baseline -0.009 0"><span class='ocrx_word' id='word_1_735' title='bbox 1853 5481 2010 5534; x_wconf 89' lang='lat' dir='ltr'><strong>vobis</strong></span> <span class='ocrx_word' id='word_1_736' title='bbox 2044 5495 2158 5533; x_wconf 85' lang='lat' dir='ltr'><strong>mea</strong></span> <span class='ocrx_word' id='word_1_737' title='bbox 2188 5496 2375 5533; x_wconf 90' lang='lat' dir='ltr'><strong>manu.</strong></span> <span class='ocrx_word' id='word_1_738' title='bbox 2408 5498 2424 5529; x_wconf 78' lang='grc' dir='ltr'>ι</span> 
     </span>
    </p>
   </div>
   <div class='ocr_carea' id='block_1_109' title="bbox 1930 5563 3403 5633">
    <p class='ocr_par' dir='ltr' id='par_1_109' title="bbox 1930 5563 3403 5633">
     <span class='ocr_line' id='line_1_110' title="bbox 1930 5563 3403 5633; baseline -0.007 -8"><span class='ocrx_word' id='word_1_739' title='bbox 1930 5572 2133 5625; x_wconf 89' lang='lat' dir='ltr'><strong>Suadet</strong></span> <span class='ocrx_word' id='word_1_740' title='bbox 2183 5581 2240 5625; x_wconf 94' lang='lat' dir='ltr'><strong>ut</strong></span> <span class='ocrx_word' id='word_1_741' title='bbox 2281 5580 2450 5625; x_wconf 87' lang='lat' dir='ltr'><strong>totum</strong></span> <span class='ocrx_word' id='word_1_742' title='bbox 2504 5585 2811 5625; x_wconf 87' lang='lat' dir='ltr'><strong>sermonem</strong></span> <span class='ocrx_word' id='word_1_743' title='bbox 2880 5582 3041 5624; x_wconf 89' lang='lat' dir='ltr'><strong>suum</strong></span> <span class='ocrx_word' id='word_1_744' title='bbox 3102 5563 3403 5633; x_wconf 86' lang='lat' dir='ltr'><strong>excipiant,</strong></span> 
     </span>
    </p>
   </div>
   <div class='ocr_carea' id='block_1_110' title="bbox 1858 5645 3403 5736">
    <p class='ocr_par' dir='ltr' id='par_1_110' title="bbox 1858 5645 3403 5736">
     <span class='ocr_line' id='line_1_111' title="bbox 1858 5645 3403 5736; baseline -0.008 -17"><span class='ocrx_word' id='word_1_745' title='bbox 1858 5664 2223 5735; x_wconf 87' lang='lat' dir='ltr'><strong>dicendoque,</strong></span> <span class='ocrx_word' id='word_1_746' title='bbox 2266 5645 2529 5736; x_wconf 70' lang='lat' dir='ltr'><strong>qualibus,</strong></span> <span class='ocrx_word' id='word_1_747' title='bbox 2570 5673 2644 5729; x_wconf 89' lang='lat' dir='ltr'><strong>et,</strong></span> <span class='ocrx_word' id='word_1_748' title='bbox 2700 5678 2859 5717; x_wconf 85' lang='lat' dir='ltr'><strong>manu</strong></span> <span class='ocrx_word' id='word_1_749' title='bbox 2904 5677 3042 5727; x_wconf 77' lang='lat' dir='ltr'><strong>mea,</strong></span> <span class='ocrx_word' id='word_1_750' title='bbox 3086 5654 3403 5715; x_wconf 80' lang='lat' dir='ltr'><strong>sublimita-</strong></span> 
     </span>
    </p>
   </div>
  </div>
