4218 6448
188 426 281 493 821

1302 423 1379 480 ΙΝ
1421 423 1655 481 EPIST.
1688 421 1785 478 AD
1824 419 2210 481 EPHESIOS.

3283 418 3396 483 822

258 542 321 593 Οἱ
347 539 515 591 ταῦτα
544 536 846 597 διώκοντες,
881 533 1063 603 φησιν,
1088 527 1229 584 οῦτοι
1259 536 1353 584 καὶ¹
1378 534 1618 602 εἰρήνης.
1644 529 1738 581 καὶ
1766 532 1813 587 Α
1911 532 1924 591 1

1725 532 1813 587 ιΑ
1911 530 2009 594 Qui
2050 531 2158 583 haec
2198 534 2503 589 sectantur,
2544 528 2743 596 inquit,
2776 528 2829 582 hi
2864 543 2996 598 pace
3046 537 3099 583 et
3150 530 3391 596 benigni-

196 629 597 701 φιλανθρωπίας
628 625 1006 690 ἀπολαύοντες,
1032 624 1126 676 καὶ
1153 622 1231 694 τῷ
1262 623 1355 676 τοῦ
1393 623 1607 694 Ἰσραὴλ
1627 623 1741 674 ὀνόο

195 743 323 794 ματι
348 723 550 791 κυρίως
581 721 646 774 ἂν
673 720 939 771 καλοῖντο.

265 832 283 862 ι
313 811 419 862 Τοῦ
439 810 626 863 λοιποῦ
665 808 866 870 κόπους
897 824 986 877 μοι
1018 807 1210 879 μηδεὶς
1238 806 1539 877 παρεχέτω.
1579 825 1595 855 ι

261 903 524 956 Ἐνταῦθα.
570 901 667 970 οὐχ
712 901 787 962 ὼς
836 897 1049 967 καμὼν,
1091 898 1209 951 οὐδὲ
1255 898 1330 962 ὡς
1369 899 1743 970 περικακήσας

191 994 366 1049 ταῦτα
393 993 706 1062 φθέγγεται,
728 990 864 1044 ἀλλὰ
891 988 1227 1042 ἀναστέλλων
1250 986 1431 1040 αὐτῶν
1457 988 1555 1055 τὴν
1580 988 1743 1059 ῥᾴθυ-

197 1103 295 1156 μον
330 1083 577 1153 γνώμην,
608 1085 704 1136 καὶ
730 1083 809 1144 είς
845 1080 1008 1148 φόϐον
1038 1078 1260 1133 πλείονα
1310 1078 1563 1147 ἐμϐαλὼν
1590 1122 1603 1143 ,
1656 1080 1745 1130 καὶ

196 1175 582 1246 magaba-:02);
628 1172 757 1242 παρ’
807 1172 972 1225 αὐτοῦ
1027 1171 1280 1235 τεθέντας
1308 1172 1526 1242 νόμους,
1565 1174 1654 1224 καὶ
1687 1174 1746 1224 οὐ
1786 1212 1787 1221 η

199 1266 498 1335 συγχωρῶν
516 1266 709 1326 αὐτοὺς
733 1265 819 1315 ἀεὶ
850 1266 1040 1318 κινεῖν.

251 1373 287 1408 ·ι
326 1355 470 1423 Ἐγὼ
496 1356 603 1423 γὰρ
629 1356 695 1408 τὰ
725 1355 1000 1425 στίγματα
1030 1354 1125 1408 τοῦ
1156 1354 1363 1425 Κυρίου
1402 1354 1573 1425 Ἰησοῦ
1600 1356 1657 1405 ἐν
1678 1353 1751 1424 τῷ

201 1448 414 1516 σώματί
448 1464 547 1516 μου
578 1446 851 1516 βαστάζω.
887 1466 906 1497 ι

271 1536 481 1596 Παντὸς
505 1535 663 1604 λόγου
686 1536 781 1589 καὶ⁸
801 1536 983 1605 πάσης
1012 1536 1214 1604 φωνῆς,
1249 1537 1382 1605 φησὶ
1399 1575 1414 1597 ,
1447 1537 1753 1607 λαμπρότε-

207 1646 296 1699 ρον
333 1628 420 1680 διὰ
456 1626 564 1680 τῶν
590 1628 903 1697 στιγμάτων
943 1628 1316 1696 ἀπολογοῦμαι
1348 1630 1482 1698 πρὸς
1511 1634 1633 1692 τοὺς
1671 1631 1755 1683 λέ-

205 1737 401 1787 “ιόντας
436 1720 821 1791 ὑποκρίνεσθαί
854 1739 921 1791 με
945 1721 1004 1773 τὸ
1023 1722 1218 1790 δόγμα,
1246 1723 1338 1773 καὶ
1382 1722 1517 1792 πρὸς
1547 1723 1757 1793 ἀνορω’

209 1810 510 1880 παρεσκίαν
535 1810 731 1879 λέγειν.
768 1812 1060 1879 Στίγματα
1100 1811 1202 1875 τὰς
1233 1812 1445 1881 πληγάς
1470 1814 1637 1880 λέγει,
1691 1813 1759 1865 τὰ

204 1899 516 1968 τραύματα,
539 1899 609 1951 τά
637 1899 724 1952 διὰ
755 1900 846 1952 τὸν
869 1900 1121 1969 Χριστόν.

278 2001 298 2035 ι
350 1986 411 2037 Ἢ
438 1985 597 2055 χάρις
612 1985 704 2038 τοῦ
733 1988 940 2057 Κυρίου
980 1987 1136 2057 ἡμῶν
1162 1990 1339 2059 Ἰησοῦ
1368 1992 1601 2059 Χριστοῦ
1627 1992 1763 2061 μετὰ

207 2074 301 2128 τοῦ
337 2076 645 2147 πνεύματος
675 2077 847 2148 ὑμῶν,
879 2079 1118 2148 ἀδελφοί.
1150 2081 1204 2133 Ἀ
1218 2084 1345 2149 μήν.
1388 2104 1407 2133 ι

276 2166 368 2237 Τῷ
392 2167 681 2238 τελευταίῳ
710 2171 915 2239 ῥήματι
945 2170 1119 2241 τούτῳ
1157 2173 1334 2226 πάντα
1359 2180 1426 2228 τὰ
1458 2174 1765 2247 ἔμπροσθεν

209 2258 632 2326 ἐπεσφράγισεν.
669 2258 805 2314 Οὐδὲ
828 2261 938 2331 γὰρ
986 2257 1139 2316 εἶπεν
1184 2265 1389 2329 ἁπλῶς,
1417 2269 1544 2333 μεθ’
1576 2266 1761 2336 ὑμῶν,

208 2348 285 2409 ὡς
314 2350 410 2401 ἐπὶ
461 2348 568 2401 τῶν
606 2350 799 2415 ἄλλων,
864 2352 1038 2420 ἀλλὰ,
1079 2356 1231 2423 μετὰ
1286 2357 1389 2410 τοῦ
1436 2359 1769 2426 πνεύματος

208 2440 399 2507 ὑμῶν,
423 2442 651 2509 ἀπάγων
679 2442 875 2506 αὐτοὺς
900 2444 1008 2497 τῶν
1035 2447 1311 2516 σαρκικῶν
1328 2486 1342 2510 ,
1368 2450 1463 2501 καὶ
1494 2450 1765 2522 πανταχοῦ

209 2530 425 2596 δεικνὺς
452 2533 546 2587 τοῦ
573 2534 706 2587 Θεοῦ
728 2536 824 2606 τὴν
852 2538 1189 2606 εὐεργεσίαν,
1229 2542 1323 2593 καὶ
1345 2542 1769 2613 ἀναμιμνήσκων

211 2625 314 2692 τῆς
336 2624 559 2695 χάριτος
586 2622 653 2698 ἦς
686 2628 1025 2698 ἀπήλαυσαν,
1047 2631 1113 2683 δι’
1147 2628 1214 2703 ἧς
1236 2634 1413 2703 πάσης
1442 2636 1634 2698 αὐτοὺς
1662 2638 1773 2690 ἱκα-

213 2715 303 2779 νὸς
326 2712 398 2788 ἦν
417 2716 715 2789 Ἰουδαϊκῆς
734 2723 1039 2790 ἀπαγαγεῖν
1068 2724 1297 2797 πλάνης.
1328 2729 1400 2779 Τὸ
1420 2731 1526 2797 γὰρ
1553 2731 1773 2799 Πνεῦμα

213 2808 424 2872 λαϐεῖν,
465 2811 527 2863 οὐ
575 2811 661 2864 διὰ
694 2812 925 2882 νομικῆς
955 2811 1024 2885 ἦν
1056 2819 1413 2887 περιφανείας
1437 2818 1489 2881 ά,
1519 2820 1653 2873 ἀλλὰ
1687 2822 1773 2875 διὰ

213 2898 319 2970 τῆς
350 2900 495 2953 κατὰ
519 2902 617 2971 τὴν
640 2902 822 2955 πίστιν
853 2905 1217 2979 δικαιοσύνης.

218 3077 380 3143 Πρὸς
400 3078 677 3146 Γαλάτας
696 3081 921 3151 ἐγράφη
956 3083 1074 3137 ἀπὸ
1124 3079 1365 3154 Ῥώμης,
1394 3090 1618 3155 στίχων
1636 3093 1772 3160 σιιγ..

1842 631 1949 677 tate
1979 622 2069 675 Dei
2101 623 2411 691 potiuntur,
2453 634 2513 674 ιιι
2540 621 2765 692 proprie
2794 621 3014 676 lsraelis
3040 637 3255 690 quoque
3286 638 3389 676 no-

1840 715 1988 768 mine
2019 713 2278 782 appellari
2308 712 2537 782 possint.

1905 803 2071 859 VEIS.
2105 806 2189 857 l7.
2223 822 2241 854 ι
2270 802 2345 857 De
2365 814 2566 859 caetero
2603 818 2758 855 nemo
2781 802 2912 856 mihi
2949 801 3212 855 molestus
3240 799 3331 854 sit.
3369 816 3387 847 ι

1913 895 2030 949 Non
2071 895 2227 965 quasi
2275 894 2511 948 alnictus
2545 902 2640 947 aut
2690 892 3020 963 defatigatus
3063 894 3174 945 haec
3222 888 3397 958 loqui-

1846 995 1955 1049 tur,
2009 985 2107 1040 sed
2165 996 2223 1036 ut
2275 983 2562 1037 socordem
2594 982 2813 1035 illorum
2866 988 3082 1050 premat
3128 980 3393 1041 animum,

1847 1077 2012 1146 inque.
2066 1075 2326 1143 majorem
2374 1086 2640 1128 terrorem
2695 1072 3000 1140 conjiciat;
3052 1079 3221 1140 utque
3251 1070 3415 1139 leges-

1848 1168 1946 1223 abs
1988 1184 2048 1222 se
2094 1167 2231 1221 latas
2264 1165 2573 1228 conﬁrmet,
2599 1180 2700 1219 nec
2730 1165 2878 1218 siuat
2906 1164 3028 1219 illas
3054 1178 3269 1234 semper
3304 1174 3400 1217 va-

1848 1267 2054 1320 cillare.

1927 1375 1946 1408 ι
1984 1355 2096 1426 Ego
2152 1352 2298 1409 enim
2344 1356 2601 1425 stigmata
2651 1352 2865 1406 Domini
2914 1349 3049 1406 Iesu
3082 1351 3137 1405 in
3171 1364 3406 1420 corpore

1848 1463 1972 1502 meo
2004 1456 2182 1515 porto.
2226 1466 2243 1498 ι

1919 1540 2074 1593 Omni
2125 1554 2401 1603 sermone,
2446 1538 2701 1606 omnique
2748 1553 2882 1590 voce
2935 1535 3180 1590 vocalius
3218 1540 3269 1588 et
3298 1532 3400 1587 cla-

1858 1634 1971 1685 rius
2003 1649 2084 1683 me
2112 1630 2369 1692 dolendo,
2402 1631 2604 1699 inquit,
2653 1632 2920 1683 adversus
2972 1629 3097 1681 illos
3123 1628 3215 1696 qui
3254 1627 3409 1677 aiunt

1860 1740 1943 1776 tne
1966 1723 2224 1776 simulate
2257 1721 2475 1785 docere,
2511 1731 2563 1773 et
2593 1721 2891 1787 praedicare
2939 1735 3059 1789 quae
3092 1717 3408 1771 hominibus

1860 1814 2147 1881 placeant;
2178 1810 2461 1881 Stigmata,
2497 1811 2684 1880 plagas
2723 1818 2880 1864 vocat
2919 1824 2984 1863 ac
3013 1809 3261 1871 vulnera,
3290 1821 3411 1873 qua:

1860 1902 2065 1956 Christi
2097 1917 2263 1955 causa
2295 1918 2493 1971 passus
2524 1911 2627 1955 est.

1933 1992 2216 2047 Vsns.18.
2266 2012 2284 2044 ι
2336 1992 2529 2047 Gratia
2573 1991 2785 2045 Domini
2829 1992 3005 2046 nostri
3040 1990 3171 2045 Jesu
3201 1989 3408 2045 Christi

1862 2102 1985 2142 cum
2023 2086 2220 2156 spiritu
2261 2094 2462 2149 vestro,
2494 2085 2712 2139 fratres.
2748 2086 2940 2139 Amen.
2967 2104 2986 2135 ι

1934 2179 2046 2233 [loc
2084 2186 2332 2233 extremo
2366 2179 2534 2232 verbo
2559 2177 2779 2231 cunctis
2824 2194 2945 2245 quae
2980 2178 3244 2231 hactenus
3270 2175 3416 2228 dicta

1866 2282 2018 2337 sunt,
2056 2272 2404 2343 signaculum
2439 2271 2669 2325 addidit.
2718 2269 2837 2324 Non
2876 2271 3021 2324 enim
3074 2268 3217 2323 nude
3255 2267 3419 2326 dixit.

1866 2366 2151 2428 vobiscum,
2205 2374 2263 2418 ut
2300 2365 2354 2418 in
2408 2364 2530 2417 aliis
2579 2363 2858 2433 epistolis;
2898 2363 3016 2424 sed,
3068 2378 3187 2415 cum
3229 2360 3419 2428 spiritu

1872 2470 2078 2521 vestro;
2113 2463 2170 2509 ut
2202 2470 2299 2509 eos
2339 2464 2612 2509 averteret
2656 2470 2685 2508 a
2718 2454 3056 2515 carnalibus,
3089 2462 3142 2505 et
3188 2466 3281 2521 per
3305 2464 3420 2503 om-

1870 2553 1958 2605 nia
1988 2549 2405 2605 benelicentiam
2446 2546 2542 2604 Dei
2589 2548 2915 2611 declararet,
2940 2561 3041 2601 nec
3083 2560 3189 2598 non
3231 2544 3421 2613 gratia;

1871 2640 2387 2703 commonefaceret,
2442 2655 2605 2709 quam
2644 2647 2996 2708 acceperant,
3048 2647 3103 2690 et
3130 2652 3224 2705 per
3256 2649 3420 2704 quam

1871 2740 2087 2802 poterat
2136 2733 2287 2801 ipsos
2316 2730 2464 2785 Deus
2499 2731 2568 2784 ab
2618 2731 2766 2784 omni
2805 2743 2993 2783 errore
3020 2727 3246 2781 Iudaico
3270 2741 3418 2780 revo«

1874 2840 2021 2877 care.
2074 2822 2207 2875 Nam
2262 2821 2527 2891 Spiritum
2572 2822 2821 2890 accipere
2870 2836 2965 2890 per
3007 2821 3156 2874 illum
3217 2818 3424 2872 factum

1878 2918 2011 2984 legis
2049 2931 2157 2969 non
2211 2916 2432 2976 licebat,
2488 2914 2582 2969 sed
2639 2930 2734 2983 per
2781 2913 3059 2982 justitiam
3090 2927 3252 2982 quam
3288 2924 3429 2980 pra:-

1876 3018 1978 3061 stat
2011 3006 2161 3061 ﬁtles.

1956 3100 2035 3150 Ad
2070 3096 2290 3151 Galatas
2313 3097 2524 3165 scripsit
2545 3094 2731 3162 Roma,
2754 3094 2862 3149 293
2883 3094 3136 3150 uersibus.

1477 3255 1707 3311 νΑιιυΕ
1748 3258 2140 3316 LECTIONES.

296 3328 322 3365 ⁴
358 3330 639 3401 Chrysost.
673 3338 961 3405 πτωχείας.

236 3483 1271 3515 m

992 3490 1343 3501 ————-—-——-‘

1278 3508 1503 3517 ...ια-

1512 3510 1895 3521 mm

1905 3514 2239 3524 _~_—————

2250 3500 3423 3533 Μ

938 3647 1105 3733 ΕΙΣ
1164 3649 1798 3735 ΕΠΙΣΤΟΛΗΝ
1856 3651 2140 3736 ΠΡΟΣ
2193 3653 2751 3742 ΕΦΕΣΙΟΥΣ.

982 3936 1099 4019 ΙΝ
1192 3938 1849 4029 EPISTOLAM
1908 3947 2050 4028 AD
2098 3946 2704 4035 EPHICSIOS.

666 4274 1059 4329 ΚΕΦΑΛΑΙΟΝ
1093 4278 1385 4333 ΠΡΩΤΟΝ.

382 4364 589 4425 Παυλος
616 4364 909 4428 ἀπόστολος
948 4368 1185 4435 Χριστοῦ
1228 4369 1402 4440 Ἰησοῦ
1438 4370 1523 4426 διὰ
1559 4371 1798 4443 θελήμα-

237 4474 327 4519 τος
350 4455 511 4517 Θεοῦ,
543 4458 652 4519 τοῖς
702 4457 872 4523 ἁγίοις
920 4462 1030 4521 τοῖς
1056 4456 1218 4513 οὖσιν
1241 4463 1299 4513 ὲν
1326 4463 1558 4533 Ἐφέσῳ,
1595 4468 1683 4517 καὶ
1713 4486 1800 4519 πι-

239 4555 385 4614 στοῖς
411 4552 471 4603 ὲν
500 4551 718 4621 Χριστῷ
750 4552 941 4619 Ἰησοῦ.
973 4553 1145 4621 Χάρις
1177 4555 1303 4622 ὑμῖν
1348 4556 1439 4607 καὶ
1464 4559 1650 4627 εἰρήνη
1696 4560 1803 4611 ἀπὸ

238 4639 374 4691 Θεοῦ
432 4639 645 4708 Πατρὸς
694 4639 868 4707 ἡμῶν,
906 4641 998 4691 καὶ
1060 4641 1262 4707 Κυρίου
1318 4640 1495 4710 Ἰησοῦ
1542 4642 1777 4711 Χριστοῦ

242 4730 550 4798 Εὐλογητὸς
586 4730 614 4781 ό
650 4729 781 4792 Θεὸς
808 4731 903 4782 καὶ
927 4731 1114 4801 Πατὴρ
1144 4730 1246 4783 τοῦ
1286 4732 1489 4802 Κυρίου
1521 4732 1676 4802 ἡμῶν
1696 4734 1802 4803 ’1η-

244 4822 343 4875 σοῦ
373 4821 629 4891 Χριστοῦ.
670 4842 688 4873 ι
846 4831 853 4855 '
1764 4846 1767 4849 λ

317 4914 530 4983 Ὠσπερ
549 4913 617 4966 τά
646 4913 776 4967 ἄλλα
807 4913 941 4966 Θεοῦ
966 4913 1125 4982 ἔργα,
1151 4912 1325 4977 οὕτως
1346 4916 1441 4968 καὶ
1462 4916 1559 4982 τὴν
1579 4914 1807 4965 ἀποστο-

240 5003 343 5072 λὴν
363 5004 461 5073 τὴν
494 5003 685 5055 ἑαυτοῦ
714 5005 776 5055 ὲκ
802 5002 935 5055 Θεοῦ
972 5006 1068 5071 μέν
1102 5022 1283 5073 φησιν.
1317 5005 1712 5075 ἐνεργουμένην
1752 5005 1807 5057 δὲ

244 5097 353 5149 ὑπὸ
380 5095 637 5164 Χριστοῦ,
669 5096 743 5158 ὡς
764 5097 1037 5166 δυνάμεως
1066 5086 1213 5157 ὄντος
1246 5096 1403 5149 Θεοῦ.

321 5187 398 5238 Τὸ
428 5186 720 5253 κεφάλαιον
750 5187 847 5255 τῆς
888 5187 1176 5253 ἐπιστολῆς
1205 5188 1373 5249 ἐστιν,
1410 5187 1469 5237 τὸ
1499 5186 1704 5250 διδάξαι
1722 5188 1811 5239 αὖ·

242 5277 377 5337 τοὺς
408 5274 659 5343 περὶτῆς
698 5275 933 5344 Χριστοῦ
975 5276 1214 5344 χάριτος.
1244 5274 1392 5343 Αῦτη
1442 5275 1497 5326 δὲ
1546 5277 1579 5345 ή
1612 5277 1767 5345 χάρις
1792 5316 1806 5336 ,

244 5366 399 5415 ἐστὶν
430 5364 691 5434 ἀνάληψις
714 5364 868 5433 ἡμῶν
900 5366 956 5415 ὲν
998 5363 1166 5432 αύτῷ,
1215 5366 1307 5415 καὶ
1334 5364 1623 5431 ἁγιασμὸς,
1676 5365 1810 5417 καθὸ

244 5456 347 5508 καὶ
377 5456 536 5524 σῶμα
566 5455 729 5508 αὑτοῦ
755 5457 1077 5525 γεγόναμεν,
1110 5457 1200 5507 καὶ
1234 5454 1471 5525 κεφαλὴν
1502 5458 1833 5525 ἐσχήκαμεν.

244 5546 437 5599 αὐτόν.
468 5546 541 5597 Τὸ
566 5546 623 5598 δὲ
652 5546 822 5599 αἴτιον
842 5546 1044 5616 ταύτης
1074 5547 1170 5616 τῆς
1206 5548 1443 5617 χάριτος,
1478 5549 1510 5616 ἡ
1540 5547 1809 5616 άγαθὸτης

1826 4290 1869 4348 C
2392 4287 2615 4342 CAPUT
2670 4288 2959 4344 PRIMUM.

1967 4379 2130 4435 Vsus.
2166 4380 2281 4433 1-5.
2315 4398 2332 4429 ι
2370 4380 2573 4434 Paulus
2608 4381 2896 4451 apostolus
2934 4379 3063 4435 Iesu
3111 4380 3315 4435 Christi
3352 4396 3449 4450 per

1902 4474 2239 4527 voluntatem
2273 4473 2387 4538 Dei,
2420 4474 2631 4527 sanctis
2664 4474 2757 4541 qui
2791 4482 2922 4528 sunt
2956 4474 3179 4543 Ephesi,
3209 4481 3263 4526 et
3304 4472 3437 4526 ﬁde-

1902 4565 2051 4619 libus
2087 4566 2141 4618 in
2178 4565 2399 4617 Christo
2448 4562 2599 4618 Jesu.
2634 4564 2819 4618 Gratia
2865 4565 3016 4617 vobis
3052 4572 3106 4617 et
3135 4552 3257 4633 pax’
3281 4578 3311 4615 a
3344 4562 3452 4615 Deo

1906 4654 2066 4707 Patre
2113 4663 2327 4725 nostro,
2356 4664 2411 4707 et
2472 4654 2703 4706 Domino
2754 4653 2883 4707 Jesu
2940 4653 3182 4706 Christo.
3229 4651 3451 4705 Benedi-

1908 4758 2029 4799 (tus
2064 4744 2204 4801 Deus
2236 4752 2292 4799 et
2324 4744 2486 4800 Pater
2518 4744 2734 4798 Domini
2782 4746 2957 4803 nostri
2997 4741 3127 4797 Jesu
3165 4742 3397 4796 Christi.
3431 4759 3447 4792 ι

1982 4926 2449 4991 Quemadmodum
2485 4933 2677 4979 extera
2710 4924 2803 4979 Dei
2836 4918 3027 4995 opera,
3056 4926 3137 4979 sic
3161 4932 3217 4979 et
3242 4933 3457 4993 aposto-

1911 5017 2082 5073 latum
2141 5033 2324 5083 suum,
2356 5034 2383 5071 a
2426 5018 2531 5071 Deo
2576 5032 2699 5073 esse
2726 5019 2821 5079 ait,
2863 5018 3025 5086 cujus
3063 5028 3243 5071 tamen
3280 5017 3363 5071 vis
3402 5023 3458 5071 et

1910 5112 2155 5179 Operatio
2188 5112 2255 5163 sit
2288 5126 2317 5162 a
2350 5111 2586 5173 Christo,
2622 5110 2716 5179 qui
2742 5120 2829 5164 est
2862 5110 3037 5163 virtus
3075 5108 3192 5161 Dei.

1990 5203 2148 5271 178
2199 5202 2457 5271 Epistolas
2502 5218 2717 5257 summa
2774 5211 2882 5273 est,
2920 5212 2978 5254 ut
3006 5215 3099 5253 eos
3145 5200 3363 5255 erudiat
3392 5200 3460 5253 de

1912 5293 2119 5346 Christi
2169 5295 2364 5361 gratia.
2404 5293 2522 5345 llaec
2575 5307 2737 5361 porro
2789 5294 2987 5360 gratia.
3033 5298 3117 5344 est
3164 5291 3341 5344 nostri
3392 5289 3457 5343 ad

1915 5386 2090 5453 ipsum
2154 5386 2474 5453 assumptio.
2534 5393 2588 5439 ct
2646 5386 3029 5444 sanctiﬁcatio,
3092 5398 3197 5452 qua
3257 5396 3459 5450 corpus

1914 5476 2228 5542 ejuseﬂ'ecti
2278 5494 2488 5538 sumus,
2533 5487 2762 5547 eumtjue
2790 5485 2955 5545 caput
3002 5477 3315 5530 habuimus.
3348 5472 3461 5530 Hu-

1909 5570 2001 5635 jus
2050 5572 2464 5638 autetu'gratite
2503 5586 2665 5623 causa
2702 5572 2919 5624 bonitas
2970 5580 3057 5623 est
3085 5569 3202 5631 Dei,
3244 5582 3366 5638 quae
3402 5567 3459 5621 in

244 5636 351 5727 τθῖῆ
385 5635 539 5699 θεοδο
571 5638 601 5705 ἦ
636 5642 711 5700 εἷς
744 5637 942 5701 αἰῶνας
978 5640 1308 5707 ὑμνουμένη·
1351 5638 1412 5688 Ἥ
1443 5638 1499 5690 δὲ
1528 5637 1639 5699 δδδς
1667 5639 1699 5707 ἡ
1731 5642 1808 5701 είς
1840 5629 1883 5683 D
1915 5658 2114 5712 smcula
2182 5629 2434 5711 laudibus
2490 5662 2817 5714 celebratur.
2880 5659 2978 5713 Via
3032 5629 3208 5713 autem
3256 5629 3361 5727 oua
3390 5659 3458 5712 ad

242 5726 480 5795 ταύτην,
514 5730 546 5795 ἡ
575 5728 663 5780 διὰ
698 5727 789 5778 τοῦ
822 5728 1046 5796 αἵματος
1088 5728 1178 5780 τοῦ
1217 5728 1447 5797 Χριστοῦ
1495 5729 1806 5799 ἀπολύτρω-

246 5832 361 5878 σ;ς.

1919 5751 2061 5806 hanc
2091 5752 2353 5821 pergitur,
2393 5760 2477 5807 est
2511 5753 2810 5822 redemptio
2840 5768 2934 5823 per
2971 5753 3198 5826 gratiam
3233 5752 3458 5807 Christi.
