4218 6448
199 428 301 496 329

275 558 296 592 ι
326 541 400 593 Τὸ
429 541 698 614 πλήρωμα
727 562 820 596 τοσι
869 564 932 597 τα
983 562 1150 598 παντα
1181 547 1237 596 ἐν
1278 548 1413 598 πᾶσι
1440 547 1718 617 πληρουμέ
1785 550 1830 607 Α

199 649 311 688 νου.
355 651 376 684 ι

274 723 342 777 Ἥ
382 724 673 795 Ἐκκλησία
703 728 847 779 εστὶν
903 729 930 796 ἡ
961 729 1200 789 δεκτικὴ
1229 734 1379 798 φησι,
1416 731 1505 783 τοῦ
1538 731 1756 801 διήκον-

197 832 304 879 τος,
335 816 446 870 τῶν
471 818 730 888 οὐρανίων
771 821 862 886 uel
897 822 1081 881 πέπλον,
1124 823 1216 872 νῦν
1243 822 1300 874 δὲ
1336 823 1426 874 καὶ
1466 823 1745 890 ἐπιγείων.

777 1035 1020 1088 ΚΕΦᾹΛ.
1059 1036 1117 1089 Β’

268 1157 290 1190 ι
326 1140 437 1194 Καὶ
471 1141 614 1212 ὑμᾶς
642 1143 798 1206 ὄντας
835 1147 1057 1216 νεκροὺς
1088 1149 1196 1210 τοῖς
1229 1149 1636 1218 παραπτώμασι
1662 1153 1754 1204 καὶ

192 1234 312 1295 ταῖς
334 1235 650 1303 ἁμαρτίαις,
671 1239 729 1290 ὲν
751 1231 835 1298 αἷς
868 1255 992 1288 ποτ’-
1031 1242 1471 1310 περιεπατήσατε
1499 1243 1638 1295 κατὰ.
1663 1245 1752 1295 τὸν

193 1323 366 1376 αίῶνα
397 1326 490 1379 τοῦ
521 1327 723 1396 κόσμου
779 1331 998 1390 coita-0,
1059 1334 1197 1384 κατὰ
1247 1333 1336 1384 τὸν
1391 1333 1624 1402 ἄρχοντα
1656 1337 1751 1405 τῆς

192 1415 440 1478 ἐξουσίας
469 1417 560 1468 τοῦ
605 1419 776 1485 αὲρο
833 1438 910 1469 ,γε
945 1420 1247 1488 πνεύματος
1283 1423 1375 1474 τοῦ
1408 1424 1748 1492 ἐνεργοῦντος

193 1506 250 1556 ἐν
286 1507 400 1568 τοῖς
435 1507 568 1568 υίοῖς
615 1509 898 1560 tinum”:
1005 1511 1055 1560 ἓν
1108 1505 1187 1571 οἷς
1228 1513 1317 1562 καὶ
1349 1514 1509 1581 ἡμεῖς
1556 1514 1749 1579 πάντες

193 1596 608 1666 ἀνεστράφημέν
657 1614 776 1648 ποτε
843 1619 870 1648 .~
935 1603 1042 1659 ταῖς
1082 1600 1395 1668 ἐπιθυμίαις
1426 1602 1521 1670 τῆς
1551 1604 1751 1673 σαρκὸς

191 1687 370 1756 ἡμῶν,
417 1689 694 1751 ποιοῦντες
730 1707 797 1742 τα
852 1691 1130 1758 θελήματα
1160 1691 1255 1757 τῆς
1287 1693 1487 1759 σαρκὸς
1520 1695 1612 1745 καὶ
1644 1695 1752 1746 τῶν

191 1780 457 1843 διανοιῶν,
513 1783 605 1834 καὶ
656 1779 796 1853 ἦμες
858 1785 1011 1837 τέκνα
1043 1788 1198 1852 φύσει
1227 1787 1416 1856 ὀργῆς,
1467 1787 1540 1850 ὼς
1584 1790 1677 1840 καὶ
1700 1790 1748 1841 οἱ

1329 440 1399 495 ΙΝ
1444 438 1678 497 EPIST.
1720 439 1816 498 AD
1853 439 2242 498 EPHESIOS.

3315 437 3421 501 830

1935 566 1952 597 ι
1984 547 2268 599 Plenitudo
2286 545 2428 614 eius,
2456 546 2547 614 qui
2581 545 2764 599 omnia
2797 545 2853 599 in
2889 543 3206 600 [nominibus
3233 541 3410 596 adiui-

1861 639 1980 707 plet.
2019 659 2034 686 ο

1931 727 2171 781 Ecclesia
2224 736 2328 787 est,
2371 728 2567 795 inquit,
2620 725 2919 794 quzeillum
2955 725 3125 794 capit.
3158 722 3252 791 qui
3276 722 3408 776 olim

1856 818 2072 886 quidem
2142 817 2384 870 coelestia
2439 816 2769 884 pervadebat
2865 829 3012 868 nunc
3068 821 3250 868 autem
3303 821 3418 866 ter-

1860 923 1984 962 reua

2481 1041 2632 1096 CAP.
2668 1040 2735 1095 Il.

1923 1148 2088 1203 Vens.
2137 1152 2252 1205 1-5.
2300 1169 2318 1202 ι
2352 1151 2416 1204 Ει
2461 1167 2554 1204 vos
2606 1165 2731 1204 cum
2789 1151 2994 1204 mortui
3045 1150 3243 1204 essetis
3281 1149 3420 1202 deli-

1855 1243 1960 1294 clis
2012 1242 2206 1295 vestris
2235 1253 2287 1295 et
2320 1243 2584 1311 peccatis,
2609 1243 2664 1295 in
2709 1243 2915 1311 quibus
2964 1240 3266 1310 aliquando
3301 1254 3420 1294 am-

1855 1333 2082 1387 bulastis
2136 1333 2431 1387 secundum
2467 1334 2725 1388 saeculum
2782 1333 3184 1402 mundihujus.
3220 1347 3420 1386 secun-

1853 1423 1981 1475 dum
2032 1424 2335 1492 principem
2397 1426 2540 1479 aeris
2593 1425 2781 1494 hujus,
2833 1424 3060 1493 spiritus
3120 1423 3213 1492 qui
3271 1437 3419 1476 nunc

1852 1521 2112 1580 operatur
2135 1514 2190 1565 in
2226 1513 2368 1566 ﬁlios
2396 1512 2746 1581 dilﬁdentiaa;
2784 1531 2839 1567 in
2863 1515 3066 1582 quibus
3091 1520 3146 1567 et
3179 1527 3278 1566 nos
3300 1526 3421 1564 om-

1854 1618 1950 1656 nes
1971 1603 2266 1672 aliquando
2290 1606 2596 1658 conversati
2624 1621 2813 1660 sumus
2844 1605 2895 1658 in
2915 1604 3208 1658 desideriis
3231 1603 3420 1658 carnis

1854 1702 2053 1749 nostra;
2081 1693 2345 1748 facientes
2359 1694 2691 1750 voluntatem
2715 1696 2904 1750 carnis
2923 1705 2976 1748 et
2996 1694 3414 1762 cogitationum,

1850 1795 1904 1839 et
1956 1801 2180 1840 eramus
2234 1796 2428 1838 natura
2463 1785 2561 1839 ﬁlii
2611 1787 2730 1852 irae,
2763 1787 2903 1840 sicut
2928 1785 3209 1838 etczcteri.
3270 1781 3416 1837 Deus

191 1872 384 1926 Λοιποί.
433 1873 489 1926 ’0
532 1874 589 1927 δὲ
632 1875 764 1938 Θεὸς
807 1876 1058 1938 πλούσιος
1105 1877 1177 1928 σὺν
1223 1879 1277 1928 ἐν
1327 1879 1458 1929 ὲλέει
1491 1919 1504 1940 ,
1539 1879 1626 1930 διὰ
1649 1880 1749 1948 τὴν
1781 1885 1857 1944 B:

1781 1885 1822 1944 Β
1851 1886 2029 1930 autem
2065 1878 2159 1946 qui
2198 1877 2350 1932 dives
2377 1888 2463 1932 est
2497 1879 2550 1931 in
2593 1877 3004 1939 misericordia,
3058 1886 3285 1944 propter
3332 1875 3415 1928 ni-

191 1965 388 2034 πολλὴν
410 1966 629 2036 ἀγάπην
654 1968 842 2031 αὑτοῦ,
871 1969 936 2034 ἢν
965 1971 1245 2039 ἠγάπησεν
1283 1972 1448 2038 ἡμᾶς,
1481 1972 1572 2022 καὶ
1593 1972 1751 2034 ὄντας

193 2057 333 2125 ἡμᾶς
365 2058 590 2128 νεκροὺς
617 2061 729 2120 τοίς
776 2060 1235 2129 παραπτώμασιν,
1292 2061 1751 2131 συνεζωοποίησεν

190 2149 246 2199 ὲν
273 2147 354 2217 τῷ
381 2149 620 2219 Χριστῷ.
651 2151 846 2221 Χάριτί
895 2155 1014 2203 ἐστε
1047 2154 1395 2221 σεσωσμένοι.
1441 2174 1458 2205 ι

267 2237 465 2306 ’Υμᾶς,
494 2240 648 2308 φησι.
678 2240 804 2303 τοὺς
833 2241 892 2303 ἐξ
925 2243 1092 2293 ὲθνών
1135 2242 1443 2310 ἐξαιρέτους
1468 2243 1627 2306 ὄντας
1655 2242 1748 2297 τοῦ

190 2329 431 2384 Θανάτου
464 2332 550 2384 διὰ
573 2333 671 2401 τὴν
693 2333 964 2402 ἁμαρτίαν
991 2336 1044 2386 ἐν
1143 2336 1300 2402 ἐζῆτε
1333 2337 1434 2387 υπὸ
1464 2337 1554 2389 τοῦ
1589 2353 1750 2406 πονη-

189 2421 284 2488 ροῦ
308 2421 561 2490 δαίμονος
588 2423 680 2476 τοῦ
726 2423 985 2494 ἄρξαντος
1019 2427 1106 2478 διὰ
1144 2428 1240 2478 τῶν
1285 2427 1750 2496 εἰσπορευομένων

189 2514 320 2581 ὑμῖν
376 2515 631 2583 πονηρῶν
678 2516 895 2569 ἐννοιῶν
921 2559 933 2576 ,
973 2518 1119 2568 ἐλέου
1156 2517 1393 2581 ἀξιώσας
1434 2521 1460 2571 ὁ
1493 2519 1624 2581 Θεὸς
1657 2520 1750 2570 καὶ

188 2607 409 2676 χάριτος
462 2605 728 2669 ἑκουσίου,
781 2606 878 2676 τὴν
937 2623 991 2657 εν
1047 2610 1110 2676 τῆ
1164 2609 1405 2677 ἁμαρτίᾳ
1453 2609 1750 2677 νεκρότητα

189 2699 344 2763 ὑμῶν
377 2698 669 2767 μετέϐαλεν
702 2702 781 2762 είς
812 2699 954 2769 ζωὴν
984 2701 1234 2771 κοινωνίᾳ
1254 2705 1316 2770 τῇ
1342 2703 1476 2769 πρὸς
1497 2702 1586 2754 τὸν
1614 2704 1751 2771 Χρι-

188 2790 334 2843 στόν.
388 2790 566 2859 Ὅπερ
601 2790 708 2859 γάρ
753 2792 870 2842 ἐστι
922 2792 998 2854 τῷ
1030 2791 1268 2860 Χριστῷ,
1305 2792 1462 2843 τοῦτο
1491 2794 1570 2854 είς
1604 2794 1750 2861 ἡμᾶς

187 2882 357 2950 χωρεῖ
379 2881 817 2948 συναπτομένους
843 2880 1008 2940 αὐτῷ.
1037 2881 1143 2933 Καὶ
1174 2883 1297 2942 τοὺς
1341 2880 1560 2949 ἔχοντας
1587 2881 1642 2932 δὲ
1668 2881 1753 2932 νό-

189 2987 312 3039 μον,
356 2969 427 3021 τὰ.
484 2969 642 3039 ὅμοια
699 2968 808 3022 τῶν
855 2971 1021 3021 ἐθνῶν
1072 2970 1414 3034 πεπονθέναι,
1467 2971 1751 3039 φησὶν,εν

185 3061 525 3131 ἁμαρτίαις,
577 3062 662 3113 ἵνα
710 3062 770 3114 τὸ
810 3061 1034 3130 μέγεθος
1083 3062 1379 3130 ἐνδείξηται
1416 3061 1515 3128 τῆς
1543 3061 1747 3130 δωρεα,

184 3153 278 3206 τοῦ
308 3151 482 3212 Θεοῦ,
515 3153 596 3204 ὅτι
624 3153 751 3215 τοὺς
797 3154 1000 3214 πάντας
1050 3155 1451 3223 κρατουμένους
1497 3154 1601 3206 ὑπὸ
1654 3155 1751 3224 τῆς

184 3242 391 3314 φθορᾶς
413 3242 653 3296 διέσωσε.

257 3353 276 3384 ι
320 3335 431 3387 Καὶ
466 3335 751 3405 συνήγειρε
777 3336 870 3388 καὶ
901 3337 1253 3388 συνεκάθισεν
1287 3338 1341 3386 ἒν
1369 3341 1479 3399 τοῖς
1510 3339 1744 3406 ἐπουρα-

181 3425 313 3488 νίοις
341 3428 399 3477 ὲν
428 3426 644 3495 Χριστῷ
689 3427 885 3496 Ἰησοῦ,
911 3428 997 3478 ἵνα
1028 3427 1324 3495 ἐνδείξηται
1357 3432 1413 3479 ὲν
1445 3432 1554 3491 τοῖς
1587 3431 1743 3483 αἰῶσι

182 3521 294 3579 τοῖς
342 3519 727 3588 ἐπερχομένοις
776 3519 866 3571 τὸν
925 3519 1329 3587 ὑπερϐάλλοντα
1389 3521 1616 3573 πλοῦτον
1647 3523 1745 3592 τῆς

182 3609 401 3676 χάριτος
428 3607 589 3660 αὑτοῦ
615 3649 629 3670 ,
659 3609 716 3659 ὲν
751 3610 1076 3679 χρηστότητι
1123 3611 1205 3677 ἐφ’
1247 3613 1392 3679 ἡμᾶς
1443 3614 1498 3662 ὲν
1529 3613 1756 3682 Χριστῷ,

183 3699 380 3766 Ἰησοῦ.
417 3697 494 3767 Τῇ
537 3699 642 3769 γὰρ
674 3701 856 3770 χάριτί
905 3703 1027 3752 ἐστε
1060 3702 1391 3770 σεσωσμένοι
1421 3703 1505 3755 διὰ
1527 3705 1619 3773 τῆς
1649 3706 1740 3754 πίη

183 3807 374 3852 στεως,
409 3791 678 3843 καὶτοῦτο
698 3793 796 3844 οὐκ
825 3791 884 3855 ἐξ
919 3793 1094 3862 ἡμῶν.
1145 3820 1156 3838 ι

251 3883 396 3951 Σὰρξ
428 3886 593 3952 ἐσμεν
610 3884 703 3936 τοῦ
735 3885 992 3954 Χριστοῦ,
1014 3886 1107 3937 καὶ
1138 3888 1291 3955 μέλη,
1327 3889 1417 3939 καὶ
1446 3889 1624 3957 σῶμα.
1649 3889 1745 3941 καὶ⁵

182 3976 426 4045 κεφαλὴν
464 3976 620 4045 ἡμῶν
669 3976 830 4029 αὑτὸν
876 3976 1073 4030 ἔδωκεν
1105 3981 1132 4029 ὁ
1171 3979 1378 4047 Πατήρ.
1411 3980 1544 4048 Ἤδη
1577 3981 1744 4050 ἐσμὲν

182 4067 238 4119 ἐν
262 4066 497 4136 οὐρανῷ,
530 4066 663 4118 mea
689 4068 854 4136 ἐσμεν
903 4067 962 4119 ιν
997 4068 1235 4138 Χριστῷ,
1270 4071 1358 4119 καὶ
1385 4069 1491 4121 τῶν
1518 4070 1740 4135 ἀγαθῶν

180 4155 278 4224 τὴν
308 4155 604 4208 ἀπόλαυσιν
631 4155 822 4226 εξομεν
852 4158 932 4220 είς
959 4157 1202 4229 ὕστερον,
1229 4161 1315 4211 ὅτε
1349 4160 1413 4210 τὰ
1444 4165 1500 4213 ὲν
1524 4162 1744 4232 Χριστῷ

182 4250 364 4316 ἀγαθὰ
388 4249 629 4320 πρόεισιν
653 4252 731 4310 εἰς
752 4250 809 4303 τὸ
837 4252 1092 4321 ἐμφανὲς,
1122 4252 1427 4321 ἀνεξὴγητα
1453 4253 1580 4306 ὅντα
1607 4257 1743 4320 νυνὶ,

182 4341 276 4393 καὶ
304 4339 738 4410 ἀνεξαρίθμητα·
774 4341 854 4393 διὸ
902 4342 996 4395 καὶ
1027 4341 1256 4395 πλοῦτον
1283 4343 1445 4396 αὑτὸν
1467 4344 1611 4412 λέγει
1647 4345 1741 4415 χά-

185 4448 332 4501 ριτος
363 4431 791 4502 ὑπερόἀλλοντα.

261 4629 282 4661 ι
314 4607 450 4662 Θεοῦ
475 4607 534 4661 τὸ
564 4608 755 4679 δῶρον.
793 4628 812 4660 ι

254 4703 452 4770 Χάρις,
474 4701 534 4753 τὸ
565 4702 715 4769 παρὰ
741 4700 896 4762 Θεοῦ,
927 4701 1126 4766 πίστις,
1145 4703 1204 4755 τὸ
1233 4707 1355 4771 παρ’
1387 4705 1560 4770 ἡμῶν.
1584 4704 1746 4757 Ὅθεν

188 4789 276 4844 οὖν
299 4791 382 4855 οἷς
415 4794 487 4862 μὴ
513 4793 739 4861 πάρεστι
759 4793 819 4845 τὸ
843 4793 1110 4854 δεκτικὸν.
1144 4795 1260 4847 οὐδὲ
1315 4800 1344 4863 η
1377 4797 1532 4864 χάρις
1572 4814 1747 4867 παρα-

191 4885 415 4948 γίνεται.
448 4885 558 4936 Οὐκ
592 4885 649 4950 ἐξ
683 4885 835 4954 ἡμῶν
864 4882 975 4945 οὖν,
1003 4887 1136 4938 ἀλλὰ
1167 4886 1299 4938 Θεοῦ
1331 4888 1387 4938 τὸ
1408 4888 1577 4955 δῶρον
1600 4905 1612 4917 ο
1648 4890 1748 4939 οὐκ

191 4977 246 5025 ὲν
287 4976 362 5044 τῷ
400 4975 748 5044 λαμϐάνοντι,
782 4976 896 5029 ἀλλ’
925 4977 985 5029 ἐν
1010 4977 1086 5046 τῷ
1115 4978 1330 5039 διδόντι,
1369 4979 1427 5029 τὸ
1455 4978 1742 5047 εὐεργετῆ-

193 5084 301 5120 σαι.

267 5279 285 5308 ι
322 5259 434 5310 Οὐκ
462 5257 520 5322 ἐξ
558 5257 749 5327 ἔργων,
781 5257 867 5310 ἵνα
898 5261 971 5330 μή
1005 5278 1086 5322 τις
1117 5263 1473 5330 καυχήσηται.
1515 5281 1530 5310 ι

263 5347 387 5400 Ὀτι
415 5348 506 5398 καὶ
533 5347 640 5398 τῶν
680 5347 855 5415 ἔργων
884 5349 1072 5412 όντων,
1095 5350 1192 5402 οὐκ
1223 5352 1281 5412 ἐξ
1317 5351 1491 5402 αὐτῶν
1521 5352 1552 5418 ἡ
1577 5367 1748 5421 σωτη-

198 5440 304 5504 ρία,
342 5440 437 5491 καὶ
473 5437 544 5508 μὴ
574 5439 760 5500 ὄντων,
806 5441 1131 5508 παρεγένετο
1161 5443 1268 5504 τοῖς
1296 5443 1611 5494 πιστεύσασι
1649 5443 1746 5511 τῆς

198 5530 466 5600 σωτηρίας
499 5533 532 5600 η
565 5530 842 5583 κοινωνία.

266 5660 285 5692 ι
318 5640 494 5694 Αὐτοῦ
520 5640 626 5709 γάρ
661 5641 823 5709 ἔσμεν
847 5641 1077 5713 ποίημα,
1108 5643 1415 5708 κτισθέντες
1451 5650 1504 5697 δν
1530 5649 1747 5716 Χριστῷ

207 5733 380 5802 Ἰησοῦ
409 5731 495 5784 ἐπ’
523 5731 701 5803 ἔργοις
727 5731 972 5800 ἀγαθοῖς,
1005 5728 1086 5795 οἷς
1113 5737 1508 5806 προητοίμασεν
1543 5740 1570 5789 ό
1595 5740 1743 5798 Θεὸς,

209 5822 280 5874 ἱνα
303 5825 360 5874 ἑν
391 5822 572 5885 αὐτοῖς
601 5821 1078 5895 περιπατήσωμεν.
1118 5841 1138 5876 ι

1853 1971 2014 2022 miam
2051 1971 2367 2023 eharitatem
2420 1986 2577 2024 suam
2619 1972 2772 2040 181
2807 1987 2912 2040 qua
2960 1969 3152 2023 dilexit
3201 1983 3324 2032 nos,
3360 1977 3416 2020 et

1840 2064 1973 2112 'cum
1995 2076 2241 2114 essemus
2266 2070 2464 2115 mortui
2498 2063 2757 2130 peccatis,
2791 2061 3196 2116 conviviﬁcavit
3219 2076 3321 2114 nos
3351 2060 3406 2113 in

1850 2150 2071 2204 Christo
2098 2171 2110 2204 :
2137 2153 2308 2220 gratia
2340 2153 2475 2205 estis
2518 2153 2736 2206 salvati.
2784 2170 2802 2202 ι

1922 2241 2028 2294 Vos
2060 2242 2313 2309 gentiles.
2352 2242 2550 2311 inquit,
2584 2258 2706 2295 cum
2753 2241 2961 2296 addicti
2990 2242 3190 2296 essetis
3246 2240 3412 2294 morti

1853 2343 2072 2401 propter
2109 2341 2393 2401 peccatum
2431 2351 2485 2385 ιιι
2540 2350 2649 2401 quo
2681 2334 2964 2387 vivebatis.
3009 2327 3172 2401 cujus
3196 2332 3408 2385 daemon

1851 2421 2130 2489 improbus
2153 2423 2333 2490 pravis
2364 2423 2791 2491 cogitationibus
2817 2422 3038 2490 injectis
3053 2431 3244 2475 auctor
3268 2429 3410 2481 erat,

1851 2513 2226 2566 misericordia
2261 2514 2504 2581 dignavit
2539 2514 2701 2576 Deus.
2726 2516 3087 2583 ultroneaque
3121 2513 3315 2582 gratia,
3350 2528 3414 2567 ac

1850 2612 2086 2657 vestram
2114 2604 2166 2656 in
2201 2615 2424 2672 peccato
2454 2607 2834 2660 mortalitatem
2873 2607 3106 2659 mutavit
3135 2606 3190 2658 in
3220 2605 3410 2666 vitam,

1852 2707 1948 2762 per
1999 2696 2333 2749 consortium
2395 2712 2518 2748 cum
2557 2695 2796 2751 Christo.
2827 2694 2964 2749 Nam
3018 2698 3161 2766 quod
3192 2697 3413 2751 Christo

1853 2785 2128 2852 proprium
2168 2795 2268 2850 est,
2308 2787 2409 2838 hoc
2454 2787 2518 2839 ad
2553 2803 2652 2840 nos
2681 2787 2986 2850 derivatur,
3019 2789 3111 2856 qui
3145 2788 3249 2856 ipsi
3277 2803 3414 2841 con-

1847 2874 2153 2944 jungimur.
2185 2875 2385 2944 Aitque
2415 2893 2509 2929 eos
2561 2881 2653 2946 qui
2683 2878 2853 2946 legem
2881 2878 3175 2941 habebant,
3214 2878 3413 2932 similia

1888 2982 1911 3016 ιτ
1964 2968 2192 3034 gentiles
2228 2982 2420 3034 passos
2456 2977 2684 3038 propter
2719 2979 2966 3038 peccata,
3002 2980 3060 3025 ut
3099 2970 3416 3024 ostendere-

1853 3066 1903 3108 t;
1985 3057 2295 3124 magnitudo
2356 3058 2524 3110 divini
2595 3060 2862 3121 muneris,
2924 3077 3031 3128 qua
3089 3075 3280 3115 omnes
3309 3059 3404 3129 qui

1851 3157 2120 3216 corrupta:
2145 3150 2369 3217 suhjecti
2400 3157 2577 3210 erant,
2607 3152 2787 3206 salvos
2818 3151 2965 3206 fecit.

1913 3349 2077 3404 Vens.
2113 3351 2216 3406 6-8.
2257 3371 2275 3402 ι
2320 3350 2382 3403 Ει
2423 3353 2881 3406 conresuscitavit
2903 3362 2958 3407 et
2981 3352 3284 3407 consedere
3321 3353 3406 3407 fe-

1845 3446 1918 3496 cit
1952 3448 2001 3496 in
2056 3446 2374 3499 caelestibus
2413 3445 2468 3498 in
2515 3444 2738 3499 Christo
2769 3444 2924 3509 Jesu,
2967 3455 3025 3499 ut
3083 3445 3410 3500 ostenderet

1846 3537 2062 3590 saeculis
2087 3537 2602 3605 supervenientibus
2641 3537 2984 3592 abundantes
3021 3536 3245 3591 divitias
3282 3552 3409 3605 gra-

1846 3631 1934 3680 tia:
1986 3645 2117 3693 suae,
2173 3630 2226 3682 in
2277 3629 2519 3682 bonitate
2577 3644 2740 3696 super
2783 3645 2884 3683 nos
2916 3631 2969 3682 in
3005 3629 3227 3682 Christo
3257 3627 3410 3682 Jesu.

1845 3720 2026 3772 Gratia
2080 3722 2212 3774 estis
2242 3721 2445 3776 salvati
2476 3737 2570 3790 per
2598 3721 2782 3784 ﬁdem,
2830 3730 2884 3776 et
2915 3725 3021 3775 hoc
3055 3738 3175 3776 non
3208 3737 3272 3775 ex
3313 3737 3412 3774 vo-

1847 3814 1951 3866 bis-
1999 3835 2013 3861 ι

1914 3905 2055 3956 Caro
2088 3919 2275 3958 smnus
2301 3901 2525 3968 Christi,
2558 3905 2801 3958 membra
2853 3919 3072 3974 quoque
3098 3914 3150 3960 et
3175 3919 3408 3972 corpus;

1847 3995 2096 4062 [tuncque
2128 3994 2286 4048 Pater
2318 3995 2475 4050 nobis
2530 4004 2693 4065 caput
2751 3995 2926 4052 dedit.
2980 3995 3099 4051 Jam
3134 4012 3325 4052 sumus
3357 3996 3410 4050 in

1846 4086 2006 4148 coelo,
2065 4095 2338 4154 quatenus
2370 4101 2560 4140 sumus
2585 4086 2639 4138 in
2682 4085 2927 4149 Christo,
2962 4102 3025 4141 ac
3064 4088 3278 4142 tandem
3313 4091 3412 4142 bo—

1847 4190 2038 4226 norum
2099 4184 2376 4242 compotes
2405 4174 2636 4232 erimus.
2688 4175 2911 4243 quando
2962 4175 3108 4229 bona
3166 4176 3258 4230 illa
3290 4193 3412 4246 qum

1845 4261 2096 4316 Christus
2129 4264 2442 4331 acquisivit.
2487 4279 2716 4332 quaeque
2747 4280 2893 4318 nunc
2921 4266 3324 4336 inexplicabilia
3357 4277 3412 4322 et

1845 4368 2076 4405 numero
2151 4354 2356 4421 majora
2409 4362 2556 4414 sunt.
2620 4355 2672 4406 in
2734 4363 2982 4424 apertum
3041 4355 3406 4424 proh-rentur.

1845 4443 2111 4508 Quocirca
2145 4445 2257 4498 haec
2289 4447 2402 4512 ipsa
2441 4454 2622 4510 vocat,
2649 4445 2981 4499 abundantes
3017 4446 3232 4502 divitias
3285 4462 3411 4518 gra-

1776 4574 1820 4626 D
1851 4537 1955 4589 ιὶιε.

1925 4647 1942 4678 ι
1980 4629 2068 4682 Dei
2103 4629 2304 4681 donum
2331 4637 2435 4682 est.
2468 4646 2486 4679 ι

1919 4716 2108 4769 Gratia
2149 4723 2229 4769 est
2260 4716 2314 4768 id
2355 4717 2502 4785 quod
2527 4723 2612 4771 est
2639 4731 2669 4768 a
2698 4713 2808 4770 Deo
2846 4733 2861 4769 :
2901 4715 3037 4770 ﬁdes
3059 4724 3238 4770 autem
3275 4716 3409 4771 illud

1849 4811 1992 4879 quod
2053 4817 2345 4878 praestatur
2401 4825 2431 4862 a
2480 4809 2664 4864 nobis.
2697 4807 2856 4862 Unde
2885 4809 3087 4877 quibus
3121 4823 3227 4861 non
3257 4809 3398 4863 inest

1849 4917 1956 4967 quo
2014 4900 2334 4964 suscipiant,
2389 4913 2490 4953 nec
2519 4898 2688 4967 gratia
2723 4899 3107 4967 subsequitur.
3138 4897 3255 4952 Non
3281 4913 3411 4968 ergo

1848 5006 1910 5043 ex
1948 4991 2105 5043 nohis
2128 4989 2266 5041 hanc
2293 4988 2577 5043 habemus.
2597 4989 2692 5043 sed
2725 4989 2815 5043 Dei
2846 4989 3047 5042 donum
3077 4995 3199 5054 est;
3225 5003 3404 5056 neque

1849 5080 2212 5133 beneﬁcentia
2245 5094 2409 5148 penes
2434 5079 2588 5132 illum
2618 5088 2702 5132 est
2734 5079 2825 5149 qui
2863 5079 3085 5148 accipit,
3120 5079 3213 5133 sed
3242 5093 3408 5148 penes

1848 5171 2192 5230 largitorem.

1919 5260 2082 5312 Vens.
2109 5261 2159 5312 9.
2210 5279 2225 5308 ι
2257 5257 2375 5314 Non
2407 5275 2472 5314 ex
2497 5259 2780 5327 operibus.
2811 5273 2878 5312 ne
2901 5261 3022 5327 quis
3052 5259 3337 5328 glorietur.
3381 5276 3401 5308 ι

1919 5354 2058 5419 Quia
2107 5354 2364 5406 nimirum
2423 5368 2547 5407 cum
2583 5352 2882 5407 ederentur
2915 5367 3104 5421 opera,
3137 5361 3288 5422 parta
3339 5367 3406 5405 ex

1850 5444 1958 5498 illis
1985 5445 2134 5498 salus
2166 5458 2275 5496 non
2311 5451 2417 5506 est,
2439 5451 2492 5495 et
2516 5443 2636 5496 sine
2668 5442 2755 5497 his
2793 5442 3226 5496 communicatio
3259 5442 3403 5496 facta

1849 5544 1932 5587 est
1954 5535 2148 5590 salutis
2176 5534 2286 5587 illis
2311 5537 2402 5600 qui
2426 5534 2805 5587 crediderunt.

1921 5646 2062 5701 Vens
2132 5647 2196 5700 10
2257 5665 2272 5696 ι
2304 5647 2480 5700 losins
2541 5647 2685 5700 enim
2734 5647 2943 5699 factura
2978 5660 3189 5708 sumus,
3234 5642 3404 5697 creati

1851 5743 1905 5792 in
1931 5741 2148 5792 Christo
2181 5739 2234 5791 in
2273 5740 2535 5806 operibus
2563 5739 2720 5794 bouis
2750 5753 2870 5810 qua:
2905 5741 3228 5809 preparavit
3261 5733 3404 5790 Deus

1851 5839 1910 5884 ut
1943 5834 1993 5883 in
2029 5829 2163 5883 ipsis
2197 5831 2556 5886 ambulemus.
2593 5850 2609 5882 ι
