4218 6448
159 447 255 505 833

1274 437 1349 494 ΙΝ
1396 434 1632 493 EPIST.
1672 433 1770 492 AD
1809 434 2202 494 EPHESIOS.

3273 394 3475 499 834'

160 578 343 614 κνυται
379 562 485 623 πᾶς
515 561 542 612 ὁ
563 559 700 612 κατὰ
748 556 980 627 Χριστὸν
1013 555 1569 627 χαρακτηριζόμενος,
1601 554 1709 607 εἴτε
1740 559 1785 614 Α
1824 570 1826 602 ι

1740 559 1785 614 Α
1824 565 2043 614 novam,
2107 549 2223 604 sive
2253 549 2310 603 in
2341 551 2764 607 circumcisione
2793 552 2886 616 sit,
2934 553 3050 608 sive
3083 555 3137 609 in
3170 569 3380 626 prapo-

158 654 212 705 ἐν
243 654 538 722 περιτομῇ,
572 650 681 702 εἴτε
725 651 782 700 ὲν
826 648 1163 719 ἀκροϐυστίᾳ
1192 646 1335 699 κατά
1381 647 1479 715 τὴν
1523 646 1714 702 καινὴν

158 739 317 808 ζωήν.
357 739 582 808 Θανάτῳ
633 739 729 790 μὲν
785 736 877 788 οὖν
909 737 970 788 τὸ
1025 736 1183 805 σῶμα
1235 735 1558 803 παραδοθὲν,
1618 735 1717 804 τὴν

157 827 354 898 ἔχθραν
383 828 569 880 ἔλυσεν
599 843 612 857 ·
647 828 725 890 εἰς
755 824 900 896 ζωὴν
929 824 985 876 δὲ
1017 823 1276 889 ἀναστὰν,
1305 827 1403 895 τὴν
1433 824 1610 892 φιλίαν
1638 825 1717 886 εἰς

157 921 325 974 αἰῶνα
356 918 774 974 κατεσκεύασεν.

230 1031 249 1063 ι
278 1009 684 1080 Εὐηγγελίσατο
729 1007 953 1077 εἰρήνην
1009 1007 1138 1076 ὑμῖν
1191 1007 1300 1068 τοῖς
1359 1006 1593 1075 μακρὰν,
1625 1006 1717 1059 καὶ

161 1103 265 1162 τοῖς
299 1099 487 1165 ἐγγύς.
529 1118 547 1149 ι

228 1188 465 1257 Μακρὰν
496 1187 563 1239 τὰ
594 1185 740 1256 ἔθνη,
768 1185 920 1254 φησὶ,
939 1185 1028 1237 διὰ
1055 1184 1153 1252 τὴν
1184 1183 1390 1252 πλάνην
1411 1200 1422 1212 ·
1473 1185 1637 1252 ἐγγὺς
1663 1184 1717 1236 δὲ

163 1279 282 1334 τοὺς
311 1279 399 1330 διὰ
428 1278 588 1346 νόμου
609 1317 623 1336 ,
661 1275 754 1327 τοῦ
786 1273 1021 1344 Χριστοῦ
1059 1272 1472 1342 διδασκομένους
1518 1275 1720 1345 μυστή-

168 1387 294 1440 ριον.

237 1480 256 1511 ι
297 1462 418 1510 Ὅτι
445 1461 510 1511 δι’
537 1459 700 1512 αὑτοῦ
735 1459 930 1528 ἔχομεν
959 1457 1057 1527 τὴν
1080 1460 1444 1529 προσαγωγὴν
1468 1460 1516 1510 οἱ
1547 1457 1723 1527 ἀμφό-

163 1570 330 1623 τεροι,
366 1554 420 1604 ὲν
452 1554 530 1604 ένὶ
576 1551 846 1620 πνεύματι
876 1551 1010 1621 πρὸς
1043 1551 1134 1603 τὸν
1185 1551 1426 1621 Πατέρα.
1459 1553 1601 1618 Ἀρα
1629 1549 1721 1602 οῦν

166 1646 346 1696 οὐκέτι
377 1644 498 1696 ἐστὲ
526 1643 663 1706 ξένοι
694 1643 785 1694 καὶ
813 1643 1082 1710 πάροικοι,
1106 1641 1241 1694 ἀλλά
1276 1641 1598 1711 συμπολῐται
1617 1641 1722 1692 τῶν

169 1738 358 1802 άγίων,
387 1738 480 1786 καὶ
515 1737 701 1786 οἰκεῖοι
728 1733 819 1785 τοῦ
851 1733 985 1785 Θεοῦ
1011 1773 1024 1795 ,
1075 1735 1584 1804 ἐποικοδομηθέντες
1634 1735 1725 1785 ἐπὶ

166 1830 242 1898 τῷ
293 1827 526 1896 θεμελίῳ
575 1827 684 1878 τῶν
725 1825 1034 1878 ἀποστόλων
1083 1827 1174 1879 καὶ
1230 1825 1542 1895 προφητῶν,
1577 1826 1725 1886 όντος

171 1917 566 1986 ἀκρογωνιαίου
599 1915 763 1966 αὑτοῦ
806 1914 977 1984 Ἰησοῦ
1010 1914 1265 1984 Χριστοῦ.
1304 1933 1321 1963 ι

237 2008 404 2059 Οὐδὲν
441 2006 636 2074 μᾶλλον
670 2003 849 2074 ήμῶν,
905 2006 1089 2075 φησὶν,
1122 2005 1336 2067 οἰκείως
1387 2005 1569 2074 ἔχουσι
1598 2006 1735 2075 πρὸς

171 2097 297 2149 Θεὸν
321 2099 370 2149 οί
411 2097 672 2166 πρότερον
692 2095 841 2157 ὄντες
875 2095 1062 2161 ἐγγυς,
1098 2093 1231 2146 ἀλλὰ
1259 2094 1357 2164 μία
1407 2095 1734 2164 ἀμφοτέρων

175 2187 535 2257 προσαγωγὴ,
590 2186 656 2238 δι’
691 2187 807 2248 ἑνὸς
852 2186 1010 2252 ἁγίου
1064 2185 1404 2255 Πνεύματος.
1452 2187 1536 2238 Ἐν
1567 2188 1646 2237 ἐνὶ
1677 2186 1734 2238 δὲ

175 2281 386 2349 σώματι
416 2277 686 2348 προειπὼν
708 2280 856 2348 ἡμᾶς
888 2277 1256 2346 κατηλλάχθαι
1287 2279 1429 2347 Θεῷ,
1449 2278 1543 2330 νῦν
1573 2281 1628 2329 ὲν
1655 2277 1734 2328 ὲνὶ

175 2372 444 2440 πνεύματι
474 2372 741 2441 προῆχθαι
795 2369 913 2438 Θεῷ
948 2386 1102 2438 φησι,
1156 2370 1414 2440 μετόχους
1477 2369 1734 2421 δεικνύων

174 2462 264 2513 τοῦ
317 2461 436 2522 ἐνὸς
487 2459 792 2528 πνεύματος
822 2459 910 2512 διὰ
944 2463 1038 2511 του
1072 2459 1187 2522 ἑνὸς
1227 2459 1480 2529 σώματος
1509 2459 1735 2528 γενομέ-

175 2569 316 2614 νους.
361 2552 511 2620 Ἔχει
539 2551 596 2602 δὲ
645 2550 740 2602 καὶ
859 2551 966 2603 τῶν
999 2551 1276 2620 ὀνομάτων
1317 2549 1627 2621 παράληψις
1661 2553 1736 2601 οί-

174 2645 354 2705 κείως.
392 2644 563 2694 Ὅπου
617 2643 716 2713 μὲν
774 2642 880 2715 γὰρ
936 2643 1324 2711 καταλλαγὴν
1384 2638 1526 2706 εἷπε,
1591 2643 1738 2694 Θεὸν

174 2738 416 2806 εἴρηκεν.
453 2737 623 2787 Ὅπου
653 2736 709 2787 δὲ
750 2736 1145 2804 προσαγωγὴν
1182 2737 1350 2803 λέγει,
1382 2735 1623 2805 Πνεῦμα
1645 2750 1738 2788 κα-

175 2843 274 2878 Αει.

253 2937 270 2966 ι
312 2917 402 2968 Ἐν
422 2934 466 2981 ῳ
505 2918 654 2967 πᾶσα
683 2917 934 2986 οἰκοδομὴ
968 2917 1541 2987 συναρμολογουμένη,
1580 2916 1734 2981 αὖξει

177 3009 258 3069 εἰς
281 3009 408 3060 ναὸν
441 3008 590 3073 ἆγιον
613 3010 669 3059 ἐν
694 3009 900 3079 Κυρίῳ.
931 3028 948 3059 ι

250 3099 665 3167 Παραδείγματι
694 3098 970 3169 χρώμενος
995 3098 1072 3166 τῷ
1107 3099 1340 3170 γωνιαίῳ
1361 3099 1512 3170 λίθῳ,
1539 3101 1616 3171 τῷ
1643 3101 1738 3171 τὴν

177 3189 308 3257 ὅλην
331 3190 619 3259 οἰκοδομὴν
661 3190 1097 3260 ὑποστηρίςοντι,
1128 3190 1366 3244 διδάσκει
1414 3193 1495 3244 ὅτι
1527 3195 1582 3244 ὲν
1609 3195 1739 3260 Χρι-

183 3279 294 3349 στῷ
325 3280 714 3349 στηριζόμεθα.
750 3281 931 3334 Λίθον
955 3281 1009 3332 δὲ
1053 3281 1241 3346 εἰπὼν,
1287 3284 1381 3337 καὶ
1414 3284 1739 3354 συνάρτησιν

181 3369 349 3424 αὑτοῦ
393 3372 491 3439 τὴν
543 3371 678 3440 πρὸς
732 3373 859 3434 τοὺς
901 3373 1400 3443 οίκοδομουμένους,
1456 3377 1554 3444 τὴν
1601 3377 1736 3447 πρὸς

181 3464 331 3532 ἡμᾶς
365 3463 680 3530 ὁμογένειαν
711 3463 898 3527 ἔδειξε,
929 3468 1025 3534 τῆς
1055 3464 1196 3516 κατὰ
1227 3466 1405 3534 σάρκα
1442 3468 1744 3536 γεννήσεως

183 3572 275 3607 του
308 3555 644 3621 Μονογενοῦς
706 3556 937 3623 Ἐπειδὴ
971 3557 1100 3628 γὰρ,
1133 3558 1284 3626 φησὶ.
1321 3557 1391 3609 τὰ
1419 3557 1624 3610 παιδία
1649 3575 1743 3611 κε-

184 3648 555 3714 κοινώνηκεν
580 3650 826 3717 αἵματος
867 3650 966 3702 καὶ
1009 3650 1256 3717 σαρκὸς,
1289 3650 1388 3703 καὶ
1422 3652 1604 3716 αὐτὸς
1630 3667 1740 3704 πα-

178 3743 533 3811 ραπλησίως
566 3740 826 3809 μετέσχε
858 3743 974 3794 τῶν
1005 3741 1221 3796 αὐτῶν.

262 3849 281 3878 σ
319 3832 410 3882 Ἐν
514 3833 607 3883 καὶ
649 3832 803 3900 ὑμεῖς
854 3831 1322 3902 συνοικοδομεῖσθε
1355 3833 1436 3895 εἰς
1480 3849 1742 3904 κατοικη-

185 3923 376 3990 τήριον
403 3920 496 3972 τοῦ
522 3920 655 3972 Θεοῦ
683 3923 739 3972 ἐν
767 3922 1063 3991 [Ινεύματι.
1095 3939 1112 3971 ›

258 4015 393 4083 Ναῴ
423 4015 685 4084 δηλονότι.

784 4146 1031 4201 ΚΕΦΑΔ.
1080 4147 1148 4200 Ρ.

265 4281 286 4315 ί
319 4261 522 4314 Τούτου
545 4262 704 4332 χάριν
729 4264 836 4331 ἐγὼ
860 4264 1065 4324 Παῦλος
1091 4266 1118 4315 ὁ
1142 4264 1359 4332 δέσμιος
1389 4262 1483 4317 τοῦ
1512 4263 1747 4336 Χριστοῦ

204 4355 404 4424 Ἰησοῦ,
439 4356 578 4424 ὑπὲρ
603 4355 753 4424 ὑμῶν
783 4355 893 4405 τῶν
938 4353 1128 4419 ἐθνῶν,
1174 4355 1225 4404 εί
1257 4372 1319 4421 γε
1343 4355 1610 4422 ἠκούσατε
1651 4355 1748 4424 τὴν

192 4446 508 4514 οἰκονομίαν
557 4445 657 4512 τῆς
694 4445 916 4514 χάριτος
943 4446 1036 4497 τοῦ
1085 4444 1219 4497 Θεοῦ
1254 4448 1351 4514 τῆς
1383 4445 1628 4514 δοθείσης
1660 4464 1749 4516 μοι

1823 645 1923 705 tio,
1979 642 2183 696 Christi
2221 653 2349 696 nota
2401 643 2714 712 insignitur.
2769 645 2982 713 Corpus
3040 646 3208 716 igitur
3235 647 3379 716 quod

1823 736 2083 789 traditum
2115 736 2217 788 fuit
2241 736 2426 801 morti,
2456 735 2775 792 inimicitias
2807 736 3008 792 delevit
3043 755 3058 791 :
3092 739 3220 793 dum
3251 754 3383 794 vero

1823 827 1890 880 ad
1921 828 2090 882 vitam
2147 828 2473 894 resurrexit,
2503 835 2764 882 aeternam
2818 830 3116 884 amicitiam
3148 830 3382 901 paravit.

1899 1025 1918 1057 ι
1943 998 2344 1072 Evangelizavit
2372 1017 2560 1072 pacem
2591 1003 2745 1057 vobis
2770 1004 2863 1074 qui
2895 1004 3054 1075 longe
3080 1001 3264 1058 fuistis
3291 1044 3304 1065 ,
3335 1013 3387 1057 et

1826 1100 1896 1155 iis
1925 1098 2019 1167 qui
2050 1112 2238 1168 prope.
2273 1117 2290 1149 ι

1889 1190 2076 1259 Longe
2106 1189 2327 1257 quidem
2383 1189 2628 1242 abfuisse
2660 1188 2892 1259 gentiles
2922 1187 3018 1250 ait,
3044 1195 3265 1256 propter
3293 1201 3388 1240 er-

1825 1297 2008 1336 rorem
2043 1296 2058 1334 :
2091 1296 2259 1350 prope
2282 1289 2463 1335 autem
2496 1281 2621 1334 illos
2651 1282 2743 1349 qui
2776 1278 2878 1349 legi
2911 1278 3200 1348 parebant,
3220 1277 3384 1333 Chri-

1827 1374 1894 1430 sti
1920 1373 2237 1442 mysterium
2269 1372 2512 1426 edoctos.

1889 1463 2032 1519 Vens
2113 1464 2301 1518 18-20.
2360 1483 2378 1514 ι
2417 1462 2684 1529 Quoniam
2733 1478 2829 1531 per
2887 1462 3063 1531 ipsum
3127 1462 3393 1518 habemus

1832 1571 2115 1610 accessum
2171 1557 2333 1610 ambo
2377 1557 2432 1608 in
2493 1569 2603 1607 uno
2636 1555 2835 1623 spiritu
2867 1554 2935 1607 ad
2973 1553 3211 1609 Patrem.
3253 1553 3395 1622 Ergo

1827 1649 1936 1717 jam
1985 1664 2092 1702 non
2123 1649 2259 1703 estis
2291 1646 2540 1716 hospites
2579 1655 2632 1700 et
2663 1647 2907 1709 advenae,
2944 1645 3039 1700 sed
3071 1646 3213 1700 estis
3242 1645 3392 1700 cives

1832 1748 2146 1793 sanctorum
2177 1747 2233 1793 et
2283 1739 2564 1792 domestici
2598 1739 2718 1801 Dei,
2759 1739 3188 1808 supermdificati
3224 1754 3392 1807 supra

1833 1828 2242 1883 fundamentum
2291 1829 2664 1898 apostolorum
2716 1839 2770 1882 et
2828 1829 3244 1898 prophetarum,
3278 1829 3396 1898 ipso

1759 1917 1802 1972 Β
1830 1934 2046 1973 summo
2087 1918 2332 1987 angulari
2369 1918 2546 1986 lapide
2576 1917 2800 1971 Christo
2829 1916 2986 1972 Jesu.
3031 1936 3050 1970 ›

1911 2008 2057 2063 Nihil
2088 2024 2256 2078 supra
2286 2025 2386 2063 nos
2417 2009 2644 2074 habent,
2677 2010 2877 2079 inquit,
2910 2009 3054 2078 apud
3087 2009 3393 2078 Deum,qui

1833 2101 2106 2169 quondam
2137 2108 2295 2154 erant
2321 2115 2511 2169 prope,
2549 2101 2644 2155 sed
2676 2117 2821 2156 unus
2845 2107 2930 2156 est
2960 2116 3222 2156 accessus
3243 2109 3396 2154 utro-

1834 2209 2066 2263 rumque
2096 2209 2192 2263 per
2221 2209 2387 2247 unum
2422 2191 2687 2262 Spiritum
2711 2203 2986 2248 sanctum.
3019 2193 3152 2247 Cum
3212 2202 3395 2246 autem

1834 2288 2064 2342 dixisset
2098 2287 2251 2357 prius
2276 2288 2330 2342 in
2362 2301 2474 2338 uno
2509 2300 2741 2356 corpore
2771 2301 2871 2340 nos
2925 2301 3048 2340 esse
3077 2286 3394 2339 reconcilia-

1836 2387 1922 2434 tos
1951 2379 2084 2440 Deo,
2118 2393 2263 2432 nunc
2289 2395 2342 2432 in
2375 2392 2484 2432 uno
2509 2377 2704 2446 spiritu
2738 2377 3027 2446 proximos
3065 2391 3186 2430 esse
3219 2376 3398 2432 factos

1836 2481 1940 2535 ait;
1979 2479 2035 2524 ut
2064 2470 2331 2538 significet
2364 2479 2585 2540 propter
2616 2485 2786 2522 unum
2843 2484 3070 2538 corpus.
3103 2469 3268 2523 unius
3299 2483 3402 2522 nos

1838 2561 2066 2628 spiritus
2099 2560 2217 2614 fieri
2275 2559 2592 2628 participes.
2651 2558 2796 2622 Quin
2825 2567 2881 2612 et
2935 2559 3096 2629 183
3133 2560 3402 2628 appositis

1836 2650 1994 2719 plane
2027 2658 2079 2702 et
2109 2649 2318 2701 idoneis
2349 2648 2633 2701 vocabulis
2687 2647 2886 2701 utitur.
2919 2645 3055 2701 Nam
3089 2648 3179 2702 ubi
3211 2664 3398 2700 recon-

1838 2741 2162 2794 ciliationem
2215 2739 2376 2805 dixit,
2442 2739 2603 2791 Deum
2658 2739 3009 2804 nominavit;
3063 2739 3156 2794 ubi
3217 2749 3400 2795 autem

1839 2839 2127 2884 accessum,
2155 2822 2413 2888 Spiritum
2441 2822 2802 2892 nuncupavit.

1911 2915 2070 2969 Vens.
2105 2915 2194 2969 2i.
2234 2932 2251 2963 ι
2302 2913 2357 2965 ln
2390 2927 2498 2982 quo
2534 2927 2713 2965 omms
2749 2911 3042 2965 aedificatio
3070 2920 3390 2966 constructa

1836 3009 2035 3062 crescit
2070 3007 2122 3060 in
2158 3006 2417 3075 templum
2471 3011 2721 3058 sanctum
2770 3003 2822 3057 in
2861 3000 3112 3056 Domino.
3143 3021 3163 3055 ›

1907 3098 2202 3166 Assumpto
2230 3098 2283 3150 in
2314 3096 2618 3166 exemplum
2650 3095 2901 3165 angulari
2934 3095 3136 3163 lapide,
3178 3109 3286 3164 quo
3321 3106 3406 3150 to-

1841 3203 1956 3247 tum
1986 3193 2278 3246 aedilicium
2313 3192 2579 3255 firmatur,
2611 3189 2772 3244 docet
2802 3190 2858 3243 in
2898 3189 3120 3243 Christo
3153 3205 3254 3244 nos
3286 3205 3407 3257 per-

1843 3285 1968 3339 inde
2025 3284 2226 3338 fulciri.
2289 3282 2539 3351 Lapidem
2596 3291 2780 3334 autem
2853 3279 3129 3346 dicendo,
3179 3280 3408 3350 ejusque

1843 3376 2371 3446 coagmentationem
2395 3390 2521 3429 cum
2547 3374 2614 3428 iis
2632 3373 2839 3441 quibus
2860 3380 3079 3426 constat
3094 3373 3407 3439 aedilicium,

1842 3469 2084 3522 declarat
2111 3466 2495 3537 cognationem
2528 3471 2774 3519 nostram
2803 3479 2926 3518 cum
2963 3461 3260 3532 Unigenito
3291 3463 3406 3527 Dei,

1842 3567 2110 3628 quatenus
2147 3557 2452 3611 secundum
2497 3571 2716 3610 carnem
2752 3563 2916 3609 natus
2963 3563 3070 3609 est.
3115 3552 3250 3608 Nam
3285 3556 3409 3624 quia

1842 3653 1990 3722 pueri
2019 3653 2465 3706 communicarunt
2500 3651 2733 3722 carni.“
2766 3649 3050 3718 sanguini,
3090 3659 3140 3702 et
3185 3649 3296 3717 ipse
3332 3646 3408 3702 si-

1845 3747 2042 3799 militer
2081 3754 2418 3814 participaui:
2455 3743 2649 3798 eadem
2679 3742 2750 3798 δ’.

1916 3837 2082 3892 Vens.
2113 3837 2201 3890 22.
2239 3856 2256 3887 ‹
2310 3837 2366 3889 In
2402 3850 2511 3903 quo
2539 3843 2592 3888 et
2623 3849 2724 3888 vos
2773 3830 3188 3887 coaedificamini
3222 3829 3282 3885 in
3315 3830 3411 3884 ha-

1846 3929 2148 3983 bitaculum
2182 3928 2272 3981 Dei
2308 3927 2361 3980 in
2402 3924 2635 3994 Spiritu.
2677 3943 2695 3976 ι

1922 4023 1980 4075 ln
2016 4022 2218 4090 templo
2253 4019 2488 4074 scilicet.

2477 4146 2628 4202 CAP.
2680 4147 2767 4201 ΙΙΙ.

1919 4265 2087 4320 Vens.
2131 4264 2237 4318 ι-ι.
2293 4281 2312 4313 ι
2363 4262 2537 4331 llujus
2579 4261 2657 4315 rei
2689 4260 2868 4330 gratia
2903 4274 3003 4330 ego
3035 4259 3240 4314 Paulus
3289 4261 3413 4314 vin—

1849 4367 1971 4414 ctus
2021 4356 2224 4410 Christi
2255 4353 2386 4409 Iesu
2432 4369 2530 4422 pro
2573 4353 2732 4408 vobis
2789 4353 3083 4422 gentibus;
3134 4353 3181 4406 si
3232 4360 3412 4406 tamen

1851 4448 2084 4502 audistis
2111 4445 2576 4513 dispensationem
2616 4443 2807 4512 gratiae
2840 4456 2960 4508 quae
3011 4441 3135 4494 data
3167 4450 3253 4496 est
3282 4441 3412 4496 mihi

194 4538 274 4598 εἰς
315 4536 478 4602 ὑμᾶς,
531 4535 612 4586 ὅτι
664 4535 806 4587 κατά
857 4535 1196 4602 ἀποκάλυψιν
1225 4534 1516 4603 ὲγνώρισέν
1547 4554 1636 4602 μοι
1688 4538 1749 4590 τὸ
1781 4541 1860 4605 hi

1781 4585 1821 4605 λ
1853 4541 1907 4593 in
1935 4539 2088 4591 vobis
2118 4559 2130 4589 ;
2163 4535 2425 4605 quoniam
2467 4533 2770 4588 secundum
2812 4531 3196 4587 revelationem
3223 4540 3416 4587 notum

196 4629 519 4698 μυστήριον.
555 4645 572 4676 ι

264 4718 502 4784 Ταύτης,
536 4715 718 4783 φησὶν,
748 4717 845 4785 τῆς
887 4718 964 4780 εἰς
999 4719 1141 4788 ὑμᾶς
1204 4721 1424 4790 χάριτος
1474 4720 1751 4790 ὑπηρέτης

195 4807 308 4875 ἐγὼ
337 4808 430 4859 καὶ
461 4805 768 4875 ἀγωνιστὴς
796 4807 924 4877 ἄχρι
956 4808 1189 4876 δεσμῶν,
1219 4811 1310 4860 καὶ
1337 4809 1423 4862 διὰ
1456 4811 1613 4862 τοῦτο
1649 4828 1751 4879 μυ-

198 4902 417 4968 στήριον
472 4896 854 4967 ἀπεκαλύφθη,
890 4899 973 4949 ἵνα
1033 4899 1112 4956 εις
1166 4899 1308 4967 ὑμᾶς
1359 4898 1658 4970 ὲξαγγελθῇ
1687 4901 1751 4952 δι’

194 4991 350 5042 ἐμοῦ.

267 5009 350 5042 ού.

227 5009 289 5133 με
333 5082 532 5143 Καθὼς
583 5081 905 5151 προέγραψα
954 5085 1012 5134 ὲν
1053 5082 1245 5151 ὀλίγῳ·
1291 5083 1428 5154 πρὸς
1460 5084 1488 5136 δ
1528 5083 1754 5135 δύνασθε

196 5173 667 5239 ἀναγινώσκοντες
697 5174 881 5242 νοῆσαι
908 5173 1002 5243 τὴν
1034 5173 1246 5227 σύνεσίν
1283 5193 1382 5245 μου
1431 5177 1488 5228 ὲν
1540 5175 1618 5243 τῷ
1655 5193 1756 5244 μυ-

199 5267 405 5335 στηρίῳ
431 5263 526 5317 τοῦ
553 5262 813 5334 Χριστοῦ.

267 5359 484 5427 Βραχὺς
514 5358 540 5407 ὁ
566 5355 741 5421 λόγος,
768 5354 921 5423 φησὶ,
946 5354 1040 5406 καὶ
1071 5355 1329 5422 σύντομος
1355 5355 1386 5424 ἡ
1416 5354 1754 5418 διδασκαλία,

197 5452 292 5502 καὶ
318 5449 497 5515 ὀλίγον
515 5448 583 5498 τὰ
614 5444 784 5497 πολλά
812 5445 1198 5514 σπερματικῶς
1231 5446 1464 5508 ἐδίδαξα,
1503 5445 1752 5498 τοσοῦτον

197 5538 576 5605 ἀποκαλύψας,
613 5537 696 5602 ἐφ’
742 5537 864 5587 ὅσον
908 5537 1002 5587 καὶ
1036 5536 1272 5588 συνιέναι
1315 5535 1573 5588 δύνασθε·
1631 5552 1751 5587 συν-

200 5633 343 5685 ιέναι
371 5632 426 5682 δὲ
464 5632 529 5681 ἐκ
565 5627 806 5690 πλείονος
837 5626 1212 5696 ἀναγνώσεως,
1247 5627 1345 5680 οὐκ
1375 5629 1439 5682 ἐκ
1472 5627 1750 5698 παρέργου

197 5729 231 5796 ἦ
265 5724 648 5791 παραδρομῆς.

279 5863 326 5890 δ’
355 5859 514 5912 llsbr.
550 5872 608 5920 lt,
637 5856 718 5910 Η.

1855 4629 1989 4684 mihi
2033 4628 2164 4682 fecit
2197 4625 2542 4696 mysterium.
2589 4643 2607 4674 ι

1926 4719 2102 4788 Hujus
2140 4733 2261 4787 qua:
2301 4716 2429 4770 data
2465 4715 2626 4769 nobis
2675 4722 2760 4768 est
2812 4714 3026 4782 gratiae,
3077 4714 3278 4782 inquit,
3319 4728 3418 4779 ego

1857 4812 2105 4865 minister
2139 4823 2258 4862 sum
2307 4813 2360 4859 et
2401 4811 2783 4874 propugnator
2817 4819 2992 4872 usque
3041 4803 3107 4856 ad
3163 4804 3414 4862 vincula,

1857 4913 1913 4959 et
1944 4904 2148 4958 idcirco
2194 4899 2516 4969 mysterium
2564 4898 2696 4951 mihi
2748 4895 3153 4950 manifestatum
3204 4894 3326 4957 fuit,
3363 4906 3419 4948 ut

1861 5013 1957 5069 per
1998 5011 2084 5050 me
2118 4974 2271 5047 vobis
2302 4991 2742 5045 annuntiarelur.

1930 5107 1949 5139 ι
1991 5087 2146 5140 Sicut
2192 5097 2361 5150 supra
2395 5080 2594 5148 scripsi
2643 5080 2696 5133 in
2728 5078 2919 5144 brevi;
2961 5084 3130 5147 prout
3189 5078 3419 5145 potestis

1854 5182 2099 5249 legentes
2127 5173 2440 5244 intelligere
2473 5171 2823 5244 prudentiam
2858 5186 3028 5224 meam
3058 5170 3112 5224 in
3149 5171 3414 5238 mySterio

1853 5268 2084 5324 Christi.
2120 5284 2140 5317 ι

1926 5355 2213 5414 Doctrina,
2264 5352 2467 5420 inquit,
2514 5363 2633 5402 mea
2686 5347 2862 5410 brevi,
2918 5346 3252 5414 concisoq-ue
3299 5360 3416 5397 ser-

1859 5465 2021 5503 mone
2047 5446 2429 5509 clauditur,.et
2457 5441 2624 5495 multa
2661 5441 2852 5509 paucis
2899 5447 3161 5508 tauquam
3208 5437 3416 5491 semina

1858 5541 2045 5601 docui.
2079 5536 2413 5592 tantumdem
2444 5532 2603 5586 vobis
2652 5530 2966 5600 aperiendo,
2998 5538 3261 5598 quantum
3292 5539 3416 5593 pos-

1857 5635 1992 5690 setis
2028 5629 2362 5698 intelligere!
2383 5624 2699 5693 intelligere.
2733 5622 2954 5692 inquam
2975 5661 2991 5687 ,
3013 5616 3336 5674 accuratiori
3363 5624 3415 5667 et

1856 5717 2219 5793 frequentiori
2245 5715 2498 5781 lectione,
2529 5729 2637 5770 non
2666 5714 2871 5770 cursim
2905 5719 3000 5766 aut
3020 5707 3410 5782 perfunctorie.
