4218 6448
809 412 914 476 835

811 620 1056 687 agnitum
1108 622 1233 674 ﬁliis
1272 620 1575 681 hominum.
1641 622 1808 675 sicuti
1869 639 2013 676 nunc
2068 626 2365 677 revelatum

810 720 892 761 est
924 712 1126 763 sanctis
1167 711 1431 778 apostolis
1473 710 1593 778 ejus
1621 714 1991 781 et'prophetis
2035 715 2089 767 itt
2135 713 2364 784 Spiritu,

813 809 999 867 gentes
1031 786 1153 853 esse
1194 802 1506 854 colueredes
1549 812 1604 855 et
1635 805 2079 871 concorporales,
2128 816 2181 860 et
2224 822 2369 860 eom-

811 890 1107 957 partieipes
1141 891 1522 952 promissionis
1570 889 1694 958 ejus
1745 893 1797 945 in
1829 893 2051 947 Christo
2090 892 2217 949 Jesu
2272 911 2369 964 per

811 980 1160 1046 Evangeliuut
1192 998 1205 1032 :
1237 981 1392 1048 cuius
1421 981 1598 1033 factus
1631 996 1751 1034 sum
1786 984 2032 1037 minister
2060 987 2365 1039 secundum

809 1069 1010 1122 donum
1042 1074 1234 1140 gratia:
1265 1064 1376 1135 Déi,
1411 1089 1531 1141 qua:
1576 1074 1703 1127 data
1748 1084 1832 1129 est
1881 1076 2012 1129 mihi
2062 1080 2365 1132 secundum

808 1164 1181 1230 operationem
1208 1163 1425 1217 virtutis
1457 1164 1602 1232 ejus.
1633 1184 1652 1216 ι

875 1252 1168 1307 Enimvero
1203 1256 1303 1308 etsi
1359 1260 1638 1325 prOphetas
1680 1259 1746 1311 tle
1781 1261 2039 1329 mysterio
2074 1261 2176 1313 hoe
2203 1262 2364 1315 locuti

809 1346 1048 1407 fuerant,
1083 1348 1551 1414 obstupeseebaut
1579 1348 1727 1401 Petri
1763 1356 1992 1419 ctuuites
2025 1369 2037 1404 :
2071 1352 2195 1419 ipse
2235 1368 2363 1405 vero

804 1434 1000 1488 Petrus
1031 1446 1164 1490 tunc
1194 1439 1475 1505 temporis,
1506 1438 1712 1508 Spiritu
1754 1419 2160 1503 tuat'i’tl'estante,
2196 1442 2359 1495 iu'cl-

1970 420 2030 477 Β.
2058 418 2238 477 ,ΙΟΛΝ
2254 420 2292 475 Ν
2308 420 2377 476 IS
2420 421 2849 483 DAMASCENI

886 525 1045 582 Vens.
1079 528 1193 582 5-7.
1231 548 1250 581 ι
1299 529 1454 595 Quod
1487 530 1611 583 aliis
1658 533 2106 600 generationibus
2141 550 2248 586 non
2282 542 2367 587 est
2395 540 2440 594 Α

3917 432 4037 497 836

2548 557 2567 587 ι
2593 537 2661 590 Ὀ
2681 539 2893 609 ἑτέραις
2918 542 3132 607 γενεαῖς
3151 540 3250 593 οὐκ
3279 541 3582 614 ἐγνωρίσθη
3610 546 3721 606 τοῖς
3752 545 3891 608 υίοῖς
3916 545 4040 598 τῶν

2467 628 2792 699 ἀνθρώπων,
2828 632 2903 694 ὡς
2942 633 3037 683 νῦν
3063 634 3421 706 ἀπεκαλύφθη
3450 638 3563 697 τοῖς
3592 637 3768 704 ἁγίοις
3793 638 4043 690 ἀποστό-

2467 720 2578 785 λοις
2604 723 2768 775 αὑτοῦ
2813 726 2907 777 καὶ
2960 727 3268 795 προφήταις
3305 729 3363 782 ἐν
3412 728 3724 797 Πνεύματι,
3777 724 3915 784 εἶναι
3962 732 4040 783 τὰ

2467 814 2591 883 ἔθνη
2628 816 3066 887 συγκληρονόμα,
3101 820 3194 871 καὶ
3232 819 3516 889 σύσσωμα,
3568 823 3664 875 καὶ
3710 824 4042 894 συμμέτοχα

2464 904 2566 972 τῆς
2596 907 2924 973 ἐπαγγελίας
2958 907 3122 960 αὑτοῦ
3152 911 3210 961 ἐν
3236 910 3314 980 τῷ
3345 911 3568 981 Χριστῷ
3591 913 3678 966 διὰ
3707 913 3803 967 τοῦ
3843 915 4039 981 Εὐαγ-

2465 994 2669 1061 γελίου,
2702 989 2762 1048 οὗ
2798 1000 3066 1067 ἐγενόμην
3108 1000 3352 1065 διάκονος
3389 1007 3529 1057 κατά
3558 1005 3654 1074 τὴν
3683 1006 3889 1077 δωρεὰν
3924 1008 4041 1075 τῆς

2464 1088 2686 1157 χάριτος
2716 1089 2809 1141 τοῦ
2842 1091 3000 1156 Θεοῦ,
3027 1094 3125 1163 τήν
3154 1094 3400 1147 δοθεῖσάν
3430 1112 3517 1163 μοι
3561 1096 3701 1148 κατά
3733 1097 3829 1167 τὴν
3867 1099 4034 1166 ἐνέρ-

2464 1194 2619 1246 γειαν
2648 1181 2748 1251 τῆς
2779 1183 3060 1253 δυνάμεως
3086 1185 3270 1239 αὑτοῦ.
3304 1206 3322 1235 ι

2536 1273 2645 1325 Καὶ
2671 1273 2998 1345 λαλούμενον
3033 1278 3143 1348 γὰρ
3176 1282 3234 1331 ἐν
3263 1281 3571 1349 προφήταις
3600 1282 3900 1352 μυστήριον
3920 1277 3996 1351 ἦν
4017 1298 4035 1312 ο

2465 1362 2856 1434 ἐξεπλήττοντο
2891 1367 3017 1435 γοῦν
3044 1372 3093 1421 οἰ
3125 1372 3261 1438 μετά
3302 1369 3397 1423 τοῦ
3442 1371 3669 1442 Πέτρου.
3702 1374 3808 1424 Καὶ
3862 1374 4040 1436 αὐτὸς

2448 1453 2530 1506 δὲ
2551 1456 2671 1507 τότε
2701 1457 2729 1508 ὁ
2761 1459 2964 1528 Πέτρος
2996 1461 3167 1512 συνίει
3190 1461 3277 1515 διὰ
3305 1465 3404 1532 τῆς
3426 1462 3520 1515 τοῦ
3554 1464 3865 1533 Πνεύματος
3892 1465 4040 1515 ἀπο-

806 1529 935 1581 lcxit
961 1538 1246 1596 susceptas
1310 1544 1528 1597 quoque
1557 1545 1681 1584 esse
1710 1546 1898 1599 gentes
1931 1547 1959 1583 a
1998 1530 2126 1587 Deo.
2170 1532 2367 1587 Hacte-

2416 1566 2426 1592 ι
2466 1543 2771 1613 καλύψεως,
2804 1547 2886 1598 ὅτι
2914 1548 3008 1598 καὶ
3038 1548 3105 1600 τὰ
3138 1547 3265 1617 ἔθνη
3288 1529 3668 1619 προσδέδεκται
3695 1529 3898 1612 όΘεός.
3938 1550 4037 1600 Ἐν

802 1634 907 1671 nus
928 1621 1071 1671 enim
1107 1620 1160 1671 in
1182 1620 1684 1687 obscurojacebant
1710 1622 1924 1692 eloquia
1955 1627 2360 1694 prophetarum,

802 1720 854 1761 et
882 1710 1189 1778 :euigmatis
1242 1719 1302 1762 ut
1352 1711 1648 1779 plurimum
1702 1714 2142 1778 involvebantur,
2176 1733 2385 1786 ωερε-ι

801 1799 1132 1865 clahantque
1167 1810 1225 1852 ιιι
1252 1802 1624 1869 experimento
1654 1812 1932 1873 comperta
1991 1808 2205 1860 tierent.
2252 1806 2362 1861 lllis

2465 1634 2644 1704 ἀδήλῳ
2673 1636 2781 1705 γὰρ
2810 1636 2889 1689 ἔτι
2919 1638 2987 1690 τὰ
3008 1638 3115 1690 τῶν
3155 1642 3452 1710 προφητῶν
3478 1640 3672 1703 ἔκειτο,
3711 1643 3806 1695 καὶ
3844 1642 3913 1696 δι⁹
3941 1644 4037 1694 αἱς

2463 1728 2841 1815 νιγμάτωνιτά
2871 1729 3043 1781 πολλά
3078 1731 3173 1783 καὶ
3201 1733 3301 1800 τῆς
3334 1734 3530 1801 πείρας
3572 1733 3864 1805 ἐπίγνωσιν
3894 1734 4035 1804 ἐμε-

2463 1835 2570 1869 νεν.
2614 1819 2740 1882 Τοῖς
2780 1817 2874 1872 οὖν
2906 1821 3175 1891 μετόχοις,
3226 1826 3381 1893 φησὶ,
3422 1825 3525 1913 τῆς
3571 1824 3661 1878 τοῦ
3710 1826 4037 1895 ΙΙνεύματος

805 1890 996 1959 igitur,
1024 1892 1117 1958 qui
1149 1893 1377 1959 gratiam
1414 1891 1657 1961 Spiritus
1697 1896 2117 1966 partieipavere,
2160 1900 2358 1968 inquit,

2410 1890 2685 1979 3)(c'zpt‘to;
2716 1912 2891 1983 σαφὴς
2931 1914 3377 1969 ἀποκεκάλυπται
3421 1901 3577 1987 νῦνή
3619 1918 3871 1971 κοινωνία
3916 1919 4039 1969 τῶν

804 1997 952 2035 nunc
992 1982 1279 2036 manifeste
1304 1982 1575 2052 patefacta
1609 1994 1693 2038 est
1737 1989 2058 2053 conjunctio
2090 1990 2364 2045 societas-

800 2087 909 2141 que
934 2075 1177 2142 gentium
1228 2088 1352 2127 cum
1402 2074 1606 2140 Israel;
1651 2076 1951 2143 gentilibus
2010 2080 2265 2134 nimirum
2298 2082 2362 2134 ad

799 2165 1223 2233 promissionem
1280 2165 1526 2219 eamdem
1572 2166 1847 2221 .adductis
1916 2179 2139 2246 prepter
2193 2187 2362 2226 unum

796 2270 1082 2309 accessum
1123 2256 1188 2308 ad
1229 2254 1528 2309 Christum.

874 2344 1039 2399 Vens.
1082 2347 1115 2401 8
1141 2386 1156 2409 ,
1195 2346 1249 2400 9.
1287 2365 1304 2397 ι
1350 2346 1482 2401 Μίὴί
1511 2349 1753 2403 omnium
1785 2361 2105 2406 sanctorum
2139 2353 2364 2409 minimo

798 2434 926 2489 data
947 2446 1030 2489 est
1061 2437 1234 2505 gratia
1261 2435 1396 2501 ltzec,
1436 2437 1491 2490 in
1529 2438 1787 2503 gentibus
1826 2443 2226 2509 evangelizare.
2269 2463 2289 2495 ι

873 2527 1123 2595 Seipsum
1157 2536 1464 2581 sanctorum
1494 2529 1771 2582 ntinimum
1806 2531 1962 2591 dicit.
2007 2536 2133 2600 quia
2174 2535 2362 2589 Eccle-

798 2619 936 2674 siam
982 2618 1140 2690 184
1168 2618 1294 2671 olim
1352 2621 1655 2675 insectatus
1699 2630 1837 2686 erat,
1890 2635 1941 2677 et
1998 2626 2122 2682 illos
2167 2627 2361 2697 majori

802 2712 1007 2765 honore
1042 2712 1235 2780 dignos
1276 2710 1459 2773 habet,
1493 2712 1585 2779 qui
1621 2722 1745 2766 ante
1776 2730 1833 2767 se
1857 2717 2033 2769 vocati
2062 2727 2271 2782 essent,
2303 2728 2359 2773 et

802 2805 1119 2873 priusquam
1168 2804 1395 2872 sanguis
1435 2811 1661 2857 sanctus
1704 2805 2094 2874 elluuderetur,
2141 2819 2362 2881 aposto-

803 2897 947 2949 latus
995 2909 1195 2947 tnuntts
1244 2894 1611 2962 accepissent.

875 3003 895 3035 ι
938 2982 1355 3052 lnvestigabiles
1408 2982 1633 3038 divitias
1672 2982 1905 3043 Christi,
1952 2992 2006 3036 et
2054 2985 2361 3042 illuminare

797 3090 1008 3136 omnes,
1039 3090 1161 3142 quae
1188 3074 1259 3128 sit
1293 3073 1632 3143 dispensatio
1667 3075 1995 3129 sacramenti
2046 3077 2357 3131 ahsconditi

2466 2000 2653 2063 ἐθνῶν,
2689 2003 2719 2069 ή
2751 2004 2886 2073 πρὸς
2920 2005 3008 2055 τὸν
3045 2004 3277 2077 Ἰσραὴλ,
3305 2008 3380 2070 είς
3420 2006 3517 2077 τὴν
3554 2008 3886 2076 ἐπαγγελίαν
3926 2010 4038 2077 τὴν

2465 2090 2633 2158 αὐτὴν
2666 2093 3037 2162 εἰσαγομένων
3065 2096 3158 2147 καὶ
3186 2096 3294 2148 τῶν
3323 2095 3514 2161 ἐθνῶν,
3548 2095 3637 2149 διὰ
3661 2096 3760 2167 τὴν
3792 2097 3921 2168 μίαν
3946 2100 4035 2160 είς

2464 2183 2698 2253 Χριστὸν
2738 2187 3123 2256 προσαγωγήν.

2540 2378 2558 2409 ι
2598 2359 2754 2429 Ἑμοί
2784 2358 3180 2432 ἐλαχιστοτέρῳ
3211 2361 3429 2414 πάντων
3459 2362 3628 2430 ἁγίων
3654 2361 3809 2433 ἐδόθη
3845 2362 3880 2432 ή
3921 2360 4032 2430 χάο

2467 2466 2551 2519 ρις
2577 2449 2738 2520 αῦτη,
2763 2451 2823 2502 ἐν
2853 2454 2967 2512 τοῖς
2996 2451 3205 2504 ἔθνεσιν
3229 2453 3705 2520 εὐαγγελίσασθαι.
3737 2472 3755 2504 ι

2546 2541 2899 2610 Ἑλιίχιστον
2928 2542 3045 2596 τῶν
3072 2545 3255 2612 ἁγίων
3283 2545 3472 2597 ἑαυτὸν
3500 2545 3673 2609 καλεῖ,
3699 2546 3787 2598 διὰ
3810 2547 3873 2599 τὸ
3894 2564 4035 2618 προ-

2460 2630 2648 2697 erogat
2680 2632 2780 2703 τὴν
2823 2634 3167 2703 Ἐκκλησίαν,
3190 2637 3614 2706 προτιμοτέρους
3635 2638 3827 2691 ἑαυτοῦ
3856 2640 4033 2704 τιθεὶς

2459 2723 2585 2785 τοὶς
2617 2725 3115 2796 προκεκλημένονς,
3157 2728 3253 2781 καὶ
3289 2730 3394 2798 πρὸ
3436 2729 3706 2797 ἐκχύσεως
3737 2728 3910 2800 ἁγίων
3935 2734 4030 2785 αἱ-

2466 2815 2652 2884 μάτων
2677 2815 2774 2886 τὴν
2804 2817 3107 2887 ἀποστολὴν
3146 2819 3606 2887 ἐγχειρισθέντας.

2536 3019 2553 3048 ι
2586 2999 2692 3051 Τὸν
2722 2999 3120 3069 ἀνεξιχνίαστον
3153 3002 3380 3055 πλοῦτον
3407 3003 3500 3058 τοῦ
3526 3006 3783 3077 Χριστοῦ,
3801 3011 3892 3062 καὶ
3912 3027 4027 3080 φω-

2458 3092 2605 3143 τίσαι
2638 3092 2866 3154 πάντας,
2899 3094 2979 3156 τίς
3029 3095 3062 3162 ἡ
3107 3096 3385 3162 οἰκονομία
3425 3098 3517 3149 τοῦ
3572 3102 3869 3169 μυστηρίου
3926 3104 4025 3156 τοῦ

799 3183 828 3219 :t
888 3167 1107 3221 sareulis
1141 3167 1194 3220 in
1229 3165 1360 3233 Deo,
1394 3166 1490 3236 qui
1539 3166 1722 3221 omnia
1772 3167 1978 3221 creavit
2020 3184 2116 3236 per
2165 3167 2351 3223 Jesum

2410 3221 2430 3277 1
2464 3182 2977 3251 ἀποκεκρυμμένου,
3004 3184 3111 3236 ἀπὸ
3137 3186 3244 3267 τῷν
3272 3188 3480 3238 αἰώνων
3503 3190 3559 3239 ἐν
3589 3190 3663 3260 τῷ
3688 3191 3825 3261 θεῷ,
3854 3192 3932 3263 τῷ
3953 3194 4026 3247 τὰ

796 3258 1097 3315 Christum.
1139 3277 1159 3309 ι

870 3351 1165 3406 [inmensas
1215 3350 1413 3405 Christi
1451 3351 1663 3405 divitias
1715 3361 1890 3416 vocat,
1942 3353 2128 3406 mundi
2190 3352 2358 3405 totius

798 3441 1027 3494 salutem
1062 3458 1074 3494 :
1105 3441 1544 3508 dispensationem
1582 3456 1709 3494 vero
1740 3442 2064 3494 sacramenti
2084 3481 2098 3500 ,
2138 3441 2358 3495 univer-

799 3548 986 3586 sorum
1029 3531 1311 3585 hominum
1363 3533 1419 3586 in
1466 3547 1574 3586 uno
1627 3532 1847 3587 Christo
1899 3532 2354 3601 assumptiouem.

802 3621 915 3676 lloe
968 3637 1130 3692 porro
1173 3633 1611 3686 sacramentum,
1661 3623 1864 3691 inquit,
1916 3638 2021 3676 non
2080 3632 2357 3691 postremo

800 3715 1019 3767 tandem
1049 3714 1151 3766 hoc
1185 3727 1300 3767 aevo
1334 3713 1703 3779 excogitatum
1736 3713 1838 3766 fuit
1871 3726 1900 3764 a
1924 3712 2051 3771 Deo.
2086 3711 2174 3764 cui
2206 3712 2356 3764 nulla

800 3806 1051 3859 voluntas
1084 3820 1276 3859 recens
1306 3804 1523 3867 accidit,
1560 3804 1654 3857 sed
1699 3820 1766 3857 es
1810 3813 1925 3856 toto
1968 3814 2231 3855 aeternum
2260 3819 2355 3855 ex-

798 3895 961 3958 sistit,
995 3893 1110 3948 sive
1140 3892 1282 3947 Deus
1312 3893 1567 3955 condere,
1597 3893 1713 3947 sive
1741 3894 1974 3947 salutem
2005 3889 2197 3945 alierre
2226 3906 2354 3960 pro-

795 3996 985 4059 μέντοι.

866 4072 1032 4128 Vnus.
1070 4074 1157 4128 10.
1191 4093 1209 4124 ι
1245 4072 1315 4127 Ut
1344 4075 1651 4127 innotescat
1697 4074 2273 4142 nunc'print-ipatihus
2301 4083 2355 4128 et

797 4163 1161 4232 potestatibus
1207 4164 1261 4216 in
1302 4163 1623 4217 ccelestibus
1676 4178 1772 4233 per
1817 4163 2121 4219 Ecclesiam
2168 4166 2355 4218 multi-

797 4254 990 4308 formis
1030 4253 1295 4321 sapientia
1338 4252 1455 4306 Dei.
1491 4271 1509 4304 ι

870 4343 955 4399 Uti
1007 4345 1283 4414 principes
1318 4344 1529 4406 mundi,
1581 4344 1778 4414 inquit,
1829 4343 2030 4413 quibus
2078 4346 2352 4416 incognita

796 4435 1068 4504 sapientia
1093 4435 1185 4489 illa
1215 4443 1356 4497 erat,
1382 4450 1503 4504 qua:
1536 4437 1743 4504 pridem
1769 4435 1924 4489 nobis
1954 4438 2220 4490 destinata
2246 4444 2351 4500 est,

795 4535 1098 4596 agnoscant
1142 4527 1356 4580 tandem
1402 4542 1469 4581 ex
1508 4525 1866 4581 aadilicatiooe
1904 4528 2160 4581 Ecclesia:
2200 4542 2352 4581 novae

796 4616 1093 4670 «.reationis
1127 4623 1431 4678 auctorem,
1463 4617 1553 4686 qui
1601 4616 1820 4685 quidem
1856 4629 2030 4671 morte
2061 4617 2347 4688 suaﬂlinem

798 4704 1062 4774 imposuit
1092 4705 1256 4773 priori
1276 4712 1574 4770 creatum;
1600 4720 1696 4775 per
1722 4706 2173 4760 resurrectionem
2201 4722 2348 4770 vero,

799 4808 950 4848 nova:
983 4794 1311 4862 principium
1350 4795 1582 4847 invexit.

871 4881 1031 4938 Vens.
1068 4883 1251 4937 11-15.
1290 4900 1308 4933 ι
1360 4882 1668 4938 Secundum
1720 4883 2134 4954 praallnitionem
2182 4899 2351 4939 sarcu-

798 4974 995 5036 lorum,
1036 4967 1199 5041 'quam
1229 4972 1355 5027 fecit
1382 4974 1435 5026 in
1467 4974 1690 5029 Christo
1724 4973 1857 5030 Jesu
1891 4976 2114 5031 Domino
2139 4987 2349 5040 nostro,

800 5069 851 5119 in
890 5078 1001 5135 quo
1051 5064 1317 5119 habemus
1353 5063 1606 5120 ﬁduciam
1654 5074 1711 5119 et
1757 5080 2039 5121 accessum
2085 5066 2144 5120 in
2177 5056 2349 5121 conli-

798 5155 981 5208 dentia
1027 5167 1121 5222 per
1151 5153 1307 5206 Iidem
1344 5154 1481 5223 ejus.
1512 5152 1743 5223 Propter
1780 5155 1925 5224 quod
1971 5163 2098 5225 peto
2123 5171 2191 5209 ne
2214 5156 2348 5210 deli-

798 5242 954 5296 ciatis
1000 5242 1055 5294 iu
1099 5242 1548 5298 tribulationibus
1581 5245 1718 5299 meis
1759 5260 1863 5315 pro
1890 5246 2080 5309 vobis;
2111 5261 2233 5315 qua:
2266 5257 2350 5302 est

798 5333 965 5401 gloria
1002 5343 1201 5387 vestra.
1243 5351 1262 5383 ι

878 5426 924 5477 Δ
978 5424 1213 5487 szeeulis,
1273 5425 1474 5494 inquit,
1536 5426 1805 5496 sapientia
1860 5426 1954 5480 Dei
2021 5427 2343 5497 proposuit,

798 5515 1195 5584 lmestituitque
1237 5517 1468 5599 salutem
1515 5533 1678 5586 quam
1732 5518 1987 5573 Christus
2031 5520 2233 5582 attulit,
2270 5521 2346 5591 \in

800 5607 917 5673 ipso
944 5604 1186 5660 condens
1208 5608 1623 5676 praelinitionem
1654 5623 1868 5663 omnem
1892 5610 2345 5683 dispensationis,

798 5702 1065 5762 quatenus
1103 5694 1217 5749 haec
1246 5696 1425 5750 futura
1460 5709 1581 5752 erat
1617 5709 1781 5766 caput
1827 5707 1881 5752 et
1921 5714 2135 5753 summa
2178 5705 2347 5755 totius

801 5785 1187 5842 renovationis.
1225 5787 1284 5842 lu
1318 5788 1472 5845 nobis
1503 5790 1644 5844 enim
1688 5792 2007 5860 cxpurgatio
2042 5791 2182 5846 facta
2219 5801 2341 5856 est;

2462 3273 2636 3324 πάντα
2660 3273 2903 3327 κτίσαντι
2932 3275 3019 3327 διὰ
3054 3275 3225 3345 Ἰησοῦ
3258 3278 3514 3347 Χριστοῦ.
3556 3299 3574 3331 ι

2529 3362 2802 3417 Πλοῦτον
2824 3364 3128 3439 ἀμέτρητον
3153 3369 3409 3435 Χριστοῦ
3438 3369 3605 3438 λέγει,
3638 3374 3735 3443 τὴν
3763 3374 3855 3427 τοῦ
3883 3394 4022 3430 πανο

2456 3454 2549 3518 τὸς
2577 3455 2784 3524 κόσμου
2827 3457 3130 3527 σωτηρίαν⁹
3159 3461 3505 3527 οἰκονομίαν
3547 3462 3603 3515 δὲ
3642 3464 3748 3519 τοῦ
3782 3483 4020 3534 μυστη-

2450 3547 2589 3613 ρίου
2616 3547 2716 3615 τὴν
2749 3548 3015 3616 ἀνάληψιν
3046 3549 3263 3628 πάντων
3300 3551 3603 3623 ἀνθρώπων
3648 3556 3727 3618 είς
3756 3557 3850 3610 ἕνα
3884 3560 4023 3630 Χρι-

2399 3702 2403 3711 ¹
2460 3638 2604 3690 στόν.
2634 3637 2805 3690 Τοῦτο
2845 3638 2901 3690 δὲ
2943 3639 3004 3691 τὸ
3057 3642 3374 3711 μυστήριον,
3414 3646 3600 3713 φησὶν,
3655 3647 3751 3717 οὐχ
3792 3648 4021 3719 ὕστερον

2413 3747 2419 3757 υ
2459 3728 2767 3809 ἐπεσκέιφθη
2803 3729 2954 3799 παρά
2980 3730 3117 3798 Θεῷ,
3140 3732 3219 3785 ὅτι
3254 3734 3420 3804 μηδὲν
3464 3736 3845 3807 ἐπιγενόμενον
3891 3741 4022 3809 βού-

2456 3818 2603 3887 λημα
2631 3803 2760 3890 ¹παρ’
2792 3821 2959 3889 αὐτῷ,
2994 3822 3129 3875 ἀλλά
3168 3823 3386 3878 αἰώνιον
3428 3827 3593 3887 ἅπαν,
3630 3830 3745 3899 ἅμα
3778 3832 3856 3902 τῷ
3900 3834 4023 3886 κτί-

2456 3911 2589 3975 ζειν,
2623 3912 2720 3964 καὶ
2746 3913 2845 3981 τὴν
2870 3913 3141 3987 σωτηρίαν
3175 3915 3657 3990 καταϐαλλομένῳ.

2531 4103 2548 4135 ι
2578 4085 2698 4136 Ἵνα
2740 4087 3013 4155 γνωρισθῇ
3037 4084 3131 4137 νῦν
3160 4090 3280 4150 ταῖς
3324 4089 3539 4160 ἀρχαῖς,
3565 4092 3657 4144 καὶ
3707 4096 3823 4156 ταῖς
3862 4096 4021 4161 ἐξου-

2457 4174 2599 4237 σίαις
2631 4177 2689 4227 ἐν
2718 4178 2830 4238 τοῖς
2861 4177 3203 4247 ἐπουρανίοις
3231 4179 3316 4237 διὰ
3355 4181 3458 4249 τῆς
3506 4182 3832 4253 Ἐκκλησίας
3854 4188 3889 4257 ή
3922 4204 4014 4241 πο.

2454 4267 2767 4331 λυποίκιλος
2788 4269 2949 4337 σοφία
2977 4269 3072 4322 τοῦ
3104 4271 3259 4323 Θεοῦ.
3287 4291 3305 4322 ι
3393 4265 3399 4271 ’

2526 4360 2643 4411 Ἵνα
2677 4362 2725 4412 οἱ
2753 4361 3029 4430 ἄρχοντες,
3056 4364 3210 4433 φησὶ,
3236 4364 3331 4415 τοῦ
3364 4365 3592 4434 κόσμου,
3614 4369 3663 4420 οἱ
3694 4369 3791 4437 τὴν
3822 4373 4018 4439 σονρέαν

2454 4453 2844 4522 ἀγνοήσαντες,
2877 4457 2976 4524 τὴν
3021 4458 3155 4526 πρὸς
3190 4460 3339 4526 ἡμᾶς
3371 4450 3847 4529 ιπροορισθεῖσαν,
3900 4466 4021 4517 ἐπι-

2381 4557 2428 4614 ι)
2454 4542 2630 4608 γνῶσι
2662 4542 2754 4594 νῦν
2795 4544 2859 4596 ἐκ
2902 4545 3000 4615 τῆς
3052 4545 3375 4616 Ἐκκλησίας
3422 4549 3878 4620 οἰκοδομουμένης
3920 4554 4017 4605 τὸν

2454 4630 2676 4713 κτίστην
2709 4631 2806 4701 τῆς
2838 4632 2961 4695 νέας
3007 4634 3255 4699 κτίσεως,
3313 4639 3487 4708 πέρας
3519 4639 3616 4708 μὲν
3652 4641 3909 4694 ἐπιθέντα
3942 4646 4014 4713 τῇ

2456 4702 2693 4791 προτέρᾳ
2723 4722 2897 4774 κτίσει
2929 4723 3017 4775 διὰ
3046 4724 3142 4777 τοῦ
3176 4727 3427 4791 θανάτου,
3462 4731 3635 4801 ἀρχὴν
3673 4731 3729 4784 δὲ
3758 4734 3856 4803 τῆς
3892 4734 4017 4787 δευ-

2451 4810 2613 4878 τέρας
2642 4811 3022 4878 εἰσαγαγόντος
3046 4814 3131 4887 ριἀ
3160 4816 3260 4884 τῆς
3289 4817 3655 4883 ἀναστάσεως.
3863 4811 3872 4817 ”
3914 4875 3930 4887 ,

2528 4917 2546 4949 ι
2587 4900 2743 4952 Κατά
2762 4902 3016 4970 πρόθεσιν
3038 4905 3145 4957 τῶν
3169 4906 3404 4971 αἰώνων,
3433 4912 3499 4974 ἣν
3523 4914 3774 4982 ἐποίησεν
3808 4916 3866 4967 ἐν
3882 4917 4017 4987 Χρι-

2452 4984 2563 5053 στῴ
2595 4984 2766 5054 Ἰησοῦ
2796 4986 2874 5056 τῷ
2907 4990 3095 5059 Κυρίῳ
3124 4993 3302 5061 ἡμῶν,
3343 4996 3401 5047 ἐν
3427 4990 3471 5064 ᾧ
3504 4998 3696 5068 ἔχομεν
3731 5002 3829 5071 τὴν
3863 4984 4009 5076 παρ-

2452 5076 2644 5145 ρησίαν
2680 5078 2771 5129 καὶ
2815 5078 2913 5148 τὴν
2962 5085 3321 5154 προσαγωγὴν
3362 5089 3418 5139 ἐν
3458 5092 3772 5159 πεποιθήσει
3801 5094 3888 5147 διὰ
3910 5096 4008 5164 τῆς

2451 5167 2684 5230 πίστεως
2711 5170 2894 5224 αὑτοῦ.
2932 5173 3024 5224 Διὸ
3061 5176 3318 5244 αἰτοῦμαι
3354 5178 3426 5248 μὴ
3476 5181 3737 5234 ἐκκακεῖν
3783 5186 3844 5236 ἐν
3884 5188 4005 5250 ταῖς

2451 5255 2660 5326 θλίψεσί
2688 5276 2793 5328 μου
2824 5261 2964 5333 ὑπὲρ
2991 5265 3164 5335 ὑμῶν,
3190 5269 3309 5336 ἧτις
3337 5271 3455 5322 ἐστὶ
3481 5271 3607 5336 δόξα
3635 5274 3807 5343 ὑμῶν.
3841 5296 3858 5325 ι

2679 5408 2685 5427 ρ

2535 5433 2625 5499 Ἐξ
2658 5436 2891 5499 αἰώνων,
2933 5441 3117 5508 φησὶν,
3152 5442 3184 5511 ή
3216 5443 3311 5495 τοῦ
3349 5443 3484 5497 Θεοῦ
3517 5446 3676 5516 σοφία
3722 5450 3999 5519 προέθετο,

2451 5528 2541 5579 καὶ
2570 5529 2951 5599 πρώιατέταχε
2974 5532 3073 5602 τὴν
3101 5535 3159 5584 ἐν
3187 5535 3404 5605 Χριστῷ
3439 5540 3735 5609 σωτηρίαν,
3769 5542 3825 5592 ἐν
3846 5544 4001 5612 him?)

2450 5618 2791 5687 ποιησαμένη
2822 5619 2919 5688 τὴν
2949 5620 3076 5688 ὃλην
3110 5624 3364 5692 πρόθεσιν
3391 5624 3491 5695 τῆς
3510 5630 3840 5698 οἰκονομίας,
3867 5632 4002 5683 καθὸ

2448 5707 2511 5775 δὴ
2538 5708 2728 5775 ἔμελλε
2763 5696 3055 5776 κεφάλαιον
3086 5714 3304 5769 ἔσεσθαι
3348 5719 3446 5785 τῆς
3482 5721 3693 5771 πάντων
3722 5724 4001 5776 ἀνακαινί-

2450 5814 2604 5861 σεως.
2643 5799 2731 5854 Ἑν
2755 5803 2885 5872 ἡμῖν
2908 5804 3017 5876 γὰρ
3046 5808 3078 5877 ἡ
3111 5807 3394 5877 κάθαρσις,
3417 5812 3473 5863 ἐν
3494 5811 3644 5883 αὐτῷ
3680 5814 3735 5865 δὲ
3768 5816 3798 5884 ἠ
3836 5817 4003 5869 καθα-
