4218 6448
195 449 297 512 837

1316 439 1398 498 IN
1437 432 1678 496 EPIST.
1717 428 1817 487 AD
1854 428 2237 492 EPHESIOS.

3313 422 3418 487 838

197 562 387 633 ρότης·
420 559 514 610 καὶ
543 558 576 626 ἡ
605 556 695 609 διά
721 555 819 625 τῆς
845 555 1081 617 πίστεως
1105 553 1369 621 συνάφεια
1400 545 1752 619 μεταδίδωσιν
1780 547 1825 601 Α
1857 542 1863 593 i

1780 547 1825 601 Α
1857 542 1909 595 in
1950 543 2042 597 illo
2089 555 2272 597 autem
2328 544 2618 599 mundities
2666 549 2724 597 et
2771 542 2981 613 puritas
3034 536 3242 594 exstitit
3291 554 3304 591 :
3365 545 3418 591 et

194 654 326 723 ἡμῖν
359 653 457 719 τῆς
481 650 548 701 δι’
577 646 746 701 αὑτοῦ
771 646 1103 717 παρρησίας.

272 928 291 961 ι
318 909 521 963 Τούτου
554 908 713 979 χάριν
742 906 981 978 κάμπτω
1005 905 1075 959 τά
1110 903 1315 973 γόνατά
1346 919 1446 973 μου
1475 900 1615 971 πρὸς
1661 897 1753 951 τὸν

195 1003 413 1072 Πατέρα
438 1001 529 1054 τοῦ
558 1003 759 1070 Κυρίου
782 1001 939 1070 ἡμῶν
963 998 1134 1068 Ἰησοῦ
1159 994 1420 1066 Χριστοῦ,
1442 993 1502 1057 ἐξ
1522 985 1582 1045 οῦ
1605 991 1753 1043 πᾶσα

194 1093 400 1165 πατριά
430 1096 487 1146 ὲν
510 1092 756 1162 οὐρανοῖς
781 1094 875 1145 καὶ
896 1092 988 1144 ἐπὶ
1025 1092 1128 1160 γῆς
1154 1088 1501 1158 ὀνομάζεται.
1536 1102 1555 1135 ι

266 1270 499 1324 Διπλοῦν
520 1269 579 1322 τὸ
607 1270 765 1339 ἔργον
794 1267 903 1319 τῶν
935 1265 1271 1329 ἀποστόλων,
1301 1262 1625 1317 διδασκαλία
1658 1260 1753 1313 καὶ

195 1363 496 1433 προσευχὴ,
549 1362 667 1415 καθ’
709 1360 744 1412 ἀ
794 1360 1040 1423 λέγουσιν
1088 1359 1138 1411 oi
1185 1358 1314 1427 περὶ
1364 1355 1455 1407 τὸν
1510 1355 1750 1424 Πέτρον·

206 1452 407 1521 Ἦμεῖς
443 1452 510 1503 δὲ
534 1451 607 1518 τῇ
642 1448 949 1517 προσευχῇ
984 1448 1078 1502 καὶ
1123 1446 1197 1514 τῇ
1223 1445 1492 1512 διακονίᾳ
1515 1445 1619 1497 τοῦ
1660 1445 1756 1497 λό-

195 1560 308 1614 γου
356 1540 974 1610 προσκαρτερήσομεν.
1019 1540 1084 1590 ἸΙ
1128 1537 1184 1589 δὲ
1220 1538 1330 1589 τών
1375 1535 1618 1602 γονάτων
1647 1535 1757 1588 κλί-

199 1654 287 1699 σις
312 1635 401 1687 τὸν
446 1634 855 1705 προσπίπτοντα
902 1632 979 1701 τῷ
1023 1629 1143 1701 Θεῷ
1191 1628 1362 1699 δηλοῖ.
1414 1627 1645 1696 Πατριαὶ
1697 1626 1755 1678 δὲ

197 1728 295 1780 νῦν
316 1728 344 1767 ¹ι
384 1728 475 1779 ἐπὶ
501 1726 599 1794 τῆς
630 1726 728 1793 γῆς
761 1724 922 1793 διγῶς
953 1722 1327 1791 ὀνομάζονται,
1350 1719 1458 1772 τῶν
1491 1720 1587 1785 μὲν
1614 1716 1757 1769 κατά

198 1820 378 1890 σάρκα
412 1818 517 1870 τῶν
567 1817 624 1871 δὲ
678 1816 818 1871 κατὰ
874 1816 1092 1885 πνεῦμα
1146 1812 1396 1882 πατέρων
1433 1811 1619 1864 ὄντων.
1665 1810 1751 1861 Ἐν

1855 634 2171 703 conjunctio
2205 650 2323 703 qum
2371 650 2467 704 per
2515 632 2675 688 [idem
2711 640 2982 702 patratur,
3030 625 3417 682 conlidentiam

1852 727 2010 782 nobis
2046 727 2446 787 communicat.
2479 727 2638 797 cujus
2672 726 2789 796 ipse
2817 730 3099 793 sequester
3126 719 3247 774 fuit.

1932 908 2097 962 Vens.
2146 907 2251 972 Η,
2295 908 2383 962 15.
2428 926 2446 958 ι
2484 905 2661 975 Hujus
2693 906 2769 960 rei
2824 904 2997 975 gratia
3033 897 3195 957 ﬂecto
3244 914 3417 970 genua

1854 1013 1977 1053 mea
2020 986 2085 1052 ad
2136 999 2348 1053 Patrem
2407 997 2622 1052 Domini
2660 998 2832 1051 nostri
2878 994 3007 1050 Jesu
3060 992 3301 1051 Christi.
3350 1006 3417 1045 ex

1854 1105 1965 1159 quo
1993 1091 2171 1143 omnis
2204 1097 2504 1159 patermtas
2554 1090 2609 1143 in
2653 1087 2813 1143 caelis
2853 1094 2906 1142 et
2940 1088 2995 1140 in
3042 1094 3189 1140 terra
3238 1083 3420 1138 nomi-

1854 1192 2035 1235 natur.
2075 1199 2093 1232 ι

1938 1271 2171 1327 Functio
2207 1274 2409 1343 duplex
2461 1272 2837 1341 apostolorum
2889 1269 3013 1333 fuit,
3074 1266 3324 1322 doctrina
3366 1272 3419 1320 et

1853 1364 2073 1419 oratio:
2122 1363 2579 1433 quemadmodum
2630 1363 2827 1417 Petrus
2878 1360 3109 1428 ejusque
3152 1358 3285 1412 socii
3336 1356 3422 1411 di-

1855 1467 1985 1510 cunt
2019 1474 2033 1510 :
2086 1454 2199 1508 Nos
2249 1465 2423 1507 autent
2462 1453 2697 1507 orationi
2738 1460 2789 1507 et
2826 1449 3120 1504 ministerio
3166 1446 3305 1501 verbi
3337 1446 3422 1499 in-

1854 1556 2052 1600 stantes
2077 1547 2270 1598 erimus
2301 1541 2367 1577 δ”
2403 1546 2572 1598 Porro
2605 1560 2695 1615 per
2728 1540 3153 1599 submissionem
3183 1551 3420 1608 genuum

1855 1635 1947 1689 ille
1984 1634 2273 1689 denotatur
2306 1635 2397 1703 qui
2434 1650 2618 1689 coram
2653 1633 2763 1688 Deo
2812 1630 3072 1703 procidit.
3114 1627 3424 1683 Paternita-

1854 1736 1937 1783 tes
1976 1737 2153 1781 autem
2203 1727 2256 1780 in
2300 1734 2443 1780 terra
2490 1725 2782 1795 dupliciter
2826 1724 3199 1781 nominantur.
3241 1726 3300 1773 tt:
3328 1716 3423 1773 alii

1856 1816 2155 1870 secundum
2192 1832 2414 1870 carnem
2447 1817 2553 1869 sint
2583 1824 2787 1886 patres,
2830 1814 2924 1869 alii
2973 1810 3278 1868 secundum
3309 1810 3423 1881 spi-

193 1888 411 1981 οὑρανῷ
431 1909 485 1963 δὲ
504 1906 884 1977 πνευματικῶς
900 1907 1070 1976 μόνως
1090 1902 1449 1975 ὀνομάζεσθαι
1476 1902 1749 1954 δύνανται.
1784 1888 1829 1944 Β
1858 1924 1859 1957 j

1784 1888 1829 1944 Β
1858 1908 2019 1960 ritum
2052 1924 2066 1961 :
2107 1906 2164 1959 in
2197 1907 2337 1960 caelo
2386 1913 2565 1960 autem
2604 1905 2876 1975 spirituali
2925 1905 3189 1958 duntaxat
3216 1902 3423 1956 ratione

195 1999 324 2065 Οἷος
338 1997 406 2071 ἦν
448 2002 477 2054 ὁ
506 2000 600 2053 τοῦ
643 1999 852 2070 Ἰσραὴλ
871 1998 1205 2059 διδάσκαλος,
1237 1998 1265 2048 ό
1285 1995 1375 2047 τὸν
1401 1994 1564 2062 νόμον
1598 1992 1756 2061 κομί-

199 2110 299 2155 σας
344 2092 592 2161 άγγελος.
640 2090 815 2144 Πολλά
852 2090 907 2142 δὲ
963 2092 1056 2141 καὶ
1094 2086 1313 2155 μείζονα
1366 2083 1632 2151 ἀγγέλων,
1664 2084 1757 2136 καὶ

196 2181 643 2251 ήγεμονικώτερά
667 2182 781 2232 ἐστι
809 2178 1093 2247 πνεύματα
1149 2176 1223 2238 ὡς
1263 2176 1488 2236 Ἡσαΐας
1508 2173 1652 2241 δηΛοῐ
1671 2171 1757 2224 λέ-

196 2289 330 2337 γων·
364 2273 448 2324 Οὐ
477 2269 761 2337 πρέσϐυς,
786 2271 897 2321 οὐκ
944 2268 1215 2335 ἅγγελος,
1250 2266 1430 2335 μεῖζόν
1461 2280 1513 2315 τι
1540 2262 1632 2315 τοῦ
1668 2264 1758 2328 ἀγ-

194 2362 357 2427 γέλου
377 2361 469 2412 τὸν
497 2360 736 2428 πρέσϐυν
756 2359 949 2427 δηλῶν,
989 2358 1047 2409 ὃν
1072 2358 1168 2410 καὶ⁸
1210 2357 1439 2422 Πατέρα
1469 2353 1756 2407 ἀκόλουθον

194 2452 479 2505 καλεῖσθαι
507 2452 655 2522 παρά
686 2450 762 2521 τῷ
805 2448 1129 2517 Ἀποστόλῳ.

278 2641 300 2674 ι
325 2626 446 2677 Ἱνα
462 2622 573 2692 δῴη
593 2624 721 2693 ὗμτν
748 2624 889 2677 κατά
918 2623 1008 2676 τὸν
1034 2622 1259 2676 πλοῦτον
1275 2623 1372 2692 τῆς
1392 2621 1550 2694 δόξης
1570 2620 1755 2687 αὐτοῦ,

194 2711 423 2781 δυνάμει
453 2711 862 2782 κραταιωθῆναι
897 2713 984 2765 διὰ
1016 2713 1110 2765 τοῦ
1141 2714 1453 2783 Πνεύματος
1482 2711 1646 2766 αὑτοῦ
1680 2714 1760 2771 εἰς

196 2805 289 2857 τὸν
320 2804 433 2856 ἔσω
459 2803 762 2873 ἄνθρωπον,
793 2805 1117 2872 κατοικῆσαι
1145 2804 1235 2856 τὸν
1269 2805 1502 2873 Χριστὸν
1539 2804 1627 2857 διὰ
1655 2804 1752 2873 τῆς

196 2896 438 2957 πίστεως
467 2898 525 2947 ὲν
552 2899 669 2957 ταῖς
705 2894 953 2964 καρδίαις
986 2894 1139 2961 ὑμῶν
1167 2910 1182 2925 ο
1214 2897 1270 2947 ὲν
1303 2895 1490 2968 ἀγάπῃ
1528 2896 1758 2967 ἐρριζω-

202 2987 377 3054 μένοι,
407 2986 503 3039 καὶ
528 2984 1005 3055 τεθεμελιωμένοι,
1044 2986 1129 3039 ἵνα
1164 2986 1487 3056 ἐξισχύσητε
1521 2986 1755 3039 καταλα-

197 3075 391 3128 ὖέσθαι
424 3074 520 3126 σὺν
549 3076 681 3127 πᾶσι
706 3078 817 3137 τοῖς
842 3076 1038 3142 ἁγίοις.
1075 3093 1094 3126 ι

1856 2005 2092 2068 possunt
2121 1996 2413 2049 nominari.
2459 1996 2635 2064 Atque
2677 1992 2947 2063 ejusmodi
2980 2000 3096 2047 erat
3132 1988 3424 2045 doctorls~

1856 2087 2044 2149 raelis,
2097 2087 2346 2155 angelus.
2383 2075 2628 2154 inquam,
2667 2084 2757 2137 ille
2788 2084 2880 2153 qui
2916 2082 3087 2152 legem
3136 2078 3280 2132 tulit.
3315 2077 3423 2131 Cae-

1855 2186 2031 2233 terum
2064 2178 2219 2230 multi
2264 2188 2494 2246 Spiritus
2527 2184 2655 2229 sunt
2693 2188 2759 2229 ac
2795 2176 2952 2242 longe
2991 2170 3343 2226 sublimiores
3370 2177 3426 2221 et

1858 2265 2263 2336 Spiritualiores
2316 2266 2546 2335 angelis,
2586 2264 2763 2333 .veluti
2816 2262 2987 2318 Isaias
3052 2260 3294 2315 declarat
3342 2257 3425 2311 di-

1858 2372 1989 2410 cens
2022 2374 2035 2410 :
2075 2353 2194 2408 Non
2225 2356 2448 2425 legatus,
2500 2371 2603 2407 non
2643 2354 2857 2423 angelus
2891 2351 2973 2418 ι⁵³;
3007 2365 3117 2420 quo
3155 2348 3427 2419 signiﬁcat.

1857 2460 1965 2499 non
1993 2444 2125 2497 nihil
2153 2445 2347 2513 angelo
2370 2445 2805 2512 praestantiorem
2830 2457 2953 2497 esse
2977 2441 3239 2510 legatum,
3263 2453 3424 2509 quem

1856 2534 2086 2605 proinde
2115 2534 2405 2601 Apostolus
2433 2533 2595 2587 etiam
2618 2532 2834 2586 Patrem
2857 2532 3110 2601 appellat.

1930 2626 2087 2698 185
2125 2624 2286 2681 Vens.
2329 2625 2506 2680 16-18.
2543 2644 2560 2676 ι
2607 2622 2675 2678 Ut
2702 2624 2793 2679 det
2819 2625 2976 2679 vobis
3005 2621 3306 2678 secundum
3337 2618 3427 2675 di—

1856 2719 2021 2773 vitias
2055 2719 2241 2789 glorix
2267 2733 2382 2773 suae
2418 2718 2617 2773 virtute
2651 2714 3003 2771 corroborari
3032 2728 3127 2783 per
3149 2713 3421 2784 Spiritum

1860 2811 1917 2865 in
1970 2810 2287 2865 interiorem
2340 2809 2656 2874 hominem,
2704 2807 2951 2862 habitare
3006 2806 3287 2861 Christum
3334 2820 3427 2874 per

1862 2903 2018 2961 ﬁdem
2055 2904 2110 2957 in
2138 2902 2403 2958 cordibus
2444 2902 2666 2964 vestris,
2700 2918 2753 2955 tn
2795 2901 3063 2956 charitate
3115 2898 3345 2953 radicati
3374 2908 3431 2954 et

1861 2995 2097 3061 fundati,
2127 3006 2185 3050 ut
2224 2996 2453 3065 possitis
2486 2994 2956 3065 comprehendere
2988 3007 3113 3047 cum
3162 2990 3428 3047 omnibus

1865 3096 2094 3138 sanctis.
2145 3102 2164 3135 ι

281 3170 347 3220 Ἦ
378 3170 592 3237 αῐτησις
620 3168 848 3236 μεγάλη,
886 3168 960 3230 ὡς
990 3166 1142 3236 παρὰ
1183 3168 1442 3236 μεγάλου,
1475 3166 1628 3235 φησὶ,
1663 3165 1758 3219 τοῦ
1786 3146 1829 3205 C
1934 3176 1947 3229 ι

1757 3146 1829 3209 πθ
1934 3176 2127 3245 Magna
2188 3178 2403 3247 petitio,
2460 3174 2661 3244 inquit,
2699 3174 2832 3243 quia
2883 3189 2912 3228 a
2963 3187 3162 3242 magno
3208 3170 3423 3226 datore.

196 3258 451 3319 διδόντος.
485 3256 598 3309 Νῦν
622 3256 730 3328 γὰρ
757 3254 834 3325 τῷ
856 3256 972 3309 ὄντι
996 3256 1162 3322 ἀξίως
1187 3258 1286 3325 τῆς
1315 3255 1411 3309 τοῦ
1434 3255 1570 3309 Θεοῦ
1603 3256 1757 3327 δόξης

196 3349 297 3408 τὰς
333 3348 496 3417 εὐχὰς
524 3346 900 3416 ἐδιδάχθημεν,
930 3347 1019 3398 ὅτε
1071 3348 1146 3415 μὴ
1186 3349 1351 3416 γήϊνα
1380 3346 1561 3415 ζητεῖν
1609 3348 1762 3399 ἐπαι-

196 3437 490 3508 δεύθημεν,
521 3439 638 3491 ἀλλ’
670 3440 916 3508 οὐράνια.
963 3436 1029 3491 Ἥ
1051 3438 1107 3492 δὲ
1144 3438 1381 3506 αἴτησις,
1420 3438 1760 3501 ἀνακαίνισις

195 3531 378 3602 ψυχῆς
424 3531 518 3585 καὶ
562 3530 824 3601 ἐπισκευὴ
852 3532 931 3593 εἰς
974 3532 1036 3583 τὸ
1094 3533 1153 3584 ὲν
1188 3530 1464 3599 Πνεύματι
1513 3530 1758 3595 δυνατὸν,

198 3624 391 3696 ὥσπερ
424 3627 572 3695 ἡμᾶς
605 3624 947 3678 ἀπολελοίπει
980 3625 1301 3687 διαστάντας
1325 3624 1482 3677 Θεοῦ.

276 3823 297 3855 ι
351 3805 418 3857 Τί
466 3806 530 3858 τὸ
582 3804 804 3871 πλάτος,
863 3808 958 3860 καὶ
1015 3808 1221 3878 μῆκος,
1280 3809 1375 3861 καὶ
1424 3807 1620 3879 βάθος,
1668 3806 1763 3861 καὶ

203 3896 358 3951 ὕψος.
394 3915 415 3948 ν

239 3913 262 3929 η
315 3913 358 3951 ρ.
394 3915 415 3948 ,

239 3913 347 4041 Ἥ
380 3987 482 4055 μὲν
520 3986 810 4057 ἀσώματον
839 3989 985 4041 ἐστὶν
1016 3988 1344 4059 ἀμέτρητον,
1380 3993 1515 4047 ἀλλά
1543 3994 1632 4047 διὰ
1655 3995 1763 4047 τῶν

1865 3267 2024 3339 Nunc
2078 3269 2221 3321 enim
2256 3283 2387 3322 vere
2419 3267 2717 3321 didicimus
2766 3268 2963 3336 dignas
3016 3265 3300 3334 majestate
3334 3261 3429 3317 Dei

1864 3360 2212 3430 precationes
2270 3357 2521 3420 fundere,
2574 3357 2795 3427 quando
2840 3358 3017 3411 edocti
3069 3370 3262 3413 sumus
3317 3369 3429 3408 non

1865 3459 2083 3505 terrena
2114 3465 2382 3519 φημι-ονε,
2428 3450 2520 3505 sed
2563 3449 2838 3505 cmlestia.
2878 3448 3075 3503 Petitio
3120 3457 3299 3502 autem
3344 3461 3430 3501 re-

1865 3541 2087 3596 novatio
2117 3552 2199 3594 est
2234 3542 2421 3605 animi,
2476 3549 2531 3593 et
2580 3540 2909 3594 instauratio
2959 3540 3181 3594 virtutis
3229 3552 3428 3594 secun-

1866 3634 1993 3687 dum
2045 3633 2330 3701 Spiritum,
2377 3647 2486 3702 qua
2526 3632 2776 3687 destituti
2830 3631 3034 3687 fuimus
3083 3630 3214 3685 dum
3255 3643 3286 3682 a
3317 3625 3430 3683 Deo

1868 3725 2223 3780 descivimus.

1945 3835 1963 3867 ‹
1993 3816 2123 3880 Qua:
2147 3816 2221 3871 sit
2256 3813 2509 3880 latitudo,
2539 3821 2596 3869 et
2632 3814 2938 3884 longitudo,
2970 3820 3026 3867 ct
3067 3811 3428 3883 profundum,

1868 3919 1924 3965 et
1952 3910 2283 3962 sublimitas.
2333 3927 2350 3957 ι

1938 4000 2093 4066 Quod
2158 4001 2542 4067 incorporeum
2572 4007 2676 4061 est,
2725 3996 3032 4049 mensurari
3081 4010 3189 4057 non
3218 4003 3429 4065 potest;

205 4079 594 4150 μετρουμένων
618 4078 884 4147 σωμάτων
928 4079 1205 4146 ὑπέδειξεν
1239 4081 1406 4134 αὑτοῦ
1442 4085 1502 4135 τὸ
1542 4084 1767 4155 ἄπειρον

1766 4108 1767 4123 ι
1873 4090 1969 4144 sed
2006 4103 2101 4158 per
2133 4102 2364 4157 corpora
2399 4102 2519 4155 quae
2564 4084 2667 4141 sub
2720 4099 3036 4138 mensuram
3077 4084 3306 4150 cadunt,
3351 4085 3432 4139 si-

203 4173 299 4224 καὶ
330 4170 713 4241 ἀπερίληπτον
763 4169 933 4238 ’Υψος
964 4171 1018 4223 δὲ
1050 4174 1143 4225 καὶ
1180 4172 1339 4241 βάθος
1365 4177 1517 4244 φησι,
1544 4177 1682 4229 κατά
1708 4178 1768 4230 τὸ

1764 4204 1768 4224 ι
1872 4179 2149 4251 gnilicavit
2201 4177 2626 4231 immensitatem
2684 4190 2863 4239 suam,
2902 4173 3160 4244 quodque
3191 4184 3430 4244 nequeat

203 4263 497 4332 εἰρημένον
525 4262 630 4314 ὑπὸ
655 4262 747 4315 τοῦ
770 4262 1023 4331 ἀγγέλου·
1046 4266 1199 4329 Δόξα
1219 4266 1288 4319 ἐν
1312 4268 1593 4334 ὑψίστοις
1624 4268 1765 4334 Θεῷ,

1873 4268 2283 4339 Comprehendi.
2338 4265 2660 4321 Sublimitas
2707 4281 2838 4321 vero
2864 4274 2916 4321 et
2950 4265 3304 4336 profundum,
3348 4266 3434 4320 in-

202 4356 303 4408 καὶ
328 4356 426 4407 ἐπὶ
451 4354 563 4423 77'“-
582 4354 806 4423 εἰρήνη.
836 4357 943 4409 Καὶ
970 4358 1082 4420 τοῖς
1104 4358 1194 4409 ἐπὶ
1220 4359 1321 4427 γῆς
1343 4360 1449 4433 γάρ
1476 4361 1767 4431 ἐφήπλωσε

1765 4404 1767 4409 ,
1875 4362 2013 4431 quit,
2040 4374 2151 4419 ("in
2173 4376 2338 4415 sensu
2382 4357 2608 4428 angelus
2635 4356 2851 4413 dixerat
2884 4374 2899 4412 :
2931 4358 3115 4414 Gloria
3142 4358 3196 4411 in
3228 4358 3431 4413 altissi-

203 4443 305 4515 τὴν
327 4442 488 4514 χάριν
516 4442 603 4497 διά
629 4446 727 4515 τῆς
747 4443 841 4499 τοῦ
885 4444 1060 4513 Λόγου
1091 4447 1413 4517 παρουσίας.
1798 4500 1843 4520 ﬁ

1798 4500 1843 4520 ﬁ
1875 4456 1971 4508 mis
2014 4454 2142 4518 Deo,
2182 4462 2231 4507 et
2260 4453 2317 4505 in
2346 4462 2485 4505 terra
2514 4467 2621 4520 pax
2653 4450 2721 4506 “.
2771 4449 2906 4504 Nam
2938 4450 2991 4504 in
3027 4458 3171 4505 terra
3212 4466 3430 4520 quoque

1870 4546 2097 4614 gratiam
2132 4544 2428 4613 explicavit
2463 4557 2617 4597 suam
2651 4556 2746 4612 per
2776 4540 3075 4596 adventum
3105 4549 3161 4595 et
3192 4555 3431 4610 prasen-

285 4729 306 4761 ι
351 4711 559 4764 Γνῶναι
599 4728 658 4763 τε
702 4713 802 4781 τὴν
867 4712 1311 4783 ὑπερϐάλλουσαν
1357 4714 1455 4785 τῆς
1512 4716 1771 4783 γνώσεως

206 4804 431 4873 ἀγάπην
460 4801 552 4854 τοῦ
583 4802 841 4871 Χριστοῦ.
882 4822 900 4853 ι

292 4895 381 4945 Ἐν
410 4896 476 4961 τῇ
508 4893 804 4962 μεταλήψει
838 4893 931 4946 τοῦ
976 4895 1210 4963 Χριστοῦ
1240 4901 1270 4964 ἡ
1298 4897 1500 4967 ἀληθὴς
1532 4899 1729 4964 γνῶσις
1753 4917 1767 4930 ο

206 4986 298 5037 διὰ
325 4986 380 5037 δὲ
411 4985 505 5052 τῆς
532 4984 783 5051 γνώσεως
816 4987 848 5055 ἡ
894 4987 1083 5055 ἀγάπη
1135 4986 1279 5038 ἔνδον
1335 4990 1425 5039 ἐπὶ
1476 4994 1572 5058 τῆς
1600 4991 1775 5060 ψυχῆς

212 5077 373 5137 οὖσα,
400 5077 493 5127 καὶ
519 5078 917 5146 γινωσκομένη,
950 5078 1151 5145 γνῶσιν
1188 5079 1498 5149 ἀπόρρητον
1530 5086 1685 5144 ποιεῖ,
1713 5086 1777 5152 ἢν

212 5169 309 5219 καὶ
349 5167 570 5234 μείζονα
602 5167 748 5237 λέγει
774 5171 874 5238 τῆς
918 5170 1196 5239 ἐμφανοῦς
1221 5173 1313 5222 καί
1350 5170 1437 5225 διὰ
1469 5173 1642 5240 λόγων
1690 5193 1777 5240 γιν

212 5263 443 5326 νομένης
455 5296 469 5311 .

291 5432 334 5465 δ’
362 5437 483 5488 Act.
515 5449 587 5491 vt.
615 5436 670 5489 4.
726 5438 771 5466 ⁸³
800 5438 898 5490 Isu.
928 5452 1081 5497 um.
1115 5440 1165 5491 9.
1227 5440 1271 5469 “
1298 5440 1430 5492 Luc.
1468 5456 1528 5501 ll,
1570 5442 1651 5495 H.

1874 4636 2001 4689 tiam
2041 4634 2223 4688 Verbi.

1940 4722 2105 4779 Vens.
2146 4724 2230 4779 l9.
2267 4743 2285 4775 ι
2326 4723 2480 4776 Scire
2505 4724 2671 4777 etiam
2700 4720 3201 4792 supereminean
3250 4720 3432 4776 scien-

1871 4816 1956 4865 tiae
1981 4813 2306 4867 charitatem
2345 4811 2577 4864 Christi.
2621 4829 2638 4860 ι

1940 4905 2335 4957 Communioue
2356 4919 2480 4956 cum
2502 4902 2724 4956 Christo
2752 4902 2980 4956 scientia
3002 4915 3130 4955 vera
3159 4900 3428 4956 habetur:

1874 4996 2114 5049 Charitas
2144 5003 2322 5047 autem
2383 4995 2530 5048 intus
2568 4995 2622 5046 in
2672 4995 2853 5047 anima
2885 5008 2980 5062 per
3012 4992 3301 5047 scientiam
3332 5008 3431 5046 ex-

1876 5086 2078 5139 sistens
2109 5096 2160 5139 ct
2190 5085 2426 5153 cognita,
2462 5101 2720 5138 arcanam
2764 5083 3016 5137 notitiam
3064 5084 3230 5152 parit,
3262 5097 3426 5151 quam

1874 5186 1928 5230 et
1963 5177 2219 5245 majorem
2268 5192 2393 5230 esse
2438 5177 2573 5230 dicit
2618 5176 2712 5229 illa
2759 5192 2879 5244 quae
2933 5176 3222 5245 perSpicua
3274 5173 3432 5228 nobis

1876 5278 1979 5331 est,
2006 5278 2060 5323 et
2095 5269 2273 5322 verbis
2306 5284 2369 5322 ae
2396 5269 2595 5322 litteris
2632 5278 2877 5338 paratur.

1473 5592 1707 5646 VARIAS
1748 5592 2156 5651 LECTIONES.

294 5677 350 5760 ,ιι
392 5680 631 5760 (Turpia!
674 5679 741 5730 δὲ
791 5681 925 5760 νῦν.
967 5681 1149 5749 Neque
1208 5684 1319 5735 lucc
1373 5700 1401 5735 a
1453 5684 1843 5760 Cltrysos_t_ouio
1893 5696 2111 5754 accepta
2170 5694 2320 5760 sunt,
2384 5687 2458 5737 uti
2508 5686 2750 5760 nec-alia
2780 5687 3081 5760 compl_ura.
3111 5682 3308 5736 Vocem
3337 5696 3437 5734 πα-

215 5750 368 5815 τοία,
426 5750 614 5829 etatem
681 5765 842 5829 sensit
879 5750 1511 5829 llatnascenus-acccpit.
1546 5750 1655 5820 quo
1684 5752 1946 5821 Vulgatus
1982 5750 2168 5829 noster
2205 5756 2469 5829 interpres
2526 5754 2770 5817 Latinus,
2816 5770 2911 5821 pro
2944 5754 3293 5820 Paternitate,
3324 5769 3434 5806 ttou

220 5832 318 5884 pro
344 5820 653 5886 cognatione
680 5828 769 5871 aut
794 5820 999 5887 familia
1032 5838 1047 5874 :
1072 5838 1179 5890 qua
1206 5822 1365 5877 etiam
1394 5824 1459 5876 ab
1494 5832 1714 5877 auctore
1742 5820 1929 5878 nostro
1962 5826 2196 5877 sumitur
2227 5826 2320 5879 lib.
2348 5825 2422 5878 De
2444 5826 2539 5892 /id.
2583 5825 2717 5878 orth.
2749 5820 2847 5889 cap
2895 5825 2947 5877 8.
