4218 6448
177 334 274 400 8ἱ1

245 462 263 493 ε
301 441 412 522 Ῥνὶ
530 448 739 511 ἑκάστω
769 442 924 510 ἡμῶν
956 441 1107 510 ἐδόθη
1154 441 1314 509 χάρις
1347 438 1486 489 κατά
1528 435 1589 487 τὸ
1629 438 1725 504 μέ·
1758 443 1802 492 Α

173 554 295 606 τρον
322 538 420 597 τῑπς
468 537 672 604 διιιρίᾶς
706 535 798 586 τοῦ
849 533 1103 601 Χριστοῦ.
1136 534 1226 585 At?)
1276 531 1455 597 λέγει’
1495 527 1732 590 Ἀναϐὰς

174 631 250 690 εἰς
281 628 408 696 ὕψος
442 629 860 696 ᾐχμαλώτευσεν
896 623 1298 695 αἰχμαλωσίαν.
1334 650 1352 680 ι

243 803 304 855 Ei
331 803 418 855 ml.
456 803 702 870 διάφορα,
736 803 889 870 φησι,
918 802 985 852 τά
1017 800 1362 871 χαρίσματα,
1422 797 1732 870 μετρουμέ-

177 911 268 959 in];
288 893 385 960 τῆς
414 896 634 960 χάριτος
686 891 821 959 πρὸς
853 892 951 958 τὴν
1011 891 1240 941 ἑκάστου
1274 887 1500 959 δύναμιν
1549 907 1622 954 τε,
1644 890 1735 941 καὶ

176 983 452 1052 πρόθεσιν,
482 982 592 1032 ἀλλ’
631 981 777 1049 ὅμως
802 979 877 1051 μὴ
909 979 1217 1050 μεριζέσοω
1243 980 1311 1033 τά
1332 980 1430 1048 τῆς
1461 980 1733 1050 ἐνότητος.

249 1173 268 1205 ‹
307 1155 414 1207 Καὶ
438 1154 600 1206 ἔδωκε
631 1157 838 1224 δοματα
874 1157 984 1216 τοῖς
1015 1153 1346 1224 ἀνθρώποις.
1397 1173 1416 1206 ι

244 1250 424 1317 Δηλοί,
465 1248 616 1315 φησὶ,
650 1248 739 1300 καὶ
791 1250 818 1300 ὁ
859 1248 1144 1317 ψαλμῳδὸς
1183 1249 1243 1300 τὸ
1265 1247 1466 1318 πλῆθος
1499 1248 1608 1300 τῶν
1654 1249 1730 1301 δοη

181 1342 387 1410 μάτων,
415 1338 523 1390 τῶν
549 1340 684 1407 μετὰ
701 1340 799 1408 τὴν
824 1338 1008 1391 ἄνοδον
1021 1340 1115 1392 τοῦ
1140 1340 1389 1409 Σωτῆρος
1407 1340 1462 1392 δε
1477 1339 1735 1410 δομένων,

178 1433 270 1482 ὅτε
314 1429 442 1491 τοὺς
473 1429 1011 1498 αἰχμαλωτισθέντας
1064 1430 1168 1482 ὑπὸ
1195 1430 1289 1482 τοῦ
1321 1431 1580 1496 θανάτου,
1611 1433 1737 1484 άντ-

179 1537 252 1588 ῃχ
267 1520 578 1589 μαλώτευσε
604 1521 693 1572 διὰ
723 1521 822 1590 τῆς
846 1521 976 1582 ἰδίας
1002 1521 1146 1590 ζωῆς
1175 1539 1234 1572 τε
1255 1523 1350 1574 καὶ
1370 1522 1736 1586 ἀναϐιώσεως.

179 1612 398 1664 Δέδωκε
432 1612 488 1664 δὲ
513 1610 706 1676 εἰπὼν,
737 1613 853 1664 ἀντὶ
883 1613 974 1665 τοῦ
1003 1613 1291 1682 εἰρημένου
1317 1616 1374 1665 ὲν
1405 1613 1481 1683 τῷ
1514 1613 1735 1684 ψαλμῷ,

181 1703 381 1769 ἔλαϐε,
405 1705 673 1757 δείκνυσιν
715 1706 795 1757 ὅτι
829 1704 898 1758 τὰ
947 1706 1038 1756 ἐπὶ
1081 1705 1317 1773 Χριστοῦ
1349 1705 1621 1777 σαρκικῶς
1651 1706 1740 1758 λε-

181 1795 390 1863 γόμενα
420 1797 520 1847 οὑκ
545 1796 864 1865 ἀναιρετικά
888 1796 995 1846 τῶν
1029 1796 1414 1865 πνευματικῶν
1447 1799 1540 1850 καὶ
1586 1796 1742 1848 θείων
1777 1774 1817 1828 Β

181 1887 349 1944 ἐστὶν.
401 1886 521 1937 οὑδὲ
547 1887 630 1938 ὅτι
665 1887 747 1950 τὸ,
784 1888 982 1947 ἔλαϐε,
1015 1889 1074 1938 rei)
1129 1889 1480 1951 ἀνθρωπίνως
1517 1887 1743 1958 λεγόμε⁶

183 1995 296 2042 νον,
334 1979 548 2048 ἀναιρεῖ
572 1980 653 2042 τὸ,
683 1980 888 2042 ἔδωκε,
913 1979 971 2031 τὸ
1001 1979 1212 2034 θεῖκῶε.

263 2167 281 2199 ι
318 2149 391 2200 Τὸ
423 2148 478 2200 δὲ
516 2147 704 2217 ἀνέϐη,
761 2150 815 2201 τί
859 2151 1025 2213 ἐστιν,
1070 2153 1118 2202 εἰ
1155 2151 1229 2221 μὴ
1276 2153 1359 2205 ὅτι
1409 2153 1502 2206 καὶ
1535 2156 1742 2226 κατέϐη

185 2239 405 2307 πρῶτον
439 2242 518 2302 είς
548 2239 616 2292 τά
661 2241 944 2310 κατώτερα
997 2243 1135 2310 μέρη
1165 2243 1266 2311 τῆς
1295 2246 1437 2314 γῆς;
1479 2246 1537 2298 Ὀ
1577 2264 1746 2301 καταο

182 2333 288 2394 ϐάς
317 2332 479 2394 αὑτός
508 2333 622 2384 ἐστι
647 2333 741 2384 καὶ
770 2333 798 2384 ὁ
829 2333 1034 2395 ἀναϐὰς
1060 2334 1316 2404 ὑπεράνω
1342 2336 1446 2389 τῶν
1475 2337 1743 2406 οὐρανῶν,

181 2425 275 2476 ἵνα
307 2423 564 2495 πληρώσῃ
594 2426 662 2478 τά
702 2426 895 2479 πάντα.
935 2444 954 2474 ι

257 2517 570 2586 ’Δναϐῆναι,
610 2518 796 2586 φησὶν,
847 2519 946 2570 οὑκ
977 2517 1088 2570 ἔστι
1139 2518 1289 2583 Θεὸν,
1324 2521 1415 2574 τὸν
1456 2523 1529 2592 μὴ
1579 2540 1747 2576 κατα-

186 2610 389 2673 ϐάντα,
417 2613 513 2663 καὶ
544 2611 700 2679 δῆλον
730 2612 811 2663 ὅτι
842 2613 958 2663 ἐκρῖ
987 2615 1019 2679 ἦ
1055 2613 1340 2677 ανάϐασις,
1371 2615 1492 2668 ὅθεν
1513 2618 1546 2686 ἡ
1577 2619 1747 2671 κατά-

180 2703 365 2764 ϐασις.
396 2703 551 2755 Ἐπεὶ
575 2704 754 2756 τοίνυν
795 2703 856 2766 ἐξ
897 2705 1126 2770 οὐρανοῦ
1176 2706 1574 2776 καταϐέϐηκεν,
1609 2709 1746 2760 ἀνα-

181 2795 360 2849 6αίνει
427 2795 682 2864 ὑπεράνω
737 2795 958 2849 πάντων
1017 2797 1302 2865 οὑρανῶνο
1357 2799 1644 2863 καταϐάς,
1689 2801 1750 2852 οὑ

183 2888 352 2955 μόνον
385 2889 465 2948 εἰς
513 2890 636 2956 γῆν,
689 2887 825 2940 άλλά
863 2891 959 2943 καὶ
994 2890 1099 2940 ὑπὸ
1131 2891 1253 2959 γῆν.
1284 2891 1542 2954 Καταϐἀς
1568 2891 1624 2944 δὲ
1666 2891 1754 2945 διὰ

179 2977 367 3040 τοῦτο,
399 2978 489 3030 ἵνα
515 2978 693 3031 πάντα
789 2979 1208 3051 πεπληρωμένα
1231 2981 1506 3052 θεότητος.

264 3169 284 3202 ‹
327 3151 436 3203 Καὶ
486 3152 646 3214 αὑτὸς
693 3153 882 3217 ἔδωκε,
925 3154 1052 3217 τοὺς
1087 3155 1184 3223 μὲν
1239 3155 1595 3222 ἀποστόλους,
1630 3157 1755 3220 τοὺς

178 3241 244 3293 δὲ
266 3243 575 3312 προφήτας,
602 3243 729 3305 τοὺς
756 3244 813 3297 δὲ
839 3244 1252 3312 εὐαγγελιστάς,
1293 3246 1420 3310 τοὺς
1458 3247 1516 3301 δὲ
1560 3249 1756 3318 ποιμέ-

181 3355 287 3400 νας
327 3339 424 3390 καὶ
479 3336 870 3399 διδασκάλους,
918 3338 1054 3406 πρὸς
1101 3337 1190 3388 τὸν
1235 3339 1606 3407 καταρτισμὸν
1648 3339 1758 3391 τῶν

181 3427 366 3492 ἁγίων
397 3428 477 3488 είς
503 3427 661 3496 ἔργον
694 3426 968 3490 διακονίας
1003 3427 1088 3478 ἐπ’
1125 3428 1411 3497 οἰκοδομὴν
1437 3429 1530 3480 τοῦ
1567 3429 1756 3499 σώμα-

180 3535 281 3579 τος
307 3517 403 3569 τοῦ
460 3516 716 3583 Χριστοῦ,
769 3516 932 3586 μέχρι
980 3519 1409 3586 καταντήσωμεν
1451 3519 1499 3570 oi
1557 3521 1759 3585 πάντες

183 3612 270 3670 εἰς
302 3608 402 3676 τὴν
445 3608 670 3676 ἑνότητα
707 3607 806 3676 τῆς
848 3609 1112 3670 πίστεως,
1145 3610 1240 3661 καὶ
1277 3612 1375 3678 τῆς
1417 3611 1763 3678 ἐπιγνώσεως

181 3701 288 3753 τοῦ
320 3700 454 3752 Υἱοῦ
497 3700 656 3762 Θεοῦ,
700 3702 779 3763 είς
831 3699 1003 3770 ἄνδρα
1031 3701 1255 3766 τέλειον,
1305 3705 1384 3764 εἰς
1423 3703 1623 3773 μέτρον
1647 3705 1756 3773 ἡλι-

185 3795 321 3854 κίας
365 3793 460 3844 τοῦ
507 3793 875 3862 πληρώματος
943 3791 1039 3845 τοῦ
1088 3793 1328 3864 Χριστοῦ
1359 3811 1374 3822 ·
1425 3796 1511 3846 ἵνα
1563 3797 1761 3865 μηκέτι

185 3878 348 3950 ὦμεν
413 3882 635 3950 νήπιοι,
681 3880 1126 3950 κλυδωνιζόμενοι
1187 3883 1277 3936 καὶ
1343 3885 1762 3955 περιφερόμενοι

187 3973 366 4024 παντὶ
390 3973 576 4040 ἀνέμῳ
595 3972 692 4040 τῆς
722 3972 1092 4036 διδασκαλίας,
1116 3975 1175 4026 ἐν
1200 3978 1268 4044 τῇ
1301 3976 1496 4046 κυϐεία
1526 3977 1636 4030 τῶν
1667 3979 1763 4030 άν-

187 4063 459 4135 Ορώπων,
488 4064 546 4115 ἐν
571 4065 877 4134 πανουργίᾳ
908 4064 1043 4135 πρὸς
1066 4067 1165 4136 τὴν
1197 4067 1476 4135 μεθοδείαν
1502 4068 1601 4136 τῆς
1630 4067 1765 4122 πλά-

188 4174 314 4224 νης.
355 4155 736 4224 Ἀληθεὺοντες
757 4157 813 4208 δὲ
840 4159 896 4208 ἐν
923 4156 1132 4229 ἀγάπῃ,
1154 4158 1476 4229 αὐξήσωμεν
1505 4163 1584 4223 είς
1607 4161 1768 4214 αὑτὸν

191 4250 272 4302 τὰ
309 4250 492 4301 πάντα
515 4264 528 4280 ·
559 4249 616 4310 ὃς
644 4250 842 4318 ἐστινὴ
884 4251 1093 4321 κεφαλὴ
1122 4252 1373 4321 Χριστὸς,
1401 4251 1460 4316 ἐξ
1485 4248 1546 4306 οὗ
1580 4255 1688 4306 πᾶν
1709 4254 1770 4306 τὸ

195 4342 368 4407 σῶμα
425 4340 1002 4409 συναρμολογούμενον
1042 4342 1136 4395 καὶ
1176 4343 1649 4413 συμϐιϐαζόμενον
1680 4346 1767 4398 διά

1346 329 1423 387 IN
1464 325 1680 385 EPIS’I‘
1749 324 1844 384 AP
1885 321 2273 385 EPIIESIOS.

3293 315 3398 378 842

1905 431 2065 484 Vens.
2104 431 2158 492 7,
2192 431 2245 483 8.
2283 451 2300 478 ι
2342 427 2649 495 Unicuique
2698 433 2942 478 nostrum
2986 423 3116 478 data
3147 432 3236 480 est
3268 439 3395 495 gra-

1833 525 1928 584 tia,
1965 523 2268 576 secundum
2309 533 2622 574 mensuram
2655 517 2970 571 donationis
2996 516 3227 570 Christi.
3260 514 3392 569 Pro-

1833 622 1954 684 pter
2002 613 2150 683 quod
2202 611 2376 667 dicit:
2409 609 2729 666 Ascendens
2777 608 2833 663 iu
2886 609 3082 672 altum,
3127 608 3399 678 captivam

1834 704 1988 760 duxit
2020 704 2412 772 captivitatem.
2454 721 2472 753 ›

1903 797 2142 850 Tametsi
2193 793 2503 849 differentia
2535 793 2678 847 dona
2706 798 2858 853 sunt,
2888 789 3088 858 inquit,
3133 803 3404 843 concessa

1835 888 2095 940 nimirum
2129 883 2317 953 gratia:
2349 898 2605 938 mensura
2634 879 2938 936 secundum
2963 877 3405 947 uniuscujusque

1835 979 1980 1032 vires
2015 986 2071 1031 et
2117 975 2541 1032 destinationem
2587 973 2793 1038 animi;
2830 985 3183 1040 nequaquam
3217 981 3404 1025 tamen

1836 1071 1953 1140 ipsa
1981 1079 2307 1139 separentur
2345 1084 2410 1122 ex
2440 1066 2645 1136 quibus
2672 1064 2856 1118 unitas
2880 1073 3124 1118 constat.

1912 1180 1930 1211 ε
1967 1160 2030 1214 Et
2061 1161 2204 1214 dedit
2240 1161 2380 1214 dona
2417 1159 2603 1212 homin
2632 1160 2755 1210 bus.
2807 1173 2828 1207 ι

1907 1254 2051 1319 Quin
2083 1262 2135 1306 et
2162 1261 2361 1307 auctor
2401 1249 2748 1304 Psalmorutn
2785 1247 2832 1278 “
2873 1245 3278 1300 multitudinem
3307 1259 3407 1300 ex-

1838 1346 2001 1415 plicat
2049 1345 2346 1407 douorum,
2395 1357 2535 1412 quae,
2567 1357 2631 1395 ex
2675 1355 2788 1410 quo
2839 1337 3099 1392 Christus
3134 1335 3404 1397 ascendit,

1839 1452 2103 1491 concessa
2137 1437 2328 1502 fuere;
2364 1435 2587 1504 quando
2615 1445 2808 1500 nempe
2842 1444 2983 1497 quos
3010 1442 3159 1482 mors
3185 1425 3409 1481 tenebat

1839 1529 2107 1598 captivos,
2141 1536 2256 1580 tum
2293 1527 2426 1588 vita,
2452 1533 2568 1577 tum
2593 1520 2996 1576 resurrectione
3033 1533 3132 1570 sua
3165 1516 3407 1571 vicissim

1839 1629 1924 1675 est
1970 1620 2084 1686 ipse
2132 1615 2430 1688 praedatus.
2492 1611 2734 1666 Dicendo
2778 1624 2906 1664 vero
2951 1606 3118 1669 dedit,
3161 1621 3287 1660 cum
3351 1605 3406 1660 in

1841 1713 2052 1781 psalmo
2080 1711 2344 1763 habeatur
2379 1706 2601 1774 accepit,
2637 1701 2909 1774 signiﬁcat
2945 1715 3008 1756 ea
3050 1715 3172 1770 quae
3201 1697 3406 1753 carnali

1845 1818 1995 1857 more
2032 1802 2100 1854 de
2130 1799 2354 1854 Christo
2387 1798 2773 1856 enuntiantur,
2808 1793 3114 1863 spiritualia
3143 1799 3197 1846 et
3224 1791 3408 1843 divina

1845 1909 1952 1947 non
1997 1891 2301 1954 destruere,
2361 1904 2481 1953 nec,
2531 1888 2678 1958 quod
2730 1887 2972 1939 humano
3005 1881 3164 1936 modo
3209 1882 3410 1935 dicitur

1844 1983 2067 2051 accepit,
2092 1983 2287 2036 tollere
2334 1980 2466 2034 illud
2513 1978 2680 2041 dedit,
2712 1992 2823 2046 quo
2849 1975 3097 2030 divinum
3133 1973 3269 2045 quid
3309 1988 3409 2028 ex-

1844 2075 2125 2147 primitur.

1916 2165 2080 2222 Vens.
2113 2166 2166 2227 9,
2200 2163 2284 2217 10.
2335 2181 2354 2213 ι
2386 2160 2542 2227 Quod
2597 2170 2776 2212 autem
2819 2157 3090 2222 ascendit,
3132 2156 3264 2228 quid
3302 2165 3408 2222 est,

1847 2259 1952 2312 nisi
1991 2258 2117 2326 quia
2157 2266 2211 2311 et
2243 2253 2530 2308 descendit
2561 2254 2797 2321 primum
2849 2251 2902 2303 in
2952 2249 3240 2304 inferiores
3280 2261 3408 2316 par-

1847 2354 1929 2399 tes
1969 2345 2169 2398 terrae?
2199 2342 2302 2408 Qui
2333 2341 2620 2395 descendit
2650 2339 2768 2408 ipse
2800 2347 2884 2393 est
2916 2346 2970 2393 et
3009 2339 3104 2407 qui
3158 2339 3413 2396 ascendit

1849 2449 2015 2503 super
2042 2446 2235 2486 omnes
2262 2430 2454 2492 caelos,
2485 2438 2543 2483 ut
2578 2429 2832 2498 impleret
2859 2427 3063 2482 omnia.
3094 2446 3114 2480 ι

1917 2525 2247 2581 Ascendisse
2301 2539 2415 2577 non
2475 2523 2653 2592 potuit
2699 2521 2866 2584 Deus,
2911 2521 3116 2590 inquit,
3155 2520 3257 2576 nisi
3289 2529 3414 2577 ante

1849 2616 2197 2672 descenderit
2225 2634 2238 2668 :
2266 2625 2320 2668 et
2351 2612 2705 2682 perspicuum
2745 2619 2828 2665 est
2854 2611 2988 2667 illuc
3033 2611 3411 2666 ascensionem

1852 2709 2043 2771 fuisse,
2092 2706 2232 2760 unde
2283 2704 2572 2758 descensio
2619 2701 2821 2756 fuerat.
2849 2700 3155 2770 Postquam
3182 2715 3318 2772 ergo
3346 2702 3417 2756 de

1852 2801 1996 2855 coelo
2061 2796 2372 2860 descendit,
2436 2793 2684 2848 ascendit
2755 2807 2946 2848 rursus
3000 2808 3165 2862 super
3225 2807 3417 2848 omnes

1853 2891 2022 2946 cmlos
2044 2907 2059 2955 ;
2083 2889 2176 2956 qui
2205 2886 2590 2949 descenderat,
2619 2899 2729 2938 non
2758 2883 2935 2937 solum
2960 2883 3015 2936 in
3053 2893 3280 2949 terram,
3319 2882 3416 2938 sed

1854 2991 1910 3036 et
1932 2983 2122 3035 subter
2151 2987 2378 3034 terram.
2421 2977 2548 3032 Ideo
2575 2985 2760 3030 autem
2788 2975 3171 3041 descenderat,
3203 2983 3262 3028 ut
3292 2975 3416 3030 uni-

1857 3090 2014 3130 versa
2035 3073 2322 3126 divinitate
2348 3085 2444 3125 sua
2475 3069 2841 3138 replerentur.

1924 3163 2092 3218 Vnus.
2127 3161 2316 3215 11-16.
2377 3179 2396 3212 ι
2433 3159 2498 3212 Ει
2535 3161 2653 3230 ipse
2694 3158 2848 3213 dedit
2901 3157 3170 3226 quosdam
3202 3158 3418 3227 quidem

1857 3256 2157 3328 apostolos,
2207 3251 2476 3324 quosdam
2517 3260 2696 3304 autem
2755 3249 3072 3318 praphetas,
3115 3249 3253 3304 alios
3291 3263 3423 3303 vero

1856 3347 2243 3420 evangelistas,
2293 3345 2433 3399 alios
2475 3351 2660 3397 autem
2697 3351 2946 3412 pastores
2976 3348 3032 3395 et
3064 3339 3317 3394 doctores
3349 3339 3417 3393 ad

1857 3439 2384 3496 consummationem
2415 3444 2755 3497 sanctorum,
2785 3431 2838 3485 in
2871 3447 3008 3500 opus
3037 3429 3347 3494 ministerii,
3367 3430 3422 3485 in

1859 3529 2274 3585 aediﬁcationem
2307 3524 2557 3594 corporis
2581 3522 2810 3587 Christi,
2857 3523 3030 3575 donec
3065 3534 3423 3575 occurramus

1861 3634 2049 3672 omnes
2075 3619 2127 3671 in
2170 3617 2437 3670 unitatem
2467 3615 2610 3680 ﬁdei,
2644 3622 2700 3668 et
2732 3611 3033 3679 agnitionis
3054 3611 3179 3665 Filii
3214 3611 3329 3676 Dei,
3363 3611 3421 3666 in

1861 3713 2038 3764 virum
2075 3709 2399 3780 perfectum,
2432 3709 2488 3761 in
2516 3719 2829 3761 mensuram
2854 3705 3033 3758 aetatis
3061 3702 3436 3772 plenitudinis

1862 3801 2067 3855 Christi
2099 3819 2111 3852 :
2144 3808 2204 3852 ut
2237 3814 2344 3852 non
2373 3799 2485 3866 jam
2529 3797 2705 3850 simus
2732 3795 2947 3864 parvuli
2988 3793 3336 3857 ﬂuctuantes,
3371 3803 3426 3847 et

1862 3891 2327 3946 circumferamur
2359 3888 2507 3943 omni
2547 3896 2710 3942 vento
2757 3885 3044 3950 dcctrinaa,
3084 3886 3138 3939 in
3179 3885 3425 3955 nequitia

1867 3985 2171 4048 hominum,
2205 3983 2256 4036 in
2286 3982 2485 4034 astutia
2526 3979 2593 4032 ad
2643 3978 3167 4032 circumventionem
3201 3976 3425 4030 erroris.

1866 4074 2163 4128 Veritatem
2240 4072 2398 4140 187
2459 4078 2639 4122 autem
2705 4066 2969 4122 facientes
3025 4066 3080 4119 in
3137 4065 3425 4127 charitate,

1865 4180 2182 4220 crescamus
2236 4163 2292 4215 in
2340 4164 2434 4216 illo
2465 4176 2560 4229 per
2585 4160 2794 4222 omnia,
2827 4157 2922 4226 qui
2961 4167 3046 4212 est
3075 4164 3240 4226 caput
3271 4154 3432 4209 Chri-

1868 4265 2020 4318 stus,
2053 4271 2118 4310 ex
2163 4268 2270 4322 quo
2319 4260 2496 4305 totum
2546 4265 2752 4319 corpus
2794 4258 3144 4317 compactum
3196 4253 3251 4301 et
3292 4260 3429 4300 con-

1869 4335 2067 4402 nexum
2118 4361 2215 4416 per
2271 4359 2488 4398 omnem
2532 4341 2854 4411 juncturam
2890 4338 3432 4412 subministrationis

192 4433 388 4500 πάσης
418 4433 562 4500 ἁφῆς
612 4432 710 4501 τῆς
769 4433 1128 4504 ἐπιχορηγίας
1172 4435 1313 4488 κατὰ
1367 4439 1666 4505 ἐνέργειαν,
1710 4439 1767 4490 ὲν
1798 4439 1843 4494 D

1798 4439 1843 4494 D
1871 4439 2172 4496 secundum
2188 4435 2584 4506 Operatiouem,
2611 4434 2668 4486 in
2699 4447 2960 4487 mensura
2994 4431 3434 4500 uniuscujusque

199 4525 395 4593 μέτρῳ
425 4523 542 4584 ἐνὸς
571 4523 802 4575 ἑκάστου
841 4525 1042 4593 μέρους
1062 4526 1161 4596 τὴν
1200 4526 1429 4597 αὔξησιν
1460 4527 1552 4580 τοῦ
1586 4529 1772 4598 σώμα-

191 4633 290 4677 τος
313 4616 553 4666 ποιεῖται
575 4615 654 4675 εἰς
680 4615 968 4686 οἰκοδομὴν
996 4617 1194 4670 ἑαυτοῦ
1223 4621 1281 4670 ἐν
1303 4621 1514 4694 ἀγάπῃ.
1555 4641 1572 4670 ι

282 4709 386 4766 ⁸·ος
443 4706 543 4773 μὲν
587 4707 947 4777 ἁποστολικὴν
1004 4709 1161 4762 ἔλαϐε
1210 4712 1390 4781 χάριν,
1443 4713 1624 4783 φησὶν,
1682 4715 1775 4766 καὶ

196 4799 525 4864 ἐξαγγέλλει
572 4799 671 4868 τὴν
711 4800 1027 4870 ἀπόκρυφον
1068 4803 1260 4871 σοφίαν
1292 4805 1390 4873 τῆς
1423 4785 1732 4874 οἰκονομίας
1756 4825 1770 4840 ·

193 4891 262 4948 ὃς
294 4889 354 4940 δὲ
397 4890 740 4959 προφητικὴν
779 4891 1078 4962 ὑπουργίαν
1127 4895 1411 4965 ὑπουργεῖ,
1448 4897 1526 4957 είς
1552 4897 1773 4963 ἔνδειξιν

194 4985 271 5049 τῆ
281 5000 307 5042 ς
349 4981 407 5032 ἐν
433 4983 564 5050 ἡμῖν
597 4983 660 5034 ὲκ
699 4983 1008 5052 πνεύματος
1063 4987 1448 5054 προγνώσεως.
1491 4989 1680 5053 Ἀλλος
1717 4991 1775 5043 δὲ

199 5073 627 5139 Εὑαγγελισμὸν
657 5078 908 5139 ποιεῖται,
942 5077 1027 5128 διά
1057 5077 1276 5147 λόγωνῆ
1309 5081 1671 5150 γραμμάτων,
1702 5084 1779 5146 ὡς

194 5164 477 5225 Φίλιππος
516 5165 614 5232 μὲν
642 5165 727 5218 διὰ
759 5167 951 5232 λόγων,
985 5170 1034 5220 οἱ
1064 5169 1120 5222 δὲ
1165 5171 1474 5239 γράψαντες
1502 5174 1568 5226 τά
1600 5175 1778 5241 Εὐαγ-

195 5256 392 5324 γέλια,
436 5255 524 5307 διά
564 5259 906 5326 γραμμάτων
943 5277 956 5289 ⁸
1003 5261 1060 5321 ὃς
1097 5262 1152 5313 δὲ
1187 5263 1511 5333 Ἐκκλησίαν
1543 5267 1776 5336 ἐγχειριο

200 5347 366 5407 σθεὶς
396 5348 728 5414 ποιμαίνειν.
767 5350 948 5402 Πάντα
1002 5351 1095 5404 οὖν
1124 5353 1190 5406 τὰ
1243 5355 1581 5424 χαρίσματα,
1620 5361 1773 5427 φησι,

201 5438 354 5507 πρὸς
398 5435 461 5487 τὸ
493 5437 616 5498 τοὺς
656 5438 1012 5504 ἁγιασθέντας
1047 5443 1104 5494 ἐν
1134 5443 1315 5495 πίστει
1355 5446 1774 5515 καταρτίζεσθαι

201 5528 354 5597 πρὸς
386 5527 686 5593 τελείωσιν,
719 5531 1108 5588 διακονούντων
1137 5538 1218 5597 είς
1266 5536 1325 5588 τὸ
1369 5538 1545 5592 κοινὸν
1575 5537 1682 5592 τῶν
1707 5538 1774 5591 τὰ

269 5707 319 5737 ⁸⁵
344 5705 491 5760 Ῥείη.
521 5721 690 5770 van,
716 5710 770 5760 4.

540 5802 804 5861 lumen.
847 5801 958 5862 Gn.
999 5799 1165 5859 XCV.

1870 4530 2101 4585 membri
2124 4535 2477 4597 augmentum
2492 4525 2744 4596 corporis
2769 4524 2923 4591 facit,
2945 4525 2999 4578 in
3020 4523 3433 4578 aediﬁcationem

1867 4623 1951 4678 sui
1989 4622 2042 4674 in
2073 4619 2364 4674 charitate.
2404 4636 2422 4667 ι

1936 4711 2091 4766 Alius
2114 4708 2331 4779 quidem
2366 4705 2751 4776 apostolicam,
2783 4704 2984 4774 inquit,
3015 4705 3246 4775 gratiam
3280 4723 3437 4765 acce-

1871 4802 1970 4871 pit,
1999 4808 2053 4853 et
2085 4811 2344 4852 arcanam
2378 4793 2812 4865 dispensationis
2852 4796 3178 4863 sapientiam
3225 4811 3436 4854 annun-

1875 4897 1977 4948 tiat
2013 4911 2028 4959 ;
2061 4893 2202 4946 alius
2239 4906 2368 4943 vero
2406 4889 2694 4943 instinctui
2726 4890 3053 4959 prophetico
3087 4892 3438 4960 obsequitur,

1874 4985 1941 5039 ad
1982 4981 2374 5038 declarandum
2426 4979 2554 5048 quid
2604 4980 2802 5048 spiritu
2850 4982 2999 5035 intus
3049 4983 3440 5053 pracognitum

1876 5080 1968 5133 sit.
2025 5078 2176 5129 Alter
2229 5073 2511 5143 Evangelii
2558 5073 2936 5141 praadicationi
2985 5074 3290 5140 incumbit,
3325 5077 3444 5133 sive

1876 5170 2080 5231 verbis,
2118 5168 2235 5223 sive
2265 5167 2487 5235 scriptis
2516 5184 2530 5220 :
2559 5166 2741 5220 verbis
2774 5167 3020 5235 quidem,
3048 5175 3108 5220 ut
3134 5167 3440 5239 Philippus;

1884 5263 2105 5331 scriptis
2137 5275 2288 5322 vero,
2323 5260 2418 5327 qui
2455 5257 2748 5327 Evangelia
2783 5258 2983 5312 litteris
3009 5260 3248 5315 edidere.
3271 5259 3444 5318 Alteri

1883 5353 2164 5426 pascendze
2214 5351 2469 5404 Ecclesia»
2502 5364 2706 5404 munus
2741 5349 3044 5419 injunctum
3090 5359 3196 5405 est.
3248 5349 3444 5407 Omnia

1884 5463 2013 5517 ergo
2057 5448 2220 5506 dona,
2253 5442 2452 5510 inquit,
2486 5455 2554 5495 eo
2595 5449 2864 5510 spectant,
2903 5451 2961 5495 ut
3008 5442 3102 5510 qui
3133 5441 3239 5496 ﬁde
3268 5442 3443 5496 sancti

1885 5539 2013 5594 facti
2057 5543 2202 5604 sunt,
2244 5533 2635 5606 perfectionem
2670 5533 2976 5589 absolutam
3025 5534 3340 5601 obtineant;
3377 5533 3446 5591 iis

3047 5801 3116 5864 27
