4218 6448
165 375 272 445 845

1331 381 1408 439 IN
1451 380 1690 440 EPIST.
1730 380 1830 439 AD
1869 379 2259 441 EPHESIOS.

3300 380 3404 441 846

243 511 261 541 ι
311 489 647 560 Ὀργίζεσθε,
690 489 782 543 καὶ
835 489 910 560 μὴ
963 488 1343 561 ἁμαρτάνετε·
1395 492 1423 542 ὁ
1467 489 1617 559 ἥλιος
1657 487 1731 558 μὴ

1921 487 2091 545 Vsus.
2124 487 2316 543 26-29.
2360 508 2377 540 ι
2418 487 2722 544 lrascimini
2751 498 2805 545 et
2848 490 3012 544 nolite
3047 504 3289 560 peccare,
3321 492 3402 544 sol

161 583 430 638 ἐπιδυέτω
462 584 554 635 ἐπὶ
605 581 682 652 τῷ
724 582 1089 654 παροργισμῷ
1139 581 1314 652 ὑμῶν.
1364 580 1517 651 Μηδὲ
1562 579 1734 632 δίδοτε

158 676 328 728 τόπον
358 674 432 744 τῷ
465 673 714 742 διαϐόλῳ.
755 675 812 727 ’0
861 673 1129 735 κλέπτων,
1191 673 1388 744 μηκέτι
1427 671 1730 737 κλεπτέτω,

165 766 370 837 μᾶλλον
391 766 447 818 δὲ
475 766 744 829 κοπιάτω,
769 764 1139 836 ἐργαζόμενος
1157 765 1216 818 τὸ
1241 763 1443 832 ἀγαθὸν
1469 765 1587 825 ταῖς
1608 779 1735 834 χερ-

163 861 271 923 σὶν,
313 859 398 912 ἵνα
431 859 526 929 ἔχῃ
561 857 899 928 μεταδιδόναι
928 857 1006 928 τῷ
1038 859 1228 928 χρείαν
1272 857 1470 927 ἔχοντι.
1507 857 1620 919 Πᾶς
1648 855 1737 908 λό-

162 969 260 1018 γος
289 951 523 1021 σκληρὸς
545 953 609 1004 ὲκ
636 949 730 1002 τοῦ
753 951 1020 1020 στόματος
1047 951 1199 1019 ὑμῶν
1231 951 1304 1021 μὴ
1334 946 1732 1019 ἐκπορευέσθω,

161 1045 279 1097 ἀλλ’
303 1043 466 1106 εἴτις
501 1043 725 1110 ἀγαθὸς,
771 1043 908 1112 πρὸς
940 1043 1229 1115 οἰκοδομὴν
1258 1043 1359 1113 τῆς
1396 1042 1612 1112 χρείας,
1644 1039 1733 1092 ἵνα

161 1135 239 1206 δῷ
271 1135 436 1205 χάριν
462 1137 574 1198 τοῖς
606 1133 913 1189 ἀκούουσιν.
951 1154 970 1187 ι

235 1228 302 1280 Et
330 1228 424 1281 καὶ
461 1227 596 1298 ὀργῇ
630 1226 950 1298 προσπέσοι,
990 1227 1145 1298 φησὶ,
1178 1227 1252 1298 μὴ
1285 1227 1367 1290 είς
1391 1226 1452 1279 τὸ
1485 1223 1736 1297 ἁμαρτά-

163 1337 280 1375 νειν
323 1320 712 1390 ὲπικρατείτω,
759 1319 893 1374 ἀλλά
949 1320 1044 1374 καὶ
1100 1319 1206 1391 πρὸ
1235 1319 1329 1374 τοῦ
1361 1319 1574 1391 ἡμέραν
1611 1319 1735 1372 ἐπι-

163 1414 364 1484 στῆναι
388 1413 665 1483 δευτέραν,
693 1411 967 1466 παυέσθω.
1011 1411 1140 1466 Ἐὰν
1165 1411 1272 1484 γάρ
1307 1411 1479 1465 ταῦτα
1502 1413 1560 1464 ὲν
1610 1411 1738 1479 ὑμῖν

163 1510 366 1577 κρατῇ,
399 1505 641 1559 διαϐόλου
693 1505 997 1575 διδάγματα
1036 1505 1185 1570 ὄντα,
1229 1505 1258 1557 ό
1289 1503 1609 1567 διδάσκαλος
1649 1501 1739 1556 διὰ

163 1600 273 1654 τῶν
306 1601 451 1654 ἰδίων
480 1599 646 1652 αὑτοῦ
671 1598 1015 1669 διδαγμάτων
1051 1597 1530 1654 ὲπεισελεύσεται.ῑ

242 1791 262 1824 ‹
313 1772 424 1824 Καὶ
485 1773 567 1841 μὴ
593 1769 815 1825 λυπεῖτε
846 1770 906 1824 τὺ
965 1769 1190 1842 Πνεῦμα
1248 1769 1341 1823 τοῦ
1399 1768 1558 1834 Θεοῦ,
1608 1758 1740 1836 ὲ.νῷ

162 1864 575 1935 ἐσφραγίσθητε
605 1865 685 1927 είς
711 1864 924 1933 ἡμέραν
956 1861 1408 1933 ἀπολυτρώσεως.
1462 1881 1482 1913 ›

232 2042 310 2095 Τδ
335 2041 557 2112 Πνεῦμα
583 2043 726 2110 ὑμᾶς
753 2041 1260 2111 ἀποστραφήσεται,
1293 2038 1448 2108 φησὶ,
1489 2037 1739 2109 καθάπερ

162 2134 531 2204 λυπούμενον,
578 2134 658 2186 ὅτι
708 2132 897 2203 ὥσπερ
949 2133 1008 2185 ὲν
1045 2129 1379 2201 σφραγισμῷ
1420 2129 1572 2182 δοθὲν
1613 2129 1741 2197 ὑμῖν

162 2230 244 2290 εἰς
274 2227 492 2289 ἕνωσιν,
544 2225 644 2279 οὐκ
691 2225 1033 2296 ἐπιτηδείους
1074 2223 1213 2294 πρὸς
1255 2223 1447 2276 ἕνωσιν
1500 2221 1740 2291 εὑρίσκει

162 2316 295 2378 τοὺς
325 2314 686 2384 δεδεγμένους
736 2314 836 2384 τὴν
884 2314 1044 2384 χάριν
1083 2314 1183 2376 ἐίς
1217 2313 1280 2366 τὸ
1329 2312 1614 2381 διαφυγεῖν
1642 2312 1741 2382 τὴν

163 2405 396 2460 κόλασιν
417 2406 516 2476 τῆς
541 2404 862 2476 διαφθορᾶς.

243 2604 264 2637 ι
322 2584 484 2637 Πᾶσα
522 2581 737 2652 πικρία,
779 2582 873 2634 καὶ
904 2581 1094 2652 θυμὸς,
1129 2581 1224 2634 καὶ
1273 2580 1432 2652 ὀργὴ,
1483 2581 1576 2633 καὶ
1609 2580 1740 2652 βλα-

165 2673 387 2744 σφημία
412 2670 634 2741 ἀρθήτω
665 2671 760 2740 ἀφ’
790 2671 945 2741 ὑμῶν
982 2672 1079 2724 σὺν
1109 2671 1260 2742 πάσῃ
1292 2671 1481 2741 κακίᾳ.
1520 2669 1740 2722 Γίνεσθε

161 2767 220 2819 δὲ
245 2766 327 2828 είς
360 2763 625 2834 ἀλλήλους
671 2764 923 2834 χρηστοὶ,
961 2762 1346 2833 εὔσπλαγχνοι,
1383 2761 1736 2833 χαριζόμενοι

164 2858 409 2920 ἑαυτοῖς,
438 2854 621 2918 καθὼς
654 2855 748 2908 καὶ
778 2855 808 2906 ό
836 2853 971 2917 Θεὸς
1005 2855 1318 2926 ἐχαρίσατο.
1365 2872 1384 2905 ι

241 3034 428 3103 Ἀπτρ
461 3029 601 3094 ἐστὶ,
632 3033 788 3101 φησί,
823 3032 925 3100 τῆς
956 3031 1224 3101 σαρκικῆς
1254 3031 1548 3099 ἀγνωσίας,
1572 3028 1745 3084 ταῦτα

167 3123 522 3178 ἀπολειπέτω
543 3125 573 3176 ό
605 3123 1147 3193 κατασκευαζόμενος
1172 3125 1580 3194 πνευματικῶς.

778 3371 1029 3428 ΚΕΦΛΛ.
1071 3373 1147 3425 Ε’.

245 3507 266 3540 ι
308 3487 534 3541 Γίνεσθε
566 3487 659 3540 οῦν
693 3487 932 3558 μιμηταὶ
961 3487 1056 3541 τοῦ
1101 3490 1258 3558 Θεοῦ,
1309 3493 1384 3556 ὡς
1416 3493 1581 3549 τέκνα
1610 3496 1750 3564 ἀγα.-

164 3578 344 3646 πητά,
375 3579 470 3630 καὶ
495 3581 850 3648 περιπατεῖτε
878 3580 936 3630 ὲν
986 3579 1196 3652 ἀγάπῃ,
1249 3583 1432 3648 καθὼς
1461 3586 1489 3637 ό
1514 3587 1750 3657 Χριστὸς

165 3670 461 3740 ἠγάπησεν
489 3671 660 3740 ἡμᾶς,
705 3671 799 3723 καὶ
837 3672 1160 3742 παρέδωκεν
1191 3676 1383 3728 ἑαυτὸν
1409 3677 1548 3748 ὑπὲρ
1591 3678 1750 3748 ἡμῶν

166 3761 492 3833 προσφορὰν
524 3765 619 3815 καὶ
644 3761 836 3818 θυσίαν
862 3765 940 3836 τῷ
974 3764 1095 3836 Θεῲ
1121 3767 1202 3830 είς
1230 3766 1404 3838 όσμὴν
1432 3768 1685 3832 εὐωδίας.
1724 3788 1744 3820 ι

240 3938 354 4000 Δεῖ,
384 3937 540 4006 φησὶ,
578 3935 864 4006 μιμεῖσθαι
913 3937 1045 3991 Θεὸν
1077 3941 1156 4001 εἰς
1189 3940 1250 3993 τὸ
1281 3941 1596 4011 χαρίζεσθαι
1639 3944 1754 4005 τοῖς

168 4033 586 4103 ἁμαρτάνουσιν
631 4036 710 4096 εἰς
748 4034 917 4103 ἡμᾶς,
976 4035 1063 4087 ἵνα
1112 4028 1261 4105 ᾦμεν
1300 4039 1535 4106 μιμηταὶ
1589 4036 1748 4091 Θεοῦ.

169 4125 276 4178 Τὸν
305 4125 361 4176 δὲ
396 4124 646 4186 θάνατον,
685 4127 745 4177 οὐ
803 4125 1032 4180 θάνατον
1086 4128 1388 4198 ὠνόμασεν,
1436 4129 1572 4182 ἀλλὰ
1615 4129 1751 4182 Θεοῦ

169 4214 535 4282 προσφοράν
563 4231 577 4243 ·
608 4217 668 4267 οὐ
716 4218 824 4286 γὰρ
849 4213 917 4289 ἦν
952 4217 1186 4270 θανάτου
1223 4219 1422 4271 σκῦλον
1461 4221 1489 4270 ὁ
1520 4220 1766 4291 Κύριος,,

169 4308 312 4360 ἀλλὰ
342 4307 762 4376 αἰχμαλωτίζων
812 4313 891 4373 εἰς
935 4311 1238 4380 ζωὴν“τοῦς
1277 4313 1334 4363 ἐν
1363 4312 1599 4382 θανάτῳ,
1631 4314 1752 4366 οὐδὲ

173 4400 282 4452 ὐπδ
319 4400 552 4451 θανάτου
578 4401 964 4468 κατεχόμενος,
991 4403 1127 4455 ἀλλὰ
1158 4404 1309 4473 παρά
1330 4403 1471 4470 Θεῷ,
1501 4406 1594 4458 καὶ
1625 4407 1746 4458 τότε

173 4491 248 4542 ὢν
278 4491 472 4552 δεκτὸς
495 4492 588 4542 καὶ
623 4491 826 4560 τίμιος,
868 4495 961 4545 καὶ
987 4494 1158 4563 δῶρον
1193 4495 1332 4565 ὑπὲρ
1373 4496 1579 4566 κόσμου
1615 4513 1749 4548 παν-

173 4582 264 4643 τὸς
299 4581 668 4635 εὐωδέστατον
702 4583 843 4636 κατά
872 4585 970 4653 τὴν
1007 4585 1286 4655 ἀγιότητα,

249 4775 269 4806 ι
312 4755 547 4826 Πορνεία
579 4756 658 4817 δὲ,
693 4757 785 4807 καὶ
817 4758 966 4808 πᾶσα
1013 4759 1346 4827 ἀκαθαρσία,
1397 4761 1430 4831 ἢ
1467 4761 1751 4827 πλεονεξία

179 4849 317 4917 μηδὲ
366 4847 721 4913 ὀνομαζέσθω
779 4851 837 4901 ἐν
872 4849 1022 4916 ὑμῖν,
1067 4850 1249 4912 καθὼς
1311 4853 1516 4920 πρέπει
1550 4853 1748 4919 ἁγίοις,

178 4944 273 4996 καὶ
299 4943 616 5011 αίσχρότης,
668 4943 761 4993 καὶ
800 4941 1124 5012 μωρολογία,
1163 4945 1256 4994 καὶ
1294 4945 1649 5014 εὐτραπελία,
1675 4947 1753 5004 ,τὰ

176 5036 276 5088 οῦκ
310 5035 606 5104 ἀνήκοντα,
632 5035 765 5087 άλλά
795 5035 993 5104 μᾶλλον
1029 5036 1372 5107 εὐχαριστία.
1411 5057 1428 5087 ο

249 5214 334 5267 Τὰ
365 5214 501 5282 πρὸς
525 5214 789 5283 ἀλλήλους
813 5217 1068 5287 ὠφέλιμα
1097 5217 1339 5283 διελθὼν,
1381 5223 1443 5272 τὸ
1469 5221 1592 5274 καθ’
1625 5224 1749 5276 ἐαυ-

177 5310 269 5360 τὸν
306 5309 538 5360 ἑκάστου
563 5310 778 5378 σῶφρον
802 5310 895 5361 καὶ
919 5311 1160 5381 καθαρὸν
1197 5313 1471 5383 ἐπιφέρει.
1507 5314 1639 5367 Οὐδὲ
1666 5304 1752 5367 sv;

177 5403 356 5455 ταῦθα
383 5404 476 5455 τοῦ
500 5404 664 5472 νόμου
692 5405 878 5476 μέτρῳ
930 5406 1230 5476 χρώμενος,
1256 5409 1369 5459 ἀλλ’
1397 5410 1538 5480 ὑπὲρ
1573 5410 1750 5463 τοῦτο.

195 5496 342 5548 Ἐκεῖ
379 5496 476 5564 μὲν
509 5496 617 5562 γάρ
645 5497 728 5560 τὸ,
775 5498 874 5550 οὐκ
930 5498 1082 5552 ἔσται
1116 5500 1418 5570 πορνεύων,
1454 5503 1573 5554 οὐδὲ
1614 5520 1751 5573 πορ-

182 5587 414 5640 νεύουσα
435 5603 447 5617 ·
473 5587 708 5654 λέγεται,
731 5589 965 5643 ἐνταῦθα
987 5592 1044 5645 δὲ
1062 5591 1143 5658 τὸ,
1169 5592 1326 5662 μηδέ
1356 5592 1749 5662 ὀνομαζέσθω,

182 5677 214 5744 ἦ
249 5675 549 5730 ἀκονέςθω.

260 5811 308 5843 ⁸⁵
341 5809 499 5866 Deut.
545 5827 700 5880 XXIII,
739 5813 824 5870 17.

1840 597 1949 636 non
1996 581 2214 636 occidat
2242 597 2409 651 super
2438 583 2779 637 iracundiam
2808 593 3070 637 vestram.
3102 581 3279 635 Nolite
3323 582 3406 635 lo.

1838 684 1964 723 cum
2004 669 2138 724 dare
2158 669 2398 724 diabolo.
2421 669 2522 736 Qui
2560 672 2864 732 iurabatur,
2890 672 3002 741 jam
3035 688 3142 725 non
3173 671 3404 725 furetur.

1840 760 2008 832 Magis
2034 771 2215 815 autem
2249 760 2462 816 laboret
2486 763 2765 831 operando
2806 763 3009 818 bonum
3041 763 3319 826 manibus,
3351 771 3411 814 ut

1839 853 2037 908 habeat
2070 852 2217 908 unde
2251 852 2460 908 tribuat
2489 855 2873 910 necessitatem
2922 855 3171 924 patienti.
3220 854 3412 910 Omnis

1839 957 2021 997 sermo
2053 943 2231 998 malus
2269 958 2335 998 ex
2368 957 2464 998 ore
2497 952 2685 999 vestro
2735 959 2846 999 non
2890 943 3150 1015 procedat
3183 964 3194 998 :
3234 946 3330 999 sed
3365 947 3412 999 si

1839 1035 1962 1105 quis
1990 1035 2167 1090 bonus
2196 1036 2262 1090 ad
2290 1035 2709 1093 aziliticationem
2752 1037 2900 1104 ﬁdei,
2945 1045 3004 1094 ut
3049 1037 3141 1092 det
3178 1037 3412 1108 gratiam

1839 1127 2208 1184 audientibus.
2251 1148 2268 1181 ι

1916 1217 1982 1274 Et
2025 1221 2072 1276 si
2121 1221 2248 1291 quis
2291 1220 2350 1275 in
2399 1219 2537 1274 iram
2586 1218 2800 1285 incidit,
2845 1234 2954 1276 non
2995 1228 3310 1290 perseveret
3338 1222 3417 1275 ita

1841 1319 1902 1367 ut
1956 1321 2185 1384 peccet;
2233 1313 2330 1370 sed
2387 1322 2516 1368 ante
2566 1310 2818 1382 placetur
2863 1327 3030 1385 quam
3081 1313 3252 1368 altera
3300 1312 3419 1368 dies

1841 1404 2116 1472 succedat.
2156 1401 2292 1458 Nam
2321 1405 2368 1460 si
2401 1405 2460 1458 in
2494 1401 2654 1459 vobis
2685 1403 2791 1458 ista
2823 1411 3039 1474 vigeant
3066 1418 3187 1473 quas
3213 1402 3421 1460 diaboli

1840 1495 2002 1566 plane
2049 1497 2293 1551 instituta
2343 1504 2492 1562 sunt,
2551 1494 2812 1565 magister
2868 1495 2987 1564 ipse
3039 1493 3419 1563 superveniet,

1843 1595 2064 1658 propter
2113 1588 2440 1660 placitorum
2489 1601 2715 1644 suorum
2756 1585 3197 1642 observationem
3232 1599 3422 1640 accer—

1843 1681 2005 1736 situs.

1913 1770 2081 1830 Vsus.
2113 1773 2202 1829 50.
2236 1794 2253 1827 ι
2289 1773 2358 1831 Ει
2389 1773 2560 1829 nolite
2602 1773 2938 1828 contristare
2979 1771 3246 1842 Spiritum
3289 1786 3422 1826 san-

1771 1852 1996 1920 Bctum
2045 1865 2177 1933 Dei,
2227 1866 2284 1921 in
2335 1882 2445 1936 quo
2497 1865 2702 1936 signati
2755 1866 2892 1920 estis
2925 1865 2979 1918 in
3013 1864 3158 1919 diem
3202 1862 3422 1918 redem-

1887 1956 2076 2012 tionis.
2123 1977 2142 2010 ›

1887 1975 2076 2012 nonis.
2123 1977 2142 2010 ›

1848 1975 1883 2030 p
1918 2047 2183 2118 Spiritus,
2234 2045 2454 2118 inquit,
2507 2059 2735 2100 aversus
2784 2043 2892 2099 erit
2945 2056 2977 2095 a
3023 2041 3222 2104 vobis,
3273 2041 3427 2095 velut

1846 2139 2058 2194 luctum
2095 2153 2300 2210 agens,
2348 2136 2513 2208 quia,
2562 2151 2687 2192 cum
2735 2136 2788 2190 in
2835 2134 3220 2205 obsignatione
3262 2132 3426 2188 datus

1847 2233 1919 2288 sit
1948 2231 2104 2287 vobis
2140 2240 2200 2285 ut
2231 2227 2750 2300 conjungeremini,
2809 2243 2907 2284 vos
2953 2237 3142 2281 tamen
3190 2239 3301 2281 non
3349 2239 3427 2278 re-
3477 2222 3484 2226 ’

1847 2324 2024 2394 periet
2075 2321 2144 2377 ad
2196 2322 2302 2378 hoc
2352 2322 2603 2384 idoneos,
2651 2319 2866 2374 tametsi
2923 2318 3152 2390 gratiam
3198 2331 3427 2385 recepe-

1848 2416 1990 2484 ritis,
2026 2430 2134 2486 qua
2189 2429 2405 2486 poenam
2457 2414 2716 2469 interitus
2759 2419 2814 2467 et
2869 2410 3239 2481 corruptionis
3289 2408 3427 2464 etfu-

1849 2510 2073 2579 geretis.

1928 2598 2090 2654 Vsas.
2127 2597 2220 2660 51,
2255 2597 2345 2652 52.
2389 2616 2407 2648 ι
2438 2596 2630 2653 Omnis
2659 2595 2994 2663 amaritudo,
3028 2604 3082 2650 et
3125 2596 3228 2659 ira,
3265 2602 3320 2649 et
3344 2594 3429 2648 in-

1848 2691 2120 2762 dignatio,
2149 2697 2204 2744 et
2234 2690 2465 2752 clamor,
2497 2696 2551 2744 et
2576 2688 2918 2757 blasphemia
2951 2687 3226 2743 tollatura
3251 2687 3428 2752 vobis,

1850 2800 1974 2840 cum
2001 2781 2150 2838 omni
2181 2780 2408 2835 malitia.
2457 2777 2647 2836 Estote
2683 2789 2864 2834 autem
2901 2777 3134 2834 invicem
3180 2777 3426 2848 benigni,

1850 2871 2256 2935 misericordes,
2297 2869 2569 2926 donantes
2601 2870 2860 2935 invicem,
2904 2869 3048 2924 sicut
3093 2876 3148 2924 et
3197 2867 3340 2925 Deus
3371 2869 3428 2923 in

1851 2963 2075 3019 Christo
2103 2961 2330 3016 donavit
2354 2962 2533 3017 vobis.
2581 2981 2599 3013 ι

1920 3053 2270 3125 Quaecunque
2317 3052 2562 3109 carnalis
2615 3061 2743 3108 sunt
2791 3050 3192 3123 ignobilitatis,
3226 3052 3427 3122 inquit,

1854 3146 1968 3201 haec
2025 3147 2323 3216 relinquat,
2385 3146 2482 3216 qui
2547 3146 2822 3216 spirituali
2886 3159 3040 3200 more
3093 3160 3215 3201 sese
3271 3161 3430 3200 con.-

1775 3218 1818 3275 C
1852 3245 2028 3309 parat.

2502 3372 2657 3428 CAP.
2700 3372 2769 3429 ν.

1921 3480 2087 3538 Vens.
2121 3483 2173 3547 l,
2212 3481 2267 3536 ‘2.
2306 3501 2325 3535 ί
2376 3480 2564 3537 Estote
2609 3498 2741 3554 ergo
2796 3483 3106 3540 imitatores
3147 3482 3241 3539 Dei
3289 3484 3431 3540 sicut

1852 3575 1944 3630 lilii
1973 3575 2312 3638 cliarissimi,
2353 3586 2406 3630 et
2454 3575 2736 3631 ambulate
2765 3577 2820 3630 in
2855 3576 3170 3642 dilectione,
3209 3578 3352 3632 sicut
3377 3587 3433 3631 et

1849 3667 2104 3722 Christus
2144 3668 2337 3722 dilexit
2403 3684 2528 3732 nos,
2561 3676 2615 3723 et
2660 3668 2889 3723 tradidit
2929 3671 3284 3739 semetipsum
3331 3686 3432 3740 pro

1852 3761 2009 3815 nobis
2037 3760 2369 3815 oblationem
2400 3769 2455 3815 et
2488 3761 2732 3816 hostiam
2764 3760 2875 3816 Deo
2925 3761 2980 3816 in
3017 3761 3244 3818 odorem
3303 3779 3432 3819 sua-

1853 3850 2062 3905 vitatis.
2103 3870 2121 3902 ι

1923 3941 2130 3996 Imitari
2163 3940 2333 3994 Demn
2364 3948 2605 4009 oportet,
2660 3940 2865 4010 inquit,
2896 3941 2962 3994 iis
2992 3941 3086 4010 qui
3140 3957 3242 3996 nos
3268 3939 3434 3995 oil‘en-

1854 4035 2056 4090 derunt
2139 4033 2506 4103 indulgendo,
2547 4045 2606 4087 ut
2660 4031 2757 4086 Dei
2813 4035 3167 4088 :emulatores
3233 4034 3430 4090 simus.

1854 4127 2017 4196 Atqui
2063 4126 2268 4197 Christi
2318 4134 2574 4189 mortem,
2627 4142 2738 4180 non
2787 4134 3024 4183 mortem
3061 4126 3298 4190 vocavit,
3338 4127 3433 4181 sed

1855 4217 2195 4270 oblationem.
2245 4215 2364 4270 Non
2434 4218 2578 4270 enim
2652 4216 2912 4271 Dominus
2980 4218 3162 4287 praeda
3241 4221 3435 4273 mortis

1855 4308 2089 4372 exstitit,
2145 4307 2239 4362 sed
2287 4307 2354 4360 ad
2401 4308 2567 4360 vitam
2615 4307 2774 4360 duxit
2814 4308 3064 4376 captivos
3091 4324 3230 4378 quos
3281 4325 3434 4362 mors

1856 4401 2106 4462 tenebat;
2161 4414 2262 4454 nec
2312 4416 2341 4452 a
2394 4408 2572 4453 morte
2623 4400 2883 4454 detentus
2929 4399 3057 4464 fuit,
3107 4401 3239 4469 quin
3276 4415 3432 4454 aer-e-

1857 4499 1981 4560 ptus
2012 4499 2144 4545 tunc
2189 4499 2312 4544 erat
2359 4491 2468 4544 Deo
2502 4502 2553 4544 et
2587 4491 2964 4555 honorabilis,
3006 4493 3433 4558 suavissimique

1783 4581 1828 4636 D
1858 4591 2083 4654 propter
2131 4585 2482 4639 sanctitatem
2536 4583 2724 4638 odoris
2776 4599 2976 4637 nimius
3027 4599 3127 4653 pro
3177 4584 3435 4638 universo

1855 4681 2078 4732 mundo.

1921 4769 2086 4825 Vens.
2129 4773 2181 4837 5,
2213 4772 2267 4824 4.
2307 4787 2323 4819 ι
2358 4767 2677 4822 Fornicatio
2711 4777 2891 4821 autem
2910 4777 2963 4822 ct
2994 4769 3173 4821 omnis
3199 4768 3434 4822 immun-

1853 4864 2012 4929 ditia,
2047 4872 2139 4916 aut
2179 4862 2431 4925 avaritia,
2477 4880 2572 4915 nec
2607 4861 2922 4914 norninctur
2956 4861 3009 4913 in
3056 4861 3235 4918 vobis.
3286 4862 3430 4914 sicut

1853 4955 2008 5009 decet
2043 4963 2299 5020 sanctos;
2343 4969 2443 5006 nec
2489 4950 2792 5020 turpitudo,
2850 4959 2943 5002 aut
2996 4949 3427 5019 stultiloquium,

1856 5056 1950 5102 aut
1978 5047 2312 5108 scurrilitas,
2344 5062 2465 5114 qua:
2494 5044 2556 5097 ad
2587 5060 2700 5097 rem
2726 5060 2834 5097 non
2862 5044 3160 5113 pertinent,
3195 5041 3289 5096 sed
3322 5059 3432 5095 nia-

1857 5141 1938 5209 gis
1966 5140 2267 5208 gratiarum
2298 5139 2459 5204 actio.
2503 5155 2521 5186 ι

1931 5229 2235 5282 Recensitis
2271 5245 2391 5297 quae
2425 5228 2649 5282 utilitati
2707 5237 2906 5282 mutum
2947 5222 3258 5292 conferant,
3295 5228 3430 5283 sub-

1854 5321 2037 5388 jungit
2067 5320 2116 5373 id
2152 5336 2260 5389 quo
2295 5321 2528 5388 quisque
2568 5323 2738 5388 penes
2768 5337 2826 5376 se
2861 5330 3052 5374 castus
3094 5328 3151 5375 et
3194 5320 3431 5374 mundus

1867 5413 2026 5481 189
2061 5413 2151 5465 sit.
2212 5410 2396 5480 Neque
2446 5411 2534 5463 hic
2579 5411 2715 5482 legis
2775 5413 2980 5482 regulis
3028 5412 3278 5474 inhaeret,
3335 5411 3433 5466 sed

1861 5505 2002 5555 ultra
2064 5500 2431 5576 progreditur.
2491 5499 2609 5555 Illic
2664 5503 2810 5556 enim
2865 5503 3067 5556 dicitur
3107 5521 3119 5555 :
3157 5517 3265 5556 non
3328 5502 3434 5553 erit

1863 5602 2156 5657 scortator,
2184 5610 2358 5662 neque
2391 5607 2630 5650 scortum
2646 5595 2691 5627 ’⁵⁸
2721 5617 2733 5650 :
2766 5596 2853 5651 hic
2895 5612 3047 5662 vero,
3079 5611 3167 5650 nec
3195 5593 3431 5648 nomine-

1869 5695 1951 5737 tur
1987 5726 2000 5751 ,
2033 5701 2128 5739 nec
2159 5685 2437 5739 audiatur.
