4218 6448
734 427 836 492 8ἒῚ

733 635 993 703 quoniam
1050 634 1234 686 omnis
1289 632 1621 695 fornicator,
1677 639 1770 683 aut
1817 630 2156 689 iuununiius,
2211 635 2305 681 ant

733 743 956 787 avarus,
1008 725 1155 793 quod
1213 735 1298 778 est
1356 724 1625 777 idolorum
1679 724 1939 780 servitus.
1997 735 2106 773 non
2147 721 2304 774 habet

733 816 1105 870 hatreditatem
1135 816 1188 868 in
1225 831 1393 884 regno
1426 814 1630 869 Christi
1660 824 1713 868 et
1749 813 1864 866 Dei.
1897 810 2068 865 Nemo
2099 826 2195 864 vos
2221 826 2306 863 se-

733 908 895 961 ducat
927 908 1182 960 inanibus
1217 909 1394 960 verbis
1424 926 1435 959 :
1473 919 1695 976 propter
1728 906 1841 958 lucc
1866 905 2010 958 enim
2045 905 2193 958 venit
2224 904 2304 956 ira

736 1001 828 1055 Dei
860 1001 912 1053 iu
955 1002 1097 1053 lilios
1128 999 1458 1052 diﬂidentir.
1507 998 1684 1052 Nolite
1730 1013 1862 1067 ergo
1895 998 2032 1051 eﬂici
2079 996 2305 1066 partici-

735 1106 828 1158 pes
873 1106 1084 1143 eorum.
1121 1089 1298 1144 Eratis
1332 1106 1477 1144 enim
1523 1090 1824 1160 aliquando
1859 1089 2122 1151 tenebrm.
2162 1103 2308 1142 nunc

735 1191 916 1235 autent
973 1182 1062 1234 lux
1111 1181 1163 1234 iu
1218 1183 1467 1235 Domino.
1529 1182 1598 1238 Ut
1669 1183 1764 1236 lilii
1825 1183 1963 1234 lucis
2010 1181 2302 1234 ambulate.

734 1271 967 1324 Fructus
1000 1273 1145 1325 enim
1178 1274 1318 1326 lucis
1348 1281 1433 1326 est
1485 1273 1540 1326 iu
1575 1274 1724 1327 onmi
1760 1274 2027 1338 bonitate,
2067 1279 2122 1326 et
2145 1273 2308 1340 justi-

733 1368 830 1425 tia,
858 1372 912 1416 et
942 1365 1188 1427 veritate,
1247 1366 1544 1433 probantes
1594 1365 1724 1433 quid
1776 1367 1848 1420 sit
1909 1365 2306 1434 beneplacitum

735 1454 844 1508 Deo
873 1471 888 1507 :
918 1464 974 1509 et
1005 1458 1175 1509 nolite
1219 1459 1626 1513 communicare
1654 1460 1908 1528 operibus
1950 1457 2307 1514 infructuosi;

734 1550 1120 1615 tenebrarum;
1154 1551 1327 1620 magis
1367 1562 1547 1604 autem
1580 1552 1912 1621 redarguite.
1951 1572 1969 1603 ι

805 1638 998 1704 Nntite,
1051 1642 1249 1710 inquit,
1316 1644 1636 1699 existimare
1697 1644 1802 1698 ﬁde
1863 1661 1959 1698 vos
2022 1652 2307 1700 consortes

736 1732 852 1785 fore
884 1736 1030 1797 regni
1074 1733 1302 1796 Christi,
1346 1736 1491 1801 quod
1528 1745 1612 1789 cst
1647 1752 1873 1806 regnum
1907 1737 2019 1798 Dei,
2054 1738 2160 1791 nisi
2199 1737 2304 1790 vita

735 1822 856 1875 tialei
895 1822 1260 1892 respondeat:
1301 1839 1401 1877 nec
1429 1825 1722 1894 quisquam
1751 1841 1847 1882 vos
1881 1825 2029 1880 inani
2055 1842 2306 1882 sermone

733 1914 988 1984 decipiat,
1024 1916 1180 1985 quasi
1213 1931 1399 1970 veram
1433 1917 1589 1970 ﬁdem
1622 1924 1847 1972 teneant
1877 1919 1954 1972 illi
1986 1919 2081 1988 qui
2135 1919 2305 1973 scele-

737 2015 853 2060 rate
893 2018 1101 2071 vwnnt,
1149 2009 1374 2078 haecque
1415 2011 1561 2080 ipsos
1619 2011 1791 2079 possit
1853 2012 2036 2066 salvos
2089 2012 2303 2075 facere,

733 2115 966 2165 quorum
998 2115 1163 2154 causa
1212 2101 1479 2157 adversus
1518 2104 1780 2157 mundum
1822 2112 2108 2159 succenset
2139 2102 2302 2160 Deus.

736 2192 1046 2245 Absurdum
1080 2194 1281 2263 quippe
1329 2206 1433 2258 est,
1470 2203 1528 2248 ut
1557 2211 1680 2264 qua:
1725 2205 1854 2250 sunt
1903 2195 2305 2252 incredulitatis

735 2291 1091 2364 argumenta,_
1113 2286 1166 2337 in
1200 2286 1325 2339 liliis
1355 2286 1449 2339 Dei
1480 2288 1848 2356 reperiantur,
1883 2304 2096 2356 nosque
2124 2291 2305 2344 socios

735 2378 907 2427 simus
959 2375 1173 2429 illorum
1214 2393 1358 2446 quos
1406 2378 1539 2432 lides
1578 2380 1849 2448 separavit
1886 2398 1898 2432 :
1956 2380 2052 2435 sed
2091 2389 2306 2450 oportet

736 2474 794 2516 ut
831 2482 969 2518 nova
1000 2468 1280 2538 generatio
1307 2477 1495 2522 nostra
1546 2470 1865 2524 testimonio
1895 2485 2120 2540 operum
2157 2487 2306 2526 com-

735 2556 1015 2623 probetur,
1054 2573 1264 2627 nosque
1293 2559 1450 2612 nobis
1498 2559 1600 2630 ipsi
1635 2562 1715 2615 lex
1768 2563 1965 2626 simus,
2003 2578 2307 2635 coarguen-

737 2657 816 2697 tes
849 2663 1156 2716 perversam
1193 2650 1476 2703 hominum
1510 2653 1678 2704 vitam
1726 2654 1930 2723 optima
1957 2663 2145 2708 nostra
2175 2670 2307 2709 con-

736 2752 1069 2792 versatione.

812 2834 970 2886 Vzns.
1015 2833 1200 2886 1245.
1244 2852 1262 2885 ι
1307 2833 1439 2900 Qua:
1484 2838 1628 2889 enim
1679 2837 1733 2890 in
1773 2838 1996 2893 occulto
2053 2839 2190 2894 ﬁunt
2238 2839 2308 2895 ab

738 2925 892 2991 ἱππεὶς.
923 2936 1080 2995 turpe
1114 2935 1199 2979 est
1243 2935 1297 2978 et
1348 2926 1551 2980 dicere.
1602 2927 1798 2982 Omnia
1847 2931 1991 2984 enim
2042 2948 2164 3002 qua:
2218 2945 2308 2985 ar-

738 3027 1024 3083 guuntur,
1077 3031 1106 3067 τι
1162 3016 1367 3070 lumine
1425 3017 1869 3073 manilestautur.
1931 3019 2105 3076 Omne
2163 3023 2306 3076 enim

736 3107 883 3176 quod
944 3107 1344 3173 manifestatur,
1389 3110 1568 3164 lumen
1612 3118 1717 3164 est.
1766 3110 1992 3181 Propter
2039 3114 2186 3182 quod
2223 3113 2308 3168 di-

736 3207 811 3251 cut
863 3217 877 3251 :
921 3197 1114 3264 Surge,
1146 3199 1236 3266 qui
1287 3199 1514 3264 dormis,
1546 3208 1600 3253 et
1618 3216 1847 3270 exsurge
1890 3217 1920 3256 a
1971 3203 2219 3268 mortuis,
2255 3211 2310 3258 et

739 3288 1066 3342 illuminabit
1118 3297 1172 3342 te
1218 3290 1492 3344 Christus.
1559 3289 1748 3346 Videte
1813 3308 1967 3362 ergo,
2030 3294 2307 3364 quomodo

738 3392 900 3432 caute
940 3379 1248 3434 ambuletis.
1282 3401 1299 3430 ι

809 3477 1058 3544 Ejusdem
1082 3482 1340 3535 momenti
1383 3498 1490 3537 non
1526 3494 1629 3545 est,
1677 3486 1878 3554 inquit,
1906 3487 2088 3542 verbis
2123 3488 2308 3542 redar-

738 3584 906 3636 guere
941 3584 1005 3622 ac
1057 3570 1236 3624 factis.
1274 3569 1457 3642 Turpe
1495 3572 1762 3642 siquidem
1797 3583 1882 3628 est
1922 3577 2004 3629 vel
2055 3593 2336 3643 sermone.

737 3657 949 3714 cﬂi-rre.
975 3672 1094 3725 quae
1142 3657 1218 3710 illi
1259 3667 1464 3728 agunt;
1507 3677 1629 3728 quae
1665 3661 1764 3730 ip~i
1808 3679 2026 3752 quoque
2063 3681 2173 3734 pra:
2212 3681 2281 3736 pu

737 3747 871 3797 dore
911 3752 1093 3812 tegere
1143 3755 1419 3815 satagunt.
1459 3746 1555 3802 Sin
1604 3763 1733 3804 vero
1772 3746 1955 3805 lu'men
2003 3767 2220 3819 sumus,
2258 3764 2312 3808 et

742 3831 994 3885 tenebras
1050 3847 1342 3901 possumus
1401 3833 1679 3888 illustrare
1744 3838 2090 3906 appositione
2139 3839 2310 3904 lucis,

740 3924 948 3992 optima
985 3923 1099 3977 haec
1131 3925 1486 3994 reprehensio
1528 3923 1713 3980 fuerit.
1743 3927 1814 3980 At
1849 3944 1978 3982 vero
2008 3929 2191 3984 lumen
2221 3947 2314 3986 ex-

745 4017 1023 4076 sistenms,
1073 4015 1117 4068 si
1172 4029 1200 4067 a
1253 4013 1466 4068 letifero
1512 4031 1704 4070 somno
1753 4028 2060 4087 surgentes,
2109 4021 2314 4076 Christi

739 4115 1024 4160 consortes
1065 4107 1259 4168 simus,
1307 4111 1606 4162 secundum
1656 4109 1758 4164 hoc
1802 4112 2068 4166 elfatum:
2123 4113 2314 4184 Surge.

740 4199 827 4266 qui
877 4197 1097 4249 dormis.
1161 4193 1278 4249 Non
1331 4197 1466 4250 dixit
1518 4198 1641 4266 quis
1702 4201 1804 4253 hoc
1855 4203 2316 4270 pronuntiaverit,

741 4295 836 4340 aut
884 4302 996 4355 quo
1033 4287 1086 4339 in
1143 4285 1550 4355 Scripturarum
1603 4303 1893 4344 sacrarum
1946 4291 2066 4346 loco
2111 4293 2312 4363 jaceat.

740 4382 1006 4431 (laterum
1047 4376 1214 4428 multa
1262 4383 1395 4428 tunc
1443 4379 1703 4446 temporis
1740 4377 1950 4448 Spiritu
1999 4395 2191 4436 sancto
2219 4399 2318 4438 au-

742 4476 891 4521 i-torc
953 4463 1370 4534 proferebantur
1429 4480 1550 4534 qua:
1601 4469 1820 4538 scriptis
1867 4471 2093 4527 minime
2133 4477 2313 4530 consi-

743 4572 906 4632 gnata
934 4567 1084 4614 sunt.

818 4651 952 4705 Eum
984 4651 1136 4716 dicit,
1168 4651 1260 4720 qui
1297 4651 1349 4704 in
1390 4652 1630 4720 peccatis
1660 4653 1825 4706 vitam
1857 4655 1985 4723 agit.

823 4763 841 4793 ε
887 4741 1004 4795 Νοη
1044 4741 1202 4810 quasi
1245 4743 1588 4812 insipientes.
1641 4741 1827 4813 [γεηε.
1867 4744 2054 4816 16-19]
2102 4746 2194 4798 sed
2256 4758 2313 4799 ut

747 4835 1057 4902 sapientes;
1099 4834 1427 4888 redimentes
1456 4842 1694 4904 tempus,
1729 4837 1988 4904 quoniam
2023 4837 2140 4891 dies
2186 4841 2311 4891 mali

751 4931 926 4976 sunt:
966 4932 1252 4992 propterea
1294 4923 1462 4976 nolite
1498 4923 1612 4978 tieri
1657 4924 2049 4994 imprudentes,
2091 4927 2184 4981 sed
2227 4928 2310 4980 in-

751 5016 1052 5081 telligeutes
1081 5031 1201 5084 qua:
1231 5015 1302 5068 sit
1331 5014 1580 5069 voluntas
1607 5015 1721 5070 Dei.
1762 5016 1827 5070 Et
1857 5018 2023 5071 nolite
2053 5018 2310 5073 inebriari

750 5107 896 5162 vino.
939 5103 1134 5172 inquo
1165 5111 1252 5156 est
1299 5102 1539 5166 luxuria,
1585 5104 1678 5158 sed
1734 5105 2036 5174 implemini
2081 5107 2309 5176 Spiritu,

751 5197 1036 5264 loquentes
1061 5195 1472 5265 vobismetipsis
1504 5197 1557 5249 in
1589 5197 1834 5265 psalmis.
1872 5210 1924 5251 ct
1981 5198 2216 5269 hymnis,
2261 5213 2315 5256 ct

751 5287 980 5340 canticis
1014 5286 1410 5355 spiritualibus.
1454 5295 1742 5341 cantantes
1783 5297 1836 5342 ct
1862 5291 2176 5358 psallentes.
2220 5313 2236 5344 ι

823 5377 1020 5439 Nolite,
1053 5378 1249 5446 inquit.
1281 5379 1426 5430 velut
1460 5378 1782 5447 insipientes
1815 5381 2073 5443 inescari.
2112 5385 2204 5440 sed
2235 5386 2310 5438 uti

751 5470 1028 5536 sapientes
1064 5470 1201 5521 viam
1238 5476 1472 5522 vestram
1495 5470 1788 5535 custodite,
1829 5487 1896 5526 ne
1919 5476 2311 5542 pcrtrahamini

753 5562 806 5615 in
839 5568 1084 5629 tempore
1109 5558 1368 5627 nequitia:

827 5669 849 5703 ι
899 5652 954 5704 In
985 5649 1152 5702 corde
1178 5658 1359 5703 vestro
1399 5649 1648 5703 Domino.
1695 5669 1713 5702 ο

823 5743 937 5796 Hoc
963 5742 1116 5805 dicit,
1151 5749 1211 5793 ut
1261 5750 1406 5795 totus
1441 5757 1638 5796 sensus
1679 5751 1866 5797 uoster
1911 5745 1982 5798 sit
2028 5744 2093 5797 ad
2125 5743 2308 5797 Domi-

756 5852 885 5891 ntun
918 5835 1176 5899 intentus,
1213 5851 1310 5888 nec
1340 5835 1497 5891 labiis
1528 5838 1791 5891 duntaxat
1837 5838 2199 5892 modulemur.

1903 424 1962 481 S.
2003 420 2324 484 JOANNIS
2360 421 2790 482 DAMASCENI

807 540 971 596 Vens.
1012 541 1136 595 5-H
1207 563 1225 590 ι
1289 538 1403 592 llm-
1468 537 1611 591 enim
1663 545 1838 591 estote
1890 536 2296 604 intelligentes,
2333 538 2379 595 Α

3865 413 3972 482 848

2481 554 2499 584 ‹
2533 534 2702 588 Τοῦτο
2733 535 2841 605 γαρ
2866 535 2985 588 ἐστε
3019 535 3403 602 γινώσκοντες,
3432 534 3516 586 ὅτι
3549 532 3657 596 πᾶς
3689 531 3908 602 πόρνος.
3936 531 3973 600 ἦ

2406 628 2712 700 ἀκάθαρτος
2732 670 2746 692 ,
2779 630 2812 699 ἢ
2853 629 3186 698 πλεονέκτης
3206 668 3222 692 ,
3273 629 3330 690 ὅς
3371 628 3518 679 ἐστιν
3546 625 3936 694 είδωλολατρης
3956 663 3973 683 .

2405 724 2506 774 οὐκ
2549 721 2660 792 ἔχει
2703 723 3071 794 κληφνομίαν
3118 722 3177 774 ἐν
3212 725 3280 792 τῇ
3321 719 3568 791 βασιλείὲ
3605 718 3700 771 τοῦ
3738 714 3975 789 Χριπθῦ

2407 815 2502 866 καὶ
2530 813 2687 868 Θεοῦ.
2718 816 2922 884 Markl;
2954 817 3098 885 ὑμᾶς
3129 815 3395 868 ἀπατάτω
3432 815 3607 873 κενοῖς
3636 811 3836 879 λόγοις.
3875 811 3978 862 Δια

2405 903 2580 956 ταῦτα
2616 905 2723 974 γὰρ
2763 906 2981 975 ἔρχεται
3011 907 3045 975 ἡ
3084 905 3222 974 ὀργὴ
3251 904 3343 957 τοῦ
3374 903 3511 955 Θεοῦ
3541 903 3633 955 ἐπὶ
3664 903 3791 964 τοὺς
3827 901 3977 962 υἱοὺς

2405 995 2506 1063 ei;
2547 997 2850 1059 ἀπειθείας.
2887 999 2977 1067 Μὴ
3026 992 3118 1050 οζν
3163 996 3379 1065 γίνωοε
3418 995 3745 1064 συμμέτοχοι
3776 993 3974 1046 αὐτῶν.

2405 1082 2543 1139 ἿΙτε
2586 1089 2692 1159 γάρ
2742 1106 2870 1141 ποτε
2903 1090 3128 1151 σκότος,
3158 1087 3253 1140 νῦν
3289 1085 3345 1139 δὲ
3385 1086 3498 1155 φῶς
3536 1087 3594 1136 ἐν
3635 1083 3841 1155 Κυρίῳ.
3888 1084 3979 1145 Ὧς

2406 1179 2572 1232 τέκνα
2613 1182 2786 1248 φωτὸς
2813 1183 3183 1251 περιπατεῖτε.
3227 1180 3286 1230 Ἰ)
3311 1179 3419 1247 γὰρ
3441 1178 3652 1248 καρπὸς
3679 1176 3774 1229 τοῦ
3807 1176 3981 1229 Ilvati-

2414 1290 2580 1341 uazo;
2630 1277 2688 1326 ἐν
2747 1275 2894 1345 πασῃ
2969 1273 3276 1346 ἀγαθοσῦνῃ
3345 1273 3439 1325 καὶ
3479 1270 3832 1342 δικαιοσύνῃ,
3883 1269 3983 1323 καὶ

2407 1367 2656 1436 ἀληθεία,
2682 1368 3064 1437 δοκιμάζοντες
3094 1367 3146 1420 τί
3179 1369 3328 1420 ἐστιν
3351 1365 3644 1435 εῦᾶρεστον
3667 1362 3744 1434 τῷ
3767 1362 3979 1433 Κυρίῳ,

2407 1461 2502 1513 καὶ
2536 1460 2610 1530 μὴ
2643 1463 3055 1527 συγκοινωνεῖτε
3085 1462 3196 1522 τοῖς
3225 1459 3407 1529 ἔργοις
3433 1459 3706 1527 ἀκάρποις
3731 1453 3824 1507 τοῦ
3854 1454 3984 1506 σκὸο

2408 1569 2532 1614 τους
2552 1593 2566 1615 ,
2602 1553 2806 1621 μᾶλλον
2833 1552 2890 1604 δε
2921 1553 3014 1605 καὶ
3040 1552 3312 1620 ἐλέγχετε.
3356 1570 3374 1602 ι

2477 1641 2569 1710 Μὴ
2597 1641 2846 1709 νομίζετε
2877 1681 2892 1702 ,
2938 1639 3124 1710 φησὶν,
3154 1640 3266 1693 ἀπο
3301 1637 3394 1692 τοῦ
3433 1637 3548 1709 βίου
3576 1639 3643 1708 τῇ
3686 1637 3868 1690 πίστει
3903 1635 3981 1705 μὴ

2412 1732 2788 1802 συμπαρόντος
2851 1731 2948 1802 τὴν
2978 1731 3162 1784 πίστιν
3192 1732 3337 1800 ὑμᾶς
3365 1733 3626 1801 μετόχους
3658 1729 3985 1797 ἀποφαίνειν

2407 1826 2508 1895 τῆς
2537 1823 2774 1894 Χριστοῦ
2825 1822 3142 1893 βασιλείας,
3188 1823 3312 1892 ἥτις
3351 1825 3467 1875 ἐστὶ
3511 1821 3608 1875 τοῦ
3652 1819 3788 1875 Θεοῦ
3823 1819 3982 1890 βασι-

2408 1916 2531 1970 λεία
2600 1915 2736 1984 μηδέ
2774 1932 2857 1977 τις
2898 1915 3163 1968 ἀπατάτω
3211 1913 3353 1983 κενῷ
3397 1913 3577 1983 λόγῳ,
3622 1912 3698 1974 ῶς
3743 1913 3985 1974 πίστεως

2409 2009 2640 2080 ἀληθοῦς
2673 2009 2840 2077 οῦσης
2882 2009 2940 2060 ἐν
2971 2011 3083 2071 τοῖς
3113 2007 3452 2077 παρανόμως
3492 2005 3705 2075 βιοῦσι,
3737 2005 3832 2056 καὶ
3871 2003 3983 2056 σὼο

2408 2101 2523 2166 ζειν
2567 2103 2763 2164 αὐτοὺς
2795 2100 3133 2172 δυναμένης,
3161 2100 3245 2168 ἐφ’
3274 2093 3354 2162 οἷς
3385 2095 3666 2168 ὀργίζεται
3710 2097 3851 2150 κατᾶ
3886 2093 3983 2148 τοῦ

2407 2196 2615 2265 κόσμου
2660 2192 2812 2258 Θεός.
2867 2195 2934 2245 Ἀ
2981 2192 3088 2262 γάρ
3135 2193 3250 2244 ἐστι
3295 2191 3654 2261 γνωρίσματα
3688 2193 3787 2259 τῆς
3819 2189 3982 2242 ἀπει-

2407 2288 2576 2350 θείας,
2603 2286 2804 2340 ἄτοπον
2828 2285 3003 2338 ταῦτα
3021 2287 3276 2355 παρεῖναι
3299 2287 3409 2346 τοῖς
3431 2287 3568 2347 υἱοῖς
3587 2285 3688 2352 τῆς
3719 2284 3985 2346 πίστεως,

2407 2379 2502 2432 καὶ
2532 2379 2823 2442 κοινωνοὺς
2853 2379 3000 2447 ἡμᾶς
3028 2373 3167 2430 εἶναι
3192 2377 3397 2429 τούτων
3418 2418 3433 2440 ,
3461 2369 3536 2430 ὧν
3561 2378 3595 2447 ὴ
3626 2377 3811 2440 πίστις
3840 2377 3986 2447 ἐχώ-

2408 2489 2578 2544 ρισεν.
2636 2472 2798 2525 Ἀλλὰ
2853 2473 2937 2524 δεῖ
2980 2472 3078 2542 τὴν
3104 2473 3184 2534 είς
3240 2471 3355 2538 φῶς
3409 2469 3768 2539 ἁναγέννησιν
3821 2471 3986 2539 ἡμῶν

2407 2566 2590 2637 ἔργοις
2635 2563 3058 2636 μαρτυρεῖσθαι,
3099 2564 3192 2616 καὶ
3237 2565 3397 2633 νόμον
3433 2563 3630 2624 αὐτοὺς
3661 2564 3812 2631 ἡμᾶς
3849 2564 3985 2616 tau-

2406 2660 2518 2720 τοῖς
2552 2656 2798 2726 γίνεσθαι
2829 2657 3049 2726 ἔλεγχον
3087 2655 3190 2724 τῆς
3215 2657 3459 2725 πονηρᾶς
3489 2655 3794 2726 ἀνθρώπιον
3831 2655 3988 2726 ζωῆς

2410 2751 2818 2824 παρεχομένους
2838 2791 2853 2816 ,
2881 2752 2979 2820 τὴν
3012 2747 3222 2818 ἀγαθὴν
3253 2747 3408 2821 ἡμῶν
3443 2747 3719 2800 πολιτείαν

2486 2864 2503 2894 ι
2554 2845 2636 2897 Τὰ
2667 2844 2776 2913 γὰρ
2824 2842 3012 2912 κρυφῆ
3061 2841 3322 2910 γινόμενα
3366 2841 3459 2892 ὑπ’
3506 2841 3717 2902 αὐτῶν,
3756 2839 3989 2910 αἰσχρόν

2409 2937 2525 2988 ἐστι
2568 2935 2663 2988 καὶ
2692 2935 2893 3002 λέγειν.
2929 2934 3012 2987 Τὰ
3054 2934 3112 2987 δέ
3149 2933 3328 2986 πάντα
3361 2933 3720 3002 ἐλεγχόμενα,
3753 2932 3860 2985 ὑπὸ
3886 2932 3988 2984 τοῦ

2417 3027 2594 3096 φωτὸς
2631 3025 2982 3097 φανεροῦται.
3028 3027 3143 3078 Πᾶν
3174 3026 3284 3095 γὰρ
3307 3024 3369 3077 τὸ
3396 3022 3827 3094 φανερούμενον,
3866 3023 3988 3092 φῶς

2411 3121 2548 3174 ἐστι.
2577 3119 2669 3173 Διὸ
2701 3118 2884 3188 λέγει’
2920 3115 3525 3188 Ἕγειραιόκαθεύδων,
3554 3117 3645 3168 καὶ
3677 3116 3887 3169 ἀνάστα
3920 3117 3990 3167 ἐκ

2411 3211 2522 3262 τῶν
2553 3211 2790 3280 νεκρῶν,
2818 3210 2910 3262 καὶ
2959 3207 3251 3276 ἐπιφαύσει
3284 3225 3365 3260 σοι
3395 3210 3424 3260 ό
3462 3207 3716 3278 Χριστός.
3747 3205 3987 3260 Βλέπετε

2409 3298 2501 3355 οῦν
2529 3301 2644 3364 πῶς
2674 3300 2918 3371 ἀκριϐῶς
2949 3302 3324 3370 περιπατεῖτε.
3365 3319 3384 3350 ι

2483 3476 2558 3529 Οὐ
2591 3475 2670 3545 τῷ
2694 3475 2859 3546 λόγῳ,
2905 3475 3093 3545 φησιν,
3134 3474 3348 3542 ἐλέγξαι
3384 3473 3622 3527 τοιοῦτόν
3648 3477 3816 3536 ἐστιν,
3862 3469 3981 3526 οἷον

2409 3569 2471 3620 τὸ
2516 3569 2584 3621 δι’
2613 3568 2789 3638 ἐργων
2814 3583 2828 3596 ·
2871 3567 3016 3637 λόγῳ
3046 3567 3144 3636 μὲν
3187 3568 3294 3636 γὰρ
3338 3567 3562 3636 αἰσχρὸν
3608 3568 3701 3619 καὶ
3733 3565 3914 3632 λέγειν
3952 3564 3992 3618 ἃ

2412 3659 2743 3729 πράττουσιν
2769 3701 2784 3724 ,
2829 3657 2974 3727 ἆπερ
3017 3657 3113 3710 καὶ
3147 3657 3301 3710 αὐτοὶ
3348 3658 3727 3726 αἰσχυνόμενοι
3775 3673 3990 3722 συγκαο

2413 3751 2724 3803 λύπτουσιν.
2765 3749 2888 3802 Ἐὰν
2918 3750 2975 3802 δὲ
3008 3748 3120 3818 φῶς
3151 3742 3322 3817 ὦμεν,
3362 3749 3457 3800 καὶ
3478 3746 3746 3816 φανεροῦν
3770 3749 3831 3800 τὸ
3860 3747 3991 3800 σκὸο

2413 3861 2502 3906 τος
2525 3841 2800 3912 δυνάμεθα
2828 3844 2892 3911 τῇ
2921 3840 3014 3893 τοῦ
3050 3842 3228 3910 φωτὸς
3259 3839 3552 3906 ἀντιθέσει,
3583 3841 3802 3908 ἔλεγχος
3830 3835 3990 3902 οὗτος

2414 3938 2443 3988 ὁ
2481 3935 2782 3996 κάλλιστος.
2824 3933 2942 3996 Φῶς
2973 3934 3029 3986 δὲ
3059 3932 3300 4002 ἐσόμεθα
3336 3932 3721 3993 διαναστάντες
3756 3932 3865 3984 ἀπὸ
3892 3931 3987 3985 τοῦ

2418 4026 2586 4080 ῦπνου
2611 4026 2704 4078 τοῦ
2735 4025 3112 4095 θανατηφόρου
3135 4064 3149 4085 ,
3185 4025 3278 4076 καὶ
3309 4024 3670 4092 μετασχόντες
3707 4022 3948 4092 Χριστοῦ
3969 4060 3985 4086 ,

2417 4119 2556 4170 κατὰ
2580 4117 2641 4170 τὸ
2667 4117 2988 4186 λεγόμενονο
3021 4117 3272 4182 Ἔγειραι
3291 4113 3659 4167 όκαθεύὃων.
3691 4115 3805 4167 Οῦκ
3833 4110 3989 4166 εἶπεν

2416 4212 2498 4273 τίς
2527 4212 2555 4262 ό
2583 4211 2780 4278 λέγων,
2824 4209 2856 4278 ἦ
2892 4208 2994 4261 ποῦ
3023 4207 3132 4260 τῶν
3162 4207 3330 4274 ἁγίων
3368 4209 3710 4277 γραμμάτων
3738 4207 3992 4277 γέγραπ-

2417 4321 2510 4356 ται
2531 4320 2543 4333 ι
2575 4297 2683 4354 ἀλλ’
2727 4297 2796 4372 ἦν
2831 4299 3002 4353 πολλὰ
3035 4300 3095 4364 ἐξ
3123 4300 3278 4367 ἁγίου
3323 4299 3638 4370 Πνεῦματος
3679 4300 3992 4370 λαλούμενα

2420 4396 2478 4447 ἐν
2503 4398 2616 4458 τοῖς
2641 4394 2794 4456 τότε,
2824 4394 2916 4446 καὶ
2947 4392 3022 4462 μὴ
3050 4391 3389 4462 γραφόμενα.

2489 4654 2592 4705 Τὸν
2624 4653 2681 4704 ἐν
2710 4651 3006 4722 ἁμαρτίαις
3037 4649 3220 4719 φησίν.

2496 4764 2514 4794 ε
2554 4744 2646 4813 Μὴ
2673 4742 2748 4806 ὡς
2782 4744 3008 4809 ἄσοφοι,
3038 4741 3153 4794 ἀλλ’
3189 4741 3266 4803 ὠς
3300 4741 3489 4809 σοφοίο
3525 4741 3990 4811 ἐξαγοραζόμενοι

2418 4836 2507 4887 τὸν
2531 4835 2750 4904 καιῷν,
2785 4835 2867 4886 ὅτι
2904 4835 2957 4885 αἱ
2996 4833 3201 4902 ἡμέραι
3238 4832 3471 4902 πονηραί
3503 4835 3669 4885 εἰσιν·
3705 4833 3796 4886 διὰ
3824 4833 3995 4886 τοῦτο

2423 4929 2497 4996 μὴ
2547 4926 2758 4994 γίνεσθε
2792 4928 3057 4994 ἄφρονες,
3107 4926 3242 4978 ἀλλὰ
3289 4926 3561 4988 συνιέντες
3591 4925 3644 4978 τί
3674 4925 3736 4978 τὸ
3774 4926 3994 4994 θέλημα

2420 5017 2511 5068 τοῦ
2561 5018 2789 5086 Κυρίου.
2851 5017 2959 5068 Καὶ
2990 5016 3064 5085 μὴ
3124 5016 3460 5084 μεθύσκεσθε
3502 5019 3628 5086 οἴνῳ
3661 5018 3718 5068 ἐν
3761 5011 3805 5083 ᾧ
3838 5020 3997 5071 ἐστιν

2422 5107 2623 5159 ἀσωτία
2651 5145 2666 5168 ,
2713 5107 2846 5158 ἀλλὰ
2876 5107 3182 5175 πληροῦσθε
3234 5110 3292 5159 ἐν
3341 5109 3648 5177 Πνεῦματι,
3699 5110 3992 5174 λαλοῦντες

2422 5203 2629 5261 ἑαυτοῖς
2649 5199 2882 5267 ψαλμοῖς
2909 5201 3002 5251 καὶ
3027 5199 3236 5268 ῦμνοις,
3264 5200 3357 5252 καὶ
3376 5198 3538 5269 ᾠδαῖς
3564 5204 3995 5270 πνευματικαῖς,

2424 5292 2640 5363 ᾅδοντες
2671 5291 2764 5343 καὶ
2793 5291 3100 5359 ψάλλοντες.
3134 5310 3152 5341 ι

2495 5384 2577 5451 Μὴ
2606 5384 2678 5444 ὡς
2719 5384 2908 5450 ἄσοφοι
2929 5424 2943 5444 ,
2994 5384 3122 5451 φησι
3145 5421 3158 5443 ,
3189 5382 3502 5444 δελεάζεσθε
3525 5426 3538 5443 .
3572 5385 3685 5436 ἀλλ’
3715 5386 3791 5447 ὡς
3831 5390 3998 5452 suam!

2420 5475 2520 5543 τὴν
2571 5474 2704 5525 ἰδίαν
2734 5473 2850 5524 ὁδὸν
2891 5473 3188 5541 φυλάσσετε
3211 5514 3227 5540 ,
3256 5474 3333 5543 τῷ
3366 5476 3440 5544 μὴ
3477 5476 3871 5545 ἐφελκυώῆναι
3903 5478 4001 5548 τῷ

2422 5566 2598 5634 καιρῷ
2628 5564 2727 5630 τῆς
2762 5565 3043 5632 πονηρίας.

2496 5679 2512 5706 ο
2569 5659 2655 5709 Ἐν
2688 5659 2752 5725 τῇ
2787 5657 2980 5726 καρδία
3012 5657 3163 5724 ὑμῶν
3189 5657 3266 5726 τῷ
3297 5659 3498 5729 Κυρίῳ.
3541 5679 3560 5710 ι

2489 5747 2660 5799 Τοῦτό
2692 5765 2882 5816 φησιν,
2925 5749 3010 5799 ἵνα
3039 5748 3158 5809 ὅλος
3191 5749 3349 5819 ἡμῶν
3385 5752 3414 5802 ὁ
3447 5749 3570 5814 νοῦς
3601 5751 3737 5821 πρὸς
3778 5752 4003 5820 Κύριον

2423 5842 2780 5910 συντείνηται,
2813 5842 2904 5895 καὶ
2939 5843 3013 5910 μὴ
3044 5842 3201 5911 μόνον
3235 5843 3558 5913 μελῳδῶμεν
3585 5848 3696 5908 τοῖς
3725 5846 3994 5913 χείλεσιν.
