4218 6448
175 383 280 450 849

1332 356 1413 487 in
1452 396 1689 456 EPIST.
1729 395 1828 453 AD
1869 399 2255 463 EPIIESIOS.

3310 415 3415 476 850

245 514 264 546 ι
304 494 763 564 Εὐχαριστοῦντες
805 499 1034 567 πάντοτε
1079 499 1219 570 ὑπὲρ
1262 501 1477 555 πάντων
1511 505 1571 555 ὲν
1614 502 1729 555 ὀνό-

1778 506 1805 561 l
1908 510 2066 580 190
2103 510 2261 567 Vens.
2314 516 2402 569 20.
2449 535 2466 566 ι
2509 492 2723 572 Cratias
2773 530 2994 591 agentes
3042 537 3258 592 semper
3308 538 3403 593 pro

173 605 302 657 ματι
326 588 417 641 τοῦ
449 590 650 661 Κυρίου
684 591 838 661 ἡμῶν
885 592 1058 662 Ἰησοῦ
1092 595 1348 664 Χριστοῦ,
1375 597 1452 665 τῷ
1479 596 1598 668 Θεῷ
1642 597 1739 651 καὶ

171 681 366 749 Πατρί.
410 700 429 732 ι
1722 682 1729 690 ’

237 774 529 843 Μυστήρια
560 776 639 843 τῷ
678 775 795 845 Θεῷ
854 778 1124 848 προσήκει
1178 778 1381 845 τελεῖν,
1433 780 1737 851 ὑμνοῦντας

170 865 363 925 αὐτὸν,
400 868 493 920 καὶ
525 866 818 933 διεξίοντας
860 870 960 933 τὰς
1028 872 1349 940 εὐεργεσίας
1398 872 1465 935 ἃς
1494 874 1744 943 ¹ἐπιτελεῖ

171 957 427 1026 Χριστός.

244 1067 263 1099 ι
324 1048 782 1121 ’Υποτασσόμενοι
808 1054 1058 1125 ἀλλήλοις
1089 1058 1147 1108 ὲν
1183 1057 1334 1127 φόϐῳ
1359 1057 1519 1113 Θεοῦ.
1563 1078 1581 1111 ι
1662 1046 1663 1049 η

243 1140 456 1211 Ὠσπερ
487 1144 521 1213 ή
555 1144 923 1210 ἐπανάστασις
958 1147 991 1217 ή
1032 1148 1117 1199 ἐπ’
1146 1147 1430 1219 ἀλλήλους,
1467 1150 1744 1205 διάστασιν

174 1234 354 1298 ποιεῖ,
384 1233 559 1297 οὕτως
608 1237 641 1305 ή
688 1238 934 1307 ὑποταγὴ
984 1240 1303 1308 συνάφειαν.
1368 1241 1643 1313 Ἀλλήλοις
1687 1244 1744 1296 δὲ

172 1324 575 1381 ὑποτάσσεσθαι
603 1328 686 1381 δεῖ
709 1329 795 1385 διὰ
821 1331 1077 1403 Χριστὸν,
1112 1334 1188 1399 ὡς
1214 1335 1436 1406 Χριστῷ
1464 1338 1744 1408 λάτρευμα

170 1417 329 1470 τοῦτο
361 1419 659 1483 τελοῦντες.
1668 1422 1672 1435 ’

246 1633 266 1666 ι
310 1616 376 1669 Αἱ
409 1621 666 1683 γυναῖκες
713 1622 825 1683 τοῖς
876 1621 1028 1685 ίδίοις
1080 1625 1337 1695 ἀνδράσιν
1376 1627 1745 1680 ὑποτάσσεσθε

169 1703 245 1766 ὡς
278 1705 364 1769 τῷ
395 1708 585 1777 Κυρίῳ
608 1725 620 1738 ·
658 1710 739 1761 ὅτι
775 1711 915 1781 ἀνήρ
946 1706 1061 1765 ἐστι
1090 1714 1299 1785 κεφαλὴ
1332 1715 1430 1785 τῆς
1470 1716 1744 1783 γυναικὸς,

167 1798 245 1859 ὼς
272 1800 369 1851 καὶ
399 1801 427 1851 ὁ
450 1801 682 1869 Χριστὸς
712 1803 924 1874 κεφαλὴ
952 1806 1050 1874 τῆς
1093 1806 1439 1878 Ἐκκλησίας,
1464 1810 1557 1861 καὶ
1586 1812 1747 1876 αὐτός

166 1890 284 1941 ἐστι
326 1892 510 1961 σωτὴρ
548 1882 644 1953 ςτοῦ
680 1883 963 1963 σώματος’
1003 1897 1119 1949 ἁλλ’
1150 1898 1337 1971 ὥσπερ
1370 1903 1403 1970 ἡ
1449 1902 1741 1972 Ἐκκλησία

165 1980 648 2053 ὑποτάσσεταιλτῷ
692 1983 930 2056 Χριστῷ,
962 1986 1105 2040 οὕτω
1132 1993 1225 2042 καὶ
1258 1992 1311 2043 αἱ
1344 1996 1600 2057 γυναῖκες
1628 1998 1740 2058 τοῖς

167 2075 323 2140 ἰδίοις
362 2079 614 2149 ἀνδράσιν
674 2083 732 2135 ἐν
771 2083 953 2136 παντί.
1003 2085 1066 2137 Οί
1102 2085 1312 2157 ἄνδρες,
1347 2088 1597 2156 ἀγαπᾶτε
1642 2090 1739 2154 τὰς

162 2171 435 2233 γυναῖκας
469 2171 694 2226 ἑαυτῶν.
732 2192 751 2223 ι

238 2282 380 2350 Περὶ
410 2284 517 2336 τῶν
553 2287 609 2337 ὲν
638 2286 808 2351 οἴκοις
846 2289 1193 2361 καθηκόντων
1219 2293 1548 2361 διαλέγεται,
1584 2297 1740 2351 ἅτινά
1787 2298 1797 2304 ’

164 2373 317 2425 ἐστιν
342 2376 645 2444 ἡγεμονικά
675 2380 768 2431 καὶ
799 2380 1067 2452 ὑππαγῆ.
1102 2384 1241 2451 Τρία
1266 2385 1323 2438 δὲ
1358 2388 1471 2455 είδη
1493 2391 1700 2442 τούτων
1725 2408 1738 2421 ·

164 2466 260 2518 δνρο
292 2470 393 2536 μὶν
426 2468 496 2521 τά
531 2471 666 2523 κατὰ
702 2471 883 2540 φύσιν,
916 2476 1050 2545 γυνὴ
1093 2477 1185 2529 καὶ
1226 2478 1401 2547 ἀνὴρ,
1442 2480 1607 2534 τέκνα
1652 2485 1745 2535 καὶ

165 2563 353 2622 γονεῖς
376 2576 388 2589 °
434 2561 491 2613 ἓν
525 2562 580 2614 δὲ
617 2563 677 2616 τὸ
709 2564 849 2618 κατὰ
885 2566 1068 2636 νόμον.
1109 2567 1279 2621 Τοῦτο
1308 2570 1417 2639 γάρ
1447 2572 1595 2625 ἐστιν
1626 2571 1744 2626 δοῦ-

165 2650 258 2714 λός
291 2670 351 2704 τε
389 2655 481 2707 καὶ
509 2656 791 2724 δεσπότης.
827 2658 917 2728 Τῷ
945 2660 1040 2728 μὲν
1070 2654 1161 2712 οὖν
1192 2661 1450 2731 ὑπηκόῳ,
1483 2657 1581 2733 τὴν
1611 2665 1744 2716 ὑπο-

165 2744 353 2812 ταγὴν
400 2746 732 2813 εἰσηγεῖται·
784 2748 869 2821 ,τῷ
922 2750 980 2802 δὲ
1025 2750 1247 2821 ἄρχοντι
1288 2753 1349 2803 τὸ
1391 2754 1746 2823 κηδεμονικὸν

167 2833 313 2902 πρὸς
366 2835 428 2887 τὸ
477 2836 734 2908 ὑπήκοον.
763 2838 932 2910 Τύπῳ
965 2841 1057 2894 οὖν
1087 2842 1165 2912 τῷ
1212 2842 1349 2911 πρὸς
1388 2845 1623 2915 Χριστὸν
1654 2865 1745 2899 κε-

166 2925 326 2978 λεύει
372 2926 471 2997 τὴν
504 2933 736 2995 γυναῖκα
780 2932 1174 2988 ὑποτάττεσθαι
1215 2934 1293 3005 τῷ
1324 2937 1502 3007 ἀνδρὶ,
1542 2938 1630 2991 ἵνα
1673 2940 1748 3010 μὴ

167 3020 492 3086 σωματικὸν
520 3018 572 3096 ᾗ,
587 3021 647 3075 τὸ
670 3024 768 3094 τῆς
792 3024 1072 3097 ὑποταγῆς
1105 3028 1287 3097 μόνον,
1309 3029 1445 3083 ἀλλὰ
1470 3032 1566 3083 καὶ
1589 3049 1748 3085 πνευ-

165 3109 412 3177 ματικὸν
443 3112 684 3181 γένηται.

192 3334 195 3337 π
247 3330 269 3362 ε
314 3311 515 3375 Καθὼς
540 3314 632 3391 καὶ
653 3317 682 3367 ὁ
710 3316 943 3385 Χριστὸς
970 3318 1226 3389 ἠγάπησε
1260 3318 1360 3389 τήν
1401 3321 1749 3393 Ἐκκλησίαν,

165 3403 271 3454 και
332 3403 525 3456 ἑαυτὸν
560 3388 899 3475 ’παρέδωκεν
960 3409 1100 3479 ὑπὲρ
1163 3412 1376 3481 αὐτῆς,
1435 3413 1524 3467 ἵνα
1583 3414 1753 3485 αὐτὴν

164 3494 406 3565 ἁγιάσῃ.
434 3495 732 3567 καθαρίσας
760 3499 837 3568 τῷ
866 3499 1076 3571 λουτρῷ
1094 3501 1189 3555 τοῦ
1220 3503 1412 3568 ὓδατος
1440 3507 1498 3558 ὲν
1526 3506 1751 3575 ῥήματι,

166 3587 261 3639 ἵνα
301 3588 637 3660 παραστήσῃ
691 3590 861 3657 αὐτὴν
900 3592 1076 3662 ἐαυτῷ
1124 3593 1334 3659 ἔνδοξον
1378 3596 1481 3667 τὴν
1530 3597 1756 3668 Ἐκκλῆ-

166 3681 301 3735 σίαν
330 3723 345 3745 ,
374 3682 451 3751 μὴ
476 3682 702 3751 ἔχουσαν
740 3685 924 3739 σπίλον
944 3726 959 3749 ,
990 3688 1022 3757 ἢ
1062 3689 1249 3757 ῥυτίδα
1272 3731 1286 3754 ,
1313 3691 1346 3763 ἦ
1374 3708 1427 3743 τι
1451 3691 1561 3745 τῶν
1588 3692 1755 3745 τοιού-

164 3789 285 3824 των
309 3789 323 3802 σ
363 3772 477 3825 ἀλλ’
512 3774 597 3826 ἵνα
713 3776 841 3843 ἁγία
871 3778 967 3831 καὶ
1005 3780 1255 3849 ἄμωμος.
1292 3780 1478 3845 Οὕτως
1506 3783 1755 3852 ὀφείλου-

169 3882 265 3915 σιν
294 3864 350 3915 οἱ
393 3863 585 3935 ἄνδρες
615 3868 835 3958 ἀγαπᾷν
866 3869 1080 3923 ἑαυτῶν
1110 3872 1208 3933 τὰς
1247 3875 1541 3937 γυναῖκας,
1576 3874 1652 3937 ὡς
1688 3874 1758 3927 τά

168 3956 399 4009 ἑαυτῶν
440 3958 689 4027 σώματα.
735 3956 791 4014 Ὀ
834 3962 1067 4029 ἀγαπῶν
1106 3963 1203 4033 τὴν
1252 3965 1445 4017 ἑαυτοῦ
1486 3970 1754 4033 γυναῖκα,

167 4048 378 4102 ἑαυτὸν
409 4050 616 4120 ἀγαπᾷ.
654 4070 671 4099 ι

246 4142 330 4192 Τὸ
352 4142 679 4210 ἡγεμονικὸν
706 4143 766 4195 οὐ
796 4143 1043 4213 βούλεται
1074 4147 1309 4217 σκληρὸν
1339 4143 1478 4201 εἶναι
1511 4147 1588 4217 τῷ
1618 4150 1757 4218 ὑπη-

167 4232 309 4301 κόῳ.
350 4232 523 4301 Ἀυτη
553 4232 659 4303 γάρ
687 4234 891 4305 ἀληθὴς
922 4238 1086 4307 ἀρχὴ,
1114 4238 1205 4289 τὸν
1228 4240 1463 4308 ἀρχοντα
1494 4240 1754 4309 κήδεσθαι

164 4324 289 4375 τῶν
329 4323 418 4389 ὑφ’
454 4324 636 4402 αὑτὸν,
671 4325 789 4394 ἥτις
830 4329 888 4379 ἐν
923 4329 1140 4397 Χριστῷ
1167 4331 1407 4400 πέφηνεν
1430 4369 1443 4391 ,
1475 4332 1550 4399 μὴ
1588 4330 1757 4402 ζητή-

169 4432 342 4467 σαντι
374 4416 432 4467 τδ
467 4415 643 4485 ἐαυτῷ
672 4418 903 4487 πρέπον,
932 4419 1068 4472 ἀλλὰ
1098 4419 1160 4471 τὸ
1193 4424 1257 4490 τῇ
1304 4422 1599 4492 Ἐκκλησία
1627 4439 1760 4491 συμ-

168 4508 374 4575 φέρον.
424 4507 487 4558 Ἠ
528 4508 625 4575 μὲν
657 4510 765 4579 γὰρ
797 4509 961 4562 αὑτοῦ
990 4511 1118 4576 δόξα
1151 4510 1208 4563 ὲν
1233 4512 1504 4584 ἀθανασίᾳ
1665 4514 1757 4566 καὶ

166 4599 326 4667 αὑτὴ
348 4598 674 4669 ὀφειλομένη
698 4618 756 4652 τε
789 4604 883 4655 καὶ
903 4603 1189 4671 πρέπουσα
1206 4611 1233 4635 θ’
1252 4605 1286 4674 ἡ
1309 4605 1364 4657 δὲ
1391 4606 1489 4675 τῆς
1532 4604 1759 4673 Ἐκκλη-

168 4692 308 4751 σίας
359 4690 606 4760 σωτηρία
645 4694 703 4744 ἐν
742 4692 1013 4777 καθάρσει
1065 4695 1166 4763 τῆς
1198 4696 1469 4765 ἁμαρτίας
1506 4696 1625 4765 ἥτις
1661 4698 1772 4767 οὺλτ

159 4757 373 4844 [ἁπλῶς
415 4757 655 4846 ἐγίνετο,
690 4785 737 4835 εί
766 4758 857 4853 ’μὴ
1022 4778 1369 4857 ῥυπωθείσης
1411 4788 1555 4858 ζωῆς
1592 4790 1760 4858 μετά-

167 4874 337 4926 θεσιν
374 4874 672 4941 εἰργάσατο
696 4874 951 4946 Χριστὸς,
983 4879 1044 4930 τὸ
1066 4879 1318 4948 ὁμοίωμα
1355 4869 1557 4948 ταύτης
1594 4896 1760 4933 κατα-

166 4964 355 5024 λύσας
384 4964 622 5035 θανάτῳ,
650 4966 738 5019 ἴνα
768 4968 1307 5039 συναποθνῄσκοντες
1334 4970 1484 5040 αὐτῷ
1511 4971 1763 5040 λυθῶμεν

165 5060 280 5127 τῆς
317 5056 469 5127 ζωῆς
500 5052 569 5129 ἦς
596 5059 823 5127 ἐζῶμεν.
860 5061 1075 5130 Ταύτης
1112 5061 1169 5113 δὲ
1192 5062 1293 5130 τῆς
1333 5061 1648 5132 καθάρσεως
1676 5062 1763 5113 αἴ-

165 5168 325 5221 τιον.
347 5150 410 5202 τὸ
440 5149 607 5216 ,ἆγιον
641 5151 943 5221 βάπτισμα.
995 5153 1261 5223 Πρόσεστι
1308 5158 1417 5224 γάρ
1453 5154 1645 5231 ἐκείνῳ
1688 5153 1765 5223 τῷ

168 5243 348 5295 ὕδατι
374 5243 408 5309 ἡ
437 5242 524 5294 διὰ
563 5243 808 5312 ῥήματος
837 5246 1157 5314 ἐπίκλησις,
1186 5245 1339 5313 ἆγιον
1373 5247 1503 5300 αὐτὸ
1528 5247 1765 5314 ἀποφαί-

170 5351 381 5389 νουσα.
436 5335 530 5385 Ἐν
559 5336 1093 5405 ὀνόματιςηατίὸς,
1125 5340 1219 5392 καὶ
1262 5340 1429 5404 Υίοῦ,
1466 5340 1563 5393 καὶ
1594 5341 1765 5409 ἁγίου

168 5427 557 5495 Πνεύματος.

255 5632 280 5666 α
331 5614 526 5675 Οὐδεὶς
570 5614 677 5686 γάρ
722 5632 847 5667 ποτε
885 5616 983 5685 τὴν
1020 5608 1213 5669 ἑαυτοῦ
1255 5618 1432 5686 σάρκα
1464 5619 1724 5687 ἐμίσησεν
1750 5663 1763 5684 ,
1808 5631 1813 5637 '

172 5705 327 5761 ἀλλά
358 5704 638 5772 ἐκτρέφει.
682 5704 775 5756 καὶ
808 5705 1013 5758 θάλπει
1040 5706 1226 5776 αὐτὴν,
1258 5708 1438 5771 καθὼς
1474 5708 1568 5759 καὶ
1597 5711 1624 5760 ὁ
1658 5709 1767 5761 Κύ-

177 5816 313 5867 ριος
341 5798 446 5866 τὴν
492 5796 833 5866 Ἐκκλησίαν.
867 5799 996 5852 "0n-
1019 5800 1156 5869 μέλη
1197 5800 1362 5869 ἐσμὲν
1392 5800 1484 5853 τοῦ
1518 5801 1763 5871 σώματος

1845 603 2101 657 omnibus
2151 605 2203 657 in
2273 610 2492 665 nomine
2546 610 2757 667 Domini
2809 616 2980 668 nostri
3030 617 3157 671 Jcsu
3210 615 3415 670 Christi

1847 694 1956 749 Deo
1988 705 2042 751 et
2068 697 2240 757 Patri.
2282 722 2298 751 ι
2646 758 2651 765 ,

1915 788 2171 860 Mysteria
2228 794 2336 848 Deo
2392 812 2649 865 peragere
2697 800 2977 863 convenit,
3035 798 3251 871 hymnis
3289 816 3413 857 eum

1845 886 2252 954 prosequendo;
2296 904 2506 942 necnon
2539 894 2848 947 enarrando
2879 908 2999 963 quas
3025 892 3281 950 Christus
3320 896 3418 949 he-

1846 974 2035 1029 neiicia
2072 980 2409 1046 pra-stiterit.
2838 994 2839 997 ‘

1918 1064 2080 1119 Vens.
2107 1068 2196 1122 2|.
2232 1087 2251 1119 ι
2289 1068 2529 1137 Subjecti
2565 1074 2799 1128 invicem
2825 1076 2878 1129 in
2910 1077 3103 1133 timore
3133 1076 3247 1132 Dei.
3287 1096 3306 1129 ι
3344 1128 3351 1132 .

1916 1154 2388 1220 Quemadmodum
2430 1163 2475 1217 si
2523 1166 2662 1218 alter
2705 1168 2971 1222 adversus
3008 1169 3237 1224 alterum
3286 1184 3419 1223 con-

1847 1256 2055 1318 surgat,
2085 1250 2373 1306 dissidium
2395 1256 2593 1320 oritur,
2631 1258 2702 1313 ita
2739 1260 3071 1325 coniunctio
3110 1262 3418 1316 humilitate

1847 1346 2082 1393 cotistat.
2138 1340 2374 1397 Invicem
2430 1358 2613 1401 autem
2668 1359 2891 1418 oportet
2948 1352 3142 1418 subjici
3197 1361 3418 1421 prapler

1845 1430 2148 1496 Christum,
2199 1444 2456 1507 tanquam
2497 1440 2821 1512 obsequium
2875 1445 2977 1498 hoc
3025 1444 3249 1498 Christo
3282 1459 3419 1514 pen-

1848 1521 2059 1578 dentes.

1922 1630 2083 1687 Vsns.
2130 1633 2321 1689 22-25.
2370 1656 2388 1687 ι
2439 1637 2712 1705 Mulieres,
2743 1641 2877 1697 viris
2911 1645 3149 1715 propriis
3184 1650 3415 1703 subdiuc

1849 1730 2042 1788 estote,
2078 1726 2222 1780 sicut
2252 1726 2519 1793 Domino,
2548 1732 2678 1801 quia
2711 1733 2795 1786 vir
2826 1744 2985 1803 caput
3032 1746 3117 1791 est
3146 1741 3415 1802 mulieris.

1778 1846 1819 1901 Β
1850 1816 1993 1871 sicut
2025 1817 2279 1876 Christus
2316 1828 2400 1875 est
2421 1832 2585 1891 caput
2612 1825 2879 1881 Ecclesiae
2913 1845 2927 1881 :
2965 1838 3019 1883 et
3049 1829 3165 1901 ipse
3199 1840 3282 1887 est
3311 1834 3419 1888 sal-

1849 1917 2004 1962 vator
2047 1913 2295 1980 corporis
2324 1914 2489 1982 ejus;
2553 1915 2649 1970 sed
2700 1919 2843 1971 sicut
2902 1920 3144 1978 Ecclesia
3175 1924 3419 1993 subjecta

1847 2008 1931 2053 est
1963 1998 2203 2076 Christo,
2240 2003 2313 2057 ita
2346 2012 2401 2059 et
2434 2006 2692 2062 mulieres
2730 2009 2864 2066 viris
2895 2013 3011 2068 suis
3040 2015 3094 2068 in
3143 2015 3419 2071 omnibus.

1850 2087 1986 2156 Viri,
2018 2090 2224 2162 diligite
2267 2110 2465 2151 uxores
2500 2106 2733 2155 vestras.
2773 2118 2791 2150 ι

1919 2284 1994 2339 De
2022 2285 2090 2340 iis
2141 2287 2383 2356 loquitur
2425 2306 2547 2359 qua!
2587 2292 2652 2345 ad
2692 2309 2805 2347 rem
2850 2295 3204 2351 domesticam
3254 2300 3423 2367 perti-

1852 2388 2000 2441 ncnt,
2029 2394 2258 2448 qumque
2290 2380 2374 2434 vel
2413 2383 2694 2450 regiminis
2727 2384 2875 2447 sunt,
2903 2386 2984 2439 vel
3013 2387 3419 2444 submissionis.

1851 2467 2056 2522 llorum
2085 2477 2268 2523 autem
2300 2470 2405 2523 tria
2441 2487 2639 2541 genera
2672 2481 2828 2528 sunt.
2858 2474 2973 2528 Duo
3003 2476 3223 2544 quidem
3259 2492 3287 2530 a
3320 2492 3423 2530 na-

1850 2569 1974 2612 tura
2010 2558 2277 2623 instituta,
2306 2569 2438 2630 puta
2473 2562 2558 2615 vir
2588 2568 2641 2616 et
2662 2564 2881 2625 mulier,
2910 2573 3167 2633 parentes
3196 2574 3252 2618 et
3285 2566 3379 2619 ﬁlii
3404 2583 3420 2631 ;

1852 2650 2233 2706 nnumautem
2260 2665 2288 2701 a
2329 2648 2468 2719 lege.
2506 2651 2792 2720 Ejusmodi
2840 2656 3042 2724 quippe
3079 2666 3205 2710 sunt
3231 2670 3424 2710 servus

1851 2751 1904 2794 et
1939 2741 2124 2795 herus.
2175 2739 2255 2794 Illi
2299 2757 2430 2812 ergo
2477 2745 2569 2812 qui
2614 2744 2865 2801 subditus
2908 2755 3014 2810 est,
3056 2748 3423 2803 obedientiam

1856 2830 2085 2894 suadet;
2138 2832 2186 2885 ei
2229 2847 2357 2901 veno
2410 2834 2505 2903 qui
2567 2844 2781 2903 praeest,
2841 2844 2901 2889 ut
2953 2836 3297 2891 subditorum
3354 2838 3428 2893 sit

1856 2925 2147 2979 sollicitus.
2215 2924 2435 2980 Christo
2496 2927 2678 2996 itaque
2744 2928 2798 2981 in
2868 2929 3176 3000 exemplum
3234 2930 3423 2994 allato,

1856 3016 2123 3086 praecipit,
2156 3026 2215 3070 ut
2258 3018 2375 3071 viro
2423 3018 2913 3099 mulier‘subjecta
2958 3021 3051 3087 sit,
3110 3020 3254 3090 quod
3315 3035 3425 3074 non

1858 3110 2128 3178 corporali
2170 3110 2347 3163 solum
2392 3110 2705 3165 obedientia
2761 3121 3089 3182 praestetur,
3140 3127 3328 3167 verum
3374 3123 3427 3168 et

1778 3202 1822 3261 C
1858 3200 2153 3270 spirituali.

1929 3334 1947 3364 ι
1984 3314 2211 3369 Sicuth
2240 3314 2496 3371 Christus
2518 3316 2709 3371 dilexit
2736 3316 3061 3382 Ecclesiam,
3095 3326 3150 3374 et
3179 3319 3422 3388 seipsum

1852 3407 2082 3461 tradidit
2113 3424 2210 3477 pro
2241 3424 2325 3473 ea,
2373 3407 2553 3475 [Vera
2587 3408 2781 3482 26-28]
2842 3421 2900 3463 ut
2931 3410 3080 3465 illam
3114 3412 3428 3467 sanctiﬁca-

1854 3505 1958 3563 ret,
2001 3497 2273 3551 mundans
2307 3499 2523 3553 lavacro
2553 3515 2707 3567 aqua:
2746 3501 2802 3554 in
2837 3502 3021 3565 verbo,
3053 3508 3111 3555 ut
3138 3502 3423 3557 exhiberet

1854 3580 1976 3643 eam
2016 3590 2120 3644 sibi
2152 3590 2442 3659 gloriosam
2467 3590 2793 3657 Ecclesiam,
2830 3609 2937 3648 non
2974 3595 3266 3650 habentem
3305 3608 3423 3648 ma-

1853 3682 2057 3746 tulam,
2091 3698 2265 3752 neque
2312 3699 2525 3754 rugam,
2567 3694 2661 3738 aut
2702 3686 2907 3754 aliquid
2946 3686 3258 3757 hujusmodi
3288 3704 3302 3752 ;
3333 3688 3425 3741 sed

1857 3783 1917 3826 ut
1941 3775 2012 3826 sit
2043 3783 2231 3829 sancta
2260 3782 2315 3827 et
2364 3776 2735 3830 immaculata.
2773 3776 2865 3831 Sic
2918 3776 3118 3833 debent
3162 3778 3267 3833 viri
3302 3778 3427 3831 dili-

1857 3878 1986 3930 gere
2017 3879 2217 3919 uxores
2243 3879 2391 3929 suas,
2430 3874 2489 3919 ut
2523 3880 2755 3936 corpora
2782 3882 2903 3922 sua.
2953 3868 3055 3933 Qui
3101 3884 3257 3923 suam
3293 3884 3430 3921 uxo-

1858 3970 1972 4008 rem
2008 3956 2204 4025 diligit,
2237 3957 2476 4025 seipsum
2510 3956 2706 4027 diligit.
2741 3978 2762 4010 ι

1928 4129 2062 4189 Eam
2097 4136 2307 4200 partem
2344 4145 2467 4200 quae
2499 4138 2697 4199 praeest
2721 4139 2775 4186 et
2822 4132 2979 4201 regit,
3013 4147 3263 4202 asperam
3304 4133 3433 4187 sub-

1860 4221 1987 4276 ditas
2010 4236 2135 4277 esse
2165 4221 2437 4291 prohibet.
2464 4220 2599 4275 Nam
2636 4222 2738 4274 hoc
2782 4232 2865 4276 est
2893 4237 3021 4277 vere
3049 4238 3307 4293 praeesse,
3336 4222 3430 4277 ubi

1859 4315 2115 4383 princeps
2143 4327 2331 4366 eorum
2363 4326 2485 4380 quae
2515 4311 2618 4366 sub
2652 4326 2712 4366 se
2755 4319 2884 4365 sunt
2933 4327 3119 4366 curam
3153 4313 3291 4381 gerit
3325 4331 3339 4367 :
3377 4313 3432 4366 id

1860 4404 2005 4475 quod
2032 4404 2273 4458 ostendit
2294 4403 2565 4465 Christus,
2600 4403 2691 4473 qui
2724 4418 2829 4456 non
2856 4404 3112 4473 quaesivit
3140 4404 3284 4473 quod
3325 4404 3428 4459 sibi

1861 4495 2117 4550 decorem
2156 4495 2496 4558 conciliaret,
2528 4495 2621 4553 sed
2662 4496 2809 4566 quod
2852 4485 3109 4551 Ecclesiae
3140 4496 3425 4552 commodt

1862 4597 2030 4643 esset.
2068 4586 2200 4656 Ejus
2226 4588 2370 4641 enim
2418 4587 2639 4641 claritas
2680 4589 2857 4657 posita
2887 4596 3008 4641 erat
3045 4588 3098 4642 in
3150 4589 3428 4642 immorta-

1862 4680 2031 4745 litate,
2066 4694 2186 4748 quae
2210 4680 2335 4747 ripsi
2374 4678 2696 4741 debebatur,
2741 4687 2797 4733 et
2827 4679 3162 4732 condecebat
3186 4697 3207 4733 -:
3243 4686 3297 4732 at
3332 4679 3427 4733 Eo:

1861 4758 2041 4824 clesiae
2071 4771 2220 4824 salus
2250 4769 2305 4822 in
2347 4769 2699 4823 mundatione
2730 4785 2761 4824 a
2795 4781 3019 4840 peccato
3050 4771 3392 4837 consistebat
3413 4809 3431 4835 ,

1863 4878 1985 4931 qua:
2014 4863 2329 4916 nullatenus
2363 4866 2583 4930 peracta
2621 4870 2789 4924 esset,
2838 4862 2942 4915 nisi
2974 4862 3145 4914 vitam
3178 4862 3433 4930 inquina-

1867 4965 1975 5006 tam
2017 4953 2272 5005 Christus
2300 4960 2745 5017 transmutasset,
2778 4951 3052 5005 destructa
3080 4966 3177 5021 per
3204 4962 3432 5004 mortem

1867 5032 2225 5099 similitudine
2266 5044 2437 5106 illius,
2474 5044 2549 5096 uti
2585 5045 2883 5099 morientes
2916 5059 3040 5098 cum
3085 5044 3207 5112 ipso
3239 5042 3309 5097 ab
3342 5042 3432 5096 illa

1868 5136 1996 5196 vita,
2027 5150 2189 5204 quam
2236 5142 2361 5188 ante
2410 5133 2770 5196 ducebamus,
2822 5132 3208 5205 eximeremur.
3265 5131 3436 5201 Atqui

1868 5229 2094 5293 hujusce
2152 5227 2567 5295 expurgationis
2617 5240 2783 5280 causa
2842 5226 3147 5295 baptismus
3199 5224 3432 5279 exstitit.

1868 5318 2019 5372 lianc
2050 5318 2195 5371 enim
2230 5332 2425 5387 aquam
2465 5318 2738 5371 invocatio
2792 5332 2886 5386 per
2931 5316 3154 5369 verbum
3200 5314 3435 5368 comita-

1869 5420 1975 5473 tur,
2007 5424 2112 5478 qua
2147 5416 2334 5461 sancta
2390 5396 2719 5460 declaratur].
2745 5441 2748 5447 ι
2775 5405 3037 5481 Nimirum
3061 5446 3076 5471 ,
3123 5403 3190 5457 In
3230 5404 3435 5457 nomine

1871 5499 2075 5559 Patris,
2099 5507 2147 5551 et
2186 5496 2353 5559 Filii,
2389 5506 2438 5550 et
2468 5494 2696 5563 Spiritus
2718 5496 2908 5550 sancti.

1942 5612 2101 5666 Vsus.
2156 5612 2351 5666 29-51.
2407 5630 2425 5662 ι
2486 5611 2657 5665 Nemo
2701 5598 2847 5665 enim
2910 5624 3153 5679 unquam
3212 5620 3434 5660 carnem

1872 5693 2175 5760 suam'odio
2212 5705 2437 5767 habuit,
2472 5704 2566 5758 sed
2602 5704 2776 5757 nutrit
2822 5710 2879 5756 et
2924 5702 3070 5756 fovet
3108 5716 3252 5764 eam,
3295 5698 3439 5754 sicut

1871 5809 1923 5853 et
1964 5798 2223 5852 Dominus
2252 5796 2569 5852 Ecclesiam.
2606 5795 2745 5861 Quia
2793 5782 3035 5851 membra
3089 5805 3277 5850 sumus
3308 5800 3435 5844 ssr-
