4218 6448
797 378 894 444 851

1966 388 2028 446 s.
2063 388 2384 449 JOANNIS
2412 361 2845 455 DAMASCENI'

3936 393 4048 456 859

795 505 942 556 [uiris
984 491 1136 557 ejus,
1188 493 1253 545 dc
1295 508 1459 548 carne
1518 497 1672 565 ejus,
1732 507 1786 549 et
1830 500 1897 552 de
1949 501 2170 556 ossibus
2223 501 2436 570 ejus.A

2466 505 2633 559 αὑτοῦ
2665 510 2730 560 ἐκ
2767 513 2866 579 τῆς
2904 511 3108 582 σαρκὸς
3157 509 3319 583 αὑτοῦ
3359 510 3455 563 καὶ
3483 511 3547 562 ἐκ
3574 509 3682 562 τῶν
3711 507 3915 560 ὀστέων
3941 507 4044 560 αὑ-

794 578 1024 648 l'ropter
1084 581 1187 634 hoc
1237 582 1508 651 relinquet
1561 586 1724 638 homo
1769 599 1978 656 patrem
2030 599 2082 642 et
2136 599 2364 643 matrem

790 683 967 733 suam,
1021 678 1076 723 et
1117 670 1417 726 adlucrebit
1469 677 1624 728 tixori
1679 693 1810 742 suae,
1847 689 1902 732 et
1955 689 2116 734 erunt
2166 682 2273 734 duo
2309 683 2364 734 in

792 775 956 814 carne
992 777 1118 815 una.
1164 782 1181 812 ι

862 939 1017 1010 191
1063 939 1119 994 Si
1150 958 1278 996 caro
1311 944 1407 994 \iri
1443 955 1524 997 est
1554 960 1712 1006 uxor,
1745 962 1932 998 curam
1957 986 1972 1008 ,
2011 947 2185 1017 inquit
2209 990 2224 1012 ,
2262 950 2364 1014 ha-

791 1027 914 1081 beat
968 1032 1157 1093 illius,
1211 1033 1380 1086 veluti
1425 1036 1612 1102 carnis
1662 1051 1798 1090 suze.
1847 1037 2002 1102 Quod
2059 1038 2106 1090 si
2158 1040 2363 1094 scimus

789 1123 1074 1176 Christum
1100 1140 1223 1178 esse
1249 1141 1513 1194 sponsum
1546 1126 1838 1192 Ecclesia,
1867 1143 2074 1198 uosque
2103 1131 2155 1183 in
2189 1147 2361 1184 mem-

795 1216 889 1267 bra
929 1230 1030 1268 sua
1063 1217 1379 1271 elTormasse
1441 1233 1535 1285 pcr
1595 1219 1760 1272 vitam
1799 1235 1963 1289 quam
1997 1219 2233 1290 Spiritus
2261 1223 2361 1275 tri-

796 1307 925 1358 burnt
963 1325 974 1335 -
1021 1306 1170 1359 illum
1205 1323 1335 1378 ergo
1359 1307 1561 1362 Christi
1594 1309 1859 1365 adversus
1884 1309 2186 1367 Ecclesiam
2212 1327 2363 1366 amo-

789 1413 900 1450 rem
934 1401 1231 1453 Imitemur.

859 1491 1023 1547 Vens.
1066 1495 1154 1547 δὲ.
1187 1514 1205 1544 ι
1242 1497 1661 1550 Sacramentum
1690 1497 1790 1550 hoc
1820 1511 2076 1564 magnum
2107 1504 2192 1550 est
2219 1515 2230 1550 :
2262 1511 2363 1566 ego

790 1592 971 1636 autem
1006 1584 1128 1638 dico
1161 1586 1214 1638 in
1245 1586 1466 1639 Christo
1489 1626 1504 1643 .
1537 1595 1592 1640 et
1626 1588 1678 1639 in
1718 1585 1983 1641 Ecclesia.
2022 1606 2040 1638 ι

873 1676 923 1728 Id
955 1679 1099 1745 quod
1129 1679 1424 1747 spirit-uale
1449 1687 1534 1733 est
1560 1694 1684 1732 cum
1714 1680 1920 1733 carnali
1949 1680 2236 1744 coniunxit
2259 1721 2272 1737 .
2303 1689 2361 1733 ut

794 1767 1160 1835 sigriﬁcaret,
1214 1770 1315 1824 hoc
1351 1772 1497 1826 illius
1530 1773 1756 1840 ﬁguram
1803 1788 1947 1828 esse.
2000 1771 2114 1826 Hoc
2161 1773 2360 1842 quippe

791 1859 952 1913 modo
1023 1863 1340 1931 mysterium
1389 1871 1602 1934 gestum
1656 1873 1741 1920 est
1790 1864 1990 1918 latente
2038 1864 2143 1918 sub
2189 1867 2360 1934 ﬁgura
2395 1845 2436 1902 Β

791 1953 1018 2006 veritate
1060 1971 1076 2008 :
1123 1971 1246 2007 cum
1302 1970 1497 2025 nempe
1550 1966 1765 2026 sumpta
1834 1972 1899 2010 ex
1977 1958 2058 2011 'o
2100 1957 2360 2022 nuliere,

785 2060 959 2115 eaque
1036 2061 1161 2100 cum
1213 2050 1330 2102 viro
1377 2051 1667 2119 copulata,
1715 2049 1971 2106 Christus
2017 2060 2070 2105 et
2117 2050 2362 2106 Ecclesia

789 2141 1174 2212 ﬁgurarentur.
1209 2144 1252 2195 A
1279 2143 1496 2198 Christo
1551 2146 1697 2198 enim
1753 2145 2016 2200 habemus
2063 2152 2120 2198 ut
2165 2159 2364 2199 secun-

789 2237 918 2287 dum
973 2237 1322 2290 sanctitatem
1353 2236 1528 2291 simus
1551 2280 1566 2301 ,
1599 2252 1660 2290 ac
1695 2253 1789 2307 per
1820 2237 2164 2293 sanctitatem
2207 2235 2363 2290 Chrio

786 2337 874 2381 sto
901 2328 1303 2398 eonjunguuur.

859 2419 1020 2474 Vens.
1064 2422 1156 2474 35.
1185 2439 1203 2471 ι
1241 2419 1643 2484 Verumtamen,
1682 2430 1732 2474 et
1772 2437 1870 2478 vos
1904 2421 2138 2488 singuli,
2182 2436 2358 2476 unus»

786 2512 1016 2581 quisque
1049 2528 1272 2568 uxorem
1311 2529 1464 2569 suam
1511 2514 1584 2567 ita
1630 2514 1817 2584 diligat
1881 2513 2025 2568 sicut
2073 2515 2356 2584 seipsum:

790 2619 928 2657 uxor
956 2615 1134 2656 autem
1166 2603 1353 2656 timeat
1383 2618 1556 2657 vuum
1586 2618 1768 2656 suum.
1801 2623 1822 2654 ι

1421 2737 1574 2791 CAI‘.
1632 2739 1716 2792 Vl.

863 2845 1022 2900 Vens.
1073 2850 1117 2900 l.
1146 2867 1164 2898 c
1189 2847 1332 2912 Filii,
1358 2850 1570 2902 oltedite
1599 2853 1919 2918 parentibus
1952 2855 2153 2909 vestris
2176 2856 2230 2908 in
2257 2854 2362 2908 Do—

792 2939 964 2993 mino.
1000 2939 1111 2995 lloc
1137 2943 1282 2994 enim
1304 2943 1517 3011 justum
1551 2958 1655 2997 est.
1685 2965 1702 2994 ι

858 3031 938 3084 Ad
979 3047 1193 3087 omnem
1237 3048 1395 3098 porro
1435 3036 1487 3088 in
1531 3037 1844 3092 universum
1888 3037 2191 3093 Ecclesiam
2238 3053 2361 3108 qua:

786 3122 1003 3177 Christo
1024 3127 1330 3193 copulatur.
1357 3141 1662 3180 sermonem
1699 3129 1912 3182 confert
1955 3133 2011 3184 ln
2038 3147 2363 3203 unaquaque

787 3222 967 3269 autem
1001 3217 1258 3282 muliere,
1278 3229 1331 3270 et
1356 3218 1407 3270 in
1433 3234 1761 3290 unoquoque
1789 3222 1904 3276 viro
1930 3224 2166 3292 perfecta
2193 3225 2363 3295 ﬁgura

786 3307 878 3367 sit,
910 3314 968 3358 ut
994 3307 1077 3358 vir
1100 3307 1318 3376 quidem
1349 3308 1568 3377 diligat,
1598 3311 1791 3365 mulier
1819 3319 1998 3367 autem
2029 3314 2364 3386 obsequatur

785 3400 838 3450 in
867 3399 1078 3452 timore.
2043 3416 2055 3424 “

862 3489 1026 3546 νεεδ.
1071 3494 1194 3547 2-4.
1231 3512 1248 3544 ι
1290 3493 1505 3548 llonora
1565 3505 1772 3564 patrem
1822 3507 1973 3554 tuum
2021 3511 2077 3555 et
2130 3510 2357 3564 matrem

793 3591 978 3645 tuam,
1009 3586 1154 3653 quod
1183 3594 1268 3639 cst
1300 3587 1619 3640 mandatum
1661 3590 1895 3658 primum
1935 3595 1991 3645 in
2033 3595 2359 3662 promissio-

782 3689 888 3732 ne;
928 3685 983 3726 ut
1017 3675 1152 3729 bene
1201 3679 1271 3732 sit
1303 3681 1437 3743 tibi,
1470 3691 1524 3735 et
1569 3699 1648 3736 srs
1700 3683 1712 3734 l
1756 3699 1839 3752 ng.
2065 3701 2200 3754 .tper
2248 3697 2359 3742 ter-

779 3781 920 3819 ram.
955 3766 1018 3820 Et
1058 3785 1184 3834 vos,
1219 3781 1434 3838 patres,
1469 3775 1648 3828 nolite
1684 3776 1750 3827 ad
1786 3777 2125 3831 iracundiam
2160 3796 2358 3849 provo-

794 3874 922 3911 «rare
951 3861 1092 3915 lilios
1125 3874 1371 3930 vestros;
1405 3868 1499 3919 sed
1528 3869 1761 3922 cdueate
1797 3869 1922 3924 illos
1961 3869 2016 3924 in
2061 3870 2358 3943 disciplina

789 3963 842 4006 et
871 3955 1224 4023 correptione
1257 3955 1488 4011 ltouiini.
1523 3977 1540 4008 ι

853 4042 993 4096 Alth
1012 4061 1099 4097 um
1132 4045 1234 4098 hoc
1260 4058 1343 4099 est
1375 4048 1722 4118 principatus
1749 4067 1920 4120 genus
1943 4096 1956 4118 ,
1984 4064 2273 4123 parentum
2301 4057 2356 4111 in

783 4132 962 4198 ﬁlios,
993 4136 1121 4205 quia
1158 4139 1470 4204 procreatio
1505 4139 1806 4197 liberorum
1858 4148 2082 4216 sequela
2128 4149 2355 4218 nuptia-

780 4239 902 4276 rum
933 4237 1054 4280 est:
1089 4236 1253 4297 atque
1284 4233 1664 4287 testimonium
1708 4235 1840 4305 legis
1881 4238 2104 4308 allegat.
2139 4239 2354 4296 Cuncta

785 4315 1086 4385 siquidem,
1137 4337 1258 4390 qua:
1317 4332 1541 4393 propter
1587 4324 1870 4383 Christum
1918 4327 2190 4398 faeimus,
2242 4334 2358 4405 lege

787 4409 903 4478 ipsa
952 4420 1090 4466 tcste
1137 4413 1276 4466 bona
1323 4426 1457 4470 sunt
1507 4427 1560 4471 et
1605 4420 1795 4487 justa,
1827 4422 1945 4476 sive
1973 4439 2036 4478 ea
2067 4427 2358 4495 conceptis

2465 598 2580 651 τοῦ.
2627 599 2773 652 Ἀντὶ
2801 600 2991 654 τούτου
3027 602 3341 671 καταλείψει
3379 601 3664 674 ἄνθρωπος
3700 601 3792 654 τὸν
3827 600 4047 670 πατέρα

2468 688 2632 743 αὑτοῦ
2669 691 2761 742 καὶ
2789 692 2888 762 τὴν
2922 692 3138 762 μητέρα
3159 733 3174 756 ,
3205 693 3298 746 καὶ
3330 690 3869 763 προσκολληθήσεται
3903 688 4046 759 πρὸς

2464 783 2563 854 τὴν
2597 787 2829 852 γυναῖκα
2865 785 3070 854 αὐτοῦ,
3105 787 3200 840 καὶ
3245 786 3459 840 ἔσονται
3504 788 3554 839 οί
3599 785 3694 839 δύο
3734 787 3814 848 είς
3861 783 4048 854 σάρκα

2470 890 2622 942 μίαν.
2665 895 2684 926 ι

2540 965 2602 1018 Εἰ
2642 966 2778 1036 σὰρξ
2804 967 2897 1020 τοὺ
2944 967 3134 1039 ἀνδρὸς
3170 969 3203 1037 ἡ
3232 967 3391 1038 γυνὴ,
3427 965 3674 1038 κηδέσθω
3707 963 3896 1035 αὖτῆςν
3933 979 4045 1033 φη-

2468 1056 2570 1121 σὶν,
2611 1057 2687 1120 ὡς
2714 1059 2916 1128 σαρκός
2942 1074 2954 1086 °
2985 1060 3079 1112 καὶ
3123 1061 3170 1112 εί
3196 1060 3433 1130 Χριστὸν
3462 1060 3623 1130 ἴσμεν
3649 1057 3841 1126 ὥσπερ
3869 1056 4044 1128 ἄνδρα

2465 1151 2566 1220 τῆς
2610 1151 2936 1219 Ἐκκλησίας
2972 1153 3123 1212 ὂντα.
3158 1154 3253 1206 καὶ
3292 1153 3430 1224 μέλη
3467 1154 3615 1222 ἡμᾶς
3650 1149 3845 1206 ἑαυτοῦ
3904 1167 4046 1203 κατ-

2465 1243 2802 1297 εσκευακὸτα
2824 1243 2914 1296 διὰ
2941 1245 3038 1313 τῆς
3070 1247 3129 1299 ἐν
3158 1245 3439 1315 Πνεύματι
3471 1245 3638 1315 ζωῆς,
3661 1242 4045 1316 μεμείσθωσαν

2468 1335 2566 1402 τὴν
2599 1335 2821 1405 ἀγαπὴν
2849 1333 2944 1386 τοῦ
2977 1333 3215 1404 Χριστοῦ
3245 1335 3343 1405 τὴν
3376 1335 3512 1406 πρὸς
3539 1335 3639 1404 τὴν
3683 1332 4040 1404 Ἐκκλησίαν.

2540 1533 2559 1560 ο
2600 1509 2674 1561 Τὸ
2715 1511 3015 1578 μυστήριον
3054 1509 3212 1563 τοῦτο
3263 1510 3408 1579 μέγα
3439 1509 3624 1563 ἐστίν·
3665 1506 3776 1577 ἐγὼ
3801 1506 3857 1560 δὲ
3894 1505 4045 1574 λέγω

2463 1603 2543 1665 εἰς
2574 1600 2841 1671 Χριστὸν,
2871 1600 2966 1654 καὶ
2993 1603 3072 1665 εἱς
3098 1602 3198 1670 τὴν
3236 1601 3582 1671 Ἐκκλησίαν.
3621 1619 3640 1652 ι

2538 1692 2749 1762 Συνηψε
2771 1692 2833 1744 τὸ
2860 1693 3236 1762 πνευματικὸν
3255 1692 3333 1764 τῷ
3356 1692 3625 1762 σαρκικῷ,
3653 1689 3821 1744 τύπον
3845 1691 4045 1759 ἐκεινῳ

2465 1783 2656 1836 τούτου
2709 1783 3018 1850 ἀποδείξας.
3076 1783 3264 1848 Οὕτως
3317 1783 3424 1855 γὰρ
3481 1784 3690 1851 γίνεται
3738 1781 4042 1851 μυστήριον

2466 1874 2918 1943 ἐγκεκρυμμένης
2946 1875 3043 1943 τῆς
3085 1873 3340 1944 ἀληθείας
3370 1875 3430 1927 ἐν
3466 1873 3544 1944 τῷ
3583 1873 3756 1944 τύπῳ,
3787 1873 3869 1925 ὅτι
3897 1871 4041 1937 Χρι·⁵

2465 1965 2588 2017 στὸν
2615 1966 2812 2018 ἐτύπου
2840 1969 2933 2018 καὶ
2953 1965 3051 2037 τὴν
3079 1964 3454 2034 Ἑκκλησίανή
3477 1964 3577 2034 τῆς
3596 1962 3847 2032 γυναικὸς
3874 1959 4041 2030 λῆψις

2462 2059 2522 2122 ἐξ
2563 2057 2774 2127 ἀνδρὸς,
2820 2059 2913 2111 καὶ
2947 2058 3211 2126 συνάφεια
3248 2057 3383 2128 πρὸς
3422 2055 3514 2108 τὸν
3553 2054 3740 2126 ἄνδρα.
3784 2053 3893 2107 Καὶ
3922 2052 4042 2122 γὰρ

2463 2151 2570 2203 ἀπὸ
2594 2151 2830 2220 Χριστοῦ
2855 2150 2916 2202 τὸ
2942 2145 3080 2202 εἶναι
3110 2149 3308 2219 ἔχομεν
3339 2146 3481 2202 κατὰ
3509 2146 3608 2218 τὴν
3631 2148 3915 2217 «summa,
3939 2143 4042 2198 καὶ

2463 2242 2819 2312 άγιασΘέντες
2854 2241 3074 2312 Χριστῷ
3106 2240 3395 2312 ένούμεθα.

2538 2439 2558 2470 ‹
2598 2419 2746 2490 Πλὴν
2775 2421 2868 2472 καὶ
2895 2419 3053 2490 ὑμεῖς
3087 2419 3135 2471 οἱ
3177 2417 3379 2472 καθένα
3399 2458 3415 2483 ,
3446 2415 3674 2478 ἕκαστος
3709 2411 3806 2485 τὴν
3837 2410 4040 2466 haec?»

2465 2515 2701 2581 γυναῖκα
2742 2511 2914 2576 οὕτως
2954 2512 3224 2580 ἀγαπάτω
3261 2511 3336 2575 ὠς
3366 2509 3588 2564 ἑαυτόν·
3627 2510 3664 2580 ἡ
3697 2507 3754 2561 δὲ
3785 2505 3922 2576 γυνὴ
3947 2505 4041 2558 ἵνα

2463 2603 2698 2674 φοϐῆται
2728 2605 2819 2657 τὸν
2845 2605 3033 2677 ἄνδρα.
3075 2627 3094 2658 ο

3062 2738 3310 2792 ΚΕΦΑΛ.
3354 2741 3445 2805 ς’.

2540 2875 2560 2907 ι
2595 2855 2677 2908 Τὰ
2703 2855 2888 2918 τέκνα,
2920 2854 3224 2906 ὑπακούετε
3255 2855 3364 2916 τοῖς
3381 2850 3624 2920 γονεῦσιν
3657 2847 3811 2903 ὑμῶν
3833 2848 3894 2900 ἐν
3915 2847 4040 2899 Ku-

2466 2950 2566 3017 ρίῳ
2615 2945 2788 3002 Τοῦτο
2811 2948 2920 3016 γάρ
2952 2947 3067 2997 ἐστι
3092 2944 3323 2999 δίκαιον.

2535 3037 2837 3101 Καθολικὸς
2890 3038 2990 3107 μὲν
3018 3035 3112 3090 οὖν
3143 3039 3172 3090 ὁ
3211 3036 3368 3105 λόγος
3395 3036 3476 3099 είς
3504 3035 3632 3105 ὃλην
3660 3034 3760 3104 τὴν
3805 3028 4041 3100 Ἐκκλη-

2467 3129 2586 3183 σίαν
2634 3128 2928 3198 ἑνουμένην
2976 3125 3198 3197 Χριστῷ
3271 3127 3454 3179 Ἔστω
3503 3125 3559 3178 δὲ
3601 3126 3659 3176 ἐν
3697 3122 3902 3194 ἑκάστῃ
3936 3136 4039 3187 γυο

2390 3198 2433 3256 c
2465 3219 2634 3283 vatx‘t,
2674 3219 2771 3271 καὶ
2817 3219 2875 3270 ἐν
2909 3218 3123 3288 ἑκάστῳ
3155 3217 3310 3286 ἀνδρὶ
3348 3215 3720 3285 τελειούμενος
3766 3214 3796 3266 ὁ
3831 3212 4035 3273 τύπος,

2465 3313 2523 3365 ἐν
2543 3311 2734 3382 ἀγάπῃ
2767 3310 2867 3380 μὲν
2893 3309 3108 3380 ἀνδρὸς,
3137 3311 3383 3379 ὑποταγῇ
3409 3307 3466 3360 δὲ
3493 3306 3750 3376 γυναικὸς
3775 3305 3834 3356 ἐν
3860 3302 4035 3373 φόϐῳ.

2539 3510 2558 3542 ι
2595 3489 2744 3560 Τίμα
2786 3489 2878 3541 τὸν
2924 3487 3139 3559 πατέρα
3179 3487 3276 3540 καὶ
3303 3487 3403 3557 τὴν
3436 3483 3682 3555 μητέρα,
3721 3483 3844 3552 ἥτις
3886 3480 4041 3535 ἐστὶν

2461 3584 2654 3654 ἐντολὴ
2681 3581 2872 3654 πρώτη
2911 3582 2970 3633 ἐν
3000 3579 3320 3650 ἐπαγγελίᾳ,
3349 3578 3438 3632 ἵνα
3461 3574 3519 3630 εὖ
3553 3593 3636 3629 σοι
3658 3575 3908 3646 γένηται,
3939 3575 4037 3626 καὶ

2465 3677 2565 3748 ἔσῃ
2595 3675 2987 3746 μακροχρόνιος
3035 3674 3129 3726 ἐπὶ
3157 3673 3256 3741 τῆς
3286 3671 3408 3741 γῆς.
3453 3670 3563 3724 Καὶ
3597 3670 3648 3722 οἱ
3696 3669 3931 3739 πατέρες
3961 3666 4038 3736 μὴ

2466 3785 2682 3840 παροργ
2709 3768 2826 3833 ζετε
2946 3783 2976 3816 τ
3013 3782 3112 3818 κθα
3134 3764 3309 3834 υμῶν.
3381 3762 3462 3815 λλ’
3489 3761 3716 3834 ἐκτρέφε
3756 3777 3782 3812 ε
3845 3761 3947 3813 ὑτά
3976 3760 4038 3812 ἐν

2464 3861 2687 3930 παιδείᾳ
2715 3861 2808 3912 καὶ
2838 3857 3092 3928 νουθεσία
3119 3856 3349 3927 Κυρίου.
3395 3873 3415 3906 ι

2532 4043 2770 4111 Δευτέρα
2792 4040 2958 4110 ἀρχὴ,
2989 4040 3024 4110 ἠ
3049 4036 3157 4090 τῶν
3189 4036 3416 4099 παίδων,
3444 4035 3632 4102 ἐπειδὴ
3655 4034 3750 4088 καὶ
3778 4034 4034 4105 δεύτερόν

2460 4139 2576 4190 ἐστι
2603 4135 2739 4206 μετὰ
2759 4133 2848 4186 τὸν
2878 4131 3056 4202 γάμον
3087 4129 3418 4190 παιδοποιία,
3449 4129 3543 4181 καὶ
3573 4127 3664 4180 τὸν
3707 4127 3874 4196 νόμον
3917 4129 4031 4179 sla-

2459 4229 2582 4297 ἀγει
2605 4229 2876 4297 μάρτυρα.
2898 4223 3083 4276 Πάντα
3100 4221 3208 4293 γὰρ
3233 4220 3334 4274 ὅσα
3355 4219 3620 4287 τελοῦμεν
3653 4217 3740 4270 διὰ
3770 4218 4029 4287 Χριστὸν,

2463 4321 2824 4392 μαρτυρεῖται
2853 4317 2958 4369 ὑπὸ
2985 4314 3077 4367 τοῦ
3099 4315 3265 4385 νόμου
3291 4313 3431 4366 καλὰ
3454 4329 3511 4364 τε
3539 4307 3675 4365 εἶναι
3703 4311 3795 4364 καὶ
3823 4310 4030 4376 δίκαια,

2458 4413 2492 4481 ἢ
2527 4408 2805 4480 αὑτολεξεὶ
2836 4407 3141 4476 λεγόμενα,
3188 4405 3222 4474 ῆ
3271 4405 3519 4466 τυπικῶς
3557 4401 3991 4473 ὑποδεικνύμενα
4014 4446 4029 4466 ,

787 4502 965 4555 verbis
988 4505 1365 4571 euuntiautur,
1395 4510 1512 4563 sive
1539 4509 1773 4580 ﬁgurate
1803 4512 2150 4582 indicantur;
2172 4525 2228 4571 et
2254 4519 2352 4572 bo-
2385 4535 2428 4590 ι)

2459 4503 2554 4557 καὶ
2592 4501 2730 4570 καλὴ
2770 4502 2869 4570 τῆς
2912 4498 3124 4559 τελείας
3172 4496 3520 4559 διδασκαλίας
3574 4498 3608 4563 ἡ
3647 4495 4030 4565 παιδαγωγικὴ

784 4607 910 4646 num
955 4605 1038 4649 est
1086 4597 1361 4668 paedagogi
1391 4601 1766 4657 testimonium
1798 4605 2055 4674 perfecta:
2085 4609 2351 4668 doctrina:

783 4684 990 4739 datum.
1025 4685 1091 4740 llt
1121 4705 1248 4742 vero
1297 4701 1628 4762 przcceptum
1660 4695 1731 4749 de
1766 4699 2084 4764 parentibus
2107 4702 2350 4759 colendis

782 4776 1138 4830 veneratione
1165 4779 1388 4848 dignum
1423 4798 1547 4837 csse
1576 4785 1866 4850 ostendat,
1904 4787 2008 4842 hoc
2048 4797 2167 4844 tum
2211 4792 2350 4846 alio—

783 4879 902 4916 rum
964 4867 1232 4933 primum,
1289 4879 1403 4924 tum
1447 4873 1612 4926 etiam
1643 4889 1770 4928 cum
1801 4879 2202 4946 pollicitatione
2231 4899 2352 4952 pro-

783 4956 1091 5009 nuntiatum
1117 4960 1221 5021 ait.
1248 4977 1368 5029 qua:
1391 4963 1613 5031 quidem
1648 4966 1976 5034 pollicitatio
2000 4969 2146 5039 jacet
2175 4973 2227 5025 in
2252 4972 2352 5028 De-

783 5047 995 5117 calogo.
1021 5045 1130 5103 Lex
1155 5051 1356 5122 quippe
1384 5055 1557 5125 longae
1582 5059 1762 5113 atatis
1794 5057 1966 5127 ﬁgura
1994 5062 2158 5119 vitam
2187 5074 2351 5120 aiter-

786 5152 912 5190 uam
946 5139 1254 5197 imitatione
1281 5150 1515 5214 quadam
1545 5149 1838 5204 adumbrat
1861 5151 1930 5205 ‘7.
1959 5150 2145 5207 Primo
2169 5165 2350 5211 autem

786 5229 1044 5286 mandato
1069 5235 1498 5303 promissionem
1548 5241 1688 5296 hanc
1733 5243 1876 5299 Deus
1931 5247 2204 5314 adjunxit,
2226 5264 2350 5304 cum

786 5330 1022 5388 quatuor
1047 5326 1182 5380 alias
1208 5331 1562 5397 praemisisset
1585 5350 1705 5403 qua:
1735 5336 1803 5389 ad
1834 5338 2010 5406 ipsum
2039 5338 2204 5392 Deum
2230 5357 2352 5410 spe-

783 5418 999 5465 ctarent
1023 5453 1036 5465 .
1072 5431 1198 5482 quia
1240 5417 1466 5474 indubia
1497 5431 1581 5476 est
1613 5426 1988 5479 remuneratio
2023 5425 2248 5482 honoris
2281 5427 2351 5480 ab

783 5515 852 5551 eo
879 5503 970 5570 qui
1007 5503 1329 5563 honoratur.
1364 5509 1548 5565 Ilouor
1577 5529 1707 5567 vero
1751 5517 1844 5584 qui
1890 5520 2217 5586 parentibus
2258 5535 2350 5572 ex-

2461 4597 2759 4666 μαρτυρία.
2820 4592 3019 4662 Τιμίαν
3064 4591 3120 4642 δὲ
3165 4589 3265 4662 τὴν
3315 4589 3535 4658 ἐντολὴν
3580 4590 3898 4656 ἀποφαίνων
3931 4587 4032 4658 τὴν

2461 4687 2590 4758 περὶ
2632 4685 2871 4753 γονέων,
2918 4683 3082 4752 φησὶν
3124 4680 3330 4751 αὐτὴν,
3379 4679 3473 4733 καὶ
3507 4678 3732 4749 πρώτην
3777 4682 3872 4732 καὶ
3911 4683 4031 4749 μετ’

2461 4777 2795 4845 ἐπαγγελίας
2826 4774 3100 4844 εἰρῆσθαι,
3146 4774 3264 4843 ἧτις
3295 4772 3594 4840 ἐπαγγελία
3625 4774 3683 4825 ἐν
3728 4773 4034 4844 Δεκαλογίᾳ

2462 4873 2657 4923 κεῖται,
2687 4867 2868 4920 Τύπον
2897 4867 3004 4936 γάρ
3032 4866 3059 4915 ὁ
3094 4864 3255 4932 νόμος
3281 4864 3379 4932 τῆς
3404 4863 3620 4916 αἰωνίου
3656 4863 3799 4932 ζωῆς
3841 4866 4031 4932 μιμεῖ-

2461 4979 2551 5014 ται
2582 4961 2679 5030 τὴν
2705 4958 3140 5029 μακροημερίαν.
3177 4957 3370 5026 Πρώτη
3401 4955 3456 5007 δὲ
3485 4953 3666 5026 ἐντολῇ
3696 4956 3898 5025 ταύτην
3931 4957 4034 5025 τὴν

2462 5053 2792 5119 ἐπαγγελίαν
2835 5048 3046 5113 ἔζευξεν
3085 5049 3114 5098 ὁ
3138 5048 3288 5111 Θεὸς,
3318 5048 3660 5117 προεισάγων
3700 5047 3865 5110 ἄλλας
3901 5048 4029 5098 τέσ-

2460 5163 2632 5216 σαρας
2662 5146 2756 5205 τάς
2779 5144 2859 5205 εἰς
2881 5141 3014 5193 Θεὸν
3037 5140 3344 5208 ἀνηκουσας
3364 5157 3376 5169 ·
3406 5140 3486 5191 ὅτι
3507 5138 3615 5190 τῶν
3640 5139 3736 5205 μὲν
3760 5139 3841 5200 είς
3868 5139 4030 5190 αὐτὶ-ι

2455 5237 2628 5307 τιμῶν
2654 5233 2971 5305 πρόδηλοςή
2998 5231 3351 5292 άνταπόδοσις
3382 5231 3531 5298 παρα
3558 5229 3654 5282 τοῦ
3688 5231 4026 5299 τιμωμένου.

2467 5332 2530 5383 Ἢ
2558 5330 2615 5382 δὲ
2653 5330 2731 5390 είς
2761 5325 2954 5394 γονέας
2994 5325 3152 5394 τιμὴ,
3188 5324 3317 5392 παρ’
3350 5322 3528 5375 αὐτῶν
3558 5323 3658 5374 οὐκ
3704 5323 3901 5392 ἔχουσα
3927 5323 4028 5390 τὴν

2455 5422 2810 5476 ἀνταπόδοσιν
2850 5418 3012 5485 λόγου
3047 5417 3223 5482 ἀξίαν,
3261 5415 3410 5485 παρά
3436 5415 3529 5468 τοῦ
3563 5415 3698 5469 Θεοῦ
3723 5418 3926 5486 ταύτην
3959 5414 4032 5469 δι’

2457 5512 2787 5581 ἐπαγγελίας
2821 5510 3136 5579 ἐκομίσατο.

783 5595 1022 5664 hibetur,
1072 5618 1196 5656 cum
1219 5603 1422 5670 justam
1455 5611 1755 5675 mercedem
1789 5614 1858 5670 ab
1887 5616 1968 5671 cis
1999 5632 2108 5671 nou
2142 5616 2417 5683 obtineat,
2459 5618 2593 5671 hanc
2622 5632 2648 5670 a
2687 5615 2795 5670 Deo
2829 5628 2923 5685 per
2960 5611 3381 5684 promissionem
3409 5605 3608 5663 retulit.

855 5794 901 5827 δ’
930 5795 1105 5853 Exod.
1141 5816 1224 5862 (κ,
1258 5802 1339 5856 l2.
