4218 6448
193 419 298 482 853

1361 417 1442 477 ΙΝ
1482 413 1720 474 EPIST.
1753 412 1854 471 AD
1889 412 2278 474 EPHESIOS.

3341 416 3448 480 854

271 546 291 579 ι
332 527 395 579 Οἱ
436 525 632 591 δοῦλοι,
674 526 979 581 ὑπακούετε
1001 530 1113 592 τοῖς
1148 529 1288 583 κατὰ
1328 530 1508 600 σάρκα
1552 529 1760 600 κυρίοις
1789 529 1836 584 Α

1789 529 1836 584 Α
1937 522 2102 580 Vens.
2147 526 2261 580 5.9.
2295 544 2313 576 ι
2349 524 2542 589 Servi,
2578 527 2794 582 obedite
2839 526 3076 582 dominis
3129 527 3448 587 carnalibus

199 617 341 688 μετὰ
371 617 536 684 φόϐου
569 620 664 669 καὶ
710 618 943 686 τρόμου,
990 620 1048 670 ὲν
1100 619 1362 688 ἁπλότητι
1404 618 1505 687 τῆς
1547 619 1770 690 καρδίας

197 709 375 777 ὑμῶν,
402 710 478 772 ὼς
509 707 586 778 τῷ
616 707 858 779 Χριστῷ,
893 709 966 780 μὴ
995 709 1113 762 κατ’
1139 708 1654 778 όφθαλμοδουλείαν,
1694 711 1770 773 ὼς

195 800 670 869 ἀνθρωπάρεσκοι,
701 801 814 854 ἀλλ’
837 801 914 864 ὡς
938 800 1112 853 δοῦλοι
1139 801 1233 853 τοῦ
1268 802 1526 871 Χριστοῦ,
1554 801 1771 854 ποιοῦν-

192 909 286 954 τες
315 893 374 944 τὸ
412 892 622 962 θέλημα
656 893 747 946 τοῦ
777 893 913 946 Θεοῦ
941 895 1004 946 ἐκ
1032 893 1230 962 ψυχῆς,
1266 893 1382 962 μετ’
1411 895 1623 957 εὐνοίας
1653 894 1772 946 δου-

195 983 447 1045 λεύοντες
479 984 554 1053 τῷ
589 984 798 1055 Κυρίῳ,
827 986 924 1038 καὶ⁴
953 985 1052 1038 οὑκ
1086 985 1413 1054 ἀνθρώποις.
1443 985 1656 1045 Εἰδότες
1687 984 1769 1036 ὅτι

194 1075 226 1126 ὃ
274 1075 370 1127 ὲάν
408 1089 462 1124 τι
494 1075 720 1137 ἕκαστος
751 1077 950 1146 ποίησῃ
997 1076 1240 1144 ἀγαθὸν,
1287 1073 1447 1127 τοῦτο
1497 1076 1770 1144 κομιεῖται

197 1167 350 1236 παρὰ
381 1165 472 1218 τοῦ
502 1169 737 1236 Κυρίου,
770 1169 879 1220 εἴτε
927 1167 1133 1230 δοῦλος,
1174 1167 1285 1220 εἴτε
1320 1167 1622 1236 ἐλεύθερος.
1663 1167 1771 1219 Καὶ

195 1258 246 1308 οἱ
280 1257 461 1328 κύριοι
487 1260 556 1311 τά
584 1260 725 1312 αὑτὰ
757 1262 958 1314 ποιεῖτε
988 1261 1125 1330 πρὸς
1158 1261 1373 1324 αὐτοὺς,
1408 1259 1644 1322 άνίεντες
1672 1258 1770 1329 τὴν

195 1351 433 1420 ἀπειλὴν
451 1391 464 1414 ,
510 1352 734 1415 εἰδότες,
766 1355 847 1406 ὅτι
875 1354 969 1408 καὶ
1007 1354 1160 1423 ὑμῶν
1187 1352 1366 1406 αὑτῶν
1391 1355 1420 1407 ὁ
1453 1352 1654 1422 Κύριός
1679 1354 1771 1405 ἐσ-

196 1457 280 1492 τιν
332 1442 391 1492 ὲν
429 1443 676 1511 οὐρανοῖς
699 1483 715 1507 ,
760 1445 852 1496 καὶ
885 1443 1313 1514 προσωποληψία
1343 1442 1444 1496 οὑκ
1477 1441 1592 1495 ἐστι
1638 1443 1768 1512 παρ’

195 1549 366 1601 αυτῳ.
412 1551 432 1582 ι

265 1623 438 1676 Πάλιν
489 1624 548 1677 τὸ
602 1625 844 1696 ὑπήκοον
896 1627 1186 1680 ὑποτάττει
1242 1629 1494 1700 πρῶτον,
1546 1624 1662 1681 εἶτα
1709 1628 1770 1680 τὸ

193 1715 528 1784 ἡγεμονικὸν
559 1716 803 1770 διδάσκει
851 1719 1221 1789 χρηστότητα.
1256 1719 1493 1790 κυρίους
1523 1720 1580 1772 δὲ
1619 1719 1769 1773 κατὰ

194 1808 398 1876 σάρκα
434 1810 618 1877 λέγει,
657 1811 740 1863 ὅτι
764 1811 825 1863 οὐ
862 1811 1088 1895 φυσικὸν
1113 1813 1145 1884 ἡ
1165 1811 1487 1872 δεσποτεία,
1521 1811 1640 1863 οὑδὲ
1668 1827 1766 1863 πε-

1873 629 1998 669 cum
2027 618 2227 671 timore
2261 626 2314 671 ct
2349 629 2618 682 tremore,
2651 619 2702 671 in
2740 619 3096 688 simplicitate
3123 619 3312 674 cordis
3351 636 3446 674 ve—

1874 707 1975 760 stri
2002 708 2146 761 sicut
2169 707 2427 764 Christo:
2462 725 2567 764 non
2597 711 2662 763 ad
2693 713 2910 764 oculum
2942 713 3264 776 servientes,
3289 711 3450 782 quasi

1873 798 2196 854 hominibus
2223 803 2533 871 placentes,
2567 804 2662 858 sed
2693 811 2754 857 ut
2785 805 2925 858 servi
2962 803 3210 864 Christi;
3246 804 3451 858 facien-

1872 896 1954 944 tes
1986 892 2322 946 voluntatem
2349 893 2447 948 Dei
2481 910 2548 948 ex
2580 896 2763 947 animo
2802 910 2927 948 cum
2965 897 3104 950 bona
3153 897 3438 949 voluntate

1871 983 2173 1039 servientes
2208 984 2480 1049 Domino,
2534 996 2590 1041 et
2644 1001 2754 1041 non
2809 987 3148 1043 hominibus.
3185 989 3436 1043 Seientes

1871 1075 2130 1142 quoniam
2179 1078 2600 1147 unusquisque,
2662 1079 3036 1148 quodcunque
3097 1079 3291 1135 fecerit
3349 1079 3450 1133 bo-

1874 1180 2001 1218 num
2024 1204 2038 1228 ,
2073 1166 2175 1218 hoc
2202 1167 2430 1238 recipiet
2462 1182 2493 1220 a
2522 1166 2788 1233 Domino,
2827 1169 2948 1224 sive
2977 1185 3169 1225 servus
3189 1213 3204 1237 ,
3237 1171 3354 1225 sive
3386 1171 3452 1224 li-

1865 1254 1986 1308 ber.
2017 1253 2083 1308 Et
2113 1271 2232 1320 vos,
2265 1258 2497 1322 domini,
2524 1255 2714 1313 eadem
2746 1259 2910 1313 facite
2940 1260 3070 1324 illis,
3097 1262 3446 1317 remittentes

1872 1345 2089 1410 minas;
2122 1347 2360 1401 scientes
2386 1348 2516 1417 quia
2544 1357 2600 1403 et
2631 1357 2873 1404 vestrum
2902 1350 3149 1420 ipsorum
3186 1352 3449 1405 Dominus

1870 1444 1954 1490 est
1982 1436 2038 1491 in
2069 1438 2231 1493 ctelis
2252 1478 2266 1502 ,
2293 1447 2348 1494 et
2374 1441 2626 1510 acceptio
2652 1456 3016 1511 personarum
3047 1459 3155 1497 non
3190 1451 3276 1500 est
3306 1444 3448 1514 apud

1870 1543 2070 1597 ipsum.
2102 1548 2121 1580 ι

1945 1621 2101 1691 192
2145 1622 2408 1678 Subditos
2446 1625 2628 1680 denuo
2670 1624 2913 1695 primum
2955 1626 3217 1695 subjicit,
3252 1626 3452 1682 deinde

1872 1711 1993 1767 illos
2023 1714 2114 1782 qui
2145 1715 2225 1770 eis
2255 1715 2650 1784 praeﬁciuntur,
2684 1717 3090 1771 humanitatem
3128 1717 3322 1778 docet.,
3345 1719 3451 1773 Do-

1873 1804 2052 1860 minos
2087 1815 2268 1860 autem
2330 1810 2404 1862 ait
2472 1809 2756 1863 secundum
2811 1827 3023 1864 carnem
3063 1827 3082 1864 :
3129 1811 3450 1865 dominatus

197 1901 421 1972 ποίηταί
442 1920 522 1966 τις
543 1902 723 1965 δοῦλος
749 1903 956 1972 ὲτέρου,
984 1903 1232 1972 καθάπερ
1254 1904 1322 1957 τά
1351 1902 1465 1967 ζῶα
1487 1903 1556 1956 τὰ
1576 1905 1764 1971 ἄλογα.
1798 1894 1842 1949 Β

1798 1894 1842 1949 Β
1869 1896 2014 1950 enim
2045 1912 2152 1951 non
2189 1911 2271 1953 est
2304 1915 2334 1953 a
2370 1910 2567 1976 natura
2587 1943 2603 1962 ,
2640 1917 2738 1956 nec
2770 1904 3062 1971 quisquam
3094 1918 3288 1956 servus
3317 1904 3452 1957 alte-

197 1995 312 2064 Τῆς
356 1997 505 2059 Θείας
554 1997 611 2049 δὲ
660 1997 940 2060 δουλείας,
975 1998 1041 2067 ἣν
1091 1999 1381 2068 ὑπέμεινεν
1413 2000 1442 2050 ό
1480 2000 1537 2050 ὲν
1581 1998 1768 2051 δούλου

202 2091 384 2157 μορφῇ
415 2091 723 2158 γενόμενος,
759 2089 928 2152 τύπος
966 2091 1172 2157 γίνεται
1218 2093 1250 2161 ὴ
1285 2091 1598 2161 ἀνθρωπίνη
1631 2093 1770 2161 ὑπη-

200 2181 358 2248 ρεσία
373 2181 479 2232 τῶν
505 2182 758 2250 καθαρῶς
776 2181 1133 2236 δουλευόντων
1166 2184 1259 2237 καὶ
1281 2184 1566 2247 ἑκουσίως,
1591 2183 1666 2244 ὡς
1688 2186 1768 2247 εἰς

194 2271 331 2324 Θεὸν
370 2272 712 2344 ὰναγομένης
744 2273 844 2344 τῆς
875 2273 1135 2337 δουλείας.

274 2559 292 2590 ι
335 2536 443 2592 Τοῦ
481 2538 668 2592 λοιποῦ
705 2537 1100 2609 ἐνδυναμοῦσθε
1131 2543 1189 2594 ὲν
1226 2542 1436 2614 Κυρίῳ,
1475 2545 1567 2597 καὶ
1606 2548 1663 2598 ἐν
1691 2547 1768 2616 τῷ

196 2634 394 2702 κράτει
421 2632 521 2700 τῆς
557 2633 736 2704 ἰσχύος
765 2634 951 2686 αὑτοῦ.
997 2635 1317 2689 Ἐνδύσασθε
1346 2636 1442 2707 τὴν
1469 2640 1768 2692 πανοπλίαν

194 2726 289 2777 τοῦ
313 2725 459 2776 ’Θεοῦ
492 2725 624 2793 πρὸς
654 2725 714 2776 τὸ
738 2724 995 2777 δύνασθαι
1026 2727 1170 2794 ὑμᾶς
1200 2729 1408 2796 στῆναι.
1455 2748 1472 2778 ι

270 2816 514 2883 Δύναμιν
547 2817 938 2886 προσγενέσθαι
960 2819 1040 2870 δεῖ
1064 2820 1161 2889 τὴν
1195 2821 1343 2888 παρὰ
1367 2820 1521 2883 Θεοῦ,
1549 2824 1658 2885 τοῖς
1691 2833 1769 2885 εις

196 2907 485 2958 ἀσθένειαν
526 2908 925 2960 καταπεσοῦσιν
977 2908 1321 2979 ἀνθρώποις,
1354 2911 1439 2964 ἵνα
1489 2911 1623 2982 λύσῃ
1672 2913 1771 2981 τὴν

195 2998 492 3050 ἀσθένειαν
527 3000 557 3067 ἡ
610 2985 707 3068 τῆς
743 3000 1024 3070 δυνάμεως
1064 3002 1421 3070 ἐπανάληψις.
1455 3003 1564 3072 Τὴν
1595 3003 1650 3055 δὲ
1690 3004 1771 3056 δύ-

196 3108 365 3160 ναμιν
396 3089 598 3160 ταύτην
629 3091 834 3152 εἰκάζει
875 3093 1181 3163 πανοπλίᾳ,
1218 3095 1428 3163 δηλῶν,
1471 3096 1555 3147 ὅτι
1603 3095 1771 3149 καθά-

198 3199 306 3249 περ
335 3184 363 3233 ὁ
391 3183 592 3250 γυμνὸς
620 3183 679 3234 οὑ
722 3183 940 3243 δυνατός
981 3187 1127 3237 ἐστιν
1155 3187 1232 3247 εἰς
1310 3188 1570 3254 πόλεμον,
1599 3187 1768 3250 οὕτως

1877 1989 1994 2044 rius
2029 1991 2286 2046 conditus
2321 1992 2458 2060 fuit,
2494 1994 2965 2064 quemadmodum
2997 1995 3157 2049 bruta
3201 1996 3453 2048 animan-

1877 2082 1970 2136 tia.
2008 2081 2216 2136 Divinte
2242 2100 2372 2138 vero
2403 2085 2686 2140 servitutis
2719 2085 2870 2140 illius
2894 2099 3101 2156 .‘quam
3143 2088 3190 2141 is
3229 2087 3454 2142 sustulit

1875 2174 1968 2243 qui
2000 2175 2052 2228 in
2096 2174 2268 2229 forma
2309 2177 2490 2233 factus
2528 2187 2613 2233 est
2643 2180 2823 2244 servi,
2850 2179 3081 2248 ﬁguram
3116 2178 3321 2248 praebet
3349 2179 3454 2232 mi-

1874 2266 2162 2321 nisterium
2205 2268 2538 2333 humanum,
2575 2271 2720 2340 quod
2767 2278 3028 2340 prtestant
3066 2271 3145 2325 illi
3192 2271 3286 2340 qui
3331 2271 3444 2325 sin-

1874 2373 1996 2412 cere
2026 2367 2078 2413 et
2111 2369 2306 2428 sponte
2337 2361 2622 2427 serviunt,
2659 2371 2717 2416 ut
2752 2364 2819 2417 ad
2867 2362 3035 2418 Deum
3081 2364 3319 2418 servitus
3361 2363 3449 2416 illa

1877 2453 2176 2510 referatur.

1945 2543 2110 2599 Vens.
2152 2546 2250 2608 10,
2295 2548 2381 2601 ll.
2416 2567 2434 2598 ι
2468 2547 2545 2602 De
2595 2557 2830 2613 caetero,
2881 2548 3116 2613 fratres,
3163 2547 3450 2603 conforta-

1876 2635 2010 2687 mini
2041 2635 2093 2687 in
2127 2635 2360 2689 Domino
2382 2677 2397 2699 ,
2426 2646 2480 2691 et
2528 2639 2584 2691 in
2629 2638 2870 2706 polentia
2920 2640 3147 2692 virtutis
3195 2639 3335 2708 ejus.
3369 2639 3451 2692 lu-

1877 2726 2025 2780 duite
2051 2743 2144 2781 vos
2174 2739 2511 2782 armaturam
2542 2729 2632 2783 Dci
2660 2768 2675 2791 ,
2703 2738 2762 2782 ut
2795 2731 3024 2799 possitis
3054 2739 3220 2784 stare.
3254 2750 3274 2782 ι

1950 2815 2138 2872 Virtus
2172 2821 2280 2873 illis
2313 2822 2628 2876 hominibus
2660 2823 2752 2890 qui
2785 2822 2839 2875 in
2866 2823 3239 2876 inﬁrmitatem
3268 2822 3454 2876 labun-

1880 2919 1988 2972 tur,
2018 2928 2048 2965 a
2083 2911 2194 2966 Deo
2221 2913 2449 2966 accedat
2479 2929 2704 2968 necesse
2728 2925 2850 2977 est,
2883 2930 2988 2983 qua
3018 2915 3253 2983 pellatur
3280 2914 3458 2968 imbe-

1879 3003 2084 3056 cillitas
2134 3005 2554 3074 recuperatione
2603 3006 2825 3060 virium.
2857 3005 3009 3060 llanc
3037 3021 3166 3061 vero
3196 3007 3450 3059 virtutem

1880 3111 2005 3150 cum
2049 3097 2340 3160 omnigena
2369 3108 2650 3152 armatura
2679 3108 2990 3168 comparat,
3038 3107 3097 3152 ut
3149 3098 3449 3169 signiticet,

1879 3189 2338 3256 quemadmodum
2365 3192 2454 3259 qui
2486 3191 2670 3245 nudus
2700 3200 2785 3246 est
2806 3232 2819 3254 ,
2852 3191 3178 3258 belligerare
3211 3205 3320 3243 non
3353 3205 3446 3259 po-

195 3277 227 3327 ὁ
267 3274 587 3342 Πνεύματος
620 3277 902 3345 ἀμέτοχος,
928 3278 988 3329 οὑ
1014 3277 1238 3340 δυνατὸς
1269 3279 1404 3349 πρὸς
1427 3252 1518 3332 τὸν
1540 3280 1638 3348 τὴν
1671 3297 1769 3332 κα-
1798 3252 1840 3308 C

1798 3252 1840 3308 (ἶ
1875 3287 2016 3344 test,
2043 3281 2122 3334 sic
2152 3296 2276 3334 eum
2310 3284 2401 3349 qui
2437 3283 2697 3352 Spiritum
2732 3298 2839 3336 non
2867 3283 3119 3352 accepit,
3163 3282 3332 3336 nullis
3366 3283 3451 3334 in-

199 3365 329 3418 κίαν
358 3366 786 3436 ἐξεργαζόμενον
821 3369 912 3422 τὸν
949 3370 1214 3426 διάϐολον.

281 3567 299 3598 ε
343 3547 486 3615 Πρὸς
509 3549 607 3608 τὰς
639 3547 918 3614 μεθοδείας
942 3548 1036 3601 τοῦ
1061 3549 1330 3603 διαϐόλου.
1357 3551 1477 3604 Ὅτι
1508 3553 1605 3606 οὑκ
1627 3553 1776 3606 ἔστιν

201 3641 339 3709 ἡμῖν
368 3641 401 3708 ἡ
442 3639 580 3708 πάλη
633 3639 768 3709 πρὸς
795 3635 933 3708 αἷμα
968 3641 1062 3692 καὶ
1106 3641 1304 3709 σάρκα,
1341 3642 1478 3695 ἀλλὰ
1513 3643 1647 3712 πρὸς
1675 3644 1774 3706 τὰς

203 3731 402 3799 ἀρχὰς,
443 3731 575 3800 πρὸς
623 3733 748 3795 τοὺς
793 3733 1244 3803 κοσμοκράτορας
1275 3735 1367 3788 τοῦ
1420 3737 1640 3798 σκότους
1679 3737 1774 3789 τοῦ

203 3821 402 3882 αἰῶνος
439 3821 649 3883 τούτου,
687 3823 821 3891 πρὸς
856 3823 920 3874 τὰ
959 3823 1244 3893 πνεύματα
1287 3825 1386 3892 τῆς
1417 3828 1680 3895 πονηρίας
1721 3829 1775 3880 ἐν

202 3919 317 3979 τοῖς
344 3915 708 3984 ἐπουρανίοις.
733 3917 829 3968 Διὰ
853 3913 1008 3967 τοῦτο
1035 3915 1328 3969 ἀναλάϐετε
1351 3916 1448 3986 τὴν
1473 3919 1776 3971 πανοπλίαν

203 4009 298 4060 τοῦ
330 4007 488 4072 Θεοῦ,
535 4008 619 4059 ἵνα
650 4007 916 4078 δυνηθῆτε
953 4010 1269 4077 ἀντιστῆναι
1308 4011 1366 4061 ὲν
1392 4012 1458 4080 τῇ
1495 4011 1680 4082 ἡμέρᾳ
1709 4015 1774 4082 τῇ

206 4103 420 4171 πονηρᾷ
441 4142 453 4159 .
486 4101 580 4154 καὶ
609 4101 821 4153 ἅπαντα
851 4103 1322 4171 κατεργασαμένοι
1353 4102 1561 4172 στῆναι.
1601 4122 1618 4154 ι

272 4194 608 4248 Μεθοδείαν
634 4194 800 4264 αὑτὴν
824 4193 998 4255 καλεῖ,
1023 4193 1119 4262 τὴν
1144 4193 1234 4245 τοῦ
1255 4193 1501 4246 διαϐόλου
1534 4213 1704 4248 κακου
1715 4213 1774 4264 ρ-

202 4288 363 4354 γίαν,
399 4287 480 4338 ὅτι
513 4288 610 4338 οὑκ
640 4283 699 4351 ἐξ,
741 4286 955 4348 εὐθείας
994 4287 1023 4339 ὃ
1072 4285 1319 4355 βούλεται
1370 4287 1775 4340 κατασκευάσαι

201 4379 500 4437 δείκνυσιν,
541 4376 680 4429 ὥστε
719 4377 793 4447 μὴ
837 4377 1089 4443 γενέσθαι
1122 4378 1446 4448 κατάφωρος
1472 4418 1486 4439 ,
1517 4377 1630 4429 ἀλλ’
1661 4378 1777 4430 ἓτε-

206 4486 300 4538 ρον
334 4466 517 4536 ἑαυτῷ
559 4465 858 4534 περιτιθεὶς
889 4469 1248 4535 προσωπεῖον,
1272 4466 1434 4537 ἕτερα
1466 4467 1771 4519 τεκταίνευ

205 4560 300 4614 καὶ
342 4559 593 4626 καθάπερ
629 4558 885 4627 πολέμιος
923 4558 1228 4626 κακουργὺς
1261 4558 1411 4611 πόλει
1456 4558 1776 4629 προσϐαλὼν
1807 4596 1852 4651 D

206 4653 299 4711 καὶ
343 4650 584 4719 τείχεσι,
631 4649 877 4702 κάτωθεν
926 4649 1223 4719 ὑπορύττει
1269 4649 1580 4713 λανθάνων,
1633 4650 1775 4703 ὥστε

205 4740 380 4810 ταύτῃ
412 4740 668 4806 γενέσθαι
702 4740 1092 4808 δυσφύλακτος,
1129 4741 1225 4793 καὶ
1255 4740 1596 4808 κατορθῶσαι
1632 4741 1777 4810 ἅπερ

208 4827 562 4880 ἐσπούδακεν.

281 4939 300 4971 ς
349 4919 521 4983 Στῆτε
556 4912 647 4971 οὖν
691 4920 1126 4996 περιζωσάμενοι
1165 4921 1264 4990 τὴν
1327 4922 1499 4990 ὀσφὺν
1535 4921 1689 4990 ὑμῶν
1721 4923 1778 4974 ὲν

205 5011 458 5080 ἀληθείᾳ,
496 5011 591 5065 καὶ
627 5012 974 5082 ἐνδυσάμενοι
1021 5014 1110 5066 τὸν
1147 5012 1371 5083 θώρακα
1418 5014 1518 5079 τῆς
1564 5014 1776 5068 δικαιο-

212 5104 406 5170 σύνης.
439 5094 532 5156 καί
564 5104 964 5173 ὑποδησάμενοι
1013 5105 1139 5167 τοὺς
1175 5106 1344 5166 πόδας
1381 5106 1440 5157 ἐν
1491 5105 1780 5177 ἑτοιμασίᾳ

206 5194 302 5247 τοῦ
344 5195 677 5262 Εὑαγγελίου
709 5195 808 5265 τῆς
841 5197 1084 5267 εἰρήνης.
1129 5198 1250 5250 Ἐπὶ
1282 5200 1445 5252 πᾶσιν
1483 5199 1779 5251 ἀναλαϐόνο

210 5303 297 5344 τες
327 5285 420 5338 τὸν
452 5285 642 5354 θυρεὸν
668 5287 767 5355 τῆς
802 5288 1063 5351 πίστεως,
1098 5289 1157 5341 ἐν
1189 5282 1234 5355 ᾧ
1272 5290 1566 5359 δυνήσεσθε
1600 5291 1779 5345 πάντα

207 5376 275 5427 τά
316 5375 448 5444 βέλη
505 5375 598 5426 τοῦ
638 5377 876 5447 πονηροῦ
930 5377 997 5430 τὰ
1032 5379 1406 5450 πεπυρωμένα
1440 5379 1631 5432 σϐέσαι
1685 5383 1779 5433 καὶ

209 5467 308 5537 τὴν
342 5468 775 5536 περικεφαλαίαν
816 5469 909 5523 τοῦ
954 5472 1221 5542 σωτηρίου
1261 5471 1508 5536 δέξασθε,
1550 5473 1644 5524 καὶ
1679 5472 1779 5541 τὴν

211 5558 491 5628 μάχαιραν
535 5559 630 5610 τοῦ
681 5559 1025 5630 πνεύματος*
1067 5562 1096 5615 ὅ
1140 5563 1255 5615 ἐστι
1305 5565 1456 5632 ῥῆμα
1491 5561 1663 5625 Θεοῦ,
1691 5562 1781 5616 διὰ

211 5651 394 5720 πάσης
441 5653 749 5722 προσευχῆς
802 5655 894 5706 καὶ
933 5653 1207 5722 δεήσεως,
1245 5656 1684 5725 προσευχόμενοι
1720 5655 1778 5708 ἐν

211 5746 373 5795 παντὶ
395 5742 572 5813 καιρῷ
597 5743 653 5794 ὲν
679 5743 970 5814 πνεύματι,
997 5747 1091 5798 καὶ
1120 5747 1200 5807 εἰς
1229 5745 1374 5798 αὑτὸ.
1386 5745 1544 5800 τοῦτο
1566 5749 1780 5818 ἀγρυπ-

213 5836 433 5902 νοῦντες
459 5839 519 5892 ἐν
549 5839 696 5909 πάσῃ
733 5839 1062 5910 καρτερήσει
1090 5840 1184 5893 καὶ
1212 5840 1415 5910 δεήσει.
1455 5859 1472 5892 ι

1879 3380 2148 3425 structum
2178 3373 2386 3428 viribus
2417 3390 2539 3429 esse
2567 3374 2830 3428 adversus
2870 3373 3182 3436 diabolum,
3208 3373 3301 3444 qui
3333 3386 3448 3426 ma-

1879 3465 2006 3518 litiae
2036 3473 2121 3519 est
2152 3473 2368 3520 auctor.

1952 3577 1971 3609 ι
1999 3558 2279 3614 Adversus
2313 3558 2543 3612 insidias
2576 3557 2802 3612 diaboli.
2824 3555 3016 3627 [Vens
3046 3555 3134 3619 12,
3162 3554 3275 3626 l5.]
3298 3553 3447 3620 Quo-

1878 3650 2022 3703 niam
2057 3665 2165 3704 non
2195 3660 2278 3704 est
2314 3651 2472 3705 nobis
2502 3649 2824 3704 colluctatio
2852 3650 3117 3702 adversus
3145 3663 3369 3701 carnem
3396 3653 3452 3700 et

1878 3741 2236 3810 sanguinem,
2271 3742 2366 3796 sed
2395 3741 2665 3794 adversus
2699 3739 3039 3808 principatus
3089 3745 3145 3792 et
3203 3741 3450 3806 potesta-

1878 3826 1958 3884 tes
1993 3847 2008 3894 ;
2057 3831 2323 3885 adversus
2355 3837 2598 3884 rectores
2630 3829 2856 3890 mundi,
2890 3828 3240 3881 tenebrarum
3284 3826 3451 3895 hujus

1878 3923 2060 3976 Stl‘Cllli
2086 3962 2100 3985 ,
2135 3931 2331 3976 contra
2386 3921 2702 3990 spiritualin
2737 3919 2996 3988 nequitia:
3025 3918 3080 3972 in
3106 3917 3447 3972 cmlestibus.

1879 4013 2171 4080 Propterea
2203 4011 2436 4080 accipite
2463 4018 2800 4063 armaturam
2834 4006 2928 4061 Dei
2950 4015 3008 4060 ut
3037 4009 3262 4076 possitis
3319 4022 3448 4061 sus-

1873 4106 2046 4155 tinerc
2078 4103 2131 4154 in
2159 4102 2248 4156 die
2277 4101 2416 4152 mala
2437 4138 2452 4161 ,
2479 4108 2536 4152 et
2564 4098 2821 4151 omnibus
2855 4098 3129 4166 superatis
3158 4104 3324 4152 stare.
3360 4115 3379 4147 ι

1946 4193 2108 4246 Artes
2133 4200 2188 4246 et
2213 4191 2436 4244 insidias
2467 4199 2628 4245 vocat
2655 4191 2958 4244 versutiam
2987 4188 3228 4250 diaboli,
3253 4189 3454 4258 quippe

1877 4287 1972 4357 qui
2003 4301 2111 4338 non
2143 4285 2326 4340 statim
2356 4293 2408 4339 et
2445 4291 2590 4337 recta
2637 4289 2910 4337 monstrat
2948 4281 3083 4350 quid
3124 4282 3255 4334 velit
3283 4283 3453 4334 conli-

1879 4391 2036 4442 cere,
2089 4391 2158 4431 ne
2210 4376 2692 4446 deprehendatur:
2738 4373 2836 4430 sed
2872 4389 3110 4444 persona
3157 4374 3325 4428 altera
3362 4390 3452 4429 as-

1879 4480 2131 4536 sumpta,
2187 4467 2436 4537 quaedam
2485 4467 2591 4520 alia
2638 4468 2866 4520 molitur
2907 4483 2920 4518 :
2977 4466 3122 4519 haud
3167 4481 3330 4520 secus
3388 4481 3453 4518 ac

1881 4558 2031 4612 vafer
2080 4560 2256 4615 hostis
2299 4562 2490 4614 urbem
2531 4568 2585 4615 et
2625 4575 2816 4614 muros
2856 4559 3258 4629 oppugnando,
3296 4559 3447 4612 clam

1880 4651 2023 4704 infra
2054 4652 2311 4715 sulIodit,
2340 4663 2401 4705 ut
2430 4653 2640 4706 civitati
2723 4667 2867 4721 aegre
2901 4668 2930 4704 a
2965 4667 3026 4706 se
3068 4659 3348 4714 caveatur,
3382 4659 3438 4704 et

1879 4744 1996 4814 ipse
2021 4746 2153 4799 illud
2184 4755 2362 4815 patret
2391 4746 2446 4799 in
2475 4745 2621 4816 quod
2651 4747 2897 4800 enititur.

1955 4920 2120 4976 Vens.
2167 4922 2349 4975 14-18.
2381 4941 2398 4972 ι
2431 4920 2582 4976 State
2613 4937 2744 4990 ergo
2776 4921 3050 4975 succincti
3097 4919 3317 4973 lumbos
3357 4935 3449 4969 νρ-

1881 5023 2028 5073 stros
2055 5015 2108 5066 in
2136 5015 2362 5067 veritate
2383 5055 2398 5076 ,
2429 5023 2484 5067 ct
2515 5015 2686 5066 induti
2718 5014 2944 5068 loricam
2969 5011 3228 5080 iustitiae,
3258 5020 3312 5064 et
3337 5011 3454 5063 cal-

1881 5105 2024 5159 ceali
2055 5105 2221 5172 pedes
2259 5104 2311 5156 in
2347 5103 2799 5172 praeparationem
2842 5101 3124 5170 Evangelii
3171 5099 3342 5169 pacis.
3395 5098 3453 5151 lu

1881 5198 2144 5252 omnibus
2171 5205 2449 5250 sumentes
2479 5205 2694 5250 scutum
2749 5194 2906 5259 lidei,
2959 5195 3012 5246 in
3064 5206 3173 5262 quo
3226 5191 3453 5261 possitis

1882 5291 2067 5344 omnia
2095 5291 2197 5343 tela
2223 5289 2546 5358 nequissimi
2577 5289 2734 5357 ignea
2761 5289 3134 5355 exstinguere.
3163 5285 3226 5338 Et
3243 5285 3450 5353 galeam

1881 5383 2080 5436 salutis
2132 5382 2433 5445 assumitc,
2483 5391 2537 5433 et
2581 5380 2824 5449 gladium
2872 5379 3103 5448 spiritus
3145 5376 3336 5446 (quod
3369 5386 3454 5429 est

1882 5475 2106 5528 verbum
2140 5473 2270 5538 Dei)
2303 5489 2398 5541 per
2427 5488 2646 5525 omnem
2681 5459 3076 5539 orationemet
3115 5468 3453 5524 obsecratio-

1884 5582 2043 5630 nem,
2079 5575 2307 5620 orantes
2341 5565 2488 5618 omni
2530 5573 2778 5634 tempore
2819 5565 2873 5616 in
2914 5562 3149 5631 spiritu,
3181 5569 3236 5614 et
3275 5563 3329 5613 in
3373 5559 3455 5611 id-

1881 5658 2058 5728 ipsmn
2097 5657 2384 5728 vigilantes
2448 5655 2502 5710 in
2552 5655 2699 5710 omni
2772 5653 3031 5708 instantia
3093 5659 3148 5705 et
3201 5649 3455 5704 obsecra-

1883 5751 2050 5809 tione.
2077 5769 2096 5802 ι
