4218 6448
136 419 234 479 857
1211 416 1300 477 ,ΙΝ
1342 420 1580 482 EPIST.
1618 421 1719 480 AD
1757 421 1800 480 P

1711 432 1719 472 ι
1757 420 2318 482 PHILIPPENSES.
3277 427 3377 492 858

137 533 231 582 καὶ
254 532 346 582 τὸν
395 526 836 596 πφσοοῖιὼμενον
895 527 1060 580 αὑτοῦ
1109 529 1339 583 θάνατον
1408 530 1546 584 Οὔτε
1595 530 1702 601 γὰρ
1732 541 1778 593 Α

1732 541 1778 593 Α
1806 532 2029 588 tentiam
2095 547 2158 586 ac
2193 542 2426 586 mortem
2470 531 2599 601 ejus
2629 531 3007 599 exspectando
3049 538 3230 585 erant.
3270 531 3381 587 Νοε-

137 622 365 689 ᾕλπιζον
381 621 540 673 αὑτὸν
567 623 664 683 τὰς
690 623 876 689 χεῖρας
918 619 1276 688 ἐκφεύξεσθαι
1305 623 1398 674 τοῦ
1437 624 1710 694 Νέρωνος,

1815 637 1920 690 que
1971 624 2117 676 enim
2167 638 2463 676 evasurum
2517 625 2816 692 sperabant
2865 639 3063 678 manus
3103 623 3380 686 Neronis,

139 713 334 783 ἀνδρὸς
364 714 492 765 τάτε
522 710 660 764 ἄλλα
689 713 991 782 μεμηνότος
1023 716 1120 765 καὶ
1138 716 1265 783 περὶ
1293 715 1488 782 φόνους
1517 718 1716 784 ἐπτοη-

1714 746 1716 756 ι
1813 712 1917 766 viri
1949 729 2071 766 cum
2103 712 2240 766 alias
2300 713 2522 782 quidem
2567 714 2924 777 insanientis,
2987 723 3101 768 tum
3150 715 3380 769 czedium

142 806 331 874 μένου.
363 805 454 856 Διὸ
479 806 574 857 καὶ
601 803 817 857 λέοντα
869 806 1030 858 αὑτὸν
1064 807 1120 857 ἐν
1175 809 1239 876 τῇ
1275 808 1410 876 πρὸς
1447 808 1714 876 Τιμόθεον

1815 802 2144 857 avidissimi.
2178 799 2451 867 Quocirca
2483 802 2630 856 hunc
2668 818 2890 872 quoque
2919 802 3116 856 leonem
3147 805 3381 873 appellat

150 897 436 967 Ἐπιστολῇ
461 897 628 949 καλεῖ.
648 897 709 949 '0
732 897 940 964 Κύριος
965 897 1075 966 γάρ
1107 915 1202 961 μοι
1222 897 1509 966 παρέστη,
1528 899 1714 968 φησὶν,

1817 893 1871 948 in
1921 892 2166 960 Epistola
2231 894 2297 947 ad
2347 892 2739 949 Timotheum:
2774 893 3030 947 Dominus
3086 897 3225 948 enim
3253 895 3382 947 mihi

138 992 236 1043 καὶ
267 992 569 1057 ἐῤῥύσθην
603 991 670 1042 ἐκ
706 990 1012 1057 στόματος
1049 991 1318 1052 λέοντος.
1357 992 1439 1042 Τὰ
1481 993 1536 1044 δὲ
1581 992 1716 1044 άλλα

1714 1032 1716 1038 .
1816 987 2007 1048 astitit,
2049 986 2264 1053 inquit,
2318 994 2367 1038 et
2410 985 2665 1038 liberatus
2727 1003 2845 1040 sum
2888 987 2952 1041 de
3016 1003 3104 1040 ore
3131 989 3380 1040 leonis“.

141 1085 320 1135 πάντα
344 1081 380 1134 ἃ.
416 1084 666 1150 παραινεί
716 1083 919 1144 αὐτοῖς,
961 1082 1036 1145 ὡς
1067 1083 1125 1134 ἐν
1165 1083 1430 1153 ἐπιδρομῇ
1464 1086 1718 1153 παραινεῖ

1816 1075 2024 1131 Caztera
2049 1091 2178 1129 vero
2200 1077 2267 1131 de
2302 1076 2506 1145 Quibus
2532 1091 2626 1130 eos
2649 1077 2925 1142 admouet,
2955 1078 3142 1132 obiter
3163 1089 3216 1131 et
3238 1079 3384 1131 velut

138 1175 347 1236 αὐτοῖς.
415 1173 729 1243 ἐπειδήπερ,
789 1173 864 1236 ὡς
908 1175 1065 1243 ἔφην,
1127 1175 1293 1228 πολὺν
1347 1176 1479 1245 παρ’
1526 1177 1710 1238 αὐτοῖς

1818 1182 1915 1238 per
1945 1176 2299 1220 transennam
2360 1169 2576 1232 suadet,
2643 1171 2773 1236 quia
2809 1185 2932 1222 cum
2985 1171 3216 1222 multum
3251 1179 3387 1223 tem-

139 1266 427 1336 διατρίψας
450 1265 660 1337 χρόνον,
689 1265 911 1318 πλεῖστα
937 1267 1118 1330 αὐτοῖς
1151 1266 1436 1336 ὠφελήσας
1476 1263 1565 1338 ἧν.

1817 1259 1990 1328 poris,
2024 1267 2080 1310 ut
2106 1274 2134 1308 a
2158 1273 2242 1310 me
2268 1258 2477 1313 dictum
2513 1268 2619 1322 est,
2651 1258 2797 1328 apud
2838 1276 2934 1315 eos
2966 1264 3194 1330 egisset,
3215 1261 3384 1330 pluri-

1818 1364 1965 1402 Inum
1995 1348 2130 1416 ipsus
2167 1348 2466 1414 profuerat.

226 1439 445 1507 Ἐπειδὴ
479 1437 666 1490 τοῦτον
702 1437 881 1499 αὐτοῖς
909 1439 998 1489 τὸν
1032 1438 1295 1508 Τιμόθεον
1332 1441 1388 1492 ἐν
1422 1439 1558 1508 αὐτῇ
1583 1440 1706 1491 ἐπι⁴
1889 1456 1892 1481 ι

1889 1443 2027 1506 Quia
2087 1439 2432 1494 Timotheum
2493 1441 2639 1496 hunc
2672 1443 2822 1498 brevi
2879 1458 2908 1496 a
2950 1457 3010 1496 se
3055 1441 3383 1494 mittendum

144 1531 306 1600 στολῇ
342 1529 735 1598 ἐπαγγέλλεται
772 1530 967 1599 μικρὸν
995 1529 1220 1601 ὕστερον
1256 1532 1489 1600 πέμψαι,
1526 1531 1716 1584 τούτου

1820 1527 1876 1586 in
1909 1530 2013 1583 hac
2036 1530 2270 1599 epistola
2332 1532 2646 1602 pollicetur,
2698 1533 2908 1586 idcirco
2947 1532 3229 1584 communi
3274 1545 3389 1582 am-

144 1624 306 1691 χάριν
337 1624 630 1675 κοινοποιεί
675 1621 771 1691 τὴν
827 1622 1135 1691 ἐπιστολὴν,
1187 1622 1496 1686 προεθίζων
1522 1624 1718 1686 αὐτοὺς

1820 1625 2014 1679 borum
2069 1625 2288 1678 nomine
2339 1624 2624 1694 epistolam
2680 1625 2899 1685 scribit,
2944 1633 3005 1676 ut
3052 1620 3388 1677 assuefaciat

141 1714 468 1766 διδάσκαλον
495 1713 658 1766 αὑτὸν
686 1713 957 1782 δέχεσθαι.
997 1715 1057 1766 Εἰ
1099 1713 1207 1784 γάρ
1234 1715 1333 1783 τῆς
1366 1713 1458 1767 νῦν
1499 1732 1716 1784 πεμπο-

1823 1717 1944 1771 illos
1983 1715 2050 1770 ad
2097 1715 2376 1770 doctorem
2417 1718 2566 1770 hunc
2616 1717 3025 1786 excipiendum.
3059 1714 3195 1769 Cum
3240 1714 3384 1767 enim

149 1804 318 1872 μένης
344 1804 528 1866 αὐτοῖς
551 1803 903 1866 διδασκαλίας
962 1805 1213 1857 κοινωνὸν
1254 1804 1415 1857 αὑτὸν
1448 1807 1475 1858 6
1508 1805 1715 1868 Παῦλος

1823 1806 2024 1862 Paulus
2044 1807 2308 1862 doctrinm
2340 1823 2504 1876 quam
2539 1807 2674 1876 ipsis
2697 1808 2970 1869 mittebat,
2997 1807 3208 1860 socium
3233 1792 3385 1858 illum

145 1897 462 1962 ἐποιήσατο,
512 1893 627 1956 πῶς
647 1894 767 1962 ούχὶ
804 1894 898 1946 καὶ
929 1896 1300 1965 παρεσόμενον
1329 1897 1526 1966 μικρδν
1558 1896 1716 1949 ῦστε-
1750 1879 1788 1932 Β

1750 1879 1788 1932 Β
1817 1901 2155 1965 admisisset,
2182 1900 2456 1970 quomodo
2487 1901 2669 1968 ipsum
2695 1900 2885 1967 paucis
2912 1905 3036 1966 post
3060 1897 3258 1952 diebus
3292 1897 3389 1949 ade

148 2004 239 2055 ρον
264 1985 503 2049 δέξονται
537 1984 744 2048 τοῦτον,
767 1982 828 2037 οῦ
852 1987 952 2057 ήδη
983 1987 1083 2056 τῆς
1115 1987 1339 2058 διδαχῆς
1373 1988 1714 2056 άκηκόασιν;

1818 1993 2129 2047 venientem
2157 2007 2266 2045 non
2306 2001 2495 2045 essent
2528 1992 2864 2060 suscepturi,
2893 1991 3052 2059 cujus
3077 1990 3189 2060 jam
3217 1989 3391 2042 docu-

157 2079 356 2130 Ίστέον
392 2078 448 2130 δὲ
471 2077 542 2140 ὡς
569 2078 663 2147 ὅλη
693 2077 844 2148 χώρᾳ
880 2079 974 2130 καὶ
1005 2079 1114 2148 ὅλῳ·
1141 2079 1279 2132 ἔθνει
1306 2082 1580 2150 ἐκπέμπει
1611 2081 1710 2152 τὴν
1821 2102 1823 2139 ι

1821 2091 2004 2139 menta
2039 2083 2433 2152 accepissent?
2489 2083 2604 2136 Hoc
2635 2098 2764 2136 vero
2809 2082 2954 2137 scire
3003 2081 3224 2142 attinet,
3249 2083 3391 2132 Pau-

145 2170 440 2239 ἐπιστολήν
465 2189 480 2203 ο
507 2173 602 2222 καὶ⁵
639 2170 796 2223 τοῦτο
823 2169 979 2240 δῆλον
1009 2172 1072 2224 ἐκ
1104 2171 1220 2235 τοῦ,
1253 2173 1570 2242 σύμπασιν
1590 2173 1716 2226 ἐπι-

1821 2178 1930 2231 lum
1963 2176 2028 2230 ad
2062 2191 2280 2230 omnem
2312 2175 2591 2244 regionem
2634 2189 2970 2244 omnemque
3000 2183 3215 2243 gentem
3249 2173 3388 2227 scri-

144 2265 424 2331 σκόποις,
451 2265 646 2316 εἰπεῖν.

1820 2272 1951 2326 bere
1995 2270 2183 2339 :quod
2241 2269 2591 2323 manifestum
2647 2269 2799 2336 facit,
2849 2267 3103 2332 dicendo,
3150 2266 3388 2320 omnibus

836 2369 845 2381 '
1820 2360 2089 2429 episcopis.

222 2455 241 2487 ι
286 2435 610 2507 Εὑχαριστῶ
666 2437 744 2506 τῷ
777 2436 894 2501 Θεῷ
934 2455 1036 2508 μου
1095 2436 1188 2489 ἐπὶ
1245 2437 1396 2508 πάσῃ
1432 2438 1496 2508 τῇ
1561 2439 1719 2510 μνείᾳ

1895 2448 2061 2503 Vsus.
2087 2448 2205 2502 5-6.
2239 2467 2256 2498 ι
2292 2447 2515 2502 Gratias
2544 2460 2646 2517 ago
2705 2444 2817 2499 Deo
2851 2458 2973 2499 meo
3005 2443 3059 2496 in
3092 2441 3238 2496 omni
3275 2455 3391 2495 meo

147 2529 327 2596 ὑμῶν.
389 2530 622 2580 πάντοτε
666 2531 722 2581 ἐν
754 2531 902 2601 πάσῃ
957 2529 1136 2599 δεήσει
1189 2547 1288 2600 μου
1318 2529 1456 2599 ὑπὲρ
1505 2531 1720 2583 πάντων

1823 2541 1995 2594 moria
2025 2541 2217 2605 vestri,
2276 2554 2495 2607 semper
2528 2539 2581 2590 in
2622 2535 2842 2590 cunctis
2875 2533 3225 2589 orationibus
3259 2534 3395 2585 meis

147 2623 328 2690 ύμων,
359 2621 496 2690 μετὰ
521 2623 719 2692 χαρᾶς,
768 2623 866 2691 τὴν
920 2621 1105 2690 δέησιν
1163 2622 1508 2692 ποιούμενος,
1533 2622 1626 2674 ἐπὶ
1654 2625 1719 2694 τῇ

1822 2649 1924 2704 pro
1977 2634 2238 2688 omnibus
2277 2633 2459 2697 vobis,
2502 2645 2626 2684 cum
2681 2627 2884 2697 gaudio
2947 2624 3392 2695 deprecationem

147 2714 408 2783 κοινωνίᾳ
436 2713 587 2783 ὑμῶν
626 2715 703 2777 εἰς
726 2713 788 2766 τὸ
817 2714 1167 2782 Εύαγγέλιον,
1199 2714 1306 2767 ἀπὺ
1334 2713 1553 2784 πρώτης
1583 2713 1721 2783 ὴμέ-

1825 2726 2058 2788 faciens,
2108 2740 2275 2794 super
2322 2721 2823 2779 communicatione
2860 2725 3044 2772 vestra
3105 2717 3159 2770 in
3196 2715 3395 2770 Evan-

150 2825 250 2876 ρας
277 2807 412 2875 ἄχρι
451 2806 545 2859 τοῦ
572 2805 686 2869 νῦν,
717 2806 995 2868 πεποιθὼς
1017 2807 1166 2875 αὐτῷ
1194 2807 1371 2868 τοῦτο,
1398 2807 1480 2858 ὅτι
1513 2808 1539 2859 6
1561 2809 1723 2876 ἐργα-

1823 2820 1988 2888 gelio,
2015 2833 2044 2870 a
2083 2820 2256 2888 prima
2289 2815 2377 2870 die
2419 2830 2594 2884 usque
2626 2827 2794 2866 nunc.
2841 2809 3139 2865 Conﬁdens
3164 2808 3266 2860 hoc
3313 2805 3397 2875 ip-

148 2900 392 2969 σάμενος
448 2899 505 2949 ἐν
566 2898 693 2967 ὑμῖν
740 2897 900 2970 ἔργον
951 2897 1176 2968 ἀγαθὸν,
1225 2898 1525 2951 ἐπιτελέσει
1567 2898 1725 2970 ἄχρις

1825 2925 1969 2974 sum,
2002 2908 2132 2978 quia
2161 2907 2254 2976 qui
2284 2906 2452 2975 coepit
2483 2905 2537 2958 in
2554 2903 2711 2958 vobis
2730 2916 2870 2972 opus
2895 2901 3124 2966 bonum,
3149 2896 3395 2969 perﬁciet

146 2992 370 3062 ἡμέρας
389 2989 651 3062 Χριστοῦ.
687 3009 705 3042 ι

1826 3017 1999 3070 usque
2034 3001 2088 3054 in
2126 3000 2268 3054 diem
2305 2998 2511 3054 Christi
2551 2997 2703 3051 Jesu.
2735 3013 2752 3046 ι

217 3084 516 3154 Προκοπὴν
581 3083 760 3146 αὐτοῖς
818 3081 1020 3152 πολλὴν
1097 3085 1396 3154 μαρτυρεῖ,
1469 3081 1603 3134 ὅπου
1660 3098 1723 3149 γε

1897 3092 2247 3147 Tesliﬁcatur
2299 3105 2393 3144 eos
2417 3088 2714 3144 admodum
2759 3083 3084 3155 profecisse,
3114 3079 3230 3151 qui,
3262 3079 3394 3134 dum

151 3175 508 3245 μεμνημένος
531 3174 728 3240 αὐτῶν,
758 3175 818 3227 οῦ
861 3177 1000 3246 μετὰ
1029 3174 1280 3246 δακρύων
1315 3175 1348 3246 ἦ
1387 3175 1721 3244 στεναγμῶν,
1751 3231 1792 3254 Π

1751 3231 1792 3254 η
1829 3185 2072 3254 ipsorum
2109 3181 2526 3244 recordabatur,
2547 3193 2656 3232 non
2692 3174 2955 3244 gemitus,
2987 3186 3095 3226 non
3123 3171 3395 3240 lacrymas

145 3231 468 3338 ωσπερ-ἐπὶ
491 3231 603 3321 τῶν
643 3231 1020 3338 σαλευομένων
1071 3231 1372 3337 μέμνηταί,
1423 3231 1726 3335 ἀλλάμετά
1750 3231 1793 3290 C

1829 3231 2072 3254 -ν-ν---η-
2111 3231 2577 3244 --η--κ-ηηικ
2694 3231 2723 3244 υ
2945 3231 2952 3236 .
3242 3231 3259 3240 ,

1750 3231 1793 3290 C
1829 3275 2206 3343 exprimeret,
2267 3269 2732 3341 quemadmodum
2820 3276 3044 3336 propter
3113 3263 3237 3316 illos
3301 3259 3395 3329 qui

147 3359 358 3428 πολλῆς
390 3356 758 3427 εὐχαριστίας,
803 3359 947 3426 ὅπερ
984 3358 1116 3410 [διον
1165 3358 1273 3410 τῶν
1321 3356 1726 3427 κατορθούντων

1827 3368 2178 3427 fluctuarent,
2220 3365 2314 3418 sed
2350 3366 2551 3418 multas
2591 3369 2774 3432 grates
2830 3366 3014 3429 ageret
3049 3354 3207 3426 194
3234 3354 3344 3408 Deo
3378 3367 3394 3406 :

147 3452 292 3503 ἐστί.
329 3451 488 3502 Ποῖον
512 3450 566 3502 δὲ
597 3448 777 3502 αὐτῶν
820 3449 880 3502 τὺ
927 3448 1277 3519 κατόρθωμα,
1333 3449 1366 3518 ἢ
1412 3450 1493 3501 ὅτι
1530 3466 1725 3501 κοινω-

1829 3458 1879 3510 id
1915 3456 2059 3525 quod
2097 3455 2381 3522 proprium
2413 3462 2500 3507 est
2528 3467 2717 3507 eorum
2742 3449 2947 3518 quibus
2972 3463 3058 3501 res
3098 3448 3236 3500 bene
3270 3457 3397 3499 suc-

150 3544 420 3612 νήσαντες
446 3541 592 3612 αὐτῷ
614 3541 706 3593 τοῦ
733 3541 1090 3610 Εὐαγγελίου,
1114 3540 1222 3594 ἀπὸ
1249 3541 1348 3610 τῆς
1369 3541 1542 3610 ἀρχῆς
1565 3540 1726 3610 μέχρι

1827 3545 2051 3600 cedunt.
2103 3543 2330 3612 Ecquod
2379 3557 2511 3596 vero
2552 3541 2657 3594 hoc
2701 3538 2914 3593 facinus
2975 3537 3219 3605 ipsorum
3252 3542 3395 3598 erat,

150 3637 248 3688 καὶ
281 3653 381 3687 νυν
407 3636 746 3704 μεμενήκασι
773 3635 1040 3697 κοινωνοὶ,
1069 3635 1127 3686 ἐν
1159 3634 1349 3704 μηδενὶ
1370 3633 1429 3686 τὸ
1464 3636 1727 3704 παράπαν

1828 3637 1932 3690 nisi
1956 3635 2111 3705 quia,
2144 3650 2266 3688 eum
2301 3651 2361 3688 se
2399 3633 2585 3688 socios
2632 3633 2780 3685 illius
2823 3631 2880 3684 in
2929 3626 3228 3697 Evangelio
3261 3640 3400 3695 prte-

151 3727 702 3797 παρασαλευὸμενοι,
748 3728 884 3796 ὅπερ
929 3725 1080 3794 αύτῷ
1105 3727 1200 3778 καὶ
1257 3726 1354 3796 τὴν
1399 3726 1608 3795 ἀγαθὴν
1634 3725 1728 3777 τοῦ

1829 3729 2124 3790 stitissent,
2150 3727 2216 3780 ab
2242 3726 2406 3779 initio
2438 3739 2614 3794 usque
2637 3723 2705 3776 ad
2728 3723 2830 3775 hoc
2843 3730 3060 3792 tempus
3079 3720 3132 3772 in
3157 3732 3402 3782 commu-

158 3821 452 3890 μέλλοντος
477 3818 671 3871 ἐλπίδα
702 3819 952 3890 παρέχει.
984 3815 1115 3872 Οἶδα
1134 3818 1263 3888 γὰρ.
1298 3818 1482 3887 φησὶν,
1517 3817 1590 3879 ὡς
1619 3820 1730 3869 ἐπιο

1829 3820 1990 3874 nione
2016 3824 2433 3887 permanserant
2455 3859 2468 3881 ,
2487 3816 2559 3869 ita
2589 3825 2646 3868 ut
2664 3815 2802 3867 nihil
2831 3814 2980 3883 ipsos
2999 3815 3397 3864 coucussnsset:

152 3911 409 3962 τελέσετε
445 3907 604 3960 τοῦτο
626 3907 687 3960 τὸ
701 3907 998 3979 ἐργον,έως
1020 3907 1086 3960 ἂν
1119 3907 1265 3978 αύτῴ
1285 3911 1341 3960 ἐν
1371 3910 1436 3978 τῇ
1464 3907 1731 3978 παρουσίᾳ

1830 3912 1884 3966 id
1905 3911 2051 3981 quod
2075 3911 2124 3979 pl
2263 3924 2413 3979 spem
2453 3908 2652 3961 bonam
2692 3905 2861 3960 futuri
2909 3902 3206 3976 praebebat.
3263 3897 3400 3952 Novi

153 3999 250 4053 τοῦ
276 4000 483 4069 Κυρίου
517 3999 920 4069 προσενέγκητε
943 3998 1079 4051 σῶον
1098 4022 1110 4039 ι

1831 4003 2103 4072 siquidem
2159 4000 2298 4061 fore,
2354 3999 2556 4066 inquit,
2617 4004 2676 4050 ut
2722 3995 2829 4050 hoc
2893 4009 3034 4064 Opus
3080 3989 3401 4062 perﬁciatis,

1831 4097 2005 4150 donec
2057 4095 2328 4163 integrum
2389 4088 2526 4145 illud
2585 4088 2830 4143 offeratis
2881 4087 2939 4141 in
3000 4085 3237 4139 adventu
3298 4081 3404 4136 Do-

1834 4185 1993 4240 mini.

237 4304 257 4337 ι
295 4281 496 4346 Καθὼς
544 4283 659 4334 ἐστι
694 4281 899 4334 δίκαιον
963 4280 1088 4350 ἐμοὶ
1134 4277 1292 4332 τοῦτο
1337 4281 1553 4347 φρονεῖν
1590 4278 1732 4348 ὺπέρ

1904 4275 2070 4330 Vens.
2121 4275 2173 4328 'l.
2215 4291 2232 4324 ι
2274 4271 2430 4326 Sicut
2479 4277 2564 4325 est
2610 4269 2744 4323 mihi
2793 4269 3006 4339 justum
3060 4266 3168 4320 hoc
3197 4261 3404 4319 sentire

159 4380 386 4431 πάντων
421 4376 593 4444 ὑμῶν,
628 4374 714 4427 διά
747 4374 806 4427 τὸ
835 4373 980 4442 ἔχειν
1038 4389 1104 4441 με
1140 4374 1197 4425 ὲν
1244 4373 1308 4440 τῇ
1338 4369 1534 4440 καρδίᾳ
1568 4369 1732 4438 ὑμᾶς’

1835 4385 1930 4438 pro
1959 4367 2219 4422 omnibus
2253 4364 2448 4430 vobis;
2481 4377 2547 4417 eo
2577 4361 2724 4431 quod
2758 4362 2987 4414 habeam
3012 4372 3110 4412 vos
3135 4353 3401 4420 in'corde,

159 4474 218 4524 ἐν
248 4489 309 4524 τε
336 4472 449 4531 τοῖς
475 4469 694 4536 δεσμοῖς
721 4485 844 4536 μου,
880 4467 973 4519 καὶ
1001 4467 1058 4517 ἐν
1073 4468 1148 4545 ετῇ
1174 4464 1460 4532 ἀπολογία,
1514 4463 1608 4516 καὶ
1647 4461 1736 4531 βε-

1835 4470 1889 4516 et
1921 4463 1975 4515 iu
2024 4459 2261 4514 vinculis
2303 4456 2464 4520 meis,
2515 4462 2568 4509 et
2620 4456 2675 4508 in
2719 4451 3063 4514 defensione,
3097 4455 3153 4502 et
3187 4447 3243 4501 in
3271 4461 3405 4501 cou—

161 4562 394 4615 ϐαιὼσει
427 4558 521 4611 τοῦ
557 4557 912 4626 Εὑαγγελίου,
942 4554 1340 4624 συγκοινωνούς
1383 4570 1472 4623 μοι
1506 4552 1603 4620 τῆς
1633 4553 1730 4622 χά-
1763 4570 1808 4625 ι)

1763 4570 1808 4625 ι)
1838 4554 2165 4618 ﬁrmatione,
2224 4548 2409 4604 socios
2449 4546 2638 4618 gaudii
2692 4546 2799 4599 mei
2835 4557 3027 4599 omnes
3065 4556 3164 4596 vos
3194 4553 3337 4594 esse.
3377 4555 3398 4589 ι

162 4672 317 4727 ριτος
343 4650 549 4713 πάντας
578 4651 721 4719 ὑμᾶς
752 4649 932 4712 ὄντας.
973 4667 992 4699 ι

251 4741 475 4812 Ἐπειδὴ
540 4716 863 4810 πεποίθησιν
915 4735 1067 4793 εἶπεν
1111 4738 1254 4809 ἔχειν
1292 4738 1377 4790 ἐπ’
1417 4736 1620 4797 αὐτοῖς,
1653 4735 1733 4788 δι-
1905 4734 1917 4794 l

1905 4732 2046 4798 Quia
2102 4728 2244 4784 dixit
2283 4727 2338 4781 in
2401 4725 2484 4780 eis
2547 4740 2608 4780 se
2649 4722 2942 4784 conﬁdere,
2969 4729 3086 4774 tum
3147 4716 3402 4772 ﬁduciam

163 4835 332 4888 καίαν
372 4833 521 4899 λέγει
558 4831 760 4902 ταύτην
790 4831 930 4902 ἔχειν
958 4831 1054 4902 τὴν
1109 4830 1454 4899 πεποίθησιν.
1502 4828 1736 4898 Οαρῤεῖν

1838 4826 1982 4879 hanc
2003 4824 2212 4893 justam
2235 4829 2289 4873 et
2316 4819 2621 4889 legitimam
2650 4831 2776 4870 esse
2815 4814 3035 4869 asserit.
3061 4811 3226 4866 Jubet
3257 4809 3403 4864 enim

162 4929 278 4996 γάρ
309 4942 494 4994 φησιν,
524 4923 598 4985 ὡς
649 4923 866 4976 πάντων
897 4922 1045 4992 αύτῷ
1075 4922 1287 4974 ἔσονται
1337 4921 1601 4983 κοινωνοὶ,
1627 4919 1738 4970 τῶν

1737 4942 1738 4950 η
1837 4920 1986 4972 bono
2013 4917 2197 4970 animo
2226 4929 2372 4974 esse,
2410 4927 2510 4965 ceu
2544 4917 2833 4964 consortes
2873 4907 3118 4961 omnium
3165 4903 3403 4966 futuros,

163 5019 414 5088 δεσμῶν,
441 5017 539 5086 τῆς
573 5015 886 5082 ἀπολογίας,
930 5014 1029 5083 τῆς
1064 5014 1300 5083 χάριτος.
1340 5013 1412 5063 T6
1444 5010 1582 5063 οὕτω
1612 5011 1739 5080 περὶ

1837 5010 2205 5068 vinculorum,
2235 5004 2599 5065 defensionis,
2646 5002 2858 5071 gratim.
2915 4997 3080 5067 Atqui
3114 4998 3216 5049 hoc
3242 4995 3405 5050 modo

166 5115 280 5167 τῶν
307 5107 712 5162 πιστευσάντων
736 5108 982 5177 θαρρεῖν,
1016 5105 1228 5176 μεγάλη
1258 5105 1404 5158 ἐστὶν
1433 5103 1612 5155 αὐτῶν
1651 5102 1740 5173 βεο

1737 5133 1740 5141 ι
1838 5099 2005 5154 ﬁdere
2038 5097 2148 5150 illis
2180 5094 2270 5163 qui
2305 5092 2685 5154 crediderunt,
2732 5103 2990 5157 magnum
3032 5084 3403 5141 testimonium

165 5205 467 5270 ὕαιότητος
495 5200 782 5270 μαρτυρία.

1837 5200 1922 5246 est
1953 5190 2227 5244 ﬁrmitatis
2259 5187 2526 5257 ipsorum.

249 5314 271 5346 ι
309 5264 537 5364 Μάρτυς
575 5264 696 5362 ⁷γάρ
732 5289 833 5360 μού
883 5291 1030 5342 ἐστιν
1070 5289 1098 5341 6
1150 5287 1304 5350 Θεὸς,
1359 5287 1436 5350 ὡς
1493 5285 1742 5341 ἐπιποθῶ
1912 5284 1915 5292 “

1739 5311 1742 5330 ι
1912 5282 2080 5337 Vsas.
2116 5281 2269 5335 8-H.
2301 5299 2318 5330 ι
2361 5277 2544 5332 Testis
2579 5275 2726 5329 enim
2763 5273 2895 5326 mihi
2945 5279 3029 5326 est
3066 5269 3232 5331 Deus,
3257 5264 3405 5337 quod

169 5387 388 5446 πάντας
411 5356 567 5451 ’ὑμᾶς
603 5356 677 5433 ἐν
705 5356 1029 5453 σπλάγχνοις
1092 5379 1267 5449 Ἰησοῦ
1325 5378 1583 5448 Χριστοῦ.
1633 5378 1741 5429 Καὶ

1736 5415 1741 5428 ι
1840 5392 1942 5446 ego
1969 5375 2187 5442 cupiam
2212 5386 2403 5425 omnes
2456 5384 2554 5422 vos
2588 5367 2639 5420 in
2675 5365 2978 5420 visceribus
3019 5360 3146 5416 Jesu
3177 5356 3402 5414 Christi.

169 5480 338 5534 τοῦτο
367 5474 756 5546 προσεύχομαι,
791 5451 936 5542 ἴναή
983 5472 1169 5540 ἀγάπη
1211 5470 1364 5540 ὑμῶν
1408 5469 1490 5521 ἐτι
1541 5469 1740 5538 μᾶλλον

1847 5469 1912 5522 Ει
1973 5467 2075 5520 hoc
2112 5478 2235 5527 oro,
2285 5470 2344 5515 ut
2398 5459 2638 5514 eharitas
2691 5466 2870 5512 vestra
2918 5451 3090 5524 magis
3126 5465 3190 5505 ac
3235 5451 3408 5517 magis

170 5569 485 5643 περισσεύῃ
508 5569 565 5620 ἐν
605 5565 893 5633 ἐπιγνώσει
932 5565 1026 5619 καὶ
1083 5564 1230 5633 πάσῃ
1278 5562 1548 5631 αἰσθήσει,
1575 5562 1655 5623 είς
1684 5561 1744 5612 τὸ

1741 5586 1744 5605 ι
1846 5561 2092 5615 abundet
2131 5558 2185 5610 in
2214 5555 2448 5611 scientia
2482 5561 2538 5607 et
2582 5552 2636 5605 in
2672 5549 2823 5607 omni
2853 5563 3041 5609 sensu,
3066 5553 3126 5598 ut
3165 5540 3407 5613 probetis

168 5632 494 5728 δοοιιμάζείν
527 5657 670 5725 ὑμᾶς
697 5632 764 5712 τὰ
795 5655 1146 5726 διαφέροντα,
1183 5632 1268 5707 ἵνα
1299 5647 1398 5724 ἦτε
1433 5653 1744 5722 εἰλικρινεῖς

1740 5669 1744 5710 :
1851 5653 2175 5727 potiora,ut
2207 5649 2330 5706 sitis
2365 5645 2576 5704 sinceri
2621 5654 2674 5701 et
2737 5642 2855 5699 sine
2906 5638 3114 5696 oﬁ'ensa
3157 5636 3209 5691 in
3263 5632 3406 5688 diem

225 5842 283 5876 ⁸⁸
325 5839 367 5894 ll
402 5839 544 5895 Tim.
574 5856 646 5904 Iv,
681 5840 764 5894 16.
