4218 6448
840 401 948 466 853

2023 402 2083 461 S.
2118 402 2437 463 JOANNIS
2476 405 2903 468 DAMASCENI

3967 402 4081 468 δύο

834 511 1060 577 Christi,
1090 510 1281 578 repleti
1332 510 1513 563 fructu
1562 508 1809 579 iustitiae,
1840 508 1935 576 qui
1968 517 2055 562 est
2101 524 2198 579 per
2214 509 2400 564 Jesum
2432 519 2474 570 Α

2432 519 2474 570 Α
2504 514 2597 566 καὶ
2619 515 2960 587 ἀπρόσκοποι
2985 514 3065 578 είς
3092 514 3311 587 ἡμέραν
3360 512 3619 583 Χριστοῦ,
3649 513 4079 584 πεπληρωμένοι

836 610 1115 665 Christum
1151 608 1206 663 in
1235 606 1463 676 gloriam
1486 613 1541 659 et
1571 605 1783 659 laudem
1810 602 1925 657 Dei.
1961 622 1981 653 ι

907 781 1045 846 Quia
1070 780 1244 833 multo
1267 779 1486 833 illorum
1544 792 1733 831 amore
1761 777 2052 846 ﬂagrabat,
2082 776 2155 830 ita
2188 784 2247 831 ut
2280 792 2408 831 nus-

837 886 1004 939 quam
1032 872 1278 939 ipsorum
1310 869 1755 934 oblivisceretur,
1774 868 1888 922 sive
1914 868 1966 921 in
1990 868 2222 923 vinculis
2236 878 2403 935 esset,

838 964 953 1018 sive
979 978 1039 1016 se
1067 962 1382 1016 defenderet
1414 977 1429 1012 :
1460 977 1578 1015 eam
1601 961 1673 1013 ob
1707 975 1821 1015 rem
1846 960 2078 1029 hujusce
2106 961 2185 1014 rei
2210 969 2403 1015 testem

835 1056 1074 1124 appellat
1092 1054 1282 1108 Deum.
1317 1053 1394 1108 Ne
1412 1068 1541 1106 vero
1554 1053 1823 1122 quispiam
1851 1053 2227 1121 suspicaretur
2255 1070 2402 1118 eum,

836 1147 1153 1202 assentandi
1188 1146 1372 1200 animo
1415 1153 1639 1215 propter
1671 1145 2040 1199 ministerium
2070 1146 2217 1214 quod
2249 1147 2315 1198 ad
2346 1158 2407 1200 se

836 1241 1123 1300 miserant,
1165 1239 1432 1309 ejusmodi
1495 1239 1698 1293 habere
1744 1251 2054 1300 sermones.
2090 1238 2403 1306 suhjunxit,
2469 1238 2477 1245 '

837 1333 897 1386 in
932 1332 1215 1386 visceribus
1244 1330 1443 1383 Christi
1470 1330 1639 1394 Iesu;
1666 1344 1777 1399 quo
1810 1329 2144 1398 signiﬁcaret
2182 1347 2243 1385 se
2286 1332 2407 1385 illos

835 1438 1042 1484 amare.
1067 1437 1175 1492 qua
1244 1424 1511 1476 charitate
1551 1422 1828 1475 Christum
1877 1422 2092 1476 sincere
2122 1422 2403 1493 diligebat.

835 1516 975 1569 Tum
1029 1515 1131 1569 hoc
1183 1523 1533 1584 apprecatur,
1582 1521 1643 1568 ut
1706 1513 1763 1569 in
1792 1515 2106 1584 cognitione
2151 1525 2207 1569 et
2238 1531 2405 1571 sensu

834 1621 1161 1674 progressus
1188 1604 1416 1667 faciant.
1454 1603 1859 1675 diligentesque
1889 1606 2260 1675 pensitatores
2290 1608 2405 1662 sint

834 1698 1100 1750 honorum
1136 1716 1149 1750 :
1188 1697 1261 1749 ita
1314 1698 1520 1767 quippe
1583 1697 1703 1751 sine
1743 1696 2048 1752 ollcnsione
2100 1698 2316 1753 futuros
2346 1701 2403 1755 in

836 1786 1131 1839 adventum
1189 1787 1437 1848 Christi;
1508 1786 1611 1840 hoc
1662 1794 1748 1840 est
1801 1787 1949 1841 nullo
2012 1788 2175 1841 modo
2206 1788 2400 1857 pedem

2502 608 2715 675 καρπὸν
2768 607 3119 677 δικαιοσύνης
3172 608 3265 660 τὸν
3314 607 3401 659 διά
3457 605 3633 676 Ἰησοῦ
3676 607 3938 676 Χριστοῦ,
3994 613 4081 671 είς

2501 699 2657 763 δόξαν
2691 701 2787 753 καὶ
2802 700 3022 754 ἔπαινον
3047 699 3204 754 θεοῦ.
3240 718 3261 751 ι

2588 792 2809 861 Ἐπειδὴ
2837 791 3041 861 πολλὴν
3084 787 3245 844 εἶπεν
3306 790 3453 859 ἔχειν
3483 791 3563 852 εἰς
3593 790 3788 852 αὐτοὺς
3827 772 4076 856 ἀγάπην,

2503 884 2579 947 ὡς
2613 883 2864 954 μηδαμοῦ
2895 884 3093 947 αὐτοὺς
3118 882 3474 953 παραλιπεῖν,
3497 880 3572 950 μὴ
3600 881 3660 932 ὲν
3684 879 3903 947 δεσμοῖς
3920 880 4077 937 ὄντα,

2509 976 2586 1047 μὴ
2614 978 2671 1029 ὲν
2705 975 2991 1045 ἀπολογίᾳ,
3015 974 3209 1028 τούτου
3241 974 3400 1045 χάριν
3435 974 3691 1044 μάρτυρα
3712 973 3807 1024 ἐπὶ
3832 971 4081 1039 τοσούτῳ

2506 1068 2808 1136 πράγματι·
2849 1066 3193 1120 ἐπικαλεῖται
3243 1066 3334 1118 τὸν
3382 1065 3535 1118 Θεόν.
3590 1065 3706 1116 Ἰνα
3753 1063 3808 1116 δὲ
3868 1065 3941 1133 μὴ
3991 1080 4081 1123 τις

2506 1158 2791 1223 ὑπολάϐοι,
2814 1158 2891 1221 ὼς
2918 1157 3007 1211 διὰ
3038 1156 3138 1228 τὴν
3165 1157 3447 1211 διακονίαν
3464 1159 3532 1225 ἢν
3548 1154 3881 1209 ἀπέστελλον
3900 1154 4078 1222 αὐτῷ,

2506 1249 2817 1304 κολακεύων
2840 1248 3150 1304 τὰτοιαῦτα
3179 1250 3351 1317 λέγει,
3387 1250 3689 1318 ἐπήγαγεν,
3740 1247 3811 1299 ἐν
3832 1246 4079 1314 σπλάγ-

2505 1358 2677 1410 χνοις
2702 1340 2959 1409 Χριστοῦ
2993 1340 3211 1409 Ἰησοῦ,
3240 1341 3454 1402 δεικνὺς
3499 1341 3581 1393 ὅτι
3616 1340 3649 1408 ἡ
3704 1339 3894 1407 άγάπη
3925 1337 4081 1407 αὐτῷ

2506 1432 2670 1486 διὰτὸ
2690 1434 2772 1496 είς
2808 1433 3046 1503 Χριστὸν
3072 1432 3298 1504 γνήσιόν
3321 1434 3491 1493 ἐστιν,
3523 1432 3620 1485 καὶ
3646 1429 3804 1484 τοῦτο
3830 1429 4079 1499 εὔχεται,

2508 1524 2603 1578 τοῦ
2634 1526 2969 1596 προκόπτειν
2996 1525 3194 1589 αὐτοὺς
3242 1527 3300 1578 ὲν
3349 1522 3646 1592 ἐπιγνώσει
3673 1523 3769 1576 καὶ
3796 1523 4078 1591 αἰσθήσευ,

2510 1612 2605 1666 καὶ
2640 1613 2981 1683 δοκιμαστὰς
3005 1615 3258 1687 ἀκριϐεῖς
3284 1614 3538 1682 γενέσθαι
3558 1614 3670 1668 τῶν
3686 1613 3866 1668 καλῶν
3890 1630 3903 1642 ·
3933 1614 4083 1667 οὕτω

2507 1707 2615 1777 γὰρ
2646 1707 2860 1761 ἔσονται
2898 1709 3241 1778 ἀπρόσκοποι
3266 1710 3343 1772 εἰς
3366 1708 3467 1778 τὴν
3496 1708 3803 1779 παρουσίαν
3818 1707 3911 1759 τοῦ
3943 1709 4080 1775 Χρι-

2508 1796 2660 1857 στοῦ,
2699 1799 2943 1852 τουτέστι
2993 1800 3138 1853 κατά
3156 1801 3356 1871 μηδένα
3385 1799 3587 1869 τρόπον
3616 1797 4075 1869 προσκόπτοντες.

835 1878 1165 1932 oilensuros.
1193 1877 1326 1931 Nam
1353 1880 1444 1948 qui
1511 1880 1592 1933 sic
1629 1887 1789 1933 erunt
1822 1881 2153 1949 comparati,
2204 1882 2401 1949 inquit,
2438 1868 2479 1922 Β

2438 1868 2479 1922 Β
2507 1893 2570 1944 0i
2592 1889 2701 1959 γὰρ
2722 1890 2974 1955 τοιοῦτοι,
3007 1868 3165 1962 φησὶ,
3191 1893 3419 1964 πλήρεις
3454 1891 3838 1964 εὑρεθήσονται
3871 1890 4079 1942 δικαιο-

837 1968 978 2036 pleni
1009 1970 1351 2037 reperientur
1399 1970 1636 2039 iustitia:
1691 1969 1966 2025 fructibus
2000 1971 2291 2038 :justitiaz,
2319 1974 2406 2028 in-

837 2075 1023 2127 quam,
1051 2076 1157 2114 non
1202 2077 1322 2130 qua:
1351 2077 1447 2131 per
1473 2062 1643 2131 legem
1676 2062 1944 2115 habeatur
1976 2062 2144 2133 (hanc
2169 2066 2314 2117 enim
2348 2065 2402 2118 in

833 2153 1074 2219 epistolae
1110 2154 1252 2207 serie
1291 2155 1433 2206 tollit
1492 2169 1525 2209 e
1575 2154 1803 2220 medio),
1857 2153 1955 2209 sed
1990 2171 2154 2224 quam
2185 2165 2405 2226 praestet

834 2242 1122 2309 Christus;
1154 2262 1277 2314 qua:
1308 2246 1530 2316 quidem
1556 2248 1725 2301 etiam
1762 2249 1816 2301 in
1844 2246 1939 2302 Dei
1969 2249 2200 2318 gloriam
2236 2250 2401 2305 cedit.

838 2333 1082 2389 Vit-endo
1136 2340 1337 2407 quippe
1392 2340 1699 2393 secundum
1757 2340 1947 2406 Deum,
1993 2341 2223 2411 gloriam
2255 2343 2405 2398 Patri

835 2428 926 2495 qui
957 2428 1009 2479 in
1034 2429 1190 2483 caelis
1223 2436 1327 2494 est,
1367 2431 1691 2486 tribuimus.

911 2515 1343 2585 Vens.12-u.c
1383 2521 1540 2577 Scire
1594 2532 1778 2578 autem
1834 2540 1935 2581 vos
1978 2528 2126 2590 volo,
2182 2527 2401 2594 fratres,

835 2612 964 2681 quia
992 2629 1115 2683 qua:
1144 2614 1292 2668 circa
1324 2630 1415 2670 me
1474 2626 1625 2679 sunt,
1669 2618 1845 2688 magis
1873 2619 1938 2672 ad
1971 2619 2273 2689 profectum
2306 2638 2403 2676 ve-

837 2715 1038 2758 nerunt
1072 2706 1376 2776 Evangelii.
1402 2707 1480 2760 Ita
1509 2711 1803 2763 utvincnla
1830 2727 1949 2764 mea
1981 2713 2271 2768 manifesta
2308 2713 2403 2767 lie-

838 2807 957 2849 rent
986 2797 1040 2849 in
1064 2796 1286 2853 Christo
1321 2799 1374 2852 in
1436 2801 1586 2854 omni
1639 2804 1917 2871 praetorio,
1984 2814 2037 2857 et
2084 2804 2139 2858 in
2189 2807 2404 2862 caeteris

833 2887 1115 2952 omnibus,
1149 2896 1204 2942 et
1236 2890 1420 2957 plures
1461 2906 1493 2945 e
1542 2892 1807 2948 fratribus
1834 2894 1889 2948 in
1938 2893 2194 2962 Domino,
2229 2899 2403 2951 conti-

836 2977 1030 3033 dentes
1066 2980 1302 3035 vinculis
1358 2983 1513 3045 meis,
1568 2984 1948 3041 abundantius
1983 2986 2255 3043 auderent
2285 2990 2405 3044 sine

837 3072 1037 3126 timore
1064 3074 1289 3127 verlmm
1323 3074 1497 3145 loqui.
1528 3094 1549 3126 ι

2507 1984 2673 2055 σύνης
2698 1985 2904 2056 καρποί
2927 2003 2944 2019 ο
2989 1989 3083 2041 καὶ
3131 1986 3493 2054 δικαιοσύνης,
3555 1986 3615 2037 οὐ
3660 1986 3756 2055 τῆς
3786 1986 3844 2038 έν
3879 1986 4034 2053 νόμῳ
4066 2001 4076 2010 ·

2505 2075 2709 2145 ταύτην
2752 2078 2861 2148 γὰρ
2885 2078 2979 2130 καὶ
3016 2080 3073 2130 ἐν
3102 2080 3216 2141 τοῖς
3245 2077 3371 2145 ἑξῆς
3401 2078 3619 2147 ἀναιρεῖ
3648 2092 3663 2106 ·
3701 2076 3835 2129 άλλά
3856 2075 3958 2142 τῆς
3989 2076 4078 2126 διὰ

2504 2167 2768 2237 Χριστοῦ,
2799 2169 2834 2237 ἦ
2864 2185 2944 2231 τις
2980 2170 3072 2222 καὶ
3119 2171 3198 2230 εἰς
3242 2169 3422 2231 δόξαν,
3483 2170 3576 2221 καὶ
3620 2168 3839 2220 ἔπαινον
3863 2168 4078 2234 γίνεται

2504 2258 2663 2313 Θεοῦ.
2709 2259 2774 2311 'H
2796 2259 2904 2329 γὰρ
2919 2260 3059 2312 κατά
3082 2260 3214 2321 Θεὸν
3235 2260 3476 2313 πολιτεία
3495 2258 3706 2325 δοξάζει
3735 2259 3826 2314 τὸν
3856 2259 4078 2329 Πατέρα

2504 2351 2595 2403 τὸν
2623 2352 2807 2415 ἐντοῖς
2829 2352 3099 2424 οὐρανοῖς.

2587 2546 2607 2580 ι
2648 2529 2940 2583 Γινώσκειν
2978 2529 3034 2582 δὲ
3099 2530 3241 2600 ὑμᾶς
3288 2529 3566 2600 βούλομαι,
3632 2529 3870 2597 ἀδελφοὶ,
3896 2530 3980 2581 ὅτι
4009 2527 4078 2592 τά

2505 2624 2625 2676 κατ’
2648 2623 2769 2693 ἐμὲ,
2802 2623 3003 2691 μᾶλλον
3031 2625 3112 2686 εἰς
3136 2624 3423 2694 προκοπὴν
3450 2622 3544 2676 τοῦ
3577 2622 3910 2691 Εὐαγγελίου
3948 2622 4077 2689 ὲλήο

2503 2712 2682 2778 λυθεν,
2722 2713 2862 2767 ὥστε
2882 2716 3010 2780 τοὺς
3039 2716 3271 2784 δεσμούς
3310 2734 3413 2785 μου
3442 2715 3707 2786 φανεροὺς
3736 2714 3989 2782 γενέσθαι
4018 2716 4077 2765 ἐν

2504 2805 2611 2876 δλῳ
2630 2806 2708 2877 τῷ
2732 2808 3035 2879 πραιτορίῳ
3090 2808 3186 2861 καὶ
3212 2811 3323 2870 τοῖς
3353 2808 3559 2871 λοιποῖς
3611 2810 3798 2869 πᾶσιν,
3831 2807 3926 2859 καὶ
3951 2808 4079 2869 τοὺς

2507 2897 2755 2960 πλείονας
2824 2899 2934 2951 τῶν
2984 2899 3229 2967 ἀδελφῶν
3276 2902 3333 2952 ὲν
3372 2901 3561 2971 Κυρίῳ
3604 2900 3930 2961 πεποιθότας
3963 2902 4075 2960 τοῖς

2505 2987 2728 3057 δεσμοῖς
2758 3006 2885 3058 μου,
2915 2991 3319 3061 περισσοτέρως
3337 2990 3541 3061 τολμᾷν
3568 2990 3785 3060 ἀφόϐως
3809 2990 3897 3043 τὸν
3918 2990 4076 3057 λόγον

2509 3077 2711 3132 λαλεῖν.

910 3162 1078 3218 Roma
1101 3166 1167 3220 ad
1197 3166 1323 3222 illos
1378 3168 1667 3237 epistolam
1701 3170 1921 3235 scribit,
1965 3187 2087 3227 cum
2126 3173 2402 3229 anxietate
2430 3189 2479 3252 ο

2430 3189 2479 3252 ο
2579 3170 2785 3241 Γράφει
2821 3172 2919 3241 μὲν
2948 3173 3131 3237 αὐτοῖς
3155 3173 3253 3243 τὴν
3309 3174 3596 3244 ἐπιστολὴν
3627 3173 3735 3227 άπὸ
3771 3172 3992 3242 Ῥώμης
4021 3175 4075 3223 ἐν

836 3267 892 3313 et
929 3275 1163 3315 mmrore
1210 3261 1363 3329 gravi
1434 3271 1817 3334 premerentur
1881 3271 2110 3333 propter
2183 3267 2405 3320 vincula

837 3351 1036 3421 ipsius.
1075 3350 1148 3407 De
1195 3351 1401 3422 quibus
1445 3352 1688 3411 vinculis
1750 3355 2054 3413 heluam
2085 3364 2252 3428 agant
2279 3366 2404 3414 tan-

840 3446 1084 3500 tumdem
1122 3446 1473 3509 dehortatur,
1501 3455 1561 3501 ut
1596 3446 1761 3502 etiam
1812 3449 2009 3505 doceat
2059 3464 2177 3514 eos,
2213 3450 2407 3520 ingens

840 3545 1062 3606 propter
1099 3536 1192 3590 illa
1224 3537 1482 3607 gaudium
1542 3537 1803 3608 praeferre
1839 3557 1854 3593 :
1886 3541 2096 3611 quippe
2128 3557 2255 3596 cum
2289 3543 2407 3598 haec

838 3632 892 3680 in
928 3643 1094 3683 causa
1123 3638 1331 3694 essent,
1366 3639 1425 3684 ut
1454 3631 1776 3699 praedicatio
1827 3632 2201 3690 abundantius
2237 3648 2409 3704 ange-

840 3728 1035 3781 scerct.
1065 3728 1120 3774 et
1149 3737 1307 3775 error
1338 3723 1749 3780 amandaretur.

911 3809 1077 3865 Vens.
1116 3812 1203 3865 15.
1240 3830 1258 3863 ι
1294 3810 1529 3876 Quidam
1565 3815 1785 3883 quidem
1816 3823 1869 3871 et
1891 3823 2117 3886 propter
2146 3815 2407 3873 invidiam

838 3913 890 3956 et
921 3903 1327 3956 contentionem
1355 3920 1370 3968 ;
1401 3902 1623 3971 quidam
1652 3910 1837 3957 autem
1866 3912 1921 3958 et
1953 3913 2178 3974 propter
2211 3905 2407 3959 bonam

836 3995 1177 4048 voluntatem
1210 3994 1493 4048 Christum
1529 3994 1847 4064 praedicant.
1892 4014 1911 4046 ι

915 4084 1074 4154 195
1102 4083 1516 4138 Prmdicationis
1535 4086 1724 4153 utique
1750 4085 1959 4150 hostes,
1989 4084 2084 4155 qui
2112 4100 2236 4142 cum
2268 4087 2409 4142 Pau-

842 4176 929 4230 lus
962 4177 1185 4231 vinctus
1220 4185 1523 4241 teneretur,
1558 4177 1686 4245 quia
1722 4174 1907 4231 .Iesum
1949 4178 2411 4242 annuntiebat,ut

844 4269 1021 4338 magis
1046 4267 1318 4322 Neronem
1350 4269 1667 4328 incitarent.
1696 4266 1803 4338 ipsi
1827 4284 2044 4338 quoque
2068 4267 2253 4324 Jesum
2279 4286 2411 4341 prae-

843 4361 1104 4415 dicabant
1135 4380 1148 4413 :
1192 4376 1281 4415 res
1310 4376 1440 4415 vero
1472 4368 1662 4416 contra
1689 4376 1855 4430 quam
1916 4369 2182 4430 prmstare
2220 4366 2412 4419 volue-

845 4457 987 4511 rant.
1020 4451 1303 4505 successit.
1330 4452 1465 4504 Cum
1498 4452 1642 4507 enim
1674 4451 2121 4521 praedicationem
2158 4452 2410 4509 funditus

2509 3262 2675 3333 πολλῇ
2704 3260 2854 3317 οῦσιν
2882 3263 3092 3336 ἀθυμίᾳ.
3118 3265 3207 3318 διὰ
3258 3266 3326 3319 τὰ
3355 3266 3551 3335 δεσμά.
3604 3266 3720 3334 Ἐφ’
3746 3260 3828 3327 οἷς
3856 3266 4075 3333 δεσμοῖς

2505 3354 2758 3408 τοσοῦτον
2786 3357 3089 3426 ἀποτρέπει
3143 3356 3238 3409 τοῦ
3289 3349 3594 3422 λυπεῖσθαι,
3643 3358 3717 3422 ὼς
3759 3356 3854 3410 καὶ
3902 3358 4078 3426 χαρὰν

2510 3446 2757 3518 μεγάλην
2813 3449 3013 3511 αὐτοὺς
3069 3448 3255 3519 ἔχειν,
3314 3448 3587 3503 διδάσκειν
3646 3450 3715 3503 δι’
3764 3449 3941 3511 αὐτὰ,
3992 3449 4077 3504 ὅτι

2507 3538 2574 3591 δι’
2594 3538 2776 3594 αὐτῶν
2813 3539 3098 3605 πλεονάζει
3119 3541 3181 3595 τδ
3208 3543 3487 3613 κήρυγμα,
3522 3542 3614 3595 καὶ
3640 3543 3674 3612 ἡ
3700 3541 3873 3612 πλάνη
3901 3541 4079 3611 ἐξορί-

2509 3629 2686 3696 ζεται.

2587 3829 2606 3863 ι
2645 3812 2802 3876 Τινὲς
2826 3811 2928 3883 μὲν
2974 3812 3068 3864 καὶ
3114 3809 3202 3863 διὰ
3231 3809 3425 3879 φθόνον
3463 3811 3556 3864 καὶ
3597 3809 3734 3880 ἔριν,
3763 3810 3910 3874 τινὲς
3934 3809 3989 3863 δὲ
4010 3807 4081 3864 δι’

2510 3906 2755 3960 εὐδοκίαν
2786 3906 2877 3960 τὸν
2905 3904 3140 3977 Χριστὸν
3168 3905 3556 3975 κηρύσσουσιν.
3601 3922 3620 3956 ι

2568 4084 2630 4135 Οἱ
2651 4080 2744 4152 έχθ
2753 4081 2835 4151 poi.
2851 4079 2944 4133 τοῦ
2962 4078 3337 4151 κηρύγματος,
3363 4078 3606 4142 δεθέντος
3624 4076 3719 4131 τοῦ
3747 4078 4079 4134 Ἀποστόλου

2509 4175 2595 4229 διὰ
2622 4175 2684 4228 τὸ
2713 4172 3011 4244 κηρύσσειν
3038 4171 3131 4225 τὸν
3173 4171 3403 4242 Ἰησοῦν,
3442 4170 3754 4241 βουλόμενοι
3788 4171 3954 4224 πλέον
3990 4191 4079 4226 κι-

2510 4266 2670 4336 νῆσαι
2695 4263 2785 4317 τὸν
2814 4262 3065 4333 Νέρωνα,
3086 4261 3182 4315 καὶ
3217 4261 3375 4315 αὐτοὶ
3400 4263 3696 4332 ἐκήρυττον
3722 4261 3815 4314 τὸν
3843 4263 4077 4332 Ἰησοῦν,

2511 4359 2605 4412 καὶ
2652 4355 2965 4410 συνέϐαινεν
3026 4355 3211 4418 αὐτοῖς
3263 4354 3324 4407 τὸ
3389 4354 3630 4407 ἐναντίον
3673 4349 3733 4407 οὗ
3788 4354 4080 4408 ἐϐούλοντο

2510 4449 2702 4500 ποιεῖν.
2728 4445 2984 4508 Θέλοντες
3010 4443 3117 4516 γὰρ
3144 4443 3442 4499 καταλύσαι
3461 4445 3523 4497 τὸ
3553 4444 4082 4514 κήρυγμα,ηῦξανον

846 4541 1139 4612 proﬂigare
1168 4542 1388 4604 vellent,
1450 4542 1564 4597 haec
1594 4544 1772 4612 plagis
1822 4541 2147 4612 augebatur,
2189 4545 2408 4602 tametsi
2442 4533 2490 4592 θ

2442 4533 2490 4592 Ι)
2516 4538 2734 4608 μᾶλλον,
2770 4539 2820 4591 εἰ
2844 4538 2938 4591 καὶ
2965 4537 3063 4606 οὐχ
3088 4535 3271 4605 ἀγνῶς
3301 4537 3625 4607 ἐκήρυσσον.
3659 4535 3941 4588 τουτέστιν
3970 4537 4081 4588 άπὸ

844 4638 1077 4699 sincere,
1128 4636 1245 4689 sive
1304 4650 1369 4688 ex
1430 4634 1611 4687 animo
1671 4650 1777 4689 non
1801 4633 2199 4703 pradicarent,
2233 4652 2413 4707 neque

846 4741 1071 4794 operam
1106 4726 1162 4780 in
1198 4728 1300 4780 hoc
1358 4725 1712 4787 collocarent.
1746 4736 1806 4779 ut
1845 4726 2093 4782 homines
2124 4729 2409 4783 veritatem

844 4817 1195 4879 docerentur,
1233 4813 1329 4870 sed
1366 4822 1425 4867 nt
1455 4814 1764 4869 molestiam
1816 4813 2080 4883 Apostolo
2131 4824 2407 4871 crearent.

915 4906 1081 4961 Vens.
1118 4905 1300 4960 16—18.
1340 4923 1360 4956 ι
1388 4905 1621 4972 Quidam
1678 4904 1902 4974 quidem
1959 4921 2025 4961 ex
2060 4908 2413 4964 contentione

843 5000 1124 5054 Christum
1182 4998 1529 5061 annuntiant,
1572 5012 1683 5052 non
1733 4997 1971 5063 sincere,
2029 4999 2411 5056 existimantes

847 5106 1162 5162 prcssnram
1199 5106 1259 5146 se
1284 5091 1557 5145 suscitare
1605 5090 1844 5145 vinculis
1874 5091 2011 5146 meis
2035 5105 2048 5141 :
2071 5090 2293 5159 quidam
2312 5107 2412 5146 au-

845 5193 952 5237 tem
977 5200 1038 5237 ex
1063 5183 1352 5246 charitate,
1380 5183 1619 5238 scientes
1658 5183 1920 5251 quoniam
1944 5181 1998 5236 in
2038 5181 2410 5237 defensionem

849 5275 1124 5345 Evangelii
1178 5277 1396 5347 positus
1446 5291 1590 5331 stam.
1653 5276 1796 5342 Quid
1845 5275 2203 5331 enimhlum
2259 5275 2410 5329 omni

847 5368 1036 5432 modo,
1095 5369 1211 5422 sive
1265 5382 1363 5437 per
1411 5369 1782 5433 occasionem,
1831 5368 1948 5423 sive
1996 5381 2092 5437 per
2122 5366 2411 5422 veritatem

846 5460 1103 5517 Christus
1128 5462 1503 5514 annuntietur.
1546 5479 1563 5511 ι

918 5551 1026 5619 Qui
1059 5554 1274 5606 sincere
1298 5552 1619 5620 pradicant,
1650 5552 1851 5622 inquit,
1890 5552 1992 5608 hoc
2024 5553 2249 5619 faciunt,
2283 5556 2411 5625 quia

850 5659 917 5699 ex
949 5657 1071 5699 mea
1098 5643 1417 5698 defensione
1443 5644 1763 5700 audaciores
1791 5658 2101 5701 evaserunt.
2137 5646 2413 5700 Noverunt

855 5735 999 5790 enim
1023 5750 1142 5790 eam
1189 5736 1464 5791 communi
1499 5736 1740 5805 ipsorum
1771 5736 2059 5793 commodo
2101 5750 2411 5805 cessuram,

846 5844 1013 5900 quam
1045 5830 1344 5901 Apostolus
1366 5829 1703 5888 instituebat.

2510 4630 2760 4702 καρδίας,
2791 4630 2885 4683 καὶ
2922 4629 3055 4683 αὐτὸ
3086 4632 3246 4682 τοῦτο
3277 4628 3689 4693 σπουδάζοντες,
3702 4630 3764 4680 οὐ
3795 4628 3857 4680 τὸ
3882 4628 4081 4697 μαθεῖν

2508 4722 2827 4792 ἀνθρώπους
2852 4721 2951 4794 τὴν
2977 4721 3256 4792 ἀλήθειαν,
3275 4720 3411 4775 ἀλλά
3431 4720 3520 4774 διὰ
3549 4722 3608 4773 τὸ
3629 4720 3867 4793 ἐγείρειν
3896 4719 4081 4789 θλίψιν

2508 4813 2585 4886 τῷ
2622 4815 2947 4885 Ἀποστόλῳ.
2969 4870 2975 4883 ,

2595 4925 2614 4958 ι
2648 4908 2711 4959 Οἱ
2745 4907 2844 4976 μὲν
2867 4906 2926 4972 ἐξ
2957 4886 3195 4982 ἐριθείας
3218 4905 3309 4959 τὸν
3336 4905 3569 4976 Χριστὸν
3595 4904 4077 4972 καταγγέλλουσιν,

2508 5000 2607 5069 οὐχ
2639 4999 2837 5071 ἁγνῶς,
2874 5001 2927 5051 οἱ
2990 5000 3225 5068 οἰόμενοι
3283 4997 3459 5066 θλίψιν
3512 4997 3794 5067 ἐπιφέρειν
3854 5000 3963 5058 τοῖς
3997 5000 4079 5051 δε-

2512 5093 2669 5161 σμοῖς
2709 5109 2812 5161 μου
2843 5107 2856 5122 °
2889 5092 2937 5144 oi
2990 5090 3047 5144 δὲ
3102 5090 3161 5154 ἐξ
3196 5090 3435 5157 ἀγάπης,
3467 5088 3667 5151 εἰδότες
3705 5089 3788 5141 ὅτι
3830 5091 3905 5151 εἰς
3939 5090 4079 5140 ἀπο-

2510 5182 2696 5250 λογίαν
2724 5180 2818 5234 τοῦ
2840 5180 3175 5249 Εὑαγγελίου
3202 5185 3414 5251 κεῖμαι.
3448 5181 3490 5231 Τ
3496 5178 3511 5230 ί
3540 5179 3650 5248 γάρ
3674 5197 3690 5244 ;
3722 5179 3869 5249 Πλὴν
3908 5181 4077 5233 παντὶ

2512 5273 2719 5343 τρόπῳ,
2742 5272 2853 5326 εἴτε
2888 5272 3180 5345 προφάσει,
3220 5272 3329 5325 εἴτε
3361 5270 3586 5343 ἀληθείᾳ
3608 5271 3842 5342 Χριστὸς
3867 5288 4073 5339 καταγο

2509 5367 2776 5437 γέλλεται.
2811 5385 2829 5417 ι

2586 5541 2741 5596 Ὅσοι
2773 5539 2970 5608 ἀγνῶς,
3015 5536 3172 5608 φησὶ,
3233 5534 3581 5607 κηρύττουσι,
3638 5532 3967 5602 θαρροῦντες
4010 5534 4076 5601 τῇ

2511 5638 2618 5707 ἐμῇ
2645 5634 2911 5703 ἀπολογίᾳ
2939 5631 3097 5688 τοῦτο
3114 5629 3377 5684 ποιοῦσιν.
3406 5627 3639 5698 ᾟδεσαν
3679 5626 3789 5694 γάρ
3812 5624 3888 5685 ὡς
3919 5626 4077 5680 κοινὴ

2513 5730 2663 5781 ἔσται
2698 5727 2835 5796 ὑπὲρ
2867 5723 3047 5780 αὐτῶν
3076 5721 3340 5790 ἀπολογία
3375 5721 3408 5789 η
3435 5717 3580 5790 παρά
3617 5715 3710 5770 τοῦ
3752 5714 4073 5768 Ἀποστόλου

2513 5821 2787 5891 γινομένη.
