  <div class='ocr_page' id='page_1' title='image "/cluster/home/n/w/nwhite01/storage/ocr_20150623/95/nnc1.0046979816/436.png"; bbox 0 0 4218 6448; ppageno 0'>
   <div class='ocr_carea' id='block_1_1' title="bbox 150 437 249 505">
    <p class='ocr_par' dir='ltr' id='par_1_1' title="bbox 150 437 249 505">
     <span class='ocr_line' id='line_1_1' title="bbox 150 437 249 505; baseline -0.02 0"><span class='ocrx_word' id='word_1_1' title='bbox 150 437 249 505; x_wconf 78' lang='grc'><strong>861</strong></span> 
     </span>
    </p>
   </div>
   <div class='ocr_carea' id='block_1_2' title="bbox 1222 436 2322 501">
    <p class='ocr_par' dir='ltr' id='par_1_2' title="bbox 1222 436 2322 501">
     <span class='ocr_line' id='line_1_2' title="bbox 1222 436 2322 501; baseline 0.005 -6"><span class='ocrx_word' id='word_1_2' title='bbox 1222 436 1303 497; x_wconf 81' lang='lat' dir='ltr'><strong>IN</strong></span> <span class='ocrx_word' id='word_1_3' title='bbox 1343 437 1559 496; x_wconf 84' lang='lat' dir='ltr'><strong>EPIST</strong></span> <span class='ocrx_word' id='word_1_4' title='bbox 1625 436 1722 495; x_wconf 85' lang='lat' dir='ltr'><strong>AD</strong></span> <span class='ocrx_word' id='word_1_5' title='bbox 1758 436 2322 501; x_wconf 71' lang='lat' dir='ltr'><strong>PIIILIPPENSES.</strong></span> 
     </span>
    </p>
   </div>
   <div class='ocr_carea' id='block_1_3' title="bbox 3281 440 3389 509">
    <p class='ocr_par' dir='ltr' id='par_1_3' title="bbox 3281 440 3389 509">
     <span class='ocr_line' id='line_1_3' title="bbox 3281 440 3389 509; baseline 0.019 -2"><span class='ocrx_word' id='word_1_6' title='bbox 3281 440 3389 509; x_wconf 67' lang='lat'><strong>862</strong></span> 
     </span>
    </p>
   </div>
   <div class='ocr_carea' id='block_1_4' title="bbox 232 550 1898 630">
    <p class='ocr_par' dir='ltr' id='par_1_4' title="bbox 232 550 1796 625">
     <span class='ocr_line' id='line_1_4' title="bbox 232 550 1796 625; baseline -0.003 -19"><span class='ocrx_word' id='word_1_7' title='bbox 232 575 251 606; x_wconf 73' lang='grc' dir='ltr'>ι</span> <span class='ocrx_word' id='word_1_8' title='bbox 279 552 469 625; x_wconf 89' lang='grc' dir='ltr'>Χαίρω</span> <span class='ocrx_word' id='word_1_9' title='bbox 494 569 508 583; x_wconf 85' lang='grc'><strong>·</strong></span> <span class='ocrx_word' id='word_1_10' title='bbox 538 553 595 605; x_wconf 82' lang='grc' dir='ltr'>ὲν</span> <span class='ocrx_word' id='word_1_11' title='bbox 621 550 795 622; x_wconf 82' lang='grc' dir='ltr'>τούτῳ</span> <span class='ocrx_word' id='word_1_12' title='bbox 847 554 1042 620; x_wconf 74' lang='grc' dir='ltr'>χαίρω,</span> <span class='ocrx_word' id='word_1_13' title='bbox 1080 550 1215 603; x_wconf 76' lang='grc' dir='ltr'>ἀλλὰ</span> <span class='ocrx_word' id='word_1_14' title='bbox 1252 553 1348 603; x_wconf 68' lang='grc' dir='ltr'><strong>καὶ</strong></span> <span class='ocrx_word' id='word_1_15' title='bbox 1388 552 1715 621; x_wconf 80' lang='grc' dir='ltr'>χαρήσομαι.</span> <span class='ocrx_word' id='word_1_16' title='bbox 1748 554 1796 611; x_wconf 75' lang='grc' dir='ltr'><strong>Α</strong></span> 
     </span>
    </p>
   </div>
   <div class='ocr_carea' id='block_1_5' title="bbox 1716 550 3382 630">
    <p class='ocr_par' dir='ltr' id='par_1_5' title="bbox 1748 553 3382 630">
     <span class='ocr_line' id='line_1_5' title="bbox 1748 553 3382 630; baseline 0.001 -19"><span class='ocrx_word' id='word_1_17' title='bbox 1748 554 1796 611; x_wconf 76' lang='grc' dir='ltr'><strong>Δ</strong></span> <span class='ocrx_word' id='word_1_18' title='bbox 1901 572 1916 601; x_wconf 76' lang='grc' dir='ltr'><strong>ι</strong></span> <span class='ocrx_word' id='word_1_19' title='bbox 1952 553 2214 618; x_wconf 83' lang='lat' dir='ltr'><strong>Gaudeo;</strong></span> <span class='ocrx_word' id='word_1_20' title='bbox 2274 560 2328 609; x_wconf 91' lang='lat' dir='ltr'><strong>in</strong></span> <span class='ocrx_word' id='word_1_21' title='bbox 2410 556 2511 611; x_wconf 89' lang='lat' dir='ltr'><strong>hoc</strong></span> <span class='ocrx_word' id='word_1_22' title='bbox 2571 558 2807 627; x_wconf 78' lang='lat' dir='ltr'><strong>gaudeo,</strong></span> <span class='ocrx_word' id='word_1_23' title='bbox 2866 558 2959 614; x_wconf 87' lang='lat' dir='ltr'><strong>sed</strong></span> <span class='ocrx_word' id='word_1_24' title='bbox 3005 566 3061 615; x_wconf 91' lang='lat' dir='ltr'><strong>et</strong></span> <span class='ocrx_word' id='word_1_25' title='bbox 3116 556 3382 630; x_wconf 76' lang='lat' dir='ltr'><strong>gaudebo.</strong></span> 
     </span>
    </p>
   </div>
   <div class='ocr_carea' id='block_1_6' title="bbox 152 642 1718 715">
    <p class='ocr_par' dir='ltr' id='par_1_6' title="bbox 152 642 1718 715">
     <span class='ocr_line' id='line_1_6' title="bbox 152 642 1718 715; baseline -0.007 -14"><span class='ocrx_word' id='word_1_26' title='bbox 152 644 282 701; x_wconf 84' lang='grc' dir='ltr'>υἷδα</span> <span class='ocrx_word' id='word_1_27' title='bbox 336 648 445 715; x_wconf 79' lang='grc' dir='ltr'>γὰρ</span> <span class='ocrx_word' id='word_1_28' title='bbox 495 647 577 699; x_wconf 83' lang='grc' dir='ltr'>ὅτι</span> <span class='ocrx_word' id='word_1_29' title='bbox 620 644 780 698; x_wconf 87' lang='grc' dir='ltr'>τοῦτό</span> <span class='ocrx_word' id='word_1_30' title='bbox 842 662 931 715; x_wconf 91' lang='grc' dir='ltr'><strong>μοι</strong></span> <span class='ocrx_word' id='word_1_31' title='bbox 957 645 1298 713; x_wconf 81' lang='grc' dir='ltr'>ἁποδήσεται</span> <span class='ocrx_word' id='word_1_32' title='bbox 1336 645 1415 705; x_wconf 77' lang='grc' dir='ltr'><strong>είς</strong></span> <span class='ocrx_word' id='word_1_33' title='bbox 1445 642 1718 713; x_wconf 81' lang='grc' dir='ltr'><strong>σωτηρίαν</strong></span> 
     </span>
    </p>
   </div>
   <div class='ocr_carea' id='block_1_7' title="bbox 151 732 1676 808">
    <p class='ocr_par' dir='ltr' id='par_1_7' title="bbox 151 732 1676 808">
     <span class='ocr_line' id='line_1_7' title="bbox 151 732 1676 808; baseline -0.005 -17"><span class='ocrx_word' id='word_1_34' title='bbox 151 739 240 791; x_wconf 77' lang='grc' dir='ltr'>διὰ</span> <span class='ocrx_word' id='word_1_35' title='bbox 263 740 363 808; x_wconf 84' lang='grc' dir='ltr'>τῆς</span> <span class='ocrx_word' id='word_1_36' title='bbox 399 737 552 808; x_wconf 80' lang='grc' dir='ltr'>ὑμῶν</span> <span class='ocrx_word' id='word_1_37' title='bbox 578 736 831 807; x_wconf 77' lang='grc' dir='ltr'><strong>δεήσεως,</strong></span> <span class='ocrx_word' id='word_1_38' title='bbox 874 736 971 789; x_wconf 76' lang='grc' dir='ltr'><strong>καὶ</strong></span> <span class='ocrx_word' id='word_1_39' title='bbox 1012 734 1366 805; x_wconf 74' lang='grc' dir='ltr'><strong>ἐπιχορηγίας</strong></span> <span class='ocrx_word' id='word_1_40' title='bbox 1416 733 1508 786; x_wconf 88' lang='grc' dir='ltr'><strong>τοῦ</strong></span> <span class='ocrx_word' id='word_1_41' title='bbox 1538 732 1676 785; x_wconf 85' lang='grc' dir='ltr'>Πνεύ</span> 
     </span>
    </p>
   </div>
   <div class='ocr_carea' id='block_1_8' title="bbox 157 825 1719 899">
    <p class='ocr_par' dir='ltr' id='par_1_8' title="bbox 157 825 1719 899">
     <span class='ocr_line' id='line_1_8' title="bbox 157 825 1719 899; baseline -0.003 -18"><span class='ocrx_word' id='word_1_42' title='bbox 157 848 327 897; x_wconf 81' lang='grc' dir='ltr'>ματος</span> <span class='ocrx_word' id='word_1_43' title='bbox 368 827 544 899; x_wconf 82' lang='grc' dir='ltr'>Ἰησοῦ</span> <span class='ocrx_word' id='word_1_44' title='bbox 568 827 828 899; x_wconf 82' lang='grc' dir='ltr'><strong>Χριστοῦ,</strong></span> <span class='ocrx_word' id='word_1_45' title='bbox 860 826 1002 880; x_wconf 79' lang='grc' dir='ltr'>κατά</span> <span class='ocrx_word' id='word_1_46' title='bbox 1042 829 1139 897; x_wconf 79' lang='grc' dir='ltr'>τὴν</span> <span class='ocrx_word' id='word_1_47' title='bbox 1161 825 1601 893; x_wconf 79' lang='grc' dir='ltr'>ἀποκαραδοκίαν</span> <span class='ocrx_word' id='word_1_48' title='bbox 1624 825 1719 879; x_wconf 75' lang='grc' dir='ltr'>καὶ</span> 
     </span>
    </p>
   </div>
   <div class='ocr_carea' id='block_1_9' title="bbox 152 922 568 991">
    <p class='ocr_par' dir='ltr' id='par_1_9' title="bbox 152 922 568 991">
     <span class='ocr_line' id='line_1_9' title="bbox 152 922 568 991; baseline 0 -17"><span class='ocrx_word' id='word_1_49' title='bbox 152 922 347 976; x_wconf 78' lang='grc' dir='ltr'>ἐλπίδα</span> <span class='ocrx_word' id='word_1_50' title='bbox 386 939 506 991; x_wconf 87' lang='grc' dir='ltr'>μου.</span> <span class='ocrx_word' id='word_1_51' title='bbox 548 940 568 974; x_wconf 72' lang='grc' dir='ltr'><strong>ι</strong></span> 
     </span>
    </p>
   </div>
   <div class='ocr_carea' id='block_1_10' title="bbox 222 1011 1715 1083">
    <p class='ocr_par' dir='ltr' id='par_1_10' title="bbox 222 1011 1715 1083">
     <span class='ocr_line' id='line_1_10' title="bbox 222 1011 1715 1083; baseline -0.003 -17"><span class='ocrx_word' id='word_1_52' title='bbox 222 1013 493 1066; x_wconf 82' lang='grc' dir='ltr'>Τοσοῦτον</span> <span class='ocrx_word' id='word_1_53' title='bbox 547 1013 753 1081; x_wconf 84' lang='grc' dir='ltr'>ἀπέχω,</span> <span class='ocrx_word' id='word_1_54' title='bbox 807 1012 960 1083; x_wconf 72' lang='grc' dir='ltr'>φησὶ,</span> <span class='ocrx_word' id='word_1_55' title='bbox 1004 1012 1099 1065; x_wconf 87' lang='grc' dir='ltr'><strong>τοῦ</strong></span> <span class='ocrx_word' id='word_1_56' title='bbox 1129 1012 1312 1079; x_wconf 79' lang='grc' dir='ltr'><strong>ἀλγεῖν</strong></span> <span class='ocrx_word' id='word_1_57' title='bbox 1344 1012 1436 1063; x_wconf 74' lang='grc' dir='ltr'><strong>ἐπὶ</strong></span> <span class='ocrx_word' id='word_1_58' title='bbox 1484 1013 1594 1074; x_wconf 79' lang='grc' dir='ltr'>τοῖς</span> <span class='ocrx_word' id='word_1_59' title='bbox 1626 1011 1715 1062; x_wconf 87' lang='grc' dir='ltr'>δε-</span> 
     </span>
    </p>
   </div>
   <div class='ocr_carea' id='block_1_11' title="bbox 154 1101 1717 1176">
    <p class='ocr_par' dir='ltr' id='par_1_11' title="bbox 154 1101 1717 1176">
     <span class='ocr_line' id='line_1_11' title="bbox 154 1101 1717 1176; baseline -0.001 -20"><span class='ocrx_word' id='word_1_60' title='bbox 154 1107 313 1173; x_wconf 85' lang='grc' dir='ltr'>σμοῖς</span> <span class='ocrx_word' id='word_1_61' title='bbox 341 1106 434 1158; x_wconf 72' lang='grc' dir='ltr'><strong>καὶ</strong></span> <span class='ocrx_word' id='word_1_62' title='bbox 457 1106 522 1176; x_wconf 71' lang='grc' dir='ltr'>τῇ</span> <span class='ocrx_word' id='word_1_63' title='bbox 567 1102 831 1174; x_wconf 82' lang='grc' dir='ltr'>μελλούση</span> <span class='ocrx_word' id='word_1_64' title='bbox 873 1103 1157 1174; x_wconf 80' lang='grc' dir='ltr'>ἀπολογίᾳ,</span> <span class='ocrx_word' id='word_1_65' title='bbox 1201 1104 1260 1155; x_wconf 85' lang='grc' dir='ltr'>οὐ</span> <span class='ocrx_word' id='word_1_66' title='bbox 1292 1103 1449 1172; x_wconf 88' lang='grc' dir='ltr'>μόνον</span> <span class='ocrx_word' id='word_1_67' title='bbox 1480 1103 1545 1172; x_wconf 78' lang='grc' dir='ltr'>τῇ</span> <span class='ocrx_word' id='word_1_68' title='bbox 1577 1101 1717 1171; x_wconf 83' lang='grc' dir='ltr'>ὑπὲρ</span> 
     </span>
    </p>
   </div>
   <div class='ocr_carea' id='block_1_12' title="bbox 152 1190 1717 1268">
    <p class='ocr_par' dir='ltr' id='par_1_12' title="bbox 152 1190 1717 1268">
     <span class='ocr_line' id='line_1_12' title="bbox 152 1190 1717 1268; baseline -0.002 -19"><span class='ocrx_word' id='word_1_69' title='bbox 152 1192 230 1249; x_wconf 81' lang='grc' dir='ltr'>ὧν</span> <span class='ocrx_word' id='word_1_70' title='bbox 252 1198 365 1266; x_wconf 70' lang='grc' dir='ltr'><strong>ἐγὼ</strong></span> <span class='ocrx_word' id='word_1_71' title='bbox 381 1196 659 1268; x_wconf 83' lang='grc' dir='ltr'>κηρύσσω,</span> <span class='ocrx_word' id='word_1_72' title='bbox 711 1196 846 1250; x_wconf 89' lang='grc' dir='ltr'><strong>ἀλλά</strong></span> <span class='ocrx_word' id='word_1_73' title='bbox 897 1196 992 1249; x_wconf 56' lang='grc' dir='ltr'><strong>καὶ⁵</strong></span> <span class='ocrx_word' id='word_1_74' title='bbox 1040 1196 1182 1267; x_wconf 83' lang='grc' dir='ltr'>ὑπὲρ</span> <span class='ocrx_word' id='word_1_75' title='bbox 1219 1190 1292 1249; x_wconf 81' lang='grc' dir='ltr'>ὧν</span> <span class='ocrx_word' id='word_1_76' title='bbox 1326 1197 1544 1260; x_wconf 66' lang='grc' dir='ltr'>ἐκεῖνοι,</span> <span class='ocrx_word' id='word_1_77' title='bbox 1577 1194 1717 1247; x_wconf 85' lang='grc' dir='ltr'>ὥστε</span> 
     </span>
    </p>
   </div>
   <div class='ocr_carea' id='block_1_13' title="bbox 153 1286 1722 1359">
    <p class='ocr_par' dir='ltr' id='par_1_13' title="bbox 153 1286 1722 1359">
     <span class='ocr_line' id='line_1_13' title="bbox 153 1286 1722 1359; baseline -0.003 -17"><span class='ocrx_word' id='word_1_78' title='bbox 153 1289 249 1343; x_wconf 75' lang='grc' dir='ltr'>καὶ</span> <span class='ocrx_word' id='word_1_79' title='bbox 277 1288 454 1359; x_wconf 80' lang='grc' dir='ltr'>χαρὰν</span> <span class='ocrx_word' id='word_1_80' title='bbox 489 1288 726 1357; x_wconf 83' lang='grc' dir='ltr'>ἠγοῦμαι</span> <span class='ocrx_word' id='word_1_81' title='bbox 778 1286 840 1341; x_wconf 81' lang='grc' dir='ltr'><strong>τὸ</strong></span> <span class='ocrx_word' id='word_1_82' title='bbox 892 1288 1145 1358; x_wconf 78' lang='grc' dir='ltr'>πρᾶγμα.</span> <span class='ocrx_word' id='word_1_83' title='bbox 1202 1288 1559 1358; x_wconf 80' lang='grc' dir='ltr'>Ἀποὸήσεται</span> <span class='ocrx_word' id='word_1_84' title='bbox 1616 1287 1722 1356; x_wconf 76' lang='grc' dir='ltr'>γὰρ</span> 
     </span>
    </p>
   </div>
   <div class='ocr_carea' id='block_1_14' title="bbox 154 1380 1720 1454">
    <p class='ocr_par' dir='ltr' id='par_1_14' title="bbox 154 1380 1720 1454">
     <span class='ocr_line' id='line_1_14' title="bbox 154 1380 1720 1454; baseline -0.003 -18"><span class='ocrx_word' id='word_1_85' title='bbox 154 1385 291 1453; x_wconf 70' lang='grc' dir='ltr'>ἡμῖν</span> <span class='ocrx_word' id='word_1_86' title='bbox 315 1384 395 1446; x_wconf 86' lang='grc' dir='ltr'><strong>είς</strong></span> <span class='ocrx_word' id='word_1_87' title='bbox 449 1383 720 1454; x_wconf 80' lang='grc' dir='ltr'>σωτηρίαν</span> <span class='ocrx_word' id='word_1_88' title='bbox 744 1397 758 1412; x_wconf 88' lang='grc'><strong>·</strong></span> <span class='ocrx_word' id='word_1_89' title='bbox 817 1381 913 1434; x_wconf 73' lang='grc' dir='ltr'><strong>καὶ</strong></span> <span class='ocrx_word' id='word_1_90' title='bbox 944 1380 1148 1443; x_wconf 81' lang='grc' dir='ltr'>εὐθέως</span> <span class='ocrx_word' id='word_1_91' title='bbox 1170 1381 1382 1448; x_wconf 74' lang='grc' dir='ltr'>εἰσάγει</span> <span class='ocrx_word' id='word_1_92' title='bbox 1416 1381 1477 1433; x_wconf 82' lang='grc' dir='ltr'><strong>τὸ</strong></span> <span class='ocrx_word' id='word_1_93' title='bbox 1503 1380 1720 1451; x_wconf 83' lang='grc' dir='ltr'>μέτριον</span> 
     </span>
    </p>
   </div>
   <div class='ocr_carea' id='block_1_15' title="bbox 152 1474 1718 1545">
    <p class='ocr_par' dir='ltr' id='par_1_15' title="bbox 152 1474 1718 1545">
     <span class='ocr_line' id='line_1_15' title="bbox 152 1474 1718 1545; baseline -0.001 -18"><span class='ocrx_word' id='word_1_94' title='bbox 152 1476 245 1527; x_wconf 79' lang='grc' dir='ltr'>διὰ</span> <span class='ocrx_word' id='word_1_95' title='bbox 269 1476 371 1545; x_wconf 83' lang='grc' dir='ltr'>τῆς</span> <span class='ocrx_word' id='word_1_96' title='bbox 397 1475 571 1529; x_wconf 84' lang='grc' dir='ltr'>αὐτῶν</span> <span class='ocrx_word' id='word_1_97' title='bbox 597 1474 831 1544; x_wconf 85' lang='grc' dir='ltr'>δεήσεως</span> <span class='ocrx_word' id='word_1_98' title='bbox 859 1476 949 1527; x_wconf 76' lang='grc' dir='ltr'>καὶ</span> <span class='ocrx_word' id='word_1_99' title='bbox 979 1474 1240 1545; x_wconf 77' lang='grc' dir='ltr'>χορηγίας</span> <span class='ocrx_word' id='word_1_100' title='bbox 1259 1474 1351 1527; x_wconf 88' lang='grc' dir='ltr'><strong>τοῦ</strong></span> <span class='ocrx_word' id='word_1_101' title='bbox 1383 1474 1718 1541; x_wconf 49' lang='lat' dir='ltr'><strong>“vstigia-ro“</strong></span> 
     </span>
    </p>
   </div>
   <div class='ocr_carea' id='block_1_16' title="bbox 154 1564 1460 1639">
    <p class='ocr_par' dir='ltr' id='par_1_16' title="bbox 154 1564 1460 1639">
     <span class='ocr_line' id='line_1_16' title="bbox 154 1564 1460 1639; baseline 0 -20"><span class='ocrx_word' id='word_1_102' title='bbox 154 1566 364 1638; x_wconf 85' lang='grc' dir='ltr'>ταύτην</span> <span class='ocrx_word' id='word_1_103' title='bbox 394 1566 542 1638; x_wconf 84' lang='grc' dir='ltr'>αὐτῷ</span> <span class='ocrx_word' id='word_1_104' title='bbox 573 1565 1003 1636; x_wconf 66' lang='grc' dir='ltr'>γίνεᾱθαιλὲγων</span> <span class='ocrx_word' id='word_1_105' title='bbox 1034 1565 1137 1637; x_wconf 79' lang='grc' dir='ltr'>τὴν</span> <span class='ocrx_word' id='word_1_106' title='bbox 1166 1564 1460 1639; x_wconf 86' lang='grc' dir='ltr'>σωτηρίαν.</span> 
     </span>
    </p>
   </div>
   <div class='ocr_carea' id='block_1_17' title="bbox 231 1743 1725 1816">
    <p class='ocr_par' dir='ltr' id='par_1_17' title="bbox 231 1743 1725 1816">
     <span class='ocr_line' id='line_1_17' title="bbox 231 1743 1725 1816; baseline 0 -19"><span class='ocrx_word' id='word_1_107' title='bbox 231 1765 250 1797; x_wconf 74' lang='grc' dir='ltr'><strong>ι</strong></span> <span class='ocrx_word' id='word_1_108' title='bbox 282 1745 410 1799; x_wconf 87' lang='grc' dir='ltr'><strong>Ὅτι</strong></span> <span class='ocrx_word' id='word_1_109' title='bbox 466 1746 523 1798; x_wconf 69' lang='grc' dir='ltr'>ἐν</span> <span class='ocrx_word' id='word_1_110' title='bbox 581 1744 753 1799; x_wconf 79' lang='grc' dir='ltr'>οὐδενὶ</span> <span class='ocrx_word' id='word_1_111' title='bbox 799 1743 1253 1815; x_wconf 76' lang='grc' dir='ltr'>αἰσχυνθήσομαι,</span> <span class='ocrx_word' id='word_1_112' title='bbox 1305 1744 1420 1797; x_wconf 84' lang='grc' dir='ltr'>ἀλλ’</span> <span class='ocrx_word' id='word_1_113' title='bbox 1466 1746 1524 1797; x_wconf 82' lang='grc' dir='ltr'>ἐν</span> <span class='ocrx_word' id='word_1_114' title='bbox 1576 1744 1725 1816; x_wconf 72' lang='grc' dir='ltr'>πάσᾳ</span> 
     </span>
    </p>
   </div>
   <div class='ocr_carea' id='block_1_18' title="bbox 154 1836 1727 1909">
    <p class='ocr_par' dir='ltr' id='par_1_18' title="bbox 154 1836 1727 1909">
     <span class='ocr_line' id='line_1_18' title="bbox 154 1836 1727 1909; baseline 0.001 -21"><span class='ocrx_word' id='word_1_115' title='bbox 154 1838 465 1908; x_wconf 70' lang='grc' dir='ltr'>παρρησία,</span> <span class='ocrx_word' id='word_1_116' title='bbox 496 1838 572 1899; x_wconf 85' lang='grc' dir='ltr'>ὠς</span> <span class='ocrx_word' id='word_1_117' title='bbox 598 1837 830 1891; x_wconf 83' lang='grc' dir='ltr'>πάντοτε</span> <span class='ocrx_word' id='word_1_118' title='bbox 861 1837 957 1890; x_wconf 79' lang='grc' dir='ltr'><strong>καὶ</strong></span> <span class='ocrx_word' id='word_1_119' title='bbox 978 1836 1071 1891; x_wconf 85' lang='grc' dir='ltr'><strong>νῦν</strong></span> <span class='ocrx_word' id='word_1_120' title='bbox 1093 1836 1561 1909; x_wconf 79' lang='grc' dir='ltr'>μεγαλυνθήσεται</span> <span class='ocrx_word' id='word_1_121' title='bbox 1590 1838 1727 1906; x_wconf 87' lang='grc' dir='ltr'>Χρι-</span> 
     </span>
    </p>
   </div>
   <div class='ocr_carea' id='block_1_19' title="bbox 154 1927 920 2000">
    <p class='ocr_par' dir='ltr' id='par_1_19' title="bbox 154 1927 920 2000">
     <span class='ocr_line' id='line_1_19' title="bbox 154 1927 920 2000; baseline -0.001 -18"><span class='ocrx_word' id='word_1_122' title='bbox 154 1930 280 1990; x_wconf 83' lang='grc' dir='ltr'>στὸς</span> <span class='ocrx_word' id='word_1_123' title='bbox 310 1932 367 1983; x_wconf 84' lang='grc' dir='ltr'>ὲν</span> <span class='ocrx_word' id='word_1_124' title='bbox 395 1929 472 1999; x_wconf 84' lang='grc' dir='ltr'><strong>τῷ</strong></span> <span class='ocrx_word' id='word_1_125' title='bbox 499 1927 708 2000; x_wconf 85' lang='grc' dir='ltr'>σώματί</span> <span class='ocrx_word' id='word_1_126' title='bbox 748 1945 868 1999; x_wconf 89' lang='grc' dir='ltr'>μου.</span> <span class='ocrx_word' id='word_1_127' title='bbox 902 1947 920 1981; x_wconf 75' lang='grc' dir='ltr'><strong>ι</strong></span> 
     </span>
    </p>
   </div>
   <div class='ocr_carea' id='block_1_20' title="bbox 226 2020 1724 2093">
    <p class='ocr_par' dir='ltr' id='par_1_20' title="bbox 226 2020 1724 2093">
     <span class='ocr_line' id='line_1_20' title="bbox 226 2020 1724 2093; baseline -0.001 -19"><span class='ocrx_word' id='word_1_128' title='bbox 226 2021 539 2086; x_wconf 84' lang='grc' dir='ltr'>Τουτέστιν,</span> <span class='ocrx_word' id='word_1_129' title='bbox 589 2023 647 2075; x_wconf 82' lang='grc' dir='ltr'><strong>οὐ</strong></span> <span class='ocrx_word' id='word_1_130' title='bbox 687 2021 838 2093; x_wconf 72' lang='grc' dir='ltr'><strong>φόϐῳ</strong></span> <span class='ocrx_word' id='word_1_131' title='bbox 880 2022 989 2075; x_wconf 81' lang='grc' dir='ltr'>τῶν</span> <span class='ocrx_word' id='word_1_132' title='bbox 1016 2021 1254 2092; x_wconf 83' lang='grc' dir='ltr'>δεσμῶν,</span> <span class='ocrx_word' id='word_1_133' title='bbox 1302 2021 1364 2076; x_wconf 78' lang='grc' dir='ltr'><strong>οὐ</strong></span> <span class='ocrx_word' id='word_1_134' title='bbox 1392 2022 1494 2092; x_wconf 83' lang='grc' dir='ltr'>τῆς</span> <span class='ocrx_word' id='word_1_135' title='bbox 1524 2020 1724 2075; x_wconf 84' lang='grc' dir='ltr'>ἀπολο-</span> 
     </span>
    </p>
   </div>
   <div class='ocr_carea' id='block_1_21' title="bbox 154 2114 1721 2188">
    <p class='ocr_par' dir='ltr' id='par_1_21' title="bbox 154 2114 1721 2188">
     <span class='ocr_line' id='line_1_21' title="bbox 154 2114 1721 2188; baseline 0 -20"><span class='ocrx_word' id='word_1_136' title='bbox 154 2122 309 2183; x_wconf 78' lang='grc' dir='ltr'>γίας,</span> <span class='ocrx_word' id='word_1_137' title='bbox 341 2117 441 2169; x_wconf 79' lang='grc' dir='ltr'><strong>οὐκ</strong></span> <span class='ocrx_word' id='word_1_138' title='bbox 474 2115 637 2170; x_wconf 85' lang='grc' dir='ltr'>αὐτοῦ</span> <span class='ocrx_word' id='word_1_139' title='bbox 664 2115 772 2170; x_wconf 78' lang='grc' dir='ltr'><strong>τοῦ</strong></span> <span class='ocrx_word' id='word_1_140' title='bbox 793 2115 1048 2183; x_wconf 83' lang='grc' dir='ltr'>θανάτου,</span> <span class='ocrx_word' id='word_1_141' title='bbox 1070 2114 1332 2188; x_wconf 82' lang='grc' dir='ltr'>προδώσω</span> <span class='ocrx_word' id='word_1_142' title='bbox 1350 2116 1411 2170; x_wconf 85' lang='grc' dir='ltr'><strong>τὸ</strong></span> <span class='ocrx_word' id='word_1_143' title='bbox 1438 2116 1721 2188; x_wconf 78' lang='grc' dir='ltr'>κήρυγμα.</span> 
     </span>
    </p>
   </div>
   <div class='ocr_carea' id='block_1_22' title="bbox 235 2279 1332 2350">
    <p class='ocr_par' dir='ltr' id='par_1_22' title="bbox 235 2279 1332 2350">
     <span class='ocr_line' id='line_1_22' title="bbox 235 2279 1332 2350; baseline -0.003 -18"><span class='ocrx_word' id='word_1_144' title='bbox 235 2299 255 2332; x_wconf 71' lang='grc' dir='ltr'><strong>ι</strong></span> <span class='ocrx_word' id='word_1_145' title='bbox 296 2280 421 2333; x_wconf 80' lang='grc' dir='ltr'>Εἴτε</span> <span class='ocrx_word' id='word_1_146' title='bbox 449 2279 538 2333; x_wconf 85' lang='grc' dir='ltr'>διὰ</span> <span class='ocrx_word' id='word_1_147' title='bbox 567 2281 730 2350; x_wconf 82' lang='grc' dir='ltr'>ζωῆς,</span> <span class='ocrx_word' id='word_1_148' title='bbox 757 2280 867 2334; x_wconf 84' lang='grc' dir='ltr'>εῖτε</span> <span class='ocrx_word' id='word_1_149' title='bbox 893 2280 982 2334; x_wconf 83' lang='grc' dir='ltr'>διὰ</span> <span class='ocrx_word' id='word_1_150' title='bbox 1016 2280 1272 2335; x_wconf 80' lang='grc' dir='ltr'>θανάτου.</span> <span class='ocrx_word' id='word_1_151' title='bbox 1313 2298 1332 2329; x_wconf 76' lang='grc' dir='ltr'><strong>ι</strong></span> 
     </span>
    </p>
   </div>
   <div class='ocr_carea' id='block_1_23' title="bbox 230 2372 1727 2443">
    <p class='ocr_par' dir='ltr' id='par_1_23' title="bbox 230 2372 1727 2443">
     <span class='ocr_line' id='line_1_23' title="bbox 230 2372 1727 2443; baseline -0.002 -14"><span class='ocrx_word' id='word_1_152' title='bbox 230 2374 348 2429; x_wconf 76' lang='grc' dir='ltr'>Κᾶν</span> <span class='ocrx_word' id='word_1_153' title='bbox 404 2372 510 2440; x_wconf 85' lang='grc' dir='ltr'><strong>ζῶ,</strong></span> <span class='ocrx_word' id='word_1_154' title='bbox 562 2372 715 2443; x_wconf 72' lang='grc' dir='ltr'>φησὶ,</span> <span class='ocrx_word' id='word_1_155' title='bbox 773 2373 1055 2427; x_wconf 84' lang='grc' dir='ltr'>πλεονάσω</span> <span class='ocrx_word' id='word_1_156' title='bbox 1111 2372 1191 2442; x_wconf 84' lang='grc' dir='ltr'>τῷ</span> <span class='ocrx_word' id='word_1_157' title='bbox 1242 2372 1578 2443; x_wconf 84' lang='grc' dir='ltr'>κηρύγματι,</span> <span class='ocrx_word' id='word_1_158' title='bbox 1622 2372 1727 2426; x_wconf 82' lang='grc' dir='ltr'>κᾶν</span> 
     </span>
    </p>
   </div>
   <div class='ocr_carea' id='block_1_24' title="bbox 1820 643 3389 721">
    <p class='ocr_par' dir='ltr' id='par_1_24' title="bbox 1820 643 3389 721">
     <span class='ocr_line' id='line_1_24' title="bbox 1820 643 3389 721; baseline 0.006 -24"><span class='ocrx_word' id='word_1_159' title='bbox 1820 643 2008 714; x_wconf 69' lang='lat' dir='ltr'><strong>[Vl-ms.</strong></span> <span class='ocrx_word' id='word_1_160' title='bbox 2045 646 2130 711; x_wconf 75' lang='grc'><strong>19,</strong></span> <span class='ocrx_word' id='word_1_161' title='bbox 2161 646 2280 717; x_wconf 71' lang='grc' dir='ltr'><strong>20.Ῐ</strong></span> <span class='ocrx_word' id='word_1_162' title='bbox 2304 649 2432 702; x_wconf 85' lang='lat' dir='ltr'><strong>Seio</strong></span> <span class='ocrx_word' id='word_1_163' title='bbox 2462 648 2607 703; x_wconf 90' lang='lat' dir='ltr'><strong>enim</strong></span> <span class='ocrx_word' id='word_1_164' title='bbox 2643 651 2775 718; x_wconf 82' lang='lat' dir='ltr'><strong>quia</strong></span> <span class='ocrx_word' id='word_1_165' title='bbox 2802 650 2901 704; x_wconf 92' lang='lat' dir='ltr'><strong>hoc</strong></span> <span class='ocrx_word' id='word_1_166' title='bbox 2936 651 3075 704; x_wconf 72' lang='lat' dir='ltr'><strong>mihi</strong></span> <span class='ocrx_word' id='word_1_167' title='bbox 3102 651 3389 721; x_wconf 88' lang='lat' dir='ltr'><strong>proveniet</strong></span> 
     </span>
    </p>
   </div>
   <div class='ocr_carea' id='block_1_25' title="bbox 1818 738 3387 809">
    <p class='ocr_par' dir='ltr' id='par_1_25' title="bbox 1818 738 3387 809">
     <span class='ocr_line' id='line_1_25' title="bbox 1818 738 3387 809; baseline 0.006 -19"><span class='ocrx_word' id='word_1_168' title='bbox 1818 738 1884 791; x_wconf 89' lang='lat' dir='ltr'><strong>ad</strong></span> <span class='ocrx_word' id='word_1_169' title='bbox 1917 739 2149 793; x_wconf 75' lang='lat' dir='ltr'><strong>salutem</strong></span> <span class='ocrx_word' id='word_1_170' title='bbox 2195 756 2290 808; x_wconf 89' lang='lat' dir='ltr'><strong>per</strong></span> <span class='ocrx_word' id='word_1_171' title='bbox 2352 750 2591 797; x_wconf 78' lang='lat' dir='ltr'><strong>vestram</strong></span> <span class='ocrx_word' id='word_1_172' title='bbox 2642 743 2973 809; x_wconf 77' lang='lat' dir='ltr'><strong>Orationem,</strong></span> <span class='ocrx_word' id='word_1_173' title='bbox 3030 752 3084 799; x_wconf 91' lang='lat' dir='ltr'><strong>et</strong></span> <span class='ocrx_word' id='word_1_174' title='bbox 3118 743 3387 800; x_wconf 84' lang='lat' dir='ltr'><strong>submini-</strong></span> 
     </span>
    </p>
   </div>
   <div class='ocr_carea' id='block_1_26' title="bbox 1818 831 3382 907">
    <p class='ocr_par' dir='ltr' id='par_1_26' title="bbox 1818 831 3382 907">
     <span class='ocr_line' id='line_1_26' title="bbox 1818 831 3382 907; baseline 0.005 -23"><span class='ocrx_word' id='word_1_175' title='bbox 1818 831 2145 885; x_wconf 86' lang='lat' dir='ltr'><strong>strationem</strong></span> <span class='ocrx_word' id='word_1_176' title='bbox 2180 831 2419 901; x_wconf 78' lang='lat' dir='ltr'><strong>Spiritus</strong></span> <span class='ocrx_word' id='word_1_177' title='bbox 2445 832 2578 887; x_wconf 81' lang='lat' dir='ltr'><strong>Jesu</strong></span> <span class='ocrx_word' id='word_1_178' title='bbox 2595 834 3143 899; x_wconf 88' lang='lat' dir='ltr'><strong>Christi,secundum</strong></span> <span class='ocrx_word' id='word_1_179' title='bbox 3185 850 3382 907; x_wconf 79' lang='lat' dir='ltr'><strong>exspe-</strong></span> 
     </span>
    </p>
   </div>
   <div class='ocr_carea' id='block_1_27' title="bbox 1818 923 2663 991">
    <p class='ocr_par' dir='ltr' id='par_1_27' title="bbox 1818 923 2663 991">
     <span class='ocr_line' id='line_1_27' title="bbox 1818 923 2663 991; baseline 0 -16"><span class='ocrx_word' id='word_1_180' title='bbox 1818 923 2114 976; x_wconf 86' lang='lat' dir='ltr'><strong>ctationem</strong></span> <span class='ocrx_word' id='word_1_181' title='bbox 2149 930 2203 977; x_wconf 88' lang='lat' dir='ltr'><strong>et</strong></span> <span class='ocrx_word' id='word_1_182' title='bbox 2229 938 2383 991; x_wconf 87' lang='lat' dir='ltr'><strong>spem</strong></span> <span class='ocrx_word' id='word_1_183' title='bbox 2413 938 2609 977; x_wconf 88' lang='lat' dir='ltr'><strong>meam.</strong></span> <span class='ocrx_word' id='word_1_184' title='bbox 2647 946 2663 975; x_wconf 77' lang='grc' dir='ltr'><strong>ι</strong></span> 
     </span>
    </p>
   </div>
   <div class='ocr_carea' id='block_1_28' title="bbox 1891 1011 3382 1082">
    <p class='ocr_par' dir='ltr' id='par_1_28' title="bbox 1891 1011 3382 1082">
     <span class='ocr_line' id='line_1_28' title="bbox 1891 1011 3382 1082; baseline 0.003 -18"><span class='ocrx_word' id='word_1_185' title='bbox 1891 1011 2126 1067; x_wconf 84' lang='lat' dir='ltr'><strong>Tantum</strong></span> <span class='ocrx_word' id='word_1_186' title='bbox 2158 1014 2337 1075; x_wconf 85' lang='lat' dir='ltr'><strong>abest,</strong></span> <span class='ocrx_word' id='word_1_187' title='bbox 2372 1012 2571 1082; x_wconf 86' lang='lat' dir='ltr'><strong>inquit,</strong></span> <span class='ocrx_word' id='word_1_188' title='bbox 2604 1023 2663 1067; x_wconf 91' lang='lat' dir='ltr'><strong>ut</strong></span> <span class='ocrx_word' id='word_1_189' title='bbox 2690 1016 2929 1070; x_wconf 80' lang='lat' dir='ltr'><strong>vinculis</strong></span> <span class='ocrx_word' id='word_1_190' title='bbox 2967 1016 3104 1071; x_wconf 86' lang='lat' dir='ltr'><strong>meis</strong></span> <span class='ocrx_word' id='word_1_191' title='bbox 3143 1016 3382 1079; x_wconf 85' lang='lat' dir='ltr'><strong>doleam,</strong></span> 
     </span>
    </p>
   </div>
   <div class='ocr_carea' id='block_1_29' title="bbox 1819 1106 3383 1186">
    <p class='ocr_par' dir='ltr' id='par_1_29' title="bbox 1819 1106 3383 1186">
     <span class='ocr_line' id='line_1_29' title="bbox 1819 1106 3383 1186; baseline 0.001 -28"><span class='ocrx_word' id='word_1_192' title='bbox 1819 1106 1964 1186; x_wconf 87' lang='lat' dir='ltr'><strong>quod</strong></span> <span class='ocrx_word' id='word_1_193' title='bbox 2008 1107 2276 1161; x_wconf 89' lang='lat' dir='ltr'><strong>rationem</strong></span> <span class='ocrx_word' id='word_1_194' title='bbox 2308 1106 2630 1161; x_wconf 76' lang='lat' dir='ltr'><strong>redditurus</strong></span> <span class='ocrx_word' id='word_1_195' title='bbox 2683 1107 2807 1171; x_wconf 90' lang='lat' dir='ltr'><strong>sim,</strong></span> <span class='ocrx_word' id='word_1_196' title='bbox 2853 1125 2968 1163; x_wconf 91' lang='lat' dir='ltr'><strong>non</strong></span> <span class='ocrx_word' id='word_1_197' title='bbox 3001 1110 3175 1164; x_wconf 91' lang='lat' dir='ltr'><strong>solum</strong></span> <span class='ocrx_word' id='word_1_198' title='bbox 3196 1123 3383 1163; x_wconf 87' lang='lat' dir='ltr'><strong>eorum</strong></span> 
     </span>
    </p>
   </div>
   <div class='ocr_carea' id='block_1_30' title="bbox 1820 1188 3388 1270">
    <p class='ocr_par' dir='ltr' id='par_1_30' title="bbox 1820 1188 3388 1270">
     <span class='ocr_line' id='line_1_30' title="bbox 1820 1188 3388 1270; baseline 0.002 -20"><span class='ocrx_word' id='word_1_199' title='bbox 1820 1214 1941 1265; x_wconf 89' lang='lat' dir='ltr'><strong>quae</strong></span> <span class='ocrx_word' id='word_1_200' title='bbox 1971 1198 2149 1267; x_wconf 85' lang='lat' dir='ltr'><strong>palam</strong></span> <span class='ocrx_word' id='word_1_201' title='bbox 2205 1188 2496 1263; x_wconf 86' lang='lat' dir='ltr'><strong>annuntio,</strong></span> <span class='ocrx_word' id='word_1_202' title='bbox 2535 1213 2727 1253; x_wconf 90' lang='lat' dir='ltr'><strong>verum</strong></span> <span class='ocrx_word' id='word_1_203' title='bbox 2778 1200 2945 1254; x_wconf 90' lang='lat' dir='ltr'><strong>etiam</strong></span> <span class='ocrx_word' id='word_1_204' title='bbox 2981 1199 3388 1270; x_wconf 69' lang='lat' dir='ltr'><strong>praedicationis</strong></span> 
     </span>
    </p>
   </div>
   <div class='ocr_carea' id='block_1_31' title="bbox 1823 1285 3389 1357">
    <p class='ocr_par' dir='ltr' id='par_1_31' title="bbox 1823 1285 3389 1357">
     <span class='ocr_line' id='line_1_31' title="bbox 1823 1285 3389 1357; baseline 0 -17"><span class='ocrx_word' id='word_1_205' title='bbox 1823 1288 2075 1351; x_wconf 88' lang='lat' dir='ltr'><strong>illorum;</strong></span> <span class='ocrx_word' id='word_1_206' title='bbox 2111 1295 2171 1341; x_wconf 89' lang='lat' dir='ltr'><strong>ut</strong></span> <span class='ocrx_word' id='word_1_207' title='bbox 2225 1289 2409 1357; x_wconf 87' lang='lat' dir='ltr'><strong>potius</strong></span> <span class='ocrx_word' id='word_1_208' title='bbox 2472 1285 2823 1357; x_wconf 77' lang='lat' dir='ltr'><strong>gaudendum</strong></span> <span class='ocrx_word' id='word_1_209' title='bbox 2894 1286 3248 1341; x_wconf 74' lang='lat' dir='ltr'><strong>existimem:</strong></span> <span class='ocrx_word' id='word_1_210' title='bbox 3300 1300 3389 1341; x_wconf 84' lang='lat' dir='ltr'><strong>res</strong></span> 
     </span>
    </p>
   </div>
   <div class='ocr_carea' id='block_1_32' title="bbox 1823 1377 3388 1449">
    <p class='ocr_par' dir='ltr' id='par_1_32' title="bbox 1823 1377 3388 1449">
     <span class='ocr_line' id='line_1_32' title="bbox 1823 1377 3388 1449; baseline -0.001 -18"><span class='ocrx_word' id='word_1_211' title='bbox 1823 1388 2018 1449; x_wconf 78' lang='lat' dir='ltr'><strong>quippe</strong></span> <span class='ocrx_word' id='word_1_212' title='bbox 2056 1380 2213 1433; x_wconf 85' lang='lat' dir='ltr'><strong>nobis</strong></span> <span class='ocrx_word' id='word_1_213' title='bbox 2245 1396 2300 1433; x_wconf 79' lang='lat' dir='ltr'><strong>in</strong></span> <span class='ocrx_word' id='word_1_214' title='bbox 2348 1381 2580 1434; x_wconf 83' lang='lat' dir='ltr'><strong>salutem</strong></span> <span class='ocrx_word' id='word_1_215' title='bbox 2638 1377 2919 1433; x_wconf 78' lang='lat' dir='ltr'><strong>succedet.</strong></span> <span class='ocrx_word' id='word_1_216' title='bbox 2951 1378 3221 1433; x_wconf 71' lang='lat' dir='ltr'><strong>Caeterum</strong></span> <span class='ocrx_word' id='word_1_217' title='bbox 3277 1384 3388 1431; x_wconf 85' lang='lat' dir='ltr'><strong>sta-</strong></span> 
     </span>
    </p>
   </div>
   <div class='ocr_carea' id='block_1_33' title="bbox 1824 1466 3388 1535">
    <p class='ocr_par' dir='ltr' id='par_1_33' title="bbox 1824 1466 3388 1535">
     <span class='ocr_line' id='line_1_33' title="bbox 1824 1466 3388 1535; baseline 0.001 -18"><span class='ocrx_word' id='word_1_218' title='bbox 1824 1470 1916 1517; x_wconf 80' lang='lat' dir='ltr'><strong>tim</strong></span> <span class='ocrx_word' id='word_1_219' title='bbox 1951 1466 2270 1519; x_wconf 75' lang='lat' dir='ltr'><strong>modestiam</strong></span> <span class='ocrx_word' id='word_1_220' title='bbox 2304 1466 2541 1535; x_wconf 70' lang='lat' dir='ltr'><strong>praefert,</strong></span> <span class='ocrx_word' id='word_1_221' title='bbox 2569 1482 2693 1521; x_wconf 90' lang='lat' dir='ltr'><strong>cum</strong></span> <span class='ocrx_word' id='word_1_222' title='bbox 2726 1467 2805 1520; x_wconf 88' lang='lat' dir='ltr'><strong>ait</strong></span> <span class='ocrx_word' id='word_1_223' title='bbox 2844 1467 2986 1521; x_wconf 90' lang='lat' dir='ltr'><strong>hanc</strong></span> <span class='ocrx_word' id='word_1_224' title='bbox 3012 1467 3114 1523; x_wconf 90' lang='lat' dir='ltr'><strong>sibi</strong></span> <span class='ocrx_word' id='word_1_225' title='bbox 3155 1466 3388 1521; x_wconf 78' lang='lat' dir='ltr'><strong>salutem</strong></span> 
     </span>
    </p>
   </div>
   <div class='ocr_carea' id='block_1_34' title="bbox 1824 1556 3389 1628">
    <p class='ocr_par' dir='ltr' id='par_1_34' title="bbox 1824 1556 3389 1628">
     <span class='ocr_line' id='line_1_34' title="bbox 1824 1556 3389 1628; baseline 0.002 -19"><span class='ocrx_word' id='word_1_226' title='bbox 1824 1560 2077 1625; x_wconf 85' lang='lat' dir='ltr'><strong>precibus</strong></span> <span class='ocrx_word' id='word_1_227' title='bbox 2111 1559 2356 1627; x_wconf 88' lang='lat' dir='ltr'><strong>ipsorum</strong></span> <span class='ocrx_word' id='word_1_228' title='bbox 2385 1570 2438 1614; x_wconf 91' lang='lat' dir='ltr'><strong>et</strong></span> <span class='ocrx_word' id='word_1_229' title='bbox 2465 1557 2988 1614; x_wconf 84' lang='lat' dir='ltr'><strong>subministratione</strong></span> <span class='ocrx_word' id='word_1_230' title='bbox 3019 1558 3253 1628; x_wconf 79' lang='lat' dir='ltr'><strong>Spiritus</strong></span> <span class='ocrx_word' id='word_1_231' title='bbox 3286 1556 3389 1612; x_wconf 88' lang='lat' dir='ltr'><strong>ob-</strong></span> 
     </span>
    </p>
   </div>
   <div class='ocr_carea' id='block_1_35' title="bbox 1826 1659 2103 1703">
    <p class='ocr_par' dir='ltr' id='par_1_35' title="bbox 1826 1659 2103 1703">
     <span class='ocr_line' id='line_1_35' title="bbox 1826 1659 2103 1703; baseline 0.011 -3"><span class='ocrx_word' id='word_1_232' title='bbox 1826 1659 2103 1703; x_wconf 80' lang='lat' dir='ltr'><strong>venturam</strong></span> 
     </span>
    </p>
   </div>
   <div class='ocr_carea' id='block_1_36' title="bbox 1905 1740 3385 1813">
    <p class='ocr_par' dir='ltr' id='par_1_36' title="bbox 1905 1740 3385 1813">
     <span class='ocr_line' id='line_1_36' title="bbox 1905 1740 3385 1813; baseline -0.002 -15"><span class='ocrx_word' id='word_1_233' title='bbox 1905 1766 1922 1797; x_wconf 80' lang='lat' dir='ltr'><strong>r</strong></span> <span class='ocrx_word' id='word_1_234' title='bbox 1951 1746 2089 1813; x_wconf 86' lang='lat' dir='ltr'><strong>Quia</strong></span> <span class='ocrx_word' id='word_1_235' title='bbox 2125 1748 2178 1802; x_wconf 92' lang='lat' dir='ltr'><strong>in</strong></span> <span class='ocrx_word' id='word_1_236' title='bbox 2208 1749 2359 1802; x_wconf 86' lang='lat' dir='ltr'><strong>nullo</strong></span> <span class='ocrx_word' id='word_1_237' title='bbox 2402 1748 2749 1811; x_wconf 83' lang='lat' dir='ltr'><strong>confundar;</strong></span> <span class='ocrx_word' id='word_1_238' title='bbox 2786 1745 2878 1801; x_wconf 90' lang='lat' dir='ltr'><strong>sed</strong></span> <span class='ocrx_word' id='word_1_239' title='bbox 2914 1745 2969 1800; x_wconf 90' lang='lat' dir='ltr'><strong>in</strong></span> <span class='ocrx_word' id='word_1_240' title='bbox 2996 1743 3144 1799; x_wconf 91' lang='lat' dir='ltr'><strong>omni</strong></span> <span class='ocrx_word' id='word_1_241' title='bbox 3172 1740 3385 1804; x_wconf 76' lang='lat' dir='ltr'><strong>ﬁducia,</strong></span> 
     </span>
    </p>
   </div>
   <div class='ocr_carea' id='block_1_37' title="bbox 1828 1830 3389 1909">
    <p class='ocr_par' dir='ltr' id='par_1_37' title="bbox 1828 1830 3389 1909">
     <span class='ocr_line' id='line_1_37' title="bbox 1828 1830 3389 1909; baseline -0.004 -18"><span class='ocrx_word' id='word_1_242' title='bbox 1828 1838 1973 1892; x_wconf 87' lang='lat' dir='ltr'><strong>sicut</strong></span> <span class='ocrx_word' id='word_1_243' title='bbox 2007 1855 2225 1909; x_wconf 88' lang='lat' dir='ltr'><strong>semper</strong></span> <span class='ocrx_word' id='word_1_244' title='bbox 2243 1849 2296 1894; x_wconf 88' lang='lat' dir='ltr'><strong>ct</strong></span> <span class='ocrx_word' id='word_1_245' title='bbox 2322 1856 2490 1901; x_wconf 85' lang='lat' dir='ltr'><strong>nunc,</strong></span> <span class='ocrx_word' id='word_1_246' title='bbox 2527 1838 2968 1909; x_wconf 80' lang='lat' dir='ltr'><strong>magniﬁcabitur</strong></span> <span class='ocrx_word' id='word_1_247' title='bbox 3028 1831 3280 1888; x_wconf 86' lang='lat' dir='ltr'><strong>Christus</strong></span> <span class='ocrx_word' id='word_1_248' title='bbox 3332 1830 3389 1885; x_wconf 81' lang='lat' dir='ltr'><strong>in</strong></span> 
     </span>
    </p>
   </div>
   <div class='ocr_carea' id='block_1_38' title="bbox 1757 1914 2294 1999">
    <p class='ocr_par' dir='ltr' id='par_1_38' title="bbox 1757 1914 2294 1999">
     <span class='ocr_line' id='line_1_38' title="bbox 1757 1914 2294 1999; baseline -0.007 -14"><span class='ocrx_word' id='word_1_249' title='bbox 1757 1914 1801 1971; x_wconf 78' lang='grc' dir='ltr'><strong>Β</strong></span> <span class='ocrx_word' id='word_1_250' title='bbox 1828 1944 2058 1999; x_wconf 91' lang='lat' dir='ltr'><strong>corpore</strong></span> <span class='ocrx_word' id='word_1_251' title='bbox 2092 1946 2234 1985; x_wconf 89' lang='lat' dir='ltr'><strong>meo.</strong></span> <span class='ocrx_word' id='word_1_252' title='bbox 2277 1951 2294 1981; x_wconf 68' lang='grc' dir='ltr'>υ</span> 
     </span>
    </p>
   </div>
   <div class='ocr_carea' id='block_1_39' title="bbox 1901 2010 3391 2091">
    <p class='ocr_par' dir='ltr' id='par_1_39' title="bbox 1901 2010 3391 2091">
     <span class='ocr_line' id='line_1_39' title="bbox 1901 2010 3391 2091; baseline -0.005 -17"><span class='ocrx_word' id='word_1_253' title='bbox 1901 2023 2014 2075; x_wconf 79' lang='lat' dir='ltr'><strong>Hoc</strong></span> <span class='ocrx_word' id='word_1_254' title='bbox 2048 2032 2149 2087; x_wconf 91' lang='lat' dir='ltr'><strong>est,</strong></span> <span class='ocrx_word' id='word_1_255' title='bbox 2180 2022 2401 2076; x_wconf 87' lang='lat' dir='ltr'><strong>vincula</strong></span> <span class='ocrx_word' id='word_1_256' title='bbox 2447 2035 2559 2091; x_wconf 86' lang='lat' dir='ltr'><strong>non</strong></span> <span class='ocrx_word' id='word_1_257' title='bbox 2619 2019 2987 2090; x_wconf 85' lang='lat' dir='ltr'><strong>pertimesco;</strong></span> <span class='ocrx_word' id='word_1_258' title='bbox 3022 2030 3133 2069; x_wconf 90' lang='lat' dir='ltr'><strong>non</strong></span> <span class='ocrx_word' id='word_1_259' title='bbox 3168 2029 3266 2085; x_wconf 90' lang='lat' dir='ltr'><strong>pro</strong></span> <span class='ocrx_word' id='word_1_260' title='bbox 3295 2010 3391 2067; x_wconf 83' lang='lat' dir='ltr'><strong>de-</strong></span> 
     </span>
    </p>
   </div>
   <div class='ocr_carea' id='block_1_40' title="bbox 1826 2112 3386 2182">
    <p class='ocr_par' dir='ltr' id='par_1_40' title="bbox 1826 2112 3386 2182">
     <span class='ocr_line' id='line_1_40' title="bbox 1826 2112 3386 2182; baseline -0.005 -13"><span class='ocrx_word' id='word_1_261' title='bbox 1826 2114 2074 2172; x_wconf 86' lang='lat' dir='ltr'><strong>fensione</strong></span> <span class='ocrx_word' id='word_1_262' title='bbox 2102 2131 2221 2170; x_wconf 90' lang='lat' dir='ltr'><strong>mea</strong></span> <span class='ocrx_word' id='word_1_263' title='bbox 2262 2116 2465 2176; x_wconf 85' lang='lat' dir='ltr'><strong>dicere,</strong></span> <span class='ocrx_word' id='word_1_264' title='bbox 2504 2129 2612 2168; x_wconf 89' lang='lat' dir='ltr'><strong>non</strong></span> <span class='ocrx_word' id='word_1_265' title='bbox 2654 2122 2883 2169; x_wconf 86' lang='lat' dir='ltr'><strong>mortem</strong></span> <span class='ocrx_word' id='word_1_266' title='bbox 2921 2112 3115 2182; x_wconf 84' lang='lat' dir='ltr'><strong>ipsam,</strong></span> <span class='ocrx_word' id='word_1_267' title='bbox 3155 2118 3214 2173; x_wconf 87' lang='lat' dir='ltr'><strong>ut</strong></span> <span class='ocrx_word' id='word_1_268' title='bbox 3251 2118 3386 2178; x_wconf 45' lang='lat' dir='ltr'><strong>prae;</strong></span> 
     </span>
    </p>
   </div>
   <div class='ocr_carea' id='block_1_41' title="bbox 1826 2207 2691 2263">
    <p class='ocr_par' dir='ltr' id='par_1_41' title="bbox 1826 2207 2691 2263">
     <span class='ocr_line' id='line_1_41' title="bbox 1826 2207 2691 2263; baseline -0.001 -1"><span class='ocrx_word' id='word_1_269' title='bbox 1826 2208 2116 2263; x_wconf 86' lang='lat' dir='ltr'><strong>dicationis</strong></span> <span class='ocrx_word' id='word_1_270' title='bbox 2150 2207 2386 2263; x_wconf 84' lang='lat' dir='ltr'><strong>olIicium</strong></span> <span class='ocrx_word' id='word_1_271' title='bbox 2418 2208 2691 2263; x_wconf 87' lang='lat' dir='ltr'><strong>deseram.</strong></span> 
     </span>
    </p>
   </div>
   <div class='ocr_carea' id='block_1_42' title="bbox 1903 2301 3054 2372">
    <p class='ocr_par' dir='ltr' id='par_1_42' title="bbox 1903 2301 3054 2372">
     <span class='ocr_line' id='line_1_42' title="bbox 1903 2301 3054 2372; baseline -0.003 -20"><span class='ocrx_word' id='word_1_272' title='bbox 1903 2321 1920 2352; x_wconf 80' lang='grc' dir='ltr'><strong>ι</strong></span> <span class='ocrx_word' id='word_1_273' title='bbox 1966 2301 2091 2357; x_wconf 88' lang='lat' dir='ltr'><strong>Sive</strong></span> <span class='ocrx_word' id='word_1_274' title='bbox 2126 2318 2223 2372; x_wconf 90' lang='lat' dir='ltr'><strong>per</strong></span> <span class='ocrx_word' id='word_1_275' title='bbox 2244 2310 2435 2365; x_wconf 79' lang='lat' dir='ltr'><strong>vitam,</strong></span> <span class='ocrx_word' id='word_1_276' title='bbox 2462 2318 2579 2357; x_wconf 74' lang='lat' dir='ltr'><strong>srve</strong></span> <span class='ocrx_word' id='word_1_277' title='bbox 2612 2317 2709 2370; x_wconf 85' lang='lat' dir='ltr'><strong>per</strong></span> <span class='ocrx_word' id='word_1_278' title='bbox 2746 2309 2995 2355; x_wconf 89' lang='lat' dir='ltr'><strong>mortem.</strong></span> <span class='ocrx_word' id='word_1_279' title='bbox 3036 2317 3054 2348; x_wconf 77' lang='grc' dir='ltr'><strong>ι</strong></span> 
     </span>
    </p>
   </div>
   <div class='ocr_carea' id='block_1_43' title="bbox 1899 2383 3393 2465">
    <p class='ocr_par' dir='ltr' id='par_1_43' title="bbox 1899 2383 3393 2465">
     <span class='ocr_line' id='line_1_43' title="bbox 1899 2383 3393 2465; baseline -0.005 -18"><span class='ocrx_word' id='word_1_280' title='bbox 1899 2392 2023 2449; x_wconf 85' lang='lat' dir='ltr'><strong>Sive</strong></span> <span class='ocrx_word' id='word_1_281' title='bbox 2048 2395 2256 2453; x_wconf 78' lang='lat' dir='ltr'><strong>vixero.</strong></span> <span class='ocrx_word' id='word_1_282' title='bbox 2315 2394 2537 2462; x_wconf 87' lang='lat' dir='ltr'><strong>inquit,</strong></span> <span class='ocrx_word' id='word_1_283' title='bbox 2601 2387 3220 2465; x_wconf 67' lang='lat' dir='ltr'><strong>amplius-praedicabo,</strong></span> <span class='ocrx_word' id='word_1_284' title='bbox 3277 2383 3393 2439; x_wconf 85' lang='lat' dir='ltr'><strong>sive</strong></span> 
     </span>
    </p>
   </div>
   <div class='ocr_carea' id='block_1_44' title="bbox 157 2460 1823 2553">
    <p class='ocr_par' dir='ltr' id='par_1_44' title="bbox 157 2460 1823 2534">
     <span class='ocr_line' id='line_1_44' title="bbox 157 2460 1823 2534; baseline -0.001 -19"><span class='ocrx_word' id='word_1_285' title='bbox 157 2463 443 2534; x_wconf 69' lang='grc' dir='ltr'>ἀποθάνω,</span> <span class='ocrx_word' id='word_1_286' title='bbox 504 2464 663 2516; x_wconf 83' lang='grc' dir='ltr'>πάλιν</span> <span class='ocrx_word' id='word_1_287' title='bbox 719 2460 999 2527; x_wconf 78' lang='grc' dir='ltr'>δοξάζεται</span> <span class='ocrx_word' id='word_1_288' title='bbox 1028 2461 1285 2532; x_wconf 82' lang='grc' dir='ltr'>Χριστὸς,</span> <span class='ocrx_word' id='word_1_289' title='bbox 1324 2463 1405 2515; x_wconf 84' lang='grc' dir='ltr'>ὅτι</span> <span class='ocrx_word' id='word_1_290' title='bbox 1451 2462 1725 2524; x_wconf 86' lang='grc' dir='ltr'>τοιούτους</span> <span class='ocrx_word' id='word_1_291' title='bbox 1816 2517 1823 2531; x_wconf 39' lang='grc' dir='ltr'><strong><em>η</em></strong></span> 
     </span>
    </p>
   </div>
   <div class='ocr_carea' id='block_1_45' title="bbox 1726 2460 3392 2553">
    <p class='ocr_par' dir='ltr' id='par_1_45' title="bbox 1816 2460 3392 2553">
     <span class='ocr_line' id='line_1_45' title="bbox 1816 2460 3392 2553; baseline -0.006 -14"><span class='ocrx_word' id='word_1_292' title='bbox 1816 2485 2055 2550; x_wconf 79' lang='lat' dir='ltr'><strong>moriar,</strong></span> <span class='ocrx_word' id='word_1_293' title='bbox 2086 2484 2312 2553; x_wconf 88' lang='lat' dir='ltr'><strong>perinde</strong></span> <span class='ocrx_word' id='word_1_294' title='bbox 2340 2460 2598 2539; x_wconf 88' lang='lat' dir='ltr'><strong>Christus</strong></span> <span class='ocrx_word' id='word_1_295' title='bbox 2632 2460 3022 2544; x_wconf 78' lang='lat' dir='ltr'><strong>celebrabitur,</strong></span> <span class='ocrx_word' id='word_1_296' title='bbox 3058 2475 3218 2546; x_wconf 80' lang='lat' dir='ltr'><strong>cujus</strong></span> <span class='ocrx_word' id='word_1_297' title='bbox 3253 2490 3392 2545; x_wconf 70' lang='lat' dir='ltr'><strong>pras-</strong></span> 
     </span>
    </p>
   </div>
   <div class='ocr_carea' id='block_1_46' title="bbox 158 2551 1723 2624">
    <p class='ocr_par' dir='ltr' id='par_1_46' title="bbox 158 2551 1723 2624">
     <span class='ocr_line' id='line_1_46' title="bbox 158 2551 1723 2624; baseline -0.001 -18"><span class='ocrx_word' id='word_1_298' title='bbox 158 2554 289 2623; x_wconf 76' lang='grc' dir='ltr'>ἒσχε</span> <span class='ocrx_word' id='word_1_299' title='bbox 327 2555 453 2615; x_wconf 77' lang='grc' dir='ltr'>τοὺς</span> <span class='ocrx_word' id='word_1_300' title='bbox 480 2552 755 2623; x_wconf 75' lang='grc' dir='ltr'>ὑπηρέτας</span> <span class='ocrx_word' id='word_1_301' title='bbox 778 2552 839 2605; x_wconf 81' lang='grc' dir='ltr'><strong>τὸ</strong></span> <span class='ocrx_word' id='word_1_302' title='bbox 863 2551 1024 2605; x_wconf 83' lang='grc' dir='ltr'>αὑτοῦ</span> <span class='ocrx_word' id='word_1_303' title='bbox 1050 2552 1329 2624; x_wconf 82' lang='grc' dir='ltr'>κήρυγμα,</span> <span class='ocrx_word' id='word_1_304' title='bbox 1355 2551 1429 2616; x_wconf 85' lang='grc' dir='ltr'>ὡς</span> <span class='ocrx_word' id='word_1_305' title='bbox 1450 2552 1544 2606; x_wconf 72' lang='grc' dir='ltr'><strong>καὶ</strong></span> <span class='ocrx_word' id='word_1_306' title='bbox 1560 2551 1723 2605; x_wconf 79' lang='grc' dir='ltr'>αὐτοῦ</span> 
     </span>
    </p>
   </div>
   <div class='ocr_carea' id='block_1_47' title="bbox 158 2644 968 2714">
    <p class='ocr_par' dir='ltr' id='par_1_47' title="bbox 158 2644 968 2714">
     <span class='ocr_line' id='line_1_47' title="bbox 158 2644 968 2714; baseline -0.001 -16"><span class='ocrx_word' id='word_1_307' title='bbox 158 2645 573 2714; x_wconf 80' lang='grc' dir='ltr'>καταφρονῆσαι</span> <span class='ocrx_word' id='word_1_308' title='bbox 599 2644 692 2697; x_wconf 90' lang='grc' dir='ltr'><strong>τοῦ</strong></span> <span class='ocrx_word' id='word_1_309' title='bbox 718 2644 968 2698; x_wconf 73' lang='grc' dir='ltr'>θανάτου.</span> 
     </span>
    </p>
   </div>
   <div class='ocr_carea' id='block_1_48' title="bbox 238 2734 1129 2807">
    <p class='ocr_par' dir='ltr' id='par_1_48' title="bbox 238 2734 1129 2807">
     <span class='ocr_line' id='line_1_48' title="bbox 238 2734 1129 2807; baseline -0.002 -17"><span class='ocrx_word' id='word_1_310' title='bbox 238 2757 257 2789; x_wconf 85' lang='grc'><strong>‹</strong></span> <span class='ocrx_word' id='word_1_311' title='bbox 295 2738 451 2807; x_wconf 75' lang='grc' dir='ltr'>Ἐμοὶ</span> <span class='ocrx_word' id='word_1_312' title='bbox 487 2737 595 2807; x_wconf 90' lang='grc' dir='ltr'><strong>γάρ</strong></span> <span class='ocrx_word' id='word_1_313' title='bbox 623 2736 683 2789; x_wconf 83' lang='grc' dir='ltr'><strong>τὸ</strong></span> <span class='ocrx_word' id='word_1_314' title='bbox 708 2737 806 2807; x_wconf 77' lang='grc' dir='ltr'>ζῇν</span> <span class='ocrx_word' id='word_1_315' title='bbox 834 2734 1086 2806; x_wconf 85' lang='grc' dir='ltr'>Χριστός.</span> <span class='ocrx_word' id='word_1_316' title='bbox 1108 2753 1129 2788; x_wconf 71' lang='grc' dir='ltr'><strong>ι</strong></span> 
     </span>
    </p>
   </div>
   <div class='ocr_carea' id='block_1_49' title="bbox 234 2826 1727 2899">
    <p class='ocr_par' dir='ltr' id='par_1_49' title="bbox 234 2826 1727 2899">
     <span class='ocr_line' id='line_1_49' title="bbox 234 2826 1727 2899; baseline -0.001 -18"><span class='ocrx_word' id='word_1_317' title='bbox 234 2830 410 2883; x_wconf 85' lang='grc' dir='ltr'>Βλέπε</span> <span class='ocrx_word' id='word_1_318' title='bbox 434 2831 522 2883; x_wconf 81' lang='grc' dir='ltr'>διὰ</span> <span class='ocrx_word' id='word_1_319' title='bbox 546 2829 725 2882; x_wconf 89' lang='grc' dir='ltr'>πόσων</span> <span class='ocrx_word' id='word_1_320' title='bbox 746 2829 949 2898; x_wconf 78' lang='grc' dir='ltr'>ἀπάγει</span> <span class='ocrx_word' id='word_1_321' title='bbox 976 2828 1173 2892; x_wconf 79' lang='grc' dir='ltr'>αὐτοὺς</span> <span class='ocrx_word' id='word_1_322' title='bbox 1204 2829 1303 2899; x_wconf 79' lang='grc' dir='ltr'>τῆς</span> <span class='ocrx_word' id='word_1_323' title='bbox 1335 2826 1536 2898; x_wconf 83' lang='grc' dir='ltr'>λύπης.</span> <span class='ocrx_word' id='word_1_324' title='bbox 1572 2828 1727 2899; x_wconf 83' lang='grc' dir='ltr'>πρώ-</span> 
     </span>
    </p>
   </div>
   <div class='ocr_carea' id='block_1_50' title="bbox 154 2919 1727 2992">
    <p class='ocr_par' dir='ltr' id='par_1_50' title="bbox 154 2919 1727 2992">
     <span class='ocr_line' id='line_1_50' title="bbox 154 2919 1727 2992; baseline 0.001 -19"><span class='ocrx_word' id='word_1_325' title='bbox 154 2939 256 2975; x_wconf 85' lang='grc' dir='ltr'><strong>του</strong></span> <span class='ocrx_word' id='word_1_326' title='bbox 284 2922 406 2992; x_wconf 81' lang='grc' dir='ltr'>μὲν,</span> <span class='ocrx_word' id='word_1_327' title='bbox 433 2920 527 2975; x_wconf 89' lang='grc' dir='ltr'><strong>τοῦ</strong></span> <span class='ocrx_word' id='word_1_328' title='bbox 557 2921 632 2991; x_wconf 85' lang='grc' dir='ltr'>μὴ</span> <span class='ocrx_word' id='word_1_329' title='bbox 668 2919 1019 2990; x_wconf 79' lang='grc' dir='ltr'>αἰσχύνεσθαι</span> <span class='ocrx_word' id='word_1_330' title='bbox 1037 2936 1051 2949; x_wconf 75' lang='grc'><strong>⁸</strong></span> <span class='ocrx_word' id='word_1_331' title='bbox 1119 2920 1394 2991; x_wconf 80' lang='grc' dir='ltr'>δευτέρου,</span> <span class='ocrx_word' id='word_1_332' title='bbox 1420 2920 1513 2973; x_wconf 87' lang='grc' dir='ltr'><strong>τοῦ</strong></span> <span class='ocrx_word' id='word_1_333' title='bbox 1553 2937 1727 2991; x_wconf 78' lang='grc' dir='ltr'>μεγαο</span> 
     </span>
    </p>
   </div>
   <div class='ocr_carea' id='block_1_51' title="bbox 156 3011 1729 3084">
    <p class='ocr_par' dir='ltr' id='par_1_51' title="bbox 156 3011 1729 3084">
     <span class='ocr_line' id='line_1_51' title="bbox 156 3011 1729 3084; baseline -0.001 -19"><span class='ocrx_word' id='word_1_334' title='bbox 156 3012 421 3066; x_wconf 80' lang='grc' dir='ltr'>λύνεσθαι</span> <span class='ocrx_word' id='word_1_335' title='bbox 485 3011 615 3084; x_wconf 81' lang='grc' dir='ltr'>[διὰ]</span> <span class='ocrx_word' id='word_1_336' title='bbox 644 3011 735 3064; x_wconf 81' lang='grc' dir='ltr'><strong>τὸν</strong></span> <span class='ocrx_word' id='word_1_337' title='bbox 795 3012 1060 3081; x_wconf 73' lang='grc' dir='ltr'>Χριστόν*</span> <span class='ocrx_word' id='word_1_338' title='bbox 1108 3012 1317 3081; x_wconf 83' lang='grc' dir='ltr'>τρίτου,</span> <span class='ocrx_word' id='word_1_339' title='bbox 1351 3012 1445 3065; x_wconf 86' lang='grc' dir='ltr'><strong>τοῦ</strong></span> <span class='ocrx_word' id='word_1_340' title='bbox 1480 3011 1569 3065; x_wconf 82' lang='grc' dir='ltr'><strong>διὰ</strong></span> <span class='ocrx_word' id='word_1_341' title='bbox 1592 3012 1729 3083; x_wconf 83' lang='grc' dir='ltr'>Χρι-</span> 
     </span>
    </p>
   </div>
   <div class='ocr_carea' id='block_1_52' title="bbox 158 3102 1727 3176">
    <p class='ocr_par' dir='ltr' id='par_1_52' title="bbox 158 3102 1727 3176">
     <span class='ocr_line' id='line_1_52' title="bbox 158 3102 1727 3176; baseline -0.001 -19"><span class='ocrx_word' id='word_1_342' title='bbox 158 3106 289 3158; x_wconf 77' lang='grc' dir='ltr'>στὸν</span> <span class='ocrx_word' id='word_1_343' title='bbox 320 3105 480 3175; x_wconf 84' lang='grc' dir='ltr'>μόνον</span> <span class='ocrx_word' id='word_1_344' title='bbox 496 3104 764 3175; x_wconf 85' lang='grc' dir='ltr'>αἱρεῖσθαι</span> <span class='ocrx_word' id='word_1_345' title='bbox 788 3104 847 3157; x_wconf 83' lang='grc' dir='ltr'><strong>τὸ</strong></span> <span class='ocrx_word' id='word_1_346' title='bbox 872 3106 991 3176; x_wconf 83' lang='grc' dir='ltr'>ζῇν,</span> <span class='ocrx_word' id='word_1_347' title='bbox 1021 3104 1107 3157; x_wconf 79' lang='grc' dir='ltr'>ἵνα</span> <span class='ocrx_word' id='word_1_348' title='bbox 1131 3103 1227 3174; x_wconf 80' lang='grc' dir='ltr'><strong>τὴν</strong></span> <span class='ocrx_word' id='word_1_349' title='bbox 1248 3104 1523 3158; x_wconf 82' lang='grc' dir='ltr'>διακονίαν</span> <span class='ocrx_word' id='word_1_350' title='bbox 1562 3102 1727 3157; x_wconf 85' lang='grc' dir='ltr'>αὐτοῦ</span> 
     </span>
    </p>
   </div>
   <div class='ocr_carea' id='block_1_53' title="bbox 153 3198 445 3268">
    <p class='ocr_par' dir='ltr' id='par_1_53' title="bbox 153 3198 445 3268">
     <span class='ocr_line' id='line_1_53' title="bbox 153 3198 445 3268; baseline -0.003 0"><span class='ocrx_word' id='word_1_351' title='bbox 153 3198 445 3268; x_wconf 74' lang='grc' dir='ltr'><strong>πληρώσῃ-</strong></span> 
     </span>
    </p>
   </div>
   <div class='ocr_carea' id='block_1_54' title="bbox 236 3308 1094 3380">
    <p class='ocr_par' dir='ltr' id='par_1_54' title="bbox 236 3308 1094 3380">
     <span class='ocr_line' id='line_1_54' title="bbox 236 3308 1094 3380; baseline -0.003 -17"><span class='ocrx_word' id='word_1_352' title='bbox 236 3330 257 3363; x_wconf 70' lang='grc'><strong>(</strong></span> <span class='ocrx_word' id='word_1_353' title='bbox 290 3312 401 3364; x_wconf 75' lang='grc' dir='ltr'>Καὶ</span> <span class='ocrx_word' id='word_1_354' title='bbox 426 3310 489 3363; x_wconf 84' lang='grc' dir='ltr'>τὸ</span> <span class='ocrx_word' id='word_1_355' title='bbox 512 3309 802 3364; x_wconf 79' lang='grc' dir='ltr'>ἀποθανεῖν</span> <span class='ocrx_word' id='word_1_356' title='bbox 831 3308 1040 3380; x_wconf 86' lang='grc' dir='ltr'>κέρδος.</span> <span class='ocrx_word' id='word_1_357' title='bbox 1075 3328 1094 3360; x_wconf 74' lang='grc' dir='ltr'><strong>ι</strong></span> 
     </span>
    </p>
   </div>
   <div class='ocr_carea' id='block_1_55' title="bbox 227 3402 1730 3473">
    <p class='ocr_par' dir='ltr' id='par_1_55' title="bbox 227 3402 1730 3473">
     <span class='ocr_line' id='line_1_55' title="bbox 227 3402 1730 3473; baseline 0 -16"><span class='ocrx_word' id='word_1_358' title='bbox 227 3404 326 3472; x_wconf 83' lang='grc' dir='ltr'><strong>Μὴ</strong></span> <span class='ocrx_word' id='word_1_359' title='bbox 375 3404 612 3471; x_wconf 86' lang='grc' dir='ltr'>ἀλγεῖτε,</span> <span class='ocrx_word' id='word_1_360' title='bbox 666 3403 851 3473; x_wconf 75' lang='grc' dir='ltr'>φησὶν,</span> <span class='ocrx_word' id='word_1_361' title='bbox 913 3402 1006 3455; x_wconf 77' lang='grc' dir='ltr'>ἐπὶ</span> <span class='ocrx_word' id='word_1_362' title='bbox 1057 3403 1167 3466; x_wconf 92' lang='grc' dir='ltr'>τοῖς</span> <span class='ocrx_word' id='word_1_363' title='bbox 1207 3402 1426 3472; x_wconf 84' lang='grc' dir='ltr'>δεσμοῖς</span> <span class='ocrx_word' id='word_1_364' title='bbox 1462 3419 1580 3472; x_wconf 91' lang='grc' dir='ltr'>μου.</span> <span class='ocrx_word' id='word_1_365' title='bbox 1618 3403 1730 3469; x_wconf 74' lang='grc' dir='ltr'><strong>Καὶ</strong></span> 
     </span>
    </p>
   </div>
   <div class='ocr_carea' id='block_1_56' title="bbox 153 3492 1729 3566">
    <p class='ocr_par' dir='ltr' id='par_1_56' title="bbox 153 3492 1729 3566">
     <span class='ocr_line' id='line_1_56' title="bbox 153 3492 1729 3566; baseline 0.001 -19"><span class='ocrx_word' id='word_1_366' title='bbox 153 3494 296 3547; x_wconf 77' lang='grc' dir='ltr'>αὐτὸ</span> <span class='ocrx_word' id='word_1_367' title='bbox 326 3494 435 3564; x_wconf 81' lang='grc' dir='ltr'>γὰρ</span> <span class='ocrx_word' id='word_1_368' title='bbox 484 3493 546 3546; x_wconf 82' lang='grc' dir='ltr'>τὸ</span> <span class='ocrx_word' id='word_1_369' title='bbox 592 3492 882 3547; x_wconf 81' lang='grc' dir='ltr'>ἀποθανεῖν</span> <span class='ocrx_word' id='word_1_370' title='bbox 937 3492 1078 3566; x_wconf 78' lang='grc' dir='ltr'>ὑπὲρ</span> <span class='ocrx_word' id='word_1_371' title='bbox 1130 3492 1224 3547; x_wconf 87' lang='grc' dir='ltr'><strong>τοῦ</strong></span> <span class='ocrx_word' id='word_1_372' title='bbox 1272 3494 1511 3565; x_wconf 79' lang='grc' dir='ltr'>Χριστοῦ</span> <span class='ocrx_word' id='word_1_373' title='bbox 1538 3494 1729 3565; x_wconf 79' lang='grc' dir='ltr'>κέρδος</span> 
     </span>
    </p>
   </div>
   <div class='ocr_carea' id='block_1_57' title="bbox 157 3586 440 3657">
    <p class='ocr_par' dir='ltr' id='par_1_57' title="bbox 157 3586 440 3657">
     <span class='ocr_line' id='line_1_57' title="bbox 157 3586 440 3657; baseline 0.004 -20"><span class='ocrx_word' id='word_1_374' title='bbox 157 3586 440 3657; x_wconf 84' lang='grc' dir='ltr'>μέγιστον.</span> 
     </span>
    </p>
   </div>
   <div class='ocr_carea' id='block_1_58' title="bbox 235 3674 1726 3748">
    <p class='ocr_par' dir='ltr' id='par_1_58' title="bbox 235 3674 1726 3748">
     <span class='ocr_line' id='line_1_58' title="bbox 235 3674 1726 3748; baseline 0 -16"><span class='ocrx_word' id='word_1_375' title='bbox 235 3698 254 3731; x_wconf 83' lang='grc'><em>‹</em></span> <span class='ocrx_word' id='word_1_376' title='bbox 306 3677 370 3732; x_wconf 74' lang='lat' dir='ltr'><strong>Ei</strong></span> <span class='ocrx_word' id='word_1_377' title='bbox 394 3676 449 3731; x_wconf 76' lang='grc' dir='ltr'>δὲ</span> <span class='ocrx_word' id='word_1_378' title='bbox 479 3675 537 3728; x_wconf 83' lang='grc' dir='ltr'><strong>τὸ</strong></span> <span class='ocrx_word' id='word_1_379' title='bbox 560 3674 658 3747; x_wconf 82' lang='grc' dir='ltr'>ζῇν</span> <span class='ocrx_word' id='word_1_380' title='bbox 680 3677 736 3729; x_wconf 80' lang='grc' dir='ltr'>ὲν</span> <span class='ocrx_word' id='word_1_381' title='bbox 770 3676 960 3747; x_wconf 69' lang='grc' dir='ltr'>σαρκὶ,</span> <span class='ocrx_word' id='word_1_382' title='bbox 990 3674 1150 3730; x_wconf 85' lang='grc' dir='ltr'>τοῦτό</span> <span class='ocrx_word' id='word_1_383' title='bbox 1185 3693 1274 3746; x_wconf 86' lang='grc' dir='ltr'><strong>μοι</strong></span> <span class='ocrx_word' id='word_1_384' title='bbox 1295 3676 1509 3744; x_wconf 80' lang='grc' dir='ltr'>καρπὸς</span> <span class='ocrx_word' id='word_1_385' title='bbox 1540 3676 1726 3748; x_wconf 75' lang='grc' dir='ltr'>ἔργον.</span> 
     </span>
    </p>
   </div>
   <div class='ocr_carea' id='block_1_59' title="bbox 155 3768 1730 3845">
    <p class='ocr_par' dir='ltr' id='par_1_59' title="bbox 155 3768 1730 3845">
     <span class='ocr_line' id='line_1_59' title="bbox 155 3768 1730 3845; baseline -0.001 -19"><span class='ocrx_word' id='word_1_386' title='bbox 155 3774 275 3826; x_wconf 73' lang='grc' dir='ltr'><strong>Καὶ</strong></span> <span class='ocrx_word' id='word_1_387' title='bbox 309 3772 360 3824; x_wconf 90' lang='grc' dir='ltr'><strong>τί</strong></span> <span class='ocrx_word' id='word_1_388' title='bbox 384 3773 682 3842; x_wconf 79' lang='grc' dir='ltr'>αἱρήσομαι</span> <span class='ocrx_word' id='word_1_389' title='bbox 702 3770 761 3824; x_wconf 79' lang='grc' dir='ltr'><strong>οὐ</strong></span> <span class='ocrx_word' id='word_1_390' title='bbox 795 3768 1067 3843; x_wconf 75' lang='grc' dir='ltr'>γνωρίζω.</span> <span class='ocrx_word' id='word_1_391' title='bbox 1118 3769 1421 3845; x_wconf 78' lang='grc' dir='ltr'>Συνέχομαι</span> <span class='ocrx_word' id='word_1_392' title='bbox 1451 3770 1506 3823; x_wconf 82' lang='grc' dir='ltr'>δὲ</span> <span class='ocrx_word' id='word_1_393' title='bbox 1535 3773 1598 3824; x_wconf 84' lang='grc' dir='ltr'><strong>ὲκ</strong></span> <span class='ocrx_word' id='word_1_394' title='bbox 1623 3772 1730 3825; x_wconf 85' lang='grc' dir='ltr'><strong>τῶν</strong></span> 
     </span>
    </p>
   </div>
   <div class='ocr_carea' id='block_1_60' title="bbox 152 3861 944 3932">
    <p class='ocr_par' dir='ltr' id='par_1_60' title="bbox 152 3861 944 3932">
     <span class='ocr_line' id='line_1_60' title="bbox 152 3861 944 3932; baseline -0.003 -17"><span class='ocrx_word' id='word_1_395' title='bbox 152 3864 274 3924; x_wconf 87' lang='grc' dir='ltr'>δυο,</span> <span class='ocrx_word' id='word_1_396' title='bbox 306 3862 407 3932; x_wconf 82' lang='grc' dir='ltr'>τὴν</span> <span class='ocrx_word' id='word_1_397' title='bbox 435 3862 723 3932; x_wconf 74' lang='grc' dir='ltr'>ἐπιθυμίαν</span> <span class='ocrx_word' id='word_1_398' title='bbox 753 3861 889 3931; x_wconf 76' lang='grc' dir='ltr'>ἔχων</span> <span class='ocrx_word' id='word_1_399' title='bbox 926 3881 944 3913; x_wconf 74' lang='grc' dir='ltr'><strong>ι</strong></span> 
     </span>
    </p>
   </div>
   <div class='ocr_carea' id='block_1_61' title="bbox 242 3951 1732 4028">
    <p class='ocr_par' dir='ltr' id='par_1_61' title="bbox 242 3951 1732 4028">
     <span class='ocr_line' id='line_1_61' title="bbox 242 3951 1732 4028; baseline 0.001 -21"><span class='ocrx_word' id='word_1_400' title='bbox 242 3953 699 4023; x_wconf 80' lang='grc' dir='ltr'>Ἐπεξεργάζεται</span> <span class='ocrx_word' id='word_1_401' title='bbox 751 3954 819 4007; x_wconf 82' lang='grc' dir='ltr'>τὰ</span> <span class='ocrx_word' id='word_1_402' title='bbox 852 3956 1245 4025; x_wconf 83' lang='grc' dir='ltr'>προειρημένα,</span> <span class='ocrx_word' id='word_1_403' title='bbox 1293 3957 1385 4009; x_wconf 77' lang='grc' dir='ltr'><strong>καὶ</strong></span> <span class='ocrx_word' id='word_1_404' title='bbox 1426 3951 1536 4009; x_wconf 73' lang='grc' dir='ltr'>οἷον</span> <span class='ocrx_word' id='word_1_405' title='bbox 1560 3958 1732 4028; x_wconf 79' lang='grc' dir='ltr'>ἑρμη-</span> 
     </span>
    </p>
   </div>
   <div class='ocr_carea' id='block_1_62' title="bbox 153 4044 1729 4116">
    <p class='ocr_par' dir='ltr' id='par_1_62' title="bbox 153 4044 1729 4116">
     <span class='ocr_line' id='line_1_62' title="bbox 153 4044 1729 4116; baseline 0.002 -18"><span class='ocrx_word' id='word_1_406' title='bbox 153 4046 328 4110; x_wconf 87' lang='grc' dir='ltr'>νεύει,</span> <span class='ocrx_word' id='word_1_407' title='bbox 355 4046 384 4098; x_wconf 88' lang='grc' dir='ltr'><strong><em>ὃ</em></strong></span> <span class='ocrx_word' id='word_1_408' title='bbox 412 4062 466 4098; x_wconf 88' lang='grc' dir='ltr'><strong>τι</strong></span> <span class='ocrx_word' id='word_1_409' title='bbox 499 4045 615 4098; x_wconf 69' lang='grc' dir='ltr'>ἐστὶ</span> <span class='ocrx_word' id='word_1_410' title='bbox 643 4045 725 4109; x_wconf 82' lang='grc' dir='ltr'><strong>τὸ,</strong></span> <span class='ocrx_word' id='word_1_411' title='bbox 757 4045 885 4115; x_wconf 75' lang='grc' dir='ltr'>ἐμοὶ</span> <span class='ocrx_word' id='word_1_412' title='bbox 924 4044 1031 4115; x_wconf 75' lang='grc' dir='ltr'><strong>ζῆν</strong></span> <span class='ocrx_word' id='word_1_413' title='bbox 1058 4049 1092 4099; x_wconf 85' lang='grc' dir='ltr'><strong><em>ό</em></strong></span> <span class='ocrx_word' id='word_1_414' title='bbox 1122 4047 1408 4115; x_wconf 76' lang='grc' dir='ltr'><strong>Χριστός·⁸</strong></span> <span class='ocrx_word' id='word_1_415' title='bbox 1442 4048 1589 4116; x_wconf 80' lang='grc' dir='ltr'>λέγει</span> <span class='ocrx_word' id='word_1_416' title='bbox 1614 4046 1729 4115; x_wconf 83' lang='grc' dir='ltr'>οὖν,</span> 
     </span>
    </p>
   </div>
   <div class='ocr_carea' id='block_1_63' title="bbox 154 4123 1730 4210">
    <p class='ocr_par' dir='ltr' id='par_1_63' title="bbox 154 4123 1730 4210">
     <span class='ocr_line' id='line_1_63' title="bbox 154 4123 1730 4210; baseline 0.001 -19"><span class='ocrx_word' id='word_1_417' title='bbox 154 4140 235 4201; x_wconf 84' lang='grc' dir='ltr'>ὠς</span> <span class='ocrx_word' id='word_1_418' title='bbox 274 4140 339 4191; x_wconf 81' lang='grc' dir='ltr'>τὸ</span> <span class='ocrx_word' id='word_1_419' title='bbox 393 4136 492 4207; x_wconf 81' lang='grc' dir='ltr'>ζῇν</span> <span class='ocrx_word' id='word_1_420' title='bbox 530 4137 760 4206; x_wconf 76' lang='grc' dir='ltr'>Χριστὸς</span> <span class='ocrx_word' id='word_1_421' title='bbox 806 4123 1008 4209; x_wconf 65' lang='grc' dir='ltr'>ταύτην</span> <span class='ocrx_word' id='word_1_422' title='bbox 1056 4137 1155 4210; x_wconf 81' lang='grc' dir='ltr'><strong>τὴν</strong></span> <span class='ocrx_word' id='word_1_423' title='bbox 1202 4138 1368 4210; x_wconf 81' lang='grc' dir='ltr'>ζωὴν.</span> <span class='ocrx_word' id='word_1_424' title='bbox 1414 4140 1566 4193; x_wconf 84' lang='grc' dir='ltr'>οὐδὲν</span> <span class='ocrx_word' id='word_1_425' title='bbox 1602 4142 1730 4195; x_wconf 87' lang='grc' dir='ltr'>ἄλλο</span> 
     </span>
    </p>
   </div>
   <div class='ocr_carea' id='block_1_64' title="bbox 156 4224 1731 4304">
    <p class='ocr_par' dir='ltr' id='par_1_64' title="bbox 156 4224 1731 4304">
     <span class='ocr_line' id='line_1_64' title="bbox 156 4224 1731 4304; baseline 0.002 -20"><span class='ocrx_word' id='word_1_426' title='bbox 156 4230 335 4292; x_wconf 74' lang='grc' dir='ltr'>ἐστὶν,</span> <span class='ocrx_word' id='word_1_427' title='bbox 376 4227 413 4299; x_wconf 74' lang='grc' dir='ltr'>ἢ</span> <span class='ocrx_word' id='word_1_428' title='bbox 470 4228 699 4298; x_wconf 77' lang='grc' dir='ltr'>ἐργασία</span> <span class='ocrx_word' id='word_1_429' title='bbox 744 4230 1109 4301; x_wconf 84' lang='grc' dir='ltr'>πνευματικὴ,</span> <span class='ocrx_word' id='word_1_430' title='bbox 1169 4224 1236 4302; x_wconf 78' lang='grc' dir='ltr'>ἧς</span> <span class='ocrx_word' id='word_1_431' title='bbox 1306 4231 1583 4301; x_wconf 67' lang='grc' dir='ltr'>ὀρείλεταί</span> <span class='ocrx_word' id='word_1_432' title='bbox 1640 4250 1731 4304; x_wconf 81' lang='grc' dir='ltr'><strong>μοι</strong></span> 
     </span>
    </p>
   </div>
   <div class='ocr_carea' id='block_1_65' title="bbox 155 4322 400 4393">
    <p class='ocr_par' dir='ltr' id='par_1_65' title="bbox 155 4322 400 4393">
     <span class='ocr_line' id='line_1_65' title="bbox 155 4322 400 4393; baseline 0.004 -18"><span class='ocrx_word' id='word_1_433' title='bbox 155 4322 400 4393; x_wconf 74' lang='grc' dir='ltr'>καρπός.</span> 
     </span>
    </p>
   </div>
   <div class='ocr_carea' id='block_1_66' title="bbox 234 4413 1729 4488">
    <p class='ocr_par' dir='ltr' id='par_1_66' title="bbox 234 4413 1729 4488">
     <span class='ocr_line' id='line_1_66' title="bbox 234 4413 1729 4488; baseline 0.002 -23"><span class='ocrx_word' id='word_1_434' title='bbox 234 4433 253 4465; x_wconf 75' lang='grc' dir='ltr'><strong>σ</strong></span> <span class='ocrx_word' id='word_1_435' title='bbox 294 4415 391 4478; x_wconf 85' lang='grc' dir='ltr'>Είς</span> <span class='ocrx_word' id='word_1_436' title='bbox 418 4413 478 4467; x_wconf 80' lang='grc' dir='ltr'><strong>τὸ</strong></span> <span class='ocrx_word' id='word_1_437' title='bbox 497 4414 778 4480; x_wconf 87' lang='grc' dir='ltr'>ἀναλύσαι,</span> <span class='ocrx_word' id='word_1_438' title='bbox 812 4417 908 4470; x_wconf 75' lang='grc' dir='ltr'>καὶ</span> <span class='ocrx_word' id='word_1_439' title='bbox 939 4416 1035 4470; x_wconf 76' lang='grc' dir='ltr'><strong>σὺν</strong></span> <span class='ocrx_word' id='word_1_440' title='bbox 1073 4415 1298 4488; x_wconf 79' lang='grc' dir='ltr'>Χριστῷ</span> <span class='ocrx_word' id='word_1_441' title='bbox 1339 4416 1506 4481; x_wconf 79' lang='grc' dir='ltr'>εἶναι,</span> <span class='ocrx_word' id='word_1_442' title='bbox 1550 4416 1729 4488; x_wconf 84' lang='grc' dir='ltr'>πολλῷ</span> 
     </span>
    </p>
   </div>
   <div class='ocr_carea' id='block_1_67' title="bbox 158 4504 1723 4581">
    <p class='ocr_par' dir='ltr' id='par_1_67' title="bbox 158 4504 1723 4581">
     <span class='ocr_line' id='line_1_67' title="bbox 158 4504 1723 4581; baseline 0.003 -22"><span class='ocrx_word' id='word_1_443' title='bbox 158 4506 367 4577; x_wconf 79' lang='grc' dir='ltr'>μᾶλλον</span> <span class='ocrx_word' id='word_1_444' title='bbox 418 4504 720 4577; x_wconf 80' lang='grc' dir='ltr'><strong>κρεῖσσον·⁸</strong></span> <span class='ocrx_word' id='word_1_445' title='bbox 750 4509 813 4561; x_wconf 81' lang='grc' dir='ltr'><strong>τὸ</strong></span> <span class='ocrx_word' id='word_1_446' title='bbox 864 4509 921 4561; x_wconf 80' lang='grc' dir='ltr'>δὲ</span> <span class='ocrx_word' id='word_1_447' title='bbox 967 4510 1248 4581; x_wconf 75' lang='grc' dir='ltr'>ἐπιμένειν</span> <span class='ocrx_word' id='word_1_448' title='bbox 1272 4513 1330 4562; x_wconf 81' lang='grc' dir='ltr'>ἐν</span> <span class='ocrx_word' id='word_1_449' title='bbox 1394 4512 1458 4581; x_wconf 81' lang='grc' dir='ltr'>τῇ</span> <span class='ocrx_word' id='word_1_450' title='bbox 1520 4513 1723 4581; x_wconf 72' lang='grc' dir='ltr'>σαρκὶ,</span> 
     </span>
    </p>
   </div>
   <div class='ocr_carea' id='block_1_68' title="bbox 1828 2567 3390 2645">
    <p class='ocr_par' dir='ltr' id='par_1_68' title="bbox 1828 2567 3390 2645">
     <span class='ocr_line' id='line_1_68' title="bbox 1828 2567 3390 2645; baseline -0.008 -13"><span class='ocrx_word' id='word_1_451' title='bbox 1828 2578 2031 2634; x_wconf 91' lang='lat' dir='ltr'><strong>dicatio</strong></span> <span class='ocrx_word' id='word_1_452' title='bbox 2061 2578 2347 2633; x_wconf 88' lang='lat' dir='ltr'><strong>ministros</strong></span> <span class='ocrx_word' id='word_1_453' title='bbox 2376 2576 2510 2630; x_wconf 88' lang='lat' dir='ltr'><strong>tales</strong></span> <span class='ocrx_word' id='word_1_454' title='bbox 2541 2576 2762 2639; x_wconf 87' lang='lat' dir='ltr'><strong>habeat,</strong></span> <span class='ocrx_word' id='word_1_455' title='bbox 2803 2574 2899 2645; x_wconf 86' lang='lat' dir='ltr'><strong>qui</strong></span> <span class='ocrx_word' id='word_1_456' title='bbox 2951 2579 3185 2627; x_wconf 88' lang='lat' dir='ltr'><strong>mortem</strong></span> <span class='ocrx_word' id='word_1_457' title='bbox 3219 2567 3390 2636; x_wconf 78' lang='lat' dir='ltr'><strong>ipsam</strong></span> 
     </span>
    </p>
   </div>
   <div class='ocr_carea' id='block_1_69' title="bbox 1828 2677 2210 2738">
    <p class='ocr_par' dir='ltr' id='par_1_69' title="bbox 1828 2677 2210 2738">
     <span class='ocr_line' id='line_1_69' title="bbox 1828 2677 2210 2738; baseline 0 -16"><span class='ocrx_word' id='word_1_458' title='bbox 1828 2677 2210 2738; x_wconf 84' lang='lat' dir='ltr'><strong>aspernentur.</strong></span> 
     </span>
    </p>
   </div>
   <div class='ocr_carea' id='block_1_70' title="bbox 1898 2751 3155 2813">
    <p class='ocr_par' dir='ltr' id='par_1_70' title="bbox 1898 2751 3155 2813">
     <span class='ocr_line' id='line_1_70' title="bbox 1898 2751 3155 2813; baseline -0.006 -4"><span class='ocrx_word' id='word_1_459' title='bbox 1898 2756 2063 2813; x_wconf 76' lang='lat' dir='ltr'><strong>Vsus.</strong></span> <span class='ocrx_word' id='word_1_460' title='bbox 2095 2758 2185 2812; x_wconf 73' lang='grc'><strong>21.</strong></span> <span class='ocrx_word' id='word_1_461' title='bbox 2226 2774 2245 2809; x_wconf 73' lang='grc' dir='ltr'><strong>ι</strong></span> <span class='ocrx_word' id='word_1_462' title='bbox 2279 2755 2409 2811; x_wconf 88' lang='lat' dir='ltr'><strong>Mihi</strong></span> <span class='ocrx_word' id='word_1_463' title='bbox 2440 2756 2584 2810; x_wconf 87' lang='lat' dir='ltr'><strong>enim</strong></span> <span class='ocrx_word' id='word_1_464' title='bbox 2615 2756 2798 2808; x_wconf 81' lang='lat' dir='ltr'><strong>vivere</strong></span> <span class='ocrx_word' id='word_1_465' title='bbox 2825 2751 3099 2807; x_wconf 81' lang='lat' dir='ltr'><strong>Christus.</strong></span> <span class='ocrx_word' id='word_1_466' title='bbox 3136 2769 3155 2802; x_wconf 75' lang='grc' dir='ltr'><strong>ι</strong></span> 
     </span>
    </p>
   </div>
   <div class='ocr_carea' id='block_1_71' title="bbox 1894 2838 3393 2920">
    <p class='ocr_par' dir='ltr' id='par_1_71' title="bbox 1894 2838 3393 2920">
     <span class='ocr_line' id='line_1_71' title="bbox 1894 2838 3393 2920; baseline -0.009 -14"><span class='ocrx_word' id='word_1_467' title='bbox 1894 2848 2032 2906; x_wconf 89' lang='lat' dir='ltr'><strong>Vide</strong></span> <span class='ocrx_word' id='word_1_468' title='bbox 2062 2857 2197 2920; x_wconf 88' lang='lat' dir='ltr'><strong>quot</strong></span> <span class='ocrx_word' id='word_1_469' title='bbox 2224 2847 2521 2903; x_wconf 89' lang='lat' dir='ltr'><strong>momentis</strong></span> <span class='ocrx_word' id='word_1_470' title='bbox 2539 2861 2633 2901; x_wconf 91' lang='lat' dir='ltr'><strong>eos</strong></span> <span class='ocrx_word' id='word_1_471' title='bbox 2654 2860 2685 2899; x_wconf 88' lang='lat' dir='ltr'><strong>a</strong></span> <span class='ocrx_word' id='word_1_472' title='bbox 2706 2844 2931 2900; x_wconf 88' lang='lat' dir='ltr'><strong>tristitia</strong></span> <span class='ocrx_word' id='word_1_473' title='bbox 2958 2850 3194 2898; x_wconf 87' lang='lat' dir='ltr'><strong>revocet.</strong></span> <span class='ocrx_word' id='word_1_474' title='bbox 3211 2838 3393 2894; x_wconf 85' lang='lat' dir='ltr'><strong>Primo</strong></span> 
     </span>
    </p>
   </div>
   <div class='ocr_carea' id='block_1_72' title="bbox 1827 2932 3391 3014">
    <p class='ocr_par' dir='ltr' id='par_1_72' title="bbox 1827 2932 3391 3014">
     <span class='ocr_line' id='line_1_72' title="bbox 1827 2932 3391 3014; baseline -0.008 -17"><span class='ocrx_word' id='word_1_475' title='bbox 1827 2943 2071 3014; x_wconf 91' lang='lat' dir='ltr'><strong>quidem,</strong></span> <span class='ocrx_word' id='word_1_476' title='bbox 2122 2942 2251 3013; x_wconf 90' lang='lat' dir='ltr'><strong>quia</strong></span> <span class='ocrx_word' id='word_1_477' title='bbox 2302 2940 2512 3012; x_wconf 89' lang='lat' dir='ltr'><strong>pudore</strong></span> <span class='ocrx_word' id='word_1_478' title='bbox 2576 2954 2682 2993; x_wconf 92' lang='lat' dir='ltr'><strong>non</strong></span> <span class='ocrx_word' id='word_1_479' title='bbox 2722 2936 3089 3000; x_wconf 71' lang='lat' dir='ltr'><strong>suffunditur;</strong></span> <span class='ocrx_word' id='word_1_480' title='bbox 3129 2932 3391 2997; x_wconf 89' lang='lat' dir='ltr'><strong>secundo,</strong></span> 
     </span>
    </p>
   </div>
   <div class='ocr_carea' id='block_1_73' title="bbox 1828 3024 3395 3106">
    <p class='ocr_par' dir='ltr' id='par_1_73' title="bbox 1828 3024 3395 3106">
     <span class='ocr_line' id='line_1_73' title="bbox 1828 3024 3395 3106; baseline -0.008 -15"><span class='ocrx_word' id='word_1_481' title='bbox 1828 3038 1956 3106; x_wconf 88' lang='lat' dir='ltr'><strong>quia</strong></span> <span class='ocrx_word' id='word_1_482' title='bbox 2001 3035 2257 3091; x_wconf 85' lang='lat' dir='ltr'><strong>Christus</strong></span> <span class='ocrx_word' id='word_1_483' title='bbox 2315 3032 2703 3104; x_wconf 78' lang='lat' dir='ltr'><strong>magniﬁcatur</strong></span> <span class='ocrx_word' id='word_1_484' title='bbox 2738 3047 2755 3096; x_wconf 88' lang='lat'><strong>;</strong></span> <span class='ocrx_word' id='word_1_485' title='bbox 2795 3027 2983 3090; x_wconf 87' lang='lat' dir='ltr'><strong>tertio,</strong></span> <span class='ocrx_word' id='word_1_486' title='bbox 3030 3027 3161 3097; x_wconf 88' lang='lat' dir='ltr'><strong>quia</strong></span> <span class='ocrx_word' id='word_1_487' title='bbox 3210 3024 3395 3079; x_wconf 84' lang='lat' dir='ltr'><strong>vivere</strong></span> 
     </span>
    </p>
   </div>
   <div class='ocr_carea' id='block_1_74' title="bbox 1831 3116 3394 3197">
    <p class='ocr_par' dir='ltr' id='par_1_74' title="bbox 1831 3116 3394 3197">
     <span class='ocr_line' id='line_1_74' title="bbox 1831 3116 3394 3197; baseline -0.007 -16"><span class='ocrx_word' id='word_1_488' title='bbox 1831 3142 1939 3181; x_wconf 88' lang='lat' dir='ltr'><strong>non</strong></span> <span class='ocrx_word' id='word_1_489' title='bbox 1971 3126 2143 3197; x_wconf 88' lang='lat' dir='ltr'><strong>cupit,</strong></span> <span class='ocrx_word' id='word_1_490' title='bbox 2173 3126 2281 3181; x_wconf 90' lang='lat' dir='ltr'><strong>nisi</strong></span> <span class='ocrx_word' id='word_1_491' title='bbox 2312 3132 2541 3196; x_wconf 89' lang='lat' dir='ltr'><strong>propter</strong></span> <span class='ocrx_word' id='word_1_492' title='bbox 2568 3122 2849 3177; x_wconf 86' lang='lat' dir='ltr'><strong>Christum</strong></span> <span class='ocrx_word' id='word_1_493' title='bbox 2902 3120 3102 3184; x_wconf 88' lang='lat' dir='ltr'><strong>solum,</strong></span> <span class='ocrx_word' id='word_1_494' title='bbox 3136 3127 3199 3173; x_wconf 87' lang='lat' dir='ltr'><strong>ut</strong></span> <span class='ocrx_word' id='word_1_495' title='bbox 3234 3116 3394 3172; x_wconf 84' lang='lat' dir='ltr'><strong>mini-</strong></span> 
     </span>
    </p>
   </div>
   <div class='ocr_carea' id='block_1_75' title="bbox 1754 3220 2450 3314">
    <p class='ocr_par' dir='ltr' id='par_1_75' title="bbox 1754 3220 2450 3314">
     <span class='ocr_line' id='line_1_75' title="bbox 1754 3220 2450 3314; baseline -0.007 -37"><span class='ocrx_word' id='word_1_496' title='bbox 1754 3255 1798 3314; x_wconf 61' lang='grc' dir='ltr'>ε</span> <span class='ocrx_word' id='word_1_497' title='bbox 1832 3220 2056 3276; x_wconf 88' lang='lat' dir='ltr'><strong>sterium</strong></span> <span class='ocrx_word' id='word_1_498' title='bbox 2078 3220 2238 3275; x_wconf 91' lang='lat' dir='ltr'><strong>obeat</strong></span> <span class='ocrx_word' id='word_1_499' title='bbox 2268 3233 2450 3274; x_wconf 91' lang='lat' dir='ltr'><strong>suum.</strong></span> 
     </span>
    </p>
   </div>
   <div class='ocr_carea' id='block_1_76' title="bbox 1907 3312 2517 3368">
    <p class='ocr_par' dir='ltr' id='par_1_76' title="bbox 1907 3312 2517 3368">
     <span class='ocr_line' id='line_1_76' title="bbox 1907 3312 2517 3368; baseline -0.005 -3"><span class='ocrx_word' id='word_1_500' title='bbox 1907 3330 1927 3365; x_wconf 72' lang='grc' dir='ltr'><strong>ι</strong></span> <span class='ocrx_word' id='word_1_501' title='bbox 1969 3312 2032 3366; x_wconf 90' lang='lat' dir='ltr'><strong>Et</strong></span> <span class='ocrx_word' id='word_1_502' title='bbox 2065 3312 2203 3368; x_wconf 92' lang='lat' dir='ltr'><strong>mori</strong></span> <span class='ocrx_word' id='word_1_503' title='bbox 2237 3313 2472 3366; x_wconf 89' lang='lat' dir='ltr'><strong>lucrum.</strong></span> <span class='ocrx_word' id='word_1_504' title='bbox 2496 3329 2517 3362; x_wconf 74' lang='grc' dir='ltr'><strong>ι</strong></span> 
     </span>
    </p>
   </div>
   <div class='ocr_carea' id='block_1_77' title="bbox 1899 3397 3393 3468">
    <p class='ocr_par' dir='ltr' id='par_1_77' title="bbox 1899 3397 3393 3468">
     <span class='ocr_line' id='line_1_77' title="bbox 1899 3397 3393 3468; baseline -0.003 -10"><span class='ocrx_word' id='word_1_505' title='bbox 1899 3404 2017 3460; x_wconf 81' lang='lat' dir='ltr'><strong>Non</strong></span> <span class='ocrx_word' id='word_1_506' title='bbox 2078 3419 2175 3460; x_wconf 90' lang='lat' dir='ltr'><strong>vos</strong></span> <span class='ocrx_word' id='word_1_507' title='bbox 2245 3403 2427 3458; x_wconf 88' lang='lat' dir='ltr'><strong>doleat</strong></span> <span class='ocrx_word' id='word_1_508' title='bbox 2473 3399 2820 3456; x_wconf 88' lang='lat' dir='ltr'><strong>vinculorum</strong></span> <span class='ocrx_word' id='word_1_509' title='bbox 2882 3413 3149 3466; x_wconf 89' lang='lat' dir='ltr'><strong>meorum,</strong></span> <span class='ocrx_word' id='word_1_510' title='bbox 3195 3397 3393 3468; x_wconf 88' lang='lat' dir='ltr'><strong>inquit.</strong></span> 
     </span>
    </p>
   </div>
   <div class='ocr_carea' id='block_1_78' title="bbox 1832 3489 3395 3566">
    <p class='ocr_par' dir='ltr' id='par_1_78' title="bbox 1832 3489 3395 3566">
     <span class='ocr_line' id='line_1_78' title="bbox 1832 3489 3395 3566; baseline -0.008 -14"><span class='ocrx_word' id='word_1_511' title='bbox 1832 3496 2111 3564; x_wconf 63' lang='lat' dir='ltr'><strong>Quastum</strong></span> <span class='ocrx_word' id='word_1_512' title='bbox 2137 3492 2339 3566; x_wconf 87' lang='lat' dir='ltr'><strong>quippe</strong></span> <span class='ocrx_word' id='word_1_513' title='bbox 2388 3506 2647 3563; x_wconf 75' lang='lat' dir='ltr'><strong>magnum</strong></span> <span class='ocrx_word' id='word_1_514' title='bbox 2689 3489 2902 3557; x_wconf 77' lang='lat' dir='ltr'><strong>iecero,</strong></span> <span class='ocrx_word' id='word_1_515' title='bbox 2948 3492 2997 3547; x_wconf 92' lang='lat' dir='ltr'><strong>si</strong></span> <span class='ocrx_word' id='word_1_516' title='bbox 3043 3506 3145 3562; x_wconf 88' lang='lat' dir='ltr'><strong>pro</strong></span> <span class='ocrx_word' id='word_1_517' title='bbox 3169 3489 3395 3546; x_wconf 86' lang='lat' dir='ltr'><strong>Christo</strong></span> 
     </span>
    </p>
   </div>
   <div class='ocr_carea' id='block_1_79' title="bbox 1831 3604 2055 3644">
    <p class='ocr_par' dir='ltr' id='par_1_79' title="bbox 1831 3604 2055 3644">
     <span class='ocr_line' id='line_1_79' title="bbox 1831 3604 2055 3644; baseline 0.004 -1"><span class='ocrx_word' id='word_1_518' title='bbox 1831 3604 2055 3644; x_wconf 81' lang='lat' dir='ltr'><strong>moriar.</strong></span> 
     </span>
    </p>
   </div>
   <div class='ocr_carea' id='block_1_80' title="bbox 1905 3670 3396 3743">
    <p class='ocr_par' dir='ltr' id='par_1_80' title="bbox 1905 3670 3396 3743">
     <span class='ocr_line' id='line_1_80' title="bbox 1905 3670 3396 3743; baseline -0.006 -12"><span class='ocrx_word' id='word_1_519' title='bbox 1905 3677 2183 3742; x_wconf 74' lang='lat' dir='ltr'><strong>Vsas.22,</strong></span> <span class='ocrx_word' id='word_1_520' title='bbox 2227 3676 2297 3731; x_wconf 76' lang='lat'><strong>23</strong></span> <span class='ocrx_word' id='word_1_521' title='bbox 2352 3695 2370 3728; x_wconf 79' lang='grc' dir='ltr'><strong>ι</strong></span> <span class='ocrx_word' id='word_1_522' title='bbox 2412 3676 2573 3743; x_wconf 85' lang='lat' dir='ltr'><strong>Quod</strong></span> <span class='ocrx_word' id='word_1_523' title='bbox 2627 3679 2675 3733; x_wconf 93' lang='lat' dir='ltr'><strong>si</strong></span> <span class='ocrx_word' id='word_1_524' title='bbox 2722 3676 2908 3730; x_wconf 84' lang='lat' dir='ltr'><strong>vivere</strong></span> <span class='ocrx_word' id='word_1_525' title='bbox 2948 3674 3003 3728; x_wconf 91' lang='lat' dir='ltr'><strong>in</strong></span> <span class='ocrx_word' id='word_1_526' title='bbox 3054 3686 3246 3733; x_wconf 89' lang='lat' dir='ltr'><strong>carne.</strong></span> <span class='ocrx_word' id='word_1_527' title='bbox 3305 3670 3396 3725; x_wconf 84' lang='lat' dir='ltr'><strong>hic</strong></span> 
     </span>
    </p>
   </div>
   <div class='ocr_carea' id='block_1_81' title="bbox 1831 3765 3495 3857">
    <p class='ocr_par' dir='ltr' id='par_1_81' title="bbox 1831 3765 3495 3857">
     <span class='ocr_line' id='line_1_81' title="bbox 1831 3765 3495 3857; baseline -0.001 -32"><span class='ocrx_word' id='word_1_528' title='bbox 1831 3771 1962 3825; x_wconf 89' lang='lat' dir='ltr'><strong>mihi</strong></span> <span class='ocrx_word' id='word_1_529' title='bbox 1995 3770 2205 3825; x_wconf 82' lang='lat' dir='ltr'><strong>fructus</strong></span> <span class='ocrx_word' id='word_1_530' title='bbox 2264 3769 2447 3839; x_wconf 88' lang='lat' dir='ltr'><strong>operis</strong></span> <span class='ocrx_word' id='word_1_531' title='bbox 2505 3776 2612 3825; x_wconf 90' lang='lat' dir='ltr'><strong>est.</strong></span> <span class='ocrx_word' id='word_1_532' title='bbox 2663 3767 2727 3822; x_wconf 83' lang='lat' dir='ltr'><strong>Et</strong></span> <span class='ocrx_word' id='word_1_533' title='bbox 2755 3767 2888 3837; x_wconf 85' lang='lat' dir='ltr'><strong>quid</strong></span> <span class='ocrx_word' id='word_1_534' title='bbox 2947 3765 3143 3841; x_wconf 60' lang='lat' dir='ltr'><strong>eligam</strong></span> <span class='ocrx_word' id='word_1_535' title='bbox 3176 3766 3394 3840; x_wconf 61' lang='lat' dir='ltr'><strong>ignoro.</strong></span> <span class='ocrx_word' id='word_1_536' title='bbox 3488 3847 3495 3857; x_wconf 38' lang='grc' dir='ltr'><strong>Ι</strong></span> 
     </span>
    </p>
   </div>
   <div class='ocr_carea' id='block_1_82' title="bbox 1830 3859 3249 3921">
    <p class='ocr_par' dir='ltr' id='par_1_82' title="bbox 1830 3859 3249 3921">
     <span class='ocr_line' id='line_1_82' title="bbox 1830 3859 3249 3921; baseline -0.006 0"><span class='ocrx_word' id='word_1_537' title='bbox 1830 3861 2142 3921; x_wconf 81' lang='lat' dir='ltr'><strong>Coarctora</strong></span> <span class='ocrx_word' id='word_1_538' title='bbox 2187 3868 2237 3914; x_wconf 90' lang='lat' dir='ltr'><strong>te</strong></span> <span class='ocrx_word' id='word_1_539' title='bbox 2276 3878 2293 3914; x_wconf 84' lang='grc' dir='ltr'><strong>ι</strong></span> <span class='ocrx_word' id='word_1_540' title='bbox 2372 3860 2587 3917; x_wconf 92' lang='lat' dir='ltr'><strong>duobus</strong></span> <span class='ocrx_word' id='word_1_541' title='bbox 2633 3859 2960 3920; x_wconf 78' lang='lat' dir='ltr'><strong>desiderium</strong></span> <span class='ocrx_word' id='word_1_542' title='bbox 2985 3864 3189 3918; x_wconf 87' lang='lat' dir='ltr'><strong>habens</strong></span> <span class='ocrx_word' id='word_1_543' title='bbox 3230 3881 3249 3913; x_wconf 76' lang='grc' dir='ltr'><strong>ι</strong></span> 
     </span>
    </p>
   </div>
   <div class='ocr_carea' id='block_1_83' title="bbox 1902 3954 3390 4029">
    <p class='ocr_par' dir='ltr' id='par_1_83' title="bbox 1902 3954 3390 4029">
     <span class='ocr_line' id='line_1_83' title="bbox 1902 3954 3390 4029; baseline -0.001 -18"><span class='ocrx_word' id='word_1_544' title='bbox 1902 3957 2148 4028; x_wconf 82' lang='lat' dir='ltr'><strong>Explicat</strong></span> <span class='ocrx_word' id='word_1_545' title='bbox 2184 3969 2304 4029; x_wconf 68' lang='lat' dir='ltr'><strong>Quae</strong></span> <span class='ocrx_word' id='word_1_546' title='bbox 2330 3954 2673 4029; x_wconf 71' lang='lat' dir='ltr'><strong>praedixerat,</strong></span> <span class='ocrx_word' id='word_1_547' title='bbox 2707 3966 2761 4013; x_wconf 89' lang='lat' dir='ltr'><strong>et</strong></span> <span class='ocrx_word' id='word_1_548' title='bbox 2787 3958 2935 4013; x_wconf 89' lang='lat' dir='ltr'><strong>velut</strong></span> <span class='ocrx_word' id='word_1_549' title='bbox 2976 3958 3390 4025; x_wconf 89' lang='lat' dir='ltr'><strong>interpretatur.</strong></span> 
     </span>
    </p>
   </div>
   <div class='ocr_carea' id='block_1_84' title="bbox 1830 4046 3396 4121">
    <p class='ocr_par' dir='ltr' id='par_1_84' title="bbox 1830 4046 3396 4121">
     <span class='ocr_line' id='line_1_84' title="bbox 1830 4046 3396 4121; baseline -0.004 -17"><span class='ocrx_word' id='word_1_550' title='bbox 1830 4050 1969 4117; x_wconf 86' lang='lat' dir='ltr'><strong>Quid</strong></span> <span class='ocrx_word' id='word_1_551' title='bbox 2005 4052 2105 4106; x_wconf 91' lang='lat' dir='ltr'><strong>hoc</strong></span> <span class='ocrx_word' id='word_1_552' title='bbox 2128 4061 2233 4113; x_wconf 87' lang='lat' dir='ltr'><strong>est,</strong></span> <span class='ocrx_word' id='word_1_553' title='bbox 2269 4052 2649 4121; x_wconf 83' lang='lat' dir='ltr'><strong>mihi?quidve</strong></span> <span class='ocrx_word' id='word_1_554' title='bbox 2686 4049 2856 4114; x_wconf 91' lang='lat' dir='ltr'><strong>istud,</strong></span> <span class='ocrx_word' id='word_1_555' title='bbox 2886 4049 3048 4102; x_wconf 82' lang='lat' dir='ltr'><strong>vivere</strong></span> <span class='ocrx_word' id='word_1_556' title='bbox 3095 4046 3335 4099; x_wconf 77' lang='lat' dir='ltr'><strong>Christus</strong></span> <span class='ocrx_word' id='word_1_557' title='bbox 3369 4046 3396 4099; x_wconf 66' lang='grc'><em>2</em></span> 
     </span>
    </p>
   </div>
   <div class='ocr_carea' id='block_1_85' title="bbox 1832 4136 3392 4213">
    <p class='ocr_par' dir='ltr' id='par_1_85' title="bbox 1832 4136 3392 4213">
     <span class='ocr_line' id='line_1_85' title="bbox 1832 4136 3392 4213; baseline -0.004 -16"><span class='ocrx_word' id='word_1_558' title='bbox 1832 4145 1905 4209; x_wconf 87' lang='lat' dir='ltr'><strong>ait</strong></span> <span class='ocrx_word' id='word_1_559' title='bbox 1937 4159 2067 4213; x_wconf 79' lang='lat' dir='ltr'><strong>ergo</strong></span> <span class='ocrx_word' id='word_1_560' title='bbox 2100 4162 2112 4198; x_wconf 90' lang='lat'><strong>:</strong></span> <span class='ocrx_word' id='word_1_561' title='bbox 2150 4142 2343 4199; x_wconf 80' lang='lat' dir='ltr'><strong>Vivere</strong></span> <span class='ocrx_word' id='word_1_562' title='bbox 2370 4143 2647 4199; x_wconf 89' lang='lat' dir='ltr'><strong>Christum</strong></span> <span class='ocrx_word' id='word_1_563' title='bbox 2696 4142 2835 4196; x_wconf 91' lang='lat' dir='ltr'><strong>hanc</strong></span> <span class='ocrx_word' id='word_1_564' title='bbox 2859 4142 3047 4205; x_wconf 89' lang='lat' dir='ltr'><strong>vitam,</strong></span> <span class='ocrx_word' id='word_1_565' title='bbox 3080 4138 3214 4193; x_wconf 85' lang='lat' dir='ltr'><strong>nihil</strong></span> <span class='ocrx_word' id='word_1_566' title='bbox 3243 4136 3392 4194; x_wconf 87' lang='lat' dir='ltr'><strong>aliud</strong></span> 
     </span>
    </p>
   </div>
   <div class='ocr_carea' id='block_1_86' title="bbox 1829 4230 3394 4306">
    <p class='ocr_par' dir='ltr' id='par_1_86' title="bbox 1829 4230 3394 4306">
     <span class='ocr_line' id='line_1_86' title="bbox 1829 4230 3394 4306; baseline -0.004 -15"><span class='ocrx_word' id='word_1_567' title='bbox 1829 4247 1913 4291; x_wconf 90' lang='lat' dir='ltr'><strong>est</strong></span> <span class='ocrx_word' id='word_1_568' title='bbox 1944 4237 2049 4291; x_wconf 90' lang='lat' dir='ltr'><strong>nisi</strong></span> <span class='ocrx_word' id='word_1_569' title='bbox 2088 4246 2329 4306; x_wconf 66' lang='lat' dir='ltr'><strong>quaestus</strong></span> <span class='ocrx_word' id='word_1_570' title='bbox 2378 4235 2704 4306; x_wconf 89' lang='lat' dir='ltr'><strong>spiritualis,</strong></span> <span class='ocrx_word' id='word_1_571' title='bbox 2758 4234 2921 4305; x_wconf 86' lang='lat' dir='ltr'><strong>cujus</strong></span> <span class='ocrx_word' id='word_1_572' title='bbox 2980 4232 3114 4286; x_wconf 87' lang='lat' dir='ltr'><strong>mihi</strong></span> <span class='ocrx_word' id='word_1_573' title='bbox 3180 4230 3394 4286; x_wconf 80' lang='lat' dir='ltr'><strong>fructus</strong></span> 
     </span>
    </p>
   </div>
   <div class='ocr_carea' id='block_1_87' title="bbox 1832 4327 2056 4383">
    <p class='ocr_par' dir='ltr' id='par_1_87' title="bbox 1832 4327 2056 4383">
     <span class='ocr_line' id='line_1_87' title="bbox 1832 4327 2056 4383; baseline -0.022 0"><span class='ocrx_word' id='word_1_574' title='bbox 1832 4327 2056 4383; x_wconf 89' lang='lat' dir='ltr'><strong>debetur</strong></span> 
     </span>
    </p>
   </div>
   <div class='ocr_carea' id='block_1_88' title="bbox 1902 4409 3391 4488">
    <p class='ocr_par' dir='ltr' id='par_1_88' title="bbox 1902 4409 3391 4488">
     <span class='ocr_line' id='line_1_88' title="bbox 1902 4409 3391 4488; baseline -0.006 -17"><span class='ocrx_word' id='word_1_575' title='bbox 1902 4417 2060 4488; x_wconf 77' lang='lat'><strong>196</strong></span> <span class='ocrx_word' id='word_1_576' title='bbox 2114 4436 2134 4470; x_wconf 85' lang='grc'><em>‹</em></span> <span class='ocrx_word' id='word_1_577' title='bbox 2194 4415 2428 4471; x_wconf 88' lang='lat' dir='ltr'><strong>Dissolvi</strong></span> <span class='ocrx_word' id='word_1_578' title='bbox 2476 4424 2528 4471; x_wconf 82' lang='lat' dir='ltr'><strong>et</strong></span> <span class='ocrx_word' id='word_1_579' title='bbox 2585 4430 2708 4471; x_wconf 88' lang='lat' dir='ltr'><strong>esse</strong></span> <span class='ocrx_word' id='word_1_580' title='bbox 2748 4429 2874 4469; x_wconf 91' lang='lat' dir='ltr'><strong>cum</strong></span> <span class='ocrx_word' id='word_1_581' title='bbox 2920 4411 3163 4474; x_wconf 89' lang='lat' dir='ltr'><strong>Christo,</strong></span> <span class='ocrx_word' id='word_1_582' title='bbox 3217 4409 3391 4463; x_wconf 88' lang='lat' dir='ltr'><strong>multo</strong></span> 
     </span>
    </p>
   </div>
   <div class='ocr_carea' id='block_1_89' title="bbox 1831 4504 3388 4591">
    <p class='ocr_par' dir='ltr' id='par_1_89' title="bbox 1831 4504 3388 4591">
     <span class='ocr_line' id='line_1_89' title="bbox 1831 4504 3388 4591; baseline -0.004 -29"><span class='ocrx_word' id='word_1_583' title='bbox 1831 4510 2002 4591; x_wconf 77' lang='lat' dir='ltr'><strong>magis</strong></span> <span class='ocrx_word' id='word_1_584' title='bbox 2034 4507 2227 4564; x_wconf 88' lang='lat' dir='ltr'><strong>melius</strong></span> <span class='ocrx_word' id='word_1_585' title='bbox 2285 4525 2298 4560; x_wconf 89' lang='lat'><strong>:</strong></span> <span class='ocrx_word' id='word_1_586' title='bbox 2345 4505 2538 4581; x_wconf 75' lang='lat' dir='ltr'><strong>[Vsus.</strong></span> <span class='ocrx_word' id='word_1_587' title='bbox 2585 4504 2779 4578; x_wconf 71' lang='lat'><strong>24-26]</strong></span> <span class='ocrx_word' id='word_1_588' title='bbox 2841 4518 3159 4575; x_wconf 86' lang='lat' dir='ltr'><strong>permanere</strong></span> <span class='ocrx_word' id='word_1_589' title='bbox 3210 4509 3388 4557; x_wconf 89' lang='lat' dir='ltr'><strong>autem</strong></span> 
     </span>
    </p>
   </div>
   <div class='ocr_carea' id='block_1_90' title="bbox 154 4595 1820 4669">
    <p class='ocr_par' dir='ltr' id='par_1_90' title="bbox 154 4598 1806 4669">
     <span class='ocr_line' id='line_1_90' title="bbox 154 4598 1806 4669; baseline 0.005 -20"><span class='ocrx_word' id='word_1_590' title='bbox 154 4598 593 4668; x_wconf 80' lang='grc' dir='ltr'>ἀναγκαιότερον</span> <span class='ocrx_word' id='word_1_591' title='bbox 620 4599 687 4652; x_wconf 89' lang='grc' dir='ltr'>δι’</span> <span class='ocrx_word' id='word_1_592' title='bbox 710 4600 873 4669; x_wconf 80' lang='grc' dir='ltr'>ὑμᾶς.</span> <span class='ocrx_word' id='word_1_593' title='bbox 928 4600 1040 4653; x_wconf 81' lang='grc' dir='ltr'>Καὶ</span> <span class='ocrx_word' id='word_1_594' title='bbox 1092 4598 1249 4653; x_wconf 88' lang='grc' dir='ltr'>τοῦτο</span> <span class='ocrx_word' id='word_1_595' title='bbox 1279 4600 1556 4665; x_wconf 85' lang='grc' dir='ltr'>πεποιθὼς</span> <span class='ocrx_word' id='word_1_596' title='bbox 1585 4598 1723 4667; x_wconf 77' lang='grc' dir='ltr'>οἶδα,</span> <span class='ocrx_word' id='word_1_597' title='bbox 1761 4614 1806 4669; x_wconf 84' lang='grc' dir='ltr'><strong>ι)</strong></span> 
     </span>
    </p>
   </div>
   <div class='ocr_carea' id='block_1_91' title="bbox 1724 4595 3390 4669">
    <p class='ocr_par' dir='ltr' id='par_1_91' title="bbox 1761 4595 3390 4669">
     <span class='ocr_line' id='line_1_91' title="bbox 1761 4595 3390 4669; baseline -0.005 -14"><span class='ocrx_word' id='word_1_598' title='bbox 1761 4601 1887 4669; x_wconf 79' lang='lat' dir='ltr'><strong>Din</strong></span> <span class='ocrx_word' id='word_1_599' title='bbox 1945 4615 2132 4665; x_wconf 90' lang='lat' dir='ltr'><strong>carne,</strong></span> <span class='ocrx_word' id='word_1_600' title='bbox 2188 4598 2558 4654; x_wconf 87' lang='lat' dir='ltr'><strong>necessarium</strong></span> <span class='ocrx_word' id='word_1_601' title='bbox 2606 4608 2831 4667; x_wconf 86' lang='lat' dir='ltr'><strong>propter</strong></span> <span class='ocrx_word' id='word_1_602' title='bbox 2876 4611 2995 4652; x_wconf 84' lang='lat' dir='ltr'><strong>vos.</strong></span> <span class='ocrx_word' id='word_1_603' title='bbox 3038 4595 3102 4649; x_wconf 89' lang='lat' dir='ltr'><strong>Et</strong></span> <span class='ocrx_word' id='word_1_604' title='bbox 3125 4595 3230 4649; x_wconf 88' lang='lat' dir='ltr'><strong>hoc</strong></span> <span class='ocrx_word' id='word_1_605' title='bbox 3258 4608 3390 4648; x_wconf 83' lang='lat' dir='ltr'><strong>con-</strong></span> 
     </span>
    </p>
   </div>
   <div class='ocr_carea' id='block_1_92' title="bbox 153 4685 1819 4766">
    <p class='ocr_par' dir='ltr' id='par_1_92' title="bbox 153 4691 1418 4763">
     <span class='ocr_line' id='line_1_92' title="bbox 153 4691 1418 4763; baseline 0.002 -21"><span class='ocrx_word' id='word_1_606' title='bbox 153 4691 242 4743; x_wconf 85' lang='grc' dir='ltr'>ὃτι</span> <span class='ocrx_word' id='word_1_607' title='bbox 271 4691 423 4760; x_wconf 82' lang='grc' dir='ltr'>μενῶ</span> <span class='ocrx_word' id='word_1_608' title='bbox 449 4692 542 4743; x_wconf 81' lang='grc' dir='ltr'>καὶ</span> <span class='ocrx_word' id='word_1_609' title='bbox 568 4693 981 4763; x_wconf 85' lang='grc' dir='ltr'>συμπαραμενῶ</span> <span class='ocrx_word' id='word_1_610' title='bbox 1006 4694 1172 4747; x_wconf 76' lang='grc' dir='ltr'>πᾶσιν</span> <span class='ocrx_word' id='word_1_611' title='bbox 1206 4693 1356 4763; x_wconf 82' lang='grc' dir='ltr'>ὑμῖν.</span> <span class='ocrx_word' id='word_1_612' title='bbox 1399 4712 1418 4745; x_wconf 72' lang='grc' dir='ltr'><strong>ι</strong></span> 
     </span>
    </p>
   </div>
   <div class='ocr_carea' id='block_1_93' title="bbox 1721 4685 3387 4766">
    <p class='ocr_par' dir='ltr' id='par_1_93' title="bbox 1828 4685 3387 4766">
     <span class='ocr_line' id='line_1_93' title="bbox 1828 4685 3387 4766; baseline -0.004 -18"><span class='ocrx_word' id='word_1_613' title='bbox 1828 4693 1999 4748; x_wconf 70' lang='lat' dir='ltr'><strong>fidens</strong></span> <span class='ocrx_word' id='word_1_614' title='bbox 2021 4691 2159 4758; x_wconf 89' lang='lat' dir='ltr'><strong>scio,</strong></span> <span class='ocrx_word' id='word_1_615' title='bbox 2218 4691 2348 4766; x_wconf 88' lang='lat' dir='ltr'><strong>quia</strong></span> <span class='ocrx_word' id='word_1_616' title='bbox 2411 4689 2647 4745; x_wconf 86' lang='lat' dir='ltr'><strong>manebo</strong></span> <span class='ocrx_word' id='word_1_617' title='bbox 2691 4698 2746 4745; x_wconf 91' lang='lat' dir='ltr'><strong>et</strong></span> <span class='ocrx_word' id='word_1_618' title='bbox 2766 4687 3100 4760; x_wconf 88' lang='lat' dir='ltr'><strong>permanebo</strong></span> <span class='ocrx_word' id='word_1_619' title='bbox 3128 4685 3387 4741; x_wconf 87' lang='lat' dir='ltr'><strong>omnibus</strong></span> 
     </span>
    </p>
   </div>
   <div class='ocr_carea' id='block_1_94' title="bbox 1824 4785 2294 4839">
    <p class='ocr_par' dir='ltr' id='par_1_94' title="bbox 1824 4785 2294 4839">
     <span class='ocr_line' id='line_1_94' title="bbox 1824 4785 2294 4839; baseline -0.002 -2"><span class='ocrx_word' id='word_1_620' title='bbox 1824 4785 1998 4839; x_wconf 83' lang='lat' dir='ltr'><strong>vobis.</strong></span> <span class='ocrx_word' id='word_1_621' title='bbox 2039 4802 2058 4836; x_wconf 72' lang='grc' dir='ltr'><strong>ι</strong></span> <span class='ocrx_word' id='word_1_622' title='bbox 2289 4793 2294 4799; x_wconf 85' lang='grc'><em>’</em></span> 
     </span>
    </p>
   </div>
   <div class='ocr_carea' id='block_1_95' title="bbox 230 4857 1896 4946">
    <p class='ocr_par' dir='ltr' id='par_1_95' title="bbox 230 4857 1896 4931">
     <span class='ocr_line' id='line_1_95' title="bbox 230 4857 1896 4931; baseline -0.001 -13"><span class='ocrx_word' id='word_1_623' title='bbox 230 4864 345 4918; x_wconf 72' lang='grc' dir='ltr'>Καὶ</span> <span class='ocrx_word' id='word_1_624' title='bbox 368 4862 464 4915; x_wconf 89' lang='grc' dir='ltr'><strong>νῦν</strong></span> <span class='ocrx_word' id='word_1_625' title='bbox 493 4861 591 4931; x_wconf 81' lang='grc' dir='ltr'><strong>μὲν</strong></span> <span class='ocrx_word' id='word_1_626' title='bbox 614 4857 682 4930; x_wconf 81' lang='grc' dir='ltr'>ἦν</span> <span class='ocrx_word' id='word_1_627' title='bbox 702 4860 836 4929; x_wconf 87' lang='grc' dir='ltr'><strong>μετά</strong></span> <span class='ocrx_word' id='word_1_628' title='bbox 864 4861 1122 4931; x_wconf 79' lang='grc' dir='ltr'>Χριστοῦ,</span> <span class='ocrx_word' id='word_1_629' title='bbox 1156 4861 1298 4915; x_wconf 81' lang='grc' dir='ltr'><strong>κατά</strong></span> <span class='ocrx_word' id='word_1_630' title='bbox 1333 4863 1413 4927; x_wconf 84' lang='grc' dir='ltr'><strong>τὸ,</strong></span> <span class='ocrx_word' id='word_1_631' title='bbox 1454 4865 1525 4918; x_wconf 80' lang='lat' dir='ltr'><strong>El</strong></span> <span class='ocrx_word' id='word_1_632' title='bbox 1554 4864 1722 4919; x_wconf 79' lang='grc' dir='ltr'>δοκι·</span> <span class='ocrx_word' id='word_1_633' title='bbox 1887 4904 1896 4928; x_wconf 51' lang='grc' dir='ltr'><em>λ</em></span> 
     </span>
    </p>
   </div>
   <div class='ocr_carea' id='block_1_96' title="bbox 1715 4857 3381 4946">
    <p class='ocr_par' dir='ltr' id='par_1_96' title="bbox 1715 4867 3381 4946">
     <span class='ocr_line' id='line_1_96' title="bbox 1715 4867 3381 4946; baseline -0.007 -17"><span class='ocrx_word' id='word_1_634' title='bbox 1715 4895 1722 4908; x_wconf 92' lang='grc'>·</span> <span class='ocrx_word' id='word_1_635' title='bbox 1887 4876 1963 4930; x_wconf 85' lang='lat' dir='ltr'><strong>Ac</strong></span> <span class='ocrx_word' id='word_1_636' title='bbox 1992 4882 2123 4929; x_wconf 89' lang='lat' dir='ltr'><strong>tunc</strong></span> <span class='ocrx_word' id='word_1_637' title='bbox 2176 4873 2401 4946; x_wconf 88' lang='lat' dir='ltr'><strong>quidem</strong></span> <span class='ocrx_word' id='word_1_638' title='bbox 2460 4880 2579 4928; x_wconf 92' lang='lat' dir='ltr'><strong>erat</strong></span> <span class='ocrx_word' id='word_1_639' title='bbox 2618 4887 2745 4927; x_wconf 91' lang='lat' dir='ltr'><strong>cum</strong></span> <span class='ocrx_word' id='word_1_640' title='bbox 2791 4870 3037 4932; x_wconf 89' lang='lat' dir='ltr'><strong>Christo,</strong></span> <span class='ocrx_word' id='word_1_641' title='bbox 3082 4867 3381 4924; x_wconf 86' lang='lat' dir='ltr'><strong>secundum</strong></span> 
     </span>
    </p>
   </div>
   <div class='ocr_carea' id='block_1_97' title="bbox 151 4951 1817 5035">
    <p class='ocr_par' dir='ltr' id='par_1_97' title="bbox 151 4951 1725 5024">
     <span class='ocr_line' id='line_1_97' title="bbox 151 4951 1725 5024; baseline 0.001 -17"><span class='ocrx_word' id='word_1_642' title='bbox 151 4957 285 5024; x_wconf 69' lang='grc' dir='ltr'>μὴν</span> <span class='ocrx_word' id='word_1_643' title='bbox 310 4952 534 5018; x_wconf 70' lang='grc' dir='ltr'>ζητεῖτε</span> <span class='ocrx_word' id='word_1_644' title='bbox 560 4951 747 5004; x_wconf 81' lang='grc' dir='ltr'>τοῦέν</span> <span class='ocrx_word' id='word_1_645' title='bbox 773 4951 902 5019; x_wconf 77' lang='grc' dir='ltr'>ἐμοί</span> <span class='ocrx_word' id='word_1_646' title='bbox 928 4953 1267 5018; x_wconf 71' lang='grc' dir='ltr'>λαλοῦντος</span> <span class='ocrx_word' id='word_1_647' title='bbox 1293 4955 1570 5020; x_wconf 82' lang='grc' dir='ltr'>Χριστοῦ.</span> <span class='ocrx_word' id='word_1_648' title='bbox 1588 4956 1725 5008; x_wconf 79' lang='grc' dir='ltr'>Ἀλλ’</span> 
     </span>
    </p>
   </div>
   <div class='ocr_carea' id='block_1_98' title="bbox 1719 4951 3385 5035">
    <p class='ocr_par' dir='ltr' id='par_1_98' title="bbox 1719 4956 3385 5035">
     <span class='ocr_line' id='line_1_98' title="bbox 1719 4956 3385 5035; baseline -0.007 -13"><span class='ocrx_word' id='word_1_649' title='bbox 1719 4956 1725 4975; x_wconf 92' lang='grc'><em>’</em></span> <span class='ocrx_word' id='word_1_650' title='bbox 1825 4966 1965 5022; x_wconf 90' lang='lat' dir='ltr'><strong>illud</strong></span> <span class='ocrx_word' id='word_1_651' title='bbox 2002 4984 2015 5021; x_wconf 93' lang='lat'>:</span> <span class='ocrx_word' id='word_1_652' title='bbox 2050 4966 2108 5020; x_wconf 87' lang='lat' dir='ltr'><strong>Si</strong></span> <span class='ocrx_word' id='word_1_653' title='bbox 2134 4967 2544 5035; x_wconf 77' lang='lat' dir='ltr'><strong>experimentum</strong></span> <span class='ocrx_word' id='word_1_654' title='bbox 2566 4965 2760 5035; x_wconf 68' lang='lat' dir='ltr'><strong>quwris</strong></span> <span class='ocrx_word' id='word_1_655' title='bbox 2812 4964 2925 5031; x_wconf 79' lang='lat' dir='ltr'><strong>ejus</strong></span> <span class='ocrx_word' id='word_1_656' title='bbox 2978 4962 3066 5031; x_wconf 80' lang='lat' dir='ltr'><strong>qui</strong></span> <span class='ocrx_word' id='word_1_657' title='bbox 3098 4962 3154 5013; x_wconf 85' lang='lat' dir='ltr'><strong>in</strong></span> <span class='ocrx_word' id='word_1_658' title='bbox 3198 4975 3277 5013; x_wconf 85' lang='lat' dir='ltr'><strong>me</strong></span> <span class='ocrx_word' id='word_1_659' title='bbox 3304 4958 3385 5011; x_wconf 76' lang='grc' dir='ltr'><strong>ιο.</strong></span> 
     </span>
    </p>
   </div>
   <div class='ocr_carea' id='block_1_99' title="bbox 155 5042 1821 5129">
    <p class='ocr_par' dir='ltr' id='par_1_99' title="bbox 155 5042 1726 5115">
     <span class='ocr_line' id='line_1_99' title="bbox 155 5042 1726 5115; baseline 0.001 -17"><span class='ocrx_word' id='word_1_660' title='bbox 155 5048 257 5115; x_wconf 65' lang='grc' dir='ltr'>οὐχ</span> <span class='ocrx_word' id='word_1_661' title='bbox 290 5043 467 5105; x_wconf 65' lang='grc' dir='ltr'>οὕτως</span> <span class='ocrx_word' id='word_1_662' title='bbox 492 5043 565 5105; x_wconf 83' lang='grc' dir='ltr'>ὡς</span> <span class='ocrx_word' id='word_1_663' title='bbox 606 5042 747 5096; x_wconf 85' lang='grc' dir='ltr'>τότε.</span> <span class='ocrx_word' id='word_1_664' title='bbox 788 5043 917 5096; x_wconf 80' lang='grc' dir='ltr'><strong>Νῦν</strong></span> <span class='ocrx_word' id='word_1_665' title='bbox 955 5044 1070 5110; x_wconf 79' lang='grc' dir='ltr'><strong>μὲν</strong></span> <span class='ocrx_word' id='word_1_666' title='bbox 1098 5042 1229 5112; x_wconf 75' lang='grc' dir='ltr'>γὰρ,</span> <span class='ocrx_word' id='word_1_667' title='bbox 1282 5046 1469 5114; x_wconf 80' lang='grc' dir='ltr'>φησὶν,</span> <span class='ocrx_word' id='word_1_668' title='bbox 1501 5047 1726 5115; x_wconf 77' lang='grc' dir='ltr'>ὁρῶμεν</span> 
     </span>
    </p>
   </div>
   <div class='ocr_carea' id='block_1_100' title="bbox 1719 5042 3385 5129">
    <p class='ocr_par' dir='ltr' id='par_1_100' title="bbox 1719 5048 3385 5129">
     <span class='ocr_line' id='line_1_100' title="bbox 1719 5048 3385 5129; baseline -0.007 -16"><span class='ocrx_word' id='word_1_669' title='bbox 1719 5065 1726 5079; x_wconf 95' lang='lat'>&#39;</span> <span class='ocrx_word' id='word_1_670' title='bbox 1824 5062 2002 5129; x_wconf 80' lang='lat' dir='ltr'><strong>quitur</strong></span> <span class='ocrx_word' id='word_1_671' title='bbox 2050 5056 2255 5113; x_wconf 78' lang='lat' dir='ltr'><strong>Christi</strong></span> <span class='ocrx_word' id='word_1_672' title='bbox 2355 5058 2422 5111; x_wconf 81' lang='lat'><strong>&quot;.</strong></span> <span class='ocrx_word' id='word_1_673' title='bbox 2464 5058 2534 5109; x_wconf 86' lang='lat' dir='ltr'><strong>At</strong></span> <span class='ocrx_word' id='word_1_674' title='bbox 2576 5072 2683 5110; x_wconf 91' lang='lat' dir='ltr'><strong>non</strong></span> <span class='ocrx_word' id='word_1_675' title='bbox 2742 5065 2805 5109; x_wconf 90' lang='lat' dir='ltr'><strong>ut</strong></span> <span class='ocrx_word' id='word_1_676' title='bbox 2865 5048 3385 5122; x_wconf 84' lang='lat' dir='ltr'><strong>aliquando:Nunc</strong></span> 
     </span>
    </p>
   </div>
   <div class='ocr_carea' id='block_1_101' title="bbox 153 5133 1819 5217">
    <p class='ocr_par' dir='ltr' id='par_1_101' title="bbox 153 5133 1729 5203">
     <span class='ocr_line' id='line_1_101' title="bbox 153 5133 1729 5203; baseline 0.003 -16"><span class='ocrx_word' id='word_1_677' title='bbox 153 5138 233 5187; x_wconf 73' lang='grc' dir='ltr'>δι’</span> <span class='ocrx_word' id='word_1_678' title='bbox 264 5135 571 5198; x_wconf 80' lang='grc' dir='ltr'>ἐσόπτρου</span> <span class='ocrx_word' id='word_1_679' title='bbox 596 5133 696 5186; x_wconf 76' lang='grc' dir='ltr'><strong>καὶ</strong></span> <span class='ocrx_word' id='word_1_680' title='bbox 718 5133 1079 5202; x_wconf 73' lang='grc' dir='ltr'>αἰνίγματος,</span> <span class='ocrx_word' id='word_1_681' title='bbox 1136 5136 1270 5188; x_wconf 80' lang='grc' dir='ltr'>τότε</span> <span class='ocrx_word' id='word_1_682' title='bbox 1313 5133 1381 5187; x_wconf 86' lang='grc' dir='ltr'>δὲ</span> <span class='ocrx_word' id='word_1_683' title='bbox 1406 5138 1729 5203; x_wconf 77' lang='grc' dir='ltr'>πρόσωπον</span> 
     </span>
    </p>
   </div>
   <div class='ocr_carea' id='block_1_102' title="bbox 1718 5133 3384 5217">
    <p class='ocr_par' dir='ltr' id='par_1_102' title="bbox 1718 5141 3384 5217">
     <span class='ocr_line' id='line_1_102' title="bbox 1718 5141 3384 5217; baseline -0.005 -14"><span class='ocrx_word' id='word_1_684' title='bbox 1718 5155 1729 5170; x_wconf 92' lang='grc'><strong>·</strong></span> <span class='ocrx_word' id='word_1_685' title='bbox 1827 5151 1984 5213; x_wconf 81' lang='lat' dir='ltr'><strong>enim,</strong></span> <span class='ocrx_word' id='word_1_686' title='bbox 2020 5147 2218 5217; x_wconf 86' lang='lat' dir='ltr'><strong>inquit,</strong></span> <span class='ocrx_word' id='word_1_687' title='bbox 2256 5145 2485 5201; x_wconf 76' lang='lat' dir='ltr'><strong>uidemus</strong></span> <span class='ocrx_word' id='word_1_688' title='bbox 2511 5162 2602 5214; x_wconf 85' lang='lat' dir='ltr'><strong>per</strong></span> <span class='ocrx_word' id='word_1_689' title='bbox 2625 5143 2891 5212; x_wconf 76' lang='lat' dir='ltr'><strong>speculum</strong></span> <span class='ocrx_word' id='word_1_690' title='bbox 2910 5153 2958 5197; x_wconf 83' lang='lat' dir='ltr'><strong>et</strong></span> <span class='ocrx_word' id='word_1_691' title='bbox 2994 5144 3048 5195; x_wconf 86' lang='lat' dir='ltr'><strong>in</strong></span> <span class='ocrx_word' id='word_1_692' title='bbox 3073 5141 3384 5211; x_wconf 68' lang='lat' dir='ltr'><strong>wnigmate;</strong></span> 
     </span>
    </p>
   </div>
   <div class='ocr_carea' id='block_1_103' title="bbox 154 5226 1820 5307">
    <p class='ocr_par' dir='ltr' id='par_1_103' title="bbox 154 5226 690 5293">
     <span class='ocr_line' id='line_1_103' title="bbox 154 5226 690 5293; baseline -0.002 -16"><span class='ocrx_word' id='word_1_693' title='bbox 154 5226 315 5293; x_wconf 73' lang='grc' dir='ltr'>πρὸς</span> <span class='ocrx_word' id='word_1_694' title='bbox 343 5226 690 5290; x_wconf 77' lang='grc' dir='ltr'>πρόσωπον.</span> 
     </span>
    </p>
   </div>
   <div class='ocr_carea' id='block_1_104' title="bbox 1056 5226 2722 5307">
    <p class='ocr_par' dir='ltr' id='par_1_104' title="bbox 1827 5237 2722 5307">
     <span class='ocr_line' id='line_1_104' title="bbox 1827 5237 2722 5307; baseline -0.003 -14"><span class='ocrx_word' id='word_1_695' title='bbox 1827 5249 1949 5293; x_wconf 82' lang='lat' dir='ltr'><strong>tunc</strong></span> <span class='ocrx_word' id='word_1_696' title='bbox 1977 5249 2151 5293; x_wconf 79' lang='lat' dir='ltr'><strong>autem</strong></span> <span class='ocrx_word' id='word_1_697' title='bbox 2176 5239 2312 5307; x_wconf 76' lang='lat' dir='ltr'><strong>facte</strong></span> <span class='ocrx_word' id='word_1_698' title='bbox 2331 5237 2399 5291; x_wconf 84' lang='lat' dir='ltr'><strong>ad</strong></span> <span class='ocrx_word' id='word_1_699' title='bbox 2431 5237 2622 5306; x_wconf 78' lang='lat' dir='ltr'><strong>{aciem</strong></span> <span class='ocrx_word' id='word_1_700' title='bbox 2654 5238 2722 5290; x_wconf 81' lang='lat'><strong>&quot;.</strong></span> 
     </span>
    </p>
   </div>
   <div class='ocr_carea' id='block_1_105' title="bbox 238 5314 1904 5400">
    <p class='ocr_par' dir='ltr' id='par_1_105' title="bbox 238 5314 1904 5389">
     <span class='ocr_line' id='line_1_105' title="bbox 238 5314 1904 5389; baseline -0.001 -19"><span class='ocrx_word' id='word_1_701' title='bbox 238 5340 255 5370; x_wconf 74' lang='grc' dir='ltr'><strong>ι</strong></span> <span class='ocrx_word' id='word_1_702' title='bbox 299 5319 395 5380; x_wconf 80' lang='grc' dir='ltr'><strong>Εἰς</strong></span> <span class='ocrx_word' id='word_1_703' title='bbox 432 5318 530 5385; x_wconf 77' lang='grc' dir='ltr'>τὴν</span> <span class='ocrx_word' id='word_1_704' title='bbox 552 5318 581 5368; x_wconf 87' lang='grc' dir='ltr'>ὑ</span> <span class='ocrx_word' id='word_1_705' title='bbox 591 5317 704 5385; x_wconf 85' lang='grc' dir='ltr'><strong>μῶν</strong></span> <span class='ocrx_word' id='word_1_706' title='bbox 736 5314 1016 5385; x_wconf 82' lang='grc' dir='ltr'>προκοπὴν</span> <span class='ocrx_word' id='word_1_707' title='bbox 1039 5315 1133 5369; x_wconf 74' lang='grc' dir='ltr'>καὶ</span> <span class='ocrx_word' id='word_1_708' title='bbox 1154 5316 1328 5386; x_wconf 85' lang='grc' dir='ltr'>χαρὰν</span> <span class='ocrx_word' id='word_1_709' title='bbox 1348 5318 1448 5388; x_wconf 85' lang='grc' dir='ltr'>τῆς</span> <span class='ocrx_word' id='word_1_710' title='bbox 1475 5320 1727 5389; x_wconf 87' lang='grc' dir='ltr'>πίστεως,</span> <span class='ocrx_word' id='word_1_711' title='bbox 1903 5360 1904 5368; x_wconf 31' lang='grc' dir='ltr'>χ</span> 
     </span>
    </p>
   </div>
   <div class='ocr_carea' id='block_1_106' title="bbox 1717 5314 3383 5400">
    <p class='ocr_par' dir='ltr' id='par_1_106' title="bbox 1717 5320 3383 5400">
     <span class='ocr_line' id='line_1_106' title="bbox 1717 5320 3383 5400; baseline -0.01 -11"><span class='ocrx_word' id='word_1_712' title='bbox 1717 5365 1727 5389; x_wconf 75' lang='grc' dir='ltr'><strong>ν</strong></span> <span class='ocrx_word' id='word_1_713' title='bbox 1903 5346 1923 5381; x_wconf 83' lang='grc'><strong>‹</strong></span> <span class='ocrx_word' id='word_1_714' title='bbox 1955 5329 2035 5383; x_wconf 87' lang='lat' dir='ltr'><strong>Ad</strong></span> <span class='ocrx_word' id='word_1_715' title='bbox 2055 5329 2359 5400; x_wconf 80' lang='lat' dir='ltr'><strong>profectum</strong></span> <span class='ocrx_word' id='word_1_716' title='bbox 2415 5338 2659 5383; x_wconf 88' lang='lat' dir='ltr'><strong>vestrum</strong></span> <span class='ocrx_word' id='word_1_717' title='bbox 2702 5333 2757 5381; x_wconf 91' lang='lat' dir='ltr'><strong>et</strong></span> <span class='ocrx_word' id='word_1_718' title='bbox 2815 5323 3069 5396; x_wconf 74' lang='lat' dir='ltr'><strong>gaudium</strong></span> <span class='ocrx_word' id='word_1_719' title='bbox 3123 5320 3268 5385; x_wconf 77' lang='lat' dir='ltr'><strong>ﬁdei,</strong></span> <span class='ocrx_word' id='word_1_720' title='bbox 3322 5329 3383 5374; x_wconf 93' lang='lat' dir='ltr'><strong>ut</strong></span> 
     </span>
    </p>
   </div>
   <div class='ocr_carea' id='block_1_107' title="bbox 155 5406 1821 5491">
    <p class='ocr_par' dir='ltr' id='par_1_107' title="bbox 155 5406 1729 5480">
     <span class='ocr_line' id='line_1_107' title="bbox 155 5406 1729 5480; baseline 0.001 -17"><span class='ocrx_word' id='word_1_721' title='bbox 155 5413 250 5464; x_wconf 76' lang='grc' dir='ltr'>ἵνα</span> <span class='ocrx_word' id='word_1_722' title='bbox 284 5412 351 5462; x_wconf 82' lang='grc' dir='ltr'><strong>τὸ</strong></span> <span class='ocrx_word' id='word_1_723' title='bbox 384 5407 643 5478; x_wconf 83' lang='grc' dir='ltr'>καύχημα</span> <span class='ocrx_word' id='word_1_724' title='bbox 669 5406 821 5477; x_wconf 83' lang='grc' dir='ltr'>ὑμῶν</span> <span class='ocrx_word' id='word_1_725' title='bbox 868 5406 1167 5477; x_wconf 84' lang='grc' dir='ltr'>περισσεύῃ</span> <span class='ocrx_word' id='word_1_726' title='bbox 1200 5407 1258 5459; x_wconf 85' lang='grc' dir='ltr'><strong>έν</strong></span> <span class='ocrx_word' id='word_1_727' title='bbox 1288 5408 1511 5479; x_wconf 87' lang='grc' dir='ltr'>Χριστῷ</span> <span class='ocrx_word' id='word_1_728' title='bbox 1555 5412 1729 5480; x_wconf 83' lang='grc' dir='ltr'>Ἰησοῦ</span> 
     </span>
    </p>
   </div>
   <div class='ocr_carea' id='block_1_108' title="bbox 1717 5406 3383 5491">
    <p class='ocr_par' dir='ltr' id='par_1_108' title="bbox 1717 5408 3383 5491">
     <span class='ocr_line' id='line_1_108' title="bbox 1717 5408 3383 5491; baseline -0.006 -17"><span class='ocrx_word' id='word_1_729' title='bbox 1717 5413 1729 5464; x_wconf 75' lang='grc' dir='ltr'><strong>ἱ</strong></span> <span class='ocrx_word' id='word_1_730' title='bbox 1833 5418 2130 5491; x_wconf 77' lang='lat' dir='ltr'><strong>gratulatio</strong></span> <span class='ocrx_word' id='word_1_731' title='bbox 2176 5425 2358 5471; x_wconf 88' lang='lat' dir='ltr'><strong>vestra</strong></span> <span class='ocrx_word' id='word_1_732' title='bbox 2395 5416 2636 5471; x_wconf 89' lang='lat' dir='ltr'><strong>abundet</strong></span> <span class='ocrx_word' id='word_1_733' title='bbox 2686 5415 2742 5469; x_wconf 93' lang='lat' dir='ltr'><strong>in</strong></span> <span class='ocrx_word' id='word_1_734' title='bbox 2786 5414 3003 5469; x_wconf 89' lang='lat' dir='ltr'><strong>Chrlsto</strong></span> <span class='ocrx_word' id='word_1_735' title='bbox 3027 5408 3156 5466; x_wconf 81' lang='lat' dir='ltr'><strong>Jesu</strong></span> <span class='ocrx_word' id='word_1_736' title='bbox 3198 5411 3255 5464; x_wconf 91' lang='lat' dir='ltr'><strong>in</strong></span> <span class='ocrx_word' id='word_1_737' title='bbox 3297 5424 3383 5466; x_wconf 91' lang='lat' dir='ltr'><strong>me</strong></span> 
     </span>
    </p>
   </div>
   <div class='ocr_carea' id='block_1_109' title="bbox 152 5501 1818 5583">
    <p class='ocr_par' dir='ltr' id='par_1_109' title="bbox 152 5501 1725 5576">
     <span class='ocr_line' id='line_1_109' title="bbox 152 5501 1725 5576; baseline 0.013 -37"><span class='ocrx_word' id='word_1_738' title='bbox 152 5511 221 5560; x_wconf 60' lang='grc' dir='ltr'><strong>ἐν</strong></span> <span class='ocrx_word' id='word_1_739' title='bbox 256 5504 406 5573; x_wconf 66' lang='grc' dir='ltr'>ἐμοὶ,</span> <span class='ocrx_word' id='word_1_740' title='bbox 438 5503 525 5555; x_wconf 77' lang='grc' dir='ltr'>διὰ</span> <span class='ocrx_word' id='word_1_741' title='bbox 551 5503 650 5572; x_wconf 84' lang='grc' dir='ltr'>τῆς</span> <span class='ocrx_word' id='word_1_742' title='bbox 679 5502 818 5571; x_wconf 72' lang='grc' dir='ltr'>ἐμῆς</span> <span class='ocrx_word' id='word_1_743' title='bbox 842 5501 1140 5570; x_wconf 83' lang='grc' dir='ltr'>παρουσίας</span> <span class='ocrx_word' id='word_1_744' title='bbox 1161 5502 1320 5556; x_wconf 77' lang='grc' dir='ltr'>πάλιν</span> <span class='ocrx_word' id='word_1_745' title='bbox 1349 5505 1484 5574; x_wconf 84' lang='grc' dir='ltr'>πρὸς</span> <span class='ocrx_word' id='word_1_746' title='bbox 1513 5506 1671 5576; x_wconf 81' lang='grc' dir='ltr'>ὑμᾶς.</span> <span class='ocrx_word' id='word_1_747' title='bbox 1706 5527 1725 5559; x_wconf 71' lang='grc' dir='ltr'><strong>ι</strong></span> 
     </span>
    </p>
   </div>
   <div class='ocr_carea' id='block_1_110' title="bbox 1305 5501 2971 5583">
    <p class='ocr_par' dir='ltr' id='par_1_110' title="bbox 1305 5505 2971 5583">
     <span class='ocr_line' id='line_1_110' title="bbox 1305 5505 2971 5583; baseline -0.011 -8"><span class='ocrx_word' id='word_1_748' title='bbox 1305 5521 1320 5554; x_wconf 67' lang='grc' dir='ltr'><em>θ</em></span> <span class='ocrx_word' id='word_1_749' title='bbox 1349 5505 1484 5574; x_wconf 74' lang='grc' dir='ltr'>πρὸς</span> <span class='ocrx_word' id='word_1_750' title='bbox 1513 5506 1671 5576; x_wconf 71' lang='grc' dir='ltr'>ὑμᾶς.</span> <span class='ocrx_word' id='word_1_751' title='bbox 1706 5527 1725 5559; x_wconf 71' lang='grc' dir='ltr'><strong>ι</strong></span> <span class='ocrx_word' id='word_1_752' title='bbox 1838 5527 1935 5583; x_wconf 82' lang='lat' dir='ltr'><strong>per</strong></span> <span class='ocrx_word' id='word_1_753' title='bbox 1966 5526 2145 5566; x_wconf 91' lang='lat' dir='ltr'><strong>meum</strong></span> <span class='ocrx_word' id='word_1_754' title='bbox 2179 5510 2469 5565; x_wconf 87' lang='lat' dir='ltr'><strong>adventum</strong></span> <span class='ocrx_word' id='word_1_755' title='bbox 2502 5509 2700 5563; x_wconf 88' lang='lat' dir='ltr'><strong>iterum</strong></span> <span class='ocrx_word' id='word_1_756' title='bbox 2725 5507 2790 5562; x_wconf 89' lang='lat' dir='ltr'><strong>ad</strong></span> <span class='ocrx_word' id='word_1_757' title='bbox 2816 5520 2929 5561; x_wconf 90' lang='lat' dir='ltr'><strong>vos.</strong></span> <span class='ocrx_word' id='word_1_758' title='bbox 2953 5523 2971 5556; x_wconf 75' lang='grc' dir='ltr'><strong>ι</strong></span> 
     </span>
    </p>
   </div>
   <div class='ocr_carea' id='block_1_111' title="bbox 237 5593 1903 5672">
    <p class='ocr_par' dir='ltr' id='par_1_111' title="bbox 237 5593 1731 5666">
     <span class='ocr_line' id='line_1_111' title="bbox 237 5593 1731 5666; baseline 0.027 -55"><span class='ocrx_word' id='word_1_759' title='bbox 237 5598 385 5665; x_wconf 67' lang='grc' dir='ltr'>,Ορα</span> <span class='ocrx_word' id='word_1_760' title='bbox 436 5595 595 5648; x_wconf 65' lang='grc' dir='ltr'>πάλιν</span> <span class='ocrx_word' id='word_1_761' title='bbox 651 5594 822 5662; x_wconf 80' lang='grc' dir='ltr'>πόσην</span> <span class='ocrx_word' id='word_1_762' title='bbox 876 5593 1055 5655; x_wconf 82' lang='grc' dir='ltr'>αὐτοῖς</span> <span class='ocrx_word' id='word_1_763' title='bbox 1127 5596 1398 5664; x_wconf 81' lang='grc' dir='ltr'>μαρτυρεῖ</span> <span class='ocrx_word' id='word_1_764' title='bbox 1471 5597 1731 5666; x_wconf 76' lang='grc' dir='ltr'>ἐργασίαν</span> 
     </span>
    </p>
   </div>
   <div class='ocr_carea' id='block_1_112' title="bbox 1718 5593 3384 5672">
    <p class='ocr_par' dir='ltr' id='par_1_112' title="bbox 1718 5598 3384 5672">
     <span class='ocr_line' id='line_1_112' title="bbox 1718 5598 3384 5672; baseline -0.008 -13"><span class='ocrx_word' id='word_1_765' title='bbox 1718 5616 1731 5649; x_wconf 69' lang='grc' dir='ltr'><em>θ</em></span> <span class='ocrx_word' id='word_1_766' title='bbox 1907 5603 2041 5659; x_wconf 88' lang='lat' dir='ltr'><strong>Vide</strong></span> <span class='ocrx_word' id='word_1_767' title='bbox 2062 5618 2276 5657; x_wconf 91' lang='lat' dir='ltr'><strong>rursum</strong></span> <span class='ocrx_word' id='word_1_768' title='bbox 2309 5609 2572 5672; x_wconf 86' lang='lat' dir='ltr'><strong>quantum</strong></span> <span class='ocrx_word' id='word_1_769' title='bbox 2625 5598 2751 5655; x_wconf 91' lang='lat' dir='ltr'><strong>boni</strong></span> <span class='ocrx_word' id='word_1_770' title='bbox 2784 5606 3049 5669; x_wconf 65' lang='lat' dir='ltr'><strong>questum</strong></span> <span class='ocrx_word' id='word_1_771' title='bbox 3083 5610 3178 5651; x_wconf 88' lang='lat' dir='ltr'><strong>eos</strong></span> <span class='ocrx_word' id='word_1_772' title='bbox 3205 5598 3384 5647; x_wconf 78' lang='lat' dir='ltr'><strong>facere</strong></span> 
     </span>
    </p>
   </div>
   <div class='ocr_carea' id='block_1_113' title="bbox 156 5680 1822 5761">
    <p class='ocr_par' dir='ltr' id='par_1_113' title="bbox 156 5683 1727 5757">
     <span class='ocr_line' id='line_1_113' title="bbox 156 5683 1727 5757; baseline 0.006 -22"><span class='ocrx_word' id='word_1_773' title='bbox 156 5685 357 5740; x_wconf 75' lang='grc' dir='ltr'>καλοῦ.</span> <span class='ocrx_word' id='word_1_774' title='bbox 428 5684 485 5737; x_wconf 81' lang='grc' dir='ltr'>Ὀ</span> <span class='ocrx_word' id='word_1_775' title='bbox 542 5684 648 5753; x_wconf 71' lang='grc' dir='ltr'><strong>γαρ</strong></span> <span class='ocrx_word' id='word_1_776' title='bbox 704 5686 1045 5753; x_wconf 82' lang='grc' dir='ltr'>προκόπτων,</span> <span class='ocrx_word' id='word_1_777' title='bbox 1112 5683 1340 5752; x_wconf 81' lang='grc' dir='ltr'>βαδίζων</span> <span class='ocrx_word' id='word_1_778' title='bbox 1410 5687 1727 5757; x_wconf 83' lang='grc' dir='ltr'>προκόπτει.</span> 
     </span>
    </p>
   </div>
   <div class='ocr_carea' id='block_1_114' title="bbox 1715 5680 3381 5761">
    <p class='ocr_par' dir='ltr' id='par_1_114' title="bbox 1715 5680 3381 5761">
     <span class='ocr_line' id='line_1_114' title="bbox 1715 5680 3381 5761; baseline -0.008 -11"><span class='ocrx_word' id='word_1_779' title='bbox 1715 5729 1727 5745; x_wconf 86' lang='lat'><strong>.</strong></span> <span class='ocrx_word' id='word_1_780' title='bbox 1838 5692 2189 5752; x_wconf 85' lang='lat' dir='ltr'><strong>testiﬁcatur.</strong></span> <span class='ocrx_word' id='word_1_781' title='bbox 2216 5689 2351 5746; x_wconf 85' lang='lat' dir='ltr'><strong>Nam</strong></span> <span class='ocrx_word' id='word_1_782' title='bbox 2374 5690 2466 5761; x_wconf 89' lang='lat' dir='ltr'><strong>qui</strong></span> <span class='ocrx_word' id='word_1_783' title='bbox 2496 5702 2845 5761; x_wconf 77' lang='lat' dir='ltr'><strong>progressum</strong></span> <span class='ocrx_word' id='word_1_784' title='bbox 2898 5686 3051 5753; x_wconf 81' lang='lat' dir='ltr'><strong>facit,</strong></span> <span class='ocrx_word' id='word_1_785' title='bbox 3081 5680 3381 5756; x_wconf 74' lang='lat' dir='ltr'><strong>gradiendo</strong></span> 
     </span>
    </p>
   </div>
   <div class='ocr_carea' id='block_1_115' title="bbox 198 5864 1359 5932">
    <p class='ocr_par' dir='ltr' id='par_1_115' title="bbox 198 5864 1359 5932">
     <span class='ocr_line' id='line_1_115' title="bbox 198 5864 1359 5932; baseline 0.004 -14"><span class='ocrx_word' id='word_1_786' title='bbox 198 5867 244 5902; x_wconf 81' lang='grc'><strong>³¹</strong></span> <span class='ocrx_word' id='word_1_787' title='bbox 294 5866 341 5919; x_wconf 84' lang='grc' dir='ltr'><strong>ιι</strong></span> <span class='ocrx_word' id='word_1_788' title='bbox 376 5865 503 5921; x_wconf 73' lang='lat' dir='ltr'><strong>Cor.</strong></span> <span class='ocrx_word' id='word_1_789' title='bbox 538 5882 651 5932; x_wconf 78' lang='lat' dir='ltr'><strong>xui,</strong></span> <span class='ocrx_word' id='word_1_790' title='bbox 689 5865 741 5919; x_wconf 76' lang='lat'><strong>3.</strong></span> <span class='ocrx_word' id='word_1_791' title='bbox 840 5868 884 5898; x_wconf 81' lang='grc'><strong>⁸³</strong></span> <span class='ocrx_word' id='word_1_792' title='bbox 920 5864 1083 5922; x_wconf 84' lang='lat' dir='ltr'><strong>lCor.</strong></span> <span class='ocrx_word' id='word_1_793' title='bbox 1122 5879 1240 5927; x_wconf 83' lang='lat' dir='ltr'><strong>xm,</strong></span> <span class='ocrx_word' id='word_1_794' title='bbox 1277 5867 1359 5922; x_wconf 77' lang='grc'><strong>12.</strong></span> 
     </span>
    </p>
   </div>
  </div>
