4218 6448
805 470 912 534 8‘33

1969 451 2028 510 S.
2056 445 2375 510 JOANNIS
2407 442 2837 502 DAMASCENI

3937 428 4048 494 86L

811 579 1046 656 prolicit.
1081 578 1200 642 Quo
1254 586 1387 627 vero
1440 579 1790 638 progressum
1852 560 2076 620 faciant,
2144 557 2250 611 nisi
2301 555 2368 607 ad
2399 554 2477 613 A‘

2399 558 2446 613 Δ
2472 551 2584 605 Ποῦ
2634 552 2692 604 δὲ
2723 551 3142 622 προκόπτουσιν,
3170 549 3202 618 ἢ
3227 549 3304 611 είς
3323 547 3421 618 τὴν
3446 545 3620 616 χαρὰν
3643 545 3741 616 τῆς
3768 545 4002 607 πίστεως
4026 562 4042 605 ς

810 650 1066 746 gaudidm
1099 667 1260 722 lidei?
1287 665 1390 729 Qui
1418 669 1597 714 autem
1622 662 1676 713 in
1705 654 1905 726 gaudio
1937 654 2040 707 hoc
2061 650 2373 721 profecerit,

813 769 1011 836 inquit,
1041 765 1086 815 is
1115 759 1444 827 gloriabitur
1477 759 1530 808 in
1554 752 1796 806 Christo.

885 835 1049 910 Vsus.
1080 853 1173 905 27.
1205 869 1223 900 ι
1252 847 1486 900 Tantum
1515 843 1674 912 digne
1699 839 1992 909 Evangelia
2020 835 2222 888 Christi
2245 847 2379 885 con--

813 947 1125 1007 versamini,
1163 953 1221 995 ut
1246 942 1360 996 sive
1387 955 1510 990 eum
1553 949 1770 990 venero.
1803 944 1855 986 et
1882 931 2069 984 videro
2109 940 2226 988 vos,
2265 928 2380 979 sive

815 1041 1024 1101 abiens,
1062 1036 1278 1088 audiam
1297 1047 1418 1100 quae
1448 1030 1514 1082 de
1542 1027 1694 1080 vobis
1721 1034 1873 1088 sunt,
1900 1043 1918 1074 ι

885 1129 1179 1195 Pastquam
1213 1121 1540 1175 testiﬁcatus
1571 1126 1655 1170 est
1683 1117 1912 1169 multum
1933 1126 2028 1166 eas
2059 1108 2380 1179 profecisse,

818 1223 1020 1278 sensim
1048 1221 1198 1288 ipsas
1235 1213 1505 1284 reprimit,
1568 1225 1639 1265 ne
1672 1207 1927 1277 superbia
1963 1189 2245 1262 inﬂentur,
2283 1218 2385 1254 au-

813 1313 1031 1366 dientes
1092 1324 1150 1362 se
1209 1319 1562 1375 progressum
1624 1300 1843 1353 fecisse.
1910 1294 2187 1363 Reprimit
2232 1308 2382 1353 vero,

821 1401 1062 1458 suadens
1095 1409 1152 1451 ut
1179 1398 1400 1466 dignam
1430 1393 1721 1463 Evangelia
1770 1389 1895 1441 vita:
1933 1387 2200 1440 rationem
2247 1385 2386 1437 inire

819 1498 1095 1552 studeant.

899 1606 916 1636 ι
958 1585 1097 1651 Quia
1128 1584 1284 1638 statis
1313 1582 1366 1634 iu
1416 1594 1526 1632 uno
1555 1577 1750 1645 spiritu
1790 1575 2104 1638 unanimes,
2147 1570 2383 1623 collabo-

824 1687 1006 1730 ranles
1039 1674 1159 1726 lidei
1211 1666 1735 1738 Evangelii:[Vi-:ns.
1776 1663 1868 1735 28]
1908 1674 1963 1718 et
2008 1665 2062 1715 in
2097 1661 2249 1714 nullo
2288 1667 2391 1712 ter-

826 1765 1054 1820 reamini
1088 1763 1157 1816 ab
1186 1760 1565 1824 adversariis;
1596 1774 1718 1827 qua:
1751 1757 1858 1810 illis
1888 1765 1972 1810 est
1999 1769 2170 1809 causa
2208 1752 2393 1822 pcrdi-

827 1859 1014 1912 tionis.
1055 1876 1072 1906 ι

895 1968 1033 2007 υιιιιι
1068 1966 1164 2004 eas
1193 1947 1468 2001 monuerit
1515 1952 1576 1998 ut
1622 1945 1788 2014 digne
1825 1941 2120 2012 Evangelia
2161 1953 2395 1994 conver-

833 2053 1042 2104 sentur.
1092 2039 1532 2095 conversationis
1596 2051 1815 2106 quaque
1882 2032 2142 2088 edisserit
2197 2046 2392 2100 genus.

827 2135 965 2190 illud
995 2141 1176 2187 autent
1209 2140 1294 2186 est
1331 2131 1627 2186 sinceritas
1667 2129 1720 2182 in
1774 2126 1899 2179 iide.
1929 2125 2063 2178 Nam
2089 2125 2201 2176 alia
2235 2122 2399 2176 modo

834 2245 939 2281 non
966 2228 1216 2297 potestis,
1237 2225 1433 2293 inquit,
1455 2237 1599 2277 unus
1619 2221 1846 2290 spiritus
1862 2234 2006 2281 esse,
2036 2228 2398 2287 praeterquam

837 2320 962 2373 ista.
1035 2315 1256 2379 Deinde,
1317 2314 1362 2368 si
1399 2314 1638 2366 animam
1688 2326 1852 2363 uuam
1923 2310 2157 2363 habeant
2198 2327 2211 2361 :
2255 2306 2400 2376 quod

827 2413 1049 2468 eximia:
1073 2409 1366 2464 charitatis
1417 2413 1801 2476 argumentum
1833 2411 1936 2458 est.
1978 2402 2247 2456 Creterqu
2285 2417 2401 2454 ma-

829 2520 1000 2574 gnum
1033 2501 1232 2557 exinde
1253 2508 1528 2554 certamen
1554 2499 1631 2550 ait
1650 2497 2096 2552 subsecuturum.
2113 2491 2402 2558 Quodnam

838 2612 968 2649 vero
999 2593 1156 2657 illud,
1193 2593 1297 2646 uisi
1342 2599 1400 2644 ut
1447 2589 1729 2657 Evangelii
1769 2586 1982 2657 pugiles
2019 2584 2192 2638 ﬁant?
2216 2582 2405 2637 Enim-

837 2702 969 2740 vero
1001 2685 1318 2753 complures
1356 2691 1518 2736 erant
1550 2679 1886 2743 adversarii;
1920 2676 1996 2729 illi
2032 2675 2290 2728 nimirum
2311 2675 2404 2744 qui

839 2795 902 2832 ex
923 2777 1376 2831 circumcisione.

915 2887 934 2918 ε
975 2867 1143 2920 Nobis
1172 2875 1352 2920 autem
1381 2863 1598 2923 salutis.
1630 2870 1683 2916 et
1713 2861 1816 2914 hoc
1852 2875 1880 2912 a
1905 2859 2014 2913 Deo
2043 2856 2266 2930 :[Vsns.
2292 2855 2384 2928 ΞΩ]

841 2959 970 3027 quia
1012 2959 1168 3010 vobis
1215 2957 1478 3010 donatqu
1527 2963 1613 3008 est
1651 2968 1750 3021 pro
1799 2951 2046 3013 Christo,
2089 2965 2198 3002 non
2230 2950 2408 3002 solum

845 3051 982 3104 utin
1011 3065 1134 3102 eum
1167 3047 1429 3109 credatis,
1479 3043 1572 3097 sed
1634 3050 1693 3096 ut
1751 3041 1914 3095 etiam
1955 3055 2058 3111 pro
2094 3041 2190 3095 illo
2237 3041 2411 3110 patia-

848 3157 1004 3195 ιιιιιιι.
1046 3159 1064 3191 ο

2486 643 2545 694 Ὀ
2568 643 2624 695 δὲ
2653 645 2731 706 είς
2749 643 2952 712 ταύτην
2983 641 3329 712 προκόπτων,
3363 640 3693 709 καυχήσεται
3714 676 3728 700 ,
3763 639 3947 705 φησὶν,
3987 639 4050 688 ἐν

2477 735 2716 806 Χριστῷ.

2555 849 2575 879 ι
2608 829 2785 881 Μόνον
2823 826 2987 893 ἀξίως
3018 825 3114 880 τοῦ
3139 824 3474 894 Εὑαγγελίου
3511 822 3606 876 τοῦ
3634 822 3870 893 Χριστοῦ
3893 822 4054 873 πολι-

2478 923 2720 986 τεύεσοε,
2747 922 2832 974 ¹ίνα
2864 921 2974 974 εἴτε
3007 918 3176 972 ἐλθὼν
3216 919 3310 972 καὶ
3360 916 3481 970 ἰδὼν
3535 917 3702 987 ὑμᾶς,
3737 915 3845 968 εἴτε
3871 913 4053 974 ἀπὼν,

2481 1016 2698 1070 ἀκούσω
2734 1014 2806 1067 τὰ
2837 1014 2969 1084 περὶ
2990 1011 3162 1080 ὑμῶν.
3186 1029 3205 1062 ι

2556 1108 2922 1177 Μαρτυρήσας
2971 1107 3154 1167 αὐτοῖς
3219 1102 3426 1171 πολλὴν
3485 1099 3773 1170 προκοπὴν
3802 1137 3817 1159 ,
3871 1096 4061 1167 ἡρέμα.

2481 1197 2836 1250 καταστέλλει
2861 1195 3076 1257 αὐτοὺς,
3109 1195 3196 1246 ἵνα
3242 1191 3316 1264 μὴ
3345 1188 3660 1260 φύει-τιθῶσιν
3697 1187 4059 1248 ἀκούσαντες,

2482 1289 2558 1351 ὡς
2588 1288 2921 1359 προέκοψαν.
2971 1284 3341 1349 Καταστέλλει
3404 1283 3483 1347 δὲ,
3542 1280 3700 1347 ἀξίαν
3736 1280 3932 1341 αὐτοὺς
3957 1277 4059 1329 τοῦ

2486 1381 2822 1449 Εύαγγελίου
2852 1379 3127 1433 πολιτείαν
3149 1377 3494 1449 ἐπιτηδεύειν
3515 1372 3817 1444 παραινῶν.

2565 1592 2584 1623 ι
2616 1573 2740 1623 Ὀτι
2767 1571 2995 1640 στήκετε
3043 1570 3101 1622 ὲν
3161 1569 3242 1623 ἐνὶ
3288 1565 3580 1638 πνεύματι,
3617 1565 3716 1635 μιᾷ
3743 1563 3886 1633 ψυχῇ
3935 1579 4069 1613 συν-

2491 1664 2784 1726 αθλοῧντες
2817 1667 2882 1732 τῇ
2913 1663 3093 1715 πίστει
3123 1659 3226 1726 τοῦ,
3266 1658 3620 1727 Εύαγγελίου,
3647 1656 3738 1708 καὶ
3763 1655 3836 1724 μὴ
3860 1655 4073 1722 πτυρό-

2495 1773 2645 1827 μενοι
2671 1759 2729 1808 ὲν
2748 1756 2936 1825 μηδενὶ
2971 1755 3075 1807 ὑπὸ
3098 1754 3204 1807 τῶν
3242 1752 3652 1821 ἀντικειμένων,
3682 1748 3718 1817 ἦ
3752 1764 3834 1810 τις
3868 1749 4060 1808 αὐταῖς

2502 1849 2599 1918 μέν
2631 1851 2778 1900 ἐστιν
2809 1848 3032 1910 ἔνδειξις
3063 1846 3357 1909 ἀπωλείας,
3391 1864 3409 1896 ι
3628 1833 3637 1845 “

2573 1940 2756 1993 Εἰπὼν
2785 1941 2966 2002 αὐτοῖς
2989 1940 3169 2005 ἀξίους
3190 1938 3283 1991 τοῦ
3308 1935 3637 2005 Εὑαγγελίον
3662 1932 4076 1993 πολιτεύεσθαι,

2501 2035 2648 2102 λέγει
2675 2036 2768 2086 καὶ
2793 2034 2853 2086 τὸ
2908 2029 3048 2094 εἶδος
3096 2033 3194 2101 τῆς
3250 2031 3546 2092 πολιτείας.
3580 2028 3750 2081 Τοῦτο
3777 2028 3831 2080 δέ
3856 2030 3980 2079 ’ἐστι
4010 2025 4079 2075 τὸ

2503 2129 2632 2199 περὶ
2666 2130 2765 2198 τὴν
2800 2129 2982 2179 πίστιν
3012 2128 3254 2194 γνήσιον.
3287 2123 3500 2184 Ἀλλως
3523 2121 3630 2190 γὰρ
3655 2121 3716 2172 ού
3747 2118 3978 2171 δύνασθε
4014 2116 4078 2167 ἒν

2503 2220 2720 2289 πνεῦμα
2749 2218 3025 2286 γενέσθαι,
3059 2219 3091 2287 ἢ
3126 2216 3298 2278 οὕτως
3323 2229 3340 2246 ⁶
3368 2214 3553 2266 ἔπειτα
3575 2213 3635 2263 τὸ
3660 2211 3752 2264 καὶ
3783 2211 3912 2278 μίαν
3931 2212 4080 2276 ἔχειν

2503 2311 2699 2378 ψυχήν.
2727 2309 2898 2361 Τοῦτο
2919 2309 2974 2362 δὲ
3029 2304 3476 2379 ὑπερϐαλλούσης
3518 2304 3737 2371 ἀγάπης
3777 2297 4076 2358 ἀπῶειξις,

2505 2403 2694 2468 Μέγαν
2725 2401 2781 2453 δὲ
2814 2401 2960 2468 λέγει
2987 2395 3124 2452 εἶναι
3153 2398 3244 2452 τὸν
3271 2400 3332 2448 ὲκ
3355 2397 3557 2449 τούτων
3573 2392 3754 2448 ἆθλον.
3783 2391 3891 2444 Καὶ
3925 2391 4080 2440 ποῖον

2504 2494 2681 2555 τοῦτο,
2740 2493 2773 2562 ἢ
2830 2493 2891 2544 τὸ
2947 2491 3186 2562 ἀθλητὰς
3243 2490 3439 2550 αὐτοὺς
3482 2486 3738 2556 γενέσθαι
3785 2483 3924 2551 ὑπὲρ
3981 2479 4078 2532 τοῦ

2507 2585 2838 2652 Εὑαγγελίου
2864 2601 2880 2650 ;
2917 2579 3098 2636 Ἷίσαν
3120 2585 3228 2654 γάρ
3252 2582 3435 2634 πολλοὶ
3451 2582 3501 2632 οί
3521 2578 3884 2648 ἀντικείμενοι
3905 2576 3958 2627 οἱ
3977 2573 4081 2641 τῆς

2507 2677 2830 2746 περιτομῆς.

2585 2873 2603 2904 ι
2644 2847 2804 2921 Ἡμῖν
2852 2849 2910 2902 δὲ
2973 2846 3266 2918 σωτηρίας,
3289 2845 3385 2900 καὶ
3439 2842 3598 2897 τοῦτο
3641 2813 3755 2895 ἀπὸ.
3783 2838 3918 2893 Θεοῦ
3942 2856 3959 2870 ο
3998 2840 4081 2890 ὅτι

2511 2947 2639 3014 ὑμῖν
2662 2942 2923 3014 ἐχαρίσθη
2947 2940 3008 2993 τδ
3030 2940 3169 3008 ὑπὲρ
3195 2933 3468 3008 Χριστοῦ,
3488 2934 3559 2987 οὐ·
3580 2933 3740 3003 μόνον
3769 2932 3831 2983 τὸ
3867 2932 3950 2992 είς
3981 2931 4081 2982 αὺ-

2512 2965 2542 2998 υ
2592 2965 2639 2997 ιν
2662 2965 2923 3014 εχαρισυτι
2947 2965 3008 2993 το
3030 2965 3169 3008 una?
3195 2965 3468 3008 Ayzuwu,
3488 2965 3549 2987 υυ
3580 2965 3739 3003 μυνυν
3781 2965 3831 2983 ..υ
3867 2965 3946 2992 ς...
3981 2965 4077 2982 νυ-

2512 2965 2603 3090 τῖν
2637 3034 2949 3099 πιστεύειν,
2972 3031 3108 3086 ἀλλὰ
3160 3031 3254 3084 καὶ
3293 3027 3354 3084 τὸ
3386 3026 3526 3098 ὑπὲρ
3561 3023 3726 3078 αὐτοῦ
3769 3023 4025 3093 πάσχειν.
4058 3040 4077 3072 ι

928 3230 1169 3285 Observa
1198 3226 1668 3297 quomodotaeite
1723 3226 1923 3279 iterum
1979 3224 2104 3278 illos
2135 3223 2410 3294 reprimit.
2443 3261 2485 3318 Ο
2589 3222 2594 3237 ‘

2443 3261 2485 3318 Ο
2589 3221 2730 3292 Ὅρα
2756 3219 2917 3272 πάλιν
2972 3215 3048 3278 ὡς
3107 3213 3291 3284 ἠρέμα
3332 3208 3706 3266 καταστέλλει.
3752 3183 4084 3275 Είπωνιγάρ

849 3321 982 3375 Nam
1011 3331 1296 3390 postquam
1330 3319 1563 3371 athletas
1583 3328 1636 3371 et
1674 3318 1882 3386 pugiles
1897 3331 1992 3370 eos
2011 3316 2148 3368 dixit
2173 3315 2415 3385 Evange-

852 3413 932 3471 lii.
957 3411 1262 3479 subjunxit,
1289 3410 1391 3462 hae
1423 3409 1600 3476 ipsum
1643 3423 1674 3461 a
1711 3407 1820 3460 l)eo
1842 3407 2130 3476 praestari;
2174 3405 2308 3475 quin
2361 3413 2418 3459 et

852 3501 988 3570 ipsis
1014 3513 1340 3553 concessum
1404 3513 1526 3551 esse
1591 3503 1672 3551 ut.
1705 3511 1803 3564 pro
1853 3512 1918 3548 ea
1955 3497 2252 3565 patiantur.
2302 3494 2418 3550 [loc

850 3601 1037 3645 autem
1071 3574 1306 3652 ait,"non
1340 3596 1397 3640 ut
1425 3587 1591 3640 animi
1653 3585 1929 3651 allectum,
1966 3575 2179 3642 nonut
2213 3601 2420 3655 propo-

855 3686 1020 3737 situm
1058 3682 1323 3736 dissolvat
1345 3679 1501 3750 (mihi
1526 3678 1797 3748 siquidem
1820 3679 2113 3741 incumbit,
2139 3687 2196 3731 ut
2225 3692 2422 3747 propo-

857 3777 1025 3830 situm
1063 3776 1265 3830 bonum
1288 3772 1564 3840 habeam),
1597 3769 1694 3822 sed
1722 3779 1780 3821 ut
1809 3772 1990 3823 omnia
2047 3773 2189 3824 bona
2232 3787 2262 3822 a
2311 3771 2422 3824 Deo

853 3883 981 3919 ιδεκο
1010 3873 1297 3920 censeant.
1359 3859 1482 3915 Non
1518 3861 1656 3914 enim
1691 3876 1830 3930 rego,
1867 3861 2068 3931 inquit,
2104 3862 2194 3915 sed
2244 3864 2423 3929 gratia

859 3955 960 4008 Dei
987 3971 1185 4006 mecum
1209 3954 1274 4008 ⁸³.

935 4045 1100 4100 Vsus.
1134 4045 1221 4099 30.
1259 4062 1278 4098 ι
1318 4045 1460 4100 Idem
1492 4052 1769 4101 certamen
1825 4042 2109 4105 habentes,
2144 4043 2308 4112 quale
2347 4044 2427 4098 vi-

858 4140 1021 4194 distis
1049 4140 1102 4191 in
1135 4153 1241 4197 me,
1281 4144 1336 4192 et
1362 4150 1512 4192 nunc
1537 4133 1772 4192 audistis
1812 4135 1866 4188 in
1893 4151 1998 4190 me.
2032 4152 2052 4186 ι

931 4230 1045 4285 iloc
1075 4231 1131 4284 in
1169 4229 1292 4283 loco
1321 4229 1431 4284 duo
1456 4228 1619 4283 utilia
1643 4227 1913 4298 suggerit,
1959 4229 2202 4296 primum
2236 4241 2306 4282 ne
2328 4243 2429 4282 ex-

867 4325 1152 4384 tollantur,
1181 4337 1280 4375 ceu
1308 4321 1411 4390 ipsi
1447 4320 1548 4375 soli
1573 4321 1788 4390 pugiles
1829 4320 1964 4381 sint,
1995 4320 2219 4388 quando
2244 4335 2432 4374 exem-

867 4417 1149 4486 plaipsius
1174 4413 1481 4468 decertant.
1542 4413 1813 4476 Alterum,
1845 4426 1912 4465 ne
1949 4412 2042 4484 vel,
2063 4411 2306 4475 vineiila,
2345 4409 2433 4464 vel

866 4509 1206 4578 exspectatio
1240 4507 1432 4560 martis
1481 4506 1631 4574 ipsos
1665 4511 1943 4558 exterreat
1981 4521 1993 4556 :
2039 4502 2185 4556 unde
2208 4504 2336 4556 illos
2364 4503 2433 4557 ad

2518 3314 2600 3365 ὅτι
2647 3309 2878 3379 ἀθληταί
2918 3310 3041 3361 ἐστε
3092 3306 3234 3376 ὑπὲρ
3281 3304 3374 3358 τοῦ
3423 3301 3774 3370 Εὐαγγελίου,
3800 3303 4086 3370 ἐπήγαγεν

2517 3404 2600 3456 ὅτι
2627 3401 2757 3454 αὐτὸ
2787 3398 2947 3469 τοῦτο
2979 3395 3088 3451 ἀπὸ
3145 3395 3280 3448 Θεοῦ
3315 3395 3566 3464 ἔρχεταιο
3625 3393 3720 3445 καὶ
3765 3390 3926 3444 τοῦτο
3959 3393 4090 3461 ὑμῖν

2521 3491 2782 3564 ἐχαρίσθη
2805 3492 2865 3543 τὸ
2894 3489 3127 3558 πάσχειν
3165 3487 3303 3558 ὑπὲρ
3345 3484 3528 3538 αὐτοῦ.
3567 3471 3861 3545 Τοῦτοδὲ,
3897 3486 4085 3551 φησὶν,

2521 3587 2579 3637 οὑ
2608 3585 2677 3636 τὰ
2703 3582 2794 3635 τοῦ
2843 3582 3190 3652 φρονήματος
3240 3577 3492 3642 διαλύων,
3535 3576 3597 3629 ού
3639 3575 3709 3628 τά
3756 3577 3855 3644 τῆς
3893 3575 4092 3642 προθέ-

2524 3695 2660 3740 σεως
2690 3692 2702 3705 ⁸
2763 3675 2842 3729 δεῖ
2892 3673 3003 3743 γὰρ
3048 3671 3264 3740 ἀγαθήν
3293 3687 3363 3740 με
3406 3669 3552 3740 ἔχειν
3598 3667 3877 3739 πρόθεσιν,
3909 3668 4091 3720 πάντα

2523 3772 2578 3825 δὲ
2607 3769 2788 3837 ἀγαθά
2820 3766 3073 3838 ἡγεῖσθαι
3105 3767 3168 3818 ἐκ
3205 3762 3361 3818 Θεοῦ.
3415 3765 3537 3816 Οὐκ
3568 3759 3682 3831 ἐγὼ
3705 3761 3834 3831 γὰρ,
3875 3759 4015 3814 ἀλλ’
4053 3760 4091 3827 ἠ

2526 3863 2697 3932 χάρις
2720 3863 2757 3929 ἢ
2789 3861 2901 3915 σὺν
2931 3859 3081 3930 ἐμοί.
3159 3853 3173 3874 ί

2605 4063 2623 4096 ι
2657 4042 2762 4095 Τὸν
2782 4039 2946 4096 αὑτὸν
2990 4038 3179 4108 ἀγῶνα
3213 4035 3450 4107 ἔχοντες,
3505 4026 3617 4087 οἷον
3663 4031 3831 4086 είδιτι
3859 4031 3918 4084 ἐν
3947 4032 4095 4102 ἐμοὶ,

2529 4138 2624 4193 καὶ
2654 4136 2749 4188 νῦν
2762 4133 2989 4189 ἀκούετε
3024 4135 3084 4185 ιν
3116 4130 3258 4200 ἐμοί.
3289 4148 3308 4181 ι

2599 4227 2703 4281 Δύο
2729 4228 2976 4297 χρήσιμα
3027 4219 3268 4275 ινταῦθά
3304 4219 3444 4285 ἐστι,
3495 4213 3680 4272 καὶτὸ
3707 4213 3783 4285 μὴ
3829 4212 4099 4283 ὑψοῦσοαι

2529 4320 2606 4382 ὡς
2643 4319 2835 4389 μόνους
2883 4313 3144 4384 ἀθλητὰς,
3188 4312 3321 4364 ὅπου
3361 4326 3425 4377 γε
3475 4307 3617 4361 κατὰ
3653 4306 3887 4376 μίμησιν
3926 4302 4096 4357 αὐτοῦ

2533 4413 2774 4467 ἀθλοῦσι.
2804 4409 2916 4461 Καὶ
2966 4405 3060 4460 τοῦ
3097 4404 3174 4474 μὴ
3216 4403 3420 4472 δειλιᾷν
3453 4400 3545 4452 ἐπὶ
3585 4401 3694 4462 τοῖς
3726 4397 3968 4465 δεσμοῖς,
4009 4396 4100 4446 καί

2533 4481 2599 4572 τῇ
2632 4499 2930 4571 προσδοκίᾳ
2963 4496 3059 4550 τοῦ
3108 4494 3354 4553 θανάτου,
3409 4490 3542 4541 ὅπου
3581 4503 3646 4554 γε
3681 4485 3778 4538 καὶ
3815 4486 4102 4554 μιμεῖσθαι

872 4601 955 4654 sui
992 4600 1394 4653 annulatianettt
1437 4598 1780 4651 adhortatur.
1838 4595 2050 4649 V'idesis
2102 4611 2233 4648 vero
2264 4611 2430 4666 quam
2461 4601 2506 4656 Ι)
2537 4623 2538 4641 ι

2461 4601 2506 4656 ι)
2537 4591 2731 4652 αὐτοὺς
2766 4588 2953 4642 ἑαυτὸν
2982 4582 3434 4654 παρακελεύεται.
3456 4579 3598 4646 Ὅρα
3631 4577 3687 4629 δὲ
3710 4576 3855 4644 πόση
3895 4576 4100 4639 ἀγωνία

871 4692 1031 4744 anxie
1055 4689 1258 4742 Paulus
1289 4688 1686 4759 discipulorum
1743 4687 1816 4739 sit
1876 4687 2172 4762 sollicitus,
2211 4698 2290 4750 ut,
2316 4687 2435 4742 sive

873 4784 1010 4837 bene
1044 4789 1288 4851 agerent,
1352 4780 1468 4833 sive
1508 4787 1834 4841 metuerent,
1887 4787 2228 4848 augeretur:
2268 4793 2333 4832 ac
2362 4778 2442 4833 si-

874 4875 1094 4943 quidem
1148 4889 1262 4927 rem
1333 4882 1482 4926 recte
1521 4878 1800 4942 gererent,
1839 4886 1907 4924 nc
1933 4871 2297 4936 ell'erreutur;
2347 4870 2436 4926 sin

875 4975 1054 5017 autem
1093 4963 1450 5031 trepidarent,
1489 4977 1554 5014 ne
1585 4969 1805 5030 propter
1831 4969 2060 5026 metum,
2111 4969 2171 5017 ut
2214 4961 2439 5028 assolet,

875 5054 1281 5123 desponderent
1307 5053 1573 5106 animum.

1439 5165 1594 5261 197
1623 5189 1778 5245 CAP.
1822 5188 1886 5244 ιι.
1937 5141 1945 5154 ’

954 5326 1118 5382 Vens.
1154 5328 1204 5390 1,
1236 5327 1292 5382 2.
1334 5347 1352 5378 ι
1391 5327 1447 5381 Si
1486 5345 1590 5398 qua
1623 5343 1754 5397 erga
1777 5327 2082 5381 consolatio
2114 5326 2167 5379 in
2198 5325 2445 5392 Christo,

884 5421 928 5474 si
969 5419 1114 5489 quod
1151 5420 1406 5474 solatium
1437 5421 1746 5484 cliaritatis,
1788 5422 1832 5473 si
1869 5433 1975 5488 qua
2009 5418 2244 5476 societas
2275 5418 2441 5487 spiri-

885 5524 995 5575 tus,
1026 5512 1072 5566 si
1115 5529 1220 5581 qua
1253 5515 1467 5566 viscera
1500 5513 1893 5574 miserationis,
1925 5511 2147 5580 implete
2184 5511 2440 5578 gaudium

888 5621 1089 5667 uicum,
1119 5616 1179 5658 ut
1218 5604 1356 5659 idem
1409 5605 1656 5674 sapiatis,
1694 5604 1943 5659 eamdem
1979 5603 2308 5658 charitatem
2351 5601 2448 5658 ba-

887 5701 1098 5762 bentes,
1125 5697 1432 5763 unanimes,
1462 5697 1699 5769 idipsum
1730 5697 2050 5755 sentientes.
2090 5713 2107 5745 ι

952 5879 1048 5934 ⁵³1
1091 5880 1216 5935 Cor.
1262 5895 1350 5941 xv,
1391 5877 1438 5935 Ι.

2533 4683 2611 4754 τῷ
2638 4681 2832 4752 Παύλῳ
2855 4680 2986 4749 περὶ
3015 4677 3123 4730 τῶν
3156 4672 3436 4746 μαθητῶν,
3467 4670 3541 4734 ὡς
3566 4670 3658 4722 καὶ
3688 4666 4102 4737 κατορθούντων

2534 4775 2734 4838 αὐτῶν,
2777 4773 2873 4826 καὶ
2927 4770 3194 4831 δεδιότων,
3246 4765 3517 4834 ἀγωνιᾷν⁵
3555 4759 3964 4830 κατορθούντων
4007 4757 4105 4824 μὲν

2534 4867 2622 4922 διὰ
2653 4865 2711 4918 τὸ
2734 4864 2953 4934 ὕψωμα,
2978 4859 3225 4914 δεδίοτων
3247 4857 3323 4920 δὲ,
3350 4855 3438 4909 διὰ
3462 4854 3559 4923 τὴν
3591 4853 3691 4922 τῆς
3712 4849 3917 4912 δειλίας
3948 4865 4104 4916 γενο-

2539 4957 2707 5030 μένην
2737 4953 3059 5022 ὑποστολὴν.
3154 4953 3161 4961 ’
3797 4943 3811 4954 ⁵

3155 5168 3405 5224 ΚΕΦΑΛ.
3443 5166 3518 5221 B'.

2619 5337 2639 5370 ι
2660 5307 2745 5371 Ἐἰ
2768 5313 2967 5378 τις¹οὒν
2997 5309 3340 5382 παράκλησιν
3373 5309 3430 5360 ὲν
3465 5302 3706 5375 Χριστῷ,
3746 5303 3800 5356 εί
3831 5319 3886 5354 τι
3926 5317 4104 5369 παραυ

2551 5411 2738 5484 μύθιον
2770 5408 3009 5476 ἀγάπης,
3051 5404 3221 5465 εἴτις
3274 5399 3528 5453 κοινωνία
3571 5397 3900 5465 πνεύματος,
3942 5397 3998 5447 εί
4027 5411 4107 5445 τις

2552 5502 2834 5570 σπλάγχνα
2863 5497 2960 5551 καὶ
2988 5492 3278 5564 οίκτιρμοὶ,
3309 5488 3630 5562 πληρώσατέ
3654 5505 3754 5556 μου
3790 5486 3884 5557 τὴν
3911 5485 4104 5553 χαρὰν,

2553 5597 2640 5651 ενα
2677 5593 2741 5647 τὸ
2780 5588 2911 5645 αὐτὸ
2957 5589 3212 5660 φρονῆτε,
3257 5585 3355 5654 τὴν
3403 5582 3567 5654 αὐτὴν
3600 5580 3821 5650 ἀγάπην
3872 5577 4104 5649 ἔχοντες.

2556 5686 2849 5759 σύμψυχοι,
2881 5680 2939 5736 τὸ
2970 5680 3028 5734 ἓν
3057 5674 3396 5748 φρονοῦντες.
3433 5692 3451 5724 ι
