4218 6448
103 445 207 510 8-65

1156 438 1240 501 IN
1277 435 1516 499 EPIST.
1557 437 1658 498 AD
1700 436 2273 500 PHILIPPENSES.

3242 442 3352 511 866

170 556 399 611 Μέλλων
445 555 629 617 αὐτοῖς
664 555 950 625 παραινεῖν
1009 551 1328 623 ὀμοπίστοις
1386 547 1524 604 εἶναι
1576 548 1729 608 καὶΔ

1841 547 2169 620 Priusquam
2201 564 2298 605 eos
2331 548 2655 608 adhortatur
2679 552 2748 608 ad
2778 551 2937 608 tidem
2963 566 3127 610 unam
3148 562 3202 611 et
3232 559 3351 613 sni-

102 648 419 717 ὁμοψυχοις,
477 647 666 716 ὥσπερ
725 646 872 714 ὅρκῳ
923 644 1103 698 αὐτῶν
1160 640 1672 713 προκαταλαμῦἀνει

102 738 198 800 τάς
223 738 421 808 ψυχὰς,
450 736 731 808 μονονουχὶ
756 736 931 803 λέγων
958 754 971 768 ·
1008 735 1142 807 προς
1172 735 1343 804 αὐτῆς
1371 734 1469 802 τῆς
1490 749 1673 803 παρα-

102 830 347 899 κλήσεως
405 830 547 899 ὑμᾶς
602 828 826 899 ὁρκίζω,
875 823 943 899 ἦς
996 825 1373 897 παρεκάλεσεν
1440 826 1587 896 ἡμᾶς
1642 825 1673 877 6

101 921 355 989 Χριστὸς,
408 923 504 975 καὶ
547 923 647 989 τῆς
691 921 933 988 ἀγάπης,
960 920 1053 972 καὶ
1094 919 1191 987 τῆς
1242 917 1528 981 κοινωνίας
1575 916 1669 970 τοῦ

103 1013 435 1081 Πνεῦματος,
460 1013 595 1083 πρὸς
621 1013 799 1064 αὐτῶν
823 1010 933 1063 τῶν
963 1010 1305 1079 σπλάγχνων,
1333 1008 1467 1079 πρὸς
1492 1009 1672 1062 αὑτῶν

99 1106 204 1157 τῶν
219 1107 517 1176 οἰκτιρμῶν
534 1105 626 1158 τοῦ
649 1104 804 1166 Θεοῦ,
825 1102 1182 1172 πληρώσατέ
1192 1120 1308 1169 μου
1328 1103 1441 1169 τὴν
1457 1103 1668 1170 χαράν.

99 1197 242 1265 Αὕτη
274 1196 334 1249 δέ
361 1197 476 1248 ἐστι
503 1195 583 1263 τὸ,
616 1198 941 1265 ὁμοπίστους
977 1194 1121 1264 ὑμᾶς
1157 1189 1295 1247 εἶναι
1338 1195 1431 1247 καὶ
1459 1191 1672 1263 ὁμοφύ-

100 1303 241 1348 γους.

100 1305 419 1445 λοῖςλῖηδὲν
459 1374 603 1430 κατά
660 1374 895 1444 ἑρίθειαν
942 1373 977 1445 ἢ
1030 1374 1353 1439 κενοδοξίαν,
1411 1373 1547 1429 ἀλλὰ
1599 1377 1667 1447 τῇ

99 1469 603 1537 ταπεινοφροσύνῃ,
651 1464 913 1536 ἀλλήλους
969 1466 1261 1537 ἡγούμενοι
1308 1466 1668 1538 ὑπερέχοντας

97 1560 326 1614 ἑαυτῶν.
363 1579 381 1613 δ

162 1649 336 1702 Τοῦτο
369 1650 477 1721 γάρ
522 1651 639 1702 ἐστι
671 1649 903 1719 μάλιστα
944 1648 1007 1703 τὸ
1043 1648 1141 1714 τὰς
1182 1651 1424 1722 αἱρέσεις
1456 1651 1664 1720 ποιοῦν,

97 1744 208 1814 ἔρις
231 1746 329 1797 καὶ
358 1743 653 1809 κενοδοξία.

166 1849 184 1881 ι
227 1832 320 1901 Μὴ
349 1831 424 1884 τὰ
464 1832 672 1884 ἑαυτῶν
716 1831 945 1896 ἕκαστος
989 1835 1263 1899 σκοπεῖτε,
1298 1834 1434 1889 ἀλλά
1480 1837 1573 1889 καὶ
1596 1837 1666 1891 τὰ

95 1923 295 1992 ἐτέρων
315 1924 564 1987 ἕκαστος.
591 1943 610 1974 ›

159 2018 253 2088 Μὴ
298 2017 459 2070 τοῦτο
500 2022 713 2080 σκόπει,
763 2019 946 2087 φησὶν,
1003 2019 1149 2082 ὅπως
1202 2018 1522 2083 διδάσκαλος
1571 2020 1664 2074 καὶ

97 2110 265 2177 μέγας
288 2127 374 2174 τις
403 2112 728 2182 ὀνομασθῇς,
760 2112 877 2165 ἀλλ’
895 2113 1042 2176 ὅπως
1078 2112 1152 2185 μὴ
1185 2112 1545 2185 σκανδαλίσῃς
1572 2113 1664 2166 τὸν

93 2202 285 2269 ἁδελφό
293 2221 342 2255 ν.
1664 2232 1665 2235 π

163 2313 183 2345 σ
220 2295 394 2348 Τοῦτο
424 2294 531 2367 γὰρ
574 2298 877 2366 φρονείσθω
905 2298 963 2351 ἐν
988 2298 1137 2369 ὑμῖν,
1169 2297 1199 2351 ὅ
1228 2299 1320 2353 καὶ
1355 2299 1413 2350 ὲν
1441 2298 1663 2370 Χριστῷ

103 2383 299 2456 Ἰησοῦ,
336 2387 395 2449 ὃς
426 2390 483 2440 ἐν
535 2393 716 2460 μορφῇ
751 2390 886 2442 Θεοῦ
917 2391 1201 2460 ὑπάρχων.
1240 2392 1338 2461 οὑχ
1370 2391 1661 2461 ἁρπαγμὸν

91 2479 338 2548 ἡγήσατο
392 2478 452 2531 τὸ
498 2473 635 2532 εἶναι
672 2477 763 2534 ἶσα
811 2482 949 2553 Θεῷ,
1004 2483 1116 2535 ἀλλ’
1163 2483 1355 2537 ἑαυτὸν
1403 2486 1657 2549 ὲκένωσε,

94 2573 308 2641 μορφὴν
338 2573 525 2625 δούὶου
560 2571 754 2641 λαϐὼν,
790 2578 847 2629 ὲν
891 2577 1193 2648 ὁμοιώματι
1240 2579 1538 2650 ἀνθρώπιον
1564 2597 1661 2648 γε-

91 2667 341 2733 νόμενος,
376 2669 469 2716 καὶ
500 2670 735 2736 σχήματι
781 2668 1025 2739 εὑρεθεὶς
1051 2670 1125 2733 ὼς
1157 2670 1463 2741 ἄνθρωπος.
1503 2674 1660 2728 Ἔτα-

90 2759 358 2808 πείνωσεν
392 2759 603 2821 ἑαυτὸν,
629 2761 914 2829 γενόμενος
947 2762 1181 2831 ὑπήκοος
1213 2765 1373 2833 μέχρι
1405 2764 1656 2830 θανάτου,

92 2847 326 2901 θανάτου
374 2850 430 2901 δὲ
486 2851 741 2920 σταυροῦ.
781 2854 870 2904 Διὸ
912 2854 1006 2905 καὶ
1047 2855 1075 2905 6
1120 2854 1249 2910 Θεὸς
1295 2855 1455 2907 αὑτὸν
1495 2857 1661 2928 ὑπερ-

90 2941 297 3008 ύψωσε,
322 2942 415 2993 καὶ
438 2944 725 3013 ἐχαρίσατο
745 2944 890 3013 αὑτῴ
907 2944 1075 3014 ὄνομα
1100 2945 1158 2997 τὸ
1178 2946 1316 3015 ὑπὲρ
1342 2949 1449 2999 πᾶν
1465 2947 1655 3017 ὄνομα,

90 3031 174 3085 ἴνα
208 3033 363 3102 ἐντῷ
386 3034 609 3102 ὀνόματι
660 3034 830 3102 Ἰησοῦ
868 3036 1103 3103 Χριστοῦ
1140 3038 1247 3089 πᾶν
1273 3039 1402 3105 γόνυ
1440 3038 1656 3109 κάμψῃ,

88 3126 196 3176 τῶν
238 3127 597 3195 ἐπουρανίων,
657 3128 747 3180 καὶ
796 3131 1069 3193 ἐπιγείων,
1131 3131 1225 3182 καὶ
1266 3130 1656 3199 καταχθονίων,

87 3216 178 3267 καὶ
213 3218 364 3268 πᾶσα
402 3217 623 3283 γλῶσσα
654 3219 1135 3289 ἐξομολογήσηται,
1182 3220 1264 3273 ὅτι
1312 3221 1515 3292 Κύριος
1556 3219 1658 3290 Ἰη-
1686 3253 1729 3313 C

88 3324 216 3371 σονς
246 3310 503 3379 Χριστός.
516 3329 534 3361 ι

156 3398 300 3467 Περὶ
347 3398 849 3470 ταπεινοφροσύνης
896 3394 965 3471 ἦν
1010 3399 1159 3469 αὑτῷ
1200 3402 1227 3454 6
1266 3400 1443 3469 λόγος,
1476 3403 1526 3456 εί
1566 3402 1659 3457 καὶ

85 3490 266 3560 δόγμα
303 3507 356 3552 o,
396 3490 472 3543 ἆπ
508 3508 531 3543 ε
569 3508 602 3544 α
701 3494 814 3561 Ορα
845 3492 900 3544 δὲ
928 3493 1067 3564 πόση
1115 3493 1368 3563 ἀκρίϐεια
1412 3512 1506 3547 του
1540 3494 1661 3563 δόγ-

88 3600 282 3651 ματος.
312 3584 430 3636 Ὅτι
460 3584 553 3637 καὶ
589 3584 700 3646 (ao;
741 3584 819 3653 τῷ
860 3586 1035 3655 Πατρὶ
1081 3587 1109 3639 6
1144 3587 1398 3656 Χριστὸς,
1434 3605 1528 3641 και
1579 3589 1660 3641 ὅτι

86 3674 284 3726 ἑαυτὸν
324 3674 579 3737 ὲκένωσε,
614 3676 706 3735 καὶ
744 3676 823 3728 ὅτι
865 3676 1151 3746 ἄνθρωπος
1191 3676 1401 3745 γέγονε,
1448 3678 1539 3730 καὶ
1578 3681 1659 3733 ὅτι

84 3766 251 3819 ἑκών.
294 3767 399 3819 ’Ῑνα
425 3768 534 3837 γὰρ
582 3768 654 3837 μή
700 3785 784 3831 τις
828 3769 1069 3832 ἀκούσας
1095 3770 1171 3833 ὡς
1210 3771 1446 3841 ὑπήκοος
1469 3772 1659 3839 γέγονε

85 3857 159 3927 τῷ
200 3858 399 3928 [Ia-cpt,
431 3858 677 3929 ἀνάγκην
702 3860 896 3930 νομίσῃ
925 3861 1211 3930 επενεχοαι
1236 3861 1404 3931 αὐτῷ,
1440 3862 1515 3925 ὡς
1549 3863 1659 3916 ἀπὸ

90 3950 342 4017 μείζονος
371 3951 507 4021 πρὸς
534 3951 808 4017 ἐλάττονα,
844 3954 1035 4005 τοὺτου
1074 3953 1235 4023 χάριν
1278 3954 1546 4024 πολλαχοῦ
1575 3955 1656 4019 τὸ,

85 4042 332 4107 ἑαυτὸν,
377 4044 705 4113 προσάπτει,
752 4045 969 4098 ἑαυτὸν
1018 4046 1276 4099 ἐκένωσε
1328 4045 1517 4113 ὶέγων,
1563 4047 1659 4100 καί

84 4133 494 4187 ἐταπείνωσεν
538 4134 755 4188 ἑαυτὸν
806 4137 1123 4204 γενόμενος
1169 4135 1453 4203 ὑπήκοος.
1491 4137 1660 4190 Τοῦτο

86 4223 140 4275 δὲ
170 4222 344 4291 λέγει,
380 4221 437 4274 ἓν
462 4222 521 4275 τὸ
550 4222 760 4294 θέλημα
791 4222 884 4275 τοῦ
916 4225 1126 4293 [la-.96;
1166 4224 1373 4278 καὶτοῦ
1406 4226 1534 4278 Υἱοῦ
1563 4226 1657 4296 δη-

86 4315 213 4368 λῶν.
249 4315 361 4368 Καὶ
410 4316 470 4368 οὑ
522 4314 681 4384 μόνον
725 4314 897 4368 ταῦτα
928 4316 995 4368 τὰ
1037 4316 1279 4386 δόγματα
1333 4317 1499 4387 δηλοῖ,
1540 4318 1656 4371 ἀλλ’

86 4408 165 4458 ὅτι
188 4407 289 4459 καὶ
317 4406 579 4476 ὑπέμεινε
608 4406 853 4472 θάνατον,
883 4407 1172 4476 γενόμενος
1203 4409 1507 4479 ἄνθρωπος,
1543 4412 1569 4463 6
1598 4412 1657 4463 ἐν

88 4500 301 4569 ἰσότητι
348 4498 441 4550 τοῦ
488 4499 698 4568 Πατρός
719 4514 733 4528 ⁸
766 4500 859 4551 καὶ
890 4500 985 4569 οὐχ
1021 4498 1206 4562 ἁπλῶς
1240 4500 1486 4566 θάνατον,
1517 4502 1654 4579 ἀλλὰ

1773 657 1922 697 mum
1975 658 2144 697 unum
2182 642 2519 711 habendum,
2565 647 2715 700 velut
2756 657 3106 703 sacramento
3138 655 3355 707 mentes

1772 734 2019 804 ipsorum
2050 743 2307 805 occupat,
2341 735 2429 790 his
2483 738 2656 791 ferme
2691 738 2875 793 verbis
2907 758 2920 793 :
2955 741 3056 794 l’er
3097 742 3351 796 consola-

1770 826 1977 881 tionem
2010 827 2156 881 illam
2190 842 2299 897 qua
2323 827 2576 883 Christus
2608 845 2710 883 nos
2739 831 3055 887 consolatus
3082 842 3186 896 est,
3226 846 3346 902 per-

1771 934 1878 988 que
1900 918 2224 974 charitatem
2264 928 2321 975 et
2366 922 2927 976 communicationem
2957 923 3219 991 Spiritus,
3251 938 3354 994 per

1772 1009 2003 1078 ipsamet
2057 1011 2293 1076 viscera,
2354 1027 2454 1082 per
2485 1012 2633 1082 ipsas
2665 1015 3049 1069 miserationes
3088 1015 3203 1077 Dei,
3248 1029 3354 1071 vos
3397 1085 3403 1091 _
3464 1002 3491 1072 Α.

1770 1105 1967 1173 ailjuro
2000 1125 2012 1138 -
2054 1106 2265 1175 implete
2318 1108 2576 1179 gaudium
2603 1125 2801 1162 meum.
2836 1108 2952 1164 lioc
2982 1118 3162 1165 autent
3196 1127 3250 1166 Ill
3279 1124 3351 1167 eo
3407 1138 3415 1146 -

1770 1198 2048 1263 consistit,
2089 1199 2235 1268 quod
2265 1200 2433 1256 unius
2461 1200 2587 1255 ﬁdet
2632 1210 2798 1271 atque
2829 1204 2992 1256 auuni
3022 1204 3168 1259 sitis.

1841 1374 2002 1433 Vsus.
2058 1378 2110 1432 5.
2175 1394 2197 1430 ι
2228 1373 2375 1431 Nihil
2422 1393 2521 1447 per
2560 1382 3000 1441 contentionem,
3062 1384 3199 1440 nihil
3249 1398 3351 1456 per

1770 1467 1990 1529 inanem
2022 1469 2277 1539 gloriam,
2311 1468 2404 1524 sed
2427 1469 2739 1525 humilitate
2777 1474 3093 1543 Superiores
3108 1475 3226 1532 isibi
3256 1477 3345 1534 in-

1768 1558 1941 1613 vicem
1976 1560 2331 1615 arbitrantes.
2369 1580 2388 1613 ι

1848 1648 1961 1705 lluc
2000 1652 2145 1705 enim
2207 1660 2291 1706 est
2337 1653 2482 1723 quod
2538 1654 2842 1723 pmsertim
2896 1654 3134 1713 haereses
3184 1658 3340 1725 iacit,

1767 1742 2048 1795 contentio
2087 1743 2300 1798 scilicet
2333 1751 2388 1799 et
2418 1760 2557 1799 vana
2582 1746 2785 1815 gloria.
3204 1802 3209 1805 _

1837 1831 2004 1887 Vsus.
2038 1831 2091 1888 4.
2163 1854 2181 1885 ι
2221 1834 2336 1889 Non
2371 1851 2492 1903 quae
2542 1853 2641 1893 sua
2689 1850 2816 1893 sunt
2851 1839 3050 1912 singuli
3092 1842 3343 1899 conside-

1696 1902 1737 1957 Β
1767 1939 1970 1987 rantes,
2015 1926 2107 1979 sed
2142 1942 2202 1980 ea
2235 1943 2355 1996 qua:
2383 1928 2641 1982 aliorum.
2684 1949 2702 1982 ι

1835 2014 1913 2070 Ne
1946 2018 2048 2072 hoc
2079 2020 2371 2088 dispicias,
2409 2020 2613 2089 inquit,
2654 2036 2765 2090 quo
2802 2034 2962 2093 pacto
2994 2024 3208 2089 doctor,
3244 2031 3340 2079 aut

1766 2120 1995 2176 magnus
2023 2108 2242 2177 quidam
2267 2108 2584 2177 appelletis,
2618 2110 2712 2165 sed
2750 2112 3031 2167 quomodo
3059 2112 3217 2167 fratri
3244 2122 3344 2170 tuo

1763 2196 2091 2252 oﬂendiculo
2123 2214 2230 2253 non
2263 2200 2361 2255 sis.

1836 2288 2002 2345 Vens.
2056 2291 2210 2347 5-H.
2273 2310 2292 2343 ι
2332 2292 2448 2346 Hoc
2498 2302 2678 2348 autem
2729 2296 3001 2348 sentiatur
3041 2296 3096 2351 in
3152 2298 3337 2363 vobis,

1762 2381 1908 2450 quod
1963 2390 2018 2437 et
2058 2382 2114 2436 iu
2169 2382 2395 2438 Christo
2426 2383 2557 2439 Jesu
2595 2402 2608 2438 :
2639 2385 2732 2454 qui
2766 2401 2890 2440 cum
2931 2388 2985 2441 in
3033 2389 3208 2443 forma
3240 2388 3337 2445 Dei

1761 2481 1928 2538 esset,
1963 2490 2072 2529 non
2107 2477 2353 2542 rapinam
2381 2476 2683 2533 arbitratus
2709 2486 2795 2533 est
2820 2494 2948 2536 esse
2975 2496 3035 2536 se
3068 2484 3335 2551 mqualem

1761 2565 1913 2634 Deo;
1943 2568 2037 2623 sed
2071 2570 2423 2638 semetipsum
2456 2570 2762 2625 exinauivit
2793 2572 3025 2626 formam
3055 2574 3197 2629 servi
3240 2591 3334 2629 ac-

1761 2658 1992 2729 cipiens,
2022 2659 2075 2713 in
2109 2660 2532 2716 similitudinem
2581 2662 2863 2717 hominum
2898 2663 3098 2730 lactus,
3152 2673 3204 2720 et
3232 2665 3339 2720 ha-

1762 2750 1877 2805 bitu
1930 2751 2184 2807 inventus
2234 2762 2291 2806 ιιι
2340 2754 2526 2808 homo.
2594 2753 2914 2810 llumiliavit
2971 2759 3335 2829 semetipsum

1761 2840 1940 2898 factus
1984 2843 2243 2899 obediens
2291 2861 2466 2916 usque
2506 2847 2572 2901 ad
2603 2859 2856 2910 mortem,
2888 2861 3116 2904 mortem
3150 2859 3331 2906 autem

1760 2937 1962 2990 crucis.
1987 2935 2218 3005 Propter
2250 2939 2395 3008 quod
2419 2947 2472 2992 et
2504 2938 2647 2994 Deus
2674 2940 2935 2994 exaltavit
2956 2942 3126 3005 illum,
3156 2953 3209 2998 et
3234 2942 3339 2998 do—

1762 3028 1912 3081 navit
1946 3028 2020 3081 illi
2049 3044 2246 3083 nomen
2289 3031 2434 3098 quod
2477 3039 2564 3085 est
2623 3046 2789 3100 super
2818 3048 2980 3087 omne
3009 3050 3242 3099 nomen;
3272 3045 3335 3090 ut

1762 3119 1816 3172 in
1849 3119 2066 3173 nomine
2106 3118 2233 3173 Jesu
2286 3136 2450 3176 omne
2505 3137 2647 3191 genu
2686 3123 2958 3186 ﬂectatur,
3000 3126 3330 3190 cmlestium,

1761 3219 1815 3265 et
1837 3212 2207 3273 terrestrium,
2237 3224 2289 3267 et
2319 3214 2681 3279 infernarum,
2702 3225 2754 3269 et
2776 3219 2955 3270 omnis
2991 3218 3171 3287 lingua
3200 3232 3334 3275 con-

1764 3303 2002 3369 ﬁteatur,
2038 3307 2167 3374 quia
2210 3304 2474 3362 Dominus
2510 3305 2672 3362 Jesus
2704 3306 2985 3365 Christus.
3026 3328 3045 3361 ι

1830 3395 1903 3450 De
1958 3396 2271 3451 humilitate
2332 3397 2409 3451 illi
2461 3413 2646 3453 sermo
2682 3405 2825 3462 erat,
2875 3400 3093 3455 tametsi
3135 3400 3333 3469 dogma

1758 3488 2095 3558 perstringit.
2129 3487 2339 3558 Inspice
2362 3504 2492 3543 vero
2516 3505 2680 3560 quam
2718 3500 2971 3545 accurate
2993 3492 3043 3545 id
3072 3493 3327 3563 explicet.

1760 3579 1913 3645 Quod
1976 3595 2168 3649 nempe
2224 3580 2480 3636 Chrnstus
2534 3583 2762 3653 aequalis
2827 3591 2898 3637 srt
2941 3581 3126 3649 Patri,
3183 3589 3329 3654 quod

1763 3671 2118 3741 semetipsum
2170 3673 2559 3736 exinanirent,
2597 3677 2739 3745 quod
2790 3674 2965 3728 factus
3015 3677 3087 3729 sit
3140 3676 3329 3742 homo,

1758 3763 1903 3836 quod
1942 3772 2136 3833 sponte
2170 3764 2222 3817 id
2262 3766 2457 3835 egerit.
2519 3765 2600 3820 Ne
2656 3765 2802 3819 enim
2858 3766 3056 3835 aliquis
3104 3766 3328 3821 audiens

1757 3869 1882 3911 eum
1918 3853 2272 3909 factumesse
2313 3854 2657 3908 obedientem
2690 3854 2860 3916 Patri,
2904 3855 3009 3907 vim
3041 3858 3087 3908 ei
3119 3856 3328 3909 lﬂatam

1766 3957 1987 4017 putaret
2019 3948 2184 4000 veluti
2220 3945 2463 4019 inferiori
2496 3962 2524 3999 a
2567 3947 2874 4015 superiore,
2903 3953 3184 4016 propterea
3216 3946 3328 4002 l're-

1758 4042 1979 4105 quentet
2026 4035 2290 4097 inculcat,
2329 4035 2686 4101 semetipsum.
2726 4033 3095 4102 Semetipsum,
3129 4036 3329 4104 inquit,

1757 4128 2068 4188 exinanivit,
2098 4134 2151 4180 et
2180 4126 2474 4180 Immiiiavit
2505 4126 2840 4193 semetipsum
2867 4126 3040 4191 factus
3059 4126 3324 4182 obedienc.

1759 4218 1850 4273 Sic
1888 4232 2055 4288 porro
2090 4217 2355 4286 loquitur,
2393 4225 2450 4269 ut
2478 4231 2639 4269 unam
2666 4214 2841 4271 Patris
2869 4214 3099 4285 Filiique
3127 4218 3326 4272 volun-

1757 4318 1922 4364 tatem
1972 4308 2264 4379 signilicet.
2297 4307 2413 4361 Non
2458 4307 2633 4361 solum
2672 4317 2854 4361 autem
2898 4308 3011 4361 haec
3064 4308 3328 4364 doctrina:

1757 4404 1937 4472 capita
1976 4386 2248 4471 explicat;
2286 4415 2472 4454 verum
2516 4398 2681 4452 etiam
2713 4399 2856 4468 quod
2894 4407 3124 4452 mortem
3160 4399 3325 4455 homo

1758 4494 1937 4548 factus
1972 4492 2277 4563 pertulerit,
2330 4506 2453 4544 cum
2493 4489 2719 4559 aequalis
2746 4496 2891 4544 esset
2933 4489 3113 4557 Patri;
3148 4507 3325 4561 neque

88 4590 339 4649 ῦάνατον,
364 4589 456 4640 τὸν
481 4589 568 4642 διὰ
591 4591 841 4659 σταυροῦ.
872 4590 980 4642 Καὶ
1000 4590 1078 4642 ὅτι
1104 4590 1222 4660 οὑχὶ
1251 4592 1524 4664 ἐκρατήθη
1557 4582 1652 4645 θα-
1684 4598 1727 4654 D

1771 4594 1983 4640 nonem
2020 4584 2309 4649 duntaxat,
2353 4582 2447 4637 sed
2500 4591 2726 4636 mortem
2773 4597 2936 4651 quam
2978 4597 3074 4653 per
3103 4597 3323 4639 crucem

86 4684 255 4751 νάτῳ.
291 4669 528 4748 "Ti;er
564 4682 671 4749 γὰρ
694 4682 901 4743 αὑτὸν,
928 4684 1111 4753 φησὶν,
1140 4686 1172 4735 ό
1214 4685 1376 4749 Θεός.
1410 4684 1577 4738 Ὅταν
1598 4685 1655 4737 δὲ

85 4771 167 4833 τὸ,
202 4771 418 4837 ῦψωσε
445 4770 537 4822 καὶ
557 4770 775 4837 ἤγειρε,
804 4772 899 4824 καὶ
924 4771 995 4823 τὰ
1021 4771 1244 4824 τοιαῦτα
1273 4773 1533 4845 ἀκούσῃς,
1558 4774 1656 4845 τὴν

84 4864 407 4931 οἰκονομίαν
436 4864 605 4914 ἐννόει
631 4879 646 4893 ·
687 4863 762 4932 μὴ
796 4864 903 4934 γὰρ
942 4863 1004 4932 δὴ
1036 4865 1111 4926 ὡς
1144 4864 1533 4935 ἐλαττούμενον
1562 4866 1656 4919 δυ-

86 4956 308 5021 νάμεως
333 4955 495 5006 αὑτὸν
527 4957 785 5027 ἐννοήσῃς
808 4972 821 4986 ·
864 4956 1024 5018 αὑτὸς
1052 4956 1159 5024 γάρ
1191 4959 1335 5009 ἐστιν
1368 4960 1400 5027 ἠ
1432 4958 1657 5027 δύναμις

85 5048 177 5099 τοῦ
208 5047 447 5116 Πατρός.
474 5049 729 5114 Χριστὸς
768 5048 877 5118 γὰρ
908 5047 1053 5100 Θεοῦ
1087 5047 1337 5117 δύναμις
1377 5048 1475 5102 καί
1509 5050 1656 5104 θεοῦ

84 5154 295 5193 aucta.

161 5332 181 5364 ι
222 5314 321 5376 Εἰς
365 5314 525 5380 δόξαν
567 5314 701 5368 Θεοῦ
734 5317 968 5389 Πατρός.
1005 5320 1188 5385 Ὥστε,
1212 5321 1487 5387 ἀγαπητοί
1517 5336 1653 5390 μου,

86 5408 272 5469 καθὼς
305 5408 535 5459 πὰντοτε
568 5409 933 5475 ὑπηκούσατε.
972 5430 990 5461 ι

160 5498 279 5550 Ἵνα
322 5497 467 5550 οὑτω
518 5499 826 5571 δοξάζηται,
867 5503 1049 5573 φησὶν,
1101 5503 1176 5565 ὠς
1226 5506 1321 5556 καὶ
1363 5505 1391 5556 6
1439 5501 1650 5574 Πατὴρ,

89 5590 202 5652 ἶσος
225 5606 287 5641 τε
316 5590 409 5641 καὶ
435 5590 614 5657 ὅμοιος
644 5592 812 5662 αὑτῷ.

165 5700 185 5731 ι
226 5681 319 5750 Μὴ
346 5682 421 5744 ὡς
462 5685 519 5735 ὲν
563 5686 629 5752 τῇ
664 5687 931 5757 παρουσία
988 5702 1091 5757 μου
1137 5686 1318 5757 μόνον,
1372 5686 1507 5741 ἀλλά
1556 5685 1652 5742 νῦν

85 5772 271 5841 πολλῷ
296 5772 497 5842 μᾶλλον
523 5776 581 5826 ἐν
611 5778 676 5847 τῇ
712 5777 945 5849 ἀπουσίᾳ
969 5794 1091 5848 μου.
1125 5796 1145 5828 ι

154 5885 205 5917 ⁸⁸
231 5885 248 5937 l
280 5884 407 5940 Cor.
462 5902 501 5947 ι,
524 5886 613 5941 24.

1752 4676 1969 4732 obierit.
1995 4675 2076 4729 Ad
2116 4676 2231 4729 haec
2260 4676 2406 4744 quod
2435 4682 2611 4728 morte
2636 4690 2745 4727 non
2778 4676 2849 4729 sit
2876 4674 3151 4730 detentus.
3184 4674 3322 4730 Deus

1752 4768 1914 4833 enim,
1952 4764 2435 4835 inquit,exaltavit
2484 4763 2663 4816 illum.
2712 4762 2941 4827 Quando
2993 4773 3173 4817 autem
3221 4776 3320 4816 au-

1751 4859 1942 4925 dieris,
1985 4857 2262 4918 exultavit,
2294 4856 2591 4919 suscitavit,
2634 4863 2686 4909 et
2709 4854 2932 4915 similia,
2957 4855 3323 4923 dispensatio-

1753 4968 1917 5017 nem,
1973 4950 2480 5005 incarnationemve
2538 4948 2737 5016 cogita.
2798 4944 2983 5014 Neque
3038 4946 3325 5001 arbitreris

1756 5044 2042 5101 debilioris
2098 5056 2223 5096 eum
2269 5055 2392 5095 esse
2435 5039 2658 5093 virtutis
2693 5057 2707 5092 :
2743 5038 2944 5108 quippe
2989 5052 3110 5091 cum
3145 5038 3321 5093 virtus

1756 5146 1828 5193 stt
1859 5135 2063 5190 Patris.
2099 5132 2339 5189 Christus
2372 5129 2469 5184 Dei
2510 5131 2698 5194 virtus,
2750 5139 2799 5183 et
2839 5129 2937 5182 Dei
2966 5130 3227 5198 sapientia
3250 5128 3318 5195 “,

1754 5227 1952 5296 inquit.

1831 5336 1849 5369 ι
1883 5318 1941 5372 ln
1982 5314 2157 5386 gloria
2209 5312 2300 5366 Dei
2332 5310 2530 5368 Patris.
2575 5308 2761 5382 [Vt-ms.
2797 5308 2908 5379 12.]
2946 5308 3149 5380 Itaque,
3183 5309 3317 5364 cha-

1753 5409 1964 5466 rissinii
1999 5406 2125 5466 mei.
2157 5406 2298 5461 sicut
2324 5418 2537 5473 semper
2561 5402 2844 5457 obedistis.
2880 5421 2897 5453 ι

1828 5499 1897 5553 Ut
1928 5513 1993 5553 eo
2035 5497 2195 5552 modo
2234 5495 2594 5559 colloudetur,
2636 5494 2833 5564 inquit,
2889 5506 2999 5563 quo
3031 5499 3085 5547 et
3133 5490 3316 5557 Pater,

1758 5595 1883 5665 quia
1915 5589 2142 5660 aqualis
2176 5595 2229 5640 et
2267 5585 2463 5641 similis
2496 5595 2579 5640 est
2612 5586 2779 5639 illius.

1833 5681 1996 5752 198
2058 5678 2233 5739 t.Non
2288 5686 2348 5731 ut
2396 5677 2449 5731 in
2498 5676 2779 5746 prmsentia
2811 5672 2916 5729 mei
2952 5681 3185 5739 tantum,
3214 5669 3313 5729 sed

1763 5775 1939 5831 multo
1966 5770 2137 5841 magis
2170 5782 2318 5823 nunc
2352 5768 2403 5822 in
2433 5766 2681 5822 absentia
2724 5780 2863 5820 mea.
2903 5788 2924 5818 ι
