4218 6448
96 412 191 473 869

1177 407 1256 466 IN
1296 403 1533 464 EPIST.
1577 402 1676 460 AD
1706 398 2268 460 PhlLbPPENSES.

3202 394 3305 457 870

95 530 183 598 οὐχ
216 529 296 582 ὅτι
323 527 618 595 λυποῦμαι,
652 523 787 578 ἀλλὰ
825 522 997 595 χαίρω
1035 522 1239 593 σφόδρα
1302 519 1510 574 Οὐκοῦν
1554 518 1646 571 καὶ
1674 514 1761 577 ΑΙ

1640 514 2027 591 .AEvangelit
2086 514 2546 585 praedicationem.
2611 509 2799 581 Neque
2879 508 3039 581 199
3097 508 3306 564 ideirco

92 622 239 673 αυτοὶ
274 619 483 689 χαίρειν
510 616 769 685 ὀφείλετε.

164 814 182 847 t
226 794 460 858 Ἐλπίζω
498 794 554 847 δὲ
590 797 648 845 ἐν
693 792 881 862 Κυρίῳ
918 790 1116 861 Ἰησοῦ,
1149 790 1412 860 Τιμόθεον
1440 789 1647 860 ταχέως

96 887 301 957 πέμψαι
358 887 504 955 ὑμῖν,
554 885 639 938 ἵνα
691 883 845 952 κάγὼ
895 882 1134 954 εὐψυχῶ,
1186 885 1345 952 γνοὺς
1391 882 1459 935 τὰ
1516 882 1645 952 περὶ

97 981 261 1048 ὑμῶν.
301 998 320 1030 ι

161 1073 392 1140 Πέμπω,
448 1070 632 1139 φησὶν,
689 1069 818 1139 ὑμῖν
862 1066 1145 1137 Τιμόθεον,
1184 1068 1268 1120 ἵνα
1316 1066 1530 1119 ἀκούων
1580 1064 1649 1119 τὰ

96 1180 217 1231 περι
246 1162 420 1231 ὑμῶν,
461 1160 653 1230 χαίρω.
686 1161 795 1228 Οὐχ
834 1160 917 1211 ὅτι
945 1159 1159 1228 ἠγνόεν
1189 1157 1350 1220 αὐτὸς
1384 1158 1489 1227 γὰρ
1531 1156 1648 1209 ἐλε-

96 1272 182 1321 γεν
218 1255 555 1323 εὐχαριστεῖν
597 1251 737 1320 ὑπὲρ
774 1250 951 1304 αὐτῶν
995 1250 1117 1303 καθ’
1159 1251 1396 1319 ἑκάστην
1440 1250 1647 1320 δέησιν.

101 1345 161 1396 Τί
193 1344 286 1397 οὖν
314 1347 429 1396 ἐστι
458 1344 519 1396 τὸ
553 1344 761 1412 χαίρειν
792 1343 918 1412 περὶ
947 1341 1236 1411 Τιμοθέου,
1264 1341 1296 1411 ἢ
1334 1342 1414 1394 ὅτι
1455 1341 1649 1393 πεποί-

96 1436 214 1488 θασι
257 1436 351 1487 καὶ
386 1436 664 1505 χαίρουσιν
700 1434 790 1486 ἐπὶ
818 1438 928 1497 τοῖς
954 1436 1171 1503 δεσμοῖς
1211 1436 1321 1497 τοῖς
1348 1433 1434 1486 διὰ
1460 1431 1521 1485 τὺ
1550 1432 1651 1503 κή-

95 1545 192 1598 ρυγ
211 1566 225 1577 ,ν
374 1542 497 1579 curo
525 1527 633 1598 γὰρ
663 1530 844 1592 αυτοῖς
870 1526 966 1580 καὶ
989 1528 1262 1596 παραινεῖ.

162 1816 182 1846 1
223 1793 431 1847 Οὐδένα
473 1794 581 1862 γὰρ
628 1792 736 1863 ἐχω
778 1792 1048 1864 ἰσόψυχον,
1097 1794 1246 1857 ὅστις
1296 1794 1532 1864 γνησίως
1581 1795 1650 1849 τὰ

92 1888 217 1956 ’περὶ
255 1885 413 1954 ὑμῶν
453 1885 800 1953 μεριμνήσει.
835 1884 898 1935 Oi
936 1884 1135 1947 πάντες
1186 1885 1296 1954 γὰρ
1340 1885 1409 1937 τὰ
1446 1885 1651 1938 ἑαυτῶν

90 1976 367 2047 ζητοῦσιν,
399 1977 459 2029 οὐ
508 1976 577 2028 τὰ
621 1973 794 2043 Ἰησοῦ
840 1974 1098 2045 Χριστοῦ.
1153 1975 1265 2042 Τὴν
1310 1976 1368 2029 δὲ
1424 1975 1654 2046 δοκιμὴν

90 2066 250 2119 αὑτοῦ
278 2066 572 2132 γινώσκ-τε
594 2105 607 2124 ,
646 2064 726 2116 ὅτι
750 2063 822 2127 ὡς
846 2066 1010 2133 πατρὶ
1040 2064 1224 2117 τέκνον
1249 2066 1344 2119 σὺν
1374 2065 1493 2135 ἐμοὶ
1515 2066 1655 2120 €605-

90 2156 277 2209 λευσεν
311 2157 391 2219 εἰς
446 2156 507 2209 τὸ
558 2155 900 2225 Εὑαγγέλιον.
940 2154 1138 2209 Τοῦτον
1184 2158 1282 2227 μὲν
1330 2154 1423 2211 οὖν
1455 2148 1653 2223 ἐλπίζω

89 2249 326 2317 π’μψαι.
380 2267 399 2299 ι

153 2340 331 2393 Τοῦτο
379 2341 631 2409 μέγιστον
671 2341 944 2410 ἐγκώμιον
987 2342 1274 2412 Τιμοθέου,
1307 2342 1367 2395 τὸ
1405 2342 1652 2413 ἰσόψυχον

86 2449 225 2484 εῖναι
276 2431 359 2501 τῷ
405 2431 743 2502 διδασκάλῳ⁸
776 2432 891 2502 ἅμα
930 2432 986 2485 δὲ
1033 2435 1128 2487 καὶ
1164 2450 1368 2505 προτρο
1397 2435 1480 2504 βῆς
1514 2436 1650 2500 ἐστι,

83 2526 176 2575 τὸν
208 2523 371 2574 αὐτὸν
396 2525 534 2591 μετὰ
556 2526 729 2594 χαρᾶς
752 2524 1168 2595 προσδέξασθαι,
1198 2525 1273 2589 ὼς
1299 2526 1460 2579 αὐτὸν
1488 2526 1654 2597 ὁρῶν-

82 2628 179 2674 τας
216 2613 307 2663 τὸν
350 2612 671 2665 Ἀπόστολον

157 2721 176 2753 ‹
228 2702 319 2763 Ὠς
346 2702 412 2754 ἂν
439 2702 614 2755 ἀπίδω
638 2702 707 2756 τὰ
736 2704 866 2774 περὶ
902 2705 1001 2773 ἐμὲ
1021 2704 1080 2771 ἐξ
1105 2704 1297 2774 αὐτῆς.
1330 2704 1572 2758 Πέποιθα
1596 2704 1654 2757 δὲ

82 2794 140 2845 ἐν
164 2792 387 2862 Κυρίῳ.

162 2882 262 2948 Ἐξ
299 2885 470 2954 αὐτῆς
510 2886 627 2954 μὲν,
679 2885 779 2954 τῆς
820 2887 1050 2953 κρίσεως
1102 2886 1267 2955 λέγει.
1326 2887 1385 2940 '0
1429 2888 1485 2941 δὲ
1533 2887 1655 2951 νοῦς

81 2972 243 3039 οὗτος
309 2978 460 3029 Σκοπ
488 2996 527 3039 ›,
556 2994 666 3045 φησ
817 2972 875 3031 τά
923 2996 1013 3049 μοι
1056 2980 1123 3032 τὰ
1172 2980 1297 3049 περὶ
1345 2980 1443 3051 τὴν
1475 2980 1653 3051 κρίσιν

82 3068 403 3137 γενήσεται,
436 3068 530 3119 καὶ
559 3065 729 3129 οὕτως
761 3067 888 3136 ὑμῖν
916 3070 1079 3121 αὑτὸν
1108 3068 1441 3122 ἀποστέλλω.

156 3178 177 3208 ι
219 3159 347 3210 Ὅτι
381 3157 474 3209 καὶ
500 3158 659 3220 αὐτὸς
687 3160 895 3227 ταχέως
916 3158 1205 3229 ἐλεύσομαι
1246 3178 1264 3210 ι

152 3245 321 3301 Οἶδεν
342 3248 430 3299 διὰ
454 3267 547 3300 του
574 3250 908 3318 Πνεύματος,
942 3251 1023 3303 ὅτι
1057 3251 1126 3303 τὰ
1151 3250 1279 3320 περὶ
1320 3250 1405 3318 ιὴν
1431 3251 1653 3321 πρώτην

80 3338 250 3391 αὑτοῦ
300 3338 598 3405 ἀπολογίαν
630 3339 782 3412 ἔσται
824 3341 998 3411 ῥᾴδια,
1046 3342 1139 3393 καὶ
1180 3340 1527 3406 διελεύσεται,
1560 3340 1653 3392 καὶ

78 3435 176 3485 τὸν
206 3434 463 3494 θάνατον,
502 3436 594 3487 καὶ
626 3433 694 3485 τὰ
714 3434 887 3502 δεσμά
908 3451 920 3464 ⁸
955 3435 1045 3487 καὶ
1082 3436 1164 3487 ὅτι
1204 3435 1376 3499 οὕτως
1419 3436 1651 3505 ἐγένετο,

77 3524 361 3592 ἐδήλωσεν
390 3526 447 3575 ἐν
475 3527 539 3593 τῇ
568 3524 703 3594 πρὸς
724 3524 983 3595 Τιμόθεον
1003 3525 1192 3591 εἰπὼν,
1227 3529 1327 3582 Ἐν
1352 3527 1426 3595 τῇ
1457 3526 1654 3595 πρώτῃ

74 3634 198 3684 μου
234 3616 535 3684 ἀπολογίᾳ
567 3616 763 3684 οὐδείς
791 3630 889 3687 μοι
922 3621 1209 3689 παρέστη,
1233 3621 1393 3674 ἀλλὰ
1436 3619 1657 3684 πάντες

71 3726 152 3776 με
184 3707 609 3778 ἐγκατέλιπον.
667 3711 729 3763 '0
769 3711 835 3763 δὲ
858 3713 1073 3778 Κύριός
1103 3730 1205 3782 μοι
1241 3713 1530 3781 παρέστη,
1558 3712 1657 3765 καί,

76 3799 399 3866 ἑρῤὐσθην
425 3801 491 3853 ἐκ
520 3802 812 3869 στόματος
845 3802 1103 3869 λέοντος.

156 3908 178 3940 ι
255 3890 580 3956 Ἀναγκαῖον
632 3890 690 3943 δὲ
741 3892 1035 3962 ἡγησάμην
1102 3892 1487 3963 Ἐπαφρόδιτον
1561 3896 1653 3949 τὸν

76 3979 343 4048 ἀδελφὸν,
379 3981 472 4032 καὶ
504 3980 782 4050 συνεργὸν,
805 3983 899 4034 καὶ
925 3986 1332 4054 συστρατιώτην
1358 4004 1480 4055 μου,
1505 3986 1658 4057 ὑμῶν

74 4076 135 4128 δὲ
171 4077 504 4140 ἀπόστολον,
539 4078 631 4130 καὶ
658 4079 964 4149 λειτουργὸν
988 4081 1086 4149 τῆς
1122 4082 1309 4151 χρείας
1346 4100 1471 4151 μου,
1510 4083 1653 4152 πέμ-

74 4166 181 4231 erit
222 4166 367 4237 πρὸς
402 4167 544 4236 ὑμᾶς
566 4205 582 4230 ,
616 4168 803 4233 ἐπειδὴ
847 4171 1122 4223 ἐπιποθῶν
1166 4167 1233 4241 ἦν
1283 4172 1487 4235 πάντας
1516 4173 1663 4243 ὑμᾶς.

77 4261 244 4313 ίδείν.
288 4277 306 4310 ι

153 4350 399 4419 Μεγάλη
450 4350 707 4415 σύστασις
767 4353 897 4423 περὶ
940 4354 1169 4407 ἑκάστου
1221 4352 1328 4406 τῶν
1380 4353 1656 4424 μαθητῶν,

70 4443 221 4493 ὅπου
277 4458 313 4508 γ
383 4440 767 4512 Ἐπαφρόδιτον
816 4444 913 4512 μὲν
947 4448 1245 4513 συνεργὸν
1273 4444 1368 4497 καί
1398 4461 1659 4511 συστρα-

71 4534 313 4598 τιώτην
343 4533 513 4601 λέγει,
541 4533 803 4604 Τιμόθεον
825 4536 881 4589 δὲ
908 4538 1239 4606 ὁμόψυχον.

150 4710 279 4762 Καὶ
302 4707 609 4777 ἀδημονῶν,
641 4708 773 4762 διότι
804 4709 1070 4777 ἠκούσατε
1110 4712 1189 4763 ὅτι
1233 4712 1515 4782 ἠσθένησε.
1552 4714 1661 4766 Καὶ

68 4803 191 4869 γὰρ
230 4798 508 4868 ἠσθένησε
529 4801 907 4870 παραπλήσιον
930 4802 1163 4871 θανάτῳ,
1190 4803 1321 4856 ἀλλὰ
1346 4804 1476 4867 Θεὸς
1499 4806 1660 4858 αὐτὸν

66 4892 332 4959 ἠλέησεν
363 4907 377 4920 ·
408 4891 508 4943 οὐκ
529 4892 690 4944 αὑτὸν
716 4893 771 4944 δὲ
812 4894 991 4962 μόνον,
1021 4894 1156 4947 ἀλλὰ
1181 4896 1270 4947 καὶ
1295 4897 1415 4965 ἐμέ.
1465 4917 1483 4948 ι

162 5166 234 5219 '0
285 5163 677 5234 Ἐπαφρόδιτος
722 5166 897 5237 θλίψιν
935 5167 1001 5240 ἦν
1037 5170 1335 5241 ὑπομείνας
1381 5177 1437 5227 ἐν
1483 5175 1663 5227 Φιλίπ-

70 5277 211 5320 ττοες
232 5258 331 5309 διὰ
358 5258 419 5308 τὸ
446 5259 725 5326 κήρυγμα,
756 5263 847 5312 καὶ
874 5262 1162 5333 τοσαύτην,
1197 5265 1271 5326 ὡς
1301 5266 1392 5318 καὶ
1422 5267 1527 5318 ἀπὸ
1556 5268 1662 5319 τῶν

72 5348 295 5401 παθῶν
340 5340 415 5397 ὧν
451 5348 640 5411 ἔπαθε,
682 5351 901 5418 νοσῆσαι
927 5355 1025 5421 τὴν
1078 5356 1155 5415 είς
1206 5354 1431 5407 θάνατον
1478 5357 1661 5414 νόσον,-

68 5442 153 5494 Οὐ
201 5438 381 5509 μόνος
414 5438 469 5490 δὲ
498 5440 658 5502 αὐτὸς
678 5440 951 5511 ἐλιθάσθη,
978 5444 1112 5497 ἀλλὰ
1142 5446 1233 5497 καὶ
1262 5448 1289 5497 ὁ
1333 5448 1661 5510 Ertio-colo;

1748 609 1920 672 doleo,
1956 608 2048 660 sed
2082 609 2367 661 admodum
2402 607 2628 677 gaudeo.
2652 604 2821 674 Igitur
2842 618 2941 657 vos
2969 617 3181 672 quoque
3208 603 3307 657 de-

1748 702 1886 755 betis
1922 700 2116 754 lzetari.
2484 699 2495 707 '
2636 694 2642 699 ’

1821 791 1961 844 Vnus
2017 790 2083 843 l9
2141 806 2160 839 ι
2196 788 2365 858 Spero
2394 797 2571 842 autem
2597 787 2650 842 in
2688 787 2917 843 Domino
2943 784 3092 852 Jesu,
3121 784 3309 839 Timo~

1747 881 1931 935 theum
1971 896 2059 934 me
2098 880 2212 934 cito
2252 880 2465 934 mittere
2512 877 2582 931 ad
2636 893 2757 942 vos,
2819 886 2878 931 ut
2931 886 2985 932 et
3025 891 3124 946 ego
3164 877 3310 930 hono

1749 975 1933 1027 animo
1962 960 2084 1037 sim,
2112 971 2348 1042 cognitis
2370 987 2489 1040 quae
2513 972 2661 1025 circa
2687 986 2782 1026 vos
2814 979 2963 1025 sunt.
3004 988 3023 1021 ›

1818 1064 1974 1118 Mitto
2014 1066 2077 1119 ad
2110 1080 2209 1118 vos
2237 1063 2608 1128 Timotheum,
2646 1062 2846 1132 inquit,
2888 1073 2946 1117 ut
2985 1060 3217 1116 audiens
3243 1076 3307 1114 ex

1747 1171 1815 1211 eo
1846 1171 1967 1224 quae
1997 1156 2141 1210 circa
2177 1169 2273 1207 vos
2307 1162 2605 1223 geruntur,
2668 1155 2951 1222 gaudeam.
2999 1152 3116 1206 Non
3162 1151 3308 1221 quod

1750 1247 1862 1314 ipse
1896 1249 2155 1308 nesciret,
2203 1245 2297 1314 qui
2343 1246 2398 1298 in
2446 1245 2697 1314 qualibet
2745 1244 2993 1297 oratione
3046 1259 3145 1297 sua
3202 1244 3309 1297 Deo

1748 1353 1847 1407 pro
1882 1337 1987 1390 illis
2017 1338 2223 1406 gratias
2251 1351 2413 1404 agere
2452 1351 2512 1391 se
2554 1334 2974 1400 dixerat.‘Quid
3012 1350 3144 1404 ergo
3176 1334 3306 1389 illud

1748 1436 1851 1490 est,
1870 1428 2010 1498 quod
2046 1428 2112 1482 de
2136 1426 2421 1482 Timotheo
2454 1428 2707 1493 loquens,
2730 1440 2789 1479 se
2812 1441 3124 1495 gavnsurum
3155 1425 3309 1487 dicit.

1748 1521 1854 1574 nisi
1878 1520 2008 1590 quia
2045 1529 2370 1589 accepturus
2398 1531 2539 1582 erat,
2573 1520 2643 1573 ob
2673 1535 2771 1573 sua
2806 1520 3022 1574 vincula
3056 1519 3309 1574 ﬁduciam

1748 1618 1803 1666 et
1838 1613 2165 1680 voluptatem
2213 1624 2309 1665 eos
2354 1610 2633 1683 sumere?_
2670 1609 2750 1663 Ad
2807 1611 2908 1665 hoc
2959 1610 3106 1665 enim
3166 1610 3312 1679 ipsos

1750 1704 2022 1761 hortatur.

1819 1798 1962 1853 Vens
2011 1796 2197 1851 20-25.
2244 1814 2263 1847 ι
2296 1794 2581 1852 Neminem
2610 1803 2789 1849 autem
2826 1794 3000 1848 habeo
3028 1801 3136 1847 tam
3171 1806 3310 1846 una-

1755 1889 1951 1943 nimem
2006 1905 2099 1959 qui
2134 1890 2347 1944 sincera
2399 1888 2686 1943 aﬁ'ectione
2719 1903 2815 1957 pro
2850 1887 3008 1941 vobis
3038 1886 3313 1941 sollicitus

1753 1980 1847 2034 sit.
1880 1978 2079 2034 Omnes
2105 1980 2250 2033 enim
2290 1994 2412 2048 quae
2440 1994 2535 2053 sua
2562 1988 2689 2033 sunt
2718 1987 2996 2047 quaerunt,
3042 1992 3149 2031 non
3191 1992 3315 2046 quae

1752 2071 1882 2127 Jesu
1914 2071 2141 2126 Christi.
2183 2069 2625 2141 Experimentum
2657 2070 2777 2139 ejus
2810 2070 3142 2138 Cagnoseite,
3189 2071 3313 2136 quia

1754 2174 1899 2219 sicut
1938 2163 2074 2233 patri
2132 2163 2304 2227 ﬁlius,
2354 2150 2568 2217 mecum
2620 2162 2844 2217 servivit
2895 2162 2949 2214 in
2996 2162 3313 2232 Evangelia.

1752 2237 1908 2310 Hunc
1931 2256 2097 2326 igitur
2130 2270 2292 2323 spero
2315 2270 2400 2308 me
2431 2255 2670 2307 mittere.
2708 2272 2727 2306 ι

1822 2347 2014 2417 Magna
2049 2346 2167 2400 laus
2217 2344 2510 2410 Timothei,
2560 2344 2707 2414 quod
2762 2341 3040 2397 unanimis
3088 2341 3161 2395 sit
3200 2352 3317 2394 ma.

1753 2436 1927 2507 gistro
1959 2454 1971 2466 υ
2005 2435 2101 2490 sed
2141 2449 2367 2504 Insuper
2395 2433 2495 2487 hac
2526 2447 2624 2488 eos
2662 2434 2877 2486 ratione
2915 2432 3129 2493 invitat,
3160 2439 3218 2483 ut
3253 2429 3319 2482 il-

1752 2528 1865 2582 lum
1890 2541 2013 2580 cum
2036 2525 2236 2596 gaudio
2252 2524 2649 2594 excipiant,,ac
2678 2525 2724 2576 si
2757 2531 3056 2592 ipsummet
3085 2522 3318 2591 Aposto-

1752 2617 1861 2674 lum
1888 2626 2196 2671 cernerent.

1829 2723 1849 2759 ι
1890 2706 2009 2760 Mox
2055 2716 2116 2759 ut
2152 2705 2341 2759 videro
2382 2720 2503 2774 quae
2542 2704 2688 2759 circa
2726 2718 2811 2758 me
2866 2710 2997 2757 sunt
3057 2717 3123 2757 ex
3174 2702 3317 2773 ipsa.

1754 2797 1945 2870 [Vsas.
1972 2797 2086 2869 24.]
2121 2797 2351 2851 Conﬁdo
2383 2807 2562 2850 autem
2606 2797 2659 2849 in
2698 2796 2947 2849 Domino.
2979 2815 2997 2847 ι

1764 2886 1767 2889 ’
1822 2891 2043 2959 Exipsa
2077 2889 2294 2958 quidem
2326 2888 2618 2953 sententia,
2670 2888 2850 2957 inquit
2910 2888 3090 2955 Atque
3118 2887 3207 2942 hic
3233 2894 3321 2942 est

1754 2998 1948 3038 sensus
1996 3000 2009 3038 :
2050 2981 2325 3052 Exspecto
2362 2997 2482 3051 qua:
2535 2981 2669 3036 mihi
2722 2983 2831 3037 sint
2885 2997 2949 3036 eo
3007 2984 3060 3036 in
3106 2980 3320 3052 judicio

1752 3084 2036 3137 eventura,
2093 3090 2239 3142 umqt
2348 3074 2381 3126 ll
2515 3072 2582 3126 ad
2642 3087 2674 3125 ο
2732 3074 2967 3127 mittam.

1682 3192 1726 3251 ο
1829 3185 1847 3216 ι
1890 3165 2158 3232 Quoniam
2190 3174 2245 3219 et
2279 3165 2392 3233 ipse
2422 3164 2635 3218 veniam
2668 3164 2803 3217 cito.
2839 3183 2858 3217 ι

1827 3255 1900 3310 Pe
1954 3256 2219 3325 Spiritum
2250 3264 2476 3309 noverat
2502 3262 2699 3309 cuncta
2731 3255 2835 3309 sibi
2884 3254 3003 3309 fore
3055 3255 3241 3326 pervia
3267 3263 3322 3310 et

1760 3344 1940 3400 facilia
1971 3345 2024 3400 in
2050 3344 2239 3413 prium
2261 3343 2354 3398 illa
2378 3342 2699 3398 defensione
2729 3358 2851 3408 sua,
2891 3360 3059 3414 seque
3083 3360 3112 3398 a
3146 3355 3320 3400 morte

1759 3446 1813 3492 et
1837 3437 2065 3491 vinculis
2100 3438 2461 3491 liberandum.
2493 3437 2671 3507 Atque
2724 3452 2837 3489 rem
2888 3436 2965 3491 ita
2999 3438 3316 3509 contigisse,

1760 3532 1876 3599 ipse
1906 3529 2202 3583 declaravit
2228 3528 2283 3583 in
2319 3529 2565 3599 Epistola
2592 3528 2659 3582 ad
2687 3529 3032 3583 Timotheum
3070 3532 3155 3585 his
3189 3547 3318 3586 ver-

1761 3622 1844 3675 bis
1877 3640 1889 3651 ·
1925 3618 1991 3673 1η
2017 3620 2187 3687 prima
2220 3633 2333 3672 mea
2362 3618 2658 3687 defensione
2689 3635 2838 3696 nemo
2864 3620 2990 3672 mihi
3010 3620 3205 3687 adfuit,
3230 3621 3320 3674 sed

1761 3728 1933 3765 omnes
1964 3728 2043 3764 me
2076 3711 2481 3780 dereliquerunt.
2510 3709 2762 3764 Dominus
2786 3720 2959 3765 autem
2981 3714 3317 3777 mihiastt‘tit,

1760 3815 1809 3859 et
1837 3804 2086 3858 liberatus
2109 3820 2227 3857 sum
2242 3805 2305 3855 de
2331 3820 2418 3855 ore
2449 3803 2612 3856 leonis
2632 3802 2700 3856 ⁵⁸.

1830 3893 1991 3948 Vsus.
2024 3893 2114 3959 25,
2149 3894 2239 3948 26.
2280 3914 2297 3945 ι
2338 3893 2721 3949 Necessarium
2780 3902 2961 3948 autem
3008 3895 3320 3949 existimavi

1762 3985 2195 4056 Epaphroditum
2233 3986 2481 4049 fratrem,
2515 3996 2568 4040 et
2612 3997 3045 4054 cooperatorem,
3078 3994 3132 4041 et
3172 4001 3322 4040 com-

1763 4077 2065 4131 militonem
2121 4092 2299 4129 meum
2392 4087 2633 4130 vestrum
2682 4086 2863 4131 autem
2897 4078 3229 4148 apostolum,
3266 4087 3322 4131 et

1763 4169 2074 4221 ministrum
2135 4168 2481 4222 necessitatis
2538 4183 2705 4233 mere,
2767 4168 2982 4223 mittere
3043 4168 3111 4222 ad
3167 4184 3320 4223 vos:

1762 4261 2017 4329 quoniam
2050 4259 2267 4327 quidem
2302 4272 2493 4312 omnes
2535 4274 2628 4313 vos
2674 4260 3017 4313 desiderabat
3048 4260 3251 4315 videre.
3294 4279 3315 4313 ι

1832 4346 2022 4416 Magna
2082 4348 2196 4401 haec
2271 4348 2674 4402 commendatio
2737 4356 2825 4401 est
2884 4350 3322 4420 uniuscujusque

1765 4438 2178 4506 discipulorum,
2209 4440 2335 4490 dum
2367 4437 2796 4508 Epaphroditum
2822 4439 3039 4505 quidem
3066 4456 3320 4509 coopera-

1829 4544 1911 4580 -'en
1992 4538 2006 4579 ι
2036 4528 2438 4582 commilitonem
2464 4537 2617 4583 vocat
2668 4526 3010 4583 Timotheum
3040 4544 3170 4585 vero
3185 4547 3321 4585 una-

1757 4623 1969 4676 nimem.

1835 4732 1853 4764 ι
1886 4712 1951 4765 Ει
1982 4722 2208 4766 maestus
2234 4719 2373 4773 erat,
2412 4720 2700 4780 propterea
2741 4711 2888 4780 quod
2928 4710 3226 4768 audieratis
3258 4712 3322 4767 il-

1760 4805 1870 4857 lum
1906 4804 2258 4857 inﬁrmatutn.
2317 4801 2505 4873 [Vens
2549 4802 2670 4873 27.]
2728 4802 2864 4856 Nam
2917 4811 2971 4857 et
3012 4803 3322 4858 inﬁrmatus

1765 4903 1850 4947 est
1908 4909 2079 4962 usque
2136 4895 2199 4945 ad
2260 4903 2528 4959 mortem;
2588 4895 2681 4947 sed
2736 4892 2880 4948 Deus
2922 4898 3185 4948 misertus
3240 4905 3321 4949 est

1762 4989 1879 5057 ejus
1927 5008 1940 5042 :
1991 5004 2100 5043 non
2156 4988 2334 5043 solum
2391 5000 2571 5043 autem
2611 4988 2771 5058 ejus,
2822 5003 3011 5042 verum
3054 4987 3216 5042 etiam
3266 4997 3321 5042 et

1756 5085 1883 5137 mei.
1919 5101 1937 5133 ι
3014 5148 3019 5155 .

1834 5170 2229 5242 Epaphroditus
2258 5172 2388 5225 dure
2416 5169 2676 5240 Philippis
2708 5170 2931 5227 habitus
2948 5180 3065 5226 erat
3088 5180 3308 5241 propter

1760 5265 2132 5333 Evangelium,
2186 5269 2505 5330 tantumque
2536 5262 2711 5316 fuerat
2745 5272 2995 5327 vexatus,
3028 5273 3088 5316 ut
3132 5277 3199 5315 ex
3230 5263 3324 5315 do-

1761 5357 1971 5411 lorihus
2000 5367 2135 5421 quos
2163 5352 2474 5421 pertulerat,
2500 5352 2565 5405 ad
2595 5364 2823 5407 mortem
2853 5370 3027 5423 usque
3056 5360 3321 5421 aegrotas-

1769 5457 1867 5500 set.
1912 5444 2092 5513 Neque
2122 5456 2250 5495 vero
2278 5441 2364 5495 ille
2397 5444 2547 5498 solus
2592 5443 2862 5510 lapidibus
2894 5445 3093 5513 petitus
3121 5444 3321 5509 fuerat,

67 5536 193 5585 Καὶ
225 5528 400 5583 τοῦτο
446 5531 680 5603 ἐδήλωσε
721 5535 946 5603 γράφων
983 5535 1433 5592 Θεσσα).ονικεῦσι
1455 5557 1467 5568 ·
1495 5540 1667 5594 Αὐτοὶ

1649 5540 1667 5592 ί
1771 5539 1863 5594 sed
1893 5537 2054 5591 etiam
2085 5534 2399 5602 Apostolus.
2430 5534 2486 5589 Id
2516 5537 2658 5601 quod
2686 5536 3013 5607 signiﬁcavit
3044 5536 3112 5590 ad
3141 5531 3314 5589 Thes-

64 5626 193 5693 γὰρ
256 5619 490 5686 οἴδατε,
540 5624 724 5691 φησὶν,
772 5626 1058 5695 ἀγαπητοί
1094 5630 1207 5697 τὴν·
1244 5630 1484 5686 εἴσοδον
1506 5632 1671 5702 ὑμῶν

1650 5651 1671 5677 ν·
1771 5630 2139 5689 salonicenses
2172 5625 2247 5681 ita
2277 5624 2522 5685 scribens
2553 5647 2567 5685 :
2598 5628 2736 5683 Nam
2758 5630 2859 5699 ipsi
2890 5630 3060 5695 scitis,
3096 5626 3316 5698 fratres,

152 5803 208 5834 θ’
246 5799 301 5853 ΙΙ
334 5798 470 5855 Titii.
513 5818 585 5867 tv,
616 5804 700 5857 l6.
