4218 6448
208 427 316 487 873

1278 414 1355 471 IN
1393 410 1631 470 El’lS'l‘.
1664 406 1762 463 AD
1794 404 2367 463 PHILIPPENSES.

3361 404 3464 469 874

209 545 320 609 γάρ
344 540 476 610 ἡμῖν
506 535 702 589 δέδωκε
733 533 794 585 τὸ
824 530 1049 600 Πνεῦμα
1091 527 1185 582 τοῦ
1215 527 1351 581 Θεοῦ
1391 528 1585 585 ποιεῖν,
1628 521 1721 575 καὶ
1750 518 1783 585 ἡ

1845 518 2217 584 ιριιιεινὶιιιιιε.
2274 516 2386 571 lloc
2421 519 2564 571 enim
2602 526 2661 570 ut
2707 517 3039 583 faceremus,
3088 518 3327 587 Spiritus
3369 520 3465 578 Dei

211 630 483 700 καύχησις
508 629 540 696 ἠ
569 628 646 689 είς
671 625 764 678 τὸν
800 622 1054 694 Χριστόν.

288 820 307 851 ι
344 800 508 861 Εῖτις
527 799 673 850 δοκεῖ
695 798 853 857 ἄλλος
884 794 1199 847 πεποιθέναι
1228 795 1286 845 ὲν
1316 792 1501 862 σαρκὶ,
1524 792 1633 860 ἐγὼ
1658 792 1790 862 μᾶλ-

212 892 324 944 λον.
355 889 632 959 Περιτομή
671 889 1030 957 ὀκταήμερος,
1078 889 1139 938 ὲκ
1189 885 1379 952 γένους
1416 885 1652 953 Ἰσραὴλ,
1688 900 1790 951 φυ-

213 981 311 1049 λῆς
365 978 645 1047 Βενιαμὶν,
706 976 955 1046 Ἐϐραῖος
1003 976 1061 1042 ἐξ
1122 975 1410 1044 Ἐϐραίων,
1446 975 1584 1027 κατά
1627 974 1791 1041 νόμον

212 1074 525 1142 Φαρισαῖος,
559 1070 698 1124 κατὰ
720 1069 879 1138 ζῆλον
906 1067 1117 1121 διώκων
1144 1069 1241 1136 τήν
1278 1066 1624 1136 Ἐκκλησίαν,
1649 1064 1793 1117 κατὰ

212 1161 564 1232 δικαιοσύνην
587 1161 684 1231 τὴν
713 1166 769 1214 ὲν
795 1160 945 1230 νόμῳ
980 1159 1270 1228 γενόμενος
1296 1160 1609 1228 ἄμεμπτος.
1651 1156 1791 1209 Ἀλλ’

216 1255 375 1307 ᾶτινα
405 1250 473 1322 ἦν
506 1271 596 1317 μοι
626 1253 816 1321 κέρδη,
848 1251 1020 1304 ταῦτα
1052 1251 1267 1321 ἥγημαι
1301 1249 1389 1302 διὰ
1426 1251 1520 1301 τὸν
1558 1247 1792 1317 Χριστὸν

216 1347 442 1415 ζημίαν.
499 1344 659 1396 Ἀλλὰ
692 1345 791 1413 μὲν
835 1342 930 1396 οῦν
976 1344 1070 1396 καὶ
1102 1341 1344 1411 ἠγοῦμαι
1374 1341 1551 1393 πάντα
1588 1341 1790 1406 ζημίαν

215 1435 355 1489 εἶναι
384 1437 471 1488 διὰ
503 1437 562 1489 τὸ
589 1437 854 1505 ὑπερέχον
890 1439 990 1505 τῆς
1030 1434 1285 1503 γνώσεως
1334 1433 1571 1502 Χριστοῦ
1617 1430 1792 1502 Ἰησοῦ

219 1528 316 1581 τοῦ
354 1529 561 1598 Κυρίου
614 1544 751 1595 μου·
793 1526 859 1579 δι’
893 1528 951 1579 ὃν
993 1526 1063 1577 τά
1093 1528 1271 1579 πάντα
1316 1523 1653 1593 ἐζημιώθην,
1699 1523 1795 1575 καὶ

216 1623 463 1690 ἡγοῦμαι
508 1620 752 1673 σκύϐαλα
797 1617 959 1683 εἶναι,
988 1621 1076 1672 ἵνα
1109 1619 1343 1689 Χριστὸν
1399 1618 1649 1688 κερδήσω
1697 1615 1793 1668 καὶ

216 1713 429 1781 εὑρεθῶ
458 1715 515 1765 ὲν
544 1713 694 1782 αὐτῷ
731 1712 805 1782 μὴ
836 1711 974 1782 ἔχων
993 1711 1339 1777 δικαιοσύνην
1375 1710 1472 1778 τὴν
1504 1711 1568 1760 ὲκ
1601 1708 1791 1776 νόμου,

218 1805 356 1857 ἀλλὰ
382 1806 481 1876 τὴν
510 1805 597 1859 διὰ
622 1805 858 1869 πίστεως
883 1804 1142 1876 Χριστοῦ,
1188 1803 1286 1873 τὴν
1325 1804 1389 1854 ἐκ
1418 1802 1553 1853 Θεοῦ
1584 1802 1786 1853 δικαιο-

220 1912 411 1964 συνην.
462 1913 482 1946 ι

302 2156 518 2224 Ἐπειδὴ
557 2156 698 2225 μέγα
736 2154 994 2224 ἐφρόνουν
1038 2153 1087 2206 οί
1126 2152 1220 2205 τοῦ
1252 2153 1583 2221 γράμματος
1617 2154 1791 2222 κήρυ-

217 2263 345 2307 κες,
387 2244 479 2296 ἐπί
526 2261 587 2295 τε
634 2244 902 2312 περιτομῇ
961 2242 1057 2293 καὶ
1104 2239 1253 2307 γένει
1298 2237 1375 2307 τῷ
1431 2238 1489 2303 ἐξ
1554 2238 1789 2308 Ἰσραὴλ,

215 2336 413 2388 τοῦτου
450 2335 609 2404 χάριν
640 2334 725 2400 ἐφ’
764 2330 957 2385 ἑαυτοῦ
992 2331 1124 2383 αὐτὸ
1162 2328 1453 2393 ὲξουθενεῖ.
1503 2330 1633 2381 Τότε
1684 2330 1794 2397 γάρ

216 2424 431 2493 ἀληθὴς
462 2426 494 2493 ή
525 2422 893 2486 ὲξουδένωσις,
923 2421 1020 2488 οὐχ
1052 2420 1180 2471 ὅταν
1221 2420 1295 2487 μὴ
1332 2417 1473 2487 σχών
1500 2435 1584 2479 τις
1627 2434 1794 2471 κατα·

217 2517 382 2568 πτῦει
416 2511 492 2567 ὧν
526 2514 656 2583 ἔχει,
694 2512 806 2565 ἀλλ’
834 2515 961 2565 ὅταν
993 2510 1156 2580 ἔχων,
1193 2510 1366 2579 μικρὰ
1396 2510 1535 2563 αὐτὰ
1570 2510 1792 2579 ἡγῆται,

217 2612 316 2661 καὶ
355 2606 802 2675 εὐκαταφρόνητα
837 2607 901 2673 τῇ
949 2604 1057 2655 τῶν
1089 2601 1352 2672 μειζόνων
1383 2602 1478 2655 καὶ
1518 2601 1793 2671 ὑπερϐαλ-

218 2701 425 2751 λόντων
468 2699 700 2769 εὑρέσει.
748 2696 909 2761 Λέγει
958 2691 1071 2758 οῦν,
1108 2696 1189 2746 ὅτι
1224 2693 1406 2745 ΙΙάντα
1447 2692 1625 2744 αὐτῶν
1654 2693 1797 2760 σχὼν

218 2795 290 2845 τὰ
332 2790 526 2859 σεμνὰ,
560 2790 654 2842 καὶ
686 2788 949 2856 τοσαύτην
996 2787 1052 2837 ὲν
1094 2787 1208 2847 τοῖς
1251 2788 1496 2853 νομικοῖς
1526 2783 1798 2846 ἐπιδειξά-

224 2901 389 2954 μενος
419 2882 785 2948 δικαιοσύνην,
821 2880 953 2947 ὅσην
980 2878 1081 2929 οὐκ
1123 2876 1280 2937 ἄλλος
1310 2893 1412 2937 τις,
1452 2874 1631 2927 πάντα
1662 2874 1800 2942 ἥγη-

222 2994 325 3045 μαι
360 2974 566 3041 ζημίαν
591 2972 685 3023 καὶ
716 2969 980 3031 σκύϐαλα,
1011 2965 1313 3036 ὑπερϐολῆς
1337 2981 1482 3026 τινος
1508 2963 1675 3030 οὔσης
1699 2962 1796 3029 τῆς

219 3065 370 3119 κατὰ
406 3063 638 3135 Χριστὸν
668 3060 959 3122 πολιτείας.
994 3057 1239 3126 Τοσαύτη
1289 3059 1345 3109 δέ
1371 3057 1520 3107 ἐστιν
1551 3055 1582 3123 ἡ
1625 3056 1796 3121 ὑπερ-

218 3158 394 3228 ϐολὴ,
444 3155 584 3207 ὥστε
648 3153 877 3223 εὔχομαι
939 3150 1209 3221 μηδεμίαν
1266 3147 1554 3217 εὑρεθῆναι
1609 3145 1797 3212 ἔχοντα

218 3247 463 3317 ἐμαυτὸν
513 3244 737 3314 νομικὴν
776 3242 1143 3311 δικαιοσύνην,
1176 3241 1262 3293 ἵνα
1304 3240 1402 3309 τὴν
1443 3241 1506 3290 ἐκ
1535 3237 1671 3289 Θεοῦ
1718 3236 1800 3287 δι-

219 3337 523 3406 καιοσύνην
576 3336 843 3405 κερδήσω.
902 3334 1040 3403 Ὅρα
1090 3333 1207 3391 πῶς
1252 3332 1347 3399 τὴν
1386 3330 1482 3398 μὲν
1523 3330 1587 3379 ἐκ
1638 3326 1803 3395 νόμου

216 3428 574 3498 δικαιοσύνην
622 3427 810 3479 ἑαυτοῦ
839 3443 988 3494 φησι,
1028 3425 1125 3493 τήν
1160 3423 1214 3475 δὲ
1242 3419 1620 3489 ευαγγελικὴν,
1668 3418 1803 3469 Θεοῦ

215 3517 606 3585 δικαιοσύνην,
644 3516 728 3566 ἴνα
766 3513 1018 3565 τοσοῦτον
1128 3511 1450 3580 ἀμφοτέρων
1500 3508 1562 3559 τὸ
1616 3508 1802 3575 μέσον,

216 3612 349 3662 ὅσον
391 3605 682 3676 ἀνθρώπου
708 3606 799 3658 καὶ
830 3604 962 3655 Θεοῦ

300 3931 319 3961 ι
378 3910 504 3963 Ἐπὶ
539 3912 605 3978 τῇ
641 3907 818 3958 πίστει
852 3908 943 3958 τοῦ
975 3906 1177 3973 γνῶναι
1225 3905 1405 3966 αᾷτὸν,
1442 3904 1534 3956 καὶ
1580 3904 1680 3973 τὴν
1708 3903 1802 3954 δῦ-

212 4019 391 4069 ναμιν
423 3999 520 4066 τῆς
543 3999 891 4057 ἀναστάσεως
919 3995 1106 4059 αὐτοῦ,
1133 3996 1227 4046 καὶ
1258 3996 1358 4062 τὴν
1388 3994 1673 4046 κοινωνίαν
1698 3992 1804 4044 τῶν

214 4091 571 4161 παθημάτων
601 4087 788 4147 αὑτοῦ.
840 4088 1331 4158 συμμορφούμενος
1363 4086 1439 4154 τῷ
1473 4086 1686 4153 θανάτῳ
1717 4085 1806 4136 αὺ-

210 4186 342 4247 τοῦ,
392 4184 446 4235 εί
494 4198 609 4244 πως
657 4182 984 4251 καταντήσω
1033 4181 1110 4241 εἰς
1155 4179 1250 4247 τὴν
1293 4179 1646 4241 ἐξανάστασιν
1699 4177 1805 4226 τῶν

213 4268 478 4341 νεκρῶνο
508 4269 605 4336 οὐχ
637 4269 718 4320 δτι
759 4268 857 4338 ἤδη
920 4266 1131 4328 ἔλαϐον,
1181 4267 1213 4335 ἣ
1266 4266 1364 4336 ἤδη
1414 4266 1802 4333 τετελείωμαιο

214 4362 415 4415 διώκω
456 4360 510 4411 δὲ
547 4362 595 4412 εί
636 4360 729 4412 καὶ
759 4358 1083 4422 καταλάϐω,
1126 4359 1211 4424 ἐφ’
1258 4352 1303 4423 ᾧ
1338 4358 1429 4408 καὶ
1460 4355 1805 4425 κατελήφθην

210 4455 332 4505 ὑπὸ
353 4451 450 4503 τοῦ
480 4449 734 4521 Χριστοῦ.
789 4467 805 4498 ι

1892 613 2164 666 concessit
2199 612 2357 666 nobis
2385 648 2400 671 ,
2438 618 2492 664 et
2539 610 2655 666 haec
2708 612 2883 682 gloria
2932 612 2999 665 ad
3056 610 3339 666 Christum
3376 629 3466 668 re-

1894 701 2088 755 fertur.

1967 807 1985 839 ι
2019 790 2074 842 Si
2124 792 2249 855 quis
2280 793 2422 846 alius
2474 791 2685 843 videtur
2737 792 3018 847 conlidere
3064 792 3117 845 in
3151 807 3340 855 carne.
3367 809 3468 863 ego

1892 879 2086 948 magis.
2138 878 2328 948 [Vi-ms.
2374 879 2514 951 5-9.]
2573 879 2945 935 Circumcisus
2997 889 3196 935 octavo
3231 882 3341 944 die,
3402 897 3470 936 ex

1893 987 2092 1038 genere
2122 970 2313 1035 Israel,
2348 971 2415 1026 de
2461 974 2605 1026 tribu
2635 973 2939 1041 Benjamin,
2978 973 3333 1041 llebrmusex
3368 972 3471 1027 lle-

1892 1060 2092 1124 lineis,
2147 1060 2451 1114 secundum
2524 1062 2697 1130 legem
2756 1062 3103 1129 Pharisaeus,
3165 1064 3468 1119 secundum

1890 1149 2299 1201 annulatiom-m
2358 1164 2694 1218 persequens
2740 1149 3043 1205 Ecclesiam
3098 1153 3211 1219 Dei,
3266 1167 3472 1207 secun-

1892 1237 2025 1290 dum
2052 1238 2322 1305 justitiam
2364 1254 2487 1307 quae
2543 1240 2595 1292 in
2627 1239 2743 1307 lege
2798 1252 2903 1305 est,
2957 1251 3319 1295 conversatus
3351 1242 3471 1294 sine

1893 1332 2142 1399 querela.
2187 1331 2290 1386 Sed
2325 1348 2446 1399 qua:
2494 1333 2629 1385 mihi
2670 1333 2890 1387 fuerunt
2944 1334 3127 1395 lucra,
3166 1334 3281 1387 ha-c
3327 1335 3472 1387 arbi-

1897 1431 2074 1476 tratus
2110 1438 2228 1476 smn
2261 1433 2489 1492 propter
2532 1425 2812 1478 Christum
2847 1425 3195 1479 detrimenta.
3235 1422 3472 1478 Verum-

1898 1524 2075 1567 tamen
2100 1514 2356 1569 existimo
2389 1516 2574 1569 omnia
2615 1517 3004 1568 detrimentum
3056 1531 3200 1579 esse,
3250 1524 3474 1585 propter

1896 1606 2226 1659 eminentem
2268 1605 2555 1659 scientiam
2613 1605 2821 1659 Christi
2874 1605 3000 1659 Jesu
3066 1605 3280 1659 Domini
3345 1608 3473 1672 mei,

1898 1707 2115 1763 propter
2153 1711 2314 1765 quem
2370 1698 2555 1751 omnia
2610 1697 3000 1750 detrimentum
3038 1696 3173 1759 feci,
3223 1709 3281 1751 et
3330 1698 3476 1751 arbi-

1900 1795 2014 1841 tror
2074 1789 2230 1859 201
2278 1796 2336 1841 ut
2384 1799 2647 1852 stercora,
2681 1798 2741 1841 ut
2776 1788 3058 1843 Christum
3118 1788 3475 1851 lucrifacizuu,

1899 1887 1952 1932 et
1983 1880 2229 1934 inveniar
2252 1880 2305 1933 in
2330 1880 2423 1935 illo
2454 1896 2560 1935 non
2596 1880 2800 1934 habens
2826 1879 3093 1949 justitiam
3124 1892 3246 1949 quae
3275 1894 3339 1934 ex
3365 1879 3478 1948 lege

1819 1976 1824 1984 '
1899 1980 2002 2033 est,
2045 1970 2139 2023 sed
2170 1970 2313 2023 illam
2340 1985 2460 2038 qua)
2488 1985 2553 2024 ex
2589 1969 2693 2024 tide
2730 1976 2813 2025 est
2842 1964 3070 2035 Christi,
3104 1984 3223 2038 quae
3252 1983 3316 2023 ex
3367 1967 3477 2023 Deo

1898 2071 2001 2128 est,
2027 2061 2319 2131 justitiam.
2355 2079 2374 2112 ι

1972 2170 2113 2235 Quia
2143 2166 2624 2223 commendatores
2653 2169 2788 2238 legis
2828 2171 3161 2229 insolentius
3184 2174 3457 2232 eﬂ'ercban

1903 2272 2014 2326 tur,
2042 2269 2157 2315 tum
2194 2261 2266 2314 ob
2297 2261 2807 2323 circumcisiouem,
2861 2271 2976 2317 tum
3018 2265 3091 2320 ob
3128 2282 3305 2337 genus
3332 2271 3476 2338 quod

1903 2370 1968 2407 ex
1998 2353 2171 2407 lsrael
2220 2354 2517 2415 ducebant,
2554 2353 2762 2407 idcirco
2816 2354 2930 2408 hac
2962 2357 3017 2409 in
3051 2372 3109 2411 se
3139 2356 3434 2413 ﬂoccifacit
3462 2380 3475 2413 :

1906 2456 2018 2496 tum
2056 2443 2262 2512 quippe
2307 2458 2437 2497 vera
2479 2444 2564 2497 sui
2604 2446 2930 2513 aspernatio
2972 2455 3079 2512 est,
3115 2463 3222 2502 non
3256 2451 3479 2519 quando

1904 2535 2051 2601 quis,
2078 2548 2203 2585 cum
2240 2532 2380 2584 nihil
2434 2532 2658 2597 habeat,
2713 2549 2777 2587 ea
2830 2538 3041 2605 respuit
3086 2554 3210 2609 qua:
3241 2556 3349 2594 non
3379 2542 3478 2597 ha-

1905 2624 2019 2686 bet,
2058 2622 2156 2677 sed
2190 2622 2414 2691 quando
2443 2639 2565 2693 quae
2604 2624 2789 2688 habet,
2824 2627 2953 2680 vilia
2987 2636 3042 2682 et
3086 2634 3476 2700 contemptibi-

1908 2716 1978 2767 lia
2012 2714 2187 2777 ducit,
2231 2730 2297 2768 ex
2364 2731 2474 2784 quo
2535 2716 2746 2785 majora
2792 2726 2848 2772 et
2882 2718 3084 2772 eximia
3142 2735 3341 2778 nactus
3371 2735 3477 2780 est.

1907 2810 1997 2859 Ait
2023 2822 2153 2876 ergo
2184 2805 2463 2862 :Tametsi
2501 2823 2851 2877 quacunque
2900 2811 3044 2878 apud
3097 2812 3225 2870 illos
3253 2832 3479 2872 venera-

1907 2897 2041 2950 tioni
2076 2907 2223 2962 sunt,
2258 2898 2447 2963 habui,
2499 2910 2555 2953 et
2587 2908 2796 2952 tantam
2851 2901 2903 2953 in
2936 2900 3003 2956 iis
3045 2919 3167 2972 qua:
3192 2904 3309 2974 lege
3337 2923 3480 2976 pra:-

1912 2989 2239 3041 scribuutur
2274 2988 2553 3057 justitiam
2601 2992 2842 3059 praetuli,
2885 3004 3146 3063 quantam
3189 2999 3375 3053 nullus
3403 3000 3474 3053 al-

1909 3088 2013 3143 ter,
2049 3081 2419 3137 nihilominus
2468 3082 2723 3136 universa
2775 3084 2887 3137 haec
2934 3084 3269 3142 detrimento
3319 3090 3477 3155 duxi,

1828 3195 1871 3251 ο
1908 3183 1960 3225 ct
1986 3172 2151 3226 veluti
2184 3182 2451 3236 stercora,
2486 3190 2611 3228 cum
2658 3176 2910 3230 instituta
2947 3192 2974 3229 a
3003 3177 3227 3233 Christo
3262 3182 3479 3238 vivendi

1911 3264 2051 3317 ratio
2079 3266 2239 3333 plane
2277 3267 2347 3319 sit
2375 3267 2750 3320 excellentior.
2784 3269 2947 3338 Atqui
2991 3278 3143 3324 tanta
3191 3272 3356 3342 hujus
3386 3292 3480 3329 cx-

1908 3357 2232 3425 superantia
2277 3366 2384 3419 est,
2431 3366 2487 3411 ut
2530 3360 2848 3428 percupiam
2877 3361 3083 3415 nullam
3118 3364 3173 3417 in
3207 3382 3292 3420 me
3328 3382 3479 3436 repe-

1908 3448 2005 3500 riri
2059 3448 2330 3515 justitiam
2387 3449 2691 3503 secumlum
2760 3451 2954 3519 legem,
3022 3470 3136 3522 quo
3200 3455 3480 3524 justitiam

1908 3555 2029 3608 qua:
2064 3556 2127 3594 ex
2162 3539 2272 3594 Deo
2294 3549 2405 3602 est,
2437 3541 2803 3595 lucrifaciam.
2843 3542 2978 3596 Vide
3010 3548 3288 3613 quomodo
3320 3564 3479 3603 suam

1906 3648 2029 3686 esse
2070 3632 2301 3700 legalem
2353 3633 2625 3703 justitiam
2668 3633 2844 3701 dicit;
2900 3639 3272 3705 evangelicam
3324 3656 3477 3704 vero,

1906 3721 2001 3776 Dei
2028 3723 2303 3790 justitiam
2360 3734 2666 3794 nuncupat,
2726 3734 2785 3778 ut
2814 3734 2963 3780 tanta
2996 3728 3142 3782 inter
3189 3738 3482 3801 utramque

1907 3812 2171 3867 distantia
2207 3814 2299 3879 sit,
2328 3825 2535 3883 quanta
2566 3816 2714 3869 inter
2757 3815 2924 3870 Deum
2958 3825 3014 3871 et
3040 3818 3340 3875 hominem.

1985 3922 2003 3951 ι
2042 3904 2099 3956 1η
2135 3904 2261 3968 ﬁde,
2322 3903 2511 3975 [Vsns.
2568 3906 2761 3975 10-12]
2812 3907 2880 3959 ad
2930 3911 3376 3978 cognoscendum
3419 3913 3481 3965 il-

1910 3996 2043 4059 lum,
2079 4004 2132 4047 et
2165 3996 2424 4049 virtutem
2484 4000 2914 4052 resurrectionis
2969 3999 3110 4068 ejus,
3149 4010 3203 4054 ct
3237 4004 3482 4057 societa-

1912 4095 2017 4139 tem
2056 4088 2377 4155 passionum
2416 4088 2588 4152 illins,
2623 4090 3002 4157 coitﬁguratus
3041 4093 3203 4145 morti
3239 4093 3398 4161 ejus;
3435 4096 3481 4147 si

1908 4191 2020 4244 quo
2062 4176 2225 4230 modo
2270 4193 2562 4229 occurram
2622 4181 2675 4231 iu
2722 4184 3183 4237 resurrectionem
3232 4196 3484 4240 mortuo-

1909 4283 2030 4321 rum
2059 4287 2071 4321 :
2105 4283 2213 4321 non
2247 4268 2389 4337 quod
2421 4270 2533 4335 jam
2567 4272 2900 4337 acceperim,
2934 4280 3029 4325 aut
3058 4273 3169 4339 jam
3203 4273 3481 4341 perfectus

1909 4359 2054 4423 sim;
2092 4374 2295 4427 scquor
2336 4368 2539 4422 autem,
2583 4360 2630 4413 si
2681 4361 2958 4428 quomodo
2992 4363 3479 4430 comprehendam,

1911 4448 1963 4500 in
1992 4462 2102 4515 quo
2131 4457 2185 4501 et
2216 4449 2651 4516 comprehensus
2684 4466 2805 4502 sum
2834 4465 2862 4502 a
2895 4451 3140 4504 Christo.
3174 4472 3193 4503 ι

291 4543 554 4596 Διδάσκει
587 4542 672 4600 τίς
721 4542 753 4609 ή
789 4542 853 4591 ὲκ
890 4538 1024 4591 Θεοῦ
1072 4538 1385 4606 δικαιοσύνη
1410 4554 1422 4566 ο
1466 4541 1498 4607 ἡ
1537 4539 1716 4600 πίστις
1768 4542 1800 4610 ἡ

1845 4512 1880 4567 D
1984 4512 2298 4606 [locetqum
2347 4512 2429 4590 sit
2462 4539 2680 4605 justitia
2724 4539 2843 4600 Dei,
2881 4554 3113 4609 eamque
3160 4557 3285 4597 esse
3322 4542 3481 4598 [idem

208 4639 302 4698 εἰς
349 4634 608 4701 Χριστὸν,
641 4632 737 4684 καὶ
771 4634 801 4699 ἡ
852 4631 1052 4697 γνῶσις
1087 4632 1184 4699 τῆς
1228 4629 1577 4691 ἀναστάσεως
1611 4632 1799 4695 αὑτοῦ,

211 4728 320 4778 2a.".
365 4726 400 4793 ή
440 4722 696 4774 κοινωνία
725 4722 831 4774 τῶν
862 4721 1200 4790 παθημάτων
1244 4721 1430 4774 αὑτοῦ.
1481 4720 1668 4774 Ταῦτα
1694 4723 1803 4791 γάρ

210 4822 273 4871 ἐν
310 4816 441 4884 ἐμοὶ
469 4814 779 4881 εὑρεθέντα,
811 4818 962 4881 φησι.
994 4812 1328 4879 καταντῆσαι
1356 4814 1572 4882 ποιήσει
1598 4816 1676 4875 εἰς
1704 4812 1802 4882 τὴν

1913 4627 1965 4679 in
1991 4627 2298 4691 Christum,
2338 4638 2393 4682 et
2437 4629 2814 4698 cognitionem
2863 4633 3292 4688 resurrectionis
3337 4634 3480 4702 ejus,

1910 4719 2341 4786 societatemque
2368 4720 2690 4786 passionum
2730 4720 2905 4773 illius.
2940 4719 3086 4784 llaec,
3124 4722 3319 4791 inquit,
3355 4739 3482 4779 cum

1911 4807 1964 4859 in
2001 4823 2088 4861 me
2115 4806 2486 4875 reperiantur.
2528 4806 2766 4861 efficient
2803 4815 2861 4860 ut
2892 4823 3179 4863 occurram
3213 4812 3267 4865 in
3305 4828 3483 4867 resur-

1910 4895 2214 4949 rectionem
2266 4910 2330 4948 ex
2411 4896 2666 4948 mortuis.
2732 4895 2849 4948 Non
2911 4905 3095 4949 autem
3158 4897 3482 4967 simpliciter

1910 4988 2068 5049 dixit,
2095 5002 2395 5050 occurrant,
2422 4986 2539 5046 sed,
2570 4988 2614 5039 si
2640 4987 2902 5055 quomodo
2936 5003 3238 5053 occurram,
3280 4999 3477 5044 osten-

1910 5081 2098 5146 ditque
2126 5094 2223 5153 eos
2276 5080 2367 5147 qui
2426 5080 2628 5133 donum
2679 5081 3034 5148 cognitionis,
3074 5089 3129 5133 et
3158 5082 3478 5150 passionum

1912 5172 2230 5226 societatem
2264 5186 2544 5240 accepere,
2596 5173 2785 5224 umltis
2832 5173 3034 5241 vigiliis
3080 5188 3218 5241 opus
3257 5174 3477 5239 habere,

1911 5279 1979 5316 ne
2008 5276 2071 5315 ea
2099 5264 2355 5317 amittant
2385 5278 2505 5331 quae
2536 5273 2890 5331 acceperunt.
2926 5263 3094 5330 quue
3126 5262 3478 5318 manifestum

1915 5354 1970 5403 lit
2010 5367 2073 5405 ex
2107 5351 2176 5404 iis
2216 5368 2340 5420 qua:
2371 5360 2684 5421 sequuntur
2718 5372 2731 5406 :
2769 5352 2893 5405 Non
2936 5351 3073 5422 quod
3102 5353 3221 5420 jam
3265 5369 3478 5421 accepe—

1913 5444 2035 5507 rim,
2086 5444 2288 5513 inquit.
2344 5444 2480 5498 Cum
2525 5446 2671 5497 enim
2716 5453 2921 5498 certam
2973 5445 3042 5498 de
3079 5443 3185 5497 line
3222 5443 3480 5497 ﬁduciam

1913 5536 2163 5598 habeam,
2198 5546 2438 5590 attamen
2480 5552 2788 5607 persequor
2822 5546 2882 5590 ut
2938 5546 2994 5590 et
3039 5537 3194 5589 illum
3229 5551 3481 5605 compre-

1911 5626 2169 5681 hendam.
2227 5628 2502 5693 Quidnam
2557 5646 2711 5690 vero,
2774 5640 2830 5683 ut
2879 5627 3333 5696 comprehendat,
3369 5627 3479 5681 nisi

204 4908 531 4960 ἀνάστασιν
561 4905 656 4974 τήν
691 4907 752 4957 ἐκ
800 4905 905 4956 τῶν
934 4905 1161 4971 νεκρῶν.
1199 4905 1309 4971 Οὐχ
1344 4905 1527 4965 ἁπλῶς
1570 4904 1626 4956 δὲ
1656 4900 1798 4967 εἷπε,

203 4995 608 5059 καταντήσω,
650 4995 806 5052 ἀλλὰ.
846 4994 901 5046 εἷ
944 5008 1066 5057 ,τως
1106 4996 1476 5059 καταντήσω.
1521 4995 1799 5046 Δείκνυσιν

202 5093 298 5143 ὅτι
342 5087 438 5139 καὶ
485 5086 584 5153 ἤδη
619 5087 728 5145 τοῖς
764 5082 985 5136 λαϐοῦσι
1030 5084 1127 5149 τῆς
1173 5084 1424 5149 γνώσεως
1455 5086 1514 5135 τὸ
1554 5083 1801 5151 χάρισμα

203 5182 314 5233 καὶ
345 5177 460 5229 τῶν
502 5174 840 5243 παθημάτων
866 5176 962 5243 τὴν
1008 5174 1314 5232 κοινωνίαν,
1348 5173 1549 5242 πολλῆς
1578 5172 1677 5241 τῆς
1703 5175 1800 5237 νή-

198 5270 372 5335 ψεως
406 5264 588 5333 χρεία,
622 5263 703 5315 ἵνα
737 5261 811 5332 μή
851 5261 887 5315 ἃ.
916 5262 1108 5313 ἔλαϐον
1138 5262 1467 5315 ἀπολέσωσι.
1509 5262 1617 5315 Καὶ
1644 5261 1803 5314 τοῦτο

198 5363 274 5412 ὲκ
316 5357 437 5407 τῶν
470 5354 595 5421 ἑξῆς
629 5354 806 5421 δῆλον.
833 5355 954 5420 Οὐχ
988 5353 1075 5405 ὅτι
1100 5351 1207 5419 γὰρ
1235 5351 1351 5419 ἤδη
1376 5352 1615 5414 ἔλαϐον,
1645 5356 1798 5419 φησὶ,

201 5449 315 5501 καὶ
349 5446 417 5510 δὴ
450 5444 576 5512 περὶ
617 5442 708 5494 τοῦ
735 5442 922 5503 τέλους
946 5442 1132 5512 θαρῤιῦ
1157 5458 1169 5471 ·
1198 5441 1331 5494 ἀλλά
1360 5442 1562 5501 διώκω,
1590 5443 1677 5493 ἵνα
1710 5443 1804 5493 καὶ

200 5534 545 5589 καταλάϐω.
596 5534 659 5584 Τί
707 5534 781 5593 δὲ,
839 5533 923 5584 ἵνα
972 5532 1275 5604 καταλάϐῃ,
1321 5532 1353 5601 ἢ
1399 5532 1554 5584 τοῦτο
1598 5533 1659 5583 τὸ
1706 5533 1805 5600 χά-

200 5643 405 5700 ρισμα
462 5625 541 5685 εἰς
589 5624 617 5675 ὃ
662 5625 752 5675 καὶ
793 5622 1104 5692 κατελήφθη
1142 5624 1243 5675 ὑπὸ
1278 5623 1549 5693 Χριστοῦ;
1593 5625 1649 5673 ἐν
1696 5626 1803 5675 τίνι

195 5722 263 5773 δὲ
307 5716 662 5784 κατελήφθη,
700 5715 731 5783 ἢ
767 5718 831 5783 τῇ
872 5716 1196 5777 ἀναστάσεις
1239 5710 1333 5776 Εἷς
1368 5717 1473 5783 γάρ
1501 5715 1641 5783 ὑπὲρ
1670 5715 1802 5767 πάν-

1917 5717 2046 5771 illud
2098 5717 2299 5772 donum
2371 5720 2532 5787 cujus
2589 5721 2767 5787 gratia
2833 5718 3269 5786 comprehensus
3317 5725 3403 5771 est
3447 5732 3479 5771 ι

198 5829 335 5864 των
375 5806 671 5867 ἀπέθανεν,
705 5807 787 5857 ἵνα
821 5806 1020 5867 πάντες
1055 5806 1327 5875 ζήσωμεν.
1374 5806 1539 5867 Φόϐος
1577 5801 1669 5858 οῦν
1708 5807 1802 5873 μέκ

1916 5808 2175 5863 Christo?
2208 5810 2258 5863 iu
2286 5825 2394 5879 quo
2437 5821 2616 5865 autem
2648 5810 3084 5879 comprehensus
3124 5817 3233 5875 est,
3271 5809 3377 5863 nisi
3421 5808 3476 5861 in

556 5900 826 5958 Ριτιιοι..
859 5900 974 5955 (in.
1021 5898 1188 5959 XCV.

3074 5900 3147 5958 28
