4218 6448
259 426 321 485 77
1310 425 1385 484 IN
1427 426 1665 486 EPIST.
1707 427 1805 486 AD
1838 428 2395 489 PHILIPPENSES.

3360 425 3463 486 878

227 559 432 613 μορφον
480 538 556 609 τῷ
590 538 795 607 σώματ’
834 538 929 605 τῆς
961 537 1113 606 δόξης
1153 537 1337 599 αὑτοῦ,
1383 543 1524 592 κατὰ
1569 544 1667 612 τὴν
1700 546 1782 595 ἐν·
1814 551 1857 606 Α
1892 566 1893 573 ι

1814 551 1857 606 Α
1892 543 2195 597 secundum
2227 549 2606 611 operationem
2636 556 2742 610 qua
2791 541 2959 592 etiam
2992 539 3167 606 possit
3193 537 3294 592 sibi
3328 542 3456 593 sub-

226 637 442 700 ε’ργειαν
473 628 562 681 τοῦ
601 628 857 681 δύνασθαι
898 626 1059 679 αὑτὸν
1105 628 1196 678 καὶ
1226 628 1488 691 ὑποτάξαι
1518 631 1694 700 ἑαυτῷ
1722 634 1789 685 τὰ
1890 686 1892 695 ,

685 628 857 680 μασθαι
898 626 1059 679 αὑτὸν
1105 628 1196 678 καὶ
1226 628 1488 691 ὑποτάξαι
1518 631 1694 700 ἑαυτῷ
1722 634 1789 685 τὰ
1890 632 2064 696 jicere
2095 633 2300 685 omnia.
2335 652 2351 683 ι

226 724 423 772 πάντα.
464 736 483 768 ι

824 846 1075 899 ΚΕΦΛᾹ.
1124 850 1193 898 Δ’.

303 1000 318 1030 ι
374 984 556 1043 Ὥστε,
595 981 813 1049 ἀδελφοί
846 1000 949 1051 μου
987 983 1259 1049 ἀγαπητοὶ
1309 984 1403 1036 καὶ⁵
1448 986 1787 1055 ἐπιπόθητοι,

223 1073 364 1140 χαρὰ
398 1075 493 1124 καὶ
523 1072 783 1138 στέφανός
819 1090 941 1140 μου.
984 1090 1003 1121 ι

294 1162 460 1215 Πάλιν
505 1163 800 1228 ἀναγκαῖον
828 1163 1012 1223 αὐτοῖς
1047 1161 1218 1227 λέγει,
1262 1163 1321 1215 τὸ
1369 1167 1650 1234 μιμεῖσθαι
1695 1169 1790 1220 αὖ-

222 1250 333 1314 τὸν,
366 1249 459 1302 καὶ
487 1249 684 1300 εἰδέναι
710 1248 793 1310 τίς
816 1246 959 1300 οὓτω
988 1252 1279 1317 περιπατεῖ
1304 1250 1377 1313 ὡς
1414 1254 1594 1315 αὑτός.
1622 1256 1791 1308 Τοῦτο

221 1341 276 1391 δὲ.
305 1339 475 1405 λέγει,
497 1340 594 1407 οὐχ
616 1337 1022 1407 ὑψηλοφρονῶν,
1049 1336 1185 1389 ἀλλὰ
1210 1339 1536 1409 ἀποτρέπων
1562 1344 1659 1411 τῆς
1683 1343 1789 1397 τῶν

221 1429 709 1498 ἑτεροδιδασκαλων
736 1430 1041 1493 συνουσίας,
1072 1430 1283 1492 δεικνὺς
1312 1432 1476 1484 πόσον
1506 1434 1785 1504 ἑκατέρων

220 1520 280 1570 τὸ
317 1520 481 1587 μέσον
524 1520 633 1571 τῶν
673 1537 731 1573 τε
766 1519 1149 1588 πνευματικῶν
1201 1521 1293 1571 καὶ
1341 1521 1449 1572 τῶν
1488 1524 1787 1591 σαρκικῶν.

220 1610 294 1660 Τὸ
340 1610 396 1661 δὲ
446 1610 608 1678 μέσον
638 1610 794 1663 τοῦτο
823 1612 929 1664 ἀπὸ
955 1611 1051 1664 τοῦ
1096 1612 1285 1673 τέλους
1328 1614 1371 1664 ε’
1396 1614 1604 1683 ατέρων
1643 1616 1789 1668 ἐστιν

222 1700 369 1751 ἰδεῖν.
406 1699 527 1751 Τῶν
568 1700 667 1769 μὲν
714 1701 844 1770 γὰρ,
886 1702 1039 1771 φησὶ,
1086 1704 1146 1755 τὸ
1189 1705 1339 1765 τέλος
1369 1704 1644 1757 ἀπώλεια·
1681 1724 1787 1758 των

216 1786 293 1849 δὲ,
325 1788 385 1839 τὸ
412 1789 985 1859 μετασχηματισθῆναι
1019 1792 1106 1843 καλ
1144 1794 1501 1862 συμμόρφους
1532 1794 1786 1860 γενέσθαι

2526 842 2680 899 CAP.
2737 843 2826 895 IV.

1967 976 2131 1030 \Eus.
2169 978 2217 1029 l.
2257 996 2275 1026 ι
2315 978 2517 1046 Itaque,
2559 976 2756 1031 l'ratres
2788 980 2893 1032 mei
2939 979 3255 1032 charissimi
3286 986 3339 1033 et
3367 978 3461 1033 dc-

1892 1067 2303 1130 sideratissiun,
2336 1068 2599 1135 gaudium
2629 1077 2683 1121 et
2710 1082 2913 1121 corona
2946 1084 3087 1121 mea.
3130 1086 3148 1117 ι

1967 1155 2169 1211 lterum
2201 1173 2297 1211 eos
2325 1159 2485 1211 docet
2510 1159 2885 1212 necessarimu
2913 1173 3036 1212 esse
3068 1167 3122 1212 ut
3158 1158 3243 1212 sui
3284 1173 3457 1210 tcum-

1892 1247 2094 1303 latores
2148 1248 2281 1311 siut,
2330 1248 2663 1317 videautque
2711 1248 2839 1317 quis
2890 1263 2956 1302 eo
3004 1263 3113 1316 quo
3149 1264 3265 1317 ipse
3300 1251 3461 1303 modo

1891 1338 2152 1392 ambulet.
2214 1337 2307 1391 Sic
2360 1346 2547 1392 autem
2606 1338 2871 1407 loquitur,
2934 1353 3041 1391 non
3096 1339 3237 1406 quod
3279 1337 3347 1391 de
3402 1352 3462 1390 se

1894 1429 2030 1482 bene
2062 1429 2353 1483 admodum
2401 1429 2709 1491 existimet,
2764 1430 2857 1484 sed
2913 1440 2971 1482 ut
3022 1444 3118 1483 eos
3151 1436 3359 1483 avertat
3391 1428 3462 1480 ab

1890 1520 2145 1572 extraria:
2224 1518 2495 1573 doctrinm
2586 1519 2976 1589 magistrorum
3036 1517 3456 1582 consuetudine,

1889 1610 2183 1663 ostendens
2209 1618 2476 1678 quantum
2518 1609 2662 1663 inter
2710 1624 2770 1663 se
2813 1610 3023 1663 distent
3066 1608 3375 1675 spintualia
3402 1616 3459 1661 et

1889 1697 2150 1749 carnalia.
2192 1697 2356 1766 Atqui
2389 1697 2530 1751 hanc
2562 1696 3029 1766 intercapedinem
3070 1713 3135 1751 ex
3179 1707 3458 1750 utrorum-

1887 1804 1994 1856 que
2026 1787 2131 1842 line
2172 1788 2332 1841 liceat
2379 1788 2698 1843 observare.
2753 1786 2958 1842 Horum
3009 1787 3153 1840 enim
3190 1787 3332 1850 linis,
3376 1786 3459 1839 in-

216 1874 294 1943 τῷ
323 1876 533 1945 σώματι
574 1878 672 1947 τῆς
699 1878 854 1948 δόξης
883 1881 926 1933 Χ
937 1897 1141 1950 ριστου.
1168 1884 1338 1936 Τουτο
1366 1884 1424 1936 δὲ
1454 1884 1584 1936 αὐτὸ
1607 1901 1785 1951 μετα·
1821 1904 1860 1957 Β

1821 1904 1860 1957 Β
1892 1888 2032 1949 quit,
2067 1888 2151 1933 est
2183 1880 2437 1934 interitus
2469 1896 2485 1945 ;
2518 1879 2737 1934 illorum
2784 1894 2935 1941 vero,
2962 1877 3379 1946 trausliguratio
3404 1888 3457 1931 et

216 1966 724 2034 σχηματισθῆγαι,
747 1968 906 2038 ήμῶν
932 1970 1174 2039 δηλονότι
1206 1972 1273 2025 τὰ
1298 1972 1547 2041 σώματα,
1574 1976 1785 2045 ποιήσει

215 2055 451 2123 Χριστὸς
513 2057 601 2110 διὰ
645 2058 703 2110 τὸ
730 2058 1012 2123 δύνασθαι,
1061 2062 1156 2114 καὶ
1190 2062 1367 2115 πάντα
1398 2063 1544 2133 ἔχειν
1588 2065 1786 2118 ὑποτε-

213 2146 495 2216 ταγμὲνω
545 2150 606 2200 τὸ
648 2149 727 2212 δὲ,
778 2149 877 2203 καί
903 2151 941 2216 ἡ
973 2150 1123 2216 δόξα
1158 2152 1228 2205 ἐν
1256 2152 1329 2221 τῇ
1376 2156 1637 2222 αἰσχύνῃ
1683 2158 1789 2209 αὐ·

211 2234 352 2295 τῶν,
390 2236 548 2289 τοῦτο
583 2237 754 2304 δηλοῖ,
786 2238 865 2291 ὅτι
897 2240 992 2293 ἐπὶ
1031 2240 1243 2304 τούτοις
1289 2242 1431 2311 μέγα
1478 2244 1786 2313 φρονοῦσιν,

212 2324 298 2391 ἐφ’
324 2318 406 2387 οἷς
442 2326 637 2387 αὐτοὺς
669 2325 773 2379 ἔδει
801 2327 1171 2397 αἰσχύνεσθαι.
1220 2332 1401 2385 Πάντα
1428 2332 1537 2402 γὰρ
1582 2334 1647 2386 τά
1685 2337 1783 2402 τῆ..

211 2414 440 2476 κοιλίας,
465 2414 689 2484 αἰσχύνη
715 2417 808 2469 καὶ
841 2417 1033 2487 φθορά.

286 2624 305 2655 ‹
356 2607 513 2659 Οὖτω
550 2609 775 2676 στήκετε
814 2611 871 2662 ὲν
905 2610 1112 2680 Κυρίῳ,
1140 2614 1431 2681 ἀγαπητοί.
1483 2634 1501 2665 ι

281 2694 458 2758 Οὕτω,
497 2696 654 2761 πῶς’;
702 2698 776 2760 ὡς
823 2700 1243 2768 ἀπεκδεχόμενοι
1284 2704 1343 2766 ἐξ
1388 2705 1630 2773 οὐρανῶν
1677 2707 1786 2758 Σω-

208 2786 354 2855 τῆρα
382 2786 475 2838 τὸν
521 2787 722 2857 Κύριον
764 2789 990 2857 Ἰησοῦν.
1028 2790 1333 2859 Στέφανον
1359 2794 1413 2847 δὲ
1444 2796 1635 2848 ἑαυτοῦ
1662 2799 1785 2859 τοὺς

212 2877 485 2945 μαθητὰς,
514 2879 666 2945 φησι,
696 2877 785 2930 διά
806 2895 886 2931 τοι
914 2878 1022 2933 τῶν
1052 2883 1329 2949 στεφάνων
1355 2884 1506 2953 α.)τῷ
1543 2886 1785 2953 γίνεσθαι

214 2967 485 3035 πρόξενον
512 2967 611 3036 τὴν
647 2968 888 3038 ὲπακοὴν
916 2969 1095 3024 αὐτῶν
1120 2972 1218 3042 τὴν
1257 2975 1337 3036 είς
1365 2975 1426 3027 τὸ
1454 2976 1735 3047 κήρυγμα.

286 3074 306 3108 ι
353 3058 594 3110 Εὑωδίαν
626 3060 946 3127 παρακαλῶ,
974 3064 1065 3115 καὶ
1090 3064 1364 3134 Συντύχην
1392 3070 1694 3138 παρακαλῶ
1725 3073 1786 3123 ab

208 3148 343 3201 αὐτὸ
374 3152 591 3218 φρονεῖν
624 3151 683 3202 ὲν
732 3151 941 3220 Κυρίῳ.
983 3153 1091 3206 Nai.
1119 3155 1307 3225 ἐρωτῶ
1332 3157 1425 3209 καὶ
1462 3159 1545 3222 σὲ,
1583 3159 1779 3229 σύζυγε

205 3239 423 3308 γνήσιε,
458 3239 833 3308 συλλαμϐάνοι)
864 3242 1070 3306 αὑταῖς,
1113 3246 1316 3308 αἵτινες
1349 3248 1406 3299 ὲν
1435 3247 1514 3317 τῷ
1545 3249 1786 3319 Εύαγγε-

206 3328 308 3396 λίῳ
345 3329 687 3397 συνήθλησάν
725 3348 833 3399 μοι,
871 3333 1010 3400 μετὰ
1042 3335 1139 3387 καὶ
1185 3335 1519 3407 Κλήμεντος,
1553 3342 1647 3393 καὶ
1675 3342 1784 3393 τῶν

206 3418 415 3470 λοιπῶν
446 3421 719 3490 συνεργῶν
756 3439 879 3491 μου.

284 3507 469 3562 Εἰπὼν
513 3510 571 3560 ἑν
610 3509 687 3579 τῷ
718 3512 933 3583 καθόλῳ
963 3516 1328 3586 παράκλησιν,
1370 3520 1463 3573 καὶ
1494 3524 1613 3575 κατ’
1643 3518 1783 3585 εἶδος

206 3598 381 3668 αὐτὴν
411 3601 708 3671 προσφέρει
737 3605 827 3656 ἐπὶ
854 3607 963 3656 τῶν
992 3607 1196 3676 ἐξόχων
1232 3611 1290 3661 ὲν
1335 3613 1399 3681 τῇ
1434 3614 1649 3666 πίστει·
1686 3616 1780 3667 καὶ

203 3687 369 3741 τοῦτο
392 3688 552 3759 δῆλον
584 3692 647 3745 ὲκ
678 3693 771 3745 τοῦ
802 3695 1118 3763 ἐπενεγκεῖν
1148 3701 1312 3754 αὐτόν
1341 3718 1353 3731 ·
1380 3705 1605 3769 Uir/rec
1636 3721 1781 3757 συν-

204 3778 494 3847 ήθλησάν
524 3798 627 3848 μοι
654 3782 725 3833 ἐν
766 3784 845 3853 τῷ
873 3787 1235 3856 Εὐατγελίῳ.

280 3871 441 3934 Τινὲς
488 3872 585 3942 τὴν
615 3877 849 3941 γυναῖκά
896 3896 1058 3946 φασιν
1089 3883 1252 3935 αὑτοῦ
1306 3886 1646 3955 παρακαλεῖν
1697 3890 1781 3937 ὲν-

202 3960 407 4014 ταῦθα.
452 3963 593 4016 Ἀλλ’
627 3966 727 4019 οὐκ
779 3967 945 4022 ἐστιν.
981 3969 1116 4023 ἀλλά
1148 3989 1269 4027 τινα
1315 3979 1568 4042 γυναῖκα,
1605 3979 1636 4046 ἢ
1689 3980 1779 4029 καὶ

203 4053 380 4122 ἄνδρα
416 4056 546 4123 μιᾶς
578 4057 777 4111 αὐτῶν.
1280 4126 1291 4136 .

289 4162 308 4195 ι
358 4138 459 4196 Ὧν
491 4145 827 4216 τὰσόνόματα
862 4152 920 4202 ὲν
951 4150 1118 4221 βίϐλῳ
1150 4153 1313 4224 ζωῆς.
1368 4175 1386 4207 ι

279 4234 452 4288 Τοῦτο
500 4238 719 4307 εἴρηκεν
767 4240 830 4291 ὲκ
864 4240 957 4293 τοῦ
1013 4243 1218 4311 Κυρίου
1267 4244 1488 4314 μαθών·
1539 4249 1778 4314 Χαίρετε

202 4324 340 4391 γὰρ,
380 4326 567 4395 φησὶν,
607 4327 694 4381 ὅτι
718 4330 788 4383 τὰ
813 4330 1071 4399 ὀνόματα
1110 4332 1275 4402 ὑμῶν
1302 4334 1687 4405 ἐγγέγραπται
1711 4340 1780 4390 ἐν

205 4430 332 4478 τοις
380 4415 675 4481 οὐρανοῖς.

283 4523 302 4555 ι
354 4507 589 4577 Χαίρετε
616 4510 672 4561 ὲν
704 4510 894 4580 Κυρίῳ
926 4512 1177 4568 πάντοτε.
1231 4533 1249 4565 ι

278 4597 403 4649 Κᾶν
443 4599 501 4649 ὲν
527 4598 768 4669 δεσμοῖς,
798 4604 982 4670 φησιν.
1016 4604 1251 4673 ἀκούητε
1296 4608 1389 4659 τὸν
1432 4607 1774 4674 διδάσκαλον,

206 4687 310 4738 κᾶν
334 4688 393 4738 ἰν
426 4689 697 4755 μάστιξιν,
731 4690 833 4743 κᾶν
864 4693 922 4743 ὲν
952 4693 1100 4762 αύτῷ
1128 4694 1361 4766 θανάτῳ,
1395 4699 1491 4751 καὶ
1519 4700 1581 4751 οὐ
1617 4703 1776 4769 μόνον

202 4778 298 4828 ἐπὶ
334 4777 445 4829 τῶν
480 4778 819 4834 διδασκάλων
844 4782 945 4848 δεῖ,
977 4784 1111 4838 ἀλλὰ
1149 4787 1243 4838 καὶ
1272 4788 1426 4841 αὐτοὶ
1470 4789 1642 4843 ταῦτα
1689 4792 1775 4842 διὰ

201 4868 445 4936 >.ριστὸν
482 4869 807 4939 πάσχοιμεν.

281 4974 301 5005 ι
352 4956 519 5008 Πάλιν
540 4958 669 5026 ὲρῶ,
694 4959 947 5028 Χαίρετε,
964 4960 1025 5013 τὺ
1043 4964 1278 5026 ἐπιεικὲς
1304 4965 1456 5034 ὑμῶν
1482 4968 1776 5036 γνωσθήτω

200 5049 376 5099 πᾶσιν
405 5047 729 5117 ἀνθρώποις.
774 5070 792 5103 ι

275 5137 580 5205 Μονονουχὶ
622 5140 1054 5215 διαμαρτύρεται
1088 5147 1293 5211 αὐτοῖς,
1321 5150 1395 5212 ὡς
1439 5151 1498 5201 ού
1536 5150 1617 5203 δεῖ
1645 5153 1774 5203 ἀθυ-

203 5229 357 5297 μεῖν,
394 5228 531 5280 άλλα
564 5231 793 5301 χαίρειν.

282 5337 304 5369 ι
370 5318 429 5371 '0
460 5320 662 5390 Κύριος
690 5322 853 5390 ἐγγύς
879 5340 893 5354 ·
928 5327 1096 5397 μηδὲν
1129 5334 1452 5399 μεριμνᾶτε.
1509 5350 1525 5384 ι

275 5496 371 5564 Μὴ
408 5494 720 5567 θορυόείτω,
758 5506 943 5573 φησιν,
982 5506 1124 5575 ὑμᾶς
1171 5509 1233 5560 τέι
1270 5511 1387 5561 κατ’
1419 5511 1536 5579 ἐμέ.
1586 5511 1641 5557 ’0
1673 5512 1777 5580 γὰρ

200 5587 416 5658 Κύριός
455 5606 545 5655 μοι
576 5593 861 5661 παρέσται.

255 5761 303 5790 ⁸³
344 5758 539 5815 Matth.
575 5779 627 5819 \'.
660 5766 742 5818 12.

1890 1969 2253 2023 conformatio
2287 1984 2412 2023 cum
2449 1983 2679 2038 corpore
2721 1969 2909 2037 gloriae
2932 1967 3167 2021 Christi.
3200 1968 3288 2020 Ait
3328 1981 3456 2019 vero

1889 2061 2221 2128 reformaln’t,
2266 2062 2370 2115 hoc
2419 2070 2528 2119 est.
2559 2076 2791 2130 corpora
2830 2069 3022 2115 nostra
3053 2060 3311 2114 Christus
3343 2056 3456 2126 glo-

1890 2151 1967 2204 ria
2001 2153 2218 2212 vestiet,
2276 2167 2399 2205 cum
2460 2151 2509 2204 id
2563 2152 2746 2205 facere
2793 2159 2989 2221 possit,
3030 2159 3085 2204 et
3132 2148 3317 2202 omnia
3350 2148 3454 2202 sibi

1887 2240 2106 2295 subdita
2135 2242 2352 2297 habeat.
2392 2241 2531 2295 lllud
2565 2256 2720 2305 vero,
2755 2250 2806 2294 et
2842 2242 2950 2310 gtot
2965 2241 3018 2293 ia
3055 2240 3109 2292 in
3148 2239 3456 2307 confusione

1887 2332 2144 2397 ipsorum,
2207 2334 2309 2387 hoc
2360 2334 2638 2402 signiﬁcat
2695 2347 2793 2387 eos
2842 2332 3128 2401 superbire
3161 2331 3214 2384 in
3251 2329 3454 2399 quibus

1883 2422 2211 2476 erubescere
2243 2421 2523 2477 deberent.
2557 2423 2691 2477 Nam
2721 2434 3063 2492 quaecunque
3101 2421 3169 2475 ad
3203 2428 3451 2477 ventrem

1888 2521 2159 2582 spectant,
2186 2513 2468 2582 turpitudo
2493 2522 2548 2567 et
2574 2508 2892 2583 corruptela
2918 2521 3069 2568 sunt.
3192 2522 3193 2525 ‘

1962 2627 1979 2660 ι
2018 2609 2109 2662 Sic
2144 2615 2285 2662 state
2313 2607 2366 2661 in
2402 2606 2659 2671 Domino,
2694 2606 3030 2660 charissimi.
3071 2626 3089 2657 ι

1956 2699 2066 2753 Sic.
2102 2698 2432 2763 Quomodo?
2460 2699 2615 2751 velut
2656 2704 3049 2765 exspectantes
3076 2713 3106 2751 e
3132 2698 3290 2752 caelis
3326 2699 3451 2753 Sal-

1888 2797 2134 2842 vatorem
2168 2795 2420 2842 nostrum
2470 2786 2766 2841 Dominum
2812 2784 3023 2841 Jesum.
3056 2785 3320 2842 Coronam
3352 2804 3453 2842 au-

1887 2889 1993 2934 tem
2022 2879 2333 2948 discipulos
2383 2892 2517 2932 suos
2551 2886 2748 2942 vocat;
2803 2877 3005 2946 quippe
3053 2893 3287 2947 quorum
3321 2894 3449 2949 erga

1884 2968 2330 3036 praedicationem
2375 2970 2609 3022 attentio
2655 2983 2894 3023 coronas
2928 2970 3036 3038 ipsi
3070 2971 3446 3039 praeparabat.

1957 3059 2116 3130 203
2157 3058 2325 3113 Vens.
2346 3060 2403 3121 2,
2437 3061 2491 3113 5.
2525 3077 2542 3110 ι
2577 3058 2839 3113 Evodiam
2863 3074 3016 3130 rogo,
3044 3069 3099 3115 et
3129 3058 3447 3131 Syntychen

1886 3150 2176 3218 deprecor,
2219 3150 2457 3219 idipsum
2491 3163 2685 3218 sapere
2727 3166 2780 3203 in
2819 3150 3068 3205 Domino.
3106 3149 3283 3205 Etiam
3318 3167 3448 3223 rogo

1813 3217 1852 3266 (ἶ
1885 3250 1937 3293 et
1964 3250 2038 3303 te,
2073 3256 2331 3311 germane
2378 3255 2628 3309 compar,
2686 3241 2888 3309 adiuva
2936 3257 3034 3297 eas
3070 3259 3193 3312 quae
3230 3238 3447 3298 mecum

1889 3333 1940 3385 in
1971 3332 2271 3402 Evangelio
2330 3334 2738 3397 laboraverunt,
2775 3345 2828 3387 et
2876 3348 3002 3387 cum
3051 3333 3356 3400 Clemente,
3393 3344 3447 3389 et

1883 3423 2095 3479 emteris
2128 3424 2478 3492 adjutoribus
2511 3424 2665 3477 meis.
2692 3442 2710 3474 ι

1954 3515 2093 3581 Quia
2140 3516 2234 3570 ubi
2292 3516 2598 3585 generatim
2656 3516 2874 3570 locutus
2925 3525 3028 3579 est,
3098 3518 3445 3588 rogationem

1882 3607 2042 3671 dixit,
2076 3608 2218 3662 hanc
2266 3623 2413 3661 nunc
2464 3622 2687 3678 quoque
2730 3617 3023 3678 speetattm
3062 3608 3127 3662 ad
3152 3625 3249 3664 eos
3286 3610 3447 3663 habet

1880 3698 1977 3766 qui
2014 3696 2117 3751 (ide
2150 3698 2343 3751 eximii
2374 3708 2533 3753 erant
2562 3717 2576 3753 :
2635 3700 2850 3768 hocque
2888 3698 3241 3754 manifestum
3273 3701 3353 3765 lit,
3381 3716 3447 3754 eo

1880 3785 2028 3855 quod
2068 3786 2392 3855 subiungat,
2419 3790 2507 3856 qui
2536 3803 2735 3840 mecum
2767 3788 3163 3840 laboraverunt.

1950 3878 2214 3932 Nonnulli
2246 3879 2403 3932 aiunt
2440 3894 2667 3933 uxorem
2710 3880 2835 3947 ejus
2882 3894 3027 3943 esse,
3073 3894 3239 3947 quam
3288 3880 3451 3933 obsc-

1881 3980 2023 4024 cret.
2064 3969 2263 4026 Verum
2311 3970 2414 4023 hoc
2460 3969 2657 4023 falsum
2708 3978 2840 4025 est:
2891 3970 2986 4024 sed
3021 3970 3315 4025 mulierem
3345 3972 3451 4023 ali-

1880 4077 2041 4132 quam
2098 4070 2193 4117 aut
2220 4063 2395 4117 virum
2424 4063 2660 4131 alicujus
2695 4064 2914 4117 illarum
2946 4064 3269 4133 alloquitur.

1955 4177 1972 4208 (
2008 4157 2254 4223 Quorum
2291 4158 2514 4213 nomina
2540 4166 2671 4213 sunt
2702 4160 2755 4212 in
2800 4159 2942 4213 libro
2978 4161 3124 4213 vitae.
3162 4179 3181 4212 ι

1951 4249 2065 4305 lloc
2091 4251 2253 4311 dixit,
2290 4250 2521 4305 edoctus
2553 4266 2583 4305 a
2633 4251 2879 4311 Christo,
2912 4254 3005 4319 qui
3048 4252 3168 4305 ait:
3214 4252 3448 4308 Gaudete

1877 4342 2128 4408 quoniam
2158 4342 2374 4394 nomina
2404 4351 2575 4395 vestra
2605 4342 2805 4408 scripta
2837 4350 2958 4395 sum
2992 4344 3046 4395 in
3078 4344 3218 4397 caelis
3251 4345 3315 4398 “.

1954 4516 2122 4571 Vens.
2148 4517 2202 4578 4,
2234 4517 2315 4571 5.(
2346 4515 2589 4571 Gaudete
2623 4516 2677 4570 in
2708 4515 2935 4571 Domino
2964 4532 3202 4587 semper.
3238 4538 3257 4570 ι

1950 4608 2191 4662 Tametsi
2227 4606 2573 4676 magistrum,
2609 4607 2815 4676 inquit,
2845 4609 3152 4678 constringi
3188 4610 3443 4671 vinculis,

1887 4700 2105 4754 tametsi
2150 4697 2335 4767 ﬂagris
2360 4699 2665 4761 verberari,
2694 4697 2912 4752 tametsi
2948 4699 3185 4752 tolerare
3214 4711 3442 4755 mortem

1881 4791 2154 4853 audiatis;
2186 4790 2295 4842 imo
2322 4787 2575 4857 quamvis
2610 4803 2715 4841 nou
2748 4788 2926 4841 solum
2954 4789 3222 4858 magistri.
3255 4806 3439 4843 verum

1880 4892 1936 4935 et
1966 4900 2068 4937 nos
2095 4882 2201 4947 ipsi
2234 4882 2425 4935 eadem
2454 4880 2662 4935 Christi
2697 4896 2864 4935 causa
2896 4890 3229 4950 pateremur.

1958 4989 1975 5019 ι
2012 4970 2213 5024 lterum
2253 4970 2401 5031 dico,
2424 4970 2676 5040 gaudete.
2709 4970 2971 5026 Modestia
3007 4981 3187 5027 vestra
3220 4982 3348 5029 nota
3372 4978 3444 5029 sit

1881 5063 2141 5116 omnibus
2178 5061 2519 5114 hominibus.
2558 5080 2575 5109 ι

1953 5152 2070 5204 Non
2104 5151 2283 5204 solum
2315 5152 2627 5205 obtestatur
2659 5165 2753 5205 eos
2788 5167 2857 5206 ne
2894 5154 3276 5223 despondeant
3322 5157 3443 5210 aui-

1883 5256 2055 5301 mum,
2098 5240 2193 5294 sed
2220 5240 2385 5295 etiam
2420 5240 2795 5309 utgaudeant.

1958 5350 1975 5381 ι
2016 5331 2284 5385 Dominus
2335 5345 2505 5401 prope
2551 5340 2657 5386 est.
2685 5331 2875 5403 [νειις.
2910 5334 2966 5398 ε,
3011 5334 3090 5406 7.]
3124 5335 3271 5391 Filiil
3298 5339 3444 5392 solli-

1877 5421 1970 5475 citi
2006 5421 2149 5475 sitis.
2192 5441 2212 5473 ι

1952 5512 2069 5566 Νοιι
2097 5528 2197 5567 vos
2226 5513 2473 5578 turbent,
2512 5515 2715 5581 inquit.
2747 5531 2871 5585 quae
2923 5518 3056 5571 mihi
3093 5518 3439 5573 acciderunt.

1882 5604 2065 5657 Adezit
2102 5603 2301 5672 quippe
2335 5602 2466 5656 mihi
2500 5602 2788 5657 Dominus.
