4218 6448
791 445 891 508 ἱῖἶξ)

1937 447 1976 503 S
2031 445 2350 506 JOANVIS
2385 445 2807 504 DAMASCENI

3924 450 4025 510 830

863 574 881 604 ι
917 553 1026 606 Sed
1078 553 1312 606 inomni
1360 552 1611 607 oratione
1661 560 1712 607 ct
1745 553 2142 608 'obsecratione
2224 567 2348 605 ciini
2381 561 2421 611 Α
2528 585 2529 590 η

2381 561 2421 611 Α
2528 571 2545 602 i
2613 553 2750 605 Ἀλλ’
2784 555 2843 605 ὲν
2882 554 3044 606 παντὶ
3095 556 3162 623 τῇ
3220 555 3523 624 προσευχῇ,
3579 555 3673 607 καὶ
3721 559 3788 626 τῇ
3841 557 4019 626 δεήσει

788 645 1085 712 gratiarum
1147 645 1388 705 actione,
1425 645 1720 713 petitiones
1749 653 1950 700 vestra:
2000 647 2354 698 innotescaiit

788 735 930 804 .ipud
958 735 1167 788 Deum:
1216 744 1272 788 et
1309 751 1412 804 pax
1470 737 1561 790 Dei
1605 752 1728 806 qua:
1782 746 2081 805 exsuperat
2127 750 2350 789 omnem

787 842 1034 878 sensum.
1079 845 1097 875 ι
1186 816 1193 822 ’

856 915 1128 980 Quoniam
1164 915 1302 971 nihil
1333 931 1430 972 eos
1464 917 1740 973 sollicitos
1788 933 1914 973 esse
1955 919 2156 973 debere
2194 918 2353 972 dixe-

790 1015 894 1067 rat,
929 1022 998 1060 ne
1026 1006 1385 1062 conciderent
1435 1023 1641 1070 animo,
1694 1009 2079 1064 existimantes
2133 1010 2235 1062 hoc
2263 1023 2356 1078 ge-

790 1098 1024 1149 neratim
1058 1111 1087 1149 a
1112 1112 1172 1152 se
1200 1105 1645 1166 pronuntiatum,
1680 1114 1801 1153 eain
1830 1099 1900 1153 ob
1926 1115 2044 1154 rem
2081 1099 2198 1153 ait:
2237 1099 2354 1154 Mo-

790 1186 882 1237 nui
912 1199 1008 1238 vos
1038 1201 1106 1239 ne
1145 1185 1372 1240 solliciti
1423 1187 1552 1242 sitis
1600 1188 1672 1242 ob
1698 1189 1915 1242 vincula
1963 1188 2170 1259 quibus
2215 1189 2356 1244 deti-

789 1287 949 1338 neor,
979 1281 1243 1342 tanquam
1280 1274 1492 1342 aliquid
1526 1276 1725 1330 exinde
1763 1277 1975 1330 doloris
2023 1277 2222 1344 patiar.
2251 1275 2354 1331 Ne-

787 1376 1066 1431 quaquam
1097 1363 1243 1416 enim
1281 1363 1398 1418 haec
1440 1365 1573 1419 mihi
1614 1366 1848 1420 molesta
1901 1374 2032 1422 sunt
2059 1376 2114 1420 et
2142 1367 2351 1436 gravia.

788 1451 990 1506 Verum
1019 1461 1258 1521 oportet,
1292 1455 1496 1524 inquit,
1534 1465 1592 1508 ut
1631 1456 1865 1510 orationi
1896 1465 1951 1510 et
1980 1456 2350 1510 obsecrationi

789 1542 935 1610 apud
993 1541 1163 1596 Deum
1218 1545 1538 1615 diligentius
1593 1547 1791 1601 intenti
1837 1548 1984 1604 sitis.
2033 1547 2168 1602 Nam
2226 1565 2352 1602 cuni

789 1633 1090 1700 gratiarum
1155 1635 1467 1688 actionibus
1533 1636 1852 1692 exorandus
1910 1638 2054 1692 Deus
2095 1647 2204 1701 est,
2248 1653 2352 1691 non

788 1721 1002 1788 ilejecto
1030 1722 1380 1790 torpentique
1404 1723 1615 1778 animo.

863 1829 882 1860 ι
917 1811 1204 1865 (ἶιιειοόίοι
1255 1813 1422 1866 corda
1484 1821 1668 1869 vestra
1706 1824 1760 1869 et
1823 1815 2213 1886 intelligentias
2261 1833 2351 1872 ve-

789 1911 934 1955 stras
961 1901 1012 1953 iii
1050 1902 1274 1956 Christo
1305 1902 1434 1957 Jesu
1502 1924 1520 1955 ι

859 1989 1059 2042 lterum
1111 1999 1383 2058 piecatur,
1450 1999 1509 2045 ut
1574 1994 1829 2049 eamdem
1884 1994 2043 2049 [idem
2115 2003 2352 2050 teneant.

793 2076 904 2130 Iloc
938 2087 1022 2132 est
1053 2080 1201 2132 eiiiin
1257 2080 1432 2134 corda
1469 2090 1526 2135 et
1567 2083 1970 2154 intelligentias
2009 2087 2254 2152 ipsorum
2301 2087 2357 2140 in

787 2170 1012 2224 Christo
1042 2173 1268 2227 iiiuniri.

859 2261 1027 2316 Vriis.
1062 2262 1115 2326 8,
1146 2264 1200 2316 9.
1261 2282 1280 2314 ι
1322 2264 1396 2318 De
1444 2272 1667 2330 caetero,
1722 2265 1949 2329 fratres,
2009 2283 2357 2337 qiiaaciinque

788 2361 922 2408 sunt
952 2369 1108 2419 vera,
1157 2370 1509 2426 quacunque
1547 2356 1766 2426 pudica,
1813 2373 2158 2428 quaecunque
2181 2360 2356 2428 justa,

788 2459 1128 2516 quaecunque
1150 2455 1327 2508 casta,
1343 2462 1685 2516 quaecunque
1708 2449 1989 2514 amabilia,
2020 2466 2231 2518 quaecui
2255 2467 2358 2519 que

790 2534 947 2588 bona:
983 2534 1174 2600 famae;
1201 2535 1247 2590 si
1282 2549 1388 2606 qua
1418 2538 1614 2598 virtiis,
1642 2539 1686 2592 si
1726 2553 1832 2606 qua
1866 2538 1988 2594 laus
2024 2540 2354 2610 disciplinae,

789 2627 905 2680 haac
938 2626 1196 2696 cogitate.
1239 2626 1374 2693 Quae
1423 2637 1477 2682 et
1525 2629 1826 2694 didicistis,
1868 2638 1925 2685 et
1957 2633 2277 2702 accepistis,
2303 2641 2358 2688 et

789 2718 1044 2771 audistis.
1083 2737 1102 2768 ι

863 2810 1162 2879 Apostolus
1217 2825 1320 2863 nos
1369 2811 1531 2866 docet
1597 2813 1758 2867 ﬁdem
1811 2813 1866 2867 in
1918 2814 2195 2869 Christum
2235 2829 2360 2870 esse

788 2910 951 2968 caput
977 2901 1157 2955 omnis
1188 2901 1320 2955 boni
1358 2904 1502 2971 quod
1545 2904 1704 2959 nobis
1752 2905 1990 2970 accidat,
2043 2915 2352 2975 eaeteraqiie

789 2990 1058 3044 virtutum
1117 2989 1366 3046 faeinora
1420 2994 1572 3049 velut
1624 2995 1879 3064 exiguum
1928 2995 2206 3066 quoddam
2232 3011 2359 3066 erga

791 3080 937 3133 illam
974 3080 1264 3136 exsistere.
1309 3080 1549 3138 Perinde
1596 3095 1681 3139 est
1717 3087 1884 3152 igitur
1912 3101 1976 3140 ae
2005 3103 2051 3142 si
2101 3087 2311 3142 diceret
2343 3131 2356 3142 .

2459 651 2596 713 μετά
2644 646 2994 716 εὖχαριστιας
3043 648 3110 698 τὰ
3158 648 3434 716 αἰτηματα
3481 646 3634 717 υμῶν
3675 649 4022 717 γνωριζέσθω

2456 732 2593 802 πρὸς
2620 734 2712 787 τὸν
2739 734 2902 787 Θεόν·
2950 737 3040 786 καῖ
3079 737 3266 805 ε’ρήνη
3298 735 3393 788 τοῦ
3434 735 3566 788 Οεοῦ
3597 740 3630 806 ὴ
3679 737 4022 806 ὑπερέχουσα

2456 839 2636 875 παντα
2670 841 2815 878 νουν.
2869 843 2888 875 ι

2538 914 2754 983 Ἐπειδὴ
2809 915 2975 985 μηδὲν
3031 918 3300 986 μεριμνᾷν
3352 916 3411 970 α’
3483 919 3505 968 ἴ
3583 914 3759 979 εἷπεν,
3813 917 3902 968 ἵνα
3947 916 4022 986 μὴ

2458 1004 2792 1067 ἁναπὲσωσι,
2822 1005 3144 1074 νομίσαντες
3185 1007 3351 1058 αὑτὸν
3393 1009 3450 1059 ὲν
3499 1006 3578 1077 τῷ
3608 1005 3839 1060 καθολου
3868 1005 4024 1058 τοῦτο

2455 1098 2868 1166 ἀποφήνασθαιο
2907 1099 3109 1150 Τούτου
3159 1100 3339 1168 χάριν,
3373 1099 3558 1167 φησὶν,
3613 1092 3767 1149 εἶπον
3812 1096 3888 1166 μὴ
3927 1113 4023 1166 με·

2460 1205 2656 1258 ριμνᾳν
2697 1190 2756 1240 ὲν
2801 1192 2915 1252 τοῖς
2970 1190 3101 1260 περὶ
3155 1188 3290 1258 ἐμοῦ
3332 1189 3572 1258 δεσμοῖς,
3626 1187 3704 1252 ὡς
3751 1187 3924 1240 δεινόν
3969 1202 4023 1239 τι

2457 1278 2758 1346 πάσχοντος
2791 1279 2850 1344 ἐξ
2881 1277 3082 1331 αὐτῶν.
3115 1279 3189 1330 Οὐ
3229 1295 3339 1348 γαρ
3386 1279 3494 1330 εἱσι
3533 1278 3714 1332 δεινά·
3757 1276 3893 1330 ἀλλὰ
3931 1293 4026 1345 με-

2457 1370 2707 1437 ριμνᾶτε,
2758 1370 2945 1436 φησὶν,
2976 1371 3035 1422 ὲν
3063 1371 3128 1439 τῇ
3160 1371 3458 1439 προσευχῇ,
3502 1368 3599 1422 καὶ
3635 1372 3701 1440 τῇ
3742 1369 3926 1441 δεήσει
3954 1370 4021 1435 ’ᾗ

2457 1461 2591 1525 πρὸς
2641 1461 2734 1512 τὸν
2776 1461 2930 1514 Θεόν.
2984 1461 3165 1512 Δίτεῖν
3195 1461 3303 1529 γὰρ
3351 1462 3443 1513 τὸν
3484 1461 3617 1513 Οεδν
3650 1462 3751 1522 δεῖ,
3797 1477 3970 1528 ευχαρ
3996 1487 4022 1501 ο

2456 1550 2733 1611 στοῦντας,
2764 1551 2864 1602 οὐκ
2893 1551 3259 1612 ἀθυμοῦντας,
3294 1551 3414 1603 οὐδὲ
3448 1550 3810 1620 ἀκηδιῶντας.

2530 1830 2548 1862 i
2602 1813 2909 1882 Φρουρήσει
2945 1811 3045 1871 τὰς
3073 1810 3300 1878 καρδίας
3324 1809 3499 1878 ὑμῶν,
3539 1809 3638 1862 καὶ
3677 1808 3748 1862 τὰ
3773 1808 4024 1880 νοήματα

2386 1891 2427 1944 Β
2459 1899 2613 1970 ὑμῶν
2645 1901 2702 1953 ιν
2731 1898 2952 1969 Χριστῷ
3006 1896 3184 1970 ιησοῦ.
3228 1917 3247 1950 ι

2528 1992 2699 2046 Πάλιν
2751 1993 2937 2054 αυτοῖς
2969 1991 3033 2042 τὸ
3076 1991 3222 2060 ὁμὸπ
3248 2007 3373 2043 στον
3416 1988 3636 2058 εὔχεται
3711 1986 3885 2040 Τοῦτο
3918 1988 4028 2056 γάρ

2457 2086 2570 2137 ἐστι
2616 2084 2678 2137 τὸ
2724 2083 3100 2154 φρουρηθῆναι
3147 2084 3249 2146 τὰς
3296 2082 3523 2154 καρδίας
3574 2080 3778 2146 αὐτῶν,
3813 2081 3912 2134 καὶ
3957 2083 4025 2132 τα

2456 2178 2702 2246 νοήματα
2739 2175 2797 2227 ὲν
2826 2175 3047 2245 Χριστῷ

2531 2286 2549 2319 ι
2589 2267 2663 2320 Τὸ
2693 2266 2896 2332 λοιπὸν,
2914 2267 3154 2336 ἀδελφοὶ,
3177 2268 3276 2320 ὅσα
3297 2269 3446 2322 ἐστὶν
3473 2267 3673 2338 ἀληθῆ,
3703 2266 3804 2319 ὅσα
3829 2265 4027 2335 σεμνὰ,

2456 2359 2556 2410 ὅσα
2586 2357 2792 2420 δίκαια,
2823 2359 2925 2412 ὅσα
2955 2359 3117 2426 ἁγνὰ,
3151 2359 3253 2411 ὅσα
3290 2358 3585 2428 προσφιλη,
3633 2359 3734 2411 ὅσα
3782 2355 4030 2426 εὔφημα,

2458 2452 2613 2514 εἴτις
2639 2450 2830 2521 ἀρετὴ,
2864 2452 2959 2504 καὶ
2983 2451 3038 2503 εί
3065 2469 3148 2514 τις
3184 2451 3424 2514 ἔπαινοι,
3449 2468 3624 2505 ταυτα
3648 2448 3954 2518 λογίζεσθε,
3994 2447 4030 2501 ἃ

2458 2543 2552 2594 καὶ
2584 2542 2837 2611 ἐμάθετε,
2870 2543 2966 2595 καὶ
3007 2541 3370 2612 παρελάϐετε,
3405 2543 3499 2596 καὶ
3526 2540 3821 2612 ἠκούσατε.
3863 2559 3884 2592 ι

2543 2804 2811 2875 Ἐδίδαξεν
2842 2806 2988 2874 ἡμᾶς
3016 2807 3045 2857 ὁ
3094 2803 3438 2868 Ἀπόστολος,
3462 2803 3539 2867 ὡς
3571 2803 3783 2874 κεφαλὴ
3828 2797 4034 2868 παντδς

2459 2898 2593 2968 ἡμῖν
2622 2896 2828 2963 ἀγαθον
2879 2898 2914 2966 ἡ
2963 2895 3166 2958 πίστις,
3213 2897 3246 2966 ἡ
3279 2897 3360 2958 είς
3392 2895 3484 2947 τὸν
3530 2894 3788 2965 Χριστὸν,
3821 2895 3921 2948 καὶ
3959 2895 4035 2957 ὡς

2460 2989 2636 3042 πάντα
2682 2987 2751 3040 τὰ
2797 3003 2933 3056 εργα
2973 2985 3043 3039 τὰ
3089 2986 3211 3039 κατ’
3241 2985 3464 3056 ἀρετὴν,
3509 2985 3585 3046 ὡς
3636 2986 3802 3055 μέρος
3843 3002 3900 3038 τι
3949 3003 4038 3054 μισ

2462 3077 2594 3148 κρδν
2643 3077 2765 3130 κατ’
2808 3076 3024 3146 εκείνην
3069 3077 3227 3129 εἰσίν.
3265 3079 3487 3146 Ὅμοιον
3531 3074 3626 3131 οὖν
3671 3076 3807 3130 ὡσεὶ
3843 3075 4033 3144 um-

794 3171 989 3224 habete
1045 3170 1225 3234 Iidem,
1283 3188 1446 3241 quam
1481 3174 1536 3226 in
1569 3175 1727 3230 \obis
1757 3177 2091 3231 incolumem
2151 3178 2356 3232 servari
2387 3208 2434 3268 c

2387 3208 2434 3268 c
2466 3169 2656 3236 Ἔχετε
2685 3168 2785 3237 τὴν
2814 3167 3018 3230 πίστιν,
3040 3169 3105 3237 ἢν
3135 3170 3228 3220 καὶ
3251 3168 3612 3237 φυλάττεσθαι
3643 3171 3700 3221 ἐν
3731 3169 3864 3236 ὑμῖν
3887 3168 4038 3238 εὖχο-

794 3274 1010 3326 precor.
1047 3261 1313 3331 Superest
1353 3275 1537 3318 autem
1573 3275 1632 3320 ut
1663 3267 1830 3320 vitain
1865 3267 1933 3320 ad
1981 3269 2202 3324 virtutis
2232 3285 2359 3323 nor-

793 3366 936 3404 mam
982 3352 1313 3417 institiiatis,
1357 3369 1522 3423 quain
1563 3357 1732 3410 etiam
1775 3361 1968 3411 hortor
1998 3374 2096 3412 vos
2127 3368 2188 3412 ut
2222 3361 2361 3413 arri-

793 3443 986 3511 piatis.
1018 3444 1107 3496 Ait
1135 3446 1343 3513 itaque,
1378 3445 1442 3499 de
1474 3455 1689 3509 cwtero,
1726 3463 1835 3502 non
1883 3451 2028 3517 quod
2059 3465 2252 3518 parum
2288 3451 2362 3505 sit

791 3534 925 3588 dare
977 3549 1198 3605 operam
1260 3534 1451 3590 virtuti
1512 3539 1648 3606 (hoe
1697 3539 1841 3593 enim
1905 3555 2162 3611 inagiiuiii
2213 3543 2358 3611 est),

793 3622 956 3693 204
985 3624 1080 3678 sed
1113 3625 1241 3693 quia
1266 3629 1678 3695 comparatione
1727 3629 1848 3682 ﬁdei
1892 3645 2115 3699 parvum
2157 3639 2263 3697 est,
2297 3647 2361 3686 ac

792 3715 942 3767 velt
997 3717 1296 3784 appendix.
1361 3717 1524 3773 Fides
1581 3719 1856 3788 siquidem
1939 3720 2356 3776 liindainentuin

801 3806 1062 3875 basisqiie
1090 3817 1144 3860 et
1175 3816 1421 3862 tutamen
1476 3821 1581 3870 est,
1616 3809 1739 3864 sine
1763 3823 1872 3878 qua
1908 3810 2046 3864 nihil
2077 3793 2357 3879 quidpiam

793 3899 972 3964 possit
1002 3899 1213 3951 exstrui
1289 3899 1492 3968 quippe
1532 3915 1658 3953 cum
1720 3901 1927 3970 absque
1986 3901 2359 3955 fundamentis

793 3988 1006 4040 nullum
1043 4003 1088 4041 te
1131 3989 1237 4042 ilici
1300 4005 1332 4042 n
1400 3990 1661 4059 nullaque
1693 3989 1889 4047 domus
1937 4001 2224 4047 conSistat.
2268 3992 2358 4046 Fi-

791 4076 891 4131 des
955 4091 1090 4145 ergo
1143 4076 1627 4133 fundamentorum
1675 4088 1856 4134 instar
1915 4092 2003 4136 est
2081 4086 2361 4152 totiusque

791 4169 990 4223 domus
1016 4175 1312 4224 structura:
1339 4187 1352 4200 ο
1411 4185 1440 4222 a
1479 4170 1660 4226 tiones
1691 4186 1829 4226 vero
1859 4173 2154 4236 virtutum,
2207 4181 2356 4228 tecto

793 4259 1004 4313 similes
1045 4267 1194 4321 sunt,
1248 4275 1360 4328 quo
1412 4260 1702 4316 aedilicium
1753 4276 1917 4318 omne
1971 4263 2215 4319 claiiditu
2252 4307 2268 4329 ,
2306 4275 2360 4320 et

793 4347 961 4400 veluti
1001 4355 1317 4400 coronatur.

860 4455 879 4486 ‹
927 4436 992 4488 lat
1019 4434 1236 4491 vidistis
1266 4437 1322 4491 iit
1364 4453 1470 4492 me.
1511 4457 1532 4489 ›

865 4526 1005 4591 Quia
1055 4527 1266 4581 monuit
1308 4543 1406 4584 eos
1456 4537 1516 4583 ut
1553 4529 1910 4599 multiplicem
1954 4531 2213 4586 virtutem
2247 4547 2362 4586 alll-
2395 4545 2440 4600 ι)

796 4618 1172 4686 plexarentur,
1242 4619 1594 4672 veracitatem
1681 4619 1964 4684 nimirum,
2040 4633 2362 4690 gravitatem

799 4722 1034 4774 niorum,
1065 4707 1357 4776 justitiam,
1393 4709 1721 4774 castitatem,
1766 4709 2063 4766 fraternam
2111 4712 2363 4766 dilectio-

799 4815 946 4861 nem,
1020 4798 1479 4864 bcnedicentiam,
1529 4808 1585 4854 et
1637 4803 1821 4854 omnia
1881 4801 2084 4870 quibus
2147 4811 2364 4856 constat

802 4892 997 4952 virtus,
1049 4904 1171 4958 qua:
1201 4887 1400 4942 famam
1454 4889 1651 4943 bonam
1685 4889 1954 4955 all'erunt;
1996 4906 2120 4945 cum
2171 4892 2364 4945 lioruin

799 4980 1047 5032 omnium
1108 4977 1381 5033 sollicitos
1460 4993 1584 5032 esse
1646 4981 1939 5044 monuerit,
1993 4996 2061 5034 ne
2117 4980 2368 5034 videatur

801 5069 1008 5138 aliquid
1061 5070 1142 5123 eis
1188 5068 1367 5135 majus
1428 5069 1724 5138 praecipere
1755 5084 1918 5138 quam
1973 5070 2188 5139 assequi
2237 5085 2364 5140 pos-

803 5167 953 5223 sent,
983 5158 1309 5212 adhortatur
1333 5172 1432 5212 eos
1463 5165 1521 5210 ut
1545 5157 1612 5210 ad
1641 5160 1952 5228 exemplum
1984 5161 2067 5216 sui
2102 5160 2215 5213 haec
2245 5176 2366 5214 oui-

805 5265 894 5302 iiia
927 5258 1187 5318 praestare
1219 5248 1496 5302 studeant.
1531 5248 1678 5302 Idem
1710 5251 1877 5320 igitur
1914 5259 2000 5305 est
2035 5266 2099 5304 ac
2141 5252 2185 5304 si
2217 5250 2364 5304 dice-

806 5346 935 5390 ret:
989 5335 1064 5390 Ne
1121 5336 1508 5405 despondeatis
1554 5339 1822 5402 animum,
1875 5347 2137 5408 tanquam
2197 5340 2366 5391 ardua

807 5434 1075 5494 przecepta
1113 5426 1225 5480 sint
1269 5433 1323 5480 et
1368 5440 1574 5494 maiora
1607 5441 1770 5495 quam
1820 5435 2082 5496 praestare
2117 5427 2364 5481 valeatis.

806 5515 1108 5568 Audivistis
1135 5516 1281 5568 enim
1310 5516 1569 5569 universa
1599 5517 1714 5571 haec
1751 5533 1838 5571 me
1869 5519 2113 5573 coluisse
2149 5537 2159 5548 ’
2192 5534 2369 5587 neque

807 5610 984 5661 solum
1019 5607 1332 5672 audivistis,
1365 5609 1460 5662 sed
1493 5618 1548 5662 et
1580 5609 1818 5664 vidistis.

877 5715 898 5748 ι
935 5695 1058 5750 ιιιεο
1095 5698 1258 5767 agite,
1294 5707 1345 5751 et
1377 5697 1519 5752 Deus
1553 5701 1706 5768 pacis
1742 5701 1846 5755 erit
1887 5701 2191 5755 vobiscum.
2235 5721 2252 5752 ι

2467 3277 2583 3327 μαι.
2617 3259 2809 3311 Λείπει
2832 3258 2891 3312 δὲ
2917 3257 2998 3311 ἔτι
3028 3259 3156 3328 ὑμῖν
3183 3262 3216 3330 ἡ
3263 3262 3383 3313 κατ’
3417 3261 3620 3330 ἀρετὴν
3650 3259 3922 3323 πολιτεία,
3971 3255 4039 3327 ἦς

2465 3351 2560 3402 καὶ
2601 3350 2924 3419 ἀντέχεσθαι
2954 3352 3097 3420 ὑμᾶς
3139 3350 3410 3420 παραινῶ.
3463 3351 3535 3404 Τὸ
3569 3351 3787 3404 λοιπὸν
3815 3345 3913 3403 οὖν
3957 3349 4038 3400 λέ-

2465 3458 2548 3508 γε,
2598 3442 2696 3510 οὐχ
2739 3442 2822 3494 ὅτι
2862 3443 3060 3512 μικρὸν
3108 3443 3170 3494 τὸ
3214 3443 3335 3494 κατ’
3363 3441 3564 3511 ἀρετὴν
3619 3441 4037 3494 πολιτεύεσθαι·

2469 3531 2612 3601 μέγα
2643 3531 2782 3601 γάρ·
2818 3531 2934 3584 ἀλλ’
2963 3533 3046 3584 ὅτι
3084 3532 3280 3602 μικρὸν
3326 3531 3400 3594 ὡς
3432 3533 3568 3602 πρὸς
3604 3532 3897 3602 σύγκρισιν
3942 3531 4041 3601 τῆς

2465 3621 2723 3682 πίστεως,
2774 3620 2867 3673 καὶ
2913 3619 3250 3689 περίλοιπον.
3304 3621 3362 3672 '0
3403 3621 3512 3690 γὰρ
3539 3619 3808 3689 θεμέλιος,
3860 3620 3958 3673 καὶ
4006 3621 4040 3690 ἡ

2465 3711 2789 3781 ἀσφάλειαὴ
2818 3711 3001 3774 πίστις
3027 3712 3194 3774 ἐστὶν,
3234 3705 3303 3782 ἦς
3347 3711 3481 3764 ἄνευ
3521 3711 3584 3763 οὑ
3625 3708 3852 3762 δυνατὸν
3898 3711 4040 3763 obto-

2464 3800 2768 3869 δομηθηναί
2797 3818 2870 3854 τι.
2913 3801 3067 3854 Ἐπεὶ
3093 3802 3212 3854 ουδὲ
3237 3801 3492 3869 οἰκοδομή
3514 3801 3682 3864 ἐστιν,
3704 3799 3899 3870 ὥσπερ
3922 3799 4041 3853 οὐδὲ

2463 3889 2610 3956 οἶκος
2643 3893 2770 3946 ἄνευ
2801 3893 3084 3962 θεμελίων.
3117 3895 3304 3948 Ἔστιν
3332 3890 3426 3947 οὖν
3454 3896 3486 3963 ή
3516 3895 3613 3963 μὲν
3642 3893 3825 3956 πίστις
3851 3893 3932 3945 τὰ.
3952 3890 4041 3942 θε-

2469 3985 2646 4054 μέλια,
2669 3984 2762 4038 καὶ
2778 3987 2811 4054 ἠ
2827 3985 2921 4036 τοῦ
2947 3985 3143 4048 παντὸς
3168 3984 3318 4038 οἴκου
3349 3984 3627 4053 οἰκοδομὴ,
3648 3983 3704 4034 αι
3721 3983 3778 4036 δὲ
3814 3983 3988 4052 πράξε
4015 3997 4042 4043 ς

2466 4079 2521 4130 αἱ
2552 4078 3107 4147 γατ’ἀρετὴν,ὀρόφῳ
3137 4077 3346 4130 ἐοίκασι
3379 4076 3716 4145 συγκλειοιτι
3756 4077 3856 4130 καὶ
3879 4075 4040 4130 οἱονεὶ

2467 4167 2819 4234 στεφανοῦν-ι
2856 4167 2917 4220 τὸ
2952 4169 3061 4222 πᾶν
3100 4167 3459 4236 οἰκοδόμημα.

2543 4460 2560 4487 ι
2605 4436 2713 4488 Καὶ
2745 4434 2912 4486 εἰδετε
2946 4436 3003 4486 ὲν
3032 4433 3172 4502 ἐμοί.
3234 4449 3252 4481 i

2551 4524 2768 4596 Ἐπειδὴ
2823 4523 3021 4592 πολλῆς
3068 4522 3270 4593 ἀρετῆς
3317 4518 3471 4573 εἶπεν
3511 4521 3860 4601 ἀντέχεσθαι.
3920 4522 4040 4590 ἀλη-

2464 4622 2492 4674 θ
2529 4622 2613 4672 ίαν
2689 4616 3042 4686 σεμνότητος.
3087 4613 3454 4682 δικαιοσύνης,
3503 4613 3726 4678 ἁγνείας
3790 4613 4040 4681 φιλαδελ-

2464 4714 2615 4780 φίας,
2640 4708 2906 4775 εὐλογίας,
2934 4707 3029 4759 καὶ
3061 4705 3282 4757 πάντων
3304 4705 3402 4756 ὅσα
3429 4703 3577 4756 mw‘
3591 4720 3673 4755 σιν
3695 4704 3901 4774 ἀρετὴν
3944 4705 4042 4756 ὅσα

2464 4801 2738 4870 εὐφημίαν
2755 4818 2768 4830 ο
2796 4797 2982 4866 ἐπειδὴ
3005 4795 3207 4849 τούτων
3228 4796 3442 4848 πάντων
3465 4789 3620 4846 εἶπεν
3639 4792 4043 4863 ἐπιμελεῖσθαι,

2468 4893 2553 4945 ἵνα
2592 4891 2666 4960 μὴ
2711 4889 2836 4959 δόξῃ
2889 4886 3110 4958 μείζονα
3158 4882 3233 4939 ὧν
3279 4888 3464 4954 ίσχυον
3511 4886 3684 4935 ποιεῖν
3733 4885 4045 4938 ὲπιτάττειι

2466 4981 2666 5042 αὐτοῖς,
2715 4978 2905 5030 τούτου
2936 4977 3097 5044 χάριν
3151 4974 3238 5041 ἐφ’
3269 4971 3464 5024 ἑαυτοῦ
3511 4973 3592 5032 είς
3639 4970 3700 5022 τὸ
3742 4970 4046 5039 κατορθοῦν

2466 5072 2605 5124 αὐτὰ
2635 5068 2942 5139 παρακαλεῖ
2978 5065 3191 5126 αὐτούς.
3243 5065 3467 5132 Ὅμοιον
3513 5061 3607 5114 οὖν
3654 5062 3731 5121 ὡς
3775 5064 3824 5113 εί
3861 5062 4046 5127 λέγοι·

2469 5162 2583 5214 Ἵνα
2616 5159 2691 5230 μὴ
2740 5157 3095 5227 άκηδιάσητε,
3147 5153 3222 5214 ὡς
3271 5152 3520 5220 μεγάλων
3562 5152 3732 5203 ὅντων
3774 5150 3883 5201 τῶν
3933 5152 4051 5202 ἔπι.

2465 5253 2781 5322 ταγμάτων,
2810 5249 2902 5302 καὶ
2936 5247 3198 5316 μειζόνων
3229 5245 3261 5314 ἢ
3293 5243 3552 5297 δύνασθαι
3585 5241 3909 5311 κατορθοῦν.

2469 5349 2592 5412 ἐμοὶ
2618 5344 2746 5414 γὰρ,
2778 5343 2964 5411 φησὶν,
3001 5341 3216 5394 ἅπαντα
3240 5336 3510 5406 ἠκούσατε
3542 5335 3825 5403 γινόμενα,
3864 5333 3964 5384 καὶ
3991 5334 4049 5382 οὐ

2473 5435 2630 5504 μόνον
2662 5433 2954 5501 ἠκούσατε,
2989 5431 3125 5483 ἀλλὰ
3159 5432 3255 5483 καὶ
3283 5429 3563 5482 τεθέασθε.

2544 5717 2560 5744 ι
2615 5694 2798 5746 Ταῦτα
2829 5696 3120 5761 πράσσετε,
3162 5696 3255 5744 καί
3283 5692 3311 5742 ὁ
3335 5692 3465 5750 Θεὸ,
3505 5693 3602 5761 τ’,ς
3635 5694 3856 5764 εἰρήνης
3885 5693 4054 5745 ἔσται

2476 5784 2591 5854 μεθ’
2629 5784 2799 5853 ὑμῶν.
2859 5803 2878 5834 ι
3762 5799 3764 5801 ’
