4218 6448
235 409 333 472 881

1320 420 1393 478 Ν
1440 419 1674 477 EPIST.
1714 418 1812 477 AD
1850 420 2412 483 PHILIPPENSES.

3361 432 3474 491 882

304 521 581 589 Παραινῶ,
615 524 768 593 φησὶ,
819 530 995 580 ποιεῖν
1041 530 1202 594 αὐτὰ,
1238 531 1425 601 ἐπειδὴ
1456 533 1548 585 καί
1582 532 1782 603 μέγαςε

1838 534 1881 586 Α
1978 527 2179 585 Hortor
2233 547 2350 597 vos,
2407 533 2606 602 inquit,
2661 542 2720 587 ut
2762 533 2875 589 lucc
2920 533 3157 596 faciatis,
3207 536 3467 603 quoniam

233 610 375 679 ὑπὲρ
396 612 578 665 αὐτῶν
598 615 789 683 μισθός
808 632 820 645 ⁸
847 611 1000 681 οὗτος
1024 619 1080 672 δέ
1108 622 1281 685 ἐστιν,
1304 621 1364 675 τὸ
1391 622 1636 677 σύνοικον
1662 623 1805 693 ἔχειν

232 700 323 753 τὸν
354 699 510 754 Θεόν.

313 811 332 841 ι
388 794 623 865 Ἐχάρην
670 797 726 849 δὲ
764 798 822 851 ὲν
871 801 1060 872 Κυρίῳ
1092 803 1367 871 μεγάλως,
1411 806 1493 858 ὅτι
1538 807 1639 877 ἢδη
1674 809 1804 861 ποτὲ

234 881 529 936 ἀνεθάλετε
571 887 632 938 τὸ
677 888 819 958 ὑπὲρ
854 890 985 959 ἐμοῦ
1030 896 1270 961 φρονεῖν,
1313 894 1398 963 ἐφ’
1430 889 1474 963 ᾧ
1507 899 1601 950 καὶ
1641 899 1804 967 ἐφρο-

234 971 373 1021 νεῖτε
396 987 410 1001 ⁸
454 974 768 1043 ἠκαιρεῖσθε
794 978 850 1031 δέ
868 994 882 1007 ·
927 981 1026 1048 οὐχ
1052 983 1134 1034 ὅτι
1162 984 1285 1035 καθ’
1317 985 1606 1056 ὑστέρησιν
1638 987 1801 1054 λέγω.

247 1059 389 1126 Ἐγὼ
418 1062 526 1131 γάρ
551 1063 751 1132 ἔμαθον
791 1069 849 1120 ὲν
886 1064 966 1131 οἷς
1014 1073 1131 1140 εἰμὶ
1161 1074 1443 1145 αὐτάρκης
1473 1074 1633 1131 εἶναι.
1675 1075 1803 1130 Οἶδα

234 1153 329 1204 καὶ
359 1156 768 1221 ταπεινοῦσθαι,
810 1155 927 1213 οἶδα
975 1164 1070 1216 καὶ
1111 1169 1458 1236 περισσεύειν
1504 1171 1564 1221 ὲν
1605 1173 1800 1223 παντί·

233 1243 328 1294 καὶ
374 1245 433 1295 ὲν
480 1248 610 1299 πᾶσι
649 1250 957 1320 μεμύημαι,
1008 1256 1102 1307 καὶ
1150 1258 1508 1327 χορτάζεσθαι
1549 1262 1640 1313 καὶ
1687 1279 1804 1315 πει-

231 1335 349 1401 νᾷν,
380 1337 472 1387 καὶ
504 1342 870 1407 περισσεύειν,
905 1345 997 1396 καὶ
1028 1347 1386 1418 ὑστερεῖσθαι.
1422 1352 1604 1405 Πάντα
1636 1353 1803 1422 ίσχύω

230 1427 287 1477 ἐν
316 1427 393 1496 τῷ
430 1430 807 1498 ἐνδυναμοῦντί
843 1452 909 1503 με
936 1436 1174 1508 Χριστῷ.
1216 1440 1361 1511 Πλὴν
1401 1443 1581 1504 καλῶς
1617 1444 1803 1512 ἐποιή-

232 1534 359 1568 σατε
430 1524 956 1593 συγκοινωνήσαντές
1008 1544 1109 1596 μου
1168 1532 1233 1600 τῇ
1277 1530 1471 1599 θλίψει.
1519 1532 1707 1585 Οἴδατε
1744 1532 1803 1585 δὲ

231 1608 324 1658 καὶ
377 1610 558 1677 ὑμεῖς,
605 1613 981 1684 Φιλιππήσιοι,
1015 1619 1099 1671 ὅτι
1127 1622 1182 1673 ὲν
1230 1623 1371 1692 ἀρχῇ
1420 1622 1515 1675 τοῦ
1561 1624 1804 1690 Εύαγγε-

226 1698 363 1762 λίου,
393 1700 481 1752 ὅτε
516 1700 738 1770 ἐξῆλθον
767 1706 877 1758 ἀπὸ
910 1709 1267 1775 Μακεδονίας,
1295 1714 1519 1783 οὐδεμία
1546 1733 1636 1785 μοι
1676 1717 1801 1769 Ἐκ·-

228 1787 427 1856 κλησία
451 1790 807 1862 ἐκοινώνησεν
838 1798 917 1859 είς
948 1798 1105 1866 λόγον
1130 1801 1327 1865 δόσεως
1351 1806 1445 1857 καὶ
1474 1804 1707 1874 λήψεως,
1747 1808 1797 1860 εί

229 1878 305 1946 μὴ
346 1880 503 1947 ὑμεῖς
536 1882 684 1949 μόνοι
711 1900 723 1912 ·
763 1886 844 1938 ὅτι
871 1904 964 1939 και
1002 1891 1060 1942 ὲν
1086 1890 1474 1964 Θεσσαλονίκῃ,
1502 1897 1596 1948 καὶ
1624 1896 1790 1961 ἅπαξ,

226 1970 322 2022 καὶ
352 1971 435 2033 δὶς
462 1976 541 2035 είς
570 1976 667 2045 τὴν
714 1979 903 2047 χρείαν
946 1996 1048 2049 μου
1078 1982 1389 2052 ἐπέμψατεο
1424 1986 1522 2053 οὐχ
1563 1986 1645 2038 ὅτι
1682 1988 1795 2039 ἐπι·

226 2061 375 2131 ζητῶ
409 2065 497 2116 τὸν
533 2068 748 2137 καρπὸν
788 2071 878 2122 τὸν
919 2072 1284 2137 πλεονάζοντα
1324 2075 1405 2136 είς
1433 2074 1589 2142 λόγον
1618 2076 1789 2145 ὑμῶν.

239 2154 450 2223 ’Λπέχω
479 2156 535 2208 δὲ
563 2160 756 2220 πάντα,
792 2163 887 2214 καὶ
926 2166 1234 2228 περισσεύω
1252 2182 1266 2195 ·
1307 2166 1676 2239 πεπλήρωμαι
1703 2170 1788 2223 δε-

226 2241 456 2311 ξάμενος
487 2248 617 2316 παρ’
665 2248 1053 2322 Ἐπαφροδίτου
1076 2255 1145 2307 τὰ
1176 2257 1304 2327 παρ’
1333 2256 1506 2324 ὑμῶν.
1557 2277 1576 2309 ι

296 2422 433 2492 Περὶ
480 2426 576 2493 τῆς
620 2427 898 2492 διακονίας
937 2424 1005 2500 ἧς
1044 2432 1368 2487 ἀπέστειλαν
1408 2436 1576 2505 αὐτῷ,
1622 2435 1788 2503 λέγει.

231 2509 437 2582 Ἐχάρη
459 2514 535 2576 δὲ,
582 2517 677 2586 οὐχ
704 2519 785 2588 ὅτι
813 2519 1024 2585 ἔλαϐεν,
1048 2521 1165 2575 ἀλλ’
1194 2525 1275 2576 ὃτι
1304 2524 1514 2593 καρπόν
1551 2526 1709 2596 ἔσχον
1741 2532 1791 2581 oi

226 2599 487 2669 μαθηταί.
523 2605 582 2656 lii
615 2608 721 2676 γὰρ
758 2610 786 2660 6
818 2609 1020 2679 Κύριος
1053 2612 1296 2678 διέταξεν
1334 2616 1528 2676 αὐτοὺς
1569 2616 1788 2681 διδόναι,

224 2691 338 2751 πῶς
367 2693 467 2743 οὐκ
491 2693 712 2748 ἐπταιον
736 2698 810 2767 μὴ
833 2699 1096 2767 διδόντες;
1118 2703 1345 2763 Οἰκείως
1365 2704 1457 2756 οῦν
1485 2706 1688 2776 σφόδρα
1710 2708 1787 2770 τὸ,

222 2782 563 2848 ἀνεθάλετε,
588 2782 760 2843 εἶπεν.
797 2792 963 2861 Ἀρχὴ
992 2793 1102 2863 γὰρ
1122 2794 1328 2860 ἀγαθοῦ
1353 2794 1564 2864 καρποῦ
1594 2799 1627 2864 ἡ
1656 2797 1793 2865 πρὸς

222 2873 346 2934 τοὺς
389 2874 742 2941 διδασκάλους
788 2884 1060 2946 κοινωνία,
1106 2883 1293 2953 ὥσπερ
1337 2884 1526 2954 ἀμέλει
1560 2887 1651 2940 καὶ
1695 2904 1794 2956 μα·

221 2965 456 3032 ρασμοῦ,
485 2969 518 3037 ή
547 2968 750 3022 τούτων
789 2971 951 3042 λήθη.

297 3184 314 3215 ι
378 3168 585 3236 Ὀσμὴν
628 3169 878 3237 εὐωδίας,
911 3172 1102 3227 θυσίαν
1129 3174 1345 3246 δεκτήν,
1376 3176 1667 3247 εὐάρεστον
1711 3179 1788 3250 τῷ
1814 3182 1858 3241 C

215 3257 356 3311 Θεῶ.
420 3277 438 3308 ι

288 3348 464 3401 Τοῦτο
488 3350 596 3421 γάρ
622 3352 738 3407 ἐστι
766 3354 827 3408 τὸ
853 3357 1089 3425 παρέχον
1117 3359 1297 3422 αὐτοῖς
1318 3361 1633 3424 εύωδιάξειν
1655 3381 1668 3395 ⁸
1704 3365 1789 3417 νό-

217 3458 318 3508 μον
346 3439 458 3511 γὰρ
501 3442 643 3497 θεῖον
673 3445 992 3515 πληροῦσιν.

292 3549 309 3578 ο
371 3531 430 3582 Ὀ
472 3532 528 3584 δὲ
568 3535 701 3597 θεός
730 3553 831 3605 μου
874 3536 1138 3609 πληρώσῃ
1190 3542 1369 3592 πᾶσαν
1411 3542 1599 3611 χρείαν
1635 3544 1789 3612 ὑμῶν

217 3619 357 3671 κατὰ
383 3620 475 3671 τὸν
516 3619 740 3674 πλοῦτον
769 3624 933 3677 αὑτοῦ
964 3626 1019 3677 ὲν
1048 3625 1193 3695 δόξῃ,
1234 3630 1293 3679 ἐν
1330 3630 1551 3699 Χριστῷ
1587 3632 1783 3698 Ἰησοῦ.

217 3709 306 3778 Τῷ
331 3710 452 3779 Θεῷ
479 3712 572 3763 καὶ
594 3713 766 3784 Πατρὶ
798 3717 829 3784 ἡ
839 3716 954 3783 μῶν
984 3720 1016 3787 ἠ
1052 3718 1177 3782 δόξα
1206 3723 1285 3783 εἰς
1308 3723 1431 3785 τοῦς
1455 3725 1655 3788 αἰῶνας
1680 3728 1787 3778 τῶν

216 3799 450 3852 αἰώνων.
494 3802 687 3871 Ἀμήν.
736 3805 1079 3860 Ἀσπάσασθε
1112 3809 1286 3862 πάντα
1309 3812 1460 3880 ἆγιον
1488 3818 1544 3867 ὲν
1569 3816 1788 3885 Χριστῷ

228 3890 427 3958 Ἰησοῦ.
494 3891 850 3956 Ἀσπάζονται
902 3898 1047 3965 ὑμᾶς
1094 3902 1141 3951 οἱ
1209 3901 1306 3953 σῦν
1366 3903 1490 3972 ἐμοὶ
1534 3905 1783 3975 ἀδελφοί·

214 3981 553 4044 ἀσπάζονται
582 3983 724 4050 ὑμᾶς
759 3986 956 4048 πάντες
982 3989 1032 4038 οἱ
1062 3988 1226 4055 ἅγιοι.
1258 3992 1503 4045 Μάλιστα
1535 3994 1613 4047 δέ.
1657 4014 1674 4044 ι

286 4160 431 4227 Ὅρα
476 4157 575 4226 τῆς
620 4159 893 4222 διακονίας
940 4162 1106 4225 πόσος
1135 4167 1163 4217 6
1195 4166 1406 4233 καρπός
1429 4184 1442 4196 ·
1471 4167 1531 4219 τὸ
1570 4170 1787 4222 πλουτι-

215 4250 417 4317 σθῆναι
439 4249 637 4313 αὐτοὺς
679 4253 737 4304 ἐν
768 4252 893 4323 δόξῃ
922 4254 1159 4323 Χριστοῦ
1186 4270 1200 4285 ·
1236 4255 1354 4325 ἅμα
1375 4256 1431 4308 δὲ
1470 4258 1567 4311 καὶ⁵
1604 4260 1786 4329 ἠρέμα

211 4340 415 4400 αὐτοὺς
455 4340 715 4404 διδάσκει,
747 4342 821 4404 ὡς
850 4343 937 4395 διὰ
966 4344 1027 4396 τὺ
1057 4346 1329 4415 χρήσιμον
1358 4348 1539 4399 αὐτῶν
1566 4350 1786 4401 ἐκέλευ-

211 4448 309 4481 σεν
338 4431 539 4492 αὐτοὺς
561 4432 590 4482 6
614 4432 846 4500 Χριστὸς
874 4437 1147 4488 κοινωνεῖν
1174 4439 1286 4498 τοῖς
1316 4437 1675 4503 διδασκάλοις,
1697 4440 1784 4492 ἵνα

206 4520 321 4569 τῶν
374 4520 763 4587 πνευματικῶν
814 4523 991 4576 αὐτῶν
1034 4525 1431 4593 μεταλάϐωσιν.
1482 4528 1633 4580 Ἐπεὶ
1666 4530 1781 4591 πῶς

205 4610 312 4660 οὐκ
342 4608 575 4677 ἠδύνατο
603 4612 629 4661 6
657 4610 883 4673 τούτους
906 4613 1228 4676 πλουτίζων.
1263 4616 1502 4677 καὶτοὺς
1529 4617 1785 4669 διδασκά-

205 4698 339 4759 λους
387 4698 713 4763 πλουτίσαι;
754 4701 895 4752 Ἀλλ’
932 4704 1214 4773 οἰκονομίᾳ
1258 4705 1416 4756 τοῦτο
1456 4706 1778 4774 πεποίηκεν,

206 4791 298 4840 ἵνα
334 4788 431 4839 καὶ
464 4790 513 4841 οἱ
552 4789 859 4844 διδάσκαλοι
892 4793 965 4861 μὴ
995 4795 1437 4865 κατεπαίρωνται
1467 4796 1577 4848 τῶν
1608 4797 1784 4867 μαθη-

203 4877 341 4936 τῶν.
374 4878 451 4939 ὡς
480 4878 688 4948 δωρεὰν
709 4881 907 4943 αὐτοὺς
929 4882 1324 4946 πλουτίζοντες,
1358 4886 1496 4953 μήτε
1533 4886 1582 4937 oi
1610 4886 1783 4955 μαθη-

201 4969 300 5020 ταὶ
327 4968 641 5038 ἀκηδιῶσιν,
676 4970 751 5032 ὡς
778 4972 863 5023 ἀεὶ
897 4974 955 5023 ὲν
986 4976 1051 5041 τῇ
1080 4973 1188 5025 τῶν
1211 4976 1597 5042 πτωχευόντων
1630 4975 1781 5037 ὄντες

200 5060 387 5123 τάξει,
431 5060 526 5111 καὶ
576 5060 743 5128 μηδὲν
797 5062 1172 5128 μεταδιδόντες
1225 5064 1427 5116 αὐτοῖς.
1478 5067 1574 5118 Διὰ
1625 5066 1782 5118 τοῦτο

200 5153 461 5205 ἀνάδοσιν
486 5153 579 5204 καὶ
612 5154 890 5205 κοινωνίαν
922 5156 1175 5208 ἐκέλευσε
1215 5156 1479 5223 γίνεσθαι,
1516 5160 1563 5211 εί
1596 5160 1687 5211 καὶ
1715 5161 1781 5211 τὰ

200 5244 317 5295 τών
338 5242 672 5295 διδασκάλων
709 5245 1050 5314 άσυγκρίτως
1083 5247 1321 5316 μείζονα.

281 5432 303 5463 ε
347 5416 414 5465 Οἱ
456 5417 520 5467 ὲκ
564 5417 660 5483 τῆς
714 5418 991 5489 Καίσαρος
1014 5421 1210 5481 οἰκίας.
1256 5422 1318 5474 'ﬂ
1350 5422 1507 5491 χάρις
1536 5420 1629 5472 τοῦ
1665 5421 1777 5474 Κυ-

202 5504 330 5571 ρίου
378 5501 554 5571 Ἰησοῦ
576 5504 832 5573 Χριστοῦ.
869 5526 886 5555 ι

278 5591 696 5663 Παραμυθείται
760 5596 963 5665 σφόδρα
1000 5597 1197 5659 αὐτοὺς
1221 5638 1234 5660 ,
1268 5597 1344 5666 τῷ
1391 5599 1471 5660 εἰς
1502 5598 1593 5651 τὸν
1633 5595 1776 5652 οἶκον

274 5766 327 5798 ’⁸
354 5767 491 5821 Luc.
534 5784 583 5831 ι,
608 5770 655 5820 7.

1908 631 2103 687 magna
2148 635 2248 689 pro
2296 624 2376 677 eis
2426 637 2638 678 merces
2670 623 2939 681 redditur.
2979 622 3101 678 llaec
3152 638 3318 694 porro
3351 632 3471 690 est,

1906 722 2015 777 qua
2040 711 2457 765 contubernalis
2490 712 2720 766 habetur
2750 713 2915 769 Deus.

1980 797 2143 854 Vsus.
2183 801 2371 858 10-18.
2411 821 2430 852 ι
2481 800 2714 856 Gavisus
2759 818 2879 857 sum
2930 811 3109 857 autem
3136 804 3195 857 in
3237 802 3471 857 Domino

1904 892 2276 956 vehementer,
2323 893 2584 961 quoniam
2618 893 2836 947 tandem
2884 894 3181 963 aliquando
3216 893 3470 949 reﬂorui-

1902 980 2006 1034 stis
2037 993 2137 1049 pro
2164 996 2249 1035 me
2284 984 2507 1047 sentire,
2551 984 2693 1038 sicut
2722 993 2778 1037 et
2803 985 3126 1039 sentiebatis
3156 1000 3170 1037 :
3211 991 3465 1053 occupati

1905 1078 2085 1123 autem
2130 1073 2318 1125 eratis.
2355 1070 2473 1126 Non
2520 1075 2680 1143 quasi
2722 1083 2947 1143 propter
2987 1075 3273 1143 penuriam
3298 1075 3465 1129 dico:

1902 1173 2006 1228 ego
2056 1160 2203 1214 enim
2252 1162 2532 1227 didici,'in
2582 1165 2784 1233 quibus
2837 1179 2983 1227 sum,
3018 1162 3296 1221 sulliciens
3320 1178 3465 1219 esse.

1905 1247 2032 1303 Scio
2063 1258 2118 1305 et
2148 1252 2449 1316 humiliari,
2497 1255 2616 1309 scio
2665 1262 2719 1308 et
2748 1254 3032 1310 abundare
3058 1256 3285 1325 (ubique
3315 1266 3369 1309 et
3405 1255 3464 1308 in

1904 1340 2163 1396 omnibus
2196 1342 2489 1398 institutus
2519 1344 2665 1413 sum)
2697 1353 2752 1398 et
2796 1346 3016 1407 satiari,
3070 1353 3124 1400 et
3151 1346 3386 1408 esurire,
3413 1351 3470 1398 et

1904 1430 2205 1497 abundare,
2234 1439 2289 1485 et
2320 1434 2605 1503 penuriam
2656 1435 2790 1503 pati.
2824 1433 3021 1489 Omnia
3070 1449 3294 1505 possum
3322 1437 3375 1489 in
3403 1451 3471 1489 eo

1902 1520 1994 1588 qui
2028 1522 2310 1576 conlortat
2349 1539 2457 1587 me,
2483 1525 2727 1580 Christo.
2750 1525 3137 1581 Verumtamen
3169 1528 3307 1582 bene
3337 1527 3469 1580 feci-

1905 1608 2004 1662 stis
2021 1610 2496 1667 communicantes
2527 1615 2871 1669 tribulatioui
2905 1630 3059 1670 meae.
3092 1615 3262 1670 Scitis
3286 1625 3466 1670 autem

1902 1709 1958 1750 et
1987 1713 2108 1762 vos,
2137 1697 2537 1771 Plulippenses,
2588 1704 2735 1772 quod
2779 1704 2834 1757 in
2865 1706 3140 1774 principio
3169 1705 3467 1775 Evangelii,

1904 1789 2121 1854 quando
2178 1789 2459 1859 profectus
2515 1809 2637 1847 sum
2692 1809 2723 1847 a
2776 1794 3115 1860 Macedonia,
3149 1782 3299 1850 nulla
3331 1796 3466 1850 mihi

1902 1878 2145 1934 Ecclesia
2190 1884 2617 1938 communicavit
2647 1884 2703 1938 in
2747 1886 2962 1941 ratione
2990 1886 3104 1940 dati
3137 1898 3192 1942 et
3234 1886 3463 1955 accepti.

1902 1969 2005 2022 nisi
2035 1983 2130 2024 vos
2164 1973 2265 2024 soli
2298 1991 2311 2026 :
2345 1974 2473 2041 quia
2516 1985 2571 2029 et
2600 1974 3050 2030 Thessalonicam
3097 1976 3263 2031 semel
3293 1985 3348 2031 et
3378 1975 3465 2029 his

1901 2060 1954 2113 in
1989 2076 2151 2116 usum
2186 2062 2321 2117 mihi
2362 2064 2615 2120 misistis.
2666 2065 2783 2119 Non
2831 2067 2961 2136 quia
3009 2083 3200 2137 quzero
3247 2067 3460 2128 datum,

1900 2151 1996 2206 sed
2033 2153 2259 2221 requiro
2310 2154 2553 2208 fructum
2606 2154 2973 2211 abundantem
3021 2158 3073 2209 in
3121 2157 3334 2210 ratione
3373 2172 3465 2211 νε·-

1897 2254 2033 2299 stra.
2094 2243 2281 2300 Habeo
2333 2256 2514 2299 autem
2562 2248 2771 2310 omnia,
2813 2255 2868 2301 et
2909 2246 3178 2301 abundo:
3222 2246 3465 2315 repletus

1898 2348 2042 2397 sum,
2069 2337 2312 2403 acceptis
2340 2335 2409 2388 ab
2438 2333 2811 2404 Epaphrodito
2842 2351 2965 2405 quae
2988 2351 3019 2389 a
3057 2336 3214 2391 vobis
3251 2342 3405 2389 sunt.
3440 2353 3460 2386 ι

1967 2427 2041 2479 De
2080 2426 2487 2482 ministratione
2523 2442 2687 2497 quam
2718 2428 2823 2482 sibi
2866 2429 3153 2491 miserant,
3192 2428 3459 2497 loquitur.

1899 2513 2211 2567 Laetabatur
2269 2521 2475 2580 autem,
2532 2530 2643 2568 non
2688 2517 2816 2585 quia
2865 2525 3174 2587 acceperat,
3202 2516 3298 2572 sed
3334 2518 3461 2585 quia

1897 2605 2152 2673 discipuli
2201 2605 2441 2660 fructum
2492 2606 2822 2663 habuerant.
2854 2607 3011 2673 Nam,
3051 2624 3177 2664 cum
3208 2608 3465 2663 Christus

1896 2694 2130 2762 jusserit
2162 2696 2210 2727 "
2242 2710 2337 2751 eos
2388 2696 2599 2765 largiri,
2648 2696 2877 2766 quinam
2937 2713 3044 2752 non
3091 2698 3143 2751 in
3175 2704 3463 2766 peceatum

1900 2785 2287 2849 incurrissent,
2341 2786 2571 2840 minime
2617 2786 2925 2857 largiendo.
2982 2786 3247 2857 Apposite
3294 2786 3465 2855 igitur

1898 2874 1994 2939 ait,
2048 2876 2390 2943 refloruistis.
2440 2876 2577 2931 Boni
2626 2877 2897 2946 siquidem
2976 2877 3189 2932 fruetus
3238 2876 3462 2930 initium

1896 2972 1982 3017 est
2011 2965 2437 3019 communicatio
2478 2980 2603 3019 cum
2644 2966 2960 3036 magistris;
2996 2965 3458 3036 quemadmodum

1899 3055 2190 3118 marcoris,
2229 3054 2424 3109 borum
2457 3055 2679 3110 oblivio.

1970 3162 1990 3197 ι
2025 3146 2262 3202 Odorem
2298 3146 2609 3212 suavitatis,
2662 3148 2899 3204 hostiam
2933 3157 3211 3219 acceptam
3242 3147 3463 3218 placen-

1892 3264 1999 3312 tem
2024 3257 2156 3312 Deo.
2196 3276 2216 3310 ι

1962 3345 2077 3400 Hoc
2099 3348 2246 3401 enim
2274 3347 2493 3403 confert
2521 3349 2604 3404 eis
2634 3355 2691 3400 ut
2716 3347 2922 3404 bonum
2947 3350 3170 3406 odorem
3204 3349 3447 3419 spirent;

1887 3438 2089 3507 quippe
2121 3440 2213 3508 qui
2256 3439 2428 3507 legem
2466 3439 2561 3495 Dei
2598 3440 2880 3510 impleant.

1961 3528 2124 3583 Vens.
2159 3528 2349 3583 19-25.
2387 3546 2407 3579 ι
2447 3529 2595 3584 Deus
2628 3538 2812 3585 autem
2843 3546 2998 3586 meus
3034 3533 3257 3601 impleat
3288 3549 3451 3589 omne

1889 3617 2227 3671 desiderium
2279 3629 2550 3683 vestrum,
2598 3620 2899 3674 secundum
2949 3621 3171 3676 divitias
3236 3638 3366 3678 suas
3394 3624 3451 3677 in

1888 3707 2062 3776 gloria
2092 3706 2147 3761 in
2187 3707 2407 3763 Christo
2438 3706 2587 3763 Jesu.
2642 3709 2753 3765 Deo
2783 3718 2965 3766 autem
2997 3722 3052 3766 et
3081 3712 3229 3767 Patri
3261 3722 3455 3769 nostro

1887 3798 2059 3866 gloria
2097 3798 2151 3850 in
2182 3799 2381 3852 saecula
2422 3799 2770 3855 saeculorum.
2824 3802 3017 3856 Amen.
3054 3803 3303 3858 Salutate
3335 3820 3451 3859 om-

1887 3903 2008 3940 nem
2061 3896 2316 3942 sanctum
2378 3890 2433 3943 in
2476 3888 2701 3944 Christo
2746 3890 2899 3947 Jesu.
2939 3892 3195 3947 Salutant
3228 3910 3329 3950 vos
3360 3911 3451 3964 qut

1890 3992 2102 4031 mecum
2133 3990 2282 4043 sunt,
2332 3978 2552 4035 l'ratres.
2597 3979 2854 4036 Salutant
2893 3997 2992 4039 vos
3022 3998 3215 4039 omnes
3251 3988 3449 4041 sancti.

1889 4066 2121 4122 Maxime
2147 4076 2351 4122 autem.
2389 4088 2407 4121 ι

1957 4158 2118 4227 205
2153 4158 2374 4217 Videsis
2412 4174 2652 4233 quantus
2689 4163 2911 4219 fruetus
2964 4163 3195 4232 praestiti
3248 4163 3408 4219 ohleii
3435 4206 3451 4230 ,

1886 4249 2032 4317 quod
2068 4250 2475 4318 locupletentur
2516 4254 2569 4306 in
2610 4254 2788 4323 gloria
2824 4252 3055 4306 Christi.
3110 4252 3284 4307 Simul
3325 4269 3453 4308 vero

1886 4354 1981 4392 eos
2013 4341 2184 4393 tacite
2234 4340 2426 4405 docet,
2477 4352 2700 4412 propter
2751 4342 3052 4395 utilitatem
3101 4341 3349 4410 ipsorum
3391 4357 3452 4396 se

1890 4430 2218 4497 prmcepisse
2247 4439 2307 4482 ut
2350 4432 2595 4484 carnalia
2642 4446 2767 4485 cum
2810 4431 3089 4497 magistris
3138 4433 3454 4485 communi-

1815 4499 1858 4553 ί)
1890 4526 2080 4571 carent
2107 4559 2123 4581 ,
2162 4534 2273 4587 quo
2311 4520 2691 4588 spiritualium
2732 4520 3004 4573 bonorqu
3046 4534 3236 4575 eorum
3278 4521 3453 4590 parti-

1890 4609 2045 4677 cipes
2094 4608 2315 4663 ﬁerent.
2379 4611 2559 4665 Eecur
2614 4611 2761 4664 enim
2816 4625 2924 4664 non
2981 4617 3149 4677 queat
3203 4610 3297 4665 ille
3356 4610 3451 4679 qui

1888 4702 2038 4766 ipsos
2080 4699 2253 4761 ditat,
2300 4700 2601 4769 magistros
2641 4714 2867 4768 quoque
2914 4699 3300 4768 locupletare?
3346 4699 3454 4755 Sed

1886 4789 2143 4843 consulto
2169 4790 2221 4844 id
2251 4788 2417 4853 fecit,
2452 4804 2520 4845 ne
2552 4792 2802 4861 magistri
2838 4791 3107 4845 adversus
3141 4791 3453 4859 discipulos

1887 4880 2232 4948 arrogantius
2270 4880 2691 4945 extollerentur,
2735 4896 2800 4936 ac
2840 4881 2885 4935 si
2922 4880 3100 4948 gratis
3143 4881 3271 4934 illos
3308 4880 3454 4933 divi-

1887 4971 1979 5023 tiis
2015 4970 2132 5023 suis
2165 4979 2431 5039 augerent
2461 4989 2474 5001 ·
2515 4986 2612 5023 nec
2645 4987 2865 5025 rursum
2900 4971 3160 5039 discipuli
3198 4972 3449 5026 interemi

1886 5062 2072 5113 animo
2100 5070 2285 5114 essent
2306 5100 2320 5123 ,
2355 5060 2499 5128 quod
2532 5075 2748 5127 semper
2778 5062 2923 5115 inter
2953 5075 3156 5130 egenos
3184 5060 3452 5114 haberen-

1890 5160 1997 5211 tur,
2032 5148 2283 5215 nihilque
2312 5148 2396 5202 eis
2433 5149 2807 5216 impartirent.
2846 5149 3117 5215 Quocirca
3153 5154 3452 5218 repensare

1887 5238 2167 5291 mandavit
2213 5247 2266 5291 et
2322 5237 2767 5300 communicare,
2829 5240 3081 5306 quamvis
3128 5253 3191 5291 ea
3244 5252 3367 5307 qum

1890 5328 2173 5395 magistris
2205 5328 2546 5393 tribuuntur,
2575 5329 2731 5399 longe
2760 5330 2873 5383 sint
2900 5329 3305 5397 praestantiora.

1960 5437 1977 5468 ι
2007 5418 2110 5483 Qui
2138 5419 2205 5473 de
2231 5418 2466 5475 Ctesaris
2492 5421 2657 5475 domo
2684 5428 2834 5475 sunt.
2864 5421 3049 5475 Gratia
3077 5420 3295 5475 Domini
3320 5419 3448 5474 Jesu

1884 5511 2108 5564 Christi.
2142 5530 2159 5560 ι

1959 5596 2165 5669 Ingenti
2201 5612 2295 5653 eos
2338 5599 2537 5653 solatio
2577 5597 2773 5665 allicit,
2814 5598 2944 5653 dum
2986 5600 3102 5662 ait,
3144 5599 3196 5652 in
3239 5597 3446 5668 ipsius-
