4214 6446
224 408 333 471 885

1297 420 1374 478 IN
1423 421 1662 483 EPIST.
1702 426 1801 484 AD
1842 430 2374 493 COLOSSENSES.

3368 446 3474 508 886

298 534 319 567 ί
360 519 463 570 Ἦν
495 519 870 589 προηκούσατε
905 523 965 574 ὲν
1008 522 1086 592 τῷ
1126 524 1270 597 λόγῳ
1299 529 1395 598 τῆς
1425 530 1679 600 ἀληθείας
1706 530 1799 585 τοῦ
1831 539 1873 593 Α

1831 539 1873 593 Α
1978 556 1997 589 ι
2029 540 2201 604 Quam
2256 543 2489 598 audistis
2525 546 2577 597 in
2628 545 2797 599 verbo
2856 543 3105 600 veritatis
3155 544 3470 621 Evangelii,

221 605 559 675 Εὑαγγελίου
588 610 680 662 τοῦ
702 612 970 680 παρόντος
999 617 1080 677 εις
1110 617 1275 685 ὑμᾶς.
1311 637 1329 668 ι

293 698 431 767 ιΙαρ’
475 699 727 772 Ἐπαφρᾶ
749 702 1011 770 δηλονότι.

294 808 315 839 σ
358 791 556 854 Καθὼς
582 794 675 845 καὶ
706 797 761 846 ἐν
792 797 953 847 παντὶ
985 796 1064 865 τῷ
1088 799 1296 870 κόσμῳ.
1330 804 1423 854 καὶ⁵
1453 804 1567 857 ἐστι
1593 822 1798 877 καρπο-

215 898 385 948 φορου
396 899 573 950 μενον,
602 883 783 947 καθὼς
809 888 904 939 καὶ
928 889 986 940 ὲν
1018 888 1146 957 ύμῖν
1192 892 1283 957 ἀφ’
1307 887 1372 962 ἦς
1392 895 1607 965 ἡμέρας
1628 900 1797 965 ηκου-

214 988 372 1034 σατε,
404 974 497 1026 καὶ
521 975 797 1040 ἐπέγνωτε
826 980 927 1046 τὴν
960 981 1118 1051 χάριν
1161 982 1255 1034 τοῦ
1289 984 1421 1036 Θεοῦ
1449 988 1506 1038 ὲν
1541 987 1792 1057 ἀληθείᾳ,

213 1063 403 1127 καθὼς
430 1067 523 1117 καὶ
549 1067 784 1136 ὲμάθετε
812 1070 918 1123 ἀπὸ
949 1072 1206 1143 Ἐπαφρᾶ
1242 1076 1335 1127 τοῦ
1364 1079 1651 1147 ἀγαπητοῦ
1673 1097 1796 1132 συν-

210 1153 404 1207 δούλου
430 1158 460 1223 ἡ
471 1157 610 1225 μῶν,
641 1158 699 1221 ὃς
726 1160 841 1211 ἐστι
872 1163 1057 1226 πιστὸς
1088 1165 1228 1235 ὑπὲρ
1254 1166 1407 1234 ύμων
1428 1168 1674 1231 διάκονος
1699 1170 1791 1221 τοῦ

212 1245 474 1313 Χριστοῦ,
509 1250 536 1301 ὀ
566 1250 659 1302 καὶ
697 1252 944 1323 δηλώσας
989 1257 1120 1325 ἡμῖν
1165 1258 1264 1327 τὴν
1297 1258 1449 1327 ὑμῶν
1490 1261 1710 1331 ἀγάπην
1734 1265 1792 1313 ἐν

212 1335 517 1405 Πνεύματι.
564 1360 581 1391 ι

286 1426 401 1498 Τὴν
427 1430 656 1501 δύναμιν
698 1434 791 1487 τοῦ
825 1437 1155 1506 Εύαγγελίου
1189 1439 1368 1508 λέγει,
1398 1442 1535 1512 πρὸς
1564 1442 1790 1511 βεϐαίω-

213 1532 299 1567 σιν
320 1516 430 1568 τῶν
452 1519 779 1587 ἀκουόντων,
813 1524 988 1592 λέγων
1026 1528 1159 1580 αὐτὸ
1209 1530 1419 1598 διήκειν
1449 1531 1537 1583 διὰ
1571 1531 1666 1585 τοῦ
1696 1534 1790 1585 κό-

212 1624 353 1674 σμου
391 1614 608 1677 παντὸς,
647 1618 1170 1688 καρποφορούμενον
1204 1621 1263 1672 ἐν
1308 1620 1513 1690 ἔργοις,
1552 1624 1648 1676 καὶ
1694 1624 1789 1676 αύ-

208 1697 506 1769 ξινόμενον
544 1707 666 1768 ταῖς
708 1707 1051 1779 προσθήκαις
1077 1711 1184 1763 τῶν
1231 1714 1617 1778 πιστευόντων,
1644 1714 1785 1767 ὥστε

208 1788 411 1842 εἰδέναι
442 1795 566 1855 τοὺς
593 1796 909 1861 ἀκούοντας,
942 1801 1023 1852 ὅτι
1051 1803 1304 1871 καθάπερ
1343 1804 1401 1855 ὲν
1430 1803 1659 1875 μεγίστῃ
1692 1806 1786 1858 πό·

1904 629 2085 687 Wsns.
2119 631 2177 703 6}
2212 634 2358 703 quod
2387 637 2638 704 pervenit
2666 637 2731 690 ad
2767 651 2882 690 vos.
2918 657 2936 689 ι

1969 721 2052 773 Ab
2088 719 2339 791 Epaphra
2370 724 2649 779 videlicet.

1974 831 1991 863 ι
2027 811 2183 866 Sicut
2231 823 2287 869 et
2332 816 2388 869 in
2432 816 2698 872 universo
2742 816 2987 879 mundo,
3032 824 3086 873 et
3138 818 3469 884 fructiﬁcat,

1898 901 2047 954 sicut
2075 909 2130 956 et
2161 902 2216 955 in
2248 903 2403 959 vobis
2424 944 2439 969 ,
2474 920 2538 959 ex
2568 919 2631 959 ea
2659 904 2751 960 die
2780 920 2887 975 qua
2921 906 3159 961 audistis
3188 914 3243 961 et
3266 923 3471 979 cogno-

1897 991 2325 1061 vistis‘gratiam
2389 993 2487 1050 Dei
2522 996 2577 1050 in
2609 996 2873 1060 veritate,
2914 995 3105 1068 [\‘Ens.
3142 997 3193 1053 7.
3230 996 3286 1069 8]
3328 998 3471 1052 sicut

1894 1081 2164 1139 didicistis
2191 1085 2262 1138 ab
2295 1084 2550 1155 Epaphra
2580 1086 2917 1140 charissimo
2950 1101 3224 1142 conservo
3253 1096 3466 1151 nostro,

1894 1175 1986 1244 qui
2006 1186 2089 1230 est
2112 1176 2292 1232 ﬁdelis
2316 1193 2416 1247 pro
2434 1179 2596 1231 vobis
2619 1178 2880 1233 minister
2900 1178 3141 1245 Christi;
3164 1180 3260 1248 qui
3284 1185 3339 1234 et
3361 1194 3469 1233 ma-

1895 1265 2177 1321 nifestavit
2208 1269 2370 1323 nobis
2398 1268 2752 1323 dilectionem
2782 1276 3021 1324 vestram
3052 1271 3108 1323 in
3139 1268 3373 1339 Spiritu.
3405 1288 3424 1321 ι

1962 1440 2238 1496 Virtutem
2268 1442 2551 1515 Evangelii
2590 1444 2791 1498 recitat
2811 1485 2828 1511 ,
2855 1454 2915 1498 ut
2947 1445 3236 1501 auditores
3264 1446 3467 1500 contir-

1891 1544 2036 1599 met,
2072 1550 2198 1588 cum
2230 1535 2308 1587 ait
2340 1535 2474 1589 illud
2504 1536 2823 1591 universum
2850 1535 3112 1591 mundum
3145 1537 3461 1606 pervadere,

1888 1633 1943 1680 et
1987 1625 2202 1681 fructus
2234 1626 2455 1680 etl'ectis
2484 1628 2680 1691 edere,
2718 1635 2888 1697 atque
2917 1626 3334 1682 accessiOnibus
3366 1642 3464 1682 eo-

1888 1730 2008 1767 rum
2058 1716 2153 1783 qui
2204 1715 2364 1769 [idem
2417 1717 2853 1786 amplectuntur,
2908 1730 3250 1784 augescere:
3287 1717 3362 1769 ita
3405 1724 3463 1769 ut

1888 1807 2202 1876 quicunque
2248 1808 2509 1872 audiant,
2566 1808 2783 1876 liquido
2826 1815 3201 1877 cognoscant,
3238 1807 3463 1877 perinde

209 1876 310 1969 λει,
346 1883 811 1954 καταριθμοῦνται
837 1888 902 1939 δι’
929 1888 1059 1959 ὅλης
1091 1890 1192 1960 τῆς
1214 1868 1537 1963 οἰκουμένης
1570 1868 1769 1949 αι’-Ἐκ·
1816 1868 1859 1922 Β

1816 1868 1859 1922 Β
1888 1868 2051 1967 atque
2081 1868 2134 1951 in
2165 1898 2302 1953 urbe
2335 1868 2576 1952 maxima
2597 1868 2723 1954 .Isic
2770 1914 2870 1969 per
2899 1868 3092 1953 'totum
3124 1868 3319 1953 orbem
3353 1895 3454 1951 Ec-

210 1966 450 2035 κλησίαι.

283 2078 300 2105 ι
340 2060 439 2112 Διά
462 2062 619 2114 τοῦτο
649 2065 739 2116 καὶ
767 2068 947 2134 ἡμεῖς,
969 2064 1143 2139 ἀφ’ἦς
1191 2070 1403 2142 ἠμέρας
1443 2072 1775 2142 ὴκουσαμεν.

206 2148 265 2197 ο)
304 2150 591 2219 παυόμεθα
624 2154 762 2225 ὑπὲρ
799 2157 952 2226 ὑμῶν
1003 2162 1430 2231 προσευχόμενοι
1464 2164 1558 2215 καὶ
1596 2163 1780 2215 αἰτού-

210 2256 385 2305 μενοι,
419 2241 505 2294 ἵνα
551 2244 871 2316 πληρωθῆτε
902 2248 1001 2318 τὴν
1047 2252 1343 2319 ἐπίγνωσιν
1393 2253 1489 2306 τοῦ
1542 2253 1778 2323 θελήμα-

204 2342 296 2389 τος
350 2331 541 2397 αὑτοῦ,
585 2335 640 2385 ὲν
680 2336 827 2406 πάσῃ
885 2338 1079 2408 σοφία,
1110 2340 1204 2392 καὶ
1264 2342 1477 2394 συνέσει
1535 2359 1779 2412 πνευμα-

204 2422 349 2488 τικῇ.
388 2438 406 2470 ι

277 2511 439 2575 ’Δξια
472 2515 731 2583 σπουδῆς,
762 2520 946 2587 φησὶν,
975 2521 1100 2590 ἐμοὶ
1120 2520 1187 2574 τὰ
1211 2521 1332 2575 καθ’
1366 2524 1531 2593 ὑμᾶς.
1567 2523 1656 2575 Διὸ
1685 2524 1775 2575 καὶ
1826 2580 1832 2589 ,

204 2601 567 2669 ἀδιαλείπτως
610 2608 984 2680 προσεύχομαι
1011 2613 1332 2682 αἰτούμενος
1360 2614 1419 2666 τὸ
1450 2615 1639 2682 σοφίας
1671 2615 1775 2669 δῶ-

205 2708 318 2760 ρον,
350 2694 435 2746 ἵνα
473 2696 539 2748 δι’
574 2698 737 2751 αὑτοῦ
770 2702 976 2771 μάθητε
1028 2702 1146 2765 πῶς
1178 2703 1443 2774 ἠθέλησεν
1474 2707 1503 2758 ὁ
1534 2706 1666 2769 Θεὸς
1686 2706 1776 2759 τὸν

204 2785 413 2854 κόσμον
446 2790 525 2850 εἰς
555 2790 825 2843 οἱκείωσιν
856 2796 955 2862 τὴν
988 2792 1182 2847 ἑαυτοῦ
1235 2796 1462 2863 ἀγαγεῖν
1485 2836 1500 2859 ,
1536 2798 1630 2849 καὶ
1668 2798 1776 2849 τίνι

203 2878 391 2946 τρόπῳ
418 2879 487 2930 τὰ
519 2883 619 2947 τῆς
649 2882 977 2947 οίκειὼσεως
1006 2886 1261 2953 γενέσθαι
1294 2888 1520 2940 δυνατὸν
1542 2882 1630 2958 ἦν.
1669 2887 1773 2941 Τοῦ

205 2967 305 3033 μὲν
325 2968 492 3035 νόμου
518 2971 807 3025 συνάπτειν
834 2974 952 3044 Θεῷ
981 2977 1055 3045 μὴ
1089 2976 1385 3046 ἰσχύοντος,
1422 2980 1659 3049 Χριστοῦ
1686 2982 1775 3033 καὶ

204 3060 371 3126 μόνου
404 3062 788 3128 συνάπτοντος,
821 3067 901 3119 ὅτι
936 3067 1098 3131 αὐτὸς
1131 3070 1477 3140 δικαιοσύνης
1506 3071 1604 3141 τῆς
1636 3071 1775 3141 ὑπὲρ

1888 1988 2088 2042 clesias
2118 1990 2417 2044 numerari.

1962 2075 2133 2132 Vens.
2172 2077 2226 2131 9.
2264 2096 2283 2129 ι
2314 2078 2440 2133 Ideo
2471 2086 2527 2133 et
2558 2094 2688 2145 nos,
2726 2096 2795 2136 ex
2828 2096 2934 2151 qua
2978 2081 3067 2137 die
3111 2080 3458 2144 audivimus,

1888 2179 1996 2218 non
2030 2181 2314 2221 cessamus
2342 2184 2442 2237 pro
2471 2170 2629 2223 vobis
2652 2179 2907 2234 orantes,
2940 2179 2994 2225 et
3025 2171 3371 2241 postulantes
3402 2180 3461 2223 ut

1895 2255 2233 2324 impleamini
2272 2259 2552 2327 agnitione
2586 2260 2886 2318 voluntatis
2914 2263 3069 2331 ejus,
3103 2262 3157 2315 in
3187 2261 3337 2315 omni
3368 2275 3460 2315 sa-

1885 2347 2091 2415 pientia
2122 2357 2179 2402 et
2212 2349 2491 2404 intellectu
2526 2352 2790 2421 spiritali.
2825 2370 2845 2404 ι

1954 2523 2086 2589 Quae
2108 2524 2177 2579 ad
2208 2541 2307 2582 vos
2336 2537 2635 2597 spectant,
2665 2530 2877 2599 inquit,
2904 2530 3071 2601 digna
3095 2538 3227 2587 sunt
3255 2532 3458 2602 quibus

1884 2613 2128 2667 studium
2158 2614 2468 2683 impendam
2498 2632 2701 2671 meum.
2734 2617 3107 2683 Quamobrem
3141 2620 3261 2675 sine
3290 2621 3459 2676 inter—

1884 2703 2150 2760 missione
2180 2706 2335 2761 vobis
2370 2708 2655 2776 sapientiae
2694 2708 2899 2763 donum
2924 2711 3281 2766 orationibus
3319 2712 3458 2766 meis

1883 2795 2137 2862 postulo,
2187 2812 2283 2865 per
2327 2797 2473 2866 quod
2528 2799 2829 2854 addiscatis
2892 2815 3000 2868 qua
3051 2802 3263 2856 ratione
3311 2801 3456 2857 Deus

1884 2887 2145 2940 mundum
2177 2888 2417 2942 voluerit
2446 2890 2548 2944 sibi
2575 2891 2899 2954 conciliare,
2929 2899 2985 2945 ct
3014 2891 3289 2961 quomodo
3319 2907 3455 2947 con-

1883 2975 2182 3031 ciliation's
2210 2977 2378 3045 hujus
2409 2980 2616 3047 patrari
2647 2980 2928 3047 negotium
2958 2982 3171 3049 possit:
3203 2981 3456 3051 quando-

1883 3064 2103 3133 quidem
2138 3066 2221 3119 lex
2258 3066 2324 3119 ad
2362 3068 2465 3122 hoc
2497 3084 2607 3121 non
2658 3070 2804 3122 valet
2858 3070 2937 3122 uti
2994 3084 3097 3123 nos
3151 3069 3455 3143 coniungat

200 3149 507 3263 f'JOPdinwv
543 3154 854 3263 ’πληρωτὴς
907 3159 1231 3258 γενόμενος,
1262 3161 1322 3213 τὸ
1370 3160 1654 3230 πληρωθὲν
1687 3163 1771 3231 ἐφ’
1799 3207 1842 3263 c

1799 3207 1842 3263 ο
1884 3155 1995 3210 Deo
2017 3199 2030 3219 ,
2069 3157 2221 3209 solus
2252 3172 2386 3211 vero
2415 3158 2678 3212 Christus
2712 3158 3159 3227 conjunctionem
3182 3160 3327 3214 hanc
3357 3176 3454 3230 pa-

200 3238 396 3289 ὲαυτοῦ
425 3239 711 3309 χαρίζεται
743 3246 854 3307 τοῖς
878 3246 1244 3302 πιστεύουσιν.

275 3519 294 3549 ι
332 3502 713 3572 Περιπατῆσαι
745 3507 888 3574 ὑμᾶς
910 3507 1075 3573 ἀξίως
1102 3509 1195 3562 τοῦ
1220 3511 1450 3580 Κυρίου,
1478 3515 1557 3575 είς
1589 3517 1771 3567 πᾶσαν

198 3592 532 3661 ἀρέσκειαν,
568 3596 625 3646 ὲν
658 3598 821 3648 παντὶ
858 3598 1004 3668 ἔργῳ
1033 3600 1224 3671 ἀγαθῷ
1267 3604 1767 3674 καρποφοροῦντες,

198 3683 291 3734 καὶ
322 3684 679 3754 αὐξανόμενοι
703 3688 783 3749 εἰς
802 3688 901 3757 τὴν
923 3690 1219 3757 ἐπίγνωσιν
1245 3692 1336 3744 τοῦ
1364 3694 1521 3759 Θεοῦ,
1541 3696 1599 3747 ἐν
1622 3697 1770 3769 πάσῃ

193 3774 425 3843 δυνάμει
468 3777 608 3829 κατὰ
634 3776 695 3827 τὸ
724 3779 923 3847 κράτος
954 3780 1052 3849 τῆς
1082 3780 1239 3851 δόξης
1266 3782 1452 3846 αὑτοῦ,
1486 3786 1564 3847 είς
1588 3787 1768 3838 πᾶσαν

193 3865 474 3937 ὑπομονὴν
496 3869 589 3920 καὶ
613 3871 997 3941 μακροθυμίαν
1033 3874 1171 3941 μετά
1196 3876 1388 3943 χαρᾶς.
1435 3894 1452 3926 ι

261 4043 413 4111 Λῦτη
461 4039 571 4114 γὰρ
611 4046 769 4114 σοφία
819 4049 1201 4119 πνευματικὴ,
1234 4050 1293 4115 ἐξ
1324 4046 1393 4121 ἧς
1424 4053 1451 4104 ὁ
1481 4052 1639 4122 ὑγιὴς
1672 4054 1765 4105 καὶ

192 4137 567 4203 πνευματικὸς
625 4139 759 4205 βίος.
811 4141 1097 4193 Ἐπιτείνει
1158 4142 1268 4212 γὰρ
1323 4142 1421 4212 τὴν
1456 4143 1765 4215 προθυμίαν

189 4226 299 4277 τῶν
338 4226 561 4295 ἀγαθῶν
587 4226 821 4301 ἔργωνή
859 4230 1093 4294 σύνεσις.

268 4419 287 4451 ι
317 4401 779 4472 Εὐχαριστοῦντες
827 4407 905 4475 τῷ
950 4407 1070 4476 Θεῷ
1092 4449 1107 4470 ,
1139 4409 1216 4479 τῷ
1247 4411 1575 4464 ἱκανώσαντι
1615 4414 1760 4482 ἡμᾶς

1880 3247 2082 3312 travit;
2139 3247 2346 3316 quippe
2398 3249 2533 3317 qui,
2581 3249 2859 3318 justitiam
2923 3259 3148 3320 propter
3196 3251 3452 3307 homines

1879 3335 2185 3403 implendo,
2217 3337 2614 3406 plenitudinem
2650 3355 2807 3394 suam
2846 3340 2915 3395 iis
2949 3343 3044 3409 qui
3081 3342 3317 3397 credunt
3348 3343 3449 3397 im-

1877 3426 2108 3496 partitur

1944 3514 2114 3570 Vans.
2158 3517 2384 3582 10,11.
2433 3536 2452 3569 ι
2485 3519 2558 3573 Ut
2609 3520 2912 3576 ambuletis
2964 3522 3128 3592 digne
3177 3522 3444 3586 Domino,

1872 3622 1970 3676 per
2000 3608 2185 3662 omnia
2219 3609 2503 3677 placentes
2525 3650 2540 3675 ,
2577 3612 2630 3665 in
2662 3613 2812 3665 omni
2850 3628 3020 3682 opere
3060 3613 3208 3668 bono
3256 3612 3450 3667 frui-ti-

1874 3699 2223 3763 ﬁcantes,et
2251 3710 2570 3757 crescentes
2607 3703 2660 3756 in
2714 3705 2946 3758 scientia
3001 3704 3131 3766 Dei,
3189 3704 3247 3757 in
3296 3704 3443 3756 omni

1872 3789 2074 3843 virtute
2100 3788 2434 3854 conl‘ortati,
2468 3792 2774 3845 secundum
2822 3794 3124 3863 potentiam
3175 3792 3447 3848 claritatis

1869 3880 2024 3948 ejus,
2085 3880 2139 3934 iu
2200 3881 2348 3934 omni
2400 3882 2665 3950 patientia
2718 3890 2775 3936 et
2838 3883 3259 3952 longanimitate
3318 3896 3447 3938 cum

1868 3972 2089 4040 gaudio.
2126 3990 2145 4023 ι

1940 4061 2064 4117 llaec
2094 4064 2241 4116 enim
2271 4074 2356 4117 est
2388 4063 2659 4131 sapientia
2686 4063 3031 4133 spiritualis,
3060 4078 3133 4118 ex
3156 4078 3265 4133 qua
3297 4061 3443 4119 ﬁlius

1867 4168 2039 4207 sanus
2072 4162 2125 4207 et
2161 4153 2466 4221 spiritualis
2508 4153 2778 4207 nascitur.
2820 4152 3206 4209 lntelléctione
3235 4154 3444 4224 quippe

1866 4244 2106 4314 ﬂagrans
2153 4246 2423 4299 bonorum
2467 4260 2697 4315 operum
2743 4245 2990 4300 studium
3042 4245 3314 4300 intentius
3345 4260 3445 4300 au-

1864 4342 2101 4479 εθῖῗέξιέ.
2145 4424 2334 4478 12-14.
2364 4443 2383 4476 ι
2416 4424 2637 4479 Gratias
2687 4436 2917 4496 agentes
2969 4425 3079 4480 Deo
3129 4425 3313 4491 Patri,
3344 4426 3439 4495 qui

188 4494 270 4552 εἰς
319 4491 419 4558 τὴν
452 4493 642 4561 μερίδα
677 4494 769 4547 τοῦ
804 4496 1006 4567 κλήρου
1036 4498 1145 4550 τῶν
1172 4498 1341 4566 ἁγίων
1374 4500 1433 4553 ὲν
1471 4501 1549 4570 τῷ
1582 4504 1757 4570 φωτί·
1793 4526 1842 4583 D

1793 4516 2061 4584 Ddignos
2093 4530 2194 4571 nos
2243 4515 2374 4569 fecit
2425 4517 2480 4570 in
2530 4491 2750 4582 partem
2800 4516 2970 4571 sortis
3014 4523 3339 4572 sanctorum
3363 4491 3434 4570 'in

185 4580 246 4641 ὃς
273 4580 544 4651 ἐρρύσατο
569 4586 735 4653 ἡμᾶς.
772 4605 792 4637 ι

258 4670 495 4737 Πατέρα
528 4673 698 4739 ἡμῶν
716 4674 862 4743 λέγει
907 4677 997 4732 τὸν
1033 4678 1185 4743 Θεδν,
1220 4682 1359 4733 κατὰ
1390 4685 1488 4752 τὴν
1510 4685 1760 4740 δοθεῖσαν

187 4761 321 4829 ἡμῖν
366 4761 452 4813 διὰ
481 4764 577 4829 τῆς
617 4766 695 4827 εὶς
730 4767 830 4827 ,τὸν
859 4769 1139 4839 Μονογενῆ
1186 4772 1421 4835 πίστεως
1451 4778 1717 4831 ιὶοθεσίαν
1743 4798 1754 4808 ·

190 4852 361 4904 Ὅσοι
396 4853 505 4919 γὰρ
538 4856 756 4910 ἔλαϐον
782 4860 985 4923 αὐτὸν,
1004 4862 1223 4915 ἔδωκεν
1248 4867 1448 4932 αὐτοῖς
1472 4870 1760 4932 ἐξουσίαν

188 4939 374 4991 τέκνα
402 4942 550 4995 Θεοῦ
591 4946 887 5011 γενέσθαι.

264 5049 283 5079 ι
342 5031 433 5081 Ἐκ
470 5036 562 5101 τῆς
613 5034 861 5099 ἐξουσίας
903 5040 998 5091 τοῦ
1036 5043 1280 5110 σκότους,
1319 5047 1651 5117 μετέστησεν
1682 5053 1760 5114 εἰς

322 5121 602 5188 βασιλείαν
647 5126 741 5178 τοῦ
800 5128 925 5181 Υίοῦ
975 5131 1075 5200 τῆς
1128 5134 1351 5206 ἀγάπης
1398 5137 1598 5204 αὐτοῦ,
1632 5143 1690 5193 ὲν
1718 5136 1760 5209 ᾧ

189 5207 389 5299 ἔχομεν
436 5210 535 5278 τὴν
586 5212 994 5285 ἀπολύτρωσιν,
1028 5219 1126 5290 τὴν
1179 5222 1370 5291 ἄφεσιν
1420 5227 1527 5280 τῶν
1584 5207 1761 5299 ἀμαρξ

187 5314 340 5350 τιων.
382 5318 401 5349 υ

262 5392 481 5455 Σκότος,
514 5395 547 5463 ἡ
579 5392 797 5460 ἐξουσία.
839 5401 933 5454 τοῦ
970 5403 1239 5468 διαϐόλου,
1276 5426 1368 5459 και
1399 5428 1455 5461 εν
1495 5414 1668 5482 σκότῳ
1699 5415 1760 5466 τὸ

181 5482 447 5537 δύνασθαι
492 5487 644 5556 ἔχει,
678 5491 930 5562 καθάπερ
984 5497 1011 5546 ὁ
1058 5496 1296 5567 κλέπτης
1348 5504 1404 5555 ἐν
1456 5507 1641 5558 νυκτί·
1678 5503 1758 5570 οἷς

181 5574 240 5625 δὲ
279 5576 356 5643 μὴ
389 5577 637 5647 παρέστη
672 5582 732 5633 τὸ
771 5584 970 5648 κακίας
1001 5589 1221 5654 σκότος,
1254 5594 1391 5646 κατὰ
1420 5598 1620 5648 τούτων
1654 5598 1751 5650 οὐκ

198 5748 247 5776 ⁸⁸
272 5748 434 5804 Jmn.
470 5767 506 5813 ι,
568 5753 643 5805 I2.

1867 4606 2095 4666 lumine,
2142 4607 2233 4676 qui
2264 4606 2468 4675 eripuit
2502 4623 2621 4662 nos.
2655 4626 2673 4659 ι

1944 4694 2156 4750 Patrem
2195 4705 2433 4750 nostrum
2483 4698 2728 4765 appellat
2775 4697 2982 4760 Deum,
3035 4712 3136 4766 pro
3182 4712 3248 4753 ea
3300 4696 3439 4751 ado-

1866 4788 2055 4856 ptione
2085 4802 2207 4855 qum
2238 4802 2347 4856 per
2368 4788 2527 4841 [idem
2568 4790 2621 4841 in
2661 4789 3014 4858 Unigenitum
3043 4789 3245 4842 donata
3278 4788 3436 4843 nobis

1868 4877 2007 4931 fuit:
2040 4878 2304 4946 Quotquot
2324 4880 2461 4931 enim
2494 4889 2788 4942 receperunt
2814 4919 2829 4941 ,
2852 4879 2998 4932 dedit
3021 4879 3095 4931 eis
3124 4886 3435 4946 potestatem

1864 4969 2006 5036 ﬁlios
2049 4967 2142 5022 Dei
2174 4970 2288 5038 ﬁeri
2324 4969 2385 5022 “.

1939 5077 1957 5109 ι
1994 5058 2071 5112 De
2097 5067 2371 5127 potestate
2404 5062 2753 5114 tenebrarum
2778 5100 2793 5123 ,
2826 5068 2880 5112 et
2914 5060 3199 5113 transtulit
3244 5060 3297 5113 in
3343 5075 3433 5113 re-

1860 5163 2026 5216 gnum
2064 5146 2186 5201 Filii
2218 5149 2533 5204 dilectionis
2580 5165 2730 5213 sum,
2765 5151 2817 5203 in
2868 5165 2977 5218 quo
3029 5150 3295 5204 habemus
3349 5164 3434 5203 re-

1862 5238 2229 5307 demptionem
2251 5278 2266 5302 ,
2303 5239 2686 5294 remissionem
2718 5250 3091 5310 peccatorum.
3127 5258 3147 5290 ι

1936 5413 2197 5469 Tenebrae
2232 5421 2474 5482 potestas
2505 5414 2711 5469 diaboli
2753 5422 2913 5475 sunt,
2950 5412 3047 5481 qui
3085 5413 3142 5466 in
3186 5410 3431 5466 tenebris

1867 5506 2069 5559 haheat
2132 5514 2190 5558 ut
2219 5504 2431 5573 possit,
2487 5505 2653 5559 veluti
2715 5503 2805 5558 fur
2863 5505 2915 5556 in
2954 5510 3135 5557 nocte.
3194 5499 3253 5555 In
3322 5501 3430 5555 illis

1865 5597 2023 5667 207
2058 5612 2186 5651 vero
2238 5597 2335 5665 qui
2388 5597 2443 5650 in
2495 5596 2716 5651 malitiae
2768 5595 3009 5651 tenebris
3061 5608 3170 5647 non
3214 5592 3423 5660 jacent,
