  <div class='ocr_page' id='page_1' title='image "/cluster/home/n/w/nwhite01/storage/ocr_20150623/95/nnc1.0046979816/450.png"; bbox 0 0 4214 6446; ppageno 0'>
   <div class='ocr_carea' id='block_1_1' title="bbox 224 410 328 476">
    <p class='ocr_par' dir='ltr' id='par_1_1' title="bbox 224 410 328 476">
     <span class='ocr_line' id='line_1_1' title="bbox 224 410 328 476; baseline -0.01 0"><span class='ocrx_word' id='word_1_1' title='bbox 224 410 328 476; x_wconf 73' lang='lat'><strong>839</strong></span> 
     </span>
    </p>
   </div>
   <div class='ocr_carea' id='block_1_2' title="bbox 1280 409 2349 474">
    <p class='ocr_par' dir='ltr' id='par_1_2' title="bbox 1280 409 2349 474">
     <span class='ocr_line' id='line_1_2' title="bbox 1280 409 2349 474; baseline 0.004 -5"><span class='ocrx_word' id='word_1_2' title='bbox 1280 412 1359 469; x_wconf 83' lang='grc' dir='ltr'><strong>ΙΝ</strong></span> <span class='ocrx_word' id='word_1_3' title='bbox 1401 411 1637 473; x_wconf 85' lang='lat' dir='ltr'><strong>EPIST.</strong></span> <span class='ocrx_word' id='word_1_4' title='bbox 1680 413 1780 472; x_wconf 84' lang='lat' dir='ltr'><strong>AD</strong></span> <span class='ocrx_word' id='word_1_5' title='bbox 1813 409 2349 474; x_wconf 76' lang='lat' dir='ltr'><strong>COLOSSENSES.</strong></span> 
     </span>
    </p>
   </div>
   <div class='ocr_carea' id='block_1_3' title="bbox 3372 409 3476 472">
    <p class='ocr_par' dir='ltr' id='par_1_3' title="bbox 3372 409 3476 472">
     <span class='ocr_line' id='line_1_3' title="bbox 3372 409 3476 472; baseline 0 -1"><span class='ocrx_word' id='word_1_6' title='bbox 3372 409 3476 472; x_wconf 84' lang='lat'><strong>890</strong></span> 
     </span>
    </p>
   </div>
   <div class='ocr_carea' id='block_1_4' title="bbox 223 501 1810 598">
    <p class='ocr_par' dir='ltr' id='par_1_4' title="bbox 223 524 1795 598">
     <span class='ocr_line' id='line_1_4' title="bbox 223 524 1795 598; baseline -0.003 -16"><span class='ocrx_word' id='word_1_7' title='bbox 223 545 431 598; x_wconf 81' lang='grc' dir='ltr'><strong>κησαι.</strong></span> <span class='ocrx_word' id='word_1_8' title='bbox 478 527 574 581; x_wconf 78' lang='grc' dir='ltr'><strong>καὶ</strong></span> <span class='ocrx_word' id='word_1_9' title='bbox 600 527 667 580; x_wconf 84' lang='grc' dir='ltr'><strong>δι’</strong></span> <span class='ocrx_word' id='word_1_10' title='bbox 708 524 874 580; x_wconf 72' lang='grc' dir='ltr'><strong>αὐτοῦ</strong></span> <span class='ocrx_word' id='word_1_11' title='bbox 913 525 1361 590; x_wconf 75' lang='grc' dir='ltr'><strong>ἀποκαταλλάξαι</strong></span> <span class='ocrx_word' id='word_1_12' title='bbox 1400 527 1468 579; x_wconf 83' lang='grc' dir='ltr'><strong>τὰ</strong></span> <span class='ocrx_word' id='word_1_13' title='bbox 1508 527 1685 580; x_wconf 80' lang='grc' dir='ltr'><strong>πάντα</strong></span> <span class='ocrx_word' id='word_1_14' title='bbox 1716 528 1795 589; x_wconf 86' lang='grc' dir='ltr'><strong>είς</strong></span> 
     </span>
    </p>
   </div>
   <div class='ocr_carea' id='block_1_5' title="bbox 1909 501 3477 598">
    <p class='ocr_par' dir='ltr' id='par_1_5' title="bbox 1909 521 3477 594">
     <span class='ocr_line' id='line_1_5' title="bbox 1909 521 3477 594; baseline -0.001 -16"><span class='ocrx_word' id='word_1_15' title='bbox 1909 526 2297 594; x_wconf 73' lang='lat' dir='ltr'><strong>plenitudinem</strong></span> <span class='ocrx_word' id='word_1_16' title='bbox 2355 523 2687 586; x_wconf 84' lang='lat' dir='ltr'><strong>inhabitare,</strong></span> <span class='ocrx_word' id='word_1_17' title='bbox 2719 532 2773 579; x_wconf 92' lang='lat' dir='ltr'><strong>et</strong></span> <span class='ocrx_word' id='word_1_18' title='bbox 2801 539 2899 593; x_wconf 89' lang='lat' dir='ltr'><strong>per</strong></span> <span class='ocrx_word' id='word_1_19' title='bbox 2951 536 3074 578; x_wconf 84' lang='lat' dir='ltr'><strong>eum</strong></span> <span class='ocrx_word' id='word_1_20' title='bbox 3117 521 3477 576; x_wconf 76' lang='lat' dir='ltr'><strong>reconciliare</strong></span> 
     </span>
    </p>
   </div>
   <div class='ocr_carea' id='block_1_6' title="bbox 223 614 1795 690">
    <p class='ocr_par' dir='ltr' id='par_1_6' title="bbox 223 614 1795 690">
     <span class='ocr_line' id='line_1_6' title="bbox 223 614 1795 690; baseline -0.003 -17"><span class='ocrx_word' id='word_1_21' title='bbox 223 620 409 684; x_wconf 80' lang='grc' dir='ltr'><strong>αὐτὸν,</strong></span> <span class='ocrx_word' id='word_1_22' title='bbox 448 618 869 690; x_wconf 81' lang='grc' dir='ltr'><strong>εἰρηνοποιήσας</strong></span> <span class='ocrx_word' id='word_1_23' title='bbox 898 617 988 670; x_wconf 79' lang='grc' dir='ltr'><strong>διὰ</strong></span> <span class='ocrx_word' id='word_1_24' title='bbox 1018 614 1115 669; x_wconf 90' lang='grc' dir='ltr'><strong>τοῦ</strong></span> <span class='ocrx_word' id='word_1_25' title='bbox 1161 618 1392 686; x_wconf 82' lang='grc' dir='ltr'><strong>αἵματος</strong></span> <span class='ocrx_word' id='word_1_26' title='bbox 1422 616 1518 669; x_wconf 83' lang='grc' dir='ltr'><strong>τοῦ</strong></span> <span class='ocrx_word' id='word_1_27' title='bbox 1561 616 1795 687; x_wconf 86' lang='grc' dir='ltr'><strong>σταυροῦ</strong></span> 
     </span>
    </p>
   </div>
   <div class='ocr_carea' id='block_1_7' title="bbox 223 709 1797 781">
    <p class='ocr_par' dir='ltr' id='par_1_7' title="bbox 223 709 1797 781">
     <span class='ocr_line' id='line_1_7' title="bbox 223 709 1797 781; baseline -0.001 -16"><span class='ocrx_word' id='word_1_28' title='bbox 223 711 393 765; x_wconf 80' lang='grc' dir='ltr'><strong>αὑτοῦ</strong></span> <span class='ocrx_word' id='word_1_29' title='bbox 451 712 518 764; x_wconf 86' lang='grc' dir='ltr'><strong>δι’</strong></span> <span class='ocrx_word' id='word_1_30' title='bbox 554 710 740 776; x_wconf 80' lang='grc' dir='ltr'><strong>αὑτοῦ,</strong></span> <span class='ocrx_word' id='word_1_31' title='bbox 785 709 896 763; x_wconf 73' lang='grc' dir='ltr'><strong>εἴτε</strong></span> <span class='ocrx_word' id='word_1_32' title='bbox 937 710 1006 764; x_wconf 87' lang='grc' dir='ltr'><strong>τά</strong></span> <span class='ocrx_word' id='word_1_33' title='bbox 1048 710 1142 763; x_wconf 69' lang='grc' dir='ltr'><strong>ἐπὶ</strong></span> <span class='ocrx_word' id='word_1_34' title='bbox 1172 711 1271 779; x_wconf 80' lang='grc' dir='ltr'><strong>τῆς</strong></span> <span class='ocrx_word' id='word_1_35' title='bbox 1330 712 1456 781; x_wconf 77' lang='grc' dir='ltr'><strong>γῆς,</strong></span> <span class='ocrx_word' id='word_1_36' title='bbox 1497 709 1607 763; x_wconf 74' lang='grc' dir='ltr'><strong>εἴτε</strong></span> <span class='ocrx_word' id='word_1_37' title='bbox 1639 712 1708 763; x_wconf 82' lang='grc' dir='ltr'><strong>τὰ</strong></span> <span class='ocrx_word' id='word_1_38' title='bbox 1741 712 1797 763; x_wconf 90' lang='lat' dir='ltr'><strong>tv</strong></span> 
     </span>
    </p>
   </div>
   <div class='ocr_carea' id='block_1_8' title="bbox 221 804 698 873">
    <p class='ocr_par' dir='ltr' id='par_1_8' title="bbox 221 804 698 873">
     <span class='ocr_line' id='line_1_8' title="bbox 221 804 698 873; baseline -0.008 -17"><span class='ocrx_word' id='word_1_39' title='bbox 221 806 339 867; x_wconf 71' lang='grc' dir='ltr'><strong>τοῖς</strong></span> <span class='ocrx_word' id='word_1_40' title='bbox 367 804 427 856; x_wconf 77' lang='grc' dir='ltr'><strong>οὐ</strong></span> <span class='ocrx_word' id='word_1_41' title='bbox 436 805 636 873; x_wconf 87' lang='grc' dir='ltr'><strong>ρανοῖς.</strong></span> <span class='ocrx_word' id='word_1_42' title='bbox 679 821 698 852; x_wconf 77' lang='grc' dir='ltr'><strong>ι</strong></span> 
     </span>
    </p>
   </div>
   <div class='ocr_carea' id='block_1_9' title="bbox 299 893 1799 965">
    <p class='ocr_par' dir='ltr' id='par_1_9' title="bbox 299 893 1799 965">
     <span class='ocr_line' id='line_1_9' title="bbox 299 893 1799 965; baseline -0.002 -17"><span class='ocrx_word' id='word_1_43' title='bbox 299 897 423 948; x_wconf 79' lang='grc' dir='ltr'><strong>Ὀτι</strong></span> <span class='ocrx_word' id='word_1_44' title='bbox 458 898 515 947; x_wconf 89' lang='lat' dir='ltr'><strong>tv</strong></span> <span class='ocrx_word' id='word_1_45' title='bbox 548 894 696 964; x_wconf 85' lang='grc' dir='ltr'><strong>αὑτῷ</strong></span> <span class='ocrx_word' id='word_1_46' title='bbox 739 893 1039 965; x_wconf 80' lang='grc' dir='ltr'><strong>ηὐδόκησεν</strong></span> <span class='ocrx_word' id='word_1_47' title='bbox 1086 893 1678 961; x_wconf 78' lang='grc' dir='ltr'><strong>ἀνακεφαλαιώσασθαι</strong></span> <span class='ocrx_word' id='word_1_48' title='bbox 1729 893 1799 945; x_wconf 72' lang='grc' dir='ltr'><strong>τὰ</strong></span> 
     </span>
    </p>
   </div>
   <div class='ocr_carea' id='block_1_10' title="bbox 224 985 1800 1055">
    <p class='ocr_par' dir='ltr' id='par_1_10' title="bbox 224 985 1800 1055">
     <span class='ocr_line' id='line_1_10' title="bbox 224 985 1800 1055; baseline -0.001 -16"><span class='ocrx_word' id='word_1_49' title='bbox 224 987 406 1040; x_wconf 79' lang='grc' dir='ltr'><strong>πάντα</strong></span> <span class='ocrx_word' id='word_1_50' title='bbox 438 987 505 1038; x_wconf 72' lang='grc' dir='ltr'><strong>τὰ</strong></span> <span class='ocrx_word' id='word_1_51' title='bbox 530 988 585 1039; x_wconf 97' lang='lat' dir='ltr'><strong>tv</strong></span> <span class='ocrx_word' id='word_1_52' title='bbox 619 988 731 1048; x_wconf 88' lang='grc' dir='ltr'><strong>τοῖς</strong></span> <span class='ocrx_word' id='word_1_53' title='bbox 761 987 1030 1055; x_wconf 79' lang='grc' dir='ltr'><strong>οὐρανοῖς,</strong></span> <span class='ocrx_word' id='word_1_54' title='bbox 1060 986 1239 1039; x_wconf 75' lang='grc' dir='ltr'><strong>καὶτὰ</strong></span> <span class='ocrx_word' id='word_1_55' title='bbox 1263 987 1355 1037; x_wconf 74' lang='grc' dir='ltr'><strong>ἐπὶ</strong></span> <span class='ocrx_word' id='word_1_56' title='bbox 1383 988 1480 1055; x_wconf 81' lang='grc' dir='ltr'><strong>τῆς</strong></span> <span class='ocrx_word' id='word_1_57' title='bbox 1506 986 1629 1054; x_wconf 80' lang='grc' dir='ltr'><strong>γῆς.</strong></span> <span class='ocrx_word' id='word_1_58' title='bbox 1657 985 1800 1038; x_wconf 79' lang='grc' dir='ltr'><strong>οὕτω</strong></span> 
     </span>
    </p>
   </div>
   <div class='ocr_carea' id='block_1_11' title="bbox 224 1074 1799 1143">
    <p class='ocr_par' dir='ltr' id='par_1_11' title="bbox 224 1074 1799 1143">
     <span class='ocr_line' id='line_1_11' title="bbox 224 1074 1799 1143; baseline -0.002 -15"><span class='ocrx_word' id='word_1_59' title='bbox 224 1076 324 1128; x_wconf 70' lang='grc' dir='ltr'><strong>καὶ</strong></span> <span class='ocrx_word' id='word_1_60' title='bbox 357 1074 587 1128; x_wconf 80' lang='grc' dir='ltr'><strong>ἐνταῦθα</strong></span> <span class='ocrx_word' id='word_1_61' title='bbox 611 1076 771 1128; x_wconf 85' lang='grc' dir='ltr'><strong>πάλιν</strong></span> <span class='ocrx_word' id='word_1_62' title='bbox 790 1075 938 1143; x_wconf 88' lang='grc' dir='ltr'><strong>λέγει</strong></span> <span class='ocrx_word' id='word_1_63' title='bbox 986 1075 1052 1127; x_wconf 88' lang='grc' dir='ltr'><strong>δι’</strong></span> <span class='ocrx_word' id='word_1_64' title='bbox 1100 1076 1301 1143; x_wconf 84' lang='grc' dir='ltr'><strong>ἑτέρων</strong></span> <span class='ocrx_word' id='word_1_65' title='bbox 1331 1074 1551 1138; x_wconf 82' lang='grc' dir='ltr'><strong>λέξεων.</strong></span> <span class='ocrx_word' id='word_1_66' title='bbox 1602 1074 1659 1125; x_wconf 85' lang='lat'><strong>&#39;0</strong></span> <span class='ocrx_word' id='word_1_67' title='bbox 1691 1074 1799 1142; x_wconf 88' lang='grc' dir='ltr'><strong>γάρ</strong></span> 
     </span>
    </p>
   </div>
   <div class='ocr_carea' id='block_1_12' title="bbox 226 1164 1797 1236">
    <p class='ocr_par' dir='ltr' id='par_1_12' title="bbox 226 1164 1797 1236">
     <span class='ocr_line' id='line_1_12' title="bbox 226 1164 1797 1236; baseline -0.001 -18"><span class='ocrx_word' id='word_1_68' title='bbox 226 1166 460 1229; x_wconf 76' lang='grc' dir='ltr'><strong>θάνατος</strong></span> <span class='ocrx_word' id='word_1_69' title='bbox 488 1165 581 1219; x_wconf 89' lang='grc' dir='ltr'><strong>τοῦ</strong></span> <span class='ocrx_word' id='word_1_70' title='bbox 621 1166 859 1236; x_wconf 82' lang='grc' dir='ltr'><strong>Χριστοῦ</strong></span> <span class='ocrx_word' id='word_1_71' title='bbox 880 1204 895 1227; x_wconf 87' lang='grc'><strong>,</strong></span> <span class='ocrx_word' id='word_1_72' title='bbox 933 1167 1028 1219; x_wconf 63' lang='grc' dir='ltr'><strong>καλ⁵</strong></span> <span class='ocrx_word' id='word_1_73' title='bbox 1056 1166 1148 1218; x_wconf 72' lang='grc' dir='ltr'><strong>τὸν</strong></span> <span class='ocrx_word' id='word_1_74' title='bbox 1185 1166 1470 1235; x_wconf 82' lang='grc' dir='ltr'><strong>ἄνθρωπον</strong></span> <span class='ocrx_word' id='word_1_75' title='bbox 1499 1164 1797 1225; x_wconf 86' lang='grc' dir='ltr'><strong>ἀνέσωσεν,</strong></span> 
     </span>
    </p>
   </div>
   <div class='ocr_carea' id='block_1_13' title="bbox 225 1256 1801 1326">
    <p class='ocr_par' dir='ltr' id='par_1_13' title="bbox 225 1256 1801 1326">
     <span class='ocr_line' id='line_1_13' title="bbox 225 1256 1801 1326; baseline -0.002 -17"><span class='ocrx_word' id='word_1_76' title='bbox 225 1259 323 1309; x_wconf 52' lang='grc' dir='ltr'><strong>καὶ.</strong></span> <span class='ocrx_word' id='word_1_77' title='bbox 341 1257 435 1308; x_wconf 88' lang='grc' dir='ltr'><strong>ἀνε</strong></span> <span class='ocrx_word' id='word_1_78' title='bbox 445 1258 774 1325; x_wconf 83' lang='grc' dir='ltr'><strong>στοιχείωσε,</strong></span> <span class='ocrx_word' id='word_1_79' title='bbox 795 1257 890 1308; x_wconf 72' lang='grc' dir='ltr'><strong>καὶ</strong></span> <span class='ocrx_word' id='word_1_80' title='bbox 912 1258 1037 1318; x_wconf 75' lang='grc' dir='ltr'><strong>τοὺς</strong></span> <span class='ocrx_word' id='word_1_81' title='bbox 1058 1258 1321 1322; x_wconf 73' lang='grc' dir='ltr'><strong>ἀγγέλους</strong></span> <span class='ocrx_word' id='word_1_82' title='bbox 1349 1259 1429 1319; x_wconf 88' lang='grc' dir='ltr'><strong>είς</strong></span> <span class='ocrx_word' id='word_1_83' title='bbox 1452 1258 1551 1326; x_wconf 77' lang='grc' dir='ltr'><strong>τὴν</strong></span> <span class='ocrx_word' id='word_1_84' title='bbox 1568 1256 1801 1326; x_wconf 80' lang='grc' dir='ltr'><strong>ἀρχαίαν</strong></span> 
     </span>
    </p>
   </div>
   <div class='ocr_carea' id='block_1_14' title="bbox 226 1346 1803 1418">
    <p class='ocr_par' dir='ltr' id='par_1_14' title="bbox 226 1346 1803 1418">
     <span class='ocr_line' id='line_1_14' title="bbox 226 1346 1803 1418; baseline 0 -20"><span class='ocrx_word' id='word_1_85' title='bbox 226 1349 405 1416; x_wconf 66' lang='grc' dir='ltr'><strong>ἦγαγε</strong></span> <span class='ocrx_word' id='word_1_86' title='bbox 431 1347 605 1417; x_wconf 70' lang='grc' dir='ltr'><strong>χαρὰν</strong></span> <span class='ocrx_word' id='word_1_87' title='bbox 636 1349 954 1416; x_wconf 77' lang='grc' dir='ltr'><strong>σωζομένων</strong></span> <span class='ocrx_word' id='word_1_88' title='bbox 990 1346 1322 1418; x_wconf 87' lang='grc' dir='ltr'><strong>ἀνθρώπων,</strong></span> <span class='ocrx_word' id='word_1_89' title='bbox 1357 1350 1452 1400; x_wconf 71' lang='grc' dir='ltr'><strong>καὶ</strong></span> <span class='ocrx_word' id='word_1_90' title='bbox 1483 1348 1689 1415; x_wconf 74' lang='grc' dir='ltr'><strong>συνῆψε</strong></span> <span class='ocrx_word' id='word_1_91' title='bbox 1732 1347 1803 1399; x_wconf 73' lang='grc' dir='ltr'><strong>τὰ</strong></span> 
     </span>
    </p>
   </div>
   <div class='ocr_carea' id='block_1_15' title="bbox 231 1437 1803 1500">
    <p class='ocr_par' dir='ltr' id='par_1_15' title="bbox 231 1437 1803 1500">
     <span class='ocr_line' id='line_1_15' title="bbox 231 1437 1803 1500; baseline 0 -11"><span class='ocrx_word' id='word_1_92' title='bbox 231 1439 385 1489; x_wconf 78' lang='grc' dir='ltr'><strong>κάτω</strong></span> <span class='ocrx_word' id='word_1_93' title='bbox 415 1441 526 1499; x_wconf 84' lang='grc' dir='ltr'><strong>τοῖς</strong></span> <span class='ocrx_word' id='word_1_94' title='bbox 557 1438 667 1490; x_wconf 85' lang='grc' dir='ltr'><strong>ἄνω</strong></span> <span class='ocrx_word' id='word_1_95' title='bbox 687 1455 700 1467; x_wconf 90' lang='grc'><strong>·</strong></span> <span class='ocrx_word' id='word_1_96' title='bbox 731 1439 823 1489; x_wconf 70' lang='grc' dir='ltr'><strong>καὶ</strong></span> <span class='ocrx_word' id='word_1_97' title='bbox 857 1437 1013 1490; x_wconf 79' lang='grc' dir='ltr'><strong>τοῦτό</strong></span> <span class='ocrx_word' id='word_1_98' title='bbox 1043 1441 1158 1490; x_wconf 80' lang='grc' dir='ltr'><strong>ἐστι</strong></span> <span class='ocrx_word' id='word_1_99' title='bbox 1186 1439 1245 1490; x_wconf 85' lang='grc' dir='ltr'><strong>τὸ</strong></span> <span class='ocrx_word' id='word_1_100' title='bbox 1265 1479 1279 1500; x_wconf 92' lang='grc'><strong>,</strong></span> <span class='ocrx_word' id='word_1_101' title='bbox 1309 1438 1803 1500; x_wconf 75' lang='grc' dir='ltr'><strong>ἀποκαταλλάξαι</strong></span> 
     </span>
    </p>
   </div>
   <div class='ocr_carea' id='block_1_16' title="bbox 225 1527 1803 1599">
    <p class='ocr_par' dir='ltr' id='par_1_16' title="bbox 225 1527 1803 1599">
     <span class='ocr_line' id='line_1_16' title="bbox 225 1527 1803 1599; baseline 0.001 -20"><span class='ocrx_word' id='word_1_102' title='bbox 225 1527 299 1579; x_wconf 82' lang='grc' dir='ltr'><strong>τὰ</strong></span> <span class='ocrx_word' id='word_1_103' title='bbox 348 1528 564 1582; x_wconf 77' lang='grc' dir='ltr'><strong>πάντα.</strong></span> <span class='ocrx_word' id='word_1_104' title='bbox 619 1528 870 1598; x_wconf 79' lang='grc' dir='ltr'><strong>Ἐποίησε</strong></span> <span class='ocrx_word' id='word_1_105' title='bbox 916 1533 1025 1599; x_wconf 76' lang='grc' dir='ltr'><strong>γὰρ</strong></span> <span class='ocrx_word' id='word_1_106' title='bbox 1066 1532 1306 1599; x_wconf 77' lang='grc' dir='ltr'><strong>εἰρήνην,</strong></span> <span class='ocrx_word' id='word_1_107' title='bbox 1342 1532 1435 1581; x_wconf 71' lang='grc' dir='ltr'><strong>καὶ</strong></span> <span class='ocrx_word' id='word_1_108' title='bbox 1469 1532 1569 1598; x_wconf 81' lang='grc' dir='ltr'><strong>τὴν</strong></span> <span class='ocrx_word' id='word_1_109' title='bbox 1604 1529 1803 1597; x_wconf 74' lang='grc' dir='ltr'><strong>ἔχθραν</strong></span> 
     </span>
    </p>
   </div>
   <div class='ocr_carea' id='block_1_17' title="bbox 227 1613 1804 1688">
    <p class='ocr_par' dir='ltr' id='par_1_17' title="bbox 227 1613 1804 1688">
     <span class='ocr_line' id='line_1_17' title="bbox 227 1613 1804 1688; baseline 0.001 -21"><span class='ocrx_word' id='word_1_110' title='bbox 227 1613 363 1687; x_wconf 80' lang='grc' dir='ltr'><strong>ἦρεν</strong></span> <span class='ocrx_word' id='word_1_111' title='bbox 394 1621 455 1668; x_wconf 84' lang='grc' dir='ltr'><strong>ὲκ</strong></span> <span class='ocrx_word' id='word_1_112' title='bbox 482 1617 573 1669; x_wconf 84' lang='grc' dir='ltr'><strong>τοῦ</strong></span> <span class='ocrx_word' id='word_1_113' title='bbox 617 1621 803 1687; x_wconf 78' lang='grc' dir='ltr'><strong>μέσου.</strong></span> <span class='ocrx_word' id='word_1_114' title='bbox 838 1619 929 1671; x_wconf 80' lang='grc' dir='ltr'><strong>Διὸ</strong></span> <span class='ocrx_word' id='word_1_115' title='bbox 953 1621 1048 1673; x_wconf 73' lang='grc' dir='ltr'><strong>καὶ</strong></span> <span class='ocrx_word' id='word_1_116' title='bbox 1071 1621 1253 1687; x_wconf 78' lang='grc' dir='ltr'><strong>ελεγον</strong></span> <span class='ocrx_word' id='word_1_117' title='bbox 1284 1622 1332 1671; x_wconf 89' lang='grc' dir='ltr'><strong>οἱ</strong></span> <span class='ocrx_word' id='word_1_118' title='bbox 1363 1621 1616 1688; x_wconf 82' lang='grc' dir='ltr'><strong>ἄγγελοι,</strong></span> <span class='ocrx_word' id='word_1_119' title='bbox 1651 1620 1804 1681; x_wconf 77' lang='grc' dir='ltr'><strong>Δόξα</strong></span> 
     </span>
    </p>
   </div>
   <div class='ocr_carea' id='block_1_18' title="bbox 228 1697 1729 1779">
    <p class='ocr_par' dir='ltr' id='par_1_18' title="bbox 228 1697 1729 1779">
     <span class='ocr_line' id='line_1_18' title="bbox 228 1697 1729 1779; baseline 0 -17"><span class='ocrx_word' id='word_1_120' title='bbox 228 1710 297 1762; x_wconf 78' lang='grc' dir='ltr'><strong>ἐν</strong></span> <span class='ocrx_word' id='word_1_121' title='bbox 324 1710 605 1776; x_wconf 60' lang='grc' dir='ltr'><strong>ὑψίστοις</strong></span> <span class='ocrx_word' id='word_1_122' title='bbox 632 1708 776 1774; x_wconf 84' lang='grc' dir='ltr'><strong>Θεῷ,</strong></span> <span class='ocrx_word' id='word_1_123' title='bbox 811 1711 907 1762; x_wconf 84' lang='grc' dir='ltr'><strong>καί</strong></span> <span class='ocrx_word' id='word_1_124' title='bbox 935 1710 1031 1763; x_wconf 78' lang='grc' dir='ltr'><strong>ἐπὶ</strong></span> <span class='ocrx_word' id='word_1_125' title='bbox 1052 1709 1167 1779; x_wconf 77' lang='grc' dir='ltr'><strong>τῆς</strong></span> <span class='ocrx_word' id='word_1_126' title='bbox 1189 1710 1417 1777; x_wconf 77' lang='grc' dir='ltr'><strong>είρήνη.</strong></span> <span class='ocrx_word' id='word_1_127' title='bbox 1720 1697 1729 1707; x_wconf 60' lang='grc'><em>’</em></span> 
     </span>
    </p>
   </div>
   <div class='ocr_carea' id='block_1_19' title="bbox 307 1799 1805 1871">
    <p class='ocr_par' dir='ltr' id='par_1_19' title="bbox 307 1799 1805 1871">
     <span class='ocr_line' id='line_1_19' title="bbox 307 1799 1805 1871; baseline 0.001 -21"><span class='ocrx_word' id='word_1_128' title='bbox 307 1819 325 1850; x_wconf 83' lang='grc' dir='ltr'><strong>ι</strong></span> <span class='ocrx_word' id='word_1_129' title='bbox 378 1801 488 1851; x_wconf 66' lang='grc' dir='ltr'><strong>Καὶ</strong></span> <span class='ocrx_word' id='word_1_130' title='bbox 532 1801 675 1868; x_wconf 75' lang='grc' dir='ltr'><strong>ὑμᾶς</strong></span> <span class='ocrx_word' id='word_1_131' title='bbox 724 1801 855 1853; x_wconf 77' lang='grc' dir='ltr'><strong>ποτὲ</strong></span> <span class='ocrx_word' id='word_1_132' title='bbox 910 1801 1071 1863; x_wconf 73' lang='grc' dir='ltr'><strong>ὄντας</strong></span> <span class='ocrx_word' id='word_1_133' title='bbox 1117 1801 1667 1871; x_wconf 73' lang='grc' dir='ltr'><strong>ἀπηλλοτριωμένους</strong></span> <span class='ocrx_word' id='word_1_134' title='bbox 1710 1799 1805 1852; x_wconf 85' lang='grc' dir='ltr'><strong>καί</strong></span> 
     </span>
    </p>
   </div>
   <div class='ocr_carea' id='block_1_20' title="bbox 229 1889 1799 1960">
    <p class='ocr_par' dir='ltr' id='par_1_20' title="bbox 229 1889 1799 1960">
     <span class='ocr_line' id='line_1_20' title="bbox 229 1889 1799 1960; baseline 0 -20"><span class='ocrx_word' id='word_1_135' title='bbox 229 1889 464 1958; x_wconf 73' lang='grc' dir='ltr'><strong>ἐχθροὺς</strong></span> <span class='ocrx_word' id='word_1_136' title='bbox 496 1891 560 1958; x_wconf 75' lang='grc' dir='ltr'><strong>τῇ</strong></span> <span class='ocrx_word' id='word_1_137' title='bbox 606 1890 852 1959; x_wconf 76' lang='grc' dir='ltr'><strong>διανοίᾳ,</strong></span> <span class='ocrx_word' id='word_1_138' title='bbox 886 1893 942 1941; x_wconf 89' lang='lat' dir='ltr'><strong>tv</strong></span> <span class='ocrx_word' id='word_1_139' title='bbox 977 1893 1090 1952; x_wconf 85' lang='grc' dir='ltr'><strong>τοῖς</strong></span> <span class='ocrx_word' id='word_1_140' title='bbox 1129 1891 1309 1960; x_wconf 76' lang='grc' dir='ltr'><strong>ἔργοις</strong></span> <span class='ocrx_word' id='word_1_141' title='bbox 1357 1894 1469 1953; x_wconf 83' lang='grc' dir='ltr'><strong>τοῖς</strong></span> <span class='ocrx_word' id='word_1_142' title='bbox 1520 1892 1799 1959; x_wconf 74' lang='grc' dir='ltr'><strong>πονηροῖς,</strong></span> 
     </span>
    </p>
   </div>
   <div class='ocr_carea' id='block_1_21' title="bbox 229 1982 1800 2052">
    <p class='ocr_par' dir='ltr' id='par_1_21' title="bbox 229 1982 1800 2052">
     <span class='ocr_line' id='line_1_21' title="bbox 229 1982 1800 2052; baseline 0.001 -19"><span class='ocrx_word' id='word_1_143' title='bbox 229 1983 347 2033; x_wconf 73' lang='grc' dir='ltr'><strong>νυνὶ</strong></span> <span class='ocrx_word' id='word_1_144' title='bbox 379 1982 436 2033; x_wconf 77' lang='grc' dir='ltr'><strong>δὲ</strong></span> <span class='ocrx_word' id='word_1_145' title='bbox 489 1984 932 2051; x_wconf 79' lang='grc' dir='ltr'><strong>ἀποκατήλλαξεν</strong></span> <span class='ocrx_word' id='word_1_146' title='bbox 968 1984 1026 2035; x_wconf 87' lang='lat' dir='ltr'><strong>tv</strong></span> <span class='ocrx_word' id='word_1_147' title='bbox 1066 1983 1145 2052; x_wconf 81' lang='grc' dir='ltr'><strong>τῷ</strong></span> <span class='ocrx_word' id='word_1_148' title='bbox 1194 1983 1402 2051; x_wconf 89' lang='grc' dir='ltr'><strong>σώματι</strong></span> <span class='ocrx_word' id='word_1_149' title='bbox 1454 1983 1551 2044; x_wconf 71' lang='grc' dir='ltr'><strong>τῆς</strong></span> <span class='ocrx_word' id='word_1_150' title='bbox 1599 1983 1800 2049; x_wconf 80' lang='grc' dir='ltr'><strong>σαρκὸς</strong></span> 
     </span>
    </p>
   </div>
   <div class='ocr_carea' id='block_1_22' title="bbox 230 2072 1800 2144">
    <p class='ocr_par' dir='ltr' id='par_1_22' title="bbox 230 2072 1800 2144">
     <span class='ocr_line' id='line_1_22' title="bbox 230 2072 1800 2144; baseline 0 -20"><span class='ocrx_word' id='word_1_151' title='bbox 230 2073 398 2124; x_wconf 82' lang='grc' dir='ltr'><strong>αὐτοῦ</strong></span> <span class='ocrx_word' id='word_1_152' title='bbox 426 2072 515 2123; x_wconf 72' lang='grc' dir='ltr'><strong>διὰ</strong></span> <span class='ocrx_word' id='word_1_153' title='bbox 556 2072 647 2124; x_wconf 80' lang='grc' dir='ltr'><strong>τοῦ</strong></span> <span class='ocrx_word' id='word_1_154' title='bbox 699 2074 962 2141; x_wconf 50' lang='grc' dir='ltr'><strong>θανάτου,</strong></span> <span class='ocrx_word' id='word_1_155' title='bbox 1015 2074 1371 2144; x_wconf 78' lang='grc' dir='ltr'><strong>παραστῆσαι</strong></span> <span class='ocrx_word' id='word_1_156' title='bbox 1427 2074 1571 2141; x_wconf 82' lang='grc' dir='ltr'><strong>ὑμᾶς</strong></span> <span class='ocrx_word' id='word_1_157' title='bbox 1612 2074 1800 2140; x_wconf 81' lang='grc' dir='ltr'><strong>ἁγίους</strong></span> 
     </span>
    </p>
   </div>
   <div class='ocr_carea' id='block_1_23' title="bbox 229 2162 1797 2235">
    <p class='ocr_par' dir='ltr' id='par_1_23' title="bbox 229 2162 1797 2235">
     <span class='ocr_line' id='line_1_23' title="bbox 229 2162 1797 2235; baseline 0.002 -21"><span class='ocrx_word' id='word_1_158' title='bbox 229 2163 324 2216; x_wconf 73' lang='grc' dir='ltr'><strong>καὶ</strong></span> <span class='ocrx_word' id='word_1_159' title='bbox 359 2162 647 2231; x_wconf 79' lang='grc' dir='ltr'><strong>ἀμώμους,</strong></span> <span class='ocrx_word' id='word_1_160' title='bbox 680 2165 772 2216; x_wconf 66' lang='grc' dir='ltr'><strong>καὶ</strong></span> <span class='ocrx_word' id='word_1_161' title='bbox 806 2165 1167 2235; x_wconf 79' lang='grc' dir='ltr'><strong>ἀνεγκλήτους</strong></span> <span class='ocrx_word' id='word_1_162' title='bbox 1200 2166 1535 2218; x_wconf 85' lang='grc' dir='ltr'><strong>κατενώπιον</strong></span> <span class='ocrx_word' id='word_1_163' title='bbox 1560 2164 1745 2218; x_wconf 76' lang='grc' dir='ltr'><strong>αὐτοῦ.</strong></span> <span class='ocrx_word' id='word_1_164' title='bbox 1780 2184 1797 2217; x_wconf 79' lang='grc' dir='ltr'><strong>ι</strong></span> 
     </span>
    </p>
   </div>
   <div class='ocr_carea' id='block_1_24' title="bbox 322 2250 1802 2327">
    <p class='ocr_par' dir='ltr' id='par_1_24' title="bbox 322 2250 1802 2327">
     <span class='ocr_line' id='line_1_24' title="bbox 322 2250 1802 2327; baseline 0.001 -22"><span class='ocrx_word' id='word_1_165' title='bbox 322 2253 541 2323; x_wconf 68' lang='grc' dir='ltr'><strong>Ἐχθροὶ</strong></span> <span class='ocrx_word' id='word_1_166' title='bbox 601 2250 740 2323; x_wconf 76' lang='grc' dir='ltr'><strong>ἦσαν</strong></span> <span class='ocrx_word' id='word_1_167' title='bbox 792 2259 857 2325; x_wconf 80' lang='grc' dir='ltr'><strong>τῇ</strong></span> <span class='ocrx_word' id='word_1_168' title='bbox 903 2256 1114 2327; x_wconf 73' lang='grc' dir='ltr'><strong>διανοίᾳ</strong></span> <span class='ocrx_word' id='word_1_169' title='bbox 1162 2258 1211 2309; x_wconf 83' lang='grc' dir='ltr'><strong>οἱ</strong></span> <span class='ocrx_word' id='word_1_170' title='bbox 1254 2257 1653 2327; x_wconf 77' lang='grc' dir='ltr'><strong>κεχωρισμένοι</strong></span> <span class='ocrx_word' id='word_1_171' title='bbox 1706 2256 1802 2307; x_wconf 86' lang='grc' dir='ltr'><strong>τοῦ</strong></span> 
     </span>
    </p>
   </div>
   <div class='ocr_carea' id='block_1_25' title="bbox 242 2345 1803 2419">
    <p class='ocr_par' dir='ltr' id='par_1_25' title="bbox 242 2345 1803 2419">
     <span class='ocr_line' id='line_1_25' title="bbox 242 2345 1803 2419; baseline 0.001 -22"><span class='ocrx_word' id='word_1_172' title='bbox 242 2346 461 2414; x_wconf 74' lang='grc' dir='ltr'><strong>Ἰσραὴλ</strong></span> <span class='ocrx_word' id='word_1_173' title='bbox 492 2346 578 2398; x_wconf 69' lang='grc' dir='ltr'><strong>διὰ</strong></span> <span class='ocrx_word' id='word_1_174' title='bbox 626 2347 685 2399; x_wconf 81' lang='grc' dir='ltr'><strong>τὸ</strong></span> <span class='ocrx_word' id='word_1_175' title='bbox 727 2349 783 2399; x_wconf 89' lang='lat' dir='ltr'><strong>tv</strong></span> <span class='ocrx_word' id='word_1_176' title='bbox 827 2348 1011 2419; x_wconf 77' lang='grc' dir='ltr'><strong>ἔργοις</strong></span> <span class='ocrx_word' id='word_1_177' title='bbox 1054 2345 1194 2400; x_wconf 79' lang='grc' dir='ltr'><strong>εἶναι</strong></span> <span class='ocrx_word' id='word_1_178' title='bbox 1231 2351 1512 2418; x_wconf 86' lang='grc' dir='ltr'><strong>πονηροῖς.</strong></span> <span class='ocrx_word' id='word_1_179' title='bbox 1561 2347 1673 2417; x_wconf 83' lang='grc' dir='ltr'><strong>Τὴν</strong></span> <span class='ocrx_word' id='word_1_180' title='bbox 1707 2348 1803 2416; x_wconf 83' lang='grc' dir='ltr'><strong>μὲν</strong></span> 
     </span>
    </p>
   </div>
   <div class='ocr_carea' id='block_1_26' title="bbox 228 2438 1803 2511">
    <p class='ocr_par' dir='ltr' id='par_1_26' title="bbox 228 2438 1803 2511">
     <span class='ocr_line' id='line_1_26' title="bbox 228 2438 1803 2511; baseline 0.001 -22"><span class='ocrx_word' id='word_1_181' title='bbox 228 2439 691 2508; x_wconf 77' lang='grc' dir='ltr'><strong>προϋπάρχουσαν</strong></span> <span class='ocrx_word' id='word_1_182' title='bbox 722 2438 940 2509; x_wconf 80' lang='grc' dir='ltr'><strong>ἔχθραν,</strong></span> <span class='ocrx_word' id='word_1_183' title='bbox 966 2440 1054 2493; x_wconf 76' lang='grc' dir='ltr'><strong>διὰ</strong></span> <span class='ocrx_word' id='word_1_184' title='bbox 1100 2441 1199 2511; x_wconf 84' lang='grc' dir='ltr'><strong>τὴν</strong></span> <span class='ocrx_word' id='word_1_185' title='bbox 1230 2440 1429 2493; x_wconf 85' lang='grc' dir='ltr'><strong>κακίαν</strong></span> <span class='ocrx_word' id='word_1_186' title='bbox 1456 2441 1547 2493; x_wconf 71' lang='grc' dir='ltr'><strong>καὶ</strong></span> <span class='ocrx_word' id='word_1_187' title='bbox 1569 2442 1803 2509; x_wconf 83' lang='grc' dir='ltr'><strong>ἀνομίαν</strong></span> 
     </span>
    </p>
   </div>
   <div class='ocr_carea' id='block_1_27' title="bbox 229 2532 1803 2602">
    <p class='ocr_par' dir='ltr' id='par_1_27' title="bbox 229 2532 1803 2602">
     <span class='ocr_line' id='line_1_27' title="bbox 229 2532 1803 2602; baseline 0.003 -21"><span class='ocrx_word' id='word_1_188' title='bbox 229 2533 308 2591; x_wconf 86' lang='grc' dir='ltr'><strong>εἰς</strong></span> <span class='ocrx_word' id='word_1_189' title='bbox 350 2532 533 2598; x_wconf 81' lang='grc' dir='ltr'><strong>φιλίαν</strong></span> <span class='ocrx_word' id='word_1_190' title='bbox 564 2532 878 2601; x_wconf 82' lang='grc' dir='ltr'><strong>ἐληλυθέναι</strong></span> <span class='ocrx_word' id='word_1_191' title='bbox 929 2533 1082 2602; x_wconf 74' lang='grc' dir='ltr'><strong>φησὶ,</strong></span> <span class='ocrx_word' id='word_1_192' title='bbox 1116 2533 1203 2584; x_wconf 72' lang='grc' dir='ltr'><strong>διὰ</strong></span> <span class='ocrx_word' id='word_1_193' title='bbox 1243 2533 1304 2585; x_wconf 84' lang='grc' dir='ltr'><strong>τὸ</strong></span> <span class='ocrx_word' id='word_1_194' title='bbox 1340 2532 1683 2601; x_wconf 71' lang='grc' dir='ltr'><strong>νεκρωθῆναι</strong></span> <span class='ocrx_word' id='word_1_195' title='bbox 1714 2533 1803 2585; x_wconf 73' lang='grc' dir='ltr'><strong>τὸν</strong></span> 
     </span>
    </p>
   </div>
   <div class='ocr_carea' id='block_1_28' title="bbox 226 2619 1803 2692">
    <p class='ocr_par' dir='ltr' id='par_1_28' title="bbox 226 2619 1803 2692">
     <span class='ocr_line' id='line_1_28' title="bbox 226 2619 1803 2692; baseline 0.001 -22"><span class='ocrx_word' id='word_1_196' title='bbox 226 2619 327 2687; x_wconf 80' lang='grc' dir='ltr'><strong>τῆς</strong></span> <span class='ocrx_word' id='word_1_197' title='bbox 357 2621 558 2689; x_wconf 78' lang='grc' dir='ltr'><strong>σαρκὸς</strong></span> <span class='ocrx_word' id='word_1_198' title='bbox 597 2620 729 2688; x_wconf 71' lang='grc' dir='ltr'><strong>βίον,</strong></span> <span class='ocrx_word' id='word_1_199' title='bbox 774 2621 865 2673; x_wconf 83' lang='grc' dir='ltr'><strong>τὸν</strong></span> <span class='ocrx_word' id='word_1_200' title='bbox 908 2624 965 2674; x_wconf 91' lang='lat' dir='ltr'><strong>tv</strong></span> <span class='ocrx_word' id='word_1_201' title='bbox 997 2622 1128 2691; x_wconf 78' lang='grc' dir='ltr'><strong>ἡμῖν</strong></span> <span class='ocrx_word' id='word_1_202' title='bbox 1165 2622 1264 2690; x_wconf 81' lang='grc' dir='ltr'><strong>μὲν</strong></span> <span class='ocrx_word' id='word_1_203' title='bbox 1299 2622 1712 2692; x_wconf 73' lang='grc' dir='ltr'><strong>έρῤυπωμένον,</strong></span> <span class='ocrx_word' id='word_1_204' title='bbox 1746 2623 1803 2673; x_wconf 82' lang='grc' dir='ltr'><strong>ἐν</strong></span> 
     </span>
    </p>
   </div>
   <div class='ocr_carea' id='block_1_29' title="bbox 227 2712 1804 2781">
    <p class='ocr_par' dir='ltr' id='par_1_29' title="bbox 227 2712 1804 2781">
     <span class='ocr_line' id='line_1_29' title="bbox 227 2712 1804 2781; baseline -0.001 -17"><span class='ocrx_word' id='word_1_205' title='bbox 227 2713 453 2781; x_wconf 81' lang='grc' dir='ltr'><strong>Χριστῷ</strong></span> <span class='ocrx_word' id='word_1_206' title='bbox 479 2714 533 2765; x_wconf 81' lang='grc' dir='ltr'><strong>δὲ</strong></span> <span class='ocrx_word' id='word_1_207' title='bbox 565 2713 802 2781; x_wconf 53' lang='grc' dir='ltr'><strong>καθαῷν</strong></span> <span class='ocrx_word' id='word_1_208' title='bbox 828 2755 842 2778; x_wconf 91' lang='grc'><strong>,</strong></span> <span class='ocrx_word' id='word_1_209' title='bbox 890 2712 1115 2765; x_wconf 83' lang='grc' dir='ltr'><strong>δοθέντα</strong></span> <span class='ocrx_word' id='word_1_210' title='bbox 1144 2712 1201 2765; x_wconf 80' lang='grc' dir='ltr'><strong>δὲ</strong></span> <span class='ocrx_word' id='word_1_211' title='bbox 1234 2713 1383 2781; x_wconf 81' lang='grc' dir='ltr'><strong>ὅμως</strong></span> <span class='ocrx_word' id='word_1_212' title='bbox 1415 2714 1494 2773; x_wconf 80' lang='grc' dir='ltr'><strong>εἰς</strong></span> <span class='ocrx_word' id='word_1_213' title='bbox 1537 2712 1804 2781; x_wconf 83' lang='grc' dir='ltr'><strong>νέκρωσιν</strong></span> 
     </span>
    </p>
   </div>
   <div class='ocr_carea' id='block_1_30' title="bbox 227 2802 1805 2872">
    <p class='ocr_par' dir='ltr' id='par_1_30' title="bbox 227 2802 1805 2872">
     <span class='ocr_line' id='line_1_30' title="bbox 227 2802 1805 2872; baseline 0 -17"><span class='ocrx_word' id='word_1_214' title='bbox 227 2802 371 2872; x_wconf 80' lang='grc' dir='ltr'><strong>ὑπὲρ</strong></span> <span class='ocrx_word' id='word_1_215' title='bbox 412 2804 509 2855; x_wconf 85' lang='grc' dir='ltr'><strong>τοῦ</strong></span> <span class='ocrx_word' id='word_1_216' title='bbox 544 2805 641 2871; x_wconf 76' lang='grc' dir='ltr'><strong>τὴν</strong></span> <span class='ocrx_word' id='word_1_217' title='bbox 674 2806 731 2856; x_wconf 77' lang='grc' dir='ltr'><strong>ἐν</strong></span> <span class='ocrx_word' id='word_1_218' title='bbox 756 2802 832 2871; x_wconf 84' lang='grc' dir='ltr'><strong>τῷ</strong></span> <span class='ocrx_word' id='word_1_219' title='bbox 858 2803 957 2872; x_wconf 86' lang='grc' dir='ltr'><strong>βίῳ</strong></span> <span class='ocrx_word' id='word_1_220' title='bbox 1000 2803 1175 2872; x_wconf 74' lang='grc' dir='ltr'><strong>τούτῳ</strong></span> <span class='ocrx_word' id='word_1_221' title='bbox 1197 2804 1327 2871; x_wconf 82' lang='grc' dir='ltr'><strong>παρ’</strong></span> <span class='ocrx_word' id='word_1_222' title='bbox 1371 2803 1504 2872; x_wconf 74' lang='grc' dir='ltr'><strong>ἡμῖν</strong></span> <span class='ocrx_word' id='word_1_223' title='bbox 1532 2819 1805 2872; x_wconf 87' lang='grc' dir='ltr'><strong>κεκρατη-</strong></span> 
     </span>
    </p>
   </div>
   <div class='ocr_carea' id='block_1_31' title="bbox 226 2894 1803 2965">
    <p class='ocr_par' dir='ltr' id='par_1_31' title="bbox 226 2894 1803 2965">
     <span class='ocr_line' id='line_1_31' title="bbox 226 2894 1803 2965; baseline 0.001 -21"><span class='ocrx_word' id='word_1_224' title='bbox 226 2897 388 2945; x_wconf 87' lang='grc' dir='ltr'><strong>κυῑαν</strong></span> <span class='ocrx_word' id='word_1_225' title='bbox 417 2896 692 2963; x_wconf 81' lang='grc' dir='ltr'><strong>ἁμαρτίαν</strong></span> <span class='ocrx_word' id='word_1_226' title='bbox 725 2897 786 2947; x_wconf 80' lang='grc' dir='ltr'><strong>ὲκ</strong></span> <span class='ocrx_word' id='word_1_227' title='bbox 826 2895 1043 2965; x_wconf 79' lang='grc' dir='ltr'><strong>βάθρων</strong></span> <span class='ocrx_word' id='word_1_228' title='bbox 1072 2894 1450 2965; x_wconf 83' lang='grc' dir='ltr'><strong>ἀναιρεθῆναι,</strong></span> <span class='ocrx_word' id='word_1_229' title='bbox 1487 2894 1626 2946; x_wconf 86' lang='grc' dir='ltr'><strong>ὥστε</strong></span> <span class='ocrx_word' id='word_1_230' title='bbox 1657 2896 1803 2963; x_wconf 76' lang='grc' dir='ltr'><strong>ἡμᾶς</strong></span> 
     </span>
    </p>
   </div>
   <div class='ocr_carea' id='block_1_32' title="bbox 224 2985 1800 3056">
    <p class='ocr_par' dir='ltr' id='par_1_32' title="bbox 224 2985 1800 3056">
     <span class='ocr_line' id='line_1_32' title="bbox 224 2985 1800 3056; baseline 0.001 -19"><span class='ocrx_word' id='word_1_231' title='bbox 224 2985 350 3037; x_wconf 80' lang='grc' dir='ltr'><strong>καθ’</strong></span> <span class='ocrx_word' id='word_1_232' title='bbox 388 2986 581 3055; x_wconf 84' lang='grc' dir='ltr'><strong>ἑτέραν</strong></span> <span class='ocrx_word' id='word_1_233' title='bbox 618 2986 764 3054; x_wconf 66' lang='grc' dir='ltr'><strong>ζωὴν</strong></span> <span class='ocrx_word' id='word_1_234' title='bbox 790 2987 889 3055; x_wconf 83' lang='grc' dir='ltr'><strong>τὴν</strong></span> <span class='ocrx_word' id='word_1_235' title='bbox 924 2988 987 3038; x_wconf 83' lang='grc' dir='ltr'><strong>ὲκ</strong></span> <span class='ocrx_word' id='word_1_236' title='bbox 1025 2985 1233 3055; x_wconf 84' lang='grc' dir='ltr'><strong>νεκρῶν</strong></span> <span class='ocrx_word' id='word_1_237' title='bbox 1265 2987 1613 3056; x_wconf 80' lang='grc' dir='ltr'><strong>παραστῆναι</strong></span> <span class='ocrx_word' id='word_1_238' title='bbox 1642 2986 1761 3055; x_wconf 84' lang='grc' dir='ltr'><strong>Θεῷ</strong></span> <span class='ocrx_word' id='word_1_239' title='bbox 1784 3028 1800 3053; x_wconf 94' lang='grc'><strong>,</strong></span> 
     </span>
    </p>
   </div>
   <div class='ocr_carea' id='block_1_33' title="bbox 226 3073 1800 3144">
    <p class='ocr_par' dir='ltr' id='par_1_33' title="bbox 226 3073 1800 3144">
     <span class='ocr_line' id='line_1_33' title="bbox 226 3073 1800 3144; baseline 0.004 -23"><span class='ocrx_word' id='word_1_240' title='bbox 226 3077 426 3139; x_wconf 78' lang='grc' dir='ltr'><strong>μηκέτι</strong></span> <span class='ocrx_word' id='word_1_241' title='bbox 456 3073 671 3140; x_wconf 74' lang='grc' dir='ltr'><strong>ἐνόχους</strong></span> <span class='ocrx_word' id='word_1_242' title='bbox 697 3075 808 3135; x_wconf 86' lang='grc' dir='ltr'><strong>τοῖς</strong></span> <span class='ocrx_word' id='word_1_243' title='bbox 836 3074 1150 3143; x_wconf 77' lang='grc' dir='ltr'><strong>ἐγκλήμασι</strong></span> <span class='ocrx_word' id='word_1_244' title='bbox 1180 3076 1280 3143; x_wconf 85' lang='grc' dir='ltr'><strong>τῆς</strong></span> <span class='ocrx_word' id='word_1_245' title='bbox 1305 3076 1584 3144; x_wconf 79' lang='grc' dir='ltr'><strong>προτέρας</strong></span> <span class='ocrx_word' id='word_1_246' title='bbox 1613 3075 1760 3144; x_wconf 82' lang='grc' dir='ltr'><strong>ζωῆς</strong></span> <span class='ocrx_word' id='word_1_247' title='bbox 1786 3115 1800 3136; x_wconf 85' lang='grc'><strong>,</strong></span> 
     </span>
    </p>
   </div>
   <div class='ocr_carea' id='block_1_34' title="bbox 222 3162 1873 3234">
    <p class='ocr_par' dir='ltr' id='par_1_34' title="bbox 222 3162 1873 3234">
     <span class='ocr_line' id='line_1_34' title="bbox 222 3162 1873 3234; baseline 0.003 -22"><span class='ocrx_word' id='word_1_248' title='bbox 222 3162 337 3213; x_wconf 85' lang='grc' dir='ltr'><strong>ὅσοι</strong></span> <span class='ocrx_word' id='word_1_249' title='bbox 368 3162 567 3233; x_wconf 74' lang='grc' dir='ltr'><strong>δηλαδὴ</strong></span> <span class='ocrx_word' id='word_1_250' title='bbox 594 3163 1067 3234; x_wconf 58' lang='grc' dir='ltr'><strong>συμμορφούμεθα</strong></span> <span class='ocrx_word' id='word_1_251' title='bbox 1096 3163 1173 3234; x_wconf 82' lang='grc' dir='ltr'><strong>τῷ</strong></span> <span class='ocrx_word' id='word_1_252' title='bbox 1196 3164 1413 3234; x_wconf 84' lang='grc' dir='ltr'><strong>θανάτῳ</strong></span> <span class='ocrx_word' id='word_1_253' title='bbox 1437 3166 1531 3217; x_wconf 67' lang='grc' dir='ltr'><strong>καὶ</strong></span> <span class='ocrx_word' id='word_1_254' title='bbox 1564 3168 1631 3233; x_wconf 80' lang='grc' dir='ltr'><strong>τῇ</strong></span> <span class='ocrx_word' id='word_1_255' title='bbox 1672 3168 1803 3217; x_wconf 84' lang='grc' dir='ltr'><strong>ἀνα·</strong></span> <span class='ocrx_word' id='word_1_256' title='bbox 1833 3208 1873 3234; x_wconf 61' lang='grc' dir='ltr'><strong>ι,</strong></span> 
     </span>
    </p>
   </div>
   <div class='ocr_carea' id='block_1_35' title="bbox 1368 3168 3485 3301">
    <p class='ocr_par' dir='ltr' id='par_1_35' title="bbox 1368 3168 3485 3301">
     <span class='ocr_line' id='line_1_35' title="bbox 1368 3168 3485 3234; baseline -0.009 -16"><span class='ocrx_word' id='word_1_257' title='bbox 1368 3168 1531 3234; x_wconf 71' lang='grc' dir='ltr'><strong>ῳκαὶ</strong></span> <span class='ocrx_word' id='word_1_258' title='bbox 1564 3168 1631 3233; x_wconf 80' lang='grc' dir='ltr'><strong>τῇ</strong></span> <span class='ocrx_word' id='word_1_259' title='bbox 1672 3168 1803 3217; x_wconf 83' lang='grc' dir='ltr'><strong>ἀνα·</strong></span> <span class='ocrx_word' id='word_1_260' title='bbox 1860 3208 1873 3224; x_wconf 80' lang='grc'><strong>,</strong></span> <span class='ocrx_word' id='word_1_261' title='bbox 1913 3168 2176 3227; x_wconf 77' lang='lat' dir='ltr'><strong>deinceps</strong></span> <span class='ocrx_word' id='word_1_262' title='bbox 2218 3168 2522 3210; x_wconf 79' lang='lat' dir='ltr'><strong>anteriorts</strong></span> <span class='ocrx_word' id='word_1_263' title='bbox 2558 3168 2686 3207; x_wconf 60' lang='lat' dir='ltr'><strong>vute</strong></span> <span class='ocrx_word' id='word_1_264' title='bbox 2733 3168 3027 3205; x_wconf 87' lang='lat' dir='ltr'><strong>eruntnum</strong></span> <span class='ocrx_word' id='word_1_265' title='bbox 3074 3168 3189 3212; x_wconf 81' lang='lat' dir='ltr'><strong>rei;</strong></span> <span class='ocrx_word' id='word_1_266' title='bbox 3217 3168 3485 3216; x_wconf 74' lang='lat' dir='ltr'><strong>quotquot</strong></span> 
     </span>
     <span class='ocr_line' id='line_1_36' title="bbox 1833 3209 3485 3301; baseline -0.007 0"><span class='ocrx_word' id='word_1_267' title='bbox 1833 3209 1875 3260; x_wconf 67' lang='grc'><strong>(⁸</strong></span> <span class='ocrx_word' id='word_1_268' title='bbox 1912 3248 2171 3301; x_wconf 91' lang='lat' dir='ltr'><strong>nimirum</strong></span> <span class='ocrx_word' id='word_1_269' title='bbox 2209 3246 2541 3301; x_wconf 81' lang='lat' dir='ltr'><strong>conformati</strong></span> <span class='ocrx_word' id='word_1_270' title='bbox 2576 3258 2773 3299; x_wconf 86' lang='lat' dir='ltr'><strong>sumus</strong></span> <span class='ocrx_word' id='word_1_271' title='bbox 2815 3242 2883 3295; x_wconf 89' lang='lat' dir='ltr'><strong>ad</strong></span> <span class='ocrx_word' id='word_1_272' title='bbox 2918 3249 3153 3297; x_wconf 87' lang='lat' dir='ltr'><strong>mortem</strong></span> <span class='ocrx_word' id='word_1_273' title='bbox 3204 3246 3260 3293; x_wconf 88' lang='lat' dir='ltr'><strong>et</strong></span> <span class='ocrx_word' id='word_1_274' title='bbox 3295 3251 3485 3292; x_wconf 84' lang='lat' dir='ltr'><strong>resur-</strong></span> 
     </span>
    </p>
   </div>
   <div class='ocr_carea' id='block_1_36' title="bbox 224 3253 824 3324">
    <p class='ocr_par' dir='ltr' id='par_1_36' title="bbox 224 3253 824 3324">
     <span class='ocr_line' id='line_1_37' title="bbox 224 3253 824 3324; baseline 0.007 -21"><span class='ocrx_word' id='word_1_275' title='bbox 224 3253 415 3306; x_wconf 74' lang='grc' dir='ltr'><strong>στάσει</strong></span> <span class='ocrx_word' id='word_1_276' title='bbox 448 3255 541 3305; x_wconf 84' lang='grc' dir='ltr'><strong>τοῦ</strong></span> <span class='ocrx_word' id='word_1_277' title='bbox 565 3254 824 3324; x_wconf 74' lang='grc' dir='ltr'><strong>Χριστοῦ.</strong></span> 
     </span>
    </p>
   </div>
   <div class='ocr_carea' id='block_1_37' title="bbox 301 3431 1806 3504">
    <p class='ocr_par' dir='ltr' id='par_1_37' title="bbox 301 3431 1806 3504">
     <span class='ocr_line' id='line_1_38' title="bbox 301 3431 1806 3504; baseline 0.004 -22"><span class='ocrx_word' id='word_1_278' title='bbox 301 3451 320 3482; x_wconf 80' lang='grc' dir='ltr'><strong>ι</strong></span> <span class='ocrx_word' id='word_1_279' title='bbox 365 3432 435 3485; x_wconf 74' lang='grc' dir='ltr'><strong>Εἴ</strong></span> <span class='ocrx_word' id='word_1_280' title='bbox 464 3449 525 3498; x_wconf 88' lang='grc' dir='ltr'><strong>γε</strong></span> <span class='ocrx_word' id='word_1_281' title='bbox 558 3431 843 3503; x_wconf 82' lang='grc' dir='ltr'><strong>ἐπιμένετε</strong></span> <span class='ocrx_word' id='word_1_282' title='bbox 880 3435 946 3503; x_wconf 82' lang='grc' dir='ltr'><strong>τῇ</strong></span> <span class='ocrx_word' id='word_1_283' title='bbox 986 3433 1166 3486; x_wconf 78' lang='grc' dir='ltr'><strong>πίστει</strong></span> <span class='ocrx_word' id='word_1_284' title='bbox 1212 3434 1671 3504; x_wconf 80' lang='grc' dir='ltr'><strong>τεθεμελιωμένοι</strong></span> <span class='ocrx_word' id='word_1_285' title='bbox 1712 3438 1806 3489; x_wconf 69' lang='grc' dir='ltr'><strong>καὶ</strong></span> 
     </span>
    </p>
   </div>
   <div class='ocr_carea' id='block_1_38' title="bbox 225 3522 1806 3595">
    <p class='ocr_par' dir='ltr' id='par_1_38' title="bbox 225 3522 1806 3595">
     <span class='ocr_line' id='line_1_39' title="bbox 225 3522 1806 3595; baseline 0.003 -19"><span class='ocrx_word' id='word_1_286' title='bbox 225 3522 471 3591; x_wconf 72' lang='grc' dir='ltr'><strong>ἑδραῖοι,</strong></span> <span class='ocrx_word' id='word_1_287' title='bbox 522 3523 616 3574; x_wconf 70' lang='grc' dir='ltr'><strong>καὶ</strong></span> <span class='ocrx_word' id='word_1_288' title='bbox 669 3523 743 3593; x_wconf 80' lang='grc' dir='ltr'><strong>μὴ</strong></span> <span class='ocrx_word' id='word_1_289' title='bbox 791 3524 1243 3595; x_wconf 73' lang='grc' dir='ltr'><strong>μετακινούμενοι</strong></span> <span class='ocrx_word' id='word_1_290' title='bbox 1290 3527 1399 3579; x_wconf 73' lang='grc' dir='ltr'><strong>ἀπὸ</strong></span> <span class='ocrx_word' id='word_1_291' title='bbox 1446 3526 1547 3595; x_wconf 77' lang='grc' dir='ltr'><strong>τῆς</strong></span> <span class='ocrx_word' id='word_1_292' title='bbox 1590 3528 1806 3592; x_wconf 80' lang='grc' dir='ltr'><strong>ἐλπίδος</strong></span> 
     </span>
    </p>
   </div>
   <div class='ocr_carea' id='block_1_39' title="bbox 223 3609 1805 3689">
    <p class='ocr_par' dir='ltr' id='par_1_39' title="bbox 223 3609 1805 3689">
     <span class='ocr_line' id='line_1_40' title="bbox 223 3609 1805 3689; baseline 0.003 -23"><span class='ocrx_word' id='word_1_293' title='bbox 223 3614 321 3668; x_wconf 83' lang='grc' dir='ltr'><strong>τοῦ</strong></span> <span class='ocrx_word' id='word_1_294' title='bbox 361 3614 697 3681; x_wconf 78' lang='grc' dir='ltr'><strong>Εὐαγγελίου</strong></span> <span class='ocrx_word' id='word_1_295' title='bbox 727 3654 740 3677; x_wconf 86' lang='grc'><strong>,</strong></span> <span class='ocrx_word' id='word_1_296' title='bbox 776 3609 835 3668; x_wconf 77' lang='grc' dir='ltr'><strong>οῦ</strong></span> <span class='ocrx_word' id='word_1_297' title='bbox 868 3616 1163 3684; x_wconf 71' lang='grc' dir='ltr'><strong>ἠκούσατε,</strong></span> <span class='ocrx_word' id='word_1_298' title='bbox 1198 3618 1291 3671; x_wconf 84' lang='grc' dir='ltr'><strong>τοῦ</strong></span> <span class='ocrx_word' id='word_1_299' title='bbox 1342 3619 1712 3689; x_wconf 82' lang='grc' dir='ltr'><strong>κηρυχθέντος</strong></span> <span class='ocrx_word' id='word_1_300' title='bbox 1749 3623 1805 3673; x_wconf 87' lang='lat' dir='ltr'><strong>tv</strong></span> 
     </span>
    </p>
   </div>
   <div class='ocr_carea' id='block_1_40' title="bbox 224 3704 1804 3781">
    <p class='ocr_par' dir='ltr' id='par_1_40' title="bbox 224 3704 1804 3781">
     <span class='ocr_line' id='line_1_41' title="bbox 224 3704 1804 3781; baseline 0.004 -24"><span class='ocrx_word' id='word_1_301' title='bbox 224 3706 375 3775; x_wconf 75' lang='grc' dir='ltr'><strong>πάσῃ</strong></span> <span class='ocrx_word' id='word_1_302' title='bbox 407 3708 472 3773; x_wconf 82' lang='grc' dir='ltr'><strong>τῇ</strong></span> <span class='ocrx_word' id='word_1_303' title='bbox 504 3707 678 3757; x_wconf 86' lang='grc' dir='ltr'><strong>κτίσει</strong></span> <span class='ocrx_word' id='word_1_304' title='bbox 708 3709 773 3777; x_wconf 80' lang='grc' dir='ltr'><strong>τῇ</strong></span> <span class='ocrx_word' id='word_1_305' title='bbox 808 3707 914 3759; x_wconf 69' lang='grc' dir='ltr'><strong>ὑπὸ</strong></span> <span class='ocrx_word' id='word_1_306' title='bbox 936 3708 1026 3759; x_wconf 73' lang='grc' dir='ltr'><strong>τὸν</strong></span> <span class='ocrx_word' id='word_1_307' title='bbox 1049 3708 1299 3777; x_wconf 76' lang='grc' dir='ltr'><strong>οὐρανὸν,</strong></span> <span class='ocrx_word' id='word_1_308' title='bbox 1317 3704 1379 3763; x_wconf 77' lang='grc' dir='ltr'><strong>οῦ</strong></span> <span class='ocrx_word' id='word_1_309' title='bbox 1404 3710 1671 3781; x_wconf 81' lang='grc' dir='ltr'><strong>ἐγενόμην</strong></span> <span class='ocrx_word' id='word_1_310' title='bbox 1694 3712 1804 3779; x_wconf 73' lang='grc' dir='ltr'><strong>ἐγὼ</strong></span> 
     </span>
    </p>
   </div>
   <div class='ocr_carea' id='block_1_41' title="bbox 224 3794 784 3857">
    <p class='ocr_par' dir='ltr' id='par_1_41' title="bbox 224 3794 784 3857">
     <span class='ocr_line' id='line_1_42' title="bbox 224 3794 784 3857; baseline -0.002 -9"><span class='ocrx_word' id='word_1_311' title='bbox 224 3794 435 3855; x_wconf 81' lang='grc' dir='ltr'><strong>Παῦλος</strong></span> <span class='ocrx_word' id='word_1_312' title='bbox 459 3794 725 3857; x_wconf 81' lang='grc' dir='ltr'><strong>διάκονος.</strong></span> <span class='ocrx_word' id='word_1_313' title='bbox 765 3814 784 3847; x_wconf 80' lang='grc' dir='ltr'><strong>ι</strong></span> 
     </span>
    </p>
   </div>
   <div class='ocr_carea' id='block_1_42' title="bbox 306 3885 1803 3961">
    <p class='ocr_par' dir='ltr' id='par_1_42' title="bbox 306 3885 1803 3961">
     <span class='ocr_line' id='line_1_43' title="bbox 306 3885 1803 3961; baseline 0.005 -22"><span class='ocrx_word' id='word_1_314' title='bbox 306 3885 528 3955; x_wconf 80' lang='grc' dir='ltr'><strong>Ἐπειδὴ</strong></span> <span class='ocrx_word' id='word_1_315' title='bbox 575 3887 712 3956; x_wconf 83' lang='grc' dir='ltr'><strong>ἀκοῇ</strong></span> <span class='ocrx_word' id='word_1_316' title='bbox 749 3889 815 3941; x_wconf 75' lang='grc' dir='ltr'><strong>τὰ</strong></span> <span class='ocrx_word' id='word_1_317' title='bbox 853 3889 974 3942; x_wconf 78' lang='grc' dir='ltr'><strong>κατ’</strong></span> <span class='ocrx_word' id='word_1_318' title='bbox 1008 3890 1209 3953; x_wconf 69' lang='grc' dir='ltr'><strong>αὐτοὺς</strong></span> <span class='ocrx_word' id='word_1_319' title='bbox 1245 3887 1391 3944; x_wconf 72' lang='grc' dir='ltr'><strong>οἶδεν</strong></span> <span class='ocrx_word' id='word_1_320' title='bbox 1418 3933 1432 3953; x_wconf 88' lang='grc'><strong>,</strong></span> <span class='ocrx_word' id='word_1_321' title='bbox 1479 3894 1803 3961; x_wconf 73' lang='grc' dir='ltr'><strong>ἀμφιϐόλως</strong></span> 
     </span>
    </p>
   </div>
   <div class='ocr_carea' id='block_1_43' title="bbox 222 3977 1801 4054">
    <p class='ocr_par' dir='ltr' id='par_1_43' title="bbox 222 3977 1801 4054">
     <span class='ocr_line' id='line_1_44' title="bbox 222 3977 1801 4054; baseline 0.006 -25"><span class='ocrx_word' id='word_1_322' title='bbox 222 3978 469 4046; x_wconf 79' lang='grc' dir='ltr'><strong>εἴρηκεν,</strong></span> <span class='ocrx_word' id='word_1_323' title='bbox 514 3977 584 4030; x_wconf 80' lang='grc' dir='ltr'><strong>ΕΖ</strong></span> <span class='ocrx_word' id='word_1_324' title='bbox 612 3994 677 4045; x_wconf 80' lang='grc' dir='ltr'><strong>γε</strong></span> <span class='ocrx_word' id='word_1_325' title='bbox 707 3978 1034 4047; x_wconf 75' lang='grc' dir='ltr'><strong>ἐπιμένετε.</strong></span> <span class='ocrx_word' id='word_1_326' title='bbox 1075 3982 1329 4050; x_wconf 87' lang='grc' dir='ltr'><strong>Δηλονότι</strong></span> <span class='ocrx_word' id='word_1_327' title='bbox 1365 3985 1462 4053; x_wconf 75' lang='grc' dir='ltr'><strong>τῆς</strong></span> <span class='ocrx_word' id='word_1_328' title='bbox 1500 3986 1735 4047; x_wconf 87' lang='grc' dir='ltr'><strong>πίστεως</strong></span> <span class='ocrx_word' id='word_1_329' title='bbox 1770 3988 1801 4054; x_wconf 80' lang='grc' dir='ltr'><strong>ἡ</strong></span> 
     </span>
    </p>
   </div>
   <div class='ocr_carea' id='block_1_44' title="bbox 222 4068 1483 4143">
    <p class='ocr_par' dir='ltr' id='par_1_44' title="bbox 222 4068 1483 4143">
     <span class='ocr_line' id='line_1_45' title="bbox 222 4068 1483 4143; baseline 0.006 -23"><span class='ocrx_word' id='word_1_330' title='bbox 222 4069 461 4139; x_wconf 78' lang='grc' dir='ltr'><strong>ἐπιμονὴ</strong></span> <span class='ocrx_word' id='word_1_331' title='bbox 496 4068 703 4137; x_wconf 78' lang='grc' dir='ltr'><strong>βεϐαιοῖ</strong></span> <span class='ocrx_word' id='word_1_332' title='bbox 729 4072 828 4141; x_wconf 76' lang='grc' dir='ltr'><strong>τὴν</strong></span> <span class='ocrx_word' id='word_1_333' title='bbox 857 4072 996 4143; x_wconf 66' lang='grc' dir='ltr'><strong>πρὸς</strong></span> <span class='ocrx_word' id='word_1_334' title='bbox 1026 4072 1160 4126; x_wconf 81' lang='grc' dir='ltr'><strong>Θεὸν</strong></span> <span class='ocrx_word' id='word_1_335' title='bbox 1186 4074 1483 4128; x_wconf 87' lang='grc' dir='ltr'><strong>οίκείωσιν.</strong></span> 
     </span>
    </p>
   </div>
   <div class='ocr_carea' id='block_1_45' title="bbox 298 4244 1654 4324">
    <p class='ocr_par' dir='ltr' id='par_1_45' title="bbox 298 4244 1654 4324">
     <span class='ocr_line' id='line_1_46' title="bbox 298 4244 1654 4324; baseline 0.01 -29"><span class='ocrx_word' id='word_1_336' title='bbox 298 4263 317 4295; x_wconf 81' lang='grc' dir='ltr'><strong>ι</strong></span> <span class='ocrx_word' id='word_1_337' title='bbox 357 4244 470 4296; x_wconf 72' lang='grc' dir='ltr'><strong>Νῦν</strong></span> <span class='ocrx_word' id='word_1_338' title='bbox 497 4244 672 4316; x_wconf 89' lang='grc' dir='ltr'><strong>χαίρω</strong></span> <span class='ocrx_word' id='word_1_339' title='bbox 694 4246 751 4297; x_wconf 89' lang='lat' dir='ltr'><strong>tv</strong></span> <span class='ocrx_word' id='word_1_340' title='bbox 771 4249 885 4310; x_wconf 83' lang='grc' dir='ltr'><strong>τοῖς</strong></span> <span class='ocrx_word' id='word_1_341' title='bbox 910 4248 1233 4319; x_wconf 77' lang='grc' dir='ltr'><strong>παθήμασιν</strong></span> <span class='ocrx_word' id='word_1_342' title='bbox 1258 4253 1398 4323; x_wconf 79' lang='grc' dir='ltr'><strong>ὑπὲρ</strong></span> <span class='ocrx_word' id='word_1_343' title='bbox 1433 4254 1603 4324; x_wconf 81' lang='grc' dir='ltr'><strong>ὑμῶν.</strong></span> <span class='ocrx_word' id='word_1_344' title='bbox 1636 4277 1654 4307; x_wconf 71' lang='grc' dir='ltr'><strong>ν</strong></span> 
     </span>
    </p>
   </div>
   <div class='ocr_carea' id='block_1_46' title="bbox 304 4414 1801 4502">
    <p class='ocr_par' dir='ltr' id='par_1_46' title="bbox 304 4414 1801 4502">
     <span class='ocr_line' id='line_1_47' title="bbox 304 4414 1801 4502; baseline 0.013 -36"><span class='ocrx_word' id='word_1_345' title='bbox 304 4414 637 4482; x_wconf 84' lang='grc' dir='ltr'><strong>Ἐναγώνιον</strong></span> <span class='ocrx_word' id='word_1_346' title='bbox 665 4418 726 4470; x_wconf 82' lang='grc' dir='ltr'><strong>τὸ</strong></span> <span class='ocrx_word' id='word_1_347' title='bbox 754 4418 913 4489; x_wconf 79' lang='grc' dir='ltr'><strong>ἔργον</strong></span> <span class='ocrx_word' id='word_1_348' title='bbox 942 4420 1037 4473; x_wconf 91' lang='grc' dir='ltr'><strong>τοῦ</strong></span> <span class='ocrx_word' id='word_1_349' title='bbox 1080 4423 1433 4481; x_wconf 84' lang='grc' dir='ltr'><strong>Ἀποστόλου.</strong></span> <span class='ocrx_word' id='word_1_350' title='bbox 1473 4428 1583 4482; x_wconf 73' lang='grc' dir='ltr'><strong>Καὶ</strong></span> <span class='ocrx_word' id='word_1_351' title='bbox 1614 4432 1801 4502; x_wconf 80' lang='grc' dir='ltr'><strong>ἐπειδὴ</strong></span> 
     </span>
    </p>
   </div>
   <div class='ocr_carea' id='block_1_47' title="bbox 1898 611 3476 684">
    <p class='ocr_par' dir='ltr' id='par_1_47' title="bbox 1898 611 3476 684">
     <span class='ocr_line' id='line_1_48' title="bbox 1898 611 3476 684; baseline -0.003 -15"><span class='ocrx_word' id='word_1_352' title='bbox 1898 618 2078 669; x_wconf 82' lang='lat' dir='ltr'><strong>omnia</strong></span> <span class='ocrx_word' id='word_1_353' title='bbox 2108 616 2163 671; x_wconf 93' lang='lat' dir='ltr'><strong>in</strong></span> <span class='ocrx_word' id='word_1_354' title='bbox 2196 618 2396 683; x_wconf 83' lang='lat' dir='ltr'><strong>ipsum,</strong></span> <span class='ocrx_word' id='word_1_355' title='bbox 2453 613 2752 684; x_wconf 87' lang='lat' dir='ltr'><strong>paciﬁcans</strong></span> <span class='ocrx_word' id='word_1_356' title='bbox 2802 629 2899 684; x_wconf 87' lang='lat' dir='ltr'><strong>per</strong></span> <span class='ocrx_word' id='word_1_357' title='bbox 2936 613 3259 682; x_wconf 87' lang='lat' dir='ltr'><strong>sanguinem</strong></span> <span class='ocrx_word' id='word_1_358' title='bbox 3291 611 3476 666; x_wconf 88' lang='lat' dir='ltr'><strong>crucis</strong></span> 
     </span>
    </p>
   </div>
   <div class='ocr_carea' id='block_1_48' title="bbox 1898 704 3477 776">
    <p class='ocr_par' dir='ltr' id='par_1_48' title="bbox 1898 704 3477 776">
     <span class='ocr_line' id='line_1_49' title="bbox 1898 704 3477 776; baseline -0.004 -14"><span class='ocrx_word' id='word_1_359' title='bbox 1898 709 2039 775; x_wconf 90' lang='lat' dir='ltr'><strong>ejus,</strong></span> <span class='ocrx_word' id='word_1_360' title='bbox 2089 722 2184 776; x_wconf 91' lang='lat' dir='ltr'><strong>per</strong></span> <span class='ocrx_word' id='word_1_361' title='bbox 2236 708 2434 774; x_wconf 87' lang='lat' dir='ltr'><strong>ipsum,</strong></span> <span class='ocrx_word' id='word_1_362' title='bbox 2491 707 2607 761; x_wconf 84' lang='lat' dir='ltr'><strong>sive</strong></span> <span class='ocrx_word' id='word_1_363' title='bbox 2659 720 2781 775; x_wconf 69' lang='lat' dir='ltr'><strong>quae</strong></span> <span class='ocrx_word' id='word_1_364' title='bbox 2822 706 2878 757; x_wconf 91' lang='lat' dir='ltr'><strong>in</strong></span> <span class='ocrx_word' id='word_1_365' title='bbox 2934 704 3121 769; x_wconf 88' lang='lat' dir='ltr'><strong>terris,</strong></span> <span class='ocrx_word' id='word_1_366' title='bbox 3180 704 3298 758; x_wconf 84' lang='lat' dir='ltr'><strong>sive</strong></span> <span class='ocrx_word' id='word_1_367' title='bbox 3355 718 3477 772; x_wconf 71' lang='lat' dir='ltr'><strong>qua:</strong></span> 
     </span>
    </p>
   </div>
   <div class='ocr_carea' id='block_1_49' title="bbox 1901 798 2395 853">
    <p class='ocr_par' dir='ltr' id='par_1_49' title="bbox 1901 798 2395 853">
     <span class='ocr_line' id='line_1_50' title="bbox 1901 798 2395 853; baseline -0.008 -1"><span class='ocrx_word' id='word_1_368' title='bbox 1901 800 1953 852; x_wconf 89' lang='lat' dir='ltr'><strong>in</strong></span> <span class='ocrx_word' id='word_1_369' title='bbox 1998 798 2153 853; x_wconf 62' lang='lat' dir='ltr'><strong>caelis</strong></span> <span class='ocrx_word' id='word_1_370' title='bbox 2182 808 2331 852; x_wconf 89' lang='lat' dir='ltr'><strong>sunt.</strong></span> <span class='ocrx_word' id='word_1_371' title='bbox 2378 817 2395 847; x_wconf 81' lang='grc' dir='ltr'><strong>ι</strong></span> 
     </span>
    </p>
   </div>
   <div class='ocr_carea' id='block_1_50' title="bbox 1968 882 3479 959">
    <p class='ocr_par' dir='ltr' id='par_1_50' title="bbox 1968 882 3479 959">
     <span class='ocr_line' id='line_1_51' title="bbox 1968 882 3479 959; baseline -0.005 -15"><span class='ocrx_word' id='word_1_372' title='bbox 1968 890 2027 944; x_wconf 89' lang='lat' dir='ltr'><strong>In</strong></span> <span class='ocrx_word' id='word_1_373' title='bbox 2059 891 2165 945; x_wconf 91' lang='lat' dir='ltr'><strong>hoc</strong></span> <span class='ocrx_word' id='word_1_374' title='bbox 2193 904 2414 959; x_wconf 89' lang='lat' dir='ltr'><strong>quoque</strong></span> <span class='ocrx_word' id='word_1_375' title='bbox 2462 889 2586 942; x_wconf 92' lang='lat' dir='ltr'><strong>loco</strong></span> <span class='ocrx_word' id='word_1_376' title='bbox 2613 888 2798 942; x_wconf 84' lang='lat' dir='ltr'><strong>verbis</strong></span> <span class='ocrx_word' id='word_1_377' title='bbox 2841 886 2967 941; x_wconf 90' lang='lat' dir='ltr'><strong>aliis</strong></span> <span class='ocrx_word' id='word_1_378' title='bbox 2992 887 3273 948; x_wconf 73' lang='lat' dir='ltr'><strong>enuntiat,</strong></span> <span class='ocrx_word' id='word_1_379' title='bbox 3311 882 3479 953; x_wconf 72' lang='lat'><strong>208</strong></span> 
     </span>
    </p>
   </div>
   <div class='ocr_carea' id='block_1_51' title="bbox 1902 978 3474 1051">
    <p class='ocr_par' dir='ltr' id='par_1_51' title="bbox 1902 978 3474 1051">
     <span class='ocr_line' id='line_1_52' title="bbox 1902 978 3474 1051; baseline -0.004 -17"><span class='ocrx_word' id='word_1_380' title='bbox 1902 980 2012 1034; x_wconf 86' lang='lat' dir='ltr'><strong>Deo</strong></span> <span class='ocrx_word' id='word_1_381' title='bbox 2045 982 2440 1051; x_wconf 87' lang='lat' dir='ltr'><strong>complacitum</strong></span> <span class='ocrx_word' id='word_1_382' title='bbox 2471 979 2666 1045; x_wconf 80' lang='lat' dir='ltr'><strong>fuisse,</strong></span> <span class='ocrx_word' id='word_1_383' title='bbox 2710 987 2769 1033; x_wconf 89' lang='lat' dir='ltr'><strong>ut</strong></span> <span class='ocrx_word' id='word_1_384' title='bbox 2797 981 2850 1032; x_wconf 91' lang='lat' dir='ltr'><strong>in</strong></span> <span class='ocrx_word' id='word_1_385' title='bbox 2885 978 3111 1033; x_wconf 91' lang='lat' dir='ltr'><strong>Christo</strong></span> <span class='ocrx_word' id='word_1_386' title='bbox 3140 979 3474 1031; x_wconf 76' lang='lat' dir='ltr'><strong>instauraret</strong></span> 
     </span>
    </p>
   </div>
   <div class='ocr_carea' id='block_1_52' title="bbox 1904 1068 3473 1142">
    <p class='ocr_par' dir='ltr' id='par_1_52' title="bbox 1904 1068 3473 1142">
     <span class='ocr_line' id='line_1_53' title="bbox 1904 1068 3473 1142; baseline -0.004 -16"><span class='ocrx_word' id='word_1_387' title='bbox 1904 1074 2158 1126; x_wconf 83' lang='lat' dir='ltr'><strong>universa</strong></span> <span class='ocrx_word' id='word_1_388' title='bbox 2214 1088 2336 1142; x_wconf 61' lang='lat' dir='ltr'><strong>qua;</strong></span> <span class='ocrx_word' id='word_1_389' title='bbox 2389 1072 2443 1125; x_wconf 92' lang='lat' dir='ltr'><strong>in</strong></span> <span class='ocrx_word' id='word_1_390' title='bbox 2501 1072 2681 1134; x_wconf 67' lang='lat' dir='ltr'><strong>caelis,</strong></span> <span class='ocrx_word' id='word_1_391' title='bbox 2737 1081 2792 1123; x_wconf 92' lang='lat' dir='ltr'><strong>et</strong></span> <span class='ocrx_word' id='word_1_392' title='bbox 2854 1085 2979 1139; x_wconf 79' lang='lat' dir='ltr'><strong>quae</strong></span> <span class='ocrx_word' id='word_1_393' title='bbox 3037 1069 3091 1122; x_wconf 89' lang='lat' dir='ltr'><strong>in</strong></span> <span class='ocrx_word' id='word_1_394' title='bbox 3134 1068 3302 1122; x_wconf 90' lang='lat' dir='ltr'><strong>terris</strong></span> <span class='ocrx_word' id='word_1_395' title='bbox 3324 1077 3473 1121; x_wconf 87' lang='lat' dir='ltr'><strong>sunt.</strong></span> 
     </span>
    </p>
   </div>
   <div class='ocr_carea' id='block_1_53' title="bbox 1902 1158 3481 1227">
    <p class='ocr_par' dir='ltr' id='par_1_53' title="bbox 1902 1158 3481 1227">
     <span class='ocr_line' id='line_1_54' title="bbox 1902 1158 3481 1227; baseline -0.003 -10"><span class='ocrx_word' id='word_1_396' title='bbox 1902 1162 2034 1217; x_wconf 86' lang='lat' dir='ltr'><strong>Nam</strong></span> <span class='ocrx_word' id='word_1_397' title='bbox 2070 1163 2277 1218; x_wconf 89' lang='lat' dir='ltr'><strong>Christi</strong></span> <span class='ocrx_word' id='word_1_398' title='bbox 2310 1178 2484 1227; x_wconf 91' lang='lat' dir='ltr'><strong>mors,</strong></span> <span class='ocrx_word' id='word_1_399' title='bbox 2523 1177 2648 1216; x_wconf 90' lang='lat' dir='ltr'><strong>eum</strong></span> <span class='ocrx_word' id='word_1_400' title='bbox 2678 1162 2955 1215; x_wconf 85' lang='lat' dir='ltr'><strong>hominem</strong></span> <span class='ocrx_word' id='word_1_401' title='bbox 2986 1162 3197 1214; x_wconf 88' lang='lat' dir='ltr'><strong>salvum</strong></span> <span class='ocrx_word' id='word_1_402' title='bbox 3232 1158 3363 1213; x_wconf 74' lang='lat' dir='ltr'><strong>fecit</strong></span> <span class='ocrx_word' id='word_1_403' title='bbox 3393 1173 3481 1212; x_wconf 87' lang='lat' dir='ltr'><strong>re-</strong></span> 
     </span>
    </p>
   </div>
   <div class='ocr_carea' id='block_1_54' title="bbox 1902 1249 3481 1323">
    <p class='ocr_par' dir='ltr' id='par_1_54' title="bbox 1902 1249 3481 1323">
     <span class='ocr_line' id='line_1_55' title="bbox 1902 1249 3481 1323; baseline -0.004 -15"><span class='ocrx_word' id='word_1_404' title='bbox 1902 1254 2365 1323; x_wconf 83' lang='lat' dir='ltr'><strong>dintegravitque,</strong></span> <span class='ocrx_word' id='word_1_405' title='bbox 2398 1262 2515 1306; x_wconf 91' lang='lat' dir='ltr'><strong>tum</strong></span> <span class='ocrx_word' id='word_1_406' title='bbox 2548 1253 2763 1322; x_wconf 86' lang='lat' dir='ltr'><strong>angelis</strong></span> <span class='ocrx_word' id='word_1_407' title='bbox 2792 1251 3050 1320; x_wconf 84' lang='lat' dir='ltr'><strong>gaudium</strong></span> <span class='ocrx_word' id='word_1_408' title='bbox 3087 1250 3325 1305; x_wconf 78' lang='lat' dir='ltr'><strong>reddidit</strong></span> <span class='ocrx_word' id='word_1_409' title='bbox 3362 1249 3481 1317; x_wconf 81' lang='lat' dir='ltr'><strong>pri-</strong></span> 
     </span>
    </p>
   </div>
   <div class='ocr_carea' id='block_1_55' title="bbox 1905 1341 3477 1415">
    <p class='ocr_par' dir='ltr' id='par_1_55' title="bbox 1905 1341 3477 1415">
     <span class='ocr_line' id='line_1_56' title="bbox 1905 1341 3477 1415; baseline -0.006 -13"><span class='ocrx_word' id='word_1_410' title='bbox 1905 1348 2110 1402; x_wconf 88' lang='lat' dir='ltr'><strong>stinum</strong></span> <span class='ocrx_word' id='word_1_411' title='bbox 2170 1355 2398 1415; x_wconf 87' lang='lat' dir='ltr'><strong>propter</strong></span> <span class='ocrx_word' id='word_1_412' title='bbox 2453 1346 2688 1398; x_wconf 87' lang='lat' dir='ltr'><strong>salutem</strong></span> <span class='ocrx_word' id='word_1_413' title='bbox 2750 1343 3061 1403; x_wconf 82' lang='lat' dir='ltr'><strong>hominum,</strong></span> <span class='ocrx_word' id='word_1_414' title='bbox 3110 1352 3165 1395; x_wconf 87' lang='lat' dir='ltr'><strong>et</strong></span> <span class='ocrx_word' id='word_1_415' title='bbox 3215 1341 3477 1395; x_wconf 77' lang='lat' dir='ltr'><strong>inferiora</strong></span> 
     </span>
    </p>
   </div>
   <div class='ocr_carea' id='block_1_56' title="bbox 1905 1431 3481 1505">
    <p class='ocr_par' dir='ltr' id='par_1_56' title="bbox 1905 1431 3481 1505">
     <span class='ocr_line' id='line_1_57' title="bbox 1905 1431 3481 1505; baseline -0.006 -15"><span class='ocrx_word' id='word_1_416' title='bbox 1905 1435 2285 1505; x_wconf 83' lang='lat' dir='ltr'><strong>superioribus</strong></span> <span class='ocrx_word' id='word_1_417' title='bbox 2354 1435 2670 1503; x_wconf 81' lang='lat' dir='ltr'><strong>copulavit:</strong></span> <span class='ocrx_word' id='word_1_418' title='bbox 2726 1441 2893 1501; x_wconf 85' lang='lat' dir='ltr'><strong>atque</strong></span> <span class='ocrx_word' id='word_1_419' title='bbox 2949 1432 3052 1484; x_wconf 92' lang='lat' dir='ltr'><strong>hoc</strong></span> <span class='ocrx_word' id='word_1_420' title='bbox 3112 1438 3220 1492; x_wconf 84' lang='lat' dir='ltr'><strong>est,</strong></span> <span class='ocrx_word' id='word_1_421' title='bbox 3256 1431 3481 1483; x_wconf 79' lang='lat' dir='ltr'><strong>reconci-</strong></span> 
     </span>
    </p>
   </div>
   <div class='ocr_carea' id='block_1_57' title="bbox 1908 1520 3481 1592">
    <p class='ocr_par' dir='ltr' id='par_1_57' title="bbox 1908 1520 3481 1592">
     <span class='ocr_line' id='line_1_58' title="bbox 1908 1520 3481 1592; baseline -0.005 -14"><span class='ocrx_word' id='word_1_422' title='bbox 1908 1529 2042 1579; x_wconf 85' lang='lat' dir='ltr'><strong>liare</strong></span> <span class='ocrx_word' id='word_1_423' title='bbox 2092 1526 2293 1578; x_wconf 78' lang='lat' dir='ltr'><strong>omnia.</strong></span> <span class='ocrx_word' id='word_1_424' title='bbox 2354 1524 2567 1577; x_wconf 85' lang='lat' dir='ltr'><strong>Etenim</strong></span> <span class='ocrx_word' id='word_1_425' title='bbox 2607 1536 2797 1592; x_wconf 87' lang='lat' dir='ltr'><strong>pacem</strong></span> <span class='ocrx_word' id='word_1_426' title='bbox 2836 1522 2989 1583; x_wconf 82' lang='lat' dir='ltr'><strong>fecit,</strong></span> <span class='ocrx_word' id='word_1_427' title='bbox 3046 1520 3481 1588; x_wconf 78' lang='lat' dir='ltr'><strong>inimicitiasque</strong></span> 
     </span>
    </p>
   </div>
   <div class='ocr_carea' id='block_1_58' title="bbox 1908 1610 3479 1681">
    <p class='ocr_par' dir='ltr' id='par_1_58' title="bbox 1908 1610 3479 1681">
     <span class='ocr_line' id='line_1_59' title="bbox 1908 1610 3479 1681; baseline -0.006 -11"><span class='ocrx_word' id='word_1_428' title='bbox 1908 1617 2136 1671; x_wconf 89' lang='lat' dir='ltr'><strong>sustulit</strong></span> <span class='ocrx_word' id='word_1_429' title='bbox 2196 1630 2227 1669; x_wconf 90' lang='lat' dir='ltr'><strong>e</strong></span> <span class='ocrx_word' id='word_1_430' title='bbox 2278 1614 2482 1669; x_wconf 87' lang='lat' dir='ltr'><strong>medio.</strong></span> <span class='ocrx_word' id='word_1_431' title='bbox 2536 1613 2886 1681; x_wconf 80' lang='lat' dir='ltr'><strong>Quapropter</strong></span> <span class='ocrx_word' id='word_1_432' title='bbox 2942 1610 3118 1681; x_wconf 88' lang='lat' dir='ltr'><strong>angeli</strong></span> <span class='ocrx_word' id='word_1_433' title='bbox 3178 1610 3479 1663; x_wconf 79' lang='lat' dir='ltr'><strong>dicebant:</strong></span> 
     </span>
    </p>
   </div>
   <div class='ocr_carea' id='block_1_59' title="bbox 1909 1700 3168 1766">
    <p class='ocr_par' dir='ltr' id='par_1_59' title="bbox 1909 1700 3168 1766">
     <span class='ocr_line' id='line_1_60' title="bbox 1909 1700 3168 1766; baseline -0.003 -9"><span class='ocrx_word' id='word_1_434' title='bbox 1909 1704 2093 1757; x_wconf 80' lang='lat' dir='ltr'><strong>Gloria</strong></span> <span class='ocrx_word' id='word_1_435' title='bbox 2132 1704 2187 1755; x_wconf 81' lang='lat' dir='ltr'><strong>in</strong></span> <span class='ocrx_word' id='word_1_436' title='bbox 2216 1702 2438 1756; x_wconf 72' lang='lat' dir='ltr'><strong>excelsis</strong></span> <span class='ocrx_word' id='word_1_437' title='bbox 2472 1701 2600 1765; x_wconf 81' lang='lat' dir='ltr'><strong>Deo,</strong></span> <span class='ocrx_word' id='word_1_438' title='bbox 2628 1710 2677 1753; x_wconf 83' lang='lat' dir='ltr'><strong>et</strong></span> <span class='ocrx_word' id='word_1_439' title='bbox 2708 1701 2762 1752; x_wconf 81' lang='lat' dir='ltr'><strong>in</strong></span> <span class='ocrx_word' id='word_1_440' title='bbox 2795 1710 2933 1752; x_wconf 79' lang='lat' dir='ltr'><strong>terra</strong></span> <span class='ocrx_word' id='word_1_441' title='bbox 2961 1713 3067 1766; x_wconf 71' lang='lat' dir='ltr'><strong>pax</strong></span> <span class='ocrx_word' id='word_1_442' title='bbox 3101 1700 3168 1753; x_wconf 85' lang='lat'><strong>&#39;°.</strong></span> 
     </span>
    </p>
   </div>
   <div class='ocr_carea' id='block_1_60' title="bbox 1984 1790 3482 1859">
    <p class='ocr_par' dir='ltr' id='par_1_60' title="bbox 1984 1790 3482 1859">
     <span class='ocr_line' id='line_1_61' title="bbox 1984 1790 3482 1859; baseline -0.006 -7"><span class='ocrx_word' id='word_1_443' title='bbox 1984 1799 2150 1853; x_wconf 72' lang='lat' dir='ltr'><strong>Vens.</strong></span> <span class='ocrx_word' id='word_1_444' title='bbox 2178 1797 2271 1859; x_wconf 89' lang='grc'><strong>21,</strong></span> <span class='ocrx_word' id='word_1_445' title='bbox 2332 1795 2425 1849; x_wconf 90' lang='grc'>22.</span> <span class='ocrx_word' id='word_1_446' title='bbox 2466 1814 2483 1845; x_wconf 83' lang='grc' dir='ltr'><strong>ι</strong></span> <span class='ocrx_word' id='word_1_447' title='bbox 2522 1793 2587 1846; x_wconf 87' lang='lat' dir='ltr'><strong>Et</strong></span> <span class='ocrx_word' id='word_1_448' title='bbox 2633 1808 2733 1846; x_wconf 84' lang='lat' dir='ltr'><strong>vos</strong></span> <span class='ocrx_word' id='word_1_449' title='bbox 2783 1807 2909 1845; x_wconf 88' lang='lat' dir='ltr'><strong>cum</strong></span> <span class='ocrx_word' id='word_1_450' title='bbox 2951 1792 3150 1845; x_wconf 85' lang='lat' dir='ltr'><strong>essetis</strong></span> <span class='ocrx_word' id='word_1_451' title='bbox 3187 1790 3482 1858; x_wconf 86' lang='lat' dir='ltr'><strong>aliquando</strong></span> 
     </span>
    </p>
   </div>
   <div class='ocr_carea' id='block_1_61' title="bbox 1911 1876 3482 1947">
    <p class='ocr_par' dir='ltr' id='par_1_61' title="bbox 1911 1876 3482 1947">
     <span class='ocr_line' id='line_1_62' title="bbox 1911 1876 3482 1947; baseline -0.007 -10"><span class='ocrx_word' id='word_1_452' title='bbox 1911 1884 2157 1947; x_wconf 76' lang='lat' dir='ltr'><strong>alienati,</strong></span> <span class='ocrx_word' id='word_1_453' title='bbox 2185 1892 2241 1935; x_wconf 89' lang='lat' dir='ltr'><strong>et</strong></span> <span class='ocrx_word' id='word_1_454' title='bbox 2279 1879 2487 1934; x_wconf 88' lang='lat' dir='ltr'><strong>inimici</strong></span> <span class='ocrx_word' id='word_1_455' title='bbox 2533 1894 2701 1932; x_wconf 83' lang='lat' dir='ltr'><strong>sensu</strong></span> <span class='ocrx_word' id='word_1_456' title='bbox 2736 1878 2789 1931; x_wconf 91' lang='lat' dir='ltr'><strong>in</strong></span> <span class='ocrx_word' id='word_1_457' title='bbox 2822 1877 3082 1946; x_wconf 82' lang='lat' dir='ltr'><strong>operibus</strong></span> <span class='ocrx_word' id='word_1_458' title='bbox 3118 1876 3300 1937; x_wconf 84' lang='lat' dir='ltr'><strong>malis,</strong></span> <span class='ocrx_word' id='word_1_459' title='bbox 3333 1890 3482 1927; x_wconf 89' lang='lat' dir='ltr'><strong>nunc</strong></span> 
     </span>
    </p>
   </div>
   <div class='ocr_carea' id='block_1_62' title="bbox 1912 1952 3497 2038">
    <p class='ocr_par' dir='ltr' id='par_1_62' title="bbox 1912 1952 3497 2038">
     <span class='ocr_line' id='line_1_63' title="bbox 1912 1952 3497 2038; baseline -0.008 -9"><span class='ocrx_word' id='word_1_460' title='bbox 1912 1985 2094 2030; x_wconf 89' lang='lat' dir='ltr'><strong>autem</strong></span> <span class='ocrx_word' id='word_1_461' title='bbox 2150 1972 2525 2028; x_wconf 89' lang='lat' dir='ltr'><strong>reconciliavit</strong></span> <span class='ocrx_word' id='word_1_462' title='bbox 2583 1970 2637 2024; x_wconf 90' lang='lat' dir='ltr'><strong>in</strong></span> <span class='ocrx_word' id='word_1_463' title='bbox 2692 1982 2927 2038; x_wconf 82' lang='lat' dir='ltr'><strong>corpore</strong></span> <span class='ocrx_word' id='word_1_464' title='bbox 2973 1967 3158 2023; x_wconf 87' lang='lat' dir='ltr'><strong>carnis</strong></span> <span class='ocrx_word' id='word_1_465' title='bbox 3210 1966 3331 2035; x_wconf 89' lang='lat' dir='ltr'><strong>ejus</strong></span> <span class='ocrx_word' id='word_1_466' title='bbox 3384 1952 3497 2034; x_wconf 84' lang='lat' dir='ltr'><strong>per</strong></span> 
     </span>
    </p>
   </div>
   <div class='ocr_carea' id='block_1_63' title="bbox 1912 2057 3483 2130">
    <p class='ocr_par' dir='ltr' id='par_1_63' title="bbox 1912 2057 3483 2130">
     <span class='ocr_line' id='line_1_64' title="bbox 1912 2057 3483 2130; baseline -0.006 -10"><span class='ocrx_word' id='word_1_467' title='bbox 1912 2076 2163 2130; x_wconf 89' lang='lat' dir='ltr'><strong>mortem,</strong></span> <span class='ocrx_word' id='word_1_468' title='bbox 2209 2064 2471 2119; x_wconf 78' lang='lat' dir='ltr'><strong>exhibere</strong></span> <span class='ocrx_word' id='word_1_469' title='bbox 2501 2077 2599 2118; x_wconf 90' lang='lat' dir='ltr'><strong>vos</strong></span> <span class='ocrx_word' id='word_1_470' title='bbox 2622 2070 2867 2126; x_wconf 86' lang='lat' dir='ltr'><strong>sanctos,</strong></span> <span class='ocrx_word' id='word_1_471' title='bbox 2900 2067 2956 2115; x_wconf 87' lang='lat' dir='ltr'><strong>et</strong></span> <span class='ocrx_word' id='word_1_472' title='bbox 2989 2057 3393 2121; x_wconf 85' lang='lat' dir='ltr'><strong>immaculatos,</strong></span> <span class='ocrx_word' id='word_1_473' title='bbox 3427 2063 3483 2111; x_wconf 89' lang='lat' dir='ltr'><strong>et</strong></span> 
     </span>
    </p>
   </div>
   <div class='ocr_carea' id='block_1_64' title="bbox 1912 2150 2887 2223">
    <p class='ocr_par' dir='ltr' id='par_1_64' title="bbox 1912 2150 2887 2223">
     <span class='ocr_line' id='line_1_65' title="bbox 1912 2150 2887 2223; baseline -0.011 -13"><span class='ocrx_word' id='word_1_474' title='bbox 1912 2153 2430 2223; x_wconf 75' lang='lat' dir='ltr'><strong>irreprehensibiles</strong></span> <span class='ocrx_word' id='word_1_475' title='bbox 2462 2166 2653 2205; x_wconf 85' lang='lat' dir='ltr'><strong>coram</strong></span> <span class='ocrx_word' id='word_1_476' title='bbox 2692 2150 2834 2219; x_wconf 88' lang='lat' dir='ltr'><strong>ipso.</strong></span> <span class='ocrx_word' id='word_1_477' title='bbox 2868 2166 2887 2199; x_wconf 83' lang='grc' dir='ltr'><strong>ι</strong></span> 
     </span>
    </p>
   </div>
   <div class='ocr_carea' id='block_1_65' title="bbox 1982 2235 3483 2309">
    <p class='ocr_par' dir='ltr' id='par_1_65' title="bbox 1982 2235 3483 2309">
     <span class='ocr_line' id='line_1_66' title="bbox 1982 2235 3483 2309; baseline -0.007 -11"><span class='ocrx_word' id='word_1_478' title='bbox 1982 2246 2151 2299; x_wconf 85' lang='lat' dir='ltr'><strong>Seusu</strong></span> <span class='ocrx_word' id='word_1_479' title='bbox 2213 2252 2374 2298; x_wconf 90' lang='lat' dir='ltr'><strong>erant</strong></span> <span class='ocrx_word' id='word_1_480' title='bbox 2426 2242 2680 2302; x_wconf 90' lang='lat' dir='ltr'><strong>inimici,</strong></span> <span class='ocrx_word' id='word_1_481' title='bbox 2761 2239 2854 2309; x_wconf 92' lang='lat' dir='ltr'><strong>qui</strong></span> <span class='ocrx_word' id='word_1_482' title='bbox 2918 2237 3353 2308; x_wconf 85' lang='lat' dir='ltr'><strong>segregabantur</strong></span> <span class='ocrx_word' id='word_1_483' title='bbox 3414 2235 3483 2288; x_wconf 90' lang='lat' dir='ltr'><strong>ab</strong></span> 
     </span>
    </p>
   </div>
   <div class='ocr_carea' id='block_1_66' title="bbox 1911 2326 3481 2404">
    <p class='ocr_par' dir='ltr' id='par_1_66' title="bbox 1911 2326 3481 2404">
     <span class='ocr_line' id='line_1_67' title="bbox 1911 2326 3481 2404; baseline -0.006 -14"><span class='ocrx_word' id='word_1_484' title='bbox 1911 2335 2101 2399; x_wconf 89' lang='lat' dir='ltr'><strong>Israel,</strong></span> <span class='ocrx_word' id='word_1_485' title='bbox 2138 2349 2261 2389; x_wconf 89' lang='lat' dir='ltr'><strong>cum</strong></span> <span class='ocrx_word' id='word_1_486' title='bbox 2308 2347 2533 2404; x_wconf 82' lang='lat' dir='ltr'><strong>operam</strong></span> <span class='ocrx_word' id='word_1_487' title='bbox 2587 2331 2748 2386; x_wconf 89' lang='lat' dir='ltr'><strong>malis</strong></span> <span class='ocrx_word' id='word_1_488' title='bbox 2803 2330 3065 2399; x_wconf 88' lang='lat' dir='ltr'><strong>operibus</strong></span> <span class='ocrx_word' id='word_1_489' title='bbox 3113 2330 3328 2383; x_wconf 89' lang='lat' dir='ltr'><strong>darent.</strong></span> <span class='ocrx_word' id='word_1_490' title='bbox 3357 2326 3481 2381; x_wconf 87' lang='lat' dir='ltr'><strong>Pri-</strong></span> 
     </span>
    </p>
   </div>
   <div class='ocr_carea' id='block_1_67' title="bbox 1912 2421 3486 2501">
    <p class='ocr_par' dir='ltr' id='par_1_67' title="bbox 1912 2421 3486 2501">
     <span class='ocr_line' id='line_1_68' title="bbox 1912 2421 3486 2501; baseline -0.01 -13"><span class='ocrx_word' id='word_1_491' title='bbox 1912 2433 2088 2488; x_wconf 91' lang='lat' dir='ltr'><strong>stinas</strong></span> <span class='ocrx_word' id='word_1_492' title='bbox 2114 2430 2335 2501; x_wconf 82' lang='lat' dir='ltr'><strong>quidem</strong></span> <span class='ocrx_word' id='word_1_493' title='bbox 2393 2428 2734 2491; x_wconf 90' lang='lat' dir='ltr'><strong>inimicitias,</strong></span> <span class='ocrx_word' id='word_1_494' title='bbox 2791 2442 2929 2496; x_wconf 90' lang='lat' dir='ltr'><strong>quas</strong></span> <span class='ocrx_word' id='word_1_495' title='bbox 2962 2425 3167 2479; x_wconf 86' lang='lat' dir='ltr'><strong>malitia</strong></span> <span class='ocrx_word' id='word_1_496' title='bbox 3197 2432 3249 2477; x_wconf 92' lang='lat' dir='ltr'><strong>et</strong></span> <span class='ocrx_word' id='word_1_497' title='bbox 3275 2421 3486 2490; x_wconf 89' lang='lat' dir='ltr'><strong>iniqui-</strong></span> 
     </span>
    </p>
   </div>
   <div class='ocr_carea' id='block_1_68' title="bbox 1911 2512 3481 2595">
    <p class='ocr_par' dir='ltr' id='par_1_68' title="bbox 1911 2512 3481 2595">
     <span class='ocr_line' id='line_1_69' title="bbox 1911 2512 3481 2595; baseline -0.009 -16"><span class='ocrx_word' id='word_1_498' title='bbox 1911 2533 1997 2579; x_wconf 85' lang='lat' dir='ltr'><strong>tas</strong></span> <span class='ocrx_word' id='word_1_499' title='bbox 2028 2533 2377 2595; x_wconf 72' lang='lat' dir='ltr'><strong>pepererant,</strong></span> <span class='ocrx_word' id='word_1_500' title='bbox 2423 2524 2478 2574; x_wconf 93' lang='lat' dir='ltr'><strong>in</strong></span> <span class='ocrx_word' id='word_1_501' title='bbox 2536 2519 2837 2574; x_wconf 87' lang='lat' dir='ltr'><strong>amicitiam</strong></span> <span class='ocrx_word' id='word_1_502' title='bbox 2884 2532 3013 2573; x_wconf 90' lang='lat' dir='ltr'><strong>esse</strong></span> <span class='ocrx_word' id='word_1_503' title='bbox 3043 2523 3288 2569; x_wconf 85' lang='lat' dir='ltr'><strong>mutatas</strong></span> <span class='ocrx_word' id='word_1_504' title='bbox 3320 2512 3481 2577; x_wconf 87' lang='lat' dir='ltr'><strong>dicit,</strong></span> 
     </span>
    </p>
   </div>
   <div class='ocr_carea' id='block_1_69' title="bbox 1912 2606 3485 2680">
    <p class='ocr_par' dir='ltr' id='par_1_69' title="bbox 1912 2606 3485 2680">
     <span class='ocr_line' id='line_1_70' title="bbox 1912 2606 3485 2680; baseline -0.008 -11"><span class='ocrx_word' id='word_1_505' title='bbox 1912 2619 2021 2670; x_wconf 84' lang='lat' dir='ltr'><strong>vita</strong></span> <span class='ocrx_word' id='word_1_506' title='bbox 2054 2614 2240 2669; x_wconf 90' lang='lat' dir='ltr'><strong>carnis</strong></span> <span class='ocrx_word' id='word_1_507' title='bbox 2284 2612 2583 2675; x_wconf 79' lang='lat' dir='ltr'><strong>exstincta,</strong></span> <span class='ocrx_word' id='word_1_508' title='bbox 2636 2625 2759 2680; x_wconf 59' lang='lat' dir='ltr'><strong>qua:</strong></span> <span class='ocrx_word' id='word_1_509' title='bbox 2786 2610 3031 2679; x_wconf 90' lang='lat' dir='ltr'><strong>quidem,</strong></span> <span class='ocrx_word' id='word_1_510' title='bbox 3054 2624 3178 2662; x_wconf 92' lang='lat' dir='ltr'><strong>cum</strong></span> <span class='ocrx_word' id='word_1_511' title='bbox 3213 2608 3269 2661; x_wconf 90' lang='lat' dir='ltr'><strong>in</strong></span> <span class='ocrx_word' id='word_1_512' title='bbox 3323 2606 3485 2659; x_wconf 86' lang='lat' dir='ltr'><strong>nobis</strong></span> 
     </span>
    </p>
   </div>
   <div class='ocr_carea' id='block_1_70' title="bbox 1913 2697 3484 2771">
    <p class='ocr_par' dir='ltr' id='par_1_70' title="bbox 1913 2697 3484 2771">
     <span class='ocr_line' id='line_1_71' title="bbox 1913 2697 3484 2771; baseline -0.01 -7"><span class='ocrx_word' id='word_1_513' title='bbox 1913 2708 2249 2771; x_wconf 87' lang='lat' dir='ltr'><strong>sorduisset,</strong></span> <span class='ocrx_word' id='word_1_514' title='bbox 2309 2707 2364 2759; x_wconf 90' lang='lat' dir='ltr'><strong>in</strong></span> <span class='ocrx_word' id='word_1_515' title='bbox 2400 2704 2623 2758; x_wconf 89' lang='lat' dir='ltr'><strong>Christo</strong></span> <span class='ocrx_word' id='word_1_516' title='bbox 2668 2702 2873 2756; x_wconf 87' lang='lat' dir='ltr'><strong>munda</strong></span> <span class='ocrx_word' id='word_1_517' title='bbox 2916 2701 3057 2754; x_wconf 80' lang='lat' dir='ltr'><strong>facta</strong></span> <span class='ocrx_word' id='word_1_518' title='bbox 3104 2708 3189 2755; x_wconf 86' lang='lat' dir='ltr'><strong>est</strong></span> <span class='ocrx_word' id='word_1_519' title='bbox 3227 2715 3241 2750; x_wconf 85' lang='lat'><strong>:</strong></span> <span class='ocrx_word' id='word_1_520' title='bbox 3278 2697 3484 2767; x_wconf 84' lang='lat' dir='ltr'><strong>quippe</strong></span> 
     </span>
    </p>
   </div>
   <div class='ocr_carea' id='block_1_71' title="bbox 1911 2791 3488 2867">
    <p class='ocr_par' dir='ltr' id='par_1_71' title="bbox 1911 2791 3488 2867">
     <span class='ocr_line' id='line_1_72' title="bbox 1911 2791 3488 2867; baseline -0.008 -17"><span class='ocrx_word' id='word_1_521' title='bbox 1911 2812 2034 2867; x_wconf 65' lang='lat' dir='ltr'><strong>quae</strong></span> <span class='ocrx_word' id='word_1_522' title='bbox 2079 2797 2204 2848; x_wconf 90' lang='lat' dir='ltr'><strong>data</strong></span> <span class='ocrx_word' id='word_1_523' title='bbox 2261 2794 2366 2847; x_wconf 79' lang='lat' dir='ltr'><strong>fuit</strong></span> <span class='ocrx_word' id='word_1_524' title='bbox 2406 2794 2473 2847; x_wconf 89' lang='lat' dir='ltr'><strong>ad</strong></span> <span class='ocrx_word' id='word_1_525' title='bbox 2513 2791 3020 2853; x_wconf 88' lang='lat' dir='ltr'><strong>mortiﬁcationem,</strong></span> <span class='ocrx_word' id='word_1_526' title='bbox 3062 2798 3121 2842; x_wconf 93' lang='lat' dir='ltr'><strong>ut</strong></span> <span class='ocrx_word' id='word_1_527' title='bbox 3173 2796 3488 2858; x_wconf 80' lang='lat' dir='ltr'><strong>peccatum,</strong></span> 
     </span>
    </p>
   </div>
   <div class='ocr_carea' id='block_1_72' title="bbox 1911 2879 3485 2956">
    <p class='ocr_par' dir='ltr' id='par_1_72' title="bbox 1911 2879 3485 2956">
     <span class='ocr_line' id='line_1_73' title="bbox 1911 2879 3485 2956; baseline -0.007 -16"><span class='ocrx_word' id='word_1_528' title='bbox 1911 2886 2056 2956; x_wconf 89' lang='lat' dir='ltr'><strong>quod</strong></span> <span class='ocrx_word' id='word_1_529' title='bbox 2089 2886 2143 2939; x_wconf 91' lang='lat' dir='ltr'><strong>in</strong></span> <span class='ocrx_word' id='word_1_530' title='bbox 2175 2885 2279 2938; x_wconf 91' lang='lat' dir='ltr'><strong>hac</strong></span> <span class='ocrx_word' id='word_1_531' title='bbox 2315 2884 2426 2937; x_wconf 85' lang='lat' dir='ltr'><strong>vita</strong></span> <span class='ocrx_word' id='word_1_532' title='bbox 2461 2884 2804 2937; x_wconf 88' lang='lat' dir='ltr'><strong>dominatum</strong></span> <span class='ocrx_word' id='word_1_533' title='bbox 2856 2881 2910 2933; x_wconf 93' lang='lat' dir='ltr'><strong>in</strong></span> <span class='ocrx_word' id='word_1_534' title='bbox 2943 2881 3103 2934; x_wconf 88' lang='lat' dir='ltr'><strong>nobis</strong></span> <span class='ocrx_word' id='word_1_535' title='bbox 3150 2879 3345 2939; x_wconf 80' lang='lat' dir='ltr'><strong>fuerat,</strong></span> <span class='ocrx_word' id='word_1_536' title='bbox 3391 2892 3485 2930; x_wconf 86' lang='lat' dir='ltr'><strong>ra-</strong></span> 
     </span>
    </p>
   </div>
   <div class='ocr_carea' id='block_1_73' title="bbox 1911 2969 3485 3044">
    <p class='ocr_par' dir='ltr' id='par_1_73' title="bbox 1911 2969 3485 3044">
     <span class='ocr_line' id='line_1_74' title="bbox 1911 2969 3485 3044; baseline -0.006 -12"><span class='ocrx_word' id='word_1_537' title='bbox 1911 2978 2116 3032; x_wconf 88' lang='lat' dir='ltr'><strong>dicitus</strong></span> <span class='ocrx_word' id='word_1_538' title='bbox 2142 2977 2453 3039; x_wconf 84' lang='lat' dir='ltr'><strong>tolleretur,</strong></span> <span class='ocrx_word' id='word_1_539' title='bbox 2483 2989 2593 3044; x_wconf 90' lang='lat' dir='ltr'><strong>quo</strong></span> <span class='ocrx_word' id='word_1_540' title='bbox 2625 2988 2727 3028; x_wconf 88' lang='lat' dir='ltr'><strong>nos</strong></span> <span class='ocrx_word' id='word_1_541' title='bbox 2759 2978 2825 3028; x_wconf 71' lang='lat' dir='ltr'><strong>ex</strong></span> <span class='ocrx_word' id='word_1_542' title='bbox 2872 2971 3110 3025; x_wconf 89' lang='lat' dir='ltr'><strong>mortuis</strong></span> <span class='ocrx_word' id='word_1_543' title='bbox 3144 2971 3312 3022; x_wconf 86' lang='lat' dir='ltr'><strong>vitam</strong></span> <span class='ocrx_word' id='word_1_544' title='bbox 3345 2969 3485 3022; x_wconf 75' lang='lat' dir='ltr'><strong>alte-</strong></span> 
     </span>
    </p>
   </div>
   <div class='ocr_carea' id='block_1_74' title="bbox 1913 3060 3485 3134">
    <p class='ocr_par' dir='ltr' id='par_1_74' title="bbox 1913 3060 3485 3134">
     <span class='ocr_line' id='line_1_75' title="bbox 1913 3060 3485 3134; baseline -0.006 -13"><span class='ocrx_word' id='word_1_545' title='bbox 1913 3084 2028 3121; x_wconf 90' lang='lat' dir='ltr'><strong>ram</strong></span> <span class='ocrx_word' id='word_1_546' title='bbox 2068 3074 2297 3131; x_wconf 84' lang='lat' dir='ltr'><strong>agentes</strong></span> <span class='ocrx_word' id='word_1_547' title='bbox 2351 3072 2887 3134; x_wconf 66' lang='lat' dir='ltr'><strong>repraesentaremur</strong></span> <span class='ocrx_word' id='word_1_548' title='bbox 2939 3060 3070 3123; x_wconf 91' lang='lat' dir='ltr'><strong>Deo,</strong></span> <span class='ocrx_word' id='word_1_549' title='bbox 3107 3076 3205 3113; x_wconf 82' lang='lat' dir='ltr'><strong>nec</strong></span> <span class='ocrx_word' id='word_1_550' title='bbox 3236 3072 3485 3112; x_wconf 87' lang='lat' dir='ltr'><strong>essemus</strong></span> 
     </span>
    </p>
   </div>
   <div class='ocr_carea' id='block_1_75' title="bbox 1913 3148 3487 3227">
    <p class='ocr_par' dir='ltr' id='par_1_75' title="bbox 1913 3148 3487 3227">
     <span class='ocr_line' id='line_1_76' title="bbox 1913 3148 3487 3227; baseline -0.008 -15"><span class='ocrx_word' id='word_1_551' title='bbox 1913 3161 2176 3227; x_wconf 85' lang='lat' dir='ltr'><strong>deinceps</strong></span> <span class='ocrx_word' id='word_1_552' title='bbox 2218 3156 2522 3210; x_wconf 89' lang='lat' dir='ltr'><strong>anterioris</strong></span> <span class='ocrx_word' id='word_1_553' title='bbox 2558 3154 2686 3207; x_wconf 65' lang='lat' dir='ltr'><strong>vitae</strong></span> <span class='ocrx_word' id='word_1_554' title='bbox 2733 3151 3027 3205; x_wconf 87' lang='lat' dir='ltr'><strong>criminum</strong></span> <span class='ocrx_word' id='word_1_555' title='bbox 3074 3148 3189 3212; x_wconf 86' lang='lat' dir='ltr'><strong>rei;</strong></span> <span class='ocrx_word' id='word_1_556' title='bbox 3217 3154 3487 3216; x_wconf 78' lang='lat' dir='ltr'><strong>quotquot</strong></span> 
     </span>
    </p>
   </div>
   <div class='ocr_carea' id='block_1_76' title="bbox 1910 3337 2468 3393">
    <p class='ocr_par' dir='ltr' id='par_1_76' title="bbox 1910 3337 2468 3393">
     <span class='ocr_line' id='line_1_77' title="bbox 1910 3337 2468 3393; baseline -0.004 0"><span class='ocrx_word' id='word_1_557' title='bbox 1910 3342 2211 3393; x_wconf 88' lang='lat' dir='ltr'><strong>rectionem</strong></span> <span class='ocrx_word' id='word_1_558' title='bbox 2240 3337 2468 3392; x_wconf 76' lang='lat' dir='ltr'><strong>Chrisd.</strong></span> 
     </span>
    </p>
   </div>
   <div class='ocr_carea' id='block_1_77' title="bbox 1980 3420 3482 3495">
    <p class='ocr_par' dir='ltr' id='par_1_77' title="bbox 1980 3420 3482 3495">
     <span class='ocr_line' id='line_1_78' title="bbox 1980 3420 3482 3495; baseline -0.005 -13"><span class='ocrx_word' id='word_1_559' title='bbox 1980 3428 2149 3483; x_wconf 75' lang='lat' dir='ltr'><strong>Vens.</strong></span> <span class='ocrx_word' id='word_1_560' title='bbox 2175 3429 2267 3483; x_wconf 80' lang='grc'><strong>25.</strong></span> <span class='ocrx_word' id='word_1_561' title='bbox 2300 3446 2317 3479; x_wconf 84' lang='grc' dir='ltr'><strong>ι</strong></span> <span class='ocrx_word' id='word_1_562' title='bbox 2359 3428 2413 3481; x_wconf 89' lang='lat' dir='ltr'><strong>Si</strong></span> <span class='ocrx_word' id='word_1_563' title='bbox 2442 3438 2623 3481; x_wconf 90' lang='lat' dir='ltr'><strong>tamen</strong></span> <span class='ocrx_word' id='word_1_564' title='bbox 2659 3424 2996 3495; x_wconf 83' lang='lat' dir='ltr'><strong>permanetis</strong></span> <span class='ocrx_word' id='word_1_565' title='bbox 3027 3424 3082 3476; x_wconf 91' lang='lat' dir='ltr'><strong>in</strong></span> <span class='ocrx_word' id='word_1_566' title='bbox 3117 3421 3221 3476; x_wconf 87' lang='lat' dir='ltr'><strong>ﬁde</strong></span> <span class='ocrx_word' id='word_1_567' title='bbox 3252 3420 3482 3484; x_wconf 72' lang='lat' dir='ltr'><strong>fitiidati,</strong></span> 
     </span>
    </p>
   </div>
   <div class='ocr_carea' id='block_1_78' title="bbox 1909 3512 3484 3585">
    <p class='ocr_par' dir='ltr' id='par_1_78' title="bbox 1909 3512 3484 3585">
     <span class='ocr_line' id='line_1_79' title="bbox 1909 3512 3484 3585; baseline -0.007 -8"><span class='ocrx_word' id='word_1_568' title='bbox 1909 3531 1963 3577; x_wconf 92' lang='lat' dir='ltr'><strong>et</strong></span> <span class='ocrx_word' id='word_1_569' title='bbox 2003 3523 2247 3583; x_wconf 82' lang='lat' dir='ltr'><strong>stabiles,</strong></span> <span class='ocrx_word' id='word_1_570' title='bbox 2299 3528 2355 3575; x_wconf 87' lang='lat' dir='ltr'><strong>et</strong></span> <span class='ocrx_word' id='word_1_571' title='bbox 2418 3518 2730 3573; x_wconf 88' lang='lat' dir='ltr'><strong>immobiles</strong></span> <span class='ocrx_word' id='word_1_572' title='bbox 2761 3532 2789 3570; x_wconf 91' lang='lat' dir='ltr'><strong>a</strong></span> <span class='ocrx_word' id='word_1_573' title='bbox 2845 3531 2942 3585; x_wconf 87' lang='lat' dir='ltr'><strong>spe</strong></span> <span class='ocrx_word' id='word_1_574' title='bbox 3000 3513 3304 3583; x_wconf 78' lang='lat' dir='ltr'><strong>Evangelii,</strong></span> <span class='ocrx_word' id='word_1_575' title='bbox 3337 3512 3484 3581; x_wconf 85' lang='lat' dir='ltr'><strong>quod</strong></span> 
     </span>
    </p>
   </div>
   <div class='ocr_carea' id='block_1_79' title="bbox 1910 3607 3485 3681">
    <p class='ocr_par' dir='ltr' id='par_1_79' title="bbox 1910 3607 3485 3681">
     <span class='ocr_line' id='line_1_80' title="bbox 1910 3607 3485 3681; baseline -0.008 -14"><span class='ocrx_word' id='word_1_576' title='bbox 1910 3614 2166 3676; x_wconf 86' lang='lat' dir='ltr'><strong>audistis,</strong></span> <span class='ocrx_word' id='word_1_577' title='bbox 2225 3610 2373 3681; x_wconf 88' lang='lat' dir='ltr'><strong>quod</strong></span> <span class='ocrx_word' id='word_1_578' title='bbox 2422 3610 2781 3680; x_wconf 49' lang='lat' dir='ltr'><strong>praedicatum</strong></span> <span class='ocrx_word' id='word_1_579' title='bbox 2819 3616 2906 3662; x_wconf 86' lang='lat' dir='ltr'><strong>est</strong></span> <span class='ocrx_word' id='word_1_580' title='bbox 2940 3608 2993 3659; x_wconf 94' lang='lat' dir='ltr'><strong>in</strong></span> <span class='ocrx_word' id='word_1_581' title='bbox 3041 3607 3297 3659; x_wconf 84' lang='lat' dir='ltr'><strong>universa</strong></span> <span class='ocrx_word' id='word_1_582' title='bbox 3329 3616 3485 3657; x_wconf 83' lang='lat' dir='ltr'><strong>crea-</strong></span> 
     </span>
    </p>
   </div>
   <div class='ocr_carea' id='block_1_80' title="bbox 1909 3693 3487 3769">
    <p class='ocr_par' dir='ltr' id='par_1_80' title="bbox 1909 3693 3487 3769">
     <span class='ocr_line' id='line_1_81' title="bbox 1909 3693 3487 3769; baseline -0.006 -16"><span class='ocrx_word' id='word_1_583' title='bbox 1909 3710 2053 3764; x_wconf 89' lang='lat' dir='ltr'><strong>tura,</strong></span> <span class='ocrx_word' id='word_1_584' title='bbox 2118 3714 2242 3769; x_wconf 77' lang='lat' dir='ltr'><strong>qua:</strong></span> <span class='ocrx_word' id='word_1_585' title='bbox 2293 3698 2399 3753; x_wconf 91' lang='lat' dir='ltr'><strong>sub</strong></span> <span class='ocrx_word' id='word_1_586' title='bbox 2450 3698 2595 3751; x_wconf 60' lang='lat' dir='ltr'><strong>cosio</strong></span> <span class='ocrx_word' id='word_1_587' title='bbox 2647 3704 2767 3760; x_wconf 86' lang='lat' dir='ltr'><strong>est;</strong></span> <span class='ocrx_word' id='word_1_588' title='bbox 2827 3694 2985 3763; x_wconf 89' lang='lat' dir='ltr'><strong>cujus</strong></span> <span class='ocrx_word' id='word_1_589' title='bbox 3018 3693 3195 3747; x_wconf 79' lang='lat' dir='ltr'><strong>factus</strong></span> <span class='ocrx_word' id='word_1_590' title='bbox 3238 3706 3357 3747; x_wconf 93' lang='lat' dir='ltr'><strong>sum</strong></span> <span class='ocrx_word' id='word_1_591' title='bbox 3386 3706 3487 3760; x_wconf 81' lang='lat' dir='ltr'><strong>ego</strong></span> 
     </span>
    </p>
   </div>
   <div class='ocr_carea' id='block_1_81' title="bbox 1910 3794 2239 3847">
    <p class='ocr_par' dir='ltr' id='par_1_81' title="bbox 1910 3794 2239 3847">
     <span class='ocr_line' id='line_1_82' title="bbox 1910 3794 2239 3847; baseline -0.021 0"><span class='ocrx_word' id='word_1_592' title='bbox 1910 3794 2183 3847; x_wconf 84' lang='lat' dir='ltr'><strong>minister.</strong></span> <span class='ocrx_word' id='word_1_593' title='bbox 2219 3807 2239 3840; x_wconf 76' lang='grc' dir='ltr'><strong>ι</strong></span> 
     </span>
    </p>
   </div>
   <div class='ocr_carea' id='block_1_82' title="bbox 1980 3877 3483 3949">
    <p class='ocr_par' dir='ltr' id='par_1_82' title="bbox 1980 3877 3483 3949">
     <span class='ocr_line' id='line_1_83' title="bbox 1980 3877 3483 3949; baseline -0.005 -12"><span class='ocrx_word' id='word_1_594' title='bbox 1980 3884 2254 3949; x_wconf 88' lang='lat' dir='ltr'><strong>Quoniam</strong></span> <span class='ocrx_word' id='word_1_595' title='bbox 2290 3881 2481 3934; x_wconf 89' lang='lat' dir='ltr'><strong>auditu</strong></span> <span class='ocrx_word' id='word_1_596' title='bbox 2518 3878 2793 3933; x_wconf 82' lang='lat' dir='ltr'><strong>duntaxat</strong></span> <span class='ocrx_word' id='word_1_597' title='bbox 2849 3886 3138 3947; x_wconf 87' lang='lat' dir='ltr'><strong>acceperat</strong></span> <span class='ocrx_word' id='word_1_598' title='bbox 3175 3893 3298 3946; x_wconf 82' lang='lat' dir='ltr'><strong>qme</strong></span> <span class='ocrx_word' id='word_1_599' title='bbox 3340 3877 3483 3945; x_wconf 85' lang='lat' dir='ltr'><strong>apud</strong></span> 
     </span>
    </p>
   </div>
   <div class='ocr_carea' id='block_1_83' title="bbox 1907 3968 3485 4044">
    <p class='ocr_par' dir='ltr' id='par_1_83' title="bbox 1907 3968 3485 4044">
     <span class='ocr_line' id='line_1_84' title="bbox 1907 3968 3485 4044; baseline -0.007 -15"><span class='ocrx_word' id='word_1_600' title='bbox 1907 3992 2002 4030; x_wconf 90' lang='lat' dir='ltr'><strong>eos</strong></span> <span class='ocrx_word' id='word_1_601' title='bbox 2065 3982 2415 4044; x_wconf 78' lang='lat' dir='ltr'><strong>gererentur,</strong></span> <span class='ocrx_word' id='word_1_602' title='bbox 2464 3972 2622 4039; x_wconf 89' lang='lat' dir='ltr'><strong>quasi</strong></span> <span class='ocrx_word' id='word_1_603' title='bbox 2674 3970 2922 4023; x_wconf 89' lang='lat' dir='ltr'><strong>incertus</strong></span> <span class='ocrx_word' id='word_1_604' title='bbox 2979 3968 3143 4030; x_wconf 73' lang='lat' dir='ltr'><strong>dixit,</strong></span> <span class='ocrx_word' id='word_1_605' title='bbox 3203 3968 3249 4019; x_wconf 79' lang='lat' dir='ltr'><strong>si</strong></span> <span class='ocrx_word' id='word_1_606' title='bbox 3311 3975 3485 4019; x_wconf 74' lang='lat' dir='ltr'><strong>tamen</strong></span> 
     </span>
    </p>
   </div>
   <div class='ocr_carea' id='block_1_84' title="bbox 1906 4058 3488 4134">
    <p class='ocr_par' dir='ltr' id='par_1_84' title="bbox 1906 4058 3488 4134">
     <span class='ocr_line' id='line_1_85' title="bbox 1906 4058 3488 4134; baseline -0.004 -14"><span class='ocrx_word' id='word_1_607' title='bbox 1906 4065 2245 4134; x_wconf 75' lang='lat' dir='ltr'><strong>permanetis.</strong></span> <span class='ocrx_word' id='word_1_608' title='bbox 2294 4062 2561 4115; x_wconf 74' lang='lat' dir='ltr'><strong>Nimirum</strong></span> <span class='ocrx_word' id='word_1_609' title='bbox 2616 4060 2739 4114; x_wconf 90' lang='lat' dir='ltr'><strong>ﬁdei</strong></span> <span class='ocrx_word' id='word_1_610' title='bbox 2797 4059 3107 4113; x_wconf 84' lang='lat' dir='ltr'><strong>constantia</strong></span> <span class='ocrx_word' id='word_1_611' title='bbox 3146 4058 3355 4112; x_wconf 87' lang='lat' dir='ltr'><strong>ﬁrmius</strong></span> <span class='ocrx_word' id='word_1_612' title='bbox 3386 4072 3488 4113; x_wconf 86' lang='lat' dir='ltr'><strong>nos</strong></span> 
     </span>
    </p>
   </div>
   <div class='ocr_carea' id='block_1_85' title="bbox 1911 4157 2335 4212">
    <p class='ocr_par' dir='ltr' id='par_1_85' title="bbox 1911 4157 2335 4212">
     <span class='ocr_line' id='line_1_86' title="bbox 1911 4157 2335 4212; baseline -0.007 0"><span class='ocrx_word' id='word_1_613' title='bbox 1911 4159 2024 4212; x_wconf 88' lang='lat' dir='ltr'><strong>Deo</strong></span> <span class='ocrx_word' id='word_1_614' title='bbox 2052 4157 2335 4211; x_wconf 81' lang='lat' dir='ltr'><strong>conciliat.</strong></span> 
     </span>
    </p>
   </div>
   <div class='ocr_carea' id='block_1_86' title="bbox 1980 4242 3490 4315">
    <p class='ocr_par' dir='ltr' id='par_1_86' title="bbox 1980 4242 3490 4315">
     <span class='ocr_line' id='line_1_87' title="bbox 1980 4242 3490 4315; baseline -0.005 -13"><span class='ocrx_word' id='word_1_615' title='bbox 1980 4248 2147 4303; x_wconf 72' lang='lat' dir='ltr'><strong>Vens.</strong></span> <span class='ocrx_word' id='word_1_616' title='bbox 2208 4246 2300 4301; x_wconf 72' lang='grc'><strong>24.</strong></span> <span class='ocrx_word' id='word_1_617' title='bbox 2340 4266 2359 4298; x_wconf 84' lang='grc' dir='ltr'><strong>ι</strong></span> <span class='ocrx_word' id='word_1_618' title='bbox 2390 4245 2550 4299; x_wconf 85' lang='lat' dir='ltr'><strong>Nunc</strong></span> <span class='ocrx_word' id='word_1_619' title='bbox 2602 4245 2818 4315; x_wconf 78' lang='lat' dir='ltr'><strong>gaudeo</strong></span> <span class='ocrx_word' id='word_1_620' title='bbox 2880 4245 2935 4299; x_wconf 92' lang='lat' dir='ltr'><strong>in</strong></span> <span class='ocrx_word' id='word_1_621' title='bbox 2994 4242 3348 4314; x_wconf 75' lang='lat' dir='ltr'><strong>passionibus</strong></span> <span class='ocrx_word' id='word_1_622' title='bbox 3389 4255 3490 4311; x_wconf 88' lang='lat' dir='ltr'><strong>pro</strong></span> 
     </span>
    </p>
   </div>
   <div class='ocr_carea' id='block_1_87' title="bbox 1913 4344 2147 4397">
    <p class='ocr_par' dir='ltr' id='par_1_87' title="bbox 1913 4344 2147 4397">
     <span class='ocr_line' id='line_1_88' title="bbox 1913 4344 2147 4397; baseline -0.017 -1"><span class='ocrx_word' id='word_1_623' title='bbox 1913 4344 2086 4397; x_wconf 76' lang='lat' dir='ltr'><strong>vobis.</strong></span> <span class='ocrx_word' id='word_1_624' title='bbox 2130 4360 2147 4392; x_wconf 82' lang='grc' dir='ltr'><strong>ι</strong></span> 
     </span>
    </p>
   </div>
   <div class='ocr_carea' id='block_1_88' title="bbox 1982 4429 3485 4500">
    <p class='ocr_par' dir='ltr' id='par_1_88' title="bbox 1982 4429 3485 4500">
     <span class='ocr_line' id='line_1_89' title="bbox 1982 4429 3485 4500; baseline -0.005 -15"><span class='ocrx_word' id='word_1_625' title='bbox 1982 4433 2230 4500; x_wconf 79' lang='lat' dir='ltr'><strong>Apostoli</strong></span> <span class='ocrx_word' id='word_1_626' title='bbox 2268 4447 2469 4484; x_wconf 83' lang='lat' dir='ltr'><strong>nnmus</strong></span> <span class='ocrx_word' id='word_1_627' title='bbox 2497 4430 2563 4484; x_wconf 89' lang='lat' dir='ltr'><strong>ad</strong></span> <span class='ocrx_word' id='word_1_628' title='bbox 2593 4429 2900 4484; x_wconf 85' lang='lat' dir='ltr'><strong>certamina</strong></span> <span class='ocrx_word' id='word_1_629' title='bbox 2934 4435 3310 4497; x_wconf 83' lang='lat' dir='ltr'><strong>comparatum</strong></span> <span class='ocrx_word' id='word_1_630' title='bbox 3343 4434 3485 4480; x_wconf 88' lang='lat' dir='ltr'><strong>erat.</strong></span> 
     </span>
    </p>
   </div>
   <div class='ocr_carea' id='block_1_89' title="bbox 218 4505 1810 4589">
    <p class='ocr_par' dir='ltr' id='par_1_89' title="bbox 218 4505 1801 4587">
     <span class='ocr_line' id='line_1_90' title="bbox 218 4505 1801 4587; baseline 0.011 -31"><span class='ocrx_word' id='word_1_631' title='bbox 218 4507 354 4575; x_wconf 59' lang='grc' dir='ltr'><strong>περ)¹</strong></span> <span class='ocrx_word' id='word_1_632' title='bbox 388 4506 447 4558; x_wconf 87' lang='grc' dir='ltr'><strong>τὸ</strong></span> <span class='ocrx_word' id='word_1_633' title='bbox 490 4505 651 4574; x_wconf 73' lang='grc' dir='ltr'><strong>ἔργον</strong></span> <span class='ocrx_word' id='word_1_634' title='bbox 689 4509 805 4561; x_wconf 76' lang='grc' dir='ltr'><strong>ἐστὶ</strong></span> <span class='ocrx_word' id='word_1_635' title='bbox 847 4510 1128 4581; x_wconf 77' lang='grc' dir='ltr'><strong>πρόθυμος</strong></span> <span class='ocrx_word' id='word_1_636' title='bbox 1153 4552 1168 4576; x_wconf 92' lang='grc'><strong>,</strong></span> <span class='ocrx_word' id='word_1_637' title='bbox 1202 4515 1383 4586; x_wconf 86' lang='grc' dir='ltr'><strong>χαίρει</strong></span> <span class='ocrx_word' id='word_1_638' title='bbox 1433 4519 1528 4570; x_wconf 76' lang='grc' dir='ltr'><strong>καὶ</strong></span> <span class='ocrx_word' id='word_1_639' title='bbox 1580 4521 1639 4572; x_wconf 80' lang='lat' dir='ltr'><strong>tv</strong></span> <span class='ocrx_word' id='word_1_640' title='bbox 1688 4526 1801 4587; x_wconf 84' lang='grc' dir='ltr'><strong>τοῖς</strong></span> 
     </span>
    </p>
   </div>
   <div class='ocr_carea' id='block_1_90' title="bbox 1909 4505 3491 4589">
    <p class='ocr_par' dir='ltr' id='par_1_90' title="bbox 1909 4518 3491 4589">
     <span class='ocr_line' id='line_1_91' title="bbox 1909 4518 3491 4589; baseline -0.004 -13"><span class='ocrx_word' id='word_1_641' title='bbox 1909 4524 2177 4589; x_wconf 84' lang='lat' dir='ltr'><strong>Quocirca</strong></span> <span class='ocrx_word' id='word_1_642' title='bbox 2210 4540 2335 4577; x_wconf 90' lang='lat' dir='ltr'><strong>cum</strong></span> <span class='ocrx_word' id='word_1_643' title='bbox 2374 4522 2549 4576; x_wconf 88' lang='lat' dir='ltr'><strong>alacri</strong></span> <span class='ocrx_word' id='word_1_644' title='bbox 2583 4523 2771 4574; x_wconf 87' lang='lat' dir='ltr'><strong>animo</strong></span> <span class='ocrx_word' id='word_1_645' title='bbox 2808 4520 3090 4574; x_wconf 83' lang='lat' dir='ltr'><strong>incumbat</strong></span> <span class='ocrx_word' id='word_1_646' title='bbox 3129 4519 3320 4588; x_wconf 68' lang='lat' dir='ltr'><strong>operi;</strong></span> <span class='ocrx_word' id='word_1_647' title='bbox 3368 4518 3491 4570; x_wconf 89' lang='lat' dir='ltr'><strong>ideo</strong></span> 
     </span>
    </p>
   </div>
   <div class='ocr_carea' id='block_1_91' title="bbox 218 4595 1798 4684">
    <p class='ocr_par' dir='ltr' id='par_1_91' title="bbox 218 4595 1798 4684">
     <span class='ocr_line' id='line_1_92' title="bbox 218 4595 1798 4684; baseline 0.009 -33"><span class='ocrx_word' id='word_1_648' title='bbox 218 4597 604 4667; x_wconf 83' lang='grc' dir='ltr'><strong>ἀγωνίσμασιν</strong></span> <span class='ocrx_word' id='word_1_649' title='bbox 658 4595 741 4663; x_wconf 77' lang='grc' dir='ltr'><strong>οἷς</strong></span> <span class='ocrx_word' id='word_1_650' title='bbox 796 4601 1129 4669; x_wconf 75' lang='grc' dir='ltr'><strong>ἀγωνίζεται</strong></span> <span class='ocrx_word' id='word_1_651' title='bbox 1185 4605 1327 4678; x_wconf 79' lang='grc' dir='ltr'><strong>ὑπὲρ</strong></span> <span class='ocrx_word' id='word_1_652' title='bbox 1385 4608 1487 4678; x_wconf 79' lang='grc' dir='ltr'><strong>τῆς</strong></span> <span class='ocrx_word' id='word_1_653' title='bbox 1565 4612 1798 4684; x_wconf 83' lang='grc' dir='ltr'><strong>Ἐκκλη-</strong></span> 
     </span>
    </p>
   </div>
   <div class='ocr_carea' id='block_1_92' title="bbox 223 4691 431 4750">
    <p class='ocr_par' dir='ltr' id='par_1_92' title="bbox 223 4691 431 4750">
     <span class='ocr_line' id='line_1_93' title="bbox 223 4691 431 4750; baseline -0.005 -9"><span class='ocrx_word' id='word_1_654' title='bbox 223 4691 371 4750; x_wconf 81' lang='grc' dir='ltr'><strong>σίας.</strong></span> <span class='ocrx_word' id='word_1_655' title='bbox 413 4707 431 4740; x_wconf 82' lang='grc' dir='ltr'><strong>ι</strong></span> 
     </span>
    </p>
   </div>
   <div class='ocr_carea' id='block_1_93' title="bbox 296 4776 1797 4863">
    <p class='ocr_par' dir='ltr' id='par_1_93' title="bbox 296 4776 1797 4863">
     <span class='ocr_line' id='line_1_94' title="bbox 296 4776 1797 4863; baseline 0.012 -34"><span class='ocrx_word' id='word_1_656' title='bbox 296 4799 317 4830; x_wconf 76' lang='grc' dir='ltr'><strong>ι</strong></span> <span class='ocrx_word' id='word_1_657' title='bbox 375 4780 486 4832; x_wconf 69' lang='lat' dir='ltr'><strong>Kut</strong></span> <span class='ocrx_word' id='word_1_658' title='bbox 527 4781 923 4854; x_wconf 83' lang='grc' dir='ltr'><strong>ἀνταναπληρῶ</strong></span> <span class='ocrx_word' id='word_1_659' title='bbox 950 4776 1019 4839; x_wconf 73' lang='grc' dir='ltr'><strong>τὰ</strong></span> <span class='ocrx_word' id='word_1_660' title='bbox 1043 4788 1397 4860; x_wconf 85' lang='grc' dir='ltr'><strong>ὑστερήματα</strong></span> <span class='ocrx_word' id='word_1_661' title='bbox 1434 4792 1540 4845; x_wconf 71' lang='grc' dir='ltr'><strong>τῶν</strong></span> <span class='ocrx_word' id='word_1_662' title='bbox 1567 4794 1797 4863; x_wconf 70' lang='grc' dir='ltr'><strong>θλίψεων</strong></span> 
     </span>
    </p>
   </div>
   <div class='ocr_carea' id='block_1_94' title="bbox 217 4870 1797 4955">
    <p class='ocr_par' dir='ltr' id='par_1_94' title="bbox 217 4870 1797 4955">
     <span class='ocr_line' id='line_1_95' title="bbox 217 4870 1797 4955; baseline 0.011 -33"><span class='ocrx_word' id='word_1_663' title='bbox 217 4870 315 4923; x_wconf 80' lang='grc' dir='ltr'><strong>τοῦ</strong></span> <span class='ocrx_word' id='word_1_664' title='bbox 348 4872 585 4941; x_wconf 82' lang='grc' dir='ltr'><strong>Χριστοῦ</strong></span> <span class='ocrx_word' id='word_1_665' title='bbox 617 4875 673 4925; x_wconf 86' lang='lat' dir='ltr'><strong>tv</strong></span> <span class='ocrx_word' id='word_1_666' title='bbox 698 4878 763 4945; x_wconf 82' lang='grc' dir='ltr'><strong>τῇ</strong></span> <span class='ocrx_word' id='word_1_667' title='bbox 789 4877 951 4946; x_wconf 88' lang='grc' dir='ltr'><strong>σαρκί</strong></span> <span class='ocrx_word' id='word_1_668' title='bbox 985 4895 1086 4951; x_wconf 87' lang='grc' dir='ltr'><strong>μου</strong></span> <span class='ocrx_word' id='word_1_669' title='bbox 1119 4881 1258 4949; x_wconf 83' lang='grc' dir='ltr'><strong>ὑπὲρ</strong></span> <span class='ocrx_word' id='word_1_670' title='bbox 1284 4881 1379 4935; x_wconf 84' lang='grc' dir='ltr'><strong>τοῦ</strong></span> <span class='ocrx_word' id='word_1_671' title='bbox 1421 4884 1672 4955; x_wconf 85' lang='grc' dir='ltr'><strong>σώματος</strong></span> <span class='ocrx_word' id='word_1_672' title='bbox 1698 4889 1797 4941; x_wconf 80' lang='grc' dir='ltr'><strong>αὐ-</strong></span> 
     </span>
    </p>
   </div>
   <div class='ocr_carea' id='block_1_95' title="bbox 217 4963 1798 5045">
    <p class='ocr_par' dir='ltr' id='par_1_95' title="bbox 217 4963 1798 5045">
     <span class='ocr_line' id='line_1_96' title="bbox 217 4963 1798 5045; baseline 0.011 -30"><span class='ocrx_word' id='word_1_673' title='bbox 217 4963 314 5017; x_wconf 84' lang='grc' dir='ltr'><strong>τοῦ</strong></span> <span class='ocrx_word' id='word_1_674' title='bbox 338 5005 353 5027; x_wconf 94' lang='grc'><strong>,</strong></span> <span class='ocrx_word' id='word_1_675' title='bbox 381 4965 408 5014; x_wconf 86' lang='grc' dir='ltr'>ὃ</span> <span class='ocrx_word' id='word_1_676' title='bbox 435 4966 582 5017; x_wconf 73' lang='grc' dir='ltr'><strong>ἐστιν</strong></span> <span class='ocrx_word' id='word_1_677' title='bbox 621 4968 653 5036; x_wconf 79' lang='grc' dir='ltr'>ἡ</span> <span class='ocrx_word' id='word_1_678' title='bbox 695 4968 988 5039; x_wconf 84' lang='grc' dir='ltr'><strong>Ἐκκλησία</strong></span> <span class='ocrx_word' id='word_1_679' title='bbox 1010 4988 1022 5001; x_wconf 77' lang='grc'><strong><em>⁸</em></strong></span> <span class='ocrx_word' id='word_1_680' title='bbox 1052 4968 1119 5041; x_wconf 81' lang='grc' dir='ltr'><strong>ἧς</strong></span> <span class='ocrx_word' id='word_1_681' title='bbox 1165 4975 1433 5045; x_wconf 77' lang='grc' dir='ltr'><strong>ἐγενόμην</strong></span> <span class='ocrx_word' id='word_1_682' title='bbox 1461 4978 1571 5045; x_wconf 78' lang='grc' dir='ltr'><strong>ἐγὼ</strong></span> <span class='ocrx_word' id='word_1_683' title='bbox 1616 4979 1798 5034; x_wconf 79' lang='grc' dir='ltr'><strong>διάκο-</strong></span> 
     </span>
    </p>
   </div>
   <div class='ocr_carea' id='block_1_96' title="bbox 219 5055 1801 5139">
    <p class='ocr_par' dir='ltr' id='par_1_96' title="bbox 219 5055 1801 5139">
     <span class='ocr_line' id='line_1_97' title="bbox 219 5055 1801 5139; baseline 0.013 -36"><span class='ocrx_word' id='word_1_684' title='bbox 219 5071 310 5116; x_wconf 89' lang='grc' dir='ltr'><strong>νος</strong></span> <span class='ocrx_word' id='word_1_685' title='bbox 342 5056 481 5107; x_wconf 73' lang='grc' dir='ltr'><strong>κατὰ</strong></span> <span class='ocrx_word' id='word_1_686' title='bbox 505 5055 604 5125; x_wconf 76' lang='grc' dir='ltr'><strong>τὴν</strong></span> <span class='ocrx_word' id='word_1_687' title='bbox 631 5059 943 5130; x_wconf 80' lang='grc' dir='ltr'><strong>οἰκονομίαν</strong></span> <span class='ocrx_word' id='word_1_688' title='bbox 975 5062 1070 5114; x_wconf 83' lang='grc' dir='ltr'><strong>τοῦ</strong></span> <span class='ocrx_word' id='word_1_689' title='bbox 1108 5064 1266 5130; x_wconf 87' lang='grc' dir='ltr'><strong>Θεοῦ,</strong></span> <span class='ocrx_word' id='word_1_690' title='bbox 1299 5067 1399 5135; x_wconf 83' lang='grc' dir='ltr'><strong>τὴν</strong></span> <span class='ocrx_word' id='word_1_691' title='bbox 1428 5067 1675 5123; x_wconf 75' lang='grc' dir='ltr'><strong>δοθεῖσάν</strong></span> <span class='ocrx_word' id='word_1_692' title='bbox 1709 5089 1801 5139; x_wconf 88' lang='grc' dir='ltr'><strong>μοι</strong></span> 
     </span>
    </p>
   </div>
   <div class='ocr_carea' id='block_1_97' title="bbox 222 5146 536 5215">
    <p class='ocr_par' dir='ltr' id='par_1_97' title="bbox 222 5146 536 5215">
     <span class='ocr_line' id='line_1_98' title="bbox 222 5146 536 5215; baseline 0 -19"><span class='ocrx_word' id='word_1_693' title='bbox 222 5147 303 5207; x_wconf 83' lang='grc' dir='ltr'><strong>εἰς</strong></span> <span class='ocrx_word' id='word_1_694' title='bbox 335 5146 536 5215; x_wconf 73' lang='grc' dir='ltr'><strong>ὑμᾶς.»</strong></span> 
     </span>
    </p>
   </div>
   <div class='ocr_carea' id='block_1_98' title="bbox 294 5239 1120 5318">
    <p class='ocr_par' dir='ltr' id='par_1_98' title="bbox 294 5239 1120 5318">
     <span class='ocr_line' id='line_1_99' title="bbox 294 5239 1120 5318; baseline 0.016 -29"><span class='ocrx_word' id='word_1_695' title='bbox 294 5239 551 5293; x_wconf 79' lang='grc' dir='ltr'><strong>Τουτέστι</strong></span> <span class='ocrx_word' id='word_1_696' title='bbox 600 5246 701 5315; x_wconf 81' lang='grc' dir='ltr'><strong>τῆς</strong></span> <span class='ocrx_word' id='word_1_697' title='bbox 751 5246 1079 5318; x_wconf 78' lang='grc' dir='ltr'><strong>Ἐκκλησῖας</strong></span> <span class='ocrx_word' id='word_1_698' title='bbox 1108 5265 1120 5278; x_wconf 92' lang='grc'>·</span> 
     </span>
    </p>
   </div>
   <div class='ocr_carea' id='block_1_99' title="bbox 234 5328 553 5396">
    <p class='ocr_par' dir='ltr' id='par_1_99' title="bbox 234 5328 553 5396">
     <span class='ocr_line' id='line_1_100' title="bbox 234 5328 553 5396; baseline 0.016 -18"><span class='ocrx_word' id='word_1_699' title='bbox 234 5328 553 5396; x_wconf 81' lang='grc' dir='ltr'><strong>Ἐκκλησία.</strong></span> 
     </span>
    </p>
   </div>
   <div class='ocr_carea' id='block_1_100' title="bbox 289 5420 1792 5506">
    <p class='ocr_par' dir='ltr' id='par_1_100' title="bbox 289 5420 1792 5506">
     <span class='ocr_line' id='line_1_101' title="bbox 289 5420 1792 5506; baseline 0.011 -33"><span class='ocrx_word' id='word_1_700' title='bbox 289 5420 587 5491; x_wconf 82' lang='grc' dir='ltr'><strong>Πληρῶσαι</strong></span> <span class='ocrx_word' id='word_1_701' title='bbox 635 5425 725 5477; x_wconf 71' lang='grc' dir='ltr'><strong>τὸν</strong></span> <span class='ocrx_word' id='word_1_702' title='bbox 762 5426 921 5496; x_wconf 81' lang='grc' dir='ltr'><strong>λόγον</strong></span> <span class='ocrx_word' id='word_1_703' title='bbox 956 5430 1049 5484; x_wconf 89' lang='grc' dir='ltr'><strong>τοῦ</strong></span> <span class='ocrx_word' id='word_1_704' title='bbox 1079 5432 1209 5485; x_wconf 77' lang='grc' dir='ltr'><strong>Θεοῦ</strong></span> <span class='ocrx_word' id='word_1_705' title='bbox 1238 5474 1252 5496; x_wconf 86' lang='grc'><strong>,</strong></span> <span class='ocrx_word' id='word_1_706' title='bbox 1298 5434 1356 5486; x_wconf 67' lang='grc' dir='ltr'><strong>τὸ</strong></span> <span class='ocrx_word' id='word_1_707' title='bbox 1390 5438 1687 5506; x_wconf 74' lang='grc' dir='ltr'><strong>μυστήριον</strong></span> <span class='ocrx_word' id='word_1_708' title='bbox 1736 5440 1792 5490; x_wconf 67' lang='grc' dir='ltr'><strong>τὸ</strong></span> 
     </span>
    </p>
   </div>
   <div class='ocr_carea' id='block_1_101' title="bbox 1179 5250 1801 5327">
    <p class='ocr_par' dir='ltr' id='par_1_101' title="bbox 1179 5250 1801 5327">
     <span class='ocr_line' id='line_1_102' title="bbox 1179 5250 1801 5327; baseline 0.013 -25"><span class='ocrx_word' id='word_1_709' title='bbox 1179 5250 1316 5305; x_wconf 70' lang='grc' dir='ltr'><strong>καθὸ</strong></span> <span class='ocrx_word' id='word_1_710' title='bbox 1358 5251 1370 5289; x_wconf 77' lang='grc'><strong>¹</strong></span> <span class='ocrx_word' id='word_1_711' title='bbox 1418 5254 1524 5324; x_wconf 73' lang='grc' dir='ltr'><strong>γὰρ</strong></span> <span class='ocrx_word' id='word_1_712' title='bbox 1569 5256 1733 5309; x_wconf 69' lang='grc' dir='ltr'><strong>αὑτοῦ</strong></span> <span class='ocrx_word' id='word_1_713' title='bbox 1770 5260 1801 5327; x_wconf 87' lang='grc' dir='ltr'>ἡ</span> 
     </span>
    </p>
   </div>
   <div class='ocr_carea' id='block_1_102' title="bbox 282 5598 736 5666">
    <p class='ocr_par' dir='ltr' id='par_1_102' title="bbox 282 5598 736 5666">
     <span class='ocr_line' id='line_1_103' title="bbox 282 5598 736 5666; baseline 0.002 -12"><span class='ocrx_word' id='word_1_714' title='bbox 282 5599 335 5635; x_wconf 76' lang='grc'><strong>’⁸</strong></span> <span class='ocrx_word' id='word_1_715' title='bbox 363 5598 501 5654; x_wconf 87' lang='lat' dir='ltr'><strong>Luc.</strong></span> <span class='ocrx_word' id='word_1_716' title='bbox 544 5616 607 5666; x_wconf 90' lang='grc' dir='ltr'><strong>ιι,</strong></span> <span class='ocrx_word' id='word_1_717' title='bbox 652 5601 736 5655; x_wconf 76' lang='grc' dir='ltr'><strong>Η.</strong></span> 
     </span>
    </p>
   </div>
   <div class='ocr_carea' id='block_1_103' title="bbox 1912 4607 3491 4680">
    <p class='ocr_par' dir='ltr' id='par_1_103' title="bbox 1912 4607 3491 4680">
     <span class='ocr_line' id='line_1_104' title="bbox 1912 4607 3491 4680; baseline -0.003 -15"><span class='ocrx_word' id='word_1_718' title='bbox 1912 4614 1963 4665; x_wconf 94' lang='lat' dir='ltr'><strong>in</strong></span> <span class='ocrx_word' id='word_1_719' title='bbox 1997 4613 2392 4667; x_wconf 80' lang='lat' dir='ltr'><strong>certaminibus</strong></span> <span class='ocrx_word' id='word_1_720' title='bbox 2422 4614 2657 4676; x_wconf 66' lang='lat' dir='ltr'><strong>laetatur,</strong></span> <span class='ocrx_word' id='word_1_721' title='bbox 2704 4610 2909 4680; x_wconf 90' lang='lat' dir='ltr'><strong>quibus</strong></span> <span class='ocrx_word' id='word_1_722' title='bbox 2949 4624 3049 4678; x_wconf 93' lang='lat' dir='ltr'><strong>pro</strong></span> <span class='ocrx_word' id='word_1_723' title='bbox 3094 4608 3339 4662; x_wconf 88' lang='lat' dir='ltr'><strong>Ecclesia</strong></span> <span class='ocrx_word' id='word_1_724' title='bbox 3393 4607 3491 4661; x_wconf 86' lang='lat' dir='ltr'><strong>de-</strong></span> 
     </span>
    </p>
   </div>
   <div class='ocr_carea' id='block_1_104' title="bbox 1911 4706 2166 4760">
    <p class='ocr_par' dir='ltr' id='par_1_104' title="bbox 1911 4706 2166 4760">
     <span class='ocr_line' id='line_1_105' title="bbox 1911 4706 2166 4760; baseline -0.012 0"><span class='ocrx_word' id='word_1_725' title='bbox 1911 4706 2166 4760; x_wconf 88' lang='lat' dir='ltr'><strong>sudabat.</strong></span> 
     </span>
    </p>
   </div>
   <div class='ocr_carea' id='block_1_105' title="bbox 1987 4792 3486 4865">
    <p class='ocr_par' dir='ltr' id='par_1_105' title="bbox 1987 4792 3486 4865">
     <span class='ocr_line' id='line_1_106' title="bbox 1987 4792 3486 4865; baseline -0.001 -19"><span class='ocrx_word' id='word_1_726' title='bbox 1987 4814 2005 4846; x_wconf 83' lang='grc' dir='ltr'><strong>ι</strong></span> <span class='ocrx_word' id='word_1_727' title='bbox 2046 4795 2110 4849; x_wconf 86' lang='lat' dir='ltr'><strong>Et</strong></span> <span class='ocrx_word' id='word_1_728' title='bbox 2156 4795 2430 4863; x_wconf 85' lang='lat' dir='ltr'><strong>adimpleo</strong></span> <span class='ocrx_word' id='word_1_729' title='bbox 2484 4809 2605 4865; x_wconf 63' lang='lat' dir='ltr'><strong>quae</strong></span> <span class='ocrx_word' id='word_1_730' title='bbox 2655 4796 2856 4849; x_wconf 89' lang='lat' dir='ltr'><strong>desunt</strong></span> <span class='ocrx_word' id='word_1_731' title='bbox 2896 4795 3215 4863; x_wconf 86' lang='lat' dir='ltr'><strong>passionum</strong></span> <span class='ocrx_word' id='word_1_732' title='bbox 3258 4792 3486 4857; x_wconf 89' lang='lat' dir='ltr'><strong>Christi,</strong></span> 
     </span>
    </p>
   </div>
   <div class='ocr_carea' id='block_1_106' title="bbox 1911 4887 3486 4960">
    <p class='ocr_par' dir='ltr' id='par_1_106' title="bbox 1911 4887 3486 4960">
     <span class='ocr_line' id='line_1_107' title="bbox 1911 4887 3486 4960; baseline -0.002 -17"><span class='ocrx_word' id='word_1_733' title='bbox 1911 4890 1962 4943; x_wconf 91' lang='lat' dir='ltr'><strong>in</strong></span> <span class='ocrx_word' id='word_1_734' title='bbox 2000 4904 2169 4943; x_wconf 88' lang='lat' dir='ltr'><strong>carne</strong></span> <span class='ocrx_word' id='word_1_735' title='bbox 2208 4905 2347 4949; x_wconf 86' lang='lat' dir='ltr'><strong>mea.</strong></span> <span class='ocrx_word' id='word_1_736' title='bbox 2384 4905 2486 4958; x_wconf 86' lang='lat' dir='ltr'><strong>pro</strong></span> <span class='ocrx_word' id='word_1_737' title='bbox 2527 4904 2760 4960; x_wconf 90' lang='lat' dir='ltr'><strong>corpore</strong></span> <span class='ocrx_word' id='word_1_738' title='bbox 2796 4889 2939 4958; x_wconf 86' lang='lat' dir='ltr'><strong>ejus,</strong></span> <span class='ocrx_word' id='word_1_739' title='bbox 2989 4889 3135 4958; x_wconf 89' lang='lat' dir='ltr'><strong>quod</strong></span> <span class='ocrx_word' id='word_1_740' title='bbox 3185 4900 3267 4943; x_wconf 88' lang='lat' dir='ltr'><strong>est</strong></span> <span class='ocrx_word' id='word_1_741' title='bbox 3299 4887 3486 4940; x_wconf 86' lang='lat' dir='ltr'><strong>Eccle-</strong></span> 
     </span>
    </p>
   </div>
   <div class='ocr_carea' id='block_1_107' title="bbox 1910 4979 3493 5054">
    <p class='ocr_par' dir='ltr' id='par_1_107' title="bbox 1910 4979 3493 5054">
     <span class='ocr_line' id='line_1_108' title="bbox 1910 4979 3493 5054; baseline -0.004 -18"><span class='ocrx_word' id='word_1_742' title='bbox 1910 4984 2011 5045; x_wconf 86' lang='lat' dir='ltr'><strong>sia,</strong></span> <span class='ocrx_word' id='word_1_743' title='bbox 2068 4979 2259 5051; x_wconf 78' lang='lat' dir='ltr'><strong>IVERS.</strong></span> <span class='ocrx_word' id='word_1_744' title='bbox 2308 4981 2410 5054; x_wconf 83' lang='grc'><strong>25]</strong></span> <span class='ocrx_word' id='word_1_745' title='bbox 2479 4982 2639 5051; x_wconf 89' lang='lat' dir='ltr'><strong>cujus</strong></span> <span class='ocrx_word' id='word_1_746' title='bbox 2693 4981 2875 5035; x_wconf 88' lang='lat' dir='ltr'><strong>factus</strong></span> <span class='ocrx_word' id='word_1_747' title='bbox 2911 4995 3032 5034; x_wconf 89' lang='lat' dir='ltr'><strong>sum</strong></span> <span class='ocrx_word' id='word_1_748' title='bbox 3084 4995 3186 5049; x_wconf 81' lang='lat' dir='ltr'><strong>ego</strong></span> <span class='ocrx_word' id='word_1_749' title='bbox 3234 4979 3493 5032; x_wconf 86' lang='lat' dir='ltr'><strong>minister</strong></span> 
     </span>
    </p>
   </div>
   <div class='ocr_carea' id='block_1_108' title="bbox 1906 5068 3484 5143">
    <p class='ocr_par' dir='ltr' id='par_1_108' title="bbox 1906 5068 3484 5143">
     <span class='ocr_line' id='line_1_109' title="bbox 1906 5068 3484 5143; baseline -0.007 -13"><span class='ocrx_word' id='word_1_750' title='bbox 1906 5073 2208 5130; x_wconf 85' lang='lat' dir='ltr'><strong>secundum</strong></span> <span class='ocrx_word' id='word_1_751' title='bbox 2237 5073 2711 5143; x_wconf 87' lang='lat' dir='ltr'><strong>dispensationem</strong></span> <span class='ocrx_word' id='word_1_752' title='bbox 2761 5071 2882 5135; x_wconf 88' lang='lat' dir='ltr'><strong>Dei,</strong></span> <span class='ocrx_word' id='word_1_753' title='bbox 2916 5085 3038 5140; x_wconf 81' lang='lat' dir='ltr'><strong>quae</strong></span> <span class='ocrx_word' id='word_1_754' title='bbox 3072 5068 3199 5123; x_wconf 84' lang='lat' dir='ltr'><strong>data</strong></span> <span class='ocrx_word' id='word_1_755' title='bbox 3238 5078 3323 5122; x_wconf 90' lang='lat' dir='ltr'><strong>est</strong></span> <span class='ocrx_word' id='word_1_756' title='bbox 3350 5068 3484 5120; x_wconf 88' lang='lat' dir='ltr'><strong>mihi</strong></span> 
     </span>
    </p>
   </div>
   <div class='ocr_carea' id='block_1_109' title="bbox 1906 5168 2159 5219">
    <p class='ocr_par' dir='ltr' id='par_1_109' title="bbox 1906 5168 2159 5219">
     <span class='ocr_line' id='line_1_110' title="bbox 1906 5168 2159 5219; baseline -0.012 0"><span class='ocrx_word' id='word_1_757' title='bbox 1906 5168 1956 5219; x_wconf 83' lang='lat' dir='ltr'><strong>in</strong></span> <span class='ocrx_word' id='word_1_758' title='bbox 1990 5180 2103 5219; x_wconf 88' lang='lat' dir='ltr'><strong>vos.</strong></span> <span class='ocrx_word' id='word_1_759' title='bbox 2142 5185 2159 5216; x_wconf 85' lang='grc' dir='ltr'><strong>ι</strong></span> 
     </span>
    </p>
   </div>
   <div class='ocr_carea' id='block_1_110' title="bbox 1980 5251 3483 5328">
    <p class='ocr_par' dir='ltr' id='par_1_110' title="bbox 1980 5251 3483 5328">
     <span class='ocr_line' id='line_1_111' title="bbox 1980 5251 3483 5328; baseline -0.005 -20"><span class='ocrx_word' id='word_1_760' title='bbox 1980 5258 2094 5310; x_wconf 90' lang='lat' dir='ltr'><strong>lloc</strong></span> <span class='ocrx_word' id='word_1_761' title='bbox 2141 5267 2226 5312; x_wconf 88' lang='lat' dir='ltr'><strong>est</strong></span> <span class='ocrx_word' id='word_1_762' title='bbox 2279 5272 2389 5328; x_wconf 85' lang='lat' dir='ltr'><strong>pro</strong></span> <span class='ocrx_word' id='word_1_763' title='bbox 2422 5255 2711 5321; x_wconf 87' lang='lat' dir='ltr'><strong>Ecclesia;</strong></span> <span class='ocrx_word' id='word_1_764' title='bbox 2781 5268 2985 5322; x_wconf 83' lang='lat' dir='ltr'><strong>corpus</strong></span> <span class='ocrx_word' id='word_1_765' title='bbox 3023 5252 3173 5306; x_wconf 89' lang='lat' dir='ltr'><strong>enim</strong></span> <span class='ocrx_word' id='word_1_766' title='bbox 3229 5251 3350 5319; x_wconf 89' lang='lat' dir='ltr'><strong>ejus</strong></span> <span class='ocrx_word' id='word_1_767' title='bbox 3400 5257 3483 5303; x_wconf 87' lang='lat' dir='ltr'><strong>est</strong></span> 
     </span>
    </p>
   </div>
   <div class='ocr_carea' id='block_1_111' title="bbox 1905 5347 2175 5401">
    <p class='ocr_par' dir='ltr' id='par_1_111' title="bbox 1905 5347 2175 5401">
     <span class='ocr_line' id='line_1_112' title="bbox 1905 5347 2175 5401; baseline 0.007 -2"><span class='ocrx_word' id='word_1_768' title='bbox 1905 5347 2175 5401; x_wconf 70' lang='lat' dir='ltr'><strong>Ecclesia.</strong></span> 
     </span>
    </p>
   </div>
   <div class='ocr_carea' id='block_1_112' title="bbox 1986 5428 3484 5509">
    <p class='ocr_par' dir='ltr' id='par_1_112' title="bbox 1986 5428 3484 5509">
     <span class='ocr_line' id='line_1_113' title="bbox 1986 5428 3484 5509; baseline -0.008 -15"><span class='ocrx_word' id='word_1_769' title='bbox 1986 5460 2001 5485; x_wconf 76' lang='grc' dir='ltr'><strong>ε</strong></span> <span class='ocrx_word' id='word_1_770' title='bbox 2042 5439 2111 5493; x_wconf 89' lang='lat' dir='ltr'><strong>Ut</strong></span> <span class='ocrx_word' id='word_1_771' title='bbox 2158 5438 2410 5509; x_wconf 85' lang='lat' dir='ltr'><strong>impleam</strong></span> <span class='ocrx_word' id='word_1_772' title='bbox 2458 5438 2687 5495; x_wconf 82' lang='lat' dir='ltr'><strong>verbum</strong></span> <span class='ocrx_word' id='word_1_773' title='bbox 2746 5436 2865 5502; x_wconf 87' lang='lat' dir='ltr'><strong>Dei,</strong></span> <span class='ocrx_word' id='word_1_774' title='bbox 2895 5434 3085 5508; x_wconf 70' lang='lat' dir='ltr'><strong>[Vt-ms.</strong></span> <span class='ocrx_word' id='word_1_775' title='bbox 3134 5428 3327 5504; x_wconf 78' lang='grc'><strong>26-29]</strong></span> <span class='ocrx_word' id='word_1_776' title='bbox 3365 5442 3484 5499; x_wconf 75' lang='lat' dir='ltr'><strong>my-</strong></span> 
     </span>
    </p>
   </div>
   <div class='ocr_carea' id='block_1_113' title="bbox 1485 5700 2173 5757">
    <p class='ocr_par' dir='ltr' id='par_1_113' title="bbox 1485 5700 2173 5757">
     <span class='ocr_line' id='line_1_114' title="bbox 1485 5700 2173 5757; baseline 0.006 -4"><span class='ocrx_word' id='word_1_777' title='bbox 1485 5700 1725 5755; x_wconf 73' lang='lat' dir='ltr'><strong>VARIAS</strong></span> <span class='ocrx_word' id='word_1_778' title='bbox 1768 5701 2059 5757; x_wconf 62' lang='lat' dir='ltr'><strong>LECTION</strong></span> <span class='ocrx_word' id='word_1_779' title='bbox 2073 5704 2173 5757; x_wconf 84' lang='lat' dir='ltr'><strong>ES.</strong></span> 
     </span>
    </p>
   </div>
   <div class='ocr_carea' id='block_1_114' title="bbox 336 5780 2590 5867">
    <p class='ocr_par' dir='ltr' id='par_1_114' title="bbox 336 5780 2590 5867">
     <span class='ocr_line' id='line_1_115' title="bbox 336 5780 2590 5867; baseline 0.004 -27"><span class='ocrx_word' id='word_1_780' title='bbox 336 5780 352 5822; x_wconf 88' lang='grc'><strong>¹</strong></span> <span class='ocrx_word' id='word_1_781' title='bbox 387 5783 655 5854; x_wconf 84' lang='lat' dir='ltr'><strong>Legcrim,</strong></span> <span class='ocrx_word' id='word_1_782' title='bbox 684 5787 840 5854; x_wconf 79' lang='grc' dir='ltr'><strong>σῶμα</strong></span> <span class='ocrx_word' id='word_1_783' title='bbox 869 5798 1071 5857; x_wconf 74' lang='lat' dir='ltr'><strong>potius.</strong></span> <span class='ocrx_word' id='word_1_784' title='bbox 1116 5790 1217 5845; x_wconf 77' lang='lat' dir='ltr'><strong>Sed</strong></span> <span class='ocrx_word' id='word_1_785' title='bbox 1264 5800 1443 5845; x_wconf 62' lang='lat' dir='ltr'><strong>tentus</strong></span> <span class='ocrx_word' id='word_1_786' title='bbox 1480 5793 1703 5847; x_wconf 84' lang='lat' dir='ltr'><strong>nimium</strong></span> <span class='ocrx_word' id='word_1_787' title='bbox 1743 5794 1827 5848; x_wconf 77' lang='lat' dir='ltr'><strong>hic</strong></span> <span class='ocrx_word' id='word_1_788' title='bbox 1867 5794 2085 5850; x_wconf 77' lang='lat' dir='ltr'><strong>luxatus</strong></span> <span class='ocrx_word' id='word_1_789' title='bbox 2122 5797 2348 5850; x_wconf 71' lang='lat' dir='ltr'><strong>muzilus</strong></span> <span class='ocrx_word' id='word_1_790' title='bbox 2372 5816 2454 5867; x_wconf 77' lang='grc' dir='ltr'><strong>μιυ</strong></span> <span class='ocrx_word' id='word_1_791' title='bbox 2492 5806 2590 5851; x_wconf 67' lang='lat' dir='ltr'><strong>est.</strong></span> 
     </span>
    </p>
   </div>
  </div>
