4214 6446
774 393 868 453 891

1951 407 2009 464 ς.
2042 407 2096 466 Jl
2111 408 2280 465 l.\.\'.\'
2296 409 2361 465 [Ξ
2396 410 2822 468 D.\.\l.\SCE.\'I

3903 415 4013 480 892

775 499 1027 558 sterium,
1055 501 1198 567 quod
1224 502 1607 556 absconditum
1642 505 1744 558 fuit
1773 525 1801 556 ει
1838 513 2053 564 s;cculis
2080 521 2133 562 et
2164 527 2192 562 a
2244 528 2335 580 ge-
2364 518 2408 570 Α
2438 549 2439 558 η

2364 518 2408 570 Α
2438 514 2931 582 ἀποκεκρυμμένον
2957 513 3068 564 ἀπὸ
3097 513 3208 565 τῶν
3239 513 3476 574 αἰώνων,
3516 516 3611 567 καὶ
3639 517 3748 568 ἀπὸ
3777 519 3886 570 τῶν
3920 538 4012 586 γε·

775 586 1192 651 nerationibus;
1223 603 1366 641 nunc
1403 601 1583 643 autem
1647 593 2058 648 inanifestatnm
2103 607 2186 649 est
2210 614 2336 652 San-

771 674 878 726 etis
930 678 1068 737 ejus,
1120 676 1322 743 quibus
1373 681 1541 731 \oluit
1591 681 1731 734 Deus
1782 697 1940 737 natas
1987 686 2170 738 faccre
2215 702 2336 755 quae

775 767 883 815 sint
922 765 1123 817 divitia:
1152 768 1340 830 gloria:
1373 774 1701 824 sacramenti
1759 775 1923 838 hujus
1970 779 2020 828 in
2059 779 2332 842 gentibus,

771 857 864 921 qui
893 862 976 907 est
1005 856 1296 922 Christus;
1332 861 1383 910 in
1437 864 1590 913 vobis
1637 879 1762 930 spes
1801 866 2007 933 glorim,
2039 884 2201 934 quem
2234 883 2335 920 nos

771 947 1188 1006 annuntiamns,
1233 953 1594 1014 corripientes
1654 971 1870 1008 omnem
1925 957 2223 1017 hominum,
2279 966 2335 1011 et

770 1035 1032 1090 docentes
1087 1054 1304 1091 onlnem
1345 1043 1620 1095 hominem
1657 1046 1710 1096 in
1761 1048 1912 1098 omni
1946 1050 2239 1116 sapientia,
2276 1056 2333 1100 ιιι

769 1126 1126 1179 exhibeamus
1155 1144 1370 1183 omnem
1405 1134 1677 1185 hominem
1738 1135 2037 1201 perfectum
2088 1138 2139 1189 in
2171 1138 2334 1190 Chri-

771 1223 856 1265 sto
885 1213 1036 1277 Jesn,
1093 1217 1146 1267 in
1194 1221 1340 1285 quod
1385 1230 1439 1274 et
1478 1223 1688 1284 laboro,
1721 1226 1986 1278 ecrtando
2028 1227 2330 1280 secundum

769 1306 1142 1369 operationem
1191 1307 1333 1374 ejus,
1395 1326 1515 1377 qua:
1568 1320 1831 1377 operatur
1898 1314 1949 1365 in
2007 1331 2090 1368 me
2124 1319 2174 1367 in
2224 1316 2332 1367 vir-

769 1403 902 1446 tute.
932 1413 950 1444 ο

1429 1490 1584 1546 CAP.
1625 1493 1687 1546 ll.

843 1575 1006 1628 Vens.
1048 1579 1158 1631 1-5.
1197 1599 1213 1627 ι
1255 1578 1389 1633 Volo
1419 1584 1569 1635 enim
1605 1601 1702 1640 vos
1740 1590 1883 1640 scire
1929 1593 2144 1656 qualem
2178 1595 2330 1646 solli-

768 1667 1067 1720 citudinem
1099 1669 1327 1721 habeam
1358 1687 1458 1739 pro
1490 1675 1667 1735 vobis,
1709 1687 1761 1730 et
1801 1679 1871 1733 iis
1907 1682 1999 1747 qui
2034 1690 2163 1734 sunt
2189 1682 2329 1734 Lao-

766 1756 956 1820 dices),
1013 1768 1065 1810 et
1121 1760 1438 1830 quicunque
1487 1778 1595 1816 non
1647 1767 1900 1820 viderunt
1941 1770 2132 1824 faciem
2155 1788 2326 1826 meam

767 1847 930 1915 209
961 1849 1012 1900 in
1045 1865 1234 1912 carne,
1280 1863 1336 1905 ιιι
1374 1854 1704 1923 impleantur
1739 1861 1905 1913 corda
1936 1862 2206 1929 ipsorum,
2243 1865 2326 1916 in-
2361 1838 2402 1890 ῃ

767 1940 968 1991 structi
1001 1939 1054 1990 in
1093 1940 1379 2005 charitate,
1419 1945 1556 1996 etin
1589 1959 1780 2002 omnes
1823 1949 2040 2004 divitias
2087 1952 2327 2019 plenitu-

764 2027 914 2081 dinis
971 2029 1286 2086 intellectus
1329 2033 1385 2086 in
1431 2035 1765 2101 agnitionem
1813 2042 2059 2108 mysterii
2110 2041 2228 2102 Dei,
2273 2052 2326 2098 et

771 2115 964 2182 Patris,
1020 2131 1071 2174 et
1124 2121 1355 2184 Christi,
1416 2125 1469 2176 in
1500 2141 1611 2194 quo
1661 2138 1790 2181 sunt
1836 2147 2031 2187 ounnes
2082 2135 2322 2190 thesauri

764 2209 1053 2276 Sapientiae
1083 2219 1135 2263 et
1173 2213 1421 2266 scicntia:
1457 2216 1796 2271 absconditi.
1833 2237 1852 2269 ι

831 2301 1079 2368 ApOstoli
1139 2303 1501 2358 ministerium
1537 2307 1591 2359 in
1629 2310 1775 2362 verbi
1833 2310 2088 2366 doctrina
2138 2316 2326 2369 consi-

761 2389 879 2442 stit.
970 2388 1207 2444 Verbum
1261 2404 1441 2446 autem
1493 2394 1561 2447 de
1627 2399 1815 2451 mundi
1875 2401 2049 2454 salute
2106 2413 2320 2465 tractat,

759 2494 921 2546 quam
952 2479 1082 2532 olim
1134 2481 1350 2549 quidem
1385 2484 1455 2536 ab
1487 2486 1795 2540 :cternitate
1855 2487 2000 2543 Deus
2039 2496 2322 2558 preposuit

757 2577 815 2620 et
841 2570 1090 2623 detinivit
1117 2589 1130 2634 ;
1165 2587 1310 2626 Iinnc
1348 2583 1528 2627 autem
1559 2577 1737 2644 palam
1776 2587 1987 2646 patrata
2020 2590 2128 2646 est,
2158 2591 2322 2650 atque

765 2660 834 2711 ab
864 2661 972 2713 illis
1013 2664 1370 2730 cognoscitur
1405 2666 1498 2733 qui
1547 2669 1778 2721 scientia
1841 2670 1989 2740 digni
2027 2681 2173 2735 sunt,
2214 2691 2319 2727 non

759 2767 854 2818 per
901 2753 1235 2820 sapientiam
1271 2756 1483 2821 carnis,
1530 2760 1626 2812 sed
1671 2775 1766 2828 per
1794 2777 1914 2816 eam
1956 2779 2080 2831 quae
2107 2781 2323 2834 semper

757 2843 1082 2896 abscondita
1117 2855 1200 2899 est
1235 2847 1378 2914 apud
1429 2847 1623 2913 Deum,
1667 2867 1800 2904 cum
1831 2856 2036 2908 mundo
2064 2860 2323 2925 superior

756 2932 1009 2996 exsistat,
1040 2944 1095 2987 et
1146 2948 1175 2985 a
1215 2933 1423 3003 Spiritu
1481 2947 1676 2992 sancto
1725 2942 1975 3008 pendeat.
2030 2944 2141 2998 llae
2181 2961 2319 3015 opus

758 3024 996 3086 habent,
1033 3034 1144 3077 tum
1192 3028 1284 3094 qui
1337 3043 1402 3080 ex
1454 3029 1689 3083 hmnana
1742 3034 2009 3101 sapientia
2050 3038 2311 3100 veniunt,

2437 604 2572 654 νεῶν
2599 622 2612 634 ·
2646 606 2762 656 νυνὶ
2785 605 2840 656 δὲ
2872 604 3191 672 ἐφανερώθη
3226 607 3338 667 τοῖς
3368 607 3544 672 ἁγίοις
3569 607 3758 670 αὑτοῦ,
3778 604 3859 670 οἷς
3889 611 4014 676 ἠθέ-

2436 694 2598 762 λησεν
2625 697 2653 746 ὁ
2694 695 2827 758 Θεὸς
2878 697 3172 763 γνωρίσαι,
3218 699 3301 758 τίς
3352 699 3380 746 δ
3429 697 3657 759 πλοῦτος
3697 700 3796 768 τῆς
3845 701 4007 768 δόξης

2435 785 2529 836 τοῦ
2561 788 2863 856 μυστηρίου
2900 789 3092 839 τούτου
3120 790 3179 838 ἐν
3207 791 3319 849 τοῖς
3355 789 3587 848 ἔθνεσιν,
3617 791 3676 852 δς
3719 793 3833 842 ἐστι
3875 793 4012 858 Χριο

2437 875 2578 937 στδς,
2611 877 2667 927 ὲν
2697 877 2824 944 ὑμῖν
2860 879 2891 942 ἡ
2923 877 3078 939 ἐλπὶς
3105 881 3202 946 τῆς
3233 878 3390 948 δόξης
3408 920 3422 939 ,
3445 880 3504 931 ὃν
3526 881 3687 948 ἡμεῖς
3710 882 4012 948 καταγγέλ-

2434 966 2618 1034 λομεν,
2635 967 3011 1030 νουθετοῦντες
3026 970 3203 1022 πάντα
3224 969 3529 1038 ἄνθρωπον,
3555 973 3644 1023 καὶ
3664 973 4010 1034 διδάσκοντες

2434 1060 2612 1108 πάντα
2641 1057 2925 1126 ἄνθρωπον
2956 1060 3014 1109 ἐν
3047 1059 3195 1130 πάσῃ
3220 1061 3404 1129 σοφίᾳ,
3440 1062 3525 1113 ἴνα
3559 1065 4007 1132 παραστήσωμεν

2435 1149 2613 1201 πάντα
2651 1149 2935 1215 ἄνθρωπον
2979 1150 3189 1202 τέλειον
3223 1153 3282 1203 ἐν
3322 1153 3543 1222 Χριστῷ
3593 1153 3771 1220 Ἰησοῦ
3795 1194 3810 1214 ,
3852 1156 3934 1215 είς
3979 1156 4008 1205 ὖ

2435 1242 2528 1291 καὶ
2559 1241 2734 1292 κοπιῶ
2763 1241 3165 1310 ἀγωνιζόμενος
3192 1244 3333 1294 κατά
3357 1246 3456 1311 τὴν
3503 1246 3784 1315 ἐνέργειαν
3810 1246 4002 1307 αὐτοῦ,

2431 1329 2529 1397 τὴν
2561 1330 2959 1400 ἐνεργουμένην
2979 1333 3036 1383 ὲν
3068 1334 3191 1400 ἐμοὶ
3225 1335 3281 1384 ἐν
3300 1334 3549 1404 δυνάμει.
3586 1356 3603 1384 ι

3029 1515 3278 1568 ΚΕΦΑΛ.
3334 1517 3407 1571 B’.

2510 1624 2527 1652 ι
2567 1605 2718 1656 Θέλω
2743 1605 2800 1657 δὲ
2833 1606 2977 1674 ὑμᾶς
3024 1607 3221 1658 εἰδέναι
3258 1608 3445 1675 ἡλίκον
3493 1608 3680 1675 ἀγῶνα
3723 1610 3833 1679 ἔχω
3879 1612 4001 1680 περὶ

2432 1692 2587 1760 ὑμῶν
2622 1693 2716 1743 καὶ
2743 1694 2849 1744 τῶν
2884 1697 2941 1745 ὲν
2987 1695 3296 1764 Λαοδικείᾳ,
3326 1695 3418 1748 καί
3441 1698 3557 1749 ὅσοι
3587 1699 3687 1766 οὐχ
3719 1700 3999 1767 ἑωράκασι

2431 1783 2492 1834 τὺ
2534 1783 2823 1849 πρόσωπόν
2849 1801 2951 1852 μου
2984 1785 3041 1836 ὲν
3065 1786 3253 1852 σαρκὶ,
3284 1787 3368 1837 ἵνα
3393 1787 3751 1855 πληρωθῶσιν
3786 1794 3841 1842 αί
3871 1807 4002 1858 καρο

2431 1873 2537 1924 δίαι
2561 1873 2737 1925 αὐτῶν
2762 1873 3240 1942 συμϐιϐασθέντων
3276 1879 3334 1927 ὲν
3362 1879 3570 1949 ἀγάπῃ,
3605 1880 3698 1932 καὶ
3717 1883 3797 1943 είς
3825 1882 4005 1934 πάντα

2430 1963 2656 2016 πλοῦτον
2695 1964 2791 2032 τῆς
2834 1964 3203 2035 πληροφορίας
3248 1967 3348 2035 τῆς
3404 1970 3709 2032 συνέσεως,
3746 1973 3826 2032 είς
3883 1972 4004 2022 ὲττί⁹

2428 2070 2629 2120 γνωσιν
2659 2053 2754 2106 τοῦ
2806 2056 3107 2123 μυστηρίου
3157 2057 3252 2108 τοῦ
3281 2057 3446 2121 Θεοῦ,
3476 2061 3569 2111 καὶ
3609 2060 3857 2130 Πατρὸς,
3909 2067 4003 2115 καὶ

2426 2141 2521 2194 τοῦ
2556 2140 2827 2210 Χριστοῦ,
2856 2145 2915 2194 ἐν
3035 2145 3140 2195 είσι
3170 2146 3370 2209 πάντες
3392 2149 3438 2198 oi
3471 2148 3734 2218 θησαυροὶ
3765 2151 3864 2220 τῆς
3908 2168 4001 2204 σο-

2427 2233 2551 2300 φίας
2569 2273 2582 2294 ,
2620 2233 2837 2300 καὶτῆς
2863 2233 3121 2300 γνώσεως
3148 2236 3478 2305 ἀπόκρυφοι.
3520 2259 3537 2289 ι

2507 2323 2571 2376 'H
2599 2325 2843 2376 διακονία
2876 2324 2971 2376 τοῦ
3017 2325 3340 2380 Ἀποστὸλου
3369 2330 3514 2383 ἐστὶν
3536 2332 3594 2383 ὲν
3625 2335 3690 2400 τῇ
3724 2332 3888 2398 λόγου
3925 2334 4004 2386 δι-

2423 2414 2711 2483 δασκαλία.
2759 2415 2815 2466 Ὀ
2849 2415 2906 2466 δὲ
2949 2415 3105 2483 λόγος
3153 2420 3269 2470 ἐστὶ
3301 2420 3430 2489 περὶ
3482 2420 3583 2486 τῆς
3636 2423 3731 2474 τοῦ
3789 2425 4000 2490 κόσμου

2426 2504 2702 2572 σωτηρίας
2718 2542 2735 2567 ,
2756 2503 2854 2572 τῆς
2883 2506 3051 2558 πάλαι
3085 2506 3182 2574 μὲν
3206 2507 3265 2571 ἐξ
3283 2509 3452 2561 ἀϊδίου
3469 2511 3619 2578 παρὰ
3640 2512 3768 2578 Βεῷ
3809 2513 3999 2579 βεϐου-

2423 2597 2685 2666 λευμένης
2713 2598 2806 2650 καὶ
2836 2597 3146 2666 ὁρισθείσης
3165 2639 3177 2655 .
3210 2601 3467 2667 ἐμφανῶς
3508 2602 3564 2654 δὲ
3591 2602 3685 2654 νῦν
3724 2621 4002 2673 καταστη-

2423 2687 2592 2756 σάσης
2615 2726 2630 2748 ,
2666 2687 2759 2738 καὶ
2790 2687 3200 2755 γινωσκομένης
3219 2689 3372 2758 παρά
3396 2693 3508 2752 τοῖς
3536 2692 3708 2754 ἀξίοις
3731 2693 3831 2760 τῆς
3862 2694 4001 2760 γνώ-

2425 2793 2581 2837 σεως,
2610 2776 2671 2827 οὐ
2701 2776 2788 2828 διά
2815 2777 3006 2843 σοφίας
3039 2779 3332 2846 σαρκικῆς,
3380 2780 3518 2833 ἀλλὰ
3543 2782 3631 2834 διὰ
3667 2783 3767 2851 τῆς
3795 2786 3998 2836 ἀποκε-

2423 2884 2526 2934 κρυ
2534 2867 2744 2935 μμένης
2764 2868 2850 2919 ἀεὶ
2868 2867 3020 2936 παρὰ
3036 2867 3175 2936 Θεῷ,
3203 2869 3578 2940 ὑπερκοσμίου
3593 2875 3995 2943 τυγχανούσης.

2423 2957 2516 3007 καὶ
2573 2958 2630 3007 ὲν
2683 2957 2966 3024 Πνεύματι
3012 2959 3154 3026 ἁγίῳ
3203 2960 3505 3029 κειμένης,
3541 2956 3610 3032 ἦς
3647 2961 3862 3015 δέονται
3906 2967 3999 3016 καὶ

2423 3049 2472 3100 οἱ
2503 3050 2567 3099 ἐκ
2613 3050 2708 3115 τῆς
2741 3049 3092 3118 ἀνθρωπίνης
3134 3051 3326 3117 σοφίας
3371 3053 3678 3120 ἐρχόμενοι,
3714 3057 3809 3106 καὶ
3848 3058 3899 3107 οί
3934 3059 3995 3109 ἐκ

756 3121 870 3164 tmn
897 3113 992 3180 qui
1019 3128 1080 3166 ex
1111 3115 1260 3183 lege;
1297 3119 1425 3184 quia
1457 3135 1635 3188 neque
1661 3123 1741 3175 lex
1771 3134 1960 3192 aperte
1993 3129 2307 3195 mysterium
2337 3127 2378 3181 C
2412 3156 2420 3173 ε

2337 3127 2378 3181 C
2412 3139 2598 3205 νόμου,
2627 3113 2708 3190 ὅτι
2730 3113 2868 3207 μήτε
2895 3113 3057 3207 νόμος
3082 3113 3344 3209 ἐξέφηνεν
3582 3141 3643 3194 τὸ
3666 3113 3991 3213 μυστήριον,

760 3205 1032 3270 promisit,
1072 3222 1250 3274 neque
1300 3211 1534 3264 mundus
1581 3227 1700 3264 eam
1741 3215 2178 3282 Comprehendit.

830 3292 994 3347 Vens.
1029 3296 1082 3360 4,
1111 3298 1162 3349 5.
1204 3316 1221 3346 ι
1262 3297 1374 3351 Hoc
1401 3309 1584 3353 autem
1631 3303 1778 3364 dico,
1816 3314 1870 3356 ut
1903 3321 2064 3359 nemo
2092 3323 2192 3362 vos
2225 3308 2322 3361 de-

755 3386 926 3454 cipiat
960 3385 1014 3438 in
1048 3387 1388 3442 sublimitate
1416 3405 1750 3444 sermonum.
1789 3393 1923 3447 Nam
1954 3396 2059 3449 etsi
2093 3411 2323 3464 corpore

756 3477 962 3529 absens
997 3490 1144 3541 sum,
1195 3478 1290 3531 sed
1334 3479 1533 3547 spiritu
1584 3483 1870 3536 vobiscum
1903 3500 2045 3548 sum,
2074 3487 2322 3554 gaudens

755 3575 810 3620 et
840 3567 1032 3621 videns
1065 3568 1315 3624 ordinem
1356 3579 1598 3623 vestrum
1634 3581 1688 3624 et
1740 3574 2144 3629 lirman‘ientum
2176 3578 2320 3646 ejus,

755 3672 878 3726 quae
905 3659 959 3710 in
993 3659 1214 3713 Christo
1244 3671 1348 3724 cst,
1381 3661 1504 3714 lidei
1546 3671 1758 3716 vestrze.
1794 3683 1810 3712 ν

827 3748 970 3813 Ideo,
1024 3751 1220 3819 inquit,
1283 3753 1334 3804 in
1392 3753 1614 3806 Christo
1659 3755 1950 3810 thesauros
2013 3773 2203 3811 υιιιιιεε
2235 3775 2323 3812 sa-

759 3839 974 3908 pientia:
993 3855 1117 3894 esse
1150 3842 1286 3902 dixi,
1309 3858 1374 3896 ne
1401 3845 1696 3896 extrariam
1723 3847 2045 3914 sapientiam
2079 3852 2323 3918 mquiia’

757 3933 850 3985 tis.
888 3933 1337 4002 Quandoquidem
1391 3937 1495 3988 ctsi
1549 3953 1781 4006 corpore
1839 3941 1997 3995 vobis
2044 3958 2148 3995 non
2200 3961 2318 4000 sum

755 4038 1018 4089 praesens,
1056 4024 1250 4078 adsum
1315 4033 1500 4078 taiucn
1544 4028 1745 4095 spiritu
1778 4051 1789 4083 :
1840 4032 2163 4100 gaude-eque
2193 4049 2318 4101 pro-

758 4123 874 4180 pter
907 4114 1063 4166 [idem
1085 4124 1139 4167 et
1166 4128 1370 4168 rectum
1407 4119 1662 4172 Ecclesiae
1684 4121 1955 4176 ordinem.
1989 4125 2317 4192 Quanquam

755 4203 888 4256 illml
919 4219 1136 4273 quoque
1166 4209 1310 4276 quod
1355 4208 1512 4262 deest
1563 4211 1739 4274 vobis,
1792 4213 1972 4275 video,
2009 4223 2062 4267 et
2097 4232 2220 4284 qua:
2249 4219 2321 4271 sit

754 4294 1018 4348 doctrina:
1050 4299 1374 4353 necessitas.
1410 4299 1539 4354 Nam
1573 4303 1638 4355 ad
1679 4303 1836 4356 ﬁdem
1873 4305 2098 4358 scicntia
2142 4324 2321 4363 ncces-

755 4388 900 4440 saria
932 4397 1034 4442 cst.

829 4478 998 4530 Vsus.
1032 4480 1086 4532 6.
1119 4481 1170 4532 7.
1209 4499 1226 4529 ι
1267 4480 1422 4532 Sicut
1451 4499 1583 4550 ergo
1622 4484 1918 4549 accepistis
1941 4482 2128 4539 Jesum
2159 4488 2319 4541 Chri-
2354 4494 2395 4542 ῐ)

756 4580 902 4622 stum
938 4569 1253 4631 Dominum,
1288 4573 1340 4623 in
1380 4574 1498 4640 ipso
1534 4574 1832 4639 ambulate,
1869 4577 2100 4630 radicati
2137 4591 2184 4632 et
2225 4597 2318 4632 su-

759 4661 1105 4729 permglilicati
1161 4661 1217 4714 in
1276 4663 1418 4730 ipso,
1469 4672 1521 4714 et
1567 4664 1878 4717 eonlirmati
1939 4665 2062 4726 lidc,
2099 4667 2242 4721 sicut
2269 4680 2323 4722 et

757 4753 1056 4818 didicistis,
1135 4755 1485 4808 abundantes
1577 4757 1629 4808 in
1711 4757 1802 4808 illo
1883 4758 1936 4810 in
2021 4759 2319 4828 gratiarum

759 4845 991 4898 actione.
1031 4865 1048 4896 ι

831 4937 968 4999 Quia
1000 4945 1227 4990 noverat
1254 4937 1544 5006 epistolica
1577 4937 1832 4992 doctrina
1868 4956 1974 4993 non
2007 4956 2168 5008 posse
2200 4943 2322 4997 illos

760 5027 984 5094 assequi
1049 5028 1334 5096 sapientia:
1374 5030 1744 5092 altitudinem,
1792 5030 1894 5084 hos
1939 5035 2198 5086 consulto
2225 5035 2321 5086 ad-

764 5117 1036 5169 hortando
1073 5119 1387 5181 antcvertit,
1441 5118 1639 5171 bonam
1693 5134 1816 5172 esse
1843 5118 2034 5173 dicens
2068 5120 2320 5174 traditio-

763 5224 888 5261 nem
944 5223 1106 5275 quam
1157 5218 1510 5276 acceperant,
1556 5225 1788 5277 eamque
1834 5210 2101 5262 duntaxat
2136 5226 2318 5265 veram

764 5316 888 5355 csse
941 5316 1103 5368 quam
1159 5301 1441 5369 Epaphras
1495 5300 1852 5354 tradiderat:
1910 5302 2169 5370 quocirca
2207 5317 2323 5357 ere

768 5393 1008 5457 ipsorum
1055 5407 1196 5454 esse,
1232 5403 1288 5443 ut
1322 5392 1479 5445 [idem
1521 5403 1843 5446 constanter
1904 5401 2147 5453 teneant,
2193 5393 2321 5446 cha-

767 5482 1056 5550 ritatisquc
1099 5493 1432 5536 structuram
1494 5483 1779 5550 adjiciaut,
1837 5494 1999 5552 atque
2049 5486 2098 5535 in
2168 5485 2323 5538 bonis

766 5590 982 5641 semper
1011 5576 1273 5644 operibus
1306 5575 1662 5644 protieiendo,
1700 5576 2022 5629 alllirtiones
2066 5591 2172 5628 non
2207 5579 2323 5632 sine

766 5666 1066 5732 gratiamin
1102 5666 1317 5721 actione
1343 5667 1589 5720 tolerent.

2425 3230 2562 3296 μήτε
2594 3229 2797 3296 κόσμος
2830 3230 3150 3282 κατέλαϐεν.

2498 3341 2516 3373 ι
2555 3319 2728 3374 Τοῦτο
2757 3321 2813 3374 δὲ
2841 3321 3004 3390 λέγω,
3045 3323 3133 3373 ἶνα
3157 3324 3232 3390 μή
3261 3339 3346 3384 τις
3385 3324 3527 3392 ὑμᾶς
3560 3326 3997 3394 παραλογίζητστ

2421 3414 2480 3462 ἐν
2509 3413 2884 3483 πιθανολογίᾳ.
2920 3414 2982 3465 Εί
3011 3414 3119 3484 γὰρ
3161 3418 3259 3467 καὶ
3289 3415 3355 3484 τῇ
3391 3415 3556 3484 σαρκὶ
3590 3417 3813 3484 ἀπειμι,
3863 3418 3995 3468 ἀλλᾷ

2420 3503 2498 3571 τῷ
2536 3503 2808 3570 πνεύματι
2854 3503 2951 3554 σὺν
3007 3503 3135 3571 ὑμῖν
3181 3504 3300 3570 είμι
3327 3543 3342 3566 ,
3392 3503 3599 3572 χαίρων
3640 3506 3733 3556 καὶ
3782 3505 3994 3571 βλέπων

2423 3591 2576 3659 ὑμῶν
2608 3590 2705 3659 τὴν
2734 3588 2922 3654 τάξιν,
2958 3593 3052 3642 καὶ
3087 3592 3147 3642 τὸ
3186 3591 3473 3660 στερέωμα
3511 3591 3612 3660 τῆς
3651 3595 3729 3656 είς
3761 3595 3993 3663 Χριστὸν

2425 3679 2658 3740 πίστεως
2694 3679 2869 3746 ὑμῶν.
2908 3697 2926 3727 ι

2493 3771 2590 3821 Διὰ
2617 3769 2794 3831 τοῦτο,
2834 3776 3021 3836 φησιν,
3051 3771 3250 3839 εἴρηκα
3286 3773 3409 3835 τοὺς
3451 3774 3657 3836 πάντας
3686 3774 3992 3845 Θησαυροίος

2421 3862 2518 3930 τῆς
2546 3861 2734 3928 σοφίας
2771 3862 2829 3912 ὲν
2858 3863 3078 3931 Χριστῷ
3103 3864 3420 3933 τυγχάνειν,
3450 3863 3535 3918 ἵνα
3564 3867 3637 3936 μὴ
3666 3868 3765 3935 τὴν
3794 3867 3992 3929 ἔξωθεν

2426 3952 2618 4017 σοφίαν
2647 3951 2965 4020 ὲπιζητητε.
3015 3955 3236 4023 Ἐπειδὴ
3278 3957 3371 4007 καὶ
3395 3958 3455 4008 οὗ
3497 3959 3686 4027 παρὼν
3720 3960 3854 4026 ὑμῖν
3888 3978 3990 4012 σω-

2425 4041 2672 4110 ματικῶς
2698 4080 2712 4104 ,
2751 4043 2982 4112 πάρειμι
3012 4047 3431 4108 πνευματικῶς,
3470 4048 3562 4099 καὶ
3591 4049 3769 4118 χαίρω
3803 4052 3898 4101 ἐπὶ
3927 4055 3988 4117 τῇ

2423 4133 2635 4194 πίστει,
2678 4135 2772 4184 καὶ
2802 4135 3028 4204 εὐταξίᾳ
3077 4135 3176 4203 τῆς
3213 4137 3560 4204 Ἐκκλησίας.
3593 4140 3783 4192 Βλέπω
3813 4141 3870 4192 δὲ
3902 4143 3990 4193 καὶ

2421 4222 2481 4272 τὸ
2511 4221 2689 4283 ἐνδεὲς
2729 4221 2883 4289 ὑμῶν
2908 4263 2922 4285 ,
2954 4222 3049 4274 καὶ
3088 4223 3149 4274 τὸ
3191 4224 3248 4274 ἐν
3295 4226 3452 4295 χρείᾳ
3493 4244 3586 4294 της
3617 4226 3982 4285 διδασκαλίας.

2435 4309 2557 4360 Ἐπὶ
2585 4308 2690 4378 γὰρ
2731 4310 2912 4362 πίστει
2951 4309 3149 4378 γνῶσις
3177 4311 3469 4378 ἀναγκαία.

2501 4503 2519 4535 ‹
2576 4484 2663 4548 Ὠς
2699 4484 2792 4540 ουν
2833 4486 3173 4558 παρελάϐετε
3217 4488 3307 4540 τὸν
3353 4491 3587 4560 Χριστὸν
3650 4491 3859 4559 Ἰησοῦν
3900 4494 3989 4547 τὸν

2426 4575 2650 4644 Κύριον,
2711 4579 2769 4629 ὲν
2818 4579 2967 4646 αὐτῷ
3019 4582 3395 4647 περιπατεῖτε,
3456 4579 3835 4650 ἐρριζωμένοι,
3900 4586 3991 4638 καί⁸

2422 4667 2939 4737 ὲποικοδομοὺμενοι
2985 4671 3043 4722 ὲν
3073 4671 3218 4738 αὐτῷ
3240 4709 3254 4733 ,
3295 4671 3391 4722 καὶ
3435 4671 3808 4741 βεϐαιούμενοι
3839 4675 3899 4724 ὲν
3925 4677 3986 4742 τῇ

2425 4757 2629 4821 πίστει,
2662 4758 2846 4821 καθὼς
2877 4759 3190 4828 ἐδιδάχθητε
3222 4761 3637 4829 περισσεύοντες
3677 4762 3733 4814 ἐν
3761 4762 3928 4832 αὐτῇ.
3965 4785 3985 4813 ο

2505 4937 2724 5007 Ἐπειδὴ
2760 4938 2930 5007 μήπω
2958 4939 3044 4990 διά
3070 4942 3168 5008 τῆς
3198 4939 3607 5006 ἐπιστολιμαίου
3638 4940 3991 5000 διδασκαλίας

2422 5025 2564 5080 οἶδεν
2597 5029 2796 5090 αὐτοὺς
2836 5030 3169 5097 δυναμένους
3200 5029 3425 5096 φθάνειν
3465 5031 3542 5092 είς
3575 5029 3637 5081 τὸ
3661 5031 3757 5096 τῆς
3801 5032 3989 5096 σοφίας

2426 5117 2618 5188 βάθος,
2646 5119 2779 5187 πρὸς
2819 5119 3123 5186 ἀσφάλειαν
3151 5119 3577 5188 παραγγέλματι
3620 5120 3818 5181 αὐτοὺς
3857 5136 3990 5186 προ-

2424 5209 2864 5278 καταλαμϐάνει,
2906 5210 3081 5276 λέγων
3124 5211 3334 5278 ἀγαθὴν
3374 5205 3513 5262 εἷναι
3543 5209 3640 5278 τὴν
3693 5211 3991 5279 παράδοσιν

2422 5302 2490 5370 ἣν
2522 5301 2920 5369 παρειλήφασι,
2956 5303 3049 5353 καὶ
3075 5302 3242 5370 μόνην
3271 5300 3446 5368 ἀληθῆ
3470 5301 3570 5369 τὴν
3603 5301 3730 5369 περὶ
3754 5300 3988 5369 Χριστοῦ

2420 5389 2793 5450 διδασκαλίαν,
2837 5391 2902 5458 ἢν
2934 5392 2961 5441 ὀ
3008 5390 3291 5459 Ἐπαφρᾶς
3322 5389 3734 5456 παραδέδωκεν,
3765 5391 3858 5442 καὶ
3881 5389 3990 5440 δεῖν

2423 5481 2484 5532 τὸ
2519 5480 2732 5549 βέϐαιον
2775 5482 2867 5532 ἐπὶ
2901 5484 2965 5551 τῇ
3004 5482 3186 5532 πίστει
3236 5480 3510 5547 φυλάξαι,
3550 5480 3643 5531 καὶ
3670 5479 3989 5547 προσθεῖναι

2425 5572 2521 5641 τὴν
2555 5572 2654 5640 τῆς
2687 5573 2908 5639 ἀγάπης
2941 5571 3389 5640 ὲποικοδόμησιν,
3445 5571 3538 5622 καὶ
3578 5571 3906 5638 προκόπτειν
3929 5571 3990 5617 ὲν

2429 5663 2608 5733 ἔργοις
2641 5663 2866 5729 ἀγαθοῖς
2897 5663 3004 5727 ἀεὶ,
3035 5664 3126 5715 καὶ
3156 5663 3222 5715 τὰ
3246 5662 3354 5714 τῶν
3385 5661 3616 5727 θλίψεων
3656 5661 3713 5710 ἐν
3746 5661 3987 5728 ὑπομονῇ

2432 5755 2549 5822 μετ’
2581 5753 2945 5823 ὠχαριστίας.
