4214 6446
202 418 305 477 δῖ)ῖί

1290 420 1366 478 IN
1411 422 1644 480 EPlS'l'.
1688 422 1784 480 ΑΙ)
1824 416 2334 480 COLOSSEVSES

3335 413 3438 478 894

280 546 299 578 ι
348 528 579 580 Βλέπετε
626 529 701 599 μή
744 546 826 591 τις
876 530 1017 599 ὑμᾶς
1060 530 1212 583 ἔσται
1241 534 1269 584 δ
1309 535 1642 601 συλαγωγῶν
1680 535 1765 588 διὰ

1943 533 2107 588 Vens.
2138 533 2191 587 8.
2231 554 2249 584 ι
2287 531 2481 585 Videte
2508 547 2577 587 ne
2604 532 2733 601 quis
2780 545 2880 586 vos
2924 531 3161 600 decipiat
3191 544 3286 600 per
3315 532 3439 600 phl-

205 622 304 687 τῇς
340 620 659 687 φιλοσοφίας
691 621 785 671 καὶ
819 621 983 688 κενῆς
1012 622 1251 691 ἀπάτης,
1296 624 1432 676 κατὰ
1462 624 1561 693 τὴν
1594 625 1773 693 παράο

203 709 351 761 δοσιν
383 712 493 762 τῶν
521 709 822 781 ἀνθρώπων
840 750 856 775 ,
891 713 1032 765 κατά
1060 713 1127 765 τὰ
1156 717 1396 783 στοιχεῖα
1426 714 1519 767 τοῦ
1546 718 1771 785 κόσμου,

206 801 300 852 καὶ
329 802 390 854 ού
431 801 571 854 κατὰ
605 804 858 872 Χριστόν.
912 823 931 855 ι

279 889 571 952 Πλεονάξει
607 891 749 942 κατὰ
776 891 981 958 ταύτην
1007 894 1104 962 τὴν
1138 895 1427 964 ἐπιστολὴν
1463 896 1597 966 πρὸς
1639 896 1775 949 Ἐλ-

205 978 372 1046 ληνας
400 979 495 1032 καὶ
536 980 816 1042 Ἰουδαίους
856 981 1259 1051 διαλεγόμενος,
1289 986 1555 1055 ἑκατέρας
1586 988 1775 1055 ἐκτρο-

207 1069 314 1133 πῆς
343 1070 594 1138 ἀφαιρῶν
624 1070 749 1131 τοὺς
797 1072 1247 1135 πεπιστευκότας.
1281 1074 1504 1144 Πρῶτον
1560 1075 1658 1144 μὲν
1681 1071 1775 1128 οῦν

206 1156 305 1225 τὴν
358 1159 424 1208 ὲκ
454 1157 773 1225 φιλοσοφίας
802 1159 1140 1227 ἀποσύλησιν
1183 1162 1549 1229 φυλάττεται,
1581 1163 1769 1229 κενὴν

206 1248 450 1311 ἀπάτην
488 1248 661 1315 λέγων
693 1243 833 1301 εἶναι
878 1250 979 1318 τὴν
1022 1250 1375 1319 φιλοσοφίαν,
1406 1254 1488 1305 ὃτι
1531 1255 1772 1321 σχήματι

208 1336 577 1405 καταπλήττει
602 1376 617 1400 ,
667 1337 762 1389 καὶ
803 1336 1125 1406 πιθανότητι
1158 1338 1333 1405 λόγων
1385 1341 1485 1410 τῆς
1515 1340 1773 1411 ἀληθείας

206 1428 570 1496 ἀφεστηκυῖα.
606 1428 677 1479 οὐ
713 1429 820 1497 γάρ
846 1429 1005 1480 ἱκανὰ
1032 1431 1157 1497 περὶ
1191 1431 1326 1481 Θεοῦ
1357 1431 1427 1484 τά
1458 1432 1516 1497 ἐξ
1555 1430 1765 1500 ἀνθρώ-

207 1534 324 1569 πων
356 1520 625 1587 νοήματα,
668 1519 859 1588 ἐπειδὴ
883 1522 1054 1573 πᾶσαι
1090 1524 1143 1573 αἱ
1175 1522 1513 1592 ἀνθρώπιναι
1544 1524 1776 1591 καταλή-

205 1609 328 1675 ψεις
364 1610 427 1659 ὲκ
472 1610 579 1661 τῶν
618 1610 831 1679 ὁρατῶν
858 1606 1057 1674 οὖσαι,
1090 1613 1183 1665 καὶ
1206 1615 1271 1665 ὲκ
1301 1617 1409 1665 τῶν
1437 1632 1532 1667 του
1569 1616 1773 1683 κόσμου

209 1700 512 1766 στοιχείων,
547 1701 646 1751 οὐκ
677 1701 785 1752 εἰσὶ
818 1699 1030 1769 βέϐαιαι
1064 1703 1201 1772 πρὸς
1228 1704 1326 1773 τὴν
1362 1704 1469 1756 τῶν
1508 1704 1774 1774 ζητουμέ-

205 1806 310 1840 νων
336 1790 664 1859 κατάληψιν,
696 1792 803 1846 τῶν
836 1793 1087 1865 ἀοράτων
1114 1795 1225 1848 τῶν
1255 1796 1626 1866 ζητουμένων.

280 1987 301 2020 ι
341 1971 465 2024 Ὀτι
519 1974 578 2024 ὲν
610 1971 777 2041 ἀὐτῷ
824 1975 1073 2027 κατοικεῖ
1114 1975 1220 2027 πᾶν
1253 1974 1314 2027 τὸ
1355 1974 1629 2045 πλήρωμα
1673 1976 1769 2043 τῆς

208 2061 461 2128 θεότητος
488 2063 835 2131 σωματικῶς.
874 2082 892 2114 ι

292 2154 382 2205 Ἐν
414 2154 654 2223 Χριστῷ,
684 2156 839 2224 φησὶ,
870 2154 964 2207 καλ⁵
984 2156 1012 2208 ὁ
1039 2154 1227 2226 Πατήρ
1254 2155 1370 2207 ἐστι
1400 2156 1493 2207 καὶ
1522 2155 1583 2208 τὸ
1610 2156 1770 2225 ἆγιον

208 2243 456 2313 Πνεῦμα.
491 2245 602 2297 Καὶ
633 2245 723 2298 ἵνα
759 2246 834 2314 μή
862 2261 947 2307 τις
977 2245 1177 2317 νομίσῃ
1206 2246 1461 2315 σχετικὴν
1490 2242 1627 2298 εἶναι
1674 2249 1771 2314 τὴν

208 2336 556 2405 κατοίκησιν,
580 2336 613 2405 ἢ
644 2336 979 2405 συναπτικὴν
1008 2336 1213 2401 ἁπλῶς,
1239 2337 1427 2390 τούτου
1452 2338 1610 2406 χάριν
1629 2334 1768 2398 εἷπε,

208 2427 573 2496 σωματικῶς.
598 2427 716 2479 ἀντὶ
738 2426 854 2489 τοῦ,
872 2426 1160 2490 ούσιωδῶς.
1189 2428 1350 2494 Λέγει
1380 2425 1495 2491 οὖν,
1520 2429 1593 2490 ὡς
1618 2420 1770 2488 οὗτος

208 2520 236 2569 ὁ
290 2516 588 2584 γενόμενος
638 2516 923 2584 ἄνθρωπός
967 2517 1113 2568 ἐστιν
1152 2518 1181 2568 ὁ
1223 2516 1348 2579 Υἱὸς
1399 2516 1493 2569 τοῦ
1537 2516 1693 2578 Θεοῦ,
1742 2518 1770 2568 ὁ

207 2607 493 2678 δμοούσιος
527 2605 674 2676 αύτῷ
700 2624 760 2659 τε
786 2607 881 2660 καὶ
906 2607 984 2677 τῷ
1018 2608 1157 2678 ἁγίῳ
1192 2608 1486 2677 Πνεύματι.

281 2811 300 2843 ι
339 2793 448 2844 Καὶ
477 2790 601 2843 ἐστὲ
629 2793 685 2842 ἐν
709 2789 860 2861 αύτῷ
886 2790 1330 2860 πεπληρωμένοι.
1365 2808 1385 2841 ι

286 2883 505 2950 Ἐπειδὴ
537 2880 672 2950 σὰρξ
712 2881 877 2934 αὑτοῦ
917 2882 1013 2934 καὶ
1055 2881 1193 2951 μέλη
1227 2882 1513 2947 γεγόνατε,
1548 2880 1643 2932 καὶ
1674 2898 1766 2933 κε-

207 2976 380 3044 φαλὴν
408 2974 570 3027 αὑτὸν
600 2974 751 3043 ἔχετε
771 3014 786 3037 ,
814 2974 1002 3027 τούτου
1054 2974 1214 3044 χάριν
1258 2973 1572 3041 Πνεύματος
1611 2972 1766 3039 ἁγίου

206 3064 330 3117 ὲστὲ
359 3063 801 3132 πεπληρωμένοι.

279 3172 299 3205 σ
341 3155 442 3214 Ὃς
488 3154 634 3204 ἐστιν
688 3154 722 3221 ἡ
777 3152 990 3223 κεφαλὴ
1035 3152 1216 3221 πάσης
1251 3154 1427 3222 ἀρχῆς
1474 3153 1566 3205 καὶ
1615 3152 1765 3216 eam-
1795 3188 1837 3243 Ο

207 3246 347 3307 σίας.
388 3262 408 3293 ι

275 3337 339 3390 El
370 3335 463 3388 καὶ
495 3333 781 3404 ὁμοούσιος
810 3372 825 3396 ,
859 3335 992 3404 φησι
1016 3374 1032 3398 ,
1065 3333 1291 3402 γέγονεν
1319 3336 1449 3404 ἡμῖν
1490 3335 1629 3388 κατά
1670 3336 1769 3403 τὴν

206 3428 401 3495 σάρκα,
446 3427 566 3496 ἦτοι
593 3428 693 3495 τὴν
724 3427 1116 3497 ἀνθρωπὸτητα
1142 3468 1157 3490 ,
1209 3426 1326 3480 ἀλλ’
1358 3421 1451 3480 οὖν
1491 3428 1584 3482 καὶ
1612 3421 1769 3492 οὗτός

205 3520 318 3570 ἐστι
351 3514 786 3578 κατεξουσιάζων
818 3518 926 3566 των
950 3514 1252 3584 ἀνθρωπων

278 3625 297 3657 ι
363 3606 451 3658 Ἐν
612 3607 707 3656 καὶ
782 3587 1185 3674 περιετμήθητε
1239 3609 1505 3677 περιτομῇ
1550 3608 1765 3677 ἀχειρο-

204 3698 434 3766 ποιήτῳ,
462 3698 520 3749 ὲν
541 3698 606 3765 τῇ
633 3694 925 3748 ἀπεκδύσει
950 3696 1049 3748 τοῦ
1078 3695 1328 3765 σώματος
1351 3698 1461 3749 τῶν
1483 3698 1767 3768 αμαρτιῶν

202 3787 299 3855 τῆς
331 3784 557 3853 σαρκὸς,
586 3785 645 3835 ὲν
667 3786 734 3853 τῇ
762 3786 1031 3853 περιτομῇ
1061 3782 1155 3837 τοῦ
1190 3785 1447 3853 Χριστοῦ,
1480 3787 1769 3853 συνταφέν-

110 3940 113 3943 λ
200 3894 291 3937 τες
325 3873 477 3943 αύτῷ
502 3876 559 3926 ὲν
585 3875 661 3943 τῷ
691 3873 1059 3942 βαπτίσματι,
1100 3876 1158 3926 ὲν
1196 3868 1239 3941 ᾧ
1272 3877 1369 3929 καὶ
1399 3876 1765 3946 συνηγέρθητε

200 3968 284 4021 διὰ
323 3967 427 4033 τῆς
462 3966 697 4027 πίστεως
725 3965 822 4033 τῆς
852 3965 1133 4034 ἐνεργείας
1162 3966 1255 4019 τοῦ
1286 3967 1453 4030 Θεοῦ,
1487 3969 1581 4020 τοῦ
1619 3968 1763 4034 ἐγεί-

203 4071 400 4124 ραντος
441 4053 604 4105 αὐτὸν
636 4055 699 4104 ὲκ
746 4052 854 4109 τῶν
894 4053 1126 4120 νεκρῶν.
1175 4055 1287 4107 Καὶ
1345 4056 1489 4124 ὑμᾶς
1541 4059 1765 4126 νεκροὺς

200 4145 363 4205 ὄντας
399 4144 457 4195 ὲν
483 4145 595 4203 τοῖς
627 4142 1061 4211 παραπτώμασι,
1098 4144 1191 4195 καὶ
1220 4146 1284 4213 τῇ
1314 4145 1649 4215 ἀκροϐυστίᾳ
1666 4146 1765 4213 τῆς

201 4234 406 4304 σαρκὸς
462 4232 633 4302 ὑμῶν,
697 4232 1161 4301 συνεζωοποίησεν
1220 4235 1367 4302 ὑμᾶς
1424 4236 1519 4286 σὺν
1577 4235 1761 4304 αὐτῷ,

200 4320 566 4391 χαρισάμενος
596 4319 723 4388 ὑμῖν
742 4319 919 4371 πάντα
948 4321 1014 4372 τά
1045 4320 1489 4389 παραπτώματα.
1531 4341 1548 4373 ι

279 4410 667 4465 Ἐπισυνάπτει
698 4413 808 4472 τοῖς
858 4411 1163 4473 Ἰουδαϊκοῖς
1202 4412 1268 4464 τὰ
1310 4413 1630 4481 Ἑλληνικά,
1663 4416 1763 4467 οὐκ

1879 626 2209 695 losophiam,
2233 634 2286 679 et
2322 624 2540 678 inanem
2596 622 2895 677 fallaciam.
2930 624 3232 678 secundum
3271 623 3439 676 tradi.

1878 718 2082 771 tionem
2131 716 2441 776 hominum,
2486 714 2792 767 secundum
2824 715 3099 769 elementa
3136 712 3348 775 mundi,
3384 722 3439 766 et

1879 824 1985 861 non
2011 808 2315 862 secundum
2343 806 2650 861 Christum.
2687 824 2705 855 ι

1948 896 2061 951 Hac
2112 897 2165 949 in
2206 896 2437 962 epistola
2490 896 2723 949 multum
2771 910 3078 949 sermonem
3129 896 3292 949 habet
3344 895 3438 948 ad-

1878 1002 2072 1042 versus
2124 986 2344 1039 Graecos
2392 994 2447 1040 et
2505 984 2745 1047 Judaaos,
2801 1001 2911 1053 quo
2960 987 3029 1039 ab
3086 995 3445 1054 utrorumque

1878 1077 2149 1145 pravitate
2207 1074 2395 1128 tideles
2434 1076 2733 1129 deterreat.
2792 1072 3037 1126 Primum
3068 1074 3236 1142 igitur
3266 1072 3444 1141 philo-

1879 1167 2087 1234 50phiaa
2121 1165 2496 1233 deceptionem
2546 1172 2725 1223 cavet.
2764 1163 2855 1217 ubi
2888 1163 3292 1232 philosOphiam
3324 1165 3444 1215 ina-

1878 1274 1994 1311 nem
2020 1255 2301 1325 (atlaciam
2332 1261 2533 1308 vocat:
2582 1255 2787 1323 quippe
2827 1268 2951 1323 quae
3004 1255 3187 1322 specie
3236 1254 3443 1322 percel-

1878 1349 1971 1410 lat,
2003 1355 2058 1401 et
2093 1345 2483 1415 probabilitate
2512 1347 2791 1398 rationum
2836 1344 3085 1397 retrahat
3117 1361 3146 1397 a
3189 1345 3440 1398 veritate.

1878 1436 2063 1504 Neque
2096 1438 2244 1488 enim
2281 1433 2570 1485 hominum
2606 1446 2767 1485 sensa
2811 1430 3007 1485 idonea
3039 1437 3188 1492 sunt,
3224 1437 3281 1481 ut
3321 1445 3445 1498 per.

1876 1526 2085 1593 cipiant
2115 1540 2178 1577 ea
2208 1536 2330 1591 qua:
2358 1520 2453 1574 Dei
2487 1528 2619 1574 sunt
2646 1535 2659 1570 τ
2699 1520 2962 1589 quoniam
3010 1524 3285 1572 universa:
3318 1530 3442 1584 pcr-

1875 1623 2156 1681 ceptiones
2194 1613 2471 1674 humanae,
2501 1625 2628 1664 cum
2667 1626 2697 1663 a
2752 1609 3067 1664 visibiIIb-Is
3103 1608 3271 1661 rebus
3300 1606 3441 1659 inci-

1878 1706 2049 1775 piant,
2082 1718 2296 1759 necnon
2329 1704 2401 1757 ab
2425 1702 2716 1758 elementis
2753 1700 2965 1763 mundi,
3003 1699 3138 1754 nihil
3171 1698 3445 1751 ﬁrmitatis

1881 1796 2083 1848 habent
2114 1793 2181 1847 ad
2210 1808 2274 1847 ea
2307 1808 2430 1861 quae
2457 1800 2784 1861 quaeruntur
2815 1788 3206 1857 intelligenda,
3241 1787 3447 1856 quippe

1879 1899 2001 1939 cum
2036 1883 2335 1938 invisibilia
2376 1883 2489 1937 sint
2516 1897 2638 1952 quae
2677 1887 3022 1950 quaeruntur.

1950 1976 2115 2045 210
2147 1974 2311 2030 Vens.
2360 1974 2415 2029 9.
2446 1991 2464 2024 ι
2524 1972 2663 2038 Quia
2720 1973 2773 2025 in
2803 1972 2924 2040 ipso
2964 1969 3233 2023 inhabitat
3263 1966 3446 2023 omnis

1877 2066 2161 2137 plenitudo
2193 2066 2498 2120 divinitatis
2526 2065 2906 2133 corporaliter.
2940 2082 2958 2113 ι

1946 2160 2008 2216 In
2038 2160 2282 2223 Christo,
2311 2158 2512 2228 inquit,
2539 2157 2757 2212 exsistit
2783 2155 2946 2210 Pater
2974 2170 3040 2209 ac
3056 2154 3296 2223 Spiritus
3316 2168 3447 2207 san-

1877 2260 2024 2306 ctus.
2056 2250 2161 2306 Sed
2211 2266 2280 2305 ne
2308 2251 2433 2319 quis
2466 2248 2748 2303 existimet
2796 2245 2994 2301 affectu
3029 2256 3083 2300 et
3119 2246 3444 2300 habitudine

1877 2349 2090 2396 tantum
2127 2340 2580 2394 inhabitationem
2635 2353 2758 2392 esse
2796 2338 3035 2399 deitatis,
3084 2346 3177 2390 aut
3210 2337 3445 2407 simplici

1875 2432 2297 2501 conjunctione;
2345 2430 2553 2485 idcirco
2598 2428 2759 2492 dixit,
2807 2428 3183 2497 corporaliter,
3232 2428 3335 2481 hoc
3359 2435 3447 2481 est

1876 2526 2230 2582 substantiali
2259 2525 2441 2579 modo.
2472 2524 2561 2577 Ait
2587 2537 2744 2593 ergo,
2773 2523 2876 2577 hac
2904 2523 3121 2576 ratione
3153 2520 3309 2574 illum
3348 2516 3465 2587 qui'

1877 2616 2054 2671 factus
2079 2625 2165 2670 est
2219 2615 2402 2677 homo,
2463 2614 2563 2669 Dei
2622 2614 2821 2667 Filium
2856 2628 2998 2675 esse,
3035 2612 3171 2681 quia
3202 2608 3445 2664 consub-

1875 2707 2147 2763 stantialis
2177 2716 2264 2762 est
2290 2707 2362 2770 ei,
2388 2721 2453 2760 ac
2479 2705 2711 2773 Spiritui
2736 2713 2949 2759 sancto.

1948 2796 2115 2852 Vens.
2148 2798 2231 2851 10.
2271 2816 2289 2848 ι
2323 2796 2388 2849 Et
2418 2800 2553 2850 estis
2578 2796 2633 2849 in
2667 2796 2761 2848 illo
2791 2794 2999 2863 repleti.
3032 2813 3051 2845 ι
3286 2813 3309 2842 r

1944 2888 2398 2957 Quandoquidem
2456 2902 2587 2942 caro
2642 2887 2821 2955 ipsius
2886 2892 2941 2937 et
3007 2883 3250 2936 membra
3315 2879 3442 2932 l'acti

1872 2981 2029 3044 estis,
2082 2988 2137 3034 et
2171 2994 2295 3032 eum
2344 2978 2557 3032 habetis
2608 2985 2793 3045 caput,
2825 2990 2942 3029 eam
2973 2975 3045 3028 ob
3074 2988 3186 3028 rem
3224 2972 3434 3041 Spiritu

1874 3078 2066 3125 sancto
2098 3073 2233 3125 estis
2264 3069 2478 3139 repleti.

1950 3182 1970 3215 ι
2005 3163 2110 3228 Qui
2166 3170 2252 3217 est
2306 3170 2475 3231 caput
2520 3160 2708 3216 omnis
2773 3159 3118 3230 principatus
3174 3164 3228 3210 et
3279 3162 3431 3224 pole-

1878 3256 2061 3311 statis.
2097 3275 2115 3307 ι

1947 3344 2209 3406 Tametsi,
2261 3343 2460 3413 inquit,
2504 3341 2985 3397 cousubstantialis
3040 3338 3198 3393 nobis
3257 3334 3437 3390 factus

1873 3445 1956 3488 est
1996 3434 2294 3489 secundum
2344 3447 2590 3495 carnem,
2626 3444 2948 3485 naturamve
2992 3430 3309 3490 humanam,
3366 3425 3443 3479 nia

1878 3526 2173 3579 hilominus
2211 3525 2331 3594 ipse
2373 3538 2593 3594 quoque
2629 3521 2947 3577 hominibus
2979 3520 3295 3573 dominatur

1944 3612 2109 3665 Vens.
2148 3610 2336 3664 11-15.
2386 3628 2404 3660 ι
2446 3610 2501 3662 In
2533 3624 2644 3677 quo
2687 3617 2741 3663 et
2790 3606 3105 3661 circumcisi
3138 3606 3294 3666 estis,
3329 3602 3439 3657 cir-

1875 3702 2214 3756 cumcisione
2244 3715 2351 3753 non
2381 3699 2697 3751 manufacta
2729 3696 2786 3751 in
2811 3694 3216 3765 exspoliatione
3244 3706 3439 3761 corpo-

1875 3794 1955 3847 ris
1980 3801 2332 3862 peccatorum
2361 3791 2569 3854 carnis,
2602 3788 2696 3843 sed
2733 3787 2789 3840 in
2819 3784 3244 3839 circumcisione
3280 3780 3442 3834 Chri-

1873 3885 1965 3946 sti,
2028 3881 2337 3949 consepulti
2393 3880 2444 3933 ei
2496 3880 2548 3932 iu
2589 3878 2883 3947 baptismo,
2929 3877 2985 3930 in
3032 3890 3142 3944 quo
3185 3883 3241 3928 et
3274 3872 3439 3927 simul

1875 3970 2251 4024 resurrexistis
2289 3983 2384 4037 per
2426 3967 2582 4019 ﬁdem
2613 3964 2949 4034 operationis
3002 3964 3117 4029 Dei,
3155 3962 3247 4030 qui
3304 3973 3434 4015 sus-

1870 4060 2057 4113 citavit
2112 4074 2235 4113 eum
2264 4073 2330 4111 ex
2362 4057 2612 4111 mortuis.
2657 4057 2723 4107 Et
2766 4070 2862 4109 vos
2889 4070 3012 4109 cum
3040 4054 3236 4107 essetis
3285 4065 3430 4103 mor-

1872 4151 1949 4205 tui
2003 4151 2056 4203 in
2108 4149 2324 4203 delictis
2353 4157 2407 4201 et
2432 4146 2702 4217 praeputio
2732 4146 2928 4200 carnis
2984 4153 3200 4207 vestrae,
3249 4142 3438 4196 convi-

1872 4241 2111 4294 viticavit
2164 4253 2284 4293 cum
2319 4238 2432 4302 illo,
2485 4236 2698 4291 donans
2746 4236 2899 4291 vobis
2929 4236 3112 4289 omnia
3146 4233 3367 4288 delicta.
3412 4250 3430 4283 ι

1942 4418 2049 4472 [les
2075 4416 2418 4471 Graecanicas
2461 4430 2587 4467 cum
2621 4413 2876 4469 Judaicis
2922 4412 3228 4481 conjungit,
3271 4420 3332 4465 ut
3362 4421 3436 4465 ta-

197 4501 478 4555 ἐκϐάλὶων
504 4502 643 4552 αὐτὰ
668 4500 853 4569 ὥσπερ
886 4501 1088 4565 ἐκεῖνα,
1137 4502 1251 4554 ἀλλ’
1282 4504 1759 4573 ὑπεραναϐαίνων,

1871 4523 1993 4562 men
2042 4507 2177 4561 istas
2230 4505 2381 4559 velut
2441 4504 2566 4558 illas
2611 4516 2723 4557 non
2769 4500 3007 4569 rejiciat,
3043 4499 3137 4553 sed
3177 4498 3433 4566 superius

198 4593 290 4644 καὶ
343 4589 532 4651 σώζων
560 4591 619 4641 ὲν
647 4592 760 4653 τοῖς
804 4594 1195 4659 πνευματικοῖς
1238 4593 1306 4645 τά
1343 4597 1654 4662 σωματικά.
1689 4597 1762 4648 Τὸ

199 4680 415 4747 πρῶτον
451 4676 542 4731 οὖν
592 4678 881 4748 γνώρισμα
908 4678 1002 4731 τοῦ
1043 4680 1371 4749 Ἰουδαῖσμοῦ
1402 4684 1502 4749 τὴν
1540 4700 1763 4754 περιτο-

201 4770 309 4837 μὴν
334 4767 497 4836 ἔχων,
522 4771 691 4839 ἡμᾶς,
718 4772 853 4849 φησι
869 4813 883 4833 ,
915 4770 1269 4833 πιστεύοντας
1294 4774 1361 4842 τῇ
1386 4774 1579 4829 ἀληθεί
1614 4793 1763 4845 περι-

197 4863 338 4929 τομῇ
370 4860 632 4930 Χριστοῦ,
657 4863 751 4913 καὶ
777 4860 1104 4930 μετέχοντας
1131 4862 1301 4931 αὐτῆς
1322 4880 1333 4893 ·
1360 4864 1493 4934 αῦτη
1515 4866 1569 4917 δέ
1620 4868 1763 4919 ἐστιν

196 4948 256 4999 οῦ
304 4948 395 5000 διά
426 4949 776 5019 χειρουργίας
806 4949 1154 5018 ἀνθρωπίνης
1179 4952 1439 5022 γινομένη
1465 4993 1479 5017 ,
1513 4954 1646 5007 ἀλλὰ
1677 4956 1764 5009 διὰ

196 5041 295 5110 τῆς
340 5040 435 5092 τοῦ
476 5040 726 5109 σώματος
765 5041 1010 5094 ἑκουσίου
1056 5044 1405 5109 ἁποδύσεως,
1436 5046 1529 5097 τοῦ
1563 5049 1759 5114 γηῖνου

200 5132 317 5200 βίου
365 5130 755 5198 ἀποτιθεμένου
786 5133 865 5193 είς
907 5132 1171 5201 ἀνάληψιν
1201 5131 1295 5183 τοῦ
1330 5134 1583 5203 οὐρανίου
1608 5175 1622 5195 ,
1666 5137 1761 5189 τοῦ

196 5223 263 5275 δι’
302 5221 655 5281 ἀναστάσεως
694 5224 826 5289 ἡμῖν
854 5222 1237 5291 ἀποδιδομένου
1257 5241 1271 5256 ο
1298 5225 1489 5293 ἦντινα
1526 5226 1762 5279 ἀνάστα-

197 5332 281 5364 σιν
332 5312 435 5382 ῇδη
484 5312 582 5380 μὲν
614 5311 812 5380 ἔχομεν
842 5313 1069 5381 δυνάμει
1090 5352 1105 5377 ,
1136 5315 1485 5379 πιστεύοντες
1511 5318 1587 5386 τῷ
1622 5318 1761 5388 ὑπὲρ

194 5402 352 5467 ἡμῶν
379 5402 689 5463 ἀναστάντι,
716 5402 1056 5472 κομιούμεθα
1077 5404 1134 5456 δὲ
1170 5408 1264 5458 καὶ
1311 5407 1455 5479 ἔργῳ
1484 5409 1580 5477 τὴν
1628 5410 1760 5463 ἀνά-

198 5502 390 5543 στασιν
428 5493 484 5542 ὲν
510 5491 587 5557 τῷ
621 5492 735 5557 ἰδίῳ
762 5492 958 5562 καιρῷ.

271 5600 290 5630 ι
341 5579 661 5648 Ἐξαλείψας
682 5581 745 5633 τὸ
774 5582 894 5635 καθ’
922 5584 1078 5653 ήμῶν
1114 5585 1477 5655 χειρόγραφον
1506 5590 1617 5650 τοῖς
1638 5589 1758 5658 δόγ-

202 5686 388 5737 μασιν,
423 5670 451 5721 ὃ
472 5666 541 5740 ἦν
570 5671 889 5724 ὑπεναντίον
922 5675 1051 5742 ἡμῖν
1069 5716 1083 5739 ,
1115 5678 1209 5727 καὶ
1237 5674 1553 5747 αὑτὸῆρκεν
1580 5681 1643 5733 ἐκ
1666 5682 1756 5735 τοῦ

202 5759 365 5826 μέσον
384 5801 399 5824 ο
433 5760 786 5831 πρθστδρεώσας
826 5763 971 5832 αὐτῷ
1000 5764 1076 5833 τῷ
1108 5765 1341 5835 σταυρῷ,
1371 5769 1749 5841 ἀπεκδυσάμε-

1865 4597 2146 4662 ascendat,
2188 4603 2243 4652 et
2273 4598 2327 4649 in
2360 4594 2742 4663 spiritualibus
2770 4592 3089 4659 corporalia
3118 4597 3429 4645 conservet.

1862 4688 2153 4754 Quocirca,
2200 4684 2445 4739 admisso
2496 4684 2682 4738 statim
2741 4681 3011 4736 Judalsmi
3066 4680 3295 4743 indicio,
3324 4681 3433 4733 cir-

1861 4777 2199 4832 cumcisione
2226 4774 2464 4835 scilicet,
2493 4788 2594 4828 nos
2618 4773 2712 4843 qui
2741 4788 2886 4827 verae
2914 4770 3123 4827 Christi
3191 4772 3434 4825 circum-

1860 4868 2053 4924 cisioni
2122 4866 2436 4927 credimus,
2484 4866 2603 4932 ejus
2680 4878 2899 4933 quoque
2954 4870 3243 4916 consortes
3290 4859 3429 4914 eﬂict

1862 4960 1962 5012 ait.
2002 4957 2125 5011 Haec
2156 4970 2320 5024 porro
2354 4970 2462 5008 non
2502 4956 2737 5008 humana
2790 4969 2953 5007 manu
3002 4952 3301 5021 peragitur,
3330 4952 3424 5005 sed

1862 5058 2161 5117 spontanea
2216 5046 2464 5112 corporis
2530 5045 2829 5098 aﬂ‘ectunm
2883 5043 3253 5109 abdicatione,
3316 5059 3424 5113 qua

1860 5138 2105 5207 deposita
2142 5136 2391 5189 terrestri
2440 5138 2569 5195 vita,
2595 5135 2875 5188 cmlestem
2918 5136 3275 5197 assumimus,
3304 5148 3447 5201 quae.

1860 5226 2018 5280 nobis
2062 5239 2160 5294 per
2207 5225 2669 5279 resurrectionem
2718 5222 2927 5277 Christi
2952 5223 3224 5278 redditur.
3258 5223 3422 5291 Atqui

1862 5318 2314 5372 resurrectionem
2368 5317 2506 5368 hanc
2532 5316 2645 5383 jam
2679 5322 2954 5384 potestate
3002 5314 3222 5384 quidem
3255 5314 3425 5369 halic-

1860 5425 2006 5471 mus,
2034 5408 2320 5462 credentes
2355 5408 2406 5459 in
2442 5406 2593 5459 illum
2630 5406 2721 5475 qui
2752 5405 2933 5460 nostri
2967 5420 3135 5459 causa
3167 5419 3419 5459 resurre-

1860 5504 1961 5565 xit,
1994 5520 2051 5557 re
2085 5518 2216 5556 vero
2250 5512 2495 5569 tempore
2523 5502 2742 5553 tandem
2775 5515 2876 5554 suo
2904 5499 3297 5553 obtinebimus.

1932 5592 2093 5646 Vens.
2130 5593 2215 5654 M,
2254 5592 2338 5643 15'.
2393 5610 2409 5640 ι
2461 5588 2658 5645 Delens
2696 5590 2840 5658 quod
2874 5589 3139 5644 adversus
3174 5604 3275 5643 nos
3302 5589 3420 5642 erat

1859 5682 2279 5750 chimgraphum
2327 5680 2555 5741 decreti,
2602 5681 2749 5749 quod
2801 5690 2919 5734 erat
2946 5680 3281 5733 contrarium
3312 5694 3409 5730 nu-

1859 5777 1941 5829 bis
1972 5782 2024 5827 ct
2055 5776 2227 5843 ipsum
2281 5775 2407 5827 tulit
2453 5774 2517 5827 de
2558 5773 3007 5841 mulio,alligcus
3041 5770 3173 5824 illud
3220 5767 3372 5823 cruci
3393 5786 3421 5838 ,-
