4214 6446
787 383 899 445 895

1972 386 2033 444 S.
2066 381 2385 446 JOANNIS
2426 379 2850 438 DAMASCENI

3931 383 4032 447 896

783 502 837 545 et
884 494 1195 560 exspolians
1235 495 1599 563 principatusi
1618 505 1672 548 et
1727 505 2054 564 potestates,
2113 496 2355 550 traduxit
2386 499 2431 554 Α

2386 499 2431 554 Α
2459 507 2548 552 νος
2586 491 2686 551 τὰς
2720 490 2894 560 ἀρχάς
2941 489 3033 543 καὶ
3075 490 3173 553 τὰς
3222 490 3509 558 ἔξουσίας,
3561 492 3940 564 ἐδειγμάτισεν
3977 499 4031 548 ὲν

785 582 1142 647 conﬁdenter,
1213 585 1387 652 palam
1447 585 1792 654 triumphans
1862 586 1987 641 illos
2052 589 2106 640 in
2143 599 2346 642 semet-

787 675 926 742 ipso.
962 695 978 723 ι

857 764 913 816 ln
945 780 1039 819 eos
1067 765 1158 833 qui
1192 775 1550 821 contumaces
1594 769 1648 820 in
1681 768 1846 822 Deum
1893 769 2064 830 fuere,
2101 770 2348 838 qmedam

787 855 952 907 veluti
989 856 1267 924 scriptura
1293 866 1402 920 est,
1437 874 1698 927 expressa
1743 875 1924 929 prava:
1953 863 2077 914 vita:
2109 861 2352 916 delinea-

787 946 882 998 tio.
922 947 1352 1002 lnstrumentum
1401 950 1504 1001 hoc
1545 950 1778 1002 dilutum
1830 949 1951 1012 fuit,
2003 960 2061 1003 ιιι
2095 968 2203 1004 non
2236 967 2352 1004 am-

785 1038 928 1104 plius
982 1038 1274 1091 adversum
1325 1055 1423 1093 nos
1457 1050 1818 1102 contestetur,
1857 1043 2018 1095 modo
2046 1042 2112 1094 ad
2162 1043 2352 1098 decre-

788 1141 899 1180 tum
932 1129 1178 1182 divinum
1204 1134 1560 1193 accedamus,
1615 1133 1783 1184 libera
1835 1133 2024 1200 utique
2048 1134 2349 1199 voluntate,

784 1217 1153 1286 diligentique,
1205 1219 1409 1272 studio.
1471 1221 1638 1274 Cruci
1690 1221 1878 1289 itaque
1936 1221 2150 1276 Domini
2211 1224 2346 1277 illud

787 1307 1009 1360 allixum
1064 1307 1189 1371 fuit,
1244 1309 1349 1362 hoc
1391 1322 1475 1362 est
1507 1312 1776 1364 abolitum
1809 1321 1864 1365 et
1895 1315 2216 1373 rescissum.
2255 1331 2350 1368 ex-

788 1401 993 1450 stincta
1046 1401 1186 1465 vita,
1239 1403 1292 1453 in
1341 1418 1447 1468 qua
1475 1403 1871 1470 improbitatis,
1899 1405 2126 1474 ejusque
2157 1416 2350 1462 contra

789 1505 887 1542 nos
916 1490 1223 1544 testimonii
1257 1495 1670 1560 expressionem
1703 1493 2036 1549 ferebamus.
2079 1495 2214 1551 Nam
2250 1502 2349 1568 qui

785 1583 953 1633 vitam
1008 1582 1164 1634 istam
1225 1585 1536 1648 exstinxit,
1623 1585 2050 1656 chirographum
2118 1591 2351 1645 subinde

785 1673 931 1740 quod
994 1675 1264 1728 adversus
1329 1691 1450 1728 eam
1507 1678 1783 1742 exstabat,
1833 1682 2238 1747 pessumdedit,
2295 1692 2351 1736 et

785 1776 981 1830 pravas
1013 1771 1342 1830 potestates,
1379 1781 1500 1833 qua:
1526 1767 1661 1820 vitio
1696 1770 1884 1824 carnis
1914 1771 2123 1823 circum
2157 1787 2350 1826 excre-

785 1864 1000 1918 verant,
1035 1872 1268 1925 quaeque
1315 1865 1488 1910 totum
1525 1859 1806 1913 hominem
1853 1861 2204 1926 obtegebant,
2240 1879 2347 1917 una

782 1961 908 1997 cum
939 1961 1170 2016 corpore
1220 1948 1392 2011 exuit,
1447 1951 1865 2020 suspenditque,
1915 1953 2072 2021 211
2127 1955 2265 2008 adeo
2290 1963 2350 2010 ut

785 2039 1095 2106 susciperet
1144 2040 1368 2108 quidem
1422 2044 1540 2110 ipse
1583 2041 1964 2097 confusionem
2003 2055 2128 2100 ante
2168 2047 2348 2100 Immi-

784 2148 916 2185 num
951 2135 1182 2199 oculos;
1222 2151 1384 2203 quam
1427 2151 1560 2189 vero
1593 2136 1644 2188 in
1679 2136 1802 2189 illos
1834 2151 1862 2189 a
1908 2139 2112 2205 quibus
2140 2140 2191 2192 in
2221 2157 2348 2194 cru-

781 2237 900 2273 cem
934 2231 1092 2274 actus
1131 2222 1254 2281 fuit,
1305 2222 1420 2275 sive
1473 2224 1526 2275 in
1583 2224 1865 2292 principes
1920 2226 2087 2292 hujus
2132 2232 2343 2290 mundi,

783 2311 1059 2377 rejiceret.
1091 2311 1232 2366 Mors
1263 2313 1409 2366 enim
1448 2315 1502 2366 in
1535 2330 1642 2382 qua
1680 2316 1848 2368 robur
1876 2333 2066 2370 eorum
2104 2325 2344 2389 positum

779 2409 928 2462 erat,
964 2412 1190 2456 enecata
1225 2410 1332 2465 est,
1386 2413 1441 2458 et
1482 2406 1534 2457 in
1583 2405 1751 2458 vitam
1809 2419 2189 2467 commutata:
2235 2431 2346 2485 quo

783 2491 989 2544 factum
1045 2501 1153 2554 est,
1213 2494 1374 2547 utilli
1433 2494 1629 2548 throno
1667 2496 2001 2565 exciderint,
2059 2503 2345 2560 destructa

783 2593 977 2641 morte.
1013 2599 1136 2650 qua:
1169 2585 1320 2637 basis
1358 2584 1485 2651 ejus
1527 2595 1580 2638 et
1617 2588 2032 2644 fundamentum
2062 2603 2202 2650 erat.

857 2692 873 2721 ι
909 2672 1100 2742 [Vens
1132 2673 1215 2736 16,
1243 2673 1356 2744 17.]
1383 2675 1550 2729 Nemo
1574 2693 1706 2745 ergo
1735 2694 1834 2732 vos
1859 2680 2068 2748 judicet
2104 2685 2160 2738 in
2199 2687 2345 2751 cibo,

782 2772 874 2814 aut
910 2765 960 2814 in
989 2775 1138 2831 potu,
1180 2773 1274 2817 aut
1306 2765 1358 2819 in
1387 2776 1539 2833 parte
1577 2767 1683 2820 diei
1718 2769 1862 2831 festi,
1902 2781 1994 2824 aut
2016 2773 2344 2843 Neomeniat,

782 2862 874 2904 aut
904 2851 1286 2914 Sabbatorum,
1321 2872 1443 2924 qua:
1473 2868 1604 2910 sunt
1635 2860 1829 2912 umbra
1862 2859 2194 2930 futurorum,
2227 2883 2348 2922 cor-

781 2958 882 3012 pus
914 2954 1096 2998 autem
1125 2945 1351 3001 Christi.
1387 2965 1406 2998 ι

851 3035 999 3090 Facti
1059 3039 1196 3091 estis
1233 3041 1524 3104 immunes,
1564 3043 1763 3112 inquit,
1816 3045 1886 3098 ab
1914 3047 2026 3102 illis
2057 3053 2345 3119 praeceptis

781 3138 904 3190 qua:
941 3126 1005 3178 ad
1037 3142 1265 3195 corpora
1299 3131 1639 3196 spectabant.
1699 3133 1834 3186 Nam
1868 3134 1980 3187 hzec
2015 3139 2199 3191 omnia
2228 3156 2346 3192 um-

781 3215 1007 3270 bratiles
1071 3217 1257 3285 tigurze
1305 3229 1463 3273 erant
1513 3221 1825 3276 futurorum
1853 3242 1867 3288 ;
1894 3227 2114 3293 quando
2154 3245 2346 3298 nempe

780 3307 1109 3361 assistemus
1143 3308 1273 3373 Deo,
1308 3327 1490 3365 veram
1544 3315 1693 3366 illam
1730 3316 2084 3382 praeferentes
2129 3321 2346 3373 mundi-

781 3399 935 3459 tiam,
967 3415 1263 3470 veramque
1308 3401 1662 3458 festivitatem
1692 3415 1937 3472 agentes.

853 3487 1018 3541 Vens.
1083 3488 1170 3550 18,
1208 3491 1291 3543 19.
1325 3509 1344 3541 ι
1378 3489 1546 3544 Nemo
1588 3509 1684 3546 vos
1735 3495 1981 3558 sedncat,
2011 3495 2201 3550 volens
2290 3499 2344 3551 in

782 3578 1092 3632 lumilitate
1118 3589 1172 3632 et
1205 3582 1466 3650 religione
1505 3562 1847 3651 angelorum,
1885 3601 2007 3654 quae
2045 3602 2152 3641 non
2185 3588 2344 3652 vidit,

779 3669 1092 3733 ambulans,
1153 3671 1356 3725 frustra
1414 3674 1635 3728 inﬂatus
1676 3692 1845 3730 sensu
1881 3679 2074 3733 carnis
2127 3695 2260 3739 suae,
2292 3689 2346 3733 ct

779 3773 890 3810 non
923 3769 1112 3814 tenens
1147 3774 1330 3830 caput,
1367 3779 1433 3817 ex
1463 3781 1571 3833 quo
1604 3776 1776 3819 totum
1819 3782 2022 3836 corpus
2052 3784 2148 3838 per
2173 3785 2346 3826 nexus

779 3860 836 3902 et
879 3851 1300 3918 conjunctiones
1345 3856 1831 3910 sulnninistratum
1877 3866 1932 3913 et
1962 3869 2344 3916 constructum

777 3943 979 3995 crescit
1003 3943 1057 3996 in
1090 3955 1442 4014 augmentum
1479 3947 1593 4002 Dei.
1633 3968 1651 3998 ι

849 4135 1039 4197 Ncum.
1077 4139 1170 4199 ait,
1206 4139 1360 4193 vobis
1393 4142 1611 4194 sanciat
1650 4145 1966 4213 legemque:
2002 4147 2225 4204 humilis
2247 4153 2344 4204 ad-

780 4227 888 4280 huc
920 4229 1239 4297 ahjectaqne
1271 4231 1362 4293 sit,
1402 4247 1522 4300 qua:
1563 4247 1658 4287 vos
1710 4236 1917 4303 angelis
1971 4253 2311 4307 procuratori

780 4320 902 4381 lius,
959 4327 1014 4372 ιι
1075 4320 1421 4375 administris
1467 4323 1618 4376 orbis
1666 4324 1720 4377 in
1775 4328 2090 4384 carnalibus
2125 4346 2345 4401 quoque.

777 4409 1210 4477 subjiciat.N:nn
1241 4412 1315 4464 illi
1349 4415 1606 4469 custodes
1638 4415 1795 4486 legis,
1832 4418 1926 4486 qui
1957 4433 2074 4472 cam
2099 4436 2342 4492 sequun-

2464 578 2772 648 παρρησίᾳ,
2804 577 3181 648 θριαμϐεύσας
3216 581 3414 645 αὐτοὺς
3436 583 3496 635 ὲν
3524 583 3696 653 αύτῷ.

2537 755 2624 806 Ἐν
2646 757 2760 817 τοῖς
2787 755 3172 824 παρακούσασι
3195 757 3355 821 Θεοῦ,
3387 760 3640 830 καθάπερ
3661 761 3898 830 γράμμα
3919 762 4031 815 ἐστὶ

2452 846 2551 915 τὴν
2576 848 2862 917 παρακοὴν
2887 848 3131 918 ἐλέγχον,
3165 851 3199 918 ἠ
3233 850 3562 914 ὲκτύπωσις,
3591 853 3624 921 ἡ
3655 854 3719 904 ὲκ
3739 853 3842 921 τῆς
3864 870 4030 922 πονηο

2455 934 2554 999 ρᾶς
2583 933 2749 1002 ζωῆς.
2785 935 2859 987 Τὸ
2881 935 3208 1005 διάγραμμα
3229 937 3389 990 τοῦτο
3414 939 3775 1007 ἐξαλείφεται,
3815 941 3893 1002 ὡς
3926 958 4028 1010 μη-

2453 1020 2571 1073 κέτι
2599 1026 3042 1092 καταμαρτυρεῖν
3072 1025 3250 1093 ήμῶν,
3299 1026 3396 1078 ἐὰν
3428 1027 3660 1097 δόγματι
3701 1028 3831 1097 θείῳ
3864 1045 4027 1097 προσο

2454 1109 2641 1177 ἕωμεν,
2663 1112 2906 1163 τουτέστι
2952 1113 3266 1182 προαιρέσει
3305 1115 3398 1166 καὶ
3420 1116 3647 1186 σπουδῇ.
3675 1117 4026 1187 Προσήλωται

2461 1196 2578 1258 οὖν.
2612 1202 2781 1269 φησὶ,
2815 1202 2890 1270 τῷ
2936 1202 3156 1272 σταυρῷ
3189 1203 3281 1256 τοῦ
3324 1205 3554 1273 Κυρίου,
3600 1207 3847 1258 τουτέστι
3887 1207 4026 1258 νενέο

2453 1305 2659 1355 κρωται
2686 1289 2779 1341 καὶ
2817 1291 3097 1359 ἡκύρωται
3121 1331 3136 1355 ,
3163 1291 3265 1360 τῆς
3293 1293 3440 1360 ζωῆς
3470 1293 3841 1364 νεκρωθείσης
3862 1337 3878 1360 ,
3905 1297 3964 1347 ὲν

2451 1379 2550 1447 τὴν
2603 1380 2852 1431 τύπωσιν
2903 1381 3125 1450 εἴχομεν
3177 1382 3278 1452 τῆς
3327 1385 3593 1454 πονηρίας
3626 1425 3641 1447 ,
3686 1386 3781 1437 καὶ
3823 1386 3923 1454 τῆς
3970 1385 4025 1448 ἐξ

2453 1470 2622 1538 αὐτῆς
2656 1473 3132 1542 καταμαρτυρίας.
3172 1473 3232 1526 ’0
3265 1475 3374 1546 γάρ
3403 1477 3685 1546 νεκρώσας
3720 1478 3819 1546 τὴν
3858 1477 4021 1544 ζωὴν,

2453 1557 2723 1627 ἐνέκρωσε
2751 1559 2812 1611 τὺ
2845 1560 2965 1611 κατ’
2999 1561 3166 1630 αὐτῆς
3205 1563 3580 1632 χειρόγραφον
3609 1603 3623 1626 ,
3667 1565 3760 1617 καὶ
3802 1563 3903 1624 τὰς
3935 1580 4024 1616 πο-

2452 1645 2624 1712 νηρὰς
2655 1644 2905 1708 ἐξουσίας
2926 1647 3026 1709 τὰς
3049 1649 3490 1716 περιπεφυκυίας
3522 1653 3587 1718 τῇ
3609 1651 3777 1720 κακία
3809 1653 3877 1720 τῇ
3905 1667 4024 1719 σαρ⁹

2454 1738 2614 1805 κικῇ,
2662 1737 2757 1790 καὶ
2794 1739 2960 1790 οἱονεὶ
2996 1741 3307 1803 σκεπούσας
3361 1742 3456 1794 καὶ
3507 1741 3893 1804 καλυπτούσας
3937 1743 4024 1794 τὸν

2383 1826 2425 1879 Β
2454 1826 2759 1895 ἄνθρωπον,
2791 1830 3238 1883 συναπεκδύσατο
3257 1831 3333 1900 τῷ
3359 1830 3596 1901 σώματι,
3623 1832 4019 1902 συνεκρέμασε,

2451 1918 2738 1988 βίω-ἀξιον
2789 1919 2890 1989 μὲν
2930 1921 3197 1990 αισχύνην
3240 1923 3425 1985 αὐτὸς,
3475 1924 3576 1993 τὴν
3618 1924 3676 1975 ὲν
3721 1923 4022 1993 ἀνθρώπων

2449 2006 2766 2075 ὀφθαλμοῖς,
2798 2008 3146 2078 περιτρέπων
3174 2010 3231 2062 δὲ
3264 2011 3431 2080 αὐτὴν
3462 2015 3542 2073 εἰς
3565 2012 3699 2076 τοὺς
3731 2013 4024 2082 σταυροῦν-

2447 2114 2544 2160 τας
2575 2099 2670 2151 τοῦ
2703 2100 2897 2163 αἰῶνος
2923 2100 3112 2154 τούτου
3162 2102 3426 2172 ἄρχοντας
3453 2104 3612 2167 ὄντας
3639 2121 3650 2132 ·
3678 2105 3759 2158 ὅτι
3789 2105 3848 2157 τὸ
3878 2107 4020 2173 ίσχυ-

2449 2190 2542 2259 ρὸν
2571 2189 2774 2252 αὐτῶν,
2803 2191 2831 2242 ὁ
2858 2191 3093 2254 Θάνατος
3129 2191 3372 2264 ἀνῃρέθη
3399 2193 3723 2262 μεταπεσὼν
3747 2195 3827 2258 εἰς
3857 2194 4020 2263 ζωὴν,

2448 2278 2588 2330 ὥστε
2627 2279 3040 2333 ὲκπεπτωγέναι
3072 2281 3164 2334 τοῦ
3192 2281 3405 2350 θρόνου,
3435 2283 3524 2335 διὰ
3559 2283 3621 2336 τὸ
3654 2283 3750 2353 τὴν
3780 2285 4019 2354 ῥίζωσιν,

2447 2367 2540 2418 καὶ
2568 2367 2667 2436 τὴν
2708 2367 3023 2439 ύποϐἁθραν
3066 2371 3230 2423 αὐτοῦ
3266 2372 3667 2442 περιῃρῆσθαι,
3714 2374 3834 2442 ἥτις
3879 2375 4022 2426 ἐστιν

2444 2455 2474 2507 ὁ
2505 2455 2752 2520 θάνατος.

2525 2730 2544 2763 ι
2591 2713 2682 2780 Μὴ
2752 2711 2845 2767 οὖν
2903 2732 2986 2778 τις
3057 2717 3201 2784 ὑμᾶς
3263 2720 3498 2785 κρινέτω
3537 2719 3594 2770 ὲν
3636 2716 3872 2786 βρώσει,
3910 2719 4023 2788 ἢὲν

2450 2804 2624 2866 πόσει,
2659 2803 2691 2874 ἦ
2725 2805 2782 2858 ὲν
2829 2807 2986 2877 μέρει
3051 2806 3266 2877 ἑορτῆς,
3299 2808 3331 2876 ἢ
3386 2809 3778 2878 Νουμηνίας,.ἦ
3811 2809 4022 2862 Σαϐϐά-

2447 2911 2576 2959 των,
2615 2894 2650 2947 ἆ
2689 2897 2805 2947 ἐστι
2863 2897 2992 2949 σκιὰ
3026 2897 3133 2948 τῶν
3184 2897 3503 2967 μελλόντων,
3531 2897 3592 2950 τὸ
3611 2899 3667 2950 δὲ
3695 2899 3854 2968 σῶμα
3890 2900 4026 2970 Χρι-

2449 2985 2598 3039 στοῦ.
2630 3005 2648 3036 ι

2529 3076 2928 3147 Ἀπηλλάγητε,
2969 3079 3124 3147 φησὶ,
3184 3079 3294 3132 τῶν
3350 3080 3479 3149 περὶ
3504 3081 3770 3151 σωμάτων
3799 3099 4026 3151 νομοτε-

2377 3153 2419 3208 C
2455 3166 2736 3234 θημάτων.
2759 3166 2948 3219 Ταῦτα
2970 3169 3078 3238 γάρ
3115 3169 3294 3222 πάντα
3322 3171 3555 3222 τυπικαὶ
3600 3174 3749 3223 σκιαὶ
3801 3172 4023 3242 μελλόν-

2449 3274 2595 3320 των,
2644 3259 2732 3309 ὃτε
2791 3259 2889 3328 τὴν
2947 3259 3113 3321 ὅντως
3179 3259 3392 3328 ἔχοντες
3440 3261 3749 3332 καθρότητα
3797 3275 3874 3326 ω,
3931 3266 4026 3315 καὶ

2449 3348 2548 3414 τὴν
2592 3345 2769 3415 ἀληθῆ
2807 3347 3160 3416 ἑορτάζοντες
3211 3351 3429 3420 ἑορτὴν,
3495 3351 3612 3421 Θεῷ
3674 3355 4025 3424 παραστησο-

2454 3437 2616 3504 μεῖνα.

2524 3545 2542 3578 ι
2575 3528 2778 3597 Μηδεὶς
2808 3529 2951 3598 ὑμᾶς
3000 3529 3480 3600 καταϐραϐευέτω,
3535 3531 3702 3585 θέλων
3730 3534 3790 3585 ὲν
3834 3550 4029 3586 ταπει-

2448 3634 2772 3689 νοφροσύνῃ,
2799 3621 2892 3673 καὶ
2916 3619 3186 3691 θρησκείᾳ
3228 3622 3335 3672 τῶν
3360 3622 3606 3689 αγγὲλων
3625 3661 3640 3685 ,
3675 3622 3711 3675 ἃ
3745 3623 3821 3692 μὴ
3851 3625 4029 3694 ἑώρα·

2449 3726 2542 3761 κεν
2591 3710 2949 3779 ἐμϐατεύων,
3000 3711 3125 3780 εἰκῆ
3175 3712 3535 3780 φυσιούμενος
3591 3714 3696 3766 ὑπὸ
3752 3715 3848 3768 τοῦ
3909 3719 4031 3779 νοὸς

2447 3804 2544 3869 τῆς
2587 3802 2786 3870 σαρκὸς
2831 3803 3035 3866 αὐτοῦ,
3090 3804 3184 3854 καὶ
3213 3803 3272 3854 ού
3324 3804 3543 3871 κρατῶν
3595 3805 3694 3875 τὴν
3755 3808 4027 3878 κεφαλὴν,

2449 3891 2507 3955 ἐξ
2529 3885 2590 3943 οὗ
2615 3894 2724 3945 πᾶν
2753 3893 2814 3945 τὸ
2849 3894 3008 3962 σῶμα
3057 3894 3144 3946 διὰ
3177 3893 3286 3946 τῶν
3345 3895 3498 3961 ἁφῶν
3560 3896 3653 3948 καὶ
3709 3896 4030 3966 συνδέσμων

2449 3982 2742 4051 χορηγοῦν,
2770 3985 2864 4036 καὶ
2924 3983 3395 4054 συμϐιίαζόμενον
3449 3986 3598 4050 αὔξει
3649 3989 3746 4057 τὴν
3791 3991 4029 4059 αὔξησιν

2448 4071 2542 4124 τοῦ
2565 4073 2722 4127 θεοῦ.
2763 4093 2780 4124 ›

2520 4162 2613 4230 Μὴ
2645 4163 3004 4232 νομοθετείτω
3039 4181 3122 4226 τις
3155 4165 3304 4234 ύμῖν,
3352 4165 3519 4235 φησὶ,
3555 4166 3880 4236 νομοθεσίαν
3951 4167 4031 4220 ἔτι

2449 4252 2546 4320 τὴν
2573 4251 2858 4322 ταπεινὴν,
2895 4254 2993 4324 τὴν
3047 4254 3138 4307 ὑπ’
3182 4255 3437 4323 ἀγγέλοις
3485 4253 3650 4310 οὖσαν
3681 4257 4030 4328 ἐπιφόποις,

2451 4341 2544 4393 καὶ
2592 4341 2899 4411 οἰκονόμοις
2928 4380 2943 4402 ,
2998 4343 3092 4394 καὶ
3139 4346 3196 4396 ἐν
3246 4346 3360 4406 τοῖς
3413 4347 3694 4415 σαρκικοῖς
3749 4348 4032 4399 ταπεινῶν

2452 4433 2618 4502 ὑμᾶς.
2677 4433 2893 4504 Ταύτης
2945 4436 3054 4506 γὰρ
3099 4435 3448 4505 ἀντεχόμενοι
3474 4439 3522 4489 οἱ
3552 4437 3646 4491 τοῦ
3693 4440 4034 4508 γράμματος

774 4509 888 4560 tur,
927 4501 1073 4552 nulla
1132 4516 1300 4555 causa
1337 4504 1659 4571 sapientiam
1699 4484 1973 4574 ‘jacti—tant
2005 4484 2339 4577 suanm-cum
2376 4484 2418 4538 ι)

2489 4484 2501 4502 ι
2538 4484 2545 4485 “
2576 4484 2615 4495 ’⁷
2729 4484 2776 4486 ν⁷
2809 4484 2815 4485 “
2847 4484 2890 4504 l'
2955 4484 3046 4506 ⁶’“Γ
3102 4484 3153 4489 ’““
3180 4484 3448 4505 “”Ᾱ“ι“““”⁷
3481 4484 3521 4489 ⁷⁷
3564 4484 3642 4491 ’⁷⁷
3705 4484 4032 4508 Ir“t"r"""

2376 4484 2418 4538 υ
2452 4523 2689 4592 φύλακες
2739 4526 2918 4594 μάτην
2969 4527 3063 4578 ἐπὶ
3120 4526 3283 4596 σοφίᾳ
3346 4527 3870 4596 μεγαλοφρονοὼιν,
3933 4531 4036 4582 οὐκ

779 4589 981 4658 capite,
1037 4590 1183 4658 quod
1238 4601 1322 4645 est
1374 4591 1654 4655 Christus,
1701 4606 1959 4663 careant;
2018 4615 2114 4668 per
2176 4619 2338 4672 quem

775 4680 1097 4731 universum
1147 4677 1407 4734 Ecclesiae
1472 4697 1676 4750 corpus
1728 4700 1823 4752 per
1861 4689 2261 4744 commissuras
2287 4704 2340 4747 et

773 4769 1130 4837 compagines
1159 4784 1222 4822 ea
1251 4772 1563 4826 accrctioue
1593 4775 1818 4837 crescit,
1846 4791 1953 4845 qua
1975 4777 2080 4847 ipsi
2113 4796 2341 4836 conces-

782 4860 854 4912 sit
883 4858 1022 4913 Deus
1051 4868 1107 4912 ut
1135 4871 1412 4930 augescat.
1440 4862 1835 4920 Commissum;
1869 4877 2051 4921 autem
2089 4878 2144 4924 et
2178 4887 2341 4925 nexus

777 4954 1012 5021 appellat
1043 4955 1186 5015 illos,
1218 4955 1310 5024 qui
1349 4959 1570 5009 verbum
1603 4957 1804 5013 docent
1841 4961 1896 5014 in
1936 4961 2204 5017 Ecclesia.
2251 4963 2345 5020 Ec-

774 5045 942 5097 clesia
974 5045 1240 5112 siquidem
1283 5064 1378 5116 per
1408 5064 1502 5102 eos
1540 5049 1758 5105 Christo
1795 5053 2164 5124 conjungitur,
2198 5065 2254 5109 et
2290 5057 2342 5110 in

758 5131 992 5203 flegans
1031 5137 1320 5190 aedilicium
1355 5141 1683 5194 exstruitur.

853 5227 1013 5280 Vens.
1045 5227 1239 5282 20—22.
1282 5249 1299 5279 ι
1335 5229 1390 5283 Si
1434 5233 1636 5285 mortui
1688 5234 1820 5289 estis
1855 5250 1980 5288 cum
2017 5237 2240 5293 Christo
2278 5241 2346 5294 ab

776 5318 1060 5373 elementis
1121 5321 1337 5383 mnmli,
1380 5323 1508 5389 quid
1544 5323 1721 5378 adhuc
1786 5337 2048 5395 tanquam
2086 5330 2336 5385 viventes

777 5411 982 5464 mundo
1014 5410 1349 5466 decernitis?
1375 5428 1441 5468 ne
1483 5417 1755 5485 tetigeris,
1797 5434 1974 5487 neque
2009 5425 2341 5489 gustaveris,

780 5519 957 5572 neque
1013 5508 1483 5575 contrectavcris;
1515 5525 1634 5580 quae
1668 5513 1853 5566 omnia
1900 5522 2032 5568 sunt
2065 5514 2116 5568 in
2151 5516 2341 5569 interi-

779 5602 892 5646 tum
931 5594 1048 5664 ipso
1081 5613 1203 5650 usu.
1237 5617 1253 5646 ι

2448 4612 2660 4682 ἔχοντες
2693 4614 2792 4683 τὴν
2843 4615 3106 4684 κεφαλὴν,
3130 4616 3187 4677 ὃς
3217 4617 3333 4668 ἐστι
3361 4617 3389 4667 ὁ
3418 4616 3671 4687 Χριστὸς,
3698 4616 3759 4681 ἐξ
3779 4611 3842 4669 οὗ
3882 4618 4037 4672 ἅπαν

2443 4705 2541 4772 τῆς
2569 4703 2892 4773 Ἐκκλησίας
2919 4706 2978 4758 τὸ
2995 4707 3152 4775 σῶμα
3171 4706 3259 4758 διὰ
3283 4705 3391 4757 τῶν
3415 4705 3566 4773 άφῶν
3597 4708 3688 4759 καὶ
3711 4708 4038 4778 συνδέσμων

2451 4792 2598 4858 αῠξει
2629 4795 2726 4863 τὴν
2747 4793 2996 4864 αῠξησιν,
3021 4797 3089 4866 ἢν
3115 4797 3250 4866 αὐτῇ
3295 4795 3528 4849 δέδωκεν
3562 4798 3591 4850 ὁ
3624 4796 3756 4861 Θεὸς
3788 4799 4038 4863 αὐξάνε-

2451 4884 2594 4939 σθαι.
2629 4887 2915 4954 Συναφὰς
2944 4889 2999 4941 δὲ
3038 4889 3130 4940 καὶ
3168 4887 3552 4956 συνδέσμους
3621 4891 3747 4953 τοὺς
3797 4891 3898 4942 τὸν
3949 4891 4038 4943 λό-

2450 4991 2544 5042 γον
2583 4980 2646 5045 τῇ
2697 4977 2998 5049 Ἐκκλησία
3046 4978 3420 5049 κηρύττοντος
3477 4979 3646 5046 λέγει.
3707 4981 3784 5032 Δι’
3842 4982 4038 5035 αὐτῶν

2449 5067 2556 5135 γὰρ
2581 5069 2915 5121 συνάπτεται
2940 5072 2972 5138 ὴ
3016 5070 3314 5139 Ἐκκλησία
3343 5069 3590 5139 Χριστῷ,
3648 5074 3745 5124 καὶ
3787 5072 3896 5141 τὴν
3937 5091 4039 5127 κα-

2449 5157 2544 5227 λὴν
2568 5160 2854 5230 οἰκοδομὴν
2884 5163 3269 5232 οἰκοδομεῖται.

2523 5268 2540 5299 ι
2580 5249 2642 5302 Εἰ
2675 5250 2975 5304 ἀπεθάνετε
3017 5253 3115 5304 σὺν
3145 5252 3366 5322 Χριστῴ
3423 5253 3532 5305 ἀπὸ
3577 5254 3682 5304 τῶν
3735 5259 4036 5326 στοιχείων

2446 5338 2540 5392 τοῦ
2562 5340 2792 5409 κόσμου,
2822 5343 2874 5395 τί
2909 5344 2984 5405 ὡς
3017 5343 3212 5407 ζῶντες
3240 5345 3296 5396 ὲν
3333 5343 3521 5412 κόσμῳ
3581 5345 4035 5414 ᾶογματέζεσθε,

2449 5431 2523 5500 μὴ
2557 5432 2690 5502 ἅψῃ,
2747 5433 2883 5503 μηδὲ
2933 5434 3126 5505 γεύσῃ,
3186 5434 3319 5504 μηδὲ
3374 5433 3567 5506 θίγῃς·
3603 5436 3635 5486 ἆ
3669 5438 3783 5489 ἐστι
3843 5443 4035 5495 πάντα

2448 5525 2526 5585 εἰς
2553 5525 2757 5593 φθορὰν
2785 5528 2848 5595 τῇ
2873 5527 3194 5596 ἀποχρήσει.
3239 5548 3252 5577 ι

2049 5696 2279 5750 VARle
2320 5697 2712 5756 LECTIONES.

872 5785 906 5806 "'
943 5778 1186 5848 Spatium
1217 5796 1443 5835 vacuum
1473 5791 1554 5839 cst
1581 5783 1635 5837 in
1665 5799 1816 5850 mss;
1848 5784 1964 5856 lego
2001 5796 2177 5840 autem
2207 5788 2564 5858 καθαρότητα.
