4214 6446
192 421 293 484 897

1251 413 1321 469 Ιλ
1360 409 1573 469 EPIST
1637 406 1736 464 AD
1775 401 2310 463 COLOSSENSES.

3335 400 3441 461 898

263 531 327 585 ΕΞ
362 529 701 601 ένεκριίιθητε
750 528 945 597 ταύτῃ,
981 526 1135 595 φησὶ,
1168 528 1235 593 τῇ
1267 524 1401 591 ζωῇ,
1458 522 1553 574 καὶ
1602 517 1766 571 παντὶ

1942 515 2000 568 Si
2056 513 2365 569 mortiﬁcati
2395 511 2552 575 estis,
2588 512 2787 580 inquit,
2846 510 2973 563 huic
3024 510 3150 562 vitae
3202 518 3257 563 et
3290 513 3438 565 omni

188 624 452 692 δρωμένῳ
493 623 586 674 καὶ
639 619 910 690 σαρκικῷ.
970 618 1073 669 Τὸν
1103 619 1212 686 γάρ
1258 615 1499 683 παρόντα
1531 612 1613 681 βίο
1673 610 1761 662 διὰ

188 712 309 764 τῶν
344 712 661 779 στοιχείων
686 708 965 779 σημαίνει,
995 706 1057 759 El
1084 704 1385 758 ἀπεθάνετε
1442 702 1557 765 οὖν,
1605 700 1759 768 φησὶ,

186 803 267 870 τῷ
300 803 455 854 αἰῶνι
512 801 707 868 τούτῳ,
733 798 785 851 τί
819 798 981 851 πάλιν
1038 796 1168 865 περὶ
1228 792 1390 846 αὐτὸν
1438 787 1761 860 στρέφεσθε,

188 895 319 962 περὶ
374 890 660 961 βρώματα,
695 890 786 941 καὶ
817 889 886 941 τὰ
915 887 1138 940 τοιαῦτα
1188 884 1579 954 στρεφόμενοις
1636 879 1766 932 ταῦ-

188 1002 256 1036 τα
286 986 417 1053 γὰρ,
440 984 597 1053 φησὶ,
647 981 849 1051 γαστρὶ⁸
905 980 1141 1041 δέδοιαι,
1216 977 1274 1029 αἱ
1318 977 1399 1037 είς
1423 973 1630 1045 φθορὰν
1656 990 1764 1041 χω-

190 1092 298 1143 ρει.

267 1185 287 1215 ι
328 1165 485 1217 Κατὰ
513 1163 583 1216 τά
619 1164 933 1233 ἐντάλματα
978 1161 1076 1215 καὶ
1129 1156 1480 1220 διδασκαλίας
1528 1156 1637 1209 τῶν
1675 1156 1766 1208 dv-

191 1259 429 1325 θρωπων
464 1274 478 1287 ·
501 1257 660 1310 ἅτινά
689 1257 806 1307 ἐστι
864 1254 1021 1320 λόγον
1078 1252 1177 1321 μὲν
1231 1249 1423 1319 ἔχοντα
1463 1248 1679 1314 σοφίας,
1710 1248 1767 1298 έν

192 1343 646 1412 ὲθελοθρησκεία,
693 1343 788 1394 καὶ
840 1342 1336 1409 ταπεινοφροσύνῃ,
1398 1338 1495 1390 καὶ⁵
1549 1336 1770 1404 ἀφειδίᾳ.

194 1434 469 1502 σώματος,
514 1435 615 1486 οὐκ
650 1435 708 1486 ἐν
731 1435 862 1502 τιμῇ
937 1450 1056 1495 tm,
1115 1430 1250 1501 πρὸς
1302 1428 1617 1499 πλησμονὴν
1670 1428 1770 1495 τῆς

194 1528 399 1598 σαρκός
451 1544 469 1577 ι

278 1617 558 1684 Ἑντολὰς
578 1615 925 1685 ἀνθρώπων,
986 1616 1083 1677 τὰς
1136 1612 1373 1684 μυθικὰς
1418 1612 1772 1672 διδασκαλίας

192 1707 302 1760 τῶν
349 1707 624 1760 Ἰουδαίων
667 1706 844 1772 λέγει,
874 1704 907 1774 ἦ
932 1704 1025 1756 καὶ
1044 1702 1260 1765 ἐντολὰς
1290 1702 1556 1771 σαρκικὰς
1606 1700 1774 1760 αὐτὰς

192 1800 367 1865 λέγει,
432 1799 601 1867 μηδὲν
657 1796 888 1866 ἐχούσας
936 1795 1323 1865 πνευματικόν.
1353 1793 1525 1845 Τοῦτο
1555 1792 1663 1861 γὰρ
1683 1791 1777 1857 δη-

1832 608 1896 674 'q
1941 608 2009 660 od
2074 606 2291 661 VlSlblle
2325 612 2380 657 et
2426 602 2650 657 carnale
2698 612 2808 657 est.
2850 601 3186 655 Praesentem
3237 601 3441 670 quippe

1864 697 2050 758 vitam,
2107 695 2365 749 elementa
2431 694 2667 749 dicendo
2724 692 3023 761 signiﬁcat.
3058 690 3112 744 SI
3146 706 3278 759 ergo
3315 692 3441 744 huic

1865 787 2064 841 saeculo
2113 786 2310 840 mortui
2366 786 2522 848 estis,
2561 785 2759 854 inquit.
2796 799 2895 837 cur
2943 798 3076 851 ergo
3122 784 3272 836 circa
3308 784 3441 835 illud

1865 877 2159 931 versamini
2217 877 2440 936 iterum.
2490 878 2639 929 circa
2679 890 2858 936 escas,
2908 886 2957 929 et
2988 876 3094 928 alia
3135 876 3445 944 ejusmodi?

1866 968 2059 1021 islhaec
2097 966 2244 1020 enim
2285 965 2412 1018 data
2456 974 2586 1020 sunt
2627 965 2830 1024 ventri,
2860 971 2915 1016 ct
2946 965 2998 1017 in
3031 964 3443 1033 corruptionem

1867 1057 2086 1111 abeunt.

1943 1166 1961 1199 ι
2001 1146 2314 1202 Secundum
2378 1152 2652 1216 praecepta
2687 1154 2742 1200 et
2780 1145 3067 1201 doctrinas
3103 1147 3330 1200 hominu
3427 1164 3440 1177 -

1870 1234 2050 1309 [Vens
2095 1234 2191 1305 ‘23]
2220 1251 2339 1304 (ιιιιὲ
2367 1245 2515 1309 ειιηιΔ
2537 1238 2805 1289 rationem
2853 1234 3109 1288 habentia
3142 1236 3445 1303 sapientiae,

1870 1306 1923 1382 in
1952 1328 2347 1396 superstitione
2374 1338 2428 1381 et
2451 1306 2785 1389 hunuhtate,
2808 1336 2856 1379 et
2887 1324 2954 1377 ad
2980 1339 3088 1377 non
3111 1327 3445 1392 parcendum

1869 1418 2114 1485 corpori.
2152 1432 2261 1472 non
2298 1420 2351 1472 in
2386 1419 2598 1472 honore
2620 1418 2826 1485 aliquo,
2861 1414 2928 1468 ad
2948 1414 3297 1469 saturitatem
3320 1430 3450 1469 car-

1871 1525 1979 1564 ms.
2026 1529 2043 1560 ι

1945 1600 2222 1668 Ρναιςερια
2251 1600 2545 1661 hominum,
2579 1597 2860 1651 fabulares
2891 1594 3208 1650 Iudaeorum
3232 1596 3447 1651 doctri-

1876 1708 1974 1746 nas
2009 1701 2189 1752 vocat.
2236 1707 2377 1759 quas
2422 1689 2652 1759 perinde
2681 1688 2938 1742 mandata
2967 1688 3154 1742 carnis
3188 1689 3450 1757 appellat,

1883 1790 1940 1835 ut
1975 1797 2097 1843 ante
2135 1782 2269 1835 nihil
2311 1781 2544 1850 spiritus
2578 1781 2837 1834 haheant.
2878 1778 2990 1834 lloc
3039 1794 3209 1849 porro
3237 1781 3453 1848 signiﬁ-

192 1855 279 1942 λοί
316 1855 377 1942 τδ
399 1930 413 1952 ,
432 1855 530 1942 ὀύ
582 1855 732 1942 κατά
785 1855 1000 1942 Geor“.
1054 1855 1355 1954 ’Ᾰφειδίαν
1384 1883 1453 1936 δὲ
1481 1855 1775 1951 σώματος,

1884 1880 1972 1925 cat
2003 1873 2132 1925 dum
2159 1873 2256 1934 ait,
2293 1888 2397 1925 non
2423 1872 2710 1926 secundum
2740 1870 2931 1925 Deum.
2968 1872 3212 1927 Dicendo
3242 1881 3453 1934 autem,

196 1998 295 2050 την
329 1978 635 2049 περιτομὴν
668 1977 843 2045 λέγει.

828 2157 1083 2211 ΚΕΦΑΔ.
1114 2156 1191 2209 Γ’.

273 2269 291 2300 ι
331 2251 397 2301 Εἰ
468 2250 841 2320 συνηγέρθητε
871 2250 949 2318 τῷ
992 2246 1247 2318 Χριστῷ,
1277 2248 1345 2300 τὰ
1370 2245 1483 2300 άνω
1542 2244 1778 2313 ζητεῖτε,

200 2338 265 2396 οὗ
319 2343 349 2394 6
384 2343 618 2411 Χριστός
668 2346 815 2396 ἐστιν
846 2344 904 2394 ἐν
934 2342 1081 2410 δεξιᾷ
1118 2340 1212 2393 τοῦ
1272 2340 1407 2391 Θεου
1454 2336 1778 2405 καθήμενος,

195 2435 268 2487 τὰ
299 2435 414 2488 ἄνω
471 2437 745 2503 φρονεῖτε,
775 2434 850 2503 μὴ
882 2434 951 2486 τὰ
981 2434 1074 2485 ἐπὶ
1132 2431 1233 2500 τὴς
1290 2447 1411 2499 γης.
1456 2428 1780 2482 Ἀπεθάνετε

209 2528 350 2595 ,ὰρ,
412 2544 507 2580 κα.
538 2528 570 2596 ἠ
604 2526 718 2595 ζωὴ
762 2544 916 2595 υμων
965 2543 998 2578 κ
1071 2543 1102 2595 ρ
1145 2541 1275 2576 πται
1335 2541 1398 2575 συ
1454 2540 1533 2591 τῳ
1562 2523 1699 2591 Χρισ
1738 2522 1782 2590 ῷ

198 2623 255 2672 ἐν
277 2620 356 2688 τῷ
380 2618 518 2688 Θεῷ.
562 2619 729 2671 Ὅταν
758 2622 786 2671 6
811 2618 1043 2687 Χριστὸς
1074 2616 1362 2685 φανερωθῃ
1392 2616 1425 2684 ἡ
1457 2613 1569 2683 ζωὴ
1605 2612 1778 2681 ὑμῶν,

198 2712 319 2764 τό.ε
356 2711 453 2763 καὶ
487 2712 643 2779 ὑμε⁴’ς
683 2711 779 2763 σὺν
806 2710 953 2779 αύτῴ
1008 2706 1464 2778 φανερωθήσεσθε
1498 2707 1556 2757 έν
1588 2702 1770 2775 δόξῃ.»

287 2889 443 2940 Ἐπεὶ
464 2882 576 2952 οὖν,
613 2888 797 2957 φησὶν,
823 2888 904 2949 είς
942 2888 1134 2956 ἑτέραν
1187 2886 1333 2955 ζωὴν
1386 2884 1648 2953 άνέστητε
1686 2883 1785 2953 τὴν

240 2980 458 3049 δρᾶν-ον
561 2978 668 3031 τῶν
741 2979 883 3032 κατὰ
930 2979 1035 3047 γῆν
1087 2978 1347 3031 ἁπαντων
1392 2976 1785 3045 δικαιωμάτων

202 3072 319 3122 ἄνω
354 3069 593 3136 γίνεσθε.
632 3068 705 3121 Οὐ
740 3069 850 3137 γὰρ
901 3068 1147 3132 δυνατὸν,
1198 3066 1435 3136 ἀλλαχοῦ
1500 3066 1601 3136 μὲν
1641 3068 1785 3135 ἔχειν

201 3159 304 3227 τὴν
332 3158 499 3228 ζωὴν,
529 3160 627 3227 τῆς
646 3157 702 3209 δὲ
742 3158 971 3229 ἑτέρωθι
1030 3158 1291 3228 κειμένης
1342 3158 1490 3227 ἔχειν
1518 3158 1587 3209 τὰ
1617 3174 1780 3225 νομο-

202 3250 529 3318 θετήματα’
566 3249 702 3301 ἀλλὰ
745 3249 985 3318 ἁργείτω
1036 3250 1136 3319 μὲν
1174 3249 1240 3301 τά
1287 3250 1416 3316 περὶ
1477 3248 1659 3317 σῶμα,
1706 3247 1782 3309 ὡς

201 3337 552 3405 τεθνηκότων
580 3338 758 3407 ὴμῳν,
796 3334 1127 3405 ὲνεργείσθω
1164 3334 1221 3387 δὲ
1244 3334 1313 3387 τὰ
1331 3334 1617 3401 πνεύματα
1650 3331 1786 3385 καθὸ

210 3427 372 3495 ζῆτε,
399 3428 494 3479 καὶ
524 3426 843 3496 ἀναμενέτω
875 3426 937 3477 τὸ
970 3424 1127 3492 σῶμα
1148 3424 1246 3495 τὴν
1279 3425 1371 3477 καὶ
1420 3424 1567 3493 αὐτῷ
1627 3422 1784 3491 δοθη-

208 3518 448 3587 σομένην
499 3517 664 3587 ζωὴν,
714 3518 933 3570 ἐπειδὰν
964 3517 993 3568 6
1022 3516 1124 3585 τῆς
1183 3516 1327 3585 ζωῆς
1376 3518 1509 3584 ἡμῖν
1552 3514 1786 3585 χορηγὸς

207 3612 452 3678 ἐπιφανῇ
498 3610 754 3679 Χριστὸς,
813 3608 953 3677 ἔχων
996 3590 1097 3677 μὲν
1154 3608 1324 3674 αὐτὴν
1352 3609 1409 3659 ὲν
1438 3606 1515 3674 τῷ
1544 3604 1658 3674 ἰδίῳ
1680 3602 1786 3656 σώ-

210 3715 368 3770 ματι,
403 3700 731 3769 μεταδώσων
756 3700 811 3751 δὲ
839 3700 1009 3769 αὐτῆς
1037 3700 1131 3752 καὶ
1156 3700 1269 3761 τοῖς
1292 3696 1585 3768 μετέροις
1606 3712 1618 3724 ·
1643 3698 1789 3747 ἐπει-

207 3793 308 3848 δὰν
373 3795 467 3845 καὶ
532 3790 670 3844 αὐτὰ
726 3794 806 3854 είς
869 3790 1014 3859 ζωὴν
1076 3789 1413 3859 προαχθῆναι
1464 3788 1580 3857 δὲῃ,
1643 3786 1788 3855 ζωὴν

207 3884 313 3954 τὴν
343 3882 577 3947 ἔνδοξον,
610 3882 752 3952 ζωὴν
781 3882 880 3951 τὴν
918 3881 1215 3951 μακαρίαν,
1264 3879 1402 3949 πρὸς
1441 3879 1506 3948 ἦν
1544 3878 1681 3930 ίδίαν
1700 3876 1791 3930 οὖ-

210 3993 314 4027 σαν
346 3971 607 4043 Χριστοῦ,
636 3972 728 4025 καὶ
757 3974 916 4042 ἡμεῖς
939 3969 1458 4042 συσχηματιζόμεθα

283 4166 304 4198 ι
343 4146 673 4218 Νεκρὼσατε
709 4164 803 4200 ουν
838 4147 906 4200 τά
937 4147 1071 4217 μέλη
1114 4146 1268 4214 ὑμῶν
1298 4146 1365 4199 τὰ
1396 4146 1486 4198 ἐπὶ
1521 4146 1618 4215 τῆς
1664 4148 1789 4214 γῆς,

215 4236 504 4307 πορνείαν,
556 4235 936 4306 ἀκαθαρσίαν,
992 4234 1201 4299 πάθος,
1249 4234 1544 4304 ἐπιθυμίαν
1594 4236 1790 4305 κακὴν,

214 4330 312 4382 καὶ
332 4328 433 4379 ei“:
460 4325 796 4389 πλεονεξίαν,
842 4327 963 4396 ἥτις
1004 4326 1155 4378 ἐστὶν
1188 4326 1626 4397 είδωλολατρεία,
1661 4327 1725 4379 δι’
1758 4327 1793 4379 ἃ

216 4422 440 4490 ἔρχεται
464 4420 497 4487 ἡ
523 4419 661 4488 ὀργὴ
692 4417 787 4471 τοῦ
815 4417 950 4470 Θ·οὖ
991 4417 1086 4469 ἐπὶ
1132 4417 1260 4479 τοὺς
1318 4418 1469 4479 υἱοὺς
1496 4417 1597 4484 τῆς
1638 4419 1793 4468 ἀπει-

219 4508 377 4569 θείας
404 4523 415 4533 ·
444 4509 500 4559 ὲν
531 4503 611 4568 οἷς
642 4508 738 4558 καὶ
796 4507 953 4574 ὑμεῖς
1014 4506 1453 4574 περιεπατήσατέ
1510 4520 1669 4565 ποτε,
1706 4506 1791 4556 ὅτε

1878 1963 1949 2016 ad
2002 1980 2106 2016 non
2161 1964 2487 2030 parcendum
2536 1964 2764 2032 corpori,
2821 1962 3305 2017 (ircumcisionem
3370 1962 3456 2016 in-

1880 2056 2017 2109 nuit.

2516 2143 2670 2199 CAP.
2701 2144 2797 2198 111.

1947 2236 2114 2291 Vens.
2143 2236 2258 2289 1-4.
2300 2254 2318 2287 ι
2356 2235 2528 2305 Igitur
2582 2238 2628 2292 si
2685 2239 3123 2293 consurrexistis
3151 2254 3277 2293 cum
3298 2238 3457 2295 Chri-

1880 2336 1987 2390 sto,
2022 2343 2144 2396 qua:
2184 2327 2346 2395 212
2381 2342 2602 2381 sursum
2626 2335 2758 2381 sunt
2792 2329 3042 2397 quaerite,
3071 2330 3160 2382 ubi
3189 2328 3448 2384 Christus

1880 2426 1962 2471 est
1984 2419 2036 2472 in
2067 2418 2296 2472 dextera
2322 2418 2412 2470 Dei
2444 2417 2644 2473 sedens
2688 2433 2810 2487 qua!
2837 2434 3061 2473 sursum
3095 2431 3226 2474 sunt
3249 2429 3453 2491 sapite,

1881 2524 1990 2562 non
2025 2524 2146 2578 qua:
2196 2524 2365 2576 super
2393 2516 2596 2563 terram
2656 2509 2853 2564 Mortui
2888 2512 3036 2565 enim
3068 2513 3225 2575 estis,
3250 2524 3309 2567 et
3343 2523 3455 2568 vna

1880 2609 2062 2652 vistra
2114 2601 2438 2654 abscondita
2476 2611 2560 2654 est
2608 2616 2731 2655 cum
2791 2600 3017 2656 Christo
3048 2604 3101 2656 in
3144 2602 3274 2658 Deo.
3317 2606 3453 2660 Cum

1881 2691 2136 2746 Christus
2161 2692 2501 2760 apparuerit,
2530 2693 2641 2745 vita
2670 2699 2874 2755 vestra,
2913 2703 3044 2747 tunc
3075 2703 3130 2749 et
3158 2712 3256 2751 vos
3286 2711 3457 2766 appa-

1884 2785 2077 2841 rehtus
2109 2796 2235 2835 cum
2266 2796 2388 2851 Ipso
2424 2782 2478 2835 in
2501 2783 2699 2850 gloria.
2746 2801 2764 2833 ι

1944 2870 2217 2937 Quoniam
2256 2873 2322 2926 ad
2347 2872 2516 2927 vitam
2573 2874 2826 2939 alteram,
2859 2875 3142 2930 cmlestem
3175 2878 3460 2945 nimirum,

1893 2967 2307 3027 resurrexistis,
2348 2969 2666 3037 superiores
2716 2968 3026 3022 elliciamini
3059 2972 3298 3025 terrenis
3340 2988 3461 3024 om-

1884 3057 2045 3109 nibus
2102 3056 2395 3111 institutis.
2449 3056 2569 3111 Non
2612 3058 2761 3112 enim
2794 3058 2909 3112 ﬁeri
2945 3069 3126 3127 potest
3168 3070 3223 3113 ut
3261 3062 3368 3115 alio
3403 3063 3459 3117 in

1886 3149 2008 3202 loco
2066 3150 2231 3203 vitam
2285 3164 2539 3217 agamus,
2574 3158 2629 3203 et
2680 3151 2804 3204 vita:
2859 3151 3088 3205 alterius
3141 3154 3459 3209 sanctiones

1888 3238 2318 3292 sectemurzsed
2377 3254 2499 3307 quae
2555 3238 2622 3291 ad
2676 3254 2881 3308 corpus
2942 3241 3198 3304 attinent,
3238 3260 3463 3299 cessare

1893 3328 2132 3389 Oportet,
2198 3334 2259 3372 ac
2290 3321 2335 3372 si
2372 3320 2574 3373 mortui
2641 3325 2842 3375 essetis
2867 3364 2881 3385 ,
2923 3333 3219 3391 operentur
3277 3337 3461 3380 autem

1885 3425 2007 3479 quae
2039 3421 2170 3464 sunt
2192 3408 2428 3478 Spiritus
2459 3411 2761 3464 secundum
2799 3427 2962 3480 quem
2998 3414 3184 3468 vnvitis
3240 3412 3461 3470 Interim

1886 3515 2094 3569 corpus
2125 3511 2405 3568 exspectet
2435 3502 2627 3563 vitam,
2662 3518 2785 3571 quae
2833 3503 2936 3571 ipsi
2968 3503 3211 3566 dabitur,
3241 3507 3465 3573 quando

1888 3592 1978 3645 ille
2043 3592 2137 3660 qui
2165 3592 2291 3645 vita:
2322 3601 2408 3647 est
2441 3601 2655 3653 auctor,
2687 3594 3017 3650 manifestus
3066 3596 3179 3659 (iet,
3204 3608 3263 3650 ut
3296 3599 3463 3652 vitam

1887 3696 1997 3750 qua
2030 3698 2190 3735 suum
2219 3697 2422 3751 corpus
2457 3682 2742 3751 praeditum
2786 3694 2889 3745 est.
2925 3686 3130 3740 nostris
3160 3688 3325 3740 etiam
3359 3688 3468 3741 ima

1890 3774 2176 3841 pertiatur,
2227 3772 2447 3842 quando
2477 3773 2669 3828 istha:c
2694 3790 2916 3844 quoque
2961 3776 3029 3830 ad
3058 3778 3227 3832 vitam
3264 3781 3467 3835 adduci

1889 3880 2117 3919 necesse
2136 3865 2260 3927 erit,
2295 3866 2361 3918 ad
2389 3866 2577 3929 vitam,
2604 3866 2845 3934 inquam,
2865 3868 3179 3936 gloriosam,
3203 3870 3270 3923 ad
3301 3874 3467 3926 vitam

1893 3957 2129 4018 felicem,
2160 3957 2273 4020 cui,
2304 3959 2563 4025 quoniam
2593 3960 2815 4027 propria
2842 3969 2927 4013 est
2952 3960 3186 4026 Christi,
3209 3978 3310 4018 nos
3326 3978 3470 4034 quo-

1895 4062 2003 4115 que
2026 4046 2234 4101 similes
2268 4046 2588 4101 evademus.

1961 4135 2129 4190 Vens.
2175 4137 2297 4190 5-9.
2351 4156 2369 4188 ι
2409 4137 2735 4192 Mortillcate
2780 4154 2911 4208 ergo
2960 4144 3204 4198 membra
3266 4157 3470 4214 vestra,

1894 4240 2017 4294 qua:
2058 4233 2185 4279 sunt
2234 4239 2400 4293 super
2449 4234 2694 4279 terram'
2731 4227 3153 4283 fornicationem
3231 4230 3472 4285 immun-

1894 4319 2108 4381 ditiam,
2190 4320 2494 4382 libidinem,
2552 4321 3066 4388 concupiscentiam
3133 4325 3370 4391 malam,
3418 4335 3474 4380 et

1896 4423 2208 4471 avaritiam,
2239 4423 2360 4477 quae
2377 4416 2460 4461 est
2492 4408 2919 4463 simulacrorum
2946 4412 3208 4475 servitus,
3247 4425 3474 4484 propter

1897 4515 2021 4568 quze
2052 4500 2200 4552 venit
2227 4500 2308 4551 ira
2339 4498 2432 4551 Det
2461 4515 2515 4552 tn
2554 4501 2697 4553 lillos
2728 4502 3151 4556 Incredulitatts.
3182 4502 3241 4557 In
3268 4507 3474 4574 quibus

222 4560 388 4663 ἐζῆτε
429 4596 488 4646 έν
528 4560 709 4656 αὐτοῖς
744 4611 760 4627 ο
819 4560 949 4646 νυνί
977 4594 1032 4646 δὲ
1062 4560 1330 4645 άπόθεσθε
1386 4594 1481 4645 καὶ
1536 4560 1693 4663 ὐμείς
1727 4594 1782 4645 τὰ

1898 4599 1953 4645 et
1982 4605 2080 4644 vos
2115 4589 2413 4657 aliquando
2437 4591 2761 4645 ambulastis
2787 4607 2911 4645 cum
2940 4592 3198 4648 viveretis
3238 4596 3290 4649 in
3320 4598 3429 4652 illis
3452 4612 3470 4649 :

220 4688 429 4747 πάντα,
485 4684 675 4753 ὀργὴν,
728 4683 921 4752 θυμὸν,
973 4682 1196 4745 κακίαν,
1253 4681 1630 4751 βλασφημίαν,
1684 4684 1794 4733 αἰσ-

221 4776 516 4845 χρολογίαν
540 4778 602 4827 έκ
628 4771 722 4825 τοῦ
769 4774 1039 4843 στόματος
1089 4772 1242 4842 ὑμῶν
1284 4772 1377 4841 Μὴ
1423 4770 1685 4840 ψεύδεσθε
1718 4772 1796 4831 εἰς

224 4866 511 4933 ἀλλήλους.
540 4883 558 4915 ι

312 4958 377 5008 Ἦ
405 4955 500 5008 τοῦ
546 4955 758 5007 Παύλου
811 4953 1154 5024 παραίνεσις,
1197 4952 1497 5021 νεκρότητα
1534 4950 1632 5020 μὲν
1685 4952 1799 5003 είσ-

228 5050 463 5116 ηγεῖταιξ
492 5046 627 5114 πρὸς
673 5044 774 5113 τὴν
826 5042 1098 5112 κοσμικὴν
1143 5040 1288 5110 ζωὴν
1337 5040 1437 5111 τὴν
1481 5041 1801 5109 παρεφθαρ-

234 5138 430 5206 μένην,
482 5135 626 5203 ζωὴν
658 5136 716 5187 δὲ
744 5136 865 5187 ἀντὶ
906 5133 1109 5202 ταύτης
1162 5133 1371 5199 εἰσάγει
1419 5134 1517 5200 τὴν
1556 5132 1803 5200 οὐράνιον

231 5228 331 5281 καὶ
362 5227 738 5296 πνευματικήν
759 5243 771 5256 ·
816 5227 911 5279 καὶ
941 5224 1214 5293 νεκρῶσαι
1238 5222 1337 5291 μὲν
1357 5223 1425 5275 τὰ
1458 5222 1595 5290 μέλη
1638 5238 1807 5291 προσ-

232 5319 421 5370 τάττει
466 5316 535 5366 τὰ
565 5315 658 5366 ἐπὶ
720 5314 818 5383 τῆς
851 5313 955 5382 γῆς
980 5354 993 5375 ,
1024 5312 1100 5375 ὡς
1127 5311 1194 5364 ἃν
1225 5311 1303 5379 τῷ
1333 5310 1602 5378 πνεύματι
1649 5308 1807 5377 ἡμῶν

236 5406 383 5476 ζωὴν
419 5404 733 5458 καταλιπὼν
765 5405 905 5457 κατὰ
932 5403 1029 5473 τὴν
1054 5405 1112 5455 έν
1136 5402 1280 5470 ἁγίῳ
1330 5400 1607 5468 Πνεύματι
1652 5400 1806 5451 πολι-

237 5498 409 5561 τείαν,
446 5496 750 5565 ἀναγκαίαν
773 5495 943 5564 δὲτὴν
999 5496 1265 5563 νέκρωσιν
1329 5493 1431 5562 τῆς
1478 5492 1624 5561 ζωῆς
1672 5493 1808 5545 ἀπο-

1899 4695 2046 4733 nunc
2075 4691 2257 4733 autem
2296 4679 2558 4748 deponite
2587 4689 2642 4734 et
2674 4696 2773 4736 vos
2802 4684 3012 4749 omnia,
3032 4685 3191 4747 iram,
3216 4686 3475 4757 indigna-

1900 4772 2129 4834 tionem,
2160 4771 2445 4832 malitiam,
2469 4771 2892 4841 blasphemiam,
2926 4783 3140 4843 turpem
3160 4791 3473 4835 sermonem

1902 4861 1971 4915 de
2008 4875 2105 4914 ore
2140 4868 2343 4913 vestro.
2368 4859 2548 4915 Nolite
2586 4862 2809 4915 mentiri
2843 4863 3103 4918 invicem.
3149 4885 3169 4919 ι

1960 4950 2088 5004 Haec
2138 4951 2454 5027 exhortatio
2507 4950 2684 5016 Pauli,
2734 4955 3026 5009 mundana:
3067 4971 3161 5009 seu
3198 4969 3479 5028 corrupta:

1906 5040 2031 5092 vita:
2086 5039 2565 5107 interemptionem
2628 5040 2842 5106 suadet,
2875 5042 2929 5095 in
2968 5044 3130 5110 cujus
3154 5043 3337 5099 locum
3361 5062 3480 5101 coa-

1910 5132 2099 5185 Iestem
2151 5140 2205 5184 et
2252 5130 2597 5199 spiritualem
2642 5131 2810 5185 vitam
2842 5133 3088 5203 subjicit.
3132 5134 3211 5189 Ac
3230 5138 3479 5193 membra

1913 5220 2157 5290 quidem,
2188 5236 2310 5287 qua:
2341 5228 2474 5276 sunt
2501 5236 2667 5291 super
2692 5230 2923 5287 terram,
2950 5223 3107 5292 juhet
3133 5228 3479 5296 mortiﬁoari,

1917 5324 1977 5367 ut
2008 5323 2192 5367 tamen
2225 5313 2445 5382 spiritui
2494 5322 2687 5368 nostro
2717 5316 2960 5385 supersit
2988 5317 3098 5371 vita
3135 5334 3257 5388 qua:
3284 5336 3481 5377 secun-

1918 5406 2047 5459 dum
2086 5402 2355 5473 Spiritum
2408 5415 2659 5459 sanctum
2722 5405 3066 5461 instituatur.
3098 5406 3483 5465 Necessariam

1930 5504 2113 5549 autem
2148 5510 2274 5551 esse
2330 5495 2570 5550 ostendit
2606 5496 2730 5550 vita:
2763 5496 2925 5567 hujus
2976 5498 3485 5567 mortiﬁcationem,

1514 5601 1745 5658 VAlll/E
1784 5604 2194 5663 LECTIONES.

240 5768 400 5824 Θεὸν.

310 5707 344 5771 εξ
374 5700 445 5753 Τὸ
515 5704 589 5756 οὐ
648 5701 797 5755 κατὰ
868 5700 1033 5755 Θεόν.
1099 5688 1324 5753 Videtur
1388 5704 1578 5751 auctor
1637 5695 1691 5748 in
1722 5696 1962 5765 Apostoli
2002 5706 2150 5755 textu
2204 5698 2419 5769 legisse,
2475 5697 2822 5763 διδασκαλίας
2861 5700 3186 5771 ἀνθρώπων,
3239 5703 3302 5756 οὐ
3348 5704 3486 5758 κατὰ
