4214 6446
710 383 812 445 83'.)

1905 376 1962 429 Β.
1998 371 2175 428 ΙΟᾹΝ
2192 370 2230 426 .V
2250 370 2313 424 IS
2345 369 2493 425 l).\.\l
2509 367 2770 425 .\SCENI

3844 360 3952 424 900

715 496 805 548 ubi
828 492 1018 547 sordes
1039 490 1158 558 ejus
1177 489 1573 559 spurcitiasque
1593 488 1874 548 edisserit;
1905 500 1991 546 ne,
2013 482 2276 552 quemad-
2309 494 2333 559 ξ

2380 481 2640 543 δείκνυσι,
2671 482 2731 532 τὸ
2756 480 3164 549 μεμολυσμένον
3202 478 3370 547 αὖτῆς
3420 478 3808 546 ἐξηγούμενθςι
3866 477 3952 527 ἶνα

715 580 932 633 modum
977 554 1224 648 gentiles,
1283 578 1448 628 vitam
1488 554 1622 644 qua:
1673 575 1725 626 in
1767 587 2000 639 corpore
2060 571 2268 638 agitur,
2314 554 2333 573 ⁸

716 670 911 721 malam
961 680 1083 719 esse
1113 664 1478 732 suspicemur,
1513 664 1605 717 sed
1657 669 1780 713 vita:
1812 661 2082 712 duntaxat
2101 657 2276 710 dene-

716 758 932 809 xionem
975 753 1041 806 ad
1077 754 1408 821 voluptates,
1465 754 1520 806 in
1562 752 1762 820 quibus
1791 750 2064 803 scortatio
2089 756 2194 807 est,
2221 753 2278 798 et

715 845 895 898 omnia
914 843 1116 910 quaevis
1147 842 1400 910 nequitia:
1423 855 1623 908 genera
1659 858 1672 892 :
1701 837 2103 891 immunditiam
2133 850 2276 902 quo-

715 946 822 998 que
847 940 901 983 et
923 932 1337 1000 impudicitiam,
1370 929 1671 990 libidinem,
1698 935 1751 980 et
1774 923 2276 994 concupiscentiam

719 1023 911 1074 malam
965 1022 1242 1084 nominat,
1279 1020 1478 1086 quibus
1533 1029 1587 1071 et
1651 1017 1938 1070 avaritiam
2008 1011 2278 1080 adjnngit,

717 1112 920 1179 quippe
952 1125 1072 1178 quae
1105 1109 1323 1175 sequcla
1353 1109 1426 1159 sit
1464 1109 1826 1174 \Ulltpldlum,
1853 1116 1973 1170 quae
2006 1101 2279 1169 pecnnia-

720 1218 838 1254 rum
861 1200 1354 1269 suppeditationcm
1372 1200 1616 1267 exigunt.
1641 1196 1935 1248 Avaritiam
1957 1189 2285 1254 vero,servi-

721 1301 882 1343 tulem
940 1290 1204 1341 idolorum
1251 1289 1507 1357 appellat,
1569 1289 1824 1354 quoniam
1868 1283 2042 1344 avari,
2091 1281 2283 1334 relicto

721 1379 812 1434 Dei
863 1382 1010 1433 cultu
1052 1388 1106 1432 et
1149 1379 1397 1439 servitio,
1443 1378 1534 1430 Dei
1562 1378 1676 1429 vice
1718 1374 1971 1441 pecuniis
2012 1371 2281 1424 serviunt.

721 1469 791 1525 Ut
813 1485 944 1538 ergo
1009 1469 1241 1522 suadeat
1275 1467 1540 1535 ejusmodi
1577 1466 1725 1519 vitiis
1752 1480 1860 1518 non
1883 1464 2280 1520 adhaerescere,

721 1563 858 1614 iram
885 1562 976 1613 Dei
1015 1568 1232 1628 propter
1272 1560 1361 1611 illa
1396 1560 1678 1610 imminere
1705 1558 1780 1609 ait
1808 1556 1863 1608 in
1886 1555 2009 1607 illos
2039 1553 2132 1621 qui
2166 1565 2284 1603 cre-

720 1653 848 1704 deie
900 1649 1223 1702 detrectant.
1254 1649 1292 1701 Ε
1319 1663 1375 1701 re
1424 1662 1530 1700 non
1561 1646 1721 1700 fuerit
1752 1646 1940 1714 igitur,
1983 1643 2183 1710 inquit,
2221 1647 2283 1692 ut

721 1751 774 1794 et
821 1741 1025 1803 fideles,
1081 1740 1174 1807 qui
1207 1742 1347 1791 iram
1394 1737 1726 1805 ellugerunt,
1762 1738 1815 1789 in
1870 1734 1996 1790 istis
2023 1731 2281 1800 operibus

2380 572 2454 640 μὴ
2509 571 2610 639 τὴν
2665 573 2723 622 ἐν
2785 569 2997 638 σώματι
3062 569 3206 637 ζωὴν
3260 568 3504 637 πονηράν
3568 567 3953 631 ὑπολάϐωμεν,

2375 661 2563 730 ὥσπερ
2620 663 2882 730 Ἕλληνες
2934 660 3239 729 ἡγοῦνται,
3303 659 3437 711 ἀλλὰ
3494 658 3592 728 τὴν
3650 658 3747 726 τῆς
3807 657 3952 724 ζωῆς

2377 753 2740 821 παρατροπὴν
2766 792 2780 814 ,
2837 751 2937 819 τὴν
2975 755 3033 805 ἐν
3083 752 3316 821 ἡδοναῖς,
3356 752 3414 802 ἐν
3468 743 3554 810 αἶς
3589 749 3641 800 αἱ
3675 750 3952 815 πορνεῖαι,

2380 843 2473 893 καὶ
2497 843 2618 893 ὅσαι
2648 843 2786 894 ἰδέαι
2804 842 3142 911 κακουργίας
3166 856 3182 873 ο
3215 840 3578 908 ἀκαθαρσίαν,
3637 838 3731 889 καὶ
3791 836 3957 887 ἀσὲλο

2377 933 2672 999 γειαντκαὶ
2721 932 2912 994 πάθος,
2945 933 3040 984 καὶ
3086 931 3381 999 ἐπιθυμίαν
3443 929 3620 996 κακὴν
3673 926 3953 994 ὀνομάζει,

2379 1023 2475 1073 καὶ
2535 1022 2634 1091 τὴν
2693 1022 3006 1086 πλεονεξίαν
3056 1021 3457 1082 ἐπισυνάπτων,
3512 1019 3594 1069 ὅτι
3628 1017 3691 1085 δὴ
3737 1015 3959 1068 ἀκολού-

2381 1110 2532 1178 θημα
2591 1110 2701 1161 τῶν
2756 1109 2960 1178 ἡδονῶν
3018 1110 3074 1160 αἱ
3103 1107 3428 1170 πλεονεξίαι,
3484 1106 3781 1175 χρημάτων
3837 1121 3961 1171 χορ-

2384 1203 2547 1270 ηγίαν
2625 1200 2998 1268 ὲπιζητουσῶν
3065 1198 3286 1266 ἡδονῶν.
3341 1197 3852 1262 Εὶδω.1ολατρειάν
3902 1195 3961 1245 δὲ

2384 1296 2536 1345 καλεῖ
2563 1292 2660 1361 τὴν
2713 1291 3046 1355 πλεονεξίαν,
3107 1293 3187 1343 ὅτι
3220 1289 3297 1358 τῷ
3322 1289 3440 1357 Θεῳ
3483 1288 3754 1338 οουλεύειν
3791 1302 3961 1337 καταο

2383 1383 2649 1444 λιπόντες,
2678 1382 2800 1434 ἀντὶ
2832 1380 2968 1432 Θεοῦ
3001 1382 3112 1441 τοῖς
3160 1380 3409 1449 χρήμασι
3467 1377 3797 1430 δουλεύουσι.
3831 1376 3959 1426 Πεί-

2385 1475 2492 1526 θων
2549 1469 2641 1525 οὖν
2682 1473 2756 1540 μὴ
2805 1470 3100 1540 διατρίϐειν
3149 1472 3262 1531 τοῖς
3307 1469 3606 1529 τοιούτοις,
3638 1468 3737 1536 τὴν
3791 1466 3962 1534 ὀργὴν

2385 1564 2712 1635 ἐπέρχεσθαί
2767 1580 2900 1632 φησι
2949 1563 3015 1614 δι’
3068 1562 3208 1614 αὐτὰ
3251 1563 3314 1613 ἐκ
3365 1559 3500 1613 Θεοῦ
3552 1561 3664 1620 τοῖς
3701 1558 3962 1610 ἀπειθοῦο

2387 1670 2492 1706 σιν.
2531 1654 2606 1705 oo
2653 1652 2771 1704 δέον
2829 1652 2944 1713 οὖν,
3011 1651 3167 1720 φησι,
3234 1652 3327 1702 καὶ
3375 1651 3501 1711 τοὺς
3555 1649 3782 1710 πιστῶς
3834 1649 3963 1709 τοὺς

2387 1748 2478 1796 καί
2538 1744 2636 1814 τὴν
2700 1743 2869 1814 ὀργὴν
2931 1743 3456 1812 ἁποφευξαμένους,
3493 1743 3551 1794 ἐν
3579 1741 3792 1804 τούτοις
3851 1745 3965 1804 τοῖς

726 1840 1026 1891 versentur,
1081 1830 1356 1896 inquibus
1385 1845 1483 1883 vos
1542 1827 1672 1880 olim
1705 1823 2096 1886 versabamini,
2152 1810 2333 1874 dumi

2387 1835 2567 1903 ἔργοις
2593 1810 2918 1904 *διατρίϐειν
2945 1873 2958 1896 ,
2999 1810 3063 1886 ἐν
3090 1828 3183 1902 ιοῖς
3225 1810 3295 1885 -τὺ
3344 1832 3572 1886 παλαιὸν
3625 1832 3922 1902 διετρίϐετε
3948 1873 3963 1894 ,

722 1921 887 1972 vitam
939 1919 1084 1970 illam
1130 1917 1398 1986 agebatis,
1436 1931 1598 1985 quam
1632 1931 1726 1969 vos
1767 1930 1830 1966 ex
1864 1919 1979 1965 toto
2012 1911 2284 1979 deponete

725 2022 1163 2063 commonemus.

797 2119 816 2150 ‹
853 2098 1236 2168 Exspoliautcs
1279 2110 1378 2150 vos
1408 2101 1644 2148 veterem
1685 2090 1960 2144 hominem
1994 2103 2117 2141 cum
2151 2085 2289 2139 acti-

726 2194 830 2247 bus
859 2192 994 2246 snis.
1031 2208 1048 2239 ι

789 2279 1100 2335 Generatim
1150 2288 1203 2332 ct
1235 2278 1289 2330 in
1344 2290 1557 2329 summa
1586 2274 1742 2338 dicit,
1776 2283 2021 2326 vetcrmn
2077 2284 2290 2323 morum

729 2373 1083 2427 mutationem
1130 2384 1250 2421 esse
1297 2368 1686 2422 necessariam.
1731 2365 2008 2417 Hominem
2037 2364 2180 2415 enim
2214 2378 2294 2414 rc-

729 2475 885 2518 terem
941 2470 1242 2527 nuncupat,
1291 2458 1587 2527 ingenitam
1650 2455 1863 2510 vivendi
1898 2454 2188 2510 rationem,
2227 2467 2295 2505 ex

728 2568 837 2624 quo
878 2553 1063 2621 lapsus
1099 2561 1181 2603 est
1206 2549 1394 2602 homo.

787 2643 954 2696 Vens.
992 2641 1175 2696 10-14.
1214 2639 1322 2691 «Et
1394 2639 1683 2692 induentes
1748 2655 1969 2705 novum,
2030 2657 2154 2695 eum
2205 2645 2296 2710 qui

730 2742 1028 2791 renovatur
1063 2734 1116 2786 in
1149 2732 1504 2800 agnitionem,
1531 2731 1832 2784 secundum
1853 2731 2156 2802 imaginem
2180 2734 2301 2802 ejus

729 2829 823 2898 qui
855 2827 1063 2881 creavit
1105 2826 1275 2878 illum.
1325 2822 1426 2877 Ubi
1465 2837 1573 2876 non
1610 2829 1692 2877 est
1731 2824 1950 2892 gentilis
1974 2833 2028 2879 et
2051 2825 2299 2891 Judaeus,

735 2921 1091 2975 circumcisio
1116 2928 1171 2971 et
1209 2917 1556 2985 praputium,
1590 2914 1887 2978 Barbarus,
1915 2916 2144 2988 Scytha,
2188 2936 2305 2972 ser-

730 3027 855 3071 vus,
887 3009 1042 3072 liber,
1071 3005 1230 3075 213
1260 3005 1354 3058 sed
1379 3005 1560 3058 omnia
1594 3005 1721 3058 etin
1741 3006 1995 3060 omnibus
2029 3006 2302 3062 Christus.

2387 1929 2475 1980 ὅτε
2512 1927 2607 1996 τὴν
2636 1926 2780 1994 ζωὴν
2810 1927 2985 1994 εἴχετε
3016 1924 3240 1994 ταύτην,
3269 1925 3336 1995 ἣν
3367 1923 3666 1979 ἀποθέσθαι
3723 1925 3966 1994 συμϐου-

2389 2019 2442 2070 λε
2455 2019 2639 2086 ύομεν.

2468 2128 2486 2158 ι
2532 2106 2994 2175 Ἀπεκδυσάμενοι
3015 2103 3107 2156 τὸν
3138 2104 3369 2158 παλαιὸν
3395 2105 3682 2176 ἄνθρωπον
3715 2107 3813 2158 σὺν
3845 2108 3966 2166 ταῖς

2394 2198 2659 2268 πράξεσιν
2691 2196 2878 2250 αὐτοῦ.
2913 2215 2930 2247 ι

2466 2289 2710 2341 Καθόλου
2766 2289 2913 2357 λέγει
2951 2290 3197 2343 συνελὼν
3261 2286 3563 2358 μεταϐολὴν
3588 2285 3695 2338 τῶν
3723 2284 3969 2338 παλαιῶν

2393 2378 2612 2448 τρόπων
2663 2379 2772 2430 δεῖν
2824 2378 3099 2446 γενέσθαι.
3146 2380 3496 2444 Ἄνθρωπον
3534 2377 3641 2445 γάρ
3678 2375 3826 2442 λέγει
3859 2391 3968 2427 πα·

2394 2468 2588 2532 λαιόν,
2617 2467 2709 2520 τὸν
2731 2469 2930 2537 τρόπον
2976 2468 3068 2520 τὸν
3105 2467 3295 2532 πάλαι,
3327 2467 3420 2519 τὸν
3447 2465 3555 2519 ἀπὸ
3582 2466 3679 2534 τῆς
3703 2462 3970 2526 πτώσεως

2398 2560 2691 2624 ὲπιγεγενη
2701 2558 2880 2625 μένον.

2477 2667 2495 2698 ι
2527 2650 2634 2700 Καὶ
2665 2649 3012 2717 ἐνδυσάμενοι
3043 2648 3133 2701 τὸν
3164 2648 3303 2708 νὲον,
3355 2649 3450 2700 τὸν
3504 2647 3972 2716 ἀνακαινούμενον

2400 2736 2478 2797 εἰς
2511 2735 2828 2800 ἐπίγνωσιν,
2872 2737 3000 2786 κατ’
3040 2736 3225 2788 εἰκόνα
3276 2734 3368 2787 τοῦ
3427 2735 3730 2797 κτίσαντος
3785 2737 3971 2796 αὐτον,

2402 2827 2535 2878 ὅπου
2561 2827 2662 2878 οὐκ
2702 2825 2780 2876 ἕνι
2808 2826 3009 2895 Ἕλλην
3072 2827 3169 2877 καὶ
3213 2824 3486 2889 Ἰουδαῖος,
3542 2827 3817 2897 περιτομὴ
3883 2831 3975 2880 καὶ

2405 2914 2769 2982 ἀκροϐυστία,
2811 2914 3105 2983 βάρϐαρος,
3158 2913 3395 2981 Σκύθης,
3418 2912 3620 2976 δοῦλος,
3668 2914 3972 2982 ἐλεύθερος,

2405 3006 2541 3058 ἀλλὰ
2574 3006 2643 3058 τὰ
2693 3006 2868 3057 πάντα
2919 3004 3014 3056 καὶ
3057 3004 3116 3054 ἐν
3164 3005 3299 3055 πᾶσι
3361 3003 3611 3075 Χριστός.
3651 3003 3976 3056 Ἐνδύσασθε

737 3100 946 3153 lnduite
977 3111 1104 3165 ergo
1145 3110 1242 3148 vos
1271 3095 1418 3148 sicut
1441 3095 1601 3148 electi
1654 3096 1770 3157 Dci,
1799 3097 1972 3149 sancti
2002 3109 2056 3150 et
2094 3097 2299 3160 dilecti,
2329 3147 2333 3174 η

2407 3098 2497 3148 οὖν
2525 3097 2598 3158 ώς
2657 3095 2904 3148 ἐκλεκτοὶ
2947 3095 3042 3147 τοῦ
3078 3095 3237 3159 Θεοῦ,
3299 3095 3445 3162 ἅγιοι
3486 3095 3580 3148 καὶ
3629 3099 3975 3166 ὴγαπημὲνοι

737 3191 946 3244 viscera
991 3186 1401 3248 misericordiae,
1445 3184 1870 3254 benignitatem,
1907 3187 2296 3249 humilitatem,

740 3279 1084 3338 modestiam,
1123 3276 1478 3344 patientiam;
1533 3284 1918 3343 supportantes
1951 3276 2208 3337 invicem,
2249 3283 2302 3329 et

739 3369 1006 3423 donantes
1051 3364 1486 3433 vobismetipsis,
1531 3365 1576 3416 si
1611 3364 1738 3432 quis
1769 3364 2036 3419 adversus
2067 3366 2303 3433 aliquem

743 3465 904 3517 habet
955 3460 1259 3530 querelam,
1293 3459 1440 3512 sicut
1482 3465 1536 3510 et
1565 3455 1822 3510 Christus
1853 3457 2083 3510 donavit
2116 3458 2297 3518 nobis,

744 3558 815 3608 ita
853 3563 908 3608 et
933 3569 1050 3606 vos.
1082 3550 1257 3620 Super
1279 3551 1460 3602 omnia
1490 3555 1670 3601 autem
1701 3549 1814 3602 hmo
1839 3548 2161 3602 charitatem
2201 3548 2300 3600 ha-

747 3647 886 3706 bete,
920 3657 1041 3711 (lita:
1077 3648 1162 3694 est
1185 3638 1462 3692 vinculum
1495 3637 1872 3706 perfectionis.
1907 3655 1925 3686 ι

809 3730 1278 3797 Quemadmodum
1312 3737 1533 3781 veterem
1585 3727 1842 3780 hominem
1874 3726 2029 3789 dicit,
2064 3729 2308 3796 pravita-

748 3833 853 3877 tem
888 3837 1007 3891 quze
1036 3821 1192 3874 nobis
1221 3834 1288 3871 ex
1339 3819 1491 3886 lapsu
1523 3817 1743 3878 accidit,
1774 3817 1854 3870 sic
1884 3828 1938 3870 et
1971 3832 2177 3870 novum
2208 3833 2306 3868 vo-

747 3922 858 3973 cat,
898 3925 1018 3964 eam
1066 3909 1191 3960 vita:
1227 3908 1518 3964 rationem,
1548 3919 1672 3972 quae
1716 3907 1787 3958 sit
1825 3904 2131 3958 secundum
2153 3905 2312 3957 Chri-

748 4011 928 4067 stum;
961 4014 1063 4068 qua
1099 3999 1156 4050 lit
1187 4007 1245 4050 ut
1277 4010 1467 4049 omnes
1519 3994 1725 4048 Christi
1770 3995 1882 4048 sint
1941 3996 2310 4056 aemulatores,

750 4093 866 4146 sive
895 4090 1018 4159 quis
1047 4087 1267 4141 Judaaus
1297 4085 1549 4151 exsistat,
1604 4085 1719 4138 sive
1751 4085 1996 4146 Graecus,
2023 4085 2138 4137 sive
2178 4084 2312 4137 Bar-

751 4184 941 4244 barus,
988 4179 1105 4234 sive
1140 4179 1280 4232 liber
1315 4194 1329 4229 :
1361 4190 1501 4245 quos
1527 4189 1720 4230 omnes
1740 4176 1862 4243 ejus
1884 4175 2302 4230 similitudinem

751 4273 864 4325 vult
887 4271 1212 4338 exprimere.

827 4357 992 4410 Vens.
1045 4355 1226 4409 15-25.
1258 4372 1277 4405 ι
1307 4355 1385 4408 Ex
1417 4369 1518 4423 pax
1553 4352 1652 4406 Dei
1686 4353 1921 4406 exsultet
1963 4353 2017 4405 in
2049 4351 2317 4406 cordibus

2406 3186 2689 3253 σπλάγχνα
2715 3185 3026 3254 οἰκτιρμοῦ,
3050 3187 3418 3254 χρηστόυητα,
3441 3187 3974 3255 ταπ-ινοφροσύνην,

2404 3276 2704 3343 πραότητα,
2739 3275 3136 3342 μακροθυμίαν,
3195 3275 3516 3344 ἀνεχόμειοι
3589 3274 3859 3343 ἀλλήλων,
3886 3277 3979 3327 καὶ

2404 3368 2749 3436 χαριζόμενοι
2790 3367 3021 3428 ἑαυτοῖς,
3060 3367 3155 3418 ἐάν
3195 3382 3279 3427 τις
3333 3367 3469 3436 πρός
3513 3382 3633 3417 τινα
3687 3365 3786 3436 ἔχῃ
3839 3383 3980 3434 μομ-

2407 3457 2531 3526 φὴν,
2564 3455 2746 3517 καθὼς
2804 3457 2952 3508 καὶὸ
2985 3455 3220 3525 Χριστὸς
3282 3456 3576 3525 ἐχαρίσατο
3627 3457 3779 3523 ὑμῖν,
3839 3455 3982 3508 οὕτω

2407 3549 2502 3602 καὶ
2529 3550 2703 3617 ὑμεῖς.
2743 3549 2863 3600 Ἐπὶ
2924 3548 3132 3600 πᾶσιδὲ
3161 3547 3367 3609 τούτοις
3418 3549 3518 3619 τὴν
3568 3549 3809 3616 ἀγάπην,
3861 3549 3981 3618 ἥτις

2408 3639 2525 3690 ἐστὶ
2559 3637 2854 3706 σύνδεσμος
2885 3637 2982 3705 τῆς
3010 3635 3348 3706 τελειότητος
3398 3654 3417 3687 ι

2485 3729 2692 3798 ’Ὠσπερ
2719 3727 2975 3781 παλαιὸν
3003 3728 3334 3794 ἄνθρωπον,
3368 3727 3469 3797 τὴν
3507 3727 3772 3797 πονηρίαν
3799 3729 3984 3780 ἐπεισ-

2410 3820 2670 3872 ελθοῦσαν
2701 3822 2829 3888 ἡμῖν
2869 3821 2932 3871 ἐκ
2966 3819 3066 3887 τῆς
3095 3817 3355 3882 πτώσεως
3392 3819 3563 3885 λέγει,
3593 3819 3735 3871 οὕτω
3773 3820 3981 3880 καινὸν,

2411 3908 2510 3978 τὴν
2540 3907 2682 3960 κατὰ
2728 3905 2962 3976 Χριστὸν
3009 3905 3406 3970 πολιτείαν,ώς
3439 3906 3645 3967 πάντας
3696 3903 3833 3958 εἶναι
3898 3925 3985 3975 μι-

2421 3998 2596 4067 μητὰς
2628 3994 2886 4066 Χριστοῦ,
2912 3993 3050 4048 καθὸ
3074 3995 3168 4047 καὶ
3195 3996 3251 4046 ἐν
3267 3995 3500 4064 Ἰουδαίῳ
3519 4036 3533 4059 ,
3566 3995 3660 4048 καλ⁵
3681 3996 3739 4046 ἐν
3761 3996 3982 4064 Ἕλληνι

2418 4092 2513 4141 καὶ
2544 4086 2836 4158 Βαρϐάρῳ,
2883 4086 2978 4136 καὶ
3020 4088 3078 4138 ἐν
3097 4085 3287 4155 δούλῳ,
3317 4085 3408 4148 οὓς
3452 4085 3770 4155 ὁμοιώματα
3816 4087 3981 4140 αὐτοῦ

2416 4181 2625 4240 πάντας
2649 4178 2792 4230 θέλει
2817 4176 3090 4244 γενέσθαι.

2516 4375 2534 4406 ι
2577 4358 2684 4408 Καὶ
2718 4358 2751 4425 ἡ
2781 4357 2970 4424 εἰρήνη
2991 4354 3085 4407 τοῦ
3111 4353 3244 4407 Θεοῦ
3275 4353 3588 4424 βραϐευέτω
3611 4355 3669 4407 ἐν
3689 4357 3809 4417 ταῖς
3858 4371 3986 4424 καρ-

754 4449 974 4512 vestris,
1032 4448 1086 4502 in
1121 4461 1228 4515 qua
1261 4455 1316 4499 et
1347 4445 1676 4499 vocatiestis
1711 4446 1764 4497 in
1799 4459 1910 4498 uno
1935 4458 2198 4512 corpore,
2257 4451 2312 4497 et

2380 4448 2553 4508 ιδίαις
2605 4446 2779 4515 ὑμῶν,
2835 4447 2918 4508 εἰς
2953 4448 3022 4515 ἢν
3066 4444 3335 4514 ἐκλήθητε
3369 4447 3426 4496 ὲν
3457 4446 3538 4496 ἐνὶ
3604 4447 3836 4512 σώματι,
3897 4447 3988 4497 καὶ

756 4538 894 4606 grati
960 4543 1156 4589 estote.
1213 4531 1454 4586 Verbum
1504 4532 1712 4586 Christi
1776 4532 1988 4585 habitet
2057 4531 2112 4584 in
2165 4531 2318 4584 vobis

758 4623 1106 4679 abundanter
1133 4625 1184 4676 in
1204 4622 1354 4675 omni
1387 4621 1674 4689 sapientia,
1711 4621 1979 4674 docentes
1997 4630 2053 4673 et
2072 4635 2316 4674 commo-

760 4722 954 4768 nentes
989 4713 1378 4780 vosmetipsos,
1443 4711 1696 4780 psalmis,
1725 4709 1968 4778 hymnis,
1997 4718 2053 4762 et
2081 4710 2316 4762 canticis

761 4802 1163 4870 spiritualibus,
1203 4801 1258 4852 in
1292 4799 1470 4868 gratia
1510 4805 1797 4853 cantantes
1849 4798 1904 4850 in
1932 4796 2100 4849 corde
2132 4807 2321 4851 vestro

763 4891 1014 4945 Domino.
1044 4889 1108 4944 Et
1146 4904 1305 4942 onme
1331 4888 1701 4958 quodcunque
1734 4887 1918 4941 facitis
1958 4887 2012 4938 in
2042 4887 2238 4948 verbo,
2268 4894 2323 4940 et

765 4985 820 5038 in
885 4997 1068 5052 opere.
1119 4981 1303 5035 omnia
1351 4981 1406 5034 in
1443 4981 1664 5034 nomine
1703 4977 2323 5047 DominiJcsu,gratias

765 5079 990 5142 agentes
1040 5071 1148 5124 Deo
1165 5079 1219 5124 et
1252 5070 1398 5123 Patri
1425 5086 1517 5138 per
1546 5072 1747 5139 ipsum.
1777 5067 2054 5130 Mulieres,
2096 5068 2327 5120 subditae

767 5170 943 5216 estote
965 5161 1098 5214 viris
1128 5162 1357 5223 vestris,
1382 5161 1524 5214 sicut
1551 5166 1786 5226 oportet,
1823 5158 1878 5210 in
1911 5159 2161 5211 Domino.
2180 5156 2323 5222 Viri,

769 5251 982 5318 diligite
1026 5265 1231 5303 uxores
1281 5257 1591 5312 vestras,et
1623 5249 1792 5302 nolite
1832 5249 2005 5301 amari
2041 5263 2166 5302 esse
2196 5249 2325 5302 illis.

774 5340 917 5402 Filii,
979 5339 1200 5393 obedite
1256 5339 1588 5402 parentibus
1640 5353 1734 5406 per
1780 5339 1985 5391 omnia.
2018 5336 2133 5390 lioc
2186 5339 2330 5392 enim

774 5428 1030 5498 placitum
1063 5434 1148 5478 est
1177 5426 1228 5478 in
1252 5423 1504 5478 Domino.
1525 5424 1598 5477 Pa
1614 5432 1748 5487 tres,
1780 5424 1952 5478 nolite
1983 5424 2050 5477 ad
2083 5425 2334 5492 indigna-

772 5519 977 5571 tionem
1040 5530 1334 5583 provocare
1386 5514 1528 5568 ﬁlios
1557 5523 1796 5573 vestros.
1863 5523 1924 5566 ut
1976 5530 2083 5567 non
2133 5515 2334 5583 pusillo

775 5608 958 5661 animo
1005 5605 1151 5660 ﬁant.
1208 5606 1386 5669 Servi,
1448 5606 1664 5661 obedite
1694 5621 1790 5674 per
1848 5606 2033 5658 omnia
2090 5606 2334 5659 dominis

777 5697 1114 5758 carnalibus,
1152 5711 1260 5750 non
1295 5695 1362 5749 ad
1409 5696 1630 5752 oculum
1689 5697 2011 5760 servientes,
2045 5696 2204 5763 quasi
2237 5697 2334 5747 ho-

2419 4533 2729 4600 εὐχάριστοι
2762 4531 2997 4598 γίνεσθε.
3046 4531 3104 4582 Ὀ
3121 4531 3277 4598 λόγος
3315 4529 3409 4580 τοῦ
3445 4531 3682 4599 Χριστοῦ
3712 4535 3988 4585 ἐνοικείτω

2420 4622 2478 4672 ἐν
2502 4621 2629 4690 ὑμῖν
2658 4621 2926 4683 πλουσίως
2946 4623 3002 4672 ἐν
3029 4622 3178 4691 πάσῃ
3233 4621 3415 4688 σοφία,
3470 4621 3832 4685 διδάσκοντες,
3899 4627 3991 4676 καὶ

2421 4711 2804 4772 νουθετοῦντες
2835 4712 3082 4773 ἐαυτοὺς,
3123 4711 3379 4780 ψαλμοῖς,
3431 4713 3524 4762 καὶ
3561 4712 3769 4780 ὕμνοις,
3803 4716 3898 4766 καὶ
3920 4716 3990 4783 ᾠ-

2421 4804 2535 4865 δαῖς
2564 4804 2983 4870 πνευματικαῖς,
3038 4805 3094 4852 ὲν
3135 4803 3318 4871 χάριτι
3358 4803 3571 4871 ᾅδοντες
3601 4805 3656 4854 ὲν
3691 4807 3756 4870 τῇ
3797 4806 3993 4874 καρδία

2425 4890 2576 4960 ὑμῶν
2605 4891 2682 4959 τῷ
2712 4891 2919 4959 Κυρίῳ.
2945 4891 3051 4940 Καὶ
3099 4893 3205 4941 πᾶν
3251 4891 3278 4941 ὃ
3313 4907 3361 4940 τι
3416 4891 3480 4941 ἂν
3518 4891 3704 4956 ποιῆτε
3735 4894 3792 4941 ἐν
3823 4892 3989 4960 λόγῳ,

2425 4983 2457 5051 ἦ
2487 4983 2543 5033 ἐν
2567 4982 2733 5050 ἔργῳ,
2785 4983 2962 5034 πάντα
2994 4983 3050 5032 ἐν
3078 4982 3300 5050 ὀνόματι
3352 4983 3557 5050 Κυρίου
3605 4982 3800 5050 Ἰησοῦ,
3834 4985 3991 5051 εὐχα-

2429 5069 2738 5139 ριστοῦντες
2757 5070 2831 5137 τῷ
2855 5070 2971 5138 6εῲ
3001 5070 3097 5122 καὶ
3122 5071 3296 5138 Πατρὶ
3325 5070 3389 5122 δι’
3419 5072 3602 5123 αὑτοῦ.
3625 5073 3689 5124 Ai
3715 5090 3781 5138 γυ
3793 5076 3991 5137 ναῖκες,

2430 5160 2794 5213 ὑποτάσσεσθε
2830 5165 2944 5222 τοῖς
2974 5163 3121 5224 ἰδίοις
3165 5165 3410 5233 ἀνδράσι,
3447 5165 3519 5225 ὡς
3548 5165 3769 5232 ἀνῆκεν,
3796 5166 3854 5215 ἐν
3891 5167 3996 5216 Κυ-

2435 5254 2550 5321 ρίῳ.
2577 5253 2639 5304 Οἱ
2669 5252 2880 5321 ἄνδρες,
2913 5255 3160 5319 ἀγαπᾶτε
3209 5256 3307 5317 τάς
3362 5257 3643 5320 γυναῖκας,
3684 5258 3776 5305 καί
3810 5254 3885 5322 μὴ
3913 5274 3997 5306 πι-

2433 5339 2721 5408 κραίνεσθε
2769 5340 2906 5408 πρὸς
2941 5341 3132 5402 αὐτάς.
3190 5341 3271 5393 Τὰ
3322 5343 3506 5405 τέκνα,
3540 5341 3841 5393 ὑπακούετε
3890 5347 3996 5402 τοῖς

2432 5427 2647 5495 γονεῦσι
2699 5430 2839 5479 κατά
2902 5430 3101 5482 πάντα.
3147 5431 3317 5482 Τοῦτο
3357 5432 3464 5499 γάρ
3504 5433 3654 5482 ἐστιν
3707 5432 3996 5500 εὐάρεστον

2436 5523 2491 5571 ἐν
2527 5519 2733 5588 Κυρίῳ.
2765 5522 2824 5571 Οἱ
2863 5521 3114 5590 πατέρες,
3147 5522 3220 5589 μὴ
3245 5521 3517 5590 ἐρεθίζετε
3548 5523 3614 5572 τά
3636 5522 3801 5572 τέκνα
3825 5522 3993 5589 ὑμῶν,

2435 5609 2518 5659 ἵνα
2548 5607 2622 5676 μὴ
2649 5609 2949 5676 ἀθυμῶσιν.
2983 5612 3048 5661 Oi
3091 5611 3285 5674 δοῦλοι,
3311 5611 3611 5664 ὑπακούετε
3655 5611 3794 5662 κατά
3825 5613 3995 5662 πάντα

2438 5703 2546 5760 τοῖς
2578 5699 2720 5750 κατά
2747 5701 2924 5769 σάρκα
2960 5702 3184 5769 κυρίοις,
3220 5702 3292 5771 μὴ
3338 5704 3394 5754 ἐν
3421 5701 3898 5771 ὀφθαλμοδουλείᾳ,
3924 5702 3994 5762 ὡς
