4214 6446
170 450 268 512 901

1210 436 1289 494 ΙΝ
1334 432 1572 494 EPIST.
1614 429 1712 487 AD
1746 419 2276 482 lii')l.OS:1E\':%l§<.

3316 419 3420 485 902

171 560 649 630 ἀνθρωπάρεσκοι,
679 554 795 609 ἀλλ’
821 554 879 605 ἐν
911 551 1178 616 ἁπλότητι
1203 545 1448 617 καρδίας,
1485 539 1755 611 φοϐούμεο

1860 538 2099 591 minibus
2150 538 2447 606 placentes,
2481 536 2574 589 sed
2604 536 2661 589 in
2711 536 3072 606 simplicitate
3112 534 3319 599 cordis,
3354 538 3423 589 ti-

172 673 253 705 νοι
282 629 373 702 τὸν
412 649 567 701 Θεόν.
611 647 720 700 Καὶ
752 645 860 697 πᾶν
913 643 941 695 δ
991 658 1044 693 τι
1096 641 1192 693 ἐὰν
1220 640 1434 705 ποιῆτε,
1471 636 1534 686 ὲκ
1576 629 1753 699 ψυχῆς

173 741 495 810 ἐργάζεσθε.
525 738 599 799 ὼς
628 735 706 804 τῷ
739 735 949 804 Κυρίῳ,
1002 732 1095 785 καὶ
1144 730 1242 782 οὐκ
1294 723 1625 795 ἀνθρώποις,
1674 723 1751 773 εἰ·

172 835 326 894 δότες
351 834 432 883 ὅτι
472 828 580 880 ἀπὸ
624 826 834 894 Κυρίου
861 822 1099 890 λήψεσθε
1131 818 1231 888 τὴν
1268 814 1625 869 ἀνταπόδοσιν
1657 811 1754 877 τῆς

174 921 581 992 κληρονομίας·
632 918 711 987 τῷ
750 915 862 985 γάρ
923 913 1115 982 Κυρίῳ
1167 907 1389 980 Χριστῷ
1451 904 1750 959 δουλεύετε.

186 1015 247 1064 Ὀ
293 1011 350 1063 δὲ
400 1008 623 1069 ἀδικῶν.
669 1007 942 1076 κομιεῖται
988 1002 1018 1054 ὃ
1049 1002 1299 1070 ἠδίκησε,
1347 998 1442 1049 καὶ
1484 997 1581 1048 οὐκ
1639 993 1754 1045 ἔστι

177 1097 632 1169 προσωποληψία.
661 1114 680 1147 ι

786 1226 1038 1279 ΚΕΦΛΛ.
1074 1227 1147 1277 Δ’.

249 1367 313 1418 Οἱ
341 1364 542 1433 κύριοι,
566 1361 629 1413 τὸ
661 1359 871 1411 δίκαιον
901 1358 995 1410 καὶ
1032 1356 1129 1424 τὴν
1163 1352 1381 1421 ἰσότητα
1414 1350 1525 1409 τοῖς
1546 1345 1753 1407 δούλοις

177 1456 521 1525 παρέχεσθε,
554 1452 776 1515 ειδότες,
805 1451 886 1502 ὅτι
923 1448 1019 1500 καὶ
1066 1447 1231 1515 ὑμεῖς
1278 1443 1432 1511 ἔχετε
1461 1438 1666 1508 Κύριον
1696 1439 1753 1489 ἐν

174 1549 456 1617 οὐρανοῖς.
525 1545 604 1613 Τῇ
660 1544 942 1614 προσευχῇ
1004 1536 1491 1609 προσκαρτερεῖτε,
1552 1543 1755 1599 γρηγο-

180 1640 405 1707 ροῦντες
438 1640 494 1691 ἐν
528 1638 667 1704 αὐτῇ
698 1638 753 1686 ὲν
783 1633 1130 1703 εὐχαριστία,
1158 1628 1595 1698 προσευχόμενοι
1640 1625 1756 1693 ἅμα

177 1735 276 1785 καὶ
313 1733 442 1800 περὶ
461 1728 639 1799 ἡμῶν,
670 1728 760 1781 ἵνα
781 1729 809 1779 ὁ
836 1727 969 1788 Θεὸς
1030 1724 1221 1794 ἀνοίξῃ
1283 1724 1416 1791 ἡμῖν
1447 1719 1617 1789 θύραν
1660 1716 1756 1770 τοῦ

176 1827 367 1887 λόγου,
408 1821 635 1890 λαλῆσαι
661 1820 722 1871 τὸ
754 1818 1058 1888 μυστήριον
1115 1814 1209 1867 τοῦ
1258 1812 1521 1885 Χριστοῦ,
1555 1811 1635 1863 διὸ
1665 1809 1760 1862 καὶ

177 1914 424 1981 δέδεμαι,
459 1912 548 1964 ἵνα
596 1908 900 1978 φανερὼσω
936 1905 1088 1969 αὐτὸ,
1136 1905 1213 1966 ὡς
1246 1903 1327 1955 δεῖ
1361 1920 1427 1973 με
1452 1901 1705 1969 λαλῆσαι.
1732 1917 1749 1947 ι

258 2088 372 2138 Καὶ⁵
411 2085 473 2137 τὸ
498 2086 789 2154 εἰρηναῖον,
844 2081 1027 2152 φησὶν,
1069 2081 1133 2132 ἐκ
1174 2078 1400 2150 καρδίας
1449 2077 1608 2136 ἔστω,
1664 2075 1760 2127 καὶ

184 2184 249 2231 ἐκ
306 2179 533 2247 καρδίας
579 2176 872 2246 κρατείτω,
906 2174 980 2244 μὴ
1033 2173 1204 2239 λόγων
1255 2172 1494 2231 ἀπάταις
1545 2168 1761 2220 δοκούν-

184 2289 291 2322 των
318 2267 705 2321 ἐπιτελεῖσθαι.
742 2266 992 2317 Ἀπαιτεῖ
1019 2263 1127 2334 γάρ
1161 2261 1258 2331 τὴν
1300 2260 1387 2312 διὰ
1410 2259 1509 2327 τῆς
1534 2257 1757 2327 εἰρήνης

186 2363 380 2413 ἕνωσιν
434 2358 529 2411 τοῦ
579 2357 697 2419 ἑνὸς
756 2356 1005 2425 σώματος
1066 2355 1293 2421 ἑνότης,
1359 2352 1437 2414 εἰς
1484 2350 1513 2402 ὃ
1560 2349 1759 2410 πάντες

186 2450 568 2521 ἀνειλήμμεοα
613 2448 864 2518 δυνάμει,
922 2440 1058 2516 ὅπερ
1112 2446 1230 2498 ἐστὶ
1284 2444 1439 2513 σῶμα
1496 2441 1590 2495 τοῦ
1632 2442 1762 2510 Χρι-

189 2560 339 2596 στου.

344 2633 434 2685 Ἐν
470 2633 629 2701 σοφίᾳ
659 2632 1013 2703 περιπατεῖτε
1037 2628 1170 2697 πρὸς
1198 2629 1325 2689 τοὺς
1370 2627 1497 2691 ἔξω,
1519 2624 1610 2676 τὸν
1641 2640 1762 2676 και-

196 2723 284 2792 ρὸν
344 2721 822 2790 ἐξαγοραζόμενοι.
878 2721 939 2771 'U
978 2719 1136 2786 λόγος
1204 2717 1357 2786 ὑμῶν
1424 2715 1655 2769 πάντοτε
1707 2716 1765 2766 ἐν

196 2813 375 2882 χάριτι
405 2852 420 2874 ,
468 2811 627 2863 ἆλατι
682 2810 1016 2879 ἠρτυμένος,
1075 2808 1270 2859 εἰδέναι
1333 2804 1451 2868 πῶς
1494 2805 1575 2856 δεῖ
1624 2803 1764 2871 ὑμᾶς

197 2903 274 2954 ἐνὶ
296 2903 511 2969 ἑκάστῳ
537 2900 947 2969 ἀποκρίνεσθαι.
980 2897 1061 2950 Τά
1103 2898 1225 2948 κατ’
1275 2895 1375 2965 ἐμὲ
1415 2896 1598 2946 πάντα
1625 2909 1768 2957 γνω-

194 2993 339 3061 ρίσει
381 2993 530 3059 ὑμῖν.
562 3008 580 3041 ι

271 3082 383 3149 Τὴν
442 3077 820 3149 συνδιατριὸὴν
882 3075 989 3128 τῶν
1054 3074 1302 3126 ἀπίστων
1353 3070 1576 3139 φιλικὴν
1629 3065 1767 3121 εἶναι

1861 633 2075 678 mentes
2113 625 2304 679 Deum.
2339 625 2724 694 Quodcunque
2763 626 2967 688 facitis,
2990 640 3054 678 ex
3081 626 3266 676 animo
3298 640 3423 693 ope-

1858 717 2081 777 ramini.
2116 717 2263 771 sicut
2287 716 2539 781 Domino,
2574 726 2627 770 et
2661 732 2769 769 non
2798 717 3151 781 hominibus;
3185 715 3423 769 scientes

1856 809 2000 877 quod
2038 824 2067 860 a
2101 808 2328 860 Domino
2359 808 2643 877 accipietis
2674 808 3095 861 retributionem
3128 805 3418 857 liaaredita-

1857 901 1926 954 tis
1962 918 1974 953 :
2019 915 2141 953 nam
2204 898 2436 953 Domitio
2465 900 2688 954 Christo
2714 898 2952 953 servitis.
2984 896 3086 961 Qui
3113 907 3293 949 autem
3322 895 3426 947 iiii-

1859 1007 2003 1061 qiius
2027 1001 2131 1055 est,
2165 991 2391 1058 recipiet
2414 991 2466 1041 iil
2503 991 2646 1058 quod
2680 991 2862 1058 inique
2886 988 3051 1056 gessit
3079 1003 3091 1036 :
3120 996 3173 1041 et
3206 1001 3311 1040 non
3345 992 3429 1039 est

1862 1096 2225 1151 personarum
2256 1080 2505 1149 aet-eptio
2530 1080 2671 1149 apud
2704 1079 2893 1134 Deum.
2939 1097 2958 1129 ι

2495 1212 2647 1269 CAP.
2682 1212 2769 1268 IV.

1936 1350 2098 1405 Vsus.
2143 1352 2193 1413 l,
2219 1352 2271 1404 4.
2322 1371 2339 1403 ι
2371 1350 2608 1411 Domini,
2628 1346 3100 1416 quodjustumest
3130 1352 3183 1398 et
3211 1358 3428 1413 aequum

1862 1447 2038 1501 servis
2095 1452 2386 1512 praestate;
2424 1443 2665 1497 scientes
2719 1437 2864 1507 quod
2928 1445 2982 1489 et
3011 1450 3108 1489 vos
3139 1434 3429 1488 Dominum

1864 1535 2078 1590 habetis
2111 1536 2162 1586 iii
2198 1535 2374 1588 cmlis.
2407 1531 2660 1586 Orationi
2697 1528 2920 1588 instate,
2957 1526 3247 1595 vigilantes
3288 1525 3339 1577 iii
3367 1538 3431 1576 ea

1863 1628 1915 1680 iii
1945 1626 2245 1694 gratiarum
2278 1625 2497 1678 actione
2523 1640 2536 1675 :
2566 1627 2791 1674 orantes
2823 1617 2983 1671 simul
3014 1625 3067 1670 et
3114 1632 3212 1685 pro
3242 1616 3427 1677 nobis,

1865 1726 1923 1771 ut
1952 1717 2096 1771 Deus
2128 1715 2336 1784 aperiat
2366 1715 2525 1767 nobis
2562 1712 2769 1784 ostiuni
2793 1708 3091 1770 sermonis,
3115 1707 3179 1759 ad
3211 1707 3437 1773 loquen-

1865 1812 1992 1863 dum
2033 1780 2351 1879 mysterium
2400 1804 2604 1858 Christi
2655 1780 2919 1874 (propter
2955 1798 3102 1868 quod
3124 1792 3289 1849 etiam
3318 1796 3437 1847 viu-

1864 1909 1987 1952 ittiis
2008 1897 2177 1967 sum),
2215 1904 2274 1950 ut
2307 1894 2653 1949 manifestem
2687 1892 2843 1957 illud,
2876 1892 2949 1945 ita
2995 1901 3054 1942 ut
3086 1894 3305 1956 oportet
3349 1899 3438 1939 me

1866 1992 2041 2059 loqiii.
2084 2010 2103 2042 s

1941 2083 2012 2136 lis
2062 2096 2184 2150 qua:
2218 2086 2348 2134 sunt
2380 2077 2554 2147 pacis,
2587 2073 2788 2143 inquit,
2816 2087 2883 2126 ex
2915 2072 3099 2124 animo
3122 2068 3438 2130 studeatur,

1871 2188 2049 2241 eaque
2096 2187 2158 2226 ex
2215 2170 2426 2223 intimis
2478 2166 2937 2225 corroborentur,
2972 2175 3147 2229 neque
3205 2157 3439 2212 fallaciis

1867 2267 2159 2319 verborum
2182 2262 2370 2330 specie
2405 2267 2567 2313 tenus
2594 2264 2947 2326 praestentur.
2981 2248 3437 2318 Coujunctioneui

1867 2358 2011 2411 eiiiiii
2040 2368 2161 2422 qua:
2199 2366 2330 2420 pace
2362 2350 2668 2409 sanciatur,
2706 2342 2947 2414 postulat
2978 2342 3164 2394 unitas
3184 2337 3439 2407 corporis

1870 2446 2055 2505 unius,
2092 2444 2145 2496 in
2192 2440 2338 2511 quod
2393 2452 2589 2492 omnes
2640 2435 2842 2488 virtute
2878 2428 3148 2498 assiimpti
3189 2440 3386 2481 siiiiius
3426 2446 3436 2478 :

1872 2538 2081 2603 hocque
2122 2542 2208 2589 cst
2232 2546 2437 2599 corpus
2468 2525 2700 2582 Christi.

1947 2600 2110 2680 νεεδ.
2164 2623 2281 2678 5-7.
2325 2639 2342 2671 ι
2383 2621 2441 2673 In
2499 2615 2767 2687 sapientia
2806 2609 3079 2665 ambulate
3122 2605 3189 2659 ad
3222 2618 3318 2659 eos
3349 2600 3444 2670 qui

1872 2718 2007 2773 foris
2039 2722 2190 2777 sunt,
2221 2724 2433 2781 tempus
2465 2709 2814 2763 redimentes.
2859 2702 3056 2757 Sermo
3088 2705 3270 2752 vester
3293 2710 3439 2748 sem-

1872 2824 1970 2877 per
2000 2808 2053 2859 iii
2083 2804 2259 2875 gratia
2288 2802 2405 2855 sale
2434 2799 2506 2853 sit
2530 2798 2811 2857 conditus,
2846 2799 2905 2845 iit
2942 2788 3131 2844 sciatis
3160 2786 3446 2854 quomodo

1859 2906 2124 2969 .oporteiit
2147 2910 2250 2949 vos
2278 2891 2587 2959 unicuique
2623 2884 2978 2955 respondere.
3015 2880 3148 2945 Quae
3179 2879 3330 2931 circa
3362 2888 3447 2928 me

1876 3004 2023 3054 sunt,
2064 2988 2247 3043 omnia
2277 2984 2437 3038 vobis
2474 2988 2599 3035 nota
2644 2977 2831 3032 faciet.
2866 2994 2883 3025 ι

1948 3080 2076 3133 Vult
2139 3086 2198 3131 ut
2229 3092 2353 3129 ciiiii
2426 3069 2745 3127 infidelibus
2779 3065 2959 3120 amice
3012 3074 3444 3121 commoremur,

196 3172 449 3241 βούλεται
475 3170 636 3239 μέχρι
673 3168 770 3237 τῆς
794 3169 976 3236 κοινῆς
1008 3163 1215 3233 ταύτης
1248 3161 1453 3228 φιλίας.
1486 3161 1631 3221 Ἕως
1660 3161 1763 3229 γὰρ

1877 3170 2158 3227 communi
2216 3168 2321 3219 hac
2380 3158 2806 3216 aiiiicitia.Nam
2865 3154 3263 3224 qiiaiidiiicum
3290 3150 3442 3218 ejus-

198 3264 468 3330 σύνεσμεν
524 3263 634 3321 τοῖς
692 3258 985 3317 τοιούτοις,
1031 3253 1321 3325 εἰρηνικῶς
1383 3254 1620 3304 συνεῖναι
1661 3251 1769 3315 δεῖ,

196 3355 387 3422 ἐπειδὴ
405 3353 543 3421 μετὰ
568 3348 725 3403 τοῦτο
752 3349 906 3400 ἔσται
934 3346 996 3398 τό
1014 3363 1027 3376 ·
1051 3346 1211 3399 Κατὰ
1236 3345 1429 3411 μόνας
1460 3342 1550 3393 ἐπ’
1576 3341 1775 3393 ἐλπίδι

198 3442 557 3509 κατῴκησάς
580 3458 676 3509 με.

273 3553 293 3584 ι
334 3534 589 3602 Τυχικὺς,
622 3534 650 3583 ὁ
687 3530 967 3599 ἀγαπητὸς
1005 3530 1253 3597 ἀδελφὸς,
1286 3530 1382 3580 καὶ
1419 3528 1607 3588 πιστὸς
1657 3525 1773 3577 διά-

200 3642 394 3686 κονος,
449 3624 541 3676 καλ⁵
577 3622 860 3682 σύνδουλος
916 3624 973 3672 ὲν
1017 3620 1237 3690 Κυρίῳ,
1281 3619 1340 3671 ὃν
1366 3618 1593 3687 ἔπεμψα
1639 3616 1776 3685 πρὸς

201 3718 350 3786 ὑμᾶς
379 3714 481 3777 ,εἰς
537 3713 671 3764 αὐτὸ
723 3710 902 3774 τοῦτο,
966 3712 1053 3763 ἵνα
1094 3711 1209 3779 γνῷ
1242 3727 1300 3762 τε
1340 3711 1407 3761 τὰ
1437 3710 1567 3778 περὶ
1600 3706 1775 3776 ὑμῶν,

201 3807 300 3863 καὶ
330 3804 691 3874 παρακαλέσῃ
736 3804 836 3866 τὰς
875 3802 1101 3872 καρδίας
1143 3803 1296 3870 ὑμῶν
1357 3805 1455 3854 σὺν
1498 3800 1779 3869 Ὀνησίμῳ

203 3898 280 3965 τῷ
320 3894 497 3963 πιστῷ
546 3896 639 3946 καὶ
686 3893 960 3963 ἀγαπητῷ
1014 3893 1250 3961 ἀδελφῷ,
1272 3894 1328 3955 ὃς
1352 3894 1501 3945 ἐστιν
1523 3891 1581 3955 ἐξ
1602 3893 1777 3960 ὑμῶν.

207 3987 394 4038 Πάντα
425 3984 553 4053 ὑμῖν
586 3983 911 4051 γνωρίσουσι
931 3984 998 4034 τὰ
1019 3977 1143 4037 ὦδε.
1181 3982 1511 4044 Ἀσπάζεται
1542 3982 1710 4051 ὑμᾶς.
1756 4001 1773 4031 ι

292 4156 545 4219 Ἀσιανὸς
577 4156 716 4225 ἀνὴρ
744 4154 1029 4208 ἀπολιπὼν
1082 4156 1182 4225 τὴν
1222 4157 1478 4223 πατρίδα,
1537 4158 1627 4208 καὶ
1662 4158 1782 4208 nixo-

204 4254 414 4307 λουθῶν
446 4251 523 4322 τῷ
556 4251 883 4321 ’Λποστόλῳ.
917 4252 1008 4303 Διὸ
1034 4252 1125 4302 καὶ
1153 4251 1463 4317 ἀγαπητὸν
1489 4250 1780 4318 ἀδελφὸν.

206 4348 303 4399 καί
333 4346 550 4398 πιστὸν
588 4343 895 4404 διάκονον,
962 4342 1057 4394 καί
1108 4340 1459 4395 σύνδουλοι·
1488 4341 1558 4393 ἐν
1586 4341 1783 4408 Κυρίῳ

207 4439 386 4500 καλεῖ,
422 4438 515 4488 καὶ
537 4433 923 4501 διδασκαλικῆς
978 4432 1198 4503 χάριτος
1249 4432 1605 4500 τετυχηκότα.
1666 4433 1783 4483 Δεί-

1876 3262 2024 3315 niodi
2086 3258 2403 3313 hominibus
2464 3266 2772 3314 versamur,
2827 3246 3055 3315 pacifice
3118 3258 3219 3296 nos
3282 3255 3447 3310 agere

1877 3360 2091 3421 oportet
2118 3369 2130 3403 :
2164 3348 2400 3417 posthac
2431 3344 2579 3397 enim
2640 3341 2729 3394 ﬁet
2782 3336 2915 3415 illud
2943 3353 2956 3390 :
3004 3333 3359 3403 Singulariter
3392 3332 3451 3383 in

1878 3460 1966 3512 sps
1994 3440 2316 3495 constituisti
2345 3453 2423 3490 me
2450 3436 2516 3487 τί.

1954 3550 1973 3583 i
1999 3531 2293 3601 Tycliicus,
2346 3522 2712 3578 charissiuiits
2745 3519 2938 3581 frater,
2986 3524 3042 3571 et
3074 3514 3247 3569 fidelis
3278 3513 3448 3566 mini-

1881 3632 1994 3677 ster
2029 3629 2083 3673 et
2124 3630 2428 3671 conservus
2466 3615 2518 3667 iii
2549 3611 2776 3664 Domino
2806 3626 2820 3671 ;
2849 3608 3053 3679 [Vi-ms.
3089 3602 3258 3676 8-10]
3287 3618 3446 3673 quem

1881 3714 2003 3768 misi
2033 3714 2097 3764 ad
2132 3725 2230 3763 vos
2262 3708 2327 3761 ad
2360 3708 2461 3760 hoc
2496 3706 2699 3773 ipsum,
2734 3711 2793 3753 ut
2825 3704 3126 3769 cognoscat
3158 3712 3278 3766 qua:
3300 3696 3447 3749 circa

1880 3822 1977 3859 vos
2037 3810 2188 3864 sunt,
2224 3797 2388 3868 214
2430 3805 2483 3850 et
2508 3795 2831 3848 consoletur
2859 3790 3027 3845 corda
3073 3795 3254 3843 vestra
3322 3800 3447 3840 cuin

1881 3896 2141 3951 Onesimo
2177 3891 2318 3946 lldeli
2355 3897 2410 3942 et
2453 3886 2781 3940 cliarissiiiio
2814 3883 3003 3943 fratre,
3045 3880 3138 3948 qui
3174 3893 3242 3933 ex
3297 3876 3450 3930 vobis

1880 3999 1982 4044 est.
2019 3985 2214 4040 Omnia
2268 3997 2387 4051 quae
2443 3980 2531 4033 hic
2563 3988 2822 4047 aguntur,
2861 3982 2987 4027 nota
3026 3971 3227 4025 facient
3266 3969 3445 4022 vobis.

1880 4081 2092 4133 Salutat
2126 4091 2245 4129 vos.
2282 4092 2300 4124 ι
2674 4078 2679 4083 “

1955 4166 2050 4219 Vir
2110 4163 2409 4222 Asiaticus,
2470 4158 2562 4227 qui
2609 4157 2795 4210 relicta
2847 4153 3044 4222 patria.
3088 4161 3311 4206 secutus
3331 4160 3452 4204 erat

1884 4257 2221 4328 Apostoluiu.
2262 4250 2628 4317 Quamobrem
2661 4248 2810 4299 illiiin
2854 4254 2908 4298 et
2942 4242 3309 4296 charissimam
3335 4241 3452 4307 fra-

1887 4364 2037 4409 trem,
2070 4358 2117 4402 et
2147 4346 2351 4416 ﬁdelem
2384 4343 2707 4401 ministium,
2732 4348 2779 4390 et
2807 4351 3109 4389 conservum
3136 4333 3191 4386 in
3221 4330 3451 4384 Domino

1886 4436 2140 4506 appellat,
2187 4446 2399 4485 necnon
2446 4426 2676 4481 docendi
2707 4424 2881 4495 gratia
2921 4431 3197 4476 ornatum.
3236 4418 3455 4490 Signiﬁ-

209 4546 404 4581 κνυσιν
456 4527 547 4579 ἐπὶ
599 4526 943 4593 παρακλήσει
981 4524 1089 4576 τῶν
1125 4523 1461 4591 Ἐκκλησιῶν
1516 4524 1763 4575 ἀποστέλ-

1892 4537 1976 4582 cat
2004 4542 2063 4579 se
2096 4526 2268 4581 illum,
2304 4519 2568 4574 Ecclesiis
2604 4518 2652 4570 id
2698 4512 3120 4585 postulantibus,
3153 4509 3321 4563 Roma
3350 4510 3451 4562 mi-

209 4621 315 4673 λων
350 4618 513 4673 αὑτὸν
571 4617 678 4669 ἀπὸ
726 4617 824 4684 τῆς
866 4615 1080 4685 Ῥώμης
1135 4616 1230 4666 σὺν
1273 4612 1547 4683 Ὀνησίμῳ
1590 4614 1779 4683 πολίτῃ

214 4709 567 4762 Κολοσσαέων
598 4707 732 4767 ὄντι.
764 4707 859 4758 καὶ
888 4706 1104 4767 οἰκείως
1136 4704 1273 4772 πρὸς
1328 4704 1454 4766 τοὺς
1496 4705 1783 4766 Ἰουδαίους

213 4804 244 4853 ἁ
256 4796 693 4864 ποστελλομένῳ.

286 4909 304 4939 ‹
360 4889 717 4957 Ἀρίσταρχος
747 4886 774 4938 ὁ
806 4883 1247 4954 συναιχμάλωτός
1284 4900 1408 4951 μου.
1433 4900 1449 4932 ι

286 4972 461 5037 Οὗτός
508 4980 655 5029 ἐστιν
685 4979 711 5027 ὁ
740 4977 806 5029 ὲκ
846 4980 944 5044 τῆς
996 4973 1403 5042 Θεσσαλονίκης
1472 4975 1789 5044 συναπάρας

215 5070 291 5138 τῷ
317 5067 534 5136 Παύλῳ.
580 5068 733 5119 Ἐπεὶ
754 5063 847 5118 οὖν
872 5067 963 5117 καὶ
993 5064 1246 5134 δεσμώτῃ
1298 5064 1637 5132 συνεξῆλθεν,
1686 5065 1795 5116 ὦσ-

220 5176 325 5227 περ
371 5157 703 5226 αἰχμαλώτῳ
749 5156 899 5225 παρὰ
928 5158 1038 5219 τοῖς
1083 5155 1287 5207 ἔθνεσιν
1344 5156 1475 5217 ὄντι,
1514 5171 1779 5222 συνίιιχμ

218 5252 261 5302 (ἱ
274 5255 453 5303 tutor
479 5248 651 5301 καλεῖ.

300 5443 320 5476 s
359 5428 470 5478 Καὶ
494 5426 719 5495 Μάρκος
740 5426 959 5496 ἀνεψιὸς
1017 5425 1292 5495 Βαρνάϐα,
1323 5427 1452 5492 περὶ
1481 5444 1539 5479 ου
1570 5426 1790 5479 ἐλάϐετε

226 5518 465 5579 ἐντολὰς,
498 5517 594 5568 ἐὰν
622 5517 751 5589 ἔλθῃ
780 5518 912 5588 πρὸς
968 5518 1137 5585 ὑμᾶς,
1184 5515 1414 5578 δέξασθε
1466 5518 1627 5569 αὐτόν
1653 5535 1665 5547 ’
1705 5524 1796 5570 καὶ

240 5607 444 5676 Ἰησοῦς
469 5610 495 5659 ὀ
523 5608 813 5679 λεγόμενος
839 5609 1092 5673 Ἰοῦστος,
1125 5610 1171 5660 οἱ
1201 5608 1353 5671 ὄντες
1376 5610 1437 5661 ἐκ
1469 5609 1789 5678 περιτομῆς.

253 5787 458 5841 "Psal.
501 5806 575 5848 ir.
621 5789 701 5842 l0.

1889 4621 2027 4673 sisse
2056 4630 2178 4670 cum
2210 4612 2471 4667 Onesimo
2494 4611 2842 4663 Colossarum
2873 4606 3012 4667 cive,
3051 4602 3144 4673 qui
3175 4600 3452 4671 speciatim

1888 4721 1941 4765 et
1968 4710 2214 4779 apposite
2247 4707 2312 4761 ad
2355 4702 2575 4757 Iudaeos
2606 4702 2807 4754 missus
2842 4704 2980 4752 erat.

1971 4905 1988 4936 ι
2018 4883 2370 4937 Aristarchus
2398 4878 2759 4948 concaptiviis
2792 4890 2966 4928 meus.
3002 4892 3020 4925 ι

1968 4973 2063 5027 Ille
2111 4974 2225 5040 ipse
2252 4978 2336 5024 est
2364 4970 2457 5037 qui
2490 4965 2885 5020 Thessalonica
2916 4977 3038 5016 cum
3078 4959 3250 5014 Paulo
3278 4960 3457 5014 solve-

1899 5070 2005 5116 rat.
2067 5062 2334 5127 Quoniam
2382 5058 2548 5128 igitiir
2582 5064 2695 5108 tum
2762 5054 2983 5123 quando
3039 5051 3241 5105 Paulus
3266 5061 3457 5105 catena

1897 5159 2112 5208 vinctus
2158 5157 2264 5210 est,
2299 5163 2403 5199 una
2429 5160 2553 5198 cum
2581 5145 2701 5211 ipso
2723 5158 2786 5195 ex
2820 5139 3004 5193 Iudaea
3052 5146 3299 5201 venerat,
3331 5155 3459 5191 con-

1901 5245 2132 5312 captivus
2191 5238 2398 5291 idcirco
2428 5244 2676 5297 vocatur,
2712 5247 2774 5285 ac
2818 5230 2863 5284 si
2889 5228 3032 5298 apud
3072 5236 3264 5297 gentes
3287 5230 3459 5296 capti-

1901 5351 2000 5390 vus
2034 5339 2236 5401 ageret.

1975 5444 1992 5475 ι
2020 5423 2084 5476 Et
2109 5422 2324 5475 Marcus
2352 5416 2718 5473 consobrinus
2748 5412 3031 5476 Barnabas,
3071 5411 3139 5465 de
3167 5425 3275 5479 quo
3302 5424 3459 5463 acce-

1902 5514 2061 5584 pistis
2092 5510 2347 5563 mandata
2387 5525 2400 5561 :
2446 5506 2489 5560 si
2529 5504 2740 5558 venerit
2765 5501 2831 5554 ad
2857 5516 2978 5563 vos,
3008 5498 3246 5567 excipite
3270 5498 3459 5551 illuni:

1902 5602 2097 5674 [νειμ.
2136 5598 2225 5668 ll]
2262 5609 2311 5650 et
2346 5596 2529 5657 .Iesus,
2566 5593 2657 5662 qui
2691 5590 2895 5643 dicitur
2953 5587 3168 5651 Justus,
3196 5586 3286 5653 qui
3337 5591 3461 5638 sunt
