4214 6446
737 375 841 436 903

1929 357 1987 412 S.
2047 352 2362 414 JOANNIS
2405 352 2827 411 DAMASCEXI

3876 344 3992 405 Cll-1

738 499 804 539 ex
831 477 1274 535 circumcisione.
1313 473 1374 526 lli
1405 472 1506 525 soli
1541 478 1669 524 sunt
1696 468 1976 538 adjutores
2004 468 2109 521 mei
2139 467 2193 518 in
2225 482 2310 519 re-
2341 469 2386 525 Α

2417 458 2578 517 Οὗτοι
2617 465 2770 532 μόνοι
2811 462 3066 533 συνεργοὶ
3095 465 3175 524 είς
3207 463 3305 533 τὴν
3344 462 3624 532 βασιλείαν
3677 458 3772 512 τοῦ
3819 457 3991 520 Θεοῦ,

737 590 848 647 gno
877 572 996 638 Dei,
1021 571 1112 640 qui
1144 567 1272 621 mihi
1305 567 1526 618 fuerunt
1554 561 1769 616 solatio.
1792 577 1810 610 ι

814 665 951 718 Eum
1007 663 1170 713 etiam
1201 657 1293 726 qui
1327 654 1544 708 Marcus
1575 654 1664 706 hic
1692 649 2028 712 nominatur,
2067 659 2306 699 consan-

744 758 981 826 guinitas
997 740 1776 803 Barnabmcommendatﬁam
1796 739 2076 792 Barnabas
2088 744 2204 788 erat
2218 750 2310 786 no-

747 825 868 900 tior.
888 844 1072 898 Jesum
1093 841 1241 894 addit
1264 840 1351 908 qui
1369 845 1579 890 vocatur
1599 833 1786 885 Justus
1806 847 1824 894 ;
1842 846 1965 884 cum
1987 825 2309 880 hunc‘l'orsi-

747 945 837 987 tan
871 933 1055 985 titleles
1081 931 1154 982 ita
1194 925 1697 993 cognominasscnt,
1729 921 1800 972 ob
1829 915 2194 970 reverentiam
2219 929 2311 965 no-

749 1021 911 1074 minis
937 1019 1260 1072 Salvatoris.
1279 1014 1443 1081 Atqui
1467 1013 1568 1066 bos
1590 1012 1692 1065 sibi
1709 1009 1901 1063 solatio
1921 1021 2043 1060 esse
2062 1006 2160 1068 ait,
2184 1018 2309 1057 cum

748 1123 933 1164 essent
979 1125 1044 1162 ex
1077 1105 1516 1165 Circumcisione,
1552 1109 1772 1171 propter
1801 1099 2076 1166 jacturam
2124 1097 2312 1163 utique

749 1202 1136 1256 contribulium
1174 1197 1427 1251 aliorum.
1461 1194 1594 1248 Nam
1631 1208 1678 1246 ei
1708 1191 1798 1261 qui
1822 1199 2042 1260 propter
2075 1189 2198 1241 illos
2221 1185 2313 1256 qui

753 1301 1000 1365 pereunt,
1033 1292 1202 1360 luget,
1234 1287 1487 1342 solamini
1519 1292 1648 1340 sunt
1677 1301 1769 1353 qui
1801 1284 1937 1336 salvi
1975 1282 2128 1334 liunt.

826 1458 1114 1519 Vens.12,
1175 1458 1260 1509 15.
1320 1473 1337 1505 ι
1379 1454 1588 1507 Salutat
1612 1467 1706 1504 vos
1762 1450 2065 1519 Epaphras,
2121 1447 2216 1516 qui
2249 1461 2314 1500 ex

753 1554 910 1606 vobis
955 1560 1063 1622 est,
1125 1561 1316 1601 servus
1349 1544 1573 1604 Christi,
1616 1557 1831 1612 semper
1891 1539 2164 1592 sollicitus
2221 1552 2317 1604 pro

755 1644 912 1696 vobis
949 1645 1006 1700 in
1039 1638 1402 1699 orationibus,
1456 1642 1515 1688 ut
1553 1634 1710 1688 stetis
1749 1631 1974 1701 perfecti
2005 1638 2058 1684 et
2084 1629 2226 1697 pleni
2263 1628 2314 1679 in

755 1750 904 1788 omni
936 1732 1232 1784 voluntate.
1281 1725 1678 1781 Testimonium
1713 1726 1861 1776 enim
1924 1723 1999 1774 illi
2034 1720 2314 1788 perhibeo.

759 1825 906 1895 quod
959 1822 1120 1876 habet
1173 1821 1346 1871 zelum
1393 1819 1620 1870 multum
1681 1830 1780 1882 pro
1814 1814 1988 1872 vobis.
2017 1820 2071 1865 et
2115 1824 2213 1879 pro
2253 1809 2319 1862 iis
2353 1794 2392 1848 Β

759 1913 854 1983 qui
899 1919 1029 1975 sunt
1067 1907 1370 1969 Laodiceze,
1402 1915 1457 1958 et
1497 1904 1588 1971 qui
1620 1899 1916 1970 Hierapoli.
1958 1899 2173 1951 Salutat
2222 1911 2320 1950 vos

761 1990 940 2058 Lucas
984 1997 1228 2053 medicus
1260 1994 1646 2054 charissimus,
1678 1999 1733 2045 et
1795 1990 2013 2043 Demas.
2070 1987 2322 2040 Salutate

760 2097 958 2159 tyatres
986 2091 1080 2161 qui
1114 2099 1241 2145 sunt
1275 2085 1572 2144 Laodiceae,
1613 2093 1669 2136 et
1700 2079 2026 2150 Nympham.
2067 2097 2086 2128 ι

832 2182 1087 2236 Nonnihil
1138 2179 1294 2246 juvat
1323 2177 1581 2237 allinitas,
1637 2174 1754 2226 sive
1783 2169 2086 2224 secundum
2151 2182 2324 2234 genus

763 2275 855 2336 sit.
895 2274 1009 2327 sive
1035 2269 1334 2326 secundum
1370 2267 1625 2336 patriam,
1663 2265 1886 2329 insuper
1924 2261 2090 2323 etian,
2119 2268 2167 2312 ι·
2204 2271 2326 2326 qua:

763 2363 1063 2417 secundum
1112 2359 1441 2413 doctrinam.
1491 2356 1584 2408 llis
1609 2362 1790 2406 autem
1853 2350 2110 2405 omnibus
2143 2349 2324 2401 modis

765 2451 1048 2520 Epaphras
1127 2450 1486 2503 Colosscnses
1533 2442 1925 2512 contingebat.
2000 2439 2323 2494 Orationum

767 2545 934 2613 igitur
955 2541 1196 2596 studium
1229 2555 1437 2594 contine
1457 2536 1599 2598 adat,
1628 2535 1756 2587 dum
1780 2531 1974 2586 deillis
2019 2544 2328 2584 sermonem

768 2634 951 2686 habet.

845 2740 864 2772 ι
891 2722 954 2774 Ει
985 2720 1174 2788 ηιιιείη
1191 2718 1354 2772 domo
1373 2701 1494 2786 eju's
1528 2724 1632 2781 est,
1657 2714 1978 2769 Ecclesiam.
2004 2707 2332 2783 [Vens.16.}

772 2812 836 2865 Et
865 2827 989 2864 cum
1021 2812 1160 2863 lecta
1200 2809 1364 2863 fuerit
1395 2809 1538 2876 apud
1571 2822 1668 2861 vos
1705 2805 1950 2874 Epistola
1983 2806 2114 2866 haec,
2145 2800 2330 2864 facite,

774 2915 832 2957 ut
857 2914 909 2956 et
941 2903 994 2954 in
1019 2895 1436 2955 Laodicensium
1462 2900 1694 2952 ecclesia
1732 2900 1962 2966 legatur.
1996 2915 2014 2944 ι

846 2985 1292 3056 Uuamquamque
1325 2988 1490 3038 etiam
1529 3001 1622 3053 per
1659 2984 1852 3038 domos
1910 2983 2210 3038 Ecclesiam
2236 2980 2334 3034 ad-

2411 555 2607 617 οἵτινες
2635 554 2970 625 ἐγενήθησάν
3003 572 3093 624 μοι
3111 555 3444 624 παρηγορία.
3481 573 3500 606 ι

2489 647 2594 697 Καὶ
2626 648 2659 715 ή
2689 645 2826 716 πρὸς
2857 644 3144 713 Βαρνάϐαν
3197 646 3487 712 συγγένεια
3539 643 3825 710 συνίστησι
3887 639 3992 692 τὸν

2410 736 2814 805 ὀνομαζόμενον
2856 737 3102 804 Μάρκον.
3157 736 3196 787 Γ
3201 734 3582 806 νωριμὼτερος
3637 733 3745 800 γὰρ
3777 734 3805 782 ὁ
3835 731 3989 799 Βαρ-

2411 825 2598 887 νάϐας.
2632 824 2839 893 Ἰησοῦν
2860 824 2915 876 δὲ
2944 825 3140 891 ἐπάγει
3171 829 3280 875 τὸν
3309 823 3640 891 λεγόμενον
3676 817 3989 877 Ἰοῦστον,

2413 916 2543 977 ἴσως
2595 914 3042 983 ἐπονομαζόντων
3094 914 3258 966 αὑτὸν
3320 913 3464 966 οὕτω
3508 911 3616 962 τῶν
3678 909 3888 960 πιστῶν
3914 905 3992 958 δι’

2412 1004 2696 1057 εὐλάϐειαν
2744 1007 2844 1073 τὴν
2905 1007 3035 1074 περὶ
3060 1005 3122 1056 τὸ
3157 1004 3328 1073 ὄνομα
3381 1001 3655 1071 Σωτῆρος.
3704 999 3797 1050 Ἐκ
3826 1014 3994 1064 περι-

2411 1095 2584 1164 τομῆς
2610 1095 2668 1146 δὲ
2699 1095 2921 1157 τούτους
2982 1096 3162 1161 ὂντας,
3201 1094 3540 1164 παρηγορίαν
3599 1089 3778 1157 ἑαυτῷ
3817 1105 3993 1155 φησιν

2414 1184 2552 1239 εἶναι
2584 1186 2671 1238 διὰ
2721 1188 2821 1256 τὴν
2869 1186 3148 1239 ἀπώλειαν
3187 1187 3294 1238 τῶν
3353 1183 3647 1252 συγγενῶν.
3694 1179 3993 1234 Πενθοῦντι

2415 1279 2525 1346 γὰρ
2563 1277 2656 1330 ἐπὶ
2717 1279 2829 1339 τοῖς
2889 1277 3217 1341 ἀπολωλόσι,
3272 1273 3615 1344 παραμύθιον
3645 1272 3694 1322 οἱ
3739 1269 3990 1336 σωζόμε-

2416 1387 2516 1422 νοι.

2497 1480 2516 1511 ι
2567 1459 2894 1523 Ἀσπάζεται
2941 1459 3087 1527 ὑμᾶς
3120 1457 3406 1527 Ἐπαφρᾶς
3433 1455 3463 1505 ὁ
3503 1453 3563 1516 ἐξ
3607 1451 3761 1522 ύμῶν
3801 1448 3997 1508 δοῦλος

2418 1550 2675 1621 Χριστοῦ,
2711 1551 2943 1602 πάντοτε
2983 1546 3382 1616 ἀγωνιζόμενος
3413 1545 3554 1613 ὑπὲρ
3601 1542 3753 1610 ὑμῶν
3783 1542 3841 1592 ὲν
3870 1541 3997 1599 ταῖς

2421 1643 2766 1713 προσευχαῖς,
2817 1641 2906 1692 ἵνα
2946 1640 3107 1707 στῆτε
3159 1637 3392 1700 τέλειοι,
3442 1636 3538 1686 καὶ
3569 1630 3998 1700 πεπληρωμένοι

2424 1736 2481 1786 ὲν
2511 1733 2674 1785 παντὶ
2717 1728 3101 1798 θελήματιτοῦ
3130 1726 3288 1779 Θεοῦ.
3342 1721 3619 1793 Μαρτυρῶ
3651 1721 3758 1789 γὰρ
3819 1717 3998 1785 αύτῷ,

2421 1828 2500 1876 ὅτι
2531 1824 2643 1893 ἔχει
2673 1821 2832 1890 ζῆλον
2867 1820 3032 1872 πολὺν
3081 1819 3222 1886 ὑπὲρ
3255 1816 3430 1884 ὑμῶν,
3490 1813 3586 1866 καὶ
3633 1810 3741 1862 τῶν
3771 1811 3830 1860 ἐν
3859 1808 4003 1859 Λαο-

2421 1915 2629 1984 δικείᾳ,
2684 1915 2779 1967 καὶ
2837 1913 2946 1964 τῶν
2993 1911 3050 1963 ὲν
3095 1908 3419 1978 Ἱεραπόλει.
3459 1903 3794 1965 Ἀσπάζεται
3852 1900 4001 1967 ὑμᾶς

2423 2008 2636 2067 Λουκᾶς
2673 2007 2702 2056 ὁ
2732 2003 2914 2073 ἰατρὸς
2943 2005 2972 2054 ὁ
3006 1998 3289 2069 ἀγαπητὸς
3314 2037 3328 2060 ,
3388 1997 3484 2050 καὶ
3535 1995 3745 2062 Δημᾶς.
3789 1989 4000 2043 Ἀσειιιά⁹

2425 2095 2583 2161 ζεσοε
2628 2095 2753 2157 τοὺς
2781 2095 2838 2146 ὲν
2869 2091 3160 2160 Λαοδικείᾳ
3207 2089 3492 2157 ἀδελφοὺς,
3539 2087 3634 2138 καὶ
3678 2083 3938 2151 Νυμφᾶν.
3971 2097 3992 2129 ι

2506 2187 2828 2258 Ἐργὰζεταί
2850 2203 2904 2237 τι
2935 2186 3031 2237 καὶ
3061 2187 3096 2252 ἡ
3125 2183 3265 2235 κατὰ
3307 2181 3493 2248 γένος,
3528 2177 3621 2231 καὶ
3649 2177 3680 2241 ἡ
3718 2173 3859 2227 κατά
3902 2189 4006 2222 πα-

2426 2282 2583 2352 τρίδα
2612 2279 2904 2349 οἰκειότης,
2940 2278 3021 2329 ἔτι
3051 2276 3105 2328 δὲ
3131 2275 3225 2328 καὶ
3259 2276 3294 2344 ἡ
3313 2275 3451 2325 κατὰ
3483 2271 3580 2340 τὴν
3629 2264 4005 2322 διδασκαλίαν.

2428 2372 2615 2424 Ταῦτα
2635 2371 2690 2422 δὲ
2730 2371 2908 2422 πάντα
2941 2367 3155 2436 ὑπῆρχε
3186 2363 3266 2433 τῷ
3307 2361 3684 2431 Ἐπαφροδίτῳ
3712 2357 3850 2424 πρὸς
3878 2354 4008 2414 τοὺς

2431 2462 2794 2524 Κολοσσαέας.
2831 2461 2942 2529 Τὴν
2974 2453 3066 2510 οὖν
3091 2457 3200 2509 τῶν
3245 2453 3420 2522 εὐχῶν
3471 2449 3706 2518 σπουδὴν
3733 2446 4009 2499 δείκνυσιν

2433 2559 2492 2608 ἐν
2520 2555 2598 2625 τῷ
2625 2570 2690 2606 πε
2702 2553 2755 2623 ρὶ
2774 2552 2982 2604 τούτων
3009 2549 3336 2617 διηγήματι.
3629 2534 3636 2541 Χ

2520 2753 2536 2786 ι
2566 2736 2678 2786 Καὶ
2698 2735 2798 2804 τὴν
2829 2733 2951 2785 κατ’
2986 2726 3134 2784 οἷκον
3165 2727 3330 2784 αὐτοῦ
3373 2725 3720 2795 Ἐκκλησίαν.
3754 2721 3861 2774 Καὶ
3881 2721 4014 2772 ὅταν

2334 2881 2352 2900 ο
2435 2825 2755 2895 ἀναγνωσθῇ
2807 2824 2934 2893 παρ’
3001 2824 3191 2891 ύμίνὴ
3229 2819 3521 2886 ἐπιστολὴ,
3571 2819 3871 2884 ποιήσατε,
3927 2812 4015 2863 ἶνα.

2439 2919 2530 2971 καὶ
2556 2920 2611 2968 ἐν
2631 2918 2697 2984 τῇ
2720 2914 3029 2967 Λαοδικέων
3052 2913 3317 2981 ἐκκλησίᾳ
3342 2907 3684 2976 ἀναγνωσθῇ.
3713 2925 3731 2957 ι

2519 3007 2830 3077 Προτρέπει
2877 3005 2972 3058 καὶ
3021 3004 3123 3073 τὴν
3182 3003 3304 3056 κατ’
3363 3001 3549 3063 οἴκους
3617 2996 3906 3051 ἀσκεῖσθαι
3947 2994 4017 3046 τὰ

775 3077 1050 3140 hortatur,
1109 3085 1167 3129 ut
1203 3076 1456 3145 pietatem
1485 3091 1612 3143 erga
1649 3078 1817 3129 Deum
1871 3075 2076 3127 colant.
2107 3072 2209 3127 Ubi
2239 3071 2337 3124 do-
2364 3119 2392 3174 ί

2404 3099 2536 3171 Ι’.τῆς
2593 3094 2933 3159 θεοσεϐείας,
3000 3091 3297 3162 ἐκκλησίας
3373 3087 3557 3143 καλῶν
3606 3086 3702 3140 καὶ
3753 3087 3882 3144 τοὺς
3940 3081 4019 3133 οἷ-

775 3185 918 3235 mos,
950 3170 1100 3238 ipsas
1126 3184 1343 3239 quoque
1370 3170 1634 3222 ecclesias
1664 3167 1918 3236 appellat.

853 3283 872 3315 ι
910 3263 976 3316 Ει
997 3278 1118 3317 eam
1146 3278 1268 3331 quae
1295 3274 1462 3317 estex
1489 3262 1779 3323 Laodicea,
1804 3275 1903 3313 vos
1931 3258 2142 3328 legatis.
2175 3276 2194 3309 ι

848 3352 1088 3406 Primam
1125 3351 1416 3422 Epistolam
1457 3352 1524 3405 ad
1555 3352 1900 3406 Timotheum
1932 3350 2087 3403 dicit.
2108 3348 2340 3414 Quidam

782 3447 938 3499 aiunt
966 3460 1074 3498 non
1109 3445 1196 3497 hic
1227 3442 1521 3514 Epistulam
1549 3444 1702 3496 innui
1748 3458 1908 3511 quam
1943 3441 2143 3494 Paulus
2173 3437 2239 3491 ad
2275 3439 2342 3490 il-

783 3535 866 3587 los
926 3535 1153 3586 miserit.
1185 3533 1300 3585 Non
1357 3525 1502 3586 enim
1565 3534 1662 3596 ait,
1699 3532 1766 3585 ad
1801 3530 2192 3593 Laodicenses,
2247 3527 2341 3581 sed

783 3637 902 3674 eam
938 3635 1057 3688 qua:
1079 3619 1338 3672 Laodicea
1371 3620 1574 3688 scripta
1607 3628 1754 3673 esset
1777 3618 1842 3671 ad
1876 3617 2128 3670 Paulum.

870 3710 1033 3765 Vsus.
1066 3710 1153 3773 1⁵1,
1186 3710 1274 3763 18.
1314 3730 1331 3760 ι
1371 3707 1436 3762 Ει
1465 3709 1630 3762 dicite
1662 3709 1934 3777 Archippo
1965 3726 1978 3762 :
2019 3706 2154 3760 Vide
2179 3706 2345 3758 mini-

785 3805 1014 3858 sterium
1051 3799 1194 3868 quod
1226 3799 1486 3867 accepisti
1513 3813 1542 3850 a
1569 3799 1818 3862 Domino,
1848 3807 1905 3851 ut
1931 3797 2063 3850 illud
2094 3797 2342 3866 impleas.

789 3895 1056 3951 Salutatio
1091 3907 1206 3945 mea
1241 3907 1401 3944 manu
1425 3890 1598 3944 Pauli.
1639 3908 1656 3940 ι

857 3985 993 4037 Cum
1023 3981 1415 4035 ministratoria
1439 3980 1686 4048 quaedam
1721 3995 1853 4032 cura
1908 3979 2035 4033 huic
2068 3980 2228 4048 215
2262 3981 2350 4034 in-

788 4079 974 4144 juncta
1003 4080 1172 4134 esset,
1201 4088 1323 4126 eum
1348 4071 1795 4137 commonefacit,
1838 4077 1916 4124 uti
1944 4072 2254 4139 jussionein
2285 4088 2349 4126 ac

793 4182 1017 4236 pensum
1069 4173 1442 4232 exsequatur:
1473 4165 1637 4233 idque
1690 4165 1743 4216 in
1789 4163 2036 4227 Domino,
2089 4172 2147 4217 ut
2195 4165 2348 4226 nihil,

790 4259 906 4312 sive
931 4272 1152 4321 parvmn
1178 4256 1270 4317 sit,
1304 4257 1420 4309 sive
1467 4271 1748 4322 magnum,
1781 4256 1938 4308 aliter
1973 4258 2087 4315 liat,
2111 4256 2216 4309 nisi
2253 4271 2340 4310 se-

791 4349 1030 4402 cundum
1063 4347 1251 4402 Deum.

867 4455 886 4488 ι
928 4437 1192 4492 Memores
1229 4445 1404 4491 estote
1434 4437 1779 4491 VlIICUHH'UI“
1811 4454 2077 4492 meorum.
2109 4459 2127 4492 ι

872 4527 992 4581 Non
1023 4543 1146 4583 eum
1178 4530 1343 4598 pudet
1369 4529 1733 4590 vinculorum,
1757 4531 1888 4598 quin
1920 4541 1973 4585 et
2016 4532 2082 4585 iis
2118 4533 2358 4587 oblecta-

801 4629 928 4682 tur;
953 4635 1121 4687 seque
1155 4620 1332 4690 ipsum
1363 4627 1584 4688 propter
1609 4621 1701 4673 illa
1730 4616 2108 4676 recordatione
2130 4623 2355 4694 dignum

796 4710 971 4762 ducit.

871 4815 893 4848 ‹
922 4797 1110 4852 Gratia
1134 4797 1444 4853 vobiscum.
1475 4798 1672 4852 Amen.
1700 4817 1718 4850 ι

871 4886 1098 4941 Volebat
1141 4889 1284 4942 enim
1322 4889 1378 4941 in
1412 4888 1752 4943 'memoriam
1794 4891 2041 4959 ipsorum
2098 4907 2356 4949 revocare

799 4977 1114 5032 universum
1147 4992 1320 5048 genus
1366 4977 1648 5034 hominum
1709 4981 1941 5036 salutem
1973 4997 2070 5051 per
2124 4987 2353 5053 gratiam

800 5068 1126 5123 obtinuisse.
1846 5083 1849 5085 ‘

868 5158 950 5213 Ad
1001 5156 1330 5214 Catonem“
1377 5159 1541 5214 Roma
1579 5165 1783 5232 scripsit
1839 5184 1931 5234 per
1993 5168 2273 5238 Tyrliicnm
2311 5180 2358 5224 et

1224 5249 1545 5306 Onesimum.
1592 5254 1776 5310 Versus
1812 5258 1936 5312 208.

2446 3206 2594 3250 κους.

2517 3299 2536 3331 ι
2560 3281 2666 3332 Καὶ
2693 3277 2792 3348 τὴν
2813 3277 2875 3329 ὲκ
2892 3275 3234 3340 Λαοδικείας,
3267 3276 3356 3326 ’ίνα
3378 3275 3474 3326 καὶ
3501 3273 3655 3340 ὑμεῖς
3678 3267 3982 3334 ἀναγνῶτε.
3998 3284 4014 3314 ι

2511 3371 2623 3440 Τὴν
2645 3370 2781 3439 πρὸς
2807 3369 3070 3436 Τιμόθεον
3116 3366 3342 3436 πρώτην
3402 3365 3572 3430 λέγει.
3627 3363 3783 3422 Τινές
3834 3376 4019 3427 φασιν,

2447 3463 2528 3514 ὃτι
2568 3461 2689 3529 οὐχὶ
2732 3459 2832 3527 τὴν
2877 3457 3090 3510 Παύλου
3142 3457 3279 3526 πρὸς
3332 3457 3527 3517 αὐτοὺς
3575 3451 4018 3518 ἀπεσταλμένην.

2449 3556 2524 3606 Οὐ
2549 3555 2656 3623 γὰρ
2682 3551 2853 3616 λέγει,
2893 3550 2992 3621 τὴν
3016 3549 3152 3618 πρὸς
3204 3548 3524 3610 Λαοδικέας,
3565 3543 3702 3598 ἀλλὰ
3739 3544 3839 3612 τὴν
3893 3540 4020 3609 παρ’

2448 3644 2627 3698 αὐτῶν
2650 3642 2846 3712 Παύλῳ
2873 3642 2941 3694 ἐκ
2955 3641 3310 3704 Λαοδικείας
3340 3640 3645 3709 γραφεῖσαν

2532 3753 2550 3786 ι
2581 3735 2690 3787 Καὶ
2738 3735 2928 3787 εἴπατε
2974 3731 3263 3802 ’Λρχίππῳ
3286 3745 3300 3759 °
3337 3730 3507 3783 Βλέπε
3567 3728 3665 3796 τὴν
3700 3725 3979 3778 διακονίαν
4003 3764 4020 3789 ,

2454 3829 2520 3897 ἣν
2537 3826 2841 3896 παρέλαϐες
2869 3826 2926 3874 ἐν
2951 3823 3166 3893 Κυρίῳ,
3207 3823 3293 3874 ίνα
3327 3823 3494 3892 αὐτὴν
3547 3821 3793 3890 πληροῖς.
3839 3818 3898 3871 Ὀ
3925 3820 4019 3870 ἀσ-

2455 3919 2672 3987 πασμδς
2695 3920 2761 3986 τῇ
2783 3919 2889 3986 ἐμῇ
2912 3917 3054 3984 χειρὶ
3081 3915 3312 3968 Παύλου.
3336 3935 3355 3966 ι

2539 4012 2864 4076 Διακονικήν
2906 4024 3029 4059 τινα
3074 4007 3334 4074 φροντίδα
3373 4003 3873 4074 προστεταγμένον,
3901 4002 4020 4054 τοῦ-

2455 4118 2546 4153 τον
2586 4100 2996 4168 ἀναμιμνήσκει
3047 4097 3292 4167 πληροῦν
3323 4097 3383 4149 τὸ
3403 4098 3712 4165 ἐπίταγμα,
3741 4097 3835 4147 καὶ
3871 4093 4025 4146 τοῦτο

2455 4192 2526 4243 ἐν
2558 4191 2769 4255 Κυρίῳ,
2803 4189 2888 4240 ἵνα
2921 4189 3084 4256 μηδὲν
3122 4189 3344 4252 ἑτέρως,
3387 4189 3522 4258 μήτε
3563 4187 3736 4256 μέγα,
3775 4189 3914 4256 μήτε
3943 4202 4026 4253 μι-

2388 4313 2397 4330 .
2459 4280 2590 4350 κρὸν
2609 4280 2848 4346 γίνηται,
2877 4278 2991 4331 ἀλλ’
3021 4279 3054 4348 ἢ
3079 4280 3217 4331 κατὰ
3239 4280 3392 4332 Θεὸν.

2385 4459 2428 4513 ῐὶ

2532 4473 2550 4504 ι
2583 4453 2966 4521 Μνημονεύετέ
2999 4471 3098 4522 μου
3131 4453 3238 4504 τῶν
3275 4452 3508 4520 δεσμῶν.
3547 4471 3564 4502 ι

2531 4549 2644 4599 Οὐκ
2693 4545 3008 4612 αἰσχύνεται
3048 4546 3159 4605 τοῖς
3185 4545 3428 4612 δεσμοῖς,
3475 4542 3610 4596 ἀλλὰ
3656 4542 3753 4594 καὶ
3804 4525 4028 4608 ἀγάλλε-

2459 4653 2584 4692 ταιο
2619 4637 2712 4690 καὶ
2739 4638 2946 4687 τούτων
2989 4637 3151 4688 ἕνεκα
3201 4637 3422 4706 μνήμης
3468 4636 3618 4702 ἀξιον
3653 4635 3850 4688 ἑαυτὸν
3891 4631 4028 4687 οἶδεν

2461 4731 2608 4783 ὄντα.

2539 4840 2556 4870 ι
2596 4821 2658 4872 ’Π
2691 4835 2852 4890 χαρις
2883 4819 3007 4889 μεθ’
3045 4819 3219 4888 ύμῶν.
3248 4820 3444 4888 Ἀμήν.
3480 4838 3497 4870 ι

2532 4906 2650 4962 υἷδε
2683 4909 2792 4980 γὰρ
2823 4911 3155 4978 ἀναμνήσων
3184 4913 3402 4974 αὐτοὺς,
3435 4911 3517 4962 ὃτι
3572 4909 3659 4962 διὰ
3704 4909 3911 4978 ταύτης
3948 4911 4026 4960 σέο

2465 5019 2666 5054 σωσται
2693 5001 2752 5052 τὸ
2773 5000 2883 5052 τῶν
2912 5001 3008 5053 ἀνθ
3018 4999 3214 5070 ρώπων
3240 5000 3412 5065 γένος.

2467 5178 2618 5241 Πρὸς
2658 5178 3036 5243 Κολοσσαεῖς
3061 5179 3286 5246 ἐπράφη
3316 5178 3433 5231 ἀπὸ
3470 5167 3688 5244 Ῥώμης
3726 5177 3824 5228 δια
3869 5173 4022 5241 Τυχιὲ

2739 5264 2841 5316 κοῦ
2869 5267 2964 5317 καὶ
3002 5267 3338 5332 Ὀνησίιιου.
3373 5267 3602 5324 Στίχων
3630 5270 3742 5320 σιν·
