4214 6446
1133 355 1212 414 ΙΝ
1258 354 1488 413 EPIST.
1526 355 1622 413 AD
1651 354 2394 417 TlIESSALO‘NlCENSES
2416 363 2465 419 .1.

476 705 644 789 ΕΙΣ
682 704 1322 790 ΕΠΙΣΤΟΛΗΝ
1394 704 1842 789 ΠΡΩΤΗΝ
1896 706 2177 792 ΠΡΟΣ
2232 709 3124 803 ΘΕΣΣΑΛΟΝΙΚΕΙΣ.

355 1042 477 1139 ΙΝ
578 1048 1234 1140 EPISTOLAM
1314 1046 1773 1135 PRIMAM
1852 1047 1998 1133 AD
2070 1049 3283 1147 THESSALONICENSES.

631 1380 1019 1432 ΚΕΦΑΛΑΙΟΝ
1058 1380 1350 1432 ΠΡΩΤΟΝ.

303 1539 320 1568 ι
356 1516 586 1580 Παῦλος,
628 1518 719 1567 καὶ
765 1514 1064 1581 Σιλονανὸς,
1116 1514 1210 1566 καὶ
1254 1512 1511 1583 Τιμόθεος
1544 1516 1609 1582 τῇ
1652 1512 1771 1564 Ἐκ-

1792 1385 1839 1438 Δ

2272 1377 2497 1431 CAPUT
2538 1377 2823 1435 PRIMUM.

1941 1510 2102 1565 Vens.
2158 1510 2209 1563 1.
2266 1529 2283 1560 ι
2325 1510 2546 1576 Paulus,
2576 1519 2629 1564 et
2677 1509 2955 1573 Silvanus,
2994 1524 3047 1569 et
3095 1514 3409 1572 Timotheus

223 1608 422 1677 κλησία
465 1603 897 1657 Θεσσαλονικέων
954 1605 1013 1655 ἐν
1060 1603 1178 1672 Θεῷ
1219 1603 1391 1673 Πατρὶ
1428 1602 1524 1653 καὶ
1582 1601 1768 1671 Κυρίῳ
1867 1600 1887 1653 1

1746 1621 1768 1669 μ
1867 1599 2122 1654 Ecclesire
2168 1599 2735 1653 Thessalonicensium
2794 1600 2849 1653 in
2894 1600 3001 1654 Deo
3036 1601 3197 1659 Patre
3226 1613 3280 1659 et
3307 1605 3410 1658 Do-

236 1697 409 1763 Ίησοῦ
456 1692 689 1764 Χριστῷ,
740 1694 895 1762 χάρις
930 1692 1056 1760 ὑμῖν
1108 1691 1202 1744 καὶ
1252 1693 1440 1761 εἰρήνη
1476 1689 1583 1743 ἀπὸ
1631 1690 1763 1742 Θεοῦ

222 1790 452 1859 Πατρδς,
489 1787 580 1839 καὶ
613 1786 815 1854 Κυρίου
849 1784 1022 1855 Ἰησοῦ
1048 1782 1301 1855 Χριστοῦ.
1327 1802 1345 1833 ι

300 1880 558 1941 Ἀκούσας
574 1881 600 1931 ὀ
624 1878 939 1940 Ἀπόστολος
967 1876 1310 1944 Θλιϐομένους
1331 1874 1765 1934 Θεσσαλονικεῖς,

218 1969 309 2021 καὶ
338 1967 606 2028 δειλιάσας
636 1966 842 2036 μήποτε
868 1963 1233 2034 μετατεθῶσιν
1261 1962 1366 2015 ἀπὸ
1385 1963 1485 2030 τῆς
1504 1965 1758 2025 πίστεως,

216 2062 423 2129 πέμπει
469 2059 725 2128 Τιμόθεον
769 2057 902 2127 πρὸς
964 2057 1157 2118 αὐτοὺς
1189 2054 1293 2106 ἀπὸ
1334 2054 1439 2106 τῶν
1497 2052 1751 2122 Ἀθηνῶν.

227 2150 466 2202 Ἐκείνου
495 2149 553 2201 δὲ
587 2148 828 2210 ἐλθόντος
873 2148 964 2199 καὶ
1000 2145 1423 2213 ἀπαγγείλαντος
1446 2182 1461 2206 ,
1509 2143 1583 2205 ὡς
1617 2144 1754 2195 εἰσὶν

213 2243 437 2310 ἑδραῖοι,
471 2241 672 2309 χαίρων
703 2240 900 2309 γράφει
934 2238 1067 2308 πρὸς
1098 2236 1310 2298 αὐτούς.
1345 2236 1495 2304 Ἅμα
1514 2234 1569 2286 δὲ
1598 2234 1758 2287 ἀκού-

215 2347 311 2393 σας
341 2332 421 2382 ὃτι
464 2330 589 2398 περὶ
630 2327 721 2379 τὸν
761 2327 871 2398 βίον
907 2324 1262 2394 ἐλαττώματά
1296 2340 1416 2375 τινα
1450 2319 1613 2392 εἶχον,
1663 2323 1757 2374 καὶ

200 2422 349 2488 »πρὸς
377 2419 545 2472 ταῦτα
576 2418 793 2489 γράφει.
825 2418 935 2472 Καὶ
983 2415 1120 2485 αῦτη
1164 2417 1316 2486 μὲνή
1362 2414 1615 2477 ὑπόθεσις
1659 2414 1757 2483 τῆς

225 2506 559 2576 Ἐπιστολῆς.

280 2597 353 2648 Τὸ
386 2597 442 2648 δὲ
486 2596 764 2667 προοίμιον
813 2596 876 2647 ἐκ
931 2595 1450 2664 ταπεινοφροσϋνης,
1508 2594 1638 2646 ὅπου
1688 2610 1753 2660 γε

205 2687 333 2747 τοὺς
372 2684 561 2737 ἑαυτοῦ
599 2685 846 2755 μαθητὰς
877 2684 1023 2747 ἴσους
1068 2683 1232 2738 αὑτοῦ
1264 2685 1565 2738 συντάττει.
1603 2684 1755 2737 Ἀνα-

206 2777 507 2844 μιμνήσκει
534 2775 590 2827 δὲ
627 2776 819 2837 αὐτοὺς
863 2793 962 2844 της
988 2776 1209 2845 χάριτος
1241 2774 1307 2827 δι’
1338 2770 1404 2845 ἦς
1446 2774 1753 2844 ἐλυτρώθη-

206 2885 328 2930 σαν,
358 2867 539 2937 ἡρέμα
570 2867 811 2937 πλήττων
840 2867 1019 2919 αὐτῶν
1053 2866 1122 2918 τὰ
1169 2866 1295 2935 περὶ
1327 2865 1416 2917 τὸν
1446 2865 1557 2934 βίον
1590 2866 1751 2918 πταί-

207 2971 416 3023 σματαο
451 2956 543 3006 καὶ
572 2956 631 3006 οὐ
663 2955 819 3025 μόνον
845 2954 1022 3019 τοῦτο,
1056 2954 1193 3008 ἀλλὰ
1220 2955 1313 3007 καὶ
1343 2955 1452 3007 τὸν
1480 2954 1627 3007 Θεὸν
1652 2954 1751 3007 καὶ

203 3045 435 3114 Πατέρα
458 3046 623 3113 λέγει,
657 3046 925 3108 υἱοθεσίας
947 3047 1141 3109 αὐτοὺς
1165 3048 1243 3108 είς
1281 3047 1498 3116 μνήμην
1528 3046 1697 3113 ἄγων.

282 3139 757 3207 «Εὐχαριστοῦμεν
802 3137 877 3208 τῷ
919 3137 1039 3208 Θεῷ
1066 3138 1297 3190 πάντοτε
1348 3138 1477 3208 περὶ
1531 3138 1748 3191 πάντων

202 3230 377 3298 ὑμῶν,
411 3228 597 3297 μνείαν
634 3229 785 3296 ὑμῶν
836 3227 1147 3297 ποιούμενοι
1174 3228 1266 3279 ἐπὶ
1293 3226 1401 3280 τῶν
1433 3226 1745 3297 προσευχῶν

201 3321 383 3392 ήμῶν,
405 3319 761 3382 ἀδιαλείπτως
785 3318 1210 3388 μνημονεύοντες
1239 3317 1411 3386 ὑμῶν.
1442 3336 1460 3367 ι

270 3412 413 3481 Ὅρα
449 3410 561 3473 πῶς
594 3411 797 3479 ἀληθὴς
826 3412 858 3479 ή
888 3410 1023 3479 ὑπὲρ
1064 3409 1245 3461 αὐτῶν
1265 3408 1583 3477 εὐχαριστία
1615 3408 1743 3460 ἀνα-

198 3501 472 3572 φερομένη
498 3500 573 3569 τῷ
604 3499 741 3569 Θεῷ,
776 3501 855 3551 ὅτι
899 3498 1079 3551 πίστιν
1102 3498 1278 3567 ἔσχον,
1306 3498 1400 3550 καὶ
1431 3498 1530 3566 οὐχ
1555 3496 1741 3561 ἁπλῶς

197 3593 402 3657 πίστιν,
462 3590 574 3643 ἀλλ’
622 3590 919 3660 ἐνέργειαν,
972 3590 1066 3642 καὶ
1117 3590 1215 3659 οὐχ
1260 3589 1448 3652 ἁπλῶς
1498 3589 1737 3657 ἀγάπην,

195 3683 313 3734 ἀλλ’
347 3681 578 3748 ἕγκοπον
605 3680 823 3747 ἀγάπην
853 3675 1027 3732 εἷπον.
1071 3678 1336 3730 Ἐκοπίων
1379 3676 1486 3747 γὰρ
1529 3678 1588 3728 ἐν
1630 3679 1741 3739 τοῖς

193 3774 455 3841 διωγμοῖς
485 3773 572 3825 διὰ
601 3770 660 3823 τὸ
683 3771 900 3840 ἀγαπᾷν
928 3770 1018 3821 τὸν
1044 3769 1264 3837 Κύριον.
1295 3768 1405 3820 Καὶ
1430 3766 1526 3835 οὐχ
1554 3764 1739 3829 άπλῶς

194 3864 385 3917 ἐλπίδα
420 3859 586 3930 εἶχον,
617 3861 752 3915 ἀλλὰ
787 3860 905 3931 μεθ’
937 3860 1211 3930 ὑπομονῆς
1233 3857 1332 3929 τὴν
1351 3857 1561 3910 ἐλπίδα.

1866 1693 2015 1745 mino
2038 1690 2166 1744 Jesu
2189 1690 2426 1744 Christo.
2453 1690 2634 1743 Gratia
2658 1690 2812 1746 vobis
2837 1699 2891 1746 et
2920 1706 3023 1760 pax
3053 1707 3081 1745 a
3113 1693 3223 1749 Deo
3252 1693 3409 1750 Patre

1864 1794 1917 1868 et
1947 1783 2175 1836 Domino
2210 1782 2338 1837 Jesu
2361 1782 2602 1838 Christo.
2628 1801 2646 1833 ι

1954 1873 2088 1928 Cum
2166 1874 2463 1942 accepisset
2531 1873 2824 1941 Apostolus
2900 1873 3410 1931 Thessalonicenses

1863 1966 2000 2019 male
2054 1966 2261 2026 vexari,
2292 1980 2356 2018 ac
2387 1973 2651 2019 metueret
2712 1981 2779 2019 ne
2811 1981 2841 2018 a
2879 1965 2981 2021 ﬁde
3015 1967 3406 2030 desciscerent,

1860 2053 2205 2111 Timotheum
2270 2056 2338 2110 ad
2369 2056 2493 2111 illos
2560 2056 2787 2112 Athenis
2812 2058 2980 2113 misit.
3012 2057 3130 2123 Quo
3178 2059 3409 2113 subinde

1858 2163 2078 2202 reverso
2101 2156 2151 2201 et
2188 2148 2472 2202 nuntiante
2499 2156 2811 2203 constantes
2838 2148 2959 2204 illos
2987 2150 3275 2215 exsistere,
3298 2166 3406 2202 non

1858 2240 1977 2293 sine
1997 2235 2191 2307 gaudio
2212 2239 2276 2291 ad
2312 2238 2458 2305 ipsos
2492 2235 2701 2290 scribit.
2733 2236 2993 2301 Quoniam
3019 2247 3195 2291 autem
3224 2233 3410 2290 au'die-

1859 2336 1941 2382 rat
1964 2343 2058 2381 eos
2082 2328 2133 2380 in
2164 2328 2231 2381 iis
2256 2342 2376 2396 qum
2406 2327 2472 2380 ad
2500 2325 2664 2379 vitam
2687 2325 2941 2388 attinent,
2964 2324 3214 2380 delectus
3238 2341 3404 2394 quos-

1856 2416 1979 2470 dam
2021 2416 2152 2485 pati,
2180 2416 2249 2470 de
2300 2415 2403 2468 hoc
2432 2412 2591 2469 etiam
2626 2412 2835 2468 scribit.
2863 2412 2933 2465 Et
2964 2411 3069 2467 hoc
3107 2420 3195 2468 est
3242 2427 3405 2484 argu-

1857 2517 2095 2563 mentum
2123 2506 2393 2576 Epistulae.

1928 2598 2084 2653 Initio
2123 2598 2442 2652 modestiam
2490 2597 2655 2650 animi
2686 2595 2922 2665 praefert,
2958 2596 3087 2651 dum
3143 2610 3272 2651 suos
3321 2596 3406 2649 di-

1854 2691 2094 2760 scipulos
2119 2690 2236 2760 pari
2264 2704 2445 2744 secum
2484 2689 2672 2742 ordine
2705 2689 2872 2759 ponit.
2901 2688 3010 2742 illis
3047 2697 3226 2743 autem
3253 2703 3405 2742 com-

1855 2789 2117 2837 memorat
2166 2780 2393 2851 gratiam
2433 2795 2538 2848 qua
2573 2781 2830 2848 redempti
2888 2792 3091 2842 essent,
3149 2788 3207 2833 ut
3236 2782 3402 2833 tacite

1853 2872 2181 2941 perstringat
2210 2871 2392 2940 lapsus
2411 2886 2551 2939 quos
2598 2870 2950 2922 admiserant.
2983 2869 3161 2938 Neque
3186 2884 3312 2923 vero
3347 2870 3398 2921 id

1852 2963 2029 3016 solum
2061 2970 2301 3031 prmstat,
2325 2960 2418 3014 sed
2442 2968 2498 3014 et
2530 2959 2699 3012 Deum
2727 2969 2779 3013 et
2797 2958 3010 3012 Patrem
3044 2959 3312 3023 nominat,
3346 2967 3403 3011 ut

1849 3053 2152 3121 adeptionis
2182 3053 2497 3105 memoriam
2520 3050 2626 3103 illis
2658 3048 2893 3103 refricet.

1917 3139 2078 3197 Vens.
2101 3142 2154 3204 2,
2172 3142 2223 3194 5.
2252 3160 2269 3191 ‹
2286 3139 2501 3194 Gratias
2522 3137 2731 3207 agimus
2756 3138 2862 3191 Deo
2885 3151 3093 3205 semper
3111 3150 3208 3204 pro
3228 3136 3404 3189 omni-

1844 3235 1947 3289 bus
1976 3234 2149 3296 vobis,
2190 3230 2505 3284 memoriam
2536 3229 2705 3283 vestri
2763 3227 3024 3282 facientes
3064 3227 3118 3281 in
3144 3228 3403 3282 orationi-

1845 3327 1948 3382 bus
1972 3325 2196 3386 nostris,
2225 3322 2344 3376 sine
2372 3320 2785 3374 intermissione
2814 3333 3104 3372 memores.
3138 3338 3158 3370 ›

1910 3416 2123 3471 Videsis
2148 3428 2306 3483 quam
2344 3413 2554 3467 sincera
2583 3411 2654 3463 sit
2698 3409 2992 3479 gratiarum
3022 3408 3197 3475 actio,
3238 3424 3397 3479 quam

1841 3523 1939 3577 pro
1966 3506 2071 3560 illis
2098 3503 2344 3574 rependit
2376 3501 2502 3564 Deo,
2528 3500 2655 3569 quia
2698 3499 2854 3553 ﬁdem
2886 3497 3147 3552 baberent
3172 3538 3187 3563 ,
3219 3513 3397 3569 neque

1841 3599 2000 3652 ﬁdem
2059 3596 2254 3656 solum,
2291 3592 2382 3647 sed
2429 3590 2589 3644 etiam
2637 3602 2832 3658 opera;
2863 3602 3038 3657 neque
3080 3589 3397 3643 charitatem

1840 3688 2121 3750 duntaxat,
2146 3685 2239 3742 sed
2280 3683 2442 3737 etiam
2470 3680 2614 3735 illam
2633 3694 2753 3748 quae
2779 3679 2833 3733 in
2862 3679 3136 3734 laboribus
3167 3680 3404 3741 desuda-

1839 3792 1937 3834 ret.
1970 3779 2097 3832 Nam
2114 3774 2565 3844 exagitatiouibus
2583 3771 2919 3834 laborabant,
2942 3785 3009 3824 eo
3030 3770 3173 3838 quod
3210 3770 3403 3841 dilige-

1847 3879 1957 3924 éont
2004 3869 2312 3922 Dominum.
2360 3865 2543 3933 Neque
2574 3878 2670 3932 spe
2696 3861 2937 3931 simplici
2969 3862 3179 3931 praediti
3210 3871 3396 3917 erant.

1837 3962 1927 4017 sed
1979 3969 2032 4014 et
2061 3973 2182 4012 cum
2239 3953 2853 4023 tolerantia’sperabant.

267 4058 286 4091 ι
319 4038 425 4092 Τοῦ
452 4038 611 4107 ἔργου
636 4036 732 4104 τῆς
762 4036 1015 4098 πίστεως,
1034 4033 1129 4087 καὶ
1157 4032 1249 4085 τοῦ
1280 4032 1448 4085 κόπου
1471 4031 1571 4099 τῆς
1596 4031 1734 4098 άγά-
1762 4054 1811 4115 c
1912 4073 1930 4106 ι

1732 4059 1734 4067 ⁷
1762 4054 1811 4115 C
1912 4073 1930 4106 ι
1962 4051 2154 4121 Operis
2190 4048 2311 4102 ﬁdei
2337 4054 2552 4109 vestrae,
2586 4052 2641 4099 et
2675 4044 2900 4107 laboris,
2925 4050 2981 4097 et
3007 4043 3311 4108 cliaritatis,
3342 4054 3396 4097 et

190 4147 323 4199 πης,
360 4129 454 4182 καὶ
502 4127 602 4197 τῆς
653 4126 929 4194 ὑπομονῆς
969 4125 1067 4190 τῆς
1118 4124 1331 4184 ἐλπίδος
1380 4122 1474 4173 τοῦ
1530 4119 1735 4190 Κυρίου

191 4222 348 4289 ἡμῶν
386 4217 558 4286 Ἰησοῦ
587 4215 844 4287 Χριστοῦ,
877 4213 1179 4285 ἔμπροσθεν
1208 4212 1302 4265 τοῦ
1326 4212 1461 4265 Θεοῦ
1491 4212 1583 4264 καὶ
1623 4200 1735 4263 [Ιαὲ

188 4329 217 4362 τ
225 4311 317 4381 ρος
350 4308 528 4378 ήμῶν.
566 4325 584 4358 ι

258 4403 323 4454 Et
357 4399 651 4462 πιστεύεις,
684 4398 858 4451 πάντα
892 4396 1088 4465 πάσχε.
1115 4394 1178 4447 Εἰ
1207 4394 1265 4447 δέ
1295 4392 1368 4463 μὴ
1398 4393 1646 4462 πάσχεις,
1672 4391 1732 4442 οὐ

191 4492 489 4553 πιστεύεις.

264 4605 284 4636 ι
313 4585 545 4645 Είδότες,
597 4581 813 4649 ἀδελφοὶ⁵
873 4578 1218 4647 ἠγαπημένοι
1268 4576 1372 4627 ὑπὸ
1416 4573 1584 4638 Θεοῦ,
1635 4573 1733 4642 τήν

187 4677 419 4746 ἐκλογὴν
445 4675 615 4743 ὑμῶν,
647 4676 726 4725 δτι
755 4671 816 4724 τὸ
848 4670 1177 4738 Εὑαγγέλιον
1196 4668 1352 4738 ήμῶν
1376 4667 1475 4719 οὐκ
1504 4666 1729 4734 ἐγενήθη

186 4771 263 4831 εἰς
302 4767 448 4835 ὑμᾶς
478 4767 534 4815 ἐν
566 4764 706 4831 λόγῳ
740 4763 919 4832 μόνον,
949 4759 1084 4815 ἀλλὰ
1118 4760 1212 4811 καί⁵
1255 4760 1313 4810 ἐν
1348 4757 1595 4826 δυνάμει,
1638 4758 1731 4809 καὶ

184 4858 464 4926 Πνεύματι
492 4857 648 4924 ἁγίῳ,
697 4855 791 4906 καὶ
838 4855 897 4904 ὲν
941 4850 1282 4919 πληροφορίᾳ
1309 4848 1501 4917 πολλῇ,
1547 4847 1725 4908 καθὼς

181 4948 382 5009 οἴδατε,
421 4942 521 4995 οἷοι
553 4942 889 5011 ἐγενήθημεν
925 4944 981 4993 ἐν
1010 4942 1137 5009 ὑμῖν
1162 4940 1229 4991 δι’
1263 4940 1422 5007 ὑμᾶς,
1451 4938 1543 4989 καὶ
1572 4940 1724 5006 υμεῖς

182 5038 423 5108 μιμηταὶ
447 5036 600 5104 ἡμῶν
630 5034 922 5103 ἐγενήθητε
954 5033 1045 5083 καὶ
1071 5030 1165 5083 τοῦ
1198 5031 1421 5100 Κυρίου,
1450 5028 1728 5097 δεξάμενοι

175 5134 267 5183 τὸν
298 5131 457 5196 λόγον
495 5130 552 5180 ἐν
595 5126 770 5194 Θλίψει
802 5125 971 5195 πολλῇ
1009 5124 1147 5195 μετὰ
1194 5124 1366 5194 χαρᾶς
1416 5121 1727 5191 Πνεύματος

177 5225 359 5291 ἁγίου.
396 5240 414 5271 ι

254 5342 393 5392 Ἀπὸ
425 5337 604 5390 κοινοῦ
630 5337 709 5399 τὸ,
744 5334 1228 5405 εὐχαριστοῦμεν,
1266 5331 1351 5382 ἵνα
1394 5326 1455 5401 ᾖ,
1492 5327 1723 5396 Εὑχαρι-

177 5434 397 5501 στῶμεν
560 5429 707 5497 Θεῷ,
741 5423 1097 5493 γινώσκοντες
1154 5423 1249 5492 τὴν
1304 5419 1531 5487 ἐκλογὴν
1574 5418 1726 5487 ὑμῶν

175 5526 299 5581 καθ’
320 5527 385 5593 ἦν
416 5520 778 5589 ἐξελεξάμεθα
807 5519 968 5586 ὑμᾶς,
994 5517 1088 5568 καὶ
1113 5515 1194 5567 ὅτι
1227 5509 1635 5581 παραλαϐόντες
1664 5510 1725 5561 τὸ

175 5614 505 5683 Εὐαγγέλιον
538 5612 593 5662 ἐν
622 5608 889 5671 ἀποδείξει
916 5606 1196 5673 δυνάμεως
1228 5600 1445 5669 πολλῆς.
1477 5593 1543 5668 ἧς
1567 5599 1727 5666 ἐνήρ-

175 5727 312 5779 γηκε
352 5707 416 5761 τὸ
461 5702 683 5773 Πνεῦμα
711 5701 773 5752 τὸ
806 5700 977 5767 ἅγιον,
1026 5697 1122 5765 οὐχ
1151 5694 1334 5754 ἁπλῶς
1368 5689 1717 5780 παρελάϐετε,

180 5802 309 5854 ἀλλὰ
333 5797 600 5863 τοσαύτην
634 5796 691 5845 ὲν
712 5794 837 5861 ὑμῖν
877 5790 999 5859 ἔσχε
1030 5790 1127 5855 τὴν
1160 5788 1331 5855 ἰσχὺν,
1358 5784 1433 5847 ὼς
1478 5783 1718 5853 μιμητὰς

499 5888 769 5944 Parum.
815 5882 930 5939 tia.
983 5879 1153 5938 XCV.
1257 5919 1266 5925 .

1841 4144 2175 4201 sustinentia:
2225 4138 2338 4208 Spei
2369 4135 2581 4190 Domini
2620 4133 2791 4189 nostri
2839 4130 2966 4188 Jesu
3008 4132 3240 4201 Christi,
3272 4149 3396 4189 ante

1842 4238 2007 4290 [leum
2039 4242 2094 4288 et
2116 4232 2325 4289 Patrem
2350 4236 2615 4283 nostrum.
2647 4244 2667 4276 ι

1906 4407 1960 4462 Si
1994 4407 2192 4471 credis,
2223 4412 2416 4460 cuncta
2443 4414 2643 4473 patere.
2676 4402 2772 4457 Sin
2819 4409 2996 4457 autem
3030 4417 3139 4456 non
3169 4402 3389 4470 pateris,

1838 4512 2013 4565 neque
2042 4495 2240 4550 credis.

1906 4589 2071 4643 Vens.
2113 4588 2227 4641 4-6.
2287 4605 2305 4637 ι
2354 4584 2641 4647 Scientes,
2681 4581 2879 4635 fratres
2931 4579 3117 4635 dilecti
3166 4594 3197 4632 a
3238 4580 3386 4644 Deo,

1835 4682 2151 4737 electionem
2171 4686 2431 4738 vestram,
2470 4674 2596 4745 quia
2635 4672 2982 4741 Evangelium
3007 4680 3257 4725 nostrum
3275 4684 3385 4722 non

1833 4773 1937 4826 fuit
1960 4772 2025 4825 ad
2052 4770 2218 4823 vos-in
2246 4781 2499 4821 sermone
2527 4772 2760 4827 tantum,
2788 4762 2881 4816 sed
2911 4769 2966 4815 et
3003 4761 3059 4814 in
3080 4761 3301 4824 virtute,
3334 4768 3387 4813 et

1830 4868 1882 4918 in
1903 4862 2104 4930 Spiritu
2124 4867 2333 4918 saneto,
2357 4866 2410 4909 et
2433 4856 2483 4908 in
2502 4852 2834 4922 plenitudine
2851 4851 3191 4914 multa,sicut
3210 4850 3384 4909 scitis,

1828 4958 2012 5023 quales
2036 4951 2291 5005 fuerimus
2322 4951 2373 5001 in
2400 4947 2551 5000 vobis
2572 4954 2788 5013 propter
2803 4958 2916 4998 vos.
2942 4942 3009 4996 Et
3036 4957 3131 4995 vos
3151 4941 3386 4994 imitato-

1827 5061 1915 5100 res
1941 5043 2103 5098 nostri
2152 5043 2273 5094 lacti
2303 5040 2434 5093 estis
2462 5048 2514 5091 et
2544 5035 2779 5099 Domini,
2814 5036 3138 5103 excipientes
3162 5033 3382 5085 verbum

1829 5141 1882 5194 in
1913 5136 2259 5192 tribulatione
2280 5132 2468 5194 multa,
2497 5144 2620 5185 eum
2652 5128 2850 5199 gaudio
2881 5127 3117 5196 Spiritus
3149 5125 3377 5179 sancti.»

1829 5315 1990 5385 216
2038 5311 2323 5370 Communi
2357 5306 2521 5361 verbo
2548 5306 2644 5368 ait,
2685 5314 2884 5373 gratias
2915 5304 3161 5371 agimus;
3204 5306 3265 5352 ut
3294 5298 3382 5351 hic

1833 5420 1903 5465 sit
1932 5422 2125 5463 sensus
2157 5420 2169 5449 ε
2206 5404 2316 5458 Deo
2336 5409 2517 5471 grates
2545 5399 2831 5457 habemus,
2864 5400 3254 5463 cognoscentes
3271 5391 3382 5443 ele-

1827 5504 2059 5558 ctionem
2090 5509 2347 5555 vestram,
2377 5508 2482 5561 qua
2517 5506 2613 5545 vos
2642 5489 2927 5557 elegimus.
2961 5485 3377 5554 quodque,cum

1829 5592 2142 5663 acciperetis
2212 5588 2558 5656 Evangelium
2611 5581 2681 5633 ob
2748 5579 3117 5632 ostensionem
3188 5572 3375 5626 multi-

1826 5688 1984 5758 plicis
2030 5682 2266 5741 virtutis,
2316 5692 2476 5746 quam
2522 5672 2760 5742 Spiritus
2783 5681 3003 5724 sanctus
3045 5664 3235 5727 edidit,
3268 5678 3373 5716 non

1772 5782 1783 5798 ‘
1830 5788 2103 5846 utcunque
2118 5781 2171 5830 et
2198 5769 2515 5839 simpliciter
2544 5764 2675 5820 illud
2702 5761 3009 5832 accepistis,
3043 5758 3139 5814 sed
3167 5763 3370 5811 tantam

2975 5847 3050 5908 ‘29
