4214 6446
803 342 906 406 9οἿ

1981 343 2040 401 S.
2059 342 2377 403 JOANNIS
2417 343 2803 403 DAR’ASCEN
2817 343 2843 401 Ι

3916 347 4022 410 908

804 456 856 508 in
898 453 1049 507 vobis
1104 453 1209 505 vim
1249 452 1458 512 hamnt,
1515 459 1573 504 ut
1599 448 1901 505 imitatores
1931 452 2111 506 nostri
2167 461 2223 506 et
2249 450 2354 505 Do-

2392 463 2433 512 Α
2465 452 2607 521 ὑμᾶς
2633 453 2790 521 ἡμων
2818 449 3094 519 γενέσθαι,
3125 450 3219 503 καὶ
3238 449 3334 502 τοῦ
3374 451 3598 522 Κυρίου.
3633 451 3806 506 Τοῦτο
3845 453 3905 508 δὲ
3928 454 4020 508 λέ-

801 540 930 594 mini
963 540 1283 594 evaderetis.
1335 540 1426 592 Sic
1455 549 1634 594 autem
1665 540 1923 609 loquitur,
1965 549 2186 610 propter
2215 539 2356 594 afﬂi-

799 631 1015 685 ctiones
1033 631 1232 700 quibus
1264 641 1486 685 vexatus
1513 638 1598 684 est
1616 645 1645 682 a
1672 629 1892 684 Judaeis.

869 724 1032 778 Vsus.
1084 722 1200 776 7-9.
1258 740 1277 772 ι
1309 720 1382 774 Ita
1422 731 1482 775 ut
1542 722 1665 775 facti
1715 722 1834 776 sitis
1888 721 2059 777 forma
2107 721 2360 778 omnibus

800 814 1149 871 credentibus
1213 813 1268 867 in
1303 813 1617 867 Macedonia
1671 821 1726 867 et
1763 815 1816 868 in
1858 815 2083 870 Achaia.
2137 815 2360 870 Avobis

799 910 943 962 enim
975 905 1285 960 diffamatus
1313 911 1396 957 est
1443 919 1625 958 sermo
1678 903 1909 968 Domini,
1959 922 2062 960 non
2093 909 2268 962 solum
2306 907 2360 960 iu

800 998 1114 1053 Macedonia
1137 1006 1190 1050 et
1226 997 1278 1049 in
1305 997 1505 1049 Achata
1527 1038 1541 1059 ,
1574 995 1668 1050 sed
1695 1007 1748 1051 et
1795 998 1848 1051 in
1883 998 2029 1051 omni
2064 999 2188 1054 loco
2228 999 2359 1056 ﬁdes

801 1101 986 1144 vestra
1018 1104 1137 1160 quae
1172 1096 1254 1142 est
1285 1086 1426 1156 apud
1446 1085 1636 1149 Deum,
1665 1087 1905 1156 profecta
1935 1097 2039 1152 est,
2060 1089 2134 1142 ita
2176 1098 2234 1144 ut
2251 1109 2358 1146 non

799 1184 868 1236 sit
891 1183 1045 1236 nobis
1069 1194 1292 1234 necesse
1321 1179 1615 1249 quidquam
1660 1180 1826 1248 loqui.
1852 1179 1957 1249 Ipsi
1988 1182 2131 1235 enim
2160 1183 2224 1235 de
2262 1199 2360 1236 vo-

801 1277 882 1330 bis
935 1273 1298 1337 annuutiant,
1358 1271 1572 1342 qualem
1626 1271 1906 1325 introitum
1957 1273 2250 1328 habeamus
2291 1276 2355 1329 ad

799 1382 916 1419 vos.
952 1366 1017 1419 Et
1051 1364 1327 1432 quomodo
1363 1382 1382 1414 ι

869 1456 1002 1510 Vide
1042 1465 1250 1525 quanto
1293 1457 1629 1510 incremento
1659 1440 1822 1508 aucti
1863 1465 2041 1518 erant,
2081 1467 2139 1510 ut
2173 1467 2225 1512 et
2255 1459 2358 1530 ipsi

800 1554 968 1604 Imma
1016 1549 1207 1602 ﬁerent
1259 1549 1400 1610 aliis,
1451 1562 1622 1617 neque
1666 1550 1853 1616 pauris
1901 1550 2231 1615 hominibus,
2265 1554 2355 1606 sed

796 1650 848 1691 et
915 1641 1130 1693 cunctis
1177 1637 1488 1707 regionibus
1551 1648 1604 1692 et
1662 1641 1938 1708 gentibus,
1971 1641 2022 1692 in
2052 1638 2358 1694 Macedonia

798 1733 1072 1793 nimirum,
1108 1739 1154 1781 et
1200 1730 1252 1780 in
1313 1730 1535 1782 Achaia.
1586 1728 1726 1783 Bene
1772 1744 1898 1782 vero
1927 1732 2024 1790 ait.
2052 1731 2357 1799 di/fmnaltts

795 1832 893 1884 est,
926 1837 1020 1874 seu
1049 1819 1386 1888 divulgatus,
1432 1829 1490 1872 ut
1531 1820 1984 1889 superjeetionem
2014 1823 2358 1878 claritudinis

808 1911 1161 1980 signiﬁcaret.
1996 1980 2000 1985 ι

867 2019 885 2051 ι
915 2001 1177 2054 Conversi
1207 2000 1340 2054 estis
1373 1998 1437 2052 ad
1498 1999 1666 2054 Deum
1701 2015 1730 2054 a
1779 2001 2112 2068 simulacris,
2148 2019 2204 2057 ει·
2279 2020 2358 2060 ire

798 2090 907 2146 Deo
932 2093 1054 2145 vivo
1087 2098 1140 2146 et
1166 2107 1313 2145 vero.
1344 2109 1363 2142 ι

862 2184 1126 2248 Quoniam
1159 2183 1250 2237 Dei
1281 2183 1554 2252 quondam
1588 2181 1823 2250 fuerant,
1853 2200 2088 2255 cumque
2129 2189 2355 2258 posthac

791 2275 1164 2338 aberrassent,
1211 2275 1389 2328 vocati
1433 2291 1650 2330 rursum
1714 2285 1888 2340 erant,
1948 2279 2155 2332 idcirco
2198 2279 2353 2345 dixit,

791 2367 1024 2419 conversi
1053 2368 1198 2420 estis.
1234 2365 1401 2420 Recte
1448 2377 1627 2420 autem
1679 2370 1884 2429 subdit.
1919 2371 2049 2435 vivo,
2082 2380 2139 2425 ut
2161 2373 2351 2427 distin-

792 2466 991 2528 guatur
1042 2457 1110 2513 ab
1132 2458 1275 2514 idolo
1307 2459 1637 2525 inanimato;
1675 2471 1784 2514 tum
1806 2461 2025 2526 deinde,
2047 2474 2094 2518 et
2121 2480 2259 2530 vero,
2287 2464 2353 2518 ad

791 2548 1151 2602 differentiam
1172 2563 1358 2602 eorum
1377 2548 1467 2617 qui
1493 2547 1624 2600 falso
1647 2547 1902 2602 dicuntur
1942 2549 2035 2602 dii.

863 2640 1023 2695 Vens.
1057 2641 1142 2694 l0.
1193 2659 1212 2691 ι
1240 2639 1302 2694 Ει
1335 2648 1651 2710 exspectare
1681 2638 1877 2694 Filium
1909 2641 2030 2709 ejus
2077 2641 2143 2695 de
2175 2639 2350 2704 cmlis,

793 2747 950 2801 quem
986 2732 1276 2785 suscitavit
1311 2731 1378 2786 de
1409 2733 1662 2797 mortuis,
1694 2731 1879 2787 Jesum
1921 2734 2014 2802 qui
2031 2734 2232 2802 eripuit
2253 2747 2352 2786 nos

793 2826 860 2877 ab
887 2839 965 2877 ira
992 2831 1240 2877 ventura.
1275 2842 1293 2874 ι

861 2913 1044 2968 Primo
1076 2916 1193 2968 loco
1218 2915 1368 2984 ponit
1388 2914 1438 2967 id
1474 2914 1616 2984 quqd
1643 2915 1941 2986 gloriosum
1981 2923 2084 2981 est,
2121 2915 2353 2971 dicendo

795 3005 1158 3072 nimirum,de
1176 3007 1339 3071 caelis,
1372 3017 1483 3059 tum
1503 3007 1554 3059 id
1577 3007 1722 3075 quod
1767 3007 2084 3077 inglorium,
2125 3015 2350 3062 mortem

2463 561 2575 611 γει,
2605 543 2673 596 δι’
2698 543 2765 607 ἃς
2785 543 3044 614 ὑπέμεινε
3080 541 3289 612 θλίψες
3315 544 3467 613 παρὰ
3486 563 3595 598 των
3633 545 3926 600 Ἰουδαίων.

2539 739 2557 770 ι
2589 720 2749 773 ’Ὥστε
2773 719 2896 790 γενέ
2935 719 3021 772 θαι
3053 720 3196 789 ὑμᾶς
3211 719 3413 782 τύπους
3442 719 3576 771 πᾶσι
3599 720 3709 780 τοῖς
3733 718 4023 772 πιστεύου-

2463 830 2546 864 σιν
2589 813 2646 863 ὲν
2704 814 2771 882 τῇ
2831 811 3136 882 Μακεδονίᾳ
3198 811 3292 864 κα)⁸
3329 813 3395 880 τῇ
3436 811 3644 881 Ἀχαῒᾳ.
3720 813 3823 879 Αφ*
3864 812 4023 880 ὑμῶν

2459 906 2566 974 γὰρ
2599 904 2864 974 ἐξήχηται
2896 924 2925 958 ο
2957 905 3115 973 λόγος
3162 922 3257 957 του
3293 904 3526 974 Κυρίου,
3569 905 3630 957 οὐ
3661 905 3818 974 μόνον
3862 905 3923 956 ὲν
3951 908 4022 974 τῇ

2459 997 2769 1068 Μακεδονίᾳ
2817 997 2912 1050 καί
2937 998 2995 1050 ἐν
3051 999 3117 1067 τῇ
3160 997 3373 1067 Ἀχαίᾳ,
3423 995 3558 1048 ἀλλὰ
3590 997 3683 1050 καὶ
3741 999 3798 1048 ὲν
3856 999 4024 1050 παντὶ

2458 1093 2611 1160 τόπῳ
2643 1095 2676 1161 ἠ
2719 1091 2899 1154 πίστις
2953 1091 3107 1160 ὑμῶν
3150 1091 3286 1161 πρὸς
3343 1090 3433 1143 τὸν
3479 1090 3611 1143 Θεὸν
3663 1088 4021 1160 ἐξελήλυθεν.

2460 1183 2600 1236 ὥστε
2634 1183 2708 1253 μὴ
2742 1183 2932 1253 χρείαν
2986 1184 3131 1252 υμᾶς
3183 1181 3327 1250 ἔχειν
3377 1180 3558 1234 λαλεῖν
3589 1197 3643 1233 τι
3711 1179 3874 1235 Αὐτοὶ
3911 1182 4024 1248 γὰρ

2460 1274 2590 1342 περὶ
2641 1273 2794 1343 ὑμῶν
2847 1272 3284 1341 ἀπαγγέλλουσιν
3333 1272 3522 1325 ὁποίαν
3572 1273 3772 1326 εἴσοδον
3823 1272 4024 1341 ἔχομεν

2460 1366 2596 1436 πρὸς
2635 1368 2798 1436 ὑμᾶς.
2829 1367 2940 1420 Καὶ
2968 1365 3105 1429 πῶς.
3144 1383 3163 1417 ι

2532 1461 2674 1529 Ὅρα
2713 1459 2888 1526 πόσην
2938 1459 3095 1528 ἔσχον
3131 1457 3391 1519 ἐπίδοσιν,
3432 1457 3508 1519 ὼς
3544 1457 3638 1508 καὶ
3676 1455 3873 1517 αὐτοὺς
3905 1453 4022 1506 ὲτέο

2462 1565 2575 1617 ροις
2607 1546 2856 1613 γίνεσθαι
2913 1563 3106 1610 τυπον,
3163 1563 3256 1598 και
3307 1548 3404 1598 οὐκ
3453 1545 3686 1612 ὀλίγοις,
3726 1543 3863 1598 ἀλλὰ
3923 1546 4022 1595 καὶ

2458 1637 2664 1708 χώραις
2693 1637 2861 1701 ὅλαις,
2902 1637 2996 1690 καὶ
3049 1636 3282 1689 ἔθνεσιν·
3322 1638 3391 1688 ἐν
3418 1635 3492 1703 τῆ
3526 1635 3860 1701 Μακεδονίᾳ
3911 1634 4023 1702 γὰρ

2392 1761 2431 1813 Β
2460 1728 2555 1779 καὶ
2588 1728 2657 1780 ἐν
2700 1727 2773 1794 τῆ
2814 1729 3013 1797 Ἀχαΐᾳ
3068 1727 3144 1780 Εὖ
3171 1727 3228 1780 δὲ
3256 1727 3346 1780 73‘
3378 1728 3439 1779 τὸ
3478 1725 3768 1794 ἐξηχήθη,
3801 1725 3890 1778 διὰ
3919 1727 4020 1795 τὴν

2462 1837 2492 1870 υ
2542 1818 2768 1889 ςρϐολὴν
2793 1837 2891 1890 της
2921 1819 3320 1890 λαμποότττοτ.

2536 2016 2553 2046 ι
2587 1995 2991 2068 Συνεστρέψατε
3019 1996 3161 2068 πρὸς
3193 1999 3283 2049 τὸν
3307 1995 3440 2049 Θευν
3481 1993 3588 2048 απὸ
3623 1992 3732 2045 τῶν
3761 1991 4018 2056 εἰδώλων,

2456 2088 2576 2159 Θεῷ
2600 2088 2762 2154 ζῶντι
2788 2089 2878 2142 καὶ
2907 2087 3166 2158 ἀληθινῷ.
3192 2106 3212 2139 ι

2539 2182 2757 2250 Ἐπειδὴ
2789 2181 2924 2234 Θεοῦ
2959 2175 3122 2251 ἦσαν,
3159 2179 3255 2233 καὶ
3289 2178 3690 2250 ἐπλανήθησαν,
3719 2180 3814 2232 καὶ
3855 2176 4018 2230 πάλιν

2456 2277 2785 2348 ἐκλήθησαν,
2813 2276 2901 2330 διὰ
2925 2276 3102 2342 τοῦτο,
3142 2274 3568 2343 ἐπεστρέψατε,
3619 2268 3771 2327 εἷπεν
3878 2271 3977 2326 αλ’

2453 2369 2511 2423 δὲ
2545 2370 2659 2432 καὶ,
2689 2367 2770 2434 τῷ
2812 2368 2999 2433 ζῶντι,
3052 2367 3189 2438 πρὸς
3226 2365 3631 2436 ἀντιδιαστολὴν
3667 2365 3760 2418 τοῦ
3808 2363 4016 2434 ἀψύχου

2455 2461 2704 2516 εἰδώλου·
2735 2462 2831 2514 καί
2863 2461 2942 2526 τῷ
2971 2459 3257 2528 ἀληθινῷ,
3295 2459 3431 2530 πρὸς
3462 2457 3868 2527 ἀντιδιαστολὴν
3912 2457 4018 2510 τῶν

2453 2555 2696 2622 ψευδωνύ
2705 2571 2820 2625 μων
2845 2553 3006 2606 θεῶν.

2532 2663 2549 2692 r
2578 2645 2688 2696 Καὶ
2715 2643 3010 2712 ἀναμένειν
3037 2643 3129 2696 τὸν
3156 2643 3285 2695 Υἱὸν
3315 2639 3480 2696 αὐτοῦ
3510 2642 3572 2692 ὲκ
3613 2639 3723 2693 τῶν
3750 2639 4016 2709 οὐρανῶν,

2453 2735 2513 2786 ὃν
2545 2736 2768 2805 ἤγειρεν
2813 2736 2877 2787 ἐκ
2923 2733 3034 2787 τῶν
3071 2733 3304 2804 νεκρῶν,
3345 2733 3552 2803 Ἰησοῦν
3624 2733 3714 2786 τὸν
3755 2732 4019 2802 ῥυόμενον

2452 2825 2596 2895 ὑμᾶς
2621 2825 2729 2878 ἀπὸ
2756 2826 2852 2894 τῆς
2881 2826 3049 2896 ὀργῆς
3075 2827 3172 2895 τῆς
3198 2823 3515 2894 ἐρχομένης·
3552 2841 3570 2872 ι

2522 2915 2744 2988 Πρῶτον
2779 2917 2840 2969 τὸ
2889 2915 3097 2981 ἔνδοξον
3137 2916 3317 2985 τίθησι
3361 2916 3422 2967 τὸ
3487 2915 3551 2966 ἐκ
3594 2911 3705 2967 τῶν
3748 2910 4016 2984 οὐρανῶν,

2452 3001 2572 3062 εἶτα
2610 3010 2660 3060 ..ὸ
2691 3007 2898 3074 ἄδοξον,
2927 3007 3020 3060 τὸν
3065 3006 3293 3062 θάνατον
3318 3023 3330 3036 ·
3358 3007 3452 3060 καὶ
3501 3005 3600 3075 τὴν
3637 3005 3815 3058 αἰτίαν
3857 3006 4019 3066 εὐθὺς

793 3098 1039 3161 scilicet;
1083 3111 1314 3166 moxque
1365 3107 1556 3151 mortis
1609 3098 1890 3168 subjungit
1950 3114 2193 3165 causam,
2225 3115 2346 3170 quze

2392 3096 2417 3154 Ξ
2449 3101 2802 3153 ἐπισυνάπτει
2820 3097 2915 3151 τοῦ
2947 3099 3178 3154 θανάτου
3246 3098 3383 3170 αῦτη
3423 3098 3480 3150 δέ
3517 3099 3664 3151 ἐστιν
3697 3099 3730 3166 ἡ
3774 3099 4017 3168 ἡμετέρα

794 3199 878 3244 est
915 3199 1102 3246 nostra
1141 3190 1312 3246 salus.
1340 3189 1473 3243 Nam
1508 3189 1707 3257 eripuit
1748 3205 1848 3245 nos
1879 3192 1948 3246 ab
1989 3193 2066 3246 ira
2099 3203 2350 3247 ventura.

1420 3365 1570 3420 CAP.
1602 3366 1666 3420 ll.

865 3456 1029 3513 Vens.
1065 3458 1180 3514 1-4.
1221 3476 1239 3509 ι
1276 3456 1407 3511 Nam
1439 3460 1540 3528 ipsi
1591 3460 1776 3524 scitis,
1811 3458 2034 3524 fratres,
2076 3459 2354 3514 introitum

795 3559 1044 3604 nostrum
1113 3551 1180 3604 ad
1224 3567 1348 3613 vos,
1405 3552 1531 3620 quia
1560 3565 1668 3604 non
1706 3552 1885 3605 inanis
1943 3552 2069 3616 funt;
2103 3553 2195 3606 sed
2234 3561 2358 3606 ante

804 3644 950 3710 passi
983 3653 1038 3695 et
1087 3643 1434 3697 contumeliis
1473 3641 1652 3694 affecti
1687 3642 1867 3711 (sicut
1895 3643 2082 3712 scitis)
2134 3643 2188 3696 in
2229 3642 2358 3696 Phi-

795 3735 980 3803 lippis,
1020 3734 1267 3788 ﬁtluciam
1321 3734 1614 3788 habuimus
1653 3734 1706 3787 iu
1744 3733 1851 3786 Deo
1891 3742 2083 3788 nostro
2106 3735 2254 3804 loqui
2292 3734 2357 3788 ad

754 3873 760 3881 .
792 3841 892 3881 vos
918 3827 1271 3895 Evangelium
1296 3825 1387 3881 Dei
1422 3827 1474 3880 in
1511 3826 1680 3880 multa
1719 3825 2112 3881 sollicitudine.
2148 3825 2358 3881 Exhor-

795 3919 929 3971 tatio
956 3922 1100 3975 enim
1129 3928 1338 3975 nostra.
1380 3938 1398 3970 ι

875 4011 1061 4066 Testes
1093 4012 1216 4065 illos
1242 4011 1492 4076 advocat,
1526 4011 1591 4065 ad
1648 4025 1787 4080 quos
1821 4027 2124 4066 sermonem
2159 4013 2358 4068 habet:

793 4105 919 4172 quia
955 4117 1148 4170 nempe
1197 4101 1314 4155 vult
1359 4115 1453 4155 eos
1485 4103 1652 4166 scire,
1683 4117 1792 4155 non
1825 4117 1882 4156 se
1919 4103 2216 4173 segniorem
2249 4103 2365 4157 red-

795 4195 970 4246 ditum
1011 4208 1135 4246 esse
1164 4191 1236 4246 ob
1293 4200 1632 4246 vexationem
1672 4208 1791 4261 qua:
1847 4191 2115 4264 Philippis
2151 4194 2364 4248 accide-

796 4297 902 4350 rat,
959 4287 1092 4353 quin
1133 4283 1268 4353 ipsis
1299 4283 1638 4353 praedicaret.
1688 4282 1800 4338 llec
1850 4293 2028 4338 autem
2070 4285 2233 4338 tacita
2266 4300 2360 4339 ex-

797 4377 1038 4432 hortatio
1059 4386 1196 4442 erat,
1232 4385 1291 4427 ut
1313 4375 1630 4430 alﬁictiones
1657 4385 1879 4430 strenue
1903 4377 2220 4431 tolerarent.

872 4484 891 4516 ι
931 4465 1047 4519 Non
1073 4468 1140 4520 de
1172 4481 1386 4520 errore.
1422 4485 1441 4517 ι

864 4559 1030 4628 Atqui
1061 4558 1224 4627 hujus
1257 4559 1335 4612 rei
1368 4565 1750 4626 argumentum
1803 4568 1904 4623 est,
1933 4558 2078 4628 quod
2109 4559 2163 4614 in
2192 4575 2356 4614 vexa-

797 4649 945 4703 tione
998 4649 1370 4719 przedieasset.
1430 4647 1566 4700 Nam
1617 4650 1712 4717 qui
1745 4648 2092 4718 prtedicando
2137 4648 2358 4719 decipit,

781 4755 1077 4808 ,nunquam
1107 4748 1328 4810 propter
1356 4739 1793 4807 praedicationem
1827 4754 1984 4794 suam
2016 4741 2204 4794 vexari
2231 4757 2355 4794 sus-

795 4833 1042 4893 tinuerit,
1107 4846 1232 4884 cum
1285 4845 1397 4884 non
1429 4829 1640 4886 nesciat
1669 4831 1813 4885 hanc
1844 4832 2018 4901 ipsam
2054 4830 2348 4887 aﬂlictione

797 4937 907 4976 non
939 4936 1155 4975 vacare.

875 5032 893 5061 ι
935 5011 1122 5080 Neque
1145 5010 1212 5066 de
1251 5012 1617 5078 immunditia,
1650 5028 1824 5085 neque
1853 5029 1908 5067 In
1932 5012 2082 5077 dolo,
2113 5013 2209 5068 sed
2245 5013 2355 5068 sic-

796 5114 857 5157 ut
921 5105 1134 5173 probati
1206 5121 1394 5158 sumus
1446 5120 1475 5158 a
1514 5104 1623 5160 Deo
1658 5145 1673 5170 ,
1718 5114 1778 5158 ut
1819 5105 2143 5160 crederetur
2198 5104 2358 5159 nobis

798 5194 1154 5263 Evangelium
1186 5211 1200 5258 ;
1227 5194 1299 5246 ita
1347 5194 1642 5264 loquimur,
1672 5211 1779 5249 non
1828 5196 1988 5266 quasi
2038 5195 2358 5250 hominibus

796 5285 1096 5354 placentes,
1111 5282 1205 5338 sed
1227 5281 1334 5336 Deo
1355 5287 1445 5352 qui
1471 5285 1664 5354 probat
1683 5285 1848 5338 corda
1878 5295 2091 5338 nostra.
2108 5283 2358 5356 [νωιεᾷ

796 5374 878 5446 6.]
909 5373 1096 5444 Neque
1128 5376 1272 5430 enim
1305 5377 1598 5446 aliquando
1628 5377 1787 5447 217
1809 5377 2011 5432 fuimus
2031 5393 2083 5430 ιη
2111 5391 2361 5432 sermone

798 5467 1149 5531 adulationis,
1184 5469 1329 5522 sicut
1381 5471 1560 5532 scitis,
1596 5485 1774 5539 neque
1817 5473 1873 5524 in
1908 5471 2200 5524 Occasione
2231 5485 2361 5522 ava-

799 5560 939 5612 ritiae
972 5559 1156 5629 (Deus
1213 5561 1372 5614 testis
1409 5562 1549 5631 est),
1586 5577 1682 5615 nec
1715 5571 2017 5630 qumrentes
2042 5561 2111 5614 ab
2136 5561 2364 5616 hemini-

799 5652 903 5707 bus
947 5652 1197 5723 gloriam,
1239 5669 1413 5724 neque
1443 5670 1469 5707 a
1509 5655 1683 5716 vobis,
1722 5669 1896 5724 neque
1926 5653 1992 5706 ab
2023 5653 2165 5709 aliis.
2200 5671 2217 5703 ι

875 5741 989 5798 llm-
1020 5753 1122 5809 est,
1176 5759 1283 5798 non
1325 5746 1478 5801 vobis
1509 5747 1796 5815 loquentes
1844 5760 1964 5816 quae
1991 5744 2233 5816 jucunda
2261 5760 2354 5799 es-

2456 3193 2719 3263 σωτηρία.
2761 3190 3062 3264 Ἐῤῥύσατο
3094 3191 3202 3262 γὰρ
3235 3192 3383 3262 ἡμᾶς
3426 3192 3490 3244 ἐκ
3520 3189 3621 3259 τῆς
3658 3191 4016 3260 ἐπικειμένης

2452 3283 2642 3354 ὁργῆς-

3055 3375 3310 3428 ΚΕΦΔΛ.
3348 3373 3425 3428 B'.

2531 3486 2548 3520 ι
2581 3468 2745 3520 Αὐτοὶ
2789 3467 2898 3532 γὰρ
2945 3465 3143 3529 οἴδατε,
3175 3466 3416 3535 ἀδελφοὶ,
3469 3465 3569 3537 τὴν
3610 3465 3815 3520 εἴσοδον
3859 3469 4017 3538 ἡμῶν

2457 3560 2593 3630 πρὸς
2627 3561 2790 3629 ὑμᾶς,
2832 3561 2916 3611 ὅτι
2954 3559 3013 3610 ού
3044 3560 3174 3629 κενὴ
3203 3559 3444 3625 γέγονεν,
3475 3556 3610 3609 ἀλλὰ
3645 3559 4015 3626 προπαθόντες

2457 3653 2549 3705 καὶ
2578 3650 2946 3722 ὑϐρισθέντες,
2979 3649 3161 3711 καθὼς
3200 3651 3400 3711 οἱοατε,
3428 3651 3485 3701 ὲν
3514 3648 3822 3713 Φιλίπποις,
3848 3652 3898 3702 ὲ,
3925 3655 4016 3721 αρ-

2461 3741 2843 3813 ρησιασάμεθα
2875 3741 2933 3793 ὲν
2963 3739 3038 3810 τῷ
3070 3739 3189 3809 Θςῷ
3216 3740 3394 3808 ἡμῶν,
3432 3739 3660 3808 λαλῆσαι
3698 3741 3835 3810 πρὸς
3876 3743 4016 3811 ὑμᾶς

2457 3838 2518 3888 τὸ
2545 3834 2877 3902 Εὑαγγέλιον
2904 3831 2997 3885 τοῦ
3050 3831 3186 3884 Θεοῦ
3223 3834 3281 3883 ἐν
3323 3831 3501 3902 πολλῷ
3544 3830 3734 3900 ἀγῶνι.
3796 3834 3862 3886 Ἦ
3912 3835 4018 3904 γὰρ

2459 3926 2803 3996 παράκλησις
2830 3923 3009 3994 ἡμῶν.
3047 3943 3065 3974 ›

2529 4017 2734 4078 Αὐτοὺς
2769 4014 2925 4068 καλεί
2967 4013 3252 4084 μάρτυρας
3283 4013 3420 4084 πρὸς
3449 4013 3541 4077 οὒς
3562 4014 3590 4067 ὁ
3625 4014 3806 4083 λόγος,
3845 4017 3928 4068 ὅτι
3956 4016 4017 4085 δὴ

2460 4107 2657 4169 αὐτοὺς
2690 4105 2887 4159 εἰδέναι
2919 4104 3187 4174 βούλεται,
3215 4106 3297 4157 ὃτι
3338 4106 3437 4158 οὐκ
3463 4104 3823 4176 ὀκνηρότερον
3859 4108 4018 4159 αὐτὸν

2461 4197 2683 4268 ἐποίησε
2735 4197 2870 4266 πρὸς
2910 4197 2971 4250 τὸ
3016 4196 3194 4249 αὐτῶν
3231 4198 3509 4268 κήρυγμα,
3557 4199 3588 4265 ἡ
3639 4200 3696 4250 ὲν
3734 4198 4018 4258 Φιλίπποις

2463 4288 2762 4358 γειναμένη
2805 4286 3000 4354 θλίψις.
3032 4285 3203 4338 Τοῦτο
3231 4285 3287 4338 δὲ
3319 4285 3601 4357 προτροπὴ
3632 4286 3890 4357 λεληθυῖα
3926 4287 4016 4338 ὀῦ

2463 4383 2721 4451 γενναίως
2750 4378 3044 4449 ὑποφέρειν
3067 4377 3164 4441 τὰς
3185 4377 3414 4446 θλίψεις.

2541 4492 2558 4523 ι
2594 4473 2708 4525 Οὐκ
2743 4473 2807 4524 ἐκ
2838 4469 3064 4539 πλάνης.
3099 4487 3117 4518 ι

2535 4565 2646 4618 Καὶ
2677 4564 2868 4616 τούτου
2906 4563 3152 4632 σημεῖον,
3182 4562 3308 4624 τοὺς
3339 4563 3396 4614 ὲν
3435 4561 3612 4632 θλίψει
3661 4564 3917 4635 κηρύξαι.
3961 4567 4014 4617 ’0

2463 4654 2570 4725 γὰρ
2596 4652 2811 4706 πλανῶν
2858 4655 2914 4706 ὲν
2957 4652 3036 4722 τῷ
3085 4652 3422 4724 κηρύγματι,
3464 4655 3564 4707 οὐκ
3595 4655 3661 4708 ἄν
3711 4673 3840 4709 ποτε
3885 4657 4015 4724 ὑπὲρ

2463 4743 2626 4796 αὑτοῦ
2655 4743 2748 4796 τοῦ
2792 4743 3145 4814 κηρύγματος
3173 4742 3353 4812 θλίψιν
3383 4743 3641 4814 ὑπομένοι
3659 4784 3674 4809 ,
3706 4744 3864 4809 εἰδὼς
3893 4747 4014 4798 αὐτὸ

2461 4834 2619 4886 τοῦτο
2647 4833 2824 4900 θλίψιν
2851 4834 3113 4905 ὑπάρχον.

2541 5028 2558 5060 ι
2592 5009 2724 5061 Οὐδὲ
2749 5008 2808 5072 ἐξ
2836 5008 3197 5078 ἀκαθαρσίας,
3232 5009 3355 5062 οῦτε
3394 5013 3450 5062 ὲν
3478 5010 3636 5080 δόλῳ,
3669 5012 3806 5064 ἀλλὰ
3841 5014 4013 5074 καθὼς

2464 5099 2907 5169 δεδοκιμάσμεθα
2931 5100 3034 5151 ὑπὸ
3059 5099 3152 5151 τοῦ
3191 5100 3345 5165 Θεοῦ,
3379 5101 3733 5170 πιπευθῆναι
3761 5104 3823 5154 τὸ
3852 5105 4016 5170 Εἰλατ-

2464 5193 2665 5260 γέλιον,
2695 5191 2838 5243 οὕτω
2865 5191 3163 5260 λαλοῦμεν,
3198 5193 3295 5261 οὒχ
3323 5192 3397 5254 ὡς
3428 5193 3732 5264 ἀνθρώποις
3763 5196 4015 5264 ἀρέσκον-

2463 5302 2572 5349 τες,
2618 5285 2754 5338 ἀλλὰ
2811 5284 2887 5353 τῷ
2946 5283 3083 5354 Θεῷ,
3132 5285 3209 5352 τῷ
3256 5285 3603 5355 δοκιμάζοντι
3648 5286 3748 5348 τὰς
3801 5289 4014 5356 καρδίας

2464 5376 2641 5445 ἡμῶν.
2668 5375 2802 5428 Οῦτε
2847 5375 2956 5444 γάρ
2986 5393 3114 5428 ποτε
3151 5378 3208 5428 ἐν
3244 5376 3386 5446 λόγῳ
3425 5377 3709 5440 κολακείας
3757 5379 4010 5446 ἐγενήθη-

2467 5487 2565 5537 μεν
2614 5467 2794 5531 καθὼς
2837 5469 3037 5529 οἴδατε,
3093 5467 3214 5521 οῦτε
3265 5470 3322 5520 ἐν
3357 5470 3623 5538 προςὰσει
3668 5470 4006 5534 πλεονεξὶα;’

2465 5562 2595 5622 Θεὸς
2628 5561 2868 5631 μάρτυςο
2900 5559 3022 5612 οὔτε
3068 5560 3354 5630 ζητοῦντες
3399 5560 3458 5624 ἐξ
3503 5559 3806 5632 ἀνθρώπων
3841 5560 4006 5624 δόξαν,

2465 5652 2582 5704 οὐδὲ
2611 5653 2699 5718 ὑφ’
2727 5652 2754 5702 ύ
2765 5651 2900 5721 μῶν,
2926 5651 3046 5705 οὗτε
3071 5651 3178 5704 ἀπὸ
3214 5652 3408 5706 ἄλλων.
3441 5671 3457 5701 ι
3511 5703 3521 5711 _

2552 5746 2696 5797 Ἀντὶ
2721 5744 2837 5811 τοῦ,
2860 5744 3110 5814 λέγοντες
3135 5745 3261 5815 ύμῖν
3291 5747 3358 5799 τὰ
3391 5743 3523 5814 πρὸς
3550 5745 3740 5816 ἡδονήν
3763 5764 3775 5775 ·
3804 5740 4000 5797 ἀλλὀῦο
