4214 6446
196 460 298 521 909

1120 458 1200 517 IN
1237 455 1470 515 EPIST.
1490 456 1587 514 AD
1622 455 2369 515 THESSALONICENSES
2408 458 2453 516 Ι.

3294 460 3397 521 910

194 588 304 632 τως
340 570 701 642 ἐκηρύξαμεν,
726 569 909 639 φησὶν,
933 570 1008 633 ώς
1033 569 1353 639 ἐδοκίμασεν
1382 569 1526 637 ἡμᾶς
1549 569 1577 620 6
1599 567 1747 629 Θεός.
1779 579 1822 633 Α
1855 588 1858 618 :

1734 608 1747 623 .
1779 579 1822 633 Α
1855 577 2023 621 seut:
2075 570 2167 624 sed
2236 570 2310 623 ita
2368 570 2808 639 praadicavimus,
2874 571 3072 641 inquit,
3122 577 3393 641 qu0utodo

197 665 270 714 0'.)
307 665 416 733 γὰρ
461 661 766 733 ἀνθρώποις
792 661 1102 731 ὴρέσαμεν’
1164 660 1284 713 οὐδὲ
1313 660 1421 730 γὰρ
1458 658 1747 713 ἐκολακεύ-

200 772 376 824 ταμεν
403 756 568 825 ὑμᾶς,
593 755 725 809 ἀλλά
750 754 820 806 τά
853 754 1082 807 ἐπίπονα
1115 752 1475 824 ἐκηρύξαμενρ
1516 770 1535 801 ›

283 952 301 983 ι
334 932 627 1002 Δυνάμενοι
658 934 714 984 ἐν
741 931 892 1001 βάρει
925 928 1067 984 εἶναι
1091 930 1164 991 ώς
1184 928 1417 999 Χριστοῦ
1440 928 1746 990 ἀπόστολοι,

203 1024 318 1076 ἀλλ’
362 1025 725 1093 ἐγεννήθημεν
757 1025 909 1092 ῆπιοι
940 1024 996 1073 ἐν
1029 1023 1176 1092 μέσῳ
1211 1022 1383 1090 ὑμῶν,
1415 1021 1490 1081 ὡς
1532 1020 1597 1071 ἂν
1624 1037 1750 1089 τρο-

208 1117 309 1183 φὸς
359 1116 536 1185 θάλπῃ
589 1117 656 1166 τά
706 1115 902 1183 ἑαυτῆς
957 1113 1142 1166 τέκνα.
1174 1112 1358 1174 Οὕτως
1409 1112 1739 1179 ἱμειρόμενοι

207 1208 387 1276 ὑμῶν,
434 1205 758 1275 εὐδοκοῦμεν
810 1205 1127 1274 μεταδοῦναι
1169 1204 1317 1272 ύμῖν,
1372 1203 1432 1254 ού
1494 1203 1649 1270 μόνον
1691 1201 1751 1252 τὸ

205 1297 533 1365 Εὖαγγέλιον
569 1296 661 1349 τοῦ
699 1294 851 1355 Θεοῦ.
883 1295 1017 1348 ἀλλά
1057 1295 1152 1347 καὶ
1181 1295 1276 1355 τὰς
1316 1292 1519 1345 ἑαυτῶν
1549 1292 1748 1361 ψυχὰς,

202 1390 341 1441 διότι
380 1388 645 1457 ἀγαπητοὶ
674 1388 802 1457 ἡμῖν
842 1384 1158 1454 γεγένησθε.
1202 1383 1583 1453 Μνημονεύετε
1620 1383 1748 1451 γὰρ,

204 1479 445 1546 ἀδελφοὶ,
479 1478 568 1529 τὸν
598 1477 760 1530 κόπον
790 1477 965 1545 ἡμῶν,
1000 1476 1092 1527 καὶ
1134 1475 1225 1526 τὸν
1288 1472 1485 1542 μόχθον
1510 1490 1524 1503 ο
1560 1471 1752 1532 νυκτὸς

207 1571 319 1641 γὰρ
345 1571 438 1621 καὶ
468 1568 677 1637 ἡμέρας
706 1566 1055 1636 ἐργαζόμενοι
1079 1565 1210 1636 πρὸς
1236 1564 1295 1616 τὸ
1324 1564 1396 1633 μὴ
1427 1560 1752 1630 ἐπιϐαρῆσαί

207 1679 333 1714 τινα
364 1660 533 1729 ὑμῶν,
566 1658 907 1727 ἐκηρύξαμεν
933 1660 1012 1720 είς
1045 1659 1186 1727 ὑμᾶς
1218 1655 1278 1707 τὸ
1302 1654 1627 1721 Εὑαγγέλιον
1660 1652 1752 1703 τοῦ

206 1752 366 1803 Θεοῦ.
408 1751 592 1818 Ὑμεῖς
625 1750 729 1820 γάρ
766 1749 1057 1818 μάρτυρες,
1102 1747 1196 1800 καὶ
1228 1748 1255 1798 6
1288 1745 1435 1810 Θεὸς,
1458 1745 1531 1806 ὡς
1572 1743 1750 1805 ὁσίως,

210 1841 309 1893 καὶ
340 1838 583 1901 δικαίως,
612 1839 705 1890 καὶ
746 1837 1046 1906 ἀμέμπτως
1080 1836 1208 1903 ὑμῖν
1254 1837 1363 1895 τοῖς
1409 1831 1754 1885 πιστεύουσιν

1851 658 1993 713 Deus
2022 660 2088 713 de
2121 661 2282 716 nobis
2324 661 2622 727 periculum
2652 663 2803 717 fecit.
2835 660 2954 715 Non
2988 663 3133 717 enim
3164 664 3398 718 bomini«

1850 752 1950 806 bus
1970 750 2300 819 placuimus:
2329 754 2525 823 quippe
2556 755 2648 821 qui
2668 770 2770 807 non
2793 754 2996 808 adulati
3019 756 3194 810 simus
3223 758 3391 821 vobis,

1850 843 1942 897 sed
1978 857 2097 911 qua:
2125 858 2313 911 aspera
2341 851 2546 910 essent,
2580 845 2944 901 docuerimus.

1919 933 2081 991 Vens.
2117 934 2256 987 7-15.
2291 955 2308 984 ‹
2354 938 2486 989 Cum
2530 951 2815 1005 possemus
2859 938 3013 993 vobis
3069 938 3222 993 oneri
3276 955 3397 994 esse

1851 1034 1910 1078 ut
1941 1025 2146 1080 Christi
2177 1027 2427 1095 apostoli,
2457 1028 2549 1081 sed
2582 1027 2712 1081 facti
2738 1044 2925 1085 sumus
2960 1032 3168 1099 parvuli
3205 1031 3257 1084 in
3281 1048 3397 1085 me—

1851 1117 1942 1170 dio
1960 1125 2218 1189 vestrum,
2258 1125 2516 1186 tauquam
2542 1119 2587 1174 si
2624 1121 2812 1173 nutrix
2863 1120 3040 1175 foveat
3069 1122 3211 1177 filios
3241 1139 3393 1179 suos.

1852 1205 1926 1259 Ita
1981 1206 2360 1262 desiderantes
2418 1222 2516 1262 vos
2564 1209 2782 1278 cupide,
2840 1210 3159 1265 volebamus
3184 1212 3397 1266 tradere

1851 1292 2023 1352 vobis,
2077 1307 2185 1346 non
2220 1294 2391 1349 solum
2421 1294 2770 1364 Evangelium
2801 1297 2919 1365 Dei,
2951 1298 3047 1353 sed
3094 1302 3255 1353 etiam
3280 1302 3393 1353 ani.

1853 1400 1969 1439 mas
1996 1395 2231 1448 nostras,
2265 1390 2520 1456 quoniam
2566 1390 2870 1445 charissimi
2904 1392 3064 1447 nobis
3089 1392 3213 1447 facti
3244 1395 3397 1449 estis.

1851 1475 2116 1531 Memores
2140 1478 2281 1532 enim
2314 1480 2471 1545 estis,
2499 1479 2719 1545 fratres,
2753 1482 2956 1539 laboris
2990 1484 3165 1539 nostri
3193 1492 3247 1538 et
3273 1483 3397 1538 fati-

1852 1568 2084 1635 gationis
2115 1585 2128 1620 :
2171 1578 2331 1625 nocte
2357 1579 2409 1625 et
2440 1573 2527 1626 die
2544 1581 2856 1642 operantes,
2887 1592 2953 1629 ne
2980 1592 3137 1644 quem
3162 1584 3397 1632 vestrum

1854 1670 2230 1721 gravaremus,
2281 1657 2695 1726 prtedicavimus
2744 1663 2797 1716 in
2850 1664 3005 1719 vobis
3048 1664 3399 1736 Evangelium

1853 1741 1968 1795 Dei.
2022 1742 2128 1797 Vos
2164 1746 2306 1798 enim
2340 1755 2499 1803 testes
2529 1753 2657 1804 estis
2715 1762 2767 1804 et
2812 1752 2978 1816 Deus,
3016 1769 3177 1823 quam
3213 1765 3401 1810 sancte

1854 1841 1906 1885 et
1940 1831 2107 1901 juste,
2130 1842 2181 1888 et
2212 1836 2329 1890 sine
2377 1840 2595 1907 querela
2624 1841 2799 1904 vobis,
2830 1846 2924 1911 qui
2948 1844 3274 1909 credidistis,
3296 1844 3402 1899 fui-

216 1932 447 1999 ἐγενήθη
458 1946 553 1997 μεν
574 1946 588 1959 ’
622 1927 870 1995 καθάπερ
897 1927 1090 1991 οἴδατε,
1110 1925 1183 1987 ώς
1207 1924 1299 1976 ’ἐνα
1328 1924 1555 1975 ἕκαστον
1580 1920 1751 1989 ὑμῶν,
1786 1921 1826 1975 Β
1853 1939 1880 1975 n

1738 1961 1751 1983 ,
1786 1921 1826 1975 Β
1853 1938 1976 1978 mus
2010 1941 2022 1976 :
2059 1926 2201 1979 sicut
2225 1929 2399 1993 scitis,
2433 1932 2665 1998 qualiter
2702 1949 3142 2005 unumquemque
3158 1944 3399 1991 vestrum

205 2023 286 2083 ὼς
311 2020 488 2089 πατὴρ
520 2020 684 2071 τέκνα
723 2017 937 2081 ἐαυτοῦ,
976 2015 1414 2087 παρακαλοῦντες
1455 2013 1617 2081 ὑμᾶς,
1663 2013 1755 2063 καὶ

208 2112 714 2183 παραμυθούμενοι,
750 2112 843 2162 καὶ⁵
869 2110 1268 2180 μαρτυρόμενοι
1304 2107 1384 2166 εἰς
1423 2103 1483 2155 τὸ
1524 2119 1756 2173 περιπα-

206 2205 373 2273 τῆσαι
402 2203 543 2271 ὑμᾶς
569 2198 731 2265 ἀξίως
755 2200 846 2252 τοῦ
879 2198 1033 2262 Θεοῦ,
1061 2198 1154 2251 τοῦ
1201 2195 1487 2258 καλοῦντος
1512 2195 1653 2265 ὑμᾶς
1678 2196 1756 2256 εἰς

206 2295 309 2360 τὴν
336 2291 525 2344 ἐαυτοῦ
558 2289 829 2360 βασιλείαν
852 2291 943 2342 καὶ
969 2289 1144 2352 δόξαν.
1168 2288 1263 2339 Διά
1291 2286 1449 2338 τοῦτο
1477 2287 1571 2339 καὶ
1596 2287 1756 2355 ἡμεῖς

207 2386 637 2455 εὐχαριστοῦμεν
671 2381 749 2451 τῷ
792 2382 909 2451 Θεῷ
946 2381 1332 2443 ἀδιαλείπτως,
1381 2380 1462 2430 ὃτι
1511 2377 1757 2446 παραλα-

206 2479 395 2540 6όντες
426 2477 580 2543 λόγον
623 2476 790 2545 ἀκοῆς
820 2474 948 2544 παρ’
987 2472 1140 2543 ἡμῶν
1178 2471 1269 2524 τοῦ
1298 2470 1451 2535 Θεοῦ,
1482 2466 1753 2531 ἐδέξασθε,

205 2571 273 2622 ού
297 2570 453 2637 λόγον
474 2568 569 2621 ἀνθ
580 2566 793 2639 ρώπων,
812 2566 965 2631 ἀλλὰ,
985 2563 1165 2626 καθώς
1185 2564 1331 2614 ἐστιν
1351 2560 1584 2631 ἀληθῶς,
1602 2559 1756 2626 λόγον

208 2658 369 2722 Θεοῦ,
414 2660 471 2723 ὃς
521 2659 615 2712 καὶ
658 2660 957 2728 ἐνεργεῖται
999 2658 1055 2708 ἐν
1088 2656 1214 2724 ύμῖν
1248 2655 1355 2716 τοῖς
1389 2649 1752 2704 πιστεύουσιν.

216 2750 411 2819 Ὑμεῖς
483 2748 591 2819 γὰρ
667 2748 898 2817 μιμηταὶ
975 2746 1299 2816 ἐγενήθητε,
1356 2744 1598 2813 ἀδελφοὶ,
1650 2741 1757 2794 τῶν

219 2841 558 2910 Ἐκκλησιῶν
589 2839 681 2893 τοῦ
703 2837 858 2901 Θεοῦ,
886 2837 992 2891 τῶν
1040 2837 1211 2890 οὐσῶν
1250 2837 1307 2887 ἐν
1344 2837 1409 2904 τῇ
1446 2831 1667 2903 Ἰουδαίᾳ
1698 2834 1757 2884 ἐν

206 2935 431 3003 Χριστῷ
475 2930 668 3002 Ἰησοῦ,
695 2932 774 2983 ὅτι
804 2931 873 2982 τά
903 2929 1040 2982 αύτά
1073 2928 1302 2982 ἐπάθετε
1340 2927 1431 2979 καὶ
1462 2927 1615 2995 ὑμεῖς
1650 2924 1757 2977 ἀπὸ

204 3028 318 3077 τῶν
346 3026 489 3076 ἰδίων
512 3021 883 3092 συμφυλετῶν,
900 3020 1081 3083 καθὼς
1101 3022 1193 3073 καὶ
1216 3021 1365 3073 αὐτοὶ
1388 3019 1489 3072 ὑπὸ
1516 3018 1622 3071 τῶν
1637 3018 1760 3069 Ἰου-

204 3117 397 3180 δαίων,
412 3117 519 3168 τῶν
549 3115 640 3167 καὶ
663 3115 753 3167 τὸν
778 3114 979 3182 Κύριον
1013 3113 1445 3166 ἀποκτεινάντων
1480 3110 1700 3180 Ἰησοῦν.
1735 3129 1752 3162 ι

279 3207 602 3269 Τουτέστιν,
636 3206 882 3257 ἀπαιτεῖν
924 3205 1054 3274 παρ’
1109 3205 1261 3274 ὑμῶν
1293 3204 1478 3274 τιμάς,
1518 3203 1592 3264 ὡς
1633 3218 1757 3254 τοσ-

206 3299 372 3353 οῦτον
421 3298 849 3369 ἐγχειρισθὲντες
899 3297 1115 3366 ἀξίωμα
1141 3337 1154 3361 ,
1210 3297 1347 3349 ἀλλὰ
1388 3295 1756 3362 ταπεινότεροι

204 3390 319 3443 τῶν
350 3389 603 3459 μαθητῶν
634 3389 910 3458 γενόμενοι
936 3386 1267 3440 διδάσκαλοι.

287 3583 305 3614 ι
345 3564 453 3616 Καὶ
476 3563 600 3625 τοὺς
634 3561 795 3624 ἰδίους
825 3562 1124 3633 προφήτας,
1148 3561 1243 3615 καὶ
1276 3561 1424 3631 ἡμᾶς
1472 3559 1758 3624 ἐκδιωξάν-

203 3671 340 3716 των,
382 3654 474 3704 καὶ
494 3652 612 3721 Θεῷ
648 3651 721 3721 μὴ
750 3652 1107 3721 ἀρεσκόντων.
1146 3671 1167 3704 ι

282 3746 497 3805 Μέσους
553 3743 734 3812 τίθησι
779 3743 901 3805 τοὺς
942 3744 1221 3813 προφήτας
1253 3742 1347 3796 τοῦ
1409 3742 1611 3812 Κυρίου
1665 3743 1756 3795 καὶ

212 3836 329 3889 τῶν
361 3834 692 3896 ἀποστόλων,
723 3833 809 3886 ἵνα
864 3834 956 3886 καὶ
994 3835 1122 3903 περὶ
1162 3832 1380 3895 τούτους
1407 3834 1551 3904 δείξῃ
1598 3849 1753 3899 γεγο-

203 3925 371 3985 νότας
394 3925 615 3987 κακοὺς,
651 3923 742 3986 οὓς
778 3923 1125 3993 ὁμολογοῦσιν
1166 3924 1326 3986 ἰδίους
1359 3919 1515 3976 εἷναι.
1550 3924 1658 3977 Καὶ
1695 3924 1755 3976 τὸ

202 4015 399 4084 μέσον,
440 4017 578 4066 ποιεῖ
605 4014 797 4077 αὐτοὺς
826 4014 904 4077 εἰς
926 4014 992 4065 τά
1020 4012 1164 4083 ἄκρα
1184 4012 1407 4076 κακούς.
1433 4041 1453 4071 ο

281 4209 302 4242 σ
349 4191 458 4242 Καὶ
508 4191 673 4243 πᾶσιν
721 4190 1029 4260 ἀνθρώποις
1094 4192 1383 4254 ἐναντίων,
1443 4192 1755 4245 κωλυόντων

201 4285 357 4353 ἡμᾶς
392 4285 506 4345 τοῖς
536 4283 711 4336 ἔθνεσι
740 4284 988 4353 λαλῆσαι,
1022 4284 1108 4337 ἴνα
1142 4284 1406 4347 σωθῶσιν,
1436 4286 1516 4346 εἰς
1542 4286 1603 4337 τὸ
1628 4287 1758 4338 ἀναο

202 4374 498 4443 πληρῶσαι
528 4374 707 4427 αὐτῶν
729 4374 825 4437 τὰς
855 4374 1126 4446 ἁμαρτίας
1150 4375 1399 4429 πάντοτε.
1435 4394 1453 4426 ι

277 4462 564 4515 Κωλύουσι
585 4463 693 4531 γὰρ
719 4464 913 4525 αὐτοὺς
939 4463 1222 4526 σώζεσθαι.

282 4570 303 4602 ι
344 4551 610 4618 Ἔφθασεν
639 4553 723 4604 ἐπ’
757 4554 951 4616 αὐτοὺς
987 4556 1020 4625 ή
1072 4556 1209 4627 ὀργὴ
1240 4558 1318 4621 εἰς
1354 4558 1524 4621 τέλος.
1561 4559 1751 4629 Ἡμεῖς
1780 4579 1825 4633 ι)

199 4644 282 4707 ὢ,
316 4644 550 4711 ἀδελφοὶ,
583 4646 1075 4714 ἀπορφανισθέντες
1099 4650 1192 4716 ἀφ’
1218 4650 1369 4719 ὑμῶν
1399 4654 1534 4721 πρὸς
1564 4652 1753 4721 καιρὸν

200 4734 380 4804 ὧρας,
407 4733 699 4803 προσώπῳ,
740 4737 800 4787 οὐ
845 4737 1067 4808 καρδίᾳ,
1121 4742 1519 4810 περισσοτέρως
1558 4744 1753 4795 ἐσπου-

201 4825 451 4891 δάσαμεν
470 4826 532 4875 τὸ
560 4826 847 4894 πρόσωπον
876 4827 1026 4896 ὑμῶν
1052 4830 1178 4881 ἰδεῖν
1201 4833 1257 4883 ἐν
1278 4831 1442 4901 πολλῇ
1469 4832 1748 4900 ἐπιθυμίᾳ.

202 4914 297 4966 Διὸ
332 4914 670 4981 ἠθελήσαμεν
698 4916 869 4967 ἐλθεῖν
902 4918 1032 4987 πρὸς
1060 4918 1221 4987 ὑμᾶς,
1252 4920 1362 4987 ἐγὼ
1390 4920 1488 4988 μὲν
1523 4922 1729 4983 Παῦλος

204 5006 305 5056 καὶ
330 5004 499 5069 ἅπαξ,
528 5005 619 5056 καὶ
657 5005 757 5067 δίς.
795 5025 814 5057 ι

287 5096 437 5147 Ἀντὶ
462 5094 575 5159 τοῦ,
608 5095 1006 5165 ἐπληρώθησαν
1031 5098 1208 5151 αὐτῶν
1239 5102 1295 5151 αἱ
1324 5101 1608 5170 ἁμαρτίαι.

281 5282 303 5315 ι
335 5264 445 5316 Καὶ
474 5264 725 5332 ἐνέκοψεν
757 5266 899 5334 ὑμᾶς
929 5270 955 5319 6
986 5270 1248 5333 Σατανᾶς.
1281 5290 1299 5321 ι

285 5355 504 5424 Ἐπειδὴ
536 5356 593 5407 ai
631 5355 833 5423 θλίψεις
865 5358 920 5408 αἱ
966 5358 1052 5411 διὰ
1096 5361 1154 5412 τὸ
1186 5362 1463 5431 κήρυγμα,
1514 5364 1749 5416 ἐνεπόδι-

194 5462 326 5509 σαν,
352 5444 545 5497 τούτου
577 5445 732 5515 χάριν
756 5446 921 5509 αύτάς
958 5448 1054 5510 τὰς
1088 5449 1293 5516 θλίψεις
1347 5451 1625 5520 ἀνατίθησι
1676 5454 1750 5522 τῷ

194 5537 435 5606 Σατανᾷ.
480 5537 714 5600 Ἐκεῖνος
742 5538 848 5607 γὰρ
876 5534 942 5608 ἦν
977 5540 1004 5590 6
1036 5532 1483 5611 ἐπεγείρων,’καὶ
1517 5529 1747 5615 παροξύξ

193 5644 310 5681 νων
340 5627 482 5680 κατά
508 5628 614 5681 τῶν
642 5628 951 5683 ἀποστόλων
971 5632 1095 5695 τοὺς
1125 5634 1405 5698 ἀπίστους.

280 5822 297 5852 ι
334 5804 428 5865 Τίς
462 5803 568 5874 γὰρ
595 5804 750 5874 ἡμῶν
780 5806 959 5871 ἐλπὶς,
1006 5808 1037 5877 ἦ
1071 5809 1231 5879 χαρὰ,
1266 5810 1297 5877 ἢ
1331 5826 1590 5879 στεφανος
1617 5831 1746 5865 mu-

1856 2013 2033 2082 (sicut
2064 2026 2216 2085 pater
2240 2017 2381 2074 ﬁlios
2420 2021 2586 2091 suos)
2613 2022 2968 2091 deprecantes
2996 2041 3093 2080 vos
3124 2036 3177 2080 et
3205 2042 3397 2082 conso-

1854 2106 1891 2158 Ιι
1948 2114 2048 2172 :es,
2087 2108 2354 2164 testiﬁcati
2384 2128 2594 2177 sumus,
2622 2116 3050 2172 utambularetis
3077 2118 3238 2187 digne
3260 2120 3393 2185 Deo,

1854 2215 1947 2267 qui
1978 2202 2190 2254 vocavit
2216 2218 2311 2257 vos
2363 2204 2417 2257 in
2446 2221 2603 2259 suum
2644 2223 2865 2276 regnum
2899 2218 2953 2264 et
2995 2211 3242 2278 gloriam.
3275 2213 3400 2267 ldeo

1854 2295 1907 2341 et
1925 2303 2023 2343 nos
2053 2292 2251 2358 gratias
2290 2294 2500 2364 agimus
2538 2295 2646 2352 Deo
2676 2300 2793 2354 sine
2815 2300 3241 2367 intermissione,
3262 2320 3399 2373 quo-

1854 2375 1997 2429 niam
2030 2393 2152 2431 cum
2180 2384 2527 2448 accepissetis
2554 2400 2583 2438 a
2607 2386 2763 2443 nobis
2792 2389 3013 2442 verbum
3046 2392 3262 2448 auditus
3287 2391 3397 2457 Dei,

1855 2467 2139 2535 accepistis
2161 2469 2314 2535 illud,
2336 2488 2442 2528 non
2467 2486 2524 2528 ut
2551 2477 2771 2532 verbum
2797 2479 3097 2547 hominum,
3133 2482 3228 2538 sed
3249 2488 3266 2548 (
3288 2484 3399 2539 sic-

1856 2564 1914 2609 ut
1941 2570 2024 2613 est
2050 2562 2202 2631 vere)
2235 2566 2456 2620 verbum
2492 2570 2602 2633 Dei,
2627 2571 2718 2640 qui
2767 2580 2817 2625 ct
2862 2581 3117 2643 operatur
3138 2580 3193 2630 in
3222 2578 3396 2643 vobis,

1855 2649 1949 2717 qui
2006 2651 2338 2711 credidistis.
2394 2657 2497 2713 Vos
2529 2663 2669 2715 enim
2720 2662 3023 2724 imitatores
3056 2667 3185 2724 facti
3243 2672 3397 2734 estis,

1856 2735 2076 2803 fratres,
2135 2740 2501 2800 Ecclesiarum
2549 2747 2667 2813 Dei,
2704 2767 2823 2820 qua:
2860 2762 2987 2808 sunt
3032 2756 3090 2810 in
3126 2755 3312 2812 Judma
3340 2760 3393 2813 in

1855 2825 2071 2885 Christo
2100 2829 2229 2886 Jesu
2258 2849 2271 2887 :
2300 2836 2427 2904 quia
2456 2837 2640 2892 eadem
2674 2843 2818 2908 passi
2845 2845 2978 2899 estis
3002 2854 3056 2899 et
3087 2861 3186 2902 vos
3214 2863 3244 2901 a
3269 2864 3401 2903 con-

1855 2918 2148 2978 tribulibus
2210 2928 2427 2991 vestris,
2466 2930 2609 2982 sicut
2658 2941 2713 2987 et
2772 2934 2871 3002 ipsi
2902 2934 3178 3005 aJudaais,
3227 2941 3319 3011 qui
3348 2951 3402 2996 et

1859 3004 2143 3063 Dominum
2175 3013 2491 3071 occiderunt
2515 3016 2719 3074 Jesum.
2748 3041 2767 3072 ι

1925 3183 2038 3241 Hoc
2084 3196 2190 3254 est,
2250 3208 2373 3246 cum
2433 3210 2717 3264 possemus
2781 3202 3010 3268 pretium
3058 3219 3088 3257 a
3123 3205 3279 3262 vobis
3343 3216 3399 3263 et

1860 3278 2160 3333 mercedem
2216 3285 2458 3353 exigere,
2493 3302 2586 3340 ceu
2618 3289 2711 3358 qui
2762 3290 3029 3359 ejusmodi
3053 3311 3276 3352 munere
3304 3314 3397 3353 or-

1857 3365 1968 3418 nati
1997 3379 2287 3434 essemus;
2320 3372 2435 3435 sed,
2461 3373 2559 3427 etsi
2584 3378 2827 3446 magistri
2868 3394 3108 3448 eramus,
3161 3384 3400 3457 discipu-

1857 3455 1924 3511 lis
1966 3458 2285 3516 humiliores
2308 3478 2410 3518 nos
2432 3466 2777 3535 praebuimus.

1930 3566 1949 3598 ι
1983 3549 2049 3602 Et
2098 3554 2389 3622 prophetas
2448 3572 2599 3623 suos,
2622 3568 2674 3613 et
2709 3577 2810 3617 nos
2850 3567 3121 3633 persecuti
3161 3578 3309 3636 sunt,
3346 3581 3402 3628 et

1855 3635 1966 3692 Deo
1991 3656 2098 3695 non
2135 3644 2372 3712 placent.
2401 3667 2419 3697 ι

1924 3728 2098 3785 Medio
2129 3734 2268 3799 loco,
2300 3736 2585 3794 Dominum
2612 3741 2753 3798 inter
2777 3750 2832 3799 et
2849 3747 3147 3814 apostolos,
3172 3752 3402 3823 prophe-

1855 3828 1940 3875 tas
1971 3824 2143 3893 ponit,
2174 3834 2233 3878 ut
2252 3830 2504 3883 ostendat
2528 3830 2741 3889 Iudaeos
2765 3851 2920 3891 suam
2974 3839 3235 3895 malitiam
3273 3859 3401 3915 erga

1854 3910 1976 3966 illos
2003 3913 2324 3980 prodidisse,
2365 3918 2502 3986 ques
2526 3922 2750 3988 gentiles
2779 3938 2907 3977 suos
2932 3939 3054 3979 esse
3082 3910 3399 3983 faterentur.

1855 3999 2119 4070 Quodque
2181 4006 2472 4075 prophetas
2532 4011 2708 4066 medio
2741 4013 2862 4068 loco
2890 4016 3103 4083 statuit,
3143 4029 3399 4075 extrema:

1857 4094 1977 4148 illos
2007 4096 2258 4164 nequitia:
2290 4114 2408 4154 esse
2435 4102 2722 4170 signiﬁcat.

1930 4202 1948 4236 ι
1986 4182 2051 4237 Et
2096 4188 2348 4242 omnibus
2401 4190 2713 4248 hominibus
2768 4194 3155 4264 adversantur;
3191 4199 3398 4271 [νεεδ.

1856 4274 1921 4327 l6
1940 4273 1958 4345 ]
1980 4275 2327 4345 prohibentes
2354 4294 2455 4334 nos
2486 4283 2739 4350 gentibus
2767 4286 2937 4353 loqui,
2969 4295 3029 4341 ut
3047 4290 3212 4346 salva:
3242 4292 3397 4359 ﬁant,

1855 4374 1913 4419 ut
1939 4367 2198 4435 impleant
2226 4378 2443 4437 peccata
2468 4386 2567 4427 sua
2584 4389 2821 4445 semper.
2857 4398 2876 4429 ι

1924 4458 2128 4513 Arcent
2158 4462 2298 4515 enim
2330 4473 2386 4515 et
2411 4463 2711 4533 impediunt
2739 4484 2832 4523 eas
2856 4485 2924 4525 ne
2952 4471 3117 4528 salvae
3145 4473 3296 4533 ﬁant.

1929 4568 1947 4598 ‹
1984 4549 2235 4605 Pervenit
2286 4553 2431 4606 enim
2461 4556 2539 4608 ira
2572 4573 2734 4627 super
2764 4560 2883 4616 illos
2928 4578 3103 4632 usque
3131 4564 3184 4619 in
3213 4566 3395 4623 finem.

1854 4635 2056 4706 [νεεδ.
2094 4639 2180 4701 17,
2207 4639 2322 4711 18.]
2344 4640 2451 4697 Nos
2472 4654 2673 4711 autem,
2703 4647 2916 4714 fratres,
2934 4651 3160 4707 desolati
3188 4669 3218 4707 a
3245 4658 3398 4711 vobis

1851 4728 1918 4779 ad
1949 4737 2163 4799 tempus
2196 4732 2363 4795 home,
2399 4744 2622 4803 aspectu
2675 4753 2780 4791 non
2813 4741 3000 4805 corde,
3030 4744 3397 4802 abundantius

1852 4814 2226 4874 festinavimus
2249 4820 2439 4875 faciem
2480 4834 2715 4879 vestram
2750 4828 2937 4883 videre
2958 4845 3079 4884 eum
3106 4834 3276 4889 multo
3300 4837 3395 4891 de-

1850 4907 2049 4963 siderio
2086 4928 2098 4962 :
2129 4916 2385 4977 quoniam
2404 4914 2673 4968 voluimus
2706 4922 2889 4972 venire
2920 4920 2986 4974 ad
3012 4936 3127 4987 vos,
3154 4938 3254 4993 ego
3273 4928 3397 4995 qui-

1851 4996 1972 5051 dem
2015 4999 2213 5054 Paulus
2238 5009 2292 5054 et
2322 5005 2485 5056 semel
2511 5011 2566 5056 et
2593 5006 2810 5059 iterum.
2851 5027 2868 5056 ι

1921 5090 2025 5145 Pro
2058 5106 2122 5144 eo
2148 5108 2211 5146 ac
2264 5096 2309 5147 si
2350 5096 2605 5150 diceret:
2661 5099 2935 5169 Completa
2994 5112 3124 5158 sunt
3178 5119 3397 5175 peccata

1849 5197 2060 5236 eorum.

1925 5291 1943 5321 ‹
1970 5271 2073 5327 Sed
2106 5273 2385 5343 impedivit
2416 5295 2516 5333 nos
2546 5280 2795 5335 Satanas.
2833 5303 2851 5333 ›

1923 5357 2186 5425 Quoniam
2221 5364 2536 5421 aﬂlictiones
2564 5384 2699 5437 quas
2737 5381 2953 5439 propter
2984 5374 3399 5441 praedicationes

1850 5451 2208 5519 pertulerant,
2267 5455 2401 5524 ipsis
2468 5459 2856 5527 impedimento
2881 5460 3116 5529 fuerant,
3158 5481 3278 5519 eam
3329 5471 3398 5519 oh

1850 5558 1961 5597 rem
2010 5543 2131 5597 illas
2173 5546 2419 5600 attribuit
2475 5547 2709 5603 Satanae.
2738 5552 2872 5603 Nam
2906 5552 2953 5605 is
2986 5564 3102 5608 erat
3151 5559 3245 5624 qui
3277 5558 3397 5611 inti-

1850 5635 1995 5689 deles
2050 5637 2315 5692 adversus
2350 5640 2667 5708 Apostolum
2691 5643 2966 5697 excitabat
2995 5652 3048 5699 et
3092 5646 3397 5703 instimula-

1850 5725 1943 5778 bat

1916 5818 2079 5888 218
2114 5820 2273 5876 VERS.
2313 5821 2399 5887 l9,
2426 5822 2513 5876 ΞΟ.
2555 5842 2571 5874 ι
2599 5826 2728 5889 Quae
2756 5827 3008 5882 est‘cniin
3038 5837 3221 5883 nostra
3250 5844 3395 5892 spes.
