4214 6446
800 449 896 515 Si}
1932 457 1970 510 ς
2015 454 2388 514 ,ΙιὶΛΥΝΙςΙ

2370 456 2790 516 DAMASCEVI

3897 465 3994 530 912

802 572 896 618 aut
929 562 1208 635 gaudium,
1238 571 1330 614 aut
1355 576 1556 616 corona
1592 562 1815 632 gloriae?
1847 575 2203 621 nonncctvos
2233 575 2356 620 ante
2384 616 2388 624 .

2384 572 2426 624 Α
2459 568 2702 637 χὴσ;‹ι›ς;
2733 571 2766 639 ἢ
2817 571 2938 639 οὐχὶ
2986 574 3079 624 καὶ
3108 574 3264 643 ὑμεῖς
3305 575 3608 646 ἔμπροσθεν
3647 579 3740 632 τοῦ
3794 581 3992 654 Κυρίου

799 655 1087 709 Dominum
1140 663 1385 707 nostrum
1444 653 1631 709 Jesum
1683 655 1965 710 Christum
1996 657 2128 710 estis
2160 659 2212 710 in
2250 658 2343 711 ad-

798 757 960 798 ventu
1013 744 1168 813 ejus?
1193 740 1303 796 Vos
1334 745 1479 797 enim
1536 746 1672 798 estis
1707 747 1879 815 gloria
1911 754 2097 799 nostra
2131 757 2185 801 et
2209 763 2342 816 gau-

797 838 968 889 dium.
995 856 1014 886 ι

862 929 995 982 Nam
1031 930 1121 998 qui
1155 930 1294 984 inter
1320 927 1571 981 doctores
1607 927 1887 982 ordinatus
1938 937 2042 994 est,
2086 944 2343 984 coronam

2455 660 2611 730 ἡμῶν
2653 661 2827 732 Ἰησοῦ
2853 664 2909 714 ὲν
2942 667 3008 734 τῇ
3037 665 3200 719 αὑτοῦ
3232 669 3537 740 παρουσίᾳ;
3572 671 3728 741 ὑμεῖς
3747 673 3855 743 γάρ
3877 676 3988 727 ἐστε

2454 753 2487 819 ἡ
2515 751 2639 814 δόξα
2660 751 2816 821 ἡμῶν
2846 755 2934 806 καὶ
2966 758 3000 824 ἡ
3027 756 3184 826 χαρά.
3213 776 3232 808 ι

2546 929 2587 976 0
2637 928 2746 998 γὰρ
2786 931 3113 999 τεταγμένος
3165 934 3223 986 ἐν
3259 934 3612 999 διδασκάλοις,
3661 939 3846 994 τοῦτον
3883 941 3984 1010 ἔχει

797 1021 936 1074 hane
956 1032 1008 1074 et
1029 1023 1285 1091 gaudium
1314 1020 1494 1085 habet,
1525 1029 1583 1072 ut
1613 1019 1870 1089 discipuli
1911 1035 2228 1092 progressus
2264 1020 2344 1074 fa-

2449 1019 2712 1084 στέφανον
2766 1022 2865 1072 καὶ
2923 1022 3128 1090 χαρὰν,
3176 1024 3277 1095 τὴν
3321 1024 3428 1077 τῶν
3480 1026 3738 1097 μαθητῶν
3796 1049 3987 1102 προκο-

796 1115 963 1167 ciant.

1387 1205 1540 1260 CAP.
1591 1205 1683 1262 III.

875 1294 1033 1348 Vens.
1069 1295 1180 1348 1-3.
1209 1315 1228 1345 ι
1266 1294 1490 1365 Propter
1535 1295 1677 1364 quod
1712 1312 1818 1350 non
1856 1297 2188 1351 sustinentes
2221 1310 2335 1348 am-

792 1386 956 1454 plius,
984 1386 1184 1454 placuit
1225 1387 1397 1439 nobis.
1436 1405 1454 1436 ι

868 1472 975 1525 lloc
1001 1476 1165 1526 vr-rbo
1199 1475 1387 1542 ingens
1409 1474 1528 1541 ejus
1553 1489 1705 1528 amor
1727 1476 2132 1530 commendatur

881 1584 898 1614 ι
933 1567 1229 1619 lle-manere
1261 1565 1508 1627 Athenis,
1563 1567 1730 1619 solis:
1775 1575 1829 1619 et
1878 1567 2126 1621 misimus
2151 1565 2336 1619 Timo-

791 1657 974 1708 theum
1030 1657 1246 1709 fratrem
1283 1666 1551 1720 nostrum,
1580 1666 1634 1711 et
1668 1659 1974 1712 ministrum
2012 1660 2121 1715 Dei.
2145 1669 2198 1711 et
2239 1659 2336 1710 ad—

787 1748 1023 1814 jutoreni
1075 1757 1322 1802 nostrum
1357 1750 1409 1802 in
1446 1748 1740 1818 Evangelio
1785 1749 2014 1810 Christi,
2040 1750 2106 1803 ad
2130 1749 2337 1804 conﬁr—

791 1841 1016 1893 Inandos
1052 1855 1170 1902 vos,
1204 1849 1258 1893 et
1307 1841 1674 1895 exhortandos
1725 1855 1824 1909 pro
1870 1839 1972 1893 ﬁde
2016 1849 2199 1896 vestra
2238 1861 2252 1873 ο
2279 1850 2335 1895 ut

789 1945 948 1985 nemo
978 1940 1259 1985 moveatur
1280 1931 1334 1984 in
1375 1931 1819 1986 tribulationibus
1839 1930 1977 1986 istis.
2015 1950 2032 1982 ι

847 2103 965 2157 Hoc
989 2103 1263 2173 proprium
1291 2108 1375 2157 est
1409 2101 1687 2158 modestiae
1726 2103 1992 2174 Apostoli.
2014 2102 2134 2173 Ipse
2161 2101 2335 2174 siqui-

787 2197 908 2252 dem
962 2212 1070 2251 non
1106 2202 1216 2249 tam
1269 2195 1696 2265 relinquebatur,
1752 2203 1807 2250 et
1853 2194 2002 2249 solus
2058 2193 2332 2258 manebat,

784 2304 944 2360 quam
975 2289 1065 2358 qui
1091 2288 1262 2357 ipsum
1292 2287 1643 2357 reliquerant.

901 2381 1008 2451 Ipsi
1065 2378 1210 2435 enim
1267 2378 1419 2433 scitis
1489 2379 1632 2449 quod
1673 2379 1724 2431 in
1765 2377 1866 2430 hoc
1898 2376 2061 2446 positi
2119 2391 2330 2433 sumus.

785 2472 970 2546 [Vens
993 2470 1166 2544 4-l5.]
1202 2469 1334 2524 Nam
1367 2481 1564 2526 etcum
1591 2475 1729 2538 apud
1767 2484 1864 2523 vos
1891 2484 2154 2531 essemus,
2192 2482 2330 2536 prae-

781 2565 1090 2620 dicebamus
1125 2562 1278 2618 vobis
1320 2577 1580 2632 passuros
1627 2577 1728 2616 nos
1757 2561 2152 2620 tribulationes.
2188 2557 2331 2614 sicut

780 2670 835 2715 et
863 2659 1058 2715 factum
1091 2667 1194 2723 est,
1225 2665 1280 2712 et
1317 2657 1490 2713 scitis.
1531 2655 1821 2725 Propterea
1857 2663 1912 2709 et
1945 2670 2045 2724 ego
2095 2653 2328 2722 amplius

780 2765 888 2804 non
922 2748 1232 2810 sustinens,
1264 2746 1384 2802 nusi
1432 2746 1498 2800 ad
1554 2745 1985 2815 cognoscendam
2031 2743 2192 2798 ﬁdem
2238 2758 2328 2798 ve-

779 2849 945 2894 stram
972 2881 987 2902 ,
1007 2853 1072 2892 ue
1094 2837 1228 2892 forte
1260 2836 1543 2890 tentaverit
1566 2850 1660 2890 vos
1681 2852 1726 2890 IS
1749 2835 1841 2905 qui
1865 2841 2056 2897 tentat,
2076 2842 2128 2887 et
2152 2833 2326 2887 inanis

780 2929 872 2983 ﬁat
890 2929 1040 2981 labor
1063 2934 1239 2982 vester
1279 2923 1430 2978 Nunc
1461 2931 1642 2978 autem
1677 2931 1921 2977 veniente
1945 2919 2227 2975 Timotheo
2258 2918 2324 2972 ad

780 3036 879 3075 nos
897 3035 926 3073 a
943 3021 1115 3084 vobis,
1131 3030 1186 3073 et
1208 3019 1559 3072 annuntiante
1579 3017 1736 3072 nobis
1757 3015 1912 3070 ﬁdem
1934 3023 1988 3069 et
2008 3012 2323 3068 charitatem

777 3118 1038 3170 vestram,
1071 3117 1124 3162 et
1170 3107 1296 3177 quia
1328 3105 1644 3161 memoriam
1688 3104 1861 3161 nostri
1887 3099 2101 3157 habetis
2127 3101 2321 3153 bonam

777 3217 1012 3270 semper,
1034 3198 1404 3254 desiderantes
1444 3212 1544 3251 nos
1567 3194 1770 3262 videre,
1799 3195 1941 3250 sicut
1975 3201 2028 3249 et
2065 3208 2166 3248 nos
2188 3205 2322 3261 quoo

778 3307 886 3360 que
917 3305 1014 3344 vos
1052 3306 1068 3355 ;
1107 3287 1224 3343 ideo
1245 3286 1505 3342 consolati
1549 3301 1760 3348 sumus,
1822 3285 2034 3348 fratres,
2082 3300 2137 3336 in
2169 3282 2322 3335 vobis

778 3386 832 3437 in
864 3381 1007 3434 omni
1047 3380 1394 3434 tribulatione
1433 3387 1486 3434 et
1512 3378 1759 3444 angustia
1793 3385 1978 3430 nostra
2027 3389 2120 3445 per
2161 3373 2318 3427 ﬁdem

776 3481 1034 3537 vestram,
1089 3470 1344 3540 quoniam
1383 3484 1530 3525 nunc
1584 3472 1835 3527 vivimus.
1865 3467 1910 3522 si
1935 3482 2032 3521 vos
2079 3467 2234 3522 statis
2265 3465 2319 3518 in

778 3561 1024 3614 l'oinino.
1052 3559 1223 3625 Quam
1240 3559 1384 3613 enim
1401 3557 1695 3626 gratiarum
1716 3557 1986 3610 actionem
2014 3568 2308 3624 possumus

775 3653 886 3708 Deo
931 3653 1234 3707 retribuere
1294 3665 1394 3721 pro
1425 3649 1599 3714 vobis,
1660 3649 1714 3702 in
1747 3647 1894 3701 omni
1924 3645 2141 3716 gaudio,
2207 3659 2318 3714 quo

775 3740 1071 3808 gaudemus
1104 3747 1321 3808 propter
1340 3751 1436 3792 vos
1484 3745 1610 3791 ante
1640 3735 1805 3790 Deum
1846 3743 2115 3797 nostrum,
2158 3744 2318 3788 nocte

775 3844 839 3883 ac
895 3829 981 3882 die
1028 3827 1392 3882 abundantius
1434 3834 1680 3889 orantes,
1723 3833 1781 3877 ut
1812 3824 2092 3877 videamus
2125 3819 2315 3875 faciem

773 3929 1029 3980 vestram,
1081 3925 1135 3971 et
1177 3917 1543 3985 conipleainus
1590 3929 1652 3969 ea
1681 3929 1802 3984 qua:
1847 3912 2046 3968 desunt
2075 3911 2196 3965 ﬁdei
2227 3927 2317 3966 ve-

771 4009 934 4065 strae?
964 4008 1079 4078 Ipse
1095 4015 1273 4063 autem
1305 4007 1448 4061 Deus
1483 4017 1535 4058 et
1567 4005 1724 4059 Pater
1750 4012 1955 4067 noster,
1976 4011 2030 4057 et
2055 4002 2316 4055 Dominus

772 4109 956 4154 noster
981 4097 1139 4153 Jesus
1169 4097 1420 4152 Christus
1443 4094 1645 4165 dirigat
1671 4096 1812 4149 viain
1835 4102 2078 4148 nostram
2104 4093 2169 4148 ad
2200 4107 2313 4147 vos.

774 4189 882 4244 \‘os
927 4197 1106 4244 autem
1137 4188 1398 4242 Dominus
1428 4187 1774 4255 multiplicet,
1806 4194 1861 4240 et
1914 4186 2192 4240 abundare
2235 4184 2314 4238 fa-

772 4283 880 4335 ciat
932 4281 1248 4335 charitatem
1277 4288 1512 4334 vestram
1559 4279 1613 4331 in
1647 4278 1898 4343 invicem,
1929 4285 1982 4333 et
2022 4277 2076 4330 in
2103 4292 2316 4345 omnes,

769 4369 1227 4442 quemadmodum
1277 4379 1330 4423 et
1367 4384 1466 4423 nos
1503 4369 1556 4423 in
1595 4369 1769 4433 vobis,
1815 4367 1882 4420 ad
1939 4368 2312 4422 conﬁrmanda

769 4463 932 4515 corda
955 4467 1131 4515 vestra
1157 4460 1276 4515 sine
1303 4459 1544 4528 querela,
1571 4459 1625 4512 in
1674 4457 1961 4512 sanctitate
1992 4459 2048 4511 in
2080 4457 2313 4512 adventu

766 4553 981 4606 Domini
1018 4551 1143 4606 Jesu
1175 4550 1399 4613 Christi,
1439 4563 1562 4603 cum
1593 4550 1846 4604 omnibus
1877 4549 2082 4604 sanctis
2113 4548 2252 4618 ejus.
2287 4567 2305 4600 ι
2340 4571 2388 4628 D

839 4731 909 4786 Ut
931 4733 1248 4800 aflligamur.

1422 4817 1570 4874 CAI’.
1594 4817 1681 4872 IV.

835 4913 978 4969 Vsus
1065 4915 1176 4968 1-5.
1207 4911 1318 4967 cDe
1348 4921 1736 4980 caetero‘ergo.
1779 4908 1996 4973 fratres,
2057 4925 2308 4980 rogamus

768 5021 884 5066 vos.
914 5013 969 5059 et
994 5004 1344 5059 obsecramus
1369 5003 1422 5056 in
1451 4998 1847 5065 DominuJesu,
1879 5007 1940 5052 ut
1958 5001 2311 5069 quemadmo-

769 5097 899 5148 dum
923 5095 1211 5164 accepistis
1237 5111 1266 5147 a
1290 5094 1468 5158 nobis,
1490 5091 1764 5162 quomodo
1795 5105 1892 5146 vos
1926 5100 2172 5162 oporteat
2196 5109 2309 5147 am-

766 5189 951 5242 bulare
973 5195 1028 5241 et
1068 5187 1281 5256 placere
1317 5187 1445 5248 Deo,
1479 5194 1536 5237 ut
1590 5183 1879 5238 abundetis
1911 5185 2103 5253 magis.
2142 5183 2308 5240 Scitis

762 5281 905 5332 enim
958 5294 1076 5348 qua:
1107 5286 1370 5348 praecepta
1410 5275 1652 5330 dederim
1707 5276 1867 5331 vobis
1893 5291 1988 5345 per
2019 5275 2305 5331 Dominum

761 5369 968 5424 Jesum.
1025 5368 1146 5424 Haec
1174 5377 1259 5424 est
1318 5367 1460 5421 enim
1520 5366 1770 5423 voluntas
1821 5367 1915 5423 Dei
1945 5371 2310 5425 sanctiﬁcatio

765 5473 962 5527 vestra,
993 5468 1054 5514 ut
1097 5462 1416 5516 abstineatis
1468 5476 1563 5516 vos
1604 5477 1630 5512 a
1666 5461 2046 5528 fornicatione,
2071 5474 2130 5518 ut
2175 5466 2311 5519 sciat

766 5553 1135 5622 unusquisque
1165 5561 1427 5606 vestrum.
1466 5572 1485 5603 ι

833 5644 931 5699 llic
949 5644 1179 5699 consilia
1209 5643 1340 5697 dare
1362 5652 1529 5713 atque
1562 5645 2010 5713 monereincipit.
2042 5646 2304 5701 Audierat

761 5730 902 5782 enim
933 5729 1130 5784 delicta
1163 5731 1408 5797 quaedam
1444 5730 1584 5798 apud
1625 5730 1746 5785 illus
1800 5731 2123 5793 inolescere.
2151 5751 2304 5787 scor-

762 5823 1020 5877 tationcm
1069 5822 1280 5878 scilicet
1329 5832 1383 5877 et
1447 5821 1793 5886 adulterium,
1845 5839 1874 5878 a
1925 5825 2124 5895 quibus
2160 5827 2307 5897 ipsos

2472 1126 2574 1162 την.

2472 1149 2486 1160 .
2527 1126 2574 1162 ν.

2447 1108 2521 1178 ﬁ)
3026 1205 3273 1258 ΚΕΦΑΛ.
3329 1208 3403 1261 Γ⁹.

2524 1308 2542 1342 ι
2577 1293 2667 1344 Διὸ
2701 1293 2896 1362 μηκέτι
2929 1295 3232 1363 στέγοντες,
3266 1297 3650 1372 ευδοκήσαμεν.

2515 1465 2684 1518 ῐινέθου
2721 1466 2915 1519 πολλοῦ
2939 1467 2999 1519 τὸ
3033 1468 3181 1538 ῥῆμα
3211 1474 3640 1540 παραστατικὸν.

2518 1575 2536 1608 ‹
2574 1557 3095 1627 Καταλειφθηναιὲν
3143 1558 3376 1628 Αθήναι,
3409 1563 3578 1642 μόνοι,
3616 1566 3710 1617 καὶ
3741 1566 3984 1638 ἐπέμψαο

2443 1665 2541 1718 μεν
2574 1647 2836 1716 Τιμόθεον
2879 1651 2970 1702 τὸν
3009 1650 3234 1720 ἀδελφὸν
3277 1652 3444 1723 ὑμῶν,
3476 1657 3568 1708 καὶ
3611 1657 3855 1710 διάκονον
3891 1660 3983 1712 τοῦ

2439 1737 2595 1802 Θεοῦ,
2631 1740 2726 1790 καὶ
2751 1739 3012 1809 συνεργὸν
3033 1742 3190 1811 ἡμων
3213 1744 3270 1796 ὲν
3295 1741 3371 1812 τῷ
3404 1745 3714 1817 Εὑαγγελίῳ
3744 1765 3837 1800 του
3861 1749 3986 1818 Χρι-

2443 1827 2593 1893 στοῦ,
2625 1830 2706 1892 είς
2730 1829 2791 1882 τὸ
2829 1829 3081 1902 στηρίξαι
3121 1833 3284 1903 ὑμᾶς,
3324 1835 3414 1887 καὶ
3459 1839 3810 1907 παρακαλὲσα
3859 1841 3984 1908 περὶ

2363 1903 2406 1957 Β
2435 1917 2534 1986 τῆς
2555 1918 2791 1982 πίστεως
2823 1921 2996 1988 ὑμῶν,
3031 1921 3094 1975 τὸ
3121 1923 3322 1993 μηδένα
3351 1903 3625 1980 σαίνεσθαι
3648 1931 3706 1981 έν
3729 1933 3848 1992 ταῖς
3875 1903 3982 1983 θλι-

2436 2007 2560 2076 ψεσι
2587 2009 2830 2074 ταύταις.
2869 2031 2887 2063 ι

2505 2099 2674 2154 Τοῦτο
2707 2103 2806 2173 τῆς
2833 2106 3324 2180 ταπεινοφροσύνης
3351 2108 3477 2162 ἴδιοι
3508 2109 3601 2162 τοῦ
3639 2111 3978 2166 Ἀποστόλου.

2438 2189 2575 2244 Οῦτε
2599 2193 2708 2264 γὰρ
2740 2194 2904 2258 αὑτὸς
2949 2198 3147 2266 μᾶλλον
3176 2199 3625 2269 κατελιμπάνετο,
3647 2202 3747 2255 ἀλλ
3781 2204 3830 2256 οἱ
3856 2204 3983 2257 ἀπο-

2443 2283 2690 2346 λιπόντες
2728 2287 2907 2341 αὐτόν.

2509 2393 2528 2427 ι
2564 2377 2726 2430 Αὑτοὶ
2768 2378 2875 2450 γάρ
2917 2379 3113 2444 οῐδατε,
3157 2382 3238 2435 ὅτι
3273 2384 3353 2446 είς
3383 2383 3541 2438 τοῦτο
3592 2386 3838 2456 κείμεθα.
3871 2389 3980 2442 Καὶ

2437 2465 2546 2535 γὰρ
2595 2466 2682 2518 ὅτε
2743 2469 2875 2538 πρὸς
2907 2470 3051 2540 ὑμᾶς
3102 2467 3264 2541 ἦμεν,
3296 2475 3660 2545 προελέγομεν
3696 2479 3843 2548 ὑμῖν,
3896 2481 3977 2532 ὅτι

2439 2555 2700 2625 μέλλομεν
2723 2557 3020 2624 θλίϐεσθαι,
3047 2563 3227 2628 καθὼς
3270 2565 3363 2618 καὶ
3392 2567 3627 2634 ἐγένετο,
3659 2570 3753 2621 καὶ
3777 2570 3973 2624 οἴδατε.

2432 2647 2530 2700 Διά
2589 2646 2748 2701 τοῦτο
2797 2650 2954 2718 κάγὼ
2986 2653 3180 2722 μηκέτι
3237 2655 3462 2724 στέγων,
3509 2657 3728 2727 ἔπεμψα
3781 2661 3860 2723 εἰς
3915 2661 3978 2714 τὸ

2429 2734 2630 2802 γνῶναι
2659 2737 2758 2806 τὴν
2795 2738 2976 2792 πίστιν
3013 2736 3187 2810 ὑμῶν,
3222 2747 3416 2812 μήπως
3459 2747 3742 2816 ἐπείρασεν
3776 2749 3919 2818 ὑμᾶς
3946 2751 3976 2800 δ

2429 2827 2724 2897 πειράζων,
2745 2833 2839 2883 καὶ
2870 2833 2948 2894 είς
2968 2832 3121 2886 κενὸν
3143 2833 3362 2905 γένηται
3383 2835 3411 2888 ὀ
3439 2837 3601 2900 κόπος
3621 2840 3797 2909 ἡμων.
3816 2842 3975 2909 Ἀρτι

2425 2916 2480 2968 δὲ
2514 2917 2758 2983 ἐλθόντος
2791 2921 3054 2992 Τιμοθέου
3097 2926 3234 2994 πρὸς
3257 2927 3404 2994 ἡμᾶς
3442 2927 3534 2996 ἀφ’
3565 2928 3736 2997 ὑμῶν,
3770 2930 3864 2982 καὶ
3893 2932 3975 2982 εὑ-

2425 3008 2856 3081 αγγελισαμένου
2913 3016 3045 3085 ἡμῖν
3090 3015 3189 3086 την
3240 3017 3422 3069 πίστιν
3461 3020 3556 3070 καὶ
3600 3019 3697 3088 τὴν
3751 3021 3973 3088 ἀγάπην

2424 3098 2596 3168 ὑμῶν,
2623 3102 2717 3154 καί⁵
2743 3103 2824 3156 ὅτι
2881 3103 3032 3174 ἔχετε
3067 3108 3254 3174 μνείαν
3305 3108 3459 3178 ἡμῶν
3491 3109 3696 3180 ἀγαθὴν
3721 3110 3970 3177 πάντοτε,

2423 3189 2805 3257 ἐπιποθοῦντες
2833 3195 2980 3264 ἡμᾶς
3012 3195 3161 3262 ίδεῖν,
3195 3197 3443 3270 καθάπερ
3483 3201 3578 3252 καὶ
3615 3202 3774 3270 ἡμεῖς
3803 3202 3968 3272 ὑμᾶς.

2421 3278 2509 3332 διὰ
2560 3281 2718 3335 τοῦτο
2775 3284 3214 3356 παρεκλήθημεν,
3248 3290 3501 3356 ἀδελφοὶ,
3557 3291 3643 3358 ἐφ’
3672 3291 3820 3360 ὑμῖν,
3877 3292 3971 3344 ἐπ.

2421 3371 2569 3440 πάσῃ
2595 3375 2659 3442 τῇ
2695 3373 2870 3442 θλίψει
2900 3377 2995 3428 καὶ⁵
3014 3377 3227 3450 ἀνάγκη
3249 3381 3283 3448 ἡ
3293 3378 3430 3448 μῶν,
3458 3380 3544 3433 δια
3579 3383 3680 3452 τῆς
3708 3381 3862 3450 ὑμῶν
3889 3381 3976 3434 πί-

2421 3478 2610 3528 στεως,
2649 3464 2730 3516 ὅτι
2761 3464 2854 3517 νῦν
2879 3460 3082 3538 ζῶμεν,
3114 3469 3209 3521 ἐὰν
3237 3470 3390 3540 ὑμεῖς
3421 3472 3651 3541 στήκητε
3679 3473 3735 3524 ὲν
3762 3471 3967 3542 Κυρίῳ.

2420 3555 2551 3606 Τίνα
2577 3554 2686 3622 γαρ
2713 3556 3060 3626 εὐχαριστίαν
3085 3559 3362 3630 δυνάμ.θα
3389 3549 3467 3630 ιξῷ
3491 3561 3608 3631 Θεῷ
3641 3563 3970 3615 annoso-3.

2418 3660 2504 3696 ναι
2537 3647 2665 3716 περὶ
2713 3646 2885 3716 ὑμῶν,
2936 3649 3028 3701 ἐπὶ
3077 3649 3224 3722 πάσῃ
3267 3653 3334 3720 τῇ
3361 3653 3522 3721 χαρᾷ,
3618 3652 3880 3723 χαίρομεν
3904 3653 3971 3705 δι’

2419 3735 2562 3804 ὑμᾶς
2589 3736 2894 3806 ἔμπροσθεν
2919 3739 3013 3792 τοῦ
3047 3739 3182 3794 Θεοῦ
3213 3741 3369 3811 ἡμῶν
3393 3744 3584 3807 νυκτὸς
3614 3746 3710 3798 καὶ
3754 3747 3972 3816 ἡμέρας

2419 3828 2882 3897 ὑπερεκπερισσοῦ
2905 3829 3165 3900 δεόμενοι,
3186 3833 3245 3885 τὸ
3275 3834 3372 3903 μὲν
3404 3835 3530 3887 ίδεῖν
3550 3836 3700 3906 ὑμῶν
3725 3837 3784 3888 τὸ
3803 3839 3973 3905 πρόσ-

2417 3933 2583 3982 ωπον,
2630 3921 2725 3972 καὶ
2794 3923 3112 3991 καταρτίσαι
3180 3923 3530 3995 ὑστερήματα
3584 3927 3680 3996 τῆς
3735 3928 3973 3992 πίστεως

2419 4009 2591 4076 ὑμῶν.
2625 4010 2794 4073 Αὐτὸς
2821 4010 2877 4063 δὲ
2905 4013 2934 4063 ὁ
2955 4011 3085 4076 Θεὸς
3111 4015 3203 4066 καὶ
3233 4015 3421 4085 Πατὴρ
3467 4016 3643 4086 ἡμῶν,
3673 4017 3768 4070 καὶ
3795 4019 3826 4070 δ
3857 4018 3972 4072 Κύ-

2421 4112 2532 4166 ριος
2548 4097 2704 4168 ἡμῶν
2737 4099 2943 4168 Ἰησοῦς
2963 4100 3193 4172 Χριστὸς
3215 4104 3538 4157 κατευθύναι
3558 4105 3656 4176 τὴν
3675 4107 3791 4159 ὁδὸν
3813 4110 3972 4178 ἡμῶν

2416 4185 2552 4256 πρὸς
2581 4187 2742 4258 ὑμᾶς.
2785 4188 2956 4258 ’Υμᾶς
2987 4191 3043 4243 δὲ
3079 4192 3108 4243 ὁ
3142 4193 3341 4264 Κύριος
3377 4194 3705 4263 πλεονάσαι,
3737 4200 3831 4251 καὶ
3872 4216 3972 4253 πε-

2421 4277 2698 4346 ρισσεύσαι
2725 4283 2791 4349 τῇ
2831 4282 3019 4356 ἀγάπῃ
3047 4284 3126 4346 εἰς
3165 4285 3446 4356 ἀλλήλους,
3477 4287 3572 4341 καὶ
3619 4290 3698 4351 είς
3734 4290 3970 4352 πάντας,

2417 4368 2664 4438 καθάπερ
2691 4371 2784 4424 καὶ
2813 4373 2972 4442 ἡμεῖς
3000 4374 3080 4437 είς
3100 4374 3260 4444 ὑμᾶς,
3310 4378 3389 4441 εἰς
3428 4377 3488 4431 τὸ
3535 4379 3783 4451 στηρίξαι
3815 4381 3971 4450 ὑμῶν

2416 4456 2512 4519 τὰς
2540 4459 2764 4528 καρδίας
2791 4462 3107 4532 ἀμέμπτους
3132 4467 3189 4518 ὲν
3218 4468 3514 4541 ἁγιωσύνῃ,
3543 4470 3849 4540 ἔμπροσθεν
3872 4473 3968 4524 τοῦ

2417 4546 2550 4599 Θεοῦ
2586 4549 2680 4602 καὶ
2703 4552 2913 4621 Πατρὸς
2937 4554 3114 4624 ἡμῶν,
3147 4557 3206 4607 ἐν
3238 4561 3305 4628 τῇ
3331 4561 3602 4631 παρουσία
3629 4561 3721 4613 τοῦ
3756 4563 3970 4634 Κυρίου

2416 4639 2568 4708 ἡμῶν
2597 4640 2792 4711 Ἰησοῦ,
2828 4644 2963 4714 μετά
2988 4647 3201 4701 πάντων
3221 4649 3328 4702 τῶν
3350 4651 3522 4718 ἁγίων
3545 4651 3730 4707 αὑτοῦ.
3769 4671 3788 4704 ι

2485 4730 2576 4794 Εἰς
2604 4732 2666 4783 τὸ
2701 4731 2990 4790 θλίϐεσθαι.

2999 4831 3249 4886 ΚΕΦΑΛ.
3287 4835 3359 4890 Δ’.

2487 4933 2506 4964 ι
2540 4916 2736 4970 Λοιπὸν
2755 4915 2867 4986 οὖν,
2907 4921 3142 4992 ἀδελφοὶ,
3174 4928 3458 4995 ἐρωτῶμεν
3483 4929 3644 4998 ὑμᾶς,
3671 4931 3765 4982 καὶ
3787 4947 3967 5002 παρα-

2413 5005 2678 5077 καλοῦμεν
2703 5012 2761 5061 ἐν
2807 5011 2994 5082 Κυρίῳ
3035 5016 3228 5084 Ἰησου,
3267 5017 3444 5080 καθὼς
3477 5021 3804 5089 παρελάϐετε
3834 5028 3964 5091 παρ’

2411 5095 2568 5165 ἡμῶν
2584 5099 2642 5150 τὸ
2667 5100 2782 5163 πῶς
2808 5101 2886 5154 δεῖ
2912 5104 3054 5172 ὑμᾶς
3082 5113 3416 5178 περιπατεῖν,
3437 5111 3524 5163 καὶ
3547 5111 3799 5181 ἀρέσκειν
3822 5112 3962 5181 Θεῷ.

2413 5189 2499 5242 ἴνα
2530 5192 2886 5262 περισσεύητε
2915 5196 3132 5264 μᾶλλον.
3161 5200 3346 5253 Οἰδατε
3376 5201 3483 5270 γὰρ
3504 5202 3653 5264 τίνας
3680 5221 3968 5272 παραγγεο

2410 5281 2530 5344 λίας
2562 5281 2838 5351 ἐδώκαμεν
2866 5289 2992 5356 υμῖν
3036 5288 3124 5340 διὰ
3179 5289 3270 5342 τοῦ
3321 5291 3521 5362 Κυρίου
3572 5294 3767 5362 Ἰησοῦ.
3795 5294 3966 5344 Tol-:9

2410 5372 2516 5441 γάρ
2545 5373 2659 5426 ἐστι
2691 5376 2751 5428 τὸ
2781 5375 2992 5448 θέλημα
3043 5380 3137 5432 τοῦ
3188 5380 3322 5434 Θεοῦ
3347 5422 3359 5443 ,
3401 5384 3428 5434 ὁ
3473 5382 3740 5452 ἁγιασμὸς
3784 5384 3936 5451 ὑμῶν

2408 5465 2706 5535 ἀπέχεσθαι
2736 5469 2877 5540 ὑμᾶς
2905 5471 3014 5524 ἀπὸ
3051 5472 3152 5542 τῆς
3181 5474 3450 5544 πορνείας,
3488 5476 3680 5528 εἰδέναι
3727 5476 3959 5529 ἕκαστον

2409 5576 2438 5608 υ
2445 5576 2578 5625 μων.
2618 5578 2635 5609 ι

2482 5649 2738 5717 Ἀρχεται
2789 5651 3035 5706 ἐντεῦθεν
3078 5654 3173 5706 τοῦ
3205 5655 3680 5725 συμϐουλευτικου.
3721 5657 3954 5710 Ἤκουσε

2409 5735 2514 5806 γὰρ
2546 5739 2722 5791 αὑτῶν
2744 5757 2862 5793 τινα
2889 5742 3221 5810 πταίσματα,
3265 5746 3518 5814 πορνείαν
3557 5747 3650 5798 καὶ
3691 5746 3950 5816 μοιχείαν.

2410 5845 2484 5880 ων
2514 5829 2607 5882 καὶ
2663 5830 2976 5901 ἀποτρέπει.
3029 5833 3139 5886 Καὶ
3162 5835 3256 5902 οὑχ
3287 5834 3470 5897 ἁπλῶς
3495 5852 3650 5905 φησι,
3683 5836 3756 5888 Τὸ
3782 5835 3868 5889 καὶ
3892 5835 3948 5885 τὲ
