4214 6446
207 409 318 477 913

1145 410 1227 470 IN
1274 409 1507 470 EPIST.
1544 410 1643 468 AD
1679 406 2422 467 TIIESSALONICENSES
2454 406 2500 464 Ι.

3319 398 3421 461 914

213 524 294 592 μὴ
330 521 548 582 ποιεῖτε,
577 519 712 573 ἀλλὰ
740 517 841 582 τὰς
872 517 1245 588 παραγγελίας
1275 519 1472 579 αὐυοὺς
1501 518 1565 569 ἐκ
1600 515 1765 568 πάλαι
1793 519 1840 575 Α
1868 530 1877 567 ε

1761 553 1765 564 .
1793 519 1840 575 Α
1868 516 2080 568 avertit.
2126 514 2240 569 Non
2268 514 2587 581 simpliciter
2614 514 2688 566 ait
2718 552 2731 564 .
2761 511 2837 565 Ne
2870 513 2975 565 hoc
3002 510 3084 565 vel
3120 509 3250 564 illud
3281 510 3425 564 fece-

211 614 495 684 εἰληφέναι
528 614 658 683 παρ’
689 610 852 665 αὐτοῦ
879 628 1030 679 φησι,
1057 609 1145 663 διά
1176 610 1269 662 τοῦ
1315 609 1521 679 Κυρίου
1566 608 1761 676 Ἰησοῦ,

210 706 283 768 ἃς
316 706 600 775 φυλάττειν
652 702 1097 774 παρακελεύεται.
1156 701 1335 755 Τοῦτο
1368 700 1476 770 γάρ
1515 701 1643 753 ἐστι
1680 698 1765 753 θέ-

212 800 381 864 λημα
408 796 512 849 τοῦ
538 794 704 849 Θεοῦ.

294 905 315 938 ι
345 887 419 939 Τὸ
447 886 641 939 ἑαυτοῦ
668 884 859 947 σκεῦος
881 884 1111 941 κτᾶσθαι
1136 886 1192 938 ὲν
1214 884 1470 955 ἁγιασμῷ
1494 887 1584 939 καὶ
1608 890 1762 956 τιμῇ,

216 981 297 1050 μὴ
331 981 390 1032 ὲν
420 978 580 1033 πάθει
613 978 925 1049 ἐπιθυμίας.
964 998 982 1029 ι

301 1067 445 1119 Ἀντὶ
475 1066 600 1130 τοῦ,
631 1067 730 1135 τὴν
758 1068 953 1137 σάρκα.

294 1176 314 1210 ι
354 1158 617 1229 Καθάπερ
642 1160 733 1211 καὶ
764 1158 832 1212 τά
864 1158 989 1226 ἔθνη
1020 1158 1090 1210 τὰ
1119 1158 1193 1225 μὴ
1226 1158 1402 1211 εἰδότα
1436 1159 1526 1212 τὸν
1553 1161 1705 1214 Θεόν.
1741 1181 1759 1214 ι

298 1248 501 1302 Ἱκανὸν
540 1250 631 1301 καὶ
669 1248 825 1301 τοῦτο
856 1249 949 1301 τοῦ
992 1248 1295 1318 ἀποτρέψαι
1339 1250 1438 1319 τῆς
1476 1251 1765 1320 πορνείας,

214 1342 281 1395 τὸ
314 1343 451 1412 μετὰ
488 1342 594 1395 τῶν
620 1341 1003 1411 ὲπεγνωκότων
1030 1340 1121 1393 τὸν
1148 1341 1247 1394 0.6
1314 1341 1374 1393 τὸ
1443 1359 1546 1412 πορ
1624 1342 1767 1397 ὀντα

214 1432 528 1488 τάττεσθαι.

297 1540 317 1573 ι
352 1522 425 1574 Τὸ
447 1521 521 1593 μὴ
552 1522 899 1591 ὑπερϐαίνειν
922 1522 1017 1575 καὶ
1048 1522 1390 1578 πλεονεκτεῖν
1418 1526 1476 1579 ἐν
1497 1525 1573 1595 τῷ
1595 1527 1770 1596 πράγ-

220 1630 353 1683 ματι
382 1613 472 1666 τὸν
500 1614 727 1682 ἀδελφὸν
757 1614 945 1670 αὑτοῦ.
987 1634 1006 1667 ι
1164 1675 1175 1689 ν

304 1704 676 1774 ’Υπερὸαίνειν
706 1706 807 1776 μὲν
833 1706 932 1769 τάς
957 1707 1051 1759 τοῦ
1070 1705 1206 1760 Θεοῦ
1231 1707 1466 1770 ἐντολάς.
1494 1708 1768 1777 Εὐφήμως

217 1796 278 1849 δὲ
302 1797 523 1868 σφόδρα,
557 1800 652 1850 καὶ
680 1798 1199 1869 ἐπικεκαλυμμένως
1227 1799 1325 1869 τὴν
1357 1801 1602 1869 μοιχείαν
1630 1801 1766 1853 ὠνό-

221 1904 388 1957 μασε,
416 1887 515 1957 τὴν
538 1891 616 1951 είς
639 1889 865 1957 ἀδελφὸν
890 1892 1103 1945 ἀδικίαν
1134 1891 1304 1962 αὐτὴν
1328 1887 1466 1945 εἶναι
1501 1893 1698 1960 λέγων.

295 1996 315 2029 ι
359 1980 501 2032 Διότι
542 1978 754 2044 ἔκδικος
780 1984 809 2035 6
855 1981 1057 2052 Κύριος
1101 1984 1230 2052 περὶ
1278 1982 1495 2036 πάντων
1532 1983 1767 2047 τούτων,

218 2070 402 2134 καθὼς
448 2071 541 2125 καὶ
582 2072 914 2142 προείπομεν
943 2074 1092 2142 ὑμῖν,
1126 2075 1219 2128 καὶ
1261 2074 1767 2146 διεμαρτυράμεθα.

218 2164 295 2215 Οὐ
322 2164 431 2235 γάρ
466 2165 721 2218 ἐκάλεσεν
756 2168 904 2237 ἡμᾶς
934 2165 962 2219 6
998 2166 1130 2231 Θεὸς
1164 2166 1263 2228 ἐπὶ
1291 2167 1617 2239 ἀκαθαρσία,
1656 2167 1769 2222 ἀλλ’

218 2258 278 2309 ὲν
304 2255 579 2326 ἁγιασμῷ.
618 2275 637 2309 ι

292 2351 435 2420 Ὅρα
479 2352 595 2414 πῶς
634 2353 784 2422 παρὰ
836 2353 1001 2416 πόδας
1048 2354 1213 2426 ἔθηκε
1262 2356 1360 2427 τὴν
1400 2355 1537 2426 ὑπὲρ
1570 2355 1771 2409 τούτων

216 2460 395 2513 οικην.

295 2552 313 2585 ι
348 2534 647 2605 Τοιγαροῦν
670 2537 699 2590 6
723 2536 951 2603 ἀθετῶν,
980 2538 1079 2590 οὐκ
1104 2537 1388 2607 ἄνθρωπον
1414 2537 1611 2598 ἀθετεῖ,
1638 2536 1771 2590 άλλά

216 2624 310 2678 τὸν
342 2624 475 2677 Θεὸν
495 2666 510 2689 ,
540 2627 627 2679 τὸν
659 2628 752 2680 καὶ
780 2628 937 2681 δόντα
971 2630 1030 2681 τὸ
1076 2612 1298 2701 Πνεῦμα
1327 2630 1492 2683 αὐτοῦ
1532 2629 1591 2682 τὸ
1620 2628 1773 2697 ἅγιον

218 2718 300 2780 είς
328 2718 491 2785 ὑμᾶς.
525 2720 658 2789 Περὶ
681 2720 737 2772 δὲ
766 2724 864 2792 τῆς
891 2721 1271 2791 φιλαδελφίας,
1303 2722 1364 2775 o6
1406 2722 1593 2792 χρείαν
1623 2721 1773 2791 ἔχετε

218 2809 453 2879 γράφειν
498 2812 645 2879 ὑμῖν.
692 2812 855 2865 Αὐτοὶ
895 2813 1003 2883 γάρ
1045 2813 1205 2882 ὑμεῖς
1243 2813 1567 2867 θεοδίδακτοί
1618 2815 1772 2879 έστε,

220 2901 301 2964 είς
336 2901 399 2953 τὸ
437 2903 655 2973 ἀγαπᾷν
691 2902 971 2973 ἀλλήλους.
1006 2904 1118 2957 Καὶ
1144 2904 1252 2973 γὰρ
1294 2907 1495 2958 ποιεῖτε
1526 2905 1657 2957 αύτὸ
1695 2908 1774 2969 εἰς

218 2991 432 3054 πάντας
474 2992 600 3055 τοὺς
636 2992 895 3061 ἀδελφοὺς
940 2994 1067 3056 τοὺς
1113 2995 1172 3046 ἐν
1202 2994 1298 3066 ὅλῃ
1339 2996 1405 3065 τῇ
1446 2995 1769 3064 Μακεδονίᾳ.

219 3082 651 3153 Παρακαλοῦμεν
684 3085 739 3138 δὲ
766 3086 939 3154 ὑμᾶς,
976 3086 1191 3155 ἀδελφοὶ
1213 3127 1226 3147 ,
1264 3088 1609 3158 περισσεύειν
1641 3090 1775 3159 μᾶλ-

215 3173 332 3238 λον,
370 3175 466 3227 καὶ
501 3175 921 3244 φιλοτιμεῖσθαι,
954 3176 1250 3246 ἡσυχάζειν
1277 3178 1373 3230 καὶ
1398 3180 1662 3247 πράσσειν
1704 3179 1772 3231 τά
1798 3213 1839 3268 c

218 3267 355 3330 ῐδια,
386 3270 480 3319 καὶ
504 3266 831 3337 ἐργάζεσθαι
855 3272 972 3323 ταῖς
999 3269 1153 3333 ἰδίαις
1179 3270 1365 3340 χερσὶν
1392 3271 1567 3340 ὑμῶν,
1593 3273 1773 3335 καθὼς

217 3358 353 3425 ὑμῖν
400 3360 863 3435 παρηγγειλαμεν.
898 3361 943 3414 ’Ὶ
982 3378 1017 3413 α
1057 3362 1397 3431 περιπατῆτε
1426 3364 1773 3435 εὐσχημόνως

216 3446 358 3515 πρὸς
387 3448 511 3509 τοὺς
540 3446 664 3513 ἔξω,
694 3450 784 3502 καὶ
816 3451 1044 3519 μηδενὸς
1071 3452 1260 3521 χρείαν
1290 3452 1472 3523 ἔχητε.
1510 3473 1529 3505 ι

289 3537 457 3590 Ὅταν
485 3540 769 3612 ἁθετήσῃς,
802 3542 986 3612 φησὶν,
1022 3542 1113 3595 τὸν
1147 3542 1395 3612 ἀδελφὸν,
1422 3544 1514 3599 τὸν
1542 3545 1771 3599 λαϐόντα

214 3628 307 3682 διὰ
342 3630 433 3682 τοῦ
463 3630 830 3699 βαπτίσματος
864 3634 925 3685 τὸ
955 3633 1177 3704 Πνεῦμα
1217 3636 1276 3688 τὸ
1306 3634 1479 3704 ἅγιον,
1519 3638 1639 3690 τότε
1672 3639 1771 3691 οὐκ

214 3718 524 3788 ἄνθρωπον,
556 3720 689 3774 am
719 3723 810 3776 τὸν
837 3723 967 3776 Θεὸν
1000 3723 1232 3787 ἀθετεῖς.

294 3829 313 3858 ι
353 3812 426 3863 U6
457 3812 697 3883 θέλωμεν
720 3814 778 3867 δὲ
803 3815 947 3883 ὑμᾶς
975 3816 1209 3883 ἀγνοεῖν,
1244 3816 1479 3884 ἀδελφοὶ,
1513 3818 1641 3888 περὶ
1665 3818 1770 3870 τῶν

216 3902 614 3970 κοιμωμένων,
658 3904 742 3956 ἵνα
797 3904 871 3975 μὴ
927 3905 1197 3977 λυπῆσθε,
1234 3906 1414 3970 καθὼς
1456 3910 1551 3961 καὶ
1580 3910 1627 3961 oi
1665 3909 1771 3962 λοι-

202 3994 312 4045 ποὶ
341 4033 356 4056 ,
394 3995 443 4045 oi
487 3994 558 4063 μὴ
610 3994 729 4063 ἔχον
767 4013 823 4057 ες
850 3996 1039 4050 ἐλπίδα
1091 3998 1152 4050 Ei
1182 3998 1289 4068 γὰρ
1322 3998 1644 4068 πιστεύομεν
1690 3999 1771 4053 ὅτι

228 4085 438 4147 ἰτ-σοῦς
464 4085 700 4139 ἀπέθανε
718 4130 731 4152 ,
772 4088 865 4139 καὶ
898 4087 1116 4158 ἀνέστη,
1150 4088 1290 4142 οὕτω
1323 4090 1417 4142 καὶ
1439 4091 1467 4142 6
1496 4090 1625 4153 Θεὸς
1648 4092 1772 4154 τοὺς

216 4174 583 4245 κοιμηθέντας
623 4176 710 4229 διά
755 4178 929 4247 Ἰησοῦ
973 4179 1090 4242 ἄξει
1121 4180 1218 4231 σὺν
1246 4180 1413 4250 αὐτῷ.
1462 4180 1632 4235 Τοῦτο
1663 4182 1772 4256 γάρ

219 4266 349 4337 ὖμῖν
373 4266 602 4337 λέγομεν
632 4269 688 4321 έν
718 4267 859 4337 λόγῳ
896 4269 1118 4339 Κυρίου.
1178 4289 1196 4321 ι

288 4358 618 4412 Μεταϐαίνει
648 4360 740 4411 ἐπὶ
772 4360 861 4413 τὸν
896 4361 1022 4431 περὶ
1053 4361 1401 4427 ἀναστάσεως
1426 4364 1600 4432 λόγον.
1632 4366 1772 4436 Ὅρα

212 4451 272 4503 δὲ
307 4451 425 4512 πῶς
462 4450 787 4520 θαυμαστῶς
812 4452 1176 4506 κατεσκεύασε
1208 4454 1268 4505 τὸ
1306 4456 1766 4526 ὁμολογούμενον,

1870 604 2024 667 ritis;
2058 604 2150 659 sed
2184 605 2437 657 mandata
2476 619 2595 672 qua:
2626 602 2904 657 observari
2951 599 3218 671 praecipit,
3242 615 3301 654 ea
3338 601 3447 667 ip-~

1870 695 1946 750 sis
1980 710 2008 748 ιι
2059 710 2118 748 se
2154 710 2249 762 per
2275 693 2566 747 Dominum
2620 694 2802 749 Jesnm
2861 692 3057 748 tradita
3087 691 3241 746 dicit.
3301 690 3425 745 Hac

1867 787 2002 840 enim
2033 796 2107 839 est
2137 786 2373 838 voluntas
2400 784 2518 840 Dei.

1940 878 2104 946 219
2146 895 2163 926 ι
2195 874 2301 929 Vas
2332 890 2489 929 suum
2523 875 2803 945 possidere
2836 874 2893 928 in
2922 873 3213 930 sanctitate
3240 878 3297 927 et
3326 869 3428 925 bo-

1872 985 2002 1023 nore
2026 986 2181 1033 ,non
2215 968 2267 1021 in
2303 969 2553 1036 passione
2582 968 2865 1023 desiderii.
2899 985 2918 1019 ι

1942 1062 2084 1117 Idem
2120 1063 2225 1114 hoe
2254 1070 2333 1114 est
2359 1075 2421 1115 ac
2453 1075 2675 1115 carnem
2710 1076 2889 1116 suam.

1946 1174 1965 1207 ι
1998 1155 2151 1210 Sicut
2182 1165 2236 1211 et
2269 1166 2485 1225 gentes,
2520 1169 2638 1223 qua:
2668 1154 2919 1222 ignorant
2948 1149 3138 1206 Deum.
3174 1168 3193 1201 ι

1943 1247 2057 1303 lloe
2091 1262 2304 1318 quoque
2358 1247 2609 1301 idoneum
2662 1256 2744 1299 est
2804 1242 2869 1298 ad
2928 1243 3341 1299 absterrendum
3397 1260 3427 1298 a

1874 1342 2204 1395 seortatione
2231 1358 2244 1370 ο
2281 1340 2429 1411 quod
2467 1354 2657 1409 nempe
2690 1344 2962 1392 scortator
2996 1335 3105 1389 illis
3138 1336 3227 1406 qui
3260 1336 3426 1393 Deum

1872 1434 2156 1503 ignorant,
2190 1442 2562 1487 accenseatnr.

1944 1524 2107 1580 Vens.
2144 1524 2195 1578 6.
2229 1544 2247 1577 ι
2277 1524 2342 1577 Et
2368 1540 2435 1578 ne
2464 1526 2586 1594 quis
2616 1524 3079 1594 supergrediatur,
3116 1537 3289 1592 neque
3321 1520 3429 1575 cir—

1873 1617 2182 1671 eumveniat
2212 1616 2266 1669 in
2303 1617 2520 1687 negotio
2553 1616 2777 1671 fratrem
2814 1630 2992 1670 suum.
3026 1633 3045 1666 ι

1945 1705 2422 1779 Supergrediatur,
2458 1707 2672 1777 inquit,
2712 1716 2975 1777 prateepta
3030 1704 3142 1757 Dei.
3191 1702 3426 1771 Eleganti

1874 1816 2003 1855 vero
2036 1800 2322 1853 admodum
2360 1812 2492 1852 voce
2530 1806 2805 1866 taciteque
2834 1794 3157 1850 adulterium
3186 1793 3426 1857 notavit,

1800 1866 1844 1926 Β
1870 1908 1988 1949 eam
2025 1908 2149 1948 esse
2175 1892 2406 1947 dicendo
2441 1893 2693 1963 injuriam
2725 1893 3015 1959 irrogatam
3048 1887 3225 1942 fratri.

1944 1983 2234 2051 «Quoniam
2274 1985 2469 2039 vindex
2507 1993 2593 2038 est
2633 1982 2893 2036 Dominus
2932 1982 2997 2034 de
3037 1980 3122 2034 his
3157 1977 3427 2039 omnibus,

1869 2080 2008 2136 sicut
2088 2079 2436 2150 praediximus
2515 2077 2670 2131 vobis
2742 2083 2797 2128 et
2881 2074 3151 2129 testiﬁcati
3215 2086 3425 2126 sumus.

1873 2169 2074 2243 (Vens.
2108 2170 2199 2241 7.]
2233 2170 2348 2225 Non
2384 2170 2527 2226 enim
2564 2168 2774 2223 vocavit
2808 2182 2906 2222 nos
2943 2165 3085 2221 Deus
3112 2164 3163 2218 in
3197 2163 3428 2217 immun-

1870 2262 2056 2316 diliam
2082 2302 2097 2326 ,
2128 2261 2221 2315 sed
2254 2262 2305 2315 in
2341 2258 2841 2315 sanctificationem.
2873 2277 2891 2309 ι

1943 2351 2077 2405 Vide
2128 2351 2399 2421 quomodo
2443 2367 2473 2403 e
2518 2349 2751 2419 vestigio
2792 2348 2982 2402 horum
3029 2346 3289 2399 ultionem
3345 2343 3428 2398 in-

1872 2453 2097 2499 tentam
2874 2426 2883 2437 ’

1950 2534 2114 2590 Vens.
2152 2533 2306 2589 8-H.
2340 2552 2358 2585 ι
2389 2532 2577 2602 Itaque
2599 2532 2687 2602 qui
2713 2531 2828 2585 haec
2853 2528 3096 2598 spernit,
3120 2540 3228 2581 non
3254 2526 3427 2580 homi-

1874 2642 1995 2681 nem
2025 2635 2267 2693 spernit,
2301 2625 2394 2679 sed
2429 2623 2637 2689 Deum,
2669 2624 2759 2692 qui
2794 2622 2956 2677 etiam
2992 2620 3139 2673 dedit
3169 2617 3436 2687 Spiritum

1872 2734 2029 2772 suum
2059 2727 2307 2774 sanctum
2339 2718 2393 2771 in
2423 2716 2603 2771 vobis.
2632 2716 2707 2771 De
2737 2715 3002 2769 charitate
3027 2722 3205 2768 autem
3234 2711 3429 2766 frater-

1876 2811 2061 2865 nitatis
2094 2825 2198 2865 non
2231 2823 2455 2864 necesse
2489 2808 2752 2862 habemus
2797 2808 3035 2860 scribere
3085 2803 3264 2858 vobis.
3321 2801 3427 2870 Ipsi

1876 2905 2021 2957 enim
2051 2917 2147 2957 vos
2176 2916 2204 2954 a
2228 2900 2335 2956 Deo
2362 2875 2659 2961 didﬁﬁstis,
2687 2906 2746 2951 nt
2766 2897 3006 2966 diligatis
3058 2895 3310 2950 invicem.
3336 2891 3429 2945 Et-

1874 2995 2016 3048 enim
2046 2993 2177 3048 illud
2207 2994 2388 3047 facitis
2421 2992 2476 3046 in
2498 3007 2684 3046 omnes
2715 2990 2911 3044 fratres
2944 2989 2997 3042 in
3033 2989 3284 3041 universa
3315 2984 3430 3038 Ma-

1873 3086 2122 3141 cedonia.
2156 3085 2429 3155 Rogamus
2461 3094 2647 3138 autem
2683 3099 2777 3136 vos
2804 3122 2819 3145 ,
2870 3082 3103 3144 fratres,
3155 3087 3216 3133 ut
3262 3081 3429 3132 abun-

1874 3176 2012 3230 detis
2044 3176 2249 3247 magis,
2302 3182 2354 3228 et
2391 3188 2608 3243 operam
2642 3173 2782 3227 detis
2816 3179 2875 3226 ut
2900 3172 3071 3241 quieti
3099 3171 3220 3226 sitis
3242 3210 3257 3231 ,
3288 3177 3342 3223 et
3373 3180 3430 3222 ιιι

1874 3275 2111 3321 vestrum
2143 3266 2418 3335 negotium
2450 3266 2645 3335 agatis,
2679 3273 2731 3318 et
2752 3264 3044 3333 operetnini
3072 3262 3315 3317 manibus
3337 3278 3428 3312 ve-

1871 3362 2030 3423 stris,
2066 3361 2210 3414 sicut
2234 3359 2591 3428 prtem-pimus
2620 3358 2776 3412 vobis
2804 3366 2861 3411 ut
2887 3358 3109 3411 beneste
3140 3354 3431 3407 ambuletis

1871 3452 1936 3504 ad
1966 3466 2060 3506 eos
2092 3452 2180 3514 qni
2214 3450 2347 3505 foris
2382 3457 2512 3503 sunt
2534 3491 2547 3512 ,
2581 3459 2635 3505 et
2668 3452 2824 3503 nullo
2855 3465 2990 3517 opus
3019 3447 3283 3502 habeatis.
3315 3466 3334 3499 ι

1943 3543 2074 3595 Dum
2112 3542 2326 3615 spernis
2369 3543 2594 3595 l'r'atrem
2637 3550 2826 3604 ιιιιιιιι,
2863 3542 2954 3610 qui
2999 3538 3258 3608 Spiritum
3298 3553 3426 3591 san-

1871 3644 2017 3687 ctum
2049 3649 2143 3701 per
2172 3634 2503 3702 baptismum
2537 3634 2745 3704 accepit
2770 3672 2785 3697 ,
2822 3640 2953 3687 tunc
2982 3648 3088 3687 non
3121 3631 3427 3692 hominem,

1872 3729 1964 3781 sed
1996 3726 2159 3778 Deum
2189 3724 2519 3794 aspernaris.

1943 3816 2106 3871 Vens.
2148 3817 2380 3871 12-14.:
2402 3814 2666 3871 Nolumus
2687 3825 2865 3870 autem
2893 3828 2987 3868 vos
3015 3814 3295 3884 ignorare,
3322 3810 3430 3866 fra-
3456 3838 3464 3844 -

1871 3916 2016 3971 tres,
2049 3906 2117 3961 de
2150 3905 2540 3959 dormientibus
2564 3944 2579 3968 ,
2615 3913 2676 3958 ut
2710 3920 2817 3958 non
2853 3900 3248 3959 eontristemini
3288 3900 3430 3953 sicut

1870 4010 1923 4053 et
1956 3998 2132 4052 caateri
2164 3996 2257 4066 qui
2292 4012 2441 4063 Spem
2478 4011 2584 4049 non
2623 3996 2847 4049 habent.
2889 3994 2943 4047 Si
2978 3993 3120 4047 enim
3156 3990 3429 4045 credimus

1872 4090 2013 4158 quod
2042 4086 2199 4142 Jesus
2234 4095 2484 4140 mortuus
2512 4094 2677 4140 estet
2722 4083 3053 4148 resurrexit,
3093 4083 3166 4135 ita
3199 4091 3253 4135 et
3291 4080 3429 4133 Deus

1872 4198 1967 4237 eos
2013 4180 2101 4251 qui
2152 4178 2493 4232 dormierunt
2520 4193 2615 4244 per
2640 4176 2824 4231 Jesum
2854 4217 2869 4240 ,
2913 4176 3141 4228 adducet
3186 4188 3311 4228 cum
3338 4188 3424 4227 eo.

1765 4325 1774 4347 ι
1875 4276 1987 4328 Iloe
2011 4272 2153 4333 enim
2189 4271 2342 4324 vobis
2373 4269 2608 4324 dicimus
2642 4285 2693 4321 In
2729 4268 2895 4322 verbo
2928 4265 3164 4320 Domini.
3195 4283 3214 4317 ι

1945 4365 2166 4420 Transit
2194 4363 2258 4418 ad
2290 4362 2579 4417 dicendum
2614 4360 2679 4413 de
2710 4368 3130 4415 resurrectione.
3162 4356 3298 4411 Vide
3330 4372 3429 4409 an-

1876 4468 1981 4513 tem
2045 4472 2205 4524 quam
2271 4454 2485 4523 egregie
2538 4452 2591 4505 id
2637 4450 2835 4505 astruit
2876 4448 3018 4519 quod
3067 4448 3425 4517 proﬁtemur;

216 4539 397 4595 λαῦὼν
437 4540 535 4610 τὴν
565 4539 856 4592 ἀνάστασιν
896 4540 989 4593 τοῦ
1020 4542 1223 4613 Κυρίου
1261 4544 1342 4606 εἰς
1386 4545 1648 4598 πίστωσιν
1675 4547 1773 4618 τῆς
1804 4547 1880 4604 D:

1758 4565 1773 4610 ῖ
1804 4547 1853 4602 D
1874 4556 2153 4618 assumpta
2186 4547 2442 4601 nimirum
2476 4542 2871 4598 resurrectimie
2900 4541 3111 4594 Domini
3156 4540 3221 4594 ad
3268 4540 3422 4593 Iidem

217 4634 495 4703 ἡμετέρας
551 4633 913 4695 ἀναστάσεως.
951 4633 1161 4694 Πάντας
1191 4633 1298 4703 γὰρ
1327 4632 1643 4705 ἀνθρώπους
1676 4638 1769 4691 ἁν-

218 4724 411 4794 έστησε
442 4724 528 4777 διὰ
553 4728 651 4793 της
679 4724 813 4786 ἰδίας
842 4725 1152 4794 σαρκός.Διὸ
1183 4726 1275 4777 καλ⁵
1300 4731 1669 4794 πρωτότοκος
1704 4731 1773 4783 ἐκ

216 4814 338 4868 τῶν
381 4814 609 4879 νεκρῶν
655 4814 889 4882 λέγεται.
954 4814 1048 4865 Ἐν
1092 4816 1249 4883 λόγῳ
1302 4816 1371 4868 δὲ
1418 4819 1658 4884 Κυρίου,
1708 4821 1768 4872 τὸ

221 4909 370 4976 ρημα
410 4905 606 4972 λέγειν,
655 4908 838 4974 φησὶν,
868 4905 953 4956 ἵνα
990 4904 1231 4975 θαρῤῶσι
1258 4907 1385 4976 περὶ
1417 4908 1525 4960 τῶν
1555 4909 1771 4979 ἀποφη-

218 4996 485 5064 ναμένων.

294 5106 312 5135 ι
356 5087 477 5136 Ὀτι
513 5086 670 5154 ἡμεῖς
698 5088 744 5138 οἱ
776 5086 991 5150 ζῶντες,
1028 5089 1075 5137 οἱ
1106 5086 1539 5155 περιλειπόμενοι
1566 5091 1641 5151 εἰς
1674 5091 1771 5160 τὴν

218 5194 359 5246 παρο
441 5178 451 5189 ’
498 5194 520 5227 ν
554 5192 647 5228 του
684 5178 907 5243 Κυρίου.
952 5196 968 5226 ι

289 5266 459 5319 Τοῦτό
488 5284 673 5335 φησιν,
712 5268 809 5337 οὐχ
837 5269 917 5320 ὅτι
946 5267 1103 5331 αὐτὸς
1139 5269 1318 5337 ἔμεινε
1351 5272 1509 5340 μέχρι
1550 5272 1642 5325 τοῦ
1674 5274 1771 5343 τῆς

217 5356 569 5418 ἀναστάσεως
592 5355 805 5426 καιροῦ,
838 5353 1167 5428 ἀλλ”έπειδὴ
1193 5360 1321 5429 περὶ
1348 5359 1567 5423 ζώντων
1596 5361 1767 5430 ἔλεγε,
1790 5420 1805 5429 _

219 5448 311 5501 καὶ
336 5446 499 5533 αὐτὸς
535 5446 590 5499 δὲ
627 5446 721 5518 ἔζη
747 5463 760 5476 '
799 5466 968 5502 ταυτα
997 5448 1187 5517 λέγων,
1229 5454 1295 5521 τῇ
1331 5454 1480 5522 κοινῇ
1512 5454 1771 5524 συνηθείᾳ

217 5538 313 5592 τοῦ
340 5540 500 5605 λόγου
530 5539 797 5607 ἐχρήσατο
816 5582 830 5605 ,
876 5539 951 5609 τῷ
979 5540 1149 5608 ἡμεῖς
1187 5544 1241 5593 οι
1285 5541 1512 5607 ζῶντες.
1562 5544 1683 5597 Ὀτι
1713 5547 1768 5598 δὲ

217 5629 376 5684 τοῦτο
421 5630 605 5697 λέγει,
654 5630 881 5699 ἐπάγει,
917 5635 970 5684 οἱ
1016 5635 1523 5700 περιλειπόμενοι,
1574 5636 1693 5689 ἐπεὶ
1722 5642 1768 5691 εί

217 5721 376 5775 τοῦτο
404 5721 586 5790 λέγει,
622 5721 703 5773 ὅτι
737 5721 867 5791 ἐμοῦ
903 5722 1101 5786 ζῶντος
1125 5763 1138 5786 ,
1175 5723 1291 5784 πῶς
1320 5724 1548 5794 ἀλλαχοῦ
1588 5726 1765 5795 λέγει,

219 5815 299 5866 ὅτι
323 5814 520 5876 πάντες
548 5814 644 5883 μὲν
672 5815 1114 5883 ἀναστησὸμεθας
1143 5814 1201 5869 Εἰ
1228 5816 1334 5884 γάρ
1361 5817 1463 5879 ζῶν
1495 5819 1767 5889 καταλαμ-

1874 4650 2075 4696 ηοειιτε
2113 4634 2499 4691 resurrectioni
2545 4632 2885 4686 ﬁrmandam.
2944 4632 3238 4686 Universos
3283 4632 3426 4684 enim

1874 4732 2119 4787 homines
2145 4745 2239 4798 per
2267 4742 2485 4780 carnem
2520 4710 2671 4779 suam
2698 4740 2728 4778 a
2760 4732 2932 4778 morte
2961 4724 3255 4777 revocavit.
3288 4722 3428 4788 Qua-

1872 4832 2090 4893 propter
2120 4819 2494 4888 primogenims
2525 4817 2686 4869 etiam
2719 4831 2783 4869 ex
2820 4816 3042 4867 mortuis
3068 4825 3311 4868 voratur.
3335 4814 3427 4867 Di-

1872 4914 2042 4967 cendn
2076 4922 2287 4975 autem,
2325 4910 2377 4962 in
2427 4907 2576 4961 verbo
2626 4895 2872 4970 Dbmini,
2924 4908 2994 4959 ita
3044 4905 3304 4975 loquitur,
3352 4906 3425 4959 uti

1872 5006 1937 5059 iis
1976 5004 2141 5057 ﬁdant
2170 5004 2258 5070 qui
2289 5003 2399 5054 hme
2428 4999 2833 5051 annuntiarent.

1948 5118 1967 5149 ι
1998 5096 2136 5162 Quia
2171 5111 2269 5149 nos
2297 5092 2385 5162 qui
2415 5092 2646 5145 vivimus
2669 5134 2684 5155 ,
2731 5090 2823 5157 qui
2879 5089 3082 5143 residui
3135 5105 3320 5143 sumus
3375 5091 3425 5142 in

1871 5190 2156 5243 adventum
2190 5184 2421 5238 Domini.
2462 5201 2480 5233 ι

1886 5342 1897 5362 l
1942 5276 2057 5332 Non
2093 5276 2193 5330 hoe
2228 5274 2442 5335 innuit,
2474 5286 2533 5324 se
2566 5273 2910 5340 superstitem
2968 5270 3084 5323 fore
3139 5285 3311 5339 usque
3360 5270 3427 5324 ad

1873 5359 2084 5433 tempus
2120 5361 2539 5417 resurrectionis
2563 5399 2577 5421 ,
2618 5361 2741 5423 sed,
2778 5374 2900 5412 eum
2935 5360 3003 5413 de
3041 5361 3346 5414 viventibus
3378 5359 3426 5412 ei

1871 5472 2052 5511 sermo
2080 5464 2257 5516 esset,
2290 5454 2512 5521 ipseque
2540 5451 2667 5503 dum
2704 5452 2815 5503 haec
2846 5450 3023 5503 aiebat
3053 5452 3105 5505 in
3138 5451 3276 5505 vivis
3304 5466 3430 5517 age-

1871 5557 1984 5611 ret,
2016 5544 2291 5601 eommuni
2344 5542 2595 5611 loquendi
2648 5557 2799 5595 more
2847 5541 3025 5605 dixit,
3057 5559 3147 5595 nos
3181 5543 3270 5610 qui
3303 5542 3430 5593 viri-

1870 5655 2006 5691 mus.
2042 5636 2195 5701 Quod
2229 5642 2408 5688 autem
2444 5634 2532 5687 hic
2566 5631 2698 5685 dicti
2734 5632 2889 5685 istius
2922 5632 2994 5685 sit
3024 5646 3219 5685 sensus
3242 5669 3256 5692 ,
3286 5629 3428 5682 indi-

1871 5737 1957 5783 cal
1992 5725 2409 5795 subjungendo,
2446 5724 2534 5792 qui
2571 5720 2766 5776 residui
2801 5737 3000 5775 sumus.
3038 5721 3171 5774 Nam
3205 5720 3248 5774 si
3287 5720 3427 5773 idem

1870 5817 2394 5888 signiﬁcassetqnod
2434 5832 2519 5871 me
2563 5817 3088 5879 vivcnlc,,mion:nu
3132 5814 3291 5867 modo
3321 5814 3426 5866 alio
