4214 6446
207 430 303 491 917
1103 423 1183 483 IN
1226 425 1457 485 EPIST.
1494 426 1592 484 AD
1630 424 2373 485 TllESSALONlCENSES
2401 425 2481 482 ΙΙ.
2900 418 2903 423 ’
3298 421 3403 487 918

208 534 677 609 ὑπερεκπερισσοῦ
699 537 756 590 ὲν
786 533 973 607 ἀγάπῃ
1000 536 1088 590 διά
1107 537 1168 589 τὸ
1198 535 1355 607 ἔργον
1382 537 1579 592 αὐτῶν.
1601 537 1760 607 Εἰρη-
1789 544 1831 596 Α
1860 552 1872 589 ι

1738 567 1760 578 -
1789 544 1831 596 Α
1860 537 2222 591 abundantius
2252 538 2305 591 in
2338 536 2603 590 cliaritate
2627 542 2847 605 propter
2874 546 3011 602 opus
3035 534 3268 589 illorum.
3303 535 3402 588 Pa-

210 631 394 682 νεύετε
420 630 477 680 ὲν
502 629 729 690 ἑαυτοῖς.
769 647 787 679 ι
1856 641 1874 680 (

1856 641 1975 681 cem
2008 628 2202 683 habete
2234 643 2355 681 cum
2391 627 2493 682 eis.
2526 645 2544 678 1

278 720 363 773 Τὰ
388 720 517 790 περὶ
542 717 874 785 διδασκάλων
896 718 1151 781 διδάσκει.
1187 718 1371 782 ποίους
1396 714 1531 772 εῖναι
1554 720 1635 773 δεῖ
1662 739 1754 775 πε-
1925 718 1942 771 1

1740 754 1754 764 -
1925 718 2095 774 Docet
2121 735 2240 786 qua:
2264 719 2581 774 doctoribus
2608 718 2909 788 prastanda
2937 719 3080 780 sint,
3108 716 3404 793 admonens

210 812 568 880 ριπαραινων.
1856 807 1871 862 i

1856 807 2069 862 interim
2105 810 2293 877 quales
2326 809 2402 862 illi
2430 822 2555 863 esse
2582 808 2835 863 debeant.
2957 877 2962 883 _

286 920 305 952 ε
362 897 788 969 Παρακαλοῦμεν
837 898 893 951 δὲ
946 898 1122 967 ὑμᾶς,
1169 898 1404 966 ἀδελφοὶ,
1456 900 1753 954 νουθετεῖτε
1924 896 1950 950 λ

1739 919 1753 954 ε
1924 896 2090 954 Vens.
2120 898 2310 951 14-18.
2340 916 2358 949 ‹
2392 897 2666 967 Rogamus
2691 906 2866 951 autem
2892 911 3011 957 vos,
3032 894 3252 956 fratres,
3278 906 3403 945 co:-

208 992 335 1054 τοὺς
363 992 648 1055 ἀτάκτους,
668 989 1074 1061 παραμυθεῖσθε
1092 989 1214 1051 τοὺς
1245 988 1612 1060 ὀλιγοψύχους,
1632 993 1756 1045 ἀντ-
1856 1006 1872 1043 1

1743 1021 1756 1032 -
1856 991 2017 1059 ripite
2055 991 2363 1061 inquietos,
2396 989 2757 1045 consolamini
2790 989 3165 1058 pusillanimes
3186 1029 3201 1054 ,
3233 987 3407 1041 susci-

209 1080 397 1150 έχεσθε
444 1080 550 1133 τῶν
580 1078 851 1143 ἀσθενῶν,
893 1079 1290 1150 μακροθυμεῖτε
1333 1080 1465 1148 πρὸς
1527 1083 1752 1143 πάντας.
1858 1097 1873 1151 ι

1744 1122 1752 1137 .
1858 1082 1975 1151 pite
2006 1081 2291 1145 infirmos,
2328 1081 2595 1151 patientes
2639 1089 2810 1135 estote
2856 1079 2923 1133 ad
2970 1093 3179 1133 omnes.
3215 1075 3408 1130 Videte

221 1170 415 1240 Ὀρᾶτε
448 1172 520 1240 μή
569 1186 653 1230 τις
684 1169 848 1222 κακὸν
876 1170 996 1231 ἀντὶ
1032 1168 1200 1222 κακοῦ
1234 1186 1337 1221 τινι
1373 1170 1575 1238 ἀποδῷ,
1623 1171 1757 1225 ἀλλά
1858 1190 1885 1227 ll

1744 1190 1757 1224 ι
1858 1188 1927 1229 ne
1948 1174 2070 1243 quis
2094 1173 2295 1228 malum
2324 1186 2424 1242 pro
2454 1172 2598 1225 malo
2627 1172 2791 1225 alicui
2821 1170 3007 1225 reddat
3031 1187 3045 1236 ;
3073 1169 3168 1223 sed
3199 1182 3408 1235 semper

211 1258 443 1312 πάντοτε
470 1258 671 1326 ἀγαθὸν
696 1256 940 1321 διώκετε,
973 1261 1065 1310 καὶ
1109 1259 1185 1319 είς
1213 1257 1508 1327 ἀλλήλους,
1543 1260 1635 1311 καί¹
1678 1261 1757 1322 είς
1858 1282 1875 1319 ί

1744 1276 1757 1322 ῖ
1858 1265 2003 1335 quod
2034 1266 2235 1319 bonum
2272 1272 2391 1328 est,
2424 1263 2743 1326 sectamini,
2772 1272 2827 1317 et
2870 1262 2925 1316 in
2970 1262 3204 1316 invicem
3226 1301 3241 1325 ,
3271 1270 3325 1314 et
3356 1262 3408 1312 in

213 1349 441 1410 πάντας.
471 1348 703 1401 Πάντοτε
725 1347 940 1418 χαίρετε
963 1365 975 1375 ·
1000 1346 1349 1410 ἀδιαλείπτως
1373 1349 1752 1419 προσεύχεσθε,
1859 1371 1877 1409 ί

1746 1390 1752 1412 ι
1859 1370 2071 1410 omnes.
2108 1355 2332 1424 Semper
2359 1354 2622 1423 gaudete;
2671 1352 2789 1406 sine
2840 1349 3241 1406 intermissione
3284 1362 3410 1401 ora-

210 1442 268 1490 ὲν
298 1442 453 1492 παντὶ
498 1440 886 1508 εὐχαριστεῖτε.
918 1438 1085 1492 Τοῦτο
1128 1439 1234 1510 γὰρ
1270 1438 1478 1509 θέλημα
1527 1440 1660 1493 Θεοῦ
1700 1443 1757 1493 ὲν
1859 1455 1874 1499 ι

1746 1458 1757 1491 ο
1859 1455 1951 1512 te;
1985 1447 2040 1500 in
2074 1446 2330 1500 omnibus
2359 1446 2563 1514 gratias
2599 1443 2754 1511 221
2790 1441 2976 1511 agite:
3011 1441 3125 1495 hate
3156 1449 3240 1494 est
3270 1440 3410 1494 enim

210 1530 431 1599 Χριστῷ
470 1530 639 1600 Ἰησοῦ
667 1531 745 1593 είς
773 1530 935 1599 ὑμᾶς.
1857 1551 1874 1588 l

1857 1537 2110 1591 voluntas
2142 1534 2236 1589 Dei
2270 1536 2325 1589 in
2361 1534 2580 1589 Christo
2612 1531 2738 1588 Jesu
2772 1531 2825 1584 in
2860 1546 2977 1585 vos.
3016 1550 3034 1583 ι

281 1620 543 1673 Ποικίλων
571 1621 777 1688 ἀρετῶν
807 1620 989 1681 αὐτοῖς
1016 1619 1284 1687 ὲξυφαίνει
1315 1619 1490 1687 λόγον.
1928 1626 1945 1679 1

1928 1626 2003 1681 De
2036 1627 2204 1681 variis
2229 1625 2521 1680 virtutibus
2551 1638 2853 1678 sermonem
2880 1622 2988 1677 illis
3012 1624 3274 1676 contexit.

283 1732 303 1763 ε
340 1714 413 1764 Τὸ
447 1713 665 1783 Πνεῦμα
692 1713 767 1783 μὴ
792 1712 1064 1777 σϐέννυτε,
1101 1712 1432 1782 προφητείαν
1487 1713 1561 1781 μὴ
1612 1712 1759 1776 ἐξου-
1918 1716 1947 1767 ,1

1750 1741 1759 1752 -
1918 1716 2089 1772 .Vens.
2118 1717 2302 1771 19-23.
2346 1735 2365 1769 ι
2397 1715 2660 1785 Spiritum
2692 1714 2860 1767 nolite
2889 1714 3257 1783 etstinguere.
3281 1711 3414 1793 Pro-

208 1804 441 1855 θενεῖτε·
486 1804 663 1857 πάντα
702 1804 759 1856 δὲ
799 1804 1137 1873 δοκιμάζετε,
1170 1803 1231 1855 τὸ
1272 1802 1432 1856 καλὸν
1480 1803 1755 1872 κατέχετε,
1788 1868 1825 1879 __
1860 1826 1872 1879 ι

1745 1843 1755 1865 .
1788 1868 1825 1879 __
1860 1809 2096 1879 phetiam
2144 1810 2316 1863 nolite
2336 1822 2593 1878 spernere
2628 1825 2640 1859 :
2674 1805 2858 1859 omnia
2909 1813 3088 1859 autem
3139 1803 3364 1872 probate
3396 1821 3409 1856 :

207 1893 317 1946 ἀπὸ
370 1892 567 1956 παντὸς
619 1894 791 1955 εἴδους
832 1868 1064 1965 πονηροῦ
1128 1892 1413 1961 ἀπέχεσθε.
1447 1868 1701 1957 Αυτδξδὲ
1725 1894 1755 1944 ὁ
1786 1868 1871 1955 8(-

1750 1915 1755 1939 ι
1786 1868 1828 1923 Β
1855 1868 2000 1971 quod
2027 1900 2229 1955 bonum
2257 1868 2595 1963 esu-tenete.
2620 1896 2703 1951 Ab
2733 1895 2879 1950 omni
2909 1895 3089 1965 specie
3118 1868 3256 1947 mala
3282 1894 3414 1949 abs-

207 1985 340 2047 Θεὸς
365 1985 462 2053 τῆς
489 1986 705 2055 εἰρήνης
737 1985 958 2053 ἁγιάσαι
990 1984 1153 2054 ὑμᾶς.
1192 2002 1211 2035 1
1855 1999 1871 2044 ι

1855 1991 2017 2044 tinete
2074 2004 2191 2044 vos.
2234 1987 2356 2057 Ipse
2381 1998 2556 2042 autem
2581 1985 2726 2041 Deus
2761 1984 2915 2054 pacis
2942 1983 3241 2038 sanctiﬁcet
3260 1999 3409 2037 vos»

280 2077 429 2129 Ἀντὶ
474 2076 587 2139 τοῦ,
630 2078 721 2144 Μὴ
768 2076 993 2145 έπέχετε
1022 2076 1134 2128 τὸν
1192 2091 1627 2146 προφητευοντα·
1666 2076 1757 2127 καὶ
1926 2080 1944 2134 1

1751 2114 1757 2126 ι
1926 2080 2037 2136 Hoc
2073 2089 2180 2146 est,
2207 2096 2273 2136 ne
2321 2078 2621 2134 cobibeatis
2648 2078 2797 2132 illum
2824 2078 2915 2147 qui
2943 2076 3256 2146 pr0plietias
3288 2075 3415 2130 fun-

208 2158 367 2221 τοῦτο
386 2168 535 2237 δηλοῖ
563 2169 623 2221 τὸ
652 2167 795 2239 ἑξῆς.
1855 2194 1872 2226 ι

1855 2173 1937 2227 dit
1965 2198 1977 2227 ;
2018 2170 2163 2242 quod
2188 2171 2351 2225 etiam
2373 2170 2617 2225 declarat
2646 2170 2917 2224 orationis
2949 2168 3140 2224 series.

284 2278 304 2308 ε
350 2258 641 2321 Ὀλοςελεῖς
670 2274 683 2287 °
717 2258 811 2312 καὶ
830 2258 1121 2330 ὁλόκληρον
1150 2257 1323 2328 ὑμῶν.
1363 2276 1381 2308 ι
1931 2281 1948 2313 ι

1363 2276 1381 2308 ι
1931 2260 2064 2317 «Per
2096 2260 2314 2315 omnia:
2346 2268 2400 2316 et
2432 2260 2644 2328 integer
2669 2259 2740 2314 sit
2762 2268 2961 2313 vester.
2999 2281 3019 2310 ι

279 2349 351 2404 Εἴ
368 2368 421 2401 τι
444 2350 619 2402 λείπει
642 2351 788 2419 ὑμῖν,
807 2348 1249 2421 προσπληρὼσει.
1930 2352 1943 2405 ξ

1930 2352 1987 2407 Si
2014 2358 2167 2407 deest
2199 2351 2354 2407 vobis
2380 2351 2604 2420 aliquid,
2636 2350 2738 2404 hoc
2761 2350 2879 2419 ipse
2914 2348 3210 2418 praestabit,

284 2461 303 2491 ‹
338 2442 411 2494 Τὸ
438 2442 679 2511 Πνεῦμα,
718 2444 814 2496 καὶ
905 2442 1071 2511 ψυχὴ,
1097 2442 1192 2495 καὶ
1235 2420 1297 2495 τί)
1347 2440 1527 2511 σῶμα,
1583 2440 1763 2509 ἀμέμο
1936 2464 1948 2494 ι

1756 2468 1763 2479 ο
1936 2464 1953 2494 ι
1986 2443 2246 2513 Spiritus,
2296 2449 2349 2497 et
2376 2441 2582 2504 anima,
2613 2449 2669 2494 et
2697 2454 2896 2509 corpus
2946 2437 3065 2491 sine
3113 2437 3331 2506 querela
3365 2435 3417 2491 in

210 2551 360 2596 πτως
380 2533 438 2584 ὲν
457 2535 521 2602 τῇ
550 2533 818 2604 παρουσίᾳ
851 2532 945 2585 τοῦ
978 2532 1181 2603 Κυρίου
1220 2530 1375 2603 ἡμῶν
1416 2531 1588 2601 Ἰησοῦ
1628 2533 1762 2603 Χρι-
1862 2549 1874 2587 t

1752 2561 1762 2572 -
1862 2532 2095 2587 adventu
2156 2532 2371 2585 Domini
2450 2528 2628 2585 nostri
2690 2528 2819 2583 Jesu
2879 2526 3082 2582 Christi
3150 2534 3416 2588 servetur.

213 2624 339 2676 στοῦ
366 2623 651 2694 τηρηθεζη.
686 2624 881 2687 Πιστὸς
904 2625 933 2676 ὁ
959 2624 1113 2687 Θεός.
1153 2644 1171 2674 ι
1864 2619 1877 2691 [

1097 2663 1113 2680 .
1153 2644 1171 2674 ι
1864 2618 2073 2695 [ηνειιε.
2101 2618 2193 2672 24.
2228 2617 2247 2689 ]
2276 2616 2478 2671 Fidelis
2510 2615 2652 2670 Deus
2690 2653 2705 2669 .
2738 2633 2756 2666 1

284 2712 542 2780 Πνεῦμα,
571 2714 722 2783 φησὶ,
745 2714 804 2765 τὸ
844 2715 1088 2783 χάρισμα
1118 2713 1147 2765 ὃ
1184 2712 1372 2766 ἔλαϐεν
1415 2712 1640 2775 ἕκαστος
1679 2712 1767 2765 διά
1938 2715 1948 2763 .‘

1754 2730 1767 2765 ι
1938 2709 2193 2777 Spiritum
2231 2708 2386 2772 dicit,
2417 2706 2549 2761 illud
2604 2707 2805 2762 donum
2839 2704 2985 2773 quod
3038 2703 3418 2772 unusquisque

212 2804 304 2856 τοῦ
340 2804 725 2872 βαπτίσματος.
748 2804 881 2858 Τότε
912 2807 1020 2875 γὰρ
1054 2806 1161 2858 τῶν
1194 2805 1603 2875 βαπτιζομένων
1632 2807 1767 2859 ἒκα-
1867 2818 1876 2871 ι

1754 2834 1767 2851 .
1867 2815 1963 2871 per
1990 2798 2318 2867 baptismum
2352 2802 2656 2864 acceperat.
2687 2791 2950 2861 Quisquis
2975 2789 3121 2845 enim
3176 2789 3418 2858 baptiza—

215 2912 337 2958 στος
359 2895 629 2964 ἐλάμϐανε
666 2896 927 2967 χάρισμα,
974 2897 1069 2951 καὶ
1114 2898 1285 2951 ἐποίει
1335 2900 1555 2967 σημεῖα.
1602 2899 1710 2952 Καὶ
1741 2898 1770 2950 ὁ
1866 2893 1879 2943 1

1750 2898 1770 2950 5
1866 2893 2049 2951 batur,
2077 2885 2373 2955 accipiebat
2398 2884 2601 2938 donum
2642 2897 2752 2953 quo
2772 2879 3014 2951 prodigia
3040 2879 3311 2949 patrabat.
3337 2879 3414 2932 Ac

216 2987 314 3055 μὲν
353 2985 623 3054 γλώσσαις
668 2988 865 3051 ἐλάλει,
902 2990 930 3041 ὁ
953 2988 1009 3041 δὲ
1042 2990 1410 3060 προεφήτευεν
1431 3007 1445 3020 ·
1477 2989 1631 3049 ἄλλος
1658 2992 1770 3044 tam
1870 2977 1880 3030 ί

1755 3008 1770 3043 ,
1870 2977 1962 3031 ille
1989 2975 2210 3046 quidem
2244 2974 2446 3044 linguis
2473 2974 2817 3041 loquebatur,
2843 2971 2931 3024 hic
2950 2984 3079 3025 vero
3104 2967 3419 3038 prophetias

212 3075 337 3139 τοὺς
371 3075 694 3145 κάμνοντας,
724 3076 877 3140 ἄλλος
906 3055 1157 3148 δαιμόνια
1178 3055 1656 3144 ξέϐαλλεν,άλλος
1680 3081 1772 3134 άν-
1873 3082 1876 3134 ἶ

1757 3111 1772 3121 .
1873 3064 2258 3135 pronuntiabat
2285 3080 2299 3128 ;
2330 3063 2463 3115 alter
2485 3075 2658 3131 aegros
2684 3060 2934 3122 sanabat,
2959 3058 3231 3111 daemones
3285 3055 3421 3109 alter

216 3165 339 3217 ίστα
367 3166 491 3229 τοὺς
518 3184 760 3236 νεκρους,
793 3167 947 3231 ἄλλος
977 3167 1105 3221 ἄλλο
1128 3186 1182 3221 τι
1212 3169 1401 3223 ἐποίει.
1457 3171 1623 3223 Τουτο
1680 3170 1772 3223 οὖν
1807 3228 1838 3236 Δ
1872 3182 1880 3214 ε

1756 3187 1772 3222 ν
1807 3228 1838 3236 Δ
1872 3161 2121 3231 iniciebat
2150 3158 2327 3225 ,alius
2362 3158 2631 3212 excitabat
2677 3162 2943 3218 mortuos,
2987 3150 3135 3205 aliud
3169 3149 3312 3203 alius
3339 3148 3420 3201 fa-

214 3257 274 3308 τὺ
306 3258 568 3327 χάρισμα,
598 3228 1010 3327 θκαὶσηνεῦμά
1038 3275 1193 3329 φησι,
1245 3260 1426 3327 μένειν
1474 3261 1533 3312 ὲν
1588 3260 1766 3321 αὐτοῖς
1799 3228 1840 3285 C
1871 3273 1878 3303 4

1754 3277 1766 3321 ;
1799 3228 1840 3285 (ἶ
1871 3228 2065 3307 ciebat.
2092 3249 2204 3305 Hoc
2233 3264 2361 3319 ergo
2389 3248 2611 3311 donum,
2643 3246 2788 3317 quod
2822 3252 2877 3299 et
2924 3242 3186 3312 Spiritum
3238 3240 3418 3297 nomi-

210 3347 505 3417 ὀλῦκληρον
528 3347 758 3418 εὔχεται,
785 3349 872 3403 ἵνα
922 3349 1064 3402 κατά
1112 3348 1275 3421 μηδὲν
1330 3349 1630 3419 στερηθῶσι
1670 3352 1766 3421 τῆς
1864 3361 1874 3398 1

1752 3369 1766 3414 ;
1864 3354 1978 3407 nat,
2010 3344 2065 3396 in
2095 3342 2228 3411 ipsis
2278 3354 2496 3394 manere
2523 3340 2789 3409 integrum
2815 3346 3090 3408 precatur,
3121 3349 3189 3389 ne
3232 3333 3341 3388 ulla
3363 3332 3416 3387 in

214 3436 497 3506 ἐνεργείας
524 3437 615 3488 τοῦ
640 3437 793 3504 ἁγίου
820 3436 1159 3505 Πνεύματος.
1866 3450 1878 3488 1

1866 3450 1925 3490 re
1946 3432 2226 3503 priventur
2269 3429 2506 3485 eﬂicacia
2568 3429 2812 3499 Spiritus
2871 3426 3066 3481 sancti.

293 3545 313 3577 ‹
349 3527 407 3578 'U
431 3526 608 3579 καλῶν
634 3528 797 3596 ὐμᾷς,
818 3527 876 3589 ὃς
898 3529 990 3580 καὶ
1020 3527 1522 3597 ποιήσει.Ἀδελφοὶ,
1539 3528 1764 3597 προσεύ-
1937 3542 1956 3576 ι

1757 3556 1764 3568 -
1937 3524 2071 3590 «Qui
2093 3522 2307 3577 vocavit
2332 3537 2461 3587 vos;
2483 3521 2575 3591 qui
2596 3520 2756 3574 etiam
2781 3518 2957 3572 faciet.
2979 3514 3168 3587 [Vens
3193 3513 3285 3577 25,
3300 3513 3421 3586 26.]

215 3618 379 3688 χεσοε
408 3618 546 3689 ὑπὲρ
576 3617 748 3688 ἡμῶν.
787 3618 1129 3683 Ἀσπάξασθε
1157 3619 1282 3681 τοὺς
1336 3619 1594 3687 ἀδελφοὺς
1636 3618 1771 3671 πάν·
1866 3614 1879 3668 1

1758 3648 1771 3659 -
1866 3614 2106 3675 Fratres.
2136 3622 2288 3669 orate
2325 3627 2425 3683 pro
2446 3612 2645 3667 nobis.
2696 3610 2940 3665 Salutate
2993 3608 3190 3662 fratres
3234 3620 3422 3660 omnes

217 3726 318 3772 τας
347 3710 407 3761 ὲν
438 3710 700 3779 φιλήματι
725 3710 884 3781 ἁγίῳ.
920 3729 939 3762 ι
1868 3708 1881 3761 i

785 3710 884 3781 νίῳ.
920 3729 939 3762 ι
1868 3708 1924 3761 in
1947 3707 2135 3761 osculo
2161 3711 2354 3760 sancto
2374 3745 2387 3758 .
2431 3722 2449 3755 ι

304 3802 362 3853 ὐ
379 3800 613 3863 καλέσας
642 3802 804 3869 ὑμᾶς,
837 3801 1020 3871 φησὶν,
1049 3802 1275 3873 Ἰησοῦς,
1307 3802 1522 3872 ποιήσει
1551 3801 1609 3853 τὸ
1656 3801 1770 3852 ὀλο·
1936 3796 1965 3852 J

1759 3828 1770 3840 -
1936 3796 2095 3853 Jesus
2122 3798 2212 3866 qui
2241 3795 2451 3850 vocavit
2487 3809 2606 3857 vos,
2650 3793 2846 3864 inquit,
2882 3791 3043 3846 faciet
3103 3797 3163 3844 ut
3205 3788 3423 3859 perfecti

220 3892 395 3955 τελεῖς
426 3892 567 3961 ὑμᾶς
598 3892 849 3959 γενέσθαι
879 3894 972 3946 καὶ
993 3893 1330 3963 ἀμέμπτους.
1869 3903 1884 3943 t

1869 3897 2031 3959 atque
2053 3887 2249 3957 integri
2272 3887 2391 3941 sitis
2416 3894 2472 3940 et
2520 3882 3052 3954 irreprehensibiles.

297 4003 315 4034 ι
360 3981 648 4052 Ἐνορκίζω
677 3983 819 4051 ὑμᾶς
845 3983 933 4035 τὸν
971 3982 1194 4053 Κύριον.
1237 3980 1647 4050 ἀναγνωσθῆναι
1676 3981 1771 4052 τὴν
1940 3978 1961 4030 l

1762 4000 1771 4032 ρ
1940 3978 2105 4033 Vens.
2135 3977 2223 4041 27,
2247 3978 2336 4031 28.
2377 3995 2395 4028 ι
2439 3975 2648 4043 Adjuro
2676 3990 2774 4028 vos
2799 3988 2895 4044 per
2934 3971 3244 4034 Dominum,
3270 3975 3330 4022 ut
3355 3966 3426 4020 le-

222 4074 508 4143 ὲπιστολὴν
538 4076 803 4137 πᾶσιτοῖς
838 4073 1013 4143 ἁγίοις
1049 4075 1317 4141 ἀδελφοῖς.
1371 4074 1436 4128 Ἦ
1480 4072 1638 4143 χάρις
1680 4070 1772 4125 τοῦ
1869 4084 1886 4139 ε

1759 4070 1772 4123 3
1869 4077 2029 4139 gatur
2052 4067 2279 4137 epistola
2308 4066 2424 4119 hinc
2442 4063 2697 4118 omnibus
2720 4062 2925 4117 sanctis
2952 4059 3233 4114 fratribus.
3288 4055 3423 4110 Gra—

222 4167 429 4236 Κυρίου
452 4166 607 4236 ήμῶν
637 4165 811 4236 Ἰησοῦ
832 4165 1065 4235 Χριστοῦ
1100 4166 1217 4235 μεθ’
1245 4164 1415 4235 ὑμῶν.
1450 4165 1643 4234 Ἀμήν.
1680 4182 1701 4214 ι
1873 4166 1886 4213 l

1873 4160 1946 4213 tia
1981 4157 2188 4211 Domini
2219 4156 2390 4210 nostri
2424 4151 2551 4208 Jesu
2584 4152 2787 4207 Christi
2828 4152 3128 4225 vobiscum.
3159 4149 3353 4201 Amen.
3391 4164 3409 4197 ι

305 4256 521 4327 Ἐπειδὴ
545 4256 793 4327 ἐλέγχους
816 4258 849 4326 ἡ
877 4256 1163 4327 Ἐπιστολὴ
1196 4256 1458 4325 περιέχει,
1491 4256 1698 4325 μήποτε
1726 4256 1775 4306 οἱ
1943 4252 1969 4315 (ξ

1761 4256 1775 4306 ι
1943 4250 2209 4317 Quoniam
2251 4246 2497 4318 Epistola
2529 4246 2645 4301 haec
2676 4244 3126 4315 reprehensiones
3164 4240 3425 4299 continet,

225 4349 449 4402 άτακτοι
464 4347 714 4412 λαϐόντες
730 4348 826 4418 τὴν
842 4347 1161 4419 Ἐπιστολὴν
1186 4346 1488 4417 κρύψωσιν,
1510 4344 1775 4416 ένορκίζει
1875 4361 1889 4399 1

1763 4363 1775 4397 ι
1875 4359 1945 4400 ne
1970 4344 2109 4397 forte
2127 4344 2217 4411 qui
2244 4342 2424 4412 pravis
2448 4339 2690 4395 moribus
2710 4346 2888 4400 erant,
2924 4336 3066 4389 hanc
3097 4332 3427 4401 accipientes

226 4440 422 4499 αὐτοὺς
453 4437 862 4507 ἀναγνωσθηναι
883 4437 980 4508 τὴν
1020 4435 1357 4505 Ἐπιστολὴν.
1875 4448 1890 4487 ε

1875 4430 2294 4493 absconderent,
2325 4429 2541 4497 adjurat
2570 4426 2690 4481 illos
2713 4434 2771 4478 ut
2799 4426 2972 4494 ipsam
3004 4424 3202 4492 legant.
3230 4432 3236 4439 '

300 4525 454 4592 Πρὸς
489 4506 949 4590 Θεσσαλοῗικεῖςλ
975 4530 1037 4593 α’³
1071 4523 1294 4593 ἐγράφη
1333 4522 1451 4577 ἀπὸ
1491 4520 1774 4588 Ἀθηνῶν.
1804 4577 1853 4593 ἢ
1948 4519 1964 4574 1

1762 4557 1774 4575 .
1804 4577 1853 4593 ,ι
1948 4517 2188 4587 Epistula
2221 4516 2288 4569 ad
2342 4514 2830 4569 Tltessalonicenses
2886 4512 3059 4576 prima
3105 4506 3301 4564 scripta
3350 4513 3426 4557 est

229 4577 776 4687 ετίέωὲριιγοξ
1030 4577 1037 4593 ³
1110 4577 1148 4593 ”
1211 4577 1291 4592 ’“
1614 4577 1626 4588 ’
1801 4577 1856 4638 υ

1614 4577 1626 4588 ’
1801 4577 1856 4638 D
1995 4577 2006 4587 I
2322 4605 2554 4658 Athenis.
2583 4602 2825 4656 Versibus
2858 4601 2976 4657 193.

1532 4793 3414 4838 mw

635 4975 803 5060 ΕΙΣ
889 4972 1523 5059 ΕΠΙΣΤΟΛΗΝ
1620 4973 1695 5054 B'
1750 4968 2035 5053 ΠΡΟΣ
2104 4959 2999 5053 ΘΕΣΣΑΛΟΝΙΚΕΙΣ.

1793 5167 1862 5183 κ

553 5327 676 5416 ΙΝ
757 5320 1424 5414 EPISTOLAM
1509 5318 1594 5404 Il
1682 5316 1832 5403 AD
1910 5302 3136 5400 THESSALONICENSES-

243 4814 1523 4847 ##—

654 5624 1038 5680 ΚΕΦΑΛΔΙΟΝ
1072 5624 1359 5678 ΠΡΩΤΟΝ.
2210 5666 2225 5687 χ

1264 5624 1359 5677 DN.
2210 5666 2225 5687 χ
2391 5610 2613 5667 CAPUT
2641 5607 2928 5664 paruum.

311 5739 332 5771 ι
371 5718 597 5781 Παῦλος,
629 5719 720 5771 καὶ
762 5717 1062 5780 Σιλουανὸς,
1104 5718 1195 5768 καὶ
1238 5716 1494 5784 Τιμόθεος
1554 5716 1621 5784 τῇ
1664 5716 1785 5767 Ἐκ·
1964 5707 1975 5735 ‘

1770 5744 1785 5753 -
1964 5707 2124 5762 Vens.
2146 5706 2254 5761 1-5.
2275 5703 2591 5765 (Ριιυιιιε,ει
2619 5699 2892 5763 Silvanus,
2913 5690 3313 5752 et'fimotheus.
3335 5690 3434 5745 Ec-

237 5812 440 5882 κλησίᾳ
465 5809 912 5868 Θεσσαλονικέων,
946 5811 1004 5860 ἐν
1031 5807 1148 5876 Θεῷ
1181 5808 1350 5875 Πατρὶ
1371 5808 1523 5875 ἡμῶν
1550 5808 1644 5858 καὶ
1688 5807 1787 5858 Κυ-
1894 5819 1901 5851 ι

1772 5834 1787 5843 -
1894 5802 2072 5856 clesia:
2098 5798 2137 5852 Τ
2143 5792 2693 5855 bessalouiccnsium,
2724 5791 2778 5845 in
2815 5788 2923 5861 Deo
2949 5785 3105 5843 Patre
3134 5790 3353 5848 nostro,
3377 5788 3434 5836 et
