4214 6446
762 411 864 469 υἶῐ)

1925 420 1982 474 S.
2028 418 2342 477 JOANNIS
2372 420 2791 479 DAMASCEXI

3874 421 3983 492 9’20

765 521 1402 597 IlOIIIiIIOJCSII.C|IrlSlO.
1444 525 1665 581 Gratias
1697 542 1857 597 agere
1888 529 2146 584 debemus
2202 530 2310 585 Deo
2338 540 2382 590 Δ
2412 549 2429 600 ε

2338 540 2382 590 Α
2412 531 2512 600 ρίῳ
2551 531 2718 597 Ἰησοῦ
2749 531 2969 602 Χριστῷ
3001 549 3015 562 ο
3052 532 3394 602 εὐχαριστεῖν
3415 532 3701 604 ὀφείλομεν
3735 534 3814 603 τῷ
3858 535 3979 604 Θεῴ

761 631 978 679 semper
1013 631 1110 685 pro
1145 618 1318 681 vobis,
1356 616 1575 681 fratres,
1600 620 1748 671 itaut
1775 621 1999 685 dignum
2037 630 2142 684 est,
2177 637 2310 691 quo-

761 705 908 759 niam
963 707 1374 775 superabundat
1404 707 1536 763 fides
1572 719 1774 773 vestra,
1809 719 1864 763 ct
1899 712 2142 766 abundat
2177 713 2308 765 cba-

761 796 896 850 i‘itas
947 797 1373 868 uniuscujusque
1401 808 1641 852 vestrum
1676 801 1730 852 in
1761 801 1992 854 invicem
2020 820 2034 866 ;
2067 803 2140 855 ita
2168 811 2228 855 ut
2251 811 2304 856 et

761 901 859 939 nos
893 887 987 954 ipsi
1019 888 1070 939 in
1097 888 1253 941 vobis
1288 890 1584 955 gloriemur
1649 889 1702 942 in
1758 889 2014 946 Ecclesiis
2069 890 2161 943 Dei
2217 906 2313 960 pro

760 976 1016 1044 patientia
1044 985 1224 1030 vestra
1249 991 1302 1030 et
1327 979 1449 1039 fide,
1476 978 1528 1031 in
1552 980 1806 1033 omnibus
1837 981 2312 1048 persecutionibus

757 1064 977 1125 vestris,
998 1075 1050 1117 et
1076 1066 1537 1127 tribulationibus,
1564 1083 1698 1136 quas
1721 1070 2025 1130 sustinetis,
2052 1069 2106 1122 in
2130 1085 2313 1123 exem-

757 1155 1056 1222 pbunjusti
1088 1157 1282 1224 judicii
1315 1156 1429 1221 Dei,
1462 1168 1520 1211 ut
1546 1157 1694 1228 digni
1742 1158 2049 1213 babeamini
2071 1160 2126 1214 in
2148 1175 2311 1229 regno

757 1244 871 1308 Dei,
907 1261 1004 1313 pro
1034 1261 1140 1315 quo
1177 1256 1231 1300 et
1267 1249 1534 1316 patimini.
1571 1267 1589 1299 ι

822 1440 1013 1509 Operae
1047 1443 1282 1509 pretium
1330 1444 1432 1496 fuit
1455 1455 1513 1498 ut
1541 1445 1770 1499 alteram
1826 1462 2048 1516 quoque
2098 1446 2308 1516 Episto-

753 1530 858 1581 lam
891 1532 1187 1599 Apostolus
1219 1535 1284 1587 ad
1318 1534 1845 1591 Tbessalouicenses
1879 1538 2179 1603 scriberet;
2202 1554 2305 1593 non

755 1627 813 1670 ut
846 1621 1051 1688 aliquid
1070 1625 1322 1690 suaderet
1341 1639 1525 1678 eorum
1551 1642 1672 1694 quze
1695 1628 1830 1696 ipsis
1845 1627 2206 1682 conducibilia
2226 1627 2308 1681 fo-

753 1719 894 1772 rvnt,
922 1713 1034 1765 sive
1057 1714 1122 1767 ad
1163 1714 1317 1768 fidem
1347 1715 1491 1784 (nam
1520 1732 1927 1785 supercrescere
1950 1718 2308 1786 eorum222

753 1801 911 1854 tidem
942 1803 1136 1871 dicit),
1186 1804 1300 1859 sive
1323 1805 1390 1858 ad
1448 1807 1708 1859 virtutum
1756 1807 2016 1860 studium.
2086 1807 2306 1862 Dixerat

751 1894 897 1949 enim
934 1895 987 1946 in
1025 1894 1261 1963 Epistola
1287 1897 1490 1966 priore,
1525 1914 1864 1967 nequaquam
1900 1914 1998 1954 eos
2029 1912 2168 1968 upus
2203 1900 2302 1953 ba-

752 1983 882 2038 bcre
911 1983 1229 2052 disciplina,
1267 2001 1390 2041 cum
1421 1986 1598 2042 edocti
1624 2003 1655 2041 a
1686 1989 1794 2043 Deo
1822 1995 2026 2043 essent.
2053 1987 2298 2053 Quanam

751 2092 884 2147 ergo
915 2077 980 2131 de
1023 2093 1191 2132 causa
1244 2079 1698 2148 Epistolambanc
1736 2083 2001 2151 scripsit?
2052 2083 2210 2150 plane
2235 2098 2302 2136 ne

751 2170 1123 2234 turbarentur,
1177 2171 1448 2227 audiendo
1478 2173 1703 2228 secundi
1751 2175 2022 2230 adventus
2086 2173 2297 2228 Domini

749 2262 891 2316 diem
921 2263 1144 2319 instare.
1176 2263 1305 2318 Nam
1347 2264 1471 2319 falsi
1501 2265 1718 2334 quidam
1741 2265 1994 2320 doctores
2028 2265 2128 2319 hoc
2165 2279 2300 2334 prae-

747 2354 1031 2410 dicabant.
1067 2356 1339 2422 Quocirca
1374 2371 1601 2412 necesse
1634 2357 1737 2412 fuit
1761 2367 1817 2412 ut
1851 2366 2102 2427 portenta
2135 2373 2297 2412 enar-

746 2454 915 2511 raret,
948 2463 1068 2517 qna!
1101 2449 1244 2503 diem
1274 2451 1420 2503 illam
1447 2465 1779 2520 praecessura
1804 2457 1933 2504 sunt
1960 2470 1971 2503 :
2016 2459 2145 2519 puta
2177 2464 2296 2517 qua:

751 2537 819 2590 ad
852 2539 1209 2596 defectionem
1250 2550 1303 2596 et
1343 2542 1499 2596 linem
1525 2543 1736 2612 imperii
1770 2542 1999 2596 Romani
2027 2552 2290 2610 spectant,

749 2635 805 2680 et
833 2644 954 2697 quae
985 2629 1050 2682 ad
1086 2630 1494 2685 Antichristum.
1526 2631 1650 2686 Haec
1678 2632 1821 2686 enim
1859 2633 1914 2686 in
1948 2641 2292 2686 antecessum

744 2727 994 2787 oportere
1020 2718 1132 2774 fieri
1163 2721 1263 2786 ait,
1288 2730 1510 2792 tumque
1537 2723 1677 2778 diem
1710 2723 1855 2778 illam
1879 2721 2155 2777 advenire.

815 2809 950 2866 Vide
975 2824 1204 2882 quantos
1240 2829 1556 2883 progressus
1601 2815 2119 2871 Thessalonicenscs
2151 2814 2294 2868 feceo

745 2903 876 2966 rint,
907 2911 961 2956 ut
1005 2913 1059 2958 et
1109 2907 1402 2974 gratiarum
1459 2908 1701 2962 actiones
1749 2922 1847 2978 pro
1904 2907 2014 2961 illis
2070 2905 2293 2960 referret

744 2995 1040 3062 Apostolus
1057 3016 1069 3050 :
1086 3011 1193 3050 non
1210 2999 1523 3068 solumquia
1535 2998 1904 3060 crediderant,
1926 3013 2107 3052 verum
2129 2996 2290 3049 etiam

743 3085 870 3152 quia
889 3097 1295 3153 supercreverat
1317 3090 1446 3144 fides
1462 3093 1698 3159 ipsorum
1719 3105 1920 3159 ;nequc
1933 3104 2149 3142 rursum
2165 3087 2290 3157 quia

2417 623 2643 675 πάντοτε
2664 625 2791 692 περὶ
2823 623 2993 692 ὑμῶν,
3035 623 3270 692 ἀδελφοὶ,
3296 624 3478 687 καθὼς
3507 624 3657 690 ἄξιόν
3687 627 3857 687 ἐστιν,
3896 627 3978 678 ὅτι

2415 714 2781 783 ὑπεραυξάνει
2808 717 2841 786 ή
2867 715 3048 779 πίστις
3079 717 3252 786 ὑμῶν,
3277 718 3370 770 καὶ
3409 717 3692 782 πλεονάζει
3724 720 3757 788 ὴ
3782 719 3976 787 ἀγάπη

2413 805 2530 868 ἐνὸς
2563 807 2788 859 ἑκάστου
2811 807 3028 860 πάντων
3060 809 3213 877 ὑμῶν
3236 811 3318 871 εἰς
3348 809 3628 880 ἀλλήλους,
3660 810 3799 862 ὥστε
3824 811 3976 880 ἡμᾶς

2411 897 2605 960 αὑτοὺς
2641 899 2701 950 ἐν
2721 899 2847 968 ὑμῖν
2894 899 3198 968 καυχᾶσθαι
3263 902 3320 953 ἐν
3347 903 3465 965 ταῖς
3504 903 3821 971 ἐκκλησίαις
3878 903 3974 954 τοῦ

2410 989 2565 1052 Θεοῦ,
2615 990 2753 1058 ὑπὲρ
2807 991 2907 1058 τῆς
2947 992 3222 1062 ὑπομονῆς
3262 993 3416 1061 ὑμῶν
3453 993 3547 1046 καὶ
3587 996 3862 1061 πίστεως,
3915 998 3976 1048 ἐν

2411 1081 2544 1132 πᾶσι
2571 1084 2681 1142 τοῖς
2711 1081 2964 1149 διωγμοῖς
2996 1081 3148 1150 ὑμῶν
3198 1082 3292 1134 καὶ
3306 1084 3427 1144 ταῖς
3455 1081 3697 1152 θλίψεσιν
3721 1079 3810 1146 αἷς
3878 1085 3975 1137 ἀν-

2410 1169 2616 1236 έχεσθε,
2649 1170 2900 1240 ἔνδειγμα
2947 1173 3179 1241 κρίσεως
3209 1173 3302 1226 τοῦ
3329 1174 3484 1234 Θεοῦ,
3506 1176 3584 1237 είς
3616 1175 3677 1227 τὸ
3701 1175 3971 1239 καταξιω-

2411 1258 2567 1327 θῆναι
2601 1261 2743 1329 ὑμᾶς
2771 1262 2871 1331 τῆς
2917 1262 3192 1331 βασιλείας
3222 1264 3315 1317 τοῦ
3352 1264 3509 1330 θεοῦ,
3560 1266 3698 1336 ὑπὲρ
3749 1262 3820 1337 ἦς
3871 1267 3968 1320 καὶ

2408 1365 2661 1417 πασχετε.
2692 1369 2709 1399 ι

2477 1441 2584 1493 Καὶ
2614 1441 2870 1512 δευτέρας
2891 1441 2969 1511 τῷ
3002 1441 3311 1512 Ἀποστόλῳ
3358 1443 3494 1512 πρὸς
3537 1444 3966 1508 Θεσσαλονικέας

2407 1528 2622 1599 ἐδέησεν
2647 1531 2982 1601 Ἐπιστολῆς,
3011 1534 3110 1601 οὑχ
3137 1533 3223 1584 ἵνα
3249 1549 3302 1584 τι
3327 1533 3626 1604 παραινέσῃ
3644 1534 3754 1586 τῶν
3783 1551 3966 1586 συντεο

2407 1619 2654 1683 λοὺντων,
2675 1621 2708 1689 ἦ
2732 1621 2868 1691 πρὸς
2895 1621 3074 1674 πίστιν
3096 1623 3115 1689 ί
3131 1622 3525 1692 ’Υπεραυξᾶνει
3557 1624 3683 1692 γὰρ,
3711 1625 3895 1692 φησιν,
3928 1628 3963 1696 ή

2408 1709 2586 1771 πίστις
2642 1710 2836 1778 ὑμῶν)·
2889 1711 2922 1781 ἢ
2972 1710 3110 1780 πρὸς
3162 1713 3254 1763 τὸν
3289 1713 3540 1782 ἐνάρετον
3573 1713 3716 1782 βίονο
3741 1715 3874 1766 ὅπου
3898 1733 3960 1782 γε

2406 1802 2500 1853 καὶ
2527 1801 2586 1852 ἐν
2639 1804 2705 1870 τῇ
2747 1802 2987 1873 προτέρα
3026 1803 3334 1874 Ἐπιστολῇ,
3367 1806 3426 1856 οὑ
3459 1806 3644 1874 χρείαν
3691 1805 3834 1874 ἔχειν
3863 1813 3958 1859 αὑ-

2399 1895 2524 1956 τοὺς
2550 1893 2766 1964 διδαχῆς
2790 1894 2918 1962 ἔφη,
2953 1895 3112 1958 ὄντας
3138 1894 3529 1959 θεοδιδάκτους.
3560 1898 3658 1960 Τίς
3687 1895 3784 1951 οὖν
3817 1901 3849 1969 ἠ
3878 1901 3960 1953 αἱ·

2399 1981 2486 2034 τία
2515 1982 2614 2051 τῆς
2638 1983 2986 2054 Ἐπιστολῆς;
3021 1987 3108 2038 ἶνα
3140 1986 3218 2056 μὴ
3257 1986 3586 2058 θορυδῶνται
3646 1990 3954 2054 ἀκούοντες,

2398 2073 2473 2137 ὡς
2503 2074 2692 2144 ἐνέστη
2722 2076 2754 2144 ὴ
2779 2075 2957 2145 ἡμέρα
2977 2076 3074 2146 τῆς
3102 2077 3359 2147 δευτέρας
3383 2079 3477 2132 τοῦ
3510 2081 3715 2150 Κυρίου
3746 2098 3955 2152 παρουο

2401 2167 2539 2229 σίας.
2588 2167 2757 2220 Τοῦτο
2811 2170 2917 2239 γάρ
2963 2188 3107 2232 τινες
3163 2172 3272 2226 τῶν
3312 2174 3502 2241 γευδιδ
3526 2174 3955 2246 δασκάλ-..νέιήο

2401 2277 2609 2330 ρυττον.
2632 2260 2724 2312 Lb
2751 2262 2830 2314 κα“
2859 2263 3167 2330 ἀναγκαίως
3198 2265 3384 2332 γὲγῑνε
3447 2266 3592 2318 α’τῦ
3646 2266 3715 2320 τὰ
3759 2270 3958 2337 σημεῖα

2394 2351 2693 2420 διηγεῖσθαι
2717 2353 2784 2405 τὰ
2809 2352 2913 2422 πρὸ
2936 2354 3034 2423 τῆς
3062 2354 3268 2424 ἡμέρας
3307 2357 3519 2426 ἐκείνης
3539 2374 3552 2386 ο
3598 2375 3709 2410 ο.ον
3738 2361 3807 2412 τὰ
3832 2357 3955 2428 περὶ

2394 2443 2490 2510 τῆς
2521 2443 2871 2509 ἀποστασίας,
2907 2449 2999 2498 καὶ
3025 2447 3151 2517 περὶ
3183 2447 3276 2501 τοῦ
3311 2449 3493 2512 τέλους
3546 2453 3645 2520 τῆς
3679 2450 3955 2520 βασιλείας

2403 2535 2687 2604 Ῥωμαίων
2766 2538 2859 2590 καὶ
2899 2537 2968 2591 τὰ
3018 2542 3148 2611 περὶ
3189 2541 3354 2594 αυτοῦ
3402 2542 3496 2595 τοῦ
3563 2544 3952 2613 Ἀντιγρίστου.

2394 2624 2574 2680 Ταῦτα
2622 2629 2729 2697 γὰρ
2779 2631 2968 2700 πρῶτα
2997 2630 3078 2684 δεῖ
3108 2632 3361 2700 γενέσθαι
3387 2674 3404 2697 ,
3434 2634 3618 2704 φησὶν,
3644 2629 3760 2686 εἶτα
3782 2634 3955 2698 οὑτως

2393 2735 2606 2788 εκεινην
2639 2721 2830 2774 ἐλθεῖν.

2459 2811 2600 2881 Ὅρα
2625 2813 2762 2882 πόση
2789 2813 2897 2865 τῶν
2922 2814 3356 2867 Θεσσαλονικέων
3384 2818 3416 2885 ἡ
3453 2816 3724 2888 προκοπὴ,
3757 2818 3836 2880 ὡς
3864 2817 3953 2871 ’.αἱ

2391 2907 2714 2973 χαριστήρια
2746 2907 2881 2976 ὑπὲρ
2915 2907 3091 2959 αὑτῶν
3125 2908 3468 2977 ἀναπέμπειν
3491 2909 3582 2962 τὸν
3609 2909 3949 2973 Ἀπόστολον,

2389 2994 2486 3062 οὑχ
2513 2994 2594 3046 δτι
2623 2995 2808 3059 ἁπλῶς
2829 2997 3196 3063 πιστεύουσιν,
3232 2999 3329 3051 ἀλλ
3386 3001 3468 3052 ὅτι
3516 3001 3882 3070 ὑπεραυξάνει
3917 3002 3952 3072 η

2391 3086 2574 3148 πίστις
2597 3087 2793 3151 αὑτῶν,
2827 3089 2921 3142 καὶ
2979 3090 3060 3142 ὅτι
3113 3092 3209 3160 οὑχ
3248 3091 3434 3154 ἁπλῶς
3487 3094 3788 3159 ἀγαπῶσιν,
3818 3091 3949 3144 ἀλλὰ

747 3175 1064 3244 simpliciter
1088 3180 1361 3241 amabant,
1389 3181 1480 3234 sed
1505 3191 1558 3233 ot
1583 3182 1706 3250 quia
1735 3181 1834 3235 hac
1864 3181 1916 3234 in
1940 3189 2092 3249 parte
2117 3179 2287 3232 abun-
2321 3203 2362 3260 ε
2394 3193 2411 3227 δ

2282 3209 2287 3218 ι
2321 3203 2362 3260 C
2394 3179 2486 3228 καὶ
2508 3177 2888 3241 πλεονάζουσιν
2919 3181 2976 3233 ἐν
3006 3181 3084 3250 τῷ
3107 3183 3411 3252 πράγματι.
3443 3183 3611 3236 Τουτο
3646 3183 3726 3244 δὲ,
3765 3183 3946 3252 φησὶν,

746 3264 969 3319 dabant.
1017 3265 1142 3320 Hzec
1172 3269 1425 3337 gloriatio
1476 3280 1664 3325 nostra
1707 3278 1810 3330 est,
1871 3268 2065 3336 inquit,
2115 3276 2295 3322 vestra

746 3356 1028 3424 patientia,
1063 3358 1217 3426 fides,
1257 3359 1666 3420 insectationes,
1714 3359 2047 3414 vexationes.
2101 3357 2296 3412 lstluec

748 3449 927 3501 mnuia
959 3449 1226 3514 toleratis,
1257 3452 1491 3505 scientes
1521 3467 1616 3504 vos
1649 3451 1807 3504 linem
1836 3449 2028 3502 borum
2057 3459 2298 3517 reporta-

749 3547 918 3602 turos,
943 3541 1147 3595 scilicet
1176 3557 1396 3610 regnum
1431 3543 1712 3595 cmlorum.

816 3628 981 3687 Vens.
1007 3632 1124 3688 6-9.
1170 3632 1270 3687 «Si
1322 3641 1503 3688 tamen
1549 3633 1758 3702 justum
1815 3641 1898 3686 est
1948 3630 2088 3699 apud
2131 3629 2296 3684 Deum

747 3722 1048 3777 retribuere
1069 3723 1472 3778 tribulationem
1507 3724 1573 3777 iis
1600 3723 1689 3790 qui
1719 3737 1813 3774 vos
1844 3721 2119 3775 tribulam.
2152 3738 2171 3768 ι

818 3811 962 3866 Idem
989 3825 1068 3869 est
1101 3829 1164 3868 ac
1194 3815 1240 3869 si
1270 3815 1492 3876 diceret,
1516 3813 1947 3882 quandoquidem
1968 3812 2174 3880 justum
2191 3817 2293 3862 est.

749 3903 990 3958 Observa
1035 3915 1218 3960 autem
1267 3906 1540 3974 quomodo
1591 3919 1688 3958 eos
1746 3904 2060 3958 consolatus
2109 3910 2210 3960 est,
2241 3909 2295 3953 et

749 3996 1107 4049 levamentum
1137 3995 1384 4064 praebuit,
1417 3994 1719 4062 subjiciens
1750 3993 1858 4046 illis
1900 3993 2158 4046 ultionem
2189 4009 2200 4019 ·
2239 3991 2291 4043 id

750 4087 893 4156 quod
928 4087 1185 4142 nimirum
1229 4086 1550 4158 quiinjuria
1601 4093 1890 4149 vexantur,
1942 4092 1996 4138 ct
2029 4084 2294 4138 lubentis-

748 4181 883 4230 sime
908 4177 1154 4240 audiunt,
1189 4184 1241 4230 et
1264 4175 1449 4230 videre
1475 4176 1730 4245 gestiunt.

822 4284 841 4318 ι
876 4265 1133 4335 Requiem
1165 4266 1446 4321 nobiscum
1481 4266 1535 4319 in
1572 4265 1900 4320 revelatioue
1928 4263 2138 4318 Domini
2164 4264 2292 4319 .Iesu

749 4356 815 4409 de
842 4358 982 4410 cmlo
1009 4372 1134 4412 cum
1174 4357 1381 4427 angelis
1427 4356 1646 4411 virtutis
1681 4355 1799 4424 ejus
1833 4355 1884 4407 in
1920 4355 2132 4408 ﬂamma
2155 4355 2294 4424 ignis

749 4449 929 4503 daulis
963 4449 1252 4504 vindictam
1293 4450 1362 4502 iis
1389 4449 1481 4518 qui
1505 4463 1608 4501 non
1636 4457 1897 4501 noverunt
1922 4447 2109 4508 Deum,
2133 4457 2184 4500 et
2199 4465 2291 4517 qm

2395 3266 2654 3337 καύχημα
2678 3269 2962 3338 ἡμέτερον,
2993 3273 3026 3340 ἡ
3065 3273 3308 3342 ὑπομονὴ
3349 3273 3525 3341 ὑμῶν,
3568 3274 3600 3341 η
3639 3289 3840 3334 τιστις,
3904 3275 3950 3323 οἱ

2393 3359 2641 3427 διωγμοὶ,
2673 3361 2728 3411 αἱ
2762 3360 2985 3428 θλίψεις.
3027 3363 3242 3414 Τούτων
3277 3362 3332 3414 δὲ
3399 3363 3614 3414 πάντων
3671 3361 3947 3429 ἀνέχεσθε,

2395 3464 2578 3518 φησιν,
2606 3451 2806 3512 εἰδότες
2826 3452 2900 3514 ὡς
2922 3453 2984 3504 τὸ
3007 3452 3159 3516 τέλος
3206 3454 3384 3506 αὑτων
3441 3451 3737 3522 κομιεῖσθε,
3804 3451 3950 3520 βασι-

2392 3540 2540 3592 λείαν
2563 3542 2824 3612 οὑρανων.

2467 3651 2485 3683 ι
2517 3634 2685 3704 Εἴπερ
2717 3635 2919 3688 δίκαιον
2945 3634 3093 3704 παρᾶ
3134 3633 3252 3703 Θεῷ
3270 3633 3654 3686 ἀ-ίταποδοεήναυ
3702 3652 3812 3698 τοις
3839 3635 3948 3687 θλί-

2393 3723 2574 3776 ϐουσιν
2601 3725 2742 3792 ὑμᾶς
2773 3725 2970 3792 θλίψιν,
2997 3727 3086 3776 καὶ
3117 3725 3246 3792 ὑμῖν
3285 3727 3397 3786 τοῖς
3427 3723 3776 3793 θλιϐομένοις.
3819 3745 3838 3777 ι

2463 3814 2608 3864 Ἀντὶ
2635 3813 2725 3865 τοῦ
2780 3814 3010 3883 ἐ-είπερ
3039 3813 3244 3866 δίκαιον
3303 3814 3413 3866 Καὶ
3433 3813 3532 3880 δρα
3559 3813 3672 3875 πῶς
3695 3831 3944 3884 παρεμυ-
4031 3865 4040 3873 ,

2393 3906 2611 3975 θήσατο,
2639 3909 2730 3960 καὶ
2764 3908 3108 3972 ἐπ..κουφισε,
3144 3923 3241 3974 την
3276 3905 3554 3976 ἐκδιγησιν
3585 3906 3766 3968 αὐτοῖς
3813 3924 3945 3959 uro-

2393 3997 2614 4067 οέμενος
2642 4014 2655 4027 ⁸
2683 3999 2817 4068 ὅπερ
2870 3998 3099 4067 μάλιστα
3149 3998 3198 4049 οἱ
3234 3996 3428 4058 ἀδῗγως
3474 4013 3788 4066 πασχοντες,
3857 3999 3945 4050 καὶ

2393 4090 2674 4142 ακοὺουσιν
2704 4089 2891 4159 ἡδέως,
2926 4089 3018 4139 καὶ
3047 4086 3172 4138 ἰδεῖν
3201 4084 3470 4154 εὔχονται.

2469 4283 2488 4315 ι
2529 4265 2742 4316 Ἀνεσιν
2769 4261 2885 4332 μεθ’
2914 4261 3066 4331 ἡμῶν
3101 4263 3160 4314 ἐν
3211 4264 3277 4331 τῇ
3322 4259 3656 4328 ἀποκαλύψει
3703 4259 3794 4312 τοῦ
3835 4262 3943 4314 Ku-

2395 4355 2509 4425 ρίου
2540 4352 2711 4420 Ἰησοῦ
2736 4352 2828 4405 ἀπ’
2856 4351 3084 4420 οὑρανοῦ
3115 4353 3231 4420 μετ’
3263 4351 3510 4419 ἀγγέλων
3533 4349 3814 4420 δυνάμεως
3845 4353 3940 4404 αὑ-

2392 4445 2506 4512 τοῦ,
2538 4447 2595 4496 ὲν
2618 4446 2748 4514 πυρὶ
2771 4443 2964 4512 φλογὸς
2995 4443 3224 4505 διδόντος
3256 4442 3533 4511 ἐκδίκησιν
3581 4444 3691 4504 τοῖς
3746 4445 3820 4511 μὴ
3865 4443 3941 4495 εξ-

749 4555 857 4592 ηοη
901 4537 1157 4591 obediunt
1202 4537 1493 4606 Evangelio
1527 4534 1738 4588 Domini
1780 4535 1954 4589 nostri
1997 4533 2160 4600 Jesu;
2192 4537 2284 4605 qui
2317 4547 2360 4601 ι)
2385 4538 2413 4590 δ

2273 4537 2284 4590 i
2317 4547 2360 4601 D
2385 4538 2496 4590 δόσι
2523 4537 2671 4593 Θεὸν,
2710 4537 2802 4587 καὶ
2827 4537 2936 4595 τοῖς
2957 4535 3029 4604 μὴ
3060 4532 3478 4602 ὑπακούουσιτῷ
3508 4533 3819 4603 Εὑαγγελίῳ
3852 4533 3937 4586 τοῦ

749 4643 939 4698 poenas
953 4627 1176 4690 dabunt,
1192 4625 1468 4681 interitum
1493 4634 1753 4679 mternum
1780 4640 1808 4677 a
1835 4625 1971 4679 facie
1992 4625 2222 4690 Domini,
2243 4635 2296 4680 et

749 4721 968 4790 agloria
998 4718 1218 4772 virtutis
1243 4717 1392 4783 ejus;
1424 4715 1607 4787 [νειιε.
1652 4717 1741 4787 l0]
1778 4732 1901 4770 cum
1934 4718 2140 4770 venerit
2178 4719 2293 4786 glo-

751 4811 953 4864 rilicari
981 4811 1036 4863 in
1073 4808 1280 4864 sanctis
1310 4809 1446 4874 suis,
1475 4820 1529 4862 et
1569 4808 1906 4863 admirabilis
1938 4809 2050 4863 lieri
2085 4810 2138 4862 in
2172 4825 2291 4863 om-

751 4903 908 4957 nibus
935 4901 1027 4971 qui
1046 4899 1394 4956 crediderunt
1447 4919 1464 4949 ι

815 5077 896 5127 Ab
925 5075 1097 5128 altero
1126 5089 1346 5143 quoque
1375 5076 1553 5143 capite
1571 5089 1668 5128 cos
1709 5075 2042 5136 consolatur,
2071 5083 2128 5126 ut
2164 5090 2294 5127 con-

748 5176 925 5220 sortes
958 5167 1104 5234 ipsos
1152 5165 1516 5234 apostolorum
1550 5164 1734 5219 faciat.
1771 5165 2065 5232 Accipietis
2122 5165 2292 5228 enim,

751 5259 944 5325 inquit,
1004 5257 1248 5324 requiem
1311 5257 1614 5309 nobiscum.
1672 5255 2061 5324 Probandoque
2110 5271 2293 5308 veram

749 5346 1244 5400 remunerationem
1287 5345 1423 5406 fore,
1465 5345 1596 5398 Illud
1643 5361 1776 5412 ipsus
1817 5345 2072 5414 judiciale
2115 5355 2132 5396 t
2173 5346 2290 5399 ibu-

752 5440 835 5490 nal
867 5445 1076 5500 statuit,
1101 5453 1154 5489 In
1174 5452 1283 5507 quo
1305 5437 1610 5505 justissima
1641 5438 1796 5505 plane
1840 5438 2128 5492 retributio
2173 5440 2282 5506 fiet,

751 5531 862 5582 sive
885 5529 1168 5590 malorum,
1201 5529 1313 5582 sive
1347 5529 1633 5583 bonorum.

825 5618 1119 5683 «Quoniam
1144 5619 1406 5672 creditum
1429 5628 1511 5674 est
1531 5619 1903 5674 testimonium
1929 5630 2175 5676 nostrum
2202 5639 2292 5678 su-

750 5724 846 5779 per
882 5724 980 5761 vos
1003 5709 1055 5761 in
1091 5709 1177 5762 dte
1205 5709 1317 5762 illa.
1358 5729 1375 5760 ι

825 5797 1054 5859 Veritas.
1089 5801 1281 5871 inquit,
1318 5802 1440 5870 ista,
1466 5805 1549 5857 cui
1587 5819 1726 5858 nunc
1761 5805 2132 5860 testimonium
2175 5822 2290 5874 per.

2396 4629 2596 4695 Κυρίου
2625 4627 2778 4694 ἡμῶν
2819 4623 2987 4693 Ἰησοῦ
3023 4639 3037 4655 '
3067 4624 3260 4686 οἵτινες
3296 4622 3530 4674 τίσουσιν
3563 4622 3780 4692 ὀλεθρον
3812 4623 3939 4674 αἰὼο

2393 4719 2636 4784 νιονζάπὸ
2671 4717 2960 4785 προσώπου
2996 4714 3090 4767 τοῦ
3119 4715 3341 4783 Κυρίου,
3366 4715 3461 4767 καὶ
3504 4714 3609 4766 ἀπὸ
3644 4732 3740 4783 της
3787 4715 3940 4783 δόξης

2391 4811 2488 4879 τῆς
2540 4807 2717 4876 ἰσχύος
2765 4807 2948 4869 αὐτου,
2998 4806 3122 4858 ὅταν
3176 4802 3304 4874 ἔλθῃ
3349 4802 3722 4872 ἐνδοξασθῆναι
3756 4805 3940 4867 ἐντοῖς

2390 4901 2564 4966 ἁγίοις
2591 4896 2773 4956 αὑτοῦ,
2802 4897 2894 4948 καὶ
2922 4893 3298 4963 θαυμασθῆναι
3329 4893 3387 4943 ἐν
3423 4895 3554 4944 πᾶσι
3574 4895 3680 4954 τοῖς
3727 4893 3914 4945 πισηᾶ

2389 5005 2562 5043 σασ.ν.
2599 5007 2618 5037 )

2461 5080 2568 5131 Καὶ
2594 5078 2650 5140 ἐξ
2685 5077 2870 5144 ἐτέρου
2929 5075 3126 5144 μέρους
3181 5072 3600 5147 παρεμυθήσατο
3635 5071 3693 5121 τὸ
3750 5088 3930 5122 κοινωο

2390 5172 2511 5232 νοὺς
2544 5169 2734 5228 αὐτους
2770 5167 2960 5234 στῆσαι
2998 5165 3102 5217 τῶν
3131 5165 3460 5217 ἁποσ.ὁλων.
3525 5163 3770 5232 ivi-{.305
3810 5165 3932 5234 γὰρ,

2392 5260 2576 5328 φησὶν,
2603 5260 2779 5310 ἄνεσιν
2812 5257 2927 5324 μεθ’
2959 5257 3113 5325 ἡμῶν
3143 5272 3155 5284 °
3181 5256 3275 5309 καὶ
3302 5257 3471 5325 αληθῆ
3501 5258 3598 5323 τὴν
3649 5257 3909 5307 ἀπαυδῶ

2392 5369 2473 5402 σιν
2501 5349 2937 5412 κατασκευάςων,
2998 5350 3112 5398 κ.“ν
3163 5365 3354 5399 ctu-our
3383 5348 3442 5399 τὸ
3473 5348 3750 5414 χιι-ἠρίον
3794 5349 3904 5412 ἵσοτ,

2393 5460 2495 5501 σιν,
2530 5443 2585 5493 ἐν
2618 5434 2662 5508 ᾧ
2691 5440 2903 5501 πάντως
2933 5439 3116 5492 δικαία
3137 5442 3169 5508 η
3195 5439 3491 5492 αντα-,οδοσ
3518 5455 3564 5500 ς,
3603 5441 3708 5490 εἴτε
3734 5437 3927 5501 κακῶν,

2395 5534 2496 5586 εἴτε
2529 5533 2633 5585 τῶν
2657 5532 2929 5584 ἐναντίων.

2465 5643 2480 5674 ι
2516 5622 2937 5691 ”Οτιέπιστεὺθη
2966 5622 3024 5673 τὸ
3053 5639 3346 5692 μαρτυριον
3373 5623 3526 5691 ἡμῶν
3571 5623 3654 5688 Eg‘
3708 5624 3847 5690 υμᾶς
3881 5622 3916 5672 ii

2390 5721 2452 5786 τῇ
2479 5715 2657 5786 ἡμέρᾳ
2685 5715 2882 5785 ἐκείνῃ.
2920 5733 2938 5765 ι

2471 5807 2530 5859 Ἡ
2564 5805 2798 5870 ἀὶῆθεῑα,
2837 5806 3014 5873 ’τττδτῖ-κ,
3069 5805 3221 5866 αἰτῇ.
3273 5807 3336 5868 ἦν
3395 5802 3770 5873 μαρτιιρτιῦμῖκι
3820 5802 3903 5852 νῖν
