4214 6446
211 310 307 377 921

1149 322 1227 381 IN
1282 323 1516 383 EPIST.
1556 325 1654 382 AD
1692 323 2432 385 'I‘IIESSALON'ICENSES
2459 328 2537 386 II.

3320 331 3421 392 922

210 434 472 504 τῇπίσττι
507 434 657 504 ὑμῶν
686 437 780 489 καὶ
815 436 1079 509 ὑπομονῇ,
1132 438 1191 491 ὲ)
1244 441 1424 513 ἐκείνῃ
1479 445 1543 511 τῇ
1582 444 1764 513 ήμρᾳ⁵
1790 450 1836 505 Α
1867 441 1874 493 1

1753 460 1764 493 ι
1790 450 1836 505 Α
1867 441 2137 505 bibemus,
2171 459 2265 512 per
2288 453 2521 497 vestram
2555 444 2710 497 [idem
2742 458 2795 501 et
2824 450 3139 518 patientiam
3168 464 3417 516 cumpro-

211 526 649 596 πιστευθήσεται.

279 637 299 669 ι
331 620 424 681 Ei;
451 620 479 672 ὃ
506 620 596 673 καὶ
625 622 994 692 προσευχόμεο
1054 624 1283 679 πάντοτε
1314 628 1442 697 περὶ
1472 627 1645 699 ὑμῶν,
1679 630 1763 683 ἵνα

212 709 351 778 ὑμᾶς
383 710 588 783 ἀξιώση
615 713 711 781 τῆς
734 714 871 783 κλήσ
903 732 977 777 ως
1012 718 1039 768 ό
1076 716 1206 779 Θεὸς
1244 718 1413 786 ὑμῶν.
1451 738 1469 769 ι

287 802 505 873 Ἐπειδὴ
525 799 643 856 εἷπε
667 805 847 857 πεστιν
870 803 1003 859 εἶναι
1027 809 1124 877 τὴν
1155 810 1277 878 περὶ
1326 810 1502 863 αὐτῶν
1556 830 1762 882 μαρτδ-

213 894 357 965 ρίαν,
391 900 487 947 καὶ
514 914 685 952 ταυτα
717 895 880 952 οὖσαν
928 902 1056 973 περὶ
1107 903 1355 971 μεγάλων
1438 904 1535 957 Ἔν
1569 908 1761 959 πίστει

210 990 339 1056 γὰρ,
371 991 553 1058 φησὶν,
580 992 676 1043 καὶ
706 994 998 1062 ὑπομονῃ,
1028 996 1121 1048 καὶ
1152 995 1417 1065 army-ong
1484 999 1570 1051 ἵνα
1596 998 1669 1069 μὴ
1700 1001 1764 1052 ἐκ

209 1081 403 1133 τοᾶτου
439 1082 795 1148 ὑπτιωθέντες
825 1085 1163 1140 ἀπολέσωσιν
1186 1087 1220 1141 ἃ
1251 1091 1592 1160 εἰργάσαντο,
1643 1107 1763 1142 τοδ-

208 1187 300 1221 του
348 1171 506 1240 χάριν
563 1175 745 1241 φησὶν,
801 1176 881 1228 ὅτι
946 1176 1346 1243 Ἀδιαλειπτως
1394 1180 1521 1249 περὶ
1576 1196 1762 1233 τουτου

211 1266 639 1333 προσευχόμεθι
714 1269 1033 1334 ὲναγωχίοω
1076 1271 1270 1333 αὐτους
1300 1272 1488 1324 πονῶν.
1524 1275 1764 1341 Προσευ-

209 1366 315 1424 χομ
352 1370 375 1402 1
446 1357 571 1427 γὰρ,
605 1359 785 1426 φησὶν,
833 1361 918 1412 ἵνα
960 1360 1139 1425 ἀξίους
1180 1364 1322 1430 ὑμᾶς
1379 1364 1475 1434 τῆς
1525 1363 1765 1433 κλήσεως

209 1449 435 1512 toti-an.
461 1447 628 1500 Τουτο
647 1449 700 1500 δέ
726 1467 907 1518 φησιν,
940 1452 1037 1521 οὐχ
1060 1452 1133 1503 ὠὴ
1152 1452 1392 1523 ἀναιρῶν
1416 1453 1477 1506 τὸ
1502 1454 1561 1517 ἐξ
1588 1454 1762 1523 ἡμῶν,

206 1538 305 1593 ἀλλ
345 1541 431 1592 ῖνα
459 1540 533 1611 μὴ
564 1559 704 1611 μεγα
729 1560 1010 1613 φρονωμεν
1032 1544 1115 1613 ἐφ’
1146 1547 1274 1599 ὲαυτ
1306 1549 1375 1609 ῖς,
1409 1544 1546 1598 ἀλλά
1566 1548 1655 1600 καὶ
1686 1547 1765 1609 εἰς

206 1630 346 1681 aid:
406 1632 573 1684 τεῦά
622 1632 658 1686 ἃ.
699 1634 940 1703 ὲργαζόμ
974 1635 1041 1688 θα
1089 1636 1151 1688 ὲκ
1192 1636 1534 1707 συγγνώμην
1570 1636 1766 1706 συλλή⁶

208 1738 385 1792 πτορα
416 1722 667 1792 καλῶμεν
687 1723 840 1786 Θεὸν,
861 1724 936 1788 ὡς
960 1726 1008 1777 εἰ
1041 1726 1402 1799 θαρσήσωμεν
1429 1729 1513 1798 ἐφ’
1530 1730 1761 1793 ἑαυτοῖς,

206 1813 354 1875 ᾶ-ας
382 1813 534 1883 ήμῶν
564 1814 720 1878 εὐθὺς
746 1816 978 1888 ἀναλυθῇ
1010 1818 1188 1881 πόνος.

282 1923 301 1956 ι
344 1906 454 1960 Καὶ
480 1906 743 1979 πληρωσῃ
779 1909 955 1961 πᾶσαν
989 1908 1236 1965 εὐδοκίαν
1269 1911 1625 1982 ἀγαθοσύνης.
1658 1930 1679 1964 ι

275 2080 559 2134 Δεῖκνυσιν
602 2081 752 2136 οὔπω
807 2084 1190 2150 τελειωθέντας
1238 2088 1454 2152 αὐτούς.
1488 2089 1619 2141 Τότε
1653 2089 1761 2160 γὰρ

210 2180 279 2244 μό
312 2191 373 2226 ον
405 2177 437 2242 ή
476 2176 594 2227 τελε
620 2192 771 2238 ωσις.
804 2194 858 2228 0.
958 2180 985 2230 ό
1010 2178 1196 2249 καρὸς
1236 2179 1464 2249 ἀρὲλθῃ
1495 2197 1550 2231 το
1611 2179 1758 2247 ἀγῶ-

206 2283 297 2328 νος
317 2284 329 2294 ·
370 2268 425 2317 ἐν
469 2267 580 2336 ὅσῳ
604 2267 660 2320 δέ
687 2286 769 2330 τις
798 2269 1141 2336 ἀγωνίζεται,
1172 2271 1442 2339 φοϐείσθω
1475 2273 1548 2343 μὴ
1579 2273 1721 2344 πέσῃ
1744 2292 1757 2303 ’

205 2358 293 2410 διὰ
320 2358 479 2412 τοῦτο
511 2359 616 2429 γὰρ
655 2361 748 2413 καὶ
782 2362 993 2433 εἴρηται
1018 2379 1031 2393 ·
1084 2363 1178 2432 Μὴ
1200 2363 1479 2434 μακάριζε
1511 2364 1626 2435 πρὸ
1654 2365 1761 2420 τοῦ

206 2454 445 2518 τέλους.

282 2565 301 2597 ι
336 2547 447 2598 Καὶ
481 2546 635 2617 ἔργον
665 2549 898 2610 πίστεως
925 2549 983 2601 ὲν
1014 2548 1259 2618 δυνάμει.
1295 2568 1314 2600 ι

280 2640 399 2691 Ἰνα
431 2640 819 2709 ἐνδδναμωθῶσ
845 2661 893 2705 ν,
927 2642 1070 2713 ἔργῳ
1096 2642 1151 2695 δε
1178 2643 1240 2706 Ea
1294 2641 1389 2714 τὴ.
1422 2642 1603 2696 πίστιν

283 2749 302 2779 ι
351 2732 538 2794 Ὀπως
585 2733 865 2804 ἐνδοξασοῇ
912 2735 971 2786 τὸ
1019 2735 1189 2803 ὄνομα
1235 2734 1327 2788 τοῦ
1369 2736 1574 2805 Κυρίου
1607 2734 1762 2804 ἡμῶν

242 2823 400 2893 Ιησοῦ
432 2826 489 2875 ἐν
520 2826 666 2893 ὑμῖν,
701 2826 793 2877 καὶ
826 2827 982 2895 ὑμεῖς
1020 2826 1079 2878 ἐν
1112 2827 1278 2896 αὐτῷ,
1313 2827 1453 2880 κατὰ
1471 2826 1573 2898 τήν
1603 2828 1761 2898 χάριν

205 2914 303 2965 τοῦ
333 2914 470 2965 Θεοῦ
499 2917 530 2984 ἡ
542 2915 654 2983 μῶν
695 2918 786 2969 καὶ
811 2918 1015 2989 Κυρίου
1060 2920 1234 2988 Ἰήσου
1264 2921 1523 2991 Χριστοῦ.
1565 2937 1582 2971 ι

278 3006 512 3073 Ὅμοιον
534 3006 610 3075 τῷ
636 3010 909 3081 εἰρημένῳ
937 3012 1040 3064 ὑπὸ
1067 3012 1160 3065 τοῦ
1186 3013 1390 3082 Κυρίου
1418 3029 1431 3042 '
1465 3013 1762 3081 Λαμψάτω

1863 531 2080 586 babitur
2103 550 2155 586 in
2190 535 2277 588 die
2307 536 2420 590 illa.

1930 622 2094 677 Vens.
2130 626 2211 678 Η.
2254 646 2272 678 ‹
2298 627 2350 681 In
2372 644 2483 698 quo
2510 631 2672 683 etiam
2700 647 2924 685 oramus
2946 647 3167 701 semper
3196 645 3294 699 pro
3333 644 3421 682 vo-

1862 716 1965 780 bis,
1994 725 2053 769 ut
2075 717 2325 787 dignetur
2351 735 2446 776 vos
2475 722 2759 778 vocatione
2792 740 2889 778 sua
2927 722 3069 778 Dens
3096 732 3296 778 vester.
3336 741 3355 773 ι

1930 806 2198 872 Quoniam
2215 809 2412 863 dixit”
2464 813 2618 867 iidem
2649 814 2896 884 proipsi's
2930 813 3418 881 testtiicari,idque

1861 895 1927 950 de
1954 913 2164 967 magnis
2197 900 2361 956 rebus
2398 900 2683 971 (aiteniin:
2723 903 2779 957 in
2811 906 2935 970 ﬁde,
2971 906 3029 958 in
3063 904 3336 972 patientia,
3361 903 3415 955 in

1860 991 2339 1059 peraecutwmbus),
2363 1007 2429 1046 ne
2461 993 2659 1049 exinde
2693 996 3091 1065 superbientes,
3123 1010 3244 1064 qua:
3280 995 3414 1047 huc-

1863 1095 2034 1147 usque
2078 1093 2354 1147 gesseiaut
2390 1084 2725 1150 amitterent,
2751 1102 2869 1140 eam
2903 1088 2970 1140 ob
3015 1088 3267 1151 rem,ait.
3306 1087 3417 1138 sine

1861 1173 2243 1227 intermissione
2294 1192 2538 1240 oramus,
2579 1186 2637 1230 ut
2672 1178 2991 1233 intentiores
3034 1180 3182 1248 ipsos
3230 1178 3411 1231 ficiat.

1861 1262 2091 1317 Oramus
2129 1280 2294 1329 enim,
2327 1266 2505 1334 inquit
2565 1276 2624 1319 ut
2654 1267 2849 1321 dl°llDS
2884 1282 2980 1321 vos
3006 1268 3201 1321 reddat
3252 1280 3415 1318 voca~

1862 1357 2005 1411 tione
2036 1366 2234 1411 vestra.
2275 1357 2451 1427 Atque
2478 1360 2580 1411 hoc
2624 1357 2784 1421 dicit,
2820 1375 2921 1412 non
2957 1369 3014 1412 ut
3040 1359 3228 1427 quoda
3258 1356 3414 1409 nobis

1859 1456 1943 1500 est
1982 1445 2213 1511 auferat,
2246 1446 2346 1501 sed
2366 1464 2434 1502 ne
2464 1448 2530 1501 de
2561 1449 2722 1502 nobis
2756 1449 3055 1503 insolenter
3086 1447 3411 1516 gloriemur;

1862 1538 2106 1607 quinimo
2145 1539 2212 1593 ad
2244 1539 2357 1593 haec
2392 1542 2532 1609 ipsa,
2563 1555 2793 1609 quorum
2819 1540 3220 1594 ellicmndorum
3246 1538 3413 1590 facul-

1865 1640 1948 1684 tas
2007 1631 2162 1687 nobis
2224 1630 2557 1701 indulgetur.
2618 1630 2785 1685 Deum
2827 1633 3140 1685 invocemus
3197 1630 3413 1697 adjuto-

1861 1738 1974 1777 rcm
2027 1742 2039 1776 :
2086 1738 2149 1777 eo
2206 1722 2372 1792 quod,
2440 1724 2487 1778 si
2546 1723 2872 1779 conﬁdimus
2902 1724 2957 1777 in
2997 1724 3180 1786 nobis,
3233 1720 3416 1780 omnis

1793 1795 1834 1848 Β
1863 1814 2043 1869 statim
2074 1820 2265 1868 noster
2305 1813 2461 1866 labor
2494 1821 2827 1883 pessumeat.

1929 1904 2088 1974 223
2131 1923 2150 1956 ι
2196 1903 2263 1959 Et
2319 1906 2537 1975 impleat
2599 1920 2814 1961 omnem
2870 1905 3203 1960 voluntatem
3257 1901 3415 1956 boni-

1862 1998 2008 2049 tatis.
2058 2015 2077 2048 ι

1927 2087 2174 2143 Ostendit
2222 2102 2321 2143 eos
2367 2087 2609 2142 nondum
2640 2101 2762 2143 esse
2803 2095 3233 2142 consummatos.
3261 2084 3414 2139 Tunc

1860 2181 2003 2235 enim
2038 2181 2300 2236 duntaxat
2327 2182 2728 2236 consummatio
2764 2188 2871 2247 est,
2903 2178 3123 2250 quando
3156 2175 3414 2233 certami-

1860 2279 1946 2333 nis
1981 2287 2195 2349 tempus
2217 2264 2509 2347 praeteriit,
2541 2277 2781 2348 quandiu
2818 2286 2999 2331 autem
3043 2277 3285 2331 decertat
3317 2273 3418 2327 ali-

1860 2371 2001 2439 quis,
2044 2382 2295 2425 vereatur
2330 2386 2399 2426 ne
2442 2370 2622 2425 cadat.
2676 2369 2946 2435 Quocirca
2989 2369 3155 2423 etiam
3206 2365 3415 2421 dictum

1861 2478 1944 2521 est
1974 2485 1987 2519 :
2021 2464 2101 2518 Ne
2133 2466 2340 2519 beatum
2362 2465 2561 2518 dixeris
2592 2472 2711 2516 ante
2733 2462 2891 2531 ﬁnem
2916 2460 2985 2514 ⁷⁸.

1934 2573 1953 2606 ι
1986 2552 2053 2607 Ει
2076 2569 2213 2622 opus
2251 2554 2375 2609 ﬁdei
2412 2554 2468 2608 in
2498 2553 2725 2606 virtute.
2764 2570 2783 2602 ι

1930 2647 1999 2703 Ut
2028 2648 2472 2711 corroborentur,
2504 2662 2613 2716 quo
2643 2646 2800 2701 tidem
2831 2659 2997 2714 Opere
3028 2642 3337 2713 praeferant.

1930 2740 2097 2796 Vens.
2129 2739 2216 2794 12.
2254 2758 2272 2791 ι
2315 2737 2386 2792 Ut
2414 2740 2750 2794 clariilcetur
2779 2751 2977 2790 nomen
3000 2735 3214 2790 Domini
3242 2734 3414 2789 nostri

1859 2829 1989 2886 Iesu
2019 2831 2221 2885 Christi
2249 2830 2303 2883 in
2330 2831 2512 2894 vobis,
2534 2839 2590 2884 et
2615 2844 2717 2884 vos
2751 2828 2804 2882 in
2830 2828 2946 2891 illo,
2978 2826 3274 2881 secundum
3296 2842 3419 2896 gra-

1862 2923 1989 2975 tiam
2024 2921 2116 2975 Dei
2144 2920 2315 2975 nostri
2352 2932 2406 2973 et
2433 2919 2646 2974 Domini
2679 2916 2808 2974 Jesu
2838 2917 3065 2972 Christi.
3114 2935 3133 2967 ι
3424 2924 3431 2929 ‘

1934 3013 2121 3066 Simile
2165 3011 2268 3065 hoc
2290 3019 2374 3065 est
2421 3012 2499 3064 illi
2554 3009 2769 3064 Domini
2829 3005 3111 3064 sententiae
3151 3024 3165 3059 :
3217 3004 3416 3057 Luceat

208 3097 275 3150 τὸ
308 3098 438 3165 φῶς
476 3098 640 3167 ὑμῶν
676 3104 1013 3168 ἔμπροσθεν
1054 3103 1172 3157 τῶν
1207 3106 1552 3171 ἀνθρώπων,
1605 3106 1763 3172 ὅπως
1790 3128 1836 3188 c
1865 3109 1872 3155 Α

1750 3128 1763 3171 τ
1790 3128 1836 3188 c
1865 3102 1959 3155 lux
1985 3110 2155 3155 vestra
2184 3116 2362 3152 coram
2395 3098 2712 3160 hominibus,
2747 3107 2803 3149 ut
2826 3097 3029 3149 videant
3052 3110 3209 3163 opera
3248 3102 3414 3146 vestra

210 3188 384 3241 ιδωσι
414 3190 485 3243 τὰ
508 3191 664 3243 καλὰ
686 3194 827 3261 ἔργα
852 3193 1039 3261 ὑμῶν,
1060 3195 1158 3247 καὶ
1184 3195 1487 3259 δοξάσωσι
1520 3196 1625 3249 τὸν
1642 3200 1761 3251 Πα-

207 3281 353 3347 τέρα
391 3280 558 3348 ὐμῶν
580 3282 686 3334 τὸν
711 3284 779 3335 ἐν
804 3285 925 3347 τοῖς
973 3286 1268 3352 οὐρανοῖς.
1306 3290 1413 3340 Καὶ
1471 3288 1629 3339 τοῦτο
1660 3288 1766 3340 δεί-

210 3389 402 3425 κνυσιν
436 3374 497 3424 ἐκ
530 3375 626 3440 τῆ,
661 3376 786 3445 χάρι
820 3393 875 3438 ος
904 3377 1121 3445 ἔχοντας
1145 3379 1239 3430 τοῦ
1270 3379 1403 3431 Θεοῦ
1426 3380 1485 3432 τὸ
1509 3380 1765 3433 δύνασθαι

205 3480 494 3526 τοσουτους
544 3468 793 3530 γενέσθαι
837 3469 893 3519 ὲ)
950 3469 1127 3537 ἕογοις
1160 3469 1450 3540 λαμπροῖς.
1497 3472 1612 3524 Κᾶν
1656 3472 1763 3541 γάρ

206 3571 293 3617 τις
321 3550 354 3625 ἦ
384 3553 608 3618 τέλειος,
643 3557 825 3626 φησὶν,
858 3560 914 3609 ὲν
958 3561 1085 3621 υἰοῖ,
1135 3559 1459 3631 ἀνθρώπων,
1514 3578 1610 3629 της
1660 3563 1765 3616 απὸ

210 3648 307 3697 σου
342 3644 657 3709 λειπόμενος
694 3648 903 3716 σοφίας,
931 3652 1010 3712 εἰς
1038 3650 1189 3703 οὐδὲν
1218 3652 1620 3723 λογισθήσεται.

809 3740 1054 3803 ΚΕΦΑΛ.
1098 3742 1173 3795 Β¹.

286 3847 307 3881 ι
356 3828 681 3900 Ἐρωτῶμεν
711 3831 766 3883 δὲ
802 3832 944 3901 ὑμᾶς
994 3831 1225 3902 ἀδελφοὶ.
1268 3834 1408 3904 ὑπὲρ
1436 3833 1535 3903 τῆς
1560 3851 1765 3901 παρου-

211 3920 335 3981 σίας
364 3919 460 3973 τοῦ
503 3920 707 3988 Κυρίου
756 3922 911 3991 ήμῶν
950 3922 1122 3991 Ἰησοῦ
1161 3924 1417 3994 Χριστοῦ,
1467 3925 1561 3977 καὶ
1607 3926 1772 3994 ήμῶν*

210 4010 633 4080 ἐπισυναγωγῆς
662 4013 745 4063 ἐπ’
775 4013 935 4064 αὑτὸν
964 4015 1043 4065 είτ
1071 4014 1131 4066 τὸ
1160 4015 1234 4084 μὴ
1264 4016 1471 4085 ταχέως
1502 4016 1763 4086 σαλευθῆ-

210 4116 298 4151 ναι
326 4099 471 4167 (uti;
497 4100 603 4151 ἀπὸ
640 4117 730 4153 του
778 4103 916 4165 νοὸς,
979 4105 1115 4174 μήτε
1157 4105 1446 4171 θροεῖσθαι,
1501 4111 1633 4177 μήτε
1678 4110 1764 4161 διὰ

212 4188 545 4257 πνεύματος,
593 4190 726 4259 μήτε
763 4190 852 4243 διὰ
883 4192 1058 4259 λόγου,
1093 4196 1228 4263 μήη.ε
1273 4194 1341 4248 δι’
1364 4197 1649 4268 ἐπιστολῆς
1690 4200 1761 4261 ὡς

212 4276 279 4329 δι’
313 4278 491 4346 ἡμῶν,
522 4278 596 4340 ὡς
622 4280 703 4330 ὅτι
734 4279 1023 4349 ἐνέστηκεν
1072 4283 1104 4349 ή
1153 4283 1335 4351 ἡμέρα
1382 4299 1474 4335 του
1505 4284 1759 4354 Χριστοῦ.

214 4367 305 4436 Μή
342 4384 427 4428 τις
462 4368 603 4435 ὑμᾶς
628 4368 938 4438 ἐξαπατήσῃ
977 4370 1119 4422 κατά
1171 4371 1371 4440 μηδένα
1422 4371 1641 4441 τρόπον,
1681 4373 1763 4424 ὅτι

1865 3195 2087 3257 bona,et
2108 3193 2393 3262 glorificent
2413 3191 2626 3244 Patrem
2652 3198 2874 3242 vestrum
2895 3187 2985 3253 qui
3011 3187 3062 3237 in
3091 3185 3230 3237 caelis
3245 3192 3322 3236 est
3345 3183 3411 3236 ⁷⁸.

1863 3284 2014 3340 Unde
2050 3284 2323 3339 evincitur
2356 3282 2553 3335 habere
2574 3296 2671 3335 nos
2708 3296 2737 3332 a
2766 3278 2937 3348 gratia
2960 3277 3076 3338 Dei,
3109 3284 3167 3329 ut
3192 3277 3328 3329 tales
3352 3291 3414 3328 ac

1863 3387 1997 3431 tanti
2030 3377 2208 3445 quoad
2257 3374 2474 3443 egregia
2506 3386 2666 3441 opera
2704 3369 3023 3425 evadamus.
3056 3366 3413 3434 Quantumvis

1861 3485 1907 3522 ei
1934 3470 2003 3521 'm
2035 3469 2258 3536 aliquis.
2287 3466 2484 3535 inquit,
2519 3464 2658 3518 inter
2699 3462 2843 3517 tilios
2874 3460 3154 3513 hominum
3190 3460 3261 3511 sit
3292 3472 3415 3527 per-

1864 3562 2059 3622 fectus,
2100 3560 2189 3613 ubi
2218 3559 2480 3627 sap'cntia
2515 3564 2606 3608 tia
2636 3553 2973 3615 destituitur,
3003 3550 3160 3603 nihili
3186 3563 3415 3619 prorsus

1861 3651 2182 3705 aestimatur.

2540 3735 2690 3790 CAP.
2730 3734 2791 3788 ll-

1931 3829 2095 3887 V'ens'.
2146 3831 2263 3886 1-4.
2326 3849 2344 3881 ι
2378 3828 2650 3901 Rogamus
2684 3837 2863 3880 autem
2902 3839 3021 3887 vos,
3054 3822 3271 3886 fratres,
3320 3837 3416 3892 per

1864 3928 2151 3979 adventum
2191 3923 2400 3977 Domini
2453 3920 2628 3976 nostri
2681 3916 2810 3973 Jesu
2864 3916 3087 3978 Christi,
3135 3922 3190 3969 et
3218 3922 3416 3967 nostra!

1862 4015 2299 4086 congregationis
2327 4030 2379 4066 m
2412 4013 2610 4081 ipsum,
2644 4019 2703 4063 ut
2745 4024 2852 4061 non
2882 4008 2994 4062 cito
3028 4006 3354 4060 moveamini
3384 4020 3414 4057 a

1868 4116 2046 4162 vestro
2074 4121 2263 4169 sensu,
2300 4118 2471 4171 reque
2499 4100 2811 4155 terreamini
2834 4140 2849 4163 ,
2886 4112 3063 4166 neque
3107 4112 3204 4166 per
3247 4096 3412 4164 spiri-

1863 4210 1998 4259 tum,
2036 4210 2210 4266 neque
2241 4210 2337 4265 per
2367 4208 2708 4256 sermonem,
2756 4206 2930 4258 neque
2961 4204 3055 4258 per
3101 4187 3425 4257 epistolam,_

1865 4302 2119 4357 tanquam
2164 4301 2259 4357 per
2292 4300 2389 4338 nos
2436 4284 2679 4345 missam,
2715 4283 2868 4349 quasi
2906 4281 3071 4335 instet
3110 4279 3226 4333 dies
3257 4277 3418 4331 Chri-

1866 4383 1956 4435 sti.
1994 4380 2069 4434 Ne
2099 4380 2222 4448 quis
2252 4393 2349 4430 vos
2380 4374 2607 4430 seducat
2632 4375 2742 4427 ullo
2777 4374 2933 4426 modo
2964 4388 2977 4424 :
3014 4370 3275 4439 quoniam
3309 4369 3415 4424 nisi

215 4459 312 4509 ἐὰν
344 4458 419 4526 μὴ
450 4458 575 4527 ἔλθῃ
605 4460 907 4512 ἀποστασία
937 4460 1169 4530 πρῶτον,
1217 4462 1310 4514 καὶ
1352 4463 1705 4533 ἀποκαλυφθῇ
1734 4465 1763 4516 ό
1797 4469 1838 4523 D
1866 4490 1879 4523 γ

1750 4465 1763 4516 5
1797 4469 1838 4523 D
1866 4471 2077 4526 venerit
2104 4468 2371 4523 discessio
2392 4467 2653 4535 primum,
2675 4471 2729 4517 et
2760 4463 3032 4516 revelatus
3065 4460 3229 4515 fuerit
3254 4460 3414 4512 homo

214 4548 500 4618 ἄνθρωπος
526 4549 816 4619 ἁμαρτίας,
861 4550 890 4601 ό
927 4551 1041 4614 υἱός
1080 4552 1179 4622 τῆς
1206 4552 1500 4618 ἀπωλείας,
1548 4555 1577 4605 ό
1610 4555 1762 4606 ἀντι-

215 4641 468 4709 κείμενος
499 4641 593 4692 καὶ
650 4642 1077 4712 ὑπεραιρόμενος
1108 4644 1203 4697 ἐπὶ
1252 4644 1425 4696 πάντα
1472 4645 1763 4713 λεγόμενον

217 4732 352 4783 Θεὸν
375 4731 408 4799 ἦ
446 4730 713 4800 σέϐασμα,
745 4733 884 4784 ὥστε
912 4734 1071 4786 αὐ.ὸν
1108 4738 1185 4797 είς
1212 4734 1303 4787 τὸν
1333 4736 1458 4786 ναὸν
1487 4736 1580 4787 τοῦ
1604 4736 1760 4799 Θεοῦ,

214 4821 292 4882 ὡς
340 4818 474 4871 Θεὸν
512 4819 769 4883 καθίσαι,
820 4821 1209 4873 ἀποδεικνύντα
1261 4822 1449 4873 ἑαυτὸν
1506 4822 1586 4872 ὅτι
1646 4822 1761 4873 ἔστι

216 4912 370 4972 Θεός.
418 4932 433 4960 ι

288 5000 495 5056 Ἶίλθεν
530 5006 609 5066 είς
659 5002 719 5055 τὸ
750 5003 1128 5074 προκείμενον.
1150 5005 1323 5057 Τοῦτο
1354 5006 1411 5057 δέ
1454 5008 1571 5057 ἐστι
1600 5007 1660 5058 τὸ
1689 5006 1763 5077 μὴ

218 5094 524 5163 ὑπάγεσθαι
567 5098 631 5165 τῇ
662 5095 769 5147 τῶν
796 5095 1290 5163 ψευδοδιδασκάλων
1335 5097 1537 5166 ἀπάτῃ,
1583 5098 1765 5164 λεγόν-

218 5204 326 5239 των
356 5187 642 5254 ὴγγικέναι
673 5186 769 5255 τὴν
808 5186 1105 5255 παρουσίαν
1141 5186 1233 5238 τοῦ
1258 5187 1461 5256 Κυρίου
1495 5189 1592 5255 τὴν
1642 5189 1763 5241 δευο

219 5278 407 5346 τέραν.
456 5278 543 5346 Μή
569 5294 653 5338 τις
703 5273 795 5328 οὖν
846 5278 987 5345 ὑμᾶς
1022 5277 1351 5340 θορυδείτω,
1410 5277 1543 5347 μήτε
1596 5278 1764 5335 δοκῶν

222 5368 495 5435 πνεύματι
525 5368 914 5435 ἀποκαλυψεως
953 5368 1150 5436 λέγειν,
1192 5371 1327 5439 μήτε
1369 5371 1467 5439 ἐμὲ
1508 5372 1665 5424 τοῦτο
1692 5376 1766 5426 εξ-

227 5460 454 5531 ρηκὲιαι
482 5459 965 5533 προφασιζόμενος.
1004 5461 1284 5514 ’Δδύνατον
1307 5463 1413 5531 γὰρ
1443 5460 1539 5531 τὴν
1564 5480 1765 5531 παρου-

225 5549 350 5608 οίαν
370 5549 471 5617 τὴν
491 5547 744 5623 δευτέραν
777 5552 949 5603 ἐλθεῖν
981 5553 1055 5622 μὴ
1088 5554 1639 5623 προαποδεδειγμένου
1669 5555 1762 5608 τοῦ

303 5724 352 5760 ⁷³
371 5725 535 5791 Supr.
578 5742 625 5778 v.
783 5727 830 5757 ⁷³
855 5725 1021 5781 Eccli.
1064 5745 1130 5791 λι,
1161 5731 1246 5782 δυ.
1308 5733 1349 5760 ’δ
1377 5730 1563 5786 Matth.
1592 5748 1643 5795 v,
1681 5734 1757 5787 16.

1866 4561 2093 4633 peccati,
2125 4562 2265 4615 titius
2289 4557 2628 4628 perditionis,
2655 4558 2746 4624 qui
2770 4555 3089 4606 adversatur
3116 4558 3169 4604 et
3198 4550 3417 4604 extolli-

1862 4665 1951 4706 tur
1974 4667 2136 4721 super
2176 4665 2336 4703 omne
2363 4648 2508 4716 quod
2536 4646 2739 4699 dicitur
2773 4643 2938 4703 Deus,
2966 4650 3061 4695 aut
3091 4641 3237 4709 quod
3281 4641 3418 4695 coli-

1862 4756 1969 4807 tur,
2002 4744 2075 4796 ita
2100 4752 2159 4796 ut
2180 4742 2234 4795 in
2267 4741 2473 4809 templo
2503 4739 2595 4791 Dei
2624 4736 2832 4799 sedeat,
2858 4735 3151 4790 ostendens
3175 4735 3415 4803 seipsum

1862 4846 2027 4903 tanlu
2070 4850 2118 4886 m
2151 4834 2192 4887 si
2248 4832 2387 4885 Deus
2450 4848 2468 4881 ι

1933 4928 2012 4980 Ad
2054 4926 2384 4994 propositum
2415 4923 2519 4977 sibi
2548 4929 2929 4991 argumentum
2956 4922 3121 4974 venit.
3154 4918 3291 4972 Illud
3320 4934 3419 4973 au.

1866 5029 1972 5073 tem
1994 5027 2101 5082 est,
2127 5034 2193 5070 ne
2216 5016 2551 5069 seducantur
2582 5015 2839 5069 falsorum
2866 5014 3239 5081 apostolorum
3266 5012 3419 5064 frau-

1864 5111 1953 5173 de,
2005 5109 2098 5178 qui
2149 5107 2445 5162 secundnm
2505 5106 2715 5159 Domini
2770 5105 3063 5158 adventum
3111 5106 3414 5173 proximum

1863 5216 1986 5255 esse
2025 5199 2403 5269 praedicarent.
2449 5197 2617 5251 Nemo
2648 5198 2811 5267 igitur
2845 5211 2944 5251 vos
2981 5195 3295 5257 conturbet,
3327 5195 3413 5246 in-

1873 5290 2007 5358 quit,
2035 5289 2147 5342 sive
2174 5287 2424 5342 videatur
2474 5285 2933 5339 nianil'estationis
2985 5286 3184 5353 spiritu
3238 5284 3410 5351 loqui,

1873 5378 1990 5433 sive
2042 5379 2093 5431 id
2128 5393 2157 5430 a
2201 5392 2289 5432 me
2339 5376 2746 5444 pronuntiatum
2779 5383 3055 5444 praetexat.
3114 5370 3245 5424 Nam
3298 5369 3413 5424 ﬁeri

1872 5484 1979 5521 non
2009 5476 2184 5537 potest
2219 5474 2279 5520 ut
2331 5466 2602 5520 secundus
2652 5464 2915 5518 adventus
2969 5462 3274 5529 contingat,
3308 5460 3413 5515 nisi

1871 5570 1994 5615 ante
2042 5558 2420 5615 manifestatur
2457 5556 2603 5612 ﬁlius
2647 5554 2983 5653 perditionis.
3012 5552 3412 5607 Antichristum
