  <div class='ocr_page' id='page_1' title='image "/cluster/home/n/w/nwhite01/storage/ocr_20150623/95/nnc1.0046979816/467.png"; bbox 0 0 4214 6446; ppageno 0'>
   <div class='ocr_carea' id='block_1_1' title="bbox 812 427 913 487">
    <p class='ocr_par' dir='ltr' id='par_1_1' title="bbox 812 427 913 487">
     <span class='ocr_line' id='line_1_1' title="bbox 812 427 913 487; baseline 0.01 -1"><span class='ocrx_word' id='word_1_1' title='bbox 812 427 913 487; x_wconf 79' lang='grc' dir='ltr'><strong>9Ξ3</strong></span> 
     </span>
    </p>
   </div>
   <div class='ocr_carea' id='block_1_2' title="bbox 1975 419 2831 479">
    <p class='ocr_par' dir='ltr' id='par_1_2' title="bbox 1975 419 2831 479">
     <span class='ocr_line' id='line_1_2' title="bbox 1975 419 2831 479; baseline -0.004 0"><span class='ocrx_word' id='word_1_2' title='bbox 1975 421 2029 479; x_wconf 92' lang='lat' dir='ltr'><strong>S.</strong></span> <span class='ocrx_word' id='word_1_3' title='bbox 2070 419 2386 479; x_wconf 70' lang='lat' dir='ltr'><strong>JOANNIS</strong></span> <span class='ocrx_word' id='word_1_4' title='bbox 2413 419 2798 478; x_wconf 72' lang='lat' dir='ltr'><strong>DAMASCEN</strong></span> <span class='ocrx_word' id='word_1_5' title='bbox 2811 420 2831 476; x_wconf 94' lang='grc'>[</span> 
     </span>
    </p>
   </div>
   <div class='ocr_carea' id='block_1_3' title="bbox 3897 419 4009 484">
    <p class='ocr_par' dir='ltr' id='par_1_3' title="bbox 3897 419 4009 484">
     <span class='ocr_line' id='line_1_3' title="bbox 3897 419 4009 484; baseline -0.045 0"><span class='ocrx_word' id='word_1_6' title='bbox 3897 419 4009 484; x_wconf 65' lang='grc' dir='ltr'>οει</span> 
     </span>
    </p>
   </div>
   <div class='ocr_carea' id='block_1_4' title="bbox 813 534 2477 611">
    <p class='ocr_par' dir='ltr' id='par_1_4' title="bbox 813 534 2477 611">
     <span class='ocr_line' id='line_1_4' title="bbox 813 534 2477 611; baseline -0.004 -19"><span class='ocrx_word' id='word_1_7' title='bbox 813 546 997 611; x_wconf 70' lang='lat' dir='ltr'><strong>utique</strong></span> <span class='ocrx_word' id='word_1_8' title='bbox 1031 542 1181 602; x_wconf 78' lang='lat' dir='ltr'><strong>dit-it,</strong></span> <span class='ocrx_word' id='word_1_9' title='bbox 1216 554 1371 607; x_wconf 81' lang='lat' dir='ltr'><strong>quem</strong></span> <span class='ocrx_word' id='word_1_10' title='bbox 1405 548 1456 592; x_wconf 85' lang='lat' dir='ltr'><strong>et</strong></span> <span class='ocrx_word' id='word_1_11' title='bbox 1488 537 1805 591; x_wconf 87' lang='lat' dir='ltr'><strong>instinctum</strong></span> <span class='ocrx_word' id='word_1_12' title='bbox 1841 550 1868 586; x_wconf 86' lang='lat' dir='ltr'><strong>a</strong></span> <span class='ocrx_word' id='word_1_13' title='bbox 1920 534 2118 587; x_wconf 85' lang='lat' dir='ltr'><strong>Sataua</strong></span> <span class='ocrx_word' id='word_1_14' title='bbox 2162 543 2354 587; x_wconf 81' lang='lat' dir='ltr'><strong>ventu-</strong></span> <span class='ocrx_word' id='word_1_15' title='bbox 2381 541 2429 594; x_wconf 81' lang='grc' dir='ltr'><strong>Α</strong></span> <span class='ocrx_word' id='word_1_16' title='bbox 2457 553 2477 586; x_wconf 77' lang='grc' dir='ltr'><strong>υ</strong></span> 
     </span>
    </p>
   </div>
   <div class='ocr_carea' id='block_1_5' title="bbox 2344 534 4008 611">
    <p class='ocr_par' dir='ltr' id='par_1_5' title="bbox 2344 535 4008 609">
     <span class='ocr_line' id='line_1_5' title="bbox 2344 535 4008 609; baseline 0.004 -24"><span class='ocrx_word' id='word_1_17' title='bbox 2344 562 2354 573; x_wconf 93' lang='lat'><strong><em>-</em></strong></span> <span class='ocrx_word' id='word_1_18' title='bbox 2381 541 2429 594; x_wconf 80' lang='grc' dir='ltr'><strong>Α</strong></span> <span class='ocrx_word' id='word_1_19' title='bbox 2457 535 2572 587; x_wconf 89' lang='grc' dir='ltr'>υἱοῦ</span> <span class='ocrx_word' id='word_1_20' title='bbox 2614 536 2708 604; x_wconf 75' lang='grc' dir='ltr'>τῆς</span> <span class='ocrx_word' id='word_1_21' title='bbox 2749 537 3018 600; x_wconf 83' lang='grc' dir='ltr'>ἀπωλείας</span> <span class='ocrx_word' id='word_1_22' title='bbox 3043 551 3057 565; x_wconf 83' lang='grc'><strong>’</strong></span> <span class='ocrx_word' id='word_1_23' title='bbox 3115 537 3260 605; x_wconf 83' lang='grc' dir='ltr'>λέγει</span> <span class='ocrx_word' id='word_1_24' title='bbox 3293 539 3349 591; x_wconf 86' lang='grc' dir='ltr'>δὲ</span> <span class='ocrx_word' id='word_1_25' title='bbox 3399 539 3488 592; x_wconf 75' lang='grc' dir='ltr'><strong>τὸν</strong></span> <span class='ocrx_word' id='word_1_26' title='bbox 3528 539 3914 609; x_wconf 84' lang='grc' dir='ltr'>’Δντίχριστον,</span> <span class='ocrx_word' id='word_1_27' title='bbox 3946 539 4008 592; x_wconf 79' lang='grc' dir='ltr'>ὃν</span> 
     </span>
    </p>
   </div>
   <div class='ocr_carea' id='block_1_6' title="bbox 811 626 2351 700">
    <p class='ocr_par' dir='ltr' id='par_1_6' title="bbox 811 626 2351 700">
     <span class='ocr_line' id='line_1_6' title="bbox 811 626 2351 700; baseline -0.005 -15"><span class='ocrx_word' id='word_1_28' title='bbox 811 650 929 687; x_wconf 81' lang='lat' dir='ltr'><strong>rum</strong></span> <span class='ocrx_word' id='word_1_29' title='bbox 963 635 1056 697; x_wconf 90' lang='lat' dir='ltr'><strong>ait,</strong></span> <span class='ocrx_word' id='word_1_30' title='bbox 1087 649 1208 686; x_wconf 89' lang='lat' dir='ltr'><strong>cum</strong></span> <span class='ocrx_word' id='word_1_31' title='bbox 1238 632 1524 700; x_wconf 80' lang='lat' dir='ltr'><strong>omnigena</strong></span> <span class='ocrx_word' id='word_1_32' title='bbox 1556 627 1924 698; x_wconf 83' lang='lat' dir='ltr'><strong>prodigiorum</strong></span> <span class='ocrx_word' id='word_1_33' title='bbox 1967 626 2351 681; x_wconf 90' lang='lat' dir='ltr'><strong>simulatorum</strong></span> 
     </span>
    </p>
   </div>
   <div class='ocr_carea' id='block_1_7' title="bbox 806 725 1041 778">
    <p class='ocr_par' dir='ltr' id='par_1_7' title="bbox 806 725 1041 778">
     <span class='ocr_line' id='line_1_7' title="bbox 806 725 1041 778; baseline -0.009 0"><span class='ocrx_word' id='word_1_34' title='bbox 806 725 1041 778; x_wconf 77' lang='lat' dir='ltr'><strong>fallacia.</strong></span> 
     </span>
    </p>
   </div>
   <div class='ocr_carea' id='block_1_8' title="bbox 886 807 2354 878">
    <p class='ocr_par' dir='ltr' id='par_1_8' title="bbox 886 807 2354 878">
     <span class='ocr_line' id='line_1_8' title="bbox 886 807 2354 878; baseline -0.003 -13"><span class='ocrx_word' id='word_1_35' title='bbox 886 816 1045 867; x_wconf 65' lang='lat' dir='ltr'><strong>Vens.</strong></span> <span class='ocrx_word' id='word_1_36' title='bbox 1083 815 1137 873; x_wconf 82' lang='grc'>5,</span> <span class='ocrx_word' id='word_1_37' title='bbox 1169 813 1221 866; x_wconf 81' lang='lat'><strong>6.</strong></span> <span class='ocrx_word' id='word_1_38' title='bbox 1283 831 1300 861; x_wconf 80' lang='grc' dir='ltr'>ι</span> <span class='ocrx_word' id='word_1_39' title='bbox 1342 812 1454 863; x_wconf 71' lang='lat' dir='ltr'><strong>Non</strong></span> <span class='ocrx_word' id='word_1_40' title='bbox 1504 811 1748 864; x_wconf 89' lang='lat' dir='ltr'><strong>retinetis</strong></span> <span class='ocrx_word' id='word_1_41' title='bbox 1793 824 1937 878; x_wconf 82' lang='lat' dir='ltr'><strong>quoa</strong></span> <span class='ocrx_word' id='word_1_42' title='bbox 1993 823 2116 861; x_wconf 92' lang='lat' dir='ltr'><strong>cum</strong></span> <span class='ocrx_word' id='word_1_43' title='bbox 2175 807 2354 860; x_wconf 88' lang='lat' dir='ltr'><strong>adhuc</strong></span> 
     </span>
    </p>
   </div>
   <div class='ocr_carea' id='block_1_9' title="bbox 811 898 2353 973">
    <p class='ocr_par' dir='ltr' id='par_1_9' title="bbox 811 898 2353 973">
     <span class='ocr_line' id='line_1_9' title="bbox 811 898 2353 973; baseline -0.005 -15"><span class='ocrx_word' id='word_1_44' title='bbox 811 921 986 958; x_wconf 60' lang='lat' dir='ltr'><strong>eSsem</strong></span> <span class='ocrx_word' id='word_1_45' title='bbox 1045 905 1183 973; x_wconf 82' lang='lat' dir='ltr'><strong>apud</strong></span> <span class='ocrx_word' id='word_1_46' title='bbox 1233 919 1347 964; x_wconf 79' lang='lat' dir='ltr'><strong>vos,</strong></span> <span class='ocrx_word' id='word_1_47' title='bbox 1400 903 1510 954; x_wconf 66' lang='lat' dir='ltr'><strong>haec</strong></span> <span class='ocrx_word' id='word_1_48' title='bbox 1569 903 1811 954; x_wconf 86' lang='lat' dir='ltr'><strong>dicebam</strong></span> <span class='ocrx_word' id='word_1_49' title='bbox 1870 901 2060 953; x_wconf 81' lang='lat' dir='ltr'><strong>vobis?</strong></span> <span class='ocrx_word' id='word_1_50' title='bbox 2105 898 2168 950; x_wconf 80' lang='lat' dir='ltr'><strong>Et</strong></span> <span class='ocrx_word' id='word_1_51' title='bbox 2210 914 2353 951; x_wconf 89' lang='lat' dir='ltr'><strong>nunc</strong></span> 
     </span>
    </p>
   </div>
   <div class='ocr_carea' id='block_1_10' title="bbox 809 993 2349 1065">
    <p class='ocr_par' dir='ltr' id='par_1_10' title="bbox 809 993 2349 1065">
     <span class='ocr_line' id='line_1_10' title="bbox 809 993 2349 1065; baseline -0.006 -16"><span class='ocrx_word' id='word_1_52' title='bbox 809 997 939 1065; x_wconf 82' lang='lat' dir='ltr'><strong>quid</strong></span> <span class='ocrx_word' id='word_1_53' title='bbox 981 997 1217 1048; x_wconf 74' lang='lat' dir='ltr'><strong>detineat</strong></span> <span class='ocrx_word' id='word_1_54' title='bbox 1249 996 1425 1056; x_wconf 66' lang='lat' dir='ltr'><strong>Scitis,</strong></span> <span class='ocrx_word' id='word_1_55' title='bbox 1457 1005 1510 1047; x_wconf 93' lang='lat' dir='ltr'><strong>ut</strong></span> <span class='ocrx_word' id='word_1_56' title='bbox 1542 996 1809 1047; x_wconf 76' lang='lat' dir='ltr'><strong>reveletur</strong></span> <span class='ocrx_word' id='word_1_57' title='bbox 1840 993 1894 1044; x_wconf 94' lang='lat' dir='ltr'><strong>in</strong></span> <span class='ocrx_word' id='word_1_58' title='bbox 1928 1005 2027 1043; x_wconf 87' lang='lat' dir='ltr'><strong>suo</strong></span> <span class='ocrx_word' id='word_1_59' title='bbox 2053 997 2349 1057; x_wconf 64' lang='lat' dir='ltr'><strong>tempore.»</strong></span> 
     </span>
    </p>
   </div>
   <div class='ocr_carea' id='block_1_11' title="bbox 884 1078 2353 1145">
    <p class='ocr_par' dir='ltr' id='par_1_11' title="bbox 884 1078 2353 1145">
     <span class='ocr_line' id='line_1_11' title="bbox 884 1078 2353 1145; baseline -0.004 -8"><span class='ocrx_word' id='word_1_60' title='bbox 884 1085 1130 1137; x_wconf 81' lang='lat' dir='ltr'><strong>Pristime</strong></span> <span class='ocrx_word' id='word_1_61' title='bbox 1156 1098 1245 1136; x_wconf 88' lang='lat' dir='ltr'><strong>eos</strong></span> <span class='ocrx_word' id='word_1_62' title='bbox 1272 1086 1531 1138; x_wconf 72' lang='lat' dir='ltr'><strong>doctrina:</strong></span> <span class='ocrx_word' id='word_1_63' title='bbox 1564 1079 2002 1140; x_wconf 83' lang='lat' dir='ltr'><strong>commonefacit,</strong></span> <span class='ocrx_word' id='word_1_64' title='bbox 2035 1093 2138 1145; x_wconf 90' lang='lat' dir='ltr'><strong>qua</strong></span> <span class='ocrx_word' id='word_1_65' title='bbox 2173 1079 2237 1130; x_wconf 88' lang='lat' dir='ltr'><strong>de</strong></span> <span class='ocrx_word' id='word_1_66' title='bbox 2271 1078 2353 1131; x_wconf 87' lang='lat' dir='ltr'><strong>his</strong></span> 
     </span>
    </p>
   </div>
   <div class='ocr_carea' id='block_1_12' title="bbox 814 1169 2354 1242">
    <p class='ocr_par' dir='ltr' id='par_1_12' title="bbox 814 1169 2354 1242">
     <span class='ocr_line' id='line_1_12' title="bbox 814 1169 2354 1242; baseline -0.005 -15"><span class='ocrx_word' id='word_1_67' title='bbox 814 1191 1118 1227; x_wconf 82' lang='lat' dir='ltr'><strong>sermonem</strong></span> <span class='ocrx_word' id='word_1_68' title='bbox 1193 1175 1477 1228; x_wconf 81' lang='lat' dir='ltr'><strong>habuerat.</strong></span> <span class='ocrx_word' id='word_1_69' title='bbox 1539 1173 1668 1226; x_wconf 71' lang='lat' dir='ltr'><strong>Nam</strong></span> <span class='ocrx_word' id='word_1_70' title='bbox 1726 1179 1948 1242; x_wconf 81' lang='lat' dir='ltr'><strong>propter</strong></span> <span class='ocrx_word' id='word_1_71' title='bbox 2000 1184 2242 1223; x_wconf 85' lang='lat' dir='ltr'><strong>errorem</strong></span> <span class='ocrx_word' id='word_1_72' title='bbox 2301 1169 2354 1220; x_wconf 89' lang='lat' dir='ltr'><strong>itt</strong></span> 
     </span>
    </p>
   </div>
   <div class='ocr_carea' id='block_1_13' title="bbox 812 1260 2357 1334">
    <p class='ocr_par' dir='ltr' id='par_1_13' title="bbox 812 1260 2357 1334">
     <span class='ocr_line' id='line_1_13' title="bbox 812 1260 2357 1334; baseline -0.003 -17"><span class='ocrx_word' id='word_1_73' title='bbox 812 1281 969 1334; x_wconf 84' lang='lat' dir='ltr'><strong>quem</strong></span> <span class='ocrx_word' id='word_1_74' title='bbox 1011 1267 1097 1318; x_wconf 89' lang='lat' dir='ltr'><strong>isti</strong></span> <span class='ocrx_word' id='word_1_75' title='bbox 1130 1268 1424 1329; x_wconf 84' lang='lat' dir='ltr'><strong>ducerent,</strong></span> <span class='ocrx_word' id='word_1_76' title='bbox 1453 1281 1575 1318; x_wconf 91' lang='lat' dir='ltr'><strong>cum</strong></span> <span class='ocrx_word' id='word_1_77' title='bbox 1613 1267 1726 1333; x_wconf 85' lang='lat' dir='ltr'><strong>ipse</strong></span> <span class='ocrx_word' id='word_1_78' title='bbox 1773 1263 2063 1330; x_wconf 83' lang='lat' dir='ltr'><strong>Apostolus</strong></span> <span class='ocrx_word' id='word_1_79' title='bbox 2099 1275 2238 1328; x_wconf 79' lang='lat' dir='ltr'><strong>saepe</strong></span> <span class='ocrx_word' id='word_1_80' title='bbox 2259 1260 2357 1312; x_wconf 80' lang='lat' dir='ltr'><strong>do-</strong></span> 
     </span>
    </p>
   </div>
   <div class='ocr_carea' id='block_1_14' title="bbox 817 1351 2357 1423">
    <p class='ocr_par' dir='ltr' id='par_1_14' title="bbox 817 1351 2357 1423">
     <span class='ocr_line' id='line_1_14' title="bbox 817 1351 2357 1423; baseline -0.003 -16"><span class='ocrx_word' id='word_1_81' title='bbox 817 1369 952 1418; x_wconf 74' lang='lat' dir='ltr'><strong>cunt,</strong></span> <span class='ocrx_word' id='word_1_82' title='bbox 982 1367 1093 1409; x_wconf 86' lang='lat' dir='ltr'><strong>tuin</strong></span> <span class='ocrx_word' id='word_1_83' title='bbox 1124 1359 1284 1410; x_wconf 82' lang='lat' dir='ltr'><strong>etiam</strong></span> <span class='ocrx_word' id='word_1_84' title='bbox 1325 1359 1583 1410; x_wconf 85' lang='lat' dir='ltr'><strong>ltontinus</strong></span> <span class='ocrx_word' id='word_1_85' title='bbox 1619 1357 1932 1423; x_wconf 81' lang='lat' dir='ltr'><strong>frequenter</strong></span> <span class='ocrx_word' id='word_1_86' title='bbox 1970 1354 2023 1405; x_wconf 92' lang='lat' dir='ltr'><strong>in</strong></span> <span class='ocrx_word' id='word_1_87' title='bbox 2057 1351 2357 1421; x_wconf 69' lang='lat' dir='ltr'><strong>Evangeliis</strong></span> 
     </span>
    </p>
   </div>
   <div class='ocr_carea' id='block_1_15' title="bbox 813 1443 2359 1517">
    <p class='ocr_par' dir='ltr' id='par_1_15' title="bbox 813 1443 2359 1517">
     <span class='ocr_line' id='line_1_15' title="bbox 813 1443 2359 1517; baseline -0.001 -18"><span class='ocrx_word' id='word_1_88' title='bbox 813 1450 1171 1501; x_wconf 80' lang='lat' dir='ltr'><strong>denuntiavit.</strong></span> <span class='ocrx_word' id='word_1_89' title='bbox 1223 1449 1283 1501; x_wconf 91' lang='lat' dir='ltr'><strong>Si</strong></span> <span class='ocrx_word' id='word_1_90' title='bbox 1327 1452 1440 1517; x_wconf 80' lang='lat' dir='ltr'><strong>quis</strong></span> <span class='ocrx_word' id='word_1_91' title='bbox 1489 1450 1629 1501; x_wconf 82' lang='lat' dir='ltr'><strong>vobis</strong></span> <span class='ocrx_word' id='word_1_92' title='bbox 1676 1449 1869 1500; x_wconf 74' lang='lat' dir='ltr'><strong>dixerit</strong></span> <span class='ocrx_word' id='word_1_93' title='bbox 1902 1461 1919 1498; x_wconf 93' lang='lat'><em>:</em></span> <span class='ocrx_word' id='word_1_94' title='bbox 1957 1443 2085 1496; x_wconf 79' lang='lat' dir='ltr'><strong>Ecce</strong></span> <span class='ocrx_word' id='word_1_95' title='bbox 2143 1446 2226 1495; x_wconf 83' lang='lat' dir='ltr'><strong>In&#39;c</strong></span> <span class='ocrx_word' id='word_1_96' title='bbox 2282 1454 2359 1497; x_wconf 78' lang='lat' dir='ltr'><strong>est</strong></span> 
     </span>
    </p>
   </div>
   <div class='ocr_carea' id='block_1_16' title="bbox 813 1539 1860 1604">
    <p class='ocr_par' dir='ltr' id='par_1_16' title="bbox 813 1539 1860 1604">
     <span class='ocr_line' id='line_1_16' title="bbox 813 1539 1860 1604; baseline -0.002 -10"><span class='ocrx_word' id='word_1_97' title='bbox 813 1540 1077 1604; x_wconf 74' lang='lat' dir='ltr'><strong>Christus,</strong></span> <span class='ocrx_word' id='word_1_98' title='bbox 1101 1557 1215 1593; x_wconf 81' lang='lat' dir='ltr'><strong>ecce</strong></span> <span class='ocrx_word' id='word_1_99' title='bbox 1246 1542 1393 1603; x_wconf 85' lang='lat' dir='ltr'><strong>illic;</strong></span> <span class='ocrx_word' id='word_1_100' title='bbox 1423 1541 1582 1593; x_wconf 89' lang='lat' dir='ltr'><strong>nolite</strong></span> <span class='ocrx_word' id='word_1_101' title='bbox 1612 1542 1755 1593; x_wconf 74' lang='lat' dir='ltr'><strong>exire</strong></span> <span class='ocrx_word' id='word_1_102' title='bbox 1795 1539 1860 1592; x_wconf 86' lang='lat'><strong>&quot;.</strong></span> 
     </span>
    </p>
   </div>
   <div class='ocr_carea' id='block_1_17' title="bbox 887 1651 2360 1725">
    <p class='ocr_par' dir='ltr' id='par_1_17' title="bbox 887 1651 2360 1725">
     <span class='ocr_line' id='line_1_17' title="bbox 887 1651 2360 1725; baseline 0.001 -23"><span class='ocrx_word' id='word_1_103' title='bbox 887 1652 1050 1706; x_wconf 72' lang='lat' dir='ltr'><strong>Vens.</strong></span> <span class='ocrx_word' id='word_1_104' title='bbox 1089 1655 1138 1706; x_wconf 87' lang='lat'><strong>7.</strong></span> <span class='ocrx_word' id='word_1_105' title='bbox 1193 1674 1209 1704; x_wconf 82' lang='grc' dir='ltr'>ι</span> <span class='ocrx_word' id='word_1_106' title='bbox 1249 1652 1382 1706; x_wconf 84' lang='lat' dir='ltr'><strong>Nam</strong></span> <span class='ocrx_word' id='word_1_107' title='bbox 1425 1654 1742 1725; x_wconf 83' lang='lat' dir='ltr'><strong>mysterium</strong></span> <span class='ocrx_word' id='word_1_108' title='bbox 1792 1655 1902 1722; x_wconf 90' lang='lat' dir='ltr'><strong>jam</strong></span> <span class='ocrx_word' id='word_1_109' title='bbox 1950 1658 2211 1722; x_wconf 81' lang='lat' dir='ltr'><strong>operatur</strong></span> <span class='ocrx_word' id='word_1_110' title='bbox 2257 1651 2360 1704; x_wconf 87' lang='lat' dir='ltr'><strong>ini-</strong></span> 
     </span>
    </p>
   </div>
   <div class='ocr_carea' id='block_1_18' title="bbox 813 1745 1121 1811">
    <p class='ocr_par' dir='ltr' id='par_1_18' title="bbox 813 1745 1121 1811">
     <span class='ocr_line' id='line_1_18' title="bbox 813 1745 1121 1811; baseline 0 -17"><span class='ocrx_word' id='word_1_111' title='bbox 813 1745 1059 1811; x_wconf 71' lang='lat' dir='ltr'><strong>quitatis.</strong></span> <span class='ocrx_word' id='word_1_112' title='bbox 1103 1763 1121 1794; x_wconf 73' lang='grc' dir='ltr'><strong>ι</strong></span> 
     </span>
    </p>
   </div>
   <div class='ocr_carea' id='block_1_19' title="bbox 885 1831 2359 1901">
    <p class='ocr_par' dir='ltr' id='par_1_19' title="bbox 885 1831 2359 1901">
     <span class='ocr_line' id='line_1_19' title="bbox 885 1831 2359 1901; baseline -0.002 -17"><span class='ocrx_word' id='word_1_113' title='bbox 885 1833 1193 1901; x_wconf 67' lang='grc' dir='ltr'><strong>Μῃδιενὶιιηι</strong></span> <span class='ocrx_word' id='word_1_114' title='bbox 1233 1833 1524 1900; x_wconf 73' lang='lat' dir='ltr'><strong>iniquitatis</strong></span> <span class='ocrx_word' id='word_1_115' title='bbox 1556 1840 1733 1896; x_wconf 86' lang='lat' dir='ltr'><strong>vocat,</strong></span> <span class='ocrx_word' id='word_1_116' title='bbox 1763 1831 2043 1886; x_wconf 83' lang='lat' dir='ltr'><strong>doctrinas</strong></span> <span class='ocrx_word' id='word_1_117' title='bbox 2075 1831 2359 1885; x_wconf 59' lang='lat' dir='ltr'><strong>hatretico-</strong></span> 
     </span>
    </p>
   </div>
   <div class='ocr_carea' id='block_1_20' title="bbox 816 1918 2360 1989">
    <p class='ocr_par' dir='ltr' id='par_1_20' title="bbox 816 1918 2360 1989">
     <span class='ocr_line' id='line_1_20' title="bbox 816 1918 2360 1989; baseline -0.001 -16"><span class='ocrx_word' id='word_1_118' title='bbox 816 1937 956 1983; x_wconf 91' lang='lat' dir='ltr'><strong>runt,</strong></span> <span class='ocrx_word' id='word_1_119' title='bbox 990 1935 1290 1989; x_wconf 81' lang='lat' dir='ltr'><strong>eorumque</strong></span> <span class='ocrx_word' id='word_1_120' title='bbox 1327 1922 1461 1975; x_wconf 85' lang='lat' dir='ltr'><strong>l&#39;alsa</strong></span> <span class='ocrx_word' id='word_1_121' title='bbox 1487 1920 1709 1989; x_wconf 87' lang='lat' dir='ltr'><strong>placita.</strong></span> <span class='ocrx_word' id='word_1_122' title='bbox 1739 1918 1893 1972; x_wconf 85' lang='lat' dir='ltr'><strong>Illius</strong></span> <span class='ocrx_word' id='word_1_123' title='bbox 1927 1920 2071 1973; x_wconf 90' lang='lat' dir='ltr'><strong>enim</strong></span> <span class='ocrx_word' id='word_1_124' title='bbox 2101 1930 2230 1973; x_wconf 80' lang='lat' dir='ltr'><strong>sunt</strong></span> <span class='ocrx_word' id='word_1_125' title='bbox 2263 1935 2360 1972; x_wconf 78' lang='lat' dir='ltr'><strong>an-</strong></span> 
     </span>
    </p>
   </div>
   <div class='ocr_carea' id='block_1_21' title="bbox 814 2013 2361 2081">
    <p class='ocr_par' dir='ltr' id='par_1_21' title="bbox 814 2013 2361 2081">
     <span class='ocr_line' id='line_1_21' title="bbox 814 2013 2361 2081; baseline 0.001 -17"><span class='ocrx_word' id='word_1_126' title='bbox 814 2024 1155 2074; x_wconf 84' lang='lat' dir='ltr'><strong>tecessores,</strong></span> <span class='ocrx_word' id='word_1_127' title='bbox 1202 2013 1360 2080; x_wconf 87' lang='lat' dir='ltr'><strong>cujus</strong></span> <span class='ocrx_word' id='word_1_128' title='bbox 1395 2021 1446 2064; x_wconf 72' lang='lat' dir='ltr'><strong>et</strong></span> <span class='ocrx_word' id='word_1_129' title='bbox 1481 2014 1621 2065; x_wconf 89' lang='lat' dir='ltr'><strong>viam</strong></span> <span class='ocrx_word' id='word_1_130' title='bbox 1668 2013 1982 2081; x_wconf 78' lang='lat' dir='ltr'><strong>expediunt,</strong></span> <span class='ocrx_word' id='word_1_131' title='bbox 2043 2020 2256 2080; x_wconf 87' lang='lat' dir='ltr'><strong>tempus</strong></span> <span class='ocrx_word' id='word_1_132' title='bbox 2309 2021 2361 2065; x_wconf 87' lang='lat' dir='ltr'><strong>et</strong></span> 
     </span>
    </p>
   </div>
   <div class='ocr_carea' id='block_1_22' title="bbox 813 2103 2362 2172">
    <p class='ocr_par' dir='ltr' id='par_1_22' title="bbox 813 2103 2362 2172">
     <span class='ocr_line' id='line_1_22' title="bbox 813 2103 2362 2172; baseline 0.001 -17"><span class='ocrx_word' id='word_1_133' title='bbox 813 2103 1158 2156; x_wconf 79' lang='lat' dir='ltr'><strong>occasionem</strong></span> <span class='ocrx_word' id='word_1_134' title='bbox 1191 2103 1496 2170; x_wconf 89' lang='lat' dir='ltr'><strong>deceptioui</strong></span> <span class='ocrx_word' id='word_1_135' title='bbox 1534 2112 1807 2171; x_wconf 87' lang='lat' dir='ltr'><strong>parantes.</strong></span> <span class='ocrx_word' id='word_1_136' title='bbox 1865 2103 2030 2172; x_wconf 82' lang='lat' dir='ltr'><strong>Atqui</strong></span> <span class='ocrx_word' id='word_1_137' title='bbox 2088 2103 2362 2172; x_wconf 83' lang='lat' dir='ltr'><strong>apostolo-</strong></span> 
     </span>
    </p>
   </div>
   <div class='ocr_carea' id='block_1_23' title="bbox 817 2195 2359 2262">
    <p class='ocr_par' dir='ltr' id='par_1_23' title="bbox 817 2195 2359 2262">
     <span class='ocr_line' id='line_1_23' title="bbox 817 2195 2359 2262; baseline 0.001 -16"><span class='ocrx_word' id='word_1_138' title='bbox 817 2210 934 2247; x_wconf 91' lang='lat' dir='ltr'><strong>rum</strong></span> <span class='ocrx_word' id='word_1_139' title='bbox 986 2201 1140 2248; x_wconf 66' lang='lat' dir='ltr'><strong>aetate</strong></span> <span class='ocrx_word' id='word_1_140' title='bbox 1201 2195 1434 2249; x_wconf 69' lang='lat' dir='ltr'><strong>haeres-3s</strong></span> <span class='ocrx_word' id='word_1_141' title='bbox 1497 2196 1609 2260; x_wconf 86' lang='lat' dir='ltr'><strong>jam</strong></span> <span class='ocrx_word' id='word_1_142' title='bbox 1673 2205 2024 2250; x_wconf 86' lang='lat' dir='ltr'><strong>etnerserant.</strong></span> <span class='ocrx_word' id='word_1_143' title='bbox 2091 2195 2359 2262; x_wconf 86' lang='lat' dir='ltr'><strong>Quocirca</strong></span> 
     </span>
    </p>
   </div>
   <div class='ocr_carea' id='block_1_24' title="bbox 811 2283 2359 2355">
    <p class='ocr_par' dir='ltr' id='par_1_24' title="bbox 811 2283 2359 2355">
     <span class='ocr_line' id='line_1_24' title="bbox 811 2283 2359 2355; baseline 0 -17"><span class='ocrx_word' id='word_1_144' title='bbox 811 2283 1054 2339; x_wconf 78' lang='lat' dir='ltr'><strong>Joannes</strong></span> <span class='ocrx_word' id='word_1_145' title='bbox 1103 2286 1434 2355; x_wconf 80' lang='lat' dir='ltr'><strong>evangelista</strong></span> <span class='ocrx_word' id='word_1_146' title='bbox 1484 2287 1753 2340; x_wconf 85' lang='lat' dir='ltr'><strong>consunili</strong></span> <span class='ocrx_word' id='word_1_147' title='bbox 1809 2288 1969 2340; x_wconf 91' lang='lat' dir='ltr'><strong>modo</strong></span> <span class='ocrx_word' id='word_1_148' title='bbox 1999 2287 2173 2340; x_wconf 85' lang='lat' dir='ltr'><strong>dicit:</strong></span> <span class='ocrx_word' id='word_1_149' title='bbox 2211 2287 2359 2341; x_wconf 84' lang='lat' dir='ltr'><strong>Sicut</strong></span> 
     </span>
    </p>
   </div>
   <div class='ocr_carea' id='block_1_25' title="bbox 813 2377 2358 2444">
    <p class='ocr_par' dir='ltr' id='par_1_25' title="bbox 813 2377 2358 2444">
     <span class='ocr_line' id='line_1_25' title="bbox 813 2377 2358 2444; baseline 0.001 -17"><span class='ocrx_word' id='word_1_150' title='bbox 813 2378 1041 2429; x_wconf 72' lang='lat' dir='ltr'><strong>audistis</strong></span> <span class='ocrx_word' id='word_1_151' title='bbox 1068 2377 1191 2444; x_wconf 83' lang='lat' dir='ltr'><strong>quia</strong></span> <span class='ocrx_word' id='word_1_152' title='bbox 1218 2377 1569 2430; x_wconf 73' lang='lat' dir='ltr'><strong>Antichristus</strong></span> <span class='ocrx_word' id='word_1_153' title='bbox 1620 2379 1793 2438; x_wconf 74' lang='lat' dir='ltr'><strong>venit;</strong></span> <span class='ocrx_word' id='word_1_154' title='bbox 1825 2388 1873 2430; x_wconf 85' lang='lat' dir='ltr'><strong>et</strong></span> <span class='ocrx_word' id='word_1_155' title='bbox 1911 2395 2046 2430; x_wconf 86' lang='lat' dir='ltr'><strong>nunc</strong></span> <span class='ocrx_word' id='word_1_156' title='bbox 2065 2378 2358 2430; x_wconf 73' lang='lat' dir='ltr'><strong>antichristi</strong></span> 
     </span>
    </p>
   </div>
   <div class='ocr_carea' id='block_1_26' title="bbox 813 2467 2360 2539">
    <p class='ocr_par' dir='ltr' id='par_1_26' title="bbox 813 2467 2360 2539">
     <span class='ocr_line' id='line_1_26' title="bbox 813 2467 2360 2539; baseline 0.003 -21"><span class='ocrx_word' id='word_1_157' title='bbox 813 2469 969 2520; x_wconf 84' lang='lat' dir='ltr'><strong>multi</strong></span> <span class='ocrx_word' id='word_1_158' title='bbox 1012 2476 1136 2520; x_wconf 80' lang='lat' dir='ltr'><strong>sunt</strong></span> <span class='ocrx_word' id='word_1_159' title='bbox 1165 2469 1207 2498; x_wconf 87' lang='grc'><strong>⁷⁷</strong></span> <span class='ocrx_word' id='word_1_160' title='bbox 1238 2487 1251 2522; x_wconf 85' lang='grc' dir='ltr'><strong>ι</strong></span> <span class='ocrx_word' id='word_1_161' title='bbox 1283 2483 1403 2538; x_wconf 77' lang='lat' dir='ltr'><strong>qua:</strong></span> <span class='ocrx_word' id='word_1_162' title='bbox 1430 2469 1648 2539; x_wconf 88' lang='lat' dir='ltr'><strong>quidem</strong></span> <span class='ocrx_word' id='word_1_163' title='bbox 1699 2467 1763 2524; x_wconf 92' lang='lat' dir='ltr'><strong>dc</strong></span> <span class='ocrx_word' id='word_1_164' title='bbox 1801 2469 2072 2524; x_wconf 63' lang='lat' dir='ltr'><strong>haereticis</strong></span> <span class='ocrx_word' id='word_1_165' title='bbox 2101 2470 2360 2539; x_wconf 84' lang='lat' dir='ltr'><strong>prolocu-</strong></span> 
     </span>
    </p>
   </div>
   <div class='ocr_carea' id='block_1_27' title="bbox 813 2568 1038 2613">
    <p class='ocr_par' dir='ltr' id='par_1_27' title="bbox 813 2568 1038 2613">
     <span class='ocr_line' id='line_1_27' title="bbox 813 2568 1038 2613; baseline 0.009 -3"><span class='ocrx_word' id='word_1_166' title='bbox 813 2570 902 2613; x_wconf 89' lang='lat' dir='ltr'><strong>ttts</strong></span> <span class='ocrx_word' id='word_1_167' title='bbox 934 2568 1038 2612; x_wconf 79' lang='lat' dir='ltr'><strong>cst.</strong></span> 
     </span>
    </p>
   </div>
   <div class='ocr_carea' id='block_1_28' title="bbox 884 2648 2362 2720">
    <p class='ocr_par' dir='ltr' id='par_1_28' title="bbox 884 2648 2362 2720">
     <span class='ocr_line' id='line_1_28' title="bbox 884 2648 2362 2720; baseline 0.006 -21"><span class='ocrx_word' id='word_1_168' title='bbox 884 2648 1047 2720; x_wconf 64' lang='lat'><strong>224</strong></span> <span class='ocrx_word' id='word_1_169' title='bbox 1080 2668 1099 2700; x_wconf 77' lang='grc' dir='ltr'><strong>ι</strong></span> <span class='ocrx_word' id='word_1_170' title='bbox 1133 2649 1363 2704; x_wconf 89' lang='lat' dir='ltr'><strong>Tantum</strong></span> <span class='ocrx_word' id='word_1_171' title='bbox 1399 2650 1490 2719; x_wconf 92' lang='lat' dir='ltr'><strong>qui</strong></span> <span class='ocrx_word' id='word_1_172' title='bbox 1520 2657 1664 2704; x_wconf 87' lang='lat' dir='ltr'><strong>tenet</strong></span> <span class='ocrx_word' id='word_1_173' title='bbox 1693 2665 1856 2714; x_wconf 88' lang='lat' dir='ltr'><strong>nunc,</strong></span> <span class='ocrx_word' id='word_1_174' title='bbox 1887 2651 2058 2706; x_wconf 90' lang='lat' dir='ltr'><strong>donec</strong></span> <span class='ocrx_word' id='word_1_175' title='bbox 2089 2651 2156 2707; x_wconf 89' lang='lat' dir='ltr'><strong>de</strong></span> <span class='ocrx_word' id='word_1_176' title='bbox 2187 2653 2362 2708; x_wconf 88' lang='lat' dir='ltr'><strong>medio</strong></span> 
     </span>
    </p>
   </div>
   <div class='ocr_carea' id='block_1_29' title="bbox 815 2739 2357 2812">
    <p class='ocr_par' dir='ltr' id='par_1_29' title="bbox 815 2739 2357 2812">
     <span class='ocr_line' id='line_1_29' title="bbox 815 2739 2357 2812; baseline 0.003 -20"><span class='ocrx_word' id='word_1_177' title='bbox 815 2741 930 2794; x_wconf 82' lang='lat' dir='ltr'><strong>fiat.</strong></span> <span class='ocrx_word' id='word_1_178' title='bbox 971 2740 1161 2811; x_wconf 74' lang='lat' dir='ltr'><strong>lV&#39;ens.</strong></span> <span class='ocrx_word' id='word_1_179' title='bbox 1198 2739 1276 2811; x_wconf 77' lang='lat'><strong>8.]</strong></span> <span class='ocrx_word' id='word_1_180' title='bbox 1314 2740 1379 2793; x_wconf 81' lang='lat' dir='ltr'><strong>Et</strong></span> <span class='ocrx_word' id='word_1_181' title='bbox 1417 2749 1553 2795; x_wconf 88' lang='lat' dir='ltr'><strong>tunc</strong></span> <span class='ocrx_word' id='word_1_182' title='bbox 1584 2741 1912 2795; x_wconf 85' lang='lat' dir='ltr'><strong>revelabitur</strong></span> <span class='ocrx_word' id='word_1_183' title='bbox 1935 2742 2026 2796; x_wconf 89' lang='lat' dir='ltr'><strong>ille</strong></span> <span class='ocrx_word' id='word_1_184' title='bbox 2055 2743 2296 2812; x_wconf 89' lang='lat' dir='ltr'><strong>iniquus.</strong></span> <span class='ocrx_word' id='word_1_185' title='bbox 2337 2763 2357 2797; x_wconf 74' lang='grc' dir='ltr'>ι</span> 
     </span>
    </p>
   </div>
   <div class='ocr_carea' id='block_1_30' title="bbox 887 2832 2361 2904">
    <p class='ocr_par' dir='ltr' id='par_1_30' title="bbox 887 2832 2361 2904">
     <span class='ocr_line' id='line_1_30' title="bbox 887 2832 2361 2904; baseline 0.004 -21"><span class='ocrx_word' id='word_1_186' title='bbox 887 2833 1185 2885; x_wconf 82' lang='lat' dir='ltr'><strong>Romanum</strong></span> <span class='ocrx_word' id='word_1_187' title='bbox 1238 2832 1520 2900; x_wconf 89' lang='lat' dir='ltr'><strong>imperium</strong></span> <span class='ocrx_word' id='word_1_188' title='bbox 1585 2833 1781 2886; x_wconf 87' lang='lat' dir='ltr'><strong>innuit.</strong></span> <span class='ocrx_word' id='word_1_189' title='bbox 1835 2832 1911 2886; x_wconf 86' lang='lat' dir='ltr'><strong>Eo</strong></span> <span class='ocrx_word' id='word_1_190' title='bbox 1978 2848 2211 2904; x_wconf 84' lang='lat' dir='ltr'><strong>namque</strong></span> <span class='ocrx_word' id='word_1_191' title='bbox 2265 2849 2361 2889; x_wconf 78' lang='lat' dir='ltr'><strong>ex-</strong></span> 
     </span>
    </p>
   </div>
   <div class='ocr_carea' id='block_1_31' title="bbox 813 2921 1686 2984">
    <p class='ocr_par' dir='ltr' id='par_1_31' title="bbox 813 2921 1686 2984">
     <span class='ocr_line' id='line_1_31' title="bbox 813 2921 1686 2984; baseline -0.001 -8"><span class='ocrx_word' id='word_1_192' title='bbox 813 2922 939 2976; x_wconf 55' lang='lat' dir='ltr'><strong>stiui</strong></span> <span class='ocrx_word' id='word_1_193' title='bbox 965 2933 1039 2984; x_wconf 92' lang='lat' dir='ltr'><strong>to,</strong></span> <span class='ocrx_word' id='word_1_194' title='bbox 1067 2921 1303 2974; x_wconf 86' lang='lat' dir='ltr'><strong>Auttchr</strong></span> <span class='ocrx_word' id='word_1_195' title='bbox 1331 2930 1447 2976; x_wconf 83' lang='lat' dir='ltr'><strong>stus</strong></span> <span class='ocrx_word' id='word_1_196' title='bbox 1481 2923 1686 2975; x_wconf 83' lang='lat' dir='ltr'><strong>veniet.</strong></span> 
     </span>
    </p>
   </div>
   <div class='ocr_carea' id='block_1_32' title="bbox 889 3007 2366 3080">
    <p class='ocr_par' dir='ltr' id='par_1_32' title="bbox 889 3007 2366 3080">
     <span class='ocr_line' id='line_1_32' title="bbox 889 3007 2366 3080; baseline 0.006 -22"><span class='ocrx_word' id='word_1_197' title='bbox 889 3026 909 3058; x_wconf 72' lang='grc' dir='ltr'>ι</span> <span class='ocrx_word' id='word_1_198' title='bbox 956 3009 1123 3074; x_wconf 84' lang='lat' dir='ltr'><strong>Quem</strong></span> <span class='ocrx_word' id='word_1_199' title='bbox 1167 3007 1430 3062; x_wconf 89' lang='lat' dir='ltr'><strong>Dominus</strong></span> <span class='ocrx_word' id='word_1_200' title='bbox 1457 3010 1741 3062; x_wconf 84' lang='lat' dir='ltr'><strong>interticiet</strong></span> <span class='ocrx_word' id='word_1_201' title='bbox 1769 3010 1964 3080; x_wconf 86' lang='lat' dir='ltr'><strong>spiritu</strong></span> <span class='ocrx_word' id='word_1_202' title='bbox 2015 3010 2130 3065; x_wconf 90' lang='lat' dir='ltr'><strong>oris</strong></span> <span class='ocrx_word' id='word_1_203' title='bbox 2176 3027 2281 3075; x_wconf 84' lang='lat' dir='ltr'><strong>SUI,</strong></span> <span class='ocrx_word' id='word_1_204' title='bbox 2313 3021 2366 3067; x_wconf 88' lang='lat' dir='ltr'><strong>et</strong></span> 
     </span>
    </p>
   </div>
   <div class='ocr_carea' id='block_1_33' title="bbox 815 3099 2362 3173">
    <p class='ocr_par' dir='ltr' id='par_1_33' title="bbox 815 3099 2362 3173">
     <span class='ocr_line' id='line_1_33' title="bbox 815 3099 2362 3173; baseline 0.002 -22"><span class='ocrx_word' id='word_1_205' title='bbox 815 3099 1062 3154; x_wconf 72' lang='lat' dir='ltr'><strong>destruet</strong></span> <span class='ocrx_word' id='word_1_206' title='bbox 1111 3101 1470 3154; x_wconf 88' lang='lat' dir='ltr'><strong>illustratione</strong></span> <span class='ocrx_word' id='word_1_207' title='bbox 1517 3100 1780 3155; x_wconf 74' lang='lat' dir='ltr'><strong>adventus</strong></span> <span class='ocrx_word' id='word_1_208' title='bbox 1829 3106 1948 3166; x_wconf 87' lang='lat' dir='ltr'><strong>sui;</strong></span> <span class='ocrx_word' id='word_1_209' title='bbox 1997 3118 2143 3165; x_wconf 92' lang='lat' dir='ltr'><strong>eum,</strong></span> <span class='ocrx_word' id='word_1_210' title='bbox 2174 3100 2362 3173; x_wconf 72' lang='grc' dir='ltr'><strong>[νεεδ.</strong></span> 
     </span>
    </p>
   </div>
   <div class='ocr_carea' id='block_1_34' title="bbox 816 3191 2363 3264">
    <p class='ocr_par' dir='ltr' id='par_1_34' title="bbox 816 3191 2363 3264">
     <span class='ocr_line' id='line_1_34' title="bbox 816 3191 2363 3264; baseline 0.002 -20"><span class='ocrx_word' id='word_1_211' title='bbox 816 3193 872 3252; x_wconf 88' lang='lat'><strong>9,</strong></span> <span class='ocrx_word' id='word_1_212' title='bbox 915 3191 1008 3262; x_wconf 78' lang='lat' dir='ltr'><strong>t0]</strong></span> <span class='ocrx_word' id='word_1_213' title='bbox 1045 3193 1204 3260; x_wconf 85' lang='lat' dir='ltr'><strong>cujus</strong></span> <span class='ocrx_word' id='word_1_214' title='bbox 1239 3203 1322 3246; x_wconf 88' lang='lat' dir='ltr'><strong>est</strong></span> <span class='ocrx_word' id='word_1_215' title='bbox 1368 3192 1635 3245; x_wconf 83' lang='lat' dir='ltr'><strong>adventus</strong></span> <span class='ocrx_word' id='word_1_216' title='bbox 1662 3193 1960 3246; x_wconf 88' lang='lat' dir='ltr'><strong>secundum</strong></span> <span class='ocrx_word' id='word_1_217' title='bbox 1995 3195 2363 3264; x_wconf 87' lang='lat' dir='ltr'><strong>operationem</strong></span> 
     </span>
    </p>
   </div>
   <div class='ocr_carea' id='block_1_35' title="bbox 819 3284 2362 3355">
    <p class='ocr_par' dir='ltr' id='par_1_35' title="bbox 819 3284 2362 3355">
     <span class='ocr_line' id='line_1_35' title="bbox 819 3284 2362 3355; baseline 0.002 -18"><span class='ocrx_word' id='word_1_218' title='bbox 819 3286 1053 3345; x_wconf 68' lang='lat' dir='ltr'><strong>Sataum,</strong></span> <span class='ocrx_word' id='word_1_219' title='bbox 1089 3285 1142 3337; x_wconf 88' lang='lat' dir='ltr'><strong>in</strong></span> <span class='ocrx_word' id='word_1_220' title='bbox 1187 3284 1332 3337; x_wconf 89' lang='lat' dir='ltr'><strong>onmi</strong></span> <span class='ocrx_word' id='word_1_221' title='bbox 1384 3284 1603 3346; x_wconf 87' lang='lat' dir='ltr'><strong>virtute,</strong></span> <span class='ocrx_word' id='word_1_222' title='bbox 1647 3293 1700 3338; x_wconf 87' lang='lat' dir='ltr'><strong>et</strong></span> <span class='ocrx_word' id='word_1_223' title='bbox 1747 3285 1953 3353; x_wconf 79' lang='lat' dir='ltr'><strong>signis,</strong></span> <span class='ocrx_word' id='word_1_224' title='bbox 1997 3294 2051 3339; x_wconf 90' lang='lat' dir='ltr'><strong>et</strong></span> <span class='ocrx_word' id='word_1_225' title='bbox 2099 3285 2362 3355; x_wconf 77' lang='lat' dir='ltr'><strong>prodigiis</strong></span> 
     </span>
    </p>
   </div>
   <div class='ocr_carea' id='block_1_36' title="bbox 821 3375 2366 3446">
    <p class='ocr_par' dir='ltr' id='par_1_36' title="bbox 821 3375 2366 3446">
     <span class='ocr_line' id='line_1_36' title="bbox 821 3375 2366 3446; baseline 0.001 -18"><span class='ocrx_word' id='word_1_226' title='bbox 821 3377 1202 3442; x_wconf 83' lang='lat' dir='ltr'><strong>mendacibus,</strong></span> <span class='ocrx_word' id='word_1_227' title='bbox 1230 3387 1283 3430; x_wconf 90' lang='lat' dir='ltr'><strong>ct</strong></span> <span class='ocrx_word' id='word_1_228' title='bbox 1309 3377 1360 3428; x_wconf 94' lang='lat' dir='ltr'><strong>in</strong></span> <span class='ocrx_word' id='word_1_229' title='bbox 1395 3376 1542 3429; x_wconf 92' lang='lat' dir='ltr'><strong>onmi</strong></span> <span class='ocrx_word' id='word_1_230' title='bbox 1586 3375 1903 3431; x_wconf 89' lang='lat' dir='ltr'><strong>scductione</strong></span> <span class='ocrx_word' id='word_1_231' title='bbox 1933 3377 2258 3446; x_wconf 87' lang='lat' dir='ltr'><strong>iniquitatis,</strong></span> <span class='ocrx_word' id='word_1_232' title='bbox 2299 3377 2366 3430; x_wconf 91' lang='lat' dir='ltr'><strong>iis</strong></span> 
     </span>
    </p>
   </div>
   <div class='ocr_carea' id='block_1_37' title="bbox 820 3466 1788 3534">
    <p class='ocr_par' dir='ltr' id='par_1_37' title="bbox 820 3466 1788 3534">
     <span class='ocr_line' id='line_1_37' title="bbox 820 3466 1788 3534; baseline -0.001 -17"><span class='ocrx_word' id='word_1_233' title='bbox 820 3466 911 3533; x_wconf 89' lang='lat' dir='ltr'><strong>qui</strong></span> <span class='ocrx_word' id='word_1_234' title='bbox 944 3475 1189 3534; x_wconf 77' lang='lat' dir='ltr'><strong>pereunt.</strong></span> <span class='ocrx_word' id='word_1_235' title='bbox 1230 3485 1247 3515; x_wconf 75' lang='grc' dir='ltr'>ι</span> <span class='ocrx_word' id='word_1_236' title='bbox 1785 3528 1788 3531; x_wconf 96' lang='lat'><em>_</em></span> 
     </span>
    </p>
   </div>
   <div class='ocr_carea' id='block_1_38' title="bbox 890 3555 2371 3623">
    <p class='ocr_par' dir='ltr' id='par_1_38' title="bbox 890 3555 2371 3623">
     <span class='ocr_line' id='line_1_38' title="bbox 890 3555 2371 3623; baseline 0.004 -15"><span class='ocrx_word' id='word_1_237' title='bbox 890 3555 1004 3610; x_wconf 85' lang='lat' dir='ltr'><strong>Non</strong></span> <span class='ocrx_word' id='word_1_238' title='bbox 1060 3557 1220 3610; x_wconf 85' lang='lat' dir='ltr'><strong>modo</strong></span> <span class='ocrx_word' id='word_1_239' title='bbox 1272 3555 1559 3608; x_wconf 85' lang='lat' dir='ltr'><strong>adventum</strong></span> <span class='ocrx_word' id='word_1_240' title='bbox 1617 3555 1800 3608; x_wconf 88' lang='lat' dir='ltr'><strong>docuit</strong></span> <span class='ocrx_word' id='word_1_241' title='bbox 1851 3557 2211 3623; x_wconf 85' lang='lat' dir='ltr'><strong>Antichristi,</strong></span> <span class='ocrx_word' id='word_1_242' title='bbox 2275 3560 2371 3614; x_wconf 90' lang='lat' dir='ltr'><strong>sed</strong></span> 
     </span>
    </p>
   </div>
   <div class='ocr_carea' id='block_1_39' title="bbox 820 3649 2366 3717">
    <p class='ocr_par' dir='ltr' id='par_1_39' title="bbox 820 3649 2366 3717">
     <span class='ocr_line' id='line_1_39' title="bbox 820 3649 2366 3717; baseline 0.005 -18"><span class='ocrx_word' id='word_1_243' title='bbox 820 3652 983 3702; x_wconf 78' lang='lat' dir='ltr'><strong>etiam</strong></span> <span class='ocrx_word' id='word_1_244' title='bbox 1017 3659 1244 3702; x_wconf 89' lang='lat' dir='ltr'><strong>mortem</strong></span> <span class='ocrx_word' id='word_1_245' title='bbox 1277 3649 1448 3713; x_wconf 84' lang='lat' dir='ltr'><strong>illius,</strong></span> <span class='ocrx_word' id='word_1_246' title='bbox 1485 3657 1644 3714; x_wconf 85' lang='lat' dir='ltr'><strong>atque</strong></span> <span class='ocrx_word' id='word_1_247' title='bbox 1677 3664 1705 3700; x_wconf 90' lang='lat' dir='ltr'><strong>a</strong></span> <span class='ocrx_word' id='word_1_248' title='bbox 1756 3649 1946 3716; x_wconf 90' lang='lat' dir='ltr'><strong>primis</strong></span> <span class='ocrx_word' id='word_1_249' title='bbox 1999 3650 2121 3717; x_wconf 82' lang='lat' dir='ltr'><strong>ejus</strong></span> <span class='ocrx_word' id='word_1_250' title='bbox 2174 3650 2366 3713; x_wconf 87' lang='lat' dir='ltr'><strong>initiis,</strong></span> 
     </span>
    </p>
   </div>
   <div class='ocr_carea' id='block_1_40' title="bbox 819 3739 2366 3807">
    <p class='ocr_par' dir='ltr' id='par_1_40' title="bbox 819 3739 2366 3807">
     <span class='ocr_line' id='line_1_40' title="bbox 819 3739 2366 3807; baseline 0.001 -14"><span class='ocrx_word' id='word_1_251' title='bbox 819 3748 874 3793; x_wconf 84' lang='lat' dir='ltr'><strong>et</strong></span> <span class='ocrx_word' id='word_1_252' title='bbox 900 3757 932 3791; x_wconf 76' lang='grc' dir='ltr'>τι</span> <span class='ocrx_word' id='word_1_253' title='bbox 961 3740 1320 3802; x_wconf 73' lang='lat' dir='ltr'><strong>novissimis,</strong></span> <span class='ocrx_word' id='word_1_254' title='bbox 1355 3739 1593 3793; x_wconf 83' lang='lat' dir='ltr'><strong>ostendit</strong></span> <span class='ocrx_word' id='word_1_255' title='bbox 1637 3740 1812 3807; x_wconf 92' lang='lat' dir='ltr'><strong>ipsum</strong></span> <span class='ocrx_word' id='word_1_256' title='bbox 1868 3741 2183 3794; x_wconf 86' lang='lat' dir='ltr'><strong>mendacem</strong></span> <span class='ocrx_word' id='word_1_257' title='bbox 2233 3741 2366 3795; x_wconf 81' lang='lat' dir='ltr'><strong>fore.</strong></span> 
     </span>
    </p>
   </div>
   <div class='ocr_carea' id='block_1_41' title="bbox 821 3829 2368 3900">
    <p class='ocr_par' dir='ltr' id='par_1_41' title="bbox 821 3829 2368 3900">
     <span class='ocr_line' id='line_1_41' title="bbox 821 3829 2368 3900; baseline -0.001 -16"><span class='ocrx_word' id='word_1_258' title='bbox 821 3832 951 3899; x_wconf 73' lang='lat' dir='ltr'><strong>Ejus</strong></span> <span class='ocrx_word' id='word_1_259' title='bbox 986 3834 1186 3900; x_wconf 86' lang='lat' dir='ltr'><strong>quippe</strong></span> <span class='ocrx_word' id='word_1_260' title='bbox 1216 3831 1482 3884; x_wconf 85' lang='lat' dir='ltr'><strong>adventus</strong></span> <span class='ocrx_word' id='word_1_261' title='bbox 1521 3830 1624 3883; x_wconf 87' lang='lat' dir='ltr'><strong>erit</strong></span> <span class='ocrx_word' id='word_1_262' title='bbox 1657 3829 1956 3882; x_wconf 86' lang='lat' dir='ltr'><strong>secundum</strong></span> <span class='ocrx_word' id='word_1_263' title='bbox 2002 3833 2368 3898; x_wconf 84' lang='lat' dir='ltr'><strong>operationem</strong></span> 
     </span>
    </p>
   </div>
   <div class='ocr_carea' id='block_1_42' title="bbox 820 3922 2370 3991">
    <p class='ocr_par' dir='ltr' id='par_1_42' title="bbox 820 3922 2370 3991">
     <span class='ocr_line' id='line_1_42' title="bbox 820 3922 2370 3991; baseline -0.001 -15"><span class='ocrx_word' id='word_1_264' title='bbox 820 3924 1036 3977; x_wconf 64' lang='lat' dir='ltr'><strong>Satanae</strong></span> <span class='ocrx_word' id='word_1_265' title='bbox 1071 3942 1084 3977; x_wconf 87' lang='lat'><strong>:</strong></span> <span class='ocrx_word' id='word_1_266' title='bbox 1120 3924 1338 3976; x_wconf 82' lang='lat' dir='ltr'><strong>ﬁnietur</strong></span> <span class='ocrx_word' id='word_1_267' title='bbox 1367 3937 1515 3981; x_wconf 86' lang='lat' dir='ltr'><strong>vero.</strong></span> <span class='ocrx_word' id='word_1_268' title='bbox 1556 3922 1999 3991; x_wconf 82' lang='lat' dir='ltr'><strong>destrueturque,</strong></span> <span class='ocrx_word' id='word_1_269' title='bbox 2035 3932 2086 3976; x_wconf 90' lang='lat' dir='ltr'><strong>ct</strong></span> <span class='ocrx_word' id='word_1_270' title='bbox 2128 3923 2370 3976; x_wconf 90' lang='lat' dir='ltr'><strong>interibit</strong></span> 
     </span>
    </p>
   </div>
   <div class='ocr_carea' id='block_1_43' title="bbox 819 4013 1427 4070">
    <p class='ocr_par' dir='ltr' id='par_1_43' title="bbox 819 4013 1427 4070">
     <span class='ocr_line' id='line_1_43' title="bbox 819 4013 1427 4070; baseline -0.002 -2"><span class='ocrx_word' id='word_1_271' title='bbox 819 4017 1142 4070; x_wconf 84' lang='lat' dir='ltr'><strong>adveniente</strong></span> <span class='ocrx_word' id='word_1_272' title='bbox 1167 4013 1427 4068; x_wconf 88' lang='lat' dir='ltr'><strong>Domino.</strong></span> 
     </span>
    </p>
   </div>
   <div class='ocr_carea' id='block_1_44' title="bbox 898 4164 2369 4234">
    <p class='ocr_par' dir='ltr' id='par_1_44' title="bbox 898 4164 2369 4234">
     <span class='ocr_line' id='line_1_44' title="bbox 898 4164 2369 4234; baseline 0.002 -20"><span class='ocrx_word' id='word_1_273' title='bbox 898 4184 915 4214; x_wconf 78' lang='grc' dir='ltr'>ι</span> <span class='ocrx_word' id='word_1_274' title='bbox 953 4165 1028 4218; x_wconf 86' lang='lat' dir='ltr'><strong>Eo</strong></span> <span class='ocrx_word' id='word_1_275' title='bbox 1058 4165 1201 4234; x_wconf 92' lang='lat' dir='ltr'><strong>quod</strong></span> <span class='ocrx_word' id='word_1_276' title='bbox 1239 4165 1563 4218; x_wconf 88' lang='lat' dir='ltr'><strong>cltaritatem</strong></span> <span class='ocrx_word' id='word_1_277' title='bbox 1595 4164 1839 4217; x_wconf 81' lang='lat' dir='ltr'><strong>veritatis</strong></span> <span class='ocrx_word' id='word_1_278' title='bbox 1884 4179 1989 4216; x_wconf 92' lang='lat' dir='ltr'><strong>non</strong></span> <span class='ocrx_word' id='word_1_279' title='bbox 2025 4173 2369 4232; x_wconf 83' lang='lat' dir='ltr'><strong>receperunt,</strong></span> 
     </span>
    </p>
   </div>
   <div class='ocr_carea' id='block_1_45' title="bbox 821 4252 2372 4322">
    <p class='ocr_par' dir='ltr' id='par_1_45' title="bbox 821 4252 2372 4322">
     <span class='ocr_line' id='line_1_45' title="bbox 821 4252 2372 4322; baseline 0 -14"><span class='ocrx_word' id='word_1_280' title='bbox 821 4263 880 4308; x_wconf 89' lang='lat' dir='ltr'><strong>ut</strong></span> <span class='ocrx_word' id='word_1_281' title='bbox 910 4257 1044 4311; x_wconf 87' lang='lat' dir='ltr'><strong>salvi</strong></span> <span class='ocrx_word' id='word_1_282' title='bbox 1086 4256 1301 4308; x_wconf 79' lang='lat' dir='ltr'><strong>tierent.</strong></span> <span class='ocrx_word' id='word_1_283' title='bbox 1335 4252 1398 4307; x_wconf 80' lang='lat' dir='ltr'><strong>Et</strong></span> <span class='ocrx_word' id='word_1_284' title='bbox 1428 4255 1549 4309; x_wconf 86' lang='lat' dir='ltr'><strong>ideo</strong></span> <span class='ocrx_word' id='word_1_285' title='bbox 1580 4255 1757 4309; x_wconf 86' lang='lat' dir='ltr'><strong>mit-&#39;et</strong></span> <span class='ocrx_word' id='word_1_286' title='bbox 1781 4255 1892 4309; x_wconf 91' lang='lat' dir='ltr'><strong>illis</strong></span> <span class='ocrx_word' id='word_1_287' title='bbox 1925 4254 2068 4309; x_wconf 89' lang='lat' dir='ltr'><strong>Deus</strong></span> <span class='ocrx_word' id='word_1_288' title='bbox 2098 4255 2372 4322; x_wconf 82' lang='lat' dir='ltr'><strong>operatio-</strong></span> 
     </span>
    </p>
   </div>
   <div class='ocr_carea' id='block_1_46' title="bbox 823 4345 2374 4418">
    <p class='ocr_par' dir='ltr' id='par_1_46' title="bbox 823 4345 2374 4418">
     <span class='ocr_line' id='line_1_46' title="bbox 823 4345 2374 4418; baseline -0.001 -16"><span class='ocrx_word' id='word_1_289' title='bbox 823 4363 942 4402; x_wconf 90' lang='lat' dir='ltr'><strong>nem</strong></span> <span class='ocrx_word' id='word_1_290' title='bbox 979 4348 1208 4407; x_wconf 86' lang='lat' dir='ltr'><strong>erroris,</strong></span> <span class='ocrx_word' id='word_1_291' title='bbox 1254 4354 1313 4398; x_wconf 91' lang='lat' dir='ltr'><strong>ut</strong></span> <span class='ocrx_word' id='word_1_292' title='bbox 1344 4345 1568 4398; x_wconf 83' lang='lat' dir='ltr'><strong>credant</strong></span> <span class='ocrx_word' id='word_1_293' title='bbox 1598 4347 1901 4410; x_wconf 82' lang='lat' dir='ltr'><strong>mendacio,</strong></span> <span class='ocrx_word' id='word_1_294' title='bbox 1947 4345 2135 4416; x_wconf 74' lang='lat' dir='ltr'><strong>|V£ns.</strong></span> <span class='ocrx_word' id='word_1_295' title='bbox 2170 4346 2258 4418; x_wconf 77' lang='lat' dir='ltr'><strong>tt]</strong></span> <span class='ocrx_word' id='word_1_296' title='bbox 2315 4358 2374 4402; x_wconf 92' lang='lat' dir='ltr'><strong>ut</strong></span> 
     </span>
    </p>
   </div>
   <div class='ocr_carea' id='block_1_47' title="bbox 815 4437 2369 4508">
    <p class='ocr_par' dir='ltr' id='par_1_47' title="bbox 815 4437 2369 4508">
     <span class='ocr_line' id='line_1_47' title="bbox 815 4437 2369 4508; baseline 0 -15"><span class='ocrx_word' id='word_1_297' title='bbox 815 4439 1136 4508; x_wconf 74' lang='lat' dir='ltr'><strong>juiliccntur</strong></span> <span class='ocrx_word' id='word_1_298' title='bbox 1158 4453 1347 4491; x_wconf 90' lang='lat' dir='ltr'><strong>omnes</strong></span> <span class='ocrx_word' id='word_1_299' title='bbox 1373 4437 1462 4506; x_wconf 92' lang='lat' dir='ltr'><strong>qui</strong></span> <span class='ocrx_word' id='word_1_300' title='bbox 1495 4452 1600 4490; x_wconf 92' lang='lat' dir='ltr'><strong>non</strong></span> <span class='ocrx_word' id='word_1_301' title='bbox 1627 4437 1977 4491; x_wconf 85' lang='lat' dir='ltr'><strong>crediderunt</strong></span> <span class='ocrx_word' id='word_1_302' title='bbox 2001 4439 2244 4504; x_wconf 88' lang='lat' dir='ltr'><strong>veritati,</strong></span> <span class='ocrx_word' id='word_1_303' title='bbox 2277 4439 2369 4494; x_wconf 90' lang='lat' dir='ltr'><strong>sed</strong></span> 
     </span>
    </p>
   </div>
   <div class='ocr_carea' id='block_1_48' title="bbox 821 4529 1608 4597">
    <p class='ocr_par' dir='ltr' id='par_1_48' title="bbox 821 4529 1608 4597">
     <span class='ocr_line' id='line_1_48' title="bbox 821 4529 1608 4597; baseline -0.008 -12"><span class='ocrx_word' id='word_1_304' title='bbox 821 4537 1220 4584; x_wconf 85' lang='lat' dir='ltr'><strong>consenserunt</strong></span> <span class='ocrx_word' id='word_1_305' title='bbox 1253 4529 1550 4597; x_wconf 87' lang='lat' dir='ltr'><strong>iniquitati.</strong></span> <span class='ocrx_word' id='word_1_306' title='bbox 1589 4548 1608 4579; x_wconf 76' lang='grc' dir='ltr'>ι</span> 
     </span>
    </p>
   </div>
   <div class='ocr_carea' id='block_1_49' title="bbox 893 4618 2368 4688">
    <p class='ocr_par' dir='ltr' id='par_1_49' title="bbox 893 4618 2368 4688">
     <span class='ocr_line' id='line_1_49' title="bbox 893 4618 2368 4688; baseline 0.001 -14"><span class='ocrx_word' id='word_1_307' title='bbox 893 4620 1185 4675; x_wconf 86' lang='lat' dir='ltr'><strong>Enimvero</strong></span> <span class='ocrx_word' id='word_1_308' title='bbox 1210 4621 1313 4672; x_wconf 93' lang='lat' dir='ltr'><strong>hoc</strong></span> <span class='ocrx_word' id='word_1_309' title='bbox 1352 4633 1571 4688; x_wconf 84' lang='lat' dir='ltr'><strong>quoque</strong></span> <span class='ocrx_word' id='word_1_310' title='bbox 1598 4618 1801 4673; x_wconf 72' lang='lat' dir='ltr'><strong>Judaais</strong></span> <span class='ocrx_word' id='word_1_311' title='bbox 1830 4620 2084 4675; x_wconf 84' lang='lat' dir='ltr'><strong>Christus</strong></span> <span class='ocrx_word' id='word_1_312' title='bbox 2109 4621 2322 4676; x_wconf 78' lang='lat' dir='ltr'><strong>dixerat</strong></span> <span class='ocrx_word' id='word_1_313' title='bbox 2356 4641 2368 4653; x_wconf 86' lang='grc'><strong>·</strong></span> 
     </span>
    </p>
   </div>
   <div class='ocr_carea' id='block_1_50' title="bbox 826 4708 2373 4780">
    <p class='ocr_par' dir='ltr' id='par_1_50' title="bbox 826 4708 2373 4780">
     <span class='ocr_line' id='line_1_50' title="bbox 826 4708 2373 4780; baseline -0.001 -15"><span class='ocrx_word' id='word_1_314' title='bbox 826 4711 938 4780; x_wconf 83' lang='lat' dir='ltr'><strong>Ego</strong></span> <span class='ocrx_word' id='word_1_315' title='bbox 959 4712 1072 4764; x_wconf 77' lang='lat' dir='ltr'><strong>veni</strong></span> <span class='ocrx_word' id='word_1_316' title='bbox 1111 4712 1164 4762; x_wconf 89' lang='lat' dir='ltr'><strong>in</strong></span> <span class='ocrx_word' id='word_1_317' title='bbox 1191 4712 1395 4763; x_wconf 85' lang='lat' dir='ltr'><strong>nomine</strong></span> <span class='ocrx_word' id='word_1_318' title='bbox 1416 4708 1593 4761; x_wconf 64' lang='lat' dir='ltr'><strong>Patris</strong></span> <span class='ocrx_word' id='word_1_319' title='bbox 1616 4711 1737 4773; x_wconf 74' lang='lat' dir='ltr'><strong>mei,</strong></span> <span class='ocrx_word' id='word_1_320' title='bbox 1769 4719 1816 4761; x_wconf 86' lang='lat' dir='ltr'><strong>et</strong></span> <span class='ocrx_word' id='word_1_321' title='bbox 1836 4726 1937 4762; x_wconf 86' lang='lat' dir='ltr'><strong>non</strong></span> <span class='ocrx_word' id='word_1_322' title='bbox 1964 4713 2235 4778; x_wconf 75' lang='lat' dir='ltr'><strong>accepistis</strong></span> <span class='ocrx_word' id='word_1_323' title='bbox 2263 4728 2373 4774; x_wconf 86' lang='lat' dir='ltr'><strong>me;</strong></span> 
     </span>
    </p>
   </div>
   <div class='ocr_carea' id='block_1_51' title="bbox 825 4797 2372 4865">
    <p class='ocr_par' dir='ltr' id='par_1_51' title="bbox 825 4797 2372 4865">
     <span class='ocr_line' id='line_1_51' title="bbox 825 4797 2372 4865; baseline -0.001 -12"><span class='ocrx_word' id='word_1_324' title='bbox 825 4801 963 4853; x_wconf 81' lang='lat' dir='ltr'><strong>alius</strong></span> <span class='ocrx_word' id='word_1_325' title='bbox 983 4800 1143 4851; x_wconf 81' lang='lat' dir='ltr'><strong>veniet</strong></span> <span class='ocrx_word' id='word_1_326' title='bbox 1177 4799 1230 4850; x_wconf 88' lang='lat' dir='ltr'><strong>in</strong></span> <span class='ocrx_word' id='word_1_327' title='bbox 1256 4799 1461 4850; x_wconf 84' lang='lat' dir='ltr'><strong>nomine</strong></span> <span class='ocrx_word' id='word_1_328' title='bbox 1487 4812 1606 4858; x_wconf 71' lang='lat' dir='ltr'><strong>suo,</strong></span> <span class='ocrx_word' id='word_1_329' title='bbox 1642 4797 1794 4848; x_wconf 72' lang='lat' dir='ltr'><strong>illuni</strong></span> <span class='ocrx_word' id='word_1_330' title='bbox 1834 4798 2099 4865; x_wconf 78' lang='lat' dir='ltr'><strong>accipietis</strong></span> <span class='ocrx_word' id='word_1_331' title='bbox 2124 4799 2190 4852; x_wconf 78' lang='grc'><strong>⁷⁸.</strong></span> <span class='ocrx_word' id='word_1_332' title='bbox 2225 4797 2372 4853; x_wconf 86' lang='lat' dir='ltr'><strong>Istud</strong></span> 
     </span>
    </p>
   </div>
   <div class='ocr_carea' id='block_1_52' title="bbox 822 4885 2368 4956">
    <p class='ocr_par' dir='ltr' id='par_1_52' title="bbox 822 4885 2368 4956">
     <span class='ocr_line' id='line_1_52' title="bbox 822 4885 2368 4956; baseline 0.001 -15"><span class='ocrx_word' id='word_1_333' title='bbox 822 4903 974 4950; x_wconf 88' lang='lat' dir='ltr'><strong>vero,</strong></span> <span class='ocrx_word' id='word_1_334' title='bbox 998 4887 1168 4938; x_wconf 87' lang='lat' dir='ltr'><strong>mittet</strong></span> <span class='ocrx_word' id='word_1_335' title='bbox 1198 4886 1308 4938; x_wconf 74' lang='lat' dir='ltr'><strong>illis</strong></span> <span class='ocrx_word' id='word_1_336' title='bbox 1336 4885 1495 4948; x_wconf 79' lang='lat' dir='ltr'><strong>Deus,</strong></span> <span class='ocrx_word' id='word_1_337' title='bbox 1528 4885 1667 4937; x_wconf 85' lang='lat' dir='ltr'><strong>idem</strong></span> <span class='ocrx_word' id='word_1_338' title='bbox 1695 4893 1800 4948; x_wconf 84' lang='lat' dir='ltr'><strong>est,</strong></span> <span class='ocrx_word' id='word_1_339' title='bbox 1831 4900 1895 4939; x_wconf 88' lang='lat' dir='ltr'><strong>ac</strong></span> <span class='ocrx_word' id='word_1_340' title='bbox 1915 4887 2052 4939; x_wconf 87' lang='lat' dir='ltr'><strong>mitti</strong></span> <span class='ocrx_word' id='word_1_341' title='bbox 2075 4889 2368 4956; x_wconf 88' lang='lat' dir='ltr'><strong>permittet.</strong></span> 
     </span>
    </p>
   </div>
   <div class='ocr_carea' id='block_1_53' title="bbox 822 4974 2370 5045">
    <p class='ocr_par' dir='ltr' id='par_1_53' title="bbox 822 4974 2370 5045">
     <span class='ocr_line' id='line_1_53' title="bbox 822 4974 2370 5045; baseline 0.002 -14"><span class='ocrx_word' id='word_1_342' title='bbox 822 4975 1141 5045; x_wconf 88' lang='lat' dir='ltr'><strong>Cujusmodi</strong></span> <span class='ocrx_word' id='word_1_343' title='bbox 1205 4983 1293 5029; x_wconf 87' lang='lat' dir='ltr'><strong>est</strong></span> <span class='ocrx_word' id='word_1_344' title='bbox 1335 4975 1438 5029; x_wconf 89' lang='lat' dir='ltr'><strong>hoc</strong></span> <span class='ocrx_word' id='word_1_345' title='bbox 1493 4974 1640 5028; x_wconf 89' lang='lat' dir='ltr'><strong>aliud</strong></span> <span class='ocrx_word' id='word_1_346' title='bbox 1689 4976 1941 5030; x_wconf 86' lang='lat' dir='ltr'><strong>dictum:</strong></span> <span class='ocrx_word' id='word_1_347' title='bbox 1995 4977 2236 5032; x_wconf 82' lang='lat' dir='ltr'><strong>Tradidit</strong></span> <span class='ocrx_word' id='word_1_348' title='bbox 2283 4995 2370 5034; x_wconf 83' lang='lat' dir='ltr'><strong>eos</strong></span> 
     </span>
    </p>
   </div>
   <div class='ocr_carea' id='block_1_54' title="bbox 823 5067 1763 5135">
    <p class='ocr_par' dir='ltr' id='par_1_54' title="bbox 823 5067 1763 5135">
     <span class='ocr_line' id='line_1_54' title="bbox 823 5067 1763 5135; baseline -0.003 -12"><span class='ocrx_word' id='word_1_349' title='bbox 823 5069 964 5123; x_wconf 74' lang='lat' dir='ltr'><strong>Deus</strong></span> <span class='ocrx_word' id='word_1_350' title='bbox 1004 5069 1058 5120; x_wconf 86' lang='lat' dir='ltr'><strong>in</strong></span> <span class='ocrx_word' id='word_1_351' title='bbox 1090 5068 1357 5134; x_wconf 71' lang='lat' dir='ltr'><strong>passiones</strong></span> <span class='ocrx_word' id='word_1_352' title='bbox 1384 5067 1687 5135; x_wconf 80' lang='lat' dir='ltr'><strong>ignominia:</strong></span> <span class='ocrx_word' id='word_1_353' title='bbox 1718 5068 1763 5098; x_wconf 74' lang='grc' dir='ltr'><strong>τ’</strong></span> 
     </span>
    </p>
   </div>
   <div class='ocr_carea' id='block_1_55' title="bbox 893 5247 2372 5324">
    <p class='ocr_par' dir='ltr' id='par_1_55' title="bbox 893 5247 2372 5324">
     <span class='ocr_line' id='line_1_55' title="bbox 893 5247 2372 5324; baseline 0.005 -22"><span class='ocrx_word' id='word_1_354' title='bbox 893 5249 1060 5305; x_wconf 68' lang='lat' dir='ltr'><strong>Vens.</strong></span> <span class='ocrx_word' id='word_1_355' title='bbox 1096 5250 1185 5313; x_wconf 71' lang='grc'><strong>12,</strong></span> <span class='ocrx_word' id='word_1_356' title='bbox 1212 5250 1296 5302; x_wconf 77' lang='grc'><strong>15.</strong></span> <span class='ocrx_word' id='word_1_357' title='bbox 1325 5247 1434 5304; x_wconf 79' lang='lat' dir='ltr'><strong>Nos</strong></span> <span class='ocrx_word' id='word_1_358' title='bbox 1468 5256 1649 5302; x_wconf 89' lang='lat' dir='ltr'><strong>autem</strong></span> <span class='ocrx_word' id='word_1_359' title='bbox 1692 5248 1952 5304; x_wconf 89' lang='lat' dir='ltr'><strong>debemus</strong></span> <span class='ocrx_word' id='word_1_360' title='bbox 1983 5254 2188 5319; x_wconf 75' lang='lat' dir='ltr'><strong>gratias</strong></span> <span class='ocrx_word' id='word_1_361' title='bbox 2214 5269 2372 5324; x_wconf 80' lang='lat' dir='ltr'><strong>agere</strong></span> 
     </span>
    </p>
   </div>
   <div class='ocr_carea' id='block_1_56' title="bbox 824 5340 2367 5411">
    <p class='ocr_par' dir='ltr' id='par_1_56' title="bbox 824 5340 2367 5411">
     <span class='ocr_line' id='line_1_56' title="bbox 824 5340 2367 5411; baseline 0.002 -15"><span class='ocrx_word' id='word_1_362' title='bbox 824 5341 935 5396; x_wconf 85' lang='lat' dir='ltr'><strong>Deo</strong></span> <span class='ocrx_word' id='word_1_363' title='bbox 989 5354 1201 5409; x_wconf 87' lang='lat' dir='ltr'><strong>semper</strong></span> <span class='ocrx_word' id='word_1_364' title='bbox 1230 5353 1331 5408; x_wconf 88' lang='lat' dir='ltr'><strong>pro</strong></span> <span class='ocrx_word' id='word_1_365' title='bbox 1363 5340 1516 5394; x_wconf 84' lang='lat' dir='ltr'><strong>vobis</strong></span> <span class='ocrx_word' id='word_1_366' title='bbox 1542 5379 1558 5403; x_wconf 91' lang='lat'><strong>,</strong></span> <span class='ocrx_word' id='word_1_367' title='bbox 1598 5340 1795 5395; x_wconf 80' lang='lat' dir='ltr'><strong>fratres</strong></span> <span class='ocrx_word' id='word_1_368' title='bbox 1839 5341 2021 5396; x_wconf 90' lang='lat' dir='ltr'><strong>dilecti</strong></span> <span class='ocrx_word' id='word_1_369' title='bbox 2052 5357 2082 5396; x_wconf 90' lang='lat' dir='ltr'><strong>a</strong></span> <span class='ocrx_word' id='word_1_370' title='bbox 2119 5342 2367 5411; x_wconf 90' lang='lat' dir='ltr'><strong>Domino,</strong></span> 
     </span>
    </p>
   </div>
   <div class='ocr_carea' id='block_1_57' title="bbox 820 5428 2366 5500">
    <p class='ocr_par' dir='ltr' id='par_1_57' title="bbox 820 5428 2366 5500">
     <span class='ocr_line' id='line_1_57' title="bbox 820 5428 2366 5500; baseline 0.003 -18"><span class='ocrx_word' id='word_1_371' title='bbox 820 5429 965 5500; x_wconf 90' lang='lat' dir='ltr'><strong>quod</strong></span> <span class='ocrx_word' id='word_1_372' title='bbox 1019 5429 1245 5497; x_wconf 79' lang='lat' dir='ltr'><strong>elegerit</strong></span> <span class='ocrx_word' id='word_1_373' title='bbox 1289 5442 1384 5482; x_wconf 85' lang='lat' dir='ltr'><strong>vos</strong></span> <span class='ocrx_word' id='word_1_374' title='bbox 1427 5428 1568 5484; x_wconf 89' lang='lat' dir='ltr'><strong>Deus</strong></span> <span class='ocrx_word' id='word_1_375' title='bbox 1616 5430 1686 5483; x_wconf 90' lang='lat' dir='ltr'><strong>ab</strong></span> <span class='ocrx_word' id='word_1_376' title='bbox 1728 5430 1886 5483; x_wconf 87' lang='lat' dir='ltr'><strong>initio</strong></span> <span class='ocrx_word' id='word_1_377' title='bbox 1927 5431 1981 5484; x_wconf 90' lang='lat' dir='ltr'><strong>in</strong></span> <span class='ocrx_word' id='word_1_378' title='bbox 2024 5432 2278 5496; x_wconf 88' lang='lat' dir='ltr'><strong>salutem,</strong></span> <span class='ocrx_word' id='word_1_379' title='bbox 2314 5435 2366 5487; x_wconf 90' lang='lat' dir='ltr'><strong>in</strong></span> 
     </span>
    </p>
   </div>
   <div class='ocr_carea' id='block_1_58' title="bbox 821 5518 2367 5592">
    <p class='ocr_par' dir='ltr' id='par_1_58' title="bbox 821 5518 2367 5592">
     <span class='ocr_line' id='line_1_58' title="bbox 821 5518 2367 5592; baseline 0.003 -18"><span class='ocrx_word' id='word_1_380' title='bbox 821 5518 1257 5575; x_wconf 77' lang='lat' dir='ltr'><strong>sanctiﬁcatione</strong></span> <span class='ocrx_word' id='word_1_381' title='bbox 1283 5519 1529 5589; x_wconf 86' lang='lat' dir='ltr'><strong>spiritus,</strong></span> <span class='ocrx_word' id='word_1_382' title='bbox 1562 5527 1618 5574; x_wconf 89' lang='lat' dir='ltr'><strong>et</strong></span> <span class='ocrx_word' id='word_1_383' title='bbox 1642 5521 1696 5573; x_wconf 93' lang='lat' dir='ltr'><strong>in</strong></span> <span class='ocrx_word' id='word_1_384' title='bbox 1728 5520 1832 5574; x_wconf 90' lang='lat' dir='ltr'><strong>lide</strong></span> <span class='ocrx_word' id='word_1_385' title='bbox 1861 5521 2124 5587; x_wconf 86' lang='lat' dir='ltr'><strong>veritatis,</strong></span> <span class='ocrx_word' id='word_1_386' title='bbox 2151 5539 2205 5576; x_wconf 89' lang='lat' dir='ltr'><strong>tn</strong></span> <span class='ocrx_word' id='word_1_387' title='bbox 2223 5526 2367 5592; x_wconf 87' lang='lat' dir='ltr'><strong>quod</strong></span> 
     </span>
    </p>
   </div>
   <div class='ocr_carea' id='block_1_59' title="bbox 821 5607 2364 5681">
    <p class='ocr_par' dir='ltr' id='par_1_59' title="bbox 821 5607 2364 5681">
     <span class='ocr_line' id='line_1_59' title="bbox 821 5607 2364 5681; baseline 0.001 -18"><span class='ocrx_word' id='word_1_388' title='bbox 821 5614 878 5663; x_wconf 84' lang='lat' dir='ltr'><strong>et</strong></span> <span class='ocrx_word' id='word_1_389' title='bbox 914 5607 1133 5662; x_wconf 85' lang='lat' dir='ltr'><strong>vocavit</strong></span> <span class='ocrx_word' id='word_1_390' title='bbox 1156 5623 1252 5660; x_wconf 87' lang='lat' dir='ltr'><strong>vos</strong></span> <span class='ocrx_word' id='word_1_391' title='bbox 1281 5623 1376 5676; x_wconf 90' lang='lat' dir='ltr'><strong>per</strong></span> <span class='ocrx_word' id='word_1_392' title='bbox 1406 5607 1757 5674; x_wconf 80' lang='lat' dir='ltr'><strong>Evangelium</strong></span> <span class='ocrx_word' id='word_1_393' title='bbox 1794 5619 2064 5674; x_wconf 88' lang='lat' dir='ltr'><strong>nostrum,</strong></span> <span class='ocrx_word' id='word_1_394' title='bbox 2098 5610 2152 5664; x_wconf 91' lang='lat' dir='ltr'><strong>in</strong></span> <span class='ocrx_word' id='word_1_395' title='bbox 2178 5613 2364 5681; x_wconf 88' lang='lat' dir='ltr'><strong>acqui-</strong></span> 
     </span>
    </p>
   </div>
   <div class='ocr_carea' id='block_1_60' title="bbox 823 5698 2224 5768">
    <p class='ocr_par' dir='ltr' id='par_1_60' title="bbox 823 5698 2224 5768">
     <span class='ocr_line' id='line_1_60' title="bbox 823 5698 2224 5768; baseline -0.001 -14"><span class='ocrx_word' id='word_1_396' title='bbox 823 5699 1080 5754; x_wconf 69' lang='lat' dir='ltr'><strong>ettionent</strong></span> <span class='ocrx_word' id='word_1_397' title='bbox 1108 5699 1294 5768; x_wconf 76' lang='lat' dir='ltr'><strong>gloria:</strong></span> <span class='ocrx_word' id='word_1_398' title='bbox 1324 5699 1535 5752; x_wconf 86' lang='lat' dir='ltr'><strong>Domini</strong></span> <span class='ocrx_word' id='word_1_399' title='bbox 1568 5699 1744 5754; x_wconf 90' lang='lat' dir='ltr'><strong>nostri</strong></span> <span class='ocrx_word' id='word_1_400' title='bbox 1782 5698 1912 5754; x_wconf 82' lang='lat' dir='ltr'><strong>Jcsu</strong></span> <span class='ocrx_word' id='word_1_401' title='bbox 1940 5701 2165 5756; x_wconf 80' lang='lat' dir='ltr'><strong>Christi.</strong></span> <span class='ocrx_word' id='word_1_402' title='bbox 2207 5722 2224 5752; x_wconf 73' lang='grc' dir='ltr'><strong>ι</strong></span> 
     </span>
    </p>
   </div>
   <div class='ocr_carea' id='block_1_61' title="bbox 906 5812 1962 5877">
    <p class='ocr_par' dir='ltr' id='par_1_61' title="bbox 906 5812 1962 5877">
     <span class='ocr_line' id='line_1_61' title="bbox 906 5812 1962 5877; baseline 0.004 -10"><span class='ocrx_word' id='word_1_403' title='bbox 906 5815 951 5843; x_wconf 65' lang='lat'><strong>7“</strong></span> <span class='ocrx_word' id='word_1_404' title='bbox 984 5812 1146 5868; x_wconf 75' lang='lat' dir='ltr'><strong>Marc.</strong></span> <span class='ocrx_word' id='word_1_405' title='bbox 1182 5831 1296 5876; x_wconf 78' lang='lat' dir='ltr'><strong>xm.</strong></span> <span class='ocrx_word' id='word_1_406' title='bbox 1329 5815 1413 5868; x_wconf 69' lang='lat'><strong>2|.</strong></span> <span class='ocrx_word' id='word_1_407' title='bbox 1495 5819 1535 5848; x_wconf 88' lang='grc'><strong>⁷⁷</strong></span> <span class='ocrx_word' id='word_1_408' title='bbox 1563 5815 1578 5868; x_wconf 96' lang='grc'><strong>1</strong></span> <span class='ocrx_word' id='word_1_409' title='bbox 1603 5815 1760 5872; x_wconf 80' lang='lat' dir='ltr'><strong>Joau.</strong></span> <span class='ocrx_word' id='word_1_410' title='bbox 1792 5831 1848 5877; x_wconf 79' lang='lat' dir='ltr'><strong>ti,</strong></span> <span class='ocrx_word' id='word_1_411' title='bbox 1885 5817 1962 5871; x_wconf 70' lang='lat' dir='ltr'><strong>IX.</strong></span> 
     </span>
    </p>
   </div>
   <div class='ocr_carea' id='block_1_62' title="bbox 2051 5819 2498 5884">
    <p class='ocr_par' dir='ltr' id='par_1_62' title="bbox 2051 5819 2498 5884">
     <span class='ocr_line' id='line_1_62' title="bbox 2051 5819 2498 5884; baseline 0.009 -17"><span class='ocrx_word' id='word_1_412' title='bbox 2051 5819 2093 5851; x_wconf 78' lang='lat'><strong>7&quot;</strong></span> <span class='ocrx_word' id='word_1_413' title='bbox 2125 5819 2282 5874; x_wconf 77' lang='lat' dir='ltr'><strong>.loau.</strong></span> <span class='ocrx_word' id='word_1_414' title='bbox 2320 5836 2371 5884; x_wconf 84' lang='lat' dir='ltr'><strong>v,</strong></span> <span class='ocrx_word' id='word_1_415' title='bbox 2423 5820 2498 5873; x_wconf 63' lang='lat'><strong>35.</strong></span> 
     </span>
    </p>
   </div>
   <div class='ocr_carea' id='block_1_63' title="bbox 2455 627 4050 701">
    <p class='ocr_par' dir='ltr' id='par_1_63' title="bbox 2455 627 4050 701">
     <span class='ocr_line' id='line_1_63' title="bbox 2455 627 4050 701; baseline 0.004 -23"><span class='ocrx_word' id='word_1_416' title='bbox 2455 627 2547 678; x_wconf 75' lang='grc' dir='ltr'>καὶ</span> <span class='ocrx_word' id='word_1_417' title='bbox 2578 628 2961 698; x_wconf 79' lang='grc' dir='ltr'>ἐνεργούμενον</span> <span class='ocrx_word' id='word_1_418' title='bbox 2993 629 3140 699; x_wconf 63' lang='grc' dir='ltr'>τεαρά</span> <span class='ocrx_word' id='word_1_419' title='bbox 3169 631 3262 682; x_wconf 75' lang='grc' dir='ltr'>τοῦ</span> <span class='ocrx_word' id='word_1_420' title='bbox 3318 631 3550 694; x_wconf 80' lang='grc' dir='ltr'><strong>Σατανᾶ,</strong></span> <span class='ocrx_word' id='word_1_421' title='bbox 3581 632 3742 701; x_wconf 77' lang='grc' dir='ltr'>φησὶν</span> <span class='ocrx_word' id='word_1_422' title='bbox 3787 633 4010 685; x_wconf 79' lang='grc' dir='ltr'>ἐλεύσεο</span> <span class='ocrx_word' id='word_1_423' title='bbox 4045 650 4050 656; x_wconf 94' lang='grc'>·</span> 
     </span>
    </p>
   </div>
   <div class='ocr_carea' id='block_1_64' title="bbox 2457 717 3627 790">
    <p class='ocr_par' dir='ltr' id='par_1_64' title="bbox 2457 717 3627 790">
     <span class='ocr_line' id='line_1_64' title="bbox 2457 717 3627 790; baseline 0.003 -21"><span class='ocrx_word' id='word_1_424' title='bbox 2457 717 2577 769; x_wconf 91' lang='grc' dir='ltr'>σθαι</span> <span class='ocrx_word' id='word_1_425' title='bbox 2607 719 2665 770; x_wconf 88' lang='grc' dir='ltr'>ὲν</span> <span class='ocrx_word' id='word_1_426' title='bbox 2693 719 2840 790; x_wconf 79' lang='grc' dir='ltr'>πάσῃ</span> <span class='ocrx_word' id='word_1_427' title='bbox 2863 718 3038 790; x_wconf 85' lang='grc' dir='ltr'>πλάνῃ</span> <span class='ocrx_word' id='word_1_428' title='bbox 3070 720 3365 773; x_wconf 81' lang='grc' dir='ltr'><strong>δοκούντων</strong></span> <span class='ocrx_word' id='word_1_429' title='bbox 3389 721 3627 790; x_wconf 75' lang='grc' dir='ltr'><strong>σημείων</strong></span> 
     </span>
    </p>
   </div>
   <div class='ocr_carea' id='block_1_65' title="bbox 2529 810 4010 883">
    <p class='ocr_par' dir='ltr' id='par_1_65' title="bbox 2529 810 4010 883">
     <span class='ocr_line' id='line_1_65' title="bbox 2529 810 4010 883; baseline 0.004 -26"><span class='ocrx_word' id='word_1_430' title='bbox 2529 831 2545 857; x_wconf 78' lang='grc' dir='ltr'>ι</span> <span class='ocrx_word' id='word_1_431' title='bbox 2581 810 2653 861; x_wconf 74' lang='grc' dir='ltr'><strong>Οὐ</strong></span> <span class='ocrx_word' id='word_1_432' title='bbox 2687 810 3069 878; x_wconf 82' lang='grc' dir='ltr'>μνημονεύετε,</span> <span class='ocrx_word' id='word_1_433' title='bbox 3097 813 3177 863; x_wconf 85' lang='grc' dir='ltr'><strong>δτι</strong></span> <span class='ocrx_word' id='word_1_434' title='bbox 3220 811 3298 864; x_wconf 81' lang='grc' dir='ltr'><strong>ἔτι</strong></span> <span class='ocrx_word' id='word_1_435' title='bbox 3340 812 3415 864; x_wconf 83' lang='grc' dir='ltr'>ὥν</span> <span class='ocrx_word' id='word_1_436' title='bbox 3468 814 3605 883; x_wconf 82' lang='grc' dir='ltr'>πρὸς</span> <span class='ocrx_word' id='word_1_437' title='bbox 3634 813 3794 882; x_wconf 80' lang='grc' dir='ltr'>ὑμᾶς,</span> <span class='ocrx_word' id='word_1_438' title='bbox 3829 812 4010 864; x_wconf 80' lang='grc' dir='ltr'>ταῦτα</span> 
     </span>
    </p>
   </div>
   <div class='ocr_carea' id='block_1_66' title="bbox 2455 897 4008 969">
    <p class='ocr_par' dir='ltr' id='par_1_66' title="bbox 2455 897 4008 969">
     <span class='ocr_line' id='line_1_66' title="bbox 2455 897 4008 969; baseline 0.003 -21"><span class='ocrx_word' id='word_1_439' title='bbox 2455 897 2639 964; x_wconf 74' lang='grc' dir='ltr'>ἔλεγον</span> <span class='ocrx_word' id='word_1_440' title='bbox 2664 899 2810 965; x_wconf 87' lang='grc' dir='ltr'>ὑμῖν,</span> <span class='ocrx_word' id='word_1_441' title='bbox 2841 900 2935 951; x_wconf 74' lang='grc' dir='ltr'><strong>καὶ</strong></span> <span class='ocrx_word' id='word_1_442' title='bbox 2974 899 3067 952; x_wconf 76' lang='grc' dir='ltr'><strong>νῦν</strong></span> <span class='ocrx_word' id='word_1_443' title='bbox 3094 901 3156 953; x_wconf 86' lang='grc' dir='ltr'><strong>τὺ</strong></span> <span class='ocrx_word' id='word_1_444' title='bbox 3185 902 3411 969; x_wconf 80' lang='grc' dir='ltr'>κατέχον</span> <span class='ocrx_word' id='word_1_445' title='bbox 3431 902 3630 965; x_wconf 80' lang='grc' dir='ltr'>οἴδατε,</span> <span class='ocrx_word' id='word_1_446' title='bbox 3669 904 3750 964; x_wconf 87' lang='grc' dir='ltr'><strong>είς</strong></span> <span class='ocrx_word' id='word_1_447' title='bbox 3765 902 3829 953; x_wconf 80' lang='grc' dir='ltr'>τὸ</span> <span class='ocrx_word' id='word_1_448' title='bbox 3863 903 4008 952; x_wconf 87' lang='grc' dir='ltr'>ἀπο-</span> 
     </span>
    </p>
   </div>
   <div class='ocr_carea' id='block_1_67' title="bbox 2456 987 3659 1061">
    <p class='ocr_par' dir='ltr' id='par_1_67' title="bbox 2456 987 3659 1061">
     <span class='ocr_line' id='line_1_67' title="bbox 2456 987 3659 1061; baseline 0.003 -23"><span class='ocrx_word' id='word_1_449' title='bbox 2456 987 2791 1056; x_wconf 81' lang='grc' dir='ltr'>καλυφθῆναι</span> <span class='ocrx_word' id='word_1_450' title='bbox 2821 990 2978 1040; x_wconf 72' lang='grc' dir='ltr'>αὑτὸν</span> <span class='ocrx_word' id='word_1_451' title='bbox 3003 991 3058 1040; x_wconf 79' lang='grc' dir='ltr'><strong>ἐν</strong></span> <span class='ocrx_word' id='word_1_452' title='bbox 3083 990 3159 1058; x_wconf 82' lang='grc' dir='ltr'>τῷ</span> <span class='ocrx_word' id='word_1_453' title='bbox 3185 991 3374 1042; x_wconf 76' lang='grc' dir='ltr'>ἑαυτοῦ</span> <span class='ocrx_word' id='word_1_454' title='bbox 3401 992 3593 1061; x_wconf 83' lang='grc' dir='ltr'><strong>καιρῷ.</strong></span> <span class='ocrx_word' id='word_1_455' title='bbox 3641 1011 3659 1042; x_wconf 74' lang='grc' dir='ltr'>ι</span> 
     </span>
    </p>
   </div>
   <div class='ocr_carea' id='block_1_68' title="bbox 2526 1079 4010 1150">
    <p class='ocr_par' dir='ltr' id='par_1_68' title="bbox 2526 1079 4010 1150">
     <span class='ocr_line' id='line_1_68' title="bbox 2526 1079 4010 1150; baseline 0.001 -21"><span class='ocrx_word' id='word_1_456' title='bbox 2526 1079 2799 1149; x_wconf 82' lang='grc' dir='ltr'>Προτὲρας</span> <span class='ocrx_word' id='word_1_457' title='bbox 2831 1081 3024 1141; x_wconf 64' lang='grc' dir='ltr'>αὐτοὺς</span> <span class='ocrx_word' id='word_1_458' title='bbox 3060 1081 3463 1150; x_wconf 72' lang='grc' dir='ltr'><strong>ἀναμιμνήσκει</strong></span> <span class='ocrx_word' id='word_1_459' title='bbox 3501 1081 3842 1143; x_wconf 73' lang='grc' dir='ltr'><strong>διδασκαλίας</strong></span> <span class='ocrx_word' id='word_1_460' title='bbox 3873 1080 4010 1148; x_wconf 72' lang='grc' dir='ltr'>περὶ</span> 
     </span>
    </p>
   </div>
   <div class='ocr_carea' id='block_1_69' title="bbox 2457 1167 4012 1240">
    <p class='ocr_par' dir='ltr' id='par_1_69' title="bbox 2457 1167 4012 1240">
     <span class='ocr_line' id='line_1_69' title="bbox 2457 1167 4012 1240; baseline -0.001 -20"><span class='ocrx_word' id='word_1_461' title='bbox 2457 1167 2635 1220; x_wconf 78' lang='grc' dir='ltr'>αὐτῶν</span> <span class='ocrx_word' id='word_1_462' title='bbox 2683 1167 2884 1220; x_wconf 86' lang='grc' dir='ltr'>τούτων</span> <span class='ocrx_word' id='word_1_463' title='bbox 2927 1170 3314 1238; x_wconf 79' lang='grc' dir='ltr'>πεποιημένης.</span> <span class='ocrx_word' id='word_1_464' title='bbox 3367 1171 3466 1222; x_wconf 86' lang='grc' dir='ltr'>Διά</span> <span class='ocrx_word' id='word_1_465' title='bbox 3510 1171 3618 1240; x_wconf 78' lang='grc' dir='ltr'>γάρ</span> <span class='ocrx_word' id='word_1_466' title='bbox 3649 1171 3748 1239; x_wconf 79' lang='grc' dir='ltr'>τὴν</span> <span class='ocrx_word' id='word_1_467' title='bbox 3795 1170 4012 1234; x_wconf 77' lang='grc' dir='ltr'>πλάνην</span> 
     </span>
    </p>
   </div>
   <div class='ocr_carea' id='block_1_70' title="bbox 2456 1259 4010 1328">
    <p class='ocr_par' dir='ltr' id='par_1_70' title="bbox 2456 1259 4010 1328">
     <span class='ocr_line' id='line_1_70' title="bbox 2456 1259 4010 1328; baseline -0.001 -17"><span class='ocrx_word' id='word_1_468' title='bbox 2456 1259 2554 1328; x_wconf 82' lang='grc' dir='ltr'>τὴν</span> <span class='ocrx_word' id='word_1_469' title='bbox 2578 1261 2641 1311; x_wconf 79' lang='grc' dir='ltr'>ἐκ</span> <span class='ocrx_word' id='word_1_470' title='bbox 2661 1261 2862 1312; x_wconf 82' lang='grc' dir='ltr'>τούτων</span> <span class='ocrx_word' id='word_1_471' title='bbox 2885 1262 2980 1312; x_wconf 71' lang='grc' dir='ltr'><strong>καὶ</strong></span> <span class='ocrx_word' id='word_1_472' title='bbox 3006 1262 3167 1324; x_wconf 73' lang='grc' dir='ltr'>αύτδς</span> <span class='ocrx_word' id='word_1_473' title='bbox 3195 1263 3223 1313; x_wconf 97' lang='lat'><strong>6</strong></span> <span class='ocrx_word' id='word_1_474' title='bbox 3264 1262 3580 1325; x_wconf 78' lang='grc' dir='ltr'>Ἀπὸστολος</span> <span class='ocrx_word' id='word_1_475' title='bbox 3616 1262 3872 1322; x_wconf 76' lang='grc' dir='ltr'><strong>πολλάκις</strong></span> <span class='ocrx_word' id='word_1_476' title='bbox 3895 1261 4010 1311; x_wconf 80' lang='grc' dir='ltr'>ἐδί-</span> 
     </span>
    </p>
   </div>
   <div class='ocr_carea' id='block_1_71' title="bbox 2457 1346 4013 1424">
    <p class='ocr_par' dir='ltr' id='par_1_71' title="bbox 2457 1346 4013 1424">
     <span class='ocr_line' id='line_1_71' title="bbox 2457 1346 4013 1424; baseline 0.001 -21"><span class='ocrx_word' id='word_1_477' title='bbox 2457 1346 2601 1417; x_wconf 80' lang='grc' dir='ltr'>δαξε,</span> <span class='ocrx_word' id='word_1_478' title='bbox 2622 1354 2712 1404; x_wconf 74' lang='grc' dir='ltr'>καὶ</span> <span class='ocrx_word' id='word_1_479' title='bbox 2737 1355 2765 1404; x_wconf 94' lang='lat'><strong>6</strong></span> <span class='ocrx_word' id='word_1_480' title='bbox 2786 1352 2987 1424; x_wconf 80' lang='grc' dir='ltr'>Κύριος</span> <span class='ocrx_word' id='word_1_481' title='bbox 3016 1354 3272 1417; x_wconf 79' lang='grc' dir='ltr'><strong>πολλάκις</strong></span> <span class='ocrx_word' id='word_1_482' title='bbox 3293 1357 3348 1406; x_wconf 82' lang='grc' dir='ltr'>ὲν</span> <span class='ocrx_word' id='word_1_483' title='bbox 3366 1357 3476 1416; x_wconf 88' lang='grc' dir='ltr'>τοῖς</span> <span class='ocrx_word' id='word_1_484' title='bbox 3502 1354 3850 1421; x_wconf 76' lang='grc' dir='ltr'>Εὑαγγελίοις</span> <span class='ocrx_word' id='word_1_485' title='bbox 3874 1370 4013 1422; x_wconf 80' lang='grc' dir='ltr'>παρ-</span> 
     </span>
    </p>
   </div>
   <div class='ocr_carea' id='block_1_72' title="bbox 2457 1439 4013 1513">
    <p class='ocr_par' dir='ltr' id='par_1_72' title="bbox 2457 1439 4013 1513">
     <span class='ocr_line' id='line_1_72' title="bbox 2457 1439 4013 1513; baseline 0.001 -19"><span class='ocrx_word' id='word_1_486' title='bbox 2457 1443 2706 1512; x_wconf 78' lang='grc' dir='ltr'><strong>ήγγειλεν</strong></span> <span class='ocrx_word' id='word_1_487' title='bbox 2725 1483 2740 1506; x_wconf 89' lang='grc'><strong>,</strong></span> <span class='ocrx_word' id='word_1_488' title='bbox 2791 1445 2859 1496; x_wconf 80' lang='lat' dir='ltr'><strong><em>EI</em></strong></span> <span class='ocrx_word' id='word_1_489' title='bbox 2904 1461 2993 1510; x_wconf 85' lang='grc' dir='ltr'><strong>τις</strong></span> <span class='ocrx_word' id='word_1_490' title='bbox 3035 1444 3174 1513; x_wconf 83' lang='grc' dir='ltr'><strong>ὑμῖν</strong></span> <span class='ocrx_word' id='word_1_491' title='bbox 3197 1447 3358 1512; x_wconf 74' lang='grc' dir='ltr'>εἴπῃ,</span> <span class='ocrx_word' id='word_1_492' title='bbox 3383 1446 3553 1513; x_wconf 83' lang='grc' dir='ltr'>λέγων</span> <span class='ocrx_word' id='word_1_493' title='bbox 3577 1463 3590 1476; x_wconf 90' lang='grc'><strong>·</strong></span> <span class='ocrx_word' id='word_1_494' title='bbox 3643 1444 3796 1499; x_wconf 84' lang='grc' dir='ltr'>Ἰδοὺ</span> <span class='ocrx_word' id='word_1_495' title='bbox 3825 1439 3947 1497; x_wconf 82' lang='grc' dir='ltr'>ὦδε</span> <span class='ocrx_word' id='word_1_496' title='bbox 3981 1447 4013 1494; x_wconf 82' lang='grc' dir='ltr'><em>ὁ</em></span> 
     </span>
    </p>
   </div>
   <div class='ocr_carea' id='block_1_73' title="bbox 2462 1533 3478 1606">
    <p class='ocr_par' dir='ltr' id='par_1_73' title="bbox 2462 1533 3478 1606">
     <span class='ocr_line' id='line_1_73' title="bbox 2462 1533 3478 1606; baseline 0.002 -19"><span class='ocrx_word' id='word_1_497' title='bbox 2462 1534 2728 1602; x_wconf 79' lang='grc' dir='ltr'>Χριστὸς,</span> <span class='ocrx_word' id='word_1_498' title='bbox 2754 1533 2879 1589; x_wconf 73' lang='grc' dir='ltr'>ἰδοὺ</span> <span class='ocrx_word' id='word_1_499' title='bbox 2907 1535 3049 1599; x_wconf 81' lang='grc' dir='ltr'>ἐκεῖ,</span> <span class='ocrx_word' id='word_1_500' title='bbox 3067 1536 3152 1606; x_wconf 80' lang='grc' dir='ltr'><strong>μὴ</strong></span> <span class='ocrx_word' id='word_1_501' title='bbox 3179 1535 3478 1603; x_wconf 74' lang='grc' dir='ltr'><strong>ἐξέλθητε.</strong></span> 
     </span>
    </p>
   </div>
   <div class='ocr_carea' id='block_1_74' title="bbox 2534 1625 4007 1698">
    <p class='ocr_par' dir='ltr' id='par_1_74' title="bbox 2534 1625 4007 1698">
     <span class='ocr_line' id='line_1_74' title="bbox 2534 1625 4007 1698; baseline 0 -23"><span class='ocrx_word' id='word_1_502' title='bbox 2534 1642 2552 1674; x_wconf 80' lang='grc' dir='ltr'>ι</span> <span class='ocrx_word' id='word_1_503' title='bbox 2581 1625 2654 1676; x_wconf 82' lang='grc' dir='ltr'>Τὸ</span> <span class='ocrx_word' id='word_1_504' title='bbox 2674 1625 2782 1695; x_wconf 86' lang='grc' dir='ltr'><strong>γάρ</strong></span> <span class='ocrx_word' id='word_1_505' title='bbox 2812 1629 3102 1698; x_wconf 83' lang='grc' dir='ltr'>μυστήριον</span> <span class='ocrx_word' id='word_1_506' title='bbox 3125 1629 3224 1698; x_wconf 80' lang='grc' dir='ltr'>ήδη</span> <span class='ocrx_word' id='word_1_507' title='bbox 3259 1628 3557 1698; x_wconf 73' lang='grc' dir='ltr'><strong>ἐνεργεῖται</strong></span> <span class='ocrx_word' id='word_1_508' title='bbox 3585 1629 3680 1696; x_wconf 82' lang='grc' dir='ltr'>τῆς</span> <span class='ocrx_word' id='word_1_509' title='bbox 3705 1626 3958 1695; x_wconf 76' lang='grc' dir='ltr'><strong>ἀνομίας.</strong></span> <span class='ocrx_word' id='word_1_510' title='bbox 3989 1644 4007 1674; x_wconf 73' lang='grc' dir='ltr'>ι</span> 
     </span>
    </p>
   </div>
   <div class='ocr_carea' id='block_1_75' title="bbox 2529 1802 4014 1876">
    <p class='ocr_par' dir='ltr' id='par_1_75' title="bbox 2529 1802 4014 1876">
     <span class='ocr_line' id='line_1_75' title="bbox 2529 1802 4014 1876; baseline 0.001 -21"><span class='ocrx_word' id='word_1_511' title='bbox 2529 1802 2872 1870; x_wconf 68' lang='grc' dir='ltr'>Μυοντήριον</span> <span class='ocrx_word' id='word_1_512' title='bbox 2891 1804 3137 1873; x_wconf 79' lang='grc' dir='ltr'><strong>ἀνομίας</strong></span> <span class='ocrx_word' id='word_1_513' title='bbox 3174 1805 3273 1868; x_wconf 84' lang='grc' dir='ltr'><strong>τάς</strong></span> <span class='ocrx_word' id='word_1_514' title='bbox 3307 1805 3418 1858; x_wconf 86' lang='grc' dir='ltr'>τῶν</span> <span class='ocrx_word' id='word_1_515' title='bbox 3456 1806 3718 1876; x_wconf 72' lang='grc' dir='ltr'><strong>αἱρέσεων</strong></span> <span class='ocrx_word' id='word_1_516' title='bbox 3758 1805 4014 1858; x_wconf 82' lang='grc' dir='ltr'><strong>διδασκα⁴</strong></span> 
     </span>
    </p>
   </div>
   <div class='ocr_carea' id='block_1_76' title="bbox 2392 1873 4010 1966">
    <p class='ocr_par' dir='ltr' id='par_1_76' title="bbox 2392 1873 4010 1966">
     <span class='ocr_line' id='line_1_76' title="bbox 2392 1873 4010 1966; baseline 0.002 -22"><span class='ocrx_word' id='word_1_517' title='bbox 2392 1873 2578 1954; x_wconf 80' lang='grc' dir='ltr'><strong>Βλίας</strong></span> <span class='ocrx_word' id='word_1_518' title='bbox 2636 1890 2772 1946; x_wconf 82' lang='grc' dir='ltr'>εἷναί</span> <span class='ocrx_word' id='word_1_519' title='bbox 2821 1913 2972 1964; x_wconf 75' lang='grc' dir='ltr'>φησι,</span> <span class='ocrx_word' id='word_1_520' title='bbox 3029 1896 3122 1948; x_wconf 67' lang='grc' dir='ltr'>καὶ</span> <span class='ocrx_word' id='word_1_521' title='bbox 3176 1897 3245 1949; x_wconf 87' lang='grc' dir='ltr'><strong>τά</strong></span> <span class='ocrx_word' id='word_1_522' title='bbox 3299 1896 3466 1966; x_wconf 77' lang='grc' dir='ltr'>ψευδῆ</span> <span class='ocrx_word' id='word_1_523' title='bbox 3518 1897 3693 1950; x_wconf 72' lang='grc' dir='ltr'>αὐτῶν</span> <span class='ocrx_word' id='word_1_524' title='bbox 3739 1897 4010 1964; x_wconf 72' lang='grc' dir='ltr'><strong>δόγματα.</strong></span> 
     </span>
    </p>
   </div>
   <div class='ocr_carea' id='block_1_77' title="bbox 2472 1985 4015 2057">
    <p class='ocr_par' dir='ltr' id='par_1_77' title="bbox 2472 1985 4015 2057">
     <span class='ocr_line' id='line_1_77' title="bbox 2472 1985 4015 2057; baseline 0.001 -21"><span class='ocrx_word' id='word_1_525' title='bbox 2472 1985 2709 2038; x_wconf 85' lang='grc' dir='ltr'>Ἐκείνου</span> <span class='ocrx_word' id='word_1_526' title='bbox 2735 1986 2843 2056; x_wconf 74' lang='grc' dir='ltr'><strong>γὰρ</strong></span> <span class='ocrx_word' id='word_1_527' title='bbox 2870 1988 3281 2057; x_wconf 79' lang='grc' dir='ltr'>προδαδίζουσιν</span> <span class='ocrx_word' id='word_1_528' title='bbox 3309 1987 3676 2050; x_wconf 75' lang='grc' dir='ltr'><strong>ὁδοποιοῦντες</strong></span> <span class='ocrx_word' id='word_1_529' title='bbox 3707 1987 3877 2055; x_wconf 77' lang='grc' dir='ltr'>αὐτῷ,</span> <span class='ocrx_word' id='word_1_530' title='bbox 3915 1989 4015 2038; x_wconf 76' lang='grc' dir='ltr'><strong>καὶ</strong></span> 
     </span>
    </p>
   </div>
   <div class='ocr_carea' id='block_1_78' title="bbox 2461 2076 4016 2148">
    <p class='ocr_par' dir='ltr' id='par_1_78' title="bbox 2461 2076 4016 2148">
     <span class='ocr_line' id='line_1_78' title="bbox 2461 2076 4016 2148; baseline 0.002 -22"><span class='ocrx_word' id='word_1_531' title='bbox 2461 2076 2648 2144; x_wconf 77' lang='grc' dir='ltr'>καιρὸν</span> <span class='ocrx_word' id='word_1_532' title='bbox 2680 2077 2891 2146; x_wconf 76' lang='grc' dir='ltr'>ἀπάτης</span> <span class='ocrx_word' id='word_1_533' title='bbox 2934 2078 3320 2147; x_wconf 80' lang='grc' dir='ltr'><strong>παρεχόμενοι·</strong></span> <span class='ocrx_word' id='word_1_534' title='bbox 3356 2077 3774 2148; x_wconf 77' lang='grc' dir='ltr'><strong>ἐξεληλύθεισαν</strong></span> <span class='ocrx_word' id='word_1_535' title='bbox 3807 2077 3865 2129; x_wconf 76' lang='grc' dir='ltr'>δὲ</span> <span class='ocrx_word' id='word_1_536' title='bbox 3911 2077 4016 2146; x_wconf 73' lang='grc' dir='ltr'>ἤδη</span> 
     </span>
    </p>
   </div>
   <div class='ocr_carea' id='block_1_79' title="bbox 2460 2166 4015 2238">
    <p class='ocr_par' dir='ltr' id='par_1_79' title="bbox 2460 2166 4015 2238">
     <span class='ocr_line' id='line_1_79' title="bbox 2460 2166 4015 2238; baseline 0 -19"><span class='ocrx_word' id='word_1_537' title='bbox 2460 2167 2566 2219; x_wconf 76' lang='grc' dir='ltr'><strong>ἀπὸ</strong></span> <span class='ocrx_word' id='word_1_538' title='bbox 2622 2166 2714 2220; x_wconf 82' lang='grc' dir='ltr'>τοῦ</span> <span class='ocrx_word' id='word_1_539' title='bbox 2754 2168 2945 2236; x_wconf 82' lang='grc' dir='ltr'><strong>καιροῦ</strong></span> <span class='ocrx_word' id='word_1_540' title='bbox 2999 2169 3106 2221; x_wconf 81' lang='grc' dir='ltr'>τῶν</span> <span class='ocrx_word' id='word_1_541' title='bbox 3157 2169 3466 2222; x_wconf 80' lang='grc' dir='ltr'><strong>ἀποστόλων</strong></span> <span class='ocrx_word' id='word_1_542' title='bbox 3523 2169 3576 2222; x_wconf 82' lang='grc' dir='ltr'>αἱ</span> <span class='ocrx_word' id='word_1_543' title='bbox 3615 2169 3875 2238; x_wconf 76' lang='grc' dir='ltr'><strong>αἱρέσεις.</strong></span> <span class='ocrx_word' id='word_1_544' title='bbox 3930 2168 4015 2220; x_wconf 69' lang='grc' dir='ltr'>Τά</span> 
     </span>
    </p>
   </div>
   <div class='ocr_carea' id='block_1_80' title="bbox 2459 2259 4014 2330">
    <p class='ocr_par' dir='ltr' id='par_1_80' title="bbox 2459 2259 4014 2330">
     <span class='ocr_line' id='line_1_80' title="bbox 2459 2259 4014 2330; baseline -0.001 -20"><span class='ocrx_word' id='word_1_545' title='bbox 2459 2260 2616 2328; x_wconf 86' lang='grc' dir='ltr'>ὅμοια</span> <span class='ocrx_word' id='word_1_546' title='bbox 2640 2259 2732 2312; x_wconf 83' lang='grc' dir='ltr'>οὖν</span> <span class='ocrx_word' id='word_1_547' title='bbox 2759 2260 3113 2328; x_wconf 74' lang='grc' dir='ltr'>καὶἸωάννης</span> <span class='ocrx_word' id='word_1_548' title='bbox 3131 2261 3296 2330; x_wconf 75' lang='grc' dir='ltr'>φησὶν</span> <span class='ocrx_word' id='word_1_549' title='bbox 3313 2261 3340 2312; x_wconf 89' lang='grc' dir='ltr'>ὁ</span> <span class='ocrx_word' id='word_1_550' title='bbox 3369 2259 3774 2329; x_wconf 78' lang='grc' dir='ltr'>εὐαγγελιστὴς,</span> <span class='ocrx_word' id='word_1_551' title='bbox 3805 2259 4014 2321; x_wconf 81' lang='grc' dir='ltr'><strong>Καθὼς</strong></span> 
     </span>
    </p>
   </div>
   <div class='ocr_carea' id='block_1_81' title="bbox 2459 2343 4014 2416">
    <p class='ocr_par' dir='ltr' id='par_1_81' title="bbox 2459 2343 4014 2416">
     <span class='ocr_line' id='line_1_81' title="bbox 2459 2343 4014 2416; baseline 0.001 -22"><span class='ocrx_word' id='word_1_552' title='bbox 2459 2343 2777 2408; x_wconf 79' lang='grc' dir='ltr'>ἠκούσατε,</span> <span class='ocrx_word' id='word_1_553' title='bbox 2818 2345 2906 2397; x_wconf 87' lang='grc' dir='ltr'>ὅτι</span> <span class='ocrx_word' id='word_1_554' title='bbox 2970 2347 3372 2413; x_wconf 78' lang='grc' dir='ltr'>Ἀντίχριστος</span> <span class='ocrx_word' id='word_1_555' title='bbox 3427 2348 3698 2416; x_wconf 80' lang='grc' dir='ltr'>ἔρχεται-·</span> <span class='ocrx_word' id='word_1_556' title='bbox 3740 2347 3838 2400; x_wconf 79' lang='grc' dir='ltr'>καὶ</span> <span class='ocrx_word' id='word_1_557' title='bbox 3897 2345 4014 2398; x_wconf 71' lang='grc' dir='ltr'>νῦν</span> 
     </span>
    </p>
   </div>
   <div class='ocr_carea' id='block_1_82' title="bbox 2460 2437 4015 2510">
    <p class='ocr_par' dir='ltr' id='par_1_82' title="bbox 2460 2437 4015 2510">
     <span class='ocr_line' id='line_1_82' title="bbox 2460 2437 4015 2510; baseline 0 -23"><span class='ocrx_word' id='word_1_558' title='bbox 2460 2437 2616 2487; x_wconf 72' lang='grc' dir='ltr'>εἰσὶν</span> <span class='ocrx_word' id='word_1_559' title='bbox 2668 2437 3035 2505; x_wconf 80' lang='grc' dir='ltr'><strong>ἀντίχριστοι</strong></span> <span class='ocrx_word' id='word_1_560' title='bbox 3079 2439 3332 2503; x_wconf 79' lang='grc' dir='ltr'>πολλοὶ,</span> <span class='ocrx_word' id='word_1_561' title='bbox 3387 2440 3515 2510; x_wconf 79' lang='grc' dir='ltr'>περὶ</span> <span class='ocrx_word' id='word_1_562' title='bbox 3561 2440 3668 2493; x_wconf 83' lang='grc' dir='ltr'><strong>τῶν</strong></span> <span class='ocrx_word' id='word_1_563' title='bbox 3716 2438 4015 2508; x_wconf 81' lang='grc' dir='ltr'>αἱρετικῶν</span> 
     </span>
    </p>
   </div>
   <div class='ocr_carea' id='block_1_83' title="bbox 2462 2525 2656 2594">
    <p class='ocr_par' dir='ltr' id='par_1_83' title="bbox 2462 2525 2656 2594">
     <span class='ocr_line' id='line_1_83' title="bbox 2462 2525 2656 2594; baseline 0.026 -17"><span class='ocrx_word' id='word_1_564' title='bbox 2462 2525 2656 2594; x_wconf 81' lang='grc' dir='ltr'>λέγων.</span> 
     </span>
    </p>
   </div>
   <div class='ocr_carea' id='block_1_84' title="bbox 2537 2617 4010 2690">
    <p class='ocr_par' dir='ltr' id='par_1_84' title="bbox 2537 2617 4010 2690">
     <span class='ocr_line' id='line_1_84' title="bbox 2537 2617 4010 2690; baseline 0.004 -23"><span class='ocrx_word' id='word_1_565' title='bbox 2537 2636 2554 2667; x_wconf 84' lang='grc' dir='ltr'>ι</span> <span class='ocrx_word' id='word_1_566' title='bbox 2595 2617 2771 2670; x_wconf 81' lang='grc' dir='ltr'>Μόνον</span> <span class='ocrx_word' id='word_1_567' title='bbox 2801 2618 2830 2668; x_wconf 89' lang='lat'><strong>6</strong></span> <span class='ocrx_word' id='word_1_568' title='bbox 2865 2618 3107 2687; x_wconf 82' lang='grc' dir='ltr'>κατέχων</span> <span class='ocrx_word' id='word_1_569' title='bbox 3138 2619 3262 2689; x_wconf 79' lang='grc' dir='ltr'>ἄρτι</span> <span class='ocrx_word' id='word_1_570' title='bbox 3294 2620 3397 2683; x_wconf 63' lang='grc' dir='ltr'>ἓως</span> <span class='ocrx_word' id='word_1_571' title='bbox 3437 2621 3500 2672; x_wconf 83' lang='grc' dir='ltr'>ἐκ</span> <span class='ocrx_word' id='word_1_572' title='bbox 3547 2621 3711 2690; x_wconf 80' lang='grc' dir='ltr'>μέσου</span> <span class='ocrx_word' id='word_1_573' title='bbox 3762 2620 4010 2690; x_wconf 81' lang='grc' dir='ltr'>γένηται.</span> 
     </span>
    </p>
   </div>
   <div class='ocr_carea' id='block_1_85' title="bbox 2461 2707 3613 2780">
    <p class='ocr_par' dir='ltr' id='par_1_85' title="bbox 2461 2707 3613 2780">
     <span class='ocr_line' id='line_1_85' title="bbox 2461 2707 3613 2780; baseline 0.001 -20"><span class='ocrx_word' id='word_1_574' title='bbox 2461 2707 2569 2760; x_wconf 80' lang='grc' dir='ltr'><strong>Καὶ</strong></span> <span class='ocrx_word' id='word_1_575' title='bbox 2601 2709 2720 2760; x_wconf 87' lang='grc' dir='ltr'>τότε</span> <span class='ocrx_word' id='word_1_576' title='bbox 2752 2708 3257 2778; x_wconf 72' lang='grc' dir='ltr'><strong>ἀποκαλυφθήσεται</strong></span> <span class='ocrx_word' id='word_1_577' title='bbox 3289 2711 3317 2762; x_wconf 93' lang='lat'><strong>6</strong></span> <span class='ocrx_word' id='word_1_578' title='bbox 3349 2712 3564 2780; x_wconf 82' lang='grc' dir='ltr'>ἄνομος.</span> <span class='ocrx_word' id='word_1_579' title='bbox 3595 2730 3613 2761; x_wconf 76' lang='grc' dir='ltr'>ι</span> 
     </span>
    </p>
   </div>
   <div class='ocr_carea' id='block_1_86' title="bbox 2530 2796 4014 2874">
    <p class='ocr_par' dir='ltr' id='par_1_86' title="bbox 2530 2796 4014 2874">
     <span class='ocr_line' id='line_1_86' title="bbox 2530 2796 4014 2874; baseline 0.004 -26"><span class='ocrx_word' id='word_1_580' title='bbox 2530 2796 2640 2867; x_wconf 81' lang='grc' dir='ltr'><strong>Τὴν</strong></span> <span class='ocrx_word' id='word_1_581' title='bbox 2678 2797 2960 2867; x_wconf 86' lang='grc' dir='ltr'>Ῥωμαίων</span> <span class='ocrx_word' id='word_1_582' title='bbox 2993 2800 3264 2867; x_wconf 85' lang='grc' dir='ltr'>βασιλείαν</span> <span class='ocrx_word' id='word_1_583' title='bbox 3291 2801 3444 2870; x_wconf 84' lang='grc' dir='ltr'>φησί.</span> <span class='ocrx_word' id='word_1_584' title='bbox 3477 2801 3693 2872; x_wconf 85' lang='grc' dir='ltr'>Ταύτης</span> <span class='ocrx_word' id='word_1_585' title='bbox 3732 2803 3839 2874; x_wconf 73' lang='grc' dir='ltr'><strong>γὰρ</strong></span> <span class='ocrx_word' id='word_1_586' title='bbox 3873 2803 4014 2872; x_wconf 83' lang='grc' dir='ltr'>πλη-</span> 
     </span>
    </p>
   </div>
   <div class='ocr_carea' id='block_1_87' title="bbox 2463 2889 3478 2963">
    <p class='ocr_par' dir='ltr' id='par_1_87' title="bbox 2463 2889 3478 2963">
     <span class='ocr_line' id='line_1_87' title="bbox 2463 2889 3478 2963; baseline 0.006 -23"><span class='ocrx_word' id='word_1_587' title='bbox 2463 2889 2752 2960; x_wconf 83' lang='grc' dir='ltr'>ρουμένης,</span> <span class='ocrx_word' id='word_1_588' title='bbox 2777 2893 2806 2942; x_wconf 87' lang='lat'><strong>6</strong></span> <span class='ocrx_word' id='word_1_589' title='bbox 2848 2891 3208 2963; x_wconf 80' lang='grc' dir='ltr'>Ἀντὶχριστος</span> <span class='ocrx_word' id='word_1_590' title='bbox 3240 2894 3478 2963; x_wconf 78' lang='grc' dir='ltr'>ἔρχεται.</span> 
     </span>
    </p>
   </div>
   <div class='ocr_carea' id='block_1_88' title="bbox 2540 2980 4018 3056">
    <p class='ocr_par' dir='ltr' id='par_1_88' title="bbox 2540 2980 4018 3056">
     <span class='ocr_line' id='line_1_88' title="bbox 2540 2980 4018 3056; baseline 0.005 -25"><span class='ocrx_word' id='word_1_591' title='bbox 2540 2999 2558 3032; x_wconf 83' lang='grc' dir='ltr'>ι</span> <span class='ocrx_word' id='word_1_592' title='bbox 2617 2982 2712 3032; x_wconf 89' lang='grc' dir='ltr'><strong>Ὃν</strong></span> <span class='ocrx_word' id='word_1_593' title='bbox 2754 2981 2783 3032; x_wconf 81' lang='grc' dir='ltr'>ὁ</span> <span class='ocrx_word' id='word_1_594' title='bbox 2821 2980 3024 3052; x_wconf 78' lang='grc' dir='ltr'>Κύριος</span> <span class='ocrx_word' id='word_1_595' title='bbox 3052 2982 3318 3036; x_wconf 84' lang='grc' dir='ltr'><strong>ἀναλώσει</strong></span> <span class='ocrx_word' id='word_1_596' title='bbox 3347 2985 3425 3055; x_wconf 83' lang='grc' dir='ltr'>τῷ</span> <span class='ocrx_word' id='word_1_597' title='bbox 3470 2987 3738 3056; x_wconf 87' lang='grc' dir='ltr'>πνεύματι</span> <span class='ocrx_word' id='word_1_598' title='bbox 3765 2986 3861 3038; x_wconf 78' lang='grc' dir='ltr'>τοῦ</span> <span class='ocrx_word' id='word_1_599' title='bbox 3893 2988 4018 3038; x_wconf 74' lang='grc' dir='ltr'>στό-</span> 
     </span>
    </p>
   </div>
   <div class='ocr_carea' id='block_1_89' title="bbox 2468 3069 4017 3143">
    <p class='ocr_par' dir='ltr' id='par_1_89' title="bbox 2468 3069 4017 3143">
     <span class='ocr_line' id='line_1_89' title="bbox 2468 3069 4017 3143; baseline 0.002 -22"><span class='ocrx_word' id='word_1_600' title='bbox 2468 3086 2633 3138; x_wconf 88' lang='grc' dir='ltr'>ματος</span> <span class='ocrx_word' id='word_1_601' title='bbox 2670 3069 2832 3122; x_wconf 76' lang='grc' dir='ltr'>αὑτοῦ</span> <span class='ocrx_word' id='word_1_602' title='bbox 2861 3109 2876 3134; x_wconf 87' lang='grc'><strong>,</strong></span> <span class='ocrx_word' id='word_1_603' title='bbox 2925 3071 3022 3122; x_wconf 75' lang='grc' dir='ltr'>καὶ</span> <span class='ocrx_word' id='word_1_604' title='bbox 3071 3073 3401 3142; x_wconf 83' lang='grc' dir='ltr'><strong>καταργήσει</strong></span> <span class='ocrx_word' id='word_1_605' title='bbox 3459 3076 3524 3142; x_wconf 83' lang='grc' dir='ltr'>τῇ</span> <span class='ocrx_word' id='word_1_606' title='bbox 3582 3074 3868 3143; x_wconf 65' lang='grc' dir='ltr'>ἐπιφανείᾳ.</span> <span class='ocrx_word' id='word_1_607' title='bbox 3929 3073 4017 3140; x_wconf 75' lang='grc' dir='ltr'>ςῆς</span> 
     </span>
    </p>
   </div>
   <div class='ocr_carea' id='block_1_90' title="bbox 2469 3158 4018 3234">
    <p class='ocr_par' dir='ltr' id='par_1_90' title="bbox 2469 3158 4018 3234">
     <span class='ocr_line' id='line_1_90' title="bbox 2469 3158 4018 3234; baseline -0.001 -19"><span class='ocrx_word' id='word_1_608' title='bbox 2469 3162 2764 3232; x_wconf 82' lang='grc' dir='ltr'>παρουσίας</span> <span class='ocrx_word' id='word_1_609' title='bbox 2788 3161 2987 3216; x_wconf 82' lang='grc' dir='ltr'>αὐτοῦ’</span> <span class='ocrx_word' id='word_1_610' title='bbox 3032 3158 3092 3217; x_wconf 71' lang='grc' dir='ltr'>οὗ</span> <span class='ocrx_word' id='word_1_611' title='bbox 3131 3165 3278 3216; x_wconf 87' lang='grc' dir='ltr'>ἐστιν</span> <span class='ocrx_word' id='word_1_612' title='bbox 3325 3165 3358 3232; x_wconf 81' lang='grc' dir='ltr'><strong>ἡ</strong></span> <span class='ocrx_word' id='word_1_613' title='bbox 3393 3166 3656 3234; x_wconf 80' lang='grc' dir='ltr'>παρουσία</span> <span class='ocrx_word' id='word_1_614' title='bbox 3694 3165 3815 3216; x_wconf 79' lang='grc' dir='ltr'>κατ’</span> <span class='ocrx_word' id='word_1_615' title='bbox 3864 3163 4018 3232; x_wconf 78' lang='grc' dir='ltr'><strong>ἐνέρ-</strong></span> 
     </span>
    </p>
   </div>
   <div class='ocr_carea' id='block_1_91' title="bbox 2467 3243 4019 3323">
    <p class='ocr_par' dir='ltr' id='par_1_91' title="bbox 2467 3243 4019 3323">
     <span class='ocr_line' id='line_1_91' title="bbox 2467 3243 4019 3323; baseline 0.001 -20"><span class='ocrx_word' id='word_1_616' title='bbox 2467 3269 2620 3320; x_wconf 87' lang='grc' dir='ltr'><strong>γειαν</strong></span> <span class='ocrx_word' id='word_1_617' title='bbox 2651 3253 2743 3304; x_wconf 75' lang='grc' dir='ltr'>τοῦ</span> <span class='ocrx_word' id='word_1_618' title='bbox 2775 3253 3008 3316; x_wconf 74' lang='grc' dir='ltr'>Σατανᾶ,</span> <span class='ocrx_word' id='word_1_619' title='bbox 3045 3257 3102 3305; x_wconf 82' lang='grc' dir='ltr'><strong>ὲν</strong></span> <span class='ocrx_word' id='word_1_620' title='bbox 3147 3254 3293 3323; x_wconf 81' lang='grc' dir='ltr'>πάσῃ</span> <span class='ocrx_word' id='word_1_621' title='bbox 3332 3254 3579 3322; x_wconf 78' lang='grc' dir='ltr'>δυνάμει,</span> <span class='ocrx_word' id='word_1_622' title='bbox 3609 3256 3702 3306; x_wconf 75' lang='grc' dir='ltr'><strong>καὶ</strong></span> <span class='ocrx_word' id='word_1_623' title='bbox 3748 3243 4019 3323; x_wconf 74' lang='grc' dir='ltr'>σημείοις,</span> 
     </span>
    </p>
   </div>
   <div class='ocr_carea' id='block_1_92' title="bbox 2468 3343 4022 3416">
    <p class='ocr_par' dir='ltr' id='par_1_92' title="bbox 2468 3343 4022 3416">
     <span class='ocr_line' id='line_1_92' title="bbox 2468 3343 4022 3416; baseline 0.002 -22"><span class='ocrx_word' id='word_1_624' title='bbox 2468 3344 2558 3395; x_wconf 75' lang='grc' dir='ltr'>καὶ</span> <span class='ocrx_word' id='word_1_625' title='bbox 2586 3343 2768 3412; x_wconf 85' lang='grc' dir='ltr'>τέρασι</span> <span class='ocrx_word' id='word_1_626' title='bbox 2795 3344 3039 3412; x_wconf 56' lang='grc' dir='ltr'>ψεύδους,</span> <span class='ocrx_word' id='word_1_627' title='bbox 3082 3347 3172 3398; x_wconf 79' lang='grc' dir='ltr'>καὶ</span> <span class='ocrx_word' id='word_1_628' title='bbox 3204 3347 3262 3396; x_wconf 81' lang='grc' dir='ltr'><strong>ἐν</strong></span> <span class='ocrx_word' id='word_1_629' title='bbox 3303 3346 3448 3415; x_wconf 80' lang='grc' dir='ltr'>πάσῃ</span> <span class='ocrx_word' id='word_1_630' title='bbox 3475 3347 3655 3416; x_wconf 82' lang='grc' dir='ltr'>ἀπάτῃ</span> <span class='ocrx_word' id='word_1_631' title='bbox 3681 3346 3778 3413; x_wconf 79' lang='grc' dir='ltr'>τῆς</span> <span class='ocrx_word' id='word_1_632' title='bbox 3812 3345 4022 3406; x_wconf 76' lang='grc' dir='ltr'><strong>ἀδικίας</strong></span> 
     </span>
    </p>
   </div>
   <div class='ocr_carea' id='block_1_93' title="bbox 2465 3435 3148 3504">
    <p class='ocr_par' dir='ltr' id='par_1_93' title="bbox 2465 3435 3148 3504">
     <span class='ocr_line' id='line_1_93' title="bbox 2465 3435 3148 3504; baseline 0 -18"><span class='ocrx_word' id='word_1_633' title='bbox 2465 3435 2524 3486; x_wconf 85' lang='grc' dir='ltr'><strong>ἐν</strong></span> <span class='ocrx_word' id='word_1_634' title='bbox 2550 3438 2660 3497; x_wconf 84' lang='grc' dir='ltr'>τοῖς</span> <span class='ocrx_word' id='word_1_635' title='bbox 2683 3435 3090 3504; x_wconf 83' lang='grc' dir='ltr'>ἀπολλυμένοις.</span> <span class='ocrx_word' id='word_1_636' title='bbox 3131 3455 3148 3486; x_wconf 77' lang='grc' dir='ltr'><strong>ι</strong></span> 
     </span>
    </p>
   </div>
   <div class='ocr_carea' id='block_1_94' title="bbox 2537 3526 4024 3599">
    <p class='ocr_par' dir='ltr' id='par_1_94' title="bbox 2537 3526 4024 3599">
     <span class='ocr_line' id='line_1_94' title="bbox 2537 3526 4024 3599; baseline 0.003 -22"><span class='ocrx_word' id='word_1_637' title='bbox 2537 3526 2611 3577; x_wconf 67' lang='lat' dir='ltr'><strong>Ui:</strong></span> <span class='ocrx_word' id='word_1_638' title='bbox 2645 3526 2802 3594; x_wconf 77' lang='grc' dir='ltr'>μόνον</span> <span class='ocrx_word' id='word_1_639' title='bbox 2845 3527 2943 3595; x_wconf 81' lang='grc' dir='ltr'><strong>τὴν</strong></span> <span class='ocrx_word' id='word_1_640' title='bbox 2980 3527 3283 3597; x_wconf 84' lang='grc' dir='ltr'>παρουσίαν</span> <span class='ocrx_word' id='word_1_641' title='bbox 3323 3526 3416 3579; x_wconf 79' lang='grc' dir='ltr'>τοῦ</span> <span class='ocrx_word' id='word_1_642' title='bbox 3452 3529 3816 3599; x_wconf 77' lang='grc' dir='ltr'>’Δντιχρίστου</span> <span class='ocrx_word' id='word_1_643' title='bbox 3852 3530 4024 3582; x_wconf 83' lang='grc' dir='ltr'>ἐδίδα-</span> 
     </span>
    </p>
   </div>
   <div class='ocr_carea' id='block_1_95' title="bbox 2469 3615 4026 3682">
    <p class='ocr_par' dir='ltr' id='par_1_95' title="bbox 2469 3615 4026 3682">
     <span class='ocr_line' id='line_1_95' title="bbox 2469 3615 4026 3682; baseline 0.004 -15"><span class='ocrx_word' id='word_1_644' title='bbox 2469 3615 2578 3682; x_wconf 80' lang='grc' dir='ltr'>ξεν,</span> <span class='ocrx_word' id='word_1_645' title='bbox 2616 3617 2750 3670; x_wconf 86' lang='grc' dir='ltr'><strong>ἀλλά</strong></span> <span class='ocrx_word' id='word_1_646' title='bbox 2780 3618 2873 3670; x_wconf 76' lang='grc' dir='ltr'>καὶ</span> <span class='ocrx_word' id='word_1_647' title='bbox 2896 3617 2986 3669; x_wconf 77' lang='grc' dir='ltr'>τὸν</span> <span class='ocrx_word' id='word_1_648' title='bbox 3013 3617 3243 3670; x_wconf 78' lang='grc' dir='ltr'>θάνατον</span> <span class='ocrx_word' id='word_1_649' title='bbox 3265 3619 3447 3681; x_wconf 77' lang='grc' dir='ltr'>αὑτοῦ,</span> <span class='ocrx_word' id='word_1_650' title='bbox 3473 3619 3643 3682; x_wconf 76' lang='grc' dir='ltr'>οὓτως</span> <span class='ocrx_word' id='word_1_651' title='bbox 3662 3624 3754 3672; x_wconf 84' lang='grc' dir='ltr'>καὶ</span> <span class='ocrx_word' id='word_1_652' title='bbox 3781 3622 3889 3673; x_wconf 73' lang='grc' dir='ltr'><strong>ἀπὸ</strong></span> <span class='ocrx_word' id='word_1_653' title='bbox 3917 3624 4026 3673; x_wconf 81' lang='grc' dir='ltr'><strong>τῶν</strong></span> 
     </span>
    </p>
   </div>
   <div class='ocr_carea' id='block_1_96' title="bbox 2471 3707 4025 3778">
    <p class='ocr_par' dir='ltr' id='par_1_96' title="bbox 2471 3707 4025 3778">
     <span class='ocr_line' id='line_1_96' title="bbox 2471 3707 4025 3778; baseline 0.004 -21"><span class='ocrx_word' id='word_1_654' title='bbox 2471 3707 2719 3777; x_wconf 85' lang='grc' dir='ltr'>πρώτων,</span> <span class='ocrx_word' id='word_1_655' title='bbox 2745 3711 2838 3761; x_wconf 72' lang='grc' dir='ltr'>καὶ</span> <span class='ocrx_word' id='word_1_656' title='bbox 2867 3709 2973 3760; x_wconf 83' lang='grc' dir='ltr'>ἀπὸ</span> <span class='ocrx_word' id='word_1_657' title='bbox 3002 3709 3108 3760; x_wconf 82' lang='grc' dir='ltr'>τῶν</span> <span class='ocrx_word' id='word_1_658' title='bbox 3142 3710 3381 3778; x_wconf 81' lang='grc' dir='ltr'>ὑστέρων</span> <span class='ocrx_word' id='word_1_659' title='bbox 3409 3709 3672 3763; x_wconf 84' lang='grc' dir='ltr'>διδάσκων</span> <span class='ocrx_word' id='word_1_660' title='bbox 3697 3712 3861 3763; x_wconf 75' lang='grc' dir='ltr'>αὐτὸν</span> <span class='ocrx_word' id='word_1_661' title='bbox 3888 3708 4025 3763; x_wconf 81' lang='grc' dir='ltr'>εἶναι</span> 
     </span>
    </p>
   </div>
   <div class='ocr_carea' id='block_1_97' title="bbox 2468 3796 4027 3870">
    <p class='ocr_par' dir='ltr' id='par_1_97' title="bbox 2468 3796 4027 3870">
     <span class='ocr_line' id='line_1_97' title="bbox 2468 3796 4027 3870; baseline 0.003 -24"><span class='ocrx_word' id='word_1_662' title='bbox 2468 3796 2658 3865; x_wconf 76' lang='grc' dir='ltr'>ψευδῆ.</span> <span class='ocrx_word' id='word_1_663' title='bbox 2710 3797 2774 3848; x_wconf 83' lang='grc' dir='ltr'><strong>Ἦ</strong></span> <span class='ocrx_word' id='word_1_664' title='bbox 2823 3797 3089 3866; x_wconf 85' lang='grc' dir='ltr'>παρουσία</span> <span class='ocrx_word' id='word_1_665' title='bbox 3124 3798 3220 3866; x_wconf 77' lang='grc' dir='ltr'><strong>μὲν</strong></span> <span class='ocrx_word' id='word_1_666' title='bbox 3252 3797 3360 3866; x_wconf 90' lang='grc' dir='ltr'><strong>γάρ</strong></span> <span class='ocrx_word' id='word_1_667' title='bbox 3395 3798 3558 3852; x_wconf 75' lang='grc' dir='ltr'>αὐτοῦ</span> <span class='ocrx_word' id='word_1_668' title='bbox 3593 3798 3713 3850; x_wconf 83' lang='grc' dir='ltr'>κατ’</span> <span class='ocrx_word' id='word_1_669' title='bbox 3745 3800 4027 3870; x_wconf 77' lang='grc' dir='ltr'><strong>ἐνέργειαν</strong></span> 
     </span>
    </p>
   </div>
   <div class='ocr_carea' id='block_1_98' title="bbox 2471 3887 4026 3964">
    <p class='ocr_par' dir='ltr' id='par_1_98' title="bbox 2471 3887 4026 3964">
     <span class='ocr_line' id='line_1_98' title="bbox 2471 3887 4026 3964; baseline 0.003 -23"><span class='ocrx_word' id='word_1_670' title='bbox 2471 3887 2562 3941; x_wconf 83' lang='grc' dir='ltr'>τοῦ</span> <span class='ocrx_word' id='word_1_671' title='bbox 2593 3890 2824 3953; x_wconf 81' lang='grc' dir='ltr'>Σατανᾶ,</span> <span class='ocrx_word' id='word_1_672' title='bbox 2861 3890 2952 3941; x_wconf 78' lang='grc' dir='ltr'>καὶ</span> <span class='ocrx_word' id='word_1_673' title='bbox 3003 3889 3060 3941; x_wconf 84' lang='grc' dir='ltr'>τὸ</span> <span class='ocrx_word' id='word_1_674' title='bbox 3109 3891 3258 3953; x_wconf 66' lang='grc' dir='ltr'>τλλος</span> <span class='ocrx_word' id='word_1_675' title='bbox 3313 3891 3390 3956; x_wconf 82' lang='grc' dir='ltr'>δὲ,</span> <span class='ocrx_word' id='word_1_676' title='bbox 3451 3891 3543 3944; x_wconf 77' lang='grc' dir='ltr'>καὶ</span> <span class='ocrx_word' id='word_1_677' title='bbox 3598 3894 3632 3962; x_wconf 80' lang='grc' dir='ltr'>ἡ</span> <span class='ocrx_word' id='word_1_678' title='bbox 3685 3894 4026 3964; x_wconf 82' lang='grc' dir='ltr'>κατάργησις</span> 
     </span>
    </p>
   </div>
   <div class='ocr_carea' id='block_1_99' title="bbox 2471 3980 4026 4054">
    <p class='ocr_par' dir='ltr' id='par_1_99' title="bbox 2471 3980 4026 4054">
     <span class='ocr_line' id='line_1_99' title="bbox 2471 3980 4026 4054; baseline 0.003 -22"><span class='ocrx_word' id='word_1_679' title='bbox 2471 3982 2656 4045; x_wconf 76' lang='grc' dir='ltr'>αὐτου,</span> <span class='ocrx_word' id='word_1_680' title='bbox 2685 3982 2779 4034; x_wconf 77' lang='grc' dir='ltr'>καὶ</span> <span class='ocrx_word' id='word_1_681' title='bbox 2810 3983 2842 4051; x_wconf 79' lang='grc' dir='ltr'>ἡ</span> <span class='ocrx_word' id='word_1_682' title='bbox 2879 3980 3141 4044; x_wconf 85' lang='grc' dir='ltr'>ἀπώλεια,</span> <span class='ocrx_word' id='word_1_683' title='bbox 3187 3981 3272 4036; x_wconf 83' lang='grc' dir='ltr'><strong>διά</strong></span> <span class='ocrx_word' id='word_1_684' title='bbox 3321 3983 3422 4051; x_wconf 76' lang='grc' dir='ltr'>τῆς</span> <span class='ocrx_word' id='word_1_685' title='bbox 3469 3985 3771 4054; x_wconf 88' lang='grc' dir='ltr'>παρουσίας</span> <span class='ocrx_word' id='word_1_686' title='bbox 3816 3985 4026 4052; x_wconf 82' lang='grc' dir='ltr'>γίνεται</span> 
     </span>
    </p>
   </div>
   <div class='ocr_carea' id='block_1_100' title="bbox 2470 4071 2810 4142">
    <p class='ocr_par' dir='ltr' id='par_1_100' title="bbox 2470 4071 2810 4142">
     <span class='ocr_line' id='line_1_100' title="bbox 2470 4071 2810 4142; baseline 0.006 -19"><span class='ocrx_word' id='word_1_687' title='bbox 2470 4071 2564 4124; x_wconf 83' lang='grc' dir='ltr'>τοῦ</span> <span class='ocrx_word' id='word_1_688' title='bbox 2587 4074 2810 4142; x_wconf 82' lang='grc' dir='ltr'>Κυρίου.</span> 
     </span>
    </p>
   </div>
   <div class='ocr_carea' id='block_1_101' title="bbox 2547 4157 4029 4238">
    <p class='ocr_par' dir='ltr' id='par_1_101' title="bbox 2547 4157 4029 4238">
     <span class='ocr_line' id='line_1_101' title="bbox 2547 4157 4029 4238; baseline 0.005 -27"><span class='ocrx_word' id='word_1_689' title='bbox 2547 4180 2564 4211; x_wconf 83' lang='grc' dir='ltr'>ι</span> <span class='ocrx_word' id='word_1_690' title='bbox 2614 4163 2750 4215; x_wconf 82' lang='grc' dir='ltr'>Ἀνθ’</span> <span class='ocrx_word' id='word_1_691' title='bbox 2784 4157 2858 4216; x_wconf 85' lang='grc' dir='ltr'><strong>ὧν</strong></span> <span class='ocrx_word' id='word_1_692' title='bbox 2885 4166 2983 4236; x_wconf 78' lang='grc' dir='ltr'><strong>τὴν</strong></span> <span class='ocrx_word' id='word_1_693' title='bbox 3009 4167 3225 4238; x_wconf 81' lang='grc' dir='ltr'>ἀγάπην</span> <span class='ocrx_word' id='word_1_694' title='bbox 3246 4169 3347 4237; x_wconf 79' lang='grc' dir='ltr'>τῆς</span> <span class='ocrx_word' id='word_1_695' title='bbox 3373 4165 3627 4235; x_wconf 78' lang='grc' dir='ltr'>ἀληθείας</span> <span class='ocrx_word' id='word_1_696' title='bbox 3655 4166 3753 4217; x_wconf 84' lang='grc' dir='ltr'>οὐκ</span> <span class='ocrx_word' id='word_1_697' title='bbox 3779 4165 4029 4229; x_wconf 75' lang='grc' dir='ltr'>ἐδέξαντο</span> 
     </span>
    </p>
   </div>
   <div class='ocr_carea' id='block_1_102' title="bbox 2473 4254 4028 4324">
    <p class='ocr_par' dir='ltr' id='par_1_102' title="bbox 2473 4254 4028 4324">
     <span class='ocr_line' id='line_1_102' title="bbox 2473 4254 4028 4324; baseline 0.003 -20"><span class='ocrx_word' id='word_1_698' title='bbox 2473 4256 2553 4315; x_wconf 86' lang='grc' dir='ltr'><strong>είς</strong></span> <span class='ocrx_word' id='word_1_699' title='bbox 2581 4254 2640 4305; x_wconf 84' lang='grc' dir='ltr'>τὸ</span> <span class='ocrx_word' id='word_1_700' title='bbox 2668 4254 2903 4324; x_wconf 83' lang='grc' dir='ltr'>σωθῆναι</span> <span class='ocrx_word' id='word_1_701' title='bbox 2925 4258 3119 4320; x_wconf 78' lang='grc' dir='ltr'>αὐτούς</span> <span class='ocrx_word' id='word_1_702' title='bbox 3170 4259 3277 4312; x_wconf 77' lang='grc' dir='ltr'><strong>Καὶ</strong></span> <span class='ocrx_word' id='word_1_703' title='bbox 3304 4257 3392 4311; x_wconf 73' lang='grc' dir='ltr'>διὰ</span> <span class='ocrx_word' id='word_1_704' title='bbox 3422 4257 3578 4310; x_wconf 85' lang='grc' dir='ltr'>τοῦτο</span> <span class='ocrx_word' id='word_1_705' title='bbox 3608 4255 3814 4324; x_wconf 69' lang='grc' dir='ltr'>πέμψει</span> <span class='ocrx_word' id='word_1_706' title='bbox 3845 4259 4028 4320; x_wconf 79' lang='grc' dir='ltr'>αὐτοῖς</span> 
     </span>
    </p>
   </div>
   <div class='ocr_carea' id='block_1_103' title="bbox 2473 4343 4028 4417">
    <p class='ocr_par' dir='ltr' id='par_1_103' title="bbox 2473 4343 4028 4417">
     <span class='ocr_line' id='line_1_103' title="bbox 2473 4343 4028 4417; baseline 0.001 -21"><span class='ocrx_word' id='word_1_707' title='bbox 2473 4346 2500 4396; x_wconf 84' lang='grc' dir='ltr'>ὁ</span> <span class='ocrx_word' id='word_1_708' title='bbox 2527 4343 2656 4405; x_wconf 78' lang='grc' dir='ltr'>Θεὸς</span> <span class='ocrx_word' id='word_1_709' title='bbox 2687 4343 2960 4412; x_wconf 74' lang='grc' dir='ltr'><strong>ὲνέργ-ιαι</strong></span> <span class='ocrx_word' id='word_1_710' title='bbox 3005 4348 3228 4417; x_wconf 78' lang='grc' dir='ltr'>τ-λάνης,</span> <span class='ocrx_word' id='word_1_711' title='bbox 3272 4349 3351 4410; x_wconf 81' lang='grc' dir='ltr'>εἰς</span> <span class='ocrx_word' id='word_1_712' title='bbox 3406 4347 3466 4398; x_wconf 84' lang='grc' dir='ltr'>τὸ</span> <span class='ocrx_word' id='word_1_713' title='bbox 3509 4345 3793 4398; x_wconf 80' lang='grc' dir='ltr'>πιστεύσαι</span> <span class='ocrx_word' id='word_1_714' title='bbox 3834 4347 4028 4406; x_wconf 68' lang='grc' dir='ltr'>αὐτοὺς</span> 
     </span>
    </p>
   </div>
   <div class='ocr_carea' id='block_1_104' title="bbox 2473 4430 4027 4503">
    <p class='ocr_par' dir='ltr' id='par_1_104' title="bbox 2473 4430 4027 4503">
     <span class='ocr_line' id='line_1_104' title="bbox 2473 4430 4027 4503; baseline 0 -19"><span class='ocrx_word' id='word_1_715' title='bbox 2473 4432 2674 4500; x_wconf 74' lang='grc' dir='ltr'>ψεύδει,</span> <span class='ocrx_word' id='word_1_716' title='bbox 2707 4435 2792 4484; x_wconf 80' lang='grc' dir='ltr'>ἵνα</span> <span class='ocrx_word' id='word_1_717' title='bbox 2829 4434 3052 4503; x_wconf 82' lang='grc' dir='ltr'>κριθῶσι</span> <span class='ocrx_word' id='word_1_718' title='bbox 3087 4430 3303 4498; x_wconf 64' lang='grc' dir='ltr'>πάντες⁸</span> <span class='ocrx_word' id='word_1_719' title='bbox 3336 4435 3384 4486; x_wconf 84' lang='grc' dir='ltr'>οἱ</span> <span class='ocrx_word' id='word_1_720' title='bbox 3426 4433 3505 4503; x_wconf 79' lang='grc' dir='ltr'><strong>μὴ</strong></span> <span class='ocrx_word' id='word_1_721' title='bbox 3551 4432 3939 4495; x_wconf 86' lang='grc' dir='ltr'>πιστεύσαντες</span> <span class='ocrx_word' id='word_1_722' title='bbox 3962 4434 4027 4502; x_wconf 82' lang='grc' dir='ltr'>τῇ</span> 
     </span>
    </p>
   </div>
   <div class='ocr_carea' id='block_1_105' title="bbox 2403 4522 3773 4605">
    <p class='ocr_par' dir='ltr' id='par_1_105' title="bbox 2403 4522 3773 4605">
     <span class='ocr_line' id='line_1_105' title="bbox 2403 4522 3773 4605; baseline -0.001 -29"><span class='ocrx_word' id='word_1_723' title='bbox 2403 4550 2446 4605; x_wconf 78' lang='lat' dir='ltr'><strong>D</strong></span> <span class='ocrx_word' id='word_1_724' title='bbox 2474 4522 2717 4593; x_wconf 79' lang='grc' dir='ltr'>ἀληθείᾳ,</span> <span class='ocrx_word' id='word_1_725' title='bbox 2751 4523 2862 4576; x_wconf 83' lang='grc' dir='ltr'>ἀλλ’</span> <span class='ocrx_word' id='word_1_726' title='bbox 2894 4525 3281 4595; x_wconf 76' lang='grc' dir='ltr'>εὐδοκήσαντες</span> <span class='ocrx_word' id='word_1_727' title='bbox 3315 4527 3372 4577; x_wconf 85' lang='grc' dir='ltr'><strong>ὲν</strong></span> <span class='ocrx_word' id='word_1_728' title='bbox 3415 4528 3480 4595; x_wconf 81' lang='grc' dir='ltr'>τῇ</span> <span class='ocrx_word' id='word_1_729' title='bbox 3507 4523 3712 4592; x_wconf 73' lang='grc' dir='ltr'>ἀδικία.</span> <span class='ocrx_word' id='word_1_730' title='bbox 3755 4541 3773 4574; x_wconf 73' lang='grc' dir='ltr'><strong>ι</strong></span> 
     </span>
    </p>
   </div>
   <div class='ocr_carea' id='block_1_106' title="bbox 2537 4613 4026 4684">
    <p class='ocr_par' dir='ltr' id='par_1_106' title="bbox 2537 4613 4026 4684">
     <span class='ocr_line' id='line_1_106' title="bbox 2537 4613 4026 4684; baseline 0.002 -20"><span class='ocrx_word' id='word_1_731' title='bbox 2537 4613 2705 4666; x_wconf 78' lang='grc' dir='ltr'>Τοῦτο</span> <span class='ocrx_word' id='word_1_732' title='bbox 2737 4614 2842 4684; x_wconf 86' lang='grc' dir='ltr'><strong>γὰρ</strong></span> <span class='ocrx_word' id='word_1_733' title='bbox 2873 4616 3054 4677; x_wconf 74' lang='grc' dir='ltr'>αὐτοῖς</span> <span class='ocrx_word' id='word_1_734' title='bbox 3102 4618 3216 4679; x_wconf 88' lang='grc' dir='ltr'>τοῖς</span> <span class='ocrx_word' id='word_1_735' title='bbox 3262 4615 3534 4677; x_wconf 81' lang='grc' dir='ltr'>Ἰουδαίοις</span> <span class='ocrx_word' id='word_1_736' title='bbox 3578 4615 3673 4667; x_wconf 68' lang='grc' dir='ltr'><strong>καὶ</strong></span> <span class='ocrx_word' id='word_1_737' title='bbox 3716 4616 3745 4666; x_wconf 89' lang='lat'><strong>6</strong></span> <span class='ocrx_word' id='word_1_738' title='bbox 3793 4615 4026 4683; x_wconf 68' lang='grc' dir='ltr'>Χριστὸς</span> 
     </span>
    </p>
   </div>
   <div class='ocr_carea' id='block_1_107' title="bbox 2468 4701 4028 4774">
    <p class='ocr_par' dir='ltr' id='par_1_107' title="bbox 2468 4701 4028 4774">
     <span class='ocr_line' id='line_1_107' title="bbox 2468 4701 4028 4774; baseline 0.001 -18"><span class='ocrx_word' id='word_1_739' title='bbox 2468 4705 2649 4770; x_wconf 77' lang='grc' dir='ltr'>ἔλεγεν</span> <span class='ocrx_word' id='word_1_740' title='bbox 2676 4721 2689 4733; x_wconf 88' lang='grc'><strong>·</strong></span> <span class='ocrx_word' id='word_1_741' title='bbox 2738 4705 2875 4772; x_wconf 73' lang='grc' dir='ltr'><strong>Ἐγὼ</strong></span> <span class='ocrx_word' id='word_1_742' title='bbox 2903 4701 3092 4774; x_wconf 80' lang='grc' dir='ltr'>ἦλθον</span> <span class='ocrx_word' id='word_1_743' title='bbox 3118 4707 3188 4758; x_wconf 81' lang='grc' dir='ltr'>ἐν</span> <span class='ocrx_word' id='word_1_744' title='bbox 3241 4705 3320 4770; x_wconf 83' lang='grc' dir='ltr'>τῷ</span> <span class='ocrx_word' id='word_1_745' title='bbox 3357 4708 3596 4774; x_wconf 82' lang='grc' dir='ltr'>ὀνόματι</span> <span class='ocrx_word' id='word_1_746' title='bbox 3648 4704 3752 4759; x_wconf 85' lang='grc' dir='ltr'>τοῦ</span> <span class='ocrx_word' id='word_1_747' title='bbox 3792 4708 4028 4773; x_wconf 80' lang='grc' dir='ltr'>Πατρός</span> 
     </span>
    </p>
   </div>
   <div class='ocr_carea' id='block_1_108' title="bbox 2462 4795 4027 4866">
    <p class='ocr_par' dir='ltr' id='par_1_108' title="bbox 2462 4795 4027 4866">
     <span class='ocr_line' id='line_1_108' title="bbox 2462 4795 4027 4866; baseline 0.002 -18"><span class='ocrx_word' id='word_1_748' title='bbox 2462 4815 2599 4865; x_wconf 84' lang='grc' dir='ltr'>μου,</span> <span class='ocrx_word' id='word_1_749' title='bbox 2641 4798 2735 4849; x_wconf 78' lang='grc' dir='ltr'>καὶ</span> <span class='ocrx_word' id='word_1_750' title='bbox 2777 4799 2847 4849; x_wconf 87' lang='grc' dir='ltr'>οὺ</span> <span class='ocrx_word' id='word_1_751' title='bbox 2880 4797 3206 4864; x_wconf 81' lang='grc' dir='ltr'>λαμϐάνετέ</span> <span class='ocrx_word' id='word_1_752' title='bbox 3255 4813 3348 4866; x_wconf 88' lang='grc' dir='ltr'><strong>με.</strong></span> <span class='ocrx_word' id='word_1_753' title='bbox 3383 4798 3622 4864; x_wconf 82' lang='grc' dir='ltr'>Ἕτερος</span> <span class='ocrx_word' id='word_1_754' title='bbox 3665 4797 3795 4863; x_wconf 78' lang='grc' dir='ltr'>ἡξει</span> <span class='ocrx_word' id='word_1_755' title='bbox 3838 4801 3907 4852; x_wconf 85' lang='grc' dir='ltr'><strong>ἐν</strong></span> <span class='ocrx_word' id='word_1_756' title='bbox 3948 4795 4027 4862; x_wconf 75' lang='grc' dir='ltr'>τῷ</span> 
     </span>
    </p>
   </div>
   <div class='ocr_carea' id='block_1_109' title="bbox 2469 4885 4030 4954">
    <p class='ocr_par' dir='ltr' id='par_1_109' title="bbox 2469 4885 4030 4954">
     <span class='ocr_line' id='line_1_109' title="bbox 2469 4885 4030 4954; baseline 0.001 -14"><span class='ocrx_word' id='word_1_757' title='bbox 2469 4887 2593 4951; x_wconf 82' lang='grc' dir='ltr'>ίδίῳ</span> <span class='ocrx_word' id='word_1_758' title='bbox 2615 4887 2872 4954; x_wconf 82' lang='grc' dir='ltr'>ὀνόματι,</span> <span class='ocrx_word' id='word_1_759' title='bbox 2897 4887 3172 4940; x_wconf 80' lang='grc' dir='ltr'>κάκεῖνον</span> <span class='ocrx_word' id='word_1_760' title='bbox 3191 4888 3478 4954; x_wconf 69' lang='grc' dir='ltr'>λήψεσθε.</span> <span class='ocrx_word' id='word_1_761' title='bbox 3509 4885 3580 4938; x_wconf 85' lang='grc' dir='ltr'><strong>Τὸ</strong></span> <span class='ocrx_word' id='word_1_762' title='bbox 3597 4887 3674 4950; x_wconf 80' lang='grc' dir='ltr'>δὲ,</span> <span class='ocrx_word' id='word_1_763' title='bbox 3697 4889 4030 4941; x_wconf 75' lang='grc' dir='ltr'>ἀποστελεῖ</span> 
     </span>
    </p>
   </div>
   <div class='ocr_carea' id='block_1_110' title="bbox 2466 4978 4023 5049">
    <p class='ocr_par' dir='ltr' id='par_1_110' title="bbox 2466 4978 4023 5049">
     <span class='ocr_line' id='line_1_110' title="bbox 2466 4978 4023 5049; baseline -0.001 -17"><span class='ocrx_word' id='word_1_764' title='bbox 2466 4979 2667 5043; x_wconf 80' lang='grc' dir='ltr'>αὐτοῖς</span> <span class='ocrx_word' id='word_1_765' title='bbox 2719 4980 2750 5031; x_wconf 90' lang='grc' dir='ltr'><strong><em>ό</em></strong></span> <span class='ocrx_word' id='word_1_766' title='bbox 2803 4978 2963 5041; x_wconf 77' lang='grc' dir='ltr'>Θεὸς,</span> <span class='ocrx_word' id='word_1_767' title='bbox 3018 4980 3356 5049; x_wconf 78' lang='grc' dir='ltr'>συγχωρήσει</span> <span class='ocrx_word' id='word_1_768' title='bbox 3402 4979 3805 5046; x_wconf 71' lang='grc' dir='ltr'>ἀποσταλῆναι·</span> <span class='ocrx_word' id='word_1_769' title='bbox 3841 4982 4023 5032; x_wconf 79' lang='grc' dir='ltr'>ὁποῖόν</span> 
     </span>
    </p>
   </div>
   <div class='ocr_carea' id='block_1_111' title="bbox 2465 5069 4024 5137">
    <p class='ocr_par' dir='ltr' id='par_1_111' title="bbox 2465 5069 4024 5137">
     <span class='ocr_line' id='line_1_111' title="bbox 2465 5069 4024 5137; baseline 0.001 -16"><span class='ocrx_word' id='word_1_770' title='bbox 2465 5073 2578 5122; x_wconf 78' lang='grc' dir='ltr'>ἐστι</span> <span class='ocrx_word' id='word_1_771' title='bbox 2615 5073 2705 5121; x_wconf 75' lang='grc' dir='ltr'>καὶ</span> <span class='ocrx_word' id='word_1_772' title='bbox 2743 5071 2824 5132; x_wconf 75' lang='grc' dir='ltr'>τὸ,</span> <span class='ocrx_word' id='word_1_773' title='bbox 2866 5069 3203 5136; x_wconf 76' lang='grc' dir='ltr'>Παρέδωκεν</span> <span class='ocrx_word' id='word_1_774' title='bbox 3250 5069 3464 5134; x_wconf 79' lang='grc' dir='ltr'>αὐτοὺς</span> <span class='ocrx_word' id='word_1_775' title='bbox 3496 5073 3528 5122; x_wconf 83' lang='grc' dir='ltr'><strong><em>ό</em></strong></span> <span class='ocrx_word' id='word_1_776' title='bbox 3561 5072 3701 5134; x_wconf 73' lang='grc' dir='ltr'>Θεὸς</span> <span class='ocrx_word' id='word_1_777' title='bbox 3749 5074 3834 5136; x_wconf 79' lang='grc' dir='ltr'>εἰς</span> <span class='ocrx_word' id='word_1_778' title='bbox 3867 5072 4024 5137; x_wconf 71' lang='grc' dir='ltr'>πάθη</span> 
     </span>
    </p>
   </div>
   <div class='ocr_carea' id='block_1_112' title="bbox 2466 5159 2714 5226">
    <p class='ocr_par' dir='ltr' id='par_1_112' title="bbox 2466 5159 2714 5226">
     <span class='ocr_line' id='line_1_112' title="bbox 2466 5159 2714 5226; baseline -0.004 -15"><span class='ocrx_word' id='word_1_779' title='bbox 2466 5159 2693 5226; x_wconf 75' lang='grc' dir='ltr'>ἀτιμίας</span> <span class='ocrx_word' id='word_1_780' title='bbox 2704 5200 2714 5210; x_wconf 92' lang='grc'>.</span> 
     </span>
    </p>
   </div>
   <div class='ocr_carea' id='block_1_113' title="bbox 2543 5249 4025 5320">
    <p class='ocr_par' dir='ltr' id='par_1_113' title="bbox 2543 5249 4025 5320">
     <span class='ocr_line' id='line_1_113' title="bbox 2543 5249 4025 5320; baseline 0.003 -22"><span class='ocrx_word' id='word_1_781' title='bbox 2543 5268 2559 5298; x_wconf 80' lang='grc' dir='ltr'><strong>ι</strong></span> <span class='ocrx_word' id='word_1_782' title='bbox 2610 5249 2796 5316; x_wconf 81' lang='grc' dir='ltr'>Ἡμεῖς</span> <span class='ocrx_word' id='word_1_783' title='bbox 2828 5249 2884 5300; x_wconf 86' lang='grc' dir='ltr'>δὲ</span> <span class='ocrx_word' id='word_1_784' title='bbox 2915 5249 3199 5317; x_wconf 80' lang='grc' dir='ltr'>ὀφείλομεν</span> <span class='ocrx_word' id='word_1_785' title='bbox 3241 5250 3579 5320; x_wconf 71' lang='grc' dir='ltr'>εὐχαριστεῖν</span> <span class='ocrx_word' id='word_1_786' title='bbox 3623 5250 3700 5319; x_wconf 83' lang='grc' dir='ltr'>τῷ</span> <span class='ocrx_word' id='word_1_787' title='bbox 3729 5250 3848 5320; x_wconf 66' lang='grc' dir='ltr'><strong>Θεῷ</strong></span> <span class='ocrx_word' id='word_1_788' title='bbox 3893 5255 4025 5304; x_wconf 69' lang='grc' dir='ltr'>πάνυ</span> 
     </span>
    </p>
   </div>
   <div class='ocr_carea' id='block_1_114' title="bbox 2470 5339 4018 5412">
    <p class='ocr_par' dir='ltr' id='par_1_114' title="bbox 2470 5339 4018 5412">
     <span class='ocr_line' id='line_1_114' title="bbox 2470 5339 4018 5412; baseline 0.003 -23"><span class='ocrx_word' id='word_1_789' title='bbox 2470 5355 2590 5390; x_wconf 87' lang='grc' dir='ltr'>τοτε</span> <span class='ocrx_word' id='word_1_790' title='bbox 2631 5339 2758 5406; x_wconf 82' lang='grc' dir='ltr'>περὶ</span> <span class='ocrx_word' id='word_1_791' title='bbox 2801 5339 2973 5407; x_wconf 85' lang='grc' dir='ltr'>ὑμῶν,</span> <span class='ocrx_word' id='word_1_792' title='bbox 3010 5339 3226 5407; x_wconf 78' lang='grc' dir='ltr'>ἀδελφοὶ</span> <span class='ocrx_word' id='word_1_793' title='bbox 3261 5342 3604 5410; x_wconf 75' lang='grc' dir='ltr'>ἠγαπημένοι</span> <span class='ocrx_word' id='word_1_794' title='bbox 3639 5343 3744 5395; x_wconf 78' lang='grc' dir='ltr'><strong>ὑπὸ</strong></span> <span class='ocrx_word' id='word_1_795' title='bbox 3791 5344 4018 5412; x_wconf 73' lang='grc' dir='ltr'>Κυρίου,</span> 
     </span>
    </p>
   </div>
   <div class='ocr_carea' id='block_1_115' title="bbox 2473 5429 4022 5503">
    <p class='ocr_par' dir='ltr' id='par_1_115' title="bbox 2473 5429 4022 5503">
     <span class='ocr_line' id='line_1_115' title="bbox 2473 5429 4022 5503; baseline 0.003 -22"><span class='ocrx_word' id='word_1_796' title='bbox 2473 5431 2554 5482; x_wconf 84' lang='grc' dir='ltr'>ὅτι</span> <span class='ocrx_word' id='word_1_797' title='bbox 2601 5429 2770 5482; x_wconf 76' lang='grc' dir='ltr'>εἵλετο</span> <span class='ocrx_word' id='word_1_798' title='bbox 2813 5430 2955 5499; x_wconf 81' lang='grc' dir='ltr'><strong>ὑμᾶς</strong></span> <span class='ocrx_word' id='word_1_799' title='bbox 2988 5431 3017 5482; x_wconf 86' lang='grc' dir='ltr'>ὁ</span> <span class='ocrx_word' id='word_1_800' title='bbox 3047 5431 3177 5494; x_wconf 82' lang='grc' dir='ltr'><strong>Θεὸς</strong></span> <span class='ocrx_word' id='word_1_801' title='bbox 3206 5433 3298 5485; x_wconf 81' lang='grc' dir='ltr'><strong>ἀπ’</strong></span> <span class='ocrx_word' id='word_1_802' title='bbox 3328 5434 3499 5503; x_wconf 78' lang='grc' dir='ltr'>ἀρχῆς</span> <span class='ocrx_word' id='word_1_803' title='bbox 3524 5436 3601 5496; x_wconf 89' lang='grc' dir='ltr'>εἰς</span> <span class='ocrx_word' id='word_1_804' title='bbox 3638 5435 3933 5502; x_wconf 80' lang='grc' dir='ltr'>σωτηρίαν,</span> <span class='ocrx_word' id='word_1_805' title='bbox 3968 5436 4022 5485; x_wconf 80' lang='grc' dir='ltr'><strong>ἐν</strong></span> 
     </span>
    </p>
   </div>
   <div class='ocr_carea' id='block_1_116' title="bbox 2476 5519 4023 5592">
    <p class='ocr_par' dir='ltr' id='par_1_116' title="bbox 2476 5519 4023 5592">
     <span class='ocr_line' id='line_1_116' title="bbox 2476 5519 4023 5592; baseline 0.003 -20"><span class='ocrx_word' id='word_1_806' title='bbox 2476 5519 2728 5587; x_wconf 76' lang='grc' dir='ltr'><strong>ἁγιασμῷ</strong></span> <span class='ocrx_word' id='word_1_807' title='bbox 2762 5520 3065 5589; x_wconf 80' lang='grc' dir='ltr'>πνεύματος</span> <span class='ocrx_word' id='word_1_808' title='bbox 3098 5523 3189 5573; x_wconf 69' lang='grc' dir='ltr'>καὶ</span> <span class='ocrx_word' id='word_1_809' title='bbox 3223 5523 3398 5574; x_wconf 82' lang='grc' dir='ltr'>πίστει</span> <span class='ocrx_word' id='word_1_810' title='bbox 3425 5523 3698 5592; x_wconf 77' lang='grc' dir='ltr'>ἀληθείας,</span> <span class='ocrx_word' id='word_1_811' title='bbox 3729 5527 3806 5586; x_wconf 84' lang='grc' dir='ltr'>εἰς</span> <span class='ocrx_word' id='word_1_812' title='bbox 3838 5526 3865 5576; x_wconf 83' lang='grc' dir='ltr'>ὃ</span> <span class='ocrx_word' id='word_1_813' title='bbox 3898 5525 4023 5576; x_wconf 83' lang='grc' dir='ltr'>ὲκά-</span> 
     </span>
    </p>
   </div>
   <div class='ocr_carea' id='block_1_117' title="bbox 2474 5611 4021 5684">
    <p class='ocr_par' dir='ltr' id='par_1_117' title="bbox 2474 5611 4021 5684">
     <span class='ocr_line' id='line_1_117' title="bbox 2474 5611 4021 5684; baseline 0.003 -24"><span class='ocrx_word' id='word_1_814' title='bbox 2474 5611 2624 5661; x_wconf 76' lang='grc' dir='ltr'>λεσεν</span> <span class='ocrx_word' id='word_1_815' title='bbox 2675 5611 2813 5679; x_wconf 74' lang='grc' dir='ltr'>ὑμᾶς</span> <span class='ocrx_word' id='word_1_816' title='bbox 2855 5611 2940 5662; x_wconf 70' lang='grc' dir='ltr'>διὰ</span> <span class='ocrx_word' id='word_1_817' title='bbox 3003 5612 3094 5663; x_wconf 79' lang='grc' dir='ltr'>τοῦ</span> <span class='ocrx_word' id='word_1_818' title='bbox 3155 5611 3480 5680; x_wconf 77' lang='grc' dir='ltr'>Εὖαγγελίου</span> <span class='ocrx_word' id='word_1_819' title='bbox 3527 5615 3683 5682; x_wconf 75' lang='grc' dir='ltr'><strong>ἡμῶν</strong></span> <span class='ocrx_word' id='word_1_820' title='bbox 3736 5618 3814 5676; x_wconf 79' lang='grc' dir='ltr'><strong>εἰς</strong></span> <span class='ocrx_word' id='word_1_821' title='bbox 3864 5631 4021 5684; x_wconf 84' lang='grc' dir='ltr'>περι-</span> 
     </span>
    </p>
   </div>
   <div class='ocr_carea' id='block_1_118' title="bbox 2478 5701 4013 5773">
    <p class='ocr_par' dir='ltr' id='par_1_118' title="bbox 2478 5701 4013 5773">
     <span class='ocr_line' id='line_1_118' title="bbox 2478 5701 4013 5773; baseline 0.001 -20"><span class='ocrx_word' id='word_1_822' title='bbox 2478 5701 2688 5771; x_wconf 80' lang='grc' dir='ltr'>ποίησιν</span> <span class='ocrx_word' id='word_1_823' title='bbox 2715 5701 2870 5768; x_wconf 78' lang='grc' dir='ltr'>δόξης</span> <span class='ocrx_word' id='word_1_824' title='bbox 2912 5718 3003 5753; x_wconf 87' lang='grc' dir='ltr'><strong>του</strong></span> <span class='ocrx_word' id='word_1_825' title='bbox 3051 5704 3247 5771; x_wconf 79' lang='grc' dir='ltr'>Κυρίου</span> <span class='ocrx_word' id='word_1_826' title='bbox 3281 5706 3432 5772; x_wconf 67' lang='grc' dir='ltr'>ἡμων</span> <span class='ocrx_word' id='word_1_827' title='bbox 3495 5704 3648 5771; x_wconf 50' lang='lat' dir='ltr'><strong>Iaso-3</strong></span> <span class='ocrx_word' id='word_1_828' title='bbox 3699 5704 3957 5773; x_wconf 68' lang='grc' dir='ltr'>Χριστοῦ.</span> <span class='ocrx_word' id='word_1_829' title='bbox 3998 5724 4013 5754; x_wconf 75' lang='grc' dir='ltr'>ι</span> 
     </span>
    </p>
   </div>
   <div class='ocr_carea' id='block_1_119' title="bbox 2564 5819 2964 5874">
    <p class='ocr_par' dir='ltr' id='par_1_119' title="bbox 2564 5819 2964 5874">
     <span class='ocr_line' id='line_1_119' title="bbox 2564 5819 2964 5874; baseline 0.013 -5"><span class='ocrx_word' id='word_1_830' title='bbox 2564 5819 2604 5849; x_wconf 68' lang='grc' dir='ltr'><strong>τ’</strong></span> <span class='ocrx_word' id='word_1_831' title='bbox 2633 5819 2784 5874; x_wconf 71' lang='lat' dir='ltr'><strong>ltum.</strong></span> <span class='ocrx_word' id='word_1_832' title='bbox 2818 5837 2852 5874; x_wconf 92' lang='lat' dir='ltr'><strong>I.</strong></span> <span class='ocrx_word' id='word_1_833' title='bbox 2877 5820 2964 5874; x_wconf 58' lang='lat' dir='ltr'><strong>“lli.</strong></span> 
     </span>
    </p>
   </div>
  </div>
