4214 6446
192 413 296 477 925
1127 421 1207 482 ΙΝ
1246 422 1478 485 EPIST.
1522 424 1621 483 AD
1656 420 1856 481 ΤΗΕΞ

1740 420 2395 485 [ESSALONICENSES
2430 426 2512 485 Ιῐ.
3297 424 3404 489 926

264 521 557 587 Δνεξελθὼν
599 525 666 579 τὰ
710 542 838 596 περι
873 525 979 580 τῶν
1012 528 1423 599 ἀπιστησάντων
1478 530 1743 593 ιουδαιων,
1771 534 1823 591 Α
1918 529 1928 583 l

1737 534 1823 592 ,Α
1918 529 2208 600 Postquam
2260 543 2555 589 exsecutus
2590 540 2677 589 est
2724 548 2843 604 quae
2892 534 2957 589 ad
3002 532 3239 595 Iudeos,
3308 532 3401 603 qui

195 614 291 666 xui.
332 615 543 681 διδάξας
583 617 762 669 ὁποῖον
818 617 995 671 αὐτῶν
1047 619 1197 674 ἐσται
1246 623 1391 685 τέλος
1418 623 1575 693 (Ἵνα
1626 623 1730 691 γὰρ
1854 635 1859 675 l

1854 635 1958 676 non
1993 625 2299 689 crederent,
2337 628 2680 695 spectabant,
2706 636 2760 681 et
2781 627 2906 696 quis
2936 625 3153 681 futurus
3183 627 3251 680 sit
3278 624 3402 678 finis

194 708 436 789 κριθωσι
495 704 661 775 φησὶ)
719 706 1046 778 διεξέρχεται
1070 712 1163 763 καὶ
1197 712 1265 764 τὰ
1297 713 1403 765 τῶν
1431 714 1751 767 πιστευσάν-
1849 732 1858 768 ι

1736 743 1751 754 -
1849 715 2038 769 docuit
2060 715 2158 778 (ait
2184 718 2350 779 enim,
2379 727 2437 771 ut
2457 718 2810 789 judicenlur),
2833 735 2980 773 nunc
3007 719 3400 784 edisseritqiiaa

196 812 325 857 των,
353 788 426 848 ὧν
458 797 547 849 καὶ
590 796 651 849 τὸ
689 801 968 869 προοίμιον
1016 803 1365 872 εὐχαριστία,
1407 806 1502 856 καὶ
1555 807 1647 857 ἐπὶ
1677 807 1743 873 τῇ
1849 821 1860 874 ]

1737 808 1743 873 i
1849 814 2121 874 pertinent
2152 807 2217 858 ad
2261 806 2487 861 ﬁdeles:
2536 788 2771 876 quorum
2805 825 2838 876 p
2871 807 3130 860 azludium
3165 814 3249 860 est
3277 821 3401 874 gra-

198 887 513 958 εὖχαριστίᾳ
542 889 716 957 λέγει·
755 892 964 961 πρῶτον
1005 896 1123 962 μὲν,
1148 896 1227 947 ὃτι
1258 895 1618 965 ἠγαπήθησαν
1647 894 1749 947 ὑπὸ
1846 905 1862 949 ι

1737 909 1749 946 i
1846 905 2047 949 tiarum
2087 897 2252 958 actio,
2300 913 2504 967 eosque
2541 899 2748 967 gratias
2796 899 2997 951 habere
3052 907 3251 959 monet,
3285 897 3401 964 pri—

198 994 294 1028 του
327 978 481 1039 Θεου,
515 982 607 1033 καὶ
644 981 721 1033 ὅτι
756 982 1032 1048 ἐξελέξατο
1061 986 1255 1047 αὐτοὺς
1276 984 1463 1055 ὥσπερ
1498 987 1749 1056 ἀπαρχὴν
1849 1003 1862 1039 l

1734 1004 1749 1038 θ
1849 1002 1992 1039 ιηιιιιι
2018 990 2161 1057 quod
2197 989 2380 1042 dilecti
2410 991 2518 1045 sint
2556 1006 2583 1041 a
2617 989 2724 1042 Deo
2747 1034 2760 1055 ,
2798 991 3037 1057 itemque
3071 989 3216 1057 quod
3243 989 3398 1042 electi

199 1068 280 1129 είς
329 1072 617 1139 σωτηρίαν,
651 1075 741 1126 καὶ
777 1074 857 1126 ὅτι
894 1076 1139 1143 ἡγίασεν,
1182 1078 1275 1129 καὶ
1319 1077 1400 1130 ὃτι
1441 1076 1752 1146 Πνεῦμα..ος
1850 1080 1862 1132 i

1736 1093 1752 1138 ;
1850 1080 1902 1132 in
1932 1080 2157 1133 salutem
2201 1090 2456 1148 tanquam
2491 1081 2768 1150 prinutiae,
2799 1081 2944 1150 quod
2984 1080 3161 1136 sancti
3209 1094 3400 1133 evase-

203 1159 361 1226 ἁγίου
391 1161 555 1229 ηξίωσ
587 1180 615 1213 ν
1847 1181 1867 1218 1

1847 1167 1977 1231 rint,
2014 1169 2158 1235 quod
2189 1167 2396 1237 Spiritu
2430 1180 2621 1224 sancto
2649 1172 2874 1238 dignati.

278 1270 297 1301 ι
338 1253 475 1320 Ἀρα
521 1269 630 1316 ουν,
661 1253 895 1322 ἀδελφοὶ,
938 1258 1181 1327 στήκετε,
1213 1259 1306 1311 καὶ⁵
1355 1262 1604 1329 κρατεῖτε
1653 1258 1752 1321 τὰς
1918 1256 1942 1308 Ἴ

1735 1275 1752 1321 ;
1918 1255 2063 1311 Vens
2120 1258 2204 1311 14.
2243 1280 2261 1311 ‹
2300 1258 2508 1327 Itaque,
2542 1260 2761 1323 fratres,
2794 1269 2956 1327 state,
2994 1269 3049 1315 et
3079 1267 3261 1314 tenete
3285 1266 3399 1311 tra-

204 1343 549 1411 παραδόσεις,
599 1344 662 1406 ἂς
706 1345 1038 1418 ἐδιδάχθητε,
1070 1349 1177 1403 εἴτε
1208 1351 1296 1404 διὰ
1320 1351 1499 1419 λόγον,
1531 1351 1637 1403 εἴτε
1675 1350 1745 1403 δι’
1848 1344 1868 1399 ε

1742 1354 1745 1366 ’
1848 1344 2083 1400 ditiones
2112 1361 2249 1415 quas
2277 1348 2571 1411 didicistis,
2623 1350 2736 1403 sive
2785 1365 2880 1420 per
2931 1362 3256 1411 sermonem,
3288 1349 3406 1401 sive

204 1434 525 1502 ἐσπιστολῆς
551 1437 726 1504 ἡμῶν.
773 1456 791 1489 i
1850 1449 1868 1503 Ι

1850 1447 1944 1503 per
1972 1434 2262 1503 epistolam
2294 1445 2561 1491 nostram.
2603 1457 2620 1488 ι

281 1525 620 1591 Ἀναγκαῖον,
658 1529 808 1597 φησὶ,
839 1530 964 1592 τοὺς
1006 1530 1132 1602 περὶ
1182 1549 1445 1587 τοσουτων
1470 1536 1751 1605 καυχωμὲ-
1832 1530 1833 1533 “
1918 1524 1945 1579 ί

1735 1565 1751 1577 .
1832 1530 1833 1533 ‘
1918 1524 2105 1594 Operae
2133 1528 2363 1595 pretium
2387 1536 2492 1592 est,
2515 1528 2709 1599 inquit,
2733 1539 2792 1583 ut
2816 1530 2909 1599 qui
2935 1528 3002 1584 de
3024 1536 3101 1583 tot
3128 1527 3399 1597 tantisque

205 1632 333 1679 νους
365 1617 581 1677 ἑστάναι
615 1618 864 1687 βεϐαίως.
1849 1613 1869 1667 ί

1849 1613 2009 1668 donis
2048 1615 2381 1682 gloriantur,
2425 1619 2566 1671 firmi
2604 1620 2924 1673 consistant.

286 1724 305 1757 ι
345 1702 507 1770 Οὗτος
533 1709 588 1762 δέ
620 1712 648 1763 ὁ
680 1710 879 1781 Κύριος
916 1712 1073 1781 ἡμῶν
1128 1713 1330 1782 Ἰησοῦς
1374 1716 1622 1783 Χριστὸς,
1660 1716 1752 1768 καὶ
1922 1706 1950 1759 Ἴ

1737 1717 1752 1768 ι
1922 1706 2086 1759 Vens.
2119 1706 2210 1770 15,
2240 1706 2328 1760 16.
2364 1707 2483 1778 lpse
2510 1719 2694 1763 autem
2726 1712 2988 1764 Dominus
3031 1724 3103 1763 no
3137 1719 3220 1763 ter
3242 1707 3401 1763 Jesus

207 1799 237 1851 ὁ
266 1797 399 1858 Θεὸς
434 1800 526 1851 καλ⁵
548 1802 732 1871 Πατὴρ
756 1816 908 1871 ημων
937 1804 964 1854 ὀ
996 1804 1285 1874 ἀγαπήσας
1321 1807 1485 1875 ἡμᾶς,
1507 1806 1601 1859 καὶ
1630 1808 1753 1869 δους
1783 1866 1821 1875 “
1850 1794 1871 1850 (

1737 1825 1753 1869 ;
1783 1866 1821 1875 n
1850 1794 2122 1860 Christus,
2157 1809 2212 1853 et
2245 1798 2411 1863 Deus,
2445 1807 2499 1854 et
2524 1800 2681 1855 Pater
2709 1812 2918 1866 noster,
2957 1803 3049 1870 qui
3079 1801 3271 1855 dilexit
3300 1816 3401 1855 nos

207 1890 551 1960 παράκλησιν
581 1866 802 1946 αἰωνίαν
856 1894 949 1947 καὶ
992 1866 1181 1949 ἐλπίδα
1220 1866 1425 1967 άγαθίὴν
1447 1866 1518 1950 *ἐν
1549 1866 1748 1966 χάριτι,
1782 1866 1824 1920 Β
1851 1904 1871 1943 ε

1735 1866 1748 1962 ζ
1782 1866 1824 1920 Β
1851 1898 1905 1943 et
1925 1889 2073 1945 dedit
2098 1891 2530 1946 consolationem
2563 1900 2842 1959 :eternam,
2868 1902 2921 1946 et
2944 1866 3091 1961 spem
3123 1893 3315 1952 bonam
3345 1892 3399 1943 in

208 1978 580 2046 παρακαλέσαι
603 1980 752 2049 ὑμῶν
776 1981 871 2043 τάς
891 1984 1132 2052 καρδίας,
1151 1985 1243 2037 καὶ
1266 1983 1510 2053 στηρίξαι
1534 1984 1674 2054 ὑμᾶς
1696 1985 1753 2037 ἐν
1853 1999 1872 2052 ε

1738 2002 1753 2037 ι
1853 1985 2044 2052 gratia,
2074 1984 2388 2038 exhortetur
2413 1984 2578 2038 corda
2608 1992 2808 2050 vestra,
2840 1992 2894 2038 et
2917 1984 3202 2039 conﬁrmet
3228 1998 3323 2037 vos
3347 1982 3402 2036 in

205 2082 284 2118 πα
298 2066 372 2116 η’.
404 2066 545 2136 λόγῳ
574 2068 669 2120 καὶ
696 2068 841 2139 ἔργῳ
864 2070 1071 2141 ἀγαθῷ.
1114 2090 1133 2124 ι
1852 2089 1869 2126 ι

1132 2102 1133 2113 ι
1852 2074 1998 2127 omni
2037 2088 2286 2127 sermone
2310 2082 2365 2127 et
2386 2088 2551 2143 opere
2576 2075 2741 2128 bono.
2780 2093 2796 2126 ι

278 2158 419 2225 Ὅρα
448 2159 561 2221 πῶς
591 2159 749 2211 πάλιν
787 2162 1122 2230 ἐπικουφίζει
1166 2163 1346 2216 αὑτων
1394 2163 1495 2227 τὰς
1526 2164 1750 2234 θλίψεις,
1922 2162 1942 2214 i

1738 2206 1750 2228 ,
1922 2162 2056 2218 Vide
2088 2179 2199 2232 quo
2232 2172 2391 2234 pacto
2441 2166 2762 2222 afllictiones
2793 2181 2977 2221 eorum
3028 2167 3186 2231 levat,
3244 2179 3402 2219 orans

202 2249 301 2317 τὴν
323 2249 660 2320 παράκλησιν
702 2252 880 2315 αὐτοῖς
904 2252 1075 2306 ἐλθεῖν
1100 2256 1404 2324 εὐχόμενος.
1852 2270 1866 2307 ι

1223 2271 1404 2324 ιμενος.
1852 2262 1914 2307 ιιι
1943 2254 2077 2324 ipSis
2100 2255 2311 2310 tandem
2346 2256 2588 2311 solamen
2617 2258 2887 2311 adveniat.

812 2346 1059 2400 ΚΕΦΔΛ.
1089 2347 1139 2398 Γ¹

1096 2347 1139 2398 Γ¹
2488 2346 2640 2400 CAP.
2674 2347 2760 2400 ιιι.

273 2451 291 2482 ι
330 2433 404 2485 Τὸ
444 2434 625 2487 λοιπὸν
681 2435 1065 2505 προσεύχεσθε,
1113 2437 1350 2506 ἀδελφοὶ,
1395 2438 1525 2510 περὶ
1577 2439 1750 2510 ἡμῶν,
1921 2432 1937 2469 ¹

1743 2482 1750 2503 ,
1921 2432 2082 2490 Vens.
2122 2436 2170 2498 Ι,
2197 2434 2253 2490 2.
2286 2455 2305 2488 ι
2351 2435 2428 2491 De
2457 2445 2678 2502 caetero,
2710 2436 2934 2502 fratres,
2974 2446 3126 2494 orate
3159 2453 3258 2507 pro
3299 2451 3407 2491 no-

208 2524 295 2578 ῖνα
318 2526 348 2577 δ
366 2524 521 2594 λόγος
547 2528 639 2580 τοῦ
665 2528 867 2599 Κυρίου
899 2529 1087 2602 τρέχῃ,
1112 2532 1204 2584 καὶ
1234 2531 1542 2602 δοξάζηται,
1576 2532 1756 2596 καθὼς
1854 2526 1872 2579 1

1738 2550 1756 2596 ;
1854 2526 1958 2592 bis,
1991 2536 2049 2579 ut
2078 2542 2254 2582 sermo
2280 2526 2371 2582 Dei
2401 2536 2590 2582 currat
2614 2569 2628 2590 ,
2677 2540 2730 2582 et
2766 2529 3099 2584 ciarificetur
3124 2568 3139 2594 ,
3176 2530 3317 2584 sicut
3348 2538 3402 2582 et

205 2616 464 2687 καὶπρὸς
489 2619 648 2688 ὑμᾶς,
678 2620 769 2672 καὶ
804 2621 890 2672 ἵνα
920 2622 1202 2691 ῥυσθῶμεν
1246 2622 1352 2676 ἀπὺ
1398 2622 1505 2676 τῶν
1543 2623 1755 2677 ἀτόπων
1855 2620 1869 2684 2

1739 2640 1755 2676 ι
1855 2616 2012 2686 225
2047 2617 2184 2686 apud
2238 2632 2358 2683 vos,
2406 2626 2460 2673 et
2510 2627 2570 2672 ut
2612 2620 2909 2674 liberemur
2954 2620 3021 2673 ab
3080 2620 3403 2688 importunis

206 2711 303 2761 καὶ
336 2710 584 2779 πονηρῶν
612 2712 931 2783 ἀνθρώπων.
957 2714 1030 2767 Οὐ
1055 2714 1162 2784 γὰρ
1194 2716 1409 2769 πάντων
1438 2717 1472 2786 ἡ
1496 2717 1692 2779 πίστις.
1731 2735 1750 2767 ι
1854 2723 1870 2759 ε

1738 2735 1750 2767 ,
1854 2715 1908 2759 et
1938 2708 2094 2762 malis
2124 2708 2455 2764 hominibus.
2493 2708 2610 2764 Non
2648 2710 2793 2765 enim
2826 2725 3066 2764 omnium
3094 2718 3180 2763 cst
3213 2708 3402 2763 fides.»

277 2801 354 2853 Τὺ
384 2804 497 2855 ἴσον
533 2805 848 2858 ἀνταπαιτεί
873 2822 886 2835 ο
938 2807 1221 2876 εὐχόμενος
1268 2809 1405 2881 ὑπὲρ
1436 2809 1630 2875 αὐτῶν,
1669 2808 1757 2861 εῦ-
1926 2796 1941 2851 1

1704 2808 1757 2860 ῠ-
1926 2796 2030 2852 Par
2066 2798 2258 2854 referri
2292 2801 2396 2853 eihi
2435 2801 2701 2871 postulat,
2736 2809 2788 2855 et
2821 2800 2947 2869 quia
2977 2816 3078 2872 pro
3104 2816 3185 2855 eis
3212 2816 3368 2870 preca

206 2891 401 2961 χεσθαι
429 2893 766 2962 προστάττει,
804 2894 896 2947 καὶ
930 2895 1066 2966 ὑπὲρ
1088 2897 1271 2951 αὑτοῦ.
1306 2899 1451 2968 Αὕτη
1485 2900 1541 2951 δὲ
1563 2902 1596 2969 ὴ
1621 2899 1758 2968 ὑπὲρ
1857 2896 1968 2951 tur,
2004 2889 2251 2958 praeeipit
2301 2898 2357 2941 ut
2408 2905 2511 2959 ψει
2564 2891 2805 2945 vicissnn
2844 2906 2942 2959 pro
2989 2906 3047 2945 se
3090 2899 3405 2959 precentur.

207 2984 373 3039 αὺ-οῦ
396 2986 664 3056 τροσευχὴ
704 2987 762 3039 τὸ
786 2989 1112 3057 προκόπτειν
1128 2990 1192 3043 δι’
1210 2990 1371 3044 αὑτοῦ
1396 2990 1455 3043 τὸ
1477 2992 1753 3062 κήρυγμα.
1858 2979 1871 3030 ⁴

1742 3033 1753 3045 ,
1858 2976 2043 3033 Oratio
2073 2988 2249 3034 autem
2281 2996 2438 3051 quam
2466 2998 2565 3051 pro
2596 2998 2653 3037 se
2678 2991 2865 3051 exigit,
2902 2982 3017 3036 haec
3042 2990 3148 3046 est,
3184 2990 3244 3036 ut
3269 2996 3406 3052 prac-

206 3074 397 3137 Oi'rw;
443 3076 547 3146 ἄρα
579 3076 658 3129 δεῖ
697 3094 763 3146 με
810 3081 976 3132 αἰτεῖν
1018 3082 1141 3143 τοὺς
1187 3081 1370 3148 ἁγίου,
1415 3082 1555 3151 ὑπὲρ
1602 3082 1755 3153 ἡμῶν
1859 3085 1870 3123 ⁴

1741 3102 1755 3133 ,
1859 3069 2061 3124 dicatio
2112 3086 2273 3140 opera
2309 3089 2405 3128 sua
2440 3074 2711 3143 proficiat.
2755 3072 2847 3127 Sic
2893 3089 3023 3143 ergo
3056 3088 3247 3142 preces
3278 3087 3405 3126 san-

207 3165 480 3237 εῦχεσθαι.
511 3168 594 3220 ἵνα
624 3171 679 3221 ἐν
716 3172 826 3233 τοῖς
857 3173 995 3224 κατᾶ
1042 3170 1172 3223 θεὸν
1221 3173 1613 3243 προκόπτωμεν
1639 3213 1654 3238 ,
1686 3191 1760 3237 ως
1788 3188 1830 3246 (ζ
1862 3182 1871 3214 ⁴

1743 3188 1830 3246 ςο
1862 3172 2072 3219 ctorum
2106 3179 2206 3232 pro
2237 3166 2396 3219 nobis
2431 3166 2727 3234 efﬂagitare
2764 3166 3050 3229 incumbit,
3106 3172 3163 3217 ut
3228 3164 3285 3219 in
3340 3165 3407 3218 iis

206 3276 277 3310 τα
312 3275 376 3325 γε
415 3259 547 3313 ἄλλα
574 3261 751 3314 πάντα
771 3262 1016 3332 περιττὰ,
1042 3262 1133 3314 καὶ⁸
1164 3262 1223 3314 ού
1253 3263 1465 3326 πάντως
1491 3265 1755 3333 χρήσιμα,
1862 3274 1870 3307 ι

1740 3304 1755 3328 ,
1862 3270 1984 3324 quae
2020 3263 2268 3323 spectant
2298 3256 2364 3309 ad
2392 3255 2580 3318 Deum,
2606 3272 2933 3326 progressus
2959 3256 3245 3320 faciamus,
3281 3270 3404 3308 cum

210 3350 316 3404 κᾶν
354 3351 539 3419 ὑγείαν
571 3354 728 3426 εἴπῃς
753 3392 769 3417 ,
798 3353 898 3407 κᾶν
929 3354 1168 3425 εἰρήνην,
1199 3354 1300 3407 κᾶν
1327 3352 1503 3407 ὁτιοῦν
1528 3354 1636 3407 τῶν
1672 3356 1745 3407 ἐκ·
1863 3364 1874 3398 4

1741 3382 1745 3389 -
1863 3355 2056 3399 cattera
2088 3360 2266 3398 omnia
2306 3362 2705 3416 supervacanea
2738 3355 2869 3409 smt,
2901 3362 3002 3400 nec
3044 3361 3272 3415 prorsus
3300 3345 3405 3398 uti-

210 3441 325 3504 τός.

1866 3526 2013 3582 aliud
2054 3527 2337 3582 eximium.

1865 3438 1955 3500 lia,
1995 3437 2096 3490 etsi
2127 3438 2417 3491 sanitatem
2450 3436 2620 3501 dicas,
2659 3439 2759 3491 etsi
2792 3451 2999 3506 pacem,
3033 3437 3136 3492 etsi
3174 3434 3409 3506 quodvis
3501 3451 3505 3455 ν

289 3636 310 3668 ι
346 3616 541 3679 Πιστὸς
566 3617 622 3670 δέ
645 3617 791 3670 ἐστιν
815 3619 843 3670 δ
874 3620 1096 3688 Κύριος,
1128 3618 1186 3682 ὃς
1217 3617 1454 3689 στηρίξει
1476 3617 1637 3688 ὑμᾶς,
1667 3618 1761 3673 καὶ

215 3704 441 3776 φυλάξει
469 3706 575 3759 ἀπὸ
598 3723 689 3759 του
720 3723 974 3778 πονηρου.
1023 3726 1041 3760 ι

285 3797 457 3850 Τοῦτο
483 3814 618 3868 οπερ
660 3797 824 3868 ᾔτησε
867 3800 934 3854 αὑ
970 3801 1061 3864 οὓς
1095 3799 1233 3871 ὺπέρ
1276 3799 1439 3854 αὐτοῦ
1484 3799 1757 3866 εὔξασθαι,

216 3892 310 3944 καὶ
344 3889 504 3953 αὐτὸς
527 3890 664 3959 ὺπέρ
696 3891 868 3945 αὐτῶν
893 3890 1342 3964 εὕχιται.ᾚτησε
1371 3892 1447 3957 δὲ,
1479 3891 1564 3945 ἵνα
1593 3891 1757 3964 ρυσθῇ

217 3984 282 4035 ἐκ
333 3981 439 4036 τῶν
491 3981 704 4036 ἀτόπων
752 3982 1052 4053 ἀνθρώπων
1102 3984 1208 4037 τῶν
1247 3984 1630 4055 ἀντικειμένων
1694 3987 1760 4055 τῇ

217 4074 422 4127 πίστει.
455 4073 623 4127 Τοῦτο
655 4073 745 4127 οῦν
791 4076 884 4128 καὶ
910 4074 1068 4138 αὐτὸς
1107 4075 1287 4139 αὐτοῖς
1320 4076 1638 4146 ἐπεύχεται,
1670 4092 1763 4144 φυ-

218 4168 488 4239 λαχθῆναι
517 4168 622 4220 ἀπὸ
649 4169 741 4221 τοῦ
773 4168 1031 4238 πονηροῦ.

294 4278 314 4312 ι
356 4258 698 4329 Πεποίθαμεν
740 4259 797 4312 δέ
826 4261 883 4314 ἐν
912 4261 1097 4333 Κυρίῳ
1125 4262 1209 4332 ἐφ’
1246 4261 1408 4331 ὑμᾶς,
1435 4261 1518 4315 ὅτι
1551 4260 1586 4315 ἀ
1620 4279 1762 4334 παρ-

218 4348 548 4420 αγγέλλομεν
580 4349 726 4419 ὑμῖν,
751 4350 843 4404 καὶ
871 4354 1091 4405 ποιεῖτε.
1129 4369 1149 4403 ι

288 4440 363 4493 Οὐ
403 4440 590 4510 χρείαν
624 4438 765 4509 ἐχειν
800 4441 993 4504 αὐτους
1025 4458 1178 4513 φησι,
1203 4440 1309 4494 τῶν
1336 4440 1537 4495 λοιπῶν
1565 4458 1736 4511 παραι

1934 3617 2098 3672 Vens.
2129 3618 2181 3671 5.
2215 3637 2233 3669 ι
2266 3617 2464 3673 Fidelis
2490 3628 2671 3674 autem
2704 3620 2847 3674 Deus
2877 3628 2980 3682 est,
3003 3618 3095 3689 qui
3119 3616 3409 3672 conﬁrma-

1865 3710 1944 3765 bit
1972 3725 2087 3765 vos.
2122 3718 2175 3765 et
2198 3711 2467 3764 custodiet
2500 3725 2530 3764 a
2561 3712 2723 3764 malo.
2758 3729 2777 3761 ι

1934 3802 1990 3857 Id
2038 3803 2181 3873 quod
2238 3803 2390 3873 petiit
2443 3812 2500 3857 ut
2546 3818 2643 3873 pro
2692 3818 2749 3857 se
2783 3802 3149 3874 postularent,
3185 3803 3302 3873 ipse
3328 3801 3412 3857 eis

1867 3903 2210 3965 apprecatur.
2235 3892 2462 3966 Rogavit
2483 3904 2663 3950 autem
2703 3905 2758 3948 ut
2790 3894 2857 3950 ab
2890 3893 3213 3964 importunis
3239 3894 3410 3949 homi-

1868 3982 2050 4045 nibus,
2073 3982 2165 4051 qui
2195 3982 2316 4037 fidei
2341 3983 2704 4052 obsistebant,
2746 3984 3070 4039 liberaretur
3098 4002 3112 4039 :
3146 3983 3247 4039 hoc
3287 3997 3413 4055 ergo

1866 4074 1983 4145 ipse
1998 4073 2243 4128 vicissim
2264 4072 2373 4128 illis
2390 4081 2736 4144 apprecatur,
2765 4083 2824 4129 ut
2849 4089 3043 4146 nempe
3070 4084 3355 4132 serventur
3380 4088 3412 4129 ι

1868 4163 2031 4217 malo.

1938 4250 2101 4309 Vens.
2130 4252 2186 4307 4.
2228 4271 2246 4305 ι
2289 4250 2628 4309 Confidinius
2663 4261 2842 4309 autem
2872 4253 2928 4309 in
2963 4252 3196 4310 Domino
3220 4253 3289 4311 de
3316 4270 3412 4310 vo-

1868 4346 1977 4410 bis,
2006 4346 2263 4415 quoniam
2291 4361 2411 4415 qua
2436 4346 2777 4416 praecipimus
2807 4346 2964 4403 vobis
2987 4388 3003 4414 ,
3039 4354 3092 4403 et
3136 4346 3341 4403 facitis.
3390 4367 3409 4400 ι

1939 4434 2030 4488 Ait
2063 4450 2159 4491 eos
2184 4434 2603 4505 quibuscunque
2643 4436 2768 4489 aliis
2796 4436 3274 4492 adhortationibus
3305 4452 3413 4490 non

220 4532 442 4582 νέσεων·
474 4528 612 4598 Ἤδη
642 4529 771 4598 γὰρ,
800 4530 960 4599 φησιν
983 4572 998 4598 ,
1027 4530 1194 4594 αὐτὰς
1222 4531 1526 4596 ἐπεδείξατε
1552 4532 1637 4585 διὰ
1656 4535 1764 4585 τῶν
1797 4534 1840 4590 ι)
1869 4525 1883 4578 ἰ

1751 4550 1764 4584 ο
1797 4534 1840 4590 ι)
1869 4524 2128 4595 indigere.
2162 4524 2271 4579 llas
2303 4525 2449 4579 cnim
2492 4541 2655 4595 opere
2682 4526 3032 4595 praestitistis,
3060 4527 3275 4597 inquit;
3316 4544 3415 4581 nec

222 4621 431 4689 ἔργων·
482 4620 573 4671 καὶ
609 4620 707 4672 οὐκ
735 4620 989 4690 ἀρκεῖσθε
1029 4622 1121 4674 ἐπὶ
1161 4624 1273 4684 τοῖς
1302 4622 1599 4691 γεγονόσιν,
1634 4622 1770 4676 ἀλλά
1863 4616 1886 4669 i.

1751 4623 1770 4676 ιι
1863 4616 1930 4669 iis
1960 4631 2078 4684 quae
2107 4624 2261 4685 gesta
2295 4623 2447 4682 sunt,
2473 4618 2716 4671 contenti
2753 4616 2910 4682 estis,
2938 4616 3036 4673 sed
3072 4625 3126 4672 et
3157 4617 3415 4684 deinceps

223 4712 319 4763 καὶ
350 4708 488 4779 μετά
515 4709 685 4761 ταῦτα
720 4711 1075 4780 προσθήσετε.

301 4818 321 4850 ι
375 4799 439 4849 '0
482 4799 539 4849 δὲ
594 4798 795 4868 Κύριος
832 4802 1152 4853 κατευθύναι
1200 4803 1353 4871 ὑμῶν
1393 4804 1495 4865 τὰς
1545 4803 1769 4873 καρδίας

1865 4706 2158 4775 adjicietis.

1939 4763 2101 4848 Vens.
2146 4794 2196 4846 5.
2256 4763 2297 4844 ι⁴
2331 4792 2592 4847 Dominus
2643 4804 2822 4850 autem
2881 4795 3078 4865 dirigat
3136 4795 3310 4850 corda
3366 4807 3417 4850 et

226 4908 308 4951 εις
338 4890 439 4957 τὴν
470 4890 687 4958 ἀγάπην
710 4890 802 4942 τοῦ
832 4890 983 4955 Θεοῦ,
1012 4893 1102 4944 καὶ
1129 4893 1213 4958 Δεἰς
1244 4892 1338 4965 τὴν
1370 4894 1639 4965 ὑπομονὴν
1671 4894 1767 4946 τοῦ
1868 4904 1890 4942 c

1751 4895 1767 4945 3
1868 4900 2095 4955 corpora
2156 4893 2339 4938 vestra
2408 4886 2464 4938 in
2526 4885 2795 4941 charitate
2864 4884 2956 4940 Dei
3023 4895 3076 4941 et
3148 4887 3415 4957 patientia

226 4976 487 5046 Χριστοῦ.
524 4995 542 5028 ι

296 5068 533 5137 Συνεχὴς
572 5069 605 5141 ἡ
656 5072 946 5143 προσευχὴ,
997 5072 1180 5141 ἐπειδὴ
1224 5073 1317 5125 καὶ¹
1359 5074 1484 5143 περὶ
1525 5074 1775 5141 μεγάλων

237 5159 470 5231 γίνεται.
507 5158 674 5214 Τοῦτο
700 5163 755 5214 δέ
788 5166 900 5215 ἐστι
922 5204 938 5229 ,
964 5163 1025 5215 τὸ
1070 5165 1347 5233 ἀγαπῆσαι
1380 5165 1471 5216 τὸν
1503 5160 1653 5227 Θεὸν,
1685 5167 1777 5217 καὶ

232 5255 528 5321 ὑπομεῖναι
552 5256 669 5317 ταῖς
701 5255 839 5324 ὑπὲρ
879 5255 1112 5324 Χριστοῦ
1147 5256 1351 5325 θλίψεσι
1376 5298 1389 5319 ,
1420 5258 1512 5310 καὶ
1549 5257 1775 5325 συνάψαι

229 5347 298 5413 τῆ
334 5346 520 5414 ἀγάπῃ
552 5344 650 5414 τὴν
678 5346 983 5415 ὑπομονὴν,
1019 5347 1216 5415 μᾶλλον
1261 5347 1316 5399 δέ
1350 5347 1641 5418 σφραγίσαι
1680 5349 1776 5419 τὴν

234 5436 463 5505 ἀγάπην
489 5438 554 5506 τῇ
583 5437 821 5507 ὑπομονῇ
848 5458 860 5468 ·
891 5438 964 5500 ὡς
995 5439 1045 5490 εί
1088 5439 1408 5507 ἀγαπῶμεν,
1437 5439 1531 5509 οὐχ
1565 5440 1776 5510 ὑπομέ-

234 5541 400 5593 νομεν
430 5524 507 5589 δὲ,
534 5526 627 5577 καὶ
650 5527 683 5595 ή
718 5526 901 5597 ἀγάπη
930 5526 1223 5581 διαλύεται.

311 5720 329 5752 ι
367 5700 817 5769 Παραγγέλλομεν
840 5699 895 5752 δέ
925 5701 1073 5770 ὑμῖν,
1101 5702 1330 5768 ἀδελφοὶ,
1353 5707 1408 5756 ἐν
1428 5704 1645 5773 ὀνόματι
1679 5710 1776 5761 τοῦ

241 5791 444 5858 Κυρίου
472 5792 629 5862 ἡμῶν
670 5789 839 5859 Ἰησοῦ
868 5792 1122 5861 Χριστοῦ,
1160 5793 1461 5847 στέλλεσθαι
1509 5797 1647 5863 ὑμᾶς
1676 5800 1779 5851 ἀπὸ

1875 4978 2097 5033 Christi.
2146 4996 2166 5029 ι

1944 5068 2319 5123 Precationem
2353 5068 2657 5134 continuat,
2708 5069 2836 5139 quia
2886 5069 2954 5123 de
3001 5071 3214 5141 magnis
3253 5072 3417 5128 rebus

1878 5161 2080 5229 agitur.
2141 5158 2255 5214 Hoc
2304 5167 2481 5212 autem
2534 5167 2619 5214 est
2671 5160 2836 5213 Deum
2890 5174 3095 5224 amare,
3151 5162 3419 5231 patienter

1877 5253 2109 5305 tolerare
2162 5266 2281 5319 quae
2337 5250 2545 5304 Christi
2606 5265 2771 5305 causa
2819 5252 3127 5307 vexationes
3178 5252 3415 5308 obvene-

1880 5342 2008 5405 rint,
2061 5349 2117 5395 et
2183 5340 2521 5394 tolerantiam
2578 5354 2702 5394 cum
2768 5341 3061 5395 dilectione
3114 5344 3415 5411 copulare:

1880 5432 2124 5501 quinimo
2177 5431 2522 5485 dilectionem
2580 5432 2869 5485 tolerantia
2922 5431 3231 5503 obsignare.
3282 5432 3415 5486 Nam

1880 5526 1924 5578 si
1970 5523 2268 5594 diligimus,
2303 5537 2481 5592 neque
2517 5529 2871 5586 sustinemus,
2905 5521 3123 5576 dilectio
3160 5522 3215 5576 in
3253 5536 3416 5577 auras

1880 5615 2010 5668 abit.

1957 5705 2115 5759 Vens.
2143 5705 2256 5758 6-8.
2302 5724 2320 5755 ι
2352 5704 2740 5761 Denuntianius
2768 5714 2944 5761 autem
2975 5705 3164 5766 vobis.
3195 5705 3416 5775 fratres,

1887 5799 1938 5853 in
1956 5797 2172 5851 nomine
2204 5797 2412 5851 Domini
2431 5799 2601 5854 nostri
2620 5796 2744 5853 Jcsu
2770 5798 2995 5862 Christi,
3010 5804 3068 5851 ut
3085 5796 3417 5855 subtrahatis
