4214 6446
775 395 876 456 (7:27

1951 406 2009 461 S.
2046 400 2361 463 JOANNIS
2387 403 2810 462 DAMASCENI

3868 401 3979 463 9‘28

779 529 872 565 vos
900 512 969 566 ab
994 515 1140 566 omni
1188 514 1352 567 fratre
1398 516 1709 571 ambulante
1761 518 2088 583 inordinate,
2125 530 2180 574 et
2207 534 2315 573 non
2346 525 2386 580 Α

2435 521 2614 582 παντὸς
2667 519 2894 586 ἀδελφοῦ
2963 517 3211 577 ἀτάκτως
3245 513 3695 584 περιπατοῦντος,
3754 514 3848 566 καί
3902 517 3980 583 μὴ

776 605 1077 657 secundum
1126 603 1470 660 traditionem
1506 621 1670 676 quam
1716 618 2044 678 acceperunt
2074 626 2104 664 a
2138 611 2295 665 nobis

776 693 883 762 lpsi
947 695 1088 748 enim
1145 697 1298 751 scitis
1348 698 1802 764 quemadmodum
1853 709 2062 768 oportet
2115 701 2317 754 imitari

775 798 898 843 nos,
938 786 1194 853 quoniam
1229 802 1335 840 non
1376 788 1599 856 inquieti
1651 789 1852 845 fuimus
1892 793 2035 846 inter
2068 808 2187 855 vos,
2222 808 2320 848 ne-

775 890 880 940 que
915 876 1084 943 gratis
1128 893 1318 944 partem
1350 893 1665 947 accepimus
1691 882 1758 933 ab
1781 880 1986 950 aliquo,
2021 892 2114 936 sed
2147 884 2200 936 in
2237 883 2322 936 la-

777 965 907 1016 bore
957 975 1013 1017 et
1073 968 1388 1036 fatigatione
1439 981 1595 1023 nocte
1648 982 1701 1025 et
1740 972 1828 1026 die
1873 981 2192 1042 operantes,
2255 991 2322 1029 ne

772 1071 934 1124 ψιιιιιι
973 1070 1209 1109 νρςιτιιιιι
1248 1075 1617 1126 gravarenius.
1663 1081 1682 1112 1

851 1146 956 1198 Hoc
983 1150 1142 1199 etiam
1181 1149 1391 1211 suadet,
1430 1160 1487 1203 ut
1515 1153 1720 1207 otiosos
1741 1152 2002 1207 devitent.
2029 1154 2160 1208 Nam
2184 1156 2323 1224 ejus-

776 1236 917 1286 modi
955 1237 1074 1298 viri,
1104 1238 1412 1291 blaterones
1445 1249 1570 1294 sunt
1590 1249 1644 1294 et
1673 1242 1841 1295 anxii.
1866 1244 1941 1294 Ac
1971 1244 2014 1295 si
2041 1244 2175 1310 ipse,
2198 1261 2320 1298 cum

779 1324 1096 1389 praedicaret
1164 1326 1539 1395 l-lvangeliuvu,
1597 1341 1763 1385 artem
1815 1347 1968 1386 suam
2017 1335 2319 1397 factitabat,

776 1422 982 1477 quanto
1015 1417 1190 1482 magis
1222 1419 1358 1470 alios
1402 1421 1624 1484 perinde
1675 1423 1927 1480 manibus
1966 1425 2082 1480 suis
2110 1427 2320 1494 operari

776 1505 1061 1571 oportebat
1088 1507 1099 1556 l

852 1592 1016 1646 V'Ens.
1059 1597 1206 1649 9-12.
1267 1616 1285 1647 ι
1324 1595 1441 1652 Non
1487 1601 1638 1668 quasi
1689 1615 1793 1654 non
1839 1603 2192 1660 habuerimus
2225 1621 2325 1675 po-

781 1692 1063 1751 testatem;
1121 1687 1212 1741 scd
1270 1699 1325 1742 nt
1388 1695 1751 1761 nosmetipsos
1795 1694 2022 1749 formam
2069 1685 2324 1753 dareuius

784 1776 937 1830 vobis
967 1777 1032 1829 ad
1061 1780 1380 1833 imitandum
1400 1797 1518 1835 nos.
1547 1781 1676 1836 Nam
1699 1792 1892 1838 etcum
1917 1801 2165 1842 essemus
2180 1789 2323 1858 apud

781 1881 896 1929 vos,
954 1868 1055 1922 hoc
1105 1870 1560 1926 denuntiabatnus
1605 1875 1782 1940 vobis,
1809 1878 2086 1945 quoniam,
2122 1879 2168 1934 si
2203 1881 2327 1950 quis
2361 1863 2401 1920 Β

781 1972 889 2009 non
925 1959 1037 2010 vult
1065 1965 1299 2027 operari,
1339 1976 1440 2015 nec
1471 1964 1761 2019 manducet
1816 1967 2142 2024 Audivimus
2182 1971 2326 2025 enim

784 2057 923 2100 inter
952 2065 1046 2103 vos
1066 2053 1329 2118 quosdam
1356 2055 1637 2110 ambulare
1661 2057 1919 2127 inquiete,
1945 2060 2080 2113 nihtl
2100 2075 2329 2131 operan-

783 2148 885 2199 tes,
916 2142 1007 2194 διιά
1044 2151 1096 2193 et
1126 2145 1344 2198 curiose
1371 2156 1592 2215 agentes
1641 2147 1708 2204 lis
1733 2158 1912 2205 autem
1940 2135 2033 2221 qui
2058 2156 2327 2221 ejusmodi

782 2239 931 2292 sunt,
973 2232 1362 2291 denuntiamus
1411 2246 1466 2291 et
1513 2240 1871 2298 obsecramus
1909 2258 2008 2313 per
2037 2245 2328 2300 Dominum

784 2333 1032 2376 nostrum
1074 2324 1255 2380 Jesum
1309 2330 1606 2392 Christum,
1665 2343 1725 2387 ut
1771 2351 1895 2390 cum
1936 2337 2156 2397 silentio
2199 2353 2330 2407 ope-

786 2424 986 2479 rantes,
1020 2433 1176 2470 suum
1207 2435 1398 2487 panem
1435 2425 1784 2481 manducent.
1821 2447 1840 2478 ο

856 2509 988 2562 Nam
1025 2509 1282 2566 Dominus
1331 2517 1618 2572 constituit
1668 2521 1773 2572 illis
1819 2521 1911 2588 qui
1973 2521 2333 2587 praedicarent

787 2596 1160 2667 Evangelium,
1195 2613 1250 2653 ιιι
1278 2602 1345 2656 de
1378 2602 1670 2666 Evangelio
1701 2610 1963 2663 viverent.

854 2687 1020 2744 Vsus.
1055 2691 1140 2744 15.
1177 2709 1196 2744 ι
1244 2689 1355 2745 Vos
1389 2707 1588 2763 autem,
1620 2697 1835 2762 fratres,
1883 2700 2052 2753 nolite
2102 2698 2330 2753 deficere

782 2777 1213 2834 benefacientcs.
1255 2801 1274 2833 ι
1439 2778 1450 2790 ’
1965 2772 1974 2792 ⁸

855 2871 1018 2940 226
1056 2871 1151 2926 Vel
1193 2873 1356 2928 tacite
1414 2876 1480 2931 de
1535 2878 1808 2948 eroganda
1865 2879 2006 2948 stipe
2034 2907 2044 2945 ί
2072 2879 2328 2948 loquitur,

783 2960 873 3012 vel
923 2961 1027 3013 hoc
1078 2963 1153 3014 ait
1198 2981 1212 3017 :
1267 2962 1489 3020 Minime
1547 2967 1814 3024 fatiscatis
1878 2969 1932 3021 in
1994 2968 2333 3025 admonendo

787 3048 910 3102 illos
940 3051 1030 3119 qui
1072 3053 1264 3106 nolunt
1287 3059 1519 3122 operari.
1549 3060 1660 3112 Hoc
1688 3059 1834 3113 enim
1869 3066 1952 3113 est
1984 3060 2120 3113 bene
2151 3075 2329 3128 agere,

787 3141 1008 3206 quando
1051 3148 1388 3200 consuetudo
1438 3151 1580 3202 mala
1626 3149 2106 3205 exhortationibus
2147 3152 2328 3205 elimi-

787 3240 969 3283 natur.

861 3322 1023 3378 Vsus.
1061 3326 1240 3380 14-16.
1287 3347 1304 3377 ι
1340 3327 1491 3392 Quod
1532 3331 1576 3382 si
1609 3330 1735 3398 quis
1773 3347 1882 3384 non
1935 3330 2120 3384 obedit
2171 3331 2334 3383 verbo

783 3424 980 3468 nostro
1013 3433 1106 3484 per
1135 3421 1456 3485 epistolam,
1504 3421 1648 3474 hunc
1693 3431 1901 3487 notate,
1931 3432 1984 3475 et
2016 3438 2081 3475 ne
2107 3422 2329 3491 commi-

784 3497 1046 3562 sceaniini
1077 3525 1198 3563 cum
1233 3511 1346 3575 illo,
1390 3522 1446 3564 ut
1475 3513 1877 3579 confundatur;
1907 3523 1962 3569 et
1989 3515 2159 3568 nolite
2179 3515 2333 3582 quasi

789 3597 1068 3652 inimicum
1092 3602 1428 3663 existimare,
1458 3605 1551 3657 sed
1574 3605 1834 3674 corripite
1860 3615 1920 3658 ut
1947 3605 2188 3659 fratrem.
2218 3605 2337 3674 Ipse

788 3697 965 3742 autem
1007 3688 1269 3744 Dominus
1300 3695 1468 3760 pacis.
1509 3714 1528 3744 ›

860 3781 1277 3836 Animadversio
1309 3784 1423 3838 haec
1457 3781 1746 3840 mediocris
1772 3801 1895 3840 esse
1917 3785 2337 3840 contumacibus

792 3870 999 3925 tidetur
1024 3891 1038 3903 -
1073 3882 1444 3927 verumtamen
1480 3890 1510 3928 θ
1558 3877 1898 3944 grawssitnis
1944 3884 2048 3931 est.
2097 3874 2228 3929 Nam
2255 3869 2340 3929 ἰιι

791 3964 914 4031 quis
975 3964 1252 4020 solitarius
1306 3975 1462 4034 agat,
1523 3967 1743 4020 tametsi
1800 3967 1854 4019 in
1909 3968 2042 4019 urbe
2100 3973 2338 4031 maneat,

791 4053 922 4123 quid
953 4055 1054 4109 hac
1087 4071 1246 4125 pmua
1293 4057 1513 4126 gravius
1555 4057 1755 4112 fuerit?
1797 4055 1948 4111 Hanc
1994 4067 2172 4110 autem
2225 4052 2340 4110 bon

792 4146 940 4207 odio,
969 4146 1063 4200 sed
1094 4161 1277 4200 amore
1307 4148 1454 4200 illius
1484 4149 1576 4215 qui
1605 4151 1939 4211 castigatur,
1971 4147 2164 4216 infligit
2192 4165 2207 4201 :
2241 4163 2342 4201 un-

713 4309 716 4314 .
793 4237 860 4290 de
887 4236 1189 4304 subiunxit,
1216 4247 1265 4289 et
1298 4238 1458 4291 nolite
1480 4239 1632 4306 quasi
1651 4239 1920 4292 mimicum
1942 4238 2247 4292 existimare

874 4345 892 4378 ι
943 4326 1039 4382 Det
1065 4328 1216 4381 vobis
1249 4342 1436 4394 pacem
1481 4330 1866 4398 sempiternam
1899 4328 1953 4380 in
1983 4328 2130 4381 omni
2157 4327 2339 4381 modo.

794 4417 1058 4474 Dominus
1104 4420 1328 4474 sitcum
1359 4422 1613 4474 omnibus
1653 4420 1826 4474 vobis.
1859 4418 2048 4490 [νεεδ.
2091 4418 2200 4490 17.]
2239 4417 2342 4472 Sa-

797 4510 993 4564 lutatio
1022 4526 1140 4564 mea
1171 4527 1334 4564 manu
1371 4511 1546 4564 Pauli.
1591 4531 1608 4562 ι

865 4599 1002 4653 Cum
1035 4615 1131 4655 eos
1166 4602 1593 4655 comntonuisset
1630 4610 1689 4654 ut
1716 4610 2136 4670 segregarentur
2175 4599 2244 4652 ab
2279 4600 2344 4652 iis

795 4693 890 4761 qui
920 4692 1228 4746 inordinate
1257 4703 1494 4763 agerent,
1523 4693 1764 4746 ostendit
1808 4693 1858 4744 id
1903 4707 1960 4744 se
1993 4707 2098 4744 non
2131 4700 2344 4759 sponte,

796 4785 893 4839 sed
946 4784 1275 4837 necessitate
1332 4785 1672 4852 compulsum
1733 4782 1948 4837 fecisse.
1981 4783 2178 4835 Statim
2215 4797 2346 4850 ergo

798 4883 955 4943 rogat
986 4883 1043 4927 ut
1077 4889 1236 4942 poena
1271 4874 1485 4927 tandem
1518 4873 1754 4937 desinat,
1800 4873 1905 4926 hoc
1939 4881 2044 4933 est,
2085 4887 2191 4924 non
2223 4888 2349 4940 per-

800 4970 981 5032 petua,
1027 4977 1136 5020 nec
1181 4963 1493 5016 omnituoda
1545 4963 1819 5031 separatio
1864 4963 1969 5026 sit;
2021 4975 2206 5030 pacem
2266 4961 2350 5013 ni-

802 5055 999 5108 mirum
1037 5055 1116 5107 eis
1157 5053 1523 5123 apprecando.
1571 5053 1793 5107 Desinet
1831 5061 2012 5106 autem
2036 5089 2050 5113 ,
2083 5051 2172 5103 ubt
2207 5051 2350 5104 otio-

805 5146 853 5198 si
902 5145 978 5198 illi
1029 5151 1084 5199 et
1130 5144 1332 5198 inertas
1377 5144 1732 5198 mutabuntur
1781 5144 1835 5196 in
1881 5153 2138 5195 actuosus
2187 5150 2239 5194 ct
2272 5142 2350 5194 di-

805 5237 1056 5306 ligentes.

884 5347 903 5378 ι
939 5325 1094 5392 Quod
1127 5335 1212 5380 est
1241 5327 1454 5395 signum
1495 5328 1547 5380 in
1578 5327 1724 5380 omni
1744 5327 1972 5395 epistola
2007 5343 2019 5377 :
2057 5326 2124 5377 ita
2148 5325 2348 5379 scribo.

810 5419 999 5490 [Vsns.
1034 5418 1142 5489 18.]
1171 5418 1356 5472 Gratia
1393 5418 1602 5471 Domini
1631 5418 1802 5472 nostri
1831 5416 1959 5470 Jesu
1988 5415 2190 5471 Christi
2230 5434 2351 5470 cunt

810 5509 1064 5565 omnibus
1103 5510 1279 5564 vobis.
1312 5509 1505 5562 Amen.
1553 5528 1571 5560 ι
2183 5506 2186 5512 ’

883 5598 1330 5666 Quandoquidem
1364 5598 1614 5666 Epistolae
1645 5599 1798 5652 initio
1840 5598 1894 5650 in
1943 5597 2087 5649 hunc
2134 5594 2349 5648 modum

817 5689 1071 5760 praefatus
1109 5699 1227 5744 erat
1259 5708 1271 5741 :
1313 5689 1494 5744 Fidem
1548 5691 1656 5744 illis
1700 5705 1806 5743 non
1840 5689 2092 5742 adhibete
2129 5687 2220 5754 qui
2266 5703 2353 5741 se-

817 5781 1055 5837 cundum
1088 5781 1296 5838 Domini
1339 5783 1628 5838 adventum
1676 5782 1832 5837 tuodo
1878 5789 2081 5836 instare
2133 5795 2349 5833 annun-

2421 610 2562 664 κατὰ
2592 612 2689 679 τὴν
2719 610 3011 678 παράδοσιν
3034 608 3098 678 ἦν
3120 605 3422 676 παρέλαϐον
3452 605 3584 672 παρ’
3610 603 3788 673 ἡμῶν.
3815 605 3980 656 Αὐτοὶ

2420 703 2527 774 γὰρ
2550 704 2724 756 οἴδατε
2751 703 2867 763 πῶς
2893 703 2974 754 δεῖ
3009 699 3294 769 μιμεῖσθαι
3325 700 3508 766 ἡμᾶς,
3540 698 3621 749 ὅτι
3697 695 3798 749 οὐκ
3842 697 3980 764 ἡτα-

2420 797 2695 865 κτήσαμεν
2713 795 2770 845 ὲν
2800 795 2948 861 ὑμῖν,
2977 792 3098 844 οὐδὲ
3117 791 3322 860 δωρεὰν
3349 790 3512 857 ἄρτον
3537 787 3801 856 ἐλάὸομεν
3826 788 3979 856 παρά

2418 901 2579 948 τινος,
2617 884 2732 937 ἀλλ’
2771 885 2829 936 ὲν
2874 881 3026 950 κόπῳ
3059 881 3150 933 καὶ
3184 878 3366 949 μόχθῳ
3410 878 3580 930 νύκτα
3618 877 3714 929 καὶ
3757 876 3973 946 ἡμέραν

2420 974 2794 1043 ἐργαζόμενοι,
2821 971 2955 1042 πρὸς
2984 970 3047 1022 τὸ
3075 971 3149 1039 μὴ
3176 967 3511 1038 ὲπιὸαρησαί
3546 982 3667 1018 τινα
3696 964 3871 1034 ὑμῶν.
3912 982 3932 1014 ι

2490 1154 2597 1206 Καὶ
2629 1151 2784 1205 τοῦτο
2812 1152 2992 1212 αὐτοῖς
3021 1151 3293 1219 παραινεῖ,
3332 1148 3391 1200 τὸ
3428 1145 3804 1216 παραιτεῖσθαι
3845 1144 3974 1205 τοὺς

2421 1245 2620 1314 ἀργούς
2676 1239 2832 1297 Οὗτοι
2882 1245 2991 1312 γάρ
3031 1243 3166 1294 εἰσιν
3200 1241 3291 1292 καὶ
3323 1238 3572 1308 φλύαροι,
3623 1237 3715 1290 καὶ
3751 1235 3976 1305 περίερ-

2421 1353 2527 1402 γοι.
2567 1335 2674 1388 Καὶ
2708 1336 2754 1387 εἰ
2783 1334 2942 1396 αὐτὸς
2966 1334 3024 1386 τὸ
3063 1331 3388 1398 Εύαγγέλιον
3428 1328 3708 1398 κηρύττων
3741 1326 3975 1393 ἐργάζε-

2421 1445 2528 1493 ται,
2562 1429 2709 1498 πόσῳ
2747 1428 2943 1497 μᾶλλον
2973 1427 3099 1488 τοὺς
3126 1425 3317 1486 ἄλλους
3351 1419 3678 1491 ἐργάζεσθαι
3710 1418 3829 1482 δεῖς

2490 1609 2598 1677 Οὐχ
2627 1609 2707 1660 ὅτι
2752 1606 2853 1660 οὐκ
2900 1604 3093 1674 ἔχομεν
3130 1590 3398 1665 ὲξούσίαν,
3448 1598 3562 1651 ἀλλ’
3605 1598 3692 1649 ἵνα
3745 1595 3976 1656 ἑαυτοὺς

2421 1701 2587 1752 τύπον
2609 1699 2784 1768 δῶμεν
2828 1697 2977 1766 ὑμῖν,
3010 1697 3088 1757 εις
3121 1695 3182 1746 τὸ
3211 1690 3490 1762 μιμεῖσθαι
3534 1690 3700 1759 ἡμᾶς.
3731 1688 3841 1738 Καὶ
3862 1686 3975 1755 γάρ

2423 1795 2509 1846 ὅτε
2532 1789 2672 1862 ἦμεν
2711 1789 2845 1860 πρὸς
2869 1790 3032 1858 ὑμᾶς,
3060 1786 3215 1839 τοῦτο
3236 1782 3682 1854 παρηγγέλλομεν
3711 1781 3867 1848 ὑμῖν,
3891 1779 3977 1830 ὅτι

2428 1885 2478 1937 εἴ
2501 1901 2582 1946 τις
2606 1885 2667 1935 ού
2698 1882 2838 1934 θέλει
2859 1876 3056 1949 ἐργάζε
3067 1876 3188 1930 σθαι
3211 1917 3226 1939 ,
3248 1875 3379 1945 μηδὲ
3412 1874 3504 1926 ὲσθ
3519 1873 3661 1924 ιέτω.
3680 1868 3977 1936 Ἀκούομεν

2426 1973 2534 2042 γάρ
2577 1988 2727 2032 τινας
2761 1967 3193 2040 περιπατοῦντας
3237 1968 3294 2018 ὲν
3325 1967 3450 2033 ὑμῖν
3492 1964 3774 2027 ἀτάκτως,
3809 1960 3979 2030 μηδὲν

2427 2061 2816 2135 ἐργαζομένους
2841 2101 2856 2123 ,
2890 2060 3027 2113 ἀλλὰ
3055 2060 3149 2111 καὶ
3179 2055 3725 2126 περιεργαζομένους.
3757 2054 3880 2114 Τοῖς
3917 2052 3977 2104 δὲ

2425 2150 2683 2212 τοιούτοις
2712 2148 3178 2218 παραγγέλλομεν,
3201 2147 3296 2198 καὶ
3324 2142 3747 2212 παρακαλοῦμεν
3774 2141 3861 2194 δια
3881 2139 3974 2191 τοῦ

2427 2243 2630 2311 Κυρίου
2651 2240 2807 2312 ἡμῶν
2852 2237 3026 2308 Ἰησοῦ
3051 2236 3307 2307 Χριστοῦ,
3339 2237 3426 2288 ἵνα
3461 2233 3597 2302 μετὰ
3624 2232 3854 2303 ἡσυχίας
3879 2231 3976 2299 ἐρ-

2427 2334 2713 2402 γαζόμενοι
2743 2330 2832 2386 τὸν
2858 2329 3066 2384 ἑαυτῶν
3091 2329 3254 2400 ἄρτον
3293 2325 3528 2380 ἑσθίωσι.
3569 2343 3588 2377 ι

2504 2523 2522 2556 ι
2592 2504 2650 2555 Ὀ
2693 2501 2802 2572 γὰρ
2863 2499 3067 2570 Κύριος
3105 2498 3348 2562 διέταξεν
3381 2499 3495 2560 τοῖς
3537 2496 3598 2550 τὸ
3640 2496 3978 2564 Εὐαγγέλιον

2430 2593 2804 2666 κηρύττουσιν,
2839 2593 2903 2644 ἐκ
2925 2590 3017 2644 τοῦ
3047 2590 3374 2658 Εὑαγγελίου
3411 2589 3524 2658 ζῇν.

2501 2707 2519 2739 ι
2566 2686 2749 2754 Ὑμεῖς
2773 2683 2850 2750 δὲ,
2870 2683 3106 2751 ἀδελφοὶ,
3141 2684 3216 2752 μὴ
3246 2681 3592 2753 ἐκκακήσητε
3617 2675 3977 2732 καλοποιοῦν-

2430 2796 2539 2840 τες.
2578 2796 2596 2826 ³

2501 2867 2571 2918 Ἥ
2594 2865 2722 2934 περὶ
2741 2862 3108 2933 ἐλεημοσύνης
3126 2863 3304 2925 αὐτοῖς
3332 2861 3629 2931 λεληθότως
3643 2859 3980 2924 διαλέγεται,

2431 2960 2464 3028 ἢ
2502 2958 2658 3011 τοῦτο
2707 2955 2894 3022 λέγει,
2925 2951 3315 3015 Νουθετοῦντες
3357 2954 3483 3013 τοὺς
3517 2950 3591 3020 μὴ
3629 2949 3985 3018 βουλομένους

2432 3046 2758 3119 ἐργάζεσθαι
2811 3044 2886 3114 μὴ
2927 3044 3290 3112 ἀποκάμνετε.
3336 3042 3505 3095 Τοῦτο
3565 3041 3675 3110 γάρ
3726 3043 3843 3092 ἐστι
3879 3056 3984 3091 κα-

2434 3143 2690 3202 λοποιειν,
2721 3139 2848 3190 ὅταν
2884 3134 3115 3204 πονηρὸν
3142 3134 3263 3199 ἔθος
3287 3134 3589 3189 ἐκϐάλωσιν
3629 3135 3750 3195 ταῖς
3783 3148 3987 3201 παραι-

2359 3209 2403 3267 C
2436 3235 2660 3285 vé‘csct‘v.

2508 3344 2527 3375 ι
2568 3324 2702 3376 Εἰδέ
2730 3340 2813 3384 τις
2840 3324 2936 3391 οὐχ
2984 3321 3245 3373 ὑπακούει
3276 3317 3353 3386 τῷ
3399 3317 3542 3386 λόγῳ
3583 3315 3737 3385 ἡμῶν
3759 3313 3844 3366 διὰ
3886 3314 3992 3380 τῆς

2433 3415 2756 3482 ἐπιστολῆς,
2801 3413 2987 3466 τοῦτον
3041 3408 3400 3479 σημειοῦσθε,
3450 3409 3544 3459 καὶ
3586 3408 3659 3475 μὴ
3695 3406 3993 3470 συναναμὲ-

2433 3505 2627 3572 γνυσθε
2667 3503 2833 3571 αὐτῷ,
2865 3503 2952 3554 ἵνα
2973 3503 3211 3570 ἐντραπῇ
3241 3517 3252 3528 ·
3285 3499 3377 3551 καὶ
3413 3499 3485 3566 μὴ
3517 3497 3590 3560 ὡς
3617 3496 3807 3566 ἐχθρὸν
3834 3498 3991 3564 ἡγεῖ-

2436 3594 2550 3652 σθε.
2584 3592 2718 3647 ἀλλὰ
2749 3591 3048 3644 νουθετεῖτε
3076 3591 3150 3652 ὡς
3173 3589 3420 3655 ἀδελφόν.
3453 3588 3622 3649 Αὐτὸς
3648 3587 3704 3638 δὲ
3731 3587 3759 3637 ὁ
3783 3587 3991 3653 Κύριος

2433 3683 2533 3752 τῆς
2574 3684 2812 3752 εἰρήνης.
2860 3699 2878 3732 ι
3739 3691 3747 3702 “

2505 3774 2662 3824 Δοκεῖ
2684 3771 2876 3840 μετρία
2901 3765 3088 3838 εῖναιῆ
3113 3769 3350 3838 τιμωρία
3371 3770 3478 3828 τοῖς
3502 3766 3575 3836 μὴ
3592 3764 3958 3818 ὑπακούουσιν
3974 3779 3988 3792 ·

2443 3864 2556 3915 ἔστι
2583 3862 2639 3914 δὲ
2667 3879 2775 3913 των
2804 3860 3008 3930 σφόδρα
3042 3861 3252 3930 βαρέων
3300 3858 3406 3910 Τοῦ
3441 3859 3620 3927 γὰρέν
3646 3860 3852 3925 ὲρημια
3879 3856 3994 3908 διά-

2437 3971 2572 4019 γειν,
2609 3952 2709 4005 κᾶν
2760 3951 2899 4022 μέσῃ
2935 3954 3001 4021 τῇ
3053 3951 3202 4003 πόλει
3243 3950 3484 4019 τυγχάνῃ
3510 3988 3524 4009 ,
3565 3947 3618 3999 τί
3653 3947 3989 4016 βαρύτερον;

2438 4048 2550 4100 Καὶ
2572 4047 2773 4118 ταύτην
2802 4046 2880 4112 δὲ,
2934 4048 2993 4099 οὐ
3028 4047 3204 4116 μίσει,
3244 4045 3379 4098 ἀλλὰ
3412 4047 3596 4114 ἀγάπῃ
3627 4046 3690 4111 τῇ
3735 4043 3872 4112 πρὸς
3907 4044 3993 4095 τὸν

2437 4135 2865 4208 τιμωρούμενον,
2895 4139 3058 4190 ποιεῖ.
3092 4137 3181 4188 Διὸ
3223 4137 3314 4188 καὶ
3361 4137 3625 4202 ’πήγαγε,
3661 4133 3761 4186 καὶ
3798 4135 3885 4200 μὴ
3916 4134 3992 4196 ὡς

2440 4229 2657 4299 ἐχθρὸν
2681 4230 2941 4299 ἡγεῖσθε.

2516 4341 2534 4372 ι
2576 4320 2695 4390 Δῴη
2751 4321 2878 4390 ὑμῖν
2921 4320 3022 4388 τὴν
3055 4320 3278 4389 εἰρήνην
3317 4317 3404 4370 διὰ
3454 4316 3655 4378 παντὸς
3713 4316 3774 4367 ὲν
3833 4315 3996 4366 παντὶ

2441 4411 2643 4482 τρόπῳ.
2691 4412 2748 4464 '0
2778 4411 2977 4480 Κύριος
3006 4413 3142 4480 μετά
3182 4411 3396 4462 πάντων
3420 4407 3589 4478 ὑμῶν.
3617 4408 3674 4459 Ὀ
3706 4406 3996 4476 ἀσπασμὸς

2444 4505 2509 4574 τῇ
2538 4505 2643 4572 ἐμῇ
2672 4505 2814 4572 χειρὶ
2837 4501 3073 4554 Παύλου.
3126 4519 3144 4551 ι

2525 4593 2742 4662 Ἐπειδὴ
2771 4591 3098 4662 χωρίζεσθαι
3130 4591 3238 4644 τῶν
3292 4591 3540 4644 ἀτάκτων
3564 4587 3864 4658 παρῄνεσε,
3890 4586 4003 4639 δείε-

2447 4701 2653 4744 κνυσιν,
2701 4683 2778 4744 ὼς
2819 4683 2914 4751 ούχ
2972 4682 3110 4734 ἑκὼν
3149 4681 3309 4734 τοῦτο
3357 4680 3674 4749 πεποίηκεν,
3730 4678 3866 4730 ἀλλα
3927 4680 3999 4746 τῇ

2448 4775 2660 4843 ἀνάγκῃ
2692 4773 2944 4836 ἐνδιδούς.
2978 4773 3182 4825 Αὐτίκα
3227 4768 3319 4825 οὖν
3375 4771 3589 4840 εὔχεται
3632 4770 3870 4838 ἀργῆσαι
3899 4768 4004 4835 τὴν

2448 4864 2569 4916 κατ’
2598 4863 2774 4915 αὐτῶν
2802 4863 3070 4932 τιμωρίαν
3093 4902 3106 4925 ,
3143 4863 3386 4914 τουτέσ.ι
3431 4862 3517 4931 τὴν
3557 4860 3860 4920 διάστασιν,
3903 4859 4007 4909 καὶ

2448 4953 2538 5006 τὸν
2559 4953 2833 5023 χωρισμὸν
2858 4953 2947 5005 διὰ
2984 4953 3204 5014 παντὸς,
3235 4953 3324 5003 καὶ
3357 4954 3447 5002 ἐπὶ
3469 4952 3631 5002 παντὶ
3669 4952 3876 5018 τρόπῳ,
3901 4953 4009 5014 τὴν

2418 5045 2667 5115 ,εἰρήνην
2692 5045 2874 5105 αὐτοῖς
2903 5043 3263 5112 ἐπευχόμενος
3327 5043 3577 5111 Ἀργήσει
3616 5041 3692 5104 δὲ,
3729 5040 3970 5109 μεταϐαῖι.
3992 5069 4011 5080 -

2449 5135 2688 5203 λομένων
2719 5134 2958 5202 δηλονότι
2995 5132 3102 5185 τῶν
3135 5131 3317 5202 ἀργῶν
3342 5133 3419 5194 εἰς
3453 5132 3647 5200 ἄνδρας
3682 5131 4009 5193 σπουδαιο.-;

2453 5228 2544 5279 καὶ
2571 5225 2846 5296 ἐνεργούς.
3175 5241 3189 5258 ν
4049 5292 4052 5293 ν
4081 5211 4086 5213 ’

2528 5334 2546 5365 ι
2586 5316 2682 5377 ’ος
2706 5317 2820 5366 ἐστι
2854 5313 3120 5380 σημεῖονὲ
3181 5311 3326 5380 πάσῃ
3348 5311 3599 5378 ἐπιστολῇ
3620 5327 3632 5340 ·
3662 5309 3833 5371 οὕτως
3866 5313 4006 5376 γρᾶο

2454 5424 2556 5474 φω.
2592 5406 2656 5457 Ἠ
2683 5405 2837 5474 χάρις
2862 5404 2953 5455 τοῦ
2975 5403 3176 5473 Κυρίου
3201 5401 3354 5472 ἡμῶν
3397 5400 3566 5468 Ἰησοῦ
3597 5401 3830 5468 Χριστοῦ
3862 5402 4013 5468 μετὰ

2454 5499 2672 5550 πάντων
2706 5496 2875 5564 ὑμῶν.
2924 5496 3116 5563 ’Δμήν.
3155 5513 3173 5546 ι

2539 5587 2750 5656 Ἐπειδὴ
2787 5586 3081 5658 ἀρχόμενος
3106 5586 3203 5652 τῆς
3244 5583 3526 5650 ἐπιστολῆς
3579 5578 3756 5642 εἶπεν,
3789 5580 3872 5646 Mi;
3908 5597 4015 5631 ττι-

2458 5679 2672 5733 στεύετε
2693 5681 2804 5740 τοῖς
2830 5678 3252 5744 καταγγέλλουσι
3272 5675 3372 5752 ⁹νῦν
3396 5675 3490 5742 τὴν
3511 5672 3765 5741 δευτέραν
3793 5688 3858 5720 πα
3869 5687 4015 5735 ρον-

2461 5771 2578 5824 σίαν
2600 5768 2690 5822 τοῦ
2719 5768 2944 5837 Κυρίου,
2966 5768 3067 5820 κάν
3097 5768 3140 5818 εἰ
3169 5766 3374 5832 λέγοιεν
3395 5763 3465 5826 ὡς
3497 5764 3656 5832 ἡμεῖς
3679 5762 3746 5814 δι’
3777 5762 4012 5817 ἐπιστῦ-
