4214 6446
186 424 284 486 923

1360 418 1441 476 ΙΝ
1474 416 1707 477 EPIST.
1746 416 1844 475 AD
1880 415 2263 477 IiEBR/EOS.

3283 418 3390 486 930

183 532 282 602 λῆς
305 527 467 584 τοῦτο
498 528 763 598 δηλοῦμεν
785 544 798 557 ·
839 529 1028 581 τούτου
1074 530 1233 600 χάριν
1270 528 1509 583 διδάσκει
1537 525 1734 589 αὐτοὺς
1761 534 1804 585 Α
1836 534 1847 575 t

1724 542 1734 587 ς
1761 534 1804 585 Α
1836 523 1972 577 tiant
2004 528 2382 595 quantumvis
2418 528 2518 581 hoc
2551 543 2582 581 a
2609 529 2765 585 nobis
2796 530 2850 585 in
2873 529 3116 601 Epistola
3142 530 3388 586 declara-

187 624 282 675 καὶ
308 622 371 674 τὸ
401 624 620 689 σημεῖον
644 636 744 687 της
772 619 938 673 αὐτοῦ
965 620 1270 687 ἐπιστολης,
1295 620 1624 689 φοϐούμενος
1661 621 1733 691 μὴ

184 712 494 766 πλάσωνταί
527 729 598 775 τι,
631 710 706 774 ὡς
730 712 794 764 ἐκ
817 728 908 764 του
963 710 1265 764 Αποστόλου
1295 710 1558 781 πεμφθὲν.

184 977 344 1045 Πρὸς
386 974 851 1040 Θεσσαλονικεῒς
900 976 962 1039 ,β’
1016 975 1241 1045 ἐγράφη
1287 975 1406 1029 ἀπὸ
1463 975 1731 1045 Ἀθηνῶν.

780 1066 1007 1135 στίχων
1022 1066 1143 1134 pg’.

1835 622 1950 667 tum
1991 630 2113 669 esse
2145 625 2450 671 assererent
2479 635 2493 670 :
2523 617 2663 671 lianc
2700 619 2770 672 ob
2804 635 3027 674 causam
3073 619 3200 673 illos
3231 619 3390 674 docet

1833 721 1957 774 quae
1989 707 2060 758 sit
2091 718 2238 760 certa
2275 708 2579 762 litterarum
2608 724 2831 763 suarum
2872 722 3025 776 nota,
3070 720 3277 765 ventus
3314 725 3385 765 ne

1834 797 1960 864 quid
1991 796 2111 851 falsi
2152 798 2537 867 subjiceretur,
2579 810 2845 869 tanquam
2883 803 3112 857 missum
3145 810 3291 858 esset
3319 804 3389 857 ab

1836 889 2121 955 Apostolo.

1837 978 2077 1041 Secunda
2119 979 2187 1033 ad
2235 979 2721 1038 Thessalonicen“;
2770 985 2971 1052 scripta
3015 994 3093 1040 est
3139 985 3383 1043 Athenis.

2449 1070 2635 1127 Versus
2669 1076 2788 1131 106.

194 1282 3362 1321 W

819 1445 990 1532 ΕΙΣ
1071 1442 1709 1530 ΕΠΙΣΤΟΛΗΝ
1796 1445 2081 1530 ΠΡΟΣ
2160 1449 2703 1536 ΕΒΡΑΙΟΥΣ.

795 1783 915 1869 ΙΝ
1062 1783 1724 1877 EPISTOLAM

600 2124 990 2177 ΚΕΦΑΛΑΙΟΝ
1022 2122 1315 2177 ΠΡΩΤΟΝ.

254 2232 276 2265 ι
315 2199 641 2284 Πολυμερῶς
670 2216 760 2267 καὶ
801 2214 1146 2286 πολυτρόπως
1173 2215 1337 2268 πάλαι
1360 2215 1387 2267 ὁ
1415 2214 1455 2266 Ο
1485 2213 1542 2277 ὸς
1571 2213 1735 2283 λαλή-

186 2322 282 2367 σας
307 2309 418 2369 τοῖς
443 2306 708 2373 πατράσιν
730 2307 787 2357 ἐν
812 2309 921 2367 τοῖς
946 2306 1363 2377 προφήταις,ὲπ⁹
1383 2306 1608 2374 ἐσχάτου
1629 2305 1734 2356 τῶν

184 2398 409 2468 ἡμερῶν
442 2398 643 2450 τούτων
666 2398 925 2467 ἐλάλησεν
966 2401 1023 2451 ἐν
1057 2398 1190 2469 Υἱῷ.
1225 2418 1243 2451 ι

258 2493 401 2559 Ὅρα
432 2490 545 2541 mir
574 2490 724 2543 οὐδὲν
758 2490 816 2541 ἐν
844 2490 1165 2559 προοιμίοις,
1197 2489 1383 2559 ὥσπερ
1407 2488 1615 2551 εἴωθεν,
1652 2491 1728 2540 εἰ·

185 2582 325 2642 τὼν,
365 2581 424 2645 ἐξ
465 2582 633 2650 ἀρχῆς
671 2579 831 2641 εὐθὺς
864 2582 954 2633 ἐπὶ
997 2580 1064 2632 τὰ
1091 2580 1226 2649 βάθη
1274 2581 1381 2633 τῶν
1422 2583 1732 2651 μυστηρίων

182 2673 350 2740 ὁρμᾷ,
399 2671 611 2732 δεικνὺς
648 2669 746 2739 τῆς
789 2670 1145 2740 εὐαγγελικῆς
1185 2670 1450 2734 πολιτείας
1478 2672 1612 2741 πρὸς
1636 2673 1732 2742 τὴν

183 2764 414 2832 νομικὴν
460 2763 591 2815 πολὺ
645 2762 705 2815 τὸ
740 2762 902 2833 μέσον
944 2765 1207 2834 τυγχάνον
1232 2804 1246 2819 .
1277 2767 1369 2817 καὶ
1417 2766 1530 2827 πῶς
1579 2764 1732 2817 τοῦτο

182 2859 361 2917 ποιεῖ,
394 2856 565 2907 Πάλαι
588 2895 603 2918 ,
640 2855 821 2924 φησὶν,
857 2856 885 2907 ὁ
916 2855 1041 2918 Θεὸς
1070 2857 1158 2909 διὰ
1201 2857 1487 2927 προφητῶν
1531 2857 1729 2919 ἐλάλει,

181 2948 277 3000 καὶ
300 2963 473 2998 ταυτα
498 2948 967 3017 συνεσκιασμένως
987 2967 1001 2979 ο
1028 2949 1183 3003 τοῦτο
1206 2949 1311 3019 γὰρ
1340 2949 1595 3019 σημαίνει
1633 2948 1694 3000 τὸ
1714 2987 1728 3009 ,

182 3036 535 3103 πολυμερῶς
559 3037 657 3090 καὶ
683 3041 1067 3106 πολυτρόπως
1084 3057 1097 3070 ’
1124 3041 1238 3093 νυνὶ
1261 3041 1315 3093 δὲ
1345 3040 1411 3092 δι’
1434 3040 1596 3093 αὐτοῦ
1636 3040 1729 3092 τοῦ

183 3131 313 3183 Υἱοῦ
336 3148 350 3161 ’
402 3129 540 3181 ὥστε
598 3130 846 3182 τοσοῦτον
876 3130 1142 3185 δείκνυται
1177 3133 1237 3184 τὸ
1273 3131 1455 3201 μέσον,
1495 3133 1615 3185 ὅσον
1645 3132 1731 3183 δε-

183 3222 386 3270 στ-ότου
420 3218 513 3269 καὶ
546 3217 763 3271 δούλων.
814 3218 1047 3281 Εἰκότως
1085 3220 1139 3272 δέ
1169 3221 1320 3274 τοῦτο
1342 3222 1636 3290 πεποίηκεν
1674 3220 1731 3285 ἐξ

178 3310 377 3376 ἀρχῆς.
398 3308 491 3359 ἆτε
525 3307 598 3376 μὴ
622 3306 930 3378 χρῃζόντων
963 3309 1069 3360 τῶν
1103 3310 1391 3372 Ἰουδαίων,
1420 3309 1605 3381 ὥσπερ
1624 3311 1731 3363 τῶν

180 3398 357 3449 ἄλλων
384 3395 574 3460 ἐθνῶν,
598 3398 899 3466 εἰσαγωγῆς
923 3404 1313 3471 πνευματικῆς,
1336 3402 1453 3471 ἥτις
1480 3403 1537 3453 ἐν
1555 3418 1730 3471 προοι-

1877 1788 2023 1873 AD
2142 1788 2755 1877 HEBRIEOS-

2335 2114 2559 2171 CAPUT
2596 2113 2882 2171 PRIMUM.

1906 2210 2069 2266 γεγε.
2103 2212 2155 2272 1,
2183 2210 2237 2264 2.
2274 2227 2291 2260 ι
2330 2207 2682 2262 Multifariam
2717 2210 3015 2281 multisque
3044 2210 3221 2267 modis
3255 2213 3384 2269 olim

1833 2300 1976 2357 Deus
2033 2302 2264 2371 loquens
2324 2299 2573 2369 patribus
2624 2299 2676 2352 in
2728 2301 3027 2370 prophetis,
3086 2305 3386 2361 novissime

1832 2390 2023 2444 diebus
2064 2390 2186 2444 istis
2218 2389 2431 2443 locutus
2463 2396 2546 2442 est
2576 2388 2733 2443 nobis
2760 2389 2813 2441 in
2844 2388 3002 2445 Filio.
3046 2410 3064 2443 ι

1904 2482 2038 2536 Vide
2072 2498 2179 2553 quo
2208 2494 2388 2554 pacto,
2444 2482 2825 2551 prmtermissis
2854 2498 2975 2552 qua:
3008 2484 3063 2538 in
3100 2486 3385 2556 principiis

1831 2574 2205 2643 epistolarum-
2226 2590 2449 2628 suarum
2499 2572 2716 2643 praefari
2763 2586 3144 2641 consueverat,
3198 2581 3379 2633 statim

1833 2668 1896 2721 ad
1926 2668 2033 2719 alta
2059 2670 2439 2737 mysteriorum
2467 2665 2766 2729 contendit,
2798 2676 2855 2718 ut
2884 2667 3131 2720 ostendat
3166 2669 3385 2723 institu-

1833 2759 2033 2813 tionem
2087 2759 2452 2827 evangelicam
2514 2757 2676 2827 longo
2748 2758 3031 2812 intervallo
3082 2763 3287 2817 distare
3352 2780 3380 2817 a

1834 2854 2020 2923 legali.
2050 2851 2167 2917 Qua
2198 2867 2325 2904 vero
2358 2851 2569 2905 ratione
2600 2852 2651 2905 id
2690 2853 2951 2921 praestat?
2979 2852 3145 2918 Olim,
3185 2855 3382 2923 inquit,

1831 2945 1971 2998 Deus
2001 2941 2321 3011 loquebatur
2368 2956 2464 3010 per
2503 2942 2811 3011 prophetas,
2853 2944 3014 3013 idque
3054 2947 3286 3001 obscure
3327 2958 3382 3003 et

1834 3037 2133 3090 umbratica
2169 3035 2295 3105 (hoc
2335 3036 2481 3088 enim
2533 3035 2841 3103 signiﬁcant
2873 3037 2977 3090 illa:
3016 3054 3175 3092 voces
3204 3040 3384 3093 multi-

1832 3128 2029 3198 fariam
2080 3127 2358 3197 multisque
2393 3126 2615 3197 modis);
2648 3143 2793 3182 nunc
2820 3139 2997 3183 autem
3053 3132 3264 3186 locutus
3295 3141 3381 3187 est

1833 3236 1928 3290 per
1960 3219 2251 3287 ipsummet
2281 3217 2475 3271 Filium
2501 3235 2514 3270 :
2548 3218 2640 3271 ubi
2681 3221 3015 3274 tantumdem
3046 3223 3382 3281 discriminis

1831 3308 2096 3375 occurrit,
2123 3316 2385 3377 quantum
2412 3309 2555 3362 inter
2579 3309 2767 3362 herum
2799 3320 2851 3364 et
2878 3326 3084 3367 servos.
3118 3313 3381 3371 Consulto

1832 3407 2012 3454 autem
2057 3399 2156 3453 hoc
2185 3396 2310 3452 fecit
2342 3396 2597 3466 Epistolaa
2628 3397 2805 3458 initio,
2840 3400 3039 3468 quippe
3065 3416 3188 3455 cum
3219 3402 3383 3474 spiri-

181 3490 328 3556 μίοις
368 3488 681 3557 ᾡκονόμητο
720 3490 899 3558 πάσης
934 3469 1463 3560 snts101ﬁc,-6totb;
1506 3469 1730 3563 ἐπιστή-
1756 3469 1799 3525 C
1832 3500 1845 3546 1

1714 3522 1730 3533 -
1756 3469 1799 3525 C
1832 3491 1966 3546 tuali
2004 3490 2234 3560 quadam
2269 3487 2691 3547 introductione.
2733 3490 2877 3557 quali
2915 3490 2969 3543 in
2998 3491 3227 3546 aliarum
3251 3469 3378 3549 om—

180 3594 307 3645 μοσι
352 3578 443 3629 τοῦ
478 3579 638 3647 νόμου
670 3578 728 3643 ἐξ
752 3579 916 3632 αὐτοῦ
944 3581 1036 3633 τοῦ
1061 3582 1251 3649 βάθους
1277 3584 1384 3637 τῶν
1424 3585 1733 3655 μυστηρίων

176 3683 429 3720 απτεται.

1834 3585 1981 3637 nium
1996 3580 2229 3635 exordiis
2245 3578 2499 3632 utendum
2517 3586 2823 3639 censuerat,
2842 3576 3012 3634 Judzei
3038 3596 3378 3653 nequaquam

1833 3689 1969 3742 Opus
2007 3672 2295 3732 habebant,
2325 3668 2482 3737 227
2515 3668 2968 3736 quemadmodum
3008 3682 3198 3741 gentes
3234 3676 3377 3733 alite.

177 3755 451 3817 Quocirca
512 3762 766 3826 tanquam
822 3771 918 3815 eos
978 3748 1366 3829 alloqueretur,
1415 3766 1510 3835 qui
1565 3768 1721 3836 periti
1794 3774 1978 3823 essent
2024 3764 2181 3832 legis.
2240 3758 2623 3829 mysteriorum
2674 3760 2859 3813 statim
2952 3764 3377 3834 profunditatem

174 3855 437 3916 oet-Upat.

256 3961 276 3994 ι
325 3944 422 3995 Ὃν
453 3942 647 4013 ἔθηκεν
673 3946 1004 4019 κληρονόμον
1033 3952 1267 4017 πάντων,
1293 3953 1362 4005 δι’
1390 3948 1449 4008 οὗ
1483 3956 1577 4009 καὶ
1603 3960 1725 4022 τοὺς

177 4034 386 4095 αἰῶνας
412 4034 684 4103 ἐποίησεν.
711 4052 728 4085 ι

247 4123 435 4174 Εἰπὼν
466 4122 712 4193 περὶτοῦ
748 4124 905 4187 Υἱοῦ.
930 4125 1089 4190 εὐθὺς
1108 4128 1379 4183 ἐκτίθεται
1412 4132 1470 4185 τὸ
1513 4138 1720 4207 μυστή-

1904 3978 1921 4009 ι
1957 3958 2126 4023 Quem
2165 3951 2451 4009 constituit
2494 3950 2766 4007 heredem
2828 3953 3246 4021 universorum,
3279 3972 3383 4027 per

1830 4067 1988 4122 quem
2015 4050 2141 4104 fecit
2170 4058 2222 4102 et
2250 4047 2469 4101 saecula.
2506 4063 2526 4097 ι

1898 4139 2189 4208 Postquam
2246 4136 2444 4189 Filium
2491 4131 2820 4197 nominavit,
2879 4148 3003 4187 mox
3058 4136 3377 4206 mysterium

180 4231 318 4285 ριον,
346 4215 438 4268 τὸν
472 4215 632 4267 αὐτὸν
660 4215 789 4268 Θεὸν
820 4220 911 4270 καὶ
939 4220 1221 4290 ἄνθρωπον
1248 4226 1567 4291 ἐπιδεικνύς.
1599 4232 1721 4295 Πῶς
1821 4247 1844 4286 e

1712 4250 1721 4295 ;
1821 4229 2061 4300 exponit,
2090 4224 2445 4282 monstrando
2473 4225 2620 4278 hunc
2646 4224 2824 4293 ipsum
2849 4265 2864 4289 ,
2911 4234 2965 4278 et
3011 4224 3177 4280 Deum
3210 4229 3376 4283 simul

174 4305 280 4357 δὲο
302 4305 462 4357 τοῦτο
498 4307 674 4369 ποιεῖ;
714 4308 969 4374 Ἐθηκεν
1010 4312 1210 4379 αὐτὸν,
1241 4318 1391 4384 φησὶ.
1434 4322 1719 4387 κληρονό-

170 4412 291 4464 μον
344 4396 610 4449 πάντωνο
649 4398 823 4468 δηλῶν
854 4398 909 4451 δέ
938 4402 1017 4454 ὅτι
1067 4404 1174 4457 τῶν
1228 4406 1414 4475 ἐθνῶν,
1464 4413 1603 4465 κατὰ
1638 4415 1719 4467 τό·

175 4489 435 4553 Αἴτησαι
466 4489 599 4556 παρ’
629 4489 793 4555 ἐμοῦ,
820 4493 918 4545 καὶ
943 4493 1113 4548 δώσω
1143 4513 1242 4551 σοι
1266 4500 1406 4569 ἔθνη
1437 4507 1552 4573 τὴν
1578 4511 1722 4575 κλη.

170 4577 467 4668 ρονομίαν
490 4594 623 4668 σου.
654 4580 786 4633 Πότε
814 4583 869 4635 δέ
896 4584 1133 4651 τίθεται,
1161 4590 1191 4659 ἢ
1225 4591 1308 4642 ὅτε
1344 4595 1553 4665 εἴρηται
1592 4600 1724 4668 πρὸς

175 4665 360 4717 αὐτόν’
411 4666 554 4735 Ἐγὼ
576 4669 833 4739 σήμερον
884 4676 1205 4745 γεγέννηκά
1241 4696 1352 4746 σε;
1382 4686 1545 4738 Τοῦτο
1568 4665 1723 4751 δέεξς

175 4757 268 4807 τὸν
306 4756 494 4825 καιρὸν
527 4758 623 4826 τῆς
652 4763 961 4831 οἰκονομίας
988 4767 1319 4827 ἀπετείνετο,
1356 4773 1491 4826 Ἀλλ’
1545 4771 1717 4842 οὗτος,

1824 4334 1879 4377 et
1906 4322 2178 4374 hominem
2212 4332 2353 4373 esse.
2384 4314 2672 4381 Quomodo
2717 4330 2844 4369 vero
2878 4315 3060 4369 istud?
3090 4316 3373 4373 Constituit

1822 4434 1957 4479 eum,
1984 4416 2184 4485 inquit,
2213 4411 2467 4466 heredem
2508 4412 2905 4477 universorum;
2940 4412 3184 4483 gentium
3222 4415 3376 4470 vide—

1827 4509 1973 4570 licet,
2004 4504 2303 4560 secundum
2332 4502 2465 4556 illud
2500 4517 2515 4553 :
2550 4498 2772 4553 Postulo
2815 4518 2847 4553 a
2879 4516 2977 4561 me,
3013 4510 3062 4554 et
3091 4502 3227 4556 dabo
3276 4505 3369 4557 tibi

1828 4610 2000 4669 gentes
2036 4595 2391 4650 Itwreditatem
2411 4593 2477 4647 '°.
2502 4592 2855 4657 Quandonam
2887 4607 3016 4646 vero
3036 4595 3373 4652 constitutus

1824 4700 1924 4749 est,
1963 4686 2069 4741 nisi
2109 4683 2327 4755 quando
2357 4682 2565 4735 dictum
2605 4690 2688 4734 est
2734 4680 2826 4734 ei:
2877 4679 2985 4748 Ego
3031 4681 3182 4736 hodie
3215 4687 3368 4752 genui

1828 4788 1874 4831 ιε
1897 4778 1937 4807 δι
1958 4777 1980 4830 ?
2003 4774 2117 4830 Hoc
2145 4781 2324 4826 autem
2357 4770 2421 4823 ad
2471 4776 2681 4837 tempus
2714 4767 3135 4836 dispensationis
3176 4783 3369 4827 exten-

175 4845 292 4896 ότά
324 4844 451 4913 ἔθνη
487 4848 565 4908 είς
592 4848 789 4917 κλῆρον
820 4852 1129 4924 δεξάμενος,
1174 4861 1333 4924 αὑτός
1369 4866 1534 4926 ἐστιν,
1562 4867 1627 4919 δι’
1665 4864 1724 4920 οὗ
1754 4860 1800 4917 Ι)
1826 4886 1839 4922 ι

1704 4864 1724 4920 5
1754 4860 1800 4917 1)
1826 4869 1952 4922 dere
1986 4864 2172 4920 voluit.
2207 4863 2276 4916 At
2308 4862 2398 4915 ille
2419 4862 2507 4928 qui
2544 4866 2731 4928 gentes
2757 4861 2969 4929 accepit
2992 4862 3046 4914 in
3076 4864 3368 4919 haeredita-

174 4934 303 4994 τοὺς
353 4931 553 4995 αἰῶνας
608 4936 860 5007 ἐποίησεν
896 4943 923 4994 ό
952 4944 1158 5016 Πατήρ.
1190 4941 1287 5000 ’Ὧν
1313 4952 1417 5021 γὰρ
1472 4949 1581 5022 εἶχε
1620 4958 1724 5025 ,τὴν

1822 4969 1954 5023 tem,
2006 4958 2120 5027 ipse
2165 4962 2247 5008 est
2301 4968 2398 5021 per
2447 4965 2606 5019 quem
2657 4951 2857 5004 smeula
2909 4951 3148 5006 condidit
3185 4953 3367 5007 Pater.

172 5023 493 5075 δεσποτείαν
529 5027 659 5077 καθὸ
700 5028 830 5092 Θεὸς
868 5032 1037 5101 Λόγος
1060 5074 1074 5098 ,
1130 5040 1330 5092 τούτων
1383 5044 1592 5110 λέγεται
1628 5023 1725 5099 τόν
1820 5052 1836 5111 ς

1701 5066 1725 5095 ν
1820 5023 2059 5114 Quorum
2090 5047 2235 5101 enim
2264 5042 2600 5096 dominatum
2638 5042 2877 5104 tenebat,
2907 5050 3179 5110 quatenus
3223 5043 3364 5098 Deus

175 5114 381 5182 κλῆρον
410 5114 607 5180 λαϐεῖν,
642 5120 772 5172 καθὸ
813 5126 1046 5191 γεγονὼς
1102 5128 1380 5201 ἄνθρωπος
1420 5151 1430 5161 '
1465 5125 1562 5185 ὑπέ
1580 5176 1585 5183 .
1656 5160 1724 5199 ,ν

170 5208 240 5274 τῇ
268 5206 350 5268 εἰς
378 5206 539 5259 αὑτὸν
565 5210 742 5263 πίστει
769 5213 944 5267 πάντα
978 5218 1043 5271 τά
1078 5218 1223 5290 ἔθνη.
1450 5206 1459 5211 μ

249 5402 271 5435 ι
313 5387 409 5447 ὐς
435 5386 510 5438 ῶν
535 5388 872 5460 ἀπαύγασμα
925 5398 1024 5464 τῆς
1078 5397 1251 5468 δόξης,
1293 5402 1386 5453 καὶ
1437 5405 1718 5474 χαρακτὴρ

171 5474 274 5543 τῆς
309 5476 655 5542 ὑποστάσεως
693 5482 875 5548 αὑτοῦ,
928 5490 1105 5556 φέρων
1133 5506 1189 5541 τε
1218 5492 1282 5544 τὰ
1311 5494 1481 5547 πάντα
1511 5495 1586 5563 τῷ
1616 5498 1715 5565 ῥή-

229 5591 277 5620 ⁶⁶
326 5590 473 5646 Psal.
500 5609 558 5658 ιι,
589 5593 641 5647 8.
720 5598 762 5628 ⁸¹
800 5598 928 5654 ibid.
960 5602 1012 5660 Ἰ.

1823 5139 2055 5193 Verbum
2075 5148 2212 5200 erat,
2244 5136 2434 5189 horum
2460 5132 2823 5186 haereditatem
2858 5132 3107 5203 accipere
3131 5136 3359 5201 dicitur,

1822 5246 1926 5299 qua
1958 5230 2137 5283 iactus
2162 5236 2247 5281 est
2276 5228 2473 5280 homo:
2497 5233 2682 5293 gentes
2715 5224 3004 5280 universas
3027 5225 3280 5297 subjecit,
3304 5240 3361 5287 ut

1825 5321 1877 5373 iu
1901 5320 2076 5389 ipsum
2102 5316 2261 5371 ﬁdem
2288 5316 2568 5370 haberent.

1893 5406 2061 5461 Vsus.
2112 5406 2164 5458 3.
2225 5421 2243 5454 ι
2304 5402 2406 5467 Qui
2455 5415 2577 5455 cum
2639 5398 2712 5456 sit
2770 5401 3024 5470 splendor
3075 5401 3257 5472 gloria
3308 5414 3360 5456 ei

1823 5494 1993 5565 ﬁgura
2039 5492 2355 5547 substantiae
2387 5488 2531 5557 ejus,
2576 5498 2799 5558 portans
2825 5489 3008 5543 omnia
3040 5490 3205 5547 verbo
3250 5490 3363 5545 vir-

1406 5697 1635 5751 VAIHIE
1678 5698 2067 5754 LliC'l‘lONES.

244 5782 272 5810 ⁸
302 5775 561 5843 Ειηρηθο,
591 5778 679 5848 δή.
