4214 6446
840 389 942 456 931

1974 386 2035 443 S.
2067 382 2388 443 JOANNIS
2427 383 2855 442 DAMASCEN'I

3946 382 4052 448 932

844 505 977 559 tutis
1018 518 1149 566 suae,
1202 516 1294 571 per
1339 500 1578 570 seipsum
1618 500 1991 569 purgationem
2041 503 2391 564 peccatorum

2420 507 2462 557 Α
2495 512 2625 566 ματι
2677 494 2775 562 τῆς
2814 494 3095 562 δυνάμεως
3142 490 3327 556 αὑτοῦ,
3362 492 3432 546 δι’
3465 493 3659 547 ἑαυτοῦ
3714 494 4050 565 καθαρισμὸν

842 602 1152 647 nostrorum
1175 593 1407 653 faciens,
1442 589 1593 643 sedet
1610 589 1679 641 ad
1701 585 2292 655 dexteramgmajestatis
2334 585 2388 635 in

839 682 1093 734 excelsis.
1128 698 1148 731 ι

912 770 1149 823 ltursuni
1182 770 1309 824 vide
1335 768 1610 839 quomodo
1639 771 1784 823 hunc
1811 768 2066 823 eumdem
2097 766 2261 820 Deum
2296 779 2392 833 pa-

841 860 975 913 riter
999 870 1054 913 et
1101 862 1375 913 hominem
1408 876 1532 915 esse
1563 861 1927 915 demonstrat.
1977 858 2207 913 Perinde
2247 859 2389 911 enim

839 961 925 1004 est
954 966 1017 1004 ac
1046 952 1091 1005 si
1123 952 1328 1004 diceret
1358 970 1372 1005 :
1401 952 1507 1015 Qui
1553 967 1677 1004 cum
1727 954 1804 1006 sit
1847 953 2026 1005 lumen
2071 950 2137 1004 de
2187 950 2394 1003 lumine

841 1044 966 1109 (hoc
1004 1044 1145 1094 enim
1198 1043 1489 1111 splendore
1536 1042 1935 1111 significatur),
1987 1043 2213 1110 insuper
2244 1050 2299 1094 et
2335 1042 2388 1093 in

841 1135 1023 1201 seipse
1053 1132 1266 1186 Patrem
1298 1134 1542 1197 exhibet,
1566 1135 1867 1188 secundum
1896 1132 2028 1186 illud
2074 1151 2087 1185 :
2129 1131 2230 1195 Qui
2252 1130 2389 1183 videt

840 1240 939 1285 me,
965 1225 1099 1277 videt
1125 1236 1175 1276 et
1202 1224 1416 1278 Patrem
1445 1226 1490 1255 ⁶¹
1518 1228 1681 1295 (quod
1710 1228 1871 1294 plane
1898 1225 2041 1278 idem
2081 1232 2168 1278 est
2207 1231 2389 1290 atque,

837 1316 1005 1383 ﬁgura
1050 1328 1098 1368 et
1137 1319 1407 1370 character
1440 1320 1752 1371 substantia:
1788 1317 1948 1385 ejus).
1984 1316 2079 1369 Ille
2112 1314 2280 1376 enim,
2310 1313 2392 1365 in-

835 1410 981 1472 quit,
1015 1418 1298 1477 postquam
1326 1410 1508 1463 lactus
1538 1418 1619 1464 est
1651 1412 1832 1469 hoino,
1869 1417 1923 1462 et
1948 1415 2174 1478 peccata
2204 1417 2392 1458 nostra

836 1502 1071 1564 portavit
1107 1501 1230 1565 (hoc
1259 1500 1461 1568 quippe
1491 1501 1650 1553 verba
1678 1500 1764 1552 illa
1803 1500 2038 1551 innuunt
2066 1515 2079 1549 :
2107 1498 2384 1565 purgatio-

837 1606 951 1641 nem
999 1601 1329 1658 peccatorum
1382 1592 1625 1660 faciens),
1678 1593 1930 1645 absoluto
1962 1590 2392 1657 dispensationis

835 1682 1035 1736 divime
1056 1685 1338 1751 mysterio,
1359 1695 1668 1752 assumptus
1694 1694 1779 1737 est
1798 1699 1920 1735 cum
1946 1683 2139 1751 gloria,
2158 1690 2211 1734 et
2237 1682 2393 1734 sedet

836 1772 890 1822 in
917 1770 1092 1823 Patris
1123 1773 1333 1825 dextra.
1370 1773 1505 1826 Dum
1535 1784 1716 1827 autem
1766 1772 1946 1833 audis,
1988 1771 2057 1823 ad
2092 1771 2389 1836 dexteram,
2416 1780 2421 1785 ‘

2491 586 2855 655 ποιησάμενος
2912 586 3021 638 τῶν
3079 586 3367 655 ἁμαρτιῶν
3419 586 3613 658 ἡμῶν,
3683 585 3939 639 ἐκάθισεν
3994 588 4051 639 ὲν

2487 676 2637 747 δεξιᾷ
2663 679 2762 745 τῆς
2794 678 3184 746 μεγαλωσύνης
3212 678 3271 730 ὲν
3298 678 3544 745 ὑψηλοῖς.
3582 696 3604 729 ι

2561 769 2701 838 Ὅρα
2722 769 2836 830 πῶς
2869 769 3033 821 πάλιν
3061 771 3194 837 ἡμῖν
3221 769 3312 821 τὸν
3358 768 3490 820 Θεὸν
3519 767 3653 837 ὁμοῦ
3684 767 3924 821 δείκνυσι
3955 770 4049 819 καί

2491 861 2803 930 ἄνθρωπον.
2831 861 3057 929 Ὅμοιον
3083 860 3192 930 γὰρ
3215 861 3290 923 ὠς
3321 862 3369 911 εί
3399 859 3545 927 λέγοι
3565 876 3581 889 ·
3610 861 3726 919 Φῶς
3748 858 3822 911 ὢν
3857 860 3924 910 ἐκ
3942 878 4050 924 9w-

2490 954 2579 1014 τὸς
2603 951 2778 1021 (τοῦτο
2812 952 2918 1022 γὰρ
2943 951 3025 1014 τὸ,
3038 950 3395 1022 ἀπαύγασμα,
3416 950 3612 1021 δηλοῖ),
3654 952 3744 1004 καὶ
3771 955 3829 1004 ὲν
3865 951 4047 1021 ἑαυτῷ

2489 1048 2578 1099 τὸν
2628 1046 2842 1114 Πατέρα
2879 1046 3139 1107 δείκνυσι,
3205 1045 3345 1097 κατὰ
3385 1044 3483 1107 τὸ,
3529 1044 3591 1096 ’0
3634 1043 3904 1110 ἑωρακώς
3951 1059 4041 1110 με,

2487 1136 2709 1204 ἑώρακε
2744 1136 2849 1187 τὸν
2877 1136 3133 1202 Πατέρα·
3185 1134 3343 1187 τοῦτο
3395 1133 3505 1203 γάρ
3562 1135 3698 1197 ἐστι,
3743 1132 4045 1202 χαρακτῑαῖ

2487 1228 2597 1293 τῆς
2633 1227 3027 1291 ὑποστάσεως
3083 1227 3292 1279 αὑτοῦ.
3354 1220 3544 1291 Οὗτος,
3599 1228 3756 1295 φησὶ,
3806 1227 4045 1294 γεγονὼς

2488 1317 2790 1387 ἄνθρωπος,
2817 1318 2915 1369 καὶ
2961 1317 3057 1381 τὰς
3104 1318 3380 1387 ἁμαρτίας
3431 1317 3589 1386 ἡμῶν
3642 1317 3917 1386 βαστάσας
3948 1334 3959 1343 ·
3987 1316 4047 1368 τὸ

2488 1407 2618 1477 γὰρ,
2667 1410 3036 1476 καθαρισμὸν
3084 1407 3204 1461 τῶν
3255 1407 3552 1476 ἁμαρτιῶν
3602 1407 4042 1476 ποιησάμενος,

2486 1498 2646 1551 τοῦτο
2703 1498 2869 1567 δηλοῖ.
2942 1499 3112 1551 Πάλιν
3165 1498 3459 1568 πληρώσας
3492 1498 3554 1551 τὸ
3581 1498 3677 1567 τῆς
3733 1498 4043 1565 οἰκονομίας

2491 1589 2811 1658 μυστήριον,
2875 1589 3151 1658 ἀνελήφθη
3183 1593 3243 1643 ὲν
3270 1590 3417 1660 δόξῃ,
3469 1588 3694 1641 ἐκάθισε
3722 1605 3781 1640 τε
3811 1589 3871 1640 ὲν
3895 1587 4045 1655 δεξιᾷ.

2487 1679 2578 1731 τοῦ
2640 1680 2869 1749 Πατρός.
2917 1680 2991 1732 Τὸ
3021 1680 3077 1733 δὲ
3117 1681 3186 1733 ἐν
3224 1679 3414 1745 δεξιᾷ,
3476 1680 3594 1744 καὶ,
3637 1680 3707 1732 ὲν
3741 1680 4044 1746 ὑψηλοῖς,

2489 1769 2725 1837 ἀκούων,
2747 1771 2823 1843 μὴ
2848 1773 3011 1825 τόπον
3034 1783 3061 1821 P
3080 1773 3251 1834 αὑτὰς
3274 1773 3546 1841 σημασίας
3570 1771 3830 1842 λάμϐανεο
3848 1771 4047 1839 ἀπέρε-

832 1869 908 1921 et,
942 1861 997 1912 in
1022 1863 1265 1925 excelsis,
1299 1878 1366 1915 ne
1399 1864 1515 1916 ioca
1546 1864 1612 1916 iis
1634 1864 1859 1917 vocibus
1883 1863 2129 1916 denotari
2156 1862 2384 1916 arbitre-
2413 1874 2415 1925 ᾗ

2413 1873 2730 1931 Βγραπτον
2791 1862 2899 1932 γὰρ
2965 1864 3026 1915 τὸ
3068 1864 3255 1915 Θείον·
3310 1864 3446 1916 ἀλλὰ
3501 1864 3835 1932 (θεοπρεποῦς
3885 1861 4046 1929 δόξης

834 1952 957 2016 ris(
993 1952 1131 2005 Deus
1168 1953 1433 2021 siquidem
1467 1954 1977 2022 incircumscriptus
2010 1953 2138 2021 est),
2169 1952 2265 2005 sed
2300 1952 2383 2005 di-

831 2043 1014 2094 vinam
1047 2043 1231 2109 potius
1263 2046 1490 2112 gloriam
1525 2053 1579 2097 et
1608 2046 1914 2098 claritatem
1953 2044 2215 2112 intellige.
2247 2039 2379 2094 lllud

832 2146 1034 2198 autem,
1058 2144 1275 2202 portans
1302 2139 1500 2197 onmia,
1531 2138 1673 2190 idem
1729 2144 1817 2190 est
1850 2150 1915 2190 ac
1957 2138 2137 2187 omnia
2181 2133 2382 2203 guber-

832 2241 971 2279 nans
998 2236 1052 2279 et
1084 2226 1495 2281 administrans.
1524 2224 1661 2279 Nam
1700 2228 1882 2280 omnia
1911 2224 2006 2294 per
2035 2225 2209 2294 ipsum
2241 2224 2380 2275 faeta

831 2328 981 2380 sunt,
1004 2328 1059 2373 et
1085 2320 1416 2382 consistunt,
1441 2328 1502 2374 ut
1523 2321 1577 2373 in
1608 2321 1879 2375 concione
1912 2318 2118 2372 Paulus
2147 2317 2375 2371 dixerat.

831 2411 977 2465 Bene
1016 2426 1145 2464 vero
1175 2413 1272 2475 ait,
1302 2421 1520 2479 portans
1567 2413 1745 2464 omnia
1790 2410 1962 2471 verba.
2002 2418 2061 2463 ut
2085 2410 2265 2479 palam
2299 2407 2380 2460 fa-

826 2501 940 2556 ciat
965 2517 1088 2555 eum
1114 2502 1398 2557 universas
1426 2518 1514 2557 res
1543 2503 1814 2565 conditas,
1864 2502 1979 2556 sive
2036 2498 2375 2569 superiores,
2404 2498 2409 2501 ’

830 2593 947 2646 sive
971 2591 1278 2657 inferiores,
1304 2592 1524 2648 facilius
1556 2609 1718 2664 quam
1749 2592 1875 2662 quis
1907 2589 2132 2647 minima
2170 2588 2380 2643 levissi-

2477 1952 2796 2021 δηλωτικάς.
2830 1955 2902 2005 Τὸ
2929 1955 2986 2006 δὲ
3012 1954 3208 2022 φέρων
3239 1955 3310 2008 τὰ
3335 1955 3551 2018 πάντα,
3600 1955 3723 2007 ἀντὶ
3746 1953 3841 2004 τοῦ
3864 1991 3882 2015 ,
3912 1953 4043 2004 διοι-

2478 2044 2591 2097 κῶν
2658 2046 2754 2097 καὶ
2799 2044 3096 2115 κυϐερνῶν,
3145 2048 3344 2099 κεῖται.
3385 2046 3464 2097 Δι’
3493 2044 3657 2097 αὑτοῦ
3698 2043 3807 2113 γὰρ
3859 2042 4045 2095 πάντα

2478 2137 2716 2204 ἐγένετο,
2746 2137 2839 2187 καὶ
2866 2137 3215 2207 συνέστηκεν,
3248 2137 3324 2201 ὡς
3357 2137 3415 2190 ἐν
3442 2137 3808 2206 δημηγορίᾶις
3829 2136 3862 2187 ὁ
3894 2133 4042 2187 Παῦε

2478 2225 2567 2287 λος
2592 2225 2715 2296 ἔφη.
2752 2224 2824 2279 Εὖ
2856 2227 2912 2279 δὲ
2939 2228 3018 2292 τὸ,
3047 2227 3327 2295 φέρων-ἐν
3346 2228 3426 2292 τῷ
3444 2229 3689 2296 ῥήματι,
3726 2228 3815 2280 ἴνα
3863 2226 4039 2297 δείξῃ.

2480 2317 2556 2379 ὡς
2579 2316 2675 2386 τὴν
2707 2317 3001 2388 σύμπασαν
3035 2319 3233 2383 κτίσιν,
3264 2319 3366 2390 τὴν
3401 2320 3534 2385 ἄνω,
3574 2320 3671 2389 τὴν
3703 2320 3873 2381 κάτω,
3930 2318 4042 2369 ὦσ-

2482 2422 2588 2477 περ
2606 2408 2655 2459 οἱ
2681 2406 2749 2459 τὰ
2779 2408 2920 2460 πάνυ
2953 2410 3127 2480 μικρὰ
3154 2410 3249 2462 καί
3287 2411 3645 2480 εὖπαρὰφορα
3683 2410 3887 2481 μᾶλλον
3946 2407 4041 2461 δα-

2482 2497 2679 2550 κτύλου
2715 2497 3009 2563 κινοῦντες,
3064 2498 3236 2563 οὕτως
3287 2501 3447 2563 αὐτὸς
3469 2502 3672 2571 ῥήματι
3700 2501 3770 2554 τὰ
3798 2500 4037 2567 ἐπίγεια,

2481 2588 2552 2641 τὰ
2570 2589 2815 2659 οὐράνια,
2846 2591 2912 2644 τὰ
2933 2592 3231 2661 ἐπουράνια
3260 2591 3438 2662 φέρει.

829 2701 1023 2755 nisque
1077 2685 1247 2755 digito
1301 2696 1536 2751 moveat,
1590 2700 1843 2742 sermone
1889 2699 1992 2740 suo
2043 2690 2377 2746 sustentare,
2414 2679 2551 2749 sive,
2599 2682 2844 2752 inquam,
2887 2692 3177 2739 terrestres
3216 2698 3295 2739 ea:
3326 2684 3476 2748 sint,
3553 2683 3670 2739 sive
3744 2683 4034 2749 calcata,

832 2778 950 2832 sive
973 2776 1134 2830 etiam
1175 2777 1522 2831 sublimiores
1547 2778 1710 2831 caelo.

899 2891 1064 2947 Vens.
1111 2892 1166 2955 ι,
1218 2890 1271 2944 5.
1307 2909 1327 2941 ι
1361 2890 1541 2945 Tanto
1606 2891 1802 2945 melior
1858 2888 2070 2960 angelis
2126 2886 2372 2951 eﬂectus,

826 2991 1033 3051 quanto
1059 2981 1400 3036 diﬂ'erentius
1440 2997 1552 3051 pra:
1594 2982 1705 3035 illis
1763 2997 1960 3035 nomen
2013 2978 2373 3036 lmreditavit.

827 3073 930 3128 Cui
959 3076 1100 3128 enim
1132 3074 1267 3127 dixit
1297 3074 1592 3143 aliquando
1616 3074 1935 3141 angelorum
1965 3092 1979 3126 :
2010 3071 2182 3126 Filius
2220 3084 2376 3125 meus

827 3178 891 3217 es
913 3169 994 3227 tu,
1019 3176 1116 3231 eg:
1148 3162 1310 3216 hodie
1334 3162 1495 3230 genui
1531 3161 1618 3215 te?
1653 3172 1706 3215 et
1737 3176 1954 3216 rursum
1987 3179 2001 3215 :
2032 3161 2146 3232 Ego
2171 3174 2270 3214 ero
2298 3157 2373 3212 illi

830 3252 888 3305 in
913 3257 1144 3321 patrem,
1174 3259 1231 3305 et
1255 3251 1375 3320 ipse
1399 3251 1505 3304 erit
1528 3250 1661 3304 mibi
1693 3250 1749 3304 in
1780 3249 1975 3304 (ilium.
2010 3268 2031 3301 ι

899 3452 1167 3519 Quoniam
1216 3451 1615 3506 incarnationis
1644 3452 1960 3523 mysterium
2006 3452 2373 3523 pradicando,

2553 2904 2573 2935 ι
2600 2879 2849 2950 Τοσούτῳ
2876 2880 3138 2951 κρείττων
3160 2882 3450 2950 γενόμενος
3476 2878 3587 2931 τῶν
3612 2878 3884 2947 αγγέλων,
3930 2892 4038 2950 σσῳ

2478 2973 2874 3049 διαφορώτερον
2926 2974 3057 3044 παρ’
3110 2972 3308 3033 αὐτοὺς
3350 2969 3791 3040 ἐκληρονόμησεν
3840 2971 4033 3041 ὄνομα.

2480 3070 2600 3122 Τίνι
2636 3067 2745 3138 γὰρ
2777 3062 2897 3119 ε’ίπέ
2952 3082 3085 3117 ποτε
3124 3063 3234 3116 τῶν
3263 3062 3545 3129 ἀγγέλων
3583 3061 3710 3124 Υἱός
3746 3078 3847 3129 μου
3873 3059 3926 3114 εἴ
3947 3062 4032 3128 σὺ,

2480 3160 2593 3226 ἐγὼ
2651 3162 2888 3229 σήμερον
2923 3155 3231 3225 γεγέννηκά
3268 3170 3328 3205 σε
3352 3170 3365 3216 ;
3391 3152 3485 3205 καὶ
3513 3151 3692 3215 πάλιν,
3738 3152 3881 3221 Ἐγὼ
3922 3152 4035 3205 ἔσο-

2398 3279 2443 3337 C
2480 3269 2581 3321 μαι
2640 3249 2786 3319 αὐτῷ
2829 3250 2909 3308 είς
2957 3246 3191 3313 πατέρα,
3250 3243 3346 3295 καὶ
3403 3241 3564 3304 αὐτὸς
3607 3241 3762 3293 ἔσται
3811 3259 3906 3310 μοι
3960 3242 4035 3303 εἰς

2471 3343 2608 3403 υἱόν.
2653 3358 2672 3389 ι
3640 3332 3647 3337 ’

2552 3471 2770 3542 Ἐπειδὴ
2795 3470 2859 3523 τὸ
2875 3468 2973 3537 τῆς
3022 3465 3332 3535 οἰκονομίας
3383 3465 3676 3536 κηρύσσων
3703 3464 4029 3535 μυστήριον,

832 3545 929 3599 Dei
962 3542 1159 3597 Filium
1213 3546 1288 3598 ait
1327 3545 1563 3613 seipsum
1612 3545 1950 3608 liumiliasse,
2003 3544 2178 3599 forma
2230 3545 2375 3601 servi

2471 3563 2928 3622 τεταπεινωκέναι
2963 3559 3152 3613 ἑαυτὸν
3205 3558 3331 3627 ἔφη,
3380 3557 3618 3611 λαϐόντα
3665 3555 3859 3609 δούλου
3898 3572 4034 3625 μορ-

829 3642 1083 3702 accepta;
1112 3647 1230 3687 eam
1259 3633 1332 3687 ob
1358 3648 1471 3686 rem
1495 3633 1643 3685 ἰιιιιιιι
1675 3633 1893 3687 confert
1914 3648 2036 3687 eum
2068 3634 2297 3704 angelis,
2316 3642 2377 3688 ut

833 3724 1098 3795 approbet
1126 3724 1301 3789 illum,
1326 3726 1539 3778 tametsi
1562 3724 1735 3778 factus
1775 3732 1861 3779 est
1893 3724 2079 3788 homo,
2100 3726 2374 3779 nihilomi-

830 3831 934 3869 nus
970 3830 1090 3870 csse
1134 3814 1300 3870 Deum
1349 3823 1405 3869 et
1450 3815 1778 3869 Dominum:
1813 3825 1975 3886 atque
2004 3818 2107 3871 hoc
2134 3832 2378 3872 momen-

828 3915 971 3971 tum,
1006 3922 1117 3961 rem
1152 3907 1317 3962 altius
1346 3907 1669 3976 repetendo,
1707 3908 1991 3963 confirmat
2022 3925 2090 3963 ex
2137 3909 2374 3979 prophe-

828 3998 924 4062 tis,
955 4006 1016 4051 ut
1040 4011 1196 4052 nemo
1228 4000 1458 4052 assertis
1486 4000 1601 4052 suis
1634 3998 1831 4055 audeat
1856 4001 2255 4055 contradicere.

898 4109 1064 4178 228
1098 4109 1262 4163 Vens.
1292 4108 1406 4163 6-8.
1453 4126 1472 4159 ι
1524 4110 1589 4163 Et
1639 4126 1764 4163 cum
1815 4112 2015 4167 iterum
2075 4112 2377 4167 introducit

829 4199 1248 4270 primogenitum
1305 4200 1359 4252 in
1408 4199 1593 4253 orbein
1640 4210 1820 4266 terrae,
1849 4201 2025 4256 dicit:
2059 4201 2125 4255 Et
2149 4203 2378 4257 adorent

828 4305 955 4345 cum
985 4305 1176 4345 omnes
1209 4291 1389 4359 angeli
1422 4290 1555 4355 Dei;
1588 4299 1643 4346 et
1680 4294 1747 4346 ad
1793 4294 2011 4362 angelos
2037 4293 2257 4363 quidem
2288 4295 2376 4349 di-

831 4381 908 4436 cit
939 4401 954 4436 :
984 4382 1088 4447 Qui
1120 4380 1250 4435 facit
1278 4382 1500 4451 angelos
1533 4398 1665 4437 suos
1701 4384 1950 4452 spiritus,
1992 4393 2048 4439 et
2095 4386 2377 4442 ministros

830 4485 965 4527 suos
990 4474 1259 4526 tlammam
1285 4472 1447 4543 ignis.
1467 4473 1549 4526 Ad
1580 4471 1771 4528 Filium
1801 4485 1979 4531 autem
2005 4498 2017 4529 :
2042 4494 2062 4526 ι

2487 3660 2594 3730 φήν
2627 3674 2642 3689 ·
2669 3655 2858 3709 τούτου
2885 3653 3043 3722 χάριν
3068 3649 3317 3719 ἀγγέλοις
3373 3648 3536 3701 αὑτὸν
3591 3649 3896 3716 συγκρίνει,
3930 3649 4035 3700 65i-

2473 3754 2635 3810 κνὺς,
2685 3746 2761 3808 ὡς
2817 3745 2898 3798 ὅτι
2934 3743 3030 3797 καὶ
3086 3740 3325 3809 γεγονὼς
3373 3738 3680 3810 ἄνθρωπος,
3725 3737 3881 3789 οὐδὲν
3935 3732 4035 3804 ἦτ-

2473 3840 2563 3894 τόν
2595 3841 2709 3891 ἐστι
2742 3835 2873 3897 Θεὸς
2904 3834 2997 3886 καὶ
3038 3832 3331 3900 Δεσπότης,
3365 3829 3461 3882 καὶ
3509 3830 3600 3880 τὸν
3629 3826 3817 3893 ἀγῶνα
3843 3826 4033 3878 τοῦτον

2473 3930 2674 3984 ἀνωθεν
2716 3930 2781 3980 ὲκ
2815 3925 3109 3995 προφητῶν
3162 3923 3532 3992 ἰσχυροποιεῖ,
3567 3921 3713 3981 ὅπως
3741 3916 3808 3968 ἂν
3841 3916 4033 3987 μηδεὶς

2472 4020 2771 4089 ἀντιλέγειν
2800 4018 2897 4088 ἔχῃ
2934 4018 3044 4077 τοῖς
3073 4013 3403 4083 λεγομένοις.

2544 4132 2711 4186 Ὅταν
2740 4129 2797 4183 δὲ
2825 4128 2987 4181 πάλιν
3013 4125 3283 4194 εἰσαγάγῃ
3306 4124 3401 4175 τὸν
3430 4119 3771 4192 πρωτότοκον
3804 4122 3888 4182 εἰς
3929 4120 4034 4190 τὴν

2472 4220 3005 4292 οἰκουμένην,λέγει·
3030 4216 3143 4270 Καὶ
3158 4214 3686 4285 προσκυνησάτωσαν
3713 4212 3866 4281 αὐτῷ
3890 4216 4031 4264 παν-

2472 4332 2562 4377 τες
2584 4312 2802 4381 ᾶγγελοι
2827 4310 2990 4363 Θεοῦ’
3022 4310 3122 4362 καὶ
3143 4307 3281 4376 πρὸς
3310 4305 3412 4376 μὲν
3467 4303 3595 4366 τοὺς
3644 4301 3913 4369 ἀγγέλους
3940 4300 4033 4353 λέ-

2473 4422 2560 4474 γει
2581 4422 2596 4435 ·
2636 4405 2694 4457 Ὀ
2722 4402 2890 4456 ποιῶν
2908 4401 3035 4462 τοὺς
3070 4398 3334 4466 ἀγγέλους
3370 4394 3536 4450 αὑτοῦ
3595 4393 3899 4460 πνεύματα,
3937 4394 4035 4444 καὶ

2473 4496 2596 4556 τοὺς
2619 4491 2960 4561 λειτουργοὺς
2985 4488 3150 4542 αὐτοῦ
3200 4485 3371 4555 πυρὸς
3420 4482 3616 4552 φλόγα.
3678 4481 3823 4550 Πρὸς
3846 4481 3907 4533 δὲ
3941 4482 4036 4533 τὸν

2405 4616 2450 4671 D
2478 4585 2627 4637 Υἱόν.
2656 4603 2675 4635 ι

898 4662 979 4720 Ne
1005 4665 1281 4735 negotium
1314 4664 1549 4721 facessat
1586 4666 1708 4734 tibi,
1757 4669 1968 4738 inquit,
1998 4671 2143 4740 quod
2184 4672 2376 4728 audias

827 4772 954 4812 eum
977 4755 1186 4825 angelis
1218 4755 1379 4826 paulo
1407 4759 1671 4814 minorem
1691 4774 1814 4815 esse
1833 4759 2062 4816 factum.
2088 4760 2222 4816 Nam
2254 4763 2377 4818 vide

834 4849 1031 4899 iterum
1060 4845 1285 4914 quinam
1320 4845 1410 4901 ille
1436 4849 1658 4905 exsistit
1684 4850 1828 4906 Deus
1860 4870 1874 4907 :
1900 4867 2024 4907 cum
2055 4868 2249 4924 nempe
2278 4870 2376 4910 an-

829 4937 936 5007 geli
980 4951 1201 5006 quoque
1246 4938 1423 5007 ipsum
1455 4940 1702 4998 adorent.
1744 4944 1849 4999 Ubi
1882 4954 2061 5000 autem
2103 4947 2160 4999 in
2203 4947 2373 5000 orbem

833 5037 988 5082 terra
1027 5026 1245 5094 dicitur,
1284 5028 1377 5082 alii
1406 5039 1605 5085 terram
1638 5034 1796 5088 istam
1828 5035 2123 5104 accipiunt,
2164 5037 2258 5091 alii
2286 5037 2374 5091 fu-

833 5127 1033 5172 turam.
1086 5115 1389 5190 Utrumque
1438 5137 1570 5177 vero
1609 5125 1911 5194 appositum
1961 5134 2063 5181 est.
2100 5126 2164 5181 Et
2200 5139 2367 5192 certe,

848 5209 963 5265 tum
990 5206 1412 5276 dispensationis
1445 5215 1760 5283 mysterium
1793 5217 2042 5286 gerebat,
2078 5221 2252 5288 angeli
2285 5222 2364 5285 ei,

848 5304 933 5352 ten
959 5296 1188 5352 Domino
1218 5314 1339 5365 suo,
1378 5305 1794 5360 ministrabant:
1831 5308 2089 5378 itemque.
2117 5310 2362 5378 subjectis

900 5450 949 5483 "
984 5449 1143 5509 Joan.
1174 5469 1284 5520 xiv,
1316 5456 1371 5510 9.

2546 4695 2637 4765 Μὴ
2694 4693 2992 4762 θορυϐείτω
3018 4705 3077 4741 σε
3102 4731 3118 4755 ,
3153 4688 3319 4757 φησὶ,
3350 4687 3413 4740 τὸ
3458 4684 3688 4739 ἀκοῦσαι
3752 4683 3930 4754 βραχὺ
3979 4700 4037 4734 τι

2472 4783 2601 4854 παρ’
2642 4782 2904 4850 ἀγγέλους
2937 4778 3100 4831 αὑτὸν
3152 4775 3523 4830 ἐλαττοῦσθαι.
3549 4774 3693 4844 Ὅρα
3736 4773 3850 4843 γὰρ
3910 4772 4037 4832 πῶς

2471 4869 2635 4921 πάλιν
2660 4870 2773 4920 ἐστὶ
2799 4867 2950 4930 Θεὸς,
2983 4865 3116 4917 ὅπου
3140 4880 3203 4930 γε
3226 4863 3321 4916 καὶ
3366 4861 3586 4930 ἄγγελοι
3630 4856 4036 4929 προσκυνοῦσιν

2469 4958 2636 5029 αὐτῷ.
2670 4958 2744 5010 Τὸ
2770 4958 2849 5021 δὲ,
2879 4959 2963 5017 εἰς
2993 4954 3106 5021 τὴν
3148 4951 3522 5020 οἰκουμένην,
3542 4953 3590 5002 οἱ
3623 4949 3723 5018 μὲν
3777 4949 3877 5017 τὴν
3925 4940 4033 4996 ὧδε

2469 5051 2749 5117 λέγουσιν,
2802 5051 2850 5100 οἱ
2876 5048 2933 5099 δὲ
2974 5048 3072 5116 τὴν
3129 5044 3441 5111 μέλλουσαν.
3476 5040 3785 5110 Ἀμφότερα
3813 5039 3869 5089 δὲ
3914 5036 4033 5104 ἔχει

2474 5140 2673 5202 καλῶς.
2708 5137 2819 5191 Καὶ
2844 5137 2905 5188 τὸ
2927 5138 3025 5203 τῆς
3064 5132 3375 5200 οἰκονομίας
3429 5130 3722 5199 μυστήριον
3784 5125 4009 5179 τελοῦντ

2474 5225 2641 5293 αὐτῷ.
2689 5223 2968 5294 διηκόνουν
2998 5223 3073 5285 ὼς
3104 5221 3345 5288 Δεσπότῃ
3376 5220 3427 5271 οἱ
3461 5218 3679 5285 ἄγγελοι
3712 5230 3726 5244 ·
3765 5216 3859 5269 καὶ
3903 5217 4035 5266 ἑπο-

2475 5314 2639 5383 ρεύθη
2668 5314 2725 5365 ὲν
2756 5314 3002 5382 οὑρανοὶς
3026 5352 3041 5376 ,
3073 5310 3488 5378 ὑποταγέντων
3538 5306 3698 5371 αὑτῴ
3729 5305 4031 5375 ἀγγέλων,

2072 5614 2301 5671 VARI/ﬁ
2337 5614 2732 5674 LECTIONES.

897 5754 929 5795 ιι
952 5743 1190 5816 Legerim
1214 5743 1417 5813 potius,
1443 5744 1637 5798 τόπων.
