4214 6446
226 437 333 499 93¹3

1386 427 1467 489 ΙΝ
1514 426 1749 487 EPIST.
1788 426 1886 484 AD
1921 424 2311 485 ΗΕΒΒᾸΞΟΒ.

3323 422 3428 484 934

230 544 375 598 κατὰ
408 543 506 614 τὴν
549 540 643 595 τοῦ
676 540 882 612 Πέτρου
939 538 1121 609 φωνήν
1192 537 1361 591 Πάλιν
1389 536 1445 589 δὲ
1475 539 1535 588 τὸ
1557 538 1777 590 6101a-
1803 539 1847 594 Α
1877 550 1894 586 t

1760 563 1777 576 -
1803 539 1847 594 Α
1877 534 1979 586 sibi
2014 535 2211 603 angelis
2249 536 2317 600 ",
2364 533 2431 589 ad
2482 532 2653 589 caelos
2686 533 2951 605 perrexit,
2997 530 3294 589 secundum
3323 529 3424 585 Pe-

231 635 475 705 γέντων,
506 634 594 687 διὰ
621 633 716 704 τὴν
744 648 1054 703 οικονομιαν
1076 630 1358 699 λαμϐάνει.
1403 647 1421 678 ι

311 908 332 941 ι
366 888 425 942 '0
455 887 641 959 θρόνος
671 904 782 950 σου,
817 887 846 938 6
875 882 1029 948 Θεὸς,
1066 883 1147 947 εἰς
1170 883 1262 935 τὸν
1311 884 1479 936 αἰῶνα
1524 881 1616 935 τοῦ
1643 881 1776 935 αἰῶ-

234 998 366 1048 νος,
434 980 625 1050 ῥάϐδος
684 977 975 1047 εὐθύτητος
1023 978 1056 1045 ἡ
1109 974 1299 1046 ῥάϐδος
1343 975 1439 1042 τῆς
1506 974 1777 1044 βασιλείας

236 1091 353 1126 σου.
398 1071 714 1140 Ἠτάπησα,
763 1067 1149 1136 δικαιοσύνην,
1202 1068 1293 1121 καὶ
1348 1064 1613 1135 ἐμίσησας
1658 1066 1782 1118 ἀνο-

240 1164 371 1232 μίαν
404 1177 419 1192 °
447 1161 533 1214 διὰ
559 1160 714 1213 τοῦτο
743 1158 926 1230 ἔχρισέ
961 1174 1020 1210 σε
1047 1160 1075 1209 6
1095 1157 1244 1220 Θεὸς,
1276 1158 1304 1209 6
1330 1156 1460 1218 Θεός
1489 1173 1580 1209 σου
1607 1155 1781 1207 ἔλαιον

237 1252 626 1321 ἀγαλλιάσεως.

311 1345 509 1396 Σκόπει
533 1342 691 1395 πάλιν
717 1340 833 1403 πῶς
848 1340 937 1391 τὸν
956 1338 1132 1403 αὐτὸν,
1152 1337 1279 1389 Θεὸν
1295 1339 1387 1390 καὶ¹
1408 1337 1689 1406 ἄνθρωπον
1705 1333 1781 1403 (8)

238 1434 500 1496 δείκνυσι,
555 1434 643 1486 διὰ
680 1432 775 1501 μὲν
817 1448 909 1483 του
945 1430 1134 1499 θρόνου
1169 1430 1263 1481 καὶ
1297 1429 1395 1496 τῆς
1446 1427 1640 1497 ῥάϐδου
1683 1427 1782 1494 τὴν

239 1525 515 1594 βασιλείαν
562 1525 725 1577 αὐτου
748 1562 763 1585 ,
804 1523 897 1575 κα)⁸
937 1520 1002 1591 τὴ
1079 1520 1304 1590 θεότητα
1343 1519 1593 1582 δεικνύς
1618 1516 1782 1569 διὰδὲ

234 1618 355 1681 τοῦ,
386 1618 591 1685 ἐχρισέ
627 1629 701 1669 σε
725 1618 757 1669 ό
788 1614 950 1677 Θεὸς,
977 1616 1008 1666 ό
1033 1614 1172 1678 Θεός
1209 1628 1344 1678 σου,
1369 1614 1429 1664 τὸ
1453 1613 1550 1682 τῆς
1579 1612 1781 1663 οἰκονο-

240 1710 370 1778 μίας
396 1708 709 1776 μυστήριον.

316 1815 336 1848 ι
374 1797 534 1867 Παρὰ
560 1799 685 1858 τοὺς
708 1796 965 1866 μετόχους
992 1812 1107 1847 σου.
1136 1813 1154 1843 ι

1880 625 1951 678 tri
1974 640 2185 679 vocem.
2207 626 2460 691 Quintmo
2478 642 2699 681 rursum
2730 627 2803 682 ob
2828 624 3075 682 eamdem
3096 624 3429 678 incarnatio-

1881 716 1964 771 nis
2020 731 2133 771 sum
2165 717 2622 786 dispensationem
2652 732 2837 773 vocem
2882 717 3024 771 hanc
3052 716 3273 785 accipit,
3304 714 3425 768 sub-

1871 801 2026 878 jectis
2060 809 2179 862 sibi.

1958 916 1976 948 ι
2009 897 2261 951 Thronus
2290 905 2439 958 tuus,
2475 895 2639 956 Deus,
2667 895 2720 948 in
2752 895 3013 950 smculum
3048 895 3251 957 saeculi,
3275 894 3429 962 virga

1881 997 2177 1057 aequitatis,
2230 988 2379 1057 virga
2433 989 2581 1056 regni
2637 989 2713 1040 tui
2795 985 2967 1058 [Vens
3048 985 3129 1057 91
3184 984 3431 1040 Dilextsti

1879 1078 2151 1148 justit'am
2205 1086 2260 1131 et
2304 1078 2468 1131 odisti
2512 1078 2854 1146 iniquitatem
2883 1098 2895 1108 -
2929 1086 3215 1147 propterea
3275 1082 3432 1129 uniut

1884 1174 1937 1221 te
1964 1166 2125 1229 Deus,
2158 1166 2299 1221 Deus
2324 1176 2450 1223 tuus
2477 1169 2597 1221 oleo
2634 1167 2850 1220 tantum.
2886 1186 2904 1219 ι

1954 1340 2195 1397 Observa
2232 1341 2427 1395 iterum
2461 1341 2735 1410 quomodo
2762 1318 3011 1393 eumdem
3042 1354 3163 1392 esse
3193 1338 3357 1391 Deum
3380 1344 3435 1391 et
3468 1361 3485 1375 ν

1887 1432 2159 1487 hominem
2194 1430 2445 1500 perhibet
2478 1447 2492 1494 ;
2532 1439 2588 1482 ut
2619 1444 2714 1497 per
2733 1425 3227 1495 thronumquidem
3256 1432 3308 1477 et
3326 1423 3435 1476 vir-

1884 1537 2028 1592 gam,
2060 1535 2156 1575 seu
2188 1529 2485 1588 sceptrum,
2526 1533 2616 1585 reg
2640 1532 2749 1569 tum
2775 1530 2946 1584 Ipsms
2973 1524 3025 1567 et
3056 1512 3315 1566 deitatem
3338 1525 3437 1563 no-

1888 1612 2090 1674 tiﬂcet;
2126 1610 2360 1664 dicendo
2396 1619 2603 1668 autem,
2639 1605 2799 1660 Unxu
2833 1617 2880 1659 te
2912 1604 3049 1658 Deus
3071 1644 3087 1668 ,
3120 1603 3258 1657 Deus
3290 1614 3434 1662 tuus,

1887 1699 2279 1753 incarnationis
2306 1696 2619 1765 mysterium
2646 1696 2931 1763 exprimat.

1962 1809 1980 1840 ι
2027 1789 2145 1843 Pra:
2177 1789 2537 1859 participibus
2567 1787 2697 1841 tuis.
2727 1806 2747 1839 ι

318 1908 339 1941 ι
380 1891 540 1941 Ὥστε
566 1890 702 1942 πάντ
745 1906 771 1950 ς
799 1905 924 1950 τους
955 1888 1176 1957 μετέχοι
1250 1904 1276 1949 ς
1312 1886 1411 1955 τῆς
1465 1904 1627 1941 αυτου
1663 1903 1757 1939 συν
1818 1888 1864 1946 Β
1956 1882 1975 1936 1

1818 1888 1864 1946 Β
1956 1882 2036 1936 Ita
2068 1890 2126 1935 ut
2151 1898 2339 1936 omnes
2377 1882 2468 1951 qui
2519 1888 2859 1945 sanctitatem
2911 1878 3059 1931 illius
3088 1864 3436 1946 participant,

1660 1977 1794 2029 καθὸ

238 2075 308 2127 é‘x
336 2074 439 2127 τοῦ
483 2073 865 2141 πληρώματος
899 2070 1080 2125 αὐτοῦ
1116 2069 1333 2133 πάντες
1379 2068 1544 2138 ἡμεῖς
1586 2068 1791 2122 ἐλάϐο·

237 2182 379 2237 μεν,
414 2165 556 2217 κατὰ
584 2166 683 2233 τὴν
715 2163 810 2217 τοῦ
841 2161 1170 2229 Εὐαγγελίου
1202 2163 1403 2229 φωνήν.

315 2257 604 2321 Τουτέσ.ι,
659 2255 720 2307 τὸ
778 2252 994 2324 πνεῦμα
1039 2256 1136 2307 οὒκ
1177 2255 1241 2307 ἐκ
1290 2253 1490 2323 μέτρου
1548 2251 1793 2306 ἔλαϐενό

241 2347 390 2409 Υἱός.

330 2455 351 2489 ‹
394 2437 533 2490 Καί*
569 2436 639 2489 Σὺ
680 2435 797 2487 κατ’
829 2435 1023 2505 ἀρχὰς,
1060 2435 1249 2501 Κύριε,
1304 2434 1401 2504 τὴν
1446 2434 1551 2504 γῆν
1598 2432 1791 2503 ἐθεμε-

241 2524 463 2589 λίωσας,
519 2526 611 2577 καὶ
666 2524 802 2594 ἔργα
848 2542 955 2578 των
1003 2541 1203 2596 χειρων
1260 2541 1352 2577 σου
1381 2526 1514 2577 εἰσὶν
1544 2527 1593 2577 οἱ
1640 2527 1790 2595 Βρα-

242 2618 346 2671 vol.
372 2634 391 2668 ι

314 2709 485 2763 Πάλιν
534 2713 624 2762 ἐπι
669 2710 769 2779 τὴν
822 2708 1050 2778 θεότητα
1088 2708 1371 2778 ἀνατρέχει
1424 2707 1517 2761 τοῦ
1572 2726 1789 2779 μονογεσ

244 2800 391 2865 νοῦς,
431 2801 642 2864 δεικνὺς
675 2802 834 2854 αὑτὸν
862 2802 955 2854 καὶ
974 2802 1080 2855 τῶν
1097 2802 1340 2871 οὐρανῶν
1368 2804 1616 2873 ποιητήν.

326 2908 345 2941 ι
374 2890 537 2942 Αὐτοὶ
562 2890 903 2953 άπολουνται,
939 2890 1002 2943 σὺ
1035 2890 1090 2942 δὲ
1116 2891 1409 2959 διαμένεις,
1445 2892 1537 2943 καὶ
1592 2892 1789 2955 πάντες

239 2977 322 3042 ὡς
386 2981 597 3049 ἱμάτιον
646 2979 1131 3049 παλαιωθήσονται.
1180 2980 1289 3033 Καὶ
1336 2979 1409 3042 ὡς
1451 2980 1789 3050 περιϐόλαιον

245 3071 442 3136 ἑλίξεις
506 3071 719 3136 αὐτοὺς,
774 3072 866 3123 καὶ
907 3071 1301 3141 ἀλλαγήσονται
1331 3087 1346 3102 ο
1384 3070 1449 3123 σὺ
1479 3071 1554 3135 δὲ,
1576 3074 1604 3125 6
1630 3072 1789 3136 αὐτὸς

244 3157 319 3225 εἷ,
352 3162 445 3214 καὶ
473 3160 542 3213 τὰ
567 3161 661 3231 ἐτη
692 3178 785 3214 σου
817 3160 915 3214 οὐκ
930 3161 1287 3230 ἐκλείψουσιν.
1315 3180 1333 3212 ι

238 1981 478 2052 αφειας,
530 1980 590 2032 τὸ
635 1979 812 2031 ελαιον
864 1997 1007 2048 εχειν
1050 1980 1147 2047 τῆ,
1197 1978 1565 2045 αγαλλιάσεως

321 3342 545 3410 Ὅμοιον
567 3341 643 3402 ὡς
675 3342 723 3392 εἰ
760 3340 907 3407 λέγοι
981 3340 1071 3410 Μὴ
1102 3340 1394 3410 θορυὸείτω
1428 3357 1508 3404 σε,
1558 3343 1740 3412 φησὶν,
1768 3346 1796 3396 6

243 3434 392 3488 κατὰ
447 3432 623 3502 σάρκα
672 3431 898 3492 Θάνατος
921 3448 934 3459 ·
967 3432 1161 3501 ἀνέστη
1195 3432 1323 3501 γὰρ,
1366 3433 1457 3485 κα)⁵
1482 3434 1551 3484 τὰ
1582 3433 1672 3504 ἔτη
1699 3435 1796 3487 αὐ-

246 3524 343 3577 τοῦ
368 3524 469 3576 οὐκ
494 3521 818 3590 ἐκλειψουσι.
846 3522 950 3575 Καὶ
978 3523 1194 3592 οὐρανοὶ
1225 3521 1344 3593 μὲν,
1381 3522 1475 3577 ἅπτε
1504 3523 1654 3587 ὄντες
1678 3542 1796 3579 κτι-

251 3614 389 3677 στοὶ,
432 3611 916 3679 παλαιωθήσονται,
959 3611 1044 3664 ἵνα
1096 3612 1189 3665 καὶ
1231 3612 1323 3665 τοῦ
1372 3615 1660 3684 καινισμοῦ
1704 3615 1799 3667 τύ-

249 3722 420 3776 χωσιν
453 3721 469 3736 ⁶
517 3705 677 3767 αὐτὸς
700 3705 754 3757 δὲ
781 3703 937 3757 τοῦτο
968 3704 1151 3767 αὐτοῖς
1190 3707 1478 3774 χαριεῖται,
1509 3708 1589 3760 ὄτι
1614 3707 1677 3778 δὴ
1701 3710 1796 3761 καὶ

253 3797 404 3865 μένει
428 3796 456 3848 6
478 3791 564 3867 ἦν,
596 3795 839 3848 τουτέστι
899 3795 1051 3859 Θεός.
1083 3795 1190 3848 Καὶ
1214 3795 1372 3849 τοῦτο
1410 3797 1561 3865 δηλοῖ
1598 3798 1795 3852 καὶτὰ

249 3887 355 3955 ἐτη
388 3903 503 3941 σου
535 3888 645 3940 οὐκ
672 3886 1042 3954 ἑκλείψουσι.

359 4111 381 4143 ³
407 4111 452 4166 ll
474 4110 618 4168 Petr.
652 4126 712 4177 ll,
742 4111 833 4165 22.
897 4109 944 4143 ⁸⁵
970 4108 1125 4164 Joan.
1161 4124 1197 4175 ι,
1223 4109 1307 4162 16.

1892 1976 2075 2028 oleum
2107 1989 2173 2027 ex
2208 1973 2490 2027 ultationis
2525 1972 2761 2026 habeant
2796 1988 2808 2001 -
2849 1984 2953 2038 qua
2992 1983 3202 2037 nempe,
3241 1981 3439 2021 secun-

1889 2065 2016 2120 dum
2078 2064 2355 2133 Evangelii
2398 2063 2616 2119 eﬂ‘atum
2642 2102 2657 2128 ,
2695 2062 2758 2117 de
2818 2060 3139 2129 plenitudine
3192 2059 3304 2125 eius
3345 2072 3439 2110 nos

1888 2174 2063 2212 omnes
2095 2173 2385 2223 accepimus
2413 2155 2483 2208 ⁸⁵.

1958 2247 2013 2300 Id
2053 2255 2157 2311 est,
2201 2246 2293 2316 Spi
2332 2247 2466 2301 itum
2506 2244 2680 2301 Filius
2712 2260 2823 2300 non
2871 2252 3082 2313 accepit
3135 2241 3440 2299 secundum

1889 2351 2219 2394 mensuram.

1961 2430 2123 2486 Vens.
2179 2429 2247 2485 i0
2328 2449 2347 2482 ι
2406 2429 2471 2483 Ει
2513 2448 2526 2461 ·
2563 2427 2646 2482 Τιι
2715 2428 2770 2483 in
2829 2426 3129 2497 principio,
3194 2424 3440 2490 Domine,

1888 2532 2087 2578 terram
2136 2521 2411 2587 fundasti,
2445 2531 2500 2576 et
2546 2535 2713 2591 opera
2763 2534 3020 2573 manuum
3061 2527 3276 2572 tuarum
3311 2525 3442 2571 sunt

1886 2614 2009 2668 caeli
2078 2632 2097 2665 ι

1959 2705 2198 2760 Rursum
2227 2705 2292 2758 ad
2313 2704 2591 2773 Umgentti
2622 2704 2874 2771 deitatem
2908 2704 3445 2769 revolat,ostendens

1887 2798 2065 2868 ipsum
2095 2798 2354 2852 ccelorum
2384 2811 2602 2866 quoque
2628 2812 2748 2851 esse
2778 2798 3136 2851 conditorem.

1956 2886 2121 2943 Vens.
2154 2888 2243 2953 11,
2278 2888 2367 2942 12.
2408 2905 2427 2938 ι
2467 2888 2572 2957 Ipsi
2612 2888 2885 2957 peribunt,
2918 2896 2977 2942 tu
3012 2896 3195 2943 autem
3232 2904 3446 2958 perma-

1888 2981 2078 3046 nebis;
2124 2989 2179 3036 et
2222 2995 2413 3035 onmes
2462 2981 2609 3035 sicut
2658 2981 3034 3034 vestimentum
3086 2990 3444 3038 vcterascent.

1886 3071 1953 3125 Et
2001 3075 2144 3127 sicut
2188 3072 2521 3141 opertorium
2573 3072 2811 3128 mutabis
2868 3088 2985 3136 eos,
3041 3082 3094 3127 et
3150 3074 3448 3128 mutabun-

1892 3171 1982 3215 tur
2016 3180 2029 3214 :
2068 3170 2125 3215 tu
2172 3170 2352 3215 autem
2396 3160 2536 3215 idem
2575 3162 2691 3230 ipse
2719 3175 2811 3227 es,
2841 3170 2897 3217 et
2941 3163 3071 3216 anni
3105 3164 3184 3216 tui
3212 3178 3322 3219 non
3350 3164 3449 3219 tle-

1823 3222 1869 3284 c
1898 3253 2101 3308 ﬁcient.
2139 3271 2157 3304 ι

1971 3344 2117 3398 Idem
2144 3350 2234 3397 est
2270 3356 2335 3397 ac
2371 3343 2417 3398 si
2446 3341 2652 3397 diceret
2678 3361 2692 3397 :
2724 3341 2841 3398 Non
2872 3352 2926 3400 te
2955 3346 3219 3415 percellat
3260 3360 3409 3400 mors
3429 3387 3446 3410 ,

1900 3432 2103 3503 inquit,
2134 3447 2298 3502 quam
2334 3446 2501 3487 carne
2532 3448 2824 3503 perpessus
2852 3441 2937 3489 est
2969 3453 2983 3489 :
3015 3436 3251 3491 surrexit
3277 3438 3447 3501 enim,

1900 3535 1953 3581 et
1983 3525 2109 3579 anni
2130 3524 2252 3595 ejus
2282 3539 2388 3578 non
2426 3526 2694 3580 desinent.
2726 3526 2804 3580 Ae
2837 3527 2963 3582 caeli
2992 3528 3236 3597 quidem,
3272 3545 3450 3598 quan—

1903 3614 2191 3683 doquidem
2230 3614 2435 3668 conditi
2470 3614 2709 3678 fuerunt,
2759 3625 3141 3680 vcterascent.
3172 3626 3335 3687 atque
3361 3618 3447 3672 in-

1900 3706 2295 3761 staurabuntur
2322 3724 2334 3758 :
2368 3706 2459 3759 ille
2488 3713 2669 3760 autem
2691 3707 2795 3761 hoc
2813 3707 2894 3761 eis
2916 3708 3219 3777 praestabit,
3250 3708 3449 3778 quippe

1902 3800 1994 3867 qui
2026 3806 2241 3852 maneat
2268 3796 2317 3850 id
2352 3798 2494 3864 quod
2526 3808 2663 3860 erat,
2702 3799 2754 3852 id
2790 3808 2875 3854 est
2912 3798 3076 3856 Deus.
3108 3800 3263 3866 Quod
3287 3802 3452 3871 229

1905 3887 2121 3955 quidem
2177 3888 2261 3943 his
2318 3891 2499 3944 verbis
2558 3890 2932 3960 signiﬁcatur,
2969 3901 3020 3945 et
3069 3893 3194 3946 anni
3225 3894 3301 3946 tui
3349 3910 3451 3947 non

1909 3979 2166 4048 deﬁcient.

1764 4199 1993 4257 ΝΟΤΑΞ.

335 4298 412 4370 (8)
440 4299 569 4365 Πῶς
602 4299 708 4352 τόν
730 4299 917 4353 αὐτὸν
944 4298 1093 4370 Θερν
1119 4298 1218 4351 καὶ
1244 4297 1570 4366 ἄνθρωπον.
1704 4295 1802 4370 fre-

252 4367 515 4439 quentius
547 4369 993 4438 Chrysostomum
1030 4368 1395 4439 Damascenus
1441 4368 1703 4422 exscribit
1743 4367 1800 4421 in

256 4437 958 4507 Epistolamadﬂebtwos,
996 4440 1119 4492 hinc
1144 4439 1273 4491 mihi
1313 4437 1523 4507 videtur
1552 4438 1607 4490 in
1668 4451 1798 4507 san-

1904 4297 2101 4360 Patris,
2128 4298 2393 4358 adversus
2423 4303 2730 4356 Marcellum
2799 4304 3169 4371 Ancyranum,
3204 4304 3295 4370 qui
3332 4317 3454 4371 per-

1907 4382 2165 4442 sonarum
2225 4374 2583 4427 substantiam
2616 4373 2670 4425 in
2714 4387 2773 4426 se
2804 4373 3129 4426 Trinitatem
3197 4373 3452 4442 negabat,

1907 4437 2135 4493 ulterius
2168 4443 2445 4495 concludit
2473 4442 2683 4495 Patrem
2718 4450 2773 4495 et
2796 4442 2991 4496 Filium
3019 4443 3157 4496 duas
3184 4437 3304 4497 esse
3332 4457 3452 4509 per-

255 4506 791 4590 etissitnindoc‘torts
832 4516 1091 4590 contextu
1123 4508 1338 4590 legisse.
1366 4514 1428 4590 tit
1475 4506 1576 4590 fert
1598 4506 1801 4590 reditio
1833 4530 1876 4584 υ
1907 4521 2234 4590 sonas,ve[e
2250 4512 2976 4590 etsecundumh‘ypostasitn
2991 4512 3275 4590 distinctas
3313 4506 3456 4590 Πρὸς

258 4579 469 4639 Sat-litt,
495 4577 586 4629 δύο
621 4578 709 4629 τὸν
730 4578 887 4630 αὐτὸν
910 4577 1140 4638 δεικνὺς,
1174 4580 1265 4627 καὶ
1291 4576 1441 4637 Θεὸν,
1466 4578 1557 4627 καὶ
1591 4575 1800 4644 ἄνθρω-

257 4647 473 4701 510an
531 4647 764 4700 editione
822 4656 1000 4699 autem
1058 4646 1374 4707 Veronensi,
1408 4653 1460 4698 et
1521 4645 1799 4699 codicibus

259 4719 472 4784 aliquot
499 4716 747 4774 habetur,
768 4714 859 4766 δύο
874 4716 1139 4785 πρόσωπα
1159 4715 1387 4776 δεικνυς,
1421 4714 1515 4767 καὶ
1532 4714 1684 4776 Θεὸν,
1707 4716 1802 4766 καὶ

258 4787 566 4855 ἄνθρωπον.
600 4785 698 4838 Cui
722 4785 1008 4855 po_steriori
1040 4786 1280 4855 Alecttout
1313 4785 1598 4838 translazio
1647 4794 1803 4855 vetus

260 4852 408 4907 favet
480 4852 739 4907 Adversus
766 4852 980 4907 Judwos
1014 4853 1145 4907 duas
1200 4870 1447 4923 personas
1514 4854 1722 4915 asserit,
1756 4861 1803 4906 et

264 4924 465 4976 Filium
516 4940 616 4975 non
660 4927 827 4976 solum
891 4924 1247 4975 distinctama
1284 4923 1440 4975 Patre
1504 4940 1801 4991 personam,

260 4997 349 5047 sed
403 4992 637 5045 eumdem
688 4995 846 5046 etiam
904 4992 1067 5045 Deum
1096 5002 1144 5044 et
1179 4994 1456 5051 hominem,
1512 5009 1671 5045 unam
1720 5010 1807 5045 au-

263 5076 363 5116 tem
388 5064 509 5115 inse
546 5079 841 5129 personam.
874 5080 893 5114 ι
934 5066 1113 5126 Quare
1168 5062 1258 5115 δύο
1297 5064 1561 5131 πρόσωπα
1584 5078 1701 5131 ιιοη
1726 5070 1809 5115 est

263 5133 682 5201 pet-mutandum
729 5171 745 5192 ,
800 5134 973 5197 inquit
1021 5132 1278 5183 Andrzeas
1332 5133 1614 5183 llounauts.
1693 5130 1810 5184 Non

263 5200 407 5255 enim
460 5202 592 5253 dit-it
624 5200 788 5253 Deum
820 5211 873 5255 et
906 5202 1173 5253 hominem
1201 5204 1337 5255 duas
1360 5217 1481 5254 esse
1526 5217 1809 5267 personas;

264 5284 322 5324 ut
354 5270 661 5331 Nestoritts,
713 5269 808 5323 sed
869 5270 1080 5323 Patrem
1112 5279 1164 5321 et
1200 5270 1396 5322 Filium
1431 5312 1445 5335 ,
1476 5270 1678 5323 Filtuni
1718 5270 1811 5322 ah-

264 5350 390 5399 tetn.
429 5340 593 5392 Deum
617 5349 663 5392 et
694 5339 990 5393 hominem.
1029 5358 1047 5391 ι
1091 5339 1212 5393 llaec
1240 5341 1398 5408 plane
1448 5340 1665 5392 Dounan
1718 5356 1781 5392 ex

264 5411 468 5479 positio
509 5410 789 5479 verissima
814 5416 915 5479 est.
965 5408 1081 5461 Non
1104 5410 1247 5479 enim
1300 5425 1629 5479 concessero
1649 5408 1817 5479 Chny-

265 5477 596 5541 Sestertium,
640 5477 734 5548 δύο
797 5478 1356 5548 πρόσωπαίιΙίοθιιιΙο
1406 5489 1625 5532 naturas
1681 5477 1817 5532 duas

264 5549 618 5617 signiﬁcasse.
639 5546 917 5615 Siquidem
934 5546 1370 5615 cum‘Meletiams
1392 5564 1504 5602 sms
1528 5549 1820 5601 Antioche-

266 5636 351 5671 ms
375 5626 596 5671 noverat
618 5618 907 5685 ὑπόστασιν
933 5626 986 5671 et
1011 5630 1295 5685 personam
1317 5618 1383 5671 ab
1406 5619 1639 5671 essentia
1652 5626 1705 5670 et
1731 5632 1823 5671 na-

266 5698 387 5741 tura
415 5702 720 5740 Seceruere.
744 5684 897 5740 Unde
930 5684 1116 5754 paucis
1153 5694 1271 5756 post
1310 5685 1466 5741 lineis
1492 5726 1505 5749 ,
1537 5695 1820 5756 postquam

267 5768 455 5810 contra
487 5758 717 5809 Arianos
755 5771 821 5809 ex
848 5753 1087 5822 Apostoli
1122 5756 1191 5823 et|
1218 5753 1411 5808 Psalta:
1439 5753 1616 5810 verbis
1640 5753 1823 5809 intulit

265 5825 460 5880 Filium
509 5840 616 5880 non
648 5840 778 5898 esse
821 5840 1058 5889 servum,
1089 5840 1186 5880 nec
1239 5826 1464 5893 proinde
1519 5836 1821 5882 creaturam

1902 4576 1958 4628 δὲ
1980 4577 2299 4646 Μάρκελλον
2325 4583 2417 4633 καὶ
2443 4583 2569 4643 τούς
2597 4576 2809 4644 ἄλλους,
2834 4582 2915 4633 ὅτι
2950 4580 3043 4633 δύο
3074 4580 3189 4633 ἐστὶ
3217 4576 3456 4634 τοσαῦτα

1905 4646 2171 4719 πρόσωπα
2189 4648 2490 4719 ᾂιῃρημένα
2516 4650 2656 4703 κατὰ
2720 4653 2819 4718 τὴν
2848 4651 3166 4703 ὑπόστασιν.
3203 4647 3317 4703 Hoc
3354 4652 3456 4702 ita-

1902 4731 2010 4784 que
2047 4717 2152 4768 loci
2177 4716 2597 4789 Cb'r'vsostomus
2620 4716 2815 4788 repetit
2845 4720 2989 4789 quod
3017 4727 3207 4773 contra
3236 4788 3239 4789 ν
3272 4719 3457 4773 Samo-

1904 4788 2540 4857 satensem,Sabelhum,
2580 4788 2912 4849 Marcellum,
2975 4788 3341 4857 Sophroninm
3402 4798 3457 4842 et

1903 4852 2222 4926 Bhotinttm,
2270 4860 2417 4911 hom.
2450 4858 2482 4910 6
2507 4859 2557 4909 in
2589 4857 2755 4925 Epist.
2789 4858 2855 4910 ad
2883 4852 3118 4926 Phtlipp.
3167 4867 3455 4917 statuerat.

1907 4923 2101 4976 Filium
2129 4938 2233 4979 non
2254 4943 2374 4981 esse
2395 4923 2732 4980 etlicientiam
2757 4923 3219 4981 duntaxat—Patris
3238 4927 3459 4981 minime

1908 4995 2268 5066 substantem,
2298 4997 2388 5052 sed
2414 5006 2702 5063 utrumque
2729 4998 2863 5049 duas
2892 5011 3154 5066 personas
3182 4997 3374 5051 essein
3401 5012 3460 5050 se

1908 5063 2269 5133 subsistentes
2306 5085 2317 5119 :
2355 5084 2373 5116 ι
2410 5068 2530 5132 Οὐχ
2579 5063 2909 5133 ἁρπαγμὸν’
2932 5066 3227 5133 ήγησατο,
3286 5066 3416 5133 φησὶ
3442 5108 3458 5127 ,

1909 5132 1974 5183 τὸ
2020 5129 2172 5202 εἶναι
2224 5135 2327 5188 ἶσα
2376 5129 2528 5198 Θεῷ,
2574 5129 2713 5187 ’[σον
2742 5129 2796 5188 δἓ
2850 5129 3107 5198 ἑπὶἽὲνὸς
3147 5136 3206 5187 οὐ
3243 5129 3461 5202 λέγεται

1912 5201 2222 5274 προσῴπου.
2254 5206 2325 5256 Τὸ
2350 5206 2456 5274 γὰρ
2492 5204 2623 5269 ἴσον,
2670 5206 2773 5256 τινί
2812 5205 2958 5257 ἐστιν
2989 5206 3119 5258 ῐσον.
3171 5204 3325 5274 Ὁρᾷ,
3368 5203 3462 5255 δύο

1914 5272 2220 5343 προσώπων
2269 5272 2581 5337 ὑπόστασιν,
2637 5276 2757 5343 οὐχὶ
2814 5274 3050 5343 ὀνόματα
3100 5272 3249 5343 ψιλὰί
3276 5272 3461 5342 χωρὶς

1916 5293 2220 5340 προσωπων
2269 5293 2581 5337 υποστασιν,
2637 5293 2695 5325 ου
2740 5293 2757 5325 ι
2814 5293 3050 5343 ονοματα
3100 5293 3229 5343 ψιΑα
3293 5293 3460 5342 χωρις

1916 5342 2250 5409 πραγμάτων
2312 5344 2592 5410 λεγόμενα.
2655 5361 2673 5393 ι
2702 5293 2836 5397 ἤνοπι
2885 5359 3128 5411 rapinam
3169 5342 3460 5396 arbitratus

1916 5420 2012 5477 est,
2044 5413 2239 5480 inquit,
2269 5429 2377 5466 esse
2412 5412 2662 5482 aqualem
2696 5413 2821 5467 Deo.
2855 5411 3085 5482 :Equale
3104 5413 3171 5467 de
3205 5428 3309 5465 una
3340 5427 3440 5479 per-

1920 5495 2051 5552 sona
2116 5496 2222 5534 non
2282 5484 2501 5535 dicitur.
2534 5481 2700 5552 Quod»
2725 5484 2868 5536 enim
2923 5480 3126 5552 aequale
3150 5489 3263 5552 est,
3308 5480 3461 5534 alteri

1919 5550 2134 5622 quidem
2192 5562 2275 5622 est
2316 5553 2541 5620 aequale.
2586 5550 2768 5622 rVides
2831 5550 3182 5622 personarum
3233 5550 3461 5622 duarum

1921 5620 2350 5689 subsistentiam,
2384 5619 2500 5674 non
2552 5619 2848 5689 simplicia'
2880 5622 3099 5676 nomina
3134 5620 3255 5689 sine
3302 5619 3463 5671 rebus

1926 5688 2056 5753 ipsis
2083 5690 2385 5743 enuntiata.
2413 5709 2429 5740 ι
2467 5689 2541 5742 En
2563 5686 2778 5744 rursum
2799 5691 3175 5745 sanctissimus
3210 5686 3465 5756 Magister

1924 5758 2213 5825 πρόσωπον
2233 5774 2329 5827 pro
2355 5776 2575 5828 persona
2606 5761 2920 5815 subsistente
2950 5760 3169 5830 accipit,
3194 5771 3463 5828 nusquam

1928 5842 2053 5880 vero
2089 5844 2185 5897 pro
2217 5839 2407 5883 natura
2430 5838 2478 5883 et
2498 5832 2740 5883 essentia.
