4214 6446
166 418 264 479 937

1342 415 1419 474 ΙΝ
1462 415 1695 473 EPIST.
1731 413 1827 471 AD
1866 413 2249 473 llEBREOS.

3315 418 3418 484 938

240 549 259 578 τ
296 530 371 581 Οὑ
404 527 511 598 γὰρ
557 526 805 595 ἀγγέλοις
837 526 1069 590 ὑπέταξε
1124 524 1220 595 τὴν
1275 526 1598 593 οἰκουμένην
1639 525 1732 593 τὴν

1781 530 1813 581 λ
1916 520 2081 577 Vsus.
2136 523 2187 576 5.
2242 542 2260 573 ι
2307 520 2423 576 Νοιι
2483 524 2629 577 enim
2684 523 2893 595 angelis
2941 524 3180 595 subjecit
3232 527 3417 583 orbein

172 620 493 688 μέλλουσαν,
529 622 655 690 περὶ
680 614 748 690 ἦς
780 618 1072 686 λαλοῦμεν.
1103 637 1120 667 ι

239 710 341 763 Διά
371 710 531 763 τοῦτο
594 710 927 781 προσέθηκε,
978 710 1111 778 περὶ
1168 704 1243 779 ἧς
1284 709 1612 778 λαλοῦμεν,
1656 710 1742 761 ἵνα

172 802 245 871 μὴ
281 802 475 873 ἑτέραν
516 802 636 856 τινὰ
687 803 1014 874 οἰκουμένην
1046 804 1230 873 ζητεῖν
1257 802 1333 872 δῷ
1367 803 1445 873 τῷ
1469 805 1739 873 ἀκροατῇ.

170 892 295 954 Ιῐῶς
338 889 434 947 οὖν
465 892 635 962 αὐτὴν
668 894 1026 963 μέλλουσαν
1074 894 1269 959 καλεί;
1301 894 1382 945 ὅτι
1429 892 1587 946 τοῦτο
1621 892 1742 957 ἔθος

166 987 233 1054 τῇ
260 985 383 1055 θείᾳ
423 985 635 1056 Γραφῇῖ
659 984 846 1054 ὥσπερ
903 986 994 1039 καὶ
1021 985 1244 1056 ἑτέρωθί
1271 1003 1438 1055 φησι,
1474 987 1580 1050 Ὃς
1611 986 1742 1039 ἐστι

166 1078 359 1144 τύπος
418 1077 524 1130 τοῦ
560 1077 917 1147 μέλλοντος.
967 1076 1097 1145 περὶ
1149 1076 1243 1129 τοῦ
1276 1077 1465 1147 Ἀδάμ,
1498 1078 1593 1131 καὶ
1645 1077 1739 1131 τοῦ

166 1171 405 1240 Χριστοῦ
435 1172 625 1240 λέγων.
652 1171 870 1243 Ταύτην
900 1171 993 1225 οὖν
1015 1171 1115 1225 οὑκ
1147 1172 1400 1241 ἀγγέλοις
1448 1174 1736 1238 ὑπέταξεν,

166 1262 300 1315 ἀλλὰ
324 1264 403 1334 τῷ
420 1264 655 1336 Χριστῷ.

238 1463 258 1495 ι
287 1446 699 1517 Διεμαρτύρατο
719 1446 773 1499 δέ
800 1446 902 1499 πού
950 1465 1034 1511 τις
1086 1440 1259 1514 λέγων
1284 1461 1298 1474 '
1346 1446 1443 1510 Τίς
1472 1449 1617 1503 ἐστιν
1645 1449 1740 1503 ἆν-

164 1533 403 1603 Ορωπος,
439 1536 519 1587 ὅτι
548 1538 831 1608 μιμνήσκῃ
853 1536 1098 1607 αὑτοῦ,ῆ
1136 1536 1250 1599 υἱὸς
1295 1537 1604 1606 ἀνθρώπου,
1653 1541 1736 1592 ὅτι

164 1626 471 1697 ἐπισκέπτῃ
518 1627 715 1690 αὑτόν;
766 1627 1107 1690 Ἠλάττωσας
1138 1627 1299 1681 αὑτὸν
1326 1627 1498 1699 βραχὺ
1520 1646 1573 1681 τι
1607 1631 1736 1699 παρ’

161 1716 455 1783 ἀγγέλους,
488 1717 611 1785 δόξῃ
637 1718 729 1769 καὶ
749 1720 881 1787 τιμῇ
910 1719 1297 1786 ἐστεφάνωσας
1334 1720 1495 1771 αὑτόν
1514 1737 1527 1749 ·
1560 1722 1737 1773 πάντα

160 1809 435 1871 ὑπέταξας
493 1810 746 1862 ὑποκάτω
794 1810 902 1862 τῶν
961 1809 1138 1862 ποδῶν
1186 1811 1367 1865 αὑτοῦ.
1403 1812 1489 1863 Ἐν
1526 1811 1635 1881 γὰρ
1657 1811 1735 1882 τῷ

1852 625 2010 668 terrze
2038 615 2298 679 futurum,
2335 615 2402 670 de
2434 632 2544 685 quo
2581 616 2877 687 loquimur.
2920 636 2939 669 ι

1918 707 2081 777 230
2139 707 2351 762 ldclrco
2383 709 2553 776 addit,
2586 710 2649 763 de
2679 727 2781 780 quo
2831 713 3117 782 loquimur,
3159 727 3227 766 ne
3258 714 3417 767 audi-

1849 802 1952 853 tori
1978 800 2247 855 concedat
2277 808 2337 854 ut
2378 804 2612 856 alterum
2641 806 2929 873 quemdam
2965 809 3153 862 orbem
3183 816 3280 861 aut
3311 817 3419 861 ter-

1848 905 1963 945 ram
2013 902 2239 962 quaarat.
2290 893 2413 960 Quo
2458 910 2625 951 sensu
2676 912 2806 951 vero
2856 899 3097 967 futurum
3136 899 3416 966 ait?Qnia

1847 985 2037 1051 utique
2083 986 2197 1040 haec
2231 985 2644 1056 Scripturarum
2681 993 3018 1048 consuetudo
3047 1002 3153 1049 est.
3211 995 3417 1062 Quem-

1847 1076 2144 1131 admodum
2180 1081 2394 1136 scilicet
2428 1082 2483 1135 in
2518 1083 2694 1138 altero
2728 1100 2951 1155 quoque
2982 1088 3102 1142 loco
3141 1088 3295 1151 dicit,
3327 1091 3417 1159 qui

1844 1177 1922 1221 est
1952 1168 2129 1236 forma
2159 1170 2327 1235 futuri
2361 1176 2425 1236 ⁸⁸,
2463 1176 2554 1229 ubi
2602 1176 2669 1230 de
2708 1174 2922 1231 Adatno
2970 1186 3026 1232 et
3081 1180 3149 1234 de
3196 1180 3417 1237 Christo

1845 1257 2107 1328 disputat.
2144 1260 2347 1317 Orbem
2386 1280 2518 1337 ergo
2546 1266 2695 1323 Deus
2740 1283 2852 1323 non
2898 1269 3136 1339 subjecit
3182 1274 3414 1343 angelis,

1845 1350 1938 1402 sed
1967 1349 2209 1407 Christo.

1915 1440 2083 1499 Vens.
2116 1445 2235 1501 6-8.
2285 1467 2303 1499 ‹
2342 1448 2599 1506 Testatus
2633 1460 2719 1507 est
2744 1460 2925 1507 autem
2954 1454 3007 1508 in
3028 1458 3263 1525 quodam
3296 1458 3416 1512 loco

1843 1534 1971 1601 quis
2014 1536 2239 1595 dicens:
2273 1540 2415 1606 Quid
2446 1550 2529 1596 est
2568 1543 2731 1599 homo
2759 1545 2905 1613 quod
2938 1561 3150 1601 memor
3188 1565 3248 1603 es
3273 1550 3414 1619 ejus,

1845 1638 1939 1679 aut
1970 1627 2117 1684 ﬁlius
2148 1633 2408 1700 hominis,
2438 1636 2699 1705 quoniam
2733 1638 2926 1693 visitas
2976 1641 3144 1694 eum?
3171 1639 3414 1698 Minuisti

1842 1732 1965 1772 eum
2001 1723 2165 1790 paulo
2198 1727 2376 1779 minus
2408 1727 2476 1781 ab
2509 1728 2741 1796 angelis,
2786 1730 2958 1799 gloria
2988 1741 3043 1785 et
3070 1732 3282 1787 bonure‘
3315 1748 3413 1786 co-

1846 1814 2054 1866 ronasti
2087 1829 2234 1869 eum.
2288 1817 2486 1872 Omnia
2521 1821 2812 1889 subjecisti
2856 1823 2959 1876 sub
2996 1824 3228 1893 pedibus
3269 1826 3409 1894 ejus.

162 1899 431 1967 ὑποτάξαι
456 1900 606 1970 αὑτῷ
636 1900 705 1953 τὰ
735 1901 934 1969 πάντα,
982 1901 1134 1956 οὐδὲν
1178 1903 1387 1973 ἀφῆκεν
1448 1903 1597 1974 αὑτῴ
1648 1904 1732 1956 ἀν-

1781 1892 1813 1951 Β
1842 1904 1902 1957 ln
1934 1920 2000 1959 eo
2045 1915 2227 1961 autem
2261 1910 2404 1977 quod
2431 1913 2611 1965 omnia
2657 1913 2706 1967 ei
2748 1892 3009 1983 subjecit,
3036 1916 3173 1971 nihil
3204 1892 3415 1974 dimisit

164 1989 495 2043 υπότακτον.
526 2008 545 2040 ι

251 2081 528 2151 Ἀόριστον
565 2083 664 2150 τὴν
692 2082 994 2153 μαρτυρίαν
1013 2085 1245 2149 εἰσάγει,
1267 2083 1367 2153 τῷ,
1396 2083 1507 2151 τὶς,
1535 2079 1731 2150 εἰπεῖν,

159 2170 374 2241 λέγων.
418 2172 502 2234 Ὠς
524 2173 660 2241 πρὸς
688 2174 897 2237 εἰδότας
926 2172 1036 2244 γὰρ
1064 2174 1393 2244 διαλέγεται.
1448 2238 1451 2249 ς

236 2371 258 2403 τ
286 2350 403 2404 Νῦν
431 2351 488 2403 δὲ
520 2350 670 2404 οῠπω
692 2351 908 2420 ὁρῶμεν
947 2351 1095 2423 αὑτῷ
1126 2352 1192 2407 τὰ
1221 2354 1728 2424 πάνταιὺποτεταγο
1774 2398 1779 2405 .

162 2444 321 2512 μένα.
366 2462 384 2494 ι

224 2538 348 2590 Ἵνα
387 2538 463 2608 μὴ
486 2538 713 2605 λέγωσι,
762 2538 887 2601 Πῶς
917 2539 1044 2603 τοὺς
1099 2542 1325 2611 ἐχθροὺς
1378 2542 1574 2611 έθηκεν
1628 2542 1733 2609 ὑπὸ

154 2631 283 2691 τοὺς
309 2630 476 2693 πόδας
504 2631 689 2695 αὑτοῦ,
724 2631 961 2685 τοσαῦτα
997 2634 1311 2703 πασχόντων
1341 2634 1496 2713 ἡμῶν
1522 2652 1537 2697 ;
1570 2636 1727 2702 φησί’

154 2721 245 2792 Μὴ
269 2723 381 2792 γὰρ
405 2724 591 2793 ἐπειδὴ
635 2725 844 2777 οὐδέπω
893 2725 1177 2789 ὑπέταξεν,
1239 2711 1463 2796 νομίσῃς
1501 2727 1573 2796 μὴ
1603 2727 1735 2778 ὑπο-

153 2815 449 2868 τάττεσθαι
478 2832 490 2843 ·
524 2817 736 2888 ὅτιγὰρ
757 2818 835 2869 δεῖ
860 2818 1215 2891 ὑποταγῆναι.
1250 2817 1361 2871 Καὶ
1404 2818 1513 2888 γὰρ
1532 2820 1566 2888 ή
1598 2835 1731 2889 προ-

156 2908 359 2978 φητεία
379 2908 467 2961 διὰ
500 2907 659 2961 τοῦτο
685 2908 919 2980 εἴρηται.

235 3107 253 3139 ι
292 3087 399 3139 Τὸν
432 3087 489 3140 δὲ
530 3086 705 3158 βραχύ
737 3105 790 3140 τι
841 3090 973 3166 παρ’
1019 3082 1286 3156 ἀγγέλους
1344 3089 1727 3160 ἠλαττωμένον

158 3174 439 3245 βλέπομεν
480 3175 705 3245 Ἰησοῦν,
738 3175 825 3228 διὰ
850 3176 912 3227 τὸ
934 3175 1167 3247 πάθημα
1194 3178 1288 3229 τοῦ
1320 3177 1572 3233 θανάτου.
1599 3198 1617 3230 ι

229 3349 333 3401 Διὰ
378 3306 472 3401 τὶν
523 3348 851 3419 τριήμερον,
898 3351 1070 3420 φησι,
1124 3350 1371 3425 θάνατον.
1426 3353 1610 3405 Πείοει
1661 3354 1728 3405 δὲ

150 3440 352 3501 αὐτοὺς
401 3438 579 3491 πάντα
626 3439 887 3505 γενναίως
946 3435 1258 3512 ὑποφέρειν,
1324 3444 1604 3512 μονονουχὶ
1637 3443 1725 3496 λέ-

148 3549 262 3594 γων
296 3545 312 3558 ·
346 3530 410 3582 Εἰ
442 3520 476 3582 6
504 3530 972 3600 προσκυνούμενος
1026 3528 1117 3583 ὑπ’
1173 3531 1419 3599 ἀγγέλων
1472 3535 1729 3604 ἠνέσχετο

149 3621 331 3692 βραχύ
361 3638 414 3673 τι
437 3622 563 3691 παρ’
608 3622 870 3689 ἀγγέλους
916 3625 1063 3693 σχεῖν
1094 3622 1183 3676 διὰ
1208 3625 1302 3689 σὲ,
1344 3625 1476 3677 πολὺ
1528 3628 1727 3696 μᾶλλον

148 3715 266 3765 σὺὁ
298 3710 409 3764 τῶν
441 3709 689 3778 ᾁγγέλων
724 3712 927 3781 ἥττων,
964 3713 1143 3766 πάντα
1178 3713 1364 3782 φέρειν
1388 3716 1724 3785 ὀφείλειςδιὰ

146 3803 402 3856 σεαυτόν.

236 3914 255 3944 «ι
297 3895 437 3964 Δόξῃ
483 3894 577 3947 καὶ
625 3898 758 3967 τιμῇ
813 3896 1291 3965 ἐστεφανωμένον,
1333 3899 1480 3963 ὅπως
1541 3901 1721 3971 χάριτι

143 3987 303 4041 Θεοῦ.
316 4007 335 4037 ι

216 4080 543 4144 Δεὶκνυσιν,
602 4079 685 4131 ὅτι
735 4078 860 4145 δόξα
915 4080 1011 4132 καὶ
1058 4081 1192 4151 τιμὴ
1220 4084 1248 4134 6
1280 4084 1507 4153 σταυρὸς
1552 4087 1719 4148 ἐστιν,

145 4171 340 4241 ὥσπερ
375 4166 470 4222 οὖν
525 4172 621 4222 καὶ
646 4171 806 4232 αὑτὸς
832 4172 860 4222 ὁ
890 4172 1143 4240 Χριστὸς,
1193 4175 1353 4226 αὑτὸν
1383 4168 1525 4228 οὖτὼ
1568 4179 1722 4230 καλεῖ

144 4263 346 4330 λέγων’
381 4262 508 4315 Ἵνα
549 4261 818 4329 δοξασθῇ
845 4266 879 4317 ό
917 4266 1049 4330 Υἱὸς
1080 4264 1187 4318 τοῦ
1234 4266 1574 4335 ἀνθρώπου·
1602 4273 1715 4337 καὶ,

156 4355 492 4423 Ἑδοξάσθη
520 4358 552 4409 ὀ
583 4358 625 4409 Υ
626 4355 715 4421 ἰὸς
737 4357 841 4409 τοῦ
868 4357 1201 4428 ἀνθρώπου.

223 4468 241 4499 ι
298 4448 469 4518 ’Υπὲρ
504 4448 704 4511 παντὸς
726 4449 992 4519 γεύσηται
1024 4452 1276 4506 Θανάτου.
1301 4473 1318 4504 ι

222 4541 440 4610 Ὠσπερ
468 4541 574 4613 γὰρ
619 4542 788 4604 ὅντως
834 4542 1189 4612 γευσάμενος,
1238 4546 1379 4599 οὕτω
1431 4533 1627 4620 μικρὸλρ
1658 4552 1715 4603 ὲν

141 4631 295 4701 αὑτῷ
322 4633 553 4701 ποιήσας
568 4632 862 4701 διάστημα,
887 4632 1089 4696 εὐθέως
1113 4636 1333 4706 ἀνέστη.
1366 4636 1455 4706 Τῷ
1480 4640 1577 4707 μὲν
1621 4637 1713 4692 οὖν

141 4728 340 4790 εἰπεῖν,
398 4724 494 4776 διὰ
520 4724 587 4776 τὸ
615 4725 858 4792 πάθημα
918 4725 1023 4778 τοῦ
1077 4727 1335 4780 θανάτου
1361 4768 1375 4791 ,
1421 4732 1515 4782 τὸν
1547 4732 1718 4797 ὅντως

143 4818 378 4871 θάνατον
407 4816 646 4886 ἐσήμαινε
666 4831 682 4846 ⁶
714 4817 791 4884 τῷ
810 4816 866 4869 δὲ
891 4821 1085 4885 εἰπεῖν,
1110 4819 1379 4891 ἀγγέλων
1394 4823 1711 4889 κρείσσων,

142 4910 241 4977 τὴν
270 4908 572 4961 ἀνάστασιν
600 4909 883 4979 ἐδήλωσεν.
1704 4955 1717 4993 ι

220 5020 237 5050 ί
273 5000 522 5068 Ἐπρεπε
568 5000 677 5071 γὰρ
724 5002 891 5071 αὐτῷ,
916 5002 983 5054 δι’
1006 5004 1064 5057 ὃν
1099 5005 1165 5058 τὰ
1192 5005 1386 5070 πάντα,
1443 5010 1537 5061 καὶ
1561 5008 1624 5062 δι’
1651 5004 1713 5062 οῦ

141 5090 208 5142 τὰ
237 5089 435 5141 πάντα.
465 5106 484 5137 ι

225 5180 508 5247 Ἔπρεπεν
560 5180 729 5251 αὑτῷ,
767 5183 1055 5253 φησὶν,τῷ
1076 5186 1358 5260 κηδεμόνι,
1408 5192 1503 5241 καὶ
1532 5194 1711 5245 πάντα

140 5275 219 5334 εἰς
247 5272 311 5323 τὸ
362 5266 501 5323 εἶναι
555 5275 892 5343 παράγοντι,
945 5278 1195 5331 ἐκδοῦναι
1250 5281 1340 5335 τὸν
1383 5282 1512 5335 Υἱὸν
1570 5285 1711 5357 ὑπὲρ

138 5366 237 5434 τῆς
300 5364 412 5415 τῶν
470 5364 673 5418 λοιπῶν
724 5367 1032 5438 σωτηρίας,
1097 5370 1187 5423 τὸν
1246 5372 1343 5426 ἕνα
1394 5374 1530 5444 ὑπὲρ
1582 5380 1709 5432 πολ-

138 5456 266 5509 λων.

213 5566 233 5594 ι
280 5545 515 5608 Πολλοὺς
550 5549 697 5611 υἱοὺς
720 5550 799 5612 εἰς
826 5549 984 5615 δόξαν
1008 5552 1301 5621 ἀγαγόντα.
1332 5575 1349 5607 ι

212 5636 325 5687 Καὶ
360 5635 519 5699 αὑτὸς
552 5639 646 5689 καὶ
677 5641 837 5709 ἡμεῖς
863 5641 985 5705 υἱοὶ,
1019 5642 1134 5693 ἀλλ’
1163 5645 1190 5694 6
1215 5645 1311 5711 μὲν
1337 5648 1517 5715 σώζει,
1548 5652 1709 5723 ἡμεῖς

135 5727 191 5778 δὲ
226 5726 535 5796 σωζόμεϋα.

199 5816 247 5847 ⁸⁸
296 5815 530 5884 Rom.v,
574 5823 658 5875 lt.
730 5824 773 5855 δ’
829 5823 984 5878 Joan.
1034 5842 1105 5889 τι,
1138 5826 1209 5892 4;
1246 5844 1339 5894 xu,
1369 5833 1449 5889 16.

497 5915 759 5975 Parnm.
806 5918 922 5976 (in.
966 5919 1135 5981 XCV.

1833 2012 1941 2051 non
1980 1998 2290 2068 subjectum
2321 2003 2395 2057 ei.
2450 2021 2470 2054 ι

1905 2090 2304 2147 Testimonium
2353 2094 2548 2161 alien,
2584 2098 2795 2154 omisso
2842 2109 3090 2165 auctore,
3140 2102 3270 2157 dum
3312 2106 3409 2169 ait,

1831 2184 1949 2253 quis
1979 2183 2178 2241 dicens.
2228 2185 2336 2241 Eos
2368 2175 2521 2241 enin’f
2548 2190 2853 2261 alloquitur
2895 2195 2993 2264 qui
3026 2195 3183 2249 illum
3232 2197 3405 2267 probe

1834 2285 2120 2331 noverant.

1912 2386 1934 2420 ‹
1992 2368 2149 2425 Νυηο
2205 2381 2387 2427 autem
2439 2372 2677 2427 necdum
2729 2373 2981 2431 videmus
3034 2378 3218 2432 omnia
3278 2379 3409 2434 sub-

1828 2459 1977 2528 jecta
2005 2458 2079 2513 ei.
2111 2477 2130 2509 ι

1904 2552 1984 2608 Ne
2014 2553 2359 2622 objicerent:
2396 2554 2513 2621 Qua
2559 2572 2691 2612 vero
2742 2558 2961 2615 ratione
3014 2561 3120 2616 sub
3172 2561 3409 2632 pedibus

1836 2646 1956 2700 suis
2004 2646 2359 2702 adversarios
2405 2651 2665 2717 subjecit,
2702 2653 2923 2719 quando
2973 2668 3073 2708 nos
3113 2663 3196 2709 tot
3228 2665 3411 2711 tanta-

1835 2753 1943 2807 que
1971 2739 2256 2808 patimur?
2280 2738 2470 2809 Neque
2523 2741 2669 2795 enim
2706 2744 3026 2799 existimare
3069 2745 3237 2801 debes
3274 2749 3409 2802 sub-

1830 2829 2075 2897 jicieuda
2124 2838 2328 2886 cuncta
2368 2847 2476 2885 non
2524 2848 2680 2897 esse,
2730 2834 2996 2903 quoniam
3044 2838 3287 2893 nondum
3342 2854 3408 2895 ea

1834 2921 2092 2986 subjecit.
2124 2919 2355 2991 Oportet
2384 2923 2532 2977 enim
2581 2932 2643 2977 ut
2687 2925 3079 2992 subiiciantur.
3113 2928 3249 2984 Nam
3279 2946 3410 3001 pro-

1833 3013 2012 3081 phetia
2042 3028 2266 3084 propter
2291 3014 2396 3069 hoc
2426 3018 2784 3085 pronuntiata
2815 3026 2920 3072 est.

1906 3103 2071 3161 Vens.
2116 3106 2169 3160 9.
2218 3126 2236 3158 ‹
2273 3106 2415 3162 Eum
2458 3118 2642 3163 autem
2693 3110 2786 3180 qui
2826 3110 3041 3166 modico
3088 3128 3259 3183 quam
3305 3130 3407 3170 an-

1836 3197 1941 3267 geli
1984 3196 2293 3253 minoratus
2337 3209 2445 3265 est,
2474 3199 2731 3262 videmus
2767 3198 2978 3269 .Iesum,
3022 3214 3247 3275 propter
3280 3222 3409 3278 pas-

1834 3290 2015 3341 siones
2054 3290 2257 3344 crucis.
2306 3309 2325 3341 ι

1903 3380 2242 3436 Triduaham
2276 3392 2509 3439 mortem
2544 3387 2744 3441 innuit.
2773 3387 3039 3444 Hortatur
3068 3401 3247 3448 autem
3279 3394 3403 3449 illos

1832 3484 1891 3526 ut
1928 3482 2127 3528 cuncta
2167 3490 2435 3544 generose
2484 3480 2743 3545 tolerent,
2790 3482 2877 3538 his
2924 3483 3039 3538 fere
3089 3487 3312 3541 verbis:
3346 3484 3404 3541 Si

1814 3554 1924 3619 'ille
1953 3582 2112 3634 quem
2140 3569 2319 3637 angeli
2346 3571 2537 3623 cernui
2569 3572 2839 3637 adorant,
2884 3576 2963 3629 tui
3003 3592 3167 3632 causa
3203 3596 3404 3649 passus

1829 3665 1933 3717 est.
1974 3669 2032 3712 ut
2087 3660 2372 3728 paululum
2426 3662 2565 3715 infra
2616 3667 2841 3735 angelos
2892 3669 3203 3725 minoratns
3232 3682 3401 3738 esset,

1830 3740 2006 3803 multo
2036 3754 2213 3820 magis
2242 3760 2296 3802 tu
2333 3753 2426 3821 qui
2469 3756 2680 3824 angelis
2713 3774 2772 3813 es
2817 3759 3015 3828 minor,
3042 3772 3239 3818 cuncta
3275 3781 3402 3835 pro-

1826 3846 1947 3906 pter
1973 3839 2151 3908 ipsum
2178 3842 2345 3896 debes
2371 3843 2627 3899 tolerare.

1901 3949 1919 3980 ι
1962 3931 2149 3986 Gloria
2181 3943 2234 3987 et
2282 3934 2493 3991 honore
2526 3948 2873 4005 coronatum,
2912 3951 2972 3996 ut
3006 3943 3182 4013 gratia
3222 3944 3338 4001 Dei.
3374 3964 3394 3998 ι

1894 4105 2146 4162 Ostendit
2178 4126 2398 4165 crucem
2430 4114 2658 4183 gloriam
2698 4131 2824 4171 esse
2856 4127 2911 4171 et
2937 4116 3225 4183 honorem.
3250 4122 3399 4178 sicut

1822 4210 1876 4253 et
1920 4201 2182 4258 Christus
2236 4204 2354 4272 ipse
2400 4206 2649 4261 eamdem
2698 4210 2977 4279 appellat,
3018 4213 3146 4266 dum
3180 4215 3297 4268 ait:
3329 4214 3397 4269 Ut

1821 4293 2143 4361 gloriﬁcatur
2175 4294 2348 4350 Filius
2394 4299 2661 4365 hominis;
2693 4309 2784 4367 et,
2820 4300 3161 4372 Clariﬁcatus
3196 4315 3275 4359 est
3300 4305 3395 4359 Fi-

1822 4383 1924 4436 lius
1946 4384 2174 4440 hominis
2207 4388 2273 4442 ⁸⁷.

1895 4493 1913 4523 ι
1956 4474 2064 4529 Pro
2093 4480 2350 4534 onmibus
2378 4489 2627 4548 gustaret
2654 4494 2905 4539 mortem.
2942 4505 2960 4538 ι

1748 4598 1790 4652 D
1892 4565 2102 4622 Revera
2154 4571 2297 4625 enim
2353 4572 2422 4625 ad
2484 4574 2661 4628 instar
2707 4576 2857 4632 illius
2913 4580 3006 4648 qui
3062 4591 3266 4652 gustat,
3309 4584 3391 4638 sic

1819 4671 1942 4713 cum
1984 4660 2167 4720 .breve
2218 4664 2572 4720 intervallum
2638 4668 2779 4722 inter
2851 4683 3095 4726 mortuos
3162 4674 3390 4743 egisset,

1819 4752 2061 4805 surrexit
2114 4753 2319 4807 statim.
2382 4755 2624 4811 Dicendo
2681 4760 2888 4827 igitur,
2949 4777 3040 4829 per
3093 4767 3393 4831 passionem

1818 4844 2020 4906 mortis,
2052 4857 2282 4901 mortem
2312 4862 2496 4902 veram
2531 4850 2885 4919 signiﬁcavit,
2920 4855 3162 4922 itemque
3204 4856 3392 4911 dicen-

1819 4936 1910 4999 do,
1944 4937 2144 5004 angelis
2185 4939 2474 5016 meliorem,
2506 4944 2970 4999 resurrectionem
3017 4947 3318 5003 denotavit.

1892 5025 2056 5082 Vens.
2114 5029 2201 5083 10.
2255 5050 2274 5083 ι
2312 5032 2548 5087 Decebat
2600 5037 2748 5089 enim
2796 5053 2922 5092 eum
2970 5047 3193 5108 propter
3226 5055 3387 5109 quem

1820 5122 2027 5186 omnia,
2060 5131 2115 5176 et
2154 5137 2252 5191 per
2287 5140 2447 5193 quem
2478 5127 2682 5182 omnia.
2726 5148 2757 5187 φτ

1891 5210 2144 5278 Decebat,
2180 5215 2397 5283 inquit,
2451 5225 2510 5269 ut
2554 5220 2646 5286 qui
2697 5231 2891 5273 cuncta
2934 5221 3183 5286 curabat,
3213 5230 3266 5276 ct
3296 5221 3385 5290 qui

1818 5311 2009 5355 concta
2040 5305 2394 5371 produxerat,
2431 5307 2546 5376 ipse
2579 5307 2769 5363 Filium
2801 5326 2899 5379 pro
2932 5312 3266 5383 reliquorum
3299 5329 3389 5367 sa:

1818 5392 1930 5448 lute
1956 5407 2273 5464 exponeret,
2306 5412 2471 5452 unum
2507 5416 2603 5469 pro
2640 5402 2843 5457 multis.

1895 5587 1914 5619 ε
1954 5569 2055 5637 Qul
2086 5574 2287 5627 multos
2330 5574 2469 5629 filios
2510 5577 2562 5629 in
2596 5579 2825 5648 gloriam
2859 5578 3183 5636 adduxerat.
3219 5598 3239 5630 ι

1887 5661 2019 5716 Cum
2055 5663 2167 5733 ipse
2196 5666 2340 5721 ﬁlius
2365 5679 2467 5734 est,
2500 5678 2611 5724 tum
2650 5682 2703 5725 et
2737 5688 2832 5726 nos
2856 5687 3044 5727 sumus
3064 5674 3188 5739 ﬁlii;
3216 5685 3267 5727 at
3297 5674 3385 5729 ille

1818 5756 2030 5824 quidem
2060 5757 2236 5816 salvos
2265 5758 2414 5829 facit,
2456 5778 2554 5819 nos
2590 5782 2713 5819 vero
2738 5766 2873 5823 salvi
2907 5782 3115 5820 sumus.

2970 5948 3042 6007 30
