4214 6446
174 417 276 481 941

1350 408 1427 467 ΙΝ
1467 406 1697 465 EPIST.
1728 405 1825 462 AD
1864 402 2247 462 HEBR/EOS.

3302 398 3404 461 942

176 530 350 582 εἰπὼν
409 529 504 582 διὰ
526 527 749 591 παντὸς
780 524 885 577 τοῦ
928 521 1061 588 δῆν·
1110 519 1244 573 ἀλλὰ
1286 517 1593 588 ἀπήλλαξεν
1652 515 1742 567 τὸν
1771 524 1815 575 Α

1737 534 1742 557 ν
1771 524 1815 575 Α
1847 520 1994 580 (num
2035 514 2137 567 hoc
2171 513 2535 567 suhindicavit
2560 512 2811 578 dicendo,
2838 528 2930 581 per
2955 528 3154 565 omnem
3180 514 3401 580 vitam);

179 621 365 686 φόὸον,
392 622 484 672 καὶ
515 618 759 687 γελῶμεν
786 617 887 687 ήδη
917 614 1102 667 αὐτόν.

252 831 280 866 ι
320 800 400 851 Οὐ
437 800 547 866 γὰρ
598 796 770 865 δήπου
811 793 1057 861 ἁγγελων
1100 789 1547 860 ἐπιλαμϐάνεται,
1604 787 1737 840 ἀλλὰ

180 890 496 957 σπέρματος
532 884 780 954 Ἀϐραὰμ
805 881 1251 949 ἐπιλαμϐάνεται.
1290 898 1308 930 ›

249 977 366 1030 Οὔκ
403 978 639 1043 ἐκείνης,
680 976 862 1043 φησὶν.
911 972 1173 1042 ἐδράξατο
1217 974 1315 1039 της
1358 985 1595 1038 φύσεως,
1640 970 1741 1037 τῆς

178 1069 288 1117 τῶν
314 1067 555 1133 ἀγγέλων
578 1066 737 1133 φημὶ,
786 1062 921 1114 ἀλλὰ
963 1061 1061 1128 τῆς
1104 1059 1397 1129 ἡμετέρας.
1446 1057 1547 1109 Διὰ
1584 1056 1742 1109 τοῦτο

179 1156 237 1208 δὲ
261 1151 434 1217 εἶπεν,
464 1156 803 1214 ἐπελάϐετο,
829 1154 916 1205 ἵνα
950 1151 1097 1221 δείξῃ
1131 1150 1394 1202 διώκοντα
1424 1151 1584 1202 αὐτόν
1618 1149 1743 1210 τοὺς

181 1247 687 1316 ἀποστρεφομένους
711 1261 727 1277 ·
766 1245 839 1307 ὡς
886 1245 1075 1314 πόρρω
1118 1243 1223 1315 γὰρ
1263 1245 1407 1311 ἡμᾶς
1446 1240 1742 1311 φεύγοντας

180 1340 550 1391 ἐπεσπάσατο.

253 1430 418 1481 Ὅθεν
478 1427 671 1493 ὤφειλε
725 1425 865 1478 κατὰ
900 1425 1077 1475 πάντα
1114 1425 1226 1484 τοῖς
1266 1423 1510 1489 ἀδελφοῖς
1544 1422 1743 1490 ὁμοιω-

181 1519 364 1585 θῆναι,
394 1520 479 1571 ἵνα
513 1518 758 1584 ἐλεήμων
788 1516 1032 1584 γένηται.
1078 1516 1170 1566 καὶ
1215 1515 1406 1575 πιστὸς
1455 1516 1743 1583 ἀρχιερεύς

181 1611 251 1662 τὰ
287 1612 419 1678 πρὸς
451 1612 540 1663 τὸν
587 1611 743 1669 Θεὸν,
776 1613 855 1670 εἰς
888 1609 947 1661 τὸ
980 1607 1293 1660 ἱλάσκεσθαι
1336 1607 1431 1668 τὰς
1476 1607 1744 1676 ἁμαρτίας

180 1702 273 1753 τοῦ
308 1700 457 1754 λαοῦ.
494 1719 513 1750 ι
574 1692 599 1702 θ’

252 1791 319 1841 Τί
368 1793 482 1842 ἐστι
532 1788 677 1841 κατὰ
724 1787 955 1849 πάντα;
999 1788 1241 1856 Ἐτέχθη,
1276 1787 1459 1856 φησιν,
1513 1786 1741 1854 ἐτράφη,

1879 646 1885 649 .
1913 618 2022 654 rum
2052 604 2299 657 timorem
2331 603 2471 656 lumc
2494 602 2746 659 Christus
2783 604 3013 673 pepulit,
3046 604 3116 657 ita
3146 612 3199 657 ut
3238 605 3399 659 morti

1839 696 1949 763 jam
1987 696 2293 749 illudamus.

1919 785 2079 839 Vens.
2115 784 2204 837 16.
2243 804 2262 834 ‹
2293 783 2565 852 Nusquam
2598 785 2740 837 enim
2771 783 2992 853 angelos
3022 782 3401 855 apprehendit,

1842 876 1936 931 sed
1974 893 2155 932 semen
2191 877 2419 930 Abrahm
2445 876 2819 944 apprehendit.
2867 895 2886 928 ι

1910 967 2027 1022 Non
2072 969 2238 1033 illam,
2279 969 2477 1037 inquit,
2510 970 2825 1035 angelorum
2871 967 3098 1031 scilicet,
3153 976 3402 1022 naturam

1844 1062 2074 1127 accepit,
2111 1061 2205 1113 sed
2238 1072 2502 1113 nostram.
2558 1059 2763 1112 Idcirco
2812 1067 2989 1111 autem
3022 1058 3184 1117 dixit,
3218 1074 3405 1126 appre-

1844 1151 2043 1212 hendit,
2076 1161 2131 1202 ut
2160 1150 2437 1203 Christum
2462 1151 2714 1203 ostendat
2739 1149 2856 1202 illos
2882 1135 3000 1202 esse
3032 1160 3404 1216 prosecutum,

1846 1243 1933 1309 qui
1970 1258 2027 1295 se
2066 1242 2475 1295 aversabantur.
2525 1242 2660 1294 Dum
2696 1241 2865 1309 enim
2908 1241 3097 1309 procul
3130 1241 3407 1311 fugieba-

1846 1347 1984 1387 tuus.
2018 1334 2132 1400 ipse
2159 1347 2254 1384 nos
2288 1332 2528 1384 attraxit.

1921 1422 2083 1478 Vens.
2117 1424 2203 1477 l7.
2245 1442 2261 1474 ι
2299 1424 2448 1476 Unde
2484 1424 2667 1475 ilchuit
2702 1438 2795 1489 per
2820 1424 2999 1476 omnia
3038 1422 3300 1476 fratribus
3332 1425 3407 1475 si-

1848 1495 2042 1575 utilari,
2074 1512 2234 1581 232
2266 1522 2321 1563 ut
2347 1513 2653 1565 misericors
2680 1513 2851 1567 lierel.
2879 1522 2932 1564 et
2955 1512 3128 1564 ﬁdelis
3162 1512 3403 1579 pontifex

1847 1603 1910 1655 ad
1948 1602 2136 1666 Deum,
2170 1614 2226 1655 ut
2264 1604 2643 1671 repropitiaret
2674 1602 2866 1655 delicta
2891 1602 3091 1669 populi.
3138 1620 3157 1652 ι

1920 1776 2187 1848 Quidnam
2224 1783 2375 1836 ilhud
2407 1794 2507 1849 est,
2535 1799 2626 1851 per
2660 1785 2874 1836 omnia?
2899 1783 3068 1838 Natus
3091 1793 3193 1844 est.
3217 1762 3409 1855 inquit,

180 1882 419 1953 ηὐξήθη,
469 1881 659 1941 ἔπαθε,
692 1880 869 1932 πάντα
915 1880 1056 1949 ειπερ
1091 1881 1255 1949 ἐχρῆν
1322 1878 1606 1940 ιελειώσας
1643 1879 1741 1929 ἁπι
1779 1856 1821 1910 Β

1779 1856 1821 1910 Β
1852 1884 2087 1927 nutritus
2116 1884 2221 1936 est,
2255 1888 2444 1943 passus
2470 1884 2572 1937 est,
2609 1877 2881 1926 universis
2918 1890 3037 1942 qua:
3071 1890 3207 1941 opus
3232 1887 3408 1937 erant,

180 1974 391 2024 éﬂavev.
433 1969 600 2022 Τοῦτό
630 1972 745 2022 ἐστι
765 1968 905 2021 κατὰ
937 1969 1114 2021 πάντα
1141 1972 1251 2029 τοῖς
1276 1968 1522 2036 ἀδελφοῖς
1550 1971 1748 2036 ὁμοιω-

180 2065 359 2133 θῆναι.
403 2063 621 2130 Ἐπειδὴ
649 2062 757 2132 γὰρ
792 2061 962 2113 πολλὰ.
1012 2060 1315 2130 διαλεχθεὶς
1349 2060 1475 2130 περὶ
1512 2060 1612 2126 τῆς
1656 2076 1750 2127 με·

178 2157 531 2225 γαλειότητΨ
566 2156 751 2217 αὑτοῦ,
792 2156 887 2206 καὶ
918 2154 1017 2222 τῆς
1062 2154 1172 2207 ἄνω
1218 2154 1394 2221 δόξης,
1443 2152 1628 2205 λοιπὸν
1657 2151 1749 2203 τὸν

178 2247 434 2316 περὶτῆς
467 2246 781 2313 οἰκονομίας
821 2244 977 2311 λόγον
1020 2246 1178 2309 κινεῖ,
1218 2244 1499 2314 μονονουχὶ
1539 2243 1745 2311 λέγων’

190 2338 248 2388 '0
272 2337 417 2388 οὓτω
448 2337 636 2405 μέγας,
666 2338 694 2387 6
746 2336 820 2387 ὢν
848 2334 1191 2404 ἀπαύγασμα
1221 2334 1314 2386 τοῦ
1344 2335 1576 2402 Πατρὸς,
1616 2337 1644 2387 6
1670 2334 1749 2386 ὢν

177 2426 467 2496 χαρακτὴρ
497 2426 593 2492 τῆς
632 2425 999 2488 ὑποστάσεως,
1057 2424 1124 2475 δι’
1153 2416 1214 2475 οὗ
1249 2423 1375 2485 τοὺς
1415 2423 1620 2485 αἰῶνας
1651 2440 1749 2475 πει

178 2519 429 2586 ποίηκεν,
448 2518 476 2567 ὁ
497 2517 554 2566 ἐν
570 2514 716 2583 δεξιᾷ
740 2515 832 2567 τοῦ
858 2515 1070 2585 Πατρὸς
1090 2514 1417 2583 καθήμενος,
1443 2507 1596 2576 οὗτος
1622 2513 1750 2583 ήθέο

178 2609 332 2677 λησε,
358 2606 787 2659 καὶέσπούδακεν
805 2607 1030 2674 ἁδελφὸς
1048 2606 1204 2675 ἡμῶν
1229 2611 1283 2657 ἐν
1308 2610 1440 2659 πᾶσι
1458 2605 1707 2673 γενέσθαι
1731 2623 1745 2635 ·

190 2700 467 2769 Ἑθέλησε,
489 2700 581 2752 καὶ
602 2700 687 2751 διὰ
713 2716 871 2751 τουτο
893 2702 986 2752 καὶ
1010 2699 1143 2769 πρὸς
1173 2700 1317 2767 ἡμᾶς
1340 2699 1623 2768 κατῆλθεν,
1656 2700 1750 2750 διαὶ

94 2844 97 2845 ,
179 2794 340 2861 ἡμων
372 2792 685 2855 ἐπελάϐετο,
734 2793 829 2845 καὶ
879 2792 1048 2862 μυρία
1090 2793 1383 2861 εἰργάσατο
1415 2791 1613 2858 ἀγαθά.
1641 2791 1749 2843 Θά-

178 2902 340 2937 νατον
390 2886 599 2947 ἔλυσεν,
630 2884 717 2937 τὸν
762 2883 1005 2937 διάὅολον
1036 2884 1134 2953 τῆς
1164 2885 1477 2953 τυραννίδος
1507 2883 1749 2949 εξέϐαλε,

176 2974 427 3035 δουλείας
464 2973 793 3042 ἀπήλλαξεν,
829 2973 1173 3041 ,Ἀρχιερεὺς
1225 2971 1479 3039 γενέσθαι
1521 2972 1750 3041 ἠθέλησε

180 3065 321 3135 πρὸς
348 3065 438 3117 τὸν
481 3064 716 3133 Πατέρα.
758 3064 847 3115 Διὸ
875 3065 969 3116 καὶ
1006 3065 1304 3132 ἐπήγαγεν.
1332 3064 1455 3117 Ἵνα
1483 3063 1752 3131 ἐλεήμων

1849 1966 2260 2027 consummatis,
2299 1973 2547 2017 mortuus
2586 1973 2711 2016 est:
2748 1966 2849 2017 hoc
2879 1975 2963 2017 est
3008 1966 3270 2021 fratribus
3317 1982 3413 2037 per

1848 2073 2027 2111 omnia
2058 2057 2312 2110 similari.
2344 2055 2504 2119 Nam,
2534 2058 2665 2123 quia
2720 2056 2903 2109 multis
2946 2056 3316 2124 disputaverat
3343 2058 3412 2112 de

1849 2152 2130 2224 majestate
2165 2149 2490 2216 sublimique
2533 2148 2702 2218 gloria
2738 2147 2904 2212 illius,
2942 2149 3049 2201 hoc
3094 2148 3193 2201 loci
3229 2149 3295 2201 de
3324 2150 3412 2201 in-

1849 2242 2181 2296 carnatioais
2212 2240 2619 2307 dispensatione
2642 2254 2949 2292 sermonem
2974 2240 3163 2308 agitat,
3190 2241 3242 2291 in
3268 2240 3413 2294 hunc

1851 2338 1963 2392 fere
1994 2339 2207 2391 modum
2228 2352 2241 2387 ι
2266 2335 2365 2399 Qui
2405 2345 2512 2387 tam
2533 2350 2756 2404 magnus
2778 2343 2885 2397 est,
2912 2336 3001 2403 qui
3038 2337 3297 2404 splendor
3330 2344 3416 2390 est

1851 2429 2048 2492 Patris,
2090 2427 2181 2495 qui
2216 2436 2301 2480 est
2339 2427 2620 2480 character
2651 2434 2704 2478 et
2736 2423 2905 2493 ﬁgura
2938 2426 3411 2494 substantimejus,

1851 2532 1944 2585 per
1970 2532 2129 2585 quem
2163 2517 2254 2569 ille
2284 2515 2411 2569 fecit
2450 2516 2667 2578 saecula,
2705 2517 2793 2583 qui
2827 2515 2979 2569 sedet
3009 2532 3038 2568 a
3078 2517 3286 2571 dextris
3316 2516 3418 2570 Pa-

1852 2610 1974 2673 tris,
2002 2612 2116 2678 ipse
2135 2609 2326 2672 voluit,
2360 2624 2682 2677 summoque
2712 2608 2891 2662 studio
2916 2612 3219 2677 peroptavit
3249 2610 3418 2663 frater

1852 2712 2040 2755 noster
2092 2701 2267 2753 modis
2312 2701 2568 2753 omnibus
2620 2700 2737 2753 fieri
2785 2719 2797 2753 :
2838 2700 3025 2763 voluit,
3064 2701 3321 2769 inquam,
3363 2713 3419 2757 ct

1852 2802 2135 2861 propterea
2171 2790 2239 2844 ad
2272 2807 2369 2845 nos
2392 2806 2610 2859 quoque
2644 2792 2948 2849 descendit.
2986 2806 3198 2858 nosque
3223 2807 3417 2861 appre-

1852 2883 2067 2947 hendit,
2091 2889 2148 2935 et
2174 2886 2461 2934 innumera
2492 2884 2633 2935 bona
2662 2882 2915 2949 patravit.
2950 2880 3210 2936 Dissolvit
3242 2890 3299 2935 et
3321 2898 3426 2944 οπο,

1852 2973 2044 3026 stinxit
2078 2980 2329 3037 mortem,
2365 2973 2640 3025 diabolum
2673 2976 2959 3043 tyrannico
2990 2977 3215 3043 imperio
3237 2977 3414 3043 ejecit,

1853 3079 1881 3116 a
1908 3068 2175 3118 servitute
2206 3079 2305 3118 nos
2336 3064 2610 3126 liberant,
2644 3064 2893 3120 Pontifex
2919 3082 3041 3120 esse
3063 3079 3252 3122 noster
3272 3070 3417 3138 apud

181 3158 429 3224 γένηται
457 3156 557 3208 καὶ
590 3155 803 3218 πιστὸς
831 3154 1141 3222 ἀρχιερεὺς
1168 3155 1242 3207 τὰ
1270 3155 1417 3221 πρὸς
1445 3155 1549 3207 τὸν
1584 3155 1749 3207 Geor.
1780 3188 1822 3244 Ο

1780 3188 1822 3244 c
1855 3154 2069 3208 Patrem
2100 3154 2297 3208 voluit.
2331 3156 2601 3219 Quocirca
2636 3155 2839 3212 Paulus
2866 3158 3069 3222 intulit,
3105 3169 3160 3210 ut
3205 3163 3416 3214 miseri-

182 3249 333 3300 Τίδέ
364 3251 479 3301 ἐστι
504 3286 518 3310 ,
559 3250 809 3312 :no'zo'c;
854 3247 1077 3317 Ἀληθὴς
1102 3248 1195 3299 καὶ
1236 3248 1547 3314 δυνάμενος.
1581 3246 1656 3300 Τὰ
1700 3248 1755 3299 οὲ

181 3340 338 3405 πρὸς
361 3338 466 3391 τὸν
498 3341 661 3399 Θεὸν,
697 3326 963 3409 ἐπήγαγε,
1017 3338 1174 3390 τοῦτο
1202 3338 1399 3405 δηλων,
1430 3357 1505 3401 ως
1545 3340 1610 3389 ἐκ
1657 3355 1754 3391 πο-

191 3428 542 3498 λεμουμένων
573 3428 649 3497 τῷ
673 3429 812 3498 Θεῷ,
854 3428 948 3479 καὶ
977 3430 1458 3498 κατεγνωσμένων,
1491 3430 1585 3480 καὶ
1610 3446 1763 3480 τετι-ι

187 3520 555 3589 μωρημένων,
581 3519 756 3580 ουδεὶς
785 3514 851 3588 ἦν
893 3520 920 3569 ὁ
957 3519 1259 3588 προσοίσων
1304 3518 1443 3589 ὑπὲρ
1472 3519 1628 3589 ἡμῶν
1660 3519 1753 3571 θυ-

187 3616 335 3676 σίαν,
366 3612 480 3665 ἀλλ’
515 3610 650 3664 εἶδεν
684 3613 829 3680 ἡμᾶς
856 3613 914 3662 ἐν
937 3611 1144 3674 τούτοις
1170 3611 1351 3674 ὄντας,
1382 3612 1476 3662 καὶ
1502 3611 1753 3679 ἠλέησεν,

186 3708 247 3757 οὺ
281 3706 627 3773 καταστήσας
676 3705 806 3770 ἡμῖν
854 3703 1138 3772 ἀρχιερέα,
1174 3704 1291 3755 ἀλλ’
1326 3704 1486 3765 αὐτὸς
1522 3690 1757 3769 γεγονὼς

201 3793 515 3865 Ἀρχιιρεῦς
544 3794 753 3857 πιστὸς,
783 3794 883 3843 ἵνα
905 3793 1185 3861 ἱλάσηται
1206 3793 1311 3857 τὰς
1337 3793 1619 3861 ἁμαρτίας
1651 3810 1755 3845 του

187 3887 345 3939 λαου

270 4086 290 4118 ι
346 4068 433 4119 Ἐν
456 4060 501 4134 ᾧ
529 4066 637 4137 γὰρ
665 4066 952 4129 πέπονθεν,
984 4067 1144 4128 αὐτὸς
1175 4066 1503 4136 πειρασθείς.
1548 4086 1567 4116 ›

269 4246 493 4318 Ὅμοιον
549 4249 623 4311 ὡς
672 4251 718 4300 εἰ
765 4248 942 4315 λέγοι·
990 4249 1102 4301 Οὐκ
1133 4251 1316 4315 ἁγνοεῖ
1364 4249 1431 4301 τὰ
1483 4247 1629 4314 πάθη
1692 4249 1759 4299 τά

194 4340 443 4409 ἡμέτερα
474 4357 486 4367 ·
522 4340 618 4409 οὐχ
647 4340 720 4401 ὡς
758 4340 891 4401 Θεὸς
920 4340 1081 4409 μόνον
1127 4334 1266 4391 οἶδεν
1296 4341 1457 4402 αὐτὰ,
1490 4339 1624 4391 ἀλλὰ
1667 4339 1761 4391 καὶ

194 4433 272 4496 ὡς
317 4433 600 4502 ἄνθρωπος
641 4433 779 4498 ἔγνω
814 4431 901 4484 διὰ
948 4432 1048 4499 τῆς
1105 4432 1313 4501 πείρας,
1360 4426 1426 4501 ἧς
1470 4430 1755 4501 ἐπειράθη.

1856 3264 1974 3299 cors
1999 3247 2165 3314 ﬁeret,
2184 3257 2229 3299 et
2256 3246 2426 3314 ﬁdelis
2462 3246 2707 3315 Pontifex
2732 3248 2872 3316 apud
2901 3248 3091 3304 Deum.
3115 3250 3255 3316 Quid
3289 3267 3422 3305 vero

1857 3338 2149 3405 significat,
2183 3338 2357 3405 ﬁdelis
2377 3340 2400 3392 ?
2418 3336 2596 3391 Verax
2628 3348 2681 3392 et
2706 3351 2915 3407 potens.
2938 3339 3252 3409 Subjunxit,
3278 3343 3418 3411 apud

1858 3428 2063 3493 Deum;
2106 3430 2390 3483 declarans
2414 3431 2577 3498 quod,
2615 3445 2739 3483 cum
2787 3431 2972 3486 hostes
3019 3449 3268 3489 essemus
3301 3434 3421 3497 Dei,

1858 3533 1983 3570 cum
2009 3519 2249 3570 damnati
2281 3533 2532 3573 essemus
2567 3530 2623 3573 et
2651 3521 2934 3589 suppliciis
2975 3522 3222 3586 obnoxii,
3254 3538 3422 3579 nemo

1857 3608 2019 3662 fuerit
2052 3624 2145 3675 qut
2180 3609 2509 3663 sacrificium
2556 3610 2777 3663 olferret
2828 3627 2926 3679 pro
2968 3614 3162 3679 nobis;
3205 3614 3301 3669 sed
3335 3615 3424 3668 ille

1856 3700 2046 3753 videns
2080 3716 2179 3755 nos
2210 3701 2294 3754 his
2322 3702 2375 3754 in
2409 3702 2568 3756 malis
2594 3705 2823 3765 versari,
2848 3708 3017 3756 nostri
3050 3705 3306 3759 misertus
3327 3707 3420 3770 sit,

1862 3809 2039 3861 neque
2074 3809 2347 3847 sununum
2396 3796 2733 3848 sacerdotem
2788 3795 3021 3849 alterum
3072 3797 3424 3852 constituerit

1860 3886 2015 3939 nobis
2038 3924 2052 3947 ,
2094 3887 2187 3939 sed
2217 3887 2330 3951 ipse
2356 3884 2603 3940 Pontifex
2635 3887 2806 3941 lidelis
2837 3890 2907 3943 sit
2932 3889 3137 3953 factus,
3160 3901 3218 3944 ut
3245 3907 3423 3959 repro-

1856 3979 2062 4042 pitiarct
2088 3988 2305 4045 peccata
2331 3978 2530 4043 populi.

1933 4069 2091 4122 Vnus.
2134 4070 2217 4122 18.
2277 4087 2294 4118 ι
2330 4068 2384 4121 In
2432 4085 2497 4122 eo
2527 4071 2669 4123 enim
2702 4070 2754 4123 in
2794 4087 2901 4141 quo
2936 4087 3129 4140 passus
3155 4082 3274 4139 est,
3306 4076 3422 4144 ipse

1858 4169 2109 4212 tentatus-
2156 4180 2174 4212 ι

1933 4248 2076 4303 Idem
2112 4261 2196 4304 est
2222 4267 2285 4304 ac
2309 4269 2353 4304 SI
2384 4262 2589 4308 ulceret
2623 4273 2636 4305 τ
2672 4253 3078 4323 Εςτίιυᾱίιιιιηι
3107 4266 3417 4311 nostrarum

1862 4342 2286 4411 haudquaquam
2323 4346 2523 4397 inscius
2554 4354 2635 4398 est
2658 4386 2673 4409 ,
2713 4362 2815 4401 nec
2847 4361 2940 4401 eas
2973 4348 3235 4401 duntaxat
3273 4348 3422 4403 novit

1861 4448 1963 4502 qua
2006 4433 2147 4489 Deus
2181 4442 2288 4495 est,
2336 4436 2429 4489 sed
2475 4436 2637 4488 etiam
2691 4452 2793 4504 qua
2845 4437 3009 4489 homo
3046 4438 3277 4501 exsistit,
3324 4452 3420 4505 pe-

198 4523 413 4575 Ἔπαθε
449 4524 643 4576 πολλὰ·
681 4520 789 4575 οἶδε
820 4524 1184 4591 συμπάσχειν,
1225 4522 1403 4574 καίτοι
1450 4539 1510 4588 γε
1546 4520 1759 4590 ἀπαθὴς
1790 4542 1832 4594 ι)

1755 4526 2090 4594 :Driculnm
2142 4529 2453 4579 earumdem
2526 4527 2691 4589 fecit,
2751 4528 2948 4595 quippe
3004 4542 3126 4580 cum
3184 4535 3419 4582 tentatus

197 4613 274 4667 ὢν
310 4612 386 4675 ὡς
423 4612 573 4675 Θεός.

278 4814 301 4847 ι
345 4794 580 4847 Δύναται
606 4797 715 4856 τοῖς
738 4792 1147 4861 πειραζομένοις
1177 4792 1456 4860 βοηθῆσαι.
1501 4811 1519 4842 ›

283 4888 371 4948 Ὠς
400 4885 464 4938 ἂν
498 4886 638 4937 εἴποι
672 4902 753 4947 τις
782 4903 795 4915 ·
824 4886 976 4937 Μετὰ
1024 4884 1219 4953 πολλῆς
1244 4882 1547 4953 προθυμίας
1588 4884 1761 4954 ὀρέξει

202 4982 386 5049 χεῖρα,
418 4976 511 5028 καὶ
541 4976 971 5043 συμπαθήσεται.
1192 5014 1197 5019 .

817 5068 1061 5119 ΚΕΦΑΛ.
1092 5068 1143 5118 Γ¹

278 5176 298 5208 ι
340 5154 521 5217 Ὅθεν,
553 5154 770 5221 ἀδελφοὶ
811 5155 974 5221 ἅγιοι,
1019 5157 1260 5225 κλήσεως
1291 5156 1610 5226 ἐπουρανίου
1642 5156 1767 5223 μέτ-

203 5265 342 5315 οχοι,
391 5247 757 5314 κατανοήσατε
815 5245 906 5295 τὸν
956 5247 1305 5311 ’Λπόστολον,
1352 5251 1443 5301 καὶ
1488 5248 1768 5318 Ἀρχιερέα

202 5340 307 5407 τῆς
342 5337 634 5405 ὁμολογίας
663 5336 815 5405 ἡμῖν·
851 5338 937 5387 τὸν
993 5337 1178 5404 Ιησοῦν
1210 5340 1465 5409 Χριστόν.
1499 5360 1517 5391 ι

276 5429 505 5483 Μέλλων
542 5428 701 5480 αὐτὸν
730 5429 1003 5494 προθεῖναι
1046 5429 1136 5485 τοῦ
1180 5432 1476 5494 Μωῦσὲως,
1512 5433 1602 5484 καὶ
1637 5430 1769 5497 σύγ-

208 5537 398 5592 κρισιν
434 5518 722 5578 ποιεῖσθαι,
757 5520 836 5579 είς
876 5520 966 5570 τὸν
1006 5520 1107 5585 τῆς
1156 5521 1452 5589 ἱερωσύνης
1490 5522 1652 5588 νόμον
1681 5522 1771 5571 τὸν

208 5613 372 5679 λόγον
410 5611 636 5680 ἤγαγεν.
675 5611 732 5661 Ὀ
779 5610 834 5662 δὲ
884 5611 984 5677 τῆς
1032 5610 1327 5681 ἱερωσύνης
1355 5613 1527 5679 λόγος,
1571 5616 1648 5674 εἰς
1676 5614 1772 5682 τὴν

208 5702 525 5767 οἰκονομίαν
558 5700 850 5769 ἐκλπιρθείη
875 5701 956 5753 ἂν.

287 5794 548 5845 Τουτέστι
581 5794 674 5861 τῆς
711 5793 953 5853 πίστεως.

1862 4618 1973 4683 ipse
2005 4618 2189 4671 fuerit.
2226 4618 2413 4680 Multa,
2442 4620 2636 4687 inquit,
2664 4620 2905 4685 pertulit,
2942 4634 3421 4674 commiserascere

1861 4709 1985 4764 scit.
2012 4710 2264 4775 quamvis
2295 4710 2400 4776 pati
2431 4711 2633 4763 nesciat
2657 4717 2927 4777 quatenus
2955 4718 3046 4769 est,
3066 4708 3230 4762 Deus.

1934 4815 1952 4844 ι
1993 4795 2196 4850 Potens
2223 4809 2305 4851 est
2340 4808 2394 4849 et
2427 4798 2507 4850 eis
2538 4800 2627 4863 qui
2653 4806 2950 4853 tentantur.
2978 4798 3255 4849 auxiliari.
3290 4816 3304 4828 ἰ

1929 4889 2039 4941 Ceu
2087 4889 2235 4942 dicat
2276 4890 2511 4956 aliquis:
2545 4889 2674 4941 Cum
2724 4892 2891 4941 multa
2936 4889 3102 4941 animi
3144 4888 3424 4945 alacritate

1867 4980 2101 5047 porriget
2133 4978 2429 5041 dexteram,
2462 4986 2516 5031 et
2549 4978 3036 5032 commiseraliitur.

2510 5069 2660 5121 CAP.
2691 5070 2777 5123 Ill.

1938 5161 2098 5213 Vens.
2122 5160 2199 5212 1.(
2226 5158 2398 5221 Unde,
2424 5158 2615 5213 fratres
2641 5160 3155 5229 sanctihvocationis
3185 5162 3425 5217 cmlestil

1869 5252 2181 5317 participes,
2247 5249 2586 5302 considerate
2639 5250 2955 5317 Apostolum
3009 5259 3062 5304 et
3107 5250 3422 5305 Pontilicem

1871 5338 2238 5394 confessronts
2264 5349 2460 5392 nostrae
2488 5338 2667 5393 Jesum
2703 5341 3005 5395 Christum.
3041 5361 3060 5393 ι

1940 5428 2203 5495 Quoniam
2241 5443 2364 5482 eum
2392 5427 2561 5497 Moysi
2588 5431 2989 5497 antepositurus
3011 5429 3425 5489 crat,etutrius—

1872 5536 1973 5590 que
2008 5521 2465 5588 comparationem
2500 5520 2698 5586 facere,
2746 5522 2812 5584 de
2852 5524 2968 5591 lege
3015 5521 3302 5575 sacerdotii
3341 5522 3425 5573 (li-

1873 5628 1994 5665 cere
2042 5613 2295 5665 instituit.
2343 5611 2503 5678 Atqui
2537 5613 2822 5666 sacerdotii
2860 5614 2996 5667 ratio
3038 5612 3103 5665 ad
3137 5611 3419 5680 dispensa-

1878 5714 2073 5755 tionem
2112 5703 2335 5753 omnino
2362 5704 2704 5770 pertinuerit.

1946 5795 2000 5844 ld
2032 5800 2112 5844 est
2140 5790 2280 5844 fidei.
