4214 6446
226 393 334 458 945

1386 391 1468 450 IN
1508 391 1742 451 EPIST-
1768 389 1866 448 AD
1903 384 2290 447 ΗΕΒΗᾹΞΟΞ.

3344 377 3449 441 946

256 508 283 559 ὲ
313 508 341 559 ὁ
370 504 491 567 νοῦς
508 503 602 558 τοῦ
642 505 805 574 ῥητοῦ
832 497 989 565 οὗτός
1022 502 1168 554 ἐστιν
1188 520 1199 531 ο
1234 501 1396 554 Δαὸὶδ
1430 499 1567 562 εἷπε.
1603 502 1790 571 φησὶν,
1823 509 1866 563 Α
1894 512 1920 567 q

1786 543 1790 561 ,
1823 509 1866 563 Α
1894 512 2092 567 quens,
2123 494 2299 549 dixit;
2336 490 2507 545 Hodie
2538 491 2583 544 si
2608 505 2781 543 vocem
2812 491 2924 559 ejus
2955 487 3252 550 audieritis,
3286 489 3450 540 nolite

226 597 455 666 ὕστερον
488 597 625 666 μετὰ
648 596 746 665 τὴν
777 597 972 663 γενεὰν
1005 596 1105 663 τὴν
1137 595 1359 647 ἐκείνων
1389 594 1783 662 διαλεγόμενος,

222 688 305 741 ὃτι
339 687 605 756 Σήμερον
635 686 742 740 ἐὰν
767 686 876 755 τῆς
910 685 1111 755 φωνῆς
1141 687 1328 740 αὐτοῦ
1359 687 1681 752 ἀκούσητε,
1702 685 1788 753 μὴ

224 782 608 848 σκληρύνητε
641 780 747 845 τὰς
786 780 1033 848 καρδίας
1076 780 1271 848 υμῶν,
1305 780 1393 832 ἵνα
1434 780 1508 849 μὴ
1547 780 1617 831 τὰ
1650 778 1791 831 αὐτὰ

225 873 459 942 πάθητε,
493 873 634 941 ἅπερ
673 876 721 926 οἱ
760 875 1011 943 πρόγονοι
1037 874 1086 925 οἱ
1121 872 1405 943 ἡμέτεροι,
1434 873 1528 925 καὶ
1556 874 1789 923 ἀποστε-

227 962 431 1030 ρηθῆτε
469 965 568 1032 τῆς
606 961 1003 1023 καταπαύσεως
1022 1003 1036 1024 ,
1068 960 1143 1023 ὡς
1171 958 1338 1027 οὔσης
1369 958 1608 1029 δηλονότι
1645 956 1791 1019 τινὸς

222 1051 643 1115 καταπαύσεως.
681 1051 833 1103 Ἐπεὶ
857 1052 904 1103 εί
936 1050 1298 1120 ἀπειληφότες
1321 1046 1462 1118 ἦσαν
1487 1048 1583 1118 τὴν
1624 1047 1789 1100 κατά-

224 1157 464 1201 παυσιν,
513 1140 657 1204 τίνος
694 1141 855 1193 ἕνεκα
891 1141 1075 1203 αὐτοῖς
1114 1139 1264 1205 ἔλεγε
1301 1138 1381 1198 τὸ,
1409 1136 1678 1205 Σήμερον
1700 1134 1798 1204 μὴ·

223 1232 610 1298 σιιηρύνητε
656 1231 763 1296 τὰς
805 1230 1052 1298 καρδίας
1100 1232 1289 1299 ὑμῶν,
1317 1228 1399 1295 ὡς
1437 1231 1490 1281 oi
1538 1226 1785 1294 πατέρες

224 1319 429 1388 ὑμῶν,
476 1322 564 1374 ἵνα
613 1321 689 1392 μὴ
732 1321 802 1375 τὰ
840 1322 930 1375 ῐσα
958 1321 1219 1383 παθόντες
1247 1318 1654 1390 ἀποστερηθῆτε
1688 1317 1787 1386 τῆς

1892 587 2153 641 obdurare
2173 582 2336 638 corda
2361 591 2557 644 vestra,
2595 595 2663 633 ne
2693 581 2878 634 eadem
2906 578 3184 650 patiamini
3214 593 3337 647 quas
3358 594 3452 633 no-

1894 681 1992 734 stri
2027 677 2422 749 progenitores,
2472 684 2529 729 et
2574 676 2780 743 requiei
2816 660 3065 728 exsertes
3097 672 3256 737 sitis;
3297 672 3451 742 quasi

1894 772 2080 840 utique
2128 768 2343 838 requies
2371 766 2619 836 quaedam
2650 764 2910 834 supersit.
2942 761 3076 816 Nam
3112 763 3158 817 si
3208 761 3451 831 requiem

1887 862 2001 932 jam
2022 863 2389 923 obtinuerant,
2418 874 2524 930 qua
2545 857 2616 914 de
2642 872 2806 912 causa
2840 855 3067 910 dixisset
3095 855 3204 910 illis
3230 872 3244 909 :
3282 851 3453 905 Hodie

1898 969 1960 1007 ne
2012 953 2281 1007 obduretis
2334 951 2496 1004 corda
2552 958 2762 1013 vestra,
2822 948 2960 1000 sicut
3018 954 3194 1015 patres
3256 944 3450 1006 vestri;

1896 1058 1965 1098 ne
2007 1043 2241 1098 similem
2289 1057 2504 1111 pmnam
2552 1040 2842 1110 patientes,
2896 1038 2988 1091 illa
3040 1036 3231 1105 requie
3277 1037 3457 1104 priveo

1894 1135 2030 1189 mini
2062 1135 2086 1188 ?
2114 1133 2374 1201 Quasnam
2418 1146 2548 1201 ergo
2578 1131 2681 1184 alia
2722 1128 2935 1198 requies
2982 1125 3167 1190 fuerit,
3218 1123 3325 1180 nisi
3370 1138 3459 1178 re-

1894 1240 2059 1295 guum
2093 1225 2381 1287 cmlorum,
2428 1222 2582 1292 cujus
2628 1221 2807 1290 imago
2853 1226 2908 1272 et
2960 1215 3126 1286 ﬁgura
3156 1213 3452 1271 Sabbatum

1893 1317 2053 1371 erat?

225 1414 628 1477 καταπαύσεως
651 1432 668 1478 ;
690 1412 786 1476 Τίς
811 1409 903 1466 οὖν
931 1415 1075 1466 ἐστιν
1114 1414 1149 1482 ή
1194 1410 1564 1474 κατάπαυσις,
1607 1407 1722 1461 ἀλλ’
1746 1408 1780 1476 ἢ
1819 1408 1853 1477 ἡ
1887 1405 2138 1473 βασιλεία
2165 1405 2275 1459 τῶν
2305 1403 2565 1475 οὐρανῶν,
2603 1398 2671 1474 ἧς
2698 1401 2861 1456 εἰκὼν
2892 1402 2988 1455 καὶ
3011 1398 3180 1463 τύπος
3216 1397 3277 1451 ea
3315 1395 3455 1457 Σὰὁ,

224 1506 390 1557 ὕατον
415 1521 429 1567 ;

295 1599 360 1651 Εἰ
392 1599 507 1650 ἐκεῖ
530 1597 819 1666 κέκλησθε,
857 1597 1021 1666 μηδὲν
1047 1594 1282 1649 ἐνταῦθα
1309 1595 1538 1664 ζητεῖτε.

299 1708 319 1739 ι
368 1688 632 1749 Βλέπετε,
664 1687 913 1756 ἀδελφοὶ,
960 1688 1170 1755 μήποτε
1211 1687 1362 1738 ἔσται
1406 1684 1462 1735 ἐν
1490 1701 1592 1736 τινι
1637 1680 1788 1748 ὑμῶν

1968 1582 2025 1635 Si
2059 1582 2183 1635 illuc
2213 1578 2392 1633 vocati
2427 1578 2581 1639 estis,
2621 1576 2753 1630 nihil
2789 1576 2912 1632 istic
2936 1574 3220 1645 quaeratis.
3254 1594 3273 1626 ι

1964 1671 2129 1726 Vens.
2164 1670 2250 1725 19.
2279 1687 2296 1721 ι
2340 1667 2551 1732 Videte,
2581 1666 2801 1726 fratres,
2826 1681 2895 1720 ne
2923 1664 3059 1721 forte
3084 1666 3157 1721 sit
3187 1668 3239 1717 in
3268 1663 3454 1732 aliquo

222 1780 422 1849 καρδία
452 1780 663 1851 πονηρὰ
689 1750 971 1844 ἀπιστίας,
998 1750 1056 1831 ἐν
1085 1778 1161 1847 τῷ
1190 1780 1491 1847 ἀποστῆναι
1521 1775 1628 1828 ἀπὸ
1654 1775 1787 1827 Θεου
1821 1803 1862 1857 η

1821 1803 1862 1857 Β
1893 1773 2132 1817 vestrum
2155 1777 2251 1815 cor
2277 1759 2477 1813 malum
2498 1756 2922 1819 incredulitatis,
2951 1754 3262 1811 discedendi
3288 1750 3317 1807 a
3347 1752 3455 1808 Deo

221 1889 447 1936 ςωντος.
485 1890 503 1922 ι

295 1962 476 2015 Ὅθεν
499 2001 515 2024 ,
554 1961 673 2015 ἀντὶ
704 1961 821 2026 τοῦ,
857 1960 945 2015 διὰ
969 1961 1147 2015 τοῦτο.
1203 1959 1335 2013 Ἀπὸ
1364 1959 1473 2029 γὰρ
1502 1956 1600 2025 τῆς
1628 1955 1791 2025 σκλη-

224 2053 456 2125 ρότητος
481 2053 706 2107 ἀπιστία
738 2054 970 2124 γίνεται.

310 2146 532 2216 Ἐπειδὴ
569 2145 678 2216 γὰρ
716 2148 743 2199 ό
793 2146 902 2199 τῶν
949 2144 1248 2217 μελλόντων
1272 2144 1452 2212 λόγος,
1504 2141 1603 2194 οὐκ
1645 2138 1792 2191 ἔστιν

218 2238 397 2300 οὕτως
425 2238 672 2302 πιθανὸς,
705 2237 780 2300 ὡς
808 2237 917 2289 τῶν
947 2235 1344 2307 παρελθόντων,
1385 2231 1789 2302 ἀναμιμνήσκει

220 2331 421 2393 αὐτοὺς
457 2329 692 2392 παλαιᾶς
732 2329 1004 2399 ἱστορίας,
1038 2330 1097 2381 ἐν
1206 2328 1441 2388 πίστεως
1474 2325 1787 2395 ἐδεήθησαν.

222 2421 285 2473 Εἰ
315 2421 426 2491 γὰρ
466 2422 517 2474 οἱ
551 2421 786 2491 πατέρες
814 2422 964 2492 ὑμῶν
987 2464 1001 2488 ,
1041 2420 1227 2488 ἐπειδὴ
1251 2419 1351 2473 οὐκ
1388 2418 1652 2489 ἤλπισαν,
1682 2415 1791 2468 ὦσ-

224 2528 331 2580 περ
374 2511 537 2581 ἐχρῆν
570 2511 818 2576 ἐλπίσαι,
869 2510 1042 2565 ταῦτα
1089 2509 1325 2574 ἔπαθον,
1369 2506 1552 2577 πολλῴ
1594 2505 1793 2577 μᾶλλον

222 2604 403 2672 ὑμεῖς,

302 2712 321 2745 ι
413 2695 569 2749 Ἀλλὰ
635 2694 999 2765 παρακαλεῖτε
1066 2690 1293 2754 ἑαυτοὺς
1372 2687 1494 2744 καθ’
1558 2687 1794 2756 ἑκάστην

221 2787 460 2856 ἡμέραν.
502 2807 519 2838 ι

296 2880 626 2945 Τουτέστιν,
695 2878 1023 2949 οἰκοδομεῖτε
1094 2877 1373 2947 ἀλλήλους.
1450 2872 1791 2945 Διορθώσατε

223 2970 455 3033 ἑαυτοὺς
478 3010 494 3033 ,
525 2971 611 3025 ἵνα
641 2970 715 3041 μὴ
740 2971 806 3024 τὰ
833 2970 975 3024 αὐτὰ
1001 2968 1235 3037 πάθητε.

302 3080 322 3111 α
366 3062 560 3130 Ἀχρις
590 3054 652 3114 οὗ
683 3061 745 3114 τὸ
775 3062 1017 3131 σήμερον
1044 3059 1309 3112 καλεῖται.
1354 3077 1372 3110 ι

297 3153 372 3205 Τὸ
427 3155 701 3224 σήμερον,
748 3153 909 3220 φησὶ,
958 3152 1011 3205 τί
1060 3153 1235 3215 ὲστιν;
1271 3151 1416 3211 Ἕως
1447 3142 1508 3202 οὗ
1553 3148 1721 3217 συστῇ
1766 3144 1864 3219 ὁρ

223 3260 447 3312 κοσμος.

304 3354 322 3382 ι
374 3333 484 3386 Ἰνα
538 3332 614 3401 μὴ
664 3330 972 3402 σκληρυνθῇ
1022 3329 1080 3396 ἐξ
1129 3328 1281 3397 ὑμῶν
1330 3345 1413 3392 τις
1456 3328 1640 3397 ἀπάτῃ
1692 3325 1792 3395 τῆς

225 3425 523 3496 ἐμαρτίας.
563 3444 580 3473 ι

312 3518 471 3587 Ὀρᾷς
491 3560 505 3581 ,
538 3518 618 3569 ὅτι
650 3520 684 3588 ἡ
716 3517 942 3571 ἀπιστία
966 3518 1063 3586 τὴν
1095 3514 1364 3585 ἁμαρτίαν
1396 3515 1555 3566 ποιεῖ.

363 3611 596 3679 Μὲτοχοι
625 3610 733 3679 γὰρ
754 3610 849 3663 τοῦ
884 3609 1119 3681 Χριστοῦ
1150 3609 1476 3678 γεγόναμεν.
1516 3626 1534 3657 ›

311 3787 664 3856 Ἐγενόμεθα,
694 3787 880 3856 φησὶν,
905 3789 1084 3859 ἡμεῖς,
1106 3786 1143 3840 ἃ
1170 3788 1265 3840 καὶ
1287 3786 1469 3850 αὑτός.
1496 3789 1603 3840 Καῖ
1633 3786 1795 3849 αὐτὸς

227 3880 331 3949 μὲν
360 3879 608 3949 κεφαλὴ,
643 3880 801 3949 σῶμα
833 3880 890 3933 δὲ
920 3882 1099 3951 ἡμεῖς.

306 3990 323 4020 ι
376 3971 609 4040 Ἐανπερ
638 3971 733 4039 τὴν
762 3972 935 4041 ἀρχὴν
974 3972 1076 4041 τῆς
1118 3971 1468 4032 ὑποστάσεως
1508 3969 1671 4041 μέχρι
1709 3969 1796 4021 τέ-

223 4062 353 4125 λους
395 4061 617 4129 βεϐαίαν
646 4062 1028 4133 κατάσχωμεν,
1055 4064 1113 4115 ὲν
1135 4062 1213 4133 τῷ
1245 4063 1494 4131 λέγεσθαι
1517 4081 1529 4093 ·
1551 4064 1794 4132 Σῆμερον

224 4158 323 4208 ἐὰν
355 4157 455 4225 τῆς
484 4155 667 4225 φωνῆς
690 4156 853 4209 αὐτοῦ
887 4157 1181 4225 ἀκούσητε,
1227 4156 1302 4227 μὴ
1329 4155 1667 4225 σκληρύνητε
1697 4156 1794 4216 τὰς

223 4246 458 4315 καρδίας
485 4246 638 4315 ὑμῶν
658 4288 673 4309 ,
711 4247 787 4309 ὼς
815 4247 872 4298 ἐν
901 4245 979 4316 τῷ
1018 4247 1491 4317 παραπικρασμῷ.
1526 4265 1544 4296 i

300 4339 365 4389 Τί
385 4340 534 4391 ἐστιν
552 4379 567 4403 ,
595 4339 792 4407 ἀρχὴν
814 4338 1206 4405 ὑποστάσεως
1226 4341 1373 4410 ;Τὴν
1402 4340 1611 4403 πίστιν,
1642 4339 1706 4391 δι’
1730 4333 1795 4408 ἦς

224 4432 574 4499 ὑπέστημεν,
623 4432 715 4483 καὶ
748 4430 1085 4501 ἐγενόμεθα,
1133 4432 1226 4484 καὶ
1272 4431 1575 4502 ἐσώθημεν,
1608 4432 1683 4494 ὼς
1730 4432 1795 4484 ἂν

224 4526 371 4575 εἴποι
398 4540 499 4585 τις.

306 4635 325 4666 σ
362 4617 518 4679 Τίνες
548 4617 656 4687 γὰρ
685 4616 1013 4681 ἀκούσαντες
1044 4617 1485 4687 παρεπίκραναν;
1525 4635 1544 4668 ι

305 4795 488 4847 Εἰπὼν
509 4796 607 4864 τὴν
635 4795 956 4866 μαρτυρίαν,
997 4797 1087 4848 καὶ
1120 4796 1386 4867 ἐρώτησιν
1409 4796 1625 4863 ἐπάγει,
1660 4798 1793 4865 ὅπερ

230 4890 493 4939 tota?th
544 4887 699 4954 λόγον
735 4888 897 4955 σαφῆ.
935 4890 996 4939 Ὃ
1034 4887 1088 4939 δὲ
1135 4887 1300 4955 λέγει,
1334 4888 1571 4940 τοιοῦτόν
1608 4891 1756 4940 ἐστιν
1782 4906 1794 4918 ·

233 4981 515 5031 Ἤκουεαν
561 4981 819 5044 κάκεῖνοι,
853 4980 1037 5047 φησὶν,
1086 4979 1273 5050 ὥσπερ
1316 4982 1475 5047 ἡμεῖς
1504 4978 1793 5049 ἀκούομεν,

228 5069 347 5120 ἀλλ’
376 5068 529 5120 οὐδὲν
569 5067 761 5134 ὄφελος
807 5071 985 5130 αὐτοῖς
1026 5069 1264 5136 γέγονεν.
1298 5071 1388 5138 Μὴ
1429 5069 1608 5123 τοίνυν
1650 5070 1799 5140 νομί‹

232 5178 367 5229 σητε
391 5199 405 5221 ,
446 5162 527 5212 ὅτι
566 5160 676 5212 ἀπὸ
704 5159 797 5211 τοῦ
827 5161 1047 5213 ἀκούειν
1079 5160 1170 5213 τοῦ
1206 5161 1565 5239 κηρύγματος
1587 5162 1800 5230 ὠφελη-

232 5250 490 5320 θήσεσθε,
524 5250 646 5301 sua).
674 5250 913 5302 κάκεῖνοι
943 5252 1182 5320 ἥκουσαν
1203 5291 1217 5316 ,
1253 5250 1367 5303 ἀλλ’
1402 5250 1553 5313 ορδὲν
1590 5250 1801 5319 ὠφελή-

232 5344 441 5413 θησαν,
474 5342 598 5394 ἐπεὶ
628 5342 702 5411 μὴ
734 5343 1077 5399 ἐπίστευσαν.

315 5538 335 5569 ε
395 5518 533 5570 Ἀλλ’
578 5518 639 5569 οὐ
670 5516 868 5580 πάντες
906 5518 955 5570 οἱ
988 5517 1289 5581 ἐξελθόντες
1325 5517 1383 5582 ἐξ
1416 5514 1686 5583 Αἰγύπτου
1718 5512 1803 5568 διὰ

237 5609 536 5671 Ῐοῖωῦσέως.
579 5629 597 5660 ι

312 5702 449 5761 Τοὺς
484 5702 610 5769 περῖ
641 5701 818 5753 Χαλὲϐ
855 5701 945 5752 καὶ
990 5700 1193 5769 Ἰησοῦν
1230 5715 1379 5767 φησι.

314 5814 335 5847 ι
384 5793 502 5845 Τίσι
550 5792 603 5845 δὲ
646 5792 1012 5863 προσώχθιςεν
1064 5794 1467 5859 τεσσαράκοντα
1504 5788 1631 5857 ἔτη,
1691 5787 1806 5855 ουχὶ

1891 1868 2032 1908 νινο.
2074 1872 2095 1905 ι

1966 1942 2135 2008 Unde,
2165 1942 2305 1997 idem
2340 1947 2425 1996 est
2449 1956 2536 2002 ac,
2578 1948 2801 2011 propter
2830 1940 2957 1995 hoc.
2985 1936 3122 1993 Nam
3152 1953 3219 1995 ex
3252 1936 3449 1993 duritia

1892 2032 2075 2088 cordis
2099 2030 2453 2087 incredulitas
2480 2031 2743 2102 gignitur.

1961 2120 2125 2194 235
2159 2120 2293 2175 Nam
2325 2120 2453 2190 quia
2474 2158 2489 2183 ,
2525 2118 2615 2173 ubi
2664 2117 2732 2173 de
2760 2115 2961 2171 futuris
2990 2121 3076 2171 est
3105 2126 3308 2187 sermo,
3346 2126 3456 2166 non

1894 2212 1966 2265 ita
1995 2210 2157 2276 ﬁdem
2183 2210 2367 2271 habet,
2404 2222 2469 2262 ac
2504 2208 2551 2263 si
2574 2206 2643 2261 de
2670 2205 2965 2276 praeteritis
2992 2204 3219 2268 diceret,
3244 2201 3310 2256 ad
3340 2216 3457 2255 me-

1893 2302 2123 2357 moriam
2154 2316 2248 2356 eos
2291 2306 2514 2355 revocat
2551 2298 2795 2354 historia:
2823 2297 3048 2361 veteris,
3098 2295 3154 2349 in
3200 2309 3309 2364 qua
3353 2291 3460 2347 ﬁde

1893 2411 2031 2467 opus
2076 2395 2276 2449 fuerat.
2312 2392 2536 2448 Nam'si
2590 2399 2776 2462 patres
2827 2388 3020 2453 vestri,
3082 2386 3282 2456 inquit,
3343 2385 3460 2438 haec

1892 2488 2040 2558 passi
2074 2495 2224 2551 sunt,
2248 2486 2376 2556 quia
2399 2500 2509 2539 non
2540 2488 2916 2554 speraverunt,
2944 2482 3024 2535 uti
3051 2492 3274 2550 sperare
3298 2490 3461 2547 opor-

1897 2582 2063 2644 tebat,
2106 2579 2284 2633 multo
2311 2578 2485 2647 magis
2521 2592 2640 2632 vos.

1968 2670 2134 2726 Vens.
2175 2671 2262 2725 15.
2310 2688 2329 2720 ‹
2384 2667 2494 2723 Sed
2544 2666 2912 2723 adhortamini
2957 2664 3322 2734 vosmetipsos
3367 2675 3462 2730 per

1894 2761 2144 2831 singulos
2174 2760 2313 2815 dies.
2354 2777 2373 2811 ι

1965 2852 2081 2906 Hoc
2105 2860 2211 2917 est,
2249 2850 2481 2906 invicem
2513 2847 2805 2903 aediﬁcate.
2851 2843 2963 2900 Vos
2998 2844 3150 2915 ipsos
3178 2839 3458 2912 corrigite.

1897 2960 1965 2999 ne
1996 2944 2185 2999 eadem
2225 2941 2533 3013 patiamini.

1972 3055 1989 3087 ι
2023 3034 2206 3089 Donec
2241 3031 2399 3087 hodie
2422 3030 2859 3101 cognominatur.
2905 3046 2924 3080 ι

1967 3126 2163 3188 Hodie,
2190 3124 2385 3194 inquit,
2415 3122 2545 3192 quid
2597 3122 2699 3176 hoc
2746 3119 2871 3177 est?
2925 3118 3177 3185 Quandiu
3227 3117 3463 3173 mundus

1903 3218 2185 3273 consistet.

1975 3327 1993 3360 ι
2032 3307 2102 3363 Ut
2133 3322 2244 3362 non
2270 3306 2571 3361 obduretur
2622 3304 2747 3375 quis
2778 3320 2845 3362 ex
2886 3303 3038 3358 vobis
3075 3301 3287 3356 fallacia
3333 3318 3453 3371 pec-

1900 3400 2025 3454 cati.
2067 3418 2086 3451 ι

1970 3490 2136 3546 Vides
2172 3489 2615 3544 incredulitatetn
2641 3502 2763 3542 esse
2789 3501 3011 3541 causam
3042 3485 3271 3555 peccati.

1970 3583 2136 3639 Vsus.
2166 3582 2367 3649 M,l5.
2417 3602 2435 3633 ι
2479 3579 2785 3651 Participes
2835 3579 2981 3634 enim
3031 3577 3238 3632 Christi
3287 3575 3462 3631 eﬂecti

1899 3691 2113 3731 sumus.
2152 3694 2170 3727 ι

1972 3767 2172 3822 Eadem
2213 3780 2278 3820 ac
2307 3767 2423 3835 ipse
2451 3764 2580 3819 facti
2616 3778 2832 3826 sumus,
2874 3761 3072 3831 inquit.
3097 3762 3176 3816 Ac
3197 3760 3315 3831 ipse
3341 3761 3464 3830 qui-

1899 3859 2020 3914 dem
2048 3867 2133 3911 est
2164 3864 2349 3926 caput,
2382 3871 2481 3910 nos
2501 3865 2680 3910 autem
2707 3860 2943 3924 corpus.‘

1977 3969 1996 4002 ι
2041 3949 2098 4003 Si
2145 3959 2328 4003 tamen
2383 3948 2602 4002 initium
2656 3945 2980 4002 substantiae
3014 3944 3136 4014 ejus
3181 3959 3360 4015 usque
3396 3946 3467 4001 ad

1902 4042 2063 4097 ﬁnem
2111 4042 2325 4095 ﬁrmum
2383 4040 2737 4094 retineamus.
2776 4035 2910 4090 Dum
2944 4036 3144 4091 dicitur
3174 4056 3187 4091 :
3219 4035 3390 4091 Hodie
3419 4038 3467 4093 si

1899 4148 2088 4188 vocem
2108 4132 2229 4202 ejus
2252 4130 2559 4196 audieritis,
2591 4130 2762 4183 nolite
2791 4127 3061 4183 obdurare
3089 4128 3258 4183 corda
3282 4138 3463 4184 vestra

1902 4226 2045 4281 sicut
2078 4225 2133 4278 in
2167 4222 2605 4278 exacerbatione.
2632 4239 2652 4272 ι

1973 4315 2117 4382 Quid
2150 4316 2251 4369 hoc
2282 4320 2397 4378 est,
2442 4314 2653 4367 initium
2684 4310 3034 4364 substantiis?
3058 4307 3220 4365 Fides
3255 4312 3465 4381 utique,

1900 4426 2001 4480 per
2025 4424 2212 4479 quam,
2245 4415 2305 4462 ut
2331 4406 2454 4476 quis
2481 4405 2709 4469 diceret,
2732 4404 3103 4468 constitimus,
3126 4405 3463 4460 exstitimus-

1828 4518 1874 4572 ι)
1902 4517 2009 4573 que
2037 4512 2090 4554 et
2119 4498 2254 4554 salvi
2287 4497 2414 4551 facti
2447 4510 2662 4550 sumus.

1968 4590 2135 4644 Vens.
2178 4588 2265 4642 16.
2301 4605 2319 4638 ι
2349 4585 2585 4651 Quinam
2614 4584 2757 4639 enim
2792 4582 3088 4639 audientes
3112 4584 3457 4640 exacerbave-

1895 4682 2064 4738 runt?
2100 4701 2118 4732 ι

1968 4775 2152 4827 Allato
2212 4768 2548 4832 testimonio,
2609 4768 2893 4837 subiungit
2958 4767 3463 4836 interrogationem,

1898 4881 2020 4935 quae
2044 4864 2351 4918 claritatem
2397 4859 2557 4913 affert
2606 4860 2864 4913 orationi.
2907 4858 3063 4925 Quod
3095 4867 3277 4913 autem
3311 4858 3465 4920 dicit,

1901 4959 2047 5012 hunc
2101 4968 2323 5010 sensum
2382 4951 2548 5006 habet
2581 4970 2593 5005 :
2626 4950 2712 5004 Illi
2768 4950 2995 5021 perinde
3032 4950 3347 5012 audierunt,
3389 4950 3443 5002 in

1901 5049 2058 5116 quit,
2102 5047 2243 5100 sicut
2276 5050 2330 5097 et
2375 5057 2477 5097 nos
2516 5040 2862 5107 audivimus;
2895 5049 2950 5093 at
2975 5041 3111 5094 nihil
3157 5040 3283 5094 inde
3314 5054 3464 5094 emo-

1904 5140 2132 5195 lumenti
2168 5144 2556 5208 perceperunt.
2598 5133 2678 5189 Ne
2710 5133 3043 5195 existimetis
3089 5147 3221 5203 ergo
3274 5133 3464 5186 utilem

1903 5231 2056 5286 vobis
2089 5229 2205 5283 fore
2251 5224 2653 5297 praedicationis
2702 5222 2992 5287 auditum;
3021 5221 3466 5291 quandoquidem

1905 5324 1983 5378 illi
2007 5336 2223 5393 quoque
2254 5318 2548 5373 audierunt
2578 5355 2595 5380 ,
2631 5315 2726 5371 sed
2758 5315 2893 5369 nihil
2922 5314 3056 5384 ipsis
3098 5313 3201 5369 hoc
3241 5313 3467 5383 profuit,

1904 5416 2029 5486 quia
2063 5429 2171 5467 non
2198 5411 2573 5466 crediderunt.

1979 5528 1998 5559 ε
2031 5506 2137 5561 Sed
2179 5520 2286 5559 non
2325 5502 2565 5558 universi
2600 5502 2692 5573 qui
2719 5499 2949 5571 profecti
2982 5507 3201 5554 suntex
3237 5494 3467 5567 Egypto

1905 5617 2002 5671 per
2040 5598 2282 5669 Moysen.
2324 5616 2342 5647 ι

1974 5691 2135 5747 Caleb
2162 5700 2217 5745 ct
2241 5688 2403 5744 Josue
2435 5688 2629 5742 innuit.

1982 5784 2145 5840 \‘rns.
2185 5784 2266 5845 l7,
2308 5783 2390 5837 18.
2429 5802 2444 5831 α
2486 5782 2696 5847 Quibus
2733 5787 2912 5835 autem
2949 5777 3467 5842 oﬁ‘ensus'est'ttua-
