4214 6446
178 380 281 444 949

177 585 493 639 κατέκλεισε
507 628 518 638 .

249 696 269 727 ι
303 679 423 731 Ζων
443 683 552 750 γὰρ
581 683 608 733 ὁ
647 681 797 749 λόγο,
834 684 927 736 τοῦ
962 683 1118 751 6:03,
1143 691 1235 742 καὶ
1267 694 1513 766 ἐνεργὴς,
1536 699 1627 750 καὶ
1656 718 1741 753 τοι

177 769 424 840 μώτερος
441 773 580 842 ὑπὲρ
603 776 780 827 πᾶσαν
805 777 1078 848 μάχαιραν
1100 781 1370 854 δίστομον,
1396 792 1486 840 καὶ
1505 791 1740 846 διικνού-

218 880 339 925 evo,
371 867 475 935 ἄχρ
531 883 653 936 μερι
679 885 797 934 μου
826 885 1000 939 ψυχης
1036 889 1091 923 τ-
1135 885 1230 926 και
1282 880 1608 949 πνεύματος,
1644 887 1743 953 ἀρα

178 954 294 1022 μῶν
324 971 385 1005 τε
410 956 500 1008 καὶ
537 957 769 1026 μυελῶν,
817 960 914 1013 καὶ
971 965 1210 1031 κριτικὸς
1264 969 1608 1040 ἐνθυμήσεων
1646 977 1740 1028 καὶ

175 1042 403 1096 ἐννοιῶν
463 1047 706 1116 καρδίας.
742 1048 853 1100 Καὶ
903 1051 1001 1103 οὐκ
1032 1053 1145 1106 ἔστι
1174 1057 1349 1121 κτίσις
1395 1062 1606 1134 ἀφανὴς
1651 1069 1739 1118 ἐν-

175 1135 349 1190 ὡπ.ον
378 1137 562 1203 αὑτοῦ,
606 1142 782 1195 πάντα
823 1143 878 1196 δὲ
924 1147 1104 1214 γυμνά
1138 1151 1231 1201 καὶ
1275 1157 1738 1229 τετραχηλισμένα

172 1230 285 1290 τοῖς
314 1229 610 1300 ὀφθαλμοῖς
635 1233 817 1289 αὐτοῦ.
856 1255 873 1285 i

244 1324 365 1376 Ἵνα
405 1327 478 1395 μὴ
525 1329 722 1400 νομίσῃ
749 1348 853 1397 τις,
885 1336 965 1387 ότι
1000 1336 1185 1400 ἁπλῶς
1215 1340 1311 1407 τῆς
1344 1343 1736 1409 καταπαύσεως

173 1415 683 1489 ἀποστερηθήσεται
713 1422 892 1492 μόνον,
918 1427 1022 1478 sua
1037 1445 1110 1495 {:t
1141 1431 1234 1482 καὶ
1269 1433 1506 1485 κόλασιν.

251 1524 270 1557 ι
306 1506 450 1578 Πρὸς
495 1509 553 1561 ὃν
585 1511 714 1579 ἡμῖν
760 1515 788 1566 ό
816 1513 992 1583 λόγος.
1047 1519 1297 1587 Ἔχοντες
1325 1518 1417 1574 οὖν
1457 1523 1738 1595 ’Λρχιερέα

175 1599 370 1666 μέγαν,
398 1600 742 1672 διεληλυθότα
778 1608 905 1670 τοὺς
933 1610 1214 1680 οὺρανους,
1252 1613 1458 1681 Ἰησοῦν
1490 1621 1580 1668 τὸν
1613 1619 1738 1671 Υξὸν

169 1689 265 1742 τοῦ
294 1691 452 1745 Θεοῦ.
489 1711 508 1743 ι

243 1783 420 1851 Οὕτω,
460 1789 643 1858 φησὶν,
669 1789 866 1862 ἔχομεν
889 1792 1072 1847 δοῦναι
1110 1796 1206 1860 τὰς
1242 1797 1470 1862 εὐθύνας
1509 1801 1615 1853 τῶν
1642 1821 1736 1854 πε-

169 1891 323 1943 πραγ
330 1877 524 1946 μένων.

249 1987 267 2018 ι
311 1969 615 2042 Κρατῶμεν
648 1973 749 2043 τῆς
782 1977 1092 2046 ὁμολογίας.
1134 2000 1150 2030 ι

240 2059 353 2112 Καὶ
405 2062 560 2116 ποίαν
603 2065 890 2134 ὁμολογίαν
929 2069 1075 2138 λέγει
1105 2091 1118 2134 ;
1144 2073 1269 2128 Ὅτι
1307 2076 1598 2142 ἀνάστασις
1644 2081 1736 2132 καὶ

169 2150 546 2217 ἀνταπόδοσις,
577 2159 670 2208 καὶ
691 2158 773 2210 ὅτι
793 2161 922 2222 Θεὸς
951 2165 978 2212 ὁ
1007 2163 1237 2232 Χριστός
1261 2167 1427 2222 ἐστιν.

246 2260 264 2290 ι
303 2242 377 2294 Οὐ
402 2243 511 2314 γὰρ
536 2245 730 2316 ἔχομεν
786 2251 960 2320 Ἀρχις
973 2254 1067 2321 ρέα
1098 2255 1172 2325 μὴ
1195 2255 1491 2328 δυνάμενον
1521 2278 1738 2331 συμπα-

171 2331 340 2401 θῆσαι
368 2339 488 2398 ταῖς
520 2339 826 2403 ἀσθενείαις
845 2345 1024 2414 ἡμῶν,
1057 2351 1493 2418 πεπειρασμένον
1514 2349 1571 2404 δὲ
1599 2354 1738 2406 κατὰ

169 2428 349 2479 πάντα
383 2429 503 2482 καθ’
531 2433 846 2504 ὁμοιότητα,
877 2438 1045 2507 χωρὶς
1073 2440 1366 2510 ἁμαρτίας.
1407 2462 1425 2493 ι

239 2610 317 2661 Οὐ
347 2611 451 2680 γάρ
484 2613 618 2676 ἐστι,
652 2615 834 2684 φησὶν,
865 2618 1074 2685 ἀγνοῶν
1119 2621 1184 2673 τά
1216 2622 1475 2693 ἡμέτερα,
1503 2623 1580 2686 ὡς
1605 2625 1735 2677 πολ-

166 2698 251 2752 λοὶ
280 2701 388 2753 τῶν
418 2705 740 2773 ἀρχιερέων,
777 2707 826 2759 οἳ
856 2711 981 2772 τοὺς
1006 2713 1062 2763 ἐν
1082 2715 1200 2776 ταῖς
1225 2713 1469 2782 θλίψεσιν
1489 2716 1587 2769 οὐκ
1618 2718 1736 2768 ἴσα-

172 2809 274 2845 σιν.
317 2793 440 2845 Ἐπὶ
466 2797 574 2867 γὰρ
603 2798 904 2870 ἀνθρώπων
927 2802 1190 2856 ἀδύνατον
1212 2805 1408 2858 ειδέναι
1439 2806 1538 2876 τὴν
1559 2807 1738 2860 κάκωο

170 2901 259 2937 σιν
281 2886 378 2938 τοῦ
402 2890 762 2959 κακουμένου,
797 2893 886 2945 τὸν
924 2894 997 2964 μὴ
1028 2897 1221 2965 πεῖραν
1249 2897 1499 2962 λαϐόντα,
1531 2899 1623 2951 καὶ
1650 2899 1738 2952 διὰ

164 2977 279 3031 τῶν
310 2979 586 3051 αξσθητῶν
621 2983 862 3040 ἐλθόντα.
917 2987 1103 3041 Πάντα
1140 2987 1197 3041 δὲ
1222 2989 1452 3056 ὑπέστη,
1492 2992 1678 3061 φησιν,
1709 2993 1737 3044 ό

167 3070 490 3143 ’Δρχιερεὺς
526 3077 554 3129 ό
600 3078 888 3150 ἡμέτερος.
936 3080 1034 3132 Διὰ
1069 3081 1179 3150 γὰρ
1207 3081 1365 3134 τοῦτο
1386 3083 1604 3151 πρῶτον
1632 3085 1736 3136 ὑπ-

166 3163 323 3234 έστη,
361 3165 457 3218 καὶ
484 3167 603 3220 τότε
637 3168 827 3240 ἀνέϐη,
860 3170 946 3223 ἴνα
977 3170 1201 3240 δύνηται
1242 3172 1568 3242 συμπαθεῖν.

241 3358 261 3391 ι
299 3341 723 3411 Προσερχόμεθα
762 3338 855 3398 οὖν
886 3346 1026 3415 μετὰ
1078 3349 1394 3420 παρρησίας
1428 3350 1506 3420 τῷ
1560 3351 1733 3422 θρόνῳ

165 3430 278 3501 τῆς
296 3435 538 3504 χάριτος,
573 3436 659 3489 ἴνα
686 3437 937 3509 λάϐωμεν
969 3439 1136 3497 ἔλεον.
1180 3462 1198 3492 ι

235 3523 435 3594 Θρόνος
461 3527 681 3596 χάριτός
702 3530 868 3595 ἐστιν,
885 3531 946 3583 οὐ
969 3531 1154 3602 θρόνος
1178 3535 1428 3603 κρίσεως.
1456 3537 1614 3591 Ὀλον
1631 3541 1738 3609 γὰρ

163 3617 226 3669 τὸ
263 3619 496 3688 πρᾶγμα
528 3620 806 3690 φιλοτιμία
832 3623 970 3688 ἐστὶ,
1005 3627 1096 3678 καὶ
1132 3625 1308 3697 δωρεὰ
1333 3627 1606 3702 βασιλικὴ,
1640 3635 1738 3696 τάς

163 3707 445 3778 ἁμαρτίας
465 3712 706 3779 ἀφιεῖσα.

245 3820 264 3852 ι
305 3802 414 3853 Καὶ
440 3802 598 3872 χάριν
628 3803 878 3876 εὕρωμεν
907 3809 987 3870 εἰς
1015 3808 1269 3881 εὔκαιρον
1298 3812 1571 3883 βοήθειαν.
1607 3835 1625 3866 ι

236 3892 353 3947 Νῦν
391 3893 486 3946 ἐὰν
520 3897 844 3970 προσέλθῃς,
876 3901 1061 3969 φησὶν,
1091 3902 1234 3974 λήψῃ
1279 3906 1373 3958 καὶ
1411 3906 1590 3977 χάριν,
1647 3911 1736 3961 καὶ

167 3986 340 4039 ἔλεον.
370 3985 658 4058 Εὐγαίρως
688 3989 794 4058 γὰρ
823 3992 1102 4063 προσέρχη
1125 4007 1141 4022 ⁸
1173 3995 1239 4047 ἂν
1267 3995 1323 4048 δὲ
1353 3997 1476 4049 τότε
1509 4001 1736 4070 προσέλ-

166 4080 289 4152 Θῃς,
341 4081 547 4135 οὐκέτι.
581 4083 844 4153 Ἀκαιρος
876 4086 983 4156 γὰρ
1019 4087 1141 4139 τότε
1191 4089 1224 4159 ἡ
1266 4090 1574 4158 προσδοκία.
1623 4095 1738 4148 Οὐκ

164 4171 283 4224 ἕσ.ι
319 4188 426 4242 γαρ
451 4172 571 4226 τότε
601 4173 786 4244 θρόνος
813 4177 1051 4248 χάριτος,
1094 4179 1228 4234 ἀλλὰ
1259 4180 1444 4251 θρόνος
1479 4184 1745 4264 κρίσεωςοτ

175 4263 430 4318 Ἀνάστα
455 4267 586 4336 γὰρ,
611 4271 644 4321 ό
670 4270 834 4336 Θεὸζι.
853 4274 1007 4342 φησι,
1037 4291 1240 4342 κρινον
1267 4278 1380 4344 τὴν
1402 4278 1536 4348 γῆν.
1557 4282 1629 4333 Τὸ
1655 4282 1732 4346 δὲ,

163 4375 187 4424 ι
209 4357 312 4409 sui
340 4359 679 4425 παρῤησίας
736 4363 853 4415 ἀντὶ
886 4365 999 4427 τοῦ,
1029 4367 1102 4436 μὴ
1135 4368 1348 4437 ἔχοντες
1377 4373 1613 4437 συνειδὸς
1636 4392 1734 4427 πο-

166 4449 356 4520 νηρὸν,
389 4452 523 4521 μηδὲ
550 4454 911 4519 διστάζοντες.
945 4460 1017 4511 Οὐ
1046 4461 1267 4515 δύναται
1293 4466 1400 4535 γὰρ
1438 4469 1575 4533 μετά
1597 4472 1733 4540 παῤ-

1342 402 1422 461 ΙΝ
1448 405 1681 466 El’lST.
1717 408 1816 467 AD
1848 411 2235 475 llEBR/EOS.

179 492 493 560 ἐπεθύμουν
530 495 779 562 ἀκοῦσαι,
809 498 934 552 πότε
968 501 1140 564 ἕσται,
1183 507 1261 568 εἰς
1284 508 1440 562 τοῦτο
1470 511 1560 564 τὸν
1587 512 1743 582 λόγον
1774 525 1818 580 Α

1830 4368 2018 4436 judica
2077 4377 2270 4420 terram
2307 4369 2374 4421 9‘.

3292 431 3394 493 950

1848 517 1965 572 dire
1989 523 2399 590 percupiebant,
2430 527 2776 595 quandonam
2803 536 2946 585 esset
2973 530 3171 598 futura,
3198 549 3397 592 sermo-

1842 628 1964 666 nem
2000 614 2065 666 ad
2100 615 2244 670 hunc
2271 619 2488 672 modum
2521 621 2736 676 clausit.

1916 702 2076 759 Vens.
2104 709 2190 769 12,
2219 709 2304 762 1ο.
2339 730 2357 762 ι
2387 709 2552 766 Vivus
2573 722 2657 768 est
2683 715 2827 768 enim
2862 732 3042 772 sermo
3069 718 3182 782 Dei,
3215 730 3268 775 et
3291 724 3400 779 elli—

1841 811 1962 858 cax,
1993 806 2048 852 et
2085 802 2472 867 penetrabilior
2501 807 2651 859 omni
2689 807 2871 874 gladio
2901 811 3157 880 ancipiti,
3191 823 3241 867 et
3276 830 3398 884 per-

1842 888 2058 960 tingens
2115 909 2290 962 usque
2333 896 2399 949 ad
2439 898 2760 952 divisionem
2817 901 3011 956 anima:
3051 914 3102 957 et
3153 906 3397 974 spiritus,

1841 993 2160 1051 compagum
2205 998 2422 1054 quoque
2483 1003 2546 1040 ac
2602 989 2997 1059 medullarum,
3034 1001 3088 1045 et
3133 995 3402 1050 discretor

1841 1073 2230 1141 cogitationum
2286 1087 2338 1129 et
2391 1079 2753 1134 intentionum
2807 1084 3006 1138 cordis.
3057 1085 3118 1138 ιιι
3158 1101 3263 1140 non
3318 1098 3400 1142 est

1840 1173 2091 1220 creatura
2114 1170 2406 1231 invisdiilis
2435 1170 2487 1224 in
2506 1182 2805 1241 conspectu
2831 1175 2950 1242 ejus
2973 1193 2984 1227 :
3011 1178 3192 1232 omnia
3223 1187 3398 1234 autem

1840 1255 1985 1308 nuda
2015 1265 2069 1310 et
2097 1268 2283 1326 aperta
2308 1269 2435 1314 sunt
2459 1263 2635 1316 oculis
2664 1264 2803 1331 ejus.
2841 1284 2858 1315 ι

1907 1347 1984 1402 Ne
2015 1351 2280 1420 quispiam
2324 1354 2620 1408 arbitretur
2683 1358 2882 1410 nudam
2921 1357 3034 1413 fore
3061 1362 3261 1432 requiei
3286 1363 3398 1432 pri-

1827 1441 2133 1505 vationem,
2165 1443 2313 1497 addit
2339 1451 2393 1497 ct
2417 1446 2762 1514 suppln-ium.

1918 1549 1935 1580 ι
1974 1533 2050 1584 Ad
2105 1549 2264 1600 quem
2316 1537 2474 1591 nolns
2521 1553 2721 1591 sermo.
2760 1537 2952 1609 [Vt-ms.
2984 1541 3096 1612 14.]
3129 1542 3398 1600 llabentes

1837 1637 1968 1691 ergo
2000 1622 2316 1679 l’nntiﬁcem
2373 1644 2652 1699 magnum,
2699 1634 2790 1700 qui
2854 1635 3156 1701 penetravit
3207 1639 3394 1702 ctelos,

1835 1711 2020 1769 Jesum
2051 1716 2249 1770 Filium
2287 1718 2400 1774 Dei.
2439 1741 2457 1773 ι

1909 1809 2018 1872 Sic,
2042 1810 2240 1880 inquit,
2259 1813 2522 1869 rationem
2549 1832 2739 1873 sumus
2763 1816 3029 1873 reddituri
3059 1833 3247 1874 eorum
3279 1835 3398 1891 qua:

1767 1903 1807 1956 Β
1835 1901 2057 1969 gesserit
2078 1917 2162 1957 ius

1918 2019 1920 2024 ν
1967 1989 2275 2048 Τειιειηιιιε
2311 1983 2735 2052 confessionem.
2766 2018 2784 2051 ι

1908 2083 2207 2148 Quamnam
2238 2103 2367 2142 vero
2391 2092 2768 2153 confessionem
2799 2092 3129 2158 dicit’Quod
3159 2109 3392 2150 resurre-

1838 2175 1948 2227 ctio
1974 2176 2067 2242 sit,
2099 2190 2161 2229 ac
2190 2179 2501 2244 retributio,
2533 2191 2589 2235 et
2612 2184 2756 2251 quod
2796 2183 3048 2238 Christus
3074 2185 3142 2239 sit
3164 2183 3321 2240 Deus.

1913 2265 2074 2322 Vens.
2109 2268 2196 2322 l5.
2236 2287 2254 2320 ι
2287 2269 2405 2324 Non
2435 2273 2579 2325 enim
2616 2273 2878 2328 habemus
2930 2272 3253 2328 Pontificem
3303 2274 3395 2341 qui

1837 2359 2051 2412 nesciat
2109 2364 2348 2430 compati
2398 2363 2809 2418 inﬁrmitatibus
2855 2370 3094 2432 nostris;
3129 2373 3396 2422 tentatum

1836 2459 2017 2504 autem
2079 2467 2175 2521 per
2236 2455 2420 2524 oumia
2456 2470 2553 2526 pro
2607 2445 2994 2520 similitudine,
3037 2458 3241 2528 absque
3273 2474 3398 2529 pec-

1836 2549 1979 2595 cato.
2021 2561 2039 2593 ι

1905 2636 2023 2689 Non
2077 2639 2222 2692 cnim
2277 2646 2592 2692 nostrarum
2647 2641 2867 2696 nescius
2909 2648 3010 2707 est,
3049 2643 3196 2696 velut
3244 2642 3394 2694 multi

1837 2725 2149 2792 pontiﬁces,
2188 2726 2393 2796 quibus
2425 2728 2597 2782 latent
2654 2729 2730 2782 illi
2781 2731 2875 2798 qui
2909 2733 2963 2784 in
3012 2730 3398 2785 afﬂictionibus

1838 2815 2000 2886 236
2029 2827 2336 2872 versantur.
2362 2817 2497 2873 Nam
2551 2823 2690 2888 apud
2741 2822 2987 2877 homines
3024 2824 3137 2877 ﬁcri
3169 2837 3276 2875 non
3301 2838 3399 2891 pe-

1837 2915 1946 2963 test
1982 2919 2041 2963 ut
2067 2911 2186 2980 ejus
2206 2913 2296 2981 qui
2329 2922 2558 2967 vexatur
2599 2915 2942 2968 afllictiouein
2987 2924 3272 2984 pernoscat
3309 2915 3398 2969 ille

1837 3001 1928 3070 qui
1956 3018 2075 3071 ejus
2101 3005 2534 3073 experimentum
2575 3022 2685 3060 non
2719 3007 2928 3071 habuit,
2972 3024 3145 3077 neque
3181 3008 3236 3060 in
3270 3022 3396 3060 sen-

1836 3093 2025 3149 sibiles
2069 3096 2406 3150 calamitates
2453 3098 2667 3151 incidit.
2707 3097 2902 3152 Noster
2941 3115 3068 3152 vero
3125 3095 3395 3164 Pontifex,

1839 3186 2033 3256 inquit,
2059 3188 2243 3240 omnia
2274 3189 2519 3256 pertulit.
2553 3189 2676 3243 Ideo
2700 3206 2843 3243 enim
2881 3191 3031 3259 prius
3062 3189 3300 3258 pertulit,
3333 3202 3396 3242 ac

1839 3286 1969 3331 tunc
1995 3277 2261 3342 ascendit,
2298 3286 2354 3332 ut
2386 3289 2567 3348 posset
2594 3281 3099 3337 commiserascere.

1909 3366 2076 3423 Vens.
2111 3368 2196 3421 16.
2237 3388 2256 3420 ι
2293 3369 2567 3424 Adeamus
2596 3386 2727 3440 ergo
2761 3387 2884 3426 cum
2927 3372 3121 3426 fiduma
3151 3376 3218 3430 ad
3246 3377 3396 3434 thro-

1838 3477 1966 3516 num
2005 3463 2212 3530 grati:e,
2252 3473 2311 3515 ut
2340 3462 2774 3516 miscricordiam
2801 3479 3219 3532 consequamur.
3264 3487 3282 3519 ι

1908 3550 2106 3605 Gratia:
2141 3553 2376 3605 thronus
2407 3561 2512 3612 est,
2566 3567 2674 3604 non
2708 3551 2902 3619 judicii
2969 3552 3162 3606 Totum
3197 3555 3394 3624 quippe

1837 3640 2206 3693 muniﬁcentia
2257 3647 2362 3704 est,
2407 3655 2718 3710 munusque
2756 3642 2984 3712 regium,
3036 3658 3144 3712 quo
3175 3657 3393 3712 peccata

1837 3727 2238 3782 condonantur.

1913 3837 1931 3868 ‹
1967 3818 2033 3872 Et
2063 3820 2293 3889 gratiam
2325 3820 2624 3876 habeamus
2649 3822 2702 3875 in
2738 3823 2942 3876 auxilio
2971 3834 3298 3894 Opportuno.
3339 3846 3359 3879 ι

1909 3911 1967 3964 Si
1995 3926 2138 3965 nunc
2188 3915 2512 3975 accesseris,
2560 3914 2755 3983 inquit,
2784 3915 3010 3984 gratiam
3039 3917 3313 3973 obtinebis
3344 3930 3396 3973 et

1837 4003 2290 4057 misericordiam.
2337 4003 2657 4074 Opportuno
2704 4007 2905 4075 quippe
2955 4014 3203 4076 tempore
3242 4024 3394 4062 acce-

1837 4096 1922 4148 dis
1957 4113 1970 4148 :
2004 4095 2088 4148 sin
2110 4109 2239 4148 vero
2271 4103 2425 4157 tunc,
2476 4111 2585 4150 non
2635 4097 2841 4152 itidem.
2898 4097 3059 4152 Extra
3093 4114 3205 4152 rem
3249 4101 3392 4153 enim

1836 4186 1941 4239 erit
1962 4184 2320 4253 exspectatio.
2359 4183 2512 4239 Tunc
2531 4187 2732 4256 quippe
2758 4203 2864 4240 non
2890 4189 2993 4242 erit
3020 4189 3253 4244 thronus
3273 4205 3396 4261 gra-

1839 4279 1946 4339 tiae,
1980 4277 2073 4332 sed
2104 4277 2296 4346 judicii
2335 4277 2594 4332 tribunal.
2651 4280 2742 4333 Ait
2764 4295 2905 4333 enim
2943 4323 2954 4334 .
2991 4280 3173 4350 Surge,
3233 4281 3390 4346 Deus,

2438 4370 2579 4422 lllud
2610 4382 2816 4436 autem,
2842 4388 2959 4425 cum
2989 4373 3210 4441 ﬁducia,
3251 4375 3392 4429 idem

1835 4469 1919 4516 est
1945 4478 2028 4525 ac,
2061 4461 2179 4515 sine
2207 4461 2543 4515 conscientia
2567 4463 2718 4525 mali,
2747 4465 2829 4517 vel
2857 4465 3213 4519 harsitatione.
3248 4465 3395 4523 Talis

166 4542 366 4611 ῥησίας
397 4545 426 4595 ό
450 4545 692 4610 τοιοῦτος
722 4550 1060 4618 προσελθεῖν.
1095 4554 1214 4607 ’Ἰνα
1247 4555 1320 4626 μὴ
1347 4558 1588 4622 ἀκούσας
1606 4561 1730 4630 Ἀρ·
1763 4578 1806 4632 ι’)

1763 4578 1806 4632 D
1836 4554 1978 4605 enim
2039 4567 2382 4622 nequaquam
2434 4554 2608 4622 possit
2661 4568 2783 4607 cum
2831 4555 3030 4609 ﬁducia
3059 4567 3112 4610 et
3150 4558 3395 4613 libertate

165 4634 381 4704 χιερέα,
423 4637 651 4708 νομίσῃς
673 4639 893 4694 ἑστάναι
931 4644 1114 4707 αὑτὸν,
1141 4647 1341 4711 εὐθέως
1374 4649 1465 4702 ἐπὶ
1493 4651 1582 4702 τὸν
1615 4652 1737 4722 θρό-

164 4739 254 4774 νον
307 4723 499 4792 ἀνάγει
538 4726 628 4779 τὸν
677 4728 970 4796 βασιλικόν.
1042 4735 1206 4805 Ὀρᾷς
1256 4738 1429 4790 ὅτιτὸ
1483 4742 1735 4808 γενέσθαι

183 4815 480 4885 Αρχιερέα,
535 4819 595 4870 οὐ
651 4821 863 4889 φύσεώς
915 4826 1083 4892 ἐστιν,
1113 4827 1249 4880 ἀλλὰ
1279 4832 1735 4897 συγκαταϐάσεως

165 4907 260 4958 καὶ
286 4907 589 4974 κενώσεως.

801 5095 1050 5152 ΚΕΦΛΛ.
1073 5100 1146 5153 E'.

241 5202 262 5234 ‹
299 5182 416 5244 Πᾶς
442 5183 552 5253 γάρ
585 5186 874 5255 ἀρχιερεὺς
921 5191 979 5255 ἐξ
1009 5191 1309 5261 ἀνθρώπων
1359 5195 1733 5265 ἀναλαμϐανό-

170 5290 349 5340 μενος,
377 5275 518 5345 ὑπὲρ
544 5277 845 5346 ἀνθρώπιον
868 5281 1188 5336 καθίσταται
1222 5285 1291 5336 τὰ
1315 5287 1448 5356 πρὸς
1472 5288 1561 5339 τὸν
1579 5290 1729 5354 θεὸν,

169 5366 253 5417 ἵνα
282 5368 569 5440 προσφέρῃ
603 5369 751 5440 δῶρά
784 5390 840 5424 τε
871 5377 963 5427 καὶ
1018 5376 1206 5440 θυσίας
1255 5380 1393 5449 ὑπὲρ
1426 5381 1727 5450 ἁμαρτιῶν,

171 5460 557 5526 μ.τριοπαθείν
588 5462 878 5532 δυνάμενος
903 5471 1014 5530 τοίς
1040 5469 1290 5536 άγνοοῦσ.
1317 5473 1408 5524 καὶ
1441 5475 1728 5543 πλανωμέ-

168 5563 313 5608 νοις⁹
352 5549 475 5600 ἐπεὶ
507 5550 602 5601 καὶ
629 5553 788 5615 αὐτὸς
821 5558 1119 5627 περίκειται
1167 5553 1470 5626 ἀσθένειαν,
1518 5565 1609 5615 καὶ
1645 5564 1733 5616 διὰ

167 5640 373 5709 ταύτην
404 5641 626 5708 ὀφείλει,
660 5647 838 5709 καθὼς
867 5667 928 5701 πε
942 5649 992 5719 ρὶ
1024 5653 1115 5704 τοῦ
1147 5653 1300 5720 λαοῦ,
1327 5655 1467 5709 οὕτω
1493 5658 1584 5710 καὶ
1612 5658 1735 5727 περὶ

240 5815 283 5844 οι
323 5813 470 5870 Ρπειι.
497 5832 679 5882 tum,
709 5821 759 5875 ε.

1842 4645 2117 4699 accedere.
2157 4643 2235 4698 Ne
2265 4660 2396 4699 vero
2444 4644 2763 4700 Pontiﬁcem
2815 4648 3091 4702 nominari
3146 4649 3391 4711 audiens.

1839 4737 2116 4790 existimes
2146 4735 2322 4806 ipsum
2351 4744 2516 4799 stare,
2549 4737 2693 4791 hunc
2747 4739 2929 4792 statim
2987 4740 3042 4793 in
3097 4742 3240 4810 regia
3264 4743 3394 4796 sede

1838 4829 2108 4881 excelsum
2142 4829 2312 4896 ponit.
2361 4827 2437 4881 Ex
2484 4843 2592 4899 quo
2621 4830 2967 4898 perspicuum
2999 4838 3082 4884 est
3106 4831 3258 4884 illum
3286 4848 3392 4885 non

1836 4921 2045 4975 ratione
2086 4930 2298 4974 natura:
2359 4919 2661 4975 obtinuisse
2706 4929 2764 4975 nt
2811 4921 3055 4977 Pontifex
3097 4922 3267 4988 ﬁeret,
3301 4925 3391 4979 sed

1838 5009 2170 5065 demissione
2199 5021 2249 5066 et
2273 5011 2640 5065 cxinanitione
2675 5027 2792 5065 sua.

2479 5103 2628 5156 CAP.
2657 5101 2718 5154 ν.

1913 5192 2072 5246 Vens.
2105 5193 2215 5247 l-l.
2266 5212 2284 5242 ι
2315 5192 2501 5246 Omnis
2525 5193 2667 5247 enim
2703 5192 2944 5262 pontifex
2989 5192 3389 5260 exhominibus

1841 5294 2186 5352 assumptus,
2237 5301 2334 5354 pio
2372 5285 2684 5338 hominibus
2715 5284 3066 5338 constituitur
3097 5285 3150 5337 in
3177 5283 3242 5337 iis
3272 5297 3393 5353 qua:

1841 5387 1967 5432 sunt
2000 5376 2064 5429 ad
2092 5378 2279 5438 Deum,
2306 5386 2363 5429 ut
2388 5377 2579 5431 oﬁerat
2602 5377 2743 5429 dona
2765 5386 2819 5431 et
2846 5374 3112 5431 sacriﬁcia
3143 5390 3241 5443 pro
3264 5390 3390 5444 pec-

1840 5471 2013 5530 catis;
2045 5486 2139 5538 qui
2193 5467 2480 5522 eondolcre
2531 5470 2702 5537 possit
2729 5468 2796 5522 iis
2822 5467 2915 5535 qui
2945 5468 3194 5535 ignorant
3216 5475 3270 5519 et
3301 5482 3389 5518 er-

1843 5569 1965 5614 rant
1987 5577 1999 5612 :
2021 5568 2073 5614 et
2099 5567 2382 5629 prepterea
2413 5559 2590 5624 debet,
2619 5557 3070 5628 quemadmodum
3099 5573 3196 5626 pro
3222 5573 3391 5626 popu-

1845 5655 1917 5716 lo,
1951 5653 2021 5706 ita
2047 5654 2209 5707 etiam
2243 5660 2288 5707 et
2326 5667 2423 5720 pro
2454 5653 2763 5722 semetipso,
2783 5650 2975 5706 offerre
3005 5665 3100 5719 pro
3131 5651 3385 5718 peccatis.
