4214 6446
231 373 331 433 953

306 499 321 526 ο
359 476 682 539 Ἐπιθέσεώς
710 493 769 529 τε
801 474 1021 546 χειρῶν,
1074 474 1420 538 άναστάσεώς
1472 492 1520 527 ιε
1555 490 1783 543 νεκρων,
1818 476 1856 529 Α

1361 365 1458 427 ΠΝ
1488 363 1724 424 EPIST.
1758 362 1856 421 AD
1887 361 2271 422 HEBREOS.

3329 356 3434 422 954

1963 490 1982 522 ⁸
2017 473 2383 542 ImPositionis
2422 489 2640 546 quoque
2660 479 2963 540 manuum,“
2987 489 3049 529 ac
3081 477 3435 527 resurrectio~

235 571 319 619 xui
351 568 614 637 κρίματος
643 566 883 620 αἰωνίου.
916 566 1023 619 Καὶ
1045 566 1203 619 τοῦτο
1222 568 1555 636 ποιήσωμεν,
1580 568 1780 633 ὲάνπερ
1881 564 1933 618 ni

1881 564 1970 618 nis
2004 572 2363 629 mortuorum,
2390 577 2445 621 et
2472 569 2659 623 aeterni
2687 569 2897 638 iudicii.
2936 567 3126 641 [Vens
3160 565 3213 627 5,
3249 559 3327 632 4.]
3374 554 3460 611 δι’

234 659 493 729 ἐπιτρέπῃ
527 662 555 711 ὁ
587 659 739 719 Θεός.
784 658 1066 712 Ἀδύνατον
1100 658 1207 729 γὰρ
1238 660 1363 722 τοὺς
1422 657 1568 721 ama
1613 672 1781 725 φωτι-
1881 653 1933 707 iit

1881 653 1983 709 hoc
2012 653 2277 711 faciamus
2296 696 2311 720 ,
2336 657 2603 727 siquidem
2629 661 2941 729 permiserit
2992 658 3152 713 Deus.
3181 652 3438 722 lmpossi-

233 749 468 808 σθέντας,
506 768 525 801 s

301 842 452 895 Οῦτω
478 843 586 911 γάρ
612 840 673 893 τὸ
704 837 928 911 Πνεῦμα
961 840 1286 911 ἐλάμϐανον.

309 956 325 983 ο
362 933 733 1004 Γευσαμένους
762 951 821 986 τε
852 933 952 1002 τῆς
988 933 1194 1002 δαρεᾶς
1217 934 1316 1003 τῆς
1336 933 1656 1005 ὲπουραν”ου
1718 950 1738 983 ι

300 1027 551 1079 Τουτέστι
609 1026 707 1095 τῆς
733 1024 980 1093 ἀφέσεως
1005 1024 1111 1076 τῶν
1144 1023 1572 1094 ἁμαρτημάτων.

308 1136 327 1167 ι
365 1118 475 1169 Καὶ
517 1117 779 1186 μετόχους
808 1116 1133 1185 γενηθέντας
1165 1114 1479 1185 Πνεύματος
1509 1113 1684 1183 ἁγίου.
1722 1131 1741 1165 i

303 1202 375 1262 Οὗ
397 1208 591 1277 ἔχομεν
620 1207 709 1261 διὰ
738 1207 835 1262 τοῦ
870 1208 1228 1277 χαρίσματος.

307 1316 324 1347 ι
358 1298 464 1349 Καὶ
492 1297 653 1350 καλὸν
680 1297 1052 1367 γευσαμένους
1084 1295 1218 1348 Θεοῦ
1249 1295 1416 1366 ῥῆμα.
1456 1313 1477 1347 s

304 1475 412 1544 Τὴν
448 1474 794 1527 διδασκαλίαν
813 1473 913 1541 τῆς
931 1471 1241 1542 ὁμολογίας.

307 1586 328 1619 r
357 1566 624 1635 Δυνάμεις
654 1583 714 1619 τε
743 1565 1026 1635 μέλλοντος
1060 1562 1253 1627 αἰῶνος
1301 1562 1396 1616 καλ⁸
1437 1562 1782 1634 παραπεσόν-

232 1675 329 1712 τας
351 1658 535 1712 πάλιν.
579 1678 597 1709 i

302 1746 469 1800 Τοῦτὸ
496 1764 647 1817 φησι,
691 1746 778 1800 διά
804 1747 864 1799 τὸ
898 1744 1147 1815 θαύματα
1187 1743 1312 1809 τοὺς
1356 1740 1785 1812 βαπτιζομένους

235 1808 519 1894 ἐπιτελεῖνί
539 1808 672 1895 ’ίότε
688 1841 796 1911 γὰρ
812 1842 861 1894 οί
880 1808 1258 1910 βαπτιζόμενοι
1282 1808 1603 1910 χαρίσματα.
1618 1837 1785 1907 ὲλάμ-
1812 1808 1860 1869 Β

235 1934 413 1993 σανον,
445 1950 582 1986 ωστε
618 1935 858 2003 ένεργειν
884 1932 1160 2001 δυνάμεις.

306 2044 325 2075 σ
388 2025 833 2089 Ανακαινίζεσθαι
856 2026 937 2089 είς
966 2024 1278 2093 μετάνοιαν.
1313 2040 1333 2075 ι

301 2118 580 2181 Τουτέστι,
609 2117 696 2171 διὰ
746 2117 1053 2188 μετανοίας.
1090 2116 1261 2169 Τοῦτο
1294 2113 1351 2168 δὲ
1382 2112 1554 2181 λέγει,
1584 2112 1681 2182 οὺχ
1714 2111 1789 2177 ὡς

234 2209 458 2279 ὲγϐεϐλη
469 2209 630 2279 μένης
648 2209 743 2277 τῆς
772 2208 1079 2277 μετανοίαςο
1106 2208 1179 2278 μὴ
1200 2206 1406 2275 γένοιτο
1425 2221 1444 2240 ο
1468 2205 1580 2258 ἀλλ’
1605 2204 1685 2266 ὡς
1713 2203 1789 2274 μὴ

235 2301 460 2353 δυνατοῦ
482 2301 631 2363 ὃντος
650 2318 747 2353 του
775 2300 863 2353 διὰ
883 2299 976 2352 τοῦ
1012 2296 1238 2373 λουτροῦ
1272 2295 1683 2365 ἀνακαινισμοῦ.
1702 2294 1790 2347 Διὸ

235 2397 331 2447 οἷικ
378 2390 532 2448 εἶπεν
559 2436 573 2459 ,
602 2394 897 2449 ἀδύνατον
944 2389 1445 2458 ἀνακαινισθῆναι
1494 2391 1582 2455 εις
1616 2385 1792 2456 μετά-

236 2504 427 2549 νοιαν,
463 2488 556 2539 καὶ
579 2485 849 2554 ἐσίγησεν,
883 2484 1016 2539 ἀλλὰ
1054 2486 1170 2548 πῶς
1210 2483 1469 2537 ἀδύνα.ον
1511 2481 1789 2551 ἐπήγαγε,

235 2578 272 2631 ἀ
282 2594 761 2644 νασταυρουντας
775 2576 1289 2643 ἀνακαινισθῆναι,
1305 2574 1549 2628 τουτέστι
1576 2573 1793 2635 καινοὺς

236 2668 507 2735 γενεσθαι.
532 2667 604 2719 Τὸ
629 2667 736 2736 γὰρ
765 2665 947 2718 καινὸν
984 2665 1227 2733 ποιῆσαι,
1261 2664 1354 2717 τοῦ
1379 2661 1603 2733 λουτροῦ
1636 2661 1793 2731 μόνον

237 2760 403 2813 ἐστίν.
447 2760 1029 2828 Ἀνακαινισθήσεται
1065 2760 1173 2829 γὰρ
1200 2759 1281 2825 ὠς
1306 2758 1484 2813 ἀετοῦ
1514 2760 1552 2827 ἠ
1585 2757 1795 2823 νεότης

237 2866 375 2904 σου.

313 2960 332 2991 ο
378 2938 871 3010 Ἀνασταυροῦντας
898 2941 1109 3002 ἑαυτοῖς
1136 2939 1226 2992 τὸν
1251 2938 1380 2992 Υἱδν
1399 2937 1491 2991 τοῦ
1520 2937 1678 3004 Θεοῦ,
1701 2936 1796 2990 καὶ

238 3030 848 3101 παραδειγματίςοντας.
891 3049 910 3082 i

1880 743 1986 799 bile
2014 754 2095 800 est
2126 748 2270 800 enim
2301 763 2395 802 eos
2428 751 2521 818 qui
2553 753 2719 805 semel
2754 759 2882 805 sunt
2918 749 3224 806 illuniinati.
3275 766 3295 798 ι

1950 838 2063 892 Hoc
2099 839 2298 909 quippe
2327 843 2432 894 ritu
2460 840 2724 911 Spiritum
2765 846 3130 914 accipiebant.

1958 947 1979 981 ι
2021 930 2386 987 Gustaverunt
2409 935 2575 988 etiam
2619 936 2817 990 donum
2857 938 3101 1001 cmleste,
3135 953 3155 988 ι

1953 1022 2069 1075 Hoc
2093 1035 2195 1088 est,
2235 1024 2629 1094 indulgentiam
2653 1037 3018 1095 peccatorum.

1957 1132 1976 1163 ι
2014 1111 2078 1166 Ει
2100 1115 2391 1183 partimpes
2415 1114 2543 1169 facti
2564 1123 2693 1171 sunt
2722 1116 2961 1186 Spiritus
2995 1118 3188 1174 sancti.
3238 1124 3257 1170 ι

1951 1202 2120 1269 Quem
2156 1204 2186 1257 h
2226 1205 2414 1261 bemus
2438 1222 2534 1277 per
2558 1207 2744 1277 gratia
2771 1209 3001 1263 donum.

1952 1292 2116 1350 Vens.
2155 1295 2285 1358 5,6.
2334 1316 2354 1349 ι
2391 1297 2764 1354 Gustaverunt
2823 1300 3179 1356 nihilominus
3234 1301 3437 1357 bonum

1888 1384 1980 1441 Dei
2003 1387 2249 1442 verbum.
2294 1406 2314 1439 ι

1953 1475 2264 1531 Doetrinam
2294 1478 2682 1535 confessionis.

1961 1585 1980 1618 ι
2018 1568 2366 1639 Virtutesque
2427 1572 2606 1625 saeculi
2645 1574 2898 1639 venturi,
2938 1582 2991 1629 et
3030 1573 3268 1643 prolapsi
3313 1587 3441 1630 sunt

1885 1671 2097 1713 1⁸111⁵8118.
2146 1677 2165 1710 1

1958 1746 2070 1802 lloc
2091 1749 2186 1811 ait,
2219 1750 2473 1818 quoniam
2504 1751 2580 1805 illi
2632 1767 2725 1822 qui
2766 1752 3019 1823 baptizati
3068 1764 3219 1808 erant
3275 1757 3441 1810 mira-

1888 1840 2009 1894 cula
2040 1840 2342 1909 patrabant.
2377 1840 2530 1896 Tunc
2562 1846 2710 1898 enim
2749 1845 2841 1915 qui
2874 1845 3310 1914 baptizabantur,
3352 1850 3440 1904 illa

1888 1931 2027 1986 dona
2052 1932 2387 2001 accipiebant
2420 1934 2618 2003 quibus
2644 1936 2869 1992 virtutes
2909 1937 3149 1993 ederent.
3214 1938 3223 1948 '

1963 2040 1983 2074 α
2020 2022 2289 2078 Renovari
2311 2024 2378 2078 ad
2401 2026 2794 2094 paenitentiam.
2831 2046 2849 2079 ι

1957 2111 2013 2167 ld
2058 2124 2141 2169 est
2192 2130 2288 2184 per
2338 2117 2739 2184 pmnitentiam.
2773 2118 2827 2173 Id
2852 2119 2998 2187 quod
3053 2120 3186 2176 dicit
3239 2136 3344 2176 non
3386 2131 3445 2176 ut

1889 2205 2203 2274 prenitentia
2234 2207 2554 2262 excludatur
2587 2226 2599 2261 :
2644 2208 2783 2264 absit
2823 2210 2834 2260 l
2872 2210 2967 2264 sed
3020 2213 3278 2279 quoniam
3329 2214 3445 2267 ﬁeri

1889 2311 1996 2351 non
2019 2304 2196 2367 potest
2216 2297 2381 2352 altera
2404 2313 2499 2366 per
2517 2298 2791 2352 lavacrum
2820 2308 3116 2355 renovatio.
3136 2301 3252 2356 Non
3277 2304 3444 2367 enim,

1888 2402 2013 2441 cum
2068 2388 2286 2449 dixerit,
2345 2389 2671 2455 impossibile
2708 2398 2785 2443 est
2818 2394 3057 2445 renovari
3104 2394 3172 2446 ad
3195 2395 3447 2461 paeniten-

1892 2481 2042 2542 tiam,
2078 2494 2201 2532 mox
2231 2480 2528 2545 conticuit;
2572 2480 2664 2535 sed
2706 2481 2886 2536 intulit
2918 2498 3017 2536 cur
3042 2484 3092 2536 id
3127 2500 3233 2537 non
3270 2486 3448 2552 possit

1891 2572 2434 2642 praestari,dicendo,
2484 2574 2843 2643 cruciﬁgentes
2892 2576 3167 2639 renovari;
3210 2576 3313 2630 hoc
3362 2584 3449 2631 est

1894 2679 2062 2720 novos
2088 2675 2247 2738 atque
2272 2667 2512 2737 integros
2552 2666 2671 2720 fieri
2739 2666 2923 2722 Solius
2966 2684 3200 2736 namque
3244 2669 3448 2723 lavacri

1894 2762 1978 2809 est
2012 2772 2208 2823 novum
2243 2757 2490 2812 reddere.
2522 2755 2893 2823 Renovabitur,
2937 2759 3137 2831 inquit,
3168 2771 3223 2814 ut
3259 2762 3450 2831 aquin

1890 2845 2133 2914 juventus
2167 2859 2258 2901 tua
2289 2848 2353 2900 ⁸³.

1969 2955 1989 2988 ‹
2023 2936 2259 2992 Rursum
2298 2939 2678 3007 crucifigentes
2719 2936 3076 3009 sibimetipsis
3100 2937 3294 2993 Filium
3331 2938 3447 3003 Dei,

1895 3035 1950 3081 et
1970 3031 2299 3098 contemptui
2336 3030 2616 3084 habentes.
2658 3050 2678 3082 ι

307 3123 382 3174 Τὸ
423 3120 701 3192 βάπτισμα
750 3121 976 3189 σταυρός
1001 3123 1138 3183 ἔστι,
1188 3123 1285 3174 καὶ
1323 3112 1737 3190 συνεσταυρώθη
1767 3120 1796 3173 ὁ
1821 3142 1864 3198 c

1852 3144 1864 3197 ι
1966 3119 2130 3188 238
2159 3118 2467 3189 Baptismus
2505 3136 2637 3175 crux
2671 3128 2756 3176 est
2781 3162 2797 3186 ,
2844 3121 3119 3190 simulque
3153 3119 3448 3173 crucifixus

237 3213 463 3276 παλαιὸς
479 3216 634 3282 ἡμων
662 3213 965 3282 άνθρω..ος.
983 3215 1321 3281 Σύμμορφοι
1342 3212 1449 3281 γάρ
1468 3212 1795 3279 γεγόναμεν

235 3301 317 3365 τῷ
364 3305 673 3370 όμοιωματι
731 3319 836 3355 του
889 3302 1146 3357 θανάτου
1191 3302 1399 3355 αὑτοῦ.
1462 3302 1571 3354 Καὶ
1596 3301 1791 3354 πάλιν·

238 3394 282 3445 Σ
289 3390 659 3460 υνετάρημεν
683 3394 793 3460 τὰρ
824 3392 981 3456 αὐτῷ
1002 3392 1101 3445 διὰ
1140 3392 1245 3445 τοῦ
1264 3392 1681 3459 βαπτίσματος
1711 3392 1796 3453 εις

236 3483 347 3535 τὸν
366 3482 623 3536 θάνατον
664 3484 871 3554 Ὥσπερ
898 3479 991 3536 οὗν
1017 3484 1135 3535 ἐκεῖ
1148 3483 1247 3535 οὐκ
1271 3481 1349 3535 ένι
1375 3482 1621 3552 δευτερον
1644 3498 1800 3533 σταυ·

240 3572 477 3643 ρωθῆναι
526 3573 619 3626 τὸν
656 3573 922 3644 Χριστόνο
957 3572 1096 3625 τοῦτ-
1164 3573 1274 3643 γὰρ
1304 3572 1797 3642 παραδειγματίσαι

239 3664 404 3716 αὐτόν
438 3664 552 3715 ἔστι
575 3679 590 3695 ο
623 3664 812 3735 εί-γὰρ
843 3664 1069 3727 θάνατος
1111 3662 1273 3716 αὐτοῦ
1304 3664 1402 3716 οὐκ
1431 3664 1508 3716 ἔτι
1535 3664 1795 3735 κυριεύει,

237 3750 360 3805 εἶτα
390 3753 551 3805 Ιπάλιν
576 3731 922 3825 σταυροῦται,
957 3754 1122 3824 μῦθος
1147 3755 1322 3808 πάντα
1347 3756 1552 3806 ἐκεῖνα·
1583 3753 1799 3807 ὁτοίνυν

236 3846 492 3915 δεύτερον
518 3846 931 3915 βαπτιζόμενος,
951 3846 1109 3899 πάλιν
1136 3846 1298 3899 αὐτὸν
1323 3848 1561 3917 σταυροϊ.
1594 3848 1799 3916 Ὥσπερ

239 3954 351 4007 γαρ
391 3937 624 3989 ἀπέθανε
652 3939 880 4007 Χριστὸς
902 3941 959 3991 έν
990 3938 1067 4009 τῷ
1092 3954 1328 4007 σταυρῳ,
1359 3938 1531 4001 οὕτως
1559 3940 1716 4006 ἡμεῖς
1743 3941 1801 3990 ὲν

236 4030 318 4098 τῷ
355 4029 720 4099 βαπτίσματι·
748 4031 809 4083 οὐ
834 4034 901 4102 τῇ
934 4032 1113 4101 σαρκὶ,
1138 4030 1273 4084 ἀλλὰ
1299 4033 1367 4100 τῇ
1397 4029 1658 4103 ἁμαρτίᾳ.

318 4226 338 4255 ‹
374 4203 453 4272 Γῆ
478 4204 585 4273 γὰρ
623 4205 823 4259 πιοῦσα
849 4205 939 4259 τδν
961 4206 1053 4258 ἐπὶ
1083 4206 1255 4275 αὐτῆς
1287 4207 1545 4271 πολλάκις
1577 4208 1803 4279 ἐρχόμε-

238 4314 331 4348 νον
374 4297 546 4358 ὑετὸν,
584 4297 676 4348 καὶ
727 4297 984 4349 τίκτουσα
1042 4297 1269 4367 βοτάνην
1295 4297 1513 4351 εὔθετον
1554 4301 1800 4367 ἐκείνοις,

235 4389 304 4441 δι’
339 4386 435 4449 οὓς
466 4389 557 4440 καὶ
583 4391 927 4456 γεωργεῖται,
952 4386 1377 4457 μεταλαμϐάνει.
1425 4410 1442 4440 ι

1895 3215 1980 3261 est
2016 3216 2261 3263 vetustus
2290 3220 2474 3265 noster
2527 3210 2689 3265 homo
2722 3230 2735 3265 :
2773 3213 2972 3282 quippe
3005 3228 3128 3265 cum
3160 3212 3450 3278 conl'ormes

1895 3298 2025 3365 facti
2065 3300 2228 3351 simus
2280 3300 2616 3354 similitudini
2671 3303 2853 3354 mortis
2909 3302 3021 3370 ejus
3046 3302 3092 3335 "
3144 3300 3206 3354 Et
3233 3317 3450 3356 rursum

1895 3390 1972 3443 ait
2007 3408 2020 3442 :
2050 3388 2350 3457 Consepulti
2379 3391 2515 3445 enim
2549 3393 2676 3445 estis
2705 3393 2754 3445 ei
2779 3408 2870 3460 per
2896 3393 3212 3459 baptismum
3231 3393 3286 3445 in
3313 3408 3454 3446 mor-

1897 3488 1997 3532 tem
2023 3480 2160 3533 ”"7.
2179 3476 2347 3533 ‘Sicut
2372 3496 2499 3550 ergo
2518 3480 2769 3535 Christus
2793 3496 2899 3535 non
2923 3490 3098 3551 potest
3125 3483 3302 3536 denuo
3326 3495 3455 3535 crn-

1895 3568 2036 3635 ciligi
2060 3570 2205 3637 (nam
2238 3568 2341 3622 hoc
2369 3580 2512 3623 esset
2537 3571 2868 3638 contemptui
2888 3584 3009 3623 eum
3040 3569 3237 3623 habere
3267 3576 3321 3621 et
3346 3578 3456 3621 tra-

1904 3660 2123 3712 ducere.
2158 3658 2212 3711 Si
2245 3659 2388 3712 enim
2428 3673 2575 3712 mors
2600 3659 2674 3712 illi
2723 3660 2861 3713 ultra
2906 3674 3012 3713 non
3041 3658 3371 3721 dominatur,
3403 3668 3457 3712 et

1901 3750 2256 3804 nihilominus
2299 3750 2448 3804 cruci
2510 3750 2704 3804 iterum
2750 3749 3003 3820 anigitur,
3057 3749 3248 3803 isthmc
3274 3752 3455 3802 omnia

1852 3838 1856 3843 ’
1902 3853 2230 3912 nugamenta
2283 3853 2411 3897 sunt
2464 3852 2519 3898 et
2564 3844 2816 3913 fabulae),
2874 3847 2963 3913 qui
3006 3846 3171 3914 igitur
3218 3848 3458 3901 secundo

1901 3933 2230 4004 baptizatur,
2260 3950 2380 3989 eum
2411 3949 2604 3990 rursus
2635 3937 2690 3990 in
2720 3951 2934 3991 crucem
2963 3937 3091 4007 agit.
3110 3935 3243 3990 Nam
3268 3953 3459 4007 quem-

1903 4025 2189 4079 admodum
2221 4026 2275 4078 in
2298 4040 2459 4080 cruce
2482 4024 2737 4081 Christus
2766 4037 3015 4083 mortuus
3038 4036 3145 4095 est,
3170 4028 3249 4084 sic
3281 4038 3335 4084 et
3359 4043 3459 4083 nos

1902 4118 1955 4171 in
1990 4118 2285 4187 baptismo;
2309 4132 2416 4171 non
2445 4118 2618 4181 carni,
2649 4117 2742 4171 sed
2766 4129 3010 4186 peccato.

1976 4206 2136 4262 Vens.
2180 4208 2231 4261 7.
2277 4228 2295 4260 ι
2334 4208 2499 4263 Terra
2534 4210 2676 4265 enim
2703 4225 2846 4280 saepe
2880 4213 3187 4266 venientem
3214 4228 3377 4282 super
3401 4230 3461 4268 se

1905 4298 2098 4353 bibens
2130 4299 2355 4353 imbrem
2383 4338 2399 4363 ,
2428 4306 2482 4352 et
2508 4313 2775 4368 generans
2822 4299 3045 4353 herbam
3098 4309 3458 4370 opportunam

1906 4391 2014 4445 illis
2044 4406 2142 4473 pr‘o
2172 4390 2371 4460 quibus
2402 4397 2456 4443 et
2485 4391 2702 4455 colitur,
2738 4391 2942 4461 accipit
2980 4409 3001 4443 s

323 4477 555 4540 ’Υετὸν,
581 4478 679 4547 τὴν
709 4476 1076 4539 διδασκαλίαν,
1114 4479 1299 4546 φησιν,
1324 4479 1399 4541 ὡς
1420 4478 1512 4531 καὶ
1540 4479 1796 4550 ἑτέρωθιο
1830 4470 1878 4528 D

1852 4471 1878 4527 )
1974 4470 2201 4535 Imbrem
2233 4482 2539 4537 doctrinam
2573 4491 2885 4553 nuncupat,
2917 4492 2976 4537 ut
3031 4483 3085 4537 in
3134 4482 3241 4537 alio
3289 4484 3456 4538 loco:

251 4570 635 4638 Ἐντελοῦμαι
656 4570 765 4639 γὰρ
794 4569 921 4635 ταῖς
946 4569 1248 4639 νεφέλαις,
1282 4571 1346 4623 τὸ
1373 4571 1459 4639 μὴ
1481 4571 1691 4641 βρέξαι
1712 4576 1799 4638 είς

234 4661 429 4714 αὐτὸν
448 4661 645 4714 ὑετόν.
687 4659 950 4715 Ἐνταῦθα
970 4660 1138 4728 δηλοῖ,
1165 4660 1246 4713 ὃτι
1269 4660 1531 4726 ἐδέξαντο,
1561 4664 1653 4714 καὶ
1673 4680 1800 4715 συνο

234 4754 395 4804 ἐπιον
424 4750 515 4802 τὸν
535 4750 711 4817 λόγον,
742 4752 836 4802 καὶ
865 4750 985 4803 ουδὲ
1016 4767 1183 4811 ουτως
1206 4751 1505 4816 ἀπώναντο,
1537 4754 1799 4822 μικροψυ-

233 4859 466 4912 χουντες
500 4843 557 4893 ἐν
589 4844 701 4904 τοῖς
734 4846 1076 4911 πειρασμοῖς.

314 4956 333 4987 ι
375 4934 634 4999 Εὔλογίας
672 4934 778 4987 ἀπὸ
800 4933 953 4988 Οεοῦ.
994 4953 1011 4985 i

322 5024 587 5077 Ἐνταῦθα
635 5025 724 5076 τὸν
752 5024 883 5077 Θεόν
909 5041 1069 5094 φησιν
1096 5026 1262 5077 αίτιον
1306 5025 1412 5077 τῶν
1446 5025 1696 5078 ἁπάντων
1717 5027 1801 5092 γί-

234 5133 290 5167 vs
301 5114 451 5176 σθαι,
480 5118 728 5182 πλὴτ-των
748 5114 930 5183 ἠρέμα
952 5116 1074 5177 τοὺς
1100 5116 1380 5185 Ἕλληνας,
1410 5116 1532 5177 τοὺς
1552 5117 1619 5185 τῇ
1641 5116 1799 5168 δυνά-

235 5223 335 5273 μει
366 5204 464 5270 τῆς
492 5203 615 5270 γῆς,
635 5202 742 5253 τῶν
766 5204 989 5271 καρπῶν
1021 5206 1121 5273 τὴν
1151 5205 1359 5271 γένεσιν
1381 5205 1775 5273 ἐπιγράφοντας

315 5316 333 5346 σ
395 5295 715 5361 Εκφέρουσα
752 5294 807 5346 δὶ
844 5295 1103 5356 ακάνθας.
1148 5315 1166 5347 i

311 5384 471 5436 Ἐπεὶ
501 5386 592 5436 καὶ
623 5384 780 5438 πάλιν
819 5384 915 5435 οὐκ
943 5380 1083 5447 εἷπε,
1117 5383 1370 5436 τίκτουσα
1397 5384 1655 5448 ἀκάνθας,
1686 5385 1803 5437 οὐδὲ

232 5476 316 5542 τῷ
355 5477 611 5544 χρησίμῳ
643 5475 813 5545 τούτῳ
845 5475 1063 5544 ὀνόματι
1101 5477 1387 5544 ἐχρήσατο.
1412 5476 1570 5528 Ἀλλά
1602 5477 1680 5528 τί·
1709 5478 1804 5528 ἑκ-

231 5571 511 5635 ςνέορουσα
532 5568 817 5633 ἀκάνθαςο
847 5586 919 5630 ως
960 5570 1023 5621 ἂν
1066 5569 1205 5621 sine:
1242 5586 1343 5632 τις,
1376 5570 1763 5637 ἐκϐράσσουσα.

1910 4571 2175 4626 Mandabo
2223 4571 2465 4637 nubibus,
2522 4581 2579 4625 ut
2618 4589 2720 4626 non
2756 4572 2943 4641 pluunt
2982 4589 3137 4642 super
3184 4590 3301 4627 eam
3360 4575 3460 4625 im-

1908 4666 2048 4718 brem
2082 4665 2148 4718 ³⁸.
2182 4663 2280 4717 Hic
2311 4664 2551 4717 declarat
2575 4678 2672 4719 eos
2721 4664 3029 4732 suscepisse
3054 4673 3107 4718 et
3133 4665 3459 4721 combibisse

1906 4770 2238 4821 sermonem,
2271 4768 2373 4808 nec
2406 4754 2487 4809 sic
2526 4764 2705 4807 tamen
2738 4754 3057 4823 profecisse,
3085 4769 3212 4809 cum
3262 4755 3458 4810 animis

1904 4842 1960 4896 in
1990 4839 2377 4896 tentationibus
2424 4840 2793 4894 conciderent.

1981 4953 2000 4985 ι
2047 4932 2458 4987 Benedictiones
2493 4930 2604 4984 Dei.

1976 5022 2073 5077 llic
2105 5024 2262 5077 docet
2310 5021 2478 5076 Deum
2537 5022 2781 5075 omnium
2814 5038 2935 5077 esse
2992 5031 3293 5088 auctorem,
3334 5039 3459 5093 per-

1906 5114 2228 5183 stringitque
2282 5113 2446 5167 tacite
2474 5113 2722 5182 gentiles,
2776 5114 2868 5182 qui
2904 5122 3064 5169 terra:
3096 5115 3283 5170 virtuti
3331 5114 3461 5169 fru-

1906 5216 2088 5260 ctuum
2126 5205 2526 5274 generationem
2566 5219 2656 5258 asc
2693 5205 2779 5258 ibu
2826 5213 2865 5259 t.

1976 5298 2140 5351 Vens.
2172 5298 2223 5351 8.
2264 5316 2282 5348 ι
2319 5296 2611 5350 l’roferens
2640 5303 2818 5351 autem
2851 5296 3055 5366 spinas.
3096 5316 3116 5349 ι

1976 5388 2158 5456 Neque
2185 5404 2402 5442 rursum
2429 5388 2584 5450 dixit,
2617 5402 2884 5456 generans
2904 5402 3110 5455 spinas,
3149 5400 3325 5455 neque
3365 5401 3458 5442 ae-

1908 5480 2192 5534 comiuodo
2240 5480 2342 5533 hoc
2405 5479 2566 5532 verbo
2617 5492 2749 5531 usus
2777 5484 2880 5531 est.
2908 5474 3013 5531 Sed
3060 5474 3189 5546 quid
3220 5475 3324 5529 hoc
3354 5486 3460 5540 est,

1917 5571 2181 5639 proferens
2215 5570 2391 5639 spinas
2416 5571 2439 5622 ?
2465 5568 2619 5624 Velut
2644 5568 2689 5626 si
2720 5554 2842 5625 ouis
2872 5568 3038 5634 dicat,
3070 5568 3355 5626 ebulliens.

296 5743 343 5775 "
377 5743 515 5797 Paul.
550 5759 642 5807 cu,
675 5744 724 5798 ὃ.
783 5747 826 5776 ³⁵
862 5744 1013 5802 Rom.
1045 5763 1115 5808 vt,
1140 5748 1191 5800 5.
1260 5747 1521 5801 ’θ-θτίὺίιί.
1548 5746 1598 5799 2.
1660 5749 1702 5779 ³⁸
1735 5748 1812 5800 Issa
1872 5764 1921 5807 γ,
1957 5755 2007 5799 δ.
