4214 6446
222 387 330 454 9-69

304 514 323 547 ι
364 495 649 565 Ὑπερὰνω
668 493 723 545 δὲ
755 494 925 563 αὐτῆς
947 491 1228 564 Χερουϐὶμ
1265 492 1447 563 δόξης,
1481 489 1861 554 κατασκιὰἐΑ

226 589 388 650 ζοντα
410 587 469 638 τὸ
500 585 830 653 ἶλαστήριον.
870 601 889 632 ι

310 677 455 730 Ἀντὶ
469 675 586 737 τοῦ,
623 676 692 728 τὰ
719 674 928 739 ἔνδοξα.

301 787 319 820 ι
349 769 486 839 Περὶ
520 763 593 821 ὧν
618 768 716 821 οὐκ
757 767 873 822 ἔστι
914 767 1007 821 νῦν
1051 767 1231 836 λέγειν
1255 766 1396 819 κατὰ
1431 767 1614 835 μέρος.
1656 764 1793 816 Τού-

226 876 337 913 των
370 861 426 913 δὲ
457 860 599 913 οὕτω
619 860 1167 929 κατεσκευασμένων,
1210 862 1288 922 εἰς
1323 860 1419 928 μὲν
1443 858 1540 924 τὴν
1572 856 1793 922 πρώτην

231 950 435 1019 σκηνὴν
460 951 545 1002 διὰ
584 952 784 1011 παντὸς
838 952 1071 1003 εἰσίασιν
1116 968 1167 1002 οι
1208 951 1391 1017 (span,
1419 946 1516 1006 τὰς
1543 946 1792 1015 Λατρείας

230 1041 626 1104 ἐπιτελοῦντες,
652 1046 729 1103 εἰς
764 1043 935 1112 δὲτὴν
955 1043 1178 1109 δευτ-ρα

315 1131 400 1193 Ὠ,
438 1133 648 1203 μακροῦ
676 1133 905 1185 δεόμενα
936 1132 1093 1196 λόγου

309 1240 328 1272 ι
366 1222 547 1287 "Am:
564 1220 656 1273 τοῦ
678 1218 919 1273 ἐνιαυτοῦ
958 1218 1115 1287 μόνος
1155 1220 1182 1269 ὁ
1214 1218 1524 1287 ἀρχιερεὺς.
1573 1220 1633 1270 οὐ
1676 1236 1787 1286 χω-

236 1316 322 1382 ρὶς
354 1314 605 1383 αἵματος,
632 1311 660 1363 ὃ
683 1313 978 1381 προσφέρει
1007 1310 1145 1380 ὑπὲρ
1170 1309 1383 1374 ἑαυτοῦ,
1440 1310 1533 1362 καὶ
1561 1310 1669 1362 τῶν
1701 1310 1795 1363 τοῦ

232 1404 365 1458 λαοῦ
389 1407 769 1473 ἁγνοηματων,
798 1402 957 1455 τοῦτο
998 1402 1281 1471 δηλουντοέ
1335 1401 1428 1453 τοῦ
1486 1402 1797 1471 Πνεύματος

235 1497 415 1562 ἁγίου,
448 1494 521 1563 μή
569 1513 613 1545 ω
644 1513 662 1544 ι

307 1585 429 1637 Ἵνα
460 1587 534 1654 μὴ
556 1586 805 1652 λέγωσιν,
840 1586 921 1637 ὅτι
945 1582 1067 1646 Πῶς
1116 1583 1215 1652 μῖα
1259 1584 1413 1635 θυσία
1452 1583 1801 1637 τετελείωκεν

235 1678 316 1739 είς
340 1676 400 1728 τὺ
456 1677 736 1744 διηνεκές;
777 1677 1045 1727 δείκνυσιν
1099 1675 1265 1743 αὐτὴν
1310 1676 1513 1729 ἄνωθεν
1563 1678 1670 1729 ἀπὸ
1707 1675 1798 1729 τοῦ

235 1767 542 1838 ἀρχιερέως
590 1770 1104 1837 προτετυπωμένην.
1149 1767 1214 1818 Εἰ
1268 1783 1330 1834 γε
1378 1771 1651 1841 ἁγιωτέρα
1707 1770 1801 1823 καὶ

237 1859 464 1931 φρικτὴ,
495 1861 595 1930 μία
638 1856 727 1930 ἦν,
783 1860 876 1912 καὶ
927 1859 1089 1921 πῶςό
1119 1858 1410 1929 ἀρχιερεὺς
1451 1862 1599 1928 ἆταξ
1634 1879 1803 1933 προσ-

236 1949 401 2022 ἐφερε
418 1970 433 2017 ;

313 2060 334 2094 ‹
363 2043 787 2114 Πεφανερῶσθαι
830 2046 927 2114 τὴν
976 2047 1084 2099 τῶν
1136 2048 1309 2115 ἁγίων
1356 2048 1472 2101 ὁδὸν
1561 2048 1642 2099 ἔτι
1706 2047 1805 2117 τῆς

238 2135 464 2206 πρώτης
506 2136 710 2207 σκηνῆς
763 2138 992 2208 ἐχούσης
1053 2141 1261 2205 στάσιν,
1310 2140 1432 2211 ἥτις
1466 2139 1745 2211 παραϐολὴ
1781 2159 1799 2191 ι

323 2318 734 2388 ’Δπεκρύπτετο
788 2320 1056 2387 ἐνταῦθα,
1119 2324 1284 2393 φησιν
1316 2366 1330 2389 ,
1384 2325 1418 2394 ἡ
1472 2324 1712 2395 προτέρα
1754 2334 1805 2389 (ι,

240 2410 431 2480 ἐπειδὴ
471 2410 641 2474 οὕτως
674 2413 989 2484 ἐνειστήκει
1034 2416 1207 2484 αὐτῆς
1260 2419 1287 2469 ὁ
1345 2417 1554 2487 καιρός.
1594 2415 1702 2470 Ἦν
1751 2418 1809 2471 δὲ

238 2496 416 2566 οὗτος,
443 2505 471 2555 ὁ
502 2505 598 2573 τῆς
632 2505 920 2576 ἐπιδημίας
942 2506 1036 2559 τοῦ
1060 2508 1339 2578 ΔΧριστοῦ,
1369 2510 1433 2562 δι’
1462 2505 1523 2563 οὗ
1550 2512 1643 2562 καὶ
1678 2512 1810 2578 ἐφα-

240 2611 297 2646 νε
305 2592 476 2665 ρώθη.
1055 2575 1069 2597 ’

319 2708 339 2743 ι
364 2691 460 2751 Εἰς
479 2689 569 2741 τὸν
601 2687 793 2757 καιρὸν
826 2688 913 2741 τὸν
936 2690 1286 2759 ἐνεστηκότα,
1321 2692 1441 2743 καθ’
1466 2692 1523 2744 ὃν
1557 2692 1703 2761 δῶρὰ
1750 2710 1807 2745 τε

242 2785 341 2833 καὶ
367 2780 551 2832 θυσίαι
575 2780 993 2849 προσφέρονται,
1051 2780 1125 2848 μὴ
1175 2781 1449 2849 δυνάμενα
1492 2784 1634 2833 κατὰ
1684 2800 1809 2835 συν-

241 2872 453 2941 είδησιν
474 2870 757 2922 τελ,ιῶσαι
788 2870 877 2921 τὸν
899 2869 1061 2938 λατρε
1080 2870 1250 2923 ζοντα.
1290 2891 1309 2922 ι

314 2961 630 3023 Τουτέστιν,
652 2961 681 3012 ὁ
706 2961 870 3021 τύπος
930 2961 1141 3027 γέγονε,
1185 2962 1309 3014 καθ’
1354 2963 1412 3016 ὃν
1441 2964 1591 3033 δῶρά
1622 2981 1681 3016 τε
1716 2967 1810 3018 καὶ

243 3053 431 3106 θυσίαι
456 3049 878 3119 προσφέρονται,
914 3051 989 3121 μὴ
1016 3051 1311 3122 δυνάμεναι
1338 3056 1478 3109 κατὰ
1506 3058 1809 3128 συνείδησιν

241 3141 530 3195 τελειῶσαι
557 3142 648 3195 τὸν
675 3140 1021 3213 λατρεύοντα.

314 3320 387 3372 Δί
417 3319 527 3387 γὰρ
556 3318 756 3380 θυσίαι,
783 3319 842 3371 οὐ
877 3318 967 3371 τὸν
994 3318 1100 3371 ἀπὸ
1127 3320 1306 3389 ψυχῆς
1352 3322 1522 3392 ῥύπον
1556 3326 1808 3391 ἠφίεσαν,

242 3411 363 3464 ἀλλ’
390 3409 472 3462 ἔτι
504 3409 633 3477 περὶ
663 3410 822 3478 σῶμα
864 3405 1027 3480 ἦσαν,
1065 3426 1206 3464 κατα
1234 3428 1392 3480 νόμον
1420 3429 1691 3483 σαρκικης
1725 3416 1812 3466 ἐν-

240 3502 428 3572 τολῆς.
457 3501 533 3553 Οὐ
582 3501 688 3571 γὰρ
738 3500 803 3571 δὴ
831 3501 1103 3571 μοιχείαν,
1154 3502 1250 3556 καὶ
1284 3502 1478 3557 φθόνον
1529 3504 1647 3558 οὐδὲ
1675 3508 1813 3575 ἱερο-

244 3593 442 3648 συλίαν
462 3594 676 3661 ἀφιέναι
696 3592 973 3661 ἠδύναντο.

322 3789 344 3822 ι
381 3769 562 3823 Μόνον
597 3768 688 3820 ἐπὶ
718 3765 989 3837 βρώμασι,
1022 3769 1115 3821 καὶ
1146 3769 1370 3838 πόμασι,
1400 3770 1492 3822 καὶ
1541 3771 1814 3839 διαφόροις

245 3861 605 3932 βαπτισμοῖς.
646 3878 664 3910 ι

322 3952 620 4014 Δοκοῦντα,
648 3950 833 4019 φησὶν,
865 3950 1146 4020 καθαίρειν
1181 3953 1280 4021 τὴν
1308 3952 1506 4022 σάρκα.

329 4062 349 4094 ι
383 4043 493 4096 Καὶ
513 4040 843 4110 δικαιώμασι
875 4043 1096 4112 σαρκὸς,
1153 4043 1318 4112 μέχρι
1371 4044 1563 4114 καιροῦ
1594 4044 1814 4113 διορθώ-

244 4152 391 4195 σεως
459 4133 801 4200 ἐπικείμενα.
835 4134 1066 4203 Χριστὸς
1113 4134 1171 4186 δὲ
1219 4136 1654 4206 παραγενόμενος
1684 4139 1815 4208 αρχ-

248 4229 438 4300 ιερεὺς
462 4225 571 4278 τῶν
595 4224 891 4295 μελλόντων
916 4225 1153 4294 ἀγαθῶν,
1202 4245 1221 4278 ι

325 4316 943 4387 Καιρόνὸιορθὼσεως,
965 4317 1056 4372 τὸν
1084 4319 1184 4388 τῆς
1204 4321 1507 4389 παρουσίας
1540 4321 1696 4374 καλεῖ
1723 4322 1815 4375 τοῦ

246 4411 517 4480 Χριστου.
542 4408 705 4475 Λέγει
731 4403 822 4461 οὖν
861 4409 943 4461 ὅτι
978 4408 1226 4480 ὠφέλιμα
1254 4406 1322 4481 ἦν
1357 4412 1464 4482 πρὸ
1488 4413 1583 4466 τοῦ
1625 4415 1815 4485 καιροῦ

245 4503 357 4573 τῆς
389 4500 749 4581 διορθώσεως,
775 4502 912 4571 μετὰ
936 4501 993 4554 δὲ
1019 4502 1195 4556 ταῦτα
1228 4505 1502 4576 ἀνωφελῆ.

334 4611 357 4645 ι
391 4592 492 4645 Διὰ
538 4591 639 4661 τῆς
691 4592 934 4662 μείζονος
994 4594 1086 4646 καὶ
1124 4595 1460 4665 τελειοτέρας
1505 4599 1735 4668 σκηνῆς,
1758 4600 1817 4653 οὗ

248 4684 663 4755 χειροποιήτου,
685 4684 961 4735 τουτέστιν
985 4685 1046 4735 οὐ
1080 4687 1281 4756 ταύτης
1313 4688 1410 4757 τῆς
1430 4689 1679 4753 κτίσεως,
1702 4692 1821 4743 οὐδὲ

248 4774 327 4827 δι’
370 4774 600 4841 αἵματος
622 4772 840 4842 τράγων
886 4774 1004 4845 καὶΓ
1038 4775 1275 4844 μόσχων,
1311 4777 1399 4830 διὰ
1424 4778 1481 4830 δὲ
1546 4779 1630 4832 τοῦ
1690 4780 1819 4832 ίδίου

250 4866 492 4934 αἵματος
518 4863 761 4934 εἰσῆλθεν
794 4866 1014 4933 ἐφάπαξ
1066 4868 1144 4928 εἰς
1176 4868 1245 4920 τὰ
1274 4868 1457 4935 Ἅγια,
1502 4871 1724 4924 αἰωνίαν
1740 4872 1824 4924 λύ-

252 4975 469 5026 τρωσιν
490 4958 808 5027 εὑράμενος.
843 4958 901 5010 Ei
932 4960 1041 5030 γὰρ
1065 4960 1123 5012 τὸ
1157 4958 1293 5029 αἷμα
1320 4962 1532 5033 ταύρων
1570 4954 1821 5037 καιτρὰ-

252 5067 395 5117 γων,
426 5050 519 5099 καὶ
546 5048 739 5111 σποδὸς
777 5050 1064 5118 δαμάλεως
1106 5051 1432 5121 ῥαντίζουσα
1477 5056 1601 5117 τοὺς
1642 5074 1823 5110 κεκοιι

251 5138 537 5208 νωμένους
559 5138 771 5205 ἁγιάζει
797 5141 934 5208 πρὸς
964 5141 1061 5206 τὴν
1089 5142 1187 5211 τῆς
1220 5144 1419 5212 σαρκὸς
1458 5145 1820 5216 καθαρότητα,

255 5230 417 5298 πόσῳ
445 5229 643 5295 μᾶλλον
673 5230 735 5281 τι
765 5224 903 5299 αἷμα
941 5231 1032 5283 τοῦ
1061 5234 1317 5301 Χριστοῦ,
1355 5235 1412 5297 ὃς
1446 5236 1536 5288 διὰ
1578 5237 1825 5305 Πνεῦμα-

252 5339 354 5383 τος
403 5320 562 5386 ἁγίου
606 5321 797 5373 ἑαυτὸν
850 5325 1221 5393 προσήνεγκεν
1283 5326 1512 5397 ἄμωμον
1565 5329 1644 5397 τῷ
1679 5329 1818 5397 Θεῷ,

255 5411 525 5483 καθαριεί
553 5412 653 5483 τὴν
688 5413 990 5484 συνείδησιν
1023 5417 1177 5485 ὑμῶν
1203 5418 1311 5471 ἀπὸ
1334 5422 1542 5491 νεκρῶν
1572 5421 1767 5491 ἔργων,
1800 5442 1817 5473 ι

1337 386 1415 446 1N
1461 386 1696 445 EPIST.
1740 385 1838 443 AD
1874 376 2264 442 IIEBREOS.

3347 377 3457 444 970

1961 487 2123 541 Vens.
2147 488 2267 540 5-7.
2292 505 2311 539 ι
2335 484 2619 555 Superque
2638 500 2757 540 cum
2778 495 2935 539 erant
2952 483 3245 540 Cherubim
3273 485 3457 556 gloria!

1893 580 2277 636 obumbrantia
2311 579 2774 649 propitiatur-ium.
2811 598 2827 629 ι

1964 670 2020 723 Id
2040 679 2141 731 est,
2178 671 2361 737 gloria:
2388 671 2565 737 plena.

1965 762 2124 833 245
2152 781 2169 812 ι
2214 760 2288 813 De
2319 761 2519 828 quibus
2554 768 2776 812 nonest
2810 759 2971 812 modo
3020 759 3313 813 dicendum
3364 774 3460 828 per

1897 856 2133 922 singula.
2164 853 2259 906 llis
2298 868 2427 906 vero
2462 853 2534 904 ita
2571 852 2910 917 compositis,
2944 852 2996 903 in
3040 852 3208 919 priori
3239 852 3458 922 quidem

1898 947 2253 1000 tabernaculo
2298 959 2514 1012 semper
2578 953 2863 997 introeunt
2919 943 3237 997 sacerdotes
3290 943 3461 998 ollicia

1896 1048 2345 1092 consummantcs
2377 1056 2390 1090 :
2418 1040 2473 1090 in
2502 1036 2744 1091 secundo
2769 1046 2954 1088 autem
2992 1056 3009 1087 ι

1972 1130 2039 1185 Ut
2069 1146 2189 1200 qua:
2224 1131 2509 1200 prolixiori
2541 1145 2797 1184 sermone
2825 1145 2965 1199 opus
2994 1131 3250 1185 habeant.

1973 1242 1992 1274 ι
2031 1222 2210 1275 Semel
2242 1226 2295 1274 ιιι
2330 1236 2473 1274 anno
2534 1221 2682 1273 solus
2714 1220 2980 1289 pontifex,
3024 1237 3129 1274 non
3173 1222 3294 1275 sine
3332 1234 3464 1273 san-

1900 1314 2089 1383 guine,
2122 1330 2286 1381 quam
2330 1314 2488 1368 utfert
2518 1329 2617 1382 pro
2654 1328 2750 1366 sua
2785 1322 2838 1367 et
2876 1313 3058 1382 populi
3093 1314 3414 1382 ignoranliis
3447 1333 3458 1366 :

1902 1409 2091 1478 μείω.
2124 1406 2180 1477 δ]
2235 1408 2336 1460 hoc
2403 1406 2743 1477 signiﬁcante
2795 1408 2998 1476 Spiritu
3069 1413 3279 1472 sancto,
3328 1422 3462 1459 non-

1900 1502 2029 1556 dum
2057 1522 2074 1553 ι

1973 1592 2373 1662 Neobjicercut
2403 1609 2417 1645 :
2454 1591 2555 1656 Qui
2611 1591 2812 1645 factum
2870 1602 2957 1645 est
2994 1599 3053 1645 ιιι
3089 1606 3193 1645 una
3246 1591 3466 1645 victima

1903 1685 1958 1737 in
1995 1686 2388 1753 sempiternum
2420 1685 2885 1737 consummaverit
2907 1682 2930 1734 ?
2952 1684 3188 1736 ostendit
3210 1698 3327 1736 eam
3354 1698 3466 1751 iam

1906 1774 2112 1839 pridem
2149 1787 2179 1824 a
2216 1786 2435 1826 summo
2473 1772 2756 1825 sacerdote
2790 1786 2911 1825 esse
2948 1770 3255 1837 ﬁguratam.
3297 1770 3465 1835 Quin?

1908 1866 2017 1917 imo
2072 1864 2118 1918 si
2171 1864 2415 1917 sanctior
2450 1862 2539 1915 illa
2579 1874 2631 1916 et
2684 1862 2952 1916 terribilis
2986 1877 3094 1915 una
3136 1872 3274 1925 erat,
3304 1877 3470 1915 eccur

1908 1971 1939 2010 a
1968 1955 2226 2027 pontiﬁce
2255 1956 2419 2010 semel
2442 1954 2817 2009 ollerebatur?

1984 2067 2003 2099 ‹
2040 2048 2380 2117 Propalatam
2408 2063 2531 2103 esse
2554 2056 2871 2102 sanctorum
2892 2047 3055 2111 viam,
3093 2046 3271 2101 adhuc
3289 2047 3471 2116 priore

1906 2139 2261 2193 tabernaculo
2314 2139 2548 2192 habente
2582 2147 2805 2203 statum,
2839 2135 3031 2209 [νειιε.
3056 2136 3112 2208 9]
3137 2139 3280 2207 quod
3318 2155 3472 2209 para-

1908 2232 2030 2286 bola
2064 2238 2150 2285 est
2191 2248 2209 2281 ι

1974 2324 2087 2377 lllic
2122 2322 2557 2378 abscondebatur
2590 2321 2914 2388 secundum,
2939 2322 3141 2392 inquit,
3172 2324 3299 2392 quia
3338 2336 3473 2377 non-

1908 2414 2036 2466 dum
2060 2418 2179 2481 ejus
2214 2423 2429 2482 tempus
2460 2413 2692 2467 aderat:
2726 2421 2942 2482 tempus
2984 2414 3171 2482 utique
3200 2415 3473 2469 adventus

1908 2506 2137 2570 Christi,
2173 2522 2270 2574 per
2298 2521 2462 2575 quem
2495 2505 2628 2560 illud
2659 2506 3004 2575 propalatuni
3040 2505 3167 2561 fuit.

1985 2703 2003 2735 ι
2039 2683 2325 2751 Temporis
2381 2682 2661 2748 instantis,
2712 2682 2865 2750 iuxta
2930 2684 3074 2752 quod
3135 2698 3361 2738 munera
3417 2695 3474 2739 et

1910 2776 2103 2830 hostiae
2155 2774 2480 2839 elici-untur,
2536 2789 2656 2842 qua:
2713 2790 2819 2827 non
2880 2781 3113 2844 possunt
3154 2774 3306 2844 juxta
3337 2791 3471 2830 con-

1911 2867 2194 2921 scientiam
2228 2864 2525 2935 perfectum
2559 2864 2742 2919 facere
2776 2866 3128 2919 servientem.
3165 2885 3184 2917 ι

1983 2955 2094 3009 lloc
2147 2965 2249 3018 est,
2319 2955 2490 3024 ﬁgura
2543 2955 2746 3007 factum
2797 2963 2903 3016 est,
2959 2955 3257 3008 secundum
3307 2972 3471 3024 quam

1912 3050 2052 3102 dona
2106 3057 2160 3100 et
2206 3047 2475 3100 sacriﬁcia
2508 3045 2901 3103 uilerebantur.
2934 3060 3055 3114 quae
3099 3061 3206 3099 non
3251 3055 3477 3115 possent

1836 3164 1879 3221 ρ
1913 3138 2212 3194 secundum
2266 3137 2664 3191 conscientiam
2741 3134 3042 3204 perfectum
3116 3135 3299 3191 facere
3354 3139 3471 3190 θυι.

1914 3239 2110 3285 torem.

1981 3322 2231 3376 Victima:
2295 3320 2565 3389 siquidem
2628 3319 2906 3373 maculam
2982 3319 3051 3374 ab
3104 3320 3285 3374 anima
3365 3338 3475 3377 non

1914 3416 2264 3480 auferebaut;
2312 3414 2410 3474 sed
2444 3413 2623 3466 adhuc
2652 3413 2802 3467 circa
2842 3428 3045 3483 corpus
3087 3417 3473 3482 versabantur,

1912 3522 2013 3577 pro
2043 3508 2158 3570 lege
2205 3502 2449 3557 mandati
2491 3502 2751 3558 carnalis.
2789 3504 3006 3557 Etenim
3057 3519 3167 3561 non
3224 3514 3479 3575 poterant

1915 3596 2268 3662 adulterium,
2302 3596 2387 3651 vel
2442 3594 2820 3657 invidentiam,
2869 3595 2955 3649 vel
2989 3596 3336 3667 Sacrilegium
3379 3613 3479 3652 ex-

1914 3691 2083 3762 piare.

1980 3800 2000 3834 ι
2036 3780 2388 3836 Solummodo
2413 3780 2470 3833 in
2505 3779 2669 3845 cibis,
2693 3779 2751 3833 in
2781 3779 3118 3850 potionibus,
3164 3778 3356 3852 [Velm
3386 3778 3477 3855 10]

1913 3884 1968 3928 ει
1988 3874 2153 3927 variis
2174 3873 2615 3941 baptismatibus.
2658 3890 2677 3923 ι

1987 3967 2118 4033 Quae
2154 3967 2504 4036 putabantur.
2540 3965 2742 4034 inquit,
2784 3981 3006 4019 carnem
3051 3965 3339 4022 mundare.

1994 4075 2013 4106 «
2052 4055 2115 4108 Bt
2147 4054 2634 4123 justiﬁcationibus
2686 4055 2893 4118 carnis,
2948 4071 3120 4125 usque
3151 4056 3219 4110 ad
3258 4065 3477 4125 tempus

1916 4147 2277 4202 correctionis
2310 4146 2586 4216 iluppsita.
2618 4143 2808 4216 [Vi-ms.
2844 4144 2956 4215 1L]
2993 4144 3248 4203 Christus
3297 4158 3480 4201 autem

1917 4241 2183 4294 assistens
2212 4236 2451 4308 pontifex
2493 4236 2801 4290 futurorum
2840 4237 3133 4299 bonorum,
3176 4255 3195 4287 ι

1986 4324 2210 4392 Tempus
2263 4324 2642 4387 correctionis,
2690 4332 2909 4393 tempus
2952 4324 3226 4378 adventus
3269 4324 3476 4379 Christi

1920 4424 2220 4484 nuncupat.
2259 4417 2349 4467 Ait
2379 4428 2510 4484 ergo
2547 4414 2660 4466 lucc
2690 4413 2899 4482 juvisse
2946 4424 3073 4469 ante
3112 4424 3327 4484 tempus
3355 4429 3481 4470 cor-

1850 4494 1892 4550 Ι)
1921 4506 2213 4568 rectionis,
2245 4503 2473 4573 posthac
2490 4518 2620 4556 vero
2653 4502 2864 4555 inutilia
2889 4501 3079 4560 fuisse.

1998 4614 2017 4647 ι
2055 4594 2160 4649 Ρει·
2206 4595 2439 4663 amplius
2478 4603 2531 4647 et
2582 4592 2875 4662 perfectius
2903 4594 3320 4647 tabernaculum
3369 4609 3481 4650 non

1921 4688 2315 4750 manufactum,
2346 4685 2396 4738 id
2436 4694 2544 4747 est,
2578 4700 2684 4737 non
2726 4684 2890 4751 hujus
2919 4686 3247 4749 creationis;
3286 4682 3478 4755 [νεεδ.

1925 4775 2117 4848 12-14]
2149 4792 2323 4845 neque
2387 4790 2482 4843 per
2521 4774 2840 4842 sanguinem
2872 4775 3166 4827 vitulorum
3206 4784 3259 4829 et
3302 4776 3485 4830 hirco-

1925 4883 2071 4933 rum,
2100 4870 2193 4922 sed
2229 4882 2326 4936 per
2358 4868 2636 4935 proprium
2662 4867 2978 4935 sanguinem
3030 4867 3277 4920 introivrt
3318 4868 3487 4923 semel

1925 4959 1982 5014 in
2010 4958 2231 5023 Sancta,
2264 4967 2464 5013 aeterna
2519 4956 2891 5027 redemptione
2953 4957 3191 5012 inventa.
3251 4958 3308 5013 Si
3338 4959 3484 5016 enim

1926 5051 2151 5121 sanguis
2208 5050 2488 5103 hircorum
2536 5056 2593 5103 et
2643 5058 2951 5114 taurorum,
3016 5060 3071 5105 et
3116 5051 3259 5106 cinis
3303 5052 3485 5105 vitulai

1930 5157 2210 5212 aspersus,
2244 5142 2555 5210 inquinatos
2584 5140 2887 5196 sanctiﬁcat
2931 5141 2998 5194 ad
3046 5141 3485 5196 emundationem

1927 5236 2110 5289 carnis
2139 5254 2152 5289 :
2187 5246 2389 5303 quanto
2417 5235 2589 5304 magis
2611 5233 2833 5304 sanguis
2867 5232 3091 5297 Christi,
3119 5233 3212 5303 qui
3234 5248 3330 5302 per
3358 5232 3485 5303 Spio

1930 5326 2096 5378 ritum
2121 5336 2368 5378 sanctum
2425 5327 2775 5394 semetipsum
2839 5324 3040 5378 obtulit
3075 5324 3484 5378 immaculatum

1929 5417 2059 5478 Deo,
2095 5415 2410 5471 emundabit
2442 5415 2830 5471 conscientiam
2875 5423 3111 5471 vestram
3141 5414 3210 5469 ab
3229 5414 3489 5485 aperibo:

1896 5508 2186 5570 “mortuis.
2229 5526 2246 5558 ι

1552 5680 1786 5737 VARLE
1826 5681 2231 5739 LECTIONES.

339 5777 370 5821 ι
393 5768 634 5825 Omnino
663 5768 947 5838 legendum
973 5749 1077 5835 est,
1107 5773 1355 5845 δευτέρα.

597 5860 867 5922 Ριτιιοι.
915 5861 1031 5923 Gn.
1077 5863 1257 5923 XCV.

3090 5871 3163 5940 31
