4214 6446
761 403 862 470 971

1954 405 2016 463 Β.
2058 403 2378 462 JOANNIS
2405 404 2802 470 DAMASCEN
2812 411 2836 470 Ι

3891 411 3998 478 972

831 513 928 570 Vel
975 515 1175 570 Christi
1209 529 1426 567 carnem
1452 514 1586 567 istic
1623 512 1821 574 innuit,
1874 513 1957 565 vel
1993 510 2320 565 Ecclesium.
2356 523 2401 576 Α

2195 513 2320 564 iam.
2356 523 2401 576 Α
2499 517 2608 587 Τὴν
2641 519 2817 588 σάρκα
2852 518 3273 586 λέγειένταῦθα,
3310 521 3343 591 ἢ
3374 520 3473 592 τὴν
3516 520 3859 593 Ἐκκλησίαν.

837 627 856 660 ο
883 608 959 660 Ad
994 608 1336 662 serviendum
1370 605 1477 659 Deo
1515 604 1754 658 viventi?
1789 623 1805 652 ι

832 699 932 753 llic
961 698 1204 752 notilicat
1262 712 1385 749 eum
1434 696 1526 765 qui
1570 695 1802 747 mortuis
1834 691 2095 762 operibus
2116 701 2200 744 cst
2227 693 2323 742 ad-

760 790 964 850 dictus,
995 789 1116 840 vivo
1151 794 1205 840 et
1230 802 1359 839 vero
1394 803 1501 840 non
1533 800 1694 853 posse
1720 784 1952 837 servire.

837 881 998 933 Vens.
1035 879 1217 933 15-18.
1253 899 1269 927 ι
1307 877 1371 929 lit
1401 878 1521 929 ideo
1550 880 1674 930 novi
1715 875 2024 930 testamenti
2060 873 2328 926 mediator

759 982 862 1032 est,
889 978 969 1032 ut,
998 980 1168 1020 morte
1192 967 1580 1026 intercedente,
1613 966 1662 1018 in
1685 966 2106 1032 redemptionem
2141 978 2325 1013 ea.qu

762 1052 1304 1123 prmvaricationum,
1363 1067 1486 1118 qum
1543 1059 1700 1103 erant
1759 1049 1863 1101 sub
1939 1047 2105 1114 priori
2159 1057 2295 1100 testa

762 1157 966 1207 mento,
993 1143 1472 1211 repromissionmn
1513 1141 1803 1208 accipiant,
1832 1155 1924 1206 qm
1960 1139 2142 1190 vocati
2169 1145 2321 1195 sunt.

762 1247 975 1290 aeterna:
1016 1233 1371 1286 hacredrtatis.
1401 1229 1564 1300 246
1609 1228 1706 1281 Ubi
1731 1230 1874 1282 enim
1939 1235 2326 1280 testamentum

763 1337 866 1390 est,
910 1342 1058 1380 mms
1083 1339 1307 1378 necesse
1339 1335 1423 1377 est
1468 1325 1767 1374 intercedat
1801 1319 2085 1373 tcstatoris
2135 1315 2330 1371 Testa-

766 1427 1004 1472 mentum
1036 1432 1180 1470 enim
1219 1418 1272 1469 in
1296 1414 1525 1468 mortuis
1550 1415 1937 1465 conﬁrmatum
1960 1418 2042 1463 est
2078 1428 2088 1460 :
2127 1409 2328 1478 alioqui

766 1528 872 1565 non
918 1511 1082 1572 valet,
1131 1510 1259 1562 dum
1299 1507 1432 1558 vivit
1488 1507 1580 1573 qui
1643 1514 1872 1557 testatus
1903 1510 2008 1556 est.
2045 1499 2200 1554 Unde
2231 1516 2330 1555 nec

766 1603 1000 1670 primum
1025 1597 1244 1667 quidem
1273 1597 1392 1650 sine
1411 1597 1674 1664 sanguine
1703 1613 1722 1644 ι

832 1691 973 1744 Fieri
1002 1698 1213 1760 poterat
1240 1696 1299 1741 ut
1321 1689 1586 1757 plerique,
1615 1687 1705 1757 qui
1758 1685 2088 1740 inﬁrmiores
2117 1690 2328 1746 essent,

765 1801 832 1839 ex
864 1798 930 1837 eo
949 1781 1098 1851 quod
1128 1780 1385 1835 Christus
1417 1788 1648 1832 mortem
1675 1778 1918 1840 obierat,
1953 1774 2331 1846 promissioni-

2509 626 2525 656 ι
2561 607 2652 669 Είς
2672 609 2734 660 τὸ
2759 607 3038 678 λατρεύειν
3066 608 3186 678 Θεῷ
3217 608 3412 676 (ibim;
3445 630 3464 662 ι

2511 697 2773 751 Ἐνταῦθα
2803 692 3078 770 ἐμφαίνει,
3114 701 3196 752 ὅτι
3219 701 3389 771 νεγρά
3411 702 3548 772 ἔργα
3575 701 3766 772 ἔχοντα
3793 706 3895 758 οὒκ
3915 705 4000 759 ἔνι

2429 790 2701 842 δουλεύειν
2733 790 2810 861 τῷ
2836 791 2997 853 ζῶντι
3024 794 3117 844 καὶ
3145 793 3402 863 ἀληθινῷ.

2509 895 2526 927 ι
2563 883 2769 936 Καὶδιὰ
2798 882 2956 936 τοῦτο
3005 884 3270 954 διαθήκης
3324 885 3489 955 καινῆ
3565 889 3791 960 μεσίτης
3826 891 3996 953 ἐστὶν,

2433 969 2580 1032 ὅπως
2609 969 2838 1024 Θανάτου
2872 977 3161 1042 γ-νομένον
3215 980 3294 1038 εἰς
3331 979 3709 1048 ἀπολύτρωσιν
3747 980 3856 1034 τῶν
3904 985 4000 1035 ἐπὶ

2433 1063 2498 1130 τῇ
2531 1061 2723 1134 πρώτῃ
2749 1064 2980 1134 διαθήκῃ
3001 1069 3384 1134 παραεάεεων,
3413 1071 3511 1139 τὴν
3534 1073 3871 1141 ἐπαγγελίαν
3905 1075 4001 1126 Λά-

2435 1153 2603 1203 ίωσιν
2633 1153 2682 1203 οἱ
2708 1155 3033 1223 κεκλημένοι
3064 1156 3161 1224 τῆς
3185 1158 3400 1210 αἰωνίου
3430 1161 4000 1232 κληρονομίας.”’οπου

2435 1241 2545 1311 γὰρ
2582 1241 2838 1312 διαθήκη,
2871 1243 3101 1296 θάνατον
3133 1246 3346 1313 ἀνάγκη
3396 1248 3655 1317 φέρεσθαι
3685 1251 3779 1304 τοῦ
3815 1253 4002 1306 διαθε-

2439 1333 2623 1400 μένου.
2647 1334 2891 1405 Διαθήκη
2917 1337 3022 1405 γάρ
3053 1339 3146 1390 ἐπὶ
3163 1342 3374 1410 νεκροῖς
3401 1340 3613 1409 βεϐαία,
3636 1345 3758 1397 ἐπεὶ
3785 1347 4000 1416 μήποτε

2440 1427 2634 1497 ἰσχύει,
2665 1428 2754 1480 ὅτε
2789 1432 2856 1500 ςῇ
2879 1431 2906 1482 ε
2931 1428 3266 1500 διαθέμενος.
3301 1432 3463 1486 Ὅθεν
3493 1433 3604 1486 οὐδ’
3631 1436 3876 1510 ἡπρώτη
3899 1457 4002 1509 κω·

2439 1520 2522 1590 ρῖς
2553 1519 2778 1589 αἵματος
2811 1542 2828 1572 ι

2509 1695 2668 1756 Εἰκὸς
2693 1691 3014 1765 ἦνπολλοῦς
3043 1699 3154 1749 τῶν
3192 1699 3578 1771 ἀσθενέστερον
3614 1703 4000 1775 διακειμένων,

2440 1785 2547 1838 ἀπὸ
2594 1784 2686 1836 τοῦ
2724 1785 3171 1855 τετελευτηκέναι
3219 1788 3309 1840 τὸν
3342 1789 3565 1860 Κύριον.
3595 1796 3830 1863 μάλιστα
3872 1799 4004 1850 ἀπι-

767 1877 873 1930 bus
907 1875 1024 1943 ejus
1051 1887 1161 1926 non
1196 1873 1509 1926 crederent.
1547 1869 1815 1935 Quocirca
1841 1868 1978 1920 dicit
1993 1867 2330 1937 Apostolus:
2367 1878 2408 1932 Β

2329 1886 2330 1889 ‘
2367 1878 2408 1932 Β
2438 1880 2582 1928 στεῖν
2603 1879 2720 1938 ταῖς
2750 1879 3100 1945 ἐπαγγελίαις
3133 1879 3318 1935 αὐτοῗ).
3364 1881 3423 1932 Ὀ
3450 1883 3630 1935 τοίνυν
3665 1886 3993 1951 Ἀπόστολός

767 1967 998 2037 Propter
1032 1966 1333 2034 hocipsum
1366 1965 1528 2032 igitur
1570 1977 1692 2016 esse
1735 1961 2057 2014 ﬁdentiores
2094 1967 2332 2029 oportet,

767 2061 898 2130 quia
931 2057 1287 2112 testatoribus
1337 2071 1442 2108 non
1504 2053 1836 2114 viventibus,
1883 2052 1977 2105 sed
2033 2049 2332 2113 defunctis,

770 2153 926 2205 tirma
957 2148 1094 2202 ﬁunt
1126 2154 1472 2206 testamenta,
1504 2153 1558 2197 ct
1591 2145 1760 2196 robur
1805 2141 2104 2209 accipiunt.
2161 2141 2334 2204 Atque

768 2240 859 2294 hic
907 2246 990 2290 est
1018 2249 1214 2290 sensus
1245 2250 1258 2284 :
1294 2232 1436 2287 Deus
1466 2231 1739 2302 pollicitus
1769 2239 1873 2290 est.
1902 2229 2079 2297 inquit
2101 2245 2114 2292 ;
2139 2228 2335 2280 deinde

770 2345 894 2383 cum
917 2328 1171 2382 homines
1226 2331 1570 2394 peccassent,
1606 2339 1715 2377 non
1762 2322 1940 2375 solum
1973 2320 2180 2388 indigni
2213 2318 2331 2371 fue-

770 2430 902 2475 runt
933 2435 1022 2488 qm
1058 2417 1455 2488 promissorum
1487 2424 1766 2484 compotes
1800 2413 2013 2474 tierent,
2058 2421 2117 2464 ut
2153 2411 2334 2480 potius

771 2515 995 2569 obnoxii
1023 2513 1147 2566 facti
1179 2511 1292 2564 sint
1317 2509 1498 2562 morti.
1532 2507 1661 2560 Eam
1693 2508 1762 2559 ob
1803 2521 1916 2559 rem
1946 2505 2204 2558 Christus
2238 2519 2333 2556 ve-

775 2609 930 2660 niens
968 2602 1265 2671 assumpsit
1309 2600 1360 2653 in
1418 2615 1476 2653 se
1535 2607 1780 2667 peccata.
1835 2605 2200 2663 mortuusque
2227 2605 2331 2659 est,

774 2709 834 2752 ut
869 2696 944 2750 illi
992 2694 1410 2751 niundarentur,
1455 2691 1712 2759 dignique
1749 2688 2039 2742 evaderent
2069 2687 2162 2755 qui
2208 2702 2334 2754 pro-

776 2788 941 2842 missa
965 2790 1458 2852 consequerentur.

849 2899 866 2931 ι
903 2878 1219 2933 Dedicatum
1275 2883 1379 2929 est.
1443 2871 1632 2944 [VI-ms.
1703 2871 1769 2923 19
1797 2869 1917 2940 ει]
1972 2866 2142 2921 Lecto
2189 2868 2333 2921 enim

771 2972 921 3025 omni
957 2968 1217 3024 mandato
1247 2967 1380 3035 legis
1407 2981 1436 3018 a
1489 2964 1670 3034 Moyse
1697 2963 1958 3016 universo
1986 2962 2209 3031 populo,
2238 2976 2331 3013 ac—

775 3066 983 3132 cipiens
1033 3059 1355 3129 sanguinem
1411 3056 1710 3110 vitulorum
1758 3065 1811 3108 et
1868 3053 2171 3114 hircorum,
2205 3065 2332 3106 cum

777 3168 916 3222 aqua
947 3162 1002 3206 et
1028 3152 1149 3204 lana
1190 3148 1468 3210 coccinea,
1510 3165 1529 3196 ι

840 3245 952 3298 lloc
973 3251 1078 3304 est,
1107 3242 1321 3294 tinuum
1362 3247 1653 3305 ratumque
1689 3234 1895 3288 factum
1931 3233 2055 3288 fuit.

845 3356 862 3384 ι
893 3337 957 3387 lit
983 3335 1243 3404 hyssopo.
1305 3331 1480 3397 ipsum
1517 3341 1734 3395 quoque
1781 3326 2002 3383 librum.
2042 3333 2100 3377 et
2121 3336 2337 3376 omnem

781 3429 1038 3496 populum
1075 3424 1334 3494 aspersit,
1360 3422 1550 3474 dicens
1578 3435 1590 3468 ε
1627 3418 1721 3471 Hic
1745 3418 1970 3485 sanguis
1997 3415 2338 3478 testamenti,

778 3523 923 3592 q-iod
951 3521 1225 3574 mandavit
1258 3517 1324 3571 ad
1352 3532 1447 3570 vos
1492 3515 1653 3568 Deus.
1691 3513 1866 3564 Etiam
1921 3509 2335 3564 tabernaculum

779 3623 834 3668 et
857 3613 1038 3667 omnia
1067 3626 1194 3663 vasa
1222 3607 1510 3663 ministerii
1541 3606 1808 3674 sanguine
1837 3601 2139 3657 secundum
2168 3602 2340 3670 legem

782 3705 1036 3771 aspersit.
1081 3721 1098 3751 ι

847 3793 1161 3864 Symbolum
1223 3789 1473 3859 spiritus.
1540 3786 1819 3857 Hyssopus
1848 3784 1996 3838 enim
2036 3782 2214 3838 calida
2235 3790 2340 3838 est.

780 3885 925 3952 Quin
958 3893 1011 3936 et
1045 3896 1182 3952 aqua
1214 3880 1628 3950 significabatur
1647 3876 1968 3946 expurgatio
1991 3889 2114 3944 qua:
2153 3873 2214 3928 ﬁt
2248 3888 2344 3943 per

783 3972 1138 4041 baptismum.
1170 3969 1318 4022 Lana
1378 3977 1557 4019 autem
1611 3965 1952 4027 sumebatur,
1975 3977 2081 4030 qua
2117 3962 2343 4029 sanguis

780 4065 1180 4114 contineretur.

856 4153 1018 4208 Vens.
1054 4153 1182 4206 224
1222 4153 1285 4204 Et
1307 4149 1485 4204 omnia
1519 4162 1655 4217 pene
1679 4147 1732 4198 in
1755 4146 2020 4216 sanguine
2042 4144 2341 4200 secundum

781 4247 952 4315 legem
983 4242 1341 4302 inundantur.
1373 4247 1428 4292 et
1451 4238 1573 4293 sine
1611 4236 1896 4306 sanguinis
1929 4234 2195 4291 eﬂusione
2234 4251 2341 4289 non

785 4338 845 4388 lit
884 4333 1159 4387 remissio.
1197 4348 1218 4382 ι

850 4424 1119 4488 Quoniam
1147 4437 1240 4490 per
1263 4435 1382 4476 eam
1415 4435 1521 4473 non
1556 4417 1796 4489 perfecta
1834 4417 2116 4470 mundatio
2159 4416 2341 4476 ﬁebat,

2435 1985 2568 2036 φησι
2587 1983 2600 1996 ·
2630 1968 2729 2020 Δια
2755 1967 2912 2020 τοίτο
2935 1969 3032 2038 μὲν
3053 1965 3144 2022 οὖν
3170 1970 3275 2041 χρὴ
3316 1971 3558 2043 θαρρεῖν,
3579 1975 3659 2027 ὅτι
3687 1977 3750 2028 οὐ
3782 1975 4010 2040 ζώντων

2437 2078 2544 2112 των
2574 2061 2982 2131 διατιθεμένων,
3015 2063 3128 2114 ἀλλ’
3150 2064 3602 2135 ἀποθνησκόντων
3637 2069 3755 2121 τότε
3788 2068 4008 2139 βέϐαιαί

2437 2155 2574 2206 εἰσιν
2592 2156 2646 2206 αἱ
2673 2154 2955 2225 διαθῆκαι.
2986 2159 3081 2209 καὶ
3111 2160 3210 2226 τὴν
3240 2158 3393 2226 ἰσχὺν
3417 2158 3806 2228 λαμϐάνουσιν.
3855 2162 3913 2216 ’0
3949 2165 4008 2218 δέ

2436 2246 2560 2308 νοῦς
2595 2243 2771 2310 οὗτος·
2806 2249 3643 2319 Ἐπηγγείλατο,φησὶν,ὁθεός·
3675 2251 3793 2307 εἶτα
3817 2255 4005 2326 ἀμαρ-

2435 2339 2687 2399 τάνοντες
2727 2339 2776 2390 οἱ
2820 2338 3114 2408 ἄνθρωποι,
3161 2340 3221 2392 ού
3273 2341 3430 2410 μόνον
3475 2337 3616 2413 ἦσαν
3667 2345 3879 2409 ἀνάξιοι
3906 2347 4008 2414 τὴν

2435 2430 2768 2497 ἐπαγγελίαν
2804 2431 3108 2495 ἀναλαϐεῖν,
3142 2431 3276 2484 ἀλλὰ
3325 2434 3419 2485 καὶ
3465 2434 3678 2505 θανάτῳ
3703 2436 4003 2503 γεγόνασιν

2438 2523 2632 2592 ἔνοχοι.
2689 2521 2788 2574 Διά
2818 2522 3037 2584 τοῦτοὸ
3069 2525 3301 2593 Χριστὸς
3352 2524 3523 2577 ἐλθὼν
3571 2527 3866 2591 ἀνεδέξατο
3899 2528 4004 2590 τας

2437 2615 2731 2685 ἁμαρτίας,
2767 2616 2858 2667 καὶ
2898 2615 3189 2680 ἀπέθανεν,
3243 2617 3328 2669 ἶνα
3373 2617 3825 2688 καθαριδθὲντη,
3859 2619 4003 2684 ἄξιοι

2437 2725 2496 2773 ·,ν;
2524 2724 2698 2759 ὀινται
2727 2707 3165 2773 τὶ,ὲπαγγελίας
3190 2708 3396 2760 λαϐεῖν.

2511 2905 2528 2936 ι
2578 2885 3030 2953 Ἐγκεκαίνισται.
3081 2884 3416 2956 Δαληθείσης
3438 2888 3544 2957 γὰρ
3579 2888 3759 2958 πάσης
3787 2888 4008 2959 ἐντολῆς

2437 2977 2576 3031 κατά
2597 2977 2758 3046 νόμον
2802 2975 2908 3030 ὑπὸ
2952 2975 3227 3039 Μωῦσέως
3271 2978 3430 3028 παντὶ
3467 2976 3546 3047 τῷ
3575 2977 3709 3047 λαῷ,
3740 2979 3923 3033 Λαϐὼν
3948 2982 4008 3033 τὸ

2435 3064 2576 3139 αἷμα
2601 3087 2706 3121 των
2735 3068 2947 3138 μόσχων
2973 3069 3068 3121 καὶ
3088 3068 3326 3136 τράγων,
3359 3069 3496 3138 μετά
3518 3068 3729 3132 ύδατος,
3752 3073 4006 3144 καὶέρίου

2437 3177 2714 3223 κοκκινου,
2745 3180 2762 3209 ι

2509 3253 2789 3314 Τουτέστι,
2823 3249 3014 3320 βεϐαία
3039 3250 3251 3316 γέγονε,
3281 3252 3373 3304 καὶ
3403 3250 3677 3320 ἐκυρώθη.

2515 3361 2534 3394 ι
2571 3343 2682 3395 Καὶ
2704 3342 2978 3404 ὑσσώπου,
3013 3341 3144 3394 αὑτό
3169 3358 3224 3393 τε
3253 3341 3676 3411 τᾶβιϐλίον,“καὶ
3705 3342 3893 3396 πάντα
3921 3343 4010 3396 τὸν

2440 3433 2566 3487 λαὸν
2588 3434 2892 3506 ἐρράντισε,
2911 3433 3084 3499 λέγων
3107 3449 3120 3462 ·
3157 3431 3325 3484 Τοῦτο
3354 3431 3416 3483 τὸ
3437 3429 3574 3502 αἷμα
3599 3433 3697 3503 τῆς
3717 3433 4006 3505 διαθήκης,

2441 3522 2512 3596 ἦς
2542 3525 2846 3578 ἐνετείλατο
2871 3523 3006 3594 πρὸς
3035 3523 3176 3593 ὑμᾶς
3202 3526 3230 3576 ὁ
3254 3523 3406 3585 Θεός.
3433 3523 3541 3575 Καὶ
3564 3524 3662 3592 τὴν
3691 3524 3902 3594 σκηνὴν
3929 3525 4006 3587 δὲ,

2442 3618 2537 3669 καὶ
2587 3616 2763 3668 πάντα
2800 3615 2868 3667 τὰ
2915 3613 3084 3684 σκεύη
3143 3614 3244 3684 τῆς
3300 3615 3639 3683 λειτουργίας
3691 3614 3771 3684 τῷ
3815 3615 4010 3684 αἵματι

2443 3705 2642 3775 ὁμοίως
2667 3704 2975 3775 ἐρράντισε.
3000 3722 3016 3753 ›

2515 3793 2788 3862 Σύμϐολον
2819 3792 2912 3844 τοῦ
2941 3792 3270 3862 πνεύματος.
3300 3789 3490 3860 Θερμὴ
3517 3789 3625 3860 γὰρ
3649 3792 3683 3861 ἡ
3712 3789 3968 3854 ὓσσωπος
3993 3807 4006 3819 ·

2443 3885 2559 3938 ἐστι
2589 3885 2699 3956 γὰρ
2731 3885 2825 3937 καὶ
2859 3884 2916 3936 τὸ
2945 3884 3088 3954 ὕδωρ
3144 3885 3407 3952 σημαῖνον
3437 3883 3536 3954 τὴν
3574 3882 3662 3934 διὰ
3692 3881 3788 3934 τοι
3813 3882 4011 3951 βαπτί-

2446 3993 2652 4047 σματος
2679 3977 2948 4047 κάθαρσιν
2968 3993 2980 4006 ·
3016 3975 3109 4029 καὶ
3137 3976 3198 4026 τὸ
3236 3975 3380 4044 ἔριον
3406 3974 3485 4039 δέ,
3508 3973 3648 4026 ὥστε
3679 3974 4011 4042 κατέχεσθαι

2443 4070 2504 4120 τὸ
2532 4063 2688 4138 αἷμα.

2519 4176 2537 4208 ι
2577 4160 2685 4211 Καὶ
2714 4157 2900 4227 σχεδὸν
2945 4158 3002 4210 ἐν
3021 4157 3218 4226 αἵματι
3270 4155 3448 4208 πάντα
3485 4155 3845 4225 καθαρίζεται
3872 4156 4014 4209 κατὰ

2443 4251 2533 4302 τὸν
2591 4250 2788 4319 νόμον,
2835 4249 2927 4301 καὶ
2973 4249 3138 4319 χωρὶς
3201 4247 3630 4318 αἱματεκχυσίας
3686 4247 3751 4299 οὐ
3800 4250 4013 4316 γίνεται

2443 4342 2654 4406 ἄφεσις.
2697 4357 2714 4390 ι

2527 4429 2747 4498 Ἐπειδὴ
2773 4427 2979 4480 ἐκείνου
3016 4427 3116 4480 οὐκ
3174 4423 3242 4496 ἦν
3291 4427 3574 4498 καθαρμὸς
3618 4427 3846 4495 τέλειος,
3888 4428 4015 4480 οὖδέ

782 4529 960 4582 neque
1002 4511 1240 4581 perfecta
1296 4511 1584 4571 remissio,
1646 4507 1740 4561 sed
1800 4506 2149 4577 imperfecta;
2217 4506 2446 4596 ideoD,

2217 4506 2342 4560 Ῐάθο
2373 4543 2417 4596 ι)
2444 4521 2635 4587 ἄφεσις
2664 4519 2866 4580 τελεία,
2900 4518 3012 4570 ἀλλ’
3041 4517 3325 4588 ἡμιτελὴς,
3352 4513 3472 4570 εἷπε
3495 4517 3578 4582 τὸ,
3617 4517 3865 4585 σχεδόν.

781 4601 939 4664 dixit,
981 4615 1128 4666 perte.

853 4689 1020 4744 Vens.
1052 4689 1124 4744 25
1179 4705 1198 4738 ι
1233 4687 1468 4742 Necesse
1490 4695 1750 4757 estergo,
1773 4686 2105 4754 exemplaria
2120 4685 2341 4755 quidem

782 4783 1090 4837 cmlestium
1126 4781 1212 4834 his
1239 4779 1514 4832 mundari.
1560 4797 1579 4829 ι

856 4871 1038 4924 Mundi
1063 4869 1164 4931 illi,
1199 4870 1395 4938 inquit,
1428 4869 1524 4938 qui
1552 4867 1853 4922 secundum
1893 4866 2062 4936 legero
2106 4866 2348 4933 perlicie-

783 4965 1000 5024 bantur,
1039 4961 1342 5030 imperfecti
1365 4960 1725 5015 nihilominus
1738 4957 2050 5021 manebant,
2091 4972 2343 5026 quoniam

781 5062 838 5106 et
867 5051 971 5119 ipsi
1003 5049 1175 5119 figura
1196 5058 1352 5103 erant
1377 5049 1712 5103 futurorum.

859 5159 878 5191 ι
918 5140 1040 5209 Ipsa
1058 5148 1238 5192 autem
1268 5139 1543 5200 cmlestia,
1584 5157 1603 5187 ι

855 5231 1159 5287 Ecclesiam
1195 5231 1348 5284 dicit.

864 5339 884 5370 ι
924 5320 1245 5375 Melioribus
1278 5321 1481 5374 hostiis
1512 5334 1676 5387 quam
1697 5321 1840 5373 istis.
1881 5337 1898 5368 ι

851 5411 1008 5466 Tunc
1027 5413 1170 5465 enim
1204 5412 1326 5481 agni
1395 5411 1658 5478 sanguine
1697 5411 2177 5479 peruugebantur;
2206 5425 2347 5464 nunc

783 5519 916 5560 vero
939 5503 1110 5572 ipsius
1137 5501 1363 5556 Christi.
1845 5502 1848 5506 ’

856 5617 1022 5672 Vens.
1047 5617 1137 5672 24.
1170 5636 1188 5667 ‹
1231 5616 1342 5671 Non
1388 5615 1534 5670 enim
1591 5616 1645 5669 in
1689 5617 2004 5669 manut‘acta
2044 5625 2236 5669 sancta
2265 5616 2350 5669 in-

789 5711 977 5765 troivit
995 5709 1275 5773 Christus,
1303 5708 1633 5778 exemplaria
1657 5723 1933 5773 verorum,
1963 5707 2058 5764 sed
2083 5708 2136 5762 in
2171 5709 2346 5778 ipsum

785 5801 1008 5866 cwlum,
1037 5807 1096 5854 ut
1118 5810 1373 5871 appareat
1414 5813 1558 5852 nunc
1587 5815 1606 5848 ›

2519 4717 2536 4748 ι
2580 4699 2816 4767 Ἀνάγκη
2870 4692 2985 4758 οὖν,
3027 4697 3096 4749 τὰ
3135 4697 3232 4766 μὲν
3264 4697 3639 4767 ὑποδείγματα
3667 4697 3780 4751 τῶν
3816 4699 3874 4752 ἐν
3898 4703 4017 4762 τοῖς

2444 4789 2708 4858 οὐρανοῖς,
2743 4788 2949 4849 τούτοις
2983 4785 3392 4855 καθαρίζεσθαι.
3424 4807 3443 4838 ι

2515 4872 2692 4937 Οὗτοι,
2723 4878 2904 4947 φησιν,
2939 4877 2987 4927 οἱ
3021 4877 3271 4947 καθαροὶ,
3306 4880 3355 4929 οἱ
3394 4877 3538 4929 κατὰ
3569 4889 3734 4946 νομον
3775 4880 4018 4934 τελειού-

2449 4987 2617 5039 μενοι,
2643 4971 2847 5030 ἀτελεῖς
2877 4964 3036 5038 ἦσαν,
3070 4969 3252 5039 ἐπειδὴ
3303 4974 3398 5022 καὶ
3441 4969 3610 5032 τύπος
3639 4966 3785 5041 ἦσαν
3813 4975 4018 5026 ἐκεῖνοι

2445 5063 2551 5114 τῶν
2575 5061 2893 5131 μελλόντων.

2521 5173 2539 5204 ι
2570 5155 2717 5206 Αὑτά
2746 5154 2802 5206 δὲ
2831 5154 2898 5204 τὰ
2928 5153 3243 5220 ἐπουράνια,
3287 5172 3305 5203 ι

2516 5248 2627 5317 Τὴν
2669 5248 2991 5316 Ἐκκλησίαν
3030 5246 3200 5312 λέγει.

2523 5359 2541 5390 ι
2569 5338 2856 5408 Κρείττοσι
2881 5339 3090 5399 θυσίαις
3122 5338 3275 5409 παρὰ
3296 5337 3521 5401 ταύτας.
3569 5358 3586 5389 ι

2517 5431 2648 5482 Τότε
2679 5432 2774 5498 μὲν
2796 5431 3063 5501 προϐάτου
3093 5431 3284 5499 αἵματι
3310 5431 3572 5500 ἐχρίοντο,
3605 5430 3699 5483 νῦν
3729 5433 3806 5489 δὲ.
3846 5432 4020 5485 αὑτοῦ

2450 5522 2540 5575 τοῦ
2572 5523 2829 5591 Χριστοῦ.

2525 5634 2544 5665 ι
2575 5615 2646 5666 Οὐ
2676 5614 2783 5684 γὰρ
2833 5615 2912 5674 εἰς
2964 5614 3316 5684 χειροποίητα
3360 5617 3488 5680 ᾶγια
3545 5615 3843 5685 εἰσῆλθενὸ
3880 5619 4022 5685 Χρι-

2454 5707 2595 5767 στὸς,
2620 5705 2884 5758 ἀντίτυπα
2916 5706 3024 5755 τῶν
3077 5707 3380 5774 ἀληθινῶν,
3441 5709 3556 5761 ἀλλ’
3615 5709 3692 5773 είς
3720 5710 3888 5763 aii-xlv
3929 5713 4022 5764 τον

2452 5799 2674 5870 οὐρανόν
2705 5813 2717 5826 ⁸
2754 5797 2847 5850 νῦν
2872 5799 3268 5868 ἐμφανισθῆναι
3320 5821 3336 5852 ι
