4214 6446
222 406 327 473 θῗ3

287 514 478 577 Τοῦτο,
528 513 711 583 φησιν,
766 511 954 580 ὥσπερ
995 507 1058 580 δὴ
1103 507 1245 576 μέγα
1290 505 1547 584 sep/nm
1574 503 1621 553 οἱ
1657 498 1781 550 Ἰου·
1810 498 1855 553 Α

220 608 354 662 δαῖοι
383 606 474 658 ἐπὶ
491 607 557 674 τῇ
591 604 683 657 τοῦ
727 602 857 656 ναοῦ
896 602 1230 670 κατασκευῇ,
1265 599 1339 661 ὼς
1376 595 1566 666 μηδενὶ
1614 592 1780 645 τόπου

221 698 371 759 ὄντος
402 694 659 749 τοιούτου.
695 687 973 745 Πάλ.ινοῦν
999 690 1304 759 σύγκρισις,
1332 688 1422 740 καὶ
1441 686 1501 737 τό
1527 683 1782 752 διὰφορνν

223 789 379 852 πολὺ,
410 789 516 857 ὅσῳ
542 787 697 847 αὐτὸς
719 786 746 837 6
771 784 994 854 οὐρανὸς
1027 783 1119 835 τοῦ
1151 780 1297 834 ναοῦ.

294 985 312 1017 ι
350 963 440 1033 Τῷ
470 964 741 1032 προσώπῳ
770 944 903 1013 Θεόῦ
933 961 1070 1029 ὑπὲρ
1096 958 1270 1027 ἡμῶν.
1321 978 1333 1003 ι

298 1057 480 1110 Εἰπὼν
509 1056 588 1117 τὸ,
625 1052 1085 1123 ἐμφανισθῆναι,
1138 1051 1229 1101 καὶ
1260 1050 1435 1112 δείξας
1465 1047 1561 1116 τὴν
1580 1048 1786 1098 οἰκονο-

228 1151 380 1220 μίαν,
432 1150 525 1201 καὶ
568 1147 666 1216 τὴν
694 1147 871 1199 αἰτίαν
919 1144 1133 1210 ἐπάγει,
1160 1144 1241 1194 ὅτι
1276 1139 1433 1192 τοῦτο
1486 1137 1788 1206 πεποίηκεν

218 1242 366 1311 ὑπὲρ
396 1238 737 1309 ἡμῶν,ὲπεὶ,
797 1235 930 1288 καθὸ
977 1234 1109 1296 Θεὸς
1163 1232 1354 1299 Λόγος,
1398 1231 1627 1283 πάντοτε
1661 1228 1785 1281 σύν-

225 1351 342 1385 εστι
372 1332 447 1401 τῷ
477 1332 668 1399 [ιατρέ.
733 1328 881 1396 “ﬁguli
944 1329 1067 1396 γὰρ,
1106 1326 1286 1395 φησὶν,
1343 1325 1415 1376 ἐν
1466 1322 1546 1388 τῷ
1584 1323 1787 1390 Πατρὶ,

226 1423 323 1475 καὶ
353 1426 386 1474 ό
408 1419 610 1487 Πατὴρ
631 1435 699 1471 εν
734 1419 883 1484 ἐμοί.

302 1533 320 1564 ι
358 1513 493 1566 Οὐδὲ
525 1511 779 1571 πολλάκις
816 1508 1111 1579 προσφέρει
1151 1506 1361 1567 ἑαυτὸν,
1386 1504 1572 1573 ὥσπερ
1595 1504 1622 1555 6
1658 1504 1791 1573 ἀρχ-

226 1607 406 1675 ιερεὺς
444 1604 746 1673 εἰσέρχεται
794 1602 870 1663 εἰς
918 1602 985 1653 τὰ
1015 1601 1142 1666 ἆγια
1172 1599 1307 1655 κατ’,
1339 1598 1582 1650 ἐνιαυτὸν
1616 1598 1672 1648 ὲν
1704 1597 1792 1647 αῖ-

229 1715 359 1768 ματι
385 1696 670 1766 ἀλλοτρίῳ,
698 1696 815 1747 ἐπεὶ
846 1694 949 1748 ἔδει
982 1691 1140 1745 αὑτὸν
1177 1691 1433 1751 πολλάκις
1469 1689 1659 1742 παθεῖν
1686 1688 1795 1740 ἀπὸ

224 1791 325 1859 τῆς
373 1787 683 1857 καταϐολῆς
712 1785 807 1839 τοῦ
841 1786 1077 1853 κόσμου·
1118 1782 1210 1836 νῦν
1235 1782 1291 1835 δὲ
1330 1781 1476 1846 ἅπαξ
1516 1783 1607 1833 ἐπὶ
1666 1797 1791 1832 συν-

225 1880 412 1952 τελείᾳ
433 1879 541 1934 τῶν
561 1878 792 1933 αίώνων.
836 1896 853 1928 ι
894 1916 900 1920 -

298 2056 365 2110 Εἰ
396 2054 543 2124 παρά
573 2053 669 2123 τὴν
694 2052 891 2124 ἀρχὴν,
924 2051 1075 2120 φησι,
1109 2048 1264 2103 τοῦτο
1290 2049 1527 2116 ἒγένετο,
1561 2043 1678 2099 εἶτα
1704 2047 1795 2098 οὑ-

229 2148 341 2212 δεὶς
364 2148 704 2209 ἐπίστευσεν,
738 2145 930 2214 ἔμενεν
953 2145 1010 2194 ἐν
1041 2140 1284 2211 ἀπωλείςι
1303 2142 1364 2194 τὸ
1388 2140 1561 2208 γένος.
1588 2140 1660 2191 Οὐ
1690 2140 1799 2207 γὰρ

228 2235 298 2311 ἦν
327 2238 554 2293 δυνατὸν
592 2237 841 2308 δεύτερον
881 2234 1173 2288 ἀποθανεῖν
1214 2232 1468 2303 Χριστὸν,
1520 2232 1603 2284 ἵνα
1639 2231 1800 2284 πάλιν

232 2332 405 2402 σωθῇ.
447 2330 666 2400 Ἐπειδὴ
694 2330 750 2383 δὲ
778 2330 1004 2399 ὕστερον
1033 2326 1203 2378 πολλὰ
1222 2321 1287 2396 ἦν
1310 2326 1379 2379 τὰ
1406 2325 1800 2395 ἁμαρτήματα,

230 2424 463 2487 εἰκότως
491 2423 613 2476 τότε
640 2423 901 2489 ἀνεφάνη.

310 2620 329 2656 ι
368 2601 465 2664 Εἰς
502 2600 759 2671 ἀθέτησιν
791 2599 1083 2670 ἁμαρτίας,
1130 2619 1145 2649 ι

306 2696 374 2751 Τί
434 2696 579 2747 ἐστιν
638 2694 949 2761 ἁθέτησιςς
1012 2692 1134 2745 ἀντὶ
1186 2689 1309 2754 τοῦ,
1371 2689 1795 2760 καταφρόνησις.

236 2789 437 2845 Οὐκέτι
462 2788 771 2861 παρρησίαν
800 2787 972 2857 ἔχειὴ
1007 2784 1268 2855 ἁμαρτία.
1309 2782 1597 2853 Ἥθέτηται
1631 2782 1738 2849 γὰρ
1774 2782 1808 2850 ἡ

236 2881 519 2951 ἁμαρτία,
578 2880 865 2948 ὀφείλουσα
913 2878 1012 2948 μὲν
1077 2878 1372 2930 ἀπολαϐεῖν
1422 2876 1663 2936 κόλασιν,
1709 2874 1810 2925 οὐκ

237 2972 591 3027 ἀπολαϐοῦσα
626 2972 705 3025 δέ.
738 2972 1030 3034 ἰὀυτέστι,
1080 2970 1201 3039 βίαν
1231 2968 1458 3021 ἔπαθεν·
1503 2968 1591 3020 ὅτε
1635 2980 1809 3036 προσαο

239 3066 471 3136 εδόκησε
498 3066 704 3128 πάντας
734 3064 966 3129 ἀνελεῖν,
994 3062 1115 3116 τότε
1145 3061 1404 3135 ἀνῃρέθη.

320 3257 338 3290 ι
378 3238 478 3291 Διά
515 3239 615 3307 τῆς
645 3237 835 3301 θυσίας
862 3236 1025 3290 αὑτοῦ
1058 3234 1461 3305 πεφανέρωται.
1503 3250 1523 3283 ι

325 3331 675 3403 Ἐςεανέρωθη
705 3332 784 3401 τῷ
812 3330 951 3401 Θεῷ,
981 3330 1076 3384 καὶ
1099 3327 1429 3400 προσῆλθεν.

320 3440 342 3474 ι
388 3425 501 3477 Καὶ
551 3422 780 3476 καθόσον
832 3422 1115 3475 ἀπόκειται
1145 3422 1258 3483 τοῖς
1303 3416 1610 3488 ἀνθρώποις
1665 3413 1815 3480 ἅπαξ

240 3517 562 3585 ἀποθανεῖν,
596 3498 733 3586 μετά
754 3516 809 3568 δὲ
836 3515 991 3570 τοῦτο
1012 3514 1191 3586 κρίσις
1214 3529 1226 3542 ’
1250 3511 1391 3565 οὕτω
1414 3512 1509 3565 καὶ
1530 3513 1558 3564 ό
1580 3509 1814 3580 Χριστὸς

240 3609 397 3675 ἅπαξ
426 3607 806 3679 προσενεχθεὶς
839 3609 919 3669 εἰς
950 3607 1009 3659 τὸ
1040 3604 1250 3658 πολλῶν
1279 3604 1593 3671 ἀνενεγκεῖν
1628 3602 1814 3671 ἁμαρ-

239 3719 388 3762 τιας,
430 3720 449 3752 ι

321 3797 431 3848 Καὶ
470 3794 565 3863 τὴν
594 3792 769 3847 αἰτίαν
814 3792 982 3859 λέγει,
1014 3790 1104 3844 διὰ
1129 3790 1181 3845 τί
1225 3788 1369 3855 ἅπαξ
1398 3790 1668 3847 ἀπέθανεν
1689 3809 1701 3821 °
1735 3793 1816 3845 ὅτι

242 3887 368 3948 ὲνδς
417 3884 648 3938 θανάτου
697 3883 1010 3953 ἀντίλυτρον
1054 3883 1290 3951 ἐγένετο.
1348 3883 1632 3938 Ἀπὲκειτο
1688 3887 1816 3957 γὰρ,

245 3975 438 4040 φησὶν,
463 3973 575 4034 τοῖς
596 3970 900 4041 ἀνθρώποις
924 3970 1236 4024 ἀποθανεῖν.
1263 3970 1433 4025 Τοῦτο
1464 3971 1559 4027 οὖν
1579 3975 1641 4028 τὸ
1671 3975 1821 4040 ἅπαξ

242 4063 524 4117 ἀπέθανεν
558 4062 698 4131 ὑπὲρ
749 4064 1028 4128 ἁπάντων,
1075 4064 1222 4131 ἅπαξ
1264 4066 1679 4139 προσενεχθείς·
1724 4072 1819 4123 καὶ

248 4158 358 4210 ὑπὸ
390 4155 535 4219 τίνος
561 4157 594 4226 ἢ
622 4157 711 4224 ὑφ’
744 4154 934 4208 ἑαυτοῦ
958 4156 1231 4225 δηλονότι,
1291 4157 1439 4229 Ἐγὼ
1466 4160 1596 4230 γὰρ,
1631 4162 1817 4231 φησὶν,

245 4248 406 4317 ὑπὲρ
433 4247 631 4302 αὐτῶν
660 4246 871 4315 ἁγιάζω
899 4247 1181 4316 ἐμαυτόν.

327 4360 348 4393 ι
423 4341 519 4393 Ἐκ
563 4340 817 4411 δευτέρου
849 4334 1018 4409 χωρὶς
1050 4338 1322 4409 ἁμαρτίας
1359 4339 1659 4411 όῳθήσεται
1707 4344 1820 4406 τοῖς

208 4412 217 4421 l
245 4432 418 4487 αὐτὸν
442 4431 917 4502 ἀπεκδεχομένοις,
950 4431 1028 4492 εἰς
1065 4427 1358 4498 σωτηρίαν.
1396 4447 1417 4481 ι

867 4522 1111 4575 ΚΕΦΑΛ.
1149 4522 1205 4578 ι’.

329 4633 350 4666 ι
377 4615 545 4668 Σκιάν
567 4614 674 4683 γὰρ
690 4614 825 4683 ἔχων
840 4616 869 4667 6
885 4615 1043 4682 νόμος
1063 4613 1171 4667 τῶν
1201 4614 1503 4684 μελλόντων
1528 4615 1774 4683 ἀγαθῶν,
1802 4634 1820 4667 ι

338 4799 430 4855 Ἐν
466 4803 531 4872 τῇ
580 4799 789 4869 πρώτῃ,
844 4800 1027 4867 φησιν,
1078 4797 1268 4869 ὤφθην,
1307 4801 1387 4861 εἰς
1431 4800 1489 4851 τὸ
1539 4796 1673 4870 αραι
1726 4799 1825 4861 τὰς

252 4893 531 4963 ἁμαρτίας
563 4892 750 4964 ὴμὼν’
784 4893 841 4943 ὲν
874 4890 929 4943 δὲ
966 4892 1032 4960 τῇ
1073 4890 1301 4962 δευτέρᾳ
1333 4890 1514 4943 οὐκέτι
1542 4889 1684 4942 οὓτω
1718 4906 1824 4959 φα-

251 4990 448 5049 νεῖται,
486 4983 620 5039 ἀλλὰ
654 4982 843 5036 σώσων
872 4983 997 5045 τοὺς
1036 4984 1112 5045 εἰς
1139 4982 1301 5035 αὑτὸν
1336 4980 1751 5045 πιστεύσαντας.

328 5096 351 5129 ¢
387 5078 503 5131 Οὐκ
550 5076 718 5145 αὐτὴν
758 5074 856 5143 τὴν
909 5074 1096 5127 εἰκόνα
1124 5073 1231 5125 τῶν
1288 5074 1650 5143 πραγμάτων,
1703 5073 1825 5127 κατ’

250 5168 501 5227 ἐνιαυτὸν
541 5170 660 5229 ταῖς
698 5166 910 5228 θυσίαις
950 5164 1016 5229 ἃς
1071 5165 1474 5235 προσφέρουσιν
1514 5167 1592 5228 εἰς
1625 5164 1684 5218 τὸ
1739 5165 1825 5241 ιδι-

250 5261 478 5331 ηνεκὲς,
504 5260 758 5313 οὐδέποτε
788 5257 1043 5309 δύνανται
1080 5259 1206 5319 τοὺς
1243 5256 1715 5327 προσερχομένους
1737 5273 1825 5307 τεο

248 5352 507 5406 λειῶσαι.
547 5350 697 5402 Ἐπεὶ
736 5350 835 5401 οὐκ
895 5348 961 5401 ἂν
994 5349 1301 5403 ἐπαύσαντο
1346 5347 1821 5418 προσφερόμεναι,

241 5443 340 5498 διὰ
370 5443 434 5497 τό
468 5442 739 5513 μηδεμίαν
776 5441 919 5510 ἔχειν
949 5439 1029 5491 ἔτι
1057 5439 1359 5509 συνείδησιν
1387 5438 1674 5510 ἁμαρτιῶν
1696 5440 1821 5502 τοὺς

240 5536 615 5606 λατρεύοντας
660 5530 807 5596 ἆπαξ
854 5530 1326 5603 κεκαθαρμένουςν
1366 5530 1481 5583 ἀλλ’
1526 5532 1585 5583 ἐν
1636 5532 1821 5593 αὐτοῖς

243 5628 562 5699 ἀνάμνησις
603 5624 886 5695 ἁμαρτιῶν
919 5624 1038 5677 κατ’
1069 5622 1333 5676 ἐνιαυτόν.
1382 5622 1665 5678 Ἀδύνατον
1713 5622 1822 5694 γὰρ

308 5812 327 5843 ⁸
358 5809 518 5868 Joan.
556 5822 668 5873 ιιν,
700 5806 784 5861 li.
866 5808 883 5839 ⁷
911 5803 1072 5863 Joan.
1107 5821 1242 5870 xm,
1315 5804 1397 5862 19.

1369 397 1445 455 IN
1480 392 1710 452 lii‘lST.
1757 389 1856 447 AD
1901 386 2292 445 llEBR/liUS.

1855 4540 1900 4596 D

3350 379 3455 445 97L

1957 492 2033 546 Ita
2071 493 2230 563 plane
2268 492 2529 560 loquitur,
2572 504 2697 543 cum
2742 495 3021 543 structura
3047 488 3233 558 templi
3264 490 3453 543 admo-

1886 584 2015 639 dum
2038 584 2210 641 ,Ιιιὰιεί
2243 583 2635 655 gloriarentur,
2670 599 2732 637 ac
2763 582 2808 635 si
2864 583 3049 637 nullus
3078 582 3217 637 alter
3256 583 3454 637 similis

1886 679 2328 733 exstarctlocus.
2366 678 2579 731 liursns
2631 666 2761 743 ergo
2807 676 3219 745 comparatione
3262 677 3454 739 utitur,

1888 771 2241 839 ostenditque
2268 771 2456 840 ingens
2508 770 2777 823 interesse
2823 769 3145 834 discrimen,
3192 780 3457 838 quantum

1892 863 2090 915 cutlum
2129 864 2270 916 inter
2297 878 2357 915 ac
2388 863 2674 932 templum.

1965 972 1983 1003 ι
2018 952 2203 1007 Vultui
2236 953 2329 1007 Dei
2363 969 2460 1023 pro
2491 953 2670 1007 nobis.
2713 972 2729 1004 ι

1960 1044 2096 1099 Cum
2121 1044 2353 1105 dixerit,
2384 1053 2438 1094 ut
2467 1052 2743 1111 appareat,
2783 1052 3194 1114 monstrataque
3238 1044 3463 1114 dispen-

1894 1139 2127 1197 satione,
2160 1147 2384 1188 causam
2418 1134 2718 1203 subjungit,
2769 1136 2913 1203 quod
2948 1151 3139 1205 nempe
3171 1150 3271 1205 pro
3305 1137 3465 1189 nobis

1896 1229 1946 1282 id
1986 1230 2245 1298 gesserit,
2269 1228 2360 1296 qui
2397 1228 2599 1296 ubique
2658 1238 2741 1281 est
2775 1244 2897 1280 cum
2938 1227 3118 1289 Patre,
3166 1244 3274 1296 qua
3328 1228 3469 1283 Deus

1895 1331 1979 1375 cst
2008 1320 2270 1375 Verbum.
2313 1320 2401 1372 Ait
2448 1320 2594 1375 enim
2641 1337 2652 1371 :
2690 1319 2800 1391 Ego
2840 1321 2892 1373 in
2945 1319 3126 1385 Patre,
3153 1330 3200 1373 et
3231 1320 3394 1375 Pater
3417 1323 3469 1375 in

1896 1430 1975 1466 me
2002 1424 2079 1468 est
2105 1414 2146 1467 ‘.

1964 1505 2124 1577 247
2165 1503 2332 1559 Vens.
2381 1504 2473 1568 25,
2522 1503 2611 1557 26.
2668 1523 2686 1553 ι
2719 1503 2908 1574 Neque
2968 1516 3029 1560 ut
3083 1521 3229 1576 saepe
3278 1505 3473 1563 uﬂ‘erat

1897 1599 2293 1667 semetipsum,
2375 1597 2835 1667 quemadmodum
2899 1597 3143 1667 pontifex
3196 1600 3362 1653 intrat
3419 1600 3473 1653 in

1898 1693 2090 1740 sancta
2140 1700 2236 1755 per
2289 1686 2533 1756 smgulos
2595 1701 2769 1741 annos
2822 1689 2877 1740 in
2916 1689 3186 1757 sanguine
3240 1689 3472 1743 alieno:

1901 1772 2145 1839 alioquin
2173 1774 2462 1841 oportebat
2495 1789 2620 1827 eum
2649 1773 2961 1841 frequenter
2997 1778 3107 1844 pati
3158 1776 3226 1829 ab
3266 1778 3481 1847 origine

1827 1838 1873 1896 Β
1903 1863 2112 1915 mundi.
2148 1862 2300 1915 Nunc
2338 1877 2521 1918 autem
2562 1865 2727 1918 semel
2765 1867 2814 1918 iu
2851 1869 3333 1922 consummatione
3371 1882 3477 1922 sac-

1899 1957 2168 2010 culorum.

1975 2047 2031 2102 Si
2068 2050 2227 2103 initio
2267 2050 2319 2103 id
2376 2059 2589 2119 gestum
2633 2058 2802 2111 esset,
2854 2050 3058 2119 inquit,
3111 2060 3222 2104 tum
3283 2050 3481 2105 deinde

1904 2155 2062 2195 nemo
2088 2139 2433 2205 credidisset,
2467 2157 2642 2210 genus
2676 2152 2924 2196 nostrum
2955 2143 3005 2195 in
3039 2144 3261 2195 interitu
3295 2158 3481 2211 perse-

1906 2242 2136 2287 veraret.
2168 2230 2303 2285 Nam
2336 2233 2594 2302 possibile
2622 2249 2732 2287 non
2758 2244 2876 2288 erat
2926 2242 2985 2286 ut
3020 2234 3275 2289 Christus
3299 2235 3484 2290 denuo

1905 2332 2233 2387 moreretur,
2254 2339 2365 2393 quo
2383 2324 2514 2377 illud
2540 2325 2738 2379 iterum
2757 2324 2968 2377 salvum
2987 2325 3161 2379 ﬁeret.
3184 2324 3481 2394 Postquam

1905 2432 2035 2471 vero
2092 2418 2321 2486 plurima
2374 2415 2595 2470 tandem
2664 2429 2888 2487 peccata
2945 2420 3308 2481 exstiterunt,
3351 2426 3484 2473 tunc

1905 2519 2280 2562 consentanee
2313 2522 2540 2574 prorsus
2574 2522 2632 2562 se
2659 2506 3020 2576 conspicuum
3060 2508 3233 2563 dedit.

1983 2620 2003 2655 ι
2040 2600 2122 2656 Ad
2153 2601 2571 2656 destitutionem
2604 2602 2845 2671 peccati,
2889 2620 2908 2653 ι

1978 2691 2251 2760 Quidnam
2285 2701 2368 2748 est
2407 2692 2728 2749 destitutia?
2774 2694 2916 2748 idem
2979 2703 3127 2748 certe
3173 2693 3317 2764 quod
3352 2709 3485 2748 con-

1912 2786 2153 2854 temptio.
2192 2783 2483 2840 Peccatum
2515 2799 2867 2855 nequaquam
2904 2785 3144 2854 amplius
3178 2786 3489 2842 libertatem

1912 2876 2095 2931 habet.
2127 2875 2262 2930 Nam
2290 2876 2619 2930 destitutum
2646 2887 2730 2930 est
2774 2885 2828 2930 et
2876 2877 3165 2942 abolitum,
3222 2887 3305 2943 ut,
3363 2895 3489 2935 cum

1913 2982 2105 3037 pcenus
2134 2968 2268 3022 dare
2316 2967 2561 3029 deberet,
2608 2967 2785 3023 nullas
2835 2978 3014 3023 tamen
3057 2970 3287 3026 dederit.
3346 2970 3490 3036 Quin

1913 3060 2076 3112 etiam
2108 3059 2215 3111 vim
2245 3060 2493 3125 pertulit,
2534 3067 2616 3120 ut,
2649 3056 2780 3112 dum
2823 3059 3084 3127 sperabat
3130 3069 3367 3115 cunctos
3394 3075 3487 3136 pe-

1837 3186 1884 3248 c
1917 3149 2135 3214 rimere,
2164 3159 2293 3202 tunc
2325 3150 2497 3217 ipsum
2532 3159 2872 3219 peremptum
2919 3148 3101 3205 fuerit.

1995 3260 2013 3292 ι
2048 3241 2150 3296 Per
2183 3242 2415 3296 hostiam
2444 3256 2602 3295 suam
2630 3243 2908 3311 apparuit.
2945 3260 2964 3293 ι

1992 3332 2101 3385 Deo
2132 3348 2190 3386 se
2221 3331 2492 3394 exhibuit,
2530 3338 2584 3384 et
2605 3334 2672 3383 ad
2711 3346 2836 3385 eum
2869 3337 3123 3389 accessit.

1996 3421 2161 3476 Vens.
2194 3422 2287 3485 ‘27,
2331 3422 2423 3477 28.
2464 3440 2484 3474 ι
2518 3421 2585 3488 Et
2615 3423 3075 3494 quemadmodum
3114 3434 3380 3482 statutum
3408 3438 3495 3483 est

1922 3515 2238 3570 hominibus
2261 3515 2431 3570 semel
2458 3516 2596 3568 mori
2626 3533 2641 3582 ;
2682 3526 2804 3585 post
2831 3517 2934 3572 hoc
2965 3529 3146 3573 autem
3178 3519 3447 3588 judicium
3476 3541 3489 3578 :

1923 3611 2001 3663 sic
2052 3617 2106 3662 et
2160 3607 2412 3661 Christus
2458 3606 2628 3661 semel
2674 3607 2895 3663 oblatus
2935 3618 3019 3664 est
3073 3609 3141 3663 ad
3194 3610 3493 3669 multorum

1922 3698 2293 3754 exhaurienda
2321 3706 2565 3769 peccata.
2601 3716 2619 3748 ι

1992 3790 2226 3847 Causam
2260 3789 2429 3844 edicit
2460 3806 2560 3845 cur
2591 3798 2843 3845 mortuus
2876 3791 2967 3846 ille
3006 3792 3100 3855 sit,
3146 3794 3241 3861 qui
3301 3797 3498 3854 mortis

1925 3885 2088 3938 unius
2130 3884 2308 3936 iactus
2348 3892 2433 3937 est
2476 3882 2734 3951 pretium.
2766 3881 2900 3936 Nam
2938 3892 3204 3939 statutum
3241 3896 3359 3940 erat
3396 3886 3497 3939 hn-

1926 3977 2188 4037 minibus,
2228 3976 2429 4045 inquit,
2457 3983 2516 4029 ut
2547 3984 2912 4031 morerentur.
2945 3975 3312 4043 Quamobrem
3331 3982 3499 4033 semel

1925 4078 2175 4122 mortuus
2208 4075 2293 4123 est
2341 4082 2439 4134 pro
2477 4067 2758 4133 omnibus,
2808 4077 3085 4138 quatenus
3145 4069 3364 4124 oblatus
3414 4081 3501 4125 est

1927 4160 2116 4216 semel.
2149 4160 2193 4211 Α
2224 4172 2460 4224 quonam
2495 4169 2701 4223 autem,
2736 4160 2843 4214 nisi
2874 4174 2903 4213 a
2951 4159 3176 4231 seipso?
3198 4160 3275 4214 ait
3308 4161 3454 4215 enim
3483 4179 3496 4216 :

1927 4253 2040 4325 Ego
2068 4268 2163 4319 pro
2193 4251 2300 4305 illis
2322 4251 2599 4318 sancti/ica
2631 4252 2884 4320 meipsum
2907 4253 2949 4306 ".

2004 4365 2021 4396 ι
2057 4344 2308 4397 Secundo
2338 4342 2456 4395 sine
2479 4351 2705 4413 peccato
2734 4345 3019 4425 apparebit
3046 4346 3499 4416 exspectantibus

1928 4455 2008 4503 se,
2043 4437 2096 4489 iu
2129 4435 2381 4487 salutem.
2424 4452 2441 4484 ι

2578 4525 2730 4580 CAP.
2782 4526 2848 4581 Χ.

2002 4619 2163 4674 Vens.
2198 4618 2246 4668 1.
2297 4638 2315 4671 ι
2354 4614 2614 4669 Umbram
2643 4620 2791 4670 enim
2825 4616 3028 4670 habens
3059 4617 3143 4669 lex
3192 4614 3500 4669 futurorum

1926 4714 2216 4779 bonorum,
2256 4735 2273 4766 ι

2001 4810 2058 4864 ln
2109 4810 2288 4876 primo
2333 4808 2569 4863 adventu
2610 4805 2885 4873 apparuit.
2924 4810 2981 4855 ut
3032 4799 3285 4859 auferret,
3311 4812 3499 4855 nostra

1928 4908 2187 4967 peccata;
2226 4900 2277 4951 in
2307 4896 2551 4953 secundo
2580 4903 2761 4947 autem
2798 4908 2907 4944 non
2949 4893 3030 4943 sic
3058 4890 3367 4959 apparebit,
3403 4891 3499 4945 sed

1930 4998 1991 5043 ut
2029 4990 2209 5044 salvos
2238 4988 2401 5043 faciat
2440 4988 2563 5043 illos
2591 4985 2683 5053 qui
2717 4984 2769 5039 in
2795 4998 2852 5037 se
2882 4981 3257 5036 crediderunt.

2001 5100 2019 5131 ι
2053 5080 2168 5133 Νοιι
2188 5082 2361 5148 ipsam
2392 5078 2684 5147 imaginem
2711 5090 2914 5137 rerum,
2934 5088 3031 5141 per
3056 5072 3305 5141 singulos
3324 5086 3499 5125 annos

1930 5168 2134 5223 eisdem
2182 5168 2318 5236 ipsis
2368 5166 2598 5230 hostiis,
2641 5178 2780 5229 quas
2822 5161 3064 5217 oﬂ'erttnt
3106 5159 3496 5222 indesinenter,

1930 5274 2208 5328 nunquam
2259 5264 2493 5326 possunt
2546 5253 2873 5309 accedentes
2927 5252 3205 5321 perfectos
3266 5248 3496 5305 facere:

1933 5347 2123 5419 [Vens
2157 5346 2279 5416 2-7]
2334 5343 2574 5415 alioquin
2609 5352 2917 5397 cessassent
2960 5339 3165 5402 oll‘erri,
3208 5339 3330 5393 idco
3353 5341 3497 5407 quod

1936 5438 2139 5493 nullam
2202 5436 2467 5493 haberent
2526 5434 2922 5489 conscientiam
2993 5428 3202 5500 peccati
3254 5429 3498 5484 cultores

1931 5529 2099 5585 semel
2136 5526 2378 5582 mundati
2403 5544 2418 5591 ;
2446 5526 2540 5581 sed
2571 5526 2622 5578 in
2665 5524 2800 5595 ipsis
2829 5518 3279 5576 commemoratio
3305 5530 3499 5586 pecca-

1932 5632 2109 5677 torum
2144 5636 2239 5691 per
2275 5618 2521 5690 singulos
2551 5634 2723 5674 annos
2751 5617 2827 5672 ﬁt.
2868 5612 3216 5686 Impossibile
3241 5619 3326 5665 est
3351 5606 3495 5662 enim
