4214 6446
231 434 298 496 77
1340 435 1421 494 ΙΝ
1464 434 1704 493 EPIST.
1732 435 1831 493 AD
1854 434 2237 492 IIEBREOS.

3316 438 3423 500 978

263 542 580 602 Δείκνυσιν,
612 540 687 602 ῶς
731 540 823 592 καὶ
869 539 1048 592 πίστει
1101 538 1236 610 ὀρθῇ
1282 543 1565 610 προσεῖναι
1623 540 1706 593 δεῖ
1736 549 1756 576 ι’

1808 549 1831 601 ι
1928 540 2216 609 Signiﬁcat
2251 555 2434 609 operte
2473 542 2703 609 pretium
2734 555 2857 594 esse
2884 550 2942 593 ut
2979 554 3101 594 cum
3147 549 3291 595 recta
3324 545 3425 597 lide

188 633 289 686 καὶ
318 632 453 702 ἔργα
481 632 727 701 λαμπρά.
746 632 1006 683 Τουτέστι
1038 630 1142 701 γάρ
1173 632 1252 694 τὸ,
1284 632 1379 684 καὶ
1402 631 1754 700 λελουμένοι

186 726 257 778 τὸ
279 724 450 793 σῶμα
474 724 661 777 ὕδατι.

265 898 359 968 Τῷ
396 898 670 968 καθαροὺς
698 900 959 959 ποιουντι,
991 897 1024 965 ἢ
1058 897 1136 967 τῷ
1165 897 1238 967 μὴ
1263 897 1439 967 ἔχοντι
1471 892 1630 968 αἷμα.

268 1098 286 1129 ι
327 1079 421 1139 Εἰς
453 1077 797 1149 παροξμσμὸν
826 1078 1045 1144 ἀγάπης
1075 1077 1168 1129 καὶ
1198 1077 1375 1131 καλῶν
1398 1077 1596 1145 ἔργων.
1631 1097 1649 1128 ι
1712 1082 1717 1085 ’

265 1261 361 1324 Εἰς
394 1262 455 1312 τὺ
487 1260 685 1331 μᾶλλον
713 1261 957 1329 ἀγαπᾷν,
985 1261 1079 1313 καὶ
1106 1262 1441 1327 ἀγαπᾶσθαι.

268 1370 286 1400 ι
328 1352 418 1420 Μὴ
448 1352 932 1418 εγκαταλείποντες
960 1351 1060 1422 τὴν
1090 1354 1508 1422 ἐπισυναγωγὴν
1530 1353 1758 1417 ἑαυτῶν,

194 1440 379 1513 καθὼς
408 1440 525 1503 ἕθος
550 1443 711 1504 τισὶν,
743 1440 877 1493 ἀλλά
908 1441 1374 1511 παρακαλοῦντες,
1408 1444 1501 1495 καὶ
1526 1442 1763 1513 τοσούτῳ

200 1506 426 1601 μέλλον,
454 1531 563 1600 ὅσῳ
591 1529 814 1600 βλέπετε
838 1506 1163 1599 ἐγγίζουσαν
1192 1531 1288 1602 τὴν
1310 1506 1541 1602 ἡμέραν.
1581 1506 1764 1583 Ἐκοιί⁸

196 1621 327 1682 cito;
374 1619 482 1690 γὰρ
513 1621 932 1691 ἁμαρτανόντων
956 1621 1112 1690 ἡμῶν
1158 1625 1294 1691 μετά
1329 1623 1391 1674 τὸ
1434 1621 1619 1673 λαϐεῖν
1665 1616 1777 1690 τὴν⁴

194 1708 490 1777 ἐπίγνωσιν
524 1710 624 1779 τῆς
652 1710 925 1781 ἀληθείας,
955 1711 1137 1764 οὐκέτι
1165 1713 1294 1781 περὶ
1317 1710 1601 1781 ἁμαρτιῶν
1630 1711 1764 1762 ἀποο

194 1801 446 1855 λείπεται
479 1801 661 1855 θυσία·
711 1801 918 1873 φοϐερὰ
966 1802 1021 1855 δέ
1050 1818 1132 1865 τις
1164 1803 1355 1873 ἐκδοχή
1384 1801 1640 1873 κρίσεως,
1669 1800 1765 1853 καὶ

1856 633 2204 694 accedamus,
2255 634 2725 702 exbibeamusque
2780 635 2995 702 egregia
3053 648 3241 702 opera.
3290 632 3423 687 Nam

1859 723 1946 776 bic
1995 734 2078 777 est
2142 725 2305 792 hujus
2360 722 2509 778 ell'ati
2572 740 2811 787 sensus,
2876 734 2925 776 et
2996 725 3165 777 abluti
3235 741 3424 793 corpus

1859 832 2013 884 aqua.

1926 908 2096 976 Aqua,
2133 906 2375 976 inquam,
2411 922 2533 976 quae
2562 908 2796 965 mundos
2823 908 2975 975 facit,
3007 918 3097 962 aut
3141 908 3426 978 sanguinis

1858 1010 1942 1065 est
1970 1014 2186 1067 expers.

1933 1106 1953 1139 ι
1988 1088 2045 1143 1η
2077 1090 2522 1159 provocationem
2553 1088 2841 1144 cbaritatis
2886 1099 2941 1144 et
2982 1092 3250 1146 bonorum
3301 1108 3428 1164 ope-

1862 1197 2004 1234 TUHL
2047 1201 2065 1233 Ι

1929 1272 2052 1338 Quo
2078 1288 2323 1327 amemus
2355 1274 2611 1343 amplius,
2647 1282 2701 1326 et
2729 1270 3098 1327 redamemur.

1932 1362 2098 1418 Vsus.
2154 1363 2339 1418 25-29.
2408 1383 2427 1414 ι
2480 1362 2597 1416 Νοη
2667 1364 2983 1418 deserentes
3055 1364 3429 1418 collectionem

1838 1466 2130 1515 nostram,
2172 1458 2309 1510 sicut
2340 1456 2761 1509 consuetudinis
2794 1467 2878 1507 est
2932 1455 3298 1523 quibusdam;
3338 1457 3430 1509 sed

1862 1548 2232 1610 consolantes,
2274 1556 2329 1599 ut
2375 1556 2526 1600 tanto
2575 1548 2767 1615 magis,
2803 1556 3010 1613 quanto
3056 1545 3305 1599 videritis
3333 1561 3431 1615 ap-

1862 1639 2320 1708 propinquantem
2348 1639 2515 1692 diem.
2547 1636 2868 1691 Voluntarie
2896 1637 3043 1691 enim
3073 1636 3434 1705 peccantibus

1779 1786 1785 1793 _
1831 1730 2022 1783 -nobis
2062 1737 2188 1797 post
2244 1737 2529 1797 acceptam
2584 1727 2834 1780 notitiam
2871 1726 3143 1791 veritatis,
3173 1726 3289 1794 jam
3322 1740 3433 1779 non

1865 1822 2196 1889 relinquitur
2224 1835 2323 1887 pro
2368 1820 2609 1889 peccatis
2666 1820 2885 1882 hostia;
2945 1817 3211 1873 terribilis
3252 1826 3439 1871 autem

194 1893 365 1962 πυρὸς
415 1892 595 1959 ζῆλος,
628 1892 827 1944 tollis»
873 1892 1157 1963 μέλλοντος
1201 1893 1326 1956 τοὺς
1378 1892 1750 1954 ὑπεναντίους.

1808 1888 2102 1980 Mum-ua...
2156 1888 2494 1980 exspectatio
2545 1911 2756 1980 iudicii,
2801 1919 2854 1963 et
2903 1911 3045 1979 ignis
3110 1910 3389 1963 aemulatio
3418 1948 3432 1969 ,

205 1984 499 2053 Ἀθετήσας
552 2002 633 2047 τις
662 1986 821 2054 νόριον
868 1986 1180 2049 Μωῡσέως,
1234 1985 1404 2055 χωρὶς
1459 1983 1759 2054 οἰκτιρμῶν

194 2076 288 2127 ἐπὶ
320 2076 529 2146 δυσὶνῆ
569 2078 715 2147 τρισὶ
754 2078 1018 2147 μάρτυσιν
1059 2076 1392 2146 ἀποθνήσκει
1418 2090 1432 2105 ’
1487 2075 1638 2145 πόσῳ
1677 2074 1761 2129 δο-

195 2170 343 2221 κεῖτε
372 2169 612 2239 χείρονος
637 2168 1001 2239 ἀξιωθήσεται
1024 2168 1315 2239 τιμωρίας,
1357 2186 1376 2219 ι

267 2365 392 2421 Οἷδε
428 2369 535 2437 γὰρ
559 2369 664 2422 ἀπὸ
691 2369 792 2437 τῆς
822 2367 1133 2437 συνηθείας.
1164 2367 1255 2420 καὶ
1293 2370 1390 2435 τῆς
1422 2367 1763 2432 ἐπισυναγω-

198 2459 334 2529 γῆς,
386 2459 587 2528 πολλὴν
640 2454 805 2540 οὖσαν
842 2460 940 2528 τὴν
983 2460 1159 2528 ἰσχύν.
1211 2460 1400 2509 Ὅπου
1430 2455 1559 2525 γὰρ,
1608 2456 1757 2524 φησὶ.

201 2552 310 2606 δύο
352 2553 388 2619 ἣ
422 2553 577 2621 τρεῖς
613 2551 974 2621 συνηγμένοι
1008 2553 1095 2614 είς
1128 2550 1193 2602 τὸ
1228 2548 1376 2617 ἐμὸν
1407 2548 1612 2617 ὄνομα,
1644 2547 1769 2600 ἐκεῖ

202 2646 317 2715 ειμι
344 2646 413 2698 ἐν
435 2645 603 2712 μέσῳ
629 2645 843 2698 αὐτῶν.

278 2755 298 2787 ι
342 2736 400 2789 '0
419 2736 511 2787 τὸν
548 2734 673 2787 Υίὸν
701 2733 795 2786 τοῦ
827 2731 961 2787 Θεοῦ
986 2732 1390 2800 καταπατήσας,
1421 2730 1513 2782 καὶ
1537 2729 1597 2781 τὸ
1627 2724 1767 2798 αἷμα

200 2828 301 2898 τῆς
330 2826 591 2896 διαθήκης
631 2827 808 2879 κοινὸν
848 2826 1227 2895 ἡγησάμενος,
1268 2824 1325 2874 ὲν
1353 2815 1397 2889 ᾧ
1445 2821 1764 2891 ἡγιάσθητε,

203 2916 296 2970 καὶ
324 2916 385 2968 τὸ
407 2916 627 2985 πνεῦμα
663 2918 760 2983 της
790 2914 1013 2983 χάριτος
1046 2912 1357 2982 ἐνυϐρίσας,
1395 2912 1628 2981 Οἴδαμεν
1656 2910 1763 2979 γὰρ

201 3009 292 3061 τὸν
314 3008 554 3061 είπόντα’
589 3008 741 3077 Ἐμοὶ
757 3007 1051 3076 ἐκδίκησις,
1075 3004 1187 3073 ἐγὼ
1212 3004 1594 3064 ἀνταποδώσω,
1620 3003 1765 3069 λέγει

202 3102 426 3175 Κύριος.
458 3102 566 3153 Καὶ
599 3101 783 3163 πάλιν,
819 3100 1011 3168 Κρινεῖ
1036 3098 1130 3150 τὸν
1162 3097 1287 3149 λαὸν
1322 3094 1508 3150 αὑτοῦ.
1538 3092 1769 3164 Φοϐερὸν

202 3194 261 3245 τὸ
293 3195 552 3262 ἐμπεσεῖν
572 3194 649 3253 είς
672 3195 857 3262 χεῖρας
887 3189 1022 3243 Θεοῦ⁹
1050 3190 1272 3253 ζῶντος.
1321 3207 1335 3237 ι

276 3364 446 3414 Ὅταν
483 3362 590 3434 γάρ
625 3362 788 3415 αὑτοῦ
829 3361 1112 3432 μετασχὼν
1161 3364 1218 3414 ὲν
1264 3366 1377 3425 τοῖς
1428 3362 1767 3432 μυστηρίοις,

203 3453 481 3523 ἁμαρτίαν
520 3454 853 3523 ἐργάζηται,
896 3452 1011 3516 πῶς
1052 3453 1111 3505 οὐ
1162 3456 1539 3523 κατεπάτησεν
1586 3456 1770 3522 αὑτὸν,

204 3547 625 3617 καταφρονήσας
654 3547 818 3599 αὑτοῦ
844 3567 857 3611 ;

279 3655 296 3685 ι
351 3636 854 3705 Ἀναμιμνήσκεσθε
886 3636 943 3689 δὲ
983 3638 1081 3699 τὰς
1128 3638 1390 3707 πρότερν
1439 3639 1672 3710 ἡμέρας,
1716 3641 1774 3691 ὲν

205 3722 293 3790 αἷς
341 3727 700 3796 φωτισθέντες
745 3727 945 3797 πολλὴν
978 3728 1204 3798 ἄθλησιν
1244 3729 1571 3798 υπεμείνατε
1601 3730 1774 3808 παθη-

209 3822 417 3886 μάτων
438 3817 596 3871 τοῦτο
623 3818 721 3888 μὲν
748 3819 1074 3888 ὀνειδισμοῖς
1101 3837 1158 3872 τε
1190 3820 1285 3872 καὶ
1317 3821 1527 3889 θλίψεσι
1561 3822 1777 3893 θεατρι-

208 3910 457 3977 ξάμενον
492 3909 649 3962 τοῦτο
684 3911 740 3963 δὲ
782 3913 1027 3963 κοινωνοὶ
1065 3914 1171 3962 τῶν
1216 3910 1389 3971 οὕτως
1438 3920 1774 3983 αναστρεφο-

212 4001 390 4069 μένων
422 4000 759 4068 γενηθέντες.
804 4002 914 4053 Kal.
954 4004 1062 4071 γάρ
1097 4006 1210 4066 τοῖς
1252 4004 1474 4073 δεσμοῖς
1518 4023 1616 4072 μου
1653 4024 1777 4058 συν-

210 4090 555 4160 επαθήσατε,
615 4092 710 4144 καὶ
765 4093 863 4162 τήν
917 4094 1173 4162 ἁρπαγὴν
1241 4095 1350 4148 τῶν
1426 4097 1777 4167 ὑπαρχόντων

212 4182 369 4252 ὑμῶν
403 4202 422 4234 θ

296 4273 513 4343 Ἐπειδὴ
554 4272 897 4336 διαλυθέντες
922 4268 1065 4344 ἦσαν
1096 4274 1201 4327 άπὸ
1248 4275 1356 4329 τῶν
1383 4272 1641 4346 θλίψεων,
1675 4279 1777 4350 ὂρα

214 4364 334 4426 πῶς
380 4364 580 4427 αὐτοὺς
621 4365 1054 4436 παραμυθεῖται.
1094 4365 1319 4435 Πρῶτον
1375 4353 1473 4437 μὲν
1521 4370 1628 4423 ἀπὸ
1670 4372 1780 4424 τῶν

213 4455 411 4508 αὐτῶν·
440 4443 998 4525 Ἀναμιμνήσκεσθε
1026 4458 1154 4526 γὰρ.
1188 4459 1337 4525 φησὶ,
1367 4460 1466 4524 τὰς
1496 4462 1783 4530 πρότερον

1860 2019 1979 2070 quae
2033 2014 2419 2071 consumptum
2473 2010 2557 2055 est
2609 2001 2976 2055 adversarios.
3036 2000 3249 2054 Irritam
3310 2000 3437 2070 quis

1862 2093 2077 2156 faciens
2096 2094 2266 2163 legem
2304 2092 2496 2163 Moysi,
2534 2094 2651 2147 sine
2688 2094 2795 2146 ulla
2834 2092 3187 2147 miseratione
3221 2092 3436 2147 duobus

1862 2185 1942 2238 vel
1973 2183 2151 2237 tribus
2200 2183 2432 2237 testibus
2475 2184 2707 2237 moritur
2739 2202 2751 2237 :
2784 2191 2994 2253 quanto
3022 2184 3196 2254 magis
3234 2184 3437 2254 putatis

1860 2275 2127 2329 deteriora
2158 2276 2350 2328 mereri
2392 2275 2678 2342 supplicia,
2720 2295 2739 2325 ι

1933 2364 2167 2420 Noverat
2210 2366 2353 2419 enim
2411 2379 2474 2417 ex
2522 2364 2892 2420 familiaritate
2928 2373 2985 2421 et
3034 2366 3351 2421 collectione
3382 2365 3438 2419 in

1864 2474 2054 2520 tumm,
2097 2461 2325 2513 multum
2366 2460 2580 2513 roboris
2620 2462 2700 2512 eis
2746 2475 3119 2514 accessurum.
3157 2459 3438 2524 Uhiem'm,

1818 2576 1828 2585 -
1865 2550 1941 2603 ait
1968 2548 2246 2614 Christus,
2291 2550 2394 2603 duo
2425 2552 2499 2604 vel
2555 2560 2659 2604 tres
2698 2552 2892 2619 fuerint
2927 2549 3094 2620 249
3140 2550 3441 2619 congregati

1865 2642 1919 2693 in
1950 2641 2157 2694 nomine
2188 2657 2322 2704 meo.
2352 2640 2422 2694 ibi
2454 2644 2509 2694 in
2554 2645 2724 2697 medio
2758 2658 2941 2696 eorum
2968 2658 3085 2694 sum
3111 2643 3154 2693 ’.

1944 2753 1960 2783 ι
1998 2732 2103 2799 Qui
2146 2732 2342 2786 Filitun
2390 2733 2484 2788 Dei
2534 2736 2979 2797 conculcaverit,
3028 2742 3082 2788 et
3118 2733 3441 2802 sanguinem

1869 2827 2182 2880 testamenti
2224 2828 2488 2896 pollutum
2535 2827 2778 2891 duxerit,
2821 2829 2876 2882 in
2909 2843 3018 2897 quo
3064 2826 3445 2882 sanetilicatus

1866 2928 1972 2977 est,
2012 2924 2067 2971 et
2100 2918 2319 2986 spiritui
2349 2918 2538 2986 gratia:
2566 2918 2957 2972 contumeliam
2992 2916 3204 2970 fecerit.
3246 2913 3443 2986 [νειε.

1870 3010 1959 3071 50,
1986 3006 2099 3078 51.]
2135 3008 2351 3063 Scimus
2373 3009 2520 3062 enim
2547 3010 2640 3077 qui
2674 3010 2812 3063 dixit
2845 3023 2859 3061 :
2893 3008 3022 3061 Milli
3054 3006 3312 3068 vindicta,
3342 3020 3446 3074 ego

1871 3100 2196 3161 retribuam,
2251 3099 2383 3153 dicit
2435 3099 2719 3154 Dominus.
2753 3101 2817 3153 Et
2870 3100 3069 3152 iterum
3116 3120 3127 3152 ;
3167 3094 3445 3149 Judicabit

1797 3231 1838 3285 ε
1875 3192 2137 3247 Dominus
2173 3192 2434 3261 populum
2475 3208 2658 3247 suum.
2704 3190 3051 3245 Horrendum
3084 3198 3170 3244 est
3203 3186 3449 3242 incidere

1875 3286 1927 3338 in
1971 3300 2163 3337 manus
2197 3284 2289 3337 Dei
2318 3287 2569 3338 viventis.
2612 3305 2629 3335 ι

1944 3376 2177 3443 Quando
2200 3380 2344 3431 enim
2377 3377 2468 3446 qui
2496 3377 2767 3447 particeps
2787 3376 2935 3429 illius
2956 3374 3126 3428 fuitin
3148 3374 3445 3445 mysteriis,

1874 3476 2156 3546 peceatum
2195 3471 2454 3533 admittit,
2487 3469 2767 3538 quomodo
2800 3484 2906 3521 non
2957 3466 3240 3536 proculcat
3268 3466 3445 3532 illum,

1875 3571 2062 3632 utpote
2098 3578 2261 3633 quem
2299 3561 2605 3631 despicatui
2640 3559 2874 3613 habt-at?

1950 3656 2111 3710 Vens.
2146 3654 2337 3709 32-54.
2370 3673 2389 3704 ι
2430 3651 2895 3709 Rememoramini
2930 3651 3195 3720 pristinos
3222 3649 3359 3713 dies,
3394 3651 3446 3704 in

1874 3750 2075 3820 quibus
2124 3748 2441 3809 illuminati,
2481 3760 2737 3814 magnum
2769 3754 3047 3797 certamen
3108 3744 3450 3797 sustinuistis

1875 3838 2233 3909 passionum;
2266 3844 2320 3889 et
2354 3836 2404 3887 in
2439 3835 2611 3887 altero
2641 3831 2865 3901 qUidcm
2911 3829 3223 3898 opprobriis
3251 3840 3305 3882 et
3353 3829 3452 3879 Iri-

1878 3927 2249 3983 bulationibus
2288 3921 2662 3992 spectaculum
2720 3918 2870 3979 facti,
2928 3916 2982 3969 in
3037 3916 3210 3967 altero
3265 3922 3449 3966 autem

1878 4018 2011 4073 socii
2039 4018 2227 4071 taliter
2257 4011 2706 4077 conversantium
2746 4006 2948 4061 eﬂecti.
2978 4004 3109 4058 Nam
3134 4014 3185 4058 et
3214 4002 3451 4057 vinculis

1880 4108 2019 4162 meis
2051 4104 2325 4174 compassi
2356 4102 2511 4167 estis,
2546 4106 2601 4155 et
2631 4098 2877 4167 rapinam
2930 4098 3197 4150 bonorum
3241 4101 3454 4147 vestro-

1878 4216 2049 4253 ruuii

1949 4289 2218 4356 Quoniam
2250 4285 2648 4342 deficiebantur
2678 4282 2749 4336 ob
2783 4267 3131 4343 alllictiones,
3156 4277 3281 4331 vide
3317 4290 3457 4345 quo-

1879 4384 2043 4435 modo
2059 4395 2154 4433 eos
2174 4377 2518 4436 consolatur,
2540 4388 2602 4426 ac
2635 4372 2869 4441 primum
2894 4368 3113 4437 quidem
3137 4368 3206 4419 ab
3235 4365 3449 4420 iisdem.

1883 4470 2360 4532 Rememoramini,
2396 4466 2613 4534 inquit,
2665 4464 2917 4531 pristinos
2963 4460 3095 4512 dies.
3153 4456 3357 4512 Deinde
3386 4457 3455 4509 ab

214 4546 464 4615 ἡμέρας.
498 4539 730 4599 Ἔπειτα
763 4547 872 4601 ἀπὸ
917 4549 1014 4615 τῆς
1050 4550 1271 4617 Γραερῆς
1318 4550 1681 4621 λεγούσης,’0
1713 4554 1777 4606 δὲ

1811 4579 1854 4635 υ
1884 4562 2210 4616 auctoritate
2237 4560 2559 4627 Scriptura,
2596 4570 2717 4624 quae
2751 4554 2886 4607 dicit
2917 4572 2929 4605 :
2964 4550 3155 4603 Justus
3189 4561 3366 4602 autem
3392 4564 3457 4602 ea:

216 4638 449 4704 δίκαιος
495 4637 563 4691 ἐκ
586 4640 843 4703 πίστεως
903 4634 1157 4705 (pio-emi.
1218 4641 1444 4694 Ἔπειτα
1486 4644 1593 4695 ἀπὸ
1636 4644 1784 4713 λογι-

221 4730 395 4799 σμῶν,
430 4729 619 4791 εἰπὼν,
653 4731 733 4782 ὅτι
765 4732 927 4783 ’Ἐστι
962 4731 1166 4795 πίστις
1203 4731 1600 4801 ἐλπιζομένων
1632 4739 1782 4790 ὑπό-

220 4836 441 4886 στασις
462 4820 835 4889 πραγμάτων,
866 4822 1118 4890 ἐλεγχος
1140 4825 1211 4876 οὐ
1230 4825 1642 4893 βλεπομένων.
1674 4831 1783 4882 Καὶ

221 4913 388 4967 πάλιν
420 4914 528 4965 ἀπὸ
577 4913 685 4964 τῶν
728 4915 1087 4983 προπατόρων
1135 4914 1244 4967 τῶν
1278 4918 1529 4983 μεγάλων
1574 4920 1783 4990 ἀνδρῶν

222 5006 581 5085 ἐκείνωνκαὶ
627 5005 974 5073 θαυμαστῶν.
1022 5005 1256 5069 Εἰκότως
1285 5007 1341 5059 δὲ
1389 5009 1603 5078 πρῶτον
1650 5029 1782 5094 μνης

227 5094 443 5163 μονεύει
490 5095 582 5145 τοῦ
617 5095 804 5158 Ἀϐελκ,
856 5097 1119 5167 πρότερον
1165 5098 1305 5167 ὑπὲρ
1346 5099 1625 5163 εὐσεϐείας
1653 5102 1787 5154 ἁπο-

223 5186 479 5247 θανόντος
500 5202 513 5215 ·
559 5186 814 5255 δεύτερον
856 5186 1027 5258 Ἑνὼχ
1048 5188 1114 5241 δι’
1141 5189 1423 5243 εὐσέϐειαν
1464 5194 1781 5261 μετατεθέν-

222 5293 338 5339 τος.
371 5277 583 5337 δεικνὺς
625 5280 885 5341 ἐσομένας
932 5281 1150 5339 πάντως
1183 5280 1281 5342 τὰς
1312 5282 1576 5349 ἀμοιϐάς·
1608 5285 1787 5353 τρίτον

224 5368 373 5432 Νῶε,
405 5367 804 5437 κολαζομένους
834 5369 1047 5432 δεικνὺς
1074 5372 1200 5434 τοὺς
1237 5372 1309 5441 μὴ
1341 5374 1714 5438 πιστεύοντας.

281 5682 306 5715 ⁹
351 5682 541 5738 Matth.
586 5699 735 5744 xvnt,
764 5682 853 5736 ΞΟ.
937 5682 981 5712 ¹⁹
1044 5681 1245 5736 llnbac.
1294 5701 1348 5751 ιι,
1390 5686 1440 5740 ἅ.

1886 4658 1990 4727 ﬁde
2011 4656 2139 4709 vivet
2165 4652 2228 4704 ¹⁰.
2258 4650 2526 4721 Praeterea
2559 4649 2800 4699 rationes
2825 4641 3155 4710 adjiciendo,
3182 4640 3312 4693 dum
3342 4640 3453 4694 ait:

1891 4748 1987 4801 Est
2016 4746 2144 4815 ﬁdes
2180 4741 2563 4810 sperandarum
2592 4735 2897 4789 substantia
2943 4748 3141 4791 rerum,
3174 4745 3457 4799 argumen-

1890 4849 2000 4889 tum
2029 4850 2130 4888 non
2158 4830 2547 4901 apparentium.
2598 4824 2841 4891 Itemque
2873 4836 2903 4873 a
2945 4819 3252 4888 majoribus
3275 4824 3330 4871 et
3363 4832 3459 4886 pa-

1889 4928 2159 4989 rentibus,
2196 4922 2407 4991 magnis
2454 4918 2667 4973 scilicet
2692 4924 2746 4969 et
2771 4911 3113 4997 admirandis
3151 4910 3261 4964 illis
3299 4907 3457 4961 viris.

1890 5022 1967 5073 Ac
2006 5017 2201 5071 merito
2256 5014 2475 5084 quidem
2528 5010 2709 5079 primo
2771 5007 2889 5059 loco
2950 5003 3277 5055 mentionem
3329 4998 3460 5053 facit

1886 5111 2041 5169 Abel.
2081 5109 2174 5177 qui
2223 5106 2433 5176 primus
2470 5102 2574 5155 fult
2610 5115 2798 5155 eorum
2831 5097 2922 5164 qui
2960 5110 3058 5163 pro
3085 5106 3213 5145 vera
3255 5091 3459 5159 pietate

1887 5206 2085 5257 mortui
2121 5212 2301 5262 sunt;
2352 5195 2595 5251 secundo
2654 5192 2805 5261 ponit
2860 5186 3067 5249 Enocb,
3100 5182 3193 5252 qui
3236 5191 3460 5249 propter

1887 5298 2153 5362 pietatem.
2184 5291 2480 5345 translatus
2534 5286 2636 5338 fuit
2683 5303 2695 5337 :
2734 5266 2822 5336 ubi
2869 5278 3093 5331 omnino
3141 5286 3459 5362 remunera-

1888 5360 2068 5442 tiones
2103 5386 2219 5441 fore
2258 5381 2546 5443 ostendit;
2582 5378 2745 5431 tertio
2798 5370 2946 5427 Noe,
2986 5382 3099 5437 quo
3140 5372 3329 5418 notum
3383 5360 3459 5412 fa—

1899 5482 2043 5539 ciat,
2100 5492 2290 5546 ρωπος
2353 5490 2444 5527 cos
2502 5471 2589 5540 qui
2649 5484 2752 5521 nou
2817 5458 3201 5516 crediderint,
3254 5450 3463 5522 persol-

1898 5584 2045 5622 vere.

1515 5774 1741 5830 νΑΒιΑε
1783 5770 2179 5827 ιεατιοδιςδ.

310 5874 335 5906 ι
370 5861 601 5921 Verbum
632 5864 803 5923 deest.
831 5863 972 5920 forte
1008 5862 1302 5934 εἰσεξέρειν.
