4214 6446
784 395 888 465 979

777 608 1017 663 v’nculis
1053 609 1278 672 fuerint,
1321 610 1373 662 in
1421 609 1568 662 hunc
1606 609 1718 664 fere
1759 615 1978 664 modum
2019 613 2192 680 loqui.
2226 610 2345 666 Non

779 699 1136 754 existimastis
1173 699 1288 752 haec
1312 700 1527 752 vincula
1555 708 1610 752 et
1637 709 1860 755 catenas
1892 717 2034 764 esse,
2079 702 2174 756 sed
2200 703 2347 757 velut

781 791 997 844 athletae
1029 805 1306 861 generosi,
1364 793 1436 844 ita
1498 793 1770 857 stetistis;
1829 796 1954 862 quia
2002 809 2110 848 non
2168 796 2344 850 nostri

779 897 942 935 causa
985 882 1251 935 duntaxat
1282 898 1419 952 opus
1465 899 1574 936 non
1629 885 1898 942 habuistis
1947 887 2343 953 consolatione,

775 972 870 1027 sed
899 982 953 1026 et
980 973 1082 1043 ipsi
1119 975 1242 1027 aliis
1273 976 1472 1027 solatio
1509 975 1712 1031 fuistis.

853 1082 872 1115 ε
918 1064 1053 1118 Cum
1111 1065 1308 1134 gaudio
1365 1069 1741 1138 suscepistis:
1798 1079 2194 1139 cognoscentes
2245 1086 2345 1126 vos

779 1155 986 1210 habere
1011 1160 1290 1210 meliorem
1315 1167 1370 1212 et
1395 1169 1701 1213 manentem
1734 1161 2119 1215 substantiam.
2152 1161 2339 1233 [νεης.

774 1247 989 1317 55-59.]
1009 1246 1182 1302 Nolite
1203 1249 1387 1318 itaque
1405 1252 1654 1303 amittere
1675 1252 2063 1305 conﬁdentiam
2086 1265 2342 1315 vestram,

775 1353 898 1406 qu:e
962 1353 1212 1407 magnam
1266 1339 1428 1393 habet
1493 1343 2014 1396 remunerationem.
2074 1343 2341 1398 Patientia

773 1431 920 1480 enim
952 1429 1110 1482 vobis
1152 1431 1465 1483 necessaria
1511 1442 1613 1492 est,
1666 1439 1724 1484 ut
1753 1437 2088 1487 voluntatem
2135 1433 2228 1486 Dei
2262 1434 2379 1508 [κο.

773 1521 1006 1583 cientes,
1031 1522 1324 1588 repurtetis
1360 1523 1800 1590 promissionem.
1838 1525 2030 1580 Adhuc
2052 1526 2199 1579 enim
2229 1541 2343 1578 mo-

773 1609 958 1663 dicum
992 1611 1417 1678 aliquantulum,
1466 1614 1558 1681 qui
1610 1624 1876 1670 venturus
1907 1626 1991 1669 est
2036 1621 2242 1681 veniet,
2289 1629 2345 1674 et

777 1715 884 1752 non
918 1701 1178 1754 tardabit.
1211 1699 1405 1754 Justus
1426 1715 1606 1755 autem
1636 1719 1702 1756 ex
1745 1704 1848 1758 lide
1879 1708 2025 1759 vivet
2060 1724 2072 1759 ε
2106 1707 2250 1776 quod
2296 1709 2342 1760 si

775 1793 1116 1847 subtraxerit
1153 1809 1230 1851 se.
1284 1809 1391 1846 non
1448 1795 1687 1862 placebit
1734 1796 1928 1850 anima:
1974 1813 2107 1851 mea:
2136 1799 2192 1851 in
2225 1799 2339 1853 illo.

1984 408 2023 464 S
2079 407 2401 468 JtlANNIS
2444 409 2872 470 DAMASCENI

853 513 1097 570 Observa
1124 531 1248 572 eum
1289 516 1356 571 de
1386 533 1446 569 se
1501 527 1558 570 ut
1589 527 1642 571 et
1677 519 1744 572 de
1773 520 1895 573 aliis
1925 521 2016 588 qui
2059 521 2344 574 constricti
2378 527 2420 582 Α

2530 523 2713 593 Ὀρᾶς,
2763 525 2843 576 ὅτι
2875 525 3002 594 περὶ
3033 541 3200 576 auro;
3249 541 3404 594 φησ.,
3442 525 3537 577 καὶ
3567 523 3677 576 τῶν
3705 522 3881 578 ἄλλων
3926 532 4017 578 οε-

2447 612 2689 682 δεμὲνων
2735 614 2928 677 οὕτως.
2984 615 3094 683 Οὐχ
3137 613 3414 682 ἡγήσασθε
3465 614 3638 684 δεσμὰ
3686 610 3853 678 εἶναι,
3893 614 4013 668 ἀλλ’

2449 704 2572 756 ῶσπ
2605 721 2636 774 ρ
2664 704 2804 775 άθλη
2840 706 2898 759 αἱ
2927 707 3162 774 γενναῖοι
3213 705 3386 768 οὕτως
3411 705 3627 776 ἔστητε,
3650 707 3732 760 ὅτι
3759 708 3820 760 οὑ
3849 707 4015 778 μόνον

2448 798 2507 849 ἐν
2543 800 2656 859 τοῖς
2692 798 2980 868 ἡμετέροις
3020 798 3080 850 οὐ
3151 797 3362 850 ἐδέεσθε
3411 799 3827 868 παρακλήσεως,
3874 797 4015 852 ἀλλὰ

2446 891 2541 943 καὶ
2569 892 2683 951 τοῖς
2708 891 2890 953 ἄλλοις
2911 890 3164 957 ἐγένεσθε
3198 890 3564 962 παράκλησις.

2521 1082 2540 1112 ι
2579 1063 2734 1118 Μετὰ
2777 1065 2952 1134 χαρᾶς
2987 1064 3416 1134 προσεδέξασθε,
3465 1065 3825 1134 γινώσκοντες
3864 1065 4015 1137 ἔχειν

2446 1157 2651 1215 tant-oi,
2692 1157 2976 1225 κρείττονα
3022 1155 3256 1226 ὓπαρξιν
3287 1159 3346 1211 ἐν
3385 1157 3657 1227 οὐρανοῖς,
3694 1160 3788 1212 καὶ
3816 1160 4013 1230 μένου-

2447 1263 2565 1298 σαν.
2615 1248 2704 1317 Μὴ
2732 1247 3041 1316 ἀποϐάλητε
3079 1255 3173 1302 οὑν
3200 1250 3301 1319 τὴν
3338 1250 3653 1320 παρρησίαν
3687 1250 3860 1319 ὑμῶν,
3891 1251 4015 1320 ἣτις

2445 1340 2557 1410 ἔχει
2591 1343 3016 1412 μισθαποδοσίαν
3067 1345 3331 1414 μεγάλην.
3381 1344 3693 1416 ’Υπομονης
3723 1347 3831 1416 γάρ
3857 1345 4014 1415 ἔχετε

2445 1432 2657 1499 χρείαν,
2686 1432 2772 1485 ἵνα
2801 1433 2863 1484 τὸ
2904 1432 3117 1503 θέλημα
3149 1433 3242 1486 τοῦ
3286 1434 3422 1487 Θεοῦ
3469 1433 3813 1504 ποιήσαντες,
3851 1435 4014 1503 κομί-

2447 1522 2609 1592 σησθε
2656 1524 2756 1589 τὴν
2795 1524 3129 1593 ἐπαγγελίαν
3199 1524 3317 1577 Ἔτι
3371 1525 3478 1594 γὰρ
3539 1525 3733 1596 μικρὸν
3790 1526 3938 1589 ὅσον,
3988 1527 4018 1578 ό

2446 1614 2739 1682 ἐρχόμενος
2779 1615 2930 1686 ἥξει,
2981 1618 3077 1669 καὶ
3123 1617 3184 1668 οὑ
3240 1620 3474 1686 χρονιεῖ·
3523 1618 3552 1670 ὁ
3586 1615 3642 1669 δὲ
3689 1616 3902 1679 δίκαιος
3949 1618 4017 1669 ἐκ

2443 1706 2678 1768 πίστεως
2701 1707 2951 1774 ζήσεται.
2985 1707 3096 1760 Καὶ
3118 1707 3212 1760 ἐὰν
3235 1705 3637 1775 ὑποστείληται,
3671 1707 3772 1760 οὐκ
3800 1706 4015 1760 εὐδοκεῖ

2445 1800 2478 1866 ἡ
2500 1796 2646 1866 ψυχή
2673 1791 2774 1867 μού
2805 1800 2862 1850 ἐν
2886 1799 3054 1868 αὑτῷ.
3097 1799 3291 1869 Ἡμεῖς
3309 1798 3365 1850 δὲ
3385 1799 3485 1851 οὑκ
3513 1797 3680 1867 ἐσμὲν
3707 1797 4016 1866 ὑποστολῆς

776 1883 889 1939 Nos
915 1895 1096 1936 autem
1131 1899 1235 1936 non
1269 1898 1464 1939 sumus
1503 1885 1898 1940 subtractiouis
1939 1886 2034 1940 ﬁlii
2073 1890 2126 1941 in
2161 1889 2344 1956 perdi-
2377 1877 2416 1930 Β

2343 1923 2344 1927 η
2377 1877 2416 1930 Β
2446 1891 2524 1950 εἰς
2549 1889 2845 1950 ἀπώλειαν,
2864 1890 3001 1942 ἀλλὰ
3028 1887 3263 1952 πίστεως
3285 1891 3364 1953 είς
3381 1890 3729 1960 περιποίησιν
3754 1890 3956 1960 ψυχῆς.
3988 1909 4007 1942 ι

776 1977 1005 2038 tionem,
1030 1975 1122 2027 sed
1159 1975 1282 2027 ﬁdei
1321 1975 1375 2028 in
1414 1977 1832 2044 acquisitioucm
1875 1977 2090 2032 animm.
2120 1996 2139 2029 ι

845 2069 948 2134 Qui
1000 2084 1124 2121 cum
1175 2069 1375 2137 gaudio
1416 2071 1634 2131 tolerat,
1682 2070 1990 2123 mercedem
2045 2072 2342 2139 quamdam

774 2160 882 2215 sibi
915 2159 1212 2229 repositam
1261 2174 1385 2214 esse
1407 2160 1683 2226 ostendit;
1715 2162 1972 2233 quodque
1997 2177 2083 2216 res
2113 2163 2219 2218 sibi
2250 2165 2346 2220 de-

773 2249 1041 2306 trimeuto
1079 2265 1188 2304 non
1219 2250 1315 2317 sit,
1345 2251 1438 2305 sed
1470 2252 1786 2321 proventui.

1419 2383 1572 2439 CAP.
1614 2383 1683 2438 XI
1731 2449 1736 2451 _

851 2521 1012 2578 Vsus.
1042 2521 1147 2576 1-4.
1195 2539 1215 2572 ι
1251 2521 1345 2576 Est
1391 2533 1571 2576 autem
1607 2521 1739 2577 ﬁdes
1776 2525 2174 2593 sperandarum
2204 2527 2342 2581 sub-

776 2623 981 2667 stantia
1019 2627 1223 2673 rerum.
1260 2622 1642 2685 argumentum
1689 2627 1798 2666 non
1830 2623 2234 2683 apparenttum.
2284 2617 2342 2670 In

777 2705 884 2759 hac
919 2705 1066 2759 enim
1093 2703 1468 2758 testimoniqu
1497 2705 1780 2758 consecuti
1825 2712 1954 2758 sunt
1977 2719 2137 2760 senes
2205 2703 2267 2758 Fi
2292 2708 2342 2760 le

776 2795 1134 2864 intelligimus
1171 2803 1356 2863 aptata
1386 2809 1510 2849 esse
1555 2793 1755 2848 szecula
1790 2797 1960 2848 verbo
1986 2795 2104 2861 Dei,
2133 2805 2196 2850 ut
2230 2812 2344 2852 non

774 2899 844 2938 ex
891 2885 1200 2938 visibilibus
1260 2883 1495 2936 visibilia
1555 2884 1767 2937 tierent.
1844 2881 1976 2937 Fide
2049 2885 2342 2952 plurimam

775 2974 1011 3030 hostiam
1045 2975 1200 3037 Abel,
1226 2987 1388 3043 quam
1414 2972 1573 3034 Cain.
1603 2972 1808 3027 obtulit
1839 2973 1987 3036 Deo;
2039 2987 2136 3042 per
2178 2987 2343 3043 quam

777 3066 1154 3122 testimonium
1204 3076 1536 3120 consecutus
1569 3075 1677 3128 est,
1747 3079 1874 3120 esse
1924 3067 2132 3133 justus,
2187 3065 2341 3119 testi-

779 3159 1020 3211 mouiqu
1055 3159 1378 3225 perhibente
1426 3157 1745 3211 muneribus
1795 3158 1917 3224 ejus
1959 3155 2097 3223 Deo;
2139 3164 2197 3210 et
2246 3171 2344 3226 per

777 3249 927 3299 illam
955 3246 1242 3300 defunctus
1289 3265 1308 3296 ι
1351 3248 1358 3255 ’

848 3336 965 3392 Nisi
1021 3339 1147 3407 quis
1201 3338 1500 3393 invisibilia
1542 3339 1869 3394 certitudine
1907 3339 2102 3406 majori
2135 3348 2341 3404 teneat,

776 3444 943 3501 quam
971 3445 1094 3500 quae
1123 3429 1399 3492 videntur,
1437 3431 1568 3485 lides
1593 3445 1715 3485 esse
1747 3445 1860 3484 non
1893 3440 2092 3498 potest.

838 3613 1004 3685 250
1031 3613 1226 3666 Adhuc
1249 3611 1512 3678 loquitur.
1539 3609 1730 3680 [Vt-2B5.
1771 3607 1917 3679 5-7.|
1958 3626 1976 3657 ι
2000 3607 2133 3663 Fide
2156 3607 2343 3662 Enoch

777 3708 1078 3761 translatus
1101 3714 1186 3758 est
1216 3719 1284 3758 ne
1314 3705 1524 3756 videret
1565 3712 1815 3763 mortem,
1849 3711 1906 3756 et
1942 3717 2053 3755 non
2101 3701 2345 3756 invenie-

780 3799 964 3866 batur,
1008 3797 1135 3866 quia
1159 3794 1440 3849 transtulu
1473 3795 1628 3847 illtun
1653 3794 1824 3856 Deus;
1863 3800 1992 3847 ante
2021 3792 2347 3845 translatio-

778 3903 904 3943 nem
936 3889 1084 3942 enim
1117 3887 1490 3942 testimonium
1521 3885 1711 3938 habuit
1752 3884 2024 3953 placuisse
2052 3883 2184 3938 Deo.
2218 3881 2348 3938 Sine

779 3979 886 4032 ﬁde
931 3987 1113 4031 autem
1164 3977 1507 4044 impossibile
1551 3986 1635 4028 est
1667 3977 1882 4042 placere
1926 3973 2054 4028 Deo.
2107 3974 2348 4028 Credere

776 4071 922 4122 enim
961 4076 1175 4135 oportet
1214 4067 1563 4119 accedentem
1618 4063 1683 4116 ad
1733 4062 1926 4126 Deum,
1970 4076 2102 4131 quia
2147 4071 2251 4124 est,
2292 4068 2348 4114 et

779 4162 1190 4230 inquirentibus
1264 4175 1324 4212 se
1387 4163 1772 4210 remunerator
1838 4153 1930 4208 sit.
2007 4150 2140 4207 Fide
2206 4151 2344 4216 Noe,

779 4267 1047 4322 responso
1081 4261 1308 4319 accepto
1339 4249 1407 4303 de
1444 4251 1511 4303 iis
1540 4264 1660 4317 qua:
1704 4247 1883 4302 adhuc
1922 4261 2033 4300 non
2080 4246 2315 4301 videban

779 4352 895 4406 tur,
937 4353 1181 4397 metuens
1235 4342 1444 4410 aptavit
1501 4354 1687 4392 arcam
1749 4338 1805 4392 in
1861 4337 2097 4392 salutem
2149 4337 2348 4393 domus

778 4449 915 4487 SINE.
959 4451 978 4482 1

849 4522 1323 4589 Quemadmodum
1379 4520 1580 4574 malum
1632 4520 1754 4590 ipso
1803 4528 2031 4588 aspectu
2077 4518 2346 4573 duntaxat
2377 4547 2423 4602 Β

777 4628 883 4670 suo
937 4615 1204 4684 loquitur,
1251 4615 1331 4666 sic
1382 4622 1439 4665 et
1496 4611 1663 4674 Abel,
1721 4611 1851 4663 dum
1910 4625 1965 4663 in
2027 4613 2343 4663 menw'iam

779 4706 948 4759 venit.

855 4813 876 4846 ε
913 4796 1014 4849 Per
1045 4811 1208 4862 quam
1245 4795 1522 4848 damnavit
1553 4793 1834 4846 mundum.
1877 4812 1894 4840 ι

846 4888 1102 4943 Ostendit
1150 4888 1298 4940 enim
1349 4901 1446 4939 eos
1495 4902 1618 4940 esse
1670 4889 1865 4954 dignos
1913 4884 2208 4953 supplicio,
2251 4883 2346 4951 qui

777 4996 961 5052 neque
993 4979 1126 5033 dum
1161 4977 1701 5038 labricareturarca,
1733 4978 1802 5029 ad
1836 4977 2126 5030 sanitatem
2172 4974 2348 5028 redie-

783 5079 934 5126 runt.

859 5183 878 5215 ι
912 5163 975 5216 Et
1003 5163 1234 5232 iustitiae
1257 5176 1376 5229 qua:
1397 5159 1698 5215 secundum
1729 5158 1888 5211 ﬁdem
1916 5166 2021 5222 est,
2057 5157 2230 5210 haeres
2266 5163 2350 5210 est

783 5252 1090 5308 institutus.
1124 5270 1142 5301 ι

853 5343 969 5396 Hoc
993 5349 1098 5403 est,
1125 5356 1195 5395 ex
1218 5342 1320 5395 hoc
1348 5339 1602 5409 apparuit
1627 5339 1836 5408 justus,
1873 5337 2016 5407 quod
2055 5336 2352 5392 crediderit

785 5436 1023 5586 ὓπειις.
1050 5524 1202 5578 8-10.
1249 5541 1267 5573 ι
1303 5521 1454 5588 Fide,
1499 5520 1592 5591 qui
1624 5529 1854 5576 vocatur
1881 5521 2180 5581 Abraham,
2215 5517 2350 5572 obe-

783 5622 920 5673 divu
951 5622 1004 5671 in
1043 5619 1221 5670 locum
1253 5618 1425 5677 exire,
1457 5630 1619 5682 quem
1651 5623 1977 5684 accepturus
2003 5623 2121 5666 erat
2155 5615 2207 5666 in
2246 5613 2351 5665 lue-

785 5714 1106 5773 reditatcm;
1137 5721 1190 5762 et
1215 5711 1353 5761 exiit
1391 5709 1646 5762 nesciens
1679 5723 1789 5777 quo
1825 5709 1948 5761 iret.
2004 5705 2135 5759 Fide
2163 5705 2352 5758 demo-

785 5813 936 5858 ratus
960 5812 1036 5854 est
1065 5819 1115 5855 Ill
1141 5810 1284 5855 terra
1310 5801 2055 5868 iepromisswnis,tanquam
2076 5799 2128 5851 in
2151 5798 2346 5858 aliena,

2525 2071 2585 2120 Ἰ)
2619 2070 2758 2140 μετὰ
2785 2072 2961 2140 χαρᾶς
3006 2070 3208 2140 φέρων,
3239 2068 3511 2122 δείκνυσιν
3553 2069 3636 2122 ὅτι
3666 2066 3782 2137 ἔχει
3819 2065 4014 2136 μισθόν

2441 2180 2586 2224 τινα,
2635 2165 2729 2215 καὶ
2778 2163 2861 2214 ὅτι
2921 2161 2982 2214 οὑ
3038 2161 3232 2232 ζημία,
3289 2160 3425 2213 ἀλλὰ
3485 2159 3744 2229 πρόσοδός
3782 2159 3900 2210 ἔστι
3951 2157 4013 2210 τὸ

2444 2256 2698 2328 πρᾶγμα.

3035 2384 3259 2440 ΚΕΦΔΛ
3309 2385 3413 2439 IA'.

2520 2541 2539 2570 ι
2585 2519 2742 2572 Ἔστι
2787 2517 2845 2570 δὲ
2882 2516 3067 2578 πίστις
3097 2513 3470 2585 ἐλπιζομένων
3508 2514 3830 2576 ὑπόστασις,
3872 2529 4011 2583 39a-

2445 2614 2672 2683 γμάτων
2725 2611 2944 2680 ἐλεγχος
2993 2608 3056 2662 οὑ
3109 2607 3473 2678 βλεπομένων.
3542 2607 3631 2658 Ἐν
3677 2605 3851 2675 ταύτῃ
3904 2607 4010 2675 γάρ

2445 2703 2908 2775 ἐμαρτυρήθησαν
2967 2701 3018 2752 οἱ
3073 2698 3452 2770 πρεσϐύτεροι.
3519 2699 3708 2752 Πίστει
3781 2697 4010 2766 νοοῦμεν

2445 2816 2517 2852 κα
2553 2799 2806 2868 ηρτίσθαι
2828 2797 2954 2857 τοὺς
2979 2794 3177 2857 αἰῶνας
3203 2794 3404 2863 ῥήματι
3425 2790 3589 2854 Θεοῦ,
3625 2794 3708 2854 εις
3725 2790 3786 2844 τὺ
3823 2792 3900 2861 μὴ
3923 2793 4013 2843 ἐκ·

2445 2890 2787 2959 φαινομένων
2813 2888 2884 2940 τά
2912 2885 3220 2956 βλεπόμενα
3246 2900 3346 2950 γεγ
3379 2882 3469 2934 νέν
3511 2899 3547 2936 ι.
3579 2883 3766 2935 Πίστει
3791 2883 4015 2934 πλείονα

2447 2982 2636 3035 θυσίαν
2677 2978 2845 3032 Ἀϐελ
2883 2978 3036 3046 παρὰ
3077 2976 3218 3030 Κάῖν
3260 2977 3600 3046 προσήνεγκε
3650 2973 3727 3044 τῷ
3773 2973 3918 3042 Θεῷ,
3947 2971 4015 3026 δι’

2444 3071 2512 3145 ἦς
2536 3071 2892 3143 ἐμαρτυρήθη
2925 3066 3065 3124 εἶναι
3091 3071 3318 3132 δίκαιος,
3353 3067 3756 3138 μαρτυροῦντος
3785 3068 3881 3120 ἐπὶ
3904 3070 4014 3129 τοῖς

2444 3168 2636 3236 δώροις
2669 3163 2834 3219 αὐτοῦ
2865 3163 2960 3217 τοῦ
2989 3161 3148 3227 Θεοῦ,
3173 3163 3267 3215 καὶ
3285 3161 3351 3214 δι’
3386 3159 3555 3228 αὐτῆς
3581 3158 3870 3214 ἀποθανών
3909 3177 3926 3208 ι

2519 3347 2617 3394 Ἂν
2657 3341 2768 3412 γάρ
2814 3340 2888 3410 μή
2917 3355 3003 3401 τις
3047 3337 3156 3390 τῶν
3189 3335 3482 3406 ὁρωμένων
3506 3335 3842 3402 σαφέστερον
3892 3332 4015 3398 περὶ

2445 3436 2555 3487 τῶν
2603 3434 2854 3502 ἀοράτων
2901 3430 3403 3500 πεπληροφόρηται,
3451 3427 3630 3489 πίστις
3667 3421 3806 3478 εἶναι
3847 3424 3910 3478 οὐ
3936 3423 4016 3476 δύο

2447 3539 2626 3577 ναται.

2521 3632 2540 3663 ι
2575 3614 2694 3666 Ἔτι
2710 3611 2860 3666 λαλεῖ
2903 3610 3084 3663 Πίστει
3119 3607 3290 3678 Ἑνὼχ
3314 3606 3648 3676 μετετέθειτο
3665 3604 3757 3658 τοῦ
3784 3605 3862 3675 μὴ
3891 3605 4016 3658 ἰδεῖν

2447 3707 2700 3767 θάνατον,
2732 3704 2828 3757 καὶ
2858 3701 3290 3772 οὑχιεὺρίσκετο,
3319 3699 3452 3752 διότι
3500 3697 3806 3767 μετέθηκεν
3855 3695 4016 3749 αὑτὸν

2445 3799 2476 3849 ό
2509 3797 2662 3858 Θεός.
2695 3795 2834 3864 Πρὸς
2866 3796 2974 3862 γάρ
3019 3792 3119 3862 τῆς
3147 3790 3493 3862 μεταθέσεως
3529 3787 3692 3842 αὑτοῦ
3732 3787 4015 3858 μεμαρτὺ-

2451 3905 2609 3958 ρηται
2657 3883 3086 3956 εὑηρεστηκέναι
3134 3883 3214 3951 τῷ
3267 3881 3406 3952 Θεῷ,
3463 3880 3633 3952 χωρὶς
3666 3879 3724 3931 δὲ
3777 3881 4014 3939 πίστεως

2446 3979 2708 4032 ἁδυνατον
2741 3975 3126 4046 εὐαρεστῆσαι.
3159 3973 3456 4027 Πιστεῦσαι
3485 3973 3591 4043 γὰρ
3613 3971 3693 4024 δεῖ
3719 3969 3815 4023 τὸν
3847 3986 4013 4039 προσ-

2448 4071 2741 4141 ερχόμενον
2798 4070 2875 4136 τῷ
2907 4067 3044 4137 Θεῷ,
3091 4083 3174 4119 οτι
3207 4065 3324 4118 ἐστι
3347 4103 3362 4128 ,
3410 4064 3505 4117 καὶ
3549 4065 3661 4125 τοῖς
3697 4061 4015 4131 ἐκζητοῦσιν

2447 4162 2610 4214 αὑτὸν
2651 4159 2917 4228 άποδότης
2950 4159 3180 4227 γίνεται.
3219 4159 3406 4210 Πιστει
3439 4154 3842 4228 χρηματισθεὶς
3896 4153 4016 4206 Νῶε

2447 4256 2580 4324 περὶ
2647 4253 2754 4305 τῶν
2805 4251 3031 4321 μηδέπω
3087 4250 3455 4321 βλεπομένων,
3511 4247 3834 4317 εὐλαϐηθεὶς
3889 4263 4016 4298 κατ-

2448 4343 2714 4396 εσκεύασε
2745 4341 2976 4395 κιϐωτὸν
3005 4342 3085 4406 εἰς
3108 4341 3386 4410 σωτηρίαν
3413 4339 3508 4393 τοῦ
3543 4341 3691 4393 οτκου
3721 4339 3910 4391 αὐτου.
3949 4357 3965 4387 ι

2523 4520 2735 4588 Ὥσπερ
2784 4518 3010 4588 οὐρανὸς
3063 4517 3385 4588 φαινόμενος
3436 4517 3596 4586 μόνον
3636 4513 3820 4580 λαλεῖ,
3879 4512 4017 4565 οὕτω

2440 4611 2620 4689 ’Ἅϐελ
2659 4629 2762 4681 μνη
2772 4610 3144 4680 μονευόμενος.

2525 4805 2544 4837 ι
2583 4785 2660 4839 Δι’
2692 4781 2760 4857 ἦς
2793 4785 3080 4856 κατέκρινε
3107 4783 3198 4837 τὸν
3225 4783 3447 4852 κόσμον.
3487 4803 3506 4836 ι

2524 4878 2730 4944 Ἐδειξε
2761 4883 2869 4948 γὰρ
2898 4879 3093 4940 αὑτοὺς
3122 4878 3303 4940 ἀξίους
3341 4877 3498 4938 ὄντας
3541 4875 3839 4939 κολάσεως,
3874 4876 3923 4929 οἵ
3947 4893 4017 4942 γε

2449 4971 2572 5025 οὑδέ
2603 4971 2692 5024 διὰ.
2737 4971 2835 5041 τῆς
2889 4969 3237 5039 κατασκευῆς
3281 4969 3379 5040 τῆς
3435 4969 3666 5022 κιϐωτοῦ
3724 4969 4018 5038 ἐσωφρονί-

2450 5062 2624 5125 ζον.ο.
2673 5082 2690 5112 ι

2527 5173 2546 5206 ι
2593 5156 2702 5207 Kal.
2731 5154 2832 5224 τῆς
2862 5155 3002 5208 κατὰ
3033 5154 3216 5208 πίστιν
3251 5153 3598 5224 δικαιοσύνης
3625 5154 3848 5221 ἐγένετο
3886 5152 4018 5220 κλη-

2455 5246 2575 5316 ρονό
2583 5263 2699 5314 μος.
2739 5263 2758 5295 ι

2523 5337 2833 5400 Τουτέστιν,
2889 5334 2999 5388 άπὸ
3030 5334 3222 5388 τούτου
3269 5335 3473 5398 δίκαιος
3518 5333 3717 5404 ἐφάνη,
3764 5335 3876 5388 ἀπὸ
3918 5333 4015 5386 τοῦ

2454 5428 2738 5482 πιστεῦσαι
2767 5425 2906 5494 Θεῷ.

2530 5539 2548 5572 ι
2596 5521 2784 5571 Πίστει
2818 5518 3149 5586 καλούμενος
3203 5515 3474 5588 Ἀϐραὰμ,
3515 5516 3829 5586 ὑπήκουσεν
3871 5516 4016 5578 ἐξελ-

2454 5613 2565 5665 θεῖν
2595 5613 2673 5673 εἰς
2699 5611 2789 5662 τὸν
2834 5612 3016 5672 τόπον,
3056 5609 3116 5660 ὃν
3141 5608 3332 5678 ἔμελλε
3380 5608 3679 5678 λαμϐάνειν
3705 5612 3785 5672 είς
3817 5611 4016 5677 κληρο-

2455 5705 2664 5774 νομίαν,
2704 5703 2797 5754 καὶ
2841 5699 3059 5769 ἐξῆλθε,
3104 5700 3179 5770 μὴ
3229 5700 3590 5770 ἐπιστάμενος
3637 5699 3738 5753 ποῦ
3772 5699 4011 5769 ἔρχεται.

2459 5797 2637 5849 Ilion:
2681 5794 3006 5865 παρῴκησεν
3043 5796 3117 5856 εἰς
3145 5792 3248 5861 γῆν
3288 5791 3387 5863 τῆς
3421 5792 3776 5860 ἐπαγγελίας,
3810 5793 3880 5853 ὡς
3919 5793 4018 5841 ἀλ-
