4214 6446
228 402 336 465 985

1374 408 1453 470 ΙΝ
1493 408 1728 470 EPIST.
1752 407 1851 468 AD
1888 409 2283 472 HEBRIEOS.

3352 409 3462 475 986

298 516 404 570 Τὸν
429 516 560 569 Θεὸν
582 515 740 587 ἔχων,
776 520 930 589 φησὶ,
976 520 1061 574 διὰ
1118 521 1319 585 παντὸς
1368 524 1428 574 ἐν
1470 526 1536 593 τῇ
1571 522 1787 592 καρδίᾳ,
1819 527 1867 579 A
1959 541 1962 564 ί

1819 527 1867 579 A
1959 524 2095 577 Cum
2127 538 2342 593 semper
2374 522 2427 577 in
2455 520 2621 576 corde
2651 520 2819 575 Deum
2845 520 3090 583 haberet,
3131 521 3462 587 inouit,haec

226 611 403 664 ταῦτα
436 612 715 677 ὑπέμεινε.

303 724 322 755 ι
358 708 543 759 Πιστιι
580 704 848 775 πεποίηκε
885 704 946 757 τὸ
998 726 1001 727 ν
1077 723 1139 775 σχ
1237 707 1333 759 καὶ
1360 707 1458 777 τὴ)
1489 707 1757 777 τ-ρόσχυσι

225 796 323 851 τοῦ
352 815 604 867 αιματος,
632 817 716 851 ινα
742 800 818 868 μὴ
844 801 873 852 ὁ
894 799 1195 869 ὁλεθρεύων
1215 801 1284 854 τὰ
1306 801 1631 870 πρωτότοκα
1662 801 1792 874 θίγῃ

225 891 426 945 αὐτῶν.
456 910 476 944 ι

300 984 374 1037 Τὸ
435 984 563 1054 περὶ
620 984 699 1037 τῶ
761 985 1076 1056 μυστηρ’ων
1109 984 1367 1055 ἐμϐάλλει
1409 986 1588 1054 λόγον.
1628 987 1791 1054 Λέγει

225 1075 306 1141 δὲ,
371 1078 453 1130 ὅτι
500 1078 795 1141 πιστεύσας
835 1078 926 1130 τὸν
980 1077 1305 1149 ὀλεθρευτὴν
1350 1078 1640 1144 δυσωπεῖν,
1698 1079 1794 1132 καὶ

228 1168 429 1231 σώζειν
454 1172 515 1221 τὸ
548 1170 726 1237 γένος,
752 1171 812 1222 τὸ
839 1172 1028 1243 ἀρνίον
1047 1170 1301 1239 ἔσφαξεν.

303 1368 324 1402 ι
367 1350 557 1404 Πίστει
579 1350 833 1421 διέϐησαν
853 1349 952 1421 τὴν
978 1350 1243 1421 Ἐρυθρὰν
1276 1351 1570 1418 Θάλασσαν,
1600 1351 1673 1414 ὠς
1704 1352 1791 1404 διὰ

225 1442 418 1511 ξηραί.
452 1462 471 1494 ι

300 1535 468 1587 Πάλιν
496 1536 574 1597 είς
625 1533 752 1587 λαὸν
807 1534 1100 1606 ὀλόκληρον
1145 1536 1331 1603 ἐξάγει
1375 1536 1473 1605 τὴν
1535 1537 1787 1605 μίμησιν.

227 1624 346 1679 Ἵνα
369 1626 446 1695 μὴ
463 1626 714 1693 λέγωσιν,
742 1626 824 1678 ὄτι
852 1627 927 1679 Οὐ
958 1626 1231 1697 δυνάμεθα
1260 1629 1402 1681 κατὰ
1424 1628 1549 1690 τοὺς
1589 1628 1785 1695 ἁγίους

223 1717 500 1787 γενέσθαι.

304 1826 321 1857 ι
352 1801 460 1871 Ἧς
497 1808 693 1877 πεῖραν
725 1806 985 1870 λαϐόντες
1019 1808 1067 1859 οἱ
1111 1806 1422 1873 Αίγύπτιοι,
1476 1809 1787 1876 κατεπόθη-

226 1899 553 1952 omnium
589 1870 657 1951 τὰ
687 1898 843 1966 τείχη
882 1896 1091 1967 Ἰεριχὼ
1123 1870 1307 1959 ἔπεσε,
1333 1898 1679 1950 κυκλωθέντα
1699 1870 1790 1950 ἐπὶ
1820 1870 1861 1924 Β

224 1993 368 2047 ἑπτὰ
395 1992 629 2064 ἡμέρας.
666 2010 685 2043 ι

300 2084 528 2148 Ἐδειξε,
561 2085 743 2154 φησὶν,
776 2086 856 2137 ὅτι
881 2082 1022 2152 ὕδωρ
1062 2078 1152 2153 ἦν,
1186 2082 1273 2134 διὰ
1299 2084 1408 2134 τῶν
1439 2082 1790 2152 εμπεσόντων

223 2180 319 2232 καὶ
342 2179 771 2246 ἀποπνιγέντων.
812 2180 860 2230 εί
895 2176 1151 2230 καὶκατὰ
1183 2174 1437 2245 βούλησιν
1479 2176 1636 2236 Θεοῦ,
1670 2192 1790 2227 στε-

227 2268 494 2340 ρεώτερον
520 2268 730 2339 τείχους
756 2269 995 2336 ἐγένετο.

299 2380 319 2414 ι
364 2363 555 2416 Πίστει
595 2362 762 2416 Ῥαὰϐ
812 2363 846 2432 ἠ
899 2362 1075 2433 πόρνη
1126 2363 1187 2414 οὑ
1275 2359 1617 2413 συναπόλωλε
1675 2362 1789 2423 τοῖς

222 2454 577 2525 ἀπειθήσασι,
597 2455 861 2525 δεξαμένη
898 2457 1024 2516 τοὺς
1053 2455 1438 2517 κατασκόπους
1475 2456 1591 2522 μετ’
1636 2452 1789 2523 εἱρήο

224 2564 343 2618 νης.
378 2547 487 2601 Καὶ
506 2549 557 2601 τί
579 2547 659 2600 ἔτι
688 2547 851 2614 λέγω,
893 2546 1161 2616 ἐπιλείψει
1186 2548 1295 2616 γάρ
1330 2563 1394 2615 με
1433 2545 1789 2615 διηγούμενον

222 2640 419 2711 χρόνος
504 2640 632 2710 περὶ
692 2639 930 2703 Γεδεὼν,
986 2639 1172 2708 Βαράκ
1222 2655 1312 2701 τε,
1362 2641 1455 2691 καὶ
1513 2636 1786 2705 Σαμψὼν,

223 2732 322 2783 καὶ
366 2730 595 2800 Ἰεφθάε,
622 2730 785 2784 Δαϐιδ
806 2748 889 2795 τε,
947 2730 1041 2783 καὶ
1084 2730 1356 2800 Σαμουὴλ,
1386 2732 1479 2781 καὶ
1519 2730 1625 2781 τῶν
1660 2747 1790 2799 προ-

224 2823 432 2892 φητῶν,
473 2844 489 2875 ι

296 2917 506 2969 Οἰδκοῦν
531 2916 774 2985 αἰσχρὸν,
809 2917 993 2987 φησὶν,
1020 2920 1067 2971 εί
1092 2917 1185 2971 καὶ⁵
1211 2916 1418 2987 πόρνης
1441 2915 1788 2985 ἀπιστότεροι

224 3007 495 3078 φαίνεσθε.

300 3118 322 3152 ι
353 3100 517 3153 omni
552 3101 786 3161 πίστεως
806 3099 1249 3167 κατηγωνίσαντο
1281 3098 1581 3168 βασιλείας.
1615 3118 1633 3149 ›

295 3197 357 3247 Οἱ
392 3194 517 3264 περὶ
548 3195 638 3246 τὸν
668 3193 887 3245 Γεδεών.

296 3287 471 3341 Τοῦτο
530 3287 638 3355 γὰρ
699 3287 901 3347 πίστις,
954 3286 1083 3338 ὅταν
1116 3287 1186 3337 τὰ
1220 3287 1522 3354 πράγματα
1566 3287 1703 3357 πρὸς
1730 3287 1789 3339 τὸ

221 3378 739 3434 ἑναντίον’ὲκϐαίνει
766 3394 779 3408 ·
817 3380 911 3429 καὶ
945 3379 1067 3429 τότε
1098 3379 1178 3430 δεῖ
1205 3378 1501 3445 πιστεύειν,
1531 3379 1610 3432 ὃτι
1636 3380 1787 3433 οὐδὲν

222 3470 467 3524 ἐναντίον
498 3468 739 3537 γέγονεν,
774 3469 912 3523 ἀλλὰ
936 3470 1110 3522 πάντα
1133 3470 1419 3523 ἀκόλουθα.

300 3667 321 3700 ι
360 3648 694 3717 Εἰργάσαντο
723 3648 1087 3716 δικαιοσύνην.
1135 3667 1152 3697 ι

293 3739 459 3793 Αὐτοὶ
482 3733 625 3792 οὗτοι
648 3740 807 3792 πάλιν
832 3755 845 3768 ο
875 3740 909 3807 ἧ
943 3740 1037 3791 καὶ
1059 3740 1151 3791 τὸν
1185 3738 1349 3792 Δαϐίδ
1371 3755 1554 3809 φησιν.

299 3935 321 3969 ι
366 3918 657 3985 Ἐπὲτυχον
678 3916 1038 3981 επαγγελιῶν.
1081 3935 1099 3965 ι

296 4008 397 4061 Διά
426 4009 524 4076 τὴν
556 4012 633 4069 ε’ς
662 4008 787 4069 τοὺς
825 4007 1080 4073 ἐγγόνους
1134 4006 1373 4059 ἐκϐᾶσαν
1422 4008 1671 4075 εὐλογίαν
1700 4023 1714 4037 ·
1754 4011 1786 4079 ἢ

223 4101 322 4155 lari.
348 4117 439 4153 του
470 4100 652 4162 Δαϐιδ,
682 4099 770 4152 οιὰ
808 4099 921 4168 τὴν
950 4097 1043 4151 τοῦ
1095 4098 1446 4168 Σαλομῶντος
1488 4098 1787 4166 βασιλείαν.

298 4294 319 4328 ι
370 4274 649 4345 Ἐφραξαν
676 4275 920 4332 στόματα
939 4276 1183 4330 λεόντων.
1210 4296 1228 4327 ι

302 4367 394 4430 Ὠς
427 4365 649 4436 Δανιήλ.

298 4478 320 4511 r
363 4458 636 4511 Ἐσϐεσαν
664 4457 895 4528 δύναμιν
925 4460 1116 4529 πυρός.
1146 4479 1165 4510 ι

300 4550 396 4616 Ὠς
423 4555 472 4605 οἱ
501 4554 649 4621 τρεῖς
680 4552 891 4615 παῖδες.

299 4668 321 4700 ι
364 4648 602 4715 Ἕφυγον
635 4648 877 4717 στόματα
906 4648 1203 4717 μαχαίρας.

300 4740 392 4799 ὀς
413 4740 461 4790 οί
498 4737 859 4806 Ἰσραηλῖται.

298 4853 318 4885 ‹
366 4830 884 4901 Ἐνεδυναμώθησαν
944 4833 1053 4884 ἀπὸ
1106 4833 1789 4909 ἀσθενείας,ὲγενήοησαν

222 4925 445 4994 ίσχυροὶ
473 4926 530 4975 ὲν
552 4924 793 4992 πολέμῳ.
834 4941 852 4973 ι

308 5015 370 5065 Ὀ
417 5014 558 5065 κατὰ
602 5012 701 5082 τὴν
754 5013 1005 5065 ἐπάνοδον
1036 5015 1183 5081 λέγει
1222 5019 1317 5087 τὴν
1346 5020 1411 5071 ὲκ
1450 5020 1783 5083 Βαϐυλῶνος.

222 5103 324 5161 Τίς
353 5099 459 5169 γὰρ
484 5099 709 5169 ἢλπισεν
762 5101 869 5152 ἀπὸ
924 5103 1023 5171 τῆς
1071 5106 1446 5173 αἰχμαλωσίας
1491 5112 1787 5177 ἐπανήκειν

220 5190 422 5253 αὐτούς
446 5209 463 5258 ;
496 5192 588 5243 καὶ
613 5192 711 5244 οὐκ
732 5194 1022 5262 ἐπανήκειν
1047 5195 1225 5265 μόνον,
1257 5198 1390 5250 ἀλλὰ
1418 5201 1511 5252 καὶ
1540 5202 1787 5272 ίσχυροὺς

222 5281 506 5350 γενέσθαι,
542 5281 636 5331 καὶ
656 5280 833 5333 κλῖναι
862 5285 1214 5353 παρεμϐολὰς
1246 5286 1575 5359 ἀλλοτρίωνς

300 5392 319 5423 ι
364 5372 720 5441 Παρεμϐολὰς
742 5371 958 5426 ἔκλιναν
987 5376 1302 5447 ἀλλοτρίων.
1328 5398 1346 5430 ι

293 5463 568 5533 Σαμψώμ.

301 5577 320 5607 ε
360 5556 593 5611 Ἐλαϐον
621 5563 877 5627 γυναῖκες
928 5561 985 5627 ἐξ
1022 5564 1367 5629 ἀναστάσεως
1406 5567 1534 5630 τοὺς
1560 5570 1785 5639 νεκροὺς

220 5665 425 5703 αυτων.
458 5669 477 5702 ι

295 5739 377 5791 Τὰ
400 5740 539 5793 κατὰ
566 5744 848 5813 προφήτας
878 5745 1107 5799 ἐνταῦθα
1129 5746 1297 5815 λέγει,
1328 5750 1419 5804 τὸν
1462 5752 1668 5820 Ἠλίαν,
1693 5755 1782 5808 τὸν

233 5824 555 5887 Ἐλισσαῖον.
592 5834 836 5908 Νεκρους
860 5836 969 5906 γὰρ
999 5837 1320 5909 ἀνέστησαν.

1816 4520 1867 4580 ι)

1892 615 2086 669 lubens
2117 615 2402 668 sustinuit.

1965 703 2108 759 Vens
2152 705 2221 757 28
2276 724 2293 754 ‹
2336 704 2467 758 Fide
2490 704 2790 759 celebravit
2825 703 3058 769 Pascha,
3088 714 3143 759 et
3177 712 3461 776 sanguinis

1893 795 2236 859 ell‘osronem,
2287 812 2375 861 ne,
2420 813 2515 867 qui
2568 798 2822 851 vastabat
2869 798 3169 865 primitiva,
3210 806 3460 873 tangeret

1893 905 2006 943 9.05.
2049 909 2070 941 ι

1969 979 2289 1035 Sermonem
2323 980 2336 1034 i
2362 981 2498 1050 ijicit
2523 982 2591 1036 de
2624 981 2903 1051 mysteriis
2939 998 2952 1034 :
2982 982 3169 1052 aitque
3198 980 3417 1053 Moysen
3442 1023 3458 1048 ,

1893 1086 2017 1127 cum
2072 1082 2224 1127 certo
2257 1076 2505 1127 crederet
2563 1083 2893 1129 vastatorem
2940 1088 2969 1126 a
3001 1089 3062 1128 se
3109 1075 3458 1141 ﬂectendum,

1894 1172 2281 1234 servatumque
2329 1166 2396 1217 iri
2443 1180 2621 1235 genus
2651 1180 2832 1230 suum,
2860 1181 3059 1235 agnum
3088 1166 3296 1222 idcirco
3341 1182 3460 1221 ma-

1896 1268 2101 1311 classe.

1956 1344 2124 1401 Vens.
2166 1348 2256 1413 ‘29,
2288 1349 2374 1402 50.
2409 1368 2427 1400 ι
2461 1347 2593 1404 Fide
2646 1352 2983 1405 transierunt
3026 1364 3179 1408 mare
3213 1350 3459 1408 Rubrum

1874 1450 2149 1511 tanquam
2181 1457 2277 1511 per
2310 1442 2519 1495 aridam
2546 1450 2767 1497 terram.
2807 1461 2826 1493 ι

1967 1533 2164 1587 lterum
2193 1536 2509 1589 universum
2541 1535 2797 1604 populum
2833 1536 3088 1605 proponit
3110 1537 3457 1601 imitandum,

1893 1637 1959 1675 ne
1988 1623 2235 1677 dicerent
2264 1642 2279 1677 ἒ
2309 1622 2485 1678 Penes
2523 1638 2627 1677 nos
2659 1638 2767 1677 ιιοη
2798 1633 2881 1679 est
2924 1633 3237 1679 sanctorum
3278 1642 3460 1682 mores

1894 1714 2117 1768 referre.
3294 1786 3304 1795 '

1970 1824 1987 1855 ‹
2043 1805 2198 1870 Quod
2265 1803 2476 1872 experti
2531 1804 2770 1875 Egyptir
2832 1806 3072 1860 devorati
3131 1814 3280 1862 sunt.
3328 1806 3461 1863 Fide

1892 1897 2030 1948 muri
2058 1894 2277 1949 Jericho
2308 1904 2637 1949 corruerunt
2672 1899 2905 1952 circuitu
2938 1898 3149 1952 dierum
3183 1908 3409 1969 septem.
3435 1918 3456 1953 ι

1961 1987 2366 2054 Comprobavit,
2394 1989 2592 2057 inquit,
2628 2004 2822 2059 aquam
2860 2006 3003 2053 esse,
3038 1993 3147 2047 illis
3169 1993 3461 2046 subsiden-

1891 2084 2039 2136 tihns
2086 2090 2139 2135 et
2189 2082 2467 2137 suﬂoeatis
2504 2100 2518 2149 ;
2568 2084 2822 2153 quamvis
2859 2084 3086 2154 alioqui,
3132 2084 3243 2140 Deo
3272 2099 3343 2139 na
3368 2103 3460 2155 ιυ-

1891 2175 2073 2237 bente,
2104 2189 2260 2228 muro
2283 2173 2511 2228 solidior
2540 2182 2706 2229 esset.

1959 2356 2123 2411 Vens.
2156 2358 2243 2416 51.
2269 2358 2337 2411 32
2402 2378 2418 2408 ι
2452 2356 2585 2411 Fide
2614 2357 2807 2411 Rabab
2840 2366 3101 2412 meretrix
3156 2374 3263 2413 non
3300 2362 3461 2430 periit

1888 2464 2013 2502 cum
2054 2450 2377 2513 incredulis,
2410 2450 2690 2518 excipiens
2724 2450 3101 2519 exploratores
3146 2466 3270 2505 eum
3304 2467 3457 2521 pace.

1889 2540 1957 2594 Et
2013 2542 2144 2610 quid
2203 2541 2384 2595 adhuc
2446 2541 2671 2595 dicam?
2706 2539 2927 2594 Deficiet
2986 2542 3131 2594 enim
3186 2557 3273 2596 me
3317 2550 3459 2595 tem-

1891 2648 1996 2703 pus
2042 2640 2389 2687 enarrantem
2445 2634 2515 2687 de
2557 2630 2776 2686 Gedeon
2802 2672 2819 2695 ,
2853 2640 2908 2685 et
2964 2631 3131 2686 Barac
3156 2671 3171 2696 ,
3200 2642 3255 2688 et
3303 2631 3460 2688 Sam-

1890 2740 2016 2789 son,
2054 2732 2110 2778 et
2163 2723 2378 2794 Jephte,
2420 2734 2474 2779 et
2520 2723 2710 2786 David,
2750 2731 2805 2778 et
2854 2721 3097 2788 Samuel,
3129 2732 3184 2779 et
3226 2724 3459 2795 prophe-

1891 2817 1985 2879 tis,
2021 2835 2039 2867 ι

1962 2906 2069 2960 Res
2117 2923 2247 2976 ergo
2278 2916 2363 2960 est
2399 2907 2559 2975 digna
2600 2908 2824 2975 pudore,
2862 2908 3039 2977 inquit
3113 2908 3159 2962 si
3214 2924 3310 2964 vos
3348 2922 3452 2964 me-

1892 3000 2090 3051 retrice
2136 2998 2531 3052 increduliores
2588 3000 2947 3066 pratbueritis,

1968 3085 2126 3139 Vsus.
2155 3087 2245 3140 55.
2281 3106 2297 3137 ι
2336 3088 2435 3151 Qui
2490 3104 2585 3155 per
2626 3088 2781 3141 fidem
2817 3089 3064 3143 vicerunt
3103 3104 3288 3158 regna.
3329 3109 3349 3140 ι

1814 3196 1857 3255 c
1961 3178 2178 3232 Gedeon
2230 3180 2439 3232 ωηο-ι
2470 3192 2519 3232 et
2560 3182 2669 3232 alii.

1961 3268 2116 3322 Tune
2154 3272 2353 3337 quippe
2401 3272 2535 3322 lides
2562 3282 2679 3333 est,
2711 3272 2933 3341 quando
2985 3289 3072 3327 res
3118 3275 3457 3329 contrarium

1889 3360 2092 3411 exitum
2136 3359 2338 3413 habere
2372 3361 2663 3426 videntur;
2695 3370 2919 3430 tumque
2975 3364 3198 3418 credere
3245 3375 3460 3434 oportet

1890 3452 2024 3503 nihil
2053 3452 2317 3504 contrarii
2353 3453 2690 3523 contingere,
2720 3455 2814 3509 sed
2845 3466 3207 3509 consentanea
3233 3472 3460 3526 prorsus

1890 3542 2029 3593 serie
2060 3543 2246 3595 omnia
2278 3544 2417 3597 fieri.

1965 3655 1981 3684 ι
2019 3639 2236 3703 (lperati
2261 3648 2389 3690 sunt
2432 3639 2727 3706 justitiam.
2767 3657 2785 3689 ι

1960 3730 2118 3801 253
2168 3732 2249 3785 Illi
2294 3734 2399 3802 ipsi
2440 3736 2677 3799 iterum,
2704 3733 2789 3787 vel
2840 3733 3029 3789 saltem
3079 3734 3337 3789 Davidem
3370 3733 3458 3789 di-

1890 3823 1984 3875 cit.

1964 3929 1983 3961 ι
2022 3911 2217 3982 Adepti
2254 3921 2385 3967 sunt
2421 3915 2901 3983 repromissiones.
2946 3936 2964 3967 ι

1955 4003 2234 4067 Quatenus
2266 4022 2460 4075 nempe
2500 4017 2725 4077 nepotes
2758 4026 2998 4078 ipsorum
3027 4012 3456 4068 benedict'onem

1890 4106 2173 4150 consecuti
2218 4109 2357 4152 sunt.
2401 4098 2493 4154 Vel
2532 4100 2791 4155 Davidem
2838 4105 2950 4165 ait,
2976 4105 3068 4173 qui
3107 4104 3455 4161 Salomonem

1794 4228 1798 4233 .
1892 4188 2036 4255 regni
2079 4203 2455 4244 successorem
2509 4191 2739 4245 hahuit..

1967 4298 1983 4329 ι
2018 4279 2441 4335 Obduraverunt
2474 4298 2570 4336 ora
2604 4284 2847 4341 leonum.
2885 4305 2901 4336 ι

1965 4370 2124 4425 Velut
2157 4373 2368 4428 Daniel.

1964 4463 2130 4518 Vens.
2162 4466 2231 4519 54
2293 4485 2313 4516 ‹
2349 4467 2749 4524 Exstinxerunt
2774 4470 3035 4540 impetum
3076 4474 3237 4542 ignis.
3268 4492 3287 4525 ο

1962 4555 2031 4610 Ut
2066 4570 2190 4626 puta
2223 4568 2332 4612 tres
2380 4562 2556 4629 pueri.

1965 4666 1983 4697 ι
2028 4648 2345 4718 Eﬂ‘ugerunt
2376 4653 2550 4704 aciem
2582 4651 2770 4719 gladii.
2800 4672 2818 4702 ι

1964 4740 2120 4793 Velut
2157 4742 2435 4794 Israelitre.

1968 4850 1985 4880 ε
2023 4831 2431 4883 Convaluerunt
2457 4831 2525 4885 de
2569 4832 2920 4899 inﬁrmitate;
2965 4834 3135 4891 fortes
3170 4837 3296 4892 facti
3328 4852 3455 4895 sunt

1892 4923 1941 4974 in
1970 4923 2132 4976 bello.
2171 4940 2191 4973 ι

1963 5013 2073 5066 lloc
2122 5014 2198 5065 ait
2242 5013 2309 5067 de
2351 5028 2607 5083 regressu
2646 5028 2676 5068 e
2724 5014 3043 5085 Babylonia.
3079 5016 3279 5088 Ecquis
3307 5023 3450 5076 enim

1890 5109 2163 5170 sperasset
2210 5117 2304 5156 eos
2370 5103 2435 5154 de
2500 5102 2816 5171 captivitate
2870 5107 3240 5159 reversuros?
3274 5123 3451 5175 neque

1890 5195 2063 5249 solum
2114 5210 2455 5255 reversuros,
2486 5194 2580 5247 sed
2633 5204 2687 5249 et
2726 5195 2988 5251 robustos
3016 5206 3069 5250 et
3104 5196 3274 5253 fortes
3313 5199 3448 5264 fore,

1890 5286 1963 5338 ita
1995 5294 2051 5338 ut
2077 5285 2507 5355 alienigenarum
2537 5302 2755 5355 quoque
2788 5298 2968 5341 castra
3006 5288 3302 5344 funderent
3327 5292 3349 5343 ?

1962 5395 1980 5427 ι
2018 5377 2210 5431 Castra
2236 5387 2519 5433 verterunt
2547 5388 2878 5434 exterarum.
2914 5399 2931 5431 ι

1953 5467 2206 5522 Samson.

1956 5558 2118 5614 Vens.
2149 5561 2237 5613 55.
2262 5580 2279 5611 ι
2306 5564 2651 5629 Acceperunt
2669 5563 2925 5619 mulieres
2955 5564 3023 5625 de
3048 5570 3449 5625 resurrectione

1886 5662 2135 5707 mortuos
2166 5670 2317 5709 suos.
2358 5675 2376 5705 ι

1956 5745 2028 5798 Ea
2074 5756 2260 5799 narrat
2308 5763 2426 5815 quze
2465 5748 2745 5816 prephctis
2799 5751 3135 5817 acciderunt,
3171 5753 3299 5809 Elia:
3340 5756 3447 5811 sci-

1883 5837 2049 5900 licet,
2090 5844 2143 5891 et
2196 5836 2393 5893 Eliseo.
2443 5839 2532 5895 lsti
2586 5856 3111 5911 namque'morluos
3160 5848 3226 5903 ad
3276 5850 3442 5907 vitam

1884 5939 2296 5984 revocaverunt.
