4214 6446
692 426 796 492 957

761 559 780 591 ι
823 537 924 591 Alii
964 533 1189 590 distenti
1219 537 1368 592 sunt,
1396 543 1506 583 non
1539 525 1909 595 suscipientes
1938 520 2265 591 redemptie-
2300 522 2340 573 Α

692 647 856 694 nem,
915 637 974 682 ut
1049 626 1326 680 meliorem
1405 621 1715 674 invenirent
1783 613 2267 670 resurrectionem.

694 722 884 798 Heus.
923 721 1026 782 36,
1063 715 1180 787 57.]
1230 716 1334 769 Alii
1373 712 1612 768 ludibria
1659 721 1710 765 et
1761 709 1992 763 verbera
2031 702 2266 774 experti,

697 817 922 884 insuper
954 821 1006 866 et
1051 810 1272 866 vincula
1300 817 1354 862 et
1379 819 1654 861 carceres.
1699 801 1950 872 Lapidati
1988 805 2136 853 sunt.
2182 813 2201 846 ι

772 907 1105 974 Stephanus.

768 1017 786 1050 ι
829 998 973 1052 Secti
1021 1007 1171 1060 sunt,
1215 993 1407 1047 tentati
1467 997 1619 1057 sunt,
1669 989 1723 1042 in
1776 984 2066 1049 occisione
2112 978 2278 1052 gladii

703 1091 907 1146 mortui
959 1096 1108 1143 sunt.
1151 1106 1169 1137 ι

777 1183 882 1235 Fos
909 1196 975 1235 ex
1033 1177 1313 1248 prophetis
1342 1173 1477 1228 dicit
1530 1172 1622 1240 qui
1670 1163 1982 1233 interempti
2038 1161 2280 1224 fuerunt,

707 1274 904 1327 Isaiam
929 1279 1078 1340 puta,
1113 1268 1206 1337 qui
1252 1281 1406 1320 serra
1445 1265 1618 1332 lignea
1643 1266 1826 1314 sectus
1878 1255 2005 1317 fuit.

786 1384 805 1416 ι
842 1364 1196 1417 Circuierunt
1225 1361 1280 1413 in
1339 1356 1552 1410 melotis
1579 1393 1594 1415 ,
1627 1360 1682 1406 et
1733 1349 1967 1420 pellibus
2018 1341 2284 1415 caprinis,

717 1466 962 1526 egentes,
993 1453 1314 1524 angustiati,
1354 1449 1555 1502 allltcti.
1595 1465 1614 1496 ι

787 1551 954 1604 Eluas.

787 1638 1158 1696 Vens.38-LG.
1199 1654 1217 1687 ‹
1250 1635 1460 1700 Quibus
1511 1632 1711 1699 dignus
1739 1644 1849 1683 non
1886 1633 2007 1682 erat
2032 1622 2289 1679 mundus.

721 1736 781 1790 In
813 1733 1204 1790 solitudimbus
1230 1735 1500 1790 errantes,
1527 1726 1580 1778 in
1633 1722 1926 1776 montibus.
1971 1728 2028 1773 et
2067 1716 2291 1786 spelun-

721 1827 823 1889 cis,
857 1833 910 1879 et
959 1822 1208 1878 cavernis
1257 1830 1413 1874 terra:
1439 1838 1454 1882 ;
1481 1825 1536 1872 et
1574 1815 1630 1868 hi
1657 1828 1850 1868 omnes
1875 1809 2197 1866 testimonio
2233 1810 2295 1860 li-

721 1920 810 1974 dei
855 1917 1089 1988 probati,
1118 1929 1225 1968 non
1263 1917 1595 1978 acceperunt
1641 1905 2155 1975 repromissionem,

722 2027 822 2083 pro
861 2011 1016 2064 nobis
1047 2007 1243 2062 melius
1276 2005 1476 2074 aliquid
1515 1999 1873 2072 providente,
1908 2007 1970 2050 ut
2018 2009 2128 2050 non
2173 1994 2295 2048 sine

723 2101 882 2157 nobis
905 2106 1442 2156 eonsummarentur.
1481 2113 1500 2146 ι

1355 2242 1508 2296 CAP.
1541 2238 1656 2292 XII.

796 2386 963 2442 Vens.
999 2383 1050 2438 l.
1085 2400 1105 2435 ι
1138 2383 1372 2451 Ideoque
1406 2389 1460 2434 et
1512 2393 1613 2433 nos
1647 2385 1852 2432 tantam
1889 2374 2151 2427 habentes
2196 2373 2302 2426 im-

731 2483 962 2554 positam
999 2479 1197 2532 nubem
1244 2496 1264 2530 ι

802 2567 994 2630 Eliam,
1015 2565 1246 2635 ejusque
1275 2563 1459 2618 socios
1496 2562 1653 2618 dicit.
1689 2560 1962 2628 denam
2015 2558 2184 2629 igitur
2216 2556 2306 2610 hic

731 2668 889 2715 erant
915 2657 1192 2726 accepturi
1221 2657 1244 2706 ‘?

803 2749 1065 2805 Mundum
1097 2752 1285 2820 utique
1325 2749 1632 2819 intelligere
1677 2756 1894 2818 oportet
1919 2761 2016 2801 eos
2049 2745 2141 2815 qui
2176 2749 2307 2800 sunt

736 2843 792 2896 in
824 2843 1051 2897 mundo.

811 2955 831 2988 ε
876 2934 1140 2999 Testium,
1174 2933 1512 3003 deponentcs
1541 2947 1703 2987 omne
1733 2930 1971 3002 pondus,
2010 2951 2031 2984 ι

806 3028 994 3084 Τεειρε
1020 3028 1174 3090 dicit,
1198 3042 1304 3080 non
1338 3027 1500 3080 ntodo
1531 3025 1624 3095 qui
1665 3025 1767 3080 sub
1809 3039 1953 3078 novo
1983 3031 2312 3078 testamento

739 3131 888 3182 sunt,
924 3121 1017 3175 sed
1067 3129 1228 3173 etiam
1262 3121 1351 3188 qui
1417 3119 1517 3173 sub
1556 3117 1728 3173 veteri
1765 3115 1937 3170 fuere.
1986 3113 2118 3169 Nam
2151 3124 2204 3170 et
2234 3117 2312 3169 illi

741 3213 1112 3268 testimonium
1139 3211 1410 3265 dederunt
1439 3210 1638 3264 divinae
1661 3207 2079 3277 magniﬁcc~fias

755 3363 759 3375 ,
811 3323 830 3354 σ
867 3302 930 3355 Et
982 3305 1350 3357 circumstans
1378 3318 1478 3356 nos
1528 3308 1814 3370 peccaturu
1837 3342 1850 3362 ,
1878 3315 1972 3367 per
1997 3302 2318 3368 patientiam

742 3410 1030 3450 curramus
1057 3394 1122 3446 ad
1147 3394 1487 3463 propositum
1521 3396 1678 3450 nobis
1708 3405 1987 3451 certamen
2010 3415 2022 3448 :
2048 3391 2238 3466 [Veas.
2257 3393 2318 3466 9.]

743 3488 1070 3555 aspicientes
1105 3486 1158 3538 in
1211 3495 1489 3540 auctorem
1549 3486 1674 3543 fidei
1728 3498 1782 3542 et
1815 3495 2320 3542 consummatorcm

742 3577 952 3631 Jesutu.

815 3689 970 3754 Quod
1027 3706 1126 3744 nos
1189 3690 1345 3745 facile
1397 3693 1910 3753 eircttmvenrt,vei
1968 3691 2114 3761 quod
2161 3691 2324 3748 facile

747 3780 909 3850 2'54
959 3781 1341 3834 circumveniri
1373 3792 1554 3850 queat.
1585 3782 1761 3851 Atque
1787 3782 1892 3835 hoc
1913 3784 2119 3848 potius.
2155 3783 2288 3836 Dum

751 3875 912 3924 modo
946 3873 1088 3926 enim
1121 3873 1352 3925 velimus
1375 3914 1390 3937 ,
1422 3872 1563 3926 facili
1607 3875 1828 3943 negotio
1865 3889 2158 3943 possumus
2194 3889 2324 3943 pec-

753 3971 877 4016 cato
905 3965 1217 4031 superiores
1243 3964 1383 4018 ﬁeri.

827 4095 846 4127 ‹
889 4075 1010 4141 Qui,
1058 4079 1338 4147 proposito
1374 4079 1475 4133 sibi
1530 4079 1750 4149 gaudio,
1783 4080 2046 4134 sustinuit
2083 4094 2325 4144 crucem,

752 4168 1079 4222 confusione
1112 4177 1422 4242 contempta
1446 4171 1551 4240 ,λιι
1610 4171 1836 4224 dextera
1888 4171 2036 4224 sedis
2088 4169 2186 4224 Dei
2237 4184 2324 4226 se-

771 4260 786 4270 ο

754 4273 866 4315 est.
900 4279 919 4311 ι

825 4372 941 4424 Hoc
975 4383 1078 4436 est,
1115 4373 1168 4426 in
1195 4381 1465 4442 potestate
1495 4373 1646 4428 illius
1677 4383 1796 4428 erat
1833 4374 1966 4428 nihil
2008 4375 2139 4443 pati,
2167 4375 2213 4430 si
2240 4391 2333 4427 vo-

757 4462 948 4516 luisset
1002 4464 1117 4531 Ipse
1147 4479 1277 4518 vero
1303 4463 1662 4519 nihilominus
1691 4465 1914 4534 pertulit
1945 4481 2186 4527 crucem,
2207 4452 2329 4519 cum

760 4554 908 4607 nulla
934 4555 1264 4608 necessitate
1294 4556 1360 4608 ad
1392 4570 1610 4608 crucem
1635 4556 1951 4624 adigeretur
1998 4554 2134 4610 Nam
2159 4556 2331 4611 nostri

762 4659 926 4699 causa
964 4645 1154 4697 allixus
1185 4653 1268 4697 est
1295 4645 1468 4716 cruci.

820 4752 986 4807 Vnus.
1043 4755 1198 4808 5-10.
1244 4774 1261 4804 ι
1299 4754 1619 4824 Recogitate
1667 4756 1813 4810 enim
1858 4773 1983 4812 cum
2035 4762 2128 4829 qui
2173 4764 2336 4817 talem

767 4845 1031 4899 sustinuit
1083 4858 1111 4894 a
1168 4846 1548 4913 peccatoribus
1628 4845 1918 4901 adversum
1985 4852 2338 4919 semetipsum

768 4937 1287 5000 contradictionem,
1319 4945 1377 4990 ut
1432 4955 1498 4991 ne
1539 4938 1864 5008 fatigemini,
1912 4943 2110 4997 animis
2141 4947 2341 5000 vestris

770 5028 1104 5084 deflerentes.
1139 5028 1391 5082 Nondum
1425 5032 1568 5083 enim
1605 5046 1776 5100 usque
1805 5033 1872 5084 ad
1911 5037 2233 5104 sanguinem
2263 5053 2347 5092 re-

773 5121 1013 5184 stitistis,
1052 5119 1316 5174 adversus
1349 5131 1632 5189 peccatum
1665 5133 2053 5192 repugnantes,
2087 5134 2140 5179 et
2190 5127 2343 5180 obliti

773 5209 911 5263 estis
943 5209 1339 5262 consolationis
1367 5225 1486 5277 quae
1519 5211 1676 5264 vobis
1713 5223 1971 5281 tanquam
2018 5215 2142 5269 filiis
2169 5216 2344 5284 loqui-

776 5307 897 5361 tur,
924 5297 1115 5351 diceus
1161 5320 1169 5350 :
1202 5297 1302 5349 Fili
1361 5301 1428 5348 nti
1463 5341 1476 5361 ,
1509 5301 1617 5352 noli
1669 5303 1937 5369 negligere
1995 5303 2344 5373 disciplinam

775 5389 1015 5451 Domini,
1049 5406 1224 5458 neque
1257 5390 1665 5459 fatigeris,dum
1701 5394 1770 5446 ab
1796 5410 1861 5447 eo
1890 5396 2154 5464 argueris.
2174 5394 2343 5460 Quem

776 5484 920 5538 enint
975 5481 1151 5550 diligit
1208 5481 1503 5545 Dominus,
1559 5484 1792 5551 castigat
1837 5484 2115 5554 :flagellat
2164 5497 2345 5539 autem

779 5589 998 5629 omnem
1030 5575 1202 5627 lilium
1227 5589 1386 5642 quem
1426 5575 1636 5643 recipit.
1675 5577 1726 5629 lu
1777 5577 2068 5645 disciplina
2101 5594 2348 5646 perseve-

781 5672 942 5719 rate:
980 5671 1244 5732 tanquam
1280 5663 1404 5717 filiis
1437 5666 1589 5719 vobis
1621 5664 1773 5718 ollett
1804 5680 1861 5718 se
1894 5664 2055 5719 Deus.
2091 5665 2224 5730 Quis
2254 5681 2350 5718 au-

785 5768 895 5810 tem
933 5757 1075 5811 ﬁlius
1108 5772 1266 5826 quem
1302 5772 1408 5810 non
1440 5759 1665 5827 corripit
1696 5758 1888 5827 palcrt?
1924 5758 2078 5822 Quod
2121 5775 2166 5812 ει
2199 5768 2350 5812 extra

787 5845 1127 5914 disciplinam
1209 5846 1583 5918 estis,cujus
1649 5850 1939 5918 participes
2015 5848 2142 5903 facti
2218 5859 2346 5906 sunt

1877 417 1935 473 S.
1974 405 2290 472 JOANNIS
2328 399 2754 463 DAMASCENI

3845 378 3954 442 988

2440 532 2459 565 ‹
2498 513 2683 567 ’Λλλοι
2703 513 2757 558 δὲ
2779 504 3292 573 ἐτυμπανίσθησαν,
3307 503 3367 554 οὑ
3387 495 3815 571 προσδεξάμενοι
3850 491 3952 560 τὴν

2370 605 2766 676 ἀπ;λύτριεσιν,
2793 601 2885 655 ῐνα
2938 599 3246 670 κρειττονος
3299 593 3650 653 ἀναστάσεως
3685 587 3949 655 τύχωσιν.

2373 700 2589 768 Ἔτεροι
2621 698 2678 750 δὲ
2716 693 3048 764 ἐμπαιγμῶν
3076 696 3168 743 καὶ
3199 687 3478 760 μαστίγων
3504 688 3701 756 πεῖραν
3736 683 3952 748 ἔλαϐον,

2373 792 2451 844 ἔτι
2477 792 2532 843 δὲ
2561 789 2776 859 δεσμῶν
2803 788 2896 840 καὶ
2932 783 3200 852 φυλακῆς.
3250 777 3660 847 Ἐλιθάσθησαν.
3700 795 3719 826 ι

2446 883 2740 950 Στέφανος.

2454 995 2470 1026 ι
2517 971 2909 1040 Ἐπρίσθησαν,
2940 963 3372 1036 ἐπειράσθησαν,
3416 962 3474 1013 ἐν
3503 957 3648 1028 φόνῳ
3678 970 3958 1027 μαχα.ρας

2377 1067 2649 1122 ἀπέθανον
2703 1082 2722 1115 ι

2454 1160 2593 1219 Τούς
2664 1153 3040 1213 ἀποθανόντας
3080 1147 3415 1221 ,ιπροφήτας,
3476 1142 3680 1212 φησὶν,
3733 1141 3812 1203 ὡς
3866 1137 3960 1191 τδν

2395 1253 2643 1311 Ἠσαῖαν,
2681 1250 2761 1301 ὅτι
2789 1249 2846 1299 ἐν
2874 1245 3071 1312 ξυλίνῳ
3105 1239 3344 1313 ἐπρίσθη
3366 1237 3568 1308 πρίονι.

2461 1359 2478 1391 t
2522 1340 2817 1408 ῐιεριῆλθον
2868 1352 2926 1386 εν
2963 1332 3259 1402 μηλωταις,
3327 1332 3385 1382 ἐν
3417 1327 3648 1395 αἰγείοις
3671 1325 3960 1396 δέρμασιν,

2389 1431 2800 1501 ὑστερούμενοι,
2833 1426 3162 1495 θλιϐόμενοι,
3197 1419 3652 1490 κακουχούμενοι.
3679 1437 3697 1469 ι

2473 1523 2661 1584 Ἠλίας

2466 1633 2484 1664 ι
2507 1609 2603 1665 Ὧν
2631 1630 2730 1664 ουκ
2751 1607 2818 1681 ἦν
2851 1611 3001 1676 ἄξιος
3033 1610 3062 1660 ὁ
3093 1608 3321 1676 κόσμος.
3359 1604 3445 1657 Ἐν
3466 1601 3723 1671 ἐρημίαις
3751 1595 3971 1651 πλανὼ-

2399 1721 2566 1774 μενοι,
2601 1703 2696 1755 καὶ
2733 1701 2907 1771 ὃρεσι,
2941 1699 3037 1752 καὶ
3067 1696 3379 1766 σπηλαίοις,
3412 1695 3506 1746 καὶ
3530 1695 3650 1754 ταῖς
3680 1691 3839 1752 ὀπαῖς
3870 1692 3974 1755 τῆς

2397 1812 2501 1864 γης
2524 1811 2538 1824 ·
2569 1794 2664 1845 καὶ
2701 1788 2847 1846 οὗτοι
2881 1793 3081 1851 πάντες
3136 1785 3578 1859 μαρτυρηθέντες
3606 1782 3695 1835 διὰ
3742 1780 3843 1850 τῆς
3883 1779 3978 1830 τεί-

2184 1900 2294 1952 Ι)ρο
2327 1871 2369 1925 Β
2401 1905 2590 1950 στεως,
2639 1888 2740 1938 οὐκ
2787 1885 3113 1954 ἐκομίσαντο
3159 1881 3258 1950 τὴν
3298 1877 3654 1945 ἐπαγγελίαν,
3704 1874 3798 1926 τοῦ
3837 1870 3976 1924 Θεοῦ

2402 1983 2530 2050 περὶ
2548 1981 2701 2048 ἡμῶν
2731 1977 2980 2048 κρεῖττόν
3007 1992 3059 2027 τι
3085 1971 3559 2044 προὸλεψαμένου,
3587 1967 3676 2022 ἵνα
3694 1966 3769 2037 μὴ
3806 1965 3980 2035 χωρὶς

2403 2073 2561 2143 ἡμῶν
2600 2069 2956 2124 τελειωθῶσι.
2993 2087 3011 2118 t

2999 2222 3249 2276 ΚΕΦΑΛ.
3279 2221 3376 2274 IB'.
3424 2279 3458 2310 β

2486 2385 2503 2415 ι
2541 2361 2844 2433 Τοιγαροῦν
2881 2360 2976 2413 καὶ
3000 2360 3164 2429 ἡμεῖς
3203 2354 3462 2408 τοσοῦτον
3489 2365 3705 2422 εχοντες
3739 2346 3988 2418 περικεί-

2414 2474 2573 2530 μενον
2605 2457 2735 2525 ήμῖν
2772 2454 2931 2520 νέφος
2966 2471 2984 2501 ι

2480 2549 2619 2611 Τοὺς
2649 2545 2777 2616 περὶ
2815 2543 2999 2597 Ἠλίαν
3029 2540 3183 2619 φησί.
3207 2539 3271 2592 Τί
3300 2537 3479 2591 τοίνυν
3497 2534 3731 2608 ἤμελλον
3750 2530 3990 2585 ἐνταῦθα

2411 2639 2586 2694 ἀπολα
2594 2636 2816 2706 μϐἀνειν
2842 2655 2857 2701 ;

2484 2733 2704 2800 Κόσμον
2741 2747 2805 2798 γε
2865 2727 2972 2798 μὴν
3005 2727 3063 2779 ἐν
3107 2723 3340 2788 τούτοις,
3377 2723 3506 2784 τούς
3549 2721 3610 2774 ἐν
3636 2719 3833 2791 κόσμῳ
3854 2719 3994 2772 νοεῖ-

2418 2823 2540 2877 σθαι
2575 2822 2797 2893 πρέπει.

2491 2933 2510 2966 ι
2548 2912 2878 2983 Μαρτύρων,
2905 2910 3069 2977 ὅγκον
3093 2907 3423 2977 ἀποθέμενοι
3451 2905 3650 2969 πάντα,
3683 2925 3702 2958 ι
3786 2946 3798 2959 ,

2488 3007 2813 3076 Μάρτυρας,
2871 3002 2992 3071 οὐχὶ
3022 3005 3145 3062 τούς
3186 3001 3245 3052 ὲν
3273 3001 3340 3068 τῇ
3386 2999 3563 3068 Καινῇ
3615 2997 3763 3065 λέγει
3809 2998 3997 3067 μόνοι,

2419 3099 2553 3153 ἀλλὰ
2603 3097 2697 3149 καί
2739 3096 2868 3156 τοὺς
2900 3096 2958 3145 ἐν
3007 3093 3074 3161 τῇ
3110 3089 3340 3158 Παλαιᾷ.
3385 3089 3492 3140 Καὶ
3533 3089 3642 3161 γὰρ
3684 3089 3780 3141 καὶ
3841 3089 4000 3141 αὐτοι

2421 3190 2814 3260 ἐμαρτύρησαν
2840 3187 2906 3255 τῇ
2949 3186 3032 3236 νοῦ
3061 3181 3194 3234 Θεοῦ
3227 3182 3629 3250 μεγαλειότητι.

2498 3300 2515 3331 ι
2566 3282 2677 3332 Καὶ
2705 3280 2805 3348 τὴν
2835 3276 3226 3344 εὐπερίστατον
3267 3274 3566 3342 ἁμαρτίαν,
3607 3272 3674 3324 δι’
3715 3272 4000 3341 ὑπομονῆς

2420 3373 2706 3443 τρέχωμεν
2734 3371 2825 3422 τὸν
2876 3366 3234 3439 προκείμενον
3271 3368 3404 3436 ἡμῖν
3455 3365 3659 3432 ἀγῶνα,
3681 3358 4000 3432 α’φορῶντες

2423 3469 2505 3528 εις
2551 3466 2643 3516 τὸν
2677 3465 2776 3533 τῆς
2809 3461 3046 3523 πίστεως
3092 3458 3356 3529 ἀρχηγὸν,
3418 3459 3510 3510 καὶ
3556 3455 3852 3527 τελειωτὴν
3893 3457 4001 3527 Ἰη-

2427 3577 2564 3612 σουν.
2615 3576 2634 3608 ι

2495 3674 2606 3742 Τὴν
2657 3671 2893 3733 εὐκόλως
2917 3669 3348 3740 περιισταμένην
3383 3668 3551 3738 ήμᾶς,
3577 3666 3612 3736 ἢ
3637 3663 3735 3735 τὴν
3764 3663 4002 3726 εὐκόλως

2427 3766 2747 3835 περίστασιν
2801 3762 3104 3832 δυναμένην
3151 3761 3362 3816 παθεῖν.
3429 3757 3644 3813 Μᾶλλον
3700 3757 3759 3810 δέ
3806 3754 3984 3808 τοῦτο.

2437 3859 2645 3928 Ῥᾴδιον
2681 3857 2790 3927 γὰρ
2819 3855 2913 3907 ἐὰν
2928 3855 3264 3926 θελήσωμεν,
3283 3850 3665 3922 περιγενέσθαι
3694 3852 3798 3920 τῆς
3829 3850 4006 3918 ἀμαρ-

2425 3967 2564 4012 τιας.

2507 4081 2524 4112 ι
2565 4063 2660 4124 Ὃς
2689 4061 2810 4114 ἀντὶ
2837 4060 2937 4126 τῆς
2965 4057 3333 4130 προκειμένης
3369 4055 3516 4125 αὐτῷ
3537 4055 3712 4124 χαρᾶς
3739 4053 4004 4121 ὑπέμεινε

2432 4152 2686 4222 σταυρὸν,
2717 4149 2981 4219 αἰσχύνης
3037 4146 3480 4216 καταφρονήσας,
3527 4147 3583 4196 ἐν
3607 4142 3760 4213 δεξιᾷ
3802 4158 3865 4194 τε
3911 4141 4004 4194 τοῦ

2432 4244 2623 4314 θρόνου
2653 4260 2748 4294 του
2771 4240 2908 4294 Θεοῦ
2940 4239 3253 4295 κεκάθικεν,
3292 4256 3310 4287 t

2504 4355 2817 4420 Τουτέστιν,
2850 4352 2978 4421 ἐξῆν
3009 4351 3158 4421 αὐτῷ
3197 4350 3363 4421 μηδὲν
3407 4351 3622 4412 παθεῖν,
3658 4352 3818 4421 εἴπερ
3843 4351 4005 4420 ἠόού-

2433 4449 2572 4502 λετο.
2625 4449 2682 4501 Ὀ
2735 4447 2793 4498 δὲ
2850 4446 2973 4499 ἀντὶ
3006 4443 3198 4498 τούτου
3231 4441 3466 4511 σταυρὸν
3510 4441 3793 4510 ὑπέμεινε,
3843 4442 4006 4511 μηδεη

2443 4543 2570 4610 μίαν
2597 4540 2734 4608 ἔχων
2769 4539 3012 4608 ἀνάγκην
3075 4534 3166 4588 τοῦ
3212 4532 3612 4605 σταυρωθῆναι.
3657 4529 4008 4604 Ἐσταυρώθη

2440 4633 2547 4701 γὰρ
2584 4630 2739 4699 ήμῶν
2762 4629 2966 4681 ένεκεν.

2519 4763 2536 4794 ι
2586 4738 3003 4809 Ἀναλογίσασθε
3033 4738 3142 4808 γὰρ
3160 4738 3252 4790 τὸν
3279 4735 3535 4805 τοιαύτην
3553 4735 4011 4806 ὑπομεμενηκότα

2445 4837 2548 4890 ὑπὸ
2574 4835 2682 4887 τῶν
2721 4829 3065 4902 ἁμαρτωλῶν
3109 4833 3187 4892 είς
3221 4830 3384 4882 αὐτὸν
3439 4828 3772 4895 ἀντιλογίαν,
3806 4830 3896 4883 ἵνα
3938 4831 4008 4898 μὴ

2448 4929 2682 4995 κάμητε,
2707 4927 2827 4986 ταῖς
2857 4923 3053 4992 ψυχαῖς
3081 4922 3232 4991 ὑμῶν
3249 4921 3585 4990 ἐκλυόμενοι.
3621 4918 3790 4972 Οὔπω
3821 4920 4007 4991 μέχρις

2446 5019 2675 5088 αἵματος
2721 5016 3176 5082 ἀντικατέστητε,
3226 5013 3360 5082 πρὸς
3415 5013 3518 5079 τὴν
3554 5013 3832 5080 ἁμαρτίαν
3890 5013 4011 5064 ἀντ-

2448 5109 2840 5176 αγωνιζόμενοι
2866 5123 2879 5136 ·
2915 5106 3018 5173 καὶζ
3044 5102 3332 5173 ἐκλέλησθε
3364 5102 3464 5170 τῆς
3510 5101 3932 5171 παρακλήσεως,
3954 5101 4012 5170 ἣ-

2449 5219 2534 5263 τις
2561 5202 2687 5268 ὑμῖν
2714 5198 2789 5260 ὼς
2822 5199 2955 5259 υἱοῖς
2985 5194 3310 5260 διαλέγεται·
3343 5193 3440 5245 Υίέ
3481 5209 3604 5260 μου,
3657 5192 3733 5260 μὴ
3765 5177 4013 5260 ὀλιγώρει

2453 5293 2699 5354 παιδείας
2725 5291 2951 5360 Κυρίου,
2983 5287 3117 5357 μηδέ
3154 5286 3351 5340 ἐκλύου
3393 5285 3484 5337 ὑπ’
3516 5283 3679 5337 αὑτοῦ
3728 5283 4014 5352 ἐλεγχόμε-

2454 5404 2564 5448 νος.
2599 5388 2697 5436 Ὃν
2726 5385 2835 5454 γὰρ
2872 5382 3061 5451 ἀγαπᾷ
3087 5381 3311 5450 Κύριος,
3367 5376 3636 5439 παιδεύει,
3671 5378 3930 5446 μαστιγοῖ
3963 5375 4014 5427 δὲ

2456 5479 2634 5532 πάντα
2663 5476 2777 5528 υἱὸν
2803 5475 2860 5527 ὃν
2882 5472 3277 5543 παραδέχεται·
3305 5472 3383 5532 είς
3415 5469 3659 5522 παιδείαν
3680 5471 4007 5539 ὑπομένετε·

2455 5572 2530 5634 ὡς
2559 5571 2694 5632 υἱοῖς
2728 5569 2856 5636 ὑμῖν
2909 5564 3275 5635 προσφέρεται
3321 5565 3349 5615 ὁ
3377 5562 3528 5626 Θεός.
3571 5562 3668 5624 Τίς
3717 5562 3829 5630 γάρ
3874 5563 4012 5614 ἐστιν

2456 5664 2667 5726 υἱὸ;,ὃν
2690 5661 2750 5714 οὐ
2785 5658 3029 5712 παιδεύει
3071 5657 3284 5725 πατήρτ
3333 5656 3396 5707 Εἰ
3441 5655 3494 5707 δέ
3532 5654 3699 5724 χωρίς
3739 5656 3862 5708 έςτε
3890 5671 4007 5706 παι-

2459 5757 2626 5820 δείας,
2662 5748 2727 5824 ἧς
2754 5752 2970 5820 μέτοχοι
3000 5747 3255 5814 γεγόνασι
3292 5745 3508 5806 πάντες,
3555 5746 3662 5812 ἄρα
3689 5743 3832 5795 νόθοι
3874 5741 4002 5804 ἐστὲ,

2456 5846 2550 5901 καὶ
2583 5845 2680 5912 οὐχ
2703 5841 2826 5893 υἱοί.
2860 5836 2992 5892 Εἶτα
3025 5837 3145 5900 τοὺς
3182 5835 3279 5905 μὲν
3303 5834 3399 5904 τῆς
3431 5831 3631 5904 σαρκὸς
3665 5832 3824 5903 ἡμῶν
3843 5827 3997 5885 ﬁatﬁ-
