4214 6446
197 422 300 487 997
1309 424 1388 483 IN
1426 424 1664 484 EPIST.
1694 426 1735 516 _I
1774 426 1872 485 AD
1909 426 2388 488 TIMOTHEURI.
3329 431 3434 499 998

195 541 433 597 ποιεῖτε.
475 540 638 611 Ὁρᾷς
683 540 765 593 ὅτι
811 537 873 591 οὐ
906 538 1034 609 περὶ
1072 536 1359 608 δογμάτων
1402 541 1579 605 ἐστὶν,
1630 540 1765 595 ἀλλὰ
1795 551 1839 604 Α

1795 551 1839 604 Α
1871 543 1933 595 ξιτ
1957 543 2108 596 oculo
2151 553 2238 596 tuo
2270 561 2372 597 non
2428 544 2568 600 vides
2622 545 2699 599 '7?
2739 546 2932 600 Omnia
2961 562 3083 617 ergo
3116 562 3433 618 quwcunqu

194 634 322 704 περὶ
365 633 479 702 βίου
511 633 603 683 καὶ
632 630 828 699 ἔργων.
872 630 1031 682 Ἀλλὰ
1055 631 1082 682 ὁ
1109 629 1316 693 Παῦλος
1343 631 1602 701 πρότερον
1636 650 1731 684 συν
1749 663 1763 673 ο

1867 634 2103 687 dixcrmt
2162 634 2328 698 vobis,
2384 636 2539 704 facile
2567 654 2585 690 :
2629 638 2914 692 secundum
2945 649 3121 693 autem
3157 654 3314 705 opera
3340 655 3431 693 eo-

194 723 426 793 έστησεν
503 722 733 784 αὐτοὺς,
778 722 873 773 καὶ
922 722 1042 773 τότε
1105 722 1289 791 φησὶν,
1321 724 1604 777 Πείθεσθε
1642 724 1764 790 τοῖς

1868 742 1984 779 rum
2020 730 2183 781 nolite
2202 728 2377 792 facere
2413 730 2478 785 ³⁸.
2507 730 2670 785 Vides
2699 732 2890 800 igitur,
2922 745 3030 784 non
3060 732 3127 785 de
3156 730 3429 797 doctrina,

192 814 552 883 ἡγουμένοις
575 811 743 881 ὑμῶν
762 852 778 877 ,
803 813 897 864 καὶ
927 810 1216 866 ὑπείκετε.

1868 817 1964 871 sed
2014 818 2081 873 de
2126 820 2251 872 vitae
2287 820 2504 873 ratione
2538 829 2593 874 et
2635 822 2896 891 cperibus
2942 836 3248 876 sermonem
3282 835 3428 876 esse.

192 906 401 961 Paulus
432 908 637 976 itaque.
671 904 837 973 258
886 919 1009 956 cum
1084 906 1322 973 primum
1346 919 1442 959 eos
1512 907 2003 974 commendat-erit,
2058 918 2191 965 tunc
2251 912 2433 966 dicit:
2501 910 2716 967 Obedite
2762 914 3061 983 praposilis
3123 913 3331 978 vestris,
3380 922 3433 967 et

191 998 481 1066 aubjacetc.

265 1107 286 1141 ι
344 1088 805 1159 ’Δπολελυμένονο
860 1089 977 1159 μεθ’
1008 1082 1070 1142 οὗ
1101 1128 1116 1152 ,
1149 1090 1246 1143 ἐὰν
1282 1090 1469 1159 τάχιον
1500 1089 1754 1159 ἔρχηται,

1939 1111 1957 1144 ι
1985 1091 2303 1154 Dimissum,
2322 1106 2446 1146 cum
2465 1105 2577 1161 quo
2608 1091 2675 1158 (si
2706 1091 2941 1146 celerius
2968 1090 3202 1161 venerit)
3229 1089 3430 1145 videbo

189 1180 392 1251 ὂψομαι
422 1181 583 1250 ὑμᾶς.
629 1179 971 1235 Ἀσπάσασθε
1008 1181 1214 1244 πάντας
1256 1184 1382 1245 τοὺς
1422 1182 1755 1251 ἡγουμένους

1860 1200 1979 1237 vos.
2015 1184 2264 1236 Salutate
2298 1198 2488 1237 omnes
2510 1184 2844 1253 praepositos
2870 1190 3108 1248 vestros,
3155 1191 3211 1237 et
3235 1196 3432 1237 omnes

190 1272 367 1341 ὐμων,
400 1273 496 1325 καὶ
524 1272 732 1334 πάντας
755 1274 880 1336 τοὺς
901 1272 1108 1340 ἁγίους.
1151 1274 1509 1337 ’Δσπάζονται
1537 1276 1679 1341 ὑμᾶς
1705 1276 1754 1326 οἱ

1495 1291 1509 1325 ι
1537 1276 1679 1341 ὑμᾶς
1705 1276 1754 1326 οἱ
1860 1282 2099 1327 sanctos.
2136 1272 2390 1325 Salutant
2426 1289 2520 1327 vos
2548 1274 2643 1343 qui
2677 1281 2808 1328 sunt
2836 1272 2904 1326 de
2934 1272 3103 1329 Italia.
3140 1292 3159 1326 ι

189 1366 297 1421 άπὸ
323 1366 425 1433 τῆς
468 1364 711 1427 Ἰταλίας.
754 1382 773 1414 ι

267 1456 763 1524 Ἅπολελυμένον.
794 1453 998 1517 mea;
1034 1450 1202 1525 Οτμαι
1240 1456 1404 1507 αὐτὸν
1432 1456 1513 1518 εἰς
1540 1455 1749 1524 δεσμω-
1930 1502 1931 1507 η

1930 1456 2234 1508 Dimissum.
2301 1453 2455 1508 Unde
2486 1468 2611 1507 reor
2641 1454 2795 1508 illum
2832 1454 2887 1507 in
2928 1468 3208 1508 carcerem
3240 1454 3427 1520 conje-

185 1549 376 1618 τήριον
405 1545 807 1616 ἐμὸεόλῆσθαιο
851 1546 884 1615 ῆ
930 1546 978 1597 εἰ
1011 1545 1085 1614 μὴ
1121 1544 1307 1608 τοῦτο,
1350 1546 1457 1599 ἀπὸ
1514 1545 1751 1611 Ἀθηνῶν

1855 1556 2003 1599 ctum
2064 1547 2267 1610 fuisse;
2314 1547 2399 1601 sin
2452 1561 2606 1611 vero,
2650 1545 2944 1599 dimissum
2996 1545 3253 1599 Athenis.
3285 1544 3422 1599 Nam

182 1637 603 1707 ἀπολελυμένον.
633 1635 746 1690 Καὶ
780 1634 889 1705 γὰρ
921 1636 1017 1688 καὶ
1051 1634 1209 1688 τοῦτο
1253 1639 1311 1689 ἐν
1356 1639 1478 1692 ταῖς
1514 1636 1752 1705 Πράξεσι

1676 1653 1752 1687 εσι
1852 1648 1908 1690 et
1947 1638 2047 1690 huc
2077 1652 2293 1707 quoque
2327 1639 2380 1691 in
2414 1636 2645 1691 Actibus
2683 1637 3055 1705 apostolorum
3088 1635 3340 1690 habetur.

184 1728 386 1780 κεῖται.

259 1837 281 1870 ι
334 1818 401 1870 Ἥ
430 1816 588 1888 χάρις
623 1816 759 1887 μετὰ
793 1817 1010 1870 πάντων
1042 1816 1213 1887 ὑμῶν.
1260 1816 1453 1887 Ἀμήν.
1495 1837 1513 1868 ι

1925 1816 2090 1871 Vens.
2121 1817 2212 1869 25.
2245 1834 2261 1866 ι
2303 1814 2489 1869 Gratia
2519 1830 2643 1867 cum
2672 1815 2928 1869 omnibus
2952 1814 3129 1870 vobis.
3163 1794 3354 1869 Anien.
3394 1834 3413 1865 ι

263 1907 329 1961 Ἦ
356 1910 516 1977 χάρις
550 1908 668 1972 πῶς
698 1909 906 1977 γίνεται
956 1910 1074 1979 μεθ’
1125 1909 1316 1980 ήμῶν;
1347 1912 1442 1964 ἐὰν
1479 1911 1554 1981 μὴ
1594 1910 1748 1981 ὑθρί-
1925 1928 1927 1946 ε

1925 1909 2171 1974 Quonam
2224 1910 2386 1963 modo
2423 1910 2597 1977 gratia
2630 1908 2918 1962 nobiscum
2957 1909 3088 1971 erit.
3140 1909 3187 1963 si
3218 1907 3423 1962 beneli-

180 2015 366 2068 σωμεν
394 2001 474 2061 εἰς
500 1999 599 2068 τὴν
628 2000 962 2071 εὐεργεσίαν.

1854 1996 2046 2050 centiaa
2081 1996 2176 2049 Dei
2210 2011 2551 2065 nequaquam
2586 1997 2773 2065 iujurii
2804 1997 3052 2057 erimus?

177 2089 338 2156 Πρὸς
374 2088 677 2156 Ἐϐραίους
701 2088 925 2157 ἐγράφη
956 2089 1072 2142 ἀπὸ
1101 2088 1212 2155 τῆς
1247 2088 1506 2155 Ἰταλίας
1530 2088 1627 2142 διὰ
1661 2095 1747 2145 Τι-

1852 2087 2100 2157 Epistota
2126 2087 2193 2140 ad
2222 2086 2471 2140 Ilebra'os
2494 2099 2568 2141 ἐκ
2601 2088 2765 2141 Italia
2794 2090 2993 2157 scripta
3023 2099 3099 2143 est
3125 2106 3216 2157 per
3237 2089 3422 2145 Timo-

613 2181 853 2248 μοθέου.
892 2182 1139 2250 Στίχων.
1183 2180 1303 2249 ψγδ.

1289 2221 1303 2234 ,
2306 2180 2498 2233 (hermi.
2552 2180 2794 2235 Versibus
2823 2180 2946 2235 705.

247 2270 399 2341 (Τὴν
426 2272 561 2342 πρὸς
588 2272 871 2341 Ἑϐραίους
922 2273 1235 2343 Ἐπιστολὴν
1266 2274 1468 2343 ἱστορεῖ
1492 2273 1737 2342 Κλήμης,

1918 2272 1939 2343 (
1964 2272 2259 2342 Fpistolam
2289 2271 2353 2324 ad
2383 2271 2637 2324 Hebraeos
2664 2271 2921 2325 edisserit
2948 2271 3223 2336 Clemens,
3258 2272 3420 2340 cujus

170 2354 237 2416 οὗ
290 2366 563 2435 μέμνηται
607 2364 853 2427 Παῦλος,
882 2365 940 2426 ὃς
978 2366 1072 2417 καὶ
1122 2365 1415 2427 ἐπίσκοπος
1458 2366 1744 2433 Ῥωμαίων

1846 2364 2096 2417 meminit
2153 2363 2372 2425 Paulus,
2428 2365 2633 2430 quique
2701 2364 3075 2416 Romanorum
3127 2362 3419 2431 episcopus

170 2453 428 2521 ἐγένετο·
472 2453 545 2514 ὡς
590 2452 801 2506 Παύλου
849 2453 1016 2523 αὐτὴν
1073 2452 1347 2523 Ἑϐραίοις
1384 2455 1452 2523 τῇ
1502 2453 1741 2523 Ἐϐραΐδι

1845 2456 1947 2510 fuit
1977 2472 1991 2509 :
2026 2464 2086 2510 ut
2124 2472 2319 2523 nempe
2344 2470 2467 2509 cum
2498 2454 2800 2523 Apostolus
2828 2469 2947 2508 eam
2980 2453 3256 2519 Hebraico
3280 2454 3418 2507 idio-

170 2545 441 2615 διαλέκτῳ
492 2546 849 2611 συντάξαντος
886 2545 1238 2616 ήρμηνεύθη,
1290 2545 1364 2607 ὦ,
1409 2563 1587 2607 τινες,
1640 2546 1742 2598 ὑπὸ

1844 2554 1990 2599 male
2021 2548 2363 2613 scripsrsset,
2406 2545 2460 2597 in
2491 2545 2741 2599 Graecum
2780 2546 3049 2600 translata
3081 2546 3172 2607 sit,
3204 2554 3264 2598 ut
3296 2545 3417 2612 qui-

170 2637 363 2690 Λουκᾶ
405 2636 498 2690 τοῦ
541 2637 930 2705 εὐαγγελιστοῦ
961 2655 976 2668 ο
1026 2639 1101 2701 ὡς
1143 2637 1203 2690 δὲ
1242 2638 1414 2702 ἄλλοι,
1446 2638 1550 2691 ὑπὸ
1576 2637 1741 2691 αὑτοῦ

1846 2634 1970 2691 dem
2003 2635 2284 2691 nonnullis
2319 2637 2516 2706 placet,
2551 2654 2579 2689 ιι
2626 2636 2772 2691 Luca
2802 2637 3176 2707 evangelista;
3206 2645 3267 2691 ut
3291 2635 3415 2690 aliis

169 2728 273 2781 τοῦ
303 2728 640 2799 Κλήμεντος.
664 2732 681 2798 )
1314 2721 1318 2725 ’

1314 2721 1318 2725 ’
1847 2741 2004 2792 vero,
2033 2730 2103 2781 ab
2127 2728 2320 2783 eodem
2346 2726 2651 2783 Clemente.
2677 2730 2693 2797 )

262 2840 304 2875 ⁸⁷
336 2841 524 2897 Matth.
558 2858 653 2905 vu,
676 2844 731 2896 4.
817 2844 862 2876 ¹⁸
884 2843 1051 2897 Matth
1115 2858 1275 2909 nm,
1307 2845 1363 2898 5.

739 3194 911 3280 ΕΙΣ
1004 3191 1652 3280 ΕΠΙΣΤΟΛΗΝ
1702 3192 1997 3279 ΠΡΟΣ
2077 3189 2666 3279 ΤΙΜΟΘΕΟΝ
2710 3184 2827 3273 Α’.

554 3542 686 3631 ΙΝ
758 3541 1425 3635 EPISTOLAM
1502 3538 1962 3630 PBIMAM
2033 3539 2181 3627 AD
2261 3536 3038 3645 TlMOTHEUM.

1729 3756 1803 3769 —

597 3857 988 3911 ΚΕΦΑΛΑΙΟΝ
1044 3857 1334 3910 ΠΡΩΤΟΝ.
1760 3875 1802 3931 ρ

1228 3858 1334 3910 0N.
1760 3875 1802 3931 ρ
2345 3858 2574 3915 CAPUT
2603 3861 2892 3918 ιιιιιιιυιι.

232 3965 257 3999 σ
295 3946 505 4010 Παῦλος
562 3947 852 4009 ἀπόστολος
906 3947 1141 4017 Χριστοῦ
1185 3949 1357 4017 Ἰησοῦ
1396 3951 1515 4001 κατ’
1544 3953 1733 4007 ἐπιτα-

1730 3984 1733 3993 ,
1901 3952 2069 4010 Vens.
2110 3954 2163 4018 1,
2192 3954 2247 4010 2.
2285 3970 2302 4004 ι
2343 3953 2545 4009 Paulus
2597 3958 2880 4026 apostolus
2912 3956 3043 4014 Jesu
3072 3959 3273 4018 Christi
3307 3980 3394 4022 se-

150 4038 263 4109 τὴν
322 4037 460 4091 Θεοῦ
518 4038 726 4109 Πατρδς
774 4039 882 4107 (12)
932 4039 1084 4108 ὑμῶν
1143 4041 1234 4091 καὶ
1282 4042 1484 4110 κυρίου
1557 4044 1727 4114 Ἰησοῦ

1830 4048 2071 4101 cundqu
2102 4046 2393 4114 imperium
2442 4045 2537 4101 Dei
2583 4047 2762 4103 Patris
2813 4052 3011 4117 nostri,
3063 4061 3118 4106 et
3174 4056 3391 4112 Domini

150 4128 398 4201 Χριστοῦ
418 4130 527 4196 τῆς
574 4128 789 4193 ἐλπίδος
836 4132 1015 4200 ήμῶν,
1049 4131 1297 4200 Τιμοθέῳ
1320 4134 1526 4203 γνησίῳ
1554 4136 1727 4207 τέκνῳ

1830 4141 2005 4193 nostri
2051 4137 2181 4193 Jesu
2214 4136 2416 4192 Christi
2458 4140 2575 4209 spei
2607 4149 2832 4208 nostrae,
2874 4141 3167 4201 Timotheo
3190 4148 3390 4206 dilecto

148 4223 213 4272 ἐν
257 4221 459 4273 πίστει.
492 4238 511 4269 ι

1828 4230 1937 4283 ﬁlio
1965 4230 2016 4282 in
2051 4229 2174 4284 fide.
2203 4249 2220 4280 ι

235 4308 459 4378 Ἐπειδὴ
514 4308 683 4377 μέγας
724 4305 792 4379 ἧν
835 4312 864 4363 ὁ
894 4312 1041 4378 ἀγὼν
1091 4312 1168 4383 τῷ
1217 4314 1470 4386 μαθητῇ·
1504 4316 1723 4385 δέσμιος
1893 4337 1899 4363 ι

1722 4338 1723 4343 π
1893 4320 2164 4387 Quoniam
2216 4337 2471 4391 magnum
2520 4330 2801 4379 certamen
2835 4326 3191 4384 incumbebat
3220 4330 3386 4389 disci-

141 4401 266 4471 γὰρ
311 4396 380 4471 ἦν
408 4400 549 4470 ὑπὲρ
578 4400 669 4453 τοῦ
706 4402 1057 4471 κηρύγματος
1131 4405 1318 4457 τούτου
1360 4408 1517 4477 χάριν
1562 4407 1720 4471 εὐθὺς

1824 4411 1970 4479 pulo,
2012 4425 2133 4465 cum
2186 4411 2401 4465 vinctus
2435 4422 2580 4467 esset
2633 4421 2856 4482 pr0pter
2908 4408 3407 4490 praedicationem;

139 4495 214 4544 ἐκ
248 4490 552 4559 προοιμίων
588 4490 865 4561 ἀνίστησιν
900 4493 1062 4545 αὑτοῦ
1107 4493 1204 4563 τὴν
1234 4496 1432 4567 ψυχὴν,
1476 4497 1717 4566 Σωτῆρα

1821 4516 1939 4555 eam
1970 4501 2039 4554 oh
2070 4516 2293 4554 causam
2337 4503 2515 4555 statim
2573 4502 2642 4558 ab
2675 4504 2898 4560 exordio
2940 4508 3183 4564 animum
3233 4512 3383 4572 illius

138 4581 241 4634 τὸν
275 4579 407 4632 Θεὸν
434 4581 615 4632 καλῶν
634 4598 647 4612 ο
674 4583 857 4650 ὅμοιον
884 4582 939 4634 δὲ
966 4584 1041 4645 ὡς
1074 4584 1122 4635 εἰ
1148 4584 1314 4652 λέγοι·
1349 4589 1421 4640 Οὐ
1454 4590 1556 4659 χρὴ
1580 4593 1717 4659 ἀκη-

1820 4593 2008 4662 ει·ιείι,
2049 4592 2214 4647 Deum
2265 4592 2598 4647 Salvatorem
2646 4606 2841 4665 vocat;
2873 4600 3100 4667 perinde
3131 4618 3197 4657 ac
3219 4606 3265 4659 si
3293 4608 3381 4661 di-

135 4668 271 4736 διᾷν
299 4669 359 4718 ὲν
386 4668 504 4727 ταῖς
528 4666 791 4736 θλίψεσιν,
824 4668 1035 4738 ἔχοντες
1065 4671 1290 4743 Σωτῆρα
1318 4675 1410 4729 τὸν
1437 4676 1589 4742 Θεὸν,
1622 4681 1714 4731 καὶ

1818 4695 2003 4739 ceret:
2037 4684 2153 4738 Non
2188 4701 2288 4740 nos
2319 4694 2532 4755 oportet
2564 4688 2618 4741 in
2662 4666 3052 4747 afﬂictionibus
3087 4696 3382 4755 concidere
3436 4764 3442 4770 ι

135 4755 341 4808 ἐλπίδα
367 4756 458 4808 τὸν
490 4757 744 4827 Χριστόν.

1818 4775 2023 4838 animo,
2054 4774 2147 4844 qui
2200 4774 2372 4829 Deum
2427 4776 2728 4833 habeamus
2764 4780 3100 4839 Salvatorem
3134 4795 3189 4841 et
3210 4787 3378 4844 'Chri-

1818 4874 1963 4920 stum
1997 4882 2168 4933 spem.

214 4946 565 5042 Ebpisfopsv
605 4952 713 5021 γάρ
753 4952 815 5005 τὸ
862 4952 1084 5024 Πνεῦμα
1126 4956 1282 5024 λέγον
1312 4973 1324 4987 ·
1376 4958 1715 5027 Ἆφορίσατέ

1711 4963 1715 4993 ι
1890 4957 2203 5011 Invenimus
2251 4958 2398 5012 enim
2467 4957 2738 5028 Spiritum
2783 4964 3063 5021 edixisse:
3098 4966 3375 5042 Segregate

128 5054 246 5105 μοι
278 5036 526 5090 Παῦλον
555 5040 649 5091 καὶ
678 5041 1007 5108 Βαρνάϐαν.

1815 5049 1944 5101 mihi
1980 5046 2206 5101 Paulum
2243 5061 2291 5099 et
2322 5047 2625 5103 Barnabam
2663 5052 2731 5107 ι’,

218 5145 241 5178 ε
283 5128 490 5199 Χάρις,
521 5132 702 5195 ἔλεος,
748 5135 937 5205 εἰρήνη
965 5137 1072 5191 ἀπὸ
1098 5136 1233 5201 Θεοῦ
1274 5139 1486 5210 Πατρδς
1522 5140 1705 5211 ἡμῶν,

1890 5158 1907 5190 ι
1962 5140 2172 5200 Gratia,
2226 5142 2636 5208 misericordia,
2692 5159 2794 5214 pax
2853 5162 2882 5199 a
2942 5147 3053 5203 Deo
3103 5148 3265 5208 Patre
3316 5165 3369 5211 et

130 5219 242 5273 καὶ
278 5220 485 5289 Κυρίου
514 5222 750 5291 Χριστοῦ
793 5226 967 5295 Ἰησοῦ
1002 5228 1099 5280 τοῦ
1128 5229 1333 5299 Κυρίου
1362 5231 1538 5299 ήμῶν.
1580 5251 1595 5281 ι
1740 5227 1783 5281 D

1083 5228 1099 5280 3
1128 5229 1333 5299 Κυρίου
1362 5231 1538 5299 ἡμῶν.
1580 5251 1595 5281 ι
1740 5227 1783 5281 D
1812 5231 2028 5285 Christo
2056 5229 2187 5285 Jesu
2216 5231 2446 5285 Domino
2480 5243 2692 5289 nostro.
2730 5255 2747 5287 ι

211 5310 331 5362 Καὶ
356 5311 518 5364 τοῦτο
536 5313 635 5380 τῆς
664 5315 893 5384 Θλίψεως
912 5320 1317 5389 παραμυθικόν.
1344 5322 1591 5392 Οὐδαμοῦ
1616 5324 1707 5377 τὸν

1705 5343 1707 5360 ι
1883 5326 2061 5391 Atque
2113 5323 2216 5377 hoc
2253 5332 2339 5377 est
2384 5322 2696 5380 aﬂlictiohis
2736 5328 3097 5385 levamentum
3127 5344 3181 5388 et
3225 5337 3369 5391 sola-

126 5398 296 5452 ἔλεον
332 5400 367 5471 ἢ
406 5402 641 5456 ἐνταῦθα
676 5405 982 5476 ὠνόμασεν.

1814 5428 1961 5467 men.
1990 5411 2273 5483 Nusquam
2317 5414 2746 5471 misericordiam
2781 5419 2866 5475 his
2898 5424 2951 5476 in
2992 5424 3129 5480 locis
3164 5442 3365 5485 memo-

1817 5504 1973 5557 ravit.

127 5592 185 5629 ”
210 5594 346 5649 Act.
380 5611 500 5658 xm.
524 5597 582 5651 '2.

1639 5696 1869 5755 ΝΟΤΑΞ.

203 5778 329 5851 (12)
366 5780 455 5835 btc
479 5782 696 5850 quidem
722 5784 936 5840 codices
962 5786 1171 5856 aliquot
1205 5804 1220 5840 :
1252 5796 1443 5843 auctor
1464 5804 1594 5846 vero
1622 5807 1742 5847 cum
1773 5796 1867 5847 Chl

1274 5796 1443 5843 lllClOl'
1464 5804 1594 5846 vero
1622 5807 1742 5847 cum
1773 5796 2161 5865 Chrysostomo
2179 5811 2230 5856 et
2256 5802 2376 5860 aliis
2407 5805 2632 5876 legebat,
2671 5809 2938 5881 Σωτῆρος.
