4214 6446
250 427 386 494 1001

1262 416 1336 473 1N
1375 411 1612 472 EPIST.
1678 410 1774 469 Al)
1804 407 2261 467 TIMUTUEUM
2321 408 2364 465 l.

3352 405 3488 470 1002

236 536 541 608 ταγμάτων
570 531 688 585 ἐστὶ
705 529 799 582 τοῦ
820 530 1008 599 νόμου,
1035 527 1214 580 οὐκέτι
1243 524 1429 595 χρείαν
1466 524 1604 590 ἔχων
1646 518 1815 587 γάλα·
1847 525 1891 580 Α

1847 525 1891 580 Α
1927 516 2065 585 legis
2095 558 2107 580 ,
2144 525 2200 569 ut
2232 518 2323 585 qui
2363 531 2470 569 non
2504 515 2737 583 amplius
2768 528 2903 584 Opus
2933 512 3071 570 laclc
3116 515 3342 579 habeat,
3392 519 3486 575 sed

237 646 386 690 κτος,
434 626 529 679 an
554 622 743 676 λοιπὸν
776 624 843 691 τῇ
878 620 1073 689 στερεᾷ
1116 618 1399 687 χρώμενος
1436 616 1631 683 τροείῇ·

315 738 331 769 ι
403 717 649 784 Ἀνόμοις
697 714 752 767 δὲ
802 714 898 766 καὶ
963 711 1385 768 ἀνυποτάκτοις,
1435 704 1661 759 ἀσεϐέσι
1716 703 1810 755 καὶ

240 810 607 881 ἁμαρτωλοῖς,
640 806 875 867 ἀνοσίοις
912 803 1009 856 καὶ
1034 800 1305 871 βεϐήλοις,
1336 796 1691 867 πατραλοίαις
1718 795 1814 847 καὶ

242 902 599 974 μητραλοίαις
657 897 1032 969 ἀνδροφόνοις,
1078 895 1320 962 πόρνοις,
1379 890 1809 959 ἀρσενοκοίταις,

238 997 711 1068 ἀνδραποδισταῖς,
733 994 1017 1062 ψεύσταις.
1046 989 1343 1060 ἐπιόρκοις,
1373 986 1467 1040 καὶ
1488 984 1607 1038 εἴτι
1627 985 1813 1055 ἓτερον

238 1092 308 1160 τῇ
336 1088 654 1159 ὑγιαινούσῃ
680 1084 1001 1154 διδασκαλίᾳ
1036 1082 1360 1136 ἀντίκειται.
1379 1098 1397 1129 ι

315 1264 504 1319 Ταῦτα
532 1267 610 1327 εἰς
647 1262 934 1324 Ἰουδαίους
965 1260 1282 1314 αἰνίττεται.
1315 1261 1389 1311 05
1415 1260 1526 1329 γὰρ
1550 1254 1616 1329 ἦν
1644 1275 1817 1329 παρα-

244 1357 441 1426 νομίας
467 1351 623 1417 εἶδος,
657 1354 686 1406 ὃ
717 1353 791 1424 μὴ
821 1352 1113 1423 ἔπραττον.
1143 1353 1235 1403 Διὸ
1257 1351 1351 1403 καὶ
1374 1350 1602 1420 σφοδρὸς
1633 1350 1815 1412 αὐτοῖς

244 1448 404 1518 ἐτέθη
435 1448 598 1516 νόμος
628 1443 870 1506 κολάζων
910 1442 1369 1514 παραϐαίνοντας.

321 1646 339 1679 ι
390 1624 538 1678 Kac?)
597 1623 655 1677 τὸ
689 1623 1018 1691 Εὐαγγέλιον
1056 1621 1157 1690 τῆς
1202 1621 1360 1690 δόξης
1402 1620 1496 1672 τοῦ
1545 1621 1817 1690 μακαρίου

244 1716 405 1779 Θεοῦ,
433 1717 461 1769 ὃ
490 1714 817 1781 ἐπιστεύθην
850 1712 959 1779 ἐγώ
980 1728 992 1741 '
1039 1714 1133 1765 καὶ
1163 1713 1324 1784 χάριν
1361 1712 1468 1781 ἔχω
1494 1714 1567 1782 τῷ
1600 1713 1815 1765 ἐνδυνα-

248 1806 493 1878 μώσαντί
526 1822 615 1875 με,
647 1802 867 1874 Χριστῷ
913 1802 1088 1872 Ἰησοῦ
1120 1803 1198 1872 τῷ
1229 1803 1417 1872 Κυρίῳ
1449 1803 1624 1872 ἡμῶν.
1655 1822 1673 1854 ι

314 1897 682 1966 Εὑαγγέλιον
725 1894 911 1963 δόξης
947 1895 1078 1947 αὐτὸ
1108 1898 1284 1959 καλεῖ,
1320 1896 1387 1947 δι’
1430 1896 1579 1947 ούδέν
1607 1896 1814 1964 ἕτερον,

244 1987 362 2039 ἀλλ’
394 1986 426 2055 ἦ
462 1985 596 2056 πρὸς
625 1986 753 2046 τοὺς
799 1984 1228 2054 αἰσχυνομένους
1256 1986 1348 2036 ἐπὶ
1394 1987 1504 2046 τοῖς
1534 1986 1817 2053 διωγμοῖς,

246 2077 342 2128 καὶ
371 2079 462 2130 ἐπὶ
499 2076 578 2147 τῷ
617 2077 782 2129 πάθει
836 2078 931 2130 τοῦ
983 2077 1223 2147 Χριστοῦ
1256 2095 1268 2107 ·
1310 2076 1342 2147 ἢ
1380 2077 1516 2146 τάχα
1550 2078 1646 2131 καὶ
1692 2078 1819 2149 περὶ

244 2169 357 2221 τῶν
388 2168 692 2238 μελλόντων
714 2170 1011 2221 αἰνίττεται
1042 2168 1296 2236 ἀγαθῶν.

328 2280 347 2312 ι
397 2260 521 2312 Ὅτι
554 2259 743 2312 πιστόν
773 2276 837 2328 με
857 2260 1124 2329 ἡγήσατο,
1159 2258 1386 2328 θέμενος
1411 2261 1489 2322 εἰς
1520 2258 1817 2318 διακονίαν.

244 2355 341 2407 τὸν
400 2353 668 2423 πρότερον
731 2352 859 2403 ὄντα
914 2350 1257 2421 βλάσφημον,
1296 2354 1391 2404 καὶ
1421 2351 1677 2419 διώκτην,
1726 2354 1821 2403 καὶ

247 2445 549 2515 ὑϐριστήν
611 2444 745 2495 ἀλλὰ
784 2442 1043 2511 ἠλεήθην,
1084 2444 1165 2494 ὅτι
1218 2442 1431 2511 ἀγνοῶν
1502 2442 1733 2511 ἐποίησα
1765 2443 1822 2491 ἐν

246 2537 498 2605 ἀπιστία.
570 2535 1040 2604 ’Υπερεπλεόνασε
1083 2533 1140 2586 δὲ
1199 2535 1231 2603 ἠ
1281 2534 1438 2607 χάρις
1473 2533 1567 2586 τοῦ
1618 2534 1821 2604 Κυρίου

248 2630 408 2697 ἡμῶν
464 2626 603 2697 μετά
660 2627 899 2689 πίστεως
930 2627 1021 2680 καὶ
1079 2626 1300 2695 ἀγάπης
1330 2627 1428 2696 τῆς
1488 2627 1544 2677 ἐν
1602 2626 1822 2698 Χριστῴ

263 2720 460 2790 Ἰησοῦ.
504 2738 522 2771 ι

324 2812 531 2877 Εἰπὼν,
588 2814 670 2864 ὃτι
730 2812 1130 2878 Ἐπιστεύθην
1168 2814 1237 2865 τὸ
1294 2812 1664 2881 Εὐαγγέλιον
1710 2811 1822 2878 τῆς

248 2901 441 2968 δόξης
464 2901 569 2954 τοῦ
591 2902 760 2967 Θεοῦ,
788 2902 975 2970 ἐπειδὴ
1006 2902 1149 2967 ἔδοξε
1181 2905 1325 2971 μέγα
1350 2902 1705 2970 φθέγξασθαι,
1735 2903 1821 2953 ἵνα

260 2994 336 3062 μή
364 3010 449 3055 τις
476 2991 602 3062 δόξῃ
638 2992 696 3055 ἐξ
742 2993 998 3055 ἀπονοίας
1035 2994 1195 3045 τοῦτο
1240 2998 1432 3053 ποιεῖν,
1493 2994 1680 3046 σκόπει
1714 2994 1823 3057 πῶς

252 3082 679 3153 ἐπιδιορθοῦται,
704 3084 923 3145 ἀνάξιον
956 3084 1147 3136 ἐαυτὸν
1177 3084 1350 3149 λέγων
1380 3084 1466 3136 διὰ
1491 3084 1588 3153 τὴν
1622 3084 1821 3154 προτέ-

1918 607 2147 662 robusm
2174 608 2285 677 jam
2316 609 2439 663 cibo
2472 615 2746 662 vescatur.

1991 718 2008 749 ι
2045 699 2151 752 Sed
2184 699 2439 769 injuslis,
2468 708 2521 755 et
2569 716 2673 754 non
2723 701 2991 767 subditis,
3028 701 3210 774 impiis
3267 709 3320 755 et
3366 715 3492 772 pec-o

1914 791 2232 856 caloribus,
2263 792 2548 848 seelcratis
2579 801 2632 847 et
2657 793 3050 847 contaminatis
3072 833 3087 857 ,
3121 790 3412 862 parricidis
3438 801 3493 846 et

1914 885 2250 949 matricidis,
2285 882 2592 946 liomicidis,
2630 884 2821 954 [\‘Ens.
2858 882 2946 955 i0]
2982 883 3335 949 fornicariis,
3366 898 3487 936 ma-

1915 979 2192 1032 sculorum
2247 976 2697 1032 concubitoribus
2732 1018 2746 1039 ,
2813 978 3100 1047 plagiariis
3132 1019 3148 1042 ,
3207 976 3495 1032 mendaci-

1915 1067 2052 1132 bus,
2092 1076 2147 1121 et
2183 1068 2453 1138 perjuris,
2485 1074 2540 1118 et
2572 1068 2619 1120 si
2666 1068 2796 1137 quid
2850 1067 2999 1121 aliud
3045 1080 3194 1123 sana:
3222 1066 3495 1122 doctrinae

1917 1161 2259 1213 adversatur.
2299 1177 2316 1209 ι
3098 1208 3102 1211 Α

2000 1252 2096 1307 llis
2133 1252 2313 1306 verbis
2348 1250 2565 1307 Iudaeos
2600 1251 2802 1306 innuit.
2838 1250 3053 1305 Nullum
3087 1254 3294 1324 quippe
3324 1268 3498 1323 genus

1919 1343 2227 1413 iniquitatis
2276 1341 2377 1397 fuit
2430 1344 2573 1413 quod
2624 1343 2698 1396 illi
2760 1357 2867 1396 non
2922 1343 3306 1411 perpetrarint.
3361 1344 3497 1398 Pro—

1920 1445 2100 1505 pterea
2132 1434 2476 1489 severissima
2500 1435 2581 1488 lex
2611 1436 2691 1489 eis
2720 1436 2977 1505 imposnta
3007 1442 3089 1488 ρει
3109 1474 3123 1500 ,
3144 1448 3263 1503 qua:
3285 1448 3495 1504 praeva-

1920 1528 2194 1581 ricatores
2227 1528 2465 1596 puniret.

1993 1616 2161 1671 Vens.
2205 1617 2431 1671 11-14.
2464 1635 2482 1668 ι
2515 1614 2831 1670 Secundum
2892 1614 3247 1683 Evangelium
3307 1616 3497 1686 gloriae
3565 1646 3571 1651 -

1924 1708 2067 1763 beati
2097 1708 2229 1771 Dei,
2264 1708 2409 1778 quod
2443 1706 2714 1763 creditum
2747 1714 2832 1761 est.
2865 1706 3019 1760 mihi.
3059 1706 3123 1760 Et
3153 1708 3361 1785 gratias
3393 1723 3496 1778 ago

1870 1860 1887 1867 Α,
1922 1800 1969 1851 i-i
1994 1800 2083 1867 qui
2112 1814 2196 1853 me
2218 1800 2572 1861 conlortavit,
2592 1797 2812 1851 Christo
2835 1790 2963 1851 Jesu
2988 1791 3220 1850 Domino
3246 1806 3492 1851 nostro.»

1985 1889 2196 1943 Nullam
2253 1891 2323 1944 ob
2369 1905 2593 1946 causam
2641 1891 2869 1944 alteram
2912 1889 3260 1960 Evangelium
3312 1891 3498 1961 gloria

1920 1982 2086 2043 dicit,
2118 1982 2223 2035 nisi
2257 1981 2384 2050 quia
2419 1995 2514 2035 eos
2548 1982 2872 2050 alloquitur,
2910 1982 3149 2051 quibus,
3182 1996 3308 2036 cum
3346 1983 3499 2036 inse-

1922 2074 2192 2128 rtationes
2214 2112 2228 2135 ,
2264 2083 2376 2125 tum
2409 2073 2613 2127 Christi
2651 2072 2834 2142 passio
2863 2072 3165 2142 opprobrio
3190 2080 3368 2129 erant.
3400 2070 3497 2127 Vel

1925 2168 2108 2221 forsan
2146 2164 2328 2219 futura
2367 2167 2506 2220 bona
2540 2166 2739 2219 innuit.

1990 2256 2152 2328 260
2180 2277 2197 2307 ι
2233 2257 2334 2323 Qui
2372 2274 2455 2312 me
2493 2258 2703 2311 ﬁdeli-ni
2755 2260 3129 2323 existimavit,
3182 2274 3395 2330 ponens
3443 2260 3498 2313 in

1926 2349 2271 2415 ministerio;
2306 2349 2399 2418 qui
2446 2349 2600 2417 prius
2635 2349 2985 2419 blasphemus
3017 2350 3091 2405 fui
3117 2391 3131 2414 ,
3161 2360 3213 2405 et
3246 2366 3499 2420 persecuo

1927 2450 2033 2500 tor,
2062 2448 2114 2491 ιιι
2146 2440 2585 2493 contumeliosus
2610 2457 2624 2505 ;
2657 2440 2752 2495 sed
2782 2441 3215 2496 misericordiam
3244 2441 3338 2499 Dei
3366 2459 3497 2498 con—

1925 2543 2149 2586 διιρυίης
2195 2549 2313 2584 sunt
2337 2574 2350 2593 ,
2383 2532 2513 2600 quia
2557 2532 2815 2602 ignorans
2847 2531 2950 2586 feci
2984 2534 3038 2588 in
3085 2534 3494 2591 incredulitate.

1928 2623 2407 2696 Superabundavit
2454 2633 2633 2679 autem
2678 2625 2853 2694 gratia
2903 2624 3121 2681 Domini
3164 2630 3339 2684 nostri
3373 2644 3500 2684 cum

1928 2718 2032 2768 lide
2062 2727 2115 2769 et
2143 2715 2434 2769 dilectione
2456 2757 2469 2779 ,
2504 2730 2627 2784 quas
2657 2724 2742 2769 est
2775 2716 2829 2768 in
2857 2714 3260 2774 CbristoJesu.
3301 2738 3319 2771 ι

1996 2808 2262 2873 Quoniam
2306 2806 2554 2868 dixerat,
2596 2804 2937 2875 Evangelium
2967 2807 3155 2876 gloria:
3199 2808 3300 2862 Dei
3329 2810 3503 2863 credi.

1929 2912 2035 2952 tum
2083 2909 2160 2953 cst
2208 2898 2380 2960 milii;
2431 2913 2552 2951 cum
2614 2914 2868 2965 magnum
2922 2901 3053 2969 quid
3110 2903 3504 2971 pronuntiasse

1927 2993 2226 3055 videretur,
2285 3009 2351 3045 ne
2402 3000 2662 3061 putarent
2717 2993 2889 3062 aliqui
2929 2993 2981 3047 id
3026 2994 3094 3048 ab
3140 2994 3262 3065 ipso
3295 2995 3501 3051 factum

1928 3085 2315 3140 ostentationis
2365 3099 2532 3154 ergo,
2584 3083 2709 3139 vide
2759 3086 3034 3152 quomodo
3086 3087 3188 3142 hoc
3236 3090 3501 3159 corrigit,

255 3191 357 3244 ραν
378 3175 623 3241 ἄγνοιαν.
647 3175 711 3225 ’Ἃ
724 3192 799 3242 μα
822 3175 877 3226 δὲ
901 3176 994 3226 καὶ
1022 3177 1237 3245 ἐπαίρει
1261 3176 1346 3226 τὸν
1368 3178 1513 3227 ἔλεον
1539 3176 1631 3227 τοῦ
1663 3175 1820 3241 Θεοῦ,
1848 3188 1892 3244 c

1848 3188 1892 3244 (ζ
1926 3178 2213 3247 indignum
2246 3178 2487 3245 seipsum
2520 3177 2715 3231 dicens
2749 3177 2843 3231 illo
2870 3194 3095 3233 inuncrc
3124 3189 3346 3249 pmpter
3377 3196 3505 3250 pra:-

252 3265 349 3317 καὶ
398 3264 497 3334 τὴν
547 3264 983 3333 φιλανθρωπίαν,
1031 3266 1122 3316 τίι
1178 3267 1446 3337 πρότερον
1482 3266 1671 3317 εαυτοῦ
1714 3266 1826 3334 βίον

252 3354 647 3423 ἐξηγούμενος.

333 3548 352 3581 ι
392 3529 590 3592 Πιστὸς
617 3530 645 3582 ὁ
677 3529 852 3597 λόγος,
887 3530 984 3583 καὶ
1019 3530 1202 3598 πάσης
1236 3530 1510 3597 ἀποδοχῆς
1542 3529 1713 3593 ἄξιος,
1745 3531 1827 3582 ὅτι

254 3623 494 3691 Χριστὸς
536 3621 740 3690 Ἰησοῦς
783 3618 949 3691 ἦλθεν
984 3622 1065 3683 εἰς
1094 3621 1185 3673 τὸν
1234 3620 1438 3689 κόσμον
1468 3620 1825 3690 ἁμαρτωλοὺς

255 3711 457 3772 σῶσαι,
491 3704 567 3765 ὧν
598 3710 814 3780 πρῶτός
845 3712 961 3780 είμι
993 3708 1129 3779 ἐγώ·
1176 3709 1313 3762 ἀλλά
1359 3709 1448 3761 διὰ
1473 3709 1633 3761 τοῦτο
1663 3709 1829 3778 meﬁ-

256 3802 382 3870 θην,
417 3802 503 3854 ἶνα
536 3802 595 3854 ἐν
623 3805 748 3872 ἐμοὶ
774 3802 977 3872 πρώτῳ
1018 3802 1316 3871 ἐνδείξηται
1364 3801 1571 3869 Ἰησοῦς
1599 3800 1831 3869 Χριστὸς

254 3895 357 3962 τὴν
380 3895 559 3947 πᾶσαν
591 3894 997 3964 μακροθυμίαν.
1038 3914 1055 3944 ι

331 4072 519 4135 Οὕτως
548 4072 783 4141 μεγάλαι
814 4078 953 4125 εισὶν
980 4074 1037 4125 αἰ
1069 4072 1383 4144 εὐεργεσίαι
1431 4072 1525 4125 τοῦ
1554 4070 1711 4136 Θεοῦ,
1739 4075 1833 4125 καὶ

260 4166 443 4215 πᾶσαν
493 4164 843 4234 ἀνθρωπίνην
891 4165 1325 4234 ὑπερδαίνουσαι
1368 4164 1693 4233 προσδοκίαν
1741 4166 1833 4216 καὶ

261 4256 471 4315 ἐλπίδα,
509 4257 586 4319 ὡς
643 4257 911 4326 πολλαχοῦ
962 4259 1058 4310 καὶ
1111 4256 1487 4311 ἀπιστεῖσθαι.
1526 4259 1590 4308 *Λ
1622 4256 1729 4325 γὰρ
1759 4256 1833 4325 μὴ

259 4350 432 4402 εῖδετὸ
483 4366 636 4413 ποτε,
698 4352 834 4420 μήτε
895 4352 1199 4421 ἐνενόησεν,
1243 4354 1379 4422 μήτε
1432 4351 1832 4421 προσεδόκησεν

260 4439 387 4501 νοῦς
409 4430 773 4509 ἀνθρώπινος,
807 4442 980 4494 ταῦτα
1004 4445 1138 4511 ἡμῖν
1164 4443 1477 4513 ἐχαρίσατο.
1502 4445 1593 4495 Διὸ
1623 4444 1831 4512 μέλλων

1926 3272 2138 3325 teritam
2175 3269 2568 3339 ignorantiam.
2622 3267 2734 3322 Una
2769 3286 2901 3324 vero
2934 3271 3024 3323 Dei
3072 3271 3503 3327 miscricordiam

1926 3370 1979 3415 et
2011 3362 2404 3416 humanitatem
2453 3361 2708 3424 extollit,
2765 3369 3073 3416 anteactam
3131 3365 3295 3416 vitam
3348 3362 3504 3419 suam

1927 3453 2250 3507 enarrando.

2005 3544 2166 3601 Vens.
2210 3546 2297 3608 15,
2336 3548 2419 3601 16.
2441 3568 2457 3598 ι
2492 3546 2691 3601 Fidelis
2719 3561 2903 3601 sermo
2928 3558 2985 3601 et
3009 3548 3154 3601 omni
3185 3548 3507 3618 acceptione

1930 3638 2158 3707 dignus,
2192 3637 2335 3705 quod
2367 3636 2527 3692 Jesus
2559 3636 2813 3691 Christus
2847 3636 2994 3691 venit
3044 3638 3097 3690 in
3155 3638 3299 3692 hunc
3342 3655 3497 3693 mun-

1930 3726 2057 3779 dum
2088 3734 2403 3794 peccatores
2433 3726 2615 3781 salvos
2649 3725 2830 3781 facere
2852 3767 2867 3792 ,
2895 3741 3129 3795 quorum
3164 3730 3372 3796 primus
3405 3745 3506 3798 ego

1931 3835 2071 3872 sum.
2113 3816 2217 3871 Sed
2253 3817 2376 3871 ideo
2420 3816 2853 3890 misericordiam
2884 3825 3217 3872 consecutus
3271 3834 3414 3875 sum.
3447 3830 3506 3871 ut

1933 3907 1985 3958 in
2021 3921 2103 3957 me
2136 3906 2312 3974 primo
2345 3906 2661 3960 ostenderet
2693 3905 2951 3961 Christus
2975 3905 3136 3961 Jcsus
3166 3921 3382 3961 omnem
3414 3923 3507 3979 pa-

1934 3997 2200 4050 tientiam.
2236 4018 2253 4048 ι

2001 4086 2130 4138 Tum
2171 4101 2376 4155 magna:
2407 4094 2533 4140 sunt
2567 4086 2936 4141 beneﬁcentia:
2967 4084 3096 4151 Dei,
3138 4096 3360 4155 tamque
3395 4088 3501 4139 hu-

1936 4194 2146 4230 umnam
2168 4178 2627 4246 exspectationem
2647 4189 2699 4231 et
2719 4193 2865 4245 spem
2889 4192 3103 4231 omnem
3128 4179 3416 4245 excedunt,
3446 4186 3504 4232 ut

1933 4268 2012 4320 eis
2047 4282 2189 4333 sa-pe
2219 4268 2348 4320 lides
2378 4267 2699 4337 denegetur.
2726 4266 2798 4318 Ea
2830 4267 3032 4335 quippe
3060 4267 3284 4320 donavnt
3310 4268 3499 4327 nobis.

1934 4371 2052 4423 (line
2088 4372 2240 4408 mens
2276 4356 2551 4419 hominis,
2589 4372 2685 4409 nec
2718 4366 2871 4409 nowt
2903 4372 3171 4425 unquam,
3212 4372 3314 4410 nec
3350 4359 3504 4427 cogi-

1936 4447 2106 4508 tavit,
2155 4454 2249 4498 aut
2294 4448 2649 4516 exspectavit.
2682 4448 3043 4515 Quapropter,
3078 4454 3397 4518 priusquam
3440 4464 3502 4502 ea

258 4529 401 4584 αὐτὰ
450 4531 654 4599 λέγειν,
706 4534 1116 4604 προλαμόάνει,
1164 4536 1258 4587 καὶ
1322 4535 1467 4603 λέγει
1493 4554 1504 4565 ·
1543 4538 1762 4602 Πιστὸς
1802 4539 1833 4587 ό
1868 4528 1909 4583 Ι)

1868 4528 1909 4583 Ι)
1936 4537 2239 4601 edisserat,
2283 4538 2543 4607 praefatur
2586 4548 2641 4593 et
2686 4541 2804 4593 ait:
2841 4536 3044 4592 Fidelis
3072 4556 3242 4593 sermo
3271 4550 3320 4593 et
3362 4541 3504 4592 omni

258 4624 465 4690 λόγος,
495 4624 593 4676 καὶ
617 4624 819 4691 πάσης
850 4624 1160 4694 ἀποδοχῆς
1206 4624 1395 4689 ἄξιος.
1448 4627 1536 4689 Ὠς
1571 4630 1617 4678 εἰ
1650 4625 1827 4695 λέγοιο

260 4716 351 4784 Μή
383 4731 465 4774 τις
491 4716 764 4784 ἀπιστήσῃ
793 4710 873 4777 οἷς
905 4716 1171 4785 μέλλομεν
1194 4717 1356 4781 ἐρεῖν.
1375 4737 1391 4766 ι

337 4825 356 4855 ι
402 4805 545 4873 ιΙρδς
581 4806 925 4858 ὑποτύπωσιν
948 4805 1061 4859 τῶν
1094 4806 1397 4875 μελλόντων
1434 4808 1710 4860 πιστεύειν
1742 4811 1830 4860 ἐπ’

261 4895 413 4965 αὖτῴ
445 4899 525 4958 εἰς
551 4896 694 4963 ζωὴν
734 4896 972 4950 αἰώνιον.
1003 4897 1092 4966 Τῷ
1124 4898 1179 4949 δέ
1228 4898 1443 4967 βασιλεῖ
1487 4898 1593 4950 τῶν
1618 4899 1832 4952 αἰώνων

260 4990 549 5059 ἀᾳθαρτῳ,
586 4991 729 5060 μόνῳ
762 4990 910 5060 σοφῷ
933 4991 1073 5061 θεῷ,
1099 4991 1253 5060 τιμὴ,
1286 4991 1413 5056 δόξα
1442 4994 1518 5053 εἰς
1547 4994 1674 5053 τοὺς
1704 4991 1833 5043 αἰῶ-

261 5097 361 5141 νας
394 5082 505 5133 τῶν
536 5080 769 5133 αἰώνων.
816 5081 1006 5149 Ἀμήν.
1062 5079 1279 5149 Ταύτην
1314 5082 1411 5152 τὴν
1451 5082 1832 5151 παραγγελίαν

260 5172 640 5242 παρατίθεμαί
682 5186 787 5231 σοι,
820 5172 1007 5224 τεκνον
1037 5173 1291 5242 Τιμόθεε.
1322 5194 1337 5225 ι

335 5263 667 5332 Βουλόμενος
686 5265 893 5327 πεῖσαι,
920 5265 1107 5333 φησὶν,
1131 5268 1158 5317 ό
1178 5264 1312 5327 Θεὸς
1336 5266 1462 5327 τοὺς
1486 5263 1828 5334 ἀνθρώπους,

257 5354 342 5407 ὅτι
372 5353 550 5407 πάντα
574 5354 756 5418 αὐτοῖς
789 5355 1037 5423 ἀφίησιν,
1066 5356 1164 5424 ἐμὲ
1191 5355 1429 5421 ἐδέξατο.

340 5462 361 5495 ι
404 5444 561 5498 Κατά
584 5445 683 5507 τάς
712 5446 1061 5515 προαγούσας
1097 5448 1189 5499 ἐπὶ
1232 5447 1290 5498 σὲ
1324 5449 1684 5516 προφητείας,
1745 5450 1831 5501 ἵνα

262 5538 539 5606 στρατεύῃ
571 5539 629 5588 ἐν
655 5537 840 5599 αὐτοῖς
870 5537 967 5607 τὴν
1006 5539 1180 5609 καλὴν
1222 5540 1533 5610 στρατείαν,
1569 5542 1708 5609 ἔχων
1740 5543 1832 5592 πί-

260 5645 384 5683 στιν
414 5629 510 5679 καὶ
543 5628 756 5697 ἀγαθὴν
801 5628 1128 5698 συνείδησιν.
1160 5647 1177 5679 ι

331 5719 709 5787 Ιιροφητείαν
738 5718 971 5771 ἐνταῦθα
998 5720 1095 5790 τὴν
1125 5722 1459 5789 χειροτονίαν
1488 5723 1640 5791 φησὶ,
1674 5723 1740 5776 δι’
1767 5719 1834 5792 ἧς

261 5812 322 5865 τὸ
355 5810 580 5879 Πνεῦμα
631 5810 811 5864 ἔλαϐε.
848 5810 1236 5879 Πληθυντικὼς
1264 5813 1317 5865 δὲ
1346 5812 1515 5875 αὐτὰς
1550 5813 1828 5882 ὀνομάζει,

586 5907 851 5965 Pa'l‘lmt.
899 5907 1012 5965 Cn.
1056 5908 1234 5968 XCV.

1936 4631 2230 4696 acceptione
2265 4628 2471 4699 dignus.
2510 4631 2585 4684 Ac
2630 4630 2675 4685 si
2720 4631 2911 4683 dic-at:
2961 4628 3135 4683 Nonio
3177 4649 3237 4683 ca
3284 4630 3506 4686 credere

1938 4731 2163 4786 tenuat,
2197 4739 2317 4789 qua:
2350 4724 2621 4775 narraturi
2657 4738 2872 4779 smnus.

2015 4812 2141 4864 (Ad
2193 4813 2633 4865 Inl'oriuationem
2676 4827 2866 4865 eorum
2918 4815 3011 4879 qui
3066 4812 3325 4864 erulituri
3380 4821 3508 4866 sunt

1935 4904 2010 4957 illi
2052 4906 2103 4956 in
2138 4904 2301 4955 vitam
2338 4911 2624 4957 mternam.
2661 4902 2851 4973 [γωδ.
2890 4902 3119 4975 17,18.]
3158 4902 3289 4973 Regi
3324 4914 3506 4959 autem

1935 4997 2259 5049 sa'culornm
2292 4996 2584 5048 immortali
2614 5010 2666 5049 ct
2702 4996 3000 5060 invisibili,
3028 4997 3128 5050 soli
3162 4996 3303 5061 Deo,
3337 4996 3509 5051 honor

1933 5098 1985 5139 et
2008 5088 2195 5156 gloria,
2232 5090 2282 5140 in
2318 5088 2514 5140 smcula
2548 5089 2894 5141 Stertilornni.
2932 5089 3122 5142 Anien.
3158 5087 3269 5143 Hoc
3303 5104 3509 5159 praece-

1937 5190 2085 5248 ptuni
2121 5178 2447 5231 continendo
2479 5181 2608 5242 tibi,
2646 5180 2717 5231 ﬁli
2753 5178 3064 5232 Timothce.
3097 5200 3115 5228 ι

2002 5269 2144 5324 Deus
2166 5310 2179 5332 ,
2213 5269 2425 5337 inquit,
2464 5288 2573 5340 quo
2608 5270 2968 5339 persuaderet
2999 5270 3350 5335 hominibus,
3378 5285 3511 5326 cuna

1935 5368 2019 5412 eia
2053 5358 2161 5413 illis
2192 5358 2523 5421 condonari,
2558 5361 2672 5428 ipse
2705 5374 2791 5413 ine
2822 5360 3090 5429 suscepit.

2006 5470 2022 5500 ι
2056 5449 2367 5503 Secundum
2413 5453 2784 5520 priecedentes
2834 5452 2890 5505 in
2944 5460 2996 5506 te
3042 5452 3395 5521 prophetias.
3450 5458 3509 5505 ut

1936 5544 2134 5595 milites
2164 5542 2216 5595 in
2249 5544 2354 5595 illis
2388 5546 2585 5596 bonam
2623 5545 2908 5608 militiam,
2945 5540 3138 5614 [VI-ms.
3169 5542 3260 5615 19]
3301 5542 3508 5597 habens

1943 5634 2101 5686 ﬁdem
2132 5646 2186 5687 et
2216 5635 2412 5687 bonam
2446 5636 2862 5689 conscientiam.
2897 5657 2915 5686 ι

2011 5724 2347 5792 Prop/leuam
2379 5726 2466 5779 hic
2494 5727 2735 5796 appellat
2761 5725 3199 5789 ordinationem,
3227 5738 3323 5795 per
3345 5740 3506 5793 quam

1938 5813 2200 5884 Spiritum
2256 5826 2564 5886 avri-perat.
2629 5817 2833 5872 Plurali
2894 5829 3081 5872 autem
3138 5832 3231 5871 eas
3285 5823 3513 5871 numero

2955 5913 3026 5971 32
