4214 6446
280 351 415 416 1005

1399 358 1479 418 IN
1520 357 1753 418 El’IST.
1794 360 1897 418 AD
1945 356 2403 421 TIMOTHEUM
2470 358 2521 418 Ι.

3371 354 3507 421 1006

276 470 553 543 ἱματισμῷ
591 473 891 538 πολυτελεῖ,
921 474 1034 528 ἀλλ’
1068 476 1095 529 ὃ
1126 474 1322 548 πρέπει
1356 475 1624 544 γυναιξὶν,
1661 479 1833 543 ἐπαγ-
1864 469 1940 536 Δ’“

1864 469 1912 536 Λ’
1936 475 2019 529 vel
2050 482 2198 530 reste
2227 475 2501 545 pretiosa;
2556 472 2650 525 scd
2692 471 2837 541 quod
2883 472 3037 527 decet
3065 473 3343 537 mulieres,
3375 489 3504 544 pro-

268 563 618 634 γελλομέναις
652 566 964 619 θεοσέϐειαν
987 566 1055 620 δι’
1086 568 1265 639 ἔργων
1285 568 1525 637 ἀγαθῶν.
1565 590 1583 620 ι

339 654 616 719 Τοντέστι,
684 657 1020 726 πανταχόθεν
1096 659 1545 728 περιστέλλεσθαι
1630 659 1831 723 καλῶς,

266 744 405 813 ὅπερ
435 748 546 798 ἐστὶ
576 746 768 799 πολλοῦ
798 745 963 815 φόϐου
990 749 1356 817 σημαντικόν.

343 854 362 885 ι
392 837 531 906 Γυνὴ
563 839 621 889 ὲν
647 830 848 908 ἠσυχίᾳ
884 838 1224 908 μανθανέτω.
1270 840 1330 891 ὲν
1369 839 1519 909 πάσῃ
1552 840 1828 910 ὑποταγῇ.

267 928 492 981 Γυναικὶ
514 930 569 980 δὲ
595 928 864 982 διδάσκειν
909 930 1009 982 οὒκ
1038 931 1341 998 ἐπιτρέπω,
1398 932 1520 983 οὐδὲ
1555 931 1836 985 αὐθεντεῖν

265 1020 489 1088 ἀνδρὸς,
532 1020 648 1075 ἀλλ’
686 1017 827 1073 εἶναι
862 1022 921 1074 ἑν
970 1023 1194 1093 ἠσυχίᾳ.
1258 1024 1429 1093 Ἀδὰμ
1458 1023 1566 1094 γὰρ
1620 1025 1832 1095 πρῶτος

264 1105 667 1177 ὲπλάσθη,εἷτα
706 1108 838 1161 Εὕα.
876 1126 894 1159 ι

334 1199 665 1267 Βουλόμενος
711 1199 894 1253 αὐτῶν
933 1200 1231 1272 περικόψαι
1282 1202 1381 1271 τὴν
1426 1203 1684 1275 ἀφορμὴν
1730 1204 1827 1267 τῖκς

269 1286 482 1353 λαλιᾶς,
510 1290 631 1341 οὐδὲ
660 1289 934 1342 διδάσκειν
986 1291 1154 1354 auri;
1188 1293 1493 1363 ἐπιτρέπει.
1528 1295 1638 1346 Καὶ
1676 1293 1834 1347 τοῦτο

267 1380 378 1447 γὰρ
409 1380 701 1453 κοσμιότης
755 1381 891 1445 ἐστὶ,
959 1382 1087 1451 περὶ
1143 1399 1208 1455 ης
1240 1384 1332 1435 καὶ
1376 1382 1665 1452 διελέγετο,
1698 1387 1833 1455 μηδὲ

260 1467 441 1520 λαλεῖν
466 1470 618 1532 ὅλων
645 1471 793 1539 ’Ἅμα
821 1470 879 1522 δὲ
910 1471 1001 1524 καὶ
1042 1472 1142 1542 τὴν
1173 1472 1353 1525 αἰτίαν
1376 1473 1615 1545 τίθησιν,
1643 1476 1830 1545 ἐπειδὴ

262 1556 412 1620 ἅπαξ
441 1559 664 1625 ἐδίδαξε,
718 1560 811 1612 καὶ
840 1560 930 1614 τὸν
956 1561 1124 1629 ἄνδρα
1166 1562 1537 1634 κατέστρεψεν
1561 1604 1576 1628 ,
1632 1567 1725 1618 καὶ
1764 1569 1830 1637 τῇ

263 1652 515 1717 παρικοῇ
548 1648 848 1701 ὑπεύθυνον
870 1648 1142 1721 ὲποίηεεν.
1399 1720 1406 1726 _

338 1765 357 1797 ι
404 1749 514 1801 Καὶ
557 1749 725 1820 Ἀδὰμ
752 1751 850 1803 οὐκ
872 1752 1151 1821 ἠπατήθη,
1180 1753 1212 1821 ἡ
1247 1750 1303 1805 δὲ
1330 1751 1465 1825 γυνὴ
1490 1752 1827 1823 ἀπατηθεῖσα

1938 567 2216 620 mittentes
2248 567 2501 635 pietatem
2531 579 2627 635 per
2656 565 2798 619 bona
2830 579 3017 633 opera.
3055 584 3073 617 ι

2009 658 2122 714 Hoc
2176 669 2281 721 est,
2337 657 2701 728 uudequaque
2754 656 2957 712 debent
2999 658 3251 713 modesto
3301 659 3503 714 vestitu

1936 748 2014 800 uti
2047 764 2062 802 :
2097 746 2150 801 id
2172 745 2319 816 quod
2346 747 2499 799 multi
2535 746 2749 802 timoris
2775 754 3157 815 argumentum
3187 755 3290 802 est.

2006 835 2171 892 Vnus.
2213 837 2393 889 ‘H-la.
2462 836 2708 891 «Mulier
2770 839 2824 891 in
2870 838 3091 891 silentio
3146 836 3326 892 discat
3380 853 3503 893 cum

1936 930 2294 998 subiectione.
2326 928 2531 984 Docere
2589 939 2770 984 autem
2803 930 3018 983 mulieri
3066 945 3173 983 non
3218 930 3501 1000 permitto,

1936 1037 2111 1090 neque
2132 1022 2397 1075 dominari
2429 1020 2481 1073 in
2513 1020 2706 1085 virum,
2727 1020 2821 1075 sed
2850 1036 2969 1075 esse
2998 1022 3050 1074 in
3075 1020 3313 1075 silentio.
3332 1021 3503 1076 Adam

1937 1111 2142 1180 primus
2172 1111 2436 1166 formatus
2465 1120 2569 1176 est,
2596 1110 2792 1166 deinde
2826 1113 2953 1165 Era.
2980 1131 2998 1164 ι

2005 1209 2139 1259 (Tum
2196 1206 2324 1261 velit
2373 1206 2719 1277 loquacitatis
2746 1208 3067 1265 occasiones
3089 1210 3171 1265 eis
3196 1218 3502 1280 amputare,

1934 1313 2037 1352 nec
2086 1299 2355 1367 permittit
2387 1307 2446 1353 ut
2479 1300 2739 1355 doceant.
2787 1298 2913 1354 Haec
2948 1316 3094 1354 enim
3124 1309 3211 1357 est
3242 1301 3502 1357 honestas

1935 1389 2026 1441 illa
2056 1388 2123 1443 de
2157 1404 2265 1457 qua
2299 1389 2521 1445 locutus
2555 1397 2695 1454 erat,
2720 1390 3092 1461 przecipiendo
3125 1407 3194 1447 ne
3228 1392 3502 1448 ullatenus

1934 1478 2301 1547 loquerentur.
2328 1478 2555 1550 Insuper
2593 1488 2771 1537 autem
2802 1489 2857 1536 et
2915 1482 3004 1536 hic
3048 1497 3269 1537 causam
3324 1482 3500 1550 aﬁ‘ert,

1934 1572 2079 1639 quod
2115 1587 2309 1640 nempe
2373 1587 2497 1626 cum
2524 1573 2697 1627 semel
2727 1574 2999 1635 docuerit,
3048 1573 3131 1629 vir
3157 1574 3225 1627 ab
3255 1575 3371 1643 ipsa
3403 1574 3499 1629 de-

1930 1661 2111 1729 jectus
2138 1661 2229 1721 sit,
2257 1670 2311 1715 et
2344 1662 2715 1731 inobsequens
2736 1663 3016 1723 redditus.

2006 1749 2169 1804 Vens.
2217 1752 2304 1813 14,
2336 1753 2420 1806 l5.
2457 1768 2477 1803 ι
2512 1752 2576 1806 Et
2599 1752 2769 1807 Adam
2804 1769 2911 1807 non
2938 1764 3021 1809 est
3055 1753 3351 1818 seductus;
3376 1770 3499 1809 mu-

259 1836 319 1888 ὲν
364 1855 431 1888 πα
472 1811 906 1908 αϐἀσειγέγονεί
932 1811 1257 1910 Συθήσεται
1299 1811 1356 1894 δὲ
1386 1811 1475 1896 δια
1500 1847 1599 1914 τῆς
1637 1811 1825 1897 τεκνο-
1863 1811 1904 1866 Β

1863 1811 1904 1866 Β
1932 1842 2030 1897 lier
2062 1851 2243 1898 autem
2300 1844 2525 1899 seducta
2557 1844 2612 1898 in
2655 1847 3113 1913 praevaricatione
3154 1845 3279 1900 fuit.
3306 1846 3498 1901 Salva-

258 1928 466 1993 γονίας,
522 1929 616 1981 ἐὰν
667 1931 926 2000 μείνωσιν
965 1934 1025 1984 ὲν
1071 1931 1277 1997 πίστει,
1318 1934 1414 1987 καὶ
1470 1935 1685 2006 ἀγάπῃ,
1733 1939 1825 1989 καὶ

258 2015 514 2085 ἁγιασμῷ
546 2016 685 2085 μετὰ
717 2018 1093 2090 σωφροσύνης.
1133 2038 1151 2071 ι

327 2192 471 2259 Πρὸς
515 2190 803 2263 σύγκρισιν
889 2194 987 2258 τῆς
1032 2195 1307 2262 γυναικὸς,
1359 2199 1525 2267 φησιν
1557 2199 1716 2252 αὐτὸν
1752 2199 1826 2270 μὴ

253 2281 602 2350 ἠπατῆσθαι·
630 2284 790 2336 πάλιν
825 2283 882 2336 δὲ
920 2286 979 2337 οὐ
1014 2288 1143 2356 περὶ
1192 2286 1362 2358 Ἀδὰμ
1399 2287 1633 2359 εἴρηται,
1689 2288 1825 2345 Εἷδε

254 2370 319 2422 τὸ
342 2370 536 2432 ξύλον
559 2370 645 2424 ὅτι
679 2373 774 2426 καί
806 2374 999 2427 καλὸν
1018 2380 1104 2442 εἰς
1120 2376 1377 2445 βρῶσιν,
1402 2377 1539 2433 ἀλλᾶ
1564 2383 1693 2452 περὶ
1723 2384 1821 2451 τῆς

252 2463 530 2528 γδναικό;.
566 2464 676 2519 Καὶ
726 2466 932 2538 ἔφαγε,
997 2469 1095 2522 καί
1142 2470 1329 2525 ἔδωκε
1382 2472 1480 2525 καί
1521 2470 1604 2537 τῷ
1653 2474 1822 2542 ἀνδρὶ

248 2553 465 2621 αὐτῆς,
497 2555 637 2611 ὥστε
671 2553 827 2622 οὗτος
886 2559 987 2612 οὐχ
1038 2560 1308 2631 ἐπιθυμίᾳ
1357 2562 1541 2626 ἐνδοὺς
1584 2566 1818 2637 παρέϐη,

252 2644 389 2698 αλλὰ
435 2650 499 2718 τῇ
534 2665 756 2715 γυναικι
793 2651 1039 2715 πεισθείς

856 2810 1031 2861 ΚΕΦΛ
1041 2810 1078 2860 Α
1090 2849 1101 2861 .
1144 2808 1213 2862 Γν.

324 2934 343 2967 ι
377 2916 572 2979 Πιστὸς
595 2919 623 2969 ὁ
650 2917 821 2986 λόγος.
865 2937 882 2970 ι

328 3016 557 3084 Ὅμοιον
589 3015 665 3080 ὡς
700 3019 748 3070 el
792 3018 973 3086 λέγοι’
1007 3020 1097 3090 Μὴ
1138 3024 1403 3092 κατηφεῖς
1437 3023 1693 3095 γένησθε,
1739 3026 1819 3078 ὅτι

1930 1933 2077 1988 bitur
2104 1944 2282 1987 autem
2315 1949 2412 2005 per
2444 1934 2679 1988 ﬁliorum
2703 1942 3137 2006 generationem,
3158 1938 3202 1992 si
3241 1946 3499 1992 maneant

1929 2024 1986 2078 in
2009 2024 2135 2087 lide,
2166 2035 2217 2079 et
2252 2025 2565 2089 dilectione,
2591 2037 2645 2081 ct
2668 2027 3102 2083 sanctiﬁcatione
3129 2042 3254 2083 cum
3279 2030 3495 2084 sobrie-

1927 2120 2059 2168 tate.
2092 2131 2110 2165 ι

1997 2203 2057 2258 In
2088 2204 2558 2274 comparationem
2609 2188 2861 2263 mulieris
2910 2207 3198 2263 seductum
3232 2224 3340 2265 non
3372 2224 3494 2267 esse

1927 2296 2103 2349 virum
2126 2293 2278 2350 dicit.
2316 2294 2551 2351 Rursum
2578 2312 2709 2351 vero
2739 2314 2847 2351 non
2881 2299 2949 2353 de
2980 2298 3190 2354 Adamo
3228 2302 3491 2371 scriptum

1924 2396 2008 2441 est
2038 2402 2051 2438 :
2100 2385 2245 2441 Vidit
2275 2389 2478 2457 lignum
2515 2391 2655 2458 quod
2678 2401 2811 2444 esset
2848 2394 3041 2445 bonum
3064 2392 3134 2445 ad
3159 2394 3489 2457 vescendum,

1926 2479 2020 2533 sed
2057 2481 2123 2532 de
2178 2480 2410 2535 muliere
2448 2497 2461 2534 :
2503 2480 2569 2533 Et
2599 2482 2845 2547 comedit,
2878 2483 3121 2555 deditque
3156 2486 3268 2539 viro
3292 2501 3390 2538 suo
3418 2486 3487 2538 ’⁸.

1925 2569 2292 2635 Quamobrem
2360 2572 2449 2628 ille
2528 2588 2639 2627 non
2706 2575 2973 2645 appetitui
3055 2575 3491 2647 obtemperando

1925 2676 2048 2714 man
2066 2660 2242 2715 latum
2279 2662 2527 2727 violavit,
2564 2663 2658 2720 sed
2690 2666 3043 2736 obsequendo
3075 2666 3312 2720 mulieri.

2550 2821 2705 2878 CAP.
2742 2824 2786 2879 ll

2002 2950 2019 2981 ι
2042 2931 2239 2989 Fidelis
2265 2950 2467 2991 sermo.
2484 2954 2502 2988 ι

1991 3024 2151 3094 262
2178 3023 2410 3083 Perinde
2430 3037 2517 3085 est
2547 3045 2613 3086 ac
2643 3031 2690 3087 si
2718 3031 2925 3089 diceret
2950 3049 2964 3085 :
2985 3032 3064 3090 Ne
3082 3044 3281 3091 mmsto
3306 3036 3490 3092 animo

243 3105 306 3159 τὸ
330 3106 485 3173 γένος
510 3106 661 3177 ὑμῶν
678 3107 1047 3180 διαϐέῦληται.
1076 3112 1315 3165 Ἔδωκεν
1346 3114 1476 3183 ὑμῖν
1503 3117 1531 3168 ὁ
1551 3116 1685 3178 Θεὸς
1720 3116 1813 3168 καὶ
1842 3156 1884 3212 C

1842 3156 1884 3212 ο
1923 3115 2070 3182 sitis,
2112 3131 2175 3171 ac
2206 3134 2251 3173 si
2287 3124 2443 3175 sexui
2474 3131 2655 3177 vestro
2677 3123 3025 3182 detrahatur.
3054 3129 3300 3184 Alteram
3329 3131 3488 3186 vobis

243 3198 444 3267 ἑτέραν
472 3198 726 3269 ἀφορμὴν
755 3200 1052 3270 σωτηρίας,
1096 3204 1197 3272 τὴν
1229 3205 1644 3276 παιδοφορίαν,
1668 3208 1810 3261 ὥστε

247 3287 324 3355 μὴ
357 3287 519 3354 μόνον
546 3288 616 3340 δι’
648 3290 858 3342 ἑαυτῶν
909 3291 1047 3347 ἀλλὰ
1067 3295 1157 3347 καὶ
1188 3294 1257 3347 δι’
1286 3298 1489 3368 ἐτέρων
1518 3280 1809 3362 σώζεσθαι.

241 3377 521 3441 Σώζονται
578 3381 707 3450 γὰρ,
743 3383 824 3436 ὅτι
858 3383 1099 3453 ἀθλητὰς
1152 3386 1390 3457 ἔθρεψαν
1416 3389 1495 3459 τῷ
1538 3391 1675 3461 Θεῷ.
1704 3394 1812 3447 Καὶ

237 3472 323 3525 ὅτι
357 3472 515 3525 τοῦτο
542 3471 729 3539 σώζει,
779 3476 1052 3545 ἐπήγαγε,
1105 3481 1328 3545 Πιστὸς
1352 3484 1383 3535 ό
1420 3485 1626 3551 λόγος,
1652 3502 1811 3554 μονο-

238 3564 397 3632 νουχὶ
414 3563 608 3632 λέγων,
627 3566 830 3636 Μηδεὶς
859 3568 1178 3635 ἀπιστείτω,
1204 3572 1337 3642 φησί
1362 3588 1379 3604 °
1401 3574 1489 3628 διὰ
1510 3577 1607 3643 τῆς
1624 3594 1811 3630 τεκνο-

237 3657 424 3719 γονίας
447 3655 707 3719 σώζονται
737 3676 751 3689 ·
786 3660 848 3713 οὐ
909 3661 1019 3732 γάρ
1067 3663 1187 3716 ὲστι
1212 3663 1371 3718 τοῦτο
1405 3668 1624 3737 μικρὸν,
1653 3670 1713 3720 τὸ
1742 3670 1810 3722 τὰ

235 3745 462 3799 δοθέντα
494 3748 682 3802 παιδία
715 3752 842 3820 παρ’
877 3750 1065 3817 αὑτοῦ,
1110 3752 1286 3808 ταῦτα
1315 3756 1464 3827 αὐτῴ
1488 3758 1783 3816 ἀναθεῖναι.

314 4030 333 4061 ι
366 4011 435 4064 Εἴ
454 4028 536 4075 τις
567 4013 868 4085 ἐπισκοπῆς
902 4015 1176 4087 ὀρέγεται,
1210 4018 1376 4071 καλοῦ
1417 4019 1579 4091 ἔργον
1611 4022 1800 4075 ἐπιθυ-

237 4104 350 4169 μεῖ.
381 4104 473 4155 Δεῖ
492 4098 583 4156 οὖν
604 4104 693 4157 τὸν
728 4107 1023 4160 ἐπίσκοπον
1060 4126 1080 4159 ι

306 4193 420 4245 οὐκ
442 4192 679 4261 ἐγκαλῶ,
706 4196 839 4265 φησί
861 4213 875 4228 ο
908 4199 1242 4268 προστασίας
1273 4201 1381 4273 γὰρ
1397 4201 1556 4274 ἔργον
1581 4205 1718 4268 ἐστὶ,
1752 4207 1805 4259 εἴ

231 4299 317 4343 τις
348 4282 549 4353 ταύτην
573 4286 683 4355 ἔχοι
720 4288 816 4358 τὴν
844 4290 1161 4360 ἐπιθυμίαν,
1188 4310 1328 4347 ωστε
1362 4294 1437 4366 μὴ
1471 4295 1569 4365 τῆς
1599 4296 1796 4368 ἀρχῆς,

232 4376 330 4430 καὶ
367 4377 466 4445 τῆς
488 4378 580 4428 ἀπ’
606 4379 772 4449 αὐτῆς
807 4382 971 4450 τιμῆς
1003 4383 1251 4449 ἐφίεσθαι
1288 4386 1469 4453 μόνον.
1517 4387 1677 4442 Ἀλλὰ
1707 4394 1799 4445 καὶ

1922 3203 2062 3261 Deus
2081 3209 2426 3266 occasionem
2451 3216 2703 3282 porrexit
2753 3219 2970 3282 salutis,
2999 3220 3295 3277 liberorum
3335 3224 3487 3280 ride-

1917 3292 2043 3349 licet
2113 3296 2520 3365 educationem,
2587 3312 2645 3359 ut
2700 3322 2810 3361 non
2852 3309 3013 3363 modo
3046 3327 3144 3381 per
3199 3329 3298 3370 vos
3353 3316 3485 3384 ipsa:

1912 3385 2078 3441 salva:
2108 3388 2251 3453 sitis,
2278 3405 2466 3445 verum
2490 3398 2655 3447 etiam
2692 3412 2790 3467 per
2809 3398 2967 3454 alios.
3000 3400 3290 3458 Enimvero
3322 3406 3487 3461 salvae

1912 3479 2068 3544 ﬁunt,
2128 3483 2256 3551 quia
2287 3483 2522 3539 athletas
2581 3486 2691 3541 Deo
2726 3494 3000 3545 nutriunt.
3054 3493 3324 3566 Quodque
3379 3498 3483 3553 boc

1909 3570 1990 3625 eis
2015 3571 2288 3625 conducat
2320 3574 2387 3628 ad
2413 3578 2673 3642 salutem,
2710 3580 2895 3636 intulit
2924 3584 3007 3638 his
3042 3587 3228 3642 verbis
3260 3607 3271 3640 :
3310 3587 3468 3642 Fide-

1909 3661 1974 3714 lis
2003 3678 2194 3716 sermo.
2227 3666 2397 3729 Quasi
2436 3667 2584 3722 dicat
2622 3684 2636 3721 :
2664 3669 2837 3728 Nemo
2892 3685 3114 3730 revocet
3148 3679 3203 3732 in
3227 3679 3478 3744 dubium,

1907 3754 2037 3822 quin
2057 3770 2152 3824 per
2181 3758 2419 3812 ﬁliorum
2452 3763 2864 3830 generationem
2895 3767 3130 3822 salutem
3165 3770 3474 3826 obtineant.

1905 3841 2023 3896 Non
2070 3844 2221 3900 enim
2261 3846 2366 3900 hoc
2395 3850 2659 3918 exiguum
2688 3851 2894 3921 aliquid
2924 3862 3033 3918 est,
3066 3854 3209 3911 ﬁlios
3245 3854 3355 3912 Deo
3387 3859 3481 3917 (le-

1904 3933 2050 4000 dere,
2071 3939 2163 4005 qui
2203 3938 2272 3993 ab
2310 3940 2543 4009 ipsonict
2573 3942 2687 3997 dati
2743 3956 2892 4000 sunt.

1977 4044 1996 4076 ι
2022 4026 2077 4079 Si
2132 4034 2259 4097 quis
2300 4034 2682 4105 episcopatum
2751 4037 3051 4101 desiderat,
3093 4040 3298 4096 bonum
3333 4058 3478 4115 opus

1902 4115 2194 4172 desiderat.
2225 4118 2451 4191 Oportet
2472 4139 2602 4194 ergo
2632 4126 2948 4196 episcopum
2993 4149 3012 4182 ι

1952 4207 2069 4264 Non
2108 4212 2296 4281 culpo,
2321 4213 2520 4283 inquit.
2551 4214 2707 4286 Opus
2743 4220 2944 4288 quippe
2966 4220 3255 4293 regiminis
3290 4234 3396 4292 est,
3431 4230 3477 4284 si

1918 4302 2043 4371 quis
2076 4301 2177 4356 hoc
2234 4302 2568 4359 desiderium
2604 4306 2793 4371 habet,
2845 4317 2903 4363 ut
2934 4327 3109 4380 neque
3155 4316 3475 4385 primatum,

1902 4408 2080 4462 neque
2139 4394 2401 4449 honorem
2438 4397 2533 4466 qui
2593 4412 2659 4451 ex
2697 4414 2763 4453 eo
2807 4405 3200 4473 consequitur,
3229 4416 3473 4464 tantum-

230 4466 701 4535 τῆς.προστασιάς
727 4470 827 4523 οὐκ
872 4473 1089 4538 ἐγκαλῶ
1111 4490 1126 4506 ο
1161 4476 1283 4527 ἐπεὶ
1341 4478 1434 4529 καὶ
1470 4480 1709 4550 Μωῡσῆς
1738 4483 1795 4549 ἐξ
1829 4495 1873 4550 ι)

1829 4495 1873 4550 ι)
1903 4484 2063 4535 modo
2113 4485 2319 4552 cupiat.
2373 4486 2519 4552 Quin
2548 4503 2649 4541 nec
2704 4490 2992 4560 regiminis
3025 4496 3271 4551 studium
3304 4507 3432 4555 taxo
3460 4520 3471 4555 :

230 4555 406 4623 dmi};
437 4556 623 4609 τοῦτον
654 4559 779 4629 ἔσχε
812 4561 902 4614 τὸν
946 4563 1132 4633 ζῆλον,
1171 4565 1265 4617 τοῦ
1322 4568 1645 4635 ἐπισκοπεῖν
1672 4575 1797 4635 τοὺς

165 4652 176 4676 ⁸
233 4646 502 4712 ἀδελφοὺς
522 4649 709 4702 αὑτοῦ.

304 4756 322 4786 ε
382 4738 769 4809 ’Λνεπίλητττον
798 4739 958 4810 εἶναι,
1007 4762 1026 4796 ι

194 4820 197 4821 ν
295 4829 397 4881 Διὰ
430 4830 558 4898 μιᾶς
603 4829 797 4895 λέξεως
825 4837 1005 4887 πᾶσαν
1032 4837 1192 4890 αὐτὸν
1222 4841 1420 4912 ἀρετὴν
1450 4843 1593 4913 ἔχειν
1620 4862 1791 4916 προσ-

226 4935 403 4983 ετσζε.

302 5028 319 5059 ι
359 5010 505 5073 Μιᾶς
528 5013 780 5076 γυναικὸς
809 5014 995 5085 ἄνδρα,
1023 5019 1316 5087 νηφαλέον,
1358 5023 1631 5095 σώφρονα,
1664 5030 1790 5081 κόσ-

228 5119 373 5170 μιον,
412 5104 704 5170 φιλόξενον,
734 5106 1080 5175 διδακτικὸν,
1132 5114 1205 5182 μὴ
1243 5115 1518 5184 πάροινον,
1546 5121 1621 5189 μὴ
1657 5122 1793 5193 πλή-

223 5212 323 5264 χτη
331 5214 379 5261 ν,
406 5198 481 5265 μὴ
504 5198 883 5269 αἰσχροκερδῆ,
901 5201 1015 5252 ἀλλ’
1038 5205 1280 5275 ἐπιεικῆ,
1304 5207 1538 5279 ἄμαχον,
1561 5213 1791 5283 ἀφιλάρ-

221 5302 408 5357 γυρον,
443 5286 537 5338 τοῦ
567 5288 691 5340 ἰδίου
727 5290 873 5343 οἷκον
914 5293 1092 5357 καλῶς
1125 5298 1574 5368 προῖστάμενον,›

1643 4714 1662 4742 f

290 5468 410 5520 Ἵνα
444 5468 520 5536 μὴ
543 5467 701 5521 τοῦτο
723 5471 976 5538 ἐμπόδιον
1000 5474 1228 5543 γένηται
1254 5480 1365 5540 τοῖς
1394 5479 1494 5550 ἠδη
1523 5480 1790 5553 ἐσχηκόσι

218 5561 488 5629 γαμετὰς,
521 5560 551 5628 ἢ
583 5562 675 5614 καὶ
714 5563 847 5632 πρὸς
889 5564 1300 5637 ἀντιδιαστολὴν
1326 5570 1436 5624 τῶν
1474 5576 1625 5642 παρᾶ
1664 5575 1795 5628 Ἰον-

285 5739 333 5771 "
368 5737 507 5795 Gen.
544 5754 629 5797 ιιι.
656 5741 710 5794 6.
797 5744 843 5775 ³⁸
877 5743 1047 5798 Exod.
1078 5761 1137 5813 ιι,
1166 5748 1249 5801 ll.

1904 4575 2347 4646 quandoquidem
2376 4588 2433 4631 et
2456 4577 2673 4648 Moyses
2704 4583 2881 4649 prima
2907 4595 3066 4639 astate
3108 4586 3213 4643 hoc
3244 4595 3473 4646 amula-

1903 4676 1991 4721 tus
2026 4674 2133 4730 est,
2168 4676 2226 4719 ut
2251 4668 2513 4725 fratribus
2550 4672 2667 4724 suis
2706 4676 3052 4744 prospiceret
3079 4679 3146 4731 ".

1968 4759 2509 4826 lrreprebensibilem
2558 4774 2705 4826 esse,
2744 4782 2762 4812 ι

1968 4845 2082 4900 Una
2119 4849 2361 4902 dictione
2396 4863 2568 4918 genus
2624 4867 2785 4906 omne
2830 4857 3047 4911 virtutis
3075 4857 3384 4917 habendum
3416 4878 3465 4916 ei

1901 4939 2271 5008 pi-mscripsit.-
2726 4994 2729 4997 .

1964 5026 2133 5082 Unius
2161 5031 2349 5085 uxoris
2374 5031 2577 5096 virum,
2606 5034 2878 5099 sobrium,
2913 5038 3265 5106 prudentem,
3290 5057 3463 5097 orna.

1895 5128 2030 5183 tum,
2095 5121 2441 5191 hospitalem,
2505 5124 2839 5179 doctorem:
2901 5125 3105 5199 [νεηε.
3140 5131 3291 5205 5-5]
3348 5151 3459 5191 non

1894 5212 2253 5276 vmolentum,
2308 5230 2414 5268 non
2463 5231 3027 5284 pcreussorem:non
3084 5226 3262 5294 turpis
3318 5227 3457 5284 lucri

1893 5302 2172 5371 cupidum,
2212 5306 2305 5359 sed
2334 5306 2665 5373 modestum,
2698 5324 2808 5365 non
2851 5312 3173 5384 litigiosum,
3216 5333 3326 5374 non
3353 5336 3457 5376 cu-

1893 5393 2105 5464 pidum,
2131 5395 2314 5450 domui
2345 5412 2461 5452 sua
2496 5398 2633 5455 bene
2665 5403 3040 5472 praepositum,
3082 5424 3101 5457 ι

1950 5483 2030 5539 Ne
2057 5484 2161 5541 hoc
2194 5487 2306 5542 illis
2344 5489 2737 5558 impedimento
2775 5493 2867 5557 sit,
2896 5495 2990 5564 qui
3021 5495 3129 5566 iam
3163 5508 3289 5556 ante
3316 5516 3457 5557 uxo-

1892 5589 1981 5630 res
1999 5576 2291 5645 duxerint;
2320 5580 2403 5635 vel
2435 5579 2500 5636 ad
2526 5581 2894 5639 dill'erentiam
2919 5587 3209 5645 doctorum
3229 5589 3455 5651 Judae-
