4214 6446
752 390 886 453 1007

748 596 799 647 id
830 594 978 663 quod
1013 595 1184 662 magis
1219 602 1652 645 consentaneum
1687 601 1790 645 est.

819 705 838 735 ι
869 684 1036 738 Filios
1089 685 1378 738 habentem
1411 683 1666 737 subditos
1700 699 1825 738 cum
1849 685 2000 738 omni
2029 685 2308 740 castitate.

1835 390 1894 442 S.
1927 387 2244 444 JOANN’lS
2285 390 2708 453 DAMASCEN’I

750 522 894 566 rum,
927 502 1131 570 quibus
1167 502 1248 554 las
1289 510 1406 554 er.it
1450 503 1586 554 duas
1618 503 1780 553 etiam
1829 516 2032 556 uxores
2061 501 2263 556 habere
2298 522 2310 554 :
2346 517 2371 567 Α

2417 508 2588 570 ὁαέοις
2614 511 2972 574 διδασκάλω-ι,
2999 505 3080 575 οἷς

3845 402 3973 464 1008

3030 505 3080 575 ἴς
3135 513 3265 582 ἐξῆν
3291 517 3382 565 καὶ
3412 516 3508 568 δίο
3531 516 3696 584 ἔχειν,
3723 517 3860 590 ὅπερ
3887 522 3972 571 καὶ

2422 600 2650 667 ἁρμόζει
2674 602 2897 669 μᾶλλον.

2493 711 2510 740 ι
2544 692 2722 744 Τέκνα
2786 695 2977 762 ἔχοντα
3009 696 3068 746 ἐν
3115 696 3361 766 ὑποταγῇ
3396 699 3538 766 μετᾶ
3570 699 3752 769 πάσης
3790 701 3974 769 σεμνο-

745 776 802 826 Si
831 776 954 843 quis
987 783 1169 828 autem
1194 775 1378 827 domui
1410 788 1523 827 sua:
1549 787 1784 841 praesse
1813 774 2009 837 nescit,
2037 773 2316 842 quomodo

2415 799 2593 851 τητος.
2631 785 2690 836 ΕΞ
2723 786 2779 837 δέ
2811 803 2892 847 τις
2915 787 3006 838 τοῦ
3038 787 3170 839 ἰδίου
3191 789 3338 839 diem
3371 789 3680 857 προστῆναι
3700 791 3802 842 οὐκ
3831 785 3962 856 οἶδε,

745 864 999 918 Ecclesia:
1027 864 1122 917 Dei
1180 864 1515 933 diligentiam
1556 863 1777 917 habebit
1803 865 1827 914 ἲ
1849 883 1868 914 ι

808 955 1086 1008 Condecct
1112 955 1258 1007 enim
1294 964 1402 1006 ute
1443 969 1504 1007 re
1541 953 1847 1007 doestica
1881 957 2130 1025 exempla
2173 971 2314 1026 pne-

743 1047 892 1107 beat,
928 1059 1089 1114 posse
1123 1060 1182 1097 se
1207 1054 1354 1097 recte
1386 1043 1532 1098 ﬁlios
1588 1043 1891 1098 secundum
1923 1045 2090 1099 Deum
2146 1048 2310 1101 insti—

744 1147 921 1190 tuere.

815 1226 980 1281 Vens.
1008 1227 1062 1278 θ.
1102 1244 1120 1276 ι
1154 1225 1276 1279 Non
1305 1235 1662 1297 neopnytuni,
1682 1242 1750 1280 ne
1775 1227 1830 1279 in
1860 1228 2176 1297 superbiam
2199 1231 2313 1282 ela-

741 1328 830 1373 tus
847 1361 861 1373 .
895 1338 914 1370 ι

803 1410 940 1462 Eum
987 1411 1122 1463 dicit
1155 1410 1250 1478 qui
1289 1424 1464 1479 nuper
1516 1409 1771 1464 eruditus
1803 1410 1898 1474 sit,
1929 1425 2041 1463 non
2072 1410 2166 1480 qui
2204 1411 2294 1478 juo

739 1501 912 1554 nioris
930 1503 1130 1555 aetatis.

798 1613 816 1645 ι
852 1594 908 1647 In
935 1596 1210 1662 judicium
1242 1595 1447 1648 incidat
1475 1595 1702 1650 diaboli.
1741 1615 1759 1646 ι

804 1685 857 1736 Id
884 1694 987 1746 est,
1040 1686 1094 1738 in
1148 1683 1396 1739 eamdem
1437 1687 1972 1749 condemnationem,
2014 1702 2178 1755 quam
2216 1686 2307 1738 ille

737 1777 809 1829 oh
837 1777 1150 1844 superbiam
1188 1776 1432 1828 sustulit.

798 1865 966 1920 Vens.
1020 1866 1140 1919 7-9.
1179 1885 1197 1916 ι
1223 1867 1452 1936 Oportet
1486 1868 1642 1920 illum
1696 1878 1752 1921 et
1785 1869 2164 1921 testiinonium
2199 1870 2292 1921 ha-

739 1961 869 2014 bere
891 1961 1094 2012 bonum
1130 1962 1201 2011 ab
1221 1961 1290 2012 iis
1324 1960 1416 2027 qui
1448 1958 1580 2013 foris
1604 1968 1753 2024 sunt,
1780 1976 1848 2014 ne
1869 1962 1922 2012 in
1948 1962 2302 2029 opprobrium

741 2049 969 2110 incidat,
1004 2056 1058 2102 et
1098 2049 1152 2101 in
1187 2051 1439 2116 laqueum
1467 2049 1699 2101 diaboli.
1742 2048 2018 2103 Diaconos
2049 2051 2304 2104 similiter

739 2139 995 2208 pudicos,
1031 2153 1139 2192 non
1171 2138 1467 2208 bilingues.
1529 2154 1639 2190 nou
1681 2140 1810 2192 vino
1844 2140 2021 2192 multo
2058 2139 2300 2198 deditos.

742 2244 850 2281 non
906 2236 1065 2298 turpe
1092 2229 1310 2282 lucrum
1339 2239 1640 2290 sectantes,
1673 2229 1939 2285 habentes
1972 2230 2296 2300 mysterium

741 2322 889 2385 fidei,
923 2341 941 2373 i

809 2414 1050 2467 Omnino
1070 2413 1252 2473 debet,
1285 2412 1483 2482 inquit,
1514 2412 1763 2467 homines
1788 2412 1842 2466 in
1866 2414 1952 2468 sui
1979 2412 2302 2466 admiratio-

740 2519 862 2560 nem
895 2504 1137 2566 trahere,
1161 2512 1214 2557 et
1244 2504 1432 2572 justus
1463 2520 1607 2567 csse,
1650 2512 1709 2557 ut
1737 2504 1808 2559 ab
1844 2504 2096 2574 ipsismet
2122 2504 2304 2558 inimi-

739 2598 824 2652 cis
850 2596 1222 2651 testimonium
1265 2595 1480 2650 habeat.
1510 2598 1562 2648 Id
1598 2595 1746 2665 quod
1771 2597 1997 2665 perinde
2022 2603 2107 2651 est
2138 2603 2304 2665 atque

738 2685 872 2741 illud
932 2685 1156 2741 elfatmu
1196 2707 1208 2738 :
1244 2683 1441 2738 Luceat
1498 2687 1588 2737 lu
1616 2697 1788 2740 vestra
1832 2703 2011 2740 coram
2071 2687 2303 2739 homini—

735 2778 832 2832 bus
857 2777 927 2832 ".

808 2887 826 2918 ι
864 2867 921 2921 In
946 2869 1282 2923 conscientia
1316 2885 1472 2938 pura.
1501 2867 1522 2940 [
1547 2867 1710 2925 Vatis.
1749 2869 1972 2940 l0-15.]
1999 2869 2062 2922 Et
2094 2870 2147 2923 hi
2180 2871 2304 2940 qui-

735 2961 858 3014 dem
887 2959 1185 3026 probentur
1219 2961 1476 3029 primum,
1517 2971 1570 3014 ct
1599 2961 1678 3013 sic
1720 2962 2057 3024 ministrent,
2093 2962 2301 3013 nullum

737 3054 941 3106 crimen
990 3051 1273 3105 habentes.
1311 3049 1565 3106 Ilulieres
1596 3053 1853 3104 similiter
1907 3053 2156 3120 pudicas,
2193 3067 2298 3104 non

737 3146 1107 3208 detrahentes,
1163 3145 1401 3205 sobrias.
1431 3143 1619 3198 ﬁdeles
1661 3145 1715 3197 in
1759 3143 2034 3197 omnibus.
2074 3141 2298 3195 Diaconi
2327 3171 2371 3231 ϐ

738 3238 851 3291 sint
878 3239 1042 3292 unius
1064 3240 1254 3291 uxoris
1287 3236 1410 3298 viri,
1445 3237 1538 3305 qui
1562 3235 1689 3289 ﬁliis
1721 3239 1838 3288 suis
1870 3237 2007 3286 bene
2038 3234 2298 3302 praesint,

736 3341 792 3384 et
848 3330 965 3385 suis
1027 3330 1306 3383 domibus.
1363 3327 1466 3394 Qui
1532 3329 1677 3381 enim
1748 3327 1888 3381 bene
1951 3326 2300 3387 ministrant,

736 3421 966 3492 gradum
993 3421 1194 3474 bonum
1220 3421 1323 3474 sibi
1359 3419 1672 3488 acquirunt,
1706 3429 1760 3472 et
1780 3419 2006 3471 multam
2044 3415 2299 3470 ﬁduciam

738 3515 792 3566 in
830 3512 955 3575 ﬁde,
1016 3527 1137 3581 qua:
1168 3519 1253 3566 cst
1280 3513 1334 3565 in
1389 3510 1611 3565 Christo
1642 3508 1795 3564 Jesu.
1834 3508 1956 3562 llaec
1975 3507 2072 3561 tibi
2095 3508 2300 3568 scribo,

737 3619 965 3672 sperans
997 3617 1081 3656 me
1109 3602 1174 3655 ad
1218 3611 1269 3655 te
1288 3600 1448 3672 263
1496 3601 1680 3655 venire.
1713 3601 1846 3653 eito.
1885 3598 1940 3651 Si
1975 3609 2156 3651 autem
2189 3606 2301 3650 tar-

738 3695 960 3759 davero,
1002 3703 1061 3747 ut
1091 3695 1236 3748 scias
1257 3692 1536 3763 quomodo
1562 3699 1814 3762 oporteat
1845 3700 1896 3746 te
1929 3692 1982 3744 in
2016 3691 2178 3744 domo
2208 3689 2300 3744 Dei

738 3786 1077 3849 conversari,
1123 3801 1248 3855 qua:
1273 3796 1355 3838 est
1395 3783 1640 3839 Ecclesia
1676 3782 1770 3838 Dei
1806 3786 1934 3848 vivi,
1975 3784 2228 3836 columna
2249 3787 2303 3836 et

738 3875 1143 3928 ﬁrmamentum
1170 3875 1437 3928 veritatis.
1471 3892 1490 3924 ι

810 3964 922 4019 lloc
949 3975 1052 4029 est,
1101 3966 1191 4035 qui
1251 3974 1397 4019 recta
1433 3964 1536 4019 lide
1580 3963 1831 4020 instructi
1873 3965 2007 4026 sint,
2059 3962 2303 4031 nihilque

737 4055 912 4110 dolosi
937 4057 986 4111 ei
1017 4055 1375 4111 admisceant.

814 4146 974 4201 Vsus.
1015 4146 1100 4200 16.
1139 4165 1156 4198 ι
1198 4144 1264 4200 Et
1305 4145 1591 4202 maniieste
1640 4162 1895 4219 magnum
1948 4155 2035 4201 est
2083 4144 2303 4216 pietatis

739 4245 1167 4294 sacramentum.
1207 4236 1349 4294 Deus
1383 4239 1764 4295 manifestatus
1798 4247 1882 4292 est
1910 4242 1962 4291 in
1995 4251 2180 4291 carne.
2209 4255 2227 4287 ι

809 4329 884 4384 Ne
911 4329 1041 4382 mihi
1070 4329 1433 4383 tintinnabula
1460 4330 1792 4394 narraveris,
1829 4330 2044 4398 inquit;
2069 4344 2136 4382 ne
2163 4326 2301 4381 San-

737 4429 824 4476 cta
856 4429 1194 4480 sanctorum.
1229 4436 1295 4473 ne
1331 4436 1605 4475 summum
1647 4419 2004 4475 sacerdotem.
2061 4419 2300 4472 Ecclesia

2415 875 2532 936 πῶς
2571 877 2898 944 Ἐκκλησίας
2932 877 3070 930 Θεοῦ
3097 880 3526 948 ἐπιμελήσεται;
3552 899 3574 932 s

2485 970 2578 1017 Δεῖ
2600 971 2708 1032 γὰρ
2763 971 2928 1019 αὐτον
2963 971 3176 1021 οἴκοθεν
3206 972 3585 1040 παρασχέσθαι
3611 973 3682 1024 τὰ
3718 972 3972 1041 παραδεί-

2412 1077 2622 1128 γματα,
2655 1062 2730 1122 ὡς
2781 1061 2964 1122 καλῶς
2999 1062 3290 1130 δυνήσεται
3337 1063 3406 1114 τὰ
3444 1063 3590 1114 κατὰ
3633 1063 3768 1116 Θεὸν
3814 1063 3971 1115 τέκνα

2409 1151 2650 1203 διοικεῖν.

2486 1260 2504 1290 ι
2544 1243 2634 1311 Mi;
2667 1243 2944 1308 γεὸς-πον,
2972 1243 3060 1294 ἵνα
3093 1241 3168 1310 pi;
3198 1241 3492 1308 τυφωθεὶς,
3529 1260 3549 1291 ι

2478 1420 2582 1471 τὸν
2607 1422 2801 1472 νεωστὶ
2845 1421 3224 1489 κατηημὲνον
3267 1420 3436 1487 λέγει,
3481 1422 3543 1472 οὐ
3590 1420 3684 1472 τὸν
3706 1419 3966 1491 νεώτερον

2407 1515 2472 1582 τῇ
2510 1513 2693 1582 ἡλικίᾳ

2484 1623 2502 1654 ι
2534 1605 2624 1666 Εἰς
2667 1607 2840 1675 κρῖμα
2872 1603 3090 1674 ἐμπέσῃ
3113 1602 3206 1654 τοῦ
3239 1602 3510 1658 διαϐόλου.
3558 1620 3578 1653 ι

2478 1698 2768 1748 Τουτέστιν
2796 1698 2873 1758 εἰς
2903 1697 3000 1762 τὴν
3041 1696 3363 1763 καταδίκην,
3391 1697 3457 1764 ην
3487 1697 3694 1756 ἐκεῖνος
3741 1693 3850 1745 ἀπο
3875 1692 3968 1761 τῆς

2411 1789 2666 1848 ἀπονοίας
2697 1789 2979 1857 ὑπέμεινε,

2482 1899 2500 1930 ι
2543 1882 2632 1930 Δεῖ
2653 1879 2710 1931 δὲ
2735 1880 2896 1932 αὑτὸν
2924 1880 3018 1930 καὶ
3044 1879 3350 1949 μαρτυρίαν
3371 1877 3540 1948 καλὴν
3559 1877 3704 1946 ἔχειν
3731 1877 3840 1929 ἀπ’,
3863 1877 3967 1928 τῶν

2405 1968 2531 2033 ἔξω,
2560 1970 2646 2021 ἵνα
2675 1971 2750 2038 pi;
2783 1972 2864 2029 εἰς
2892 1969 3200 2038 ὀνειδισμὸν
3247 1969 3486 2038 ἐμπέσῃ.
3523 1971 3618 2020 καὶ
3647 1965 3852 2033 παγίδα
3875 1964 3967 2017 τοῦ

2406 2063 2674 2116 διαϐόλου.
2730 2065 3022 2126 Διακόνους
3071 2061 3334 2124 ὡσαύτως
3391 2065 3656 2130 σεμνοὺς.
3717 2061 3792 2129 pi;
3829 2059 3965 2111 διλό-

2403 2171 2554 2221 γους,
2573 2155 2647 2225 pi;
2670 2155 2796 2224 οἴνῳ
2818 2154 2996 2223 πολλῷ
3016 2155 3404 2223 προσέχοντας,
3434 2153 3510 2224 pi;
3539 2156 3798 2221 αἰσχροκε
3808 2151 3964 2220 ρδείς⁹

2404 2246 2628 2315 ἔχοντας
2662 2246 2723 2298 τὸ
2755 2246 3057 2316 μυστήριον
3097 2246 3352 2308 πίστεως,
3390 2263 3410 2296 i

2473 2425 2660 2490 Οὕτως
2679 2425 2905 2496 ὀφείλει,
2938 2427 3092 2493 φησὶ,
3121 2423 3432 2493 θαυμαστὸς
3461 2417 3601 2475 εἶναι
3631 2421 3727 2475 καὶ
3742 2421 3963 2483 δίκαιος,

2403 2519 2477 2580 ὡς
2514 2522 2607 2570 καί
2635 2521 2761 2581 τοὺς
2820 2519 3048 2588 ἐχθροὺς
3101 2517 3249 2585 αὐτῷ
3292 2518 3613 2584 μαρτυρεῖν.
3650 2514 3881 2583 Ὅμοιον
3913 2511 3968 2564 δι

2403 2608 2500 2677 τῷ,
2532 2608 2832 2677 Λαμψὰτω
2863 2609 2928 2660 τὸ
2966 2606 3092 2676 φῶς
3125 2606 3292 2676 ὑμῶν
3335 2606 3677 2674 ἔμπροσθεν
3717 2602 3840 2658 τῶν·
3866 2605 3971 2658 dr-

2404 2701 2669 2769 θρὼπων.

2478 2897 2497 2930 ι
2556 2877 2643 2930 Ἐν
2673 2877 2888 2946 καθαρᾷ
2927 2877 3252 2946 συνειδήσει.
3303 2876 3416 2928 Καὶ
3465 2868 3611 2927 οὗτοι
3643 2873 3701 2926 δὲ
3741 2873 3969 2941 δοκιμα-

2403 2969 2682 3033 ζέσθωσαν
2719 2968 2956 3038 πρῶτον,
3005 2963 3125 3019 εἶτα
3175 2965 3617 3026 διακονείτωσαν,
3646 2962 3971 3029 ἀνέγκλητοι

2402 3060 2574 3121 ὅντες.
2626 3060 2895 3119 Γυναῖκας
2928 3055 3192 3118 ὡσαύτως
3246 3056 3471 3125 σεμνὰς,
3536 3055 3610 3122 pi;
3664 3052 3968 3116 διαϐόλους,

2402 3146 2723 3216 νηφαλέους,
2757 3147 2952 3208 πιστὰς
2982 3147 3039 3197 ὲν
3065 3148 3253 3198 πᾶσιν.
3287 3148 3535 3196 Διακονοι
3563 3144 3808 3195 ἔστωσαν
3839 3142 3972 3210 μιᾶς

2403 3238 2662 3305 γυναικὸς
2692 3236 2905 3304 ἄνδρες,
2947 3239 3153 3288 τέκνων
3203 3234 3385 3297 καλῶς
3419 3235 3832 3304 προῖσταμενοι,
3875 3233 3970 3285 καὶ

2402 3326 2509 3379 τῶν
2537 3327 2682 3379 ἰδίων
2703 3326 2887 3378 οἴκων.
2913 3327 2975 3378 Οἱ
3026 3326 3137 3393 γὰρ
3182 3326 3364 3386 καλῶς
3392 3325 3831 3394 διακονήσαντες,
3874 3322 3973 3391 βα-

2403 3417 2538 3488 θμὸν
2575 3419 2789 3481 ἑαυτοῖς
2819 3417 2984 3470 καλὸν
3019 3415 3450 3488 περιποιοῦνται,
3479 3416 3574 3468 καὶ
3596 3413 3798 3483 πολλὴν
3828 3415 3972 3482 παῤ-

2404 3511 2596 3581 ρησίαν
2623 3513 2682 3564 ὲν
2709 3511 2889 3564 πίστει
2924 3511 2994 3564 τὰ
3047 3513 3105 3564 ἑν
3157 3512 3380 3580 Χριστῷ
3424 3508 3621 3577 Ἰησοῦ.
3653 3507 3841 3560 Ταῦτά
3887 3523 3973 3558 σοι

2401 3604 2627 3673 γράφω,
2679 3604 2913 3666 ἐλπίζων
2953 3602 3129 3654 ἐλθεῖν
3170 3603 3306 3670 πρὸς
3358 3602 3416 3652 σὲ
3478 3600 3688 3668 τάχιον.
3756 3598 3885 3650 Ἐὰν
3913 3597 3972 3650 δὲ

2403 3692 2669 3763 βραδύνω,
2701 3694 2788 3746 ῖνα
2823 3695 2991 3763 είδῇς,
3025 3693 3142 3756 πῶς
3175 3694 3256 3746 δεῖ
3287 3695 3344 3746 ὲν
3373 3693 3507 3760 οῖκῳ
3536 3689 3671 3742 Θεοῦ
3699 3688 3972 3757 ἁναστρέο

2403 3785 2620 3854 φεσθαι,
2652 3786 2773 3854 ἥτις
2803 3786 2949 3837 ἐστὶν
3006 3784 3302 3853 Ἐκκλησία
3349 3781 3485 3835 Θεοῦ
3522 3780 3745 3845 ζῶντος,
3778 3777 3977 3839 στύλος

2404 3877 2497 3928 καὶ
2523 3876 2802 3946 ἑδραίωμα
2838 3877 2937 3945 τῆς
2963 3875 3240 3945 ἀληθείας.
3276 3893 3294 3924 i

2472 3967 2782 4030 Τουτέστιν,
2813 3966 2978 4035 ὀρθὴν
3007 3965 3230 4034 ἔχοντας
3260 3965 3466 4026 πίστιν,
3505 3964 3601 4016 καὶ
3629 3961 3798 4032 μηδὲν
3827 3960 3977 4029 αὐτῇ

2403 4060 2510 4112 τῶν
2535 4057 2725 4111 δολίων
2756 4059 3166 4124 ἐπεισάγοντας.

2478 4169 2495 4201 ι
2528 4150 2637 4201 Καὶ
2665 4147 3109 4218 ὁμολογουμένως
3146 4147 3288 4218 μέγα
3318 4149 3435 4200 ἐστὶ
3460 4147 3522 4200 τὸ
3557 4149 3656 4216 τῆς
3685 4145 3981 4208 εὐσεϐείας

2406 4240 2722 4310 μυστήριον.
2751 4239 2883 4301 Θεὸς
2913 4238 3231 4310 ἐφανερώθη
3258 4241 3317 4290 ἑν
3350 4239 3536 4310 σαρκί.
3565 4257 3586 4290 ι

2472 4327 2563 4398 Mr;
2597 4346 2687 4398 μοι
2709 4331 2867 4402 εἴπῃς
2895 4332 3022 4392 τοὺς
3050 4330 3325 4394 κώδωνας,
3345 4334 3529 4400 φησὶν,
3548 4331 3680 4403 μηδι
3705 4331 3776 4385 τὰ
3804 4331 3985 4398 Ἀγια

2401 4419 2510 4471 τῶν
2539 4420 2729 4486 ἁγίων,
2768 4420 2901 4488 μηδὲ
2931 4419 3021 4471 τὸν
3058 4419 3340 4488 ἀρχιερέα.
3373 4420 3572 4483 Στύλος
3611 4420 3729 4472 ἐστὶ
3771 4421 3876 4488 τῆς
3907 4423 3990 4471 ot-

737 4519 823 4566 est
873 4509 1024 4564 orbis
1078 4510 1366 4571 columna;
1425 4515 1825 4561 sacramentum
1873 4521 2129 4575 magnum
2179 4513 2301 4570 est,
2335 4492 2371 4546 Ι]

2408 4512 2679 4581 κουμένης
2728 4511 2761 4578 ἡ
2804 4508 3129 4579 Ἐκκλησία’
3186 4508 3281 4560 καὶ
3330 4509 3630 4577 μυστήριόν
3681 4509 3833 4570 ἐστι,
3885 4511 3988 4560 καὶ

739 4614 805 4656 ac
831 4599 1048 4669 pietatis
1099 4606 1543 4664 sacramentum;
1597 4597 1760 4666 idque
1800 4597 1854 4650 in
1890 4596 2146 4652 confesso
2191 4605 2304 4661 est,

741 4706 848 4745 non
879 4692 932 4743 in
964 4688 1212 4757 ancipiti.
1251 4687 1384 4742 Nam
1425 4689 1528 4741 hoc
1561 4696 1647 4742 est
1671 4688 2062 4742 indubitatum.

815 4797 833 4829 ι
865 4778 1206 4833 Justiﬁcatus
1235 4786 1320 4832 est
1351 4777 1403 4830 in
1433 4778 1654 4848 spiritu.
1689 4797 1708 4830 ι

810 4868 888 4922 Ita
919 4870 1182 4938 loquitur,
1213 4870 1470 4937 quoniam
1499 4870 1589 4924 ille
1623 4871 1714 4940 qui
1741 4869 2012 4924 consimili
2051 4867 2214 4922 modo
2245 4883 2310 4923 ac

739 4974 840 5014 nos
868 4959 1214 5028 participavit
1237 4974 1459 5014 carnem
1495 4969 1550 5014 et
1579 4961 1921 5028 sanguinem,
1958 4974 2302 5029 nequaquam

740 5060 1024 5120 peccatum
1070 5050 1314 5112 admisit,
1370 5065 1469 5104 nec
1524 5052 1778 5106 inventus
1805 5060 1893 5106 est
1927 5051 2088 5106 dolus
2121 5051 2178 5105 in
2211 5065 2306 5106 ore

737 5140 882 5209 ejus.

815 5249 836 5282 ι
885 5231 1152 5302 Apparuit
1175 5234 1404 5303 angelis,
1433 5234 1759 5302 praedicatus
1789 5242 1872 5288 est
1892 5233 2163 5302 gentibus,
2187 5249 2307 5289 cre-

739 5323 888 5376 ditus
918 5335 1002 5378 est
1033 5324 1088 5378 in
1118 5325 1341 5386 mundo,
1376 5333 1690 5395 assumptus
1717 5333 1800 5378 est
1826 5325 1882 5378 in
1922 5325 2112 5394 gloria.
2154 5345 2172 5375 ι

1368 5416 1520 5470 CAP.
1579 5416 1668 5469 IV.

812 5506 976 5564 Vatis.
1019 5509 1137 5564 1-5.
1181 5529 1201 5560 ι
1250 5507 1488 5579 Spiritus
1540 5517 1721 5563 autem
1775 5511 2070 5567 manifeste
2123 5513 2302 5566 dicit:

740 5599 866 5669 quia
900 5600 955 5654 in
1005 5599 1325 5654 novissimis
1374 5601 1721 5673 temporibus
1757 5600 2042 5658 discedent
2077 5603 2304 5671 quidam

740 5705 772 5744 2
809 5691 927 5744 ﬁde.
964 5711 982 5742 ι

821 5806 870 5837 ⁸⁵
904 5806 1092 5861 Matth.
1125 5822 1180 5869 ι’,
1211 5807 1295 5861 16.

2408 4602 2569 4671 μέγα,
2597 4599 2687 4653 καὶ
2723 4600 2998 4662 εὐσεὸείας
3031 4602 3346 4670 μυστήριον,
3376 4601 3470 4653 καὶ
3501 4600 3988 4668 ὁμολογουμένως,

2403 4693 2467 4744 οὐ
2497 4692 2863 4760 ζητουμένως.
2906 4691 3296 4760 Ἀναμφίϐολον
3323 4693 3431 4761 γάρ
3458 4692 3628 4745 ἐστιν.

2484 4800 2503 4834 ι
2551 4781 2870 4850 Ἐδικαιὼθη
2899 4783 2956 4833 ὲν
2991 4782 3284 4850 πνεύματι.
3317 4801 3336 4834 i

2479 4871 2650 4924 Τοῦτό
2679 4889 2865 4941 φησιν,
2894 4873 2975 4925 ὅτι
3009 4873 3330 4941 μεταλαϐὼν
3371 4874 3603 4942 αἵματος
3636 4875 3730 4926 καὶ
3773 4874 3992 4944 σαρκὸς

2415 4962 2809 5032 παραπλησίως
2837 4964 2869 5030 ἡ
2881 4964 2990 5030 μίν,
3018 4965 3116 5014 οὐκ
3138 4963 3390 5032 ἐποίησεν
3423 4964 3720 5032 ἁμαρτίαν,
3741 4964 3868 5016 οὐδὲ
3898 4963 3992 5016 εὐ-

2416 5052 2545 5123 ρέθη
2576 5052 2726 5116 δόλος
2751 5055 2810 5106 ὲν
2845 5053 2924 5122 τῷ
2956 5054 3184 5122 στόματι
3211 5053 3397 5108 αὑτοῦ.

2489 5253 2507 5284 ι
2535 5235 2712 5302 Ὠφθη
2739 5234 3014 5300 ἀγγέλοις,
3038 5235 3313 5304 ἐκηρύχθη
3337 5236 3394 5287 ὲν
3420 5235 3653 5299 ἔθνεσιν,
3685 5238 3995 5307 ἐπιστεῠθη

2413 5327 2472 5379 ἐν
2508 5329 2715 5396 κόσμῳ,
2745 5325 3017 5395 ἀνελήφθη
3050 5329 3108 5378 ἐν
3137 5326 3282 5395 δόξῃ.
3325 5345 3344 5374 i

3012 5420 3054 5470 Κ
3065 5419 3262 5472 ΕΦΑΛ.
3311 5418 3386 5474 Δ’.

2492 5530 2510 5561 ι
2557 5511 2629 5563 Τὸ
2662 5510 2717 5562 δὲ
2741 5510 2958 5578 πνεῦμα
2987 5510 3169 5579 ῥητῶς
3193 5511 3361 5579 λέγει,
3386 5512 3467 5564 ὅτι
3500 5515 3556 5565 ἐν
3589 5514 3840 5586 ὑστέροις
3869 5532 3996 5568 και-

2419 5606 2529 5674 ροῖς
2560 5603 2956 5672 ἀποστήσονταί
2990 5619 3136 5665 τινες
3174 5603 3273 5669 τῆς
3308 5603 3566 5667 πίστεως.
3603 5625 3625 5658 ι
