4214 6446
250 410 389 477 1009

1344 412 1421 469 1N
1461 410 1697 469 EPIST.
1731 411 1828 467 AD
1874 408 2329 470 TIMOTHEUM
2370 410 2418 469 Ι.

3346 401 3499 472 ιοιοι

321 524 486 577 Ὥστε
525 523 616 575 καλ⁵
658 521 879 588 ἄγγελοι
914 521 1031 591 μεθ’
1066 519 1224 591 ἡμῶν
1265 517 1404 573 εἶδον
1438 520 1529 574 τὸν
1559 520 1687 573 Υίδν
1718 518 1812 572 τοῦ
1843 546 1856 579 λ

1989 518 2177 588 ltaque
2200 519 2417 589 angeli,
2451 518 2911 588 quemadmodum
2942 524 2996 571 et
3031 512 3253 570 nos.Dei
3285 513 3499 573 Filium.

247 615 408 677 Θεοῦ,
442 615 709 686 πρότερον
733 630 831 683 ουχ
864 615 1119 683 ὁρωντες.

325 724 344 755 ι
373 703 741 775 Προσέχοντες
767 703 1040 773 πνεύμασι
1068 702 1308 766 πλάνοις,
1331 702 1424 755 καὶ
1448 699 1815 762 διδασκαλίαις

247 795 575 864 δαιμονίων,
623 795 683 847 ἐν
723 794 1008 865 ὑποκρίσει
1042 793 1410 864 ψευδολόγων,
1455 808 1819 862 κεκαυτηριας

250 887 469 957 σμὲνων
511 888 612 955 τὴν
649 886 786 939 ίδίαν
839 886 1167 955 συνείδησιν,
1226 885 1540 939 κωλυόντων
1593 884 1815 952 γαμεῖν,

246 978 550 1049 ἀπέχεσθαι
579 979 904 1049 βρωμάτων,
933 977 969 1031 ἃ.
995 980 1022 1031 ό
1051 977 1182 1041 Θεὸς
1207 960 1423 1031 ἔκτισεν
1460 976 1540 1038 εἰς
1581 974 1817 1045 μετάλη-

246 1072 346 1141 ψιν
380 1071 519 1140 μετὰ
551 1072 922 1142 εὐχαριστίας,
953 1073 1065 1134 τοῖς
1090 1071 1321 1135 πιστοῖς,
1354 1069 1449 1123 καὶ
1477 1067 1816 1135 ἐπεγνωκόσι

247 1160 349 1232 τὴν
375 1163 653 1232 ἀλήθειαν.
689 1182 709 1215 ο

320 1253 417 1316 Ei;
446 1215 748 1325 Ιίιανιχαῖον
773 1253 867 1308 καὶ
891 1255 1198 1326 Μαρκίωνα
1225 1253 1400 1307 ταῦτα
1429 1252 1608 1307 πάντα
1643 1215 1813 1319 λέγει.

325 1449 347 1483 ι
386 1430 510 1484 Ὀτι
544 1434 652 1485 πᾶν
683 1433 888 1503 κτίσμα
915 1432 1050 1486 Θεοῦ
1078 1432 1262 1494 καλὸν,
1284 1432 1377 1485 καὶ
1402 1430 1555 1485 οὐδὲν
1577 1429 1816 1499 ἀπόϐληο

247 1539 343 1575 τον
369 1524 508 1590 μετὰ
533 1524 882 1594 εὐχαριστίας
906 1524 1335 1594 λαμϐανόμενον.
1376 1521 1689 1590 Ἀγιάζεται
1708 1521 1816 1590 γὰρ

246 1612 338 1665 διὰ
367 1612 524 1679 λόγου
553 1613 689 1667 Θεοῦ
732 1615 826 1668 καὶ¹
859 1615 1170 1681 ἐντεύξεως.
1205 1613 1389 1668 Ταῦτα
1427 1613 1816 1680 ὑποτιθέμενος

247 1702 364 1763 τοῖς
390 1701 655 1771 ἀδελφοῖς
694 1702 856 1767 καλὸς
889 1702 986 1774 Ean
1008 1704 1255 1766 διάκονος
1292 1702 1467 1773 Ἰησοῦ
1496 1700 1753 1772 Χριστοῦ.
1790 1718 1808 1750 ι

1918 623 2280 677 conspexere,
2315 625 2476 679 quem
2510 615 2639 664 ante
2667 624 2774 662 non
2806 607 3080 662 viderant.

1992 719 2010 751 ι
2042 699 2404 755 Attendentes
2452 700 2743 772 spiritibus
2794 699 3042 763 erroris,
3098 706 3153 753 et
3208 695 3480 753 doctrinis

1917 789 2337 854 daemoniorum,
2360 791 2415 845 in
2439 792 2720 863 hypocrisi
2744 790 3085 860 loquentium
3107 786 3479 845 mendacium,

1917 883 2276 937 cauteriatam
2306 884 2619 939 habentium
2649 898 2805 940 suam
2832 882 3230 937 conscientiam
3254 923 3269 944 ,
3300 878 3505 948 prohi-,

1917 971 2163 1026 bentium
2195 972 2425 1039 nubere,
2452 973 2729 1028 abstinere
2758 988 2787 1027 a
2817 973 2957 1027 cibis
2983 986 3124 1042 quos
3147 970 3296 1024 Deus
3316 980 3481 1023 crea—

1916 1061 1998 1114 vit
2030 1061 2097 1116 ad
2134 1061 2548 1132 percipiendum
2588 1076 2712 1116 cum
2749 1061 3050 1131 gratiarum
3087 1057 3308 1113 actione
3347 1053 3482 1109 iide-

1914 1152 2061 1207 iibus
2082 1194 2095 1217 ,
2126 1163 2177 1208 et
2206 1154 2274 1208 iis
2307 1154 2399 1223 qui
2436 1163 2809 1224 cognoverunt
2840 1154 3145 1206 veritatem.
3179 1168 3197 1202 ι

1987 1238 2112 1295 llaec
2141 1244 2327 1297 omnia
2363 1241 2631 1297 adversus
2661 1241 3026 1298 Manichaeum
3057 1247 3113 1295 et
3142 1237 3479 1293 Marcioneta

1916 1329 2195 1385 dicuntur.

1988 1421 2154 1477 Vens.
2192 1422 2311 1476 4-6.
2345 1440 2363 1473 ι
2392 1421 2531 1489 Quia
2566 1424 2746 1479 omnis
2777 1430 3033 1478 creatura
3064 1420 3158 1475 Dei
3192 1420 3334 1473 bona
3364 1425 3483 1484 est,

1918 1523 1971 1567 et
1999 1513 2140 1567 nihil
2171 1513 2535 1584 rejiciendum
2566 1514 2712 1584 quod
2759 1529 2883 1568 (eum
2916 1518 3220 1582 gratiarum
3266 1509 3486 1564 actione

1918 1606 2241 1675 percupitur.
2277 1604 2663 1661 Sanctiﬁcatur
2697 1607 2841 1661 enim
2880 1621 2975 1674 per
3017 1603 3247 1658 verbum
3287 1600 3378 1656 Dei
3428 1608 3490 1653 et-

1918 1698 2246 1755 orationem.
2281 1696 2406 1753 llaec
2441 1714 2755 1768 proponens
2800 1696 3100 1759 fratribus,
3152 1695 3332 1767 bonus
3372 1691 3483 1747 eris

1918 1789 2171 1845 minister
2198 1789 2331 1846 Jesu
2367 1791 2599 1845 Christi.
2635 1810 2653 1842 ι

319 1876 425 1930 Δύο
454 1875 664 1947 τίθησιν
711 1876 943 1930 ἐνταῦθα
968 1875 1268 1946 κεφάλαιασ
1302 1876 1360 1927 ἓν
1405 1874 1523 1944 μὲν,
1554 1874 1637 1926 ὅτι
1664 1872 1816 1925 οὐδὲν
1847 1884 1856 1938 1

1991 1881 2090 1936 llic
2121 1881 2230 1937 duo
2264 1884 2447 1953 capita
2493 1884 2728 1937 statuit:
2763 1898 2933 1936 unum
2980 1881 3233 1950 quidem,
3276 1878 3481 1932 nullam

250 1968 460 2037 κτίσμα
490 1971 669 2021 κοινόν
696 1990 701 1995 ·
736 1968 986 2039 δεύτερον
1013 1968 1089 2032 δὲ,
1124 1969 1172 2020 εί
1201 1966 1548 2038 καὶηγένηται
1580 1970 1645 2037 τῇ
1680 1966 1815 2018 ὐπο-

247 2060 414 2127 λήψει
452 2060 649 2125 κοινὸν,
689 2060 804 2113 ἀλλ’
851 2061 994 2130 ἔχεις
1037 2060 1099 2113 τὸ
1133 2060 1458 2130 φάρμακον’
1510 2057 1817 2128 σφραγίσας

249 2152 645 2223 εὐχαρίστησον
665 2170 680 2185 ο
715 2152 937 2216 δόξασον
965 2152 1056 2206 τὸν
1093 2152 1245 2219 Θεὸν,
1276 2152 1368 2205 καὶ
1398 2151 1546 2206 πᾶσα
1576 2149 1818 2220 ἀκαθαρ-
1852 2209 1856 2212 ,

252 2244 346 2299 σία
373 2245 696 2315 ἀφίπταται.

328 2444 349 2478 ι
401 2426 820 2496 Ἐντρεφόμενος
840 2426 955 2487 τοῖς
983 2424 1161 2492 λόγοις
1190 2423 1290 2493 τῆς
1313 2423 1567 2485 πίστεως,
1598 2422 1691 2475 καὶ
1716 2421 1817 2490 τῆς

247 2519 422 2588 καὶῆ,
455 2519 823 2581 διδασγαὶίας,
924 2515 1404 2588 παρηκολούθηκα.
1444 2533 1465 2568 ι

318 2614 394 2666 Τὸ
423 2613 667 2684 διηνεκὲς
689 2614 789 2683 τῆς
822 2614 901 2676 εἰς
942 2613 1011 2665 τὰ
1043 2611 1269 2666 τοιαῦτα
1311 2609 1585 2682 προσοχῆς
1618 2608 1812 2678 δηλῶν.

325 2723 345 2755 ι
383 2705 523 2767 Τοὺς
555 2705 814 2776 βεϐήλους
844 2704 940 2757 καὶ
961 2702 1227 2774 γραώδεις
1262 2701 1463 2773 μύθους
1489 2699 1811 2772 παραιτοῦ.»

318 2886 431 2950 Τὰς
466 2885 700 2955 μυθικὰς
740 2886 1010 2939 Ἰουδαίων
1045 2883 1372 2955 παραδόσεις
1403 2882 1571 2950 λέγει.

326 2997 344 3027 ι
384 2977 636 3044 Γύμναζε
668 2978 723 3031 δὲ
749 2977 938 3031 ἑαυτὸν
982 2995 1000 3028 ι

329 3069 392 3121 '0
420 3069 854 3138 γυμναζόμενος,
886 3067 1117 3139 ἱδρῶτας
1151 3065 1266 3137 ἔχει
1290 3062 1519 3126 πολλούς

326 3180 345 3211 σ
382 3162 525 3230 Πρὸς
548 3161 848 3215 εὐσέϐειαν.
886 3178 904 3211 ι

323 3254 605 3317 Τουτέστι,
637 3253 820 3305 πίστιν
846 3251 1096 3321 καθαρὰν
1124 3250 1220 3303 καὶ
1248 3250 1381 3320 βίον.

328 3364 347 3395 ε
395 3346 461 3396 Ἠ
487 3343 595 3414 γὰρ
638 3343 924 3414 σωματικὴ
959 3342 1235 3413 γυμνασία
1283 3340 1420 3411 πρὸς
1454 3339 1639 3407 ὀλίγον
1672 3337 1820 3391 ἐστὶν

246 3437 593 3507 ὠφέλιμοςοή
610 3436 665 3489 δὲ
684 3436 957 3499 εὐσέϐεια,
974 3436 1111 3505 πρὸς
1129 3434 1306 3489 πάντα
1321 3432 1595 3501 ὠφέλιμός
1612 3432 1760 3483 ἐστιν
1795 3450 1813 3482 ι

321 3530 388 3582 Tt
424 3529 481 3590 ὲς
504 3527 633 3598 περὶ
655 3527 907 3597 νηστείας
922 3525 1079 3578 τοῦτό
1103 3540 1266 3594 φασιν
1281 3522 1551 3595 εἰρῆσθαι.
1581 3523 1816 3588 ⁸Ἄπαγε·

247 3622 354 3673 οὐκ
386 3620 503 3672 ἐστι
533 3617 819 3689 σωματικὴ
849 3616 1150 3685 γυμνασία,
1190 3615 1325 3668 ἀλλὰ
1351 3614 1720 3682 πνευματική.
1756 3612 1819 3664 Ei

247 3712 360 3780 γὰρ
394 3709 678 3778 σωματικὴ
703 3704 791 3778 ἦν,
821 3707 883 3759 τὸ
920 3707 1080 3774 σῶμα
1112 3706 1339 3775 ἔτρεφεν
1366 3704 1449 3757 ἂν.
1493 3704 1555 3756 Et
1579 3703 1635 3756 δὲ
1660 3703 1820 3771 τήκει

248 3796 407 3859 αὐτὸ,
446 3796 539 3846 καὶ
569 3794 845 3861 λεπτύνει,
882 3794 976 3847 καὶ
1013 3792 1318 3862 κατισχύει,
1353 3793 1454 3845 οὐκ
1485 3792 1598 3844 ἔστι
1632 3808 1820 3860 σωμα-

246 3889 377 3956 τιγή
446 3887 588 3955 Ἀρα
614 3887 743 3953 περὶ
770 3885 871 3953 τῆς
900 3885 994 3937 τοῦ
1026 3884 1276 3953 σώματος
1316 3881 1599 3950 ἀσκήσεώς
1632 3900 1818 3951 φησιν,

247 3977 395 4030 ὥστε
444 3976 577 4047 ἡμῖν
624 3976 706 4029 δεῖ
750 3976 849 4046 τῆς
900 3976 1208 4045 γυμνασίας
1260 3975 1357 4045 τῆς
1406 3975 1548 4028 κατὰ
1601 3974 1780 4044 ψυχήν

249 4068 437 4138 ἐκείνη
474 4066 585 4137 γὰρ
614 4068 714 4120 οὐκ
748 4067 858 4136 ἔχει
885 4066 1097 4138 κέρδος,
1127 4066 1242 4119 ἀλλ’
1266 4066 1445 4133 ὀλίγον
1476 4065 1726 4135 ὠφέλησε
1763 4066 1822 4119 τὸ

250 4159 415 4229 σῶμα
435 4176 448 4189 ⁸
480 4162 513 4228 ἡ
541 4160 598 4213 δὲ
625 4160 725 4229 τῆς
755 4158 1035 4221 εὐσεϐείας
1071 4159 1323 4228 ἄσκησις,
1370 4158 1460 4211 τὸν
1495 4160 1705 4228 καρπὸν
1728 4160 1825 4211 καὶ

246 4254 309 4306 ιν
343 4251 423 4322 τῷ
456 4252 701 4322 μέλλοντι
743 4250 1059 4315 ἀποδίδωσι,
1092 4251 1186 4304 καὶ
1225 4250 1459 4304 ἐνταῦθα
1496 4251 1816 4304 ἀνακτᾶται.

328 4452 349 4485 ι
407 4431 774 4501 Ἐπαγγελίαν
795 4430 995 4501 ἔχουσα
1015 4430 1159 4502 ζωῆς
1182 4435 1280 4503 τῆς
1304 4431 1417 4493 νῦν,
1448 4432 1542 4485 καὶ
1564 4430 1666 4500 τῆς
1696 4432 1818 4501 μελ-

247 4525 472 4591 λούσης.
520 4543 538 4575 ι

326 4617 471 4688 ’Δρα
508 4616 603 4667 καὶ
630 4614 861 4668 ἐνταῦθα
893 4616 952 4668 ὲν
979 4614 1191 4669 ἐλπίσιν
1222 4616 1388 4685 ἐσμὲν
1430 4621 1714 4688 χρησταῖς.
1764 4620 1820 4673 Ὀ

246 4709 364 4775 γὰρ
400 4707 565 4775 μηδὲν
615 4705 793 4775 ἑαυτῷ
835 4706 1110 4770 συνειδὼς,
1138 4708 1232 4760 καὶ
1270 4708 1504 4762 ἐνταῦθα
1539 4711 1818 4777 γάννυται.

262 4796 567 4866 Ὠσπεροῦν
608 4798 704 4850 καὶ
743 4800 773 4850 ό
804 4798 1059 4867 πονηρὸς,
1093 4799 1187 4850 καὶ
1241 4797 1472 4851 ἐνταῦθα
1514 4800 1818 4865 κολάζεται.

330 4906 349 4939 ι
383 4886 580 4949 Πιστὸς
602 4888 632 4940 ό
659 4886 836 4955 λόγος,
871 4887 963 4939 καὶ
993 4887 1171 4955 πάσης
1206 4887 1477 4957 ἀποδοχῆς
1498 4888 1666 4953 ἄξιος.
1710 4908 1728 4939 i

324 5058 641 5119 Τουτέστιν,
676 5055 883 5125 ἀληθής
916 5056 1051 5118 ἐστι,
1087 5057 1182 5109 καὶ
1208 5056 1460 5120 ἐνταῦθα,
1490 5059 1583 5110 καὶ
1603 5060 1736 5111 ἐκεῖ.

330 5171 348 5200 ι
388 5150 482 5211 Εἰς
510 5147 805 5227 τοῦτοσγὰρ
842 5147 1142 5216 κοπιῶμεν,
1188 5149 1282 5200 καὶ
1324 5148 1713 5219 ὀνειδιζόμεθα,
1743 5152 1825 5203 ὅτι

246 5245 569 5311 ήλιιῖκαμεν
601 5240 694 5294 ἐπὶ
738 5242 856 5311 Θεῷ
896 5242 1078 5305 ζῶντι,
1112 5241 1171 5301 ὃς
1216 5243 1330 5293 ἐστι
1380 5242 1561 5313 σωτὴρ
1608 5243 1825 5296 πάντων

248 5332 582 5403 ἀνθρώπων,
605 5333 699 5386 καὶ
728 5334 963 5403 μάλιστα
992 5330 1219 5383 πιστῶν.
1253 5332 1603 5401 Παράγγελλε
1628 5332 1822 5398 ταῦτα,

250 5427 349 5479 καί
384 5425 622 5479 δίδασκε.
653 5444 672 5477 ι

323 5516 619 5569 Τουτέστν
660 5517 805 5581 τίνος
843 5520 952 5589 γὰρ
979 5520 1139 5572 ἕνεκα
1184 5520 1454 5586 κόπτομεν
1490 5520 1735 5582 ἑαυτοὺς,
1779 5521 1826 5571 εί

254 5610 332 5681 μὴ
365 5610 434 5661 τὰ
469 5609 729 5679 μέλλοντα
760 5611 1195 5682 προσεδοκῶμεν;

331 5718 352 5750 ι
396 5699 603 5768 Μηδείς
646 5716 739 5753 σου
781 5701 879 5769 τῆς
916 5703 1163 5769 νεότητο,
1210 5704 1646 5773 καταφρονείτω,
1696 5705 1826 5757 ἀλλὰ

250 5804 429 5847 toto;
458 5803 607 5855 γινου
632 5788 739 5842 τῶν
767 5790 991 5857 πιστῶν,
1027 5792 1082 5843 ἐν
1118 5791 1274 5860 Mm),
1307 5795 1363 5844 ὲν
1404 5795 1735 5863 ἀναστροφῇ,
1772 5797 1827 5847 ἐν

1917 1987 2032 2026 rem
2062 1983 2298 2026 creatam
2328 1988 2677 2029 communem
2709 1989 2832 2028 esse
2858 1978 2955 2027 aut
2982 1972 3320 2026 immundam
3351 1988 3364 2023 :
3400 1970 3483 2023 al-

1918 2070 2131 2124 terum,
2161 2068 2265 2118 etsi
2297 2064 2577 2133 quidpiam
2626 2065 2710 2117 vel
2761 2064 3079 2133 suspicione
3137 2060 3479 2115 immundum

1918 2154 2176 2215 habetur.
2232 2157 2531 2211 remedium
2588 2158 2644 2211 in
2696 2165 2946 2227 promptu
3003 2170 3165 2215 esse,
3221 2153 3480 2208 nimirum

1916 2246 2294 2316 consignando
2326 2248 2532 2316 gratias
2570 2262 2709 2316 age:
2739 2248 2967 2319 gloriam
3023 2246 3201 2316 praebe
3253 2243 3393 2308 Deo,
3430 2250 3484 2298 et

1917 2339 2210 2406 impuruas
2236 2353 2415 2392 omnis
2446 2341 2705 2394 avolahit.

1994 2451 2012 2483 ι
2046 2433 2332 2485 Enutritus
2358 2433 2546 2487 verbis
2580 2431 2703 2487 ﬁdei
2732 2441 2785 2486 et
2814 2433 2968 2486 bona:
2993 2428 3259 2484 doctrina:
3280 2468 3293 2488 ,
3318 2442 3481 2497 quam

1920 2531 2206 2579 assecutus
2237 2538 2317 2577 es.
2354 2542 2372 2573 ι

1988 2616 2281 2670 Assiduam
2313 2631 2441 2686 erga
2476 2616 2579 2670 ista
2610 2616 2975 2670 attentionem
3010 2612 3313 2681 prmierens

1986 2705 2153 2759 Vsus.
2198 2706 2248 2759 7.
2280 2724 2297 2756 ‹
2325 2705 2539 2775 ineptas
2594 2716 2777 2760 autem
2821 2714 2876 2760 et
2923 2702 3101 2758 aniles
3152 2700 3485 2772 quaestiones

1918 2797 2092 2852 devita
2120 2868 2123 2871 _
2147 2818 2165 2850 ι

1992 2889 2293 2945 Fabulares
2319 2888 2632 2943 inda-orum
2666 2889 2992 2945 traditiones
3021 2886 3178 2943 dicit.

1994 2999 2011 3029 ι
2044 2980 2255 3034 Exerce
2287 2990 2469 3034 autem
2504 2980 2734 3050 teipsum
2771 3000 2789 3033 ι

1987 3067 2092 3132 Qui
2122 3083 2181 3122 se
2210 3077 2457 3133 exercet,
2490 3070 2646 3124 valde
2676 3068 2930 3125 desudat.

1993 3176 2012 3209 ι
2041 3158 2123 3211 Ad
2149 3160 2428 3227 pietatem.
2447 3178 2465 3210 ι

1844 3217 1887 3274 c
1993 3248 2046 3304 Id
2080 3259 2163 3305 est
2199 3251 2355 3305 iidem
2385 3261 2441 3305 et
2472 3254 2636 3306 vitam
2670 3262 2884 3321 puram.

1992 3341 2159 3397 Vens.
2202 3342 2255 3395 8.
2284 3361 2302 3394 ι
2331 3341 2466 3395 Nam
2502 3344 2810 3412 corporalis
2849 3342 3173 3398 exercitatio
3204 3343 3271 3398 ad
3305 3342 3485 3398 modi-

1921 3448 2044 3488 cum
2082 3433 2342 3503 prodest,
2376 3434 2551 3503 pietas
2580 3442 2761 3487 autem
2792 3434 2858 3489 ad
2894 3435 3077 3488 omnia
3115 3434 3266 3489 utilis
3294 3444 3400 3490 est.
3430 3453 3448 3485 ι

1990 3524 2223 3590 Quidam
2260 3534 2413 3578 aiunt
2443 3526 2545 3579 hoc
2569 3524 2636 3579 de
2662 3525 2874 3593 jejunio
2905 3525 3117 3580 dictum
3143 3540 3269 3581 esse
3340 3526 3485 3596 Apaé

1922 3632 1986 3686 ge
2015 3633 2029 3646 ο
2061 3631 2170 3669 non
2204 3616 2308 3670 hoc
2334 3624 2419 3670 est
2457 3616 2776 3670 exercitatio
2816 3616 3120 3686 corporalis
3140 3655 3156 3681 ,
3188 3617 3285 3672 sed
3329 3615 3491 3686 spiri-

1923 3709 2107 3763 tualis.
2161 3706 2295 3761 Nam
2332 3707 2378 3762 si
2411 3707 2719 3777 corporalis
2752 3715 2932 3773 esset,
2980 3721 3184 3777 corpus
3226 3708 3484 3762 nutriret.

1923 3799 2019 3853 Sin
2057 3814 2186 3854 vero
2229 3799 2365 3852 illud
2402 3814 2742 3854 marcescere
2775 3799 2907 3852 facit
2936 3806 2989 3854 et
3024 3805 3303 3862 attenuat,
3336 3797 3486 3867 ejus-

1921 3904 2027 3957 que
2060 3890 2203 3945 vires
2237 3890 2461 3956 atterit,
2496 3890 2798 3959 corporalis
2830 3904 2939 3945 non
2984 3890 3171 3946 fuerit.
3221 3890 3392 3961 igitur
3420 3891 3487 3947 de

1926 3979 2323 4033 exercitatione
2366 3979 2616 4047 corporis
2647 3978 2910 4047 loquitur,
2940 3987 2997 4032 ut
3029 3992 3060 4032 e
3091 3994 3150 4031 re-
3185 3985 3371 4031 nostra
3417 3980 3487 4032 sit

1922 4067 2084 4139 264
2114 4067 2497 4121 exercitationi
2529 4066 2699 4120 animi
2733 4081 2953 4135 operam
3001 4066 3156 4121 dare.
3199 4066 3297 4119 illa
3338 4065 3500 4119 enim.

1924 4160 2058 4212 nihil
2091 4158 2405 4228 compendii
2434 4159 2632 4219 habet,
2663 4171 2969 4227 parumque
2992 4158 3218 4226 prodest
3241 4157 3484 4227 corpori.

1920 4251 2150 4307 Pietatis
2176 4260 2358 4306 autem
2385 4251 2706 4305 exercitatio
2727 4288 2741 4313 ,
2776 4263 2897 4303 cum
2932 4249 2985 4302 in
3015 4261 3131 4303 aevo
3158 4246 3346 4303 futuro
3372 4245 3489 4302 fru-

1921 4351 2071 4398 ctum
2107 4343 2389 4407 retribuit,
2428 4351 2543 4397 tum
2569 4350 2622 4395 et
2651 4341 2705 4395 in
2735 4340 2992 4410 praesenti
3027 4348 3260 4402 recreat.

2000 4453 2018 4485 ι
2047 4433 2477 4489 Promissionem
2511 4434 2724 4489 habens
2755 4432 2913 4498 vitae,
2946 4446 3070 4502 quae
3100 4445 3246 4485 nunc
3275 4438 3362 4486 est
3383 4468 3399 4495 ,
3432 4438 3488 4486 et

1853 4549 1895 4602 ι)
1926 4528 2142 4583 futurae.
2174 4543 2193 4576 ι

1996 4616 2169 4686 Igitur
2198 4628 2345 4669 nunc
2374 4629 2598 4684 quoque
2634 4614 2687 4668 in
2719 4629 2818 4685 spe
2846 4613 2991 4670 bona
3020 4626 3324 4669 versamur.
3352 4611 3487 4666 Nam

1922 4709 2014 4776 qui
2056 4706 2193 4760 nihil
2234 4705 2337 4760 sibi
2379 4705 2641 4760 conscius
2677 4716 2796 4772 est,
2832 4705 2922 4759 hic
2951 4705 3118 4759 etiam
3157 4703 3483 4757 oblectatur.

1923 4794 2394 4862 Quemadmodum
2430 4795 2608 4849 malus
2636 4794 2765 4849 istic
2796 4808 3016 4864 quoque
3035 4806 3227 4863 pronas
3261 4792 3381 4845 luit.

1998 4888 2161 4946 Vitas.
2201 4887 2253 4941 9.
2285 4904 2303 4938 ι
2334 4886 2536 4941 Fidelis
2588 4900 2772 4942 sermo
2813 4891 2869 4940 et
2914 4885 3061 4939 omni
3113 4882 3489 4954 acceptations

1922 4980 2139 5050 dignus.
2161 4996 2180 5029 ι

1996 5069 2109 5122 lloc
2143 5077 2228 5123 est
2248 5110 2262 5132 ,
2295 5082 2460 5121 verus
2491 5078 2611 5131 est,
2638 5082 2765 5122 cum
2799 5068 2887 5122 hic
2912 5109 2926 5130 ,
2956 5077 3071 5122 tum
3108 5068 3242 5122 illic.

1998 5160 2161 5215 Vsus.
2205 5160 2293 5221 10,
2336 5158 2423 5211 li.
2455 5176 2473 5210 ι
2505 5157 2563 5211 in
2595 5159 2697 5212 hoc
2725 5158 2870 5212 enim
2918 5159 3231 5213 laboramus
3272 5164 3330 5210 et
3370 5169 3487 5210 ma-

1929 5251 2235 5312 lediciinur,
2274 5250 2403 5318 quia
2436 5264 2722 5317 speramus
2752 5250 2805 5302 in
2839 5248 3006 5303 Deum
3035 5250 3256 5315 vivum,
3280 5245 3377 5316 qui
3406 5255 3491 5300 est

1927 5343 2168 5395 salvator
2189 5341 2433 5394 omnium
2460 5339 2743 5392 hominum
2760 5378 2775 5403 ,
2803 5338 3040 5392 maxime
3065 5337 3325 5392 iidelium.
3350 5336 3492 5390 Prm-

1924 5436 2048 5499 cipe
2073 5432 2187 5485 haec
2214 5440 2266 5485 et
2293 5431 2447 5484 doce.
2472 5449 2488 5480 ι

1989 5524 2043 5577 Id
2091 5534 2219 5578 est:
2269 5521 2448 5575 Eccur
2497 5523 2641 5575 enim
2694 5521 2972 5577 laboribus
3002 5536 3102 5575 nos
3130 5519 3499 5586 conﬁcimus,

1929 5615 2032 5670 nisi
2067 5630 2155 5671 res
2185 5613 2400 5668 futuras
2429 5614 2829 5684 sperarennts'!

1997 5707 2157 5761 Vnus.
2203 5706 2290 5770 12,
2325 5704 2392 5758 15
2448 5726 2464 5755 ι
2497 5705 2665 5759 Nemo
2699 5703 3125 5759 adolescentiam
3173 5712 3319 5757 tuam
3354 5716 3491 5755 con-

1932 5806 2134 5854 temnat
2162 5815 2175 5865 ;
2206 5800 2299 5853 sed
2332 5798 2639 5868 exeinplum
2676 5805 2797 5854 esto
2830 5797 3067 5852 ﬁdelium
3092 5839 3105 5864 ,
3135 5798 3188 5851 in
3218 5794 3406 5884 verba.
3437 5794 3487 5847 in
