4214 6446
260 396 393 462 1017

1259 396 1337 454 ΙΝ
1369 396 1606 456 EPIST.
1674 397 1768 454 AD
1811 392 2274 454 TlMOTHEUM
2314 392 2395 451 ΙΙ.

3385 381 3522 448 1018

255 515 620 586 ανυποκρίτου
665 517 924 581 πίστεως,
965 518 1085 587 ἥτις
1124 514 1367 584 ἐνῴκησε
1409 513 1626 583 πρῶτον
1661 513 1719 564 ἐν
1768 512 1832 580 τῇ

1941 508 2378 563 recordationem
2436 503 2719 573 accipiens
2755 501 2878 570 ejus
2922 497 3049 554 fidei
3087 509 3209 568 quae
3249 504 3336 552 est
3384 496 3437 550 in
3466 505 3521 551 te

261 608 466 678 μάμμῃ
514 625 606 661 σου
643 610 833 672 Λωῖδι,
875 610 968 662 καὶ
1000 611 1066 678 τῇ
1104 608 1271 677 μητρί
1317 623 1412 658 σου
1469 605 1694 676 Εὐνίκῃ·
1741 604 1836 655 πέ·

256 714 488 767 πεισμαι
509 698 564 750 δὲ
592 699 674 750 ὅτι
701 700 796 751 καὶ
817 701 872 752 ἐν
897 699 1000 752 σοί.
1023 701 1100 752 Δι’
1131 697 1197 768 ἢν
1228 697 1408 749 αίτίαν
1438 696 1835 765 ἀναμιμνήσκω

260 805 319 840 σε
349 789 732 858 ἀναζωπυρεῖν
749 791 811 842 τὸ
840 791 1086 860 χάρισμα
1115 789 1208 841 τοῦ
1241 787 1399 853 Θεοῦ,
1437 789 1464 839 ὃ
1493 789 1641 839 ἐστιν
1671 787 1728 838 ἐν
1753 786 1835 837 σοι

255 879 344 933 διὰ
377 881 476 950 τῆς
508 881 806 946 ἐπιθέσεως
846 885 953 936 τῶν
986 883 1184 952 χειρῶν
1219 899 1343 952 μου.
1382 881 1457 932 Οὐ
1491 880 1600 950 γάρ
1637 879 1836 932 ἔδωκεν

256 975 392 1042 ἡμῖν
422 975 450 1026 ὁ
492 974 624 1037 Θεὸς
675 976 888 1044 πνεῦμα
928 974 1151 1037 δειλίας,
1197 972 1331 1026 ἀλλά
1379 971 1682 1041 δυνάμεως,
1740 969 1834 1023 καὶ

256 1063 500 1133 ἀγάπης,
529 1065 625 1119 καὶ⁵
651 1066 1058 1138 σωφρονισμοῦ.
1103 1085 1120 1117 ο

327 1243 548 1311 Γράψας
569 1242 734 1312 αὐτῷ.
761 1243 835 1305 ὡς
865 1243 1118 1310 ἀφίξεται
1141 1243 1275 1314 πρὸς
1299 1243 1481 1308 αὑτὸν,
1517 1243 1828 1315 ἐνεποδίσθη

254 1333 432 1396 δεθεὶς
461 1337 539 1396 είς
579 1333 833 1405 Ῥώμην·
875 1335 956 1387 διὸ
995 1335 1371 1406 καὶδευτέρας
1421 1334 1569 1404 αὐτῷ
1614 1335 1832 1404 ἐδέησεν

257 1424 569 1494 ἐπιστολῆς.

329 1599 554 1671 Πρῶτον
606 1602 882 1671 ἐγκώμιον
913 1602 1008 1656 τοῦ
1061 1602 1327 1672 μαθητοῦ,
1362 1605 1444 1657 ὃτι
1490 1605 1695 1658 ἀνωθεν
1725 1605 1831 1658 ἀπὸ

255 1692 436 1752 οἰκίας
470 1693 586 1744 ἐστί
617 1693 696 1763 τῷ
734 1694 954 1762 Χριστῷ
993 1694 1366 1762 δουλευούσης.

333 1800 351 1832 ι
402 1783 492 1852 Μὴ
526 1779 617 1835 οῦν
651 1785 1023 1854 ἐπαισχυνθῇς
1062 1785 1122 1837 τὸ
1158 1786 1458 1856 μαρτύριον
1490 1788 1583 1841 τοῦ
1622 1789 1823 1857 Κυρίου

1939 612 2048 652 non
2086 595 2234 661 ﬁcta,
2269 609 2392 665 qum
2445 603 2500 649 et
2551 592 2820 648 habitavit
2869 591 3110 661 primum
3159 587 3216 642 in
3253 587 3374 641 avia
3427 598 3520 642 tua

1937 689 2126 754 Loide,
2192 688 2354 759 267
2405 698 2460 742 et
2513 691 2694 740 matre
2752 695 2844 737 tua
2895 681 3139 747 Eunice;
3174 687 3364 736 certus
3395 691 3518 734 sum

1935 789 2117 836 autem
2154 779 2302 850 quod
2353 789 2405 834 et
2442 779 2496 831 in
2530 785 2603 831 te.
2668 775 2900 844 Propter
2947 787 3111 842 quam
3165 786 3391 827 causam
3426 769 3521 851 ad-

1936 887 2129 926 moneo
2162 879 2214 925 te
2241 878 2302 924 ut
2338 869 2642 924 resuscites
2677 866 2906 936 gratiam
2937 862 3069 927 Dei,
3109 877 3233 932 qua;
3271 868 3357 916 est
3387 860 3444 914 in
3470 869 3522 914 te

1935 979 2033 1032 per
2088 962 2496 1032 impositionem
2559 974 2827 1014 manuum
2883 970 3155 1011 mearum.
3203 952 3324 1009 Non
3370 953 3518 1008 enim

1932 1053 2080 1109 dedit
2124 1055 2288 1108 nobis
2344 1055 2486 1107 Deus
2537 1051 2791 1122 spiritum
2841 1045 3082 1113 timoris,
3113 1043 3210 1100 sed
3270 1043 3516 1107 virtutis,

1931 1156 1986 1202 et
2016 1148 2356 1211 dilectionis,
2396 1155 2451 1198 et
2482 1142 2831 1199 sobrietatis.
2869 1160 2887 1191 ι

2002 1239 2139 1294 Cum
2170 1238 2494 1308 scripsisset
2535 1251 2594 1291 se
2654 1234 3029 1305 profecturum
3059 1229 3126 1284 ad
3161 1231 3337 1290 illum,
3391 1243 3520 1298 pro-

1933 1331 2139 1385 hibitus
2167 1331 2290 1396 fuit,
2353 1331 2685 1397 vinctusque
2739 1325 2971 1380 Romam
3032 1322 3516 1392 perductus.Qua-

1933 1430 2161 1492 propter
2201 1436 2432 1477 necesse
2480 1420 2590 1475 fuit
2619 1427 2681 1473 ut
2713 1417 2944 1471 alteram
2985 1411 3054 1466 ad
3103 1413 3354 1467 eumdem
3397 1414 3513 1482 epi-

1931 1516 2127 1568 stolam
2151 1513 2339 1567 daret.

2003 1604 2179 1657 Prima
2222 1603 2656 1674 lausfdiscipuli.
2697 1601 2845 1672 quod
2877 1616 2942 1657 ex
2980 1599 3196 1655 familia
3228 1599 3300 1653 sit
3351 1597 3512 1652 Chri-

1933 1698 2368 1766 SleTImPI'iI'CnI
2409 1695 2744 1764 mancipata.

2002 1784 2166 1840 Vsus.
2198 1785 2251 1850 8,
2281 1786 2333 1838 9.
2373 1803 2391 1835 ‹
2430 1783 2548 1837 Noli
2576 1783 2744 1852 igitur
2762 1784 3094 1838 erubescere
3128 1773 3514 1836 testimonium

255 1872 437 1942 ήμῶν,
469 1849 600 1943 μηδὲ
633 1874 734 1942 ἐμὲ
778 1849 870 1926 τόν
913 1849 1132 1945 δέσμιον
1158 1849 1354 1940 αὑτοῦ,
1377 1874 1512 1929 ἀλλά
1554 1849 1828 1943 συγκακο-

1933 1875 2148 1930 Domini
2186 1876 2384 1938 nostri,
2426 1889 2606 1944 neque
2638 1889 2722 1928 me
2761 1875 3004 1928 vinctum
3056 1877 3210 1941 ejus;
3245 1870 3338 1926 sed
3401 1869 3515 1922 col-

256 1962 505 2032 πάθησον
533 1963 611 2033 τῷ
638 1965 978 2034 Εὑαγγελίῳ,
1006 1967 1147 2020 κατά
1175 1966 1402 2036 δύναμιν
1431 1967 1566 2020 Θεοῦ
1601 1969 1693 2020 τοῦ
1727 1969 1830 2021 σώ-

256 2071 450 2117 σαντος
481 2057 648 2124 ἡμᾶς,
691 2059 784 2108 καὶ
816 2056 1142 2120 καλέσαντος
1177 2058 1367 2128 κλήσει
1404 2059 1555 2130 ἁγία,
1591 2062 1652 2113 οὐ
1687 2062 1829 2115 κατά

251 2145 320 2198 τά
361 2145 501 2216 ἔργα
532 2144 708 2216 ἡμῶν,
760 2147 896 2199 ἀλλά
940 2148 1034 2200 καὶ
1083 2149 1203 2200 κατ’
1255 2149 1391 2202 ίδίαν
1429 2150 1688 2220 πρόθεσιν
1738 2155 1829 2206 καὶ

253 2238 435 2306 χάριν,
488 2237 588 2306 τὴν
634 2237 881 2291 δοθεῖσαν
937 2239 1069 2309 ἡμῖν
1116 2241 1174 2291 ἐν
1226 2241 1444 2311 Χριστῴ
1502 2243 1673 2311 Ἰησοῦ
1725 2243 1829 2314 πρὸ

253 2330 464 2398 χρόνων
493 2330 747 2384 αἰωνίων.
798 2349 816 2381 ι

321 2423 441 2476 Κᾶν
470 2424 630 2484 αὐτὸς
657 2422 830 2478 ταῦτα
861 2423 1059 2495 πάθῃς,
1091 2425 1246 2495 φησὶ,
1294 2424 1368 2495 μὴ
1399 2425 1715 2496 αἰσχυνθῇς.

326 2535 345 2566 ι
391 2516 803 2586 Φανερωθεῐσαν
852 2517 908 2570 δὲ
962 2518 1056 2570 νῦν
1087 2518 1174 2571 διὰ
1225 2519 1322 2587 τῆς
1374 2520 1696 2588 ἐπιφανείας
1733 2519 1824 2573 τοῦ

251 2609 461 2678 Κυρίου
502 2610 664 2678 ἡμῶν
725 2608 906 2679 Ἰησοῦ
958 2610 1220 2680 Χριστοῦ,
1253 2612 1698 2681 καταργήσαντος
1729 2614 1826 2680 μὲν

249 2701 341 2752 τὸν
380 2700 635 2763 θάνατον,
690 2701 1025 2768 φωτίσαντος
1072 2702 1129 2754 δὲ
1177 2701 1320 2773 ζωὴν
1373 2705 1468 2757 καὶ
1517 2703 1824 2774 ἀφθαρσίαν

249 2792 339 2845 διὰ
375 2791 469 2844 τοῦ
518 2793 876 2861 Εὑαγγελίου,
926 2794 1007 2856 είς
1039 2794 1068 2846 ὃ
1116 2793 1306 2866 ἐτέθην
1355 2795 1465 2864 ἐγὼ
1500 2797 1694 2867 κήρυξ,
1733 2800 1824 2852 καὶ

249 2884 573 2950 ἀπόστολος,
607 2886 702 2938 καὶ
729 2885 1050 2948 διδάσκαλος
1085 2885 1276 2940 ἐθνῶν.
1309 2889 1385 2939 Δι’
1412 2889 1477 2958 ῆν
1524 2891 1700 2942 αἰτίαν
1732 2893 1824 2944 καὶ

248 2979 423 3029 ταῦτα
455 2978 668 3046 πάσχω,
701 2978 814 3030 ἀλλ’
857 2977 956 3030 οὑκ
998 2978 1425 3048 ἐπαισχύνομαι.
1474 2977 1603 3034 Οἶδα
1639 2983 1746 3052 γὰρ
1779 2977 1823 3049 ᾧ

249 3069 614 3130 πεπίστευκα,
663 3068 756 3120 καὶ
807 3069 1111 3138 πέπεισμαι
1164 3069 1245 3122 ὃτι
1295 3070 1518 3134 δυνατός
1563 3074 1680 3124 ἐστι
1723 3075 1822 3141 τὴν

1934 1968 2122 2021 labora
2159 1967 2456 2037 Evangelio
2483 1965 2786 2020 secundum
2815 1965 3076 2018 virtutem
3111 1962 3226 2023 Dei.
3256 1961 3351 2031 qui
3413 1975 3529 2014 nos.

1932 2059 2209 2121 liberavit,
2248 2067 2302 2111 et
2337 2059 2553 2110 vocavit
2582 2055 2872 2110 vocatione
2905 2069 3005 2109 sua
3033 2063 3240 2115 sancta,
3283 2066 3394 2104 non
3429 2065 3515 2105 se-

1931 2149 2170 2203 cundum
2203 2161 2366 2216 opcra
2413 2154 2623 2209 nostra,
2661 2145 2756 2201 sed
2809 2143 3112 2200 secundum
3167 2141 3510 2211 propositum

1931 2256 2092 2295 suum
2135 2249 2188 2294 et
2233 2241 2490 2308 gratiam,
2545 2253 2666 2307 quae
2724 2237 2849 2291 data
2896 2247 2981 2293 est
3015 2237 3251 2292 nobisin
3291 2233 3512 2289 Christo

1927 2331 2053 2388 Jesu
2075 2341 2202 2387 ante
2238 2341 2484 2401 tempora
2509 2331 2814 2386 szecularia.
2842 2348 2862 2382 ι

1998 2425 2241 2479 Tametsi
2277 2425 2392 2478 lucc
2415 2427 2626 2493 patiare
2661 2423 2862 2492 inquit,
2887 2423 2994 2476 noli
3015 2421 3339 2476 erubescere.

1997 2518 2162 2573 Vens.
2196 2518 2280 2582 10,
2309 2518 2394 2571 18.
2428 2514 2772 2570 Manifestata
2815 2522 2901 2570 est
2929 2525 3111 2568 autem
3149 2531 3293 2567 nunc
3322 2525 3415 2583 per
3446 2513 3511 2566 il-

1925 2610 2341 2665 luminationem
2372 2607 2671 2662 Salvatoris
2704 2608 2880 2662 nostri
2910 2605 3040 2661 Jesu
3065 2604 3513 2676 Christi,quide-

1926 2702 2123 2757 struxit
2150 2708 2399 2766 mortem,
2424 2700 2748 2752 illuminavit
2776 2707 2962 2753 autem
2984 2699 3150 2752 vitam
3183 2707 3237 2752 et
3257 2697 3502 2753 incorru-

1928 2795 2172 2862 ptionem
2213 2807 2308 2862 per
2363 2790 2713 2859 Evangelium
2751 2806 2765 2854 ;
2807 2789 2859 2842 in
2883 2804 2990 2858 quo
3021 2789 3232 2859 positus
3259 2803 3377 2844 sum
3407 2802 3508 2856 ego

1925 2885 2273 2954 praedicator,
2307 2890 2361 2937 et
2393 2881 2700 2950 apostolus,
2729 2888 2783 2935 et
2817 2881 3077 2952 magister
3122 2884 3386 2950 gentium.
3425 2879 3508 2932 0h

1923 2989 2084 3044 quam
2118 2987 2340 3027 causam
2370 2973 2533 3026 etiam
2582 2973 2693 3024 haec
2717 2972 2918 3039 patior,
2968 2969 3063 3024 sed
3111 2985 3217 3023 non
3273 2967 3507 3023 confun-

1926 3067 2046 3120 dor.
2078 3064 2207 3118 Scio
2269 3065 2414 3117 enim
2466 3063 2552 3118 cui
2621 3063 2855 3128 credidi,
2890 3072 2943 3118 et
2967 3069 3153 3116 certus
3199 3076 3321 3116 sum
3377 3062 3507 3129 quia

251 3159 584 3230 παραθήκην
614 3158 847 3228 φυλάξαι
894 3162 974 3222 είς
1017 3161 1230 3231 ἐκείνην
1259 3161 1356 3231 τὴν
1386 3163 1616 3232 ἡμέραν.
1662 3164 1824 3217 Ὑποο

1930 3167 2120 3228 potens
2150 3169 2234 3212 est
2262 3157 2568 3225 depositum
2601 3171 2779 3208 meum
2814 3171 3034 3210 servare
3062 3155 3122 3208 in
3162 3154 3314 3208 illum
3340 3153 3502 3208 diem.

245 3252 492 3304 τύπωσιν
521 3250 610 3319 ἔχε
637 3251 990 3318 ὑγιαινόντων
1022 3251 1214 3318 λόγων,
1239 3245 1314 3304 ὧν
1344 3254 1471 3323 παρ’
1502 3253 1636 3322 ἐμοῦ
1661 3255 1824 3324 ήκου-

249 3361 350 3401 σας
380 3344 440 3394 ἐν
468 3343 671 3407 πίστει,
703 3343 797 3396 καὶ
827 3343 1015 3415 ἀγάπῃ
1045 3347 1107 3413 τῇ
1140 3346 1196 3396 ὲν
1227 3345 1446 3413 Χριστῷ
1482 3344 1677 3414 Ἰησοῦ.
1712 3348 1823 3418 Τὴν

248 3435 424 3504 καλὴν
456 3435 784 3505 παραθήκην
816 3435 1049 3503 φύλαξον
1077 3437 1165 3489 διὰ
1199 3437 1511 3506 Πνεῦματος
1538 3440 1692 3504 ἁγίου
1730 3441 1820 3492 τοῦ

247 3527 584 3587 ἐνοικοῦντος
619 3528 676 3578 ἐν
705 3528 858 3596 ἡμῖν.
894 3521 1025 3578 Οἶδα
1073 3526 1250 3590 τοῦτο,
1284 3527 1710 3596 ἀπεστράφησάν
1754 3546 1820 3598 με

248 3620 451 3681 πάντες
483 3621 532 3671 οἱ
566 3621 623 3671 ἐν
653 3622 718 3688 τῇ
759 3619 934 3689 Ἀσίᾳ,
964 3612 1040 3671 ὧν
1074 3621 1190 3671 ἐστι
1232 3619 1466 3686 Φύγελος
1497 3619 1590 3671 καὶ
1625 3621 1823 3690 Ἑρμο-

249 3713 437 3780 γένης.
487 3709 608 3780 Δῴη
655 3709 804 3772 ἔλεος
855 3711 883 3761 ὁ
927 3708 1127 3780 Κύριος
1159 3709 1236 3780 τῷ
1283 3710 1638 3780 Ὀνησιφόρου
1669 3711 1819 3780 οἴκῳ,

248 3804 332 3856 ὅτι
368 3802 626 3864 πολλάκις
676 3819 743 3871 με
774 3801 1060 3872 ἀνέψυξεν,
1095 3804 1188 3854 καὶ
1218 3802 1316 3870 τὴν
1357 3803 1545 3855 ἅλυσίν
1589 3821 1688 3872 μου
1722 3805 1821 3858 οὐκ

249 3894 590 3964 ἐπῃσχύνθη,
625 3894 761 3948 ἀλλά
803 3893 1096 3964 γενόμενος
1132 3896 1188 3946 ἐν
1233 3893 1439 3964 Ῥώμῃ.
1477 3895 1820 3948 σπουδαιότεο

253 4003 348 4056 ρον
380 3983 614 4055 ἐζήτησέ
651 4001 740 4055 με,
774 3987 869 4038 καὶ
904 3979 1081 4055 εὗρεν.
1116 3982 1234 4053 Δῴη
1267 3983 1412 4053 αὑτῷ
1439 3986 1467 4037 ό
1495 3985 1697 4054 Κύριος
1731 3987 1821 4038 εὑ-

252 4078 366 4130 ρεῖν
397 4074 544 4128 ῐλεον
571 4074 724 4145 παρά
745 4075 950 4145 Κυρίου
980 4076 1038 4128 ἐν
1059 4075 1242 4144 ἐκείνῃ
1265 4077 1328 4143 τῇ
1361 4075 1537 4144 ἡμέρα
1556 4091 1567 4103 ·
1603 4077 1695 4129 καὶ
1723 4077 1820 4128 ὅσα

249 4167 308 4217 ἐν
352 4165 562 4236 Ἐφέσῳ
594 4165 904 4236 διηκόνησε,
939 4165 1146 4235 βέλτιον
1179 4166 1242 4218 σὺ
1270 4163 1581 4232 γινώσκεις.
1633 4186 1651 4218 ι

851 4338 1104 4396 ΚΕΦΔΛ.
1154 4343 1227 4397 B'.

328 4451 347 4485 ι
374 4433 446 4486 Σὺ
478 4432 594 4497 οῦν,
614 4433 801 4486 τέκνον
835 4450 959 4502 μου,
993 4432 1292 4502 ἐνδυναμοῦ
1315 4436 1372 4486 ἐν
1404 4438 1469 4504 τῇ
1525 4435 1707 4505 χάριτι
1753 4437 1815 4506 τῇ

1932 3249 2182 3303 Formam
2229 3248 2369 3302 habe
2415 3263 2675 3302 sanorum
2737 3247 3053 3308 verborum,
3093 3262 3215 3316 qua:
3241 3261 3270 3298 a
3303 3261 3390 3300 me
3412 3261 3506 3299 au-

1929 3343 2054 3397 disti
2081 3341 2134 3396 in
2168 3340 2273 3396 (ide
2301 3350 2354 3394 et
2374 3341 2428 3393 in
2451 3341 2748 3396 dilectione
2781 3341 2836 3394 in
2863 3339 3086 3394 Christo
3118 3338 3271 3394 Jcsu.
3296 3338 3506 3392 Bonum

1929 3433 2231 3500 depositum
2268 3430 2504 3496 custodi,
2558 3447 2651 3499 per
2685 3431 2949 3500 Spiritum
2995 3441 3246 3485 sanctum
3286 3430 3380 3499 qui
3409 3429 3508 3483 ha-

1929 3525 2064 3578 bitat
2093 3525 2147 3576 in
2181 3524 2362 3576 nobis.
2414 3524 2536 3577 Scis
2580 3523 2702 3583 hoc,
2756 3522 2900 3592 quod
2951 3523 3130 3576 arersi
3204 3531 3385 3576 sunta
3423 3537 3507 3576 me

1927 3635 2118 3674 omnes
2165 3620 2255 3686 qui
2289 3619 2340 3671 in
2377 3618 2502 3672 Asia
2531 3630 2679 3679 sunt,
2714 3634 2777 3671 ex
2817 3617 3019 3684 quibus
3047 3625 3132 3670 est
3161 3615 3431 3685 Phygelus
3454 3625 3507 3670 et

1931 3711 2316 3779 Hermogenes.
2365 3709 2463 3763 Det
2495 3707 2928 3763 misericordiam
2990 3706 3253 3760 Dominus
3307 3706 3503 3760 Onesi-

1929 3803 2086 3874 phori
2113 3803 2298 3858 domui
2328 3823 2340 3856 :
2377 3801 2504 3871 quia
2560 3815 2702 3869 saepe
2739 3816 2825 3854 me
2879 3798 3244 3869 reirigeravit,
3273 3807 3327 3853 et
3359 3807 3504 3852 cate~

1931 3911 2056 3950 nam
2089 3910 2266 3949 meam
2295 3908 2401 3948 non
2427 3892 2648 3949 erubuit
2671 3911 2684 3946 :
2706 3893 2800 3947 sed
2828 3905 2951 3947 cum
2982 3890 3208 3945 Romam
3242 3891 3501 3954 venisset,

1930 3985 2270 4041 solliciteme
2304 3983 2554 4053 quaesivit
2582 3990 2635 4037 et
2675 3981 2903 4035 invenit.
2960 3978 3057 4033 Det
3113 3979 3186 4034 illi
3239 3975 3504 4033 Dominus

1930 4073 2174 4128 invenire
2220 4069 2653 4126 misericordiam
2685 4083 2713 4121 a
2746 4068 2978 4122 Domino
3020 4067 3076 4122 in
3129 4067 3219 4122 illa
3289 4067 3397 4123 die.
3439 4067 3498 4123 Et

1927 4174 2130 4237 quanta
2184 4163 2384 4236 Ephesi
2445 4163 2775 4218 ministravit
2833 4158 2988 4226 mihi,
3033 4168 3091 4215 tu
3144 4160 3342 4216 melius
3401 4174 3499 4215 no-

1927 4261 2016 4314 sti.
2046 4278 2062 4310 ι

2589 4345 2744 4404 CAP.
2794 4347 2858 4402 Il.

2002 4461 2018 4492 ι
2052 4440 2133 4496 Tu
2183 4456 2334 4511 ergo,
2369 4441 2442 4494 lili
2487 4441 2590 4506 mi,
2622 4439 2936 4494 confortare
2970 4439 3023 4493 in
3059 4438 3231 4510 gratia
3259 4452 3381 4508 quae
3415 4445 3500 4493 est

248 4524 307 4577 ἐν
358 4523 577 4593 Χριστῷ
639 4523 837 4592 Ἰησοῦ,
888 4525 978 4577 καὶ
1024 4523 1059 4576 ἀ
1110 4525 1348 4594 ήκουσας
1403 4527 1532 4595 παρ’
1566 4528 1698 4595 ἐμοῦ
1734 4526 1818 4580 διὰ

1930 4535 1974 4588 in
2029 4534 2251 4589 Christo
2281 4532 2448 4598 Iesu;
2482 4542 2534 4586 et
2561 4547 2681 4601 quae
2713 4531 2914 4586 audisti
2947 4545 2978 4583 a
3011 4543 3098 4585 me
3142 4543 3240 4600 per
3293 4531 3499 4584 multos

247 4615 463 4666 πολλῶν
511 4614 802 4686 μαρτύρων
838 4615 1010 4668 ταῦτα
1059 4615 1304 4685 παράθου
1351 4621 1560 4681 πιστοῖς
1613 4618 1820 4686 ἀνθρώ-

249 4707 394 4767 ποίς,
430 4706 627 4766 οἵτινες
691 4705 867 4757 ἱκανοὶ
913 4706 1149 4768 ἔσονται,
1202 4707 1294 4758 καὶ
1341 4709 1563 4777 ἐτέρους
1590 4710 1818 4774 διδάξαι.

248 4798 321 4849 Σῦ
361 4792 454 4848 οῦν
491 4797 872 4865 κακοπάθησον
916 4799 992 4859 ὡς
1036 4799 1197 4860 καλὸς
1249 4799 1584 4869 στρατιώτης
1649 4801 1819 4870 Ἰησοῦ

247 4887 510 4956 Χριστοῦ.
535 4887 717 4946 Οὐδεὶς
739 4888 1190 4958 στρατευόμενος,
1222 4890 1555 4958 ἐμπλέκεται
1585 4895 1705 4954 ταῖς
1725 4893 1818 4945 τοῦ

248 4981 366 5050 βίου
397 4979 828 5047 πραγματείαις,
863 4981 946 5032 ἵνα
981 4981 1058 5049 τῷ
1094 4982 1584 5053 στρατολογήσαντι
1619 4986 1814 5055 ἀρέσῃ.

261 5064 387 5123 ’Ἐὰν
423 5071 477 5122 δὲ
510 5072 603 5123 καὶ
639 5071 774 5140 ἀθλῇ
807 5089 913 5137 τις,
952 5073 1012 5124 οὐ
1060 5075 1439 5141 στεφανοῦται,
1481 5077 1576 5126 ἐὰν
1615 5078 1688 5146 μὴ
1733 5095 1816 5128 νοη

249 5164 434 5229 μίμως
467 5161 696 5230 ἀθλήσῃ.
744 5163 847 5214 Τὸν
899 5163 1174 5216 κοπιῶντα
1208 5169 1450 5235 γεωργὸν
1497 5167 1576 5218 δεῖ
1603 5167 1816 5236 πρῶτον

243 5252 352 5303 τῶν
403 5252 632 5321 καρπῶν
685 5254 1139 5323 μεταλαμϐάνειν.
1186 5257 1312 5308 Νόει
1359 5256 1393 5308 ἃ
1442 5257 1613 5324 λέγω·
1657 5259 1813 5311 δώσει

247 5365 260 5375 ⁸
283 5349 355 5414 ἀρ
387 5364 467 5399 σοι
499 5350 526 5399 ὁ
567 5349 769 5419 Κύριος
801 5350 1015 5402 σύνεσιν
1049 5355 1106 5406 ἐν
1138 5356 1289 5405 πᾶσι.
1343 5354 1661 5423 Μνημόνευε
1708 5355 1812 5424 Ἰη-

253 5438 374 5490 τοῦν
405 5439 639 5507 Χριστὸν
669 5441 1041 5511 ἐγηγερμένον
1078 5445 1141 5496 ἐκ
1170 5443 1378 5511 νεκρῶν
1408 5447 1472 5496 ἐκ
1501 5446 1811 5512 σπέρματος

240 5528 407 5580 Δασιδ
469 5530 608 5582 κατᾶ
656 5530 716 5582 τὸ
772 5532 1086 5597 εὐαγγέλιόν
1141 5551 1263 5601 μου,
1319 5533 1375 5584 ἐν
1422 5527 1463 5600 ᾧ
1513 5536 1810 5587 κακοπαθῶ

243 5617 407 5688 μέχρι
433 5620 648 5688 δεσμῶν
683 5621 756 5684 ὡς
795 5623 1101 5691 κακοῦργος
1128 5639 1139 5651 ·
1173 5624 1284 5675 ἀλλ’
1314 5626 1342 5675 ό
1375 5625 1525 5691 λόγος
1554 5625 1645 5677 τοῦ
1675 5627 1808 5680 Θεοῦ

236 5709 298 5761 οῦ
331 5710 562 5763 δέδεται.
597 5712 693 5764 Διά
721 5713 878 5765 τοῦτο
909 5714 1084 5766 πάντα
1120 5716 1370 5783 ὑπομένω
1396 5717 1479 5768 διὰ
1510 5719 1629 5778 τοῦς
1659 5718 1809 5769 ἐκλε-

239 5801 434 5863 κτοὺς,
486 5803 572 5854 ἵνα
642 5806 729 5855 καὶ
784 5803 934 5856 αὐτοὶ
997 5805 1268 5872 σωτηρίας
1325 5805 1524 5873 :ti/roc'.
1584 5807 1684 5873 τῆς
1742 5808 1801 5858 ἐν

1924 4632 2115 4687 testes,
2173 4624 2284 4677 haec
2331 4621 2653 4677 commenda
2709 4619 2958 4674 fidelibus
3012 4618 3350 4684 hominibus,
3403 4620 3496 4688 qui

1925 4715 2103 4768 idonei
2128 4722 2287 4768 erunt
2320 4724 2374 4766 et
2403 4713 2540 4766 alios
2596 4712 2812 4765 docere.
2851 4709 2929 4764 Tu
2954 4726 3086 4780 ergo
3134 4709 3322 4765 labora
3352 4711 3498 4766 sicut

1925 4807 2096 4859 bonus
2121 4805 2274 4858 miles
2312 4802 2441 4858 Jesu
2479 4803 2711 4858 Christi.
2753 4803 2925 4857 Nemo
2988 4803 3232 4857 militans
3263 4800 3495 4856 lleoim—

1924 4898 2088 4965 plicat
2137 4911 2192 4950 se
2256 4895 2488 4963 negotiis
2539 4894 2917 4954 saemilarihus,
2954 4901 3013 4946 ut
3054 4893 3099 4947 ei
3133 4895 3345 4962 placeat
3397 4895 3494 4962 qui

1922 5006 1979 5041 se
2001 4988 2274 5055 probavit.
2332 4985 2700 5041 Laborantem
2751 4985 3046 5054 agricolam
3100 4996 3315 5055 oportet
3377 4987 3492 5054 pri.

1920 5092 2064 5130 mum
2095 5077 2162 5131 de
2224 5075 2494 5132 fructibus
2538 5081 2834 5145 percipere.
2899 5075 3142 5146 lntellige
3169 5090 3290 5145 qua:
3319 5075 3445 5129 dico
3476 5095 3486 5129 :

1917 5169 2064 5220 dabit
2091 5168 2236 5219 enim
2274 5169 2368 5219 tibi
2405 5166 2665 5220 Dominus
2699 5169 2752 5220 in
2811 5168 3070 5221 omnibus
3126 5167 3483 5219 intellectum.

1918 5260 2579 5314 Memorestohominum
2643 5260 2827 5314 Jesum
2889 5261 3169 5313 Christum
3241 5273 3487 5312 resurre-

1916 5353 2061 5405 xissc
2091 5366 2118 5403 a
2152 5351 2387 5404 mortuis
2414 5367 2479 5404 ex
2504 5353 2712 5405 semine
2754 5351 2918 5419 David
2949 5351 3248 5404 secundum
3303 5345 3486 5400 Evan-

1914 5443 2113 5512 geliuui
2171 5458 2367 5503 meum,
2415 5443 2464 5494 in
2520 5459 2628 5510 quo
2676 5443 2861 5495 laboro
2926 5457 3097 5510 usque
3155 5442 3220 5494 ad
3262 5441 3481 5494 vincula

1913 5535 2066 5605 quasi
2100 5535 2242 5587 male
2265 5549 2521 5601 Operans.
2562 5536 2654 5590 sed
2695 5535 2916 5588 verbum
2955 5533 3046 5587 Dei
3094 5545 3200 5585 non
3228 5539 3314 5586 est
3358 5530 3481 5583 alli-

1912 5633 2116 5693 gatum.
2179 5622 2303 5675 ldcu
2363 5625 2545 5677 omnia
2594 5626 2842 5679 sustineo
2892 5631 3113 5694 propter
3164 5623 3390 5685 electos,
3424 5629 3482 5674 ut
3573 5636 3576 5640 '

1909 5722 1961 5767 et
1999 5713 2099 5780 ipsi
2132 5711 2361 5764 salutem
2417 5723 2847 5783 consequantur,
2905 5731 3026 5784 qum
3085 5705 3481 5768 estinChristo

1915 5805 2039 5859 Jt‘bu
2101 5819 2221 5854 (tum
2277 5806 2444 5874 glurizt
2497 5818 2716 5861 a'tcxna.
2779 5807 2981 5863 Fidelis
3037 5821 3249 5868 sermo;
3285 5820 3405 5859 nam
3434 5804 3480 5858 si
