4214 6446
718 406 855 470 1M9

1910 398 1972 457 S.
1999 392 2316 456 JOANNIS
2354 388 2782 449 DAMASCENI

3826 373 3967 442 1020

718 520 1048 576 commortui
1088 535 1299 585 sumus,
1337 523 1401 587 et:
1425 520 1816 587 convivemus;
1848 520 1895 575 si
1922 519 2282 577 sustinemus,
2313 513 2357 566 Δ

2405 504 2608 576 (ριστῷ
2652 504 2850 574 Ἰησοῦ,
2888 502 3025 573 μετά
3070 502 3227 571 δόξης
3263 500 3505 554 αἰωνίου.
3554 496 3750 557 Πιστὸς
3797 497 3825 547 ὀ
3869 495 3966 548 λό-

718 617 773 663 et
796 609 1166 680 regnabimus.
1200 609 1256 663 Si
1293 610 1694 682 negaverimus,
1714 618 1768 664 et
1790 610 1882 665 ille
1910 609 2131 680 negabit
2151 623 2281 673 nos;

718 700 767 755 si
800 714 907 754 non
934 700 1229 767 credimus,
1254 700 1343 755 ille
1399 699 1574 756 ﬁdelis
1608 709 1922 770 permanet:
1956 715 2155 770 negare
2201 714 2285 755 se-

719 792 899 861 ipsum
925 806 1033 846 non
1046 800 1243 860 potest.
1283 790 1412 846 Haec
1441 806 1757 857 commone,
1776 791 2077 848 testiﬁcans
2098 804 2283 846 coram

720 881 973 937 Domino.
1031 881 1153 937 Noli
1207 882 1536 937 contendere
1569 883 1753 938 verbis
1794 902 1808 938 ι
1846 884 1913 937 ad
1942 882 2082 937 nihil
2140 883 2284 938 enim

721 970 855 1025 utile
870 979 975 1035 est,
999 971 1105 1026 nis:
1128 970 1194 1025 ad
1213 972 1625 1026 subversionem
1651 972 2010 1026 audientium.
2037 969 2289 1030 Sollicite

722 1074 856 1114 cura
876 1068 1110 1129 teipsum
1150 1063 1443 1131 probatum
1484 1063 1743 1118 exhibere
1775 1062 1910 1127 Deo,
1975 1063 2286 1132 operarium

722 1150 1186 1217 inconfusihilem,
1206 1160 1354 1207 recte
1381 1161 1707 1209 tractantem
1734 1154 1963 1209 verbum
2006 1156 2285 1211 -veritatis.

723 1240 957 1296 Profana
980 1242 1144 1312 268
1163 1252 1345 1298 autem
1378 1251 1434 1300 et
1464 1245 1774 1316 vaniloquia
1798 1246 1978 1301 devita
2006 1263 2021 1311 ;
2059 1246 2287 1300 multum

722 1329 865 1383 enim
924 1330 1221 1398 proﬁciunt
1256 1331 1325 1385 ad
1356 1332 1728 1403 impietatem:
1765 1342 1820 1388 et
1854 1350 2037 1389 sermo
2094 1350 2285 1389 eorum

726 1426 785 1471 ut
812 1433 1012 1475 cancer
1040 1423 1214 1491 serpit
1248 1438 1262 1476 :
1290 1440 1357 1478 ex
1379 1425 1581 1494 quibus
1602 1433 1687 1480 est
1723 1424 2056 1495 Hymenaeus
2083 1434 2138 1481 et
2170 1425 2291 1479 Ριιί-

724 1509 889 1577 lctus,
954 1512 1102 1581 quia
1134 1514 1363 1570 veritate
1402 1516 1747 1581 exciderunt,
1805 1518 2053 1572 dicentes
2103 1533 2287 1573 resur-

726 1602 1027 1657 rectionem
1060 1619 1186 1660 esse
1220 1605 1335 1675 jam
1383 1606 1609 1671 factam,
1640 1617 1695 1663 et
1727 1608 2115 1664 subverterunt
2152 1625 2291 1678 quo-

726 1693 977 1746 rumdam
1006 1694 1185 1753 ﬁdem.
1224 1696 1332 1751 Sed
1360 1698 1574 1758 ﬁrmum
1602 1698 2020 1755 fundamentum
2045 1697 2136 1755 Dei
2159 1708 2290 1762 stat,

726 1781 934 1839 habens
955 1784 1296 1856 signaculum
1362 1789 1500 1844 hoc.
1559 1789 1830 1859 Cognovit
1886 1790 2154 1848 Dominus
2198 1794 2290 1861 qui

726 1883 853 1928 sunt
894 1876 1046 1946 ejus;
1109 1886 1165 1934 et
1217 1880 1463 1935 discedat
1502 1882 1572 1936 ab
1616 1882 1908 1952 iniquitate
1973 1885 2155 1941 omnis
2202 1887 2295 1955 qui

728 1965 974 2019 nominat
1008 1983 1207 2024 nomen
1267 1968 1507 2026 Domini.
1533 1971 1593 2026 In
1628 1988 1827 2043 magna
1879 1984 2060 2029 autem
2112 1976 2295 2041 domo,

727 2070 839 2109 non
892 2058 1071 2113 solum
1132 2071 1264 2116 sunt
1311 2078 1441 2118 vasa
1498 2078 1662 2119 aurea
1690 2075 1745 2119 et
1793 2076 2071 2137 argentea,
2121 2067 2216 2123 sed
2246 2079 2299 2123 et

728 2147 906 2217 lignea
958 2156 1013 2205 et
1037 2150 1226 2208 fictilia
1260 2170 1275 2208 :
1310 2162 1365 2209 et
1395 2155 1642 2224 quaedam
1690 2157 1907 2227 quidem
1930 2159 1984 2213 in
2011 2160 2294 2229 honorem,

727 2240 975 2308 quaedam
1006 2252 1187 2299 autem
1209 2245 1262 2299 in
1294 2248 1703 2302 contumeliam.
1724 2250 1779 2304 Si
1800 2252 1924 2321 quis
1952 2268 2085 2325 ergo
2110 2270 2300 2311 emun-

728 2328 1116 2390 daveritseab
1147 2334 1291 2399 istis,
1338 2337 1444 2392 erit
1486 2341 1660 2395 vasin
1704 2341 1996 2410 honorem,
2053 2347 2299 2402 sanctifi-

728 2428 912 2476 catum
950 2431 1007 2478 et
1036 2424 1170 2480 utile
1195 2424 1430 2481 Domino
1473 2430 1539 2483 ad
1570 2444 1731 2485 omne
1794 2446 1934 2502 opus
1972 2434 2176 2490 bonum
2201 2453 2301 2507 pa-

729 2517 932 2567 ratum.
980 2511 1251 2571 Juvenilia
1315 2526 1498 2574 autem
1557 2520 1831 2577 desideria
1882 2524 2042 2596 fuge,
2085 2536 2299 2585 sectare

729 2616 860 2657 vero
883 2602 1174 2671 justitiam,
1210 2604 1391 2670 (idem.
1418 2609 1766 2677 charitatem,
1798 2622 1852 2669 et
1878 2630 2065 2685 pacem
2088 2631 2211 2672 cum
2231 2618 2301 2675 iis

730 2692 825 2762 qui
851 2692 1114 2751 invocant
1141 2695 1431 2755 Dominum
1467 2701 1536 2758 de
1560 2703 1725 2759 corde
1754 2720 1912 2775 puro.
1960 2706 2171 2765 Stultas
2203 2725 2300 2764 au-

731 2791 843 2839 tem
863 2792 919 2841 et
940 2786 1060 2843 sine
1084 2787 1373 2858 disciplina
1398 2794 1730 2864 quastiones
1741 2796 1919 2852 devita
1938 2815 1953 2864 ;
1972 2800 2156 2856 sciens
2172 2802 2302 2871 quia

734 2886 1001 2943 generant
1030 2877 1174 2935 lites.
1208 2879 1438 2938 Servum
1489 2894 1673 2942 autem
1713 2885 1927 2944 Domini
1956 2906 2062 2946 non
2082 2900 2303 2961 oportet

734 2966 992 3038 litigare;
1026 2969 1122 3025 sed
1179 2983 1527 3030 mansuetum
1574 2991 1696 3033 esse
1726 2978 1791 3034 ad
1816 2995 2006 3035 omnes
2029 3020 2045 3046 ,
2093 2982 2301 3038 docibi-

736 3058 865 3122 lem,
912 3060 1231 3130 patientem,
1275 3080 1401 3120 cum
1453 3070 1721 3124 modestia
1777 3074 2164 3142 corripientem
2204 3091 2300 3131 eos

736 3150 831 3256 qui
872 3153 1180 3256 resistunt:
1215 3159 1510 3256 nequando
1577 3160 1721 3256 Deus
1752 3163 1844 3218 det
1886 3164 1992 3220 Illis
2036 3168 2302 3235 pmniten-
2331 3196 2376 3256 ρ

738 3240 869 3294 tiam
892 3240 961 3294 ad
1010 3248 1454 3314 cognoscendam
1489 3250 1796 3317 veritatem,
1824 3264 1878 3308 et
1916 3256 2244 3325 resipiscaut
2272 3273 2303 3312 a

735 3330 937 3386 diaboli
985 3333 1219 3405 laqueis,
1249 3336 1307 3393 in
1338 3355 1448 3411 quo
1489 3342 1693 3413 captivi
1728 3352 1984 3402 tenentur
2032 3348 2099 3404 ad
2131 3350 2307 3421 ipsius

737 3423 1097 3485 voluntatem.
1120 3446 1142 3483 ι

1368 3691 1520 3750 CAP.
1540 3694 1633 3752 Ill.

811 3779 976 3836 Vsus.
1007 3782 1060 3847 Ι,
1088 3781 1176 3837 Η.
1212 3781 1357 3849 «Hoc
1374 3798 1553 3840 autem
1586 3795 1803 3855 scitote,
1831 3791 1978 3861 quod
1998 3792 2054 3848 in
2071 3794 2310 3851 novissi-

741 3873 846 3927 mis
874 3873 1066 3929 diebus
1121 3869 1405 3931 instabunt
1454 3885 1701 3949 tempora
1753 3885 2079 3950 periculosa.
2137 3886 2312 3943 Erunt

740 3962 886 4016 enim
911 3962 1165 4019 homines
1194 3964 1407 4035 seipsos
1437 3977 1707 4033 amantes,
1756 3971 1967 4042 cupidi,
2012 3974 2165 4041 elati,
2214 3992 2302 4032 su-

744 4055 932 4120 perbi.
992 4055 1351 4126 blasphemi,
1408 4060 1732 4128 parentibus
1789 4078 1899 4118 non
1959 4066 2308 4136 obedientes,

743 4146 962 4217 ingrati,
991 4148 1231 4210 scelesti,
1267 4148 1389 4203 sine
1434 4148 1742 4217 atl'ectione,
1774 4154 1897 4210 sine
1936 4171 2091 4226 pace,
2131 4160 2313 4215 crimi-

745 4246 1001 4303 natores,
1063 4239 1497 4307 incontinentes,
1556 4241 1830 4309 immites,
1886 4246 2006 4302 sine
2058 4248 2279 4320 benigni

744 4337 873 4393 tate,
934 4330 1265 4399 proditores.
1324 4333 1588 4402 protervi,
1630 4335 1845 4401 tumidi,
1873 4344 1928 4391 et
1972 4338 2310 4409 voluptatum

746 4425 1023 4473 amatores
1086 4421 1263 4491 magis
1316 4436 1481 4491 quam
1545 4422 1684 4489 Dei;
1755 4424 2022 4483 habentes
2091 4430 2310 4499 quidem

746 4510 982 4577 speciem
1009 4512 1250 4579 pietatis,
1300 4515 1564 4567 virtutem
1600 4524 1783 4570 autem
1846 4518 1968 4585 ejus
2032 4510 2307 4590 abnegau-
2342 4540 2388 4597 υ

748 4608 852 4653 tes.
871 4598 935 4652 Et
968 4599 1070 4655 bos
1101 4600 1288 4655 devita
1317 4618 1331 4655 :
1362 4602 1535 4658 exhis
1564 4604 1708 4657 enim
1736 4615 1863 4661 sunt
1897 4608 1990 4676 qui
2027 4619 2313 4678 penetrant

748 4688 941 4743 domus
964 4728 979 4753 ,
1012 4700 1066 4744 et
1095 4692 1343 4760 captivas
1396 4692 1606 4747 ducunt
1642 4695 1997 4752 mulierculas
2058 4711 2314 4757 oneratas

751 4778 1012 4849 peccatis,
1048 4798 1170 4850 quae
1227 4783 1506 4837 ducuntur
1535 4785 1703 4839 variis
1744 4785 2029 4843 desideriis
2057 4810 2069 4843 :
2103 4806 2317 4861 semper

748 4871 1120 4933 discentes,et
1142 4887 1265 4943 qua:
1328 4891 1610 4946 nunquam
1638 4876 1706 4930 ad
1734 4877 2025 4933 scientiam
2069 4883 2317 4939 veritatis

749 4968 984 5030 possunt
1026 4964 1332 5031 pervenire.
1362 4964 1832 5032 Quemadmodum
1874 4982 2060 5026 autem
2113 4972 2317 5032 .Iannes

746 5062 806 5106 et
834 5049 1085 5110 Jambres
1113 5057 1441 5113 restiterunt
1478 5058 1688 5131 Moysi;
1729 5063 1803 5117 ita
1831 5071 1886 5119 et
1940 5065 1994 5119 hi
2056 5074 2319 5122 resnstent

750 5142 1010 5212 veritati;
1052 5145 1304 5204 homines
1347 5151 1595 5221 corrupti
1639 5160 1843 5219 mente,
1898 5156 2118 5226 reprobi
2170 5161 2317 5214 circa

752 5234 941 5302 tidem,
978 5235 1073 5291 sed
1132 5237 1271 5290 ultra
1303 5255 1413 5293 non
1445 5241 1755 5308 proﬁcient.
1796 5242 2113 5313 [nsipientia
2171 5250 2317 5303 enim

749 5341 945 5380 eorum
1002 5328 1290 5384 manifesta
1341 5332 1445 5385 erit
1499 5335 1774 5399 omnibus,
1830 5338 1972 5391 sicut
2002 5346 2060 5392 et
2100 5337 2317 5395 illorum

754 5422 880 5473 iuit.
905 5418 989 5473 Tu
1020 5407 1201 5474 autem
1232 5434 1521 5478 assecutus
1554 5441 1612 5479 es
1641 5441 1814 5481 meam
1870 5431 2199 5495 doctrinam,
2236 5433 2321 5487 in-

753 5510 1124 5576 stitutionem,
1161 5523 1523 5582 pr0posuum,
1580 5517 1764 5582 tidem,
1830 5520 2317 5590 longanimitatem,

756 5600 1129 5657 dilectionem.
1167 5604 1512 5672 patientiam,
1544 5608 1979 5675 persecutiones,
2017 5612 2318 5679 passiones;

754 5691 941 5757 qualia
973 5691 1270 5747 mibnfacta
1308 5702 1435 5748 sunt
1480 5695 1807 5761 Antiochus,
1868 5696 2058 5766 lconii,
2103 5700 2155 5755 in
2214 5699 2321 5773 Ly-

758 5780 909 5838 ﬁliis.
924 5782 1112 5846 quales
1130 5782 1539 5851 persecutiones
1557 5785 1813 5841 sustinui.
1843 5805 1858 5838 ι

2390 616 2519 668 γος·
2572 600 2620 651 εί
2671 600 2779 668 γὰρ
2832 595 3301 663 συναπεθάνομεν,
3355 592 3449 646 καὶ⁵
3503 590 3852 658 συζήσομεν·
3912 589 3964 638 εί

2392 691 2755 761 ὑπομένομεν,
2794 689 2888 741 καὶ
2939 686 3467 758 συμϐασιλεύσομεν.
3524 681 3587 736 Εἰ
3619 679 3963 751 ἀρνούμεθα,

2391 784 2644 844 κάκεῖνος
2690 781 2987 850 ἀρνήσεται
3037 781 3204 848 ἡμᾶς.
3247 779 3308 829 Et
3356 774 3714 845 ἀπιστοῦμεν,
3751 773 3963 832 ἐκεῖνος

2392 873 2578 936 πιστὸς
2606 872 2757 942 μένει
2775 884 2791 900 ⁸
2824 870 3164 941 ἀρνήσασθαι
3194 867 3387 922 ἑαυτὸν
3415 866 3477 919 ού
3501 865 3746 925 δύναται.
3776 861 3969 915 Ταῦτα

2393 963 2801 1034 ὑπομίμνησκε,
2826 961 3333 1033 διαμαρτυρόμενος
3356 958 3585 1013 ἐνώπιον
3614 955 3709 1010 τοῦ
3729 954 3965 1026 Κυρίου,

2397 1054 2471 1125 μὴ
2502 1054 2850 1125 λογομαχεῖν,
2879 1053 2955 1115 ὡς
2984 1053 3138 1106 οὐδὲν
3171 1052 3444 1123 χρήσιμον
3486 1050 3578 1103 ἐπὶ
3609 1050 3967 1118 καταστροςιῇ

2392 1145 2503 1197 τῶν
2537 1145 2868 1200 ἀκουόντων.
2912 1141 3223 1196 Σπούδασον
3257 1141 3481 1194 σεαυτὸν
3524 1140 3745 1210 δόκιμον
3780 1155 3967 1208 παρα-

2395 1237 2590 1306 στῆσαι
2624 1236 2703 1307 τῷ
2753 1233 2997 1305 Χριστῷ,
3036 1233 3277 1304 ἐργάτην
3311 1232 3757 1302 ἀνεπαίσχυντον,
3807 1228 3942 1295 epse

2393 1329 2659 1399 τομοῦντα
2689 1329 2782 1385 τὸν
2810 1329 2968 1397 λόγον
3009 1329 3107 1399 τῆς
3135 1327 3393 1397 ἀληθείας
3450 1326 3561 1389 Τάς
3598 1324 3657 1381 δὲ
3706 1322 3969 1393 βεϐήλους

2395 1421 2725 1489 κενοφωνίας
2755 1434 3082 1492 περιστασο·
3132 1420 3223 1473 ἐπὶ
3266 1419 3428 1470 πλέον
3455 1422 3563 1487 γαρ
3600 1415 3968 1488 προκόψουσιν

2396 1511 2671 1574 άσεὸείας,
2707 1511 2802 1564 καὶ
2839 1511 2868 1563 ό
2913 1510 3068 1577 λόγος
3111 1510 3290 1564 αὐτῶν
3322 1510 3395 1572 ὼς
3440 1511 3749 1578 γάγγραινα
3795 1508 3968 1575 νομὴν

2396 1603 2506 1666 ἕξει
2527 1617 2539 1630 ·
2571 1595 2647 1655 ὦ)
2682 1602 2831 1653 ἐστιν
2868 1601 3153 1669 ’Υμεναῖος
3214 1603 3305 1653 καὶ
3334 1599 3583 1670 Φιλητὸς,
3614 1599 3809 1659 οἵτινες
3839 1598 3971 1667 περὶ

2396 1694 2495 1763 τὴν
2543 1691 2802 1763 ἀλήθειαν
2846 1691 3177 1761 ἠστόχησαν,
3226 1690 3477 1759 λέγοντες
3527 1690 3627 1759 τὴν
3674 1690 3973 1743 ἀνάστασιν

2401 1786 2501 1854 ήδη
2540 1783 2844 1851 γεγονέναι,
2880 1784 2976 1835 καὶ
3006 1783 3372 1852 ἀνατρέπουσι
3419 1781 3521 1851 τήν
3566 1798 3728 1832 τινων
3763 1780 3972 1831 πίστιν.

2416 1876 2472 1927 '0
2508 1874 2689 1946 μέντοι
2722 1874 2940 1943 στερεὸς
2968 1871 3217 1942 θεμέλιος
3245 1871 3339 1925 τοῦ
3371 1869 3506 1923 Θεοῦ
3552 1871 3805 1937 ἕστηκεν,
3834 1866 3975 1935 ἔχων

2399 1967 2498 2036 τήν
2548 1965 2818 2035 σιξραγίδα
2863 1963 3089 2033 ταύτην.
3139 1965 3324 2031 Ἔγνω
3381 1961 3590 2033 Κύριος
3640 1977 3767 2022 τους
3813 1959 3975 2020 ὄντας

2400 2056 2586 2121 αὐτοῦ,
2617 2055 2713 2109 καὶ
2748 2054 3042 2125 ἀποστήτω
3090 2053 3199 2105 ἀπὸ
3235 2052 3451 2115 ἀδικίας
3480 2052 3588 2115 πᾶς
3632 2052 3659 2103 ὁ
3689 2049 3981 2119 ὀνομάζω-ι

2400 2151 2459 2203 τὸ
2486 2150 2657 2219 ὄνομα
2688 2148 2915 2220 Κυρίου,
2955 2147 3044 2199 Ἐν
3079 2145 3289 2216 μεγάλῃ
3319 2145 3376 2199 δὲ
3404 2143 3551 2213 οἰκίᾳ
3593 2143 3693 2195 οὐκ
3724 2142 3840 2194 ἔστι
3878 2141 3974 2211 μόο

2403 2260 2491 2296 νον
2518 2240 2690 2310 σκεύη
2723 2241 2900 2310 χρυσά
2943 2239 3037 2291 καὶ
3066 2239 3306 2308 ἀργυρᾶ..
3351 2236 3488 2290 ἀλλά
3517 2237 3609 2289 καὶ
3649 2235 3835 2300 ξύλινα
3881 2235 3974 2287 καὶ

2402 2334 2699 2405 ὀστράκινα
2720 2349 2733 2363 ·
2765 2333 2860 2387 καὶ
2890 2332 2926 2386 ἀ
2957 2331 3058 2401 μὲν
3102 2331 3183 2394 είς
3230 2329 3419 2399 τιμὴν,
3453 2327 3491 2383 ἀ
3523 2328 3581 2382 δὲ
3612 2330 3694 2391 είς
3722 2326 3969 2397 ἀτιμίαν.

2414 2425 2541 2478 Ἑάν
2577 2419 2672 2477 οὖν
2709 2439 2794 2485 τις
2838 2421 3123 2493 ἐκκαθάρῃ
3174 2421 3365 2476 ἑαυτὸν
3402 2420 3512 2474 ἀπο
3539 2418 3769 2483 τούτων,
3820 2418 3973 2471 ἔσται

2404 2516 2599 2580 σκεῦος
2648 2516 2730 2579 είς
2777 2514 2965 2586 τιμήν,
3020 2514 3353 2584 ἡγιασμένον
3404 2511 3501 2565 καὶ
3548 2509 3849 2581 εὔχρηστον
3897 2510 3975 2578 τῷ

2402 2606 2647 2678 Δεσπότη
2691 2606 2772 2670 είς
2816 2607 2925 2659 πᾶν
2954 2606 3122 2676 ἔργον
3162 2604 3366 2673 ἀγαθὸν
3392 2602 3816 2673 ἡτοιμασμένον.
3862 2600 3975 2663 Τάς

2402 2696 2461 2750 δὲ
2487 2695 2818 2766 νεωτερικὰς
2842 2693 3137 2765 ἐπιθυμίας
3177 2693 3344 2764 φεῦγε
3368 2709 3383 2722 ’
3414 2694 3573 2748 δίωκε
3616 2693 3674 2745 δὲ
3702 2690 3977 2746 δικαιοσύ-

2404 2804 2523 2857 νην,
2570 2786 2773 2849 πίστιν,
2805 2786 3048 2857 ἀγάπην,
3097 2787 3323 2857 εἰρήνην
3360 2785 3497 2855 μιτά
3541 2784 3652 2838 τῶν
3688 2782 3979 2837 ἐπικαλου-

2408 2880 2585 2948 μένων
2635 2878 2727 2932 τδν
2772 2877 2975 2945 Κύριον
3025 2879 3091 2930 ἐκ
3143 2877 3389 2947 καθαρᾶς
3441 2875 3681 2947 καρδίας
3750 2874 3865 2938 Τάς
3919 2872 3978 2927 δὲ

2409 2968 2597 3038 μωρὰς
2645 2969 2740 3021 καὶ
2772 2966 3133 3030 ἀπαιδεύτους
3178 2967 3434 3037 ζητήσεις
3482 2964 3773 3035 παραιτοῦ,
3820 2962 3976 3025 eiad»;

2404 3062 2486 3113 ὅτι
2518 3059 2746 3129 γεννῶσι
2783 3060 2983 3129 μάχας.
3015 3058 3212 3112 Δοῦλον
3250 3057 3308 3111 δὲ
3339 3057 3544 3129 Κυρίου
3601 3057 3660 3109 οὐ
3690 3056 3773 3108 δεῖ
3805 3057 3978 3126 μάχε-

2408 3151 2553 3215 σθαι,
2608 3151 2723 3206 ἀλλ’
2773 3153 2936 3223 ήπιον
2987 3147 3125 3205 εἶναι
3174 3151 3313 3221 πρὸς
3368 3152 3596 3215 πάντας,
3646 3149 3979 3211 διδακτικδν,

2406 3243 2744 3308 ἀνεξίκακον,
2777 3246 2834 3295 ὲν
2864 3243 3132 3313 πραότητι
3170 3242 3490 3295 παιδεύοντα
3519 3243 3644 3304 τοὺς
3682 3240 3977 3294 ἀντιδιατι-

2406 3336 2697 3406 θεμένους·
2733 3336 2944 3405 μήποτε
2993 3334 3069 3405 δῷ
3114 3335 3301 3387 αὐτοῖς
3329 3336 3357 3387 ὀ
3399 3333 3533 3397 Θεὸς
3581 3334 3874 3402 μετάνοιαν
3901 3334 3985 3395 εἰς

2405 3434 2703 3493 επιγνωσιν
2745 3425 3022 3495 ἀληθείας,
3059 3424 3154 3477 καὶ
3184 3424 3533 3493 ἀνανήψωσιν
3566 3425 3631 3476 ὲκ
3675 3426 3776 3494 τῆς
3803 3422 3982 3477 διαδό-

2406 3516 2499 3569 λου
2526 3517 2772 3583 παγίδος,
2806 3517 3183 3586 ἐζωγρημένοι
3224 3514 3315 3568 ὑπ’
3348 3514 3514 3569 αὐτοῦ
3550 3515 3629 3578 είς
3667 3515 3732 3567 τὸ
3769 3514 3980 3567 ἐκείνου

2408 3608 2536 3678 θέλη
2546 3625 2639 3678 μα.
2688 3627 2707 3660 ι

3018 3700 3267 3759 ΚΕΦΑΛ.
3310 3699 3362 3750 1”

2488 3813 2506 3846 ι
2547 3792 2717 3849 Τοῦτο
2742 3793 2797 3847 δὲ
2820 3791 3117 3861 γινώσκετε
3148 3793 3230 3844 ὅτι
3253 3792 3312 3842 ὲν
3346 3790 3600 3859 ὲσγάταις
3632 3787 3869 3859 ἡμέραις
3900 3807 3983 3841 εν-

2411 3886 2696 3956 στήσονια.
2741 3884 2921 3955 καιροὶ
2967 3883 3192 3951 χαλεποί
3265 3884 3517 3934 Ἔσονται
3543 3880 3652 3949 γάρ
3687 3880 3737 3932 οἱ
3767 3880 3985 3947 ἄνθρω-

2410 3992 2525 4039 ποι,
2572 3976 2843 4045 φίλαυτοι,
2875 3973 3219 4044 φιλάργυροι,
3276 3972 3568 4035 αλαζόνες,
3616 3972 3937 4041 ὑπερήφανο

2413 4066 2745 4136 βλάσφημοι,
2788 4063 3040 4132 γονεῦσιν
3082 4062 3352 4125 ἀπειθεῖς,
3397 4061 3704 4132 ἀχάριστοι,
3752 4061 3981 4125 ἀνόσιοι,

2411 4157 2688 4226 ἄστοργοι,
2738 4156 3010 4220 ἄσπονδοι,
3053 4153 3312 4215 διάϐολοι,
3359 4153 3641 4223 ἀκρατεῖς,
3690 4154 3992 4223 ἀνήμεροι,

2412 4245 2756 4315 ἀφιλάγαθοι,
2791 4244 3066 4315 προδόται,
3096 4245 3408 4313 προπετεῖς,
3438 4241 3829 4311 τετυφωμένοι,
3862 4241 3984 4310 φιλ-

2413 4336 2589 4404 ήδονοι
2629 4333 2847 4402 μᾶλλον,
2898 4333 2930 4403 ἢ
2979 4331 3250 4401 φιλόθεοι·
3298 4331 3513 4401 ἔχοντες
3563 4332 3845 4401 μόρφωσιν
3889 4330 3983 4382 εὐ-

2414 4426 2649 4490 σεϐείας,
2681 4426 2779 4493 τὴν
2804 4424 2861 4476 δὲ
2894 4423 3123 4493 δύναμιι
3167 4423 3335 4490 αὐτης
3369 4422 3688 4491 ἠρνημένοι.
3722 4422 3833 4473 Καὶ
3859 4420 3984 4476 τού-

2412 4533 2537 4579 τους
2572 4515 2883 4584 ἀποτρέπο.)
2957 4515 3022 4566 ὲκ
3049 4512 3256 4569 τούτων
3284 4514 3389 4583 γάρ
3415 4514 3554 4565 εἰσιν
3590 4513 3639 4565 οἱ
3675 4511 3983 4572 ὲνδύνοντες

2414 4610 2494 4671 είς
2540 4607 2639 4670 τὰς
2687 4607 2889 4670 οἰκίας,
2942 4607 3036 4658 καὶ
3091 4603 3597 4674 αἰχμαλωτεύοντες
3628 4604 3981 4671 γυναικάρια,

2416 4696 2799 4768 σεσωρευμένα
2843 4695 3163 4766 ἁμαρτίαις,
3217 4694 3463 4763 ἀγόμενα
3500 4692 3819 4761 ἐπιθυμίαις
3865 4710 3982 4745 πἰιο

2415 4787 2617 4851 κίλαις,
2645 4786 2878 4839 πάντοτε
2911 4785 3271 4855 μανθάνοντα,
3301 4785 3398 4842 καὶ
3445 4785 3710 4853 μηδέποτε
3747 4786 3827 4845 εἰς
3865 4784 3987 4835 ἐπί-

2416 4897 2616 4949 γνωσιν
2668 4877 2924 4948 ἀληθείας
2975 4878 3149 4931 ἐλθεῖν
3194 4879 3467 4948 δυνάμενα
3540 4880 3634 4928 ’ον
3681 4877 3883 4947 τρόπον
3930 4876 3989 4929 δὲ

2428 4972 2633 5040 Ἰαννῆς
2662 4972 2755 5023 καί
2797 4969 3059 5041 Ἰαμϐρῆς
3087 4968 3422 5039 ἀντέστησαν
3450 4969 3682 5038 Μωῦοῂ,
3714 4966 3861 5019 οὕτω
3890 4968 3986 5021 καὶ

2416 5054 2473 5111 ο*
2513 5077 2540 5111 o
2604 5058 2951 5112 ἀνθίστανται
2979 5061 3044 5129 τῇ
3086 5058 3335 5129 ἀληθειᾳ,
3365 5058 3644 5127 ἄνθρωποι
3676 5056 3988 5128 κατεφθαρ-

2423 5152 2571 5221 μένοι
2619 5150 2711 5203 τὸν
2759 5150 2904 5211 νοῦν,
2951 5151 3200 5219 ἀοοκιμοι
3249 5150 3378 5221 περὶ
3417 5167 3517 5220 την
3545 5149 3748 5211 πίστιν,
3780 5148 3897 5201 ἀλ)’
3924 5149 3985 5200 οὐ

2420 5242 2784 5314 προκόψουσιν
2814 5243 2908 5295 ἐπὶ
2944 5243 3147 5296 πλεῖον.
3204 5242 3267 5294 Ἠ
3296 5241 3404 5311 γὰρ
3430 5241 3583 5295 ἄνοια
3610 5240 3800 5309 αὐτῶ»
3828 5238 3985 5305 ἔκδη-

2419 5336 2506 5398 λος
2534 5336 2682 5387 ἔσται
2728 5338 2912 5401 πᾶσιν,
2960 5335 3036 5396 ὡς
3064 5334 3160 5387 καὶ
3192 5335 3225 5401 ἡ
3267 5333 3491 5386 ἐκείνων
3538 5331 3773 5399 ἐγένετο.
3809 5330 3881 5383 Σὺ
3930 5331 3983 5383 δὲ

2421 5426 2907 5497 παρηγολούθηκάς
2944 5435 3045 5495 μου
3093 5427 3160 5496 τῇ
3193 5423 3529 5493 διδασκαλίᾳ,
3562 5425 3629 5492 τῇ
3675 5423 3889 5491 ἀγωγῇ,
3920 5425 3984 5491 τῇ

2424 5520 2695 5590 προθέσει,
2730 5521 2795 5588 τῇ
2824 5518 3027 5581 πίστει,
3064 5520 3131 5585 τῇ
3172 5514 3540 5585 μακροθυμίᾳ,
3570 5516 3635 5583 τῇ
3661 5513 3877 5583 ἀγάπῃ,
3919 5516 3983 5581 τῇ

2423 5612 2690 5678 ὑπομονῇ,
2741 5612 2853 5670 τοῖς
2897 5608 3178 5675 διωγμοῖς,
3228 5609 3338 5669 τοῖς
3384 5605 3720 5674 παθήμασιν,
3760 5598 3849 5657 οἷά
3899 5621 3986 5672 μοι

2423 5702 2637 5769 ἐγένετο
2660 5702 2716 5752 ὲν
2755 5699 3069 5769 Ἅντιοχείᾳ,
3104 5718 3159 5749 .v
3200 5699 3330 5750 Ὶιον
3355 5714 3399 5765 ῳ
3454 5696 3507 5747 ἐν
3536 5694 3605 5747 Α⁹
3649 5711 3797 5762 τροις
3844 5695 3985 5757 οἴους

2422 5791 2689 5865 διωγμου,
2730 5790 3024 5860 ὒπήνεγκοι.
3071 5806 3088 5836 ι
