4214 6446
232 408 368 476 1021

299 523 369 575 ’Δ
400 518 488 573 διὰ
515 518 725 572 Θέκλαν
753 517 1010 582 πέπονθε,
1039 517 1207 586 λέγει.

302 630 323 663 ι
370 612 479 666 Καὶ
500 613 563 664 ἐκ
588 611 807 665 πάντων
836 627 902 681 με
926 610 1197 679 ἐρρύσατο
1218 611 1247 662 δ
1276 608 1501 679 Κύριος.
1528 610 1638 661 Καὶ
1668 607 1801 659 πάν-

221 716 317 763 τες
362 700 418 753 δὲ
462 701 511 752 ot
546 699 793 764 θέλοντες
825 699 1067 763 εὐσεϐῶς
1095 698 1194 771 ζῇν
1231 701 1290 752 ὲν
1326 698 1551 770 Χριστῷ
1604 697 1799 769 Ἰησοῦ,

222 792 639 863 διωχθήσονται.
685 810 706 845 ι
772 845 779 852 ,

295 886 516 939 Τούτων
550 885 627 947 ὡς
664 885 878 956 νεαρῶν
919 885 1087 940 ὄντων
1120 885 1366 956 ἐμνήσθη
1388 902 1401 915 ·
1448 885 1518 939 τὰ
1563 884 1622 937 δὲ
1666 884 1803 939 ἄλλα

222 979 459 1049 ἀφῆκεν,
491 979 568 1043 ὡς
597 978 850 1052 γνώριμα
878 980 1009 1034 ὂντα
1050 980 1127 1051 τῷ
1159 979 1334 1050 ἀνδρί.

301 1086 323 1122 ι
368 1070 602 1141 Πονηροὶ
644 1071 702 1123 δὲ
749 1070 1025 1142 ἄνθρωποι
1063 1072 1159 1125 καὶ
1205 1072 1402 1140 γόητες
1435 1060 1802 1141 προκόψουσιν

224 1162 323 1214 ἐπὶ
346 1160 407 1213 τδ
423 1165 622 1231 χεῖρον,
644 1162 953 1224 πλανῶντες
981 1164 1073 1215 καὶ
1095 1162 1461 1231 πλανώμενοι.
1489 1162 1560 1213 Σὺ
1590 1161 1646 1213 δὲ
1673 1161 1803 1231 μένε

224 1254 285 1304 ὲν
321 1246 402 1317 οἷς
446 1254 670 1323 ἔμαθες,
722 1256 818 1308 καὶ
866 1256 1210 1325 ἐπιστώθηςο
1263 1256 1418 1320 εἰδὼς
1464 1256 1616 1329 παρὰ
1660 1255 1805 1317 τίνος

222 1340 453 1412 ἔμαθες,
488 1344 581 1397 καὶ
607 1346 689 1398 ὅτι
724 1345 831 1398 ἀπὸ
862 1345 1114 1415 βρέφους.
1162 1365 1181 1398 ι

302 1519 415 1582 Τὰς
464 1520 673 1590 θλίψεις
718 1521 955 1576 ἐνταῦθά
989 1539 1140 1593 φησι.
1196 1523 1291 1576 καὶ
1327 1524 1426 1586 τὰς
1468 1522 1659 1586 ὀδύνας
1703 1525 1802 1592 τῆς

228 1611 422 1679 στενῆς
454 1613 548 1664 καὶ
576 1613 940 1683 τεθλιμμένης
972 1614 1094 1668 ὁδοῦ
1134 1615 1230 1683 τῆς
1264 1616 1484 1685 ἀρετῆς.

302 1721 321 1753 ι
370 1702 453 1755 Τὰ
492 1703 610 1774 ίερὰ
636 1706 941 1775 γράμματα
987 1701 1155 1769 οἶδας,
1202 1707 1272 1759 τὰ
1316 1705 1590 1774 δυνάμενά
1625 1721 1683 1757 σε
1714 1720 1803 1755 σοι

226 1797 383 1862 φίσαι
429 1798 508 1859 είς
569 1797 844 1867 σωτηρίαν
900 1796 986 1850 διὰ
1036 1797 1274 1858 πίστεως
1316 1796 1418 1866 τῆς
1475 1799 1533 1849 ὲν
1583 1796 1804 1865 Χριστῷ

238 1886 435 1957 Ἰησοῦ.
479 1906 498 1938 ι

304 1978 412 2031 Τὸν
440 1978 605 2045 νόμον
632 1978 729 2032 καὶ
766 1980 896 2043 τοὺς
968 1980 1253 2050 προφήτας
1294 1978 1464 2046 λέγει.
1491 1976 1686 2036 οἵτινες
1721 1974 1818 2026 αὖ·

227 2069 325 2123 τὸν
376 2068 633 2123 ἐδύναντο
684 2072 763 2133 εἰς
811 2070 911 2141 τὴν
961 2071 1153 2139 σοφίαν
1200 2071 1519 2138 ἀναγαγεῖν,
1571 2065 1818 2119 τουτέστι

225 2161 484 2231 Χριστόν.
540 2160 635 2225 Εἰς
675 2161 863 2215 τοῦτον
909 2162 1017 2232 γὰρ
1064 2162 1387 2234 ἐπληροῦτο,
1428 2161 1524 2214 καὶ
1561 2160 1589 2211 ὀ
1634 2159 1815 2227 νόμος,

226 2257 326 2307 καὶ
367 2256 417 2307 οἱ
453 2256 755 2326 προφῆται.
805 2256 929 2308 ὐτι
970 2255 1028 2308 δὲ
1067 2254 1183 2325 ᾔδει
1225 2254 1325 2324 τὴν
1368 2253 1615 2323 Γραφὴν.
1659 2253 1817 2321 δῆλον

225 2348 291 2398 ὲκ
321 2345 418 2398 τοῦ
455 2346 742 2415 ἱστορῆσαι
777 2346 873 2398 τὸν
904 2346 1120 2399 Λουκᾶν
1154 2346 1282 2414 περὶ
1317 2344 1502 2403 αὐτοῦ.
1557 2344 1677 2395 Ὅτι
1713 2359 1818 2411 μη-

224 2436 358 2504 ’πρὸς
404 2431 473 2506 ἦν
528 2436 788 2499 Ἰουδαίας
837 2438 1054 2507 πιστῆς,
1102 2437 1381 2490 τουτέστιν
1427 2434 1485 2498 ἐξ
1532 2433 1816 2488 Ἰουδαίων

230 2526 609 2598 πιστευσάσης
637 2528 717 2589 εἰς
749 2528 1005 2598 Χριστόν.

309 2636 329 2670 ι
376 2619 533 2672 Πᾶσα
579 2620 771 2691 Γραφὴ
814 2620 1172 2683 θεόπνευστος
1216 2621 1307 2674 καὶ
1358 2621 1633 2689 ὠφέλιμος
1677 2617 1814 2688 πρὲις

228 2710 609 2774 διδασκαλίαν,
640 2712 776 2782 πρὸς
806 2713 1051 2782 ἔλεγχον,
1083 2713 1220 2781 πρὸς
1251 2712 1647 2783 ἐπανόρθωσιν,
1676 2713 1813 2782 πρὸς

231 2798 484 2852 παιδείαν
517 2800 614 2873 τὴν
643 2800 702 2853 ἰν
733 2801 1047 2872 δικαιοσύνῃ
1070 2819 1081 2831 ·
1109 2802 1194 2855 ἵνα
1219 2803 1405 2873 ἄρτιος
1496 2804 1524 2856 ὁ
1550 2800 1648 2855 τοῦ
1675 2801 1811 2854 Θεοῦ

230 2889 543 2962 ἄνθρωπος,
583 2892 717 2965 πρὸς
752 2895 859 2947 πᾶν
896 2892 1058 2963 ἔργον
1088 2894 1293 2963 ἀγαθὸν
1326 2894 1736 2966 ἐξηρτισμένος.
1786 2915 1805 2946 ι

843 3109 1093 3164 ΚΕΦΑΛ.
1145 3112 1218 3163 Δ’.

318 3262 341 3297 ι
368 3240 817 3312 Διαμαρτύρομαι
848 3238 943 3294 οὖν
987 3242 1098 3309 ἐγὼ
1134 3241 1362 3295 ἐνώπιον
1401 3239 1492 3295 τοῦ
1534 3240 1690 3305 Θεοῦ,
1723 3241 1816 3294 καὶ

236 3335 338 3394 τοῦ
364 3336 567 3406 Κυρίου
601 3332 772 3403 Ἰησοῦ
796 3334 1055 3404 Χριστοῦ,
1095 3333 1189 3386 τοῦ
1217 3334 1499 3405 μέλλοντος
1526 3334 1752 3405 κρίνειν.
1792 3353 1810 3385 ι

315 3427 523 3495 Πολλὴν
557 3427 906 3497 παράκλησιν
937 3427 1301 3497 ποιησάμενος
1337 3426 1429 3479 καὶ
1465 3426 1817 3496 παραμυθίαν

240 3518 351 3571 ἀπὸ
384 3519 622 3581 πάντων,
658 3517 852 3583 ἐπάγει
902 3517 997 3570 καὶ
1040 3519 1137 3587 τὴν
1166 3518 1273 3569 ἀπὸ
1311 3516 1419 3568 τῶν
1464 3516 1693 3586 Γραφὼν
1724 3533 1818 3568 τε-

241 3610 524 3681 λειοτέραν
545 3605 731 3663 οὗσαν.
757 3610 992 3671 Εἰκότως
1012 3608 1068 3661 δὲ
1089 3607 1358 3675 τοσαύτην
1387 3608 1602 3675 ἐπάγει,
1629 3608 1815 3676 ἐπειδὴ

241 3700 485 3771 λυπηρὸν
519 3699 739 3769 ἔμελλεν
770 3700 916 3769 ἐρεῖν
960 3698 1036 3769 τῷ
1083 3697 1324 3769 μαθητῇ,
1353 3697 1443 3750 τὸν
1477 3696 1669 3749 ἑαυτοῦ
1719 3695 1814 3748 θά-

242 3810 425 3846 νατον.

327 3885 573 3953 Ἐκείντεν
617 3882 748 3952 φησὶ
785 3881 882 3952 τὴν
927 3882 965 3933 Γ
971 3881 1167 3951 ραφὴν,
1226 3881 1352 3950 περὶ
1398 3873 1467 3950 ἦς
1515 3876 1689 3941 εἶπεν,
1740 3878 1819 3931 δτι

254 3976 402 4032 Ἀπὸ
429 3976 696 4043 ,ϐρέφους
729 3976 855 4041 ἱερὰ
885 3972 1207 4042 Γρὰμματα
1241 3969 1432 4037 οἶδας.

320 4086 340 4120 ι
388 4067 603 4131 Ζξπτας
638 4068 733 4122 καὶ
768 4066 1015 4136 νεκροὺς,
1048 4066 1188 4119 κατὰ
1217 4064 1316 4135 τὴν
1361 4063 1684 4132 ἐπιφάνειαν
1718 4063 1815 4116 αύ-

240 4157 362 4221 τοῦ,
400 4157 492 4210 καὶ
538 4155 640 4225 τὴν
687 4154 964 4224 βασιλείαν
999 4152 1166 4206 αὐτοῦ
1188 4170 1202 4183 °
1237 4152 1470 4223 κήρυξον
1515 4152 1607 4204 τὸν
1641 4150 1817 4219 λόγον,

243 4246 498 4316 ὲπίστηθι
545 4265 564 4299 ι

329 4336 718 4407 Ἀμαρτωλοῦς
769 4336 861 4388 καὶ
914 4334 1154 4395 δικαίους
1200 4332 1381 4401 λέγει’
1431 4333 1464 4402 ἢ
1520 4333 1601 4386 ὅτι
1636 4332 1822 4385 πολλοὶ

244 4424 773 4493 καταλειφθήσονται
806 4423 1027 4486 ζῶντες.

1220 405 1302 465 IN
1344 404 1589 465 EPIST.
1632 404 1732 464 AD
1764 402 2228 467 TIMOTHEUM
2272 407 2355 471 Ii.

1828 521 1873 575 Α
1973 520 2157 574 lnuuit
2185 535 2246 573 ea
2280 537 2403 590 quae
2436 518 2649 573 'l‘hecke
2667 531 2835 571 causa
2864 527 3167 586 perpessus
3191 516 3331 563 erat.

3342 390 3481 456 1022

1978 630 1997 663 ι
2028 612 2093 665 Ει
2113 629 2177 667 ex
2208 615 2462 668 omnibus
2492 610 2696 681 eripuit
2719 625 2803 663 me
2833 607 3116 661 Dominus.
3149 598 3341 673 [Vens.
3370 594 3487 668 12.]

1906 704 1972 759 Et
1994 722 2187 760 omnes
2214 706 2310 775 qui
2360 706 2446 776 pic
2498 705 2688 760 volunt
2746 702 2929 756 vivere
2974 702 3028 753 in
3058 696 3283 752 Christo
3329 689 3483 754 Jesu,

1906 798 2350 868 persecutionem
2374 786 2680 866 patientur.
2728 813 2745 846 ι

1976 889 2183 945 ﬂorum
2247 890 2534 952 meminit,
2586 897 2645 943 ut
2706 884 3076 943 recentiorum
3123 899 3139 943 ;
3182 879 3289 934 alia
3355 887 3488 931 vero

1906 983 2272 1053 pmterinisit,
2305 992 2363 1036 ιιι
2387 998 2506 1052 qua:
2543 980 2834 1035 Timotheo
2868 982 3149 1046 comperta
3176 978 3380 1028 essent.

1980 1074 2142 1129 Vsus.
2202 1074 2373 1128 15-15
2434 1092 2452 1124 ι
2487 1071 2617 1127 Mali
2672 1078 2851 1126 autem
2901 1067 3153 1123 homines
3202 1071 3254 1118 et
3322 1060 3485 1116 sedu-

1904 1178 2085 1223 ctores
2114 1168 2400 1236 proﬁcient
2444 1168 2498 1221 in
2538 1166 2734 1236 pejus;
2763 1171 3010 1217 errantes
3049 1167 3105 1214 et
3141 1160 3195 1211 in
3241 1165 3486 1210 errorem

1905 1257 2208 1312 mittentes.
2244 1255 2325 1311 Tu
2358 1271 2488 1311 vero
2532 1267 2793 1325 permane
2826 1252 2882 1305 in
2917 1249 2989 1305 iis
3028 1262 3149 1318 quae
3213 1241 3486 1304 didicisti.

1903 1361 1959 1405 et
1997 1357 2151 1403 certa
2186 1348 2290 1403 fide
2312 1354 2466 1403 tenes
2498 1363 2514 1412 ;
2547 1345 2778 1401 sciensa
2803 1358 2912 1413 quo
2941 1338 3224 1394 didiceris.
3265 1334 3331 1388 Et
3360 1332 3488 1402 quia

1871 1502 1875 1507 ς
1904 1442 1973 1495 ab
1998 1440 2255 1494 infantia.
2287 1458 2305 1491 ι

1980 1530 2080 1585 Hic
2148 1530 2483 1585 afflictiones
2537 1529 2854 1600 significat,
2888 1533 2944 1581 et
2970 1510 3322 1586 acerbitates,
3369 1531 3491 1593 qua:

1904 1620 1957 1673 in
1995 1628 2146 1673 arcta
2169 1629 2516 1689 angustaque
2539 1620 2756 1673 virtutis
2790 1620 2875 1671 via
2925 1619 3249 1669 occurrunt.

1914 1752 1923 1759 κ
1978 1730 1996 1762 ι
2034 1709 2236 1764 Saeras
2272 1711 2483 1766 litteras
2512 1710 2681 1772 nosti,
2715 1724 2836 1778 quae
2854 1718 2907 1761 te
2936 1711 3172 1776 possunt
3217 1703 3493 1784 instruere

1907 1799 1973 1853 ad
1998 1800 2256 1863 salutem,
2286 1816 2383 1870 per
2419 1800 2579 1855 fidem
2620 1815 2745 1870 qua:
2775 1807 2861 1853 est
2892 1798 2947 1851 in
3006 1794 3230 1849 Christo
3278 1789 3435 1845 Jesu.
3467 1808 3485 1840 ι

1994 1977 2189 2049 Legem
2226 1978 2302 2032 ait
2349 1989 2403 2034 et
2458 1978 2778 2048 prophetas,
2826 1990 2948 2045 quae
2998 1973 3244 2027 valerent
3266 1984 3389 2023 eum
3425 1966 3489 2019 ad

1922 2068 2268 2138 sapientiam,
2310 2067 2364 2122 id
2392 2076 2478 2123 est
2536 2068 2604 2121 ad
2649 2058 2933 2121 Christum
2997 2057 3397 2134 provehere.ln
3427 2071 3492 2110 eo

1920 2161 2085 2231 269
2114 2161 2383 2225 siquidem
2421 2160 2641 2228 impleta
2668 2166 2754 2214 est
2803 2160 2888 2212 lex
2920 2171 2986 2210 ac
3006 2153 3307 2225 prophetae.
3335 2148 3493 2217 Quod

1917 2261 2100 2307 autem
2137 2252 2475 2321 Scripturam
2502 2259 2709 2311 nosset,
2742 2249 3151 2304 manifestatum
3194 2253 3299 2310 est,
3326 2257 3496 2312 quan-

1917 2343 2209 2413 doquidem
2252 2342 2370 2412 ipse
2402 2340 2582 2394 Lucas
2612 2340 2807 2395 scribit
2826 2338 2973 2408 quod
3006 2351 3072 2391 ex
3104 2334 3287 2391 Iudaea
3317 2341 3494 2387 matre

1916 2446 2071 2491 ortus
2121 2446 2293 2501 esset,
2334 2436 2386 2490 id
2418 2442 2504 2490 est
2534 2449 2657 2505 quae
2697 2448 2761 2488 ex
2795 2431 2986 2486 Judaeo
3012 2442 3211 2501 genere
3242 2426 3297 2481 in
3331 2425 3494 2481 Chri-

1916 2539 2059 2584 stum
2098 2528 2426 2585 crediderat.
3402 2577 3407 2582 .

1988 2617 2156 2674 Vens.
2191 2617 2280 2683 16,
2312 2617 2400 2673 l7.
2437 2636 2456 2669 ι
2490 2614 2688 2671 Omnis
2714 2614 3003 2684 Scriptura
3042 2606 3497 2674 divinitusinspi-

1916 2722 2057 2778 rata,
2102 2710 2255 2766 utilis
2293 2718 2378 2765 est
2419 2708 2487 2764 ad
2532 2706 2868 2771 docendum,
2913 2703 2981 2759 ad
3014 2700 3385 2772 arguendum,
3426 2698 3494 2752 ad

1914 2802 2354 2873 corripiendum,
2385 2802 2453 2855 ad
2484 2799 2850 2857 erudiendum
2894 2797 2950 2851 in
2978 2795 3196 2863 justitia
3230 2811 3245 2848 :
3280 2800 3339 2846 ιιι
3371 2806 3495 2862 per-

1916 2895 2091 2950 fectus
2127 2895 2199 2951 sit
2232 2895 2395 2951 homo
2422 2893 2517 2949 Dei
2548 2892 2617 2947 ad
2665 2905 2829 2947 omne
2882 2904 3022 2959 opus
3050 2886 3253 2941 bonum
3290 2884 3499 2940 instru-

1914 2993 2063 3042 ctus.
2097 3003 2116 3036 ι

2555 3116 2711 3173 CAP.
2767 3115 2856 3171 IV.

1994 3250 2158 3308 Vens.
2196 3251 2251 3308 1.
2318 3270 2337 3303 ι
2378 3250 2671 3305 Testincor
2710 3249 2880 3321 igitur
2930 3264 3031 3319 ego
3082 3261 3268 3302 coram
3302 3243 3414 3299 Deo
3441 3249 3499 3299 et

1916 3340 2145 3397 Domino
2170 3339 2298 3396 Jesu
2328 3340 2569 3403 Christo,
2603 3338 2699 3408 qui
2725 3338 3077 3407 judicaturus
3113 3340 3199 3389 est
3237 3351 3255 3384 ι

1984 3431 2281 3502 Postquam
2311 3447 2376 3485 ex
2408 3430 2556 3483 omni
2582 3428 2763 3497 capite
2795 3442 2919 3482 eum
2963 3434 3049 3480 est
3088 3424 3415 3479 cohortatus
3445 3426 3499 3473 ct

1916 3525 2262 3590 consolatus,
2307 3522 2459 3575 addit
2516 3521 2737 3574 tandem
2782 3519 3086 3588 perfectius
3117 3525 3498 3585 argumentum

1916 3633 1979 3671 ex
2020 3615 2349 3685 Svripturis.
2403 3615 2468 3667 Et
2499 3612 2758 3666 consulto
2818 3608 3084 3678 quidem;
3116 3606 3371 3675 quoniam
3411 3606 3498 3659 di-

1919 3706 2134 3776 scipulo
2168 3719 2334 3774 grave
2380 3703 2655 3773 quoddam
2694 3710 2750 3755 et
2787 3700 2944 3755 triste
2980 3698 3325 3754 indicaturus
3356 3702 3496 3758 erat,

1920 3815 2075 3855 suam
2102 3798 2361 3852 videlicet
2392 3803 2648 3850 mortem.

1993 3890 2335 3958 Scripturam
2387 3888 2535 3942 illam
2575 3887 2672 3949 ait,
2726 3886 2797 3941 de
2839 3901 2949 3956 qua
2980 3885 3145 3940 modo
3182 3890 3312 3939 ante
3342 3882 3495 3936 dixe—

1924 3987 2003 4035 rat
2036 3998 2049 4034 :
2088 3979 2165 4033 Ab
2201 3979 2432 4048 infantia
2468 3977 2703 4032 Littera:
2741 3993 2925 4031 sacras
2958 3976 3120 4030 nosti.

1996 4091 2015 4123 ι
2059 4071 2225 4125 Vivos
2277 4080 2333 4125 et
2380 4080 2655 4131 mortuos,
2700 4084 2799 4138 per
2841 4069 3139 4122 adventum
3179 4066 3304 4133 ejus
3334 4072 3388 4118 et
3414 4080 3497 4117 re-

1921 4183 2086 4238 gnum
2132 4166 2253 4234 ejus
2284 4182 2297 4219 :
2330 4162 2499 4237 [Vsus
2529 4164 2587 4236 2]
2617 4164 2856 4219 Przedica
2885 4164 3131 4230 verbum,
3162 4162 3307 4216 insta
3349 4180 3367 4212 ι

1994 4345 2325 4400 Peecatores
2348 4351 2401 4398 et
2429 4344 2616 4414 justos
2646 4343 2783 4398 dicit
2811 4358 2826 4396 :
2863 4342 2949 4396 vel
2976 4340 3123 4411 quod
3147 4340 3303 4393 multi
3335 4340 3388 4393 in
3416 4340 3495 4394 vi-

1927 4436 2010 4491 vis
2032 4436 2362 4504 superstites
2409 4442 2594 4487 erunt.

324 4538 344 4570 ι
395 4516 702 4588 Εὐκαίρως,
735 4517 1015 4586 ἀκαίρωςο
1052 4514 1290 4582 ἔλεγξον,
1326 4513 1676 4583 ἐπιτίμησον,
1714 4531 1814 4565 πα-

2002 4547 2020 4579 ι
2067 4528 2412 4597 Opportune,
2447 4527 2768 4595 importune
2809 4542 2821 4578 :
2850 4539 3039 4593 argue,
3072 4521 3314 4591 increpa,
3339 4521 3496 4575 obse-

248 4608 554 4679 ρακάλεσον
589 4608 647 4659 ἐν
683 4608 829 4678 πάσῃ
876 4604 1227 4676 μακροθυμίᾳ
1261 4609 1351 4657 καὶ
1379 4604 1586 4673 διδαχῇ.
1625 4604 1820 4657 Ἔσται

247 4702 362 4769 γὰρ
393 4700 605 4769 καιρὸς,
658 4699 744 4751 ὅτε
793 4698 892 4767 τῆς
940 4696 1291 4766 ὑγιαινούσης
1336 4694 1689 4756 διδασκαλίας
1723 4695 1823 4749 οὐκ

246 4793 552 4857 ἀνέξονται,
582 4792 718 4845 ἁ).λὰ
755 4792 895 4845 κατὰ
928 4792 1027 4853 τὰς
1056 4789 1353 4858 ἐπιθυμίας
1390 4789 1489 4852 τὰς
1528 4789 1663 4851 ἰξίας
1702 4789 1823 4841 ἑαυ-

245 4889 365 4948 τοῖς
399 4885 833 4953 ἐπισωρεύσουσι
877 4882 1251 4946 διδασκάλους,
1302 4901 1319 4931 ι

322 4977 637 5036 Τουτέστιν,
672 4976 761 5043 Μὴ
789 4977 881 5044 ἔχε
913 4974 1321 5044 κεχωρισμένον
1355 4972 1574 5043 καιρόν·
1610 4973 1695 5025 ἀεί
1743 4990 1824 5025 σοι

248 5069 395 5120 ιστω
446 5068 647 5136 καιρὸς.
706 5066 794 5133 Μὴ
841 5068 897 5117 ὲν
927 5067 1138 5136 εἰρήνῃ,
1187 5065 1318 5133 μηδὲ
1368 5065 1427 5116 ὲν
1468 5063 1700 5134 εὐθυμία
1727 5065 1823 5127 ὢν,

253 5156 395 5226 μηδὲ
426 5156 481 5206 ἰν
532 5154 824 5224 Ἐκκλησία
858 5154 1167 5223 καθήμενος
1211 5152 1369 5221 μόνον
1413 5152 1651 5223 διδάξῃς,
1688 5156 1742 5204 ἐν
1771 5153 1826 5204 δὲ

249 5251 367 5309 τοῖς
401 5246 666 5307 κινδύνοις
700 5247 1052 5315 περισταλῇς,
1086 5246 1218 5298 ἀλλᾶ
1250 5245 1352 5297 κᾶν
1386 5245 1443 5295 ἐν
1471 5244 1827 5313 δεσμωτηρίῳ

250 5330 340 5407 ᾖς,
380 5333 484 5385 κᾶν
515 5333 701 5385 ἅλυσιν
749 5333 1151 5401 περικείμενος,
1191 5332 1263 5401 μὴ
1304 5332 1484 5401 παύσῃ
1532 5331 1624 5383 τοῦ
1659 5331 1829 5401 κηρύ-

251 5444 285 5493 γ
295 5442 488 5494 ματος.

328 5533 348 5565 ι
391 5514 727 5584 Κνηθόμενοι
752 5514 848 5584 τὴν
876 5513 1065 5583 ἀκοὴν,
1086 5513 1177 5565 καὶ
1201 5513 1309 5565 ἀπὸ
1334 5514 1429 5582 μὲν
1453 5516 1551 5583 τῆς
1574 5512 1829 5583 ἀληθείας

250 5608 352 5677 τὴν
380 5607 553 5676 ἀκοὴν
576 5606 1027 5676 ἀποστρέψουσιν,
1058 5606 1149 5657 ἐπὶ
1171 5604 1224 5657 δὲ
1248 5606 1371 5667 τοὺς
1403 5605 1604 5675 μύθους
1633 5607 1828 5675 ἐκτρα-

253 5702 542 5769 πήσονται.
577 5699 648 5751 Σὺ
680 5698 736 5750 δὲ
770 5698 906 5766 νῆφε
944 5700 1001 5750 ὲν
1031 5700 1185 5760 πᾶσι,
1222 5697 1628 5767 κακοπάθησον,
1666 5700 1828 5770 ἔργον

252 5786 482 5857 ποίησον
511 5785 918 5856 εὐαγγελιστοῦ,
955 5787 1053 5857 τὴν
1085 5786 1358 5841 ξτεικοκίαν
1412 5807 1501 5841 σου
1556 5790 1821 5861 πληροφό-

1923 4633 2015 4673 cra
2064 4618 2117 4671 in
2157 4617 2306 4671 omni
2359 4615 2622 4685 patientia
2682 4621 2737 4668 et
2789 4612 3040 4667 doctrina
3076 4611 3267 4678 IVsns.
3310 4612 3363 4673 3,
3413 4609 3493 4681 4.]

1924 4710 2045 4763 Erit
2100 4710 2246 4764 enim
2306 4718 2527 4773 tempus
2580 4721 2705 4759 cum
2764 4720 2955 4759 sanam
3020 4703 3331 4758 doctrinam
3386 4718 3493 4755 non

1925 4797 2301 4861 sustinebunt,
2357 4796 2453 4850 sed
2509 4794 2577 4848 ad
2620 4808 2721 4848 sua
2767 4793 3048 4848 desideria
3096 4791 3496 4846 coacervabunt

1926 4890 2030 4945 sibi
2064 4890 2380 4958 magistros,
2425 4905 2441 4937 ι

2000 4980 2115 5034 Hoc
2150 4989 2255 5042 est,
2284 4977 2505 5031 Nullum
2550 4984 2771 5047 tempus
2812 4975 3094 5031 definitum
3128 4975 3268 5030 habe
3304 4992 3317 5026 :
3352 4990 3495 5030 sem-

1931 5090 2026 5142 per
2058 5073 2152 5125 tibi
2185 5080 2401 5139 tempus
2428 5071 2594 5135 adsit,
2636 5078 2699 5124 ιιι
2747 5084 2855 5123 ιιοη
2905 5066 3067 5121 modo
3112 5067 3164 5120 in
3200 5081 3355 5135 pace.
3400 5073 3497 5118 aut

1928 5164 2146 5232 quando
2201 5163 2345 5215 bono
2392 5178 2452 5216 es
2501 5162 2711 5222 animo,
2767 5169 2861 5212 aut
2910 5158 3132 5228 quando
3166 5159 3217 5210 in
3248 5156 3495 5209 Ecclesia

1929 5255 2195 5313 vorsaris.
2226 5261 2357 5307 tunc
2396 5254 2573 5307 solum
2607 5251 2839 5316 doceas;
2873 5252 3113 5319 dumque
3152 5247 3392 5317 pericula
3417 5248 3498 5299 in-

1928 5352 2151 5414 gruunt,
2198 5345 2436 5398 desistas
2483 5363 2494 5397 :
2541 5342 2637 5398 sed
2687 5344 2802 5397 sive
2841 5357 3064 5395 carcere
3109 5340 3361 5393 inclusus
3396 5338 3493 5401 sis,

1930 5438 2044 5490 sive
2074 5446 2266 5489 catena
2294 5437 2531 5497 vinctus,
2572 5448 2680 5488 non
2717 5448 2903 5488 cesses
2941 5447 2969 5484 a
3008 5430 3423 5499 prtedicatione.

2004 5544 2023 5577 ι
2060 5527 2380 5582 Prurientes
2423 5528 2698 5590 auditum,
2730 5536 2781 5581 et
2814 5541 2843 5579 ιι
2875 5525 3106 5579 veritate
3146 5521 3366 5591 quidem
3396 5536 3491 5572 au-

1929 5618 2104 5673 ditum
2156 5626 2423 5681 avertent,
2480 5619 2547 5673 ad
2599 5619 2813 5673 fabulas
2848 5625 3032 5672 autem
3082 5621 3493 5671 convertentur.

1931 5706 2121 5779 [Vens
2178 5709 2231 5772 5,
2287 5708 2363 5777 6.)
2416 5708 2496 5762 Tu
2539 5724 2666 5763 vero
2693 5709 2880 5778 vigila,
2912 5708 2974 5761 in
3000 5704 3257 5761 omnibus
3284 5701 3491 5766 labora,

1930 5816 2066 5868 opus
2108 5800 2191 5855 fat:
2246 5801 2614 5868 evangelislar,
2678 5800 3044 5866 ministerium
3105 5806 3261 5853 tuum
3308 5790 3498 5866 implr‘.
