4214 6446
711 385 847 450 1023

1894 388 1954 448 S.
1994 387 2312 449 JOANNIS
2349 388 2779 449 DAMASCENI

3847 384 3988 449 1024

711 500 825 569 Ego
865 501 1012 554 enim
1055 500 1168 570 jam
1203 500 1364 563 libo“,
1403 512 1458 553 et
1499 506 1720 570 tempus
1751 499 2115 557 resolutionis
2151 514 2286 554 mea!

2418 515 2580 566 ,ησον.
2627 499 2767 566 Ἐγὼ
2797 500 2906 568 γὰρ
2952 499 3051 569 ἤδη
3106 499 3429 568 σπένδομαι,
3459 499 3554 552 καὶ
3592 499 3621 551 6
3652 500 3847 570 καιρὸς
3882 500 3986 571 τῆς

712 593 907 646 instat.
940 612 960 644 ι

785 682 902 738 Hoc
930 693 1035 746 est,
1072 686 1414 740 olilectantes
1449 683 1724 740 auditum.

787 774 956 830 Vens.
1001 775 1115 831 7-9.
1181 795 1199 828 ι
1237 777 1447 830 Bonum
1483 786 1772 832 certamen
1804 777 2038 843 certavi,
2066 791 2294 831 cursum

2393 589 2535 658 ἐμῆς
2567 589 2884 650 ἀναλύσεως
2914 590 3238 660 εφέστηκεν.
3282 608 3301 641 ι

2465 683 2508 734 Τ
2511 682 2749 747 ουτέστι,
2782 682 3111 751 τερπόμενοι
3142 681 3244 750 τὴν
3273 682 3465 751 ἀκοήν.

2475 793 2493 825 ι
2541 773 2646 827 Τὸν
2690 773 2880 841 ἀγῶνα
2922 775 3015 827 τὸν
3065 773 3227 826 καλὸν
3254 773 3596 842 ἠγώνισμαι,
3643 773 3737 826 τὸν
3777 773 3991 844 δρόμον

718 870 1122 928 consummari.
1180 869 1342 923 ﬁdem
1394 870 1632 926 servavi.
1682 869 1758 926 De
1804 870 2018 940 reliquo
2059 870 2298 938 reposita

2418 866 2676 931 ςετέλεκα,
2714 866 2816 936 τὴν
2859 866 3043 920 πίστιν
3086 866 3390 936 τετήρηκα.
3440 865 3642 919 Λοιπὸν
3686 865 3989 918 ἀπόκειταὶ

719 966 804 1012 est
830 957 961 1010 milii
1004 971 1208 1011 corona
1245 958 1499 1027 justitiaa,
1531 974 1695 1027 quam
1724 958 1914 1014 reddet
1945 958 2078 1012 mihi
2117 958 2301 1013 Domi-

723 1067 830 1108 nus
852 1052 906 1106 in
934 1053 1024 1106 illa
1054 1053 1144 1106 die
1163 1053 1558 1120 justusjudex.
1582 1053 1701 1107 Non
1727 1054 1902 1108 solum
1922 1062 2106 1107 autem
2139 1053 2299 1116 milii,

725 1142 822 1200 sed
857 1153 910 1198 et
963 1161 1032 1198 ns
1061 1145 1155 1214 qui
1192 1144 1427 1215 diligunt
1470 1147 1762 1200 adventum
1800 1146 1942 1214 ejus.
1981 1145 2205 1201 Festina
2234 1144 2304 1199 ad

726 1251 815 1292 me
848 1237 1036 1292 venire
1073 1247 1208 1294 cito.
1234 1237 1434 1294 Demas
1467 1239 1614 1292 enim
1656 1254 1742 1294 me
1779 1239 2022 1308 reliquit,
2062 1258 2080 1290 ι

800 1411 1068 1482 Discipuli
1117 1428 1408 1469 maerorem
1468 1416 1635 1472 solari
1696 1417 1871 1487 cupit,
1921 1417 2068 1472 bono
2120 1418 2308 1473 animo

729 1515 854 1555 esse
911 1503 1152 1570 jubens;
1187 1505 1450 1574 quoniam
1500 1506 1567 1559 ad
1596 1521 1857 1563 coronam
1897 1508 2158 1564 omnibus
2203 1508 2308 1564 rite

731 1595 974 1662 peractis
1020 1595 1136 1662 ipse
1178 1595 1463 1666 pergebat.
1495 1595 1692 1653 Laetari
1731 1599 1912 1670 juvat,
1950 1599 2154 1671 inquit,
2195 1615 2308 1656 non

732 1685 939 1741 dolere.

868 1775 1108 1847 Diligens
1154 1779 1257 1834 hoc
1310 1780 1573 1836 saeculum
1657 1790 1712 1838 et
1755 1783 1891 1837 abiit
1952 1782 2311 1840 Thessaloni-

735 1883 880 1923 cam.
923 1888 942 1920 ι

811 1958 866 2014 id
897 1969 1005 2026 est,
1050 1963 1298 2032 requiem
1325 1973 1380 2019 et
1409 1965 1658 2022 delicias.

811 2053 1204 2112 Vsss.10-12.
1257 2077 1276 2109 ι
1305 2057 1572 2114 Crescens
1619 2062 1674 2114 in
1718 2059 2022 2127 Galatiam;
2065 2061 2222 2118 Titus
2257 2063 2311 2118 in

740 2143 1107 2212 Dalmatiam;
1164 2145 1344 2202 Lucas
1405 2158 1491 2204 est
1559 2165 1773 2204 mecum
1825 2151 2002 2205 solus.
2065 2151 2312 2206 Marcum

742 2255 1000 2302 assume,
1049 2251 1103 2294 et
1155 2239 1336 2296 adduc
1367 2249 1586 2309 tecum,
1636 2251 1722 2299 est
1773 2243 1920 2298 enim
1973 2243 2110 2299 mihi
2161 2245 2316 2300 utilis

741 2333 798 2387 in
863 2332 1255 2389 ministerium.
1312 2332 1621 2405 Tycliicum
1702 2345 1884 2392 autem
1951 2336 2078 2394 misi
2141 2335 2320 2406 Ephe-

744 2439 889 2480 sum.
939 2443 960 2477 ο

817 2514 931 2573 Hos
971 2532 1080 2572 non
1126 2525 1320 2584 taxat;
1360 2518 1568 2590 quippe
1605 2520 1701 2591 qui
1748 2520 2159 2591 przdieationis
2187 2534 2321 2591 ergo

746 2611 902 2666 missi
931 2622 1108 2667 erant.

825 2701 985 2757 Vens.
1010 2703 1195 2758 13-15.
1218 2705 1381 2775 27o
1404 2723 1422 2757 ι
1449 2705 1710 2760 Penulam
1733 2715 1914 2760 autem
1939 2720 2103 2775 quam
2120 2704 2320 2774 reliqui

750 2794 964 2850 Troade
981 2798 1123 2866 apud
1143 2796 1404 2868 Carpum,
1433 2798 1568 2853 aITer
1597 2805 1804 2861 tecum,
1830 2807 1886 2853 et
1929 2799 2128 2862 libros,
2149 2797 2324 2852 maxi-

751 2902 839 2940 me
889 2889 1260 2944 membranas.
1311 2889 1624 2944 Alexander
1675 2891 1905 2944 azrarins
1954 2889 2125 2944 multa
2179 2889 2324 2942 mala

752 2977 886 3030 mihi
904 2977 1164 3032 ostendit.
1197 2977 1408 3033 Reddat
1431 2980 1507 3034 illi
1532 2979 1800 3034 Dominus
1823 2979 2126 3035 secundum
2157 2993 2324 3049 Opera

751 3066 874 3140 ejus
907 3086 921 3124 :
953 3086 1116 3140 quem
1159 3080 1218 3127 et
1247 3080 1304 3126 tu
1344 3071 1558 3130 devita;
1599 3071 1762 3126 valde
1794 3074 1942 3126 enim
1973 3071 2177 3127 restitit
2205 3087 2325 3125 ver-

753 3162 841 3216 bis
873 3164 1097 3218 nostris.
1145 3181 1164 3215 ι

822 3252 1018 3309 Peram
1047 3255 1204 3316 dicit,
1229 3256 1285 3310 in
1314 3269 1423 3326 qua
1453 3256 1626 3311 libros
1653 3263 1707 3310 et
1725 3256 1946 3310 chartas
1984 3255 2302 3311 asservabat

755 3347 863 3405 llbi
905 3365 1004 3404 nos
1051 3349 1216 3404 docet
1270 3359 1331 3404 ut
1363 3351 1428 3405 ad
1470 3359 1775 3405 extremum
1821 3365 1998 3418 usque
2044 3350 2206 3420 spirit
2254 3364 2327 3413 m,

756 3440 1058 3510 quamlibet
1094 3457 1183 3495 vin
1266 3442 1333 3496 lis
1370 3441 1739 3506 detineantur,
1776 3440 1962 3496 divina
2010 3440 2227 3511 eloquia
2253 3441 2333 3494 in-

759 3529 1076 3584 desinenter
1102 3533 1451 3586 meditemur.

829 3620 1118 3676 Juclaicum
1145 3621 1284 3676 dicit
1319 3623 1666 3678 Involucrum
1698 3623 1866 3694 legis.

835 3710 1002 3768 Vens.
1035 3714 1124 3780 16,
1158 3715 1242 3768 l7.
1293 3731 1314 3767 ι
1359 3714 1418 3769 1η
1454 3716 1631 3784 prima
1661 3730 1782 3770 mea
1814 3714 2143 3770 defensione
2175 3730 2335 3768 nemo

1559 3822 1606 3862 ie
1632 3807 2046 3876 dereliquerunt
2077 3826 2091 3862 :
2126 3821 2236 3860 non
2269 3806 2336 3859 il-

763 3898 833 3952 iis
868 3899 1188 3968 imputetur.
1231 3897 1500 3955 Dominus
1530 3906 1714 3953 autem
1741 3899 1874 3954 mihi
1903 3900 2099 3964 astitit,
2125 3909 2179 3955 et
2203 3914 2340 3955 con-

763 3805 896 3859 milri
929 3805 1126 3869 adfuit,
1168 3806 1265 3862 sed
1294 3822 1486 3862 omnes

765 3989 989 4043 fortavit
1029 4005 1136 4044 me.
1185 4008 1204 4043 ι

832 4079 951 4134 .lam
983 4081 1131 4136 enim
1167 4083 1336 4138 semel
1383 4083 1438 4138 in
1477 4081 1572 4152 jus
1600 4089 1828 4138 venerat
1869 4096 2054 4138 coram
2101 4079 2337 4149 Nerone,

766 4181 824 4227 et
857 4172 1118 4229 immunis
1148 4185 1420 4228 evaserat.

843 4281 864 4315 ι
913 4260 984 4317 Ut
1019 4279 1116 4333 per
1163 4280 1250 4320 me
1290 4265 1610 4332 praedicatio
1653 4265 1968 4335 impleatur,
2017 4273 2074 4320 et
2115 4266 2344 4320 audiant

768 4369 962 4412 crnnes
1001 4367 1194 4427 gentes
1233 4372 1250 4410 :
1279 4365 1335 4412 et
1364 4357 1635 4412 liberatus
1665 4371 1787 4413 sum
1813 4357 1882 4412 de
1913 4371 2009 4412 ore
2039 4357 2237 4413 leonis.
2285 4377 2303 4410 ι

846 4529 916 4586 Ut
950 4531 1240 4588 manifesta
1279 4532 1374 4587 ﬁat
1412 4533 1674 4588 omnibus
1718 4533 2127 4602 praedicationis
2159 4540 2346 4588 osten-
2377 4512 2420 4566 υ

2404 975 2496 1028 μοι
2524 961 2552 1010 6
2578 959 2677 1028 τῆς
2710 957 3060 1026 δικαιοσύνης
3109 959 3389 1025 στέφανος,
3420 957 3480 1010 ὃν
3509 957 3782 1010 ἀποδώσει
3834 975 3932 1026 μοι
3961 958 3992 1009 6

2401 1049 2605 1120 Κύριος
2637 1051 2695 1102 ἐν
2728 1050 2913 1120 ἐκείνῃ
2947 1053 3012 1118 τῇ
3045 1050 3228 1118 ἡμέρᾳ
3252 1049 3507 1112 δδέκαιος
3539 1050 3750 1118 κριτής.
3784 1049 3862 1102 Οὐ
3893 1051 3993 1116 μό-

2402 1157 2492 1193 νον
2522 1141 2580 1192 δέ
2609 1141 2751 1208 ἐμοὶ,
2779 1139 2914 1192 ἀλλὰ
2944 1140 3038 1191 καὶ
3071 1141 3206 1192 πᾶσι
3236 1143 3346 1202 τοῖς
3391 1140 3710 1210 ἠγαπηκόσι
3739 1140 3844 1210 τὴν
3870 1156 3994 1192 επι-

2405 1232 2634 1300 φάνειαν
2679 1231 2868 1286 αὑτοῦ.
2911 1231 3224 1284 Σπούδασον
3258 1231 3435 1284 ἐλθεῖν
3464 1232 3605 1302 πρός
3647 1249 3715 1303 με
3748 1232 3990 1300 ταχέως.

2405 1325 2595 1394 Δημᾶς
2623 1325 2731 1393 γάρ
2768 1340 2836 1393 με
2877 1322 3260 1390 ἐγκατέλιπεν,
3309 1342 3330 1375 ι

2476 1417 2586 1487 Τὴν
2626 1416 2867 1486 ἀθυμῑαν
2917 1415 3425 1486 παραμυθήσασθαι
3457 1416 3705 1486 βούλεται
3736 1432 3836 1468 του
3890 1433 3997 1486 μα-

2408 1509 2596 1578 θητοῦ,
2629 1509 2853 1578 θαρρεῖν
2881 1507 3141 1572 κελεύων,
3170 1507 3248 1571 ὡς
3291 1508 3384 1561 ἐπὶ
3420 1509 3684 1576 στέφανον
3733 1509 3998 1570 ἀπιόντος

2409 1599 2597 1665 αὑτοῦ,
2623 1601 2698 1663 ὡς
2728 1600 2905 1654 πάντα
2926 1598 3288 1664 τετελεκότος,
3312 1598 3562 1670 Χαίρειν,
3592 1599 3752 1670 φησὶ,
3771 1598 3874 1658 δεῖ,
3895 1598 3998 1650 οὐκ

2410 1692 2616 1760 ἀλγεῖν.

2496 1784 2814 1853 Ἀγαπήσας
2841 1782 2931 1836 τὸν
2959 1779 3054 1835 νῦν
3086 1781 3280 1849 αἰῶνα,
3314 1783 3410 1836 καὶ
3438 1780 3711 1852 ἐπορεύθη
3748 1783 3830 1843 είς
3858 1779 4000 1833 Θεσ-

2416 1874 2724 1942 σαλονίκην.
2782 1893 2800 1924 ι

2488 1967 2797 2032 Τουτέστιν,
2831 1971 2930 2038 τὴν
2955 1969 3045 2023 ἀντ
3092 1986 3162 2033 ιν,
3207 1969 3304 2022 καὶ
3331 1969 3430 2038 τὴν
3456 1969 3671 2038 τρυφήν

2490 2077 2509 2110 ι
2556 2059 2807 2129 Κρίσκης
2856 2061 2936 2122 εἰς
2982 2060 3270 2128 Γαλατίαν,
3314 2061 3471 2125 Τίτος
3515 2063 3596 2124 εἱς
3647 2061 3999 2131 Δαλματίαν·

2415 2153 2633 2215 Λουκᾶς
2677 2152 2794 2205 ἐστι
2846 2153 3005 2223 μόνος
3049 2152 3166 2222 μετ’
3202 2153 3360 2222 ἐμοῦ.
3411 2153 3637 2226 Μάρκον
3688 2152 4000 2215 ἀναλαϐὼν,

2417 2245 2592 2312 ἀγαγε
2647 2243 2786 2313 μετά
2832 2245 3070 2298 σαυτοῦ·
3119 2244 3238 2298 ἐστι
3281 2245 3392 2317 γάρ
3441 2263 3536 2317 μοι
3579 2245 3882 2318 εθχρησ.ος
3924 2247 4004 2308 εἰς

2417 2339 2717 2391 διακονίαν.
2751 2337 2988 2408 Τυχικδν
3019 2337 3074 2391 δὲ
3120 2339 3416 2393 ἀπέστειλα
3447 2343 3528 2403 εἰς
3559 2341 3816 2410 Ἔφεσον.
3873 2359 3892 2391 ι

2491 2513 2729 2577 Τούτους
2756 2515 2816 2567 οὐ
2851 2515 3162 2586 μέμφεται·
3204 2516 3292 2569 διὰ
3333 2516 3396 2569 τὸ
3437 2516 3702 2586 κήρυγμα
3729 2516 3841 2584 γὰρ
3866 2511 4004 2587 ἦσαν

2423 2607 2850 2677 ἀπεσταλμένοι.

2499 2717 2519 2751 ι
2565 2698 2669 2753 Τὸν
2715 2698 2772 2752 δὲ
2817 2697 3066 2768 φελόνην,
3097 2699 3156 2751 δν
3183 2701 3453 2754 ἀπέλιπον
3496 2701 3555 2754 ἐν
3600 2699 3818 2769 Τρωάδι
3853 2698 4007 2769 παρά

2378 2830 2387 2842 .
2424 2792 2660 2862 Κάρπῳ,
2683 2791 2977 2861 ἐρχόμενος
3004 2790 3158 2861 φέρε,
3189 2790 3285 2844 καὶ
3309 2790 3379 2843 τὰ
3409 2789 3614 2860 βιϐλία,
3647 2789 3884 2860 μάλιστα
3903 2789 4006 2850 τὰς

2430 2885 2764 2956 μεμϐράνας.
2809 2883 3158 2954 Ἀλέξανδρος
3185 2885 3214 2936 ὁ
3243 2883 3481 2954 χαλκεὺς
3525 2883 3698 2942 πολλά
3740 2901 3834 2953 μοι
3863 2885 4013 2936 καγά

2427 2974 2748 3038 ἐνδείξαιτο.
2812 2973 3056 3044 Ἀποδῴη
3090 2973 3240 3044 αὐτῷ
3288 2974 3317 3026 6
3349 2973 3554 3043 Κύριος
3587 2974 3726 3027 κατά
3755 2974 3829 3027 τά
3873 2974 4011 3044 ἔργα

2429 3068 2592 3121 αὒτοῦ
2614 3085 2628 3097 ·
2655 3067 2713 3120 ὃν
2747 3068 2842 3120 καὶ
2868 3068 2932 3120 σὺ
2951 3067 3247 3135 φυλάσσου.
3280 3067 3418 3121 Δίαν
3438 3067 3549 3138 γάρ
3571 3067 3878 3138 ἀνθέστηκε
3899 3069 4012 3129 τοῖς

2353 3177 2396 3234 (ς
2430 3159 2725 3229 ἡμετέροις
2759 3159 2962 3227 λόγοις.
3004 3177 3023 3210 ι

2502 3249 2891 3318 Γλωσσόκομον
2919 3247 3048 3301 ἔνθα
3078 3241 3224 3317 εἶχεν
3252 3246 3353 3310 τὰς
3385 3247 3602 3319 βίϐλοις
3631 3248 3727 3301 καὶ
3769 3248 3841 3302 τὰ
3878 3265 4013 3318 χαρ-

2429 3337 2519 3390 τξα
2600 3335 2851 3389 Διδάσκει
2903 3337 3048 3405 ήμᾶ,
3101 3337 3173 3398 ὼ,
3229 3337 3336 3406 ἀχρ
3421 3336 3655 3407 ἐσχάτης
3709 3338 4010 3406 ἀναπνοῆς*

2431 3426 2533 3480 κᾶν
2571 3429 2629 3479 ἐν
2655 3428 2875 3497 δεσμοῖς
2903 3421 3074 3498 ὦμεν,
3107 3427 3218 3481 τῶν
3243 3427 3404 3480 θειων
3433 3427 3596 3495 Αοίξω
3700 3430 3712 3445 ⁹
3793 3428 4014 3500 ἀμελεῖν

2432 3520 2514 3572 δεῖ

2518 3609 2803 3668 Ἰουδαϊκὸν
2848 3613 3162 3683 ιλαστήριον
3195 3613 3306 3681 (13)
3335 3617 3430 3667 του
3460 3616 3624 3684 νόμου
3657 3614 3830 3683 λέγει.

2590 3705 2680 3758 Ἐν
2706 3708 2773 3777 τῆ
2799 3705 2990 3777 πρώτῃ
3021 3724 3124 3778 μου
3145 3707 3411 3779 ἀπολογία
3435 3709 3610 3772 οὐδείς
3643 3724 3734 3778 μοι
3757 3725 4017 3778 συμπαρ-

2439 3797 2677 3863 εγὲνετο,
2716 3799 2852 3853 ἀλλά
2902 3800 3108 3864 πάντες
3154 3817 3222 3871 με
3258 3802 3652 3867 ὲγκατελιπονο
3706 3802 3784 3872 μὴ
3839 3803 4019 3865 αὐτοῖς

2438 3889 2535 3958 λογ
2563 3890 2736 3962 σθείη.
2775 3891 2834 3944 ’0
2865 3892 2921 3945 δὲ
2953 3891 3160 3963 Κύριός
3209 3910 3299 3963 μοι
3346 3894 3613 3963 παρέστη,
3643 3910 3740 3946 και
3774 3893 4021 3947 ἐνεδυνά-

2445 3983 2594 4052 μωσέ
2619 4001 2706 4052 με.
2758 4003 2775 4035 ι

2514 4074 2765 4144 Παρέσ.η
2795 4073 2902 4144 γὰρ
2931 4074 3078 4141 ἆπαξ
3107 4091 3184 4144 τῳ
3213 4073 3388 4144 Νέρω-
3433 4116 3446 4137 ,
3475 4074 3569 4127 καὶ
3595 4073 3878 4142 διέφυγεν.

2520 4269 2539 4301 ι
2587 4250 2702 4304 Ἱνα
2747 4251 2815 4303 δι’
2859 4250 2994 4321 ἐμοῦ
3032 4251 3094 4304 τὸ
3142 4253 3405 4321 κήρυγμα
3449 4249 3880 4321 πληροφορηθῇ,
3934 4251 4026 4304 καὶ

2445 4339 2654 4409 ἀκούσῃ
2687 4341 2863 4393 πάντα
2911 4341 2979 4394 τὰ
3011 4340 3139 4410 ἔθνη
3213 4343 3305 4392 καὶ
3340 4339 3614 4413 ἑρῤύσθην
3650 4341 3716 4394 ἐκ
3757 4343 4026 4412 στόματος

2448 4431 2678 4494 λέοντος.
2739 4452 2757 4483 ι

2522 4524 2639 4576 Ἵνα
2689 4525 2824 4576 πᾶσι
2865 4523 3166 4593 κατάδηλος
3201 4524 3428 4594 γένηται
3459 4525 3492 4594 ὴ
3529 4523 3626 4576 τοῦ
3669 4523 4030 4594 κηρύγματος

773 4623 880 4680 sio.
915 4621 1105 4692 Neque
1153 4638 1283 4677 vero
1309 4623 1411 4676 hoc
1457 4624 1532 4676 ait
1564 4631 1623 4677 ut
1665 4639 1724 4678 sc
1754 4623 1978 4694 dignum
2024 4625 2218 4692 jactct,
2252 4639 2301 4679 se

2451 4614 2758 4682 ἐπιφάνεια.
2808 4615 2920 4684 Ούχ
2951 4614 3026 4678 ὡς
3056 4613 3204 4678 ἄξιον
3232 4614 3288 4667 δὲ
3320 4616 3512 4668 ἑαυτόν
3543 4630 3727 4682 φησιν,
3765 4615 3905 4667 ἀλλά
3946 4614 4029 4666 διὰ

776 4723 1003 4783 propter
1054 4714 1536 4782 pradicationem;
1589 4729 1651 4768 ac
1696 4717 1741 4767 si
1797 4715 1926 4783 quis
1955 4728 2256 4784 purpuram
2294 4734 2301 4764 ‹

2448 4709 2510 4760 τὸ
2538 4709 2820 4777 κήρυγμα,
2865 4707 2942 4769 ὠς
2975 4707 3042 4760 ἄν
3071 4723 3155 4769 τις
3186 4707 3494 4778 πορφυρίδα
3521 4709 3615 4759 καὶ
3649 4706 3892 4776 διάδημα
3936 4707 4030 4774 βα-

776 4807 1032 4859 diadema
1063 4814 1310 4874 gestans,
1345 4819 1442 4874 per
1478 4805 1591 4858 haec
1625 4815 1894 4860 servetur.

850 4893 1074 4948 Leonem
1102 4895 1337 4964 appellat
1360 4894 1652 4949 Neronem.

857 4985 1024 5041 Vens.
1072 4984 1258 5041 18-21.
1308 5003 1329 5038 ι
1368 4985 1434 5038 Et
1459 4985 1715 5040 liberabit
1735 5000 1823 5041 me
1855 4984 2118 5041 Dominus
2144 4986 2214 5042 ab
2235 5001 2354 5041 om-

2454 4801 2686 4865 στάζων,
2718 4799 2785 4853 δι’
2814 4799 2955 4852 αὗτά
2987 4796 3242 4861 ἐσώζετο.

2524 4891 2774 4952 Λέοντα,
2813 4889 2904 4942 τὸν
2934 4888 3166 4960 Νέρωνα
3191 4889 3359 4958 λέγει.

2533 5002 2551 5034 ι
2597 4984 2706 5036 Καὶ
2737 4981 2961 5052 ῥύσεταί
2995 4997 3060 5051 με
3108 4980 3315 5051 Κύριος
3349 4982 3458 5035 ἀπὸ
3497 4980 3698 5044 παντὸς
3726 4980 3895 5051 ἔργου
3936 4997 4032 5031 πο-

783 5081 840 5136 ni
885 5094 1052 5150 opere
1099 5080 1268 5144 malo,
1306 5087 1363 5134 et
1404 5079 1615 5134 salvum
1644 5078 1813 5134 faciet
1847 5095 1899 5134 m
1931 5095 2158 5149 regnum
2193 5096 2295 5136 suu

2457 5074 2647 5144 νηροῦ,
2679 5075 2773 5127 καὶ
2801 5075 2965 5126 σώσει
2997 5074 3075 5134 είς
3100 5072 3198 5142 τὴν
3245 5072 3525 5142 βασιλείαν
3551 5071 3716 5124 αὑτοῦ
3744 5071 3849 5139 τὴν
3883 5074 4033 5122 ἐπου-

784 5174 1038 5239 <-ueleste;
1079 5171 1168 5226 cui
1210 5171 1383 5241 gloria
1429 5171 1485 5225 in
1527 5172 1728 5225 saecula
1767 5172 2119 5226 saeculorum.
2160 5174 2352 5226 Amen.

787 5267 1036 5318 Salutate
1064 5261 1310 5318 Priscam
1360 5272 1414 5316 et
1458 5263 1734 5333 Aquilam,
1783 5272 1838 5316 et
1880 5262 2212 5332 Onesiphori
2265 5266 2354 5319 do-

787 5373 961 5413 mum.
1004 5352 1235 5411 Erastus
1259 5354 1526 5408 remansit
1555 5354 1828 5408 Corinthi.
1863 5352 2222 5424 Trophininm
2261 5370 2357 5407 au-

2463 5167 2680 5238 ράνιονο
2729 5159 2774 5232 ᾧ
2820 5167 2852 5236 ἡ
2905 5164 3032 5228 δόξα
3084 5166 3163 5226 εἰς
3212 5165 3337 5228 τοὺ,
3394 5163 3596 5227 αἰῶνας
3650 5162 3760 5215 τῶν
3805 5162 4014 5216 αἰώνων

2475 5261 2666 5328 Ἀμήν.
2715 5257 3062 5311 Ἀσπάσασθε
3095 5256 3339 5324 Πρίσκαν
3367 5256 3463 5308 καὶ
3504 5254 3758 5315 Ἀκύλαν,
3813 5255 3905 5306 καὶ
3951 5253 4036 5303 τὸν

2478 5353 2835 5422 Ὀνησιφόρου
2878 5347 3047 5403 οἷκον.
3103 5349 3370 5419 Ἔραστος
3418 5349 3630 5419 ἕμειν-ν
3664 5349 3725 5400 ὲν
3768 5346 4033 5417 Κορίνθῳ.

2303 5528 2530 5584 NOTAE.

862 5685 973 5752 (15)
999 5682 1144 5752 Lego
1201 5683 1446 5750 ἔλυτρον,
1482 5682 1831 5738 involucrum.
1866 5693 1961 5752 sgn
2007 5685 2360 5752 tegumentum
2471 5668 3184 5752 siquidentﬁeriptura's'in
3210 5662 3511 5752 involucris
3537 5657 4031 5752 servalu'a-nltnzolitllt;

895 5725 972 5746 -.η
1001 5725 1072 5738 ην
1113 5725 1143 5738 ν
1203 5725 1326 5735 -..η
1370 5725 1446 5743 -.,
1483 5725 1831 5738 ...-,-----π..-,
1866 5725 1961 5732 ν.--

799 5725 1258 5824 γοῖηιιιὶηἰξιρίζὶε
1282 5771 1302 5824 γε
1337 5725 1434 5803 ιῖΕν
1465 5751 1692 5824 εἰλητρις
1726 5750 1831 5824 γάρ
1875 5745 2017 5816 εἶχον
2040 5749 2100 5799 τὸ
2136 5746 2297 5824 παλ-αι

2469 5725 2776 5812 cnjnsmodi
2810 5725 2972 5794 etiam
3015 5739 3246 5794 adhunc
3273 5747 3488 5805 quoque
3524 5731 3666 5787 diem
3715 5727 3883 5783 1υάιυὶ
3927 5725 4036 5798 plu-

795 5823 896 5889 τὰς
925 5824 1073 5889 θείας
1102 5813 1346 5896 Γρᾶφάς,
1401 5813 1578 5890 inquit
1615 5813 2014 5874 'l'licoll'orctus.
2069 5839 2086 5870 ι
2141 5816 2301 5870 [)tvin

2467 5817 2602 5867 rima
2640 5813 2858 5866 habvnt.
2909 5831 2924 5861 ι
