  <div class='ocr_page' id='page_1' title='image "/cluster/home/n/w/nwhite01/storage/ocr_20150623/95/nnc1.0046979816/518.png"; bbox 0 0 4214 6446; ppageno 0'>
   <div class='ocr_carea' id='block_1_1' title="bbox 198 396 337 465">
    <p class='ocr_par' dir='ltr' id='par_1_1' title="bbox 198 396 337 465">
     <span class='ocr_line' id='line_1_1' title="bbox 198 396 337 465; baseline 0.014 -1"><span class='ocrx_word' id='word_1_1' title='bbox 198 396 337 465; x_wconf 79' lang='lat'><strong>1025</strong></span> 
     </span>
    </p>
   </div>
   <div class='ocr_carea' id='block_1_2' title="bbox 1398 402 2195 467">
    <p class='ocr_par' dir='ltr' id='par_1_2' title="bbox 1398 402 2195 467">
     <span class='ocr_line' id='line_1_2' title="bbox 1398 402 2195 467; baseline 0.009 -7"><span class='ocrx_word' id='word_1_2' title='bbox 1398 402 1476 461; x_wconf 85' lang='grc' dir='ltr'><strong>ΙΝ</strong></span> <span class='ocrx_word' id='word_1_3' title='bbox 1518 404 1751 463; x_wconf 75' lang='lat' dir='ltr'><strong>EI’IST.</strong></span> <span class='ocrx_word' id='word_1_4' title='bbox 1794 406 1895 465; x_wconf 82' lang='lat' dir='ltr'><strong>AD</strong></span> <span class='ocrx_word' id='word_1_5' title='bbox 1930 406 2195 467; x_wconf 86' lang='lat' dir='ltr'><strong>TITUM.</strong></span> 
     </span>
    </p>
   </div>
   <div class='ocr_carea' id='block_1_3' title="bbox 3307 408 3442 474">
    <p class='ocr_par' dir='ltr' id='par_1_3' title="bbox 3307 408 3442 474">
     <span class='ocr_line' id='line_1_3' title="bbox 3307 408 3442 474; baseline 0.007 -1"><span class='ocrx_word' id='word_1_6' title='bbox 3307 408 3442 474; x_wconf 73' lang='grc'>1026</span> 
     </span>
    </p>
   </div>
   <div class='ocr_carea' id='block_1_4' title="bbox 195 512 1789 589">
    <p class='ocr_par' dir='ltr' id='par_1_4' title="bbox 195 512 1769 587">
     <span class='ocr_line' id='line_1_4' title="bbox 195 512 1769 587; baseline 0 -19"><span class='ocrx_word' id='word_1_7' title='bbox 195 516 471 587; x_wconf 75' lang='grc' dir='ltr'><strong>Τρόφιμον</strong></span> <span class='ocrx_word' id='word_1_8' title='bbox 491 514 546 568; x_wconf 80' lang='grc' dir='ltr'><strong>δὲ</strong></span> <span class='ocrx_word' id='word_1_9' title='bbox 569 514 837 568; x_wconf 81' lang='grc' dir='ltr'><strong>ἀπέλιπον</strong></span> <span class='ocrx_word' id='word_1_10' title='bbox 877 512 933 566; x_wconf 85' lang='grc' dir='ltr'><strong>ἐν</strong></span> <span class='ocrx_word' id='word_1_11' title='bbox 962 513 1189 583; x_wconf 83' lang='grc' dir='ltr'><strong>Μιλήτῳ</strong></span> <span class='ocrx_word' id='word_1_12' title='bbox 1215 512 1562 568; x_wconf 79' lang='grc' dir='ltr'><strong>ἀσθενοῦντα.</strong></span> <span class='ocrx_word' id='word_1_13' title='bbox 1597 516 1769 568; x_wconf 79' lang='grc' dir='ltr'><strong>Σπού-</strong></span> 
     </span>
    </p>
   </div>
   <div class='ocr_carea' id='block_1_5' title="bbox 1900 512 3441 589">
    <p class='ocr_par' dir='ltr' id='par_1_5' title="bbox 1900 519 3441 589">
     <span class='ocr_line' id='line_1_5' title="bbox 1900 519 3441 589; baseline 0.003 -17"><span class='ocrx_word' id='word_1_14' title='bbox 1900 533 1980 572; x_wconf 86' lang='lat' dir='ltr'><strong>em</strong></span> <span class='ocrx_word' id='word_1_15' title='bbox 2018 520 2215 589; x_wconf 88' lang='lat' dir='ltr'><strong>reliqui</strong></span> <span class='ocrx_word' id='word_1_16' title='bbox 2258 521 2539 576; x_wconf 84' lang='lat' dir='ltr'><strong>inlirmum</strong></span> <span class='ocrx_word' id='word_1_17' title='bbox 2577 519 2768 575; x_wconf 81' lang='lat' dir='ltr'><strong>Mileti.</strong></span> <span class='ocrx_word' id='word_1_18' title='bbox 2798 521 3019 576; x_wconf 84' lang='lat' dir='ltr'><strong>Festina</strong></span> <span class='ocrx_word' id='word_1_19' title='bbox 3044 528 3172 577; x_wconf 87' lang='lat' dir='ltr'><strong>ante</strong></span> <span class='ocrx_word' id='word_1_20' title='bbox 3207 521 3441 577; x_wconf 81' lang='lat' dir='ltr'><strong>hiemem</strong></span> 
     </span>
    </p>
   </div>
   <div class='ocr_carea' id='block_1_6' title="bbox 196 604 1789 677">
    <p class='ocr_par' dir='ltr' id='par_1_6' title="bbox 196 604 1769 677">
     <span class='ocr_line' id='line_1_6' title="bbox 196 604 1769 677; baseline -0.001 -15"><span class='ocrx_word' id='word_1_21' title='bbox 196 610 356 662; x_wconf 83' lang='grc' dir='ltr'><strong>δασον</strong></span> <span class='ocrx_word' id='word_1_22' title='bbox 388 606 493 676; x_wconf 80' lang='grc' dir='ltr'><strong>πρὸ</strong></span> <span class='ocrx_word' id='word_1_23' title='bbox 518 605 782 677; x_wconf 77' lang='grc' dir='ltr'><strong>χειμῶνος</strong></span> <span class='ocrx_word' id='word_1_24' title='bbox 811 604 1005 659; x_wconf 75' lang='grc' dir='ltr'><strong>ἐλθεῖν.</strong></span> <span class='ocrx_word' id='word_1_25' title='bbox 1044 604 1372 670; x_wconf 78' lang='grc' dir='ltr'><strong>Ἀσπάζεταί</strong></span> <span class='ocrx_word' id='word_1_26' title='bbox 1402 623 1461 659; x_wconf 87' lang='grc' dir='ltr'><strong>σε</strong></span> <span class='ocrx_word' id='word_1_27' title='bbox 1500 605 1769 671; x_wconf 77' lang='grc' dir='ltr'><strong>Εὔϐουλος</strong></span> 
     </span>
    </p>
   </div>
   <div class='ocr_carea' id='block_1_7' title="bbox 1900 604 3130 677">
    <p class='ocr_par' dir='ltr' id='par_1_7' title="bbox 1900 610 3130 669">
     <span class='ocr_line' id='line_1_7' title="bbox 1900 610 3130 669; baseline 0 -6"><span class='ocrx_word' id='word_1_28' title='bbox 1900 611 2078 666; x_wconf 85' lang='lat' dir='ltr'><strong>euire.</strong></span> <span class='ocrx_word' id='word_1_29' title='bbox 2107 610 2364 668; x_wconf 72' lang='lat' dir='ltr'><strong>Salutant</strong></span> <span class='ocrx_word' id='word_1_30' title='bbox 2390 621 2444 669; x_wconf 88' lang='lat' dir='ltr'><strong>te</strong></span> <span class='ocrx_word' id='word_1_31' title='bbox 2469 611 2722 668; x_wconf 81' lang='lat' dir='ltr'><strong>Eubulus</strong></span> <span class='ocrx_word' id='word_1_32' title='bbox 2750 622 2804 668; x_wconf 86' lang='lat' dir='ltr'><strong>et</strong></span> <span class='ocrx_word' id='word_1_33' title='bbox 2832 612 3073 668; x_wconf 84' lang='lat' dir='ltr'><strong>Pudens.</strong></span> <span class='ocrx_word' id='word_1_34' title='bbox 3110 631 3130 663; x_wconf 72' lang='grc' dir='ltr'><strong>ι</strong></span> 
     </span>
    </p>
   </div>
   <div class='ocr_carea' id='block_1_8' title="bbox 196 695 619 767">
    <p class='ocr_par' dir='ltr' id='par_1_8' title="bbox 196 695 619 767">
     <span class='ocr_line' id='line_1_8' title="bbox 196 695 619 767; baseline -0.005 -16"><span class='ocrx_word' id='word_1_35' title='bbox 196 700 290 751; x_wconf 75' lang='grc' dir='ltr'><strong>καὶ</strong></span> <span class='ocrx_word' id='word_1_36' title='bbox 326 695 551 767; x_wconf 83' lang='grc' dir='ltr'><strong>Πούδης.</strong></span> <span class='ocrx_word' id='word_1_37' title='bbox 600 714 619 748; x_wconf 76' lang='lat' dir='ltr'><strong>t</strong></span> 
     </span>
    </p>
   </div>
   <div class='ocr_carea' id='block_1_9' title="bbox 246 786 1767 861">
    <p class='ocr_par' dir='ltr' id='par_1_9' title="bbox 246 786 1767 861">
     <span class='ocr_line' id='line_1_9' title="bbox 246 786 1767 861; baseline 0.003 -20"><span class='ocrx_word' id='word_1_38' title='bbox 246 788 401 851; x_wconf 68' lang='grc' dir='ltr'><strong>ΔΤότε</strong></span> <span class='ocrx_word' id='word_1_39' title='bbox 453 789 551 858; x_wconf 84' lang='grc' dir='ltr'><strong>μέν</strong></span> <span class='ocrx_word' id='word_1_40' title='bbox 594 787 727 857; x_wconf 83' lang='grc' dir='ltr'><strong>γὰρ,</strong></span> <span class='ocrx_word' id='word_1_41' title='bbox 778 786 930 856; x_wconf 72' lang='grc' dir='ltr'><strong>φησὶ,</strong></span> <span class='ocrx_word' id='word_1_42' title='bbox 977 787 1086 840; x_wconf 84' lang='grc' dir='ltr'><strong>τῶν</strong></span> <span class='ocrx_word' id='word_1_43' title='bbox 1132 786 1395 842; x_wconf 83' lang='grc' dir='ltr'>κινδύνων</span> <span class='ocrx_word' id='word_1_44' title='bbox 1438 788 1767 861; x_wconf 82' lang='grc' dir='ltr'><strong>ἐξήρπασεν.</strong></span> 
     </span>
    </p>
   </div>
   <div class='ocr_carea' id='block_1_10' title="bbox 1943 785 3450 860">
    <p class='ocr_par' dir='ltr' id='par_1_10' title="bbox 1943 785 3450 860">
     <span class='ocr_line' id='line_1_10' title="bbox 1943 785 3450 860; baseline 0.002 -20"><span class='ocrx_word' id='word_1_45' title='bbox 1943 785 2100 842; x_wconf 87' lang='lat' dir='ltr'><strong>Tunc</strong></span> <span class='ocrx_word' id='word_1_46' title='bbox 2127 788 2301 855; x_wconf 88' lang='lat' dir='ltr'><strong>enim,</strong></span> <span class='ocrx_word' id='word_1_47' title='bbox 2330 789 2534 860; x_wconf 86' lang='lat' dir='ltr'><strong>inquit,</strong></span> <span class='ocrx_word' id='word_1_48' title='bbox 2570 804 2601 844; x_wconf 85' lang='lat' dir='ltr'><strong>a</strong></span> <span class='ocrx_word' id='word_1_49' title='bbox 2625 788 2887 859; x_wconf 82' lang='lat' dir='ltr'><strong>periculis</strong></span> <span class='ocrx_word' id='word_1_50' title='bbox 2921 804 3007 845; x_wconf 88' lang='lat' dir='ltr'><strong>me</strong></span> <span class='ocrx_word' id='word_1_51' title='bbox 3037 793 3263 860; x_wconf 87' lang='lat' dir='ltr'><strong>eripuit.</strong></span> <span class='ocrx_word' id='word_1_52' title='bbox 3289 788 3450 845; x_wconf 65' lang='lat' dir='ltr'><strong>Postu</strong></span> 
     </span>
    </p>
   </div>
   <div class='ocr_carea' id='block_1_11' title="bbox 208 877 1789 952">
    <p class='ocr_par' dir='ltr' id='par_1_11' title="bbox 208 877 1773 952">
     <span class='ocr_line' id='line_1_11' title="bbox 208 877 1773 952; baseline 0.001 -20"><span class='ocrx_word' id='word_1_53' title='bbox 208 880 427 949; x_wconf 81' lang='grc' dir='ltr'>Ἐπειδὴ</span> <span class='ocrx_word' id='word_1_54' title='bbox 453 880 511 932; x_wconf 88' lang='grc' dir='ltr'><strong>δέ</strong></span> <span class='ocrx_word' id='word_1_55' title='bbox 536 879 598 933; x_wconf 78' lang='grc' dir='ltr'><strong>τὸ</strong></span> <span class='ocrx_word' id='word_1_56' title='bbox 632 879 814 932; x_wconf 78' lang='grc' dir='ltr'><strong>ἱκανὸν</strong></span> <span class='ocrx_word' id='word_1_57' title='bbox 842 877 919 949; x_wconf 86' lang='grc' dir='ltr'><strong>τῷ</strong></span> <span class='ocrx_word' id='word_1_58' title='bbox 948 878 1267 950; x_wconf 82' lang='grc' dir='ltr'><strong>Εὐαγγελίῳ</strong></span> <span class='ocrx_word' id='word_1_59' title='bbox 1304 880 1517 949; x_wconf 78' lang='grc' dir='ltr'><strong>γέγονε,</strong></span> <span class='ocrx_word' id='word_1_60' title='bbox 1551 882 1773 952; x_wconf 81' lang='grc' dir='ltr'><strong>ῥύσεταί</strong></span> 
     </span>
    </p>
   </div>
   <div class='ocr_carea' id='block_1_12' title="bbox 1900 877 3450 952">
    <p class='ocr_par' dir='ltr' id='par_1_12' title="bbox 1900 880 3450 952">
     <span class='ocr_line' id='line_1_12' title="bbox 1900 880 3450 952; baseline 0.003 -19"><span class='ocrx_word' id='word_1_61' title='bbox 1900 894 2036 946; x_wconf 63' lang='lat' dir='ltr'><strong>[nam</strong></span> <span class='ocrx_word' id='word_1_62' title='bbox 2079 888 2265 936; x_wconf 92' lang='lat' dir='ltr'><strong>autem</strong></span> <span class='ocrx_word' id='word_1_63' title='bbox 2297 882 2695 951; x_wconf 66' lang='lat' dir='ltr'><strong>praedicatione</strong></span> <span class='ocrx_word' id='word_1_64' title='bbox 2729 880 3012 952; x_wconf 78' lang='lat' dir='ltr'><strong>Evangelii</strong></span> <span class='ocrx_word' id='word_1_65' title='bbox 3044 882 3181 937; x_wconf 87' lang='lat' dir='ltr'><strong>satis</strong></span> <span class='ocrx_word' id='word_1_66' title='bbox 3221 882 3450 937; x_wconf 81' lang='lat' dir='ltr'><strong>functus</strong></span> 
     </span>
    </p>
   </div>
   <div class='ocr_carea' id='block_1_13' title="bbox 200 967 1789 1044">
    <p class='ocr_par' dir='ltr' id='par_1_13' title="bbox 200 967 1773 1041">
     <span class='ocr_line' id='line_1_13' title="bbox 200 967 1773 1041; baseline 0.001 -20"><span class='ocrx_word' id='word_1_67' title='bbox 200 984 267 1037; x_wconf 89' lang='grc' dir='ltr'><strong>με</strong></span> <span class='ocrx_word' id='word_1_68' title='bbox 293 969 401 1022; x_wconf 78' lang='grc' dir='ltr'><strong>ἀπὸ</strong></span> <span class='ocrx_word' id='word_1_69' title='bbox 436 967 634 1031; x_wconf 86' lang='grc' dir='ltr'><strong>παντὸς</strong></span> <span class='ocrx_word' id='word_1_70' title='bbox 675 968 1101 1038; x_wconf 72' lang='grc' dir='ltr'><strong>ἁμαρτήματος·</strong></span> <span class='ocrx_word' id='word_1_71' title='bbox 1138 969 1406 1035; x_wconf 80' lang='grc' dir='ltr'><strong>τουτέστι,</strong></span> <span class='ocrx_word' id='word_1_72' title='bbox 1448 969 1525 1041; x_wconf 79' lang='grc' dir='ltr'><strong>μὴ</strong></span> <span class='ocrx_word' id='word_1_73' title='bbox 1573 970 1773 1040; x_wconf 82' lang='grc' dir='ltr'><strong>ἀφῆσει</strong></span> 
     </span>
    </p>
   </div>
   <div class='ocr_carea' id='block_1_14' title="bbox 1900 967 3449 1044">
    <p class='ocr_par' dir='ltr' id='par_1_14' title="bbox 1900 973 3449 1044">
     <span class='ocr_line' id='line_1_14' title="bbox 1900 973 3449 1044; baseline 0.002 -18"><span class='ocrx_word' id='word_1_74' title='bbox 1900 987 1993 1037; x_wconf 78' lang='grc' dir='ltr'><strong>το,</strong></span> <span class='ocrx_word' id='word_1_75' title='bbox 2033 973 2290 1029; x_wconf 83' lang='lat' dir='ltr'><strong>liberabit</strong></span> <span class='ocrx_word' id='word_1_76' title='bbox 2343 988 2431 1029; x_wconf 90' lang='lat' dir='ltr'><strong>me</strong></span> <span class='ocrx_word' id='word_1_77' title='bbox 2489 974 2558 1029; x_wconf 88' lang='lat' dir='ltr'><strong>ab</strong></span> <span class='ocrx_word' id='word_1_78' title='bbox 2597 975 2744 1028; x_wconf 83' lang='lat' dir='ltr'><strong>omni</strong></span> <span class='ocrx_word' id='word_1_79' title='bbox 2790 984 3063 1044; x_wconf 86' lang='lat' dir='ltr'><strong>peccato;</strong></span> <span class='ocrx_word' id='word_1_80' title='bbox 3098 974 3154 1028; x_wconf 94' lang='lat' dir='ltr'><strong>id</strong></span> <span class='ocrx_word' id='word_1_81' title='bbox 3195 980 3302 1039; x_wconf 85' lang='lat' dir='ltr'><strong>est,</strong></span> <span class='ocrx_word' id='word_1_82' title='bbox 3336 986 3449 1029; x_wconf 86' lang='lat' dir='ltr'><strong>non</strong></span> 
     </span>
    </p>
   </div>
   <div class='ocr_carea' id='block_1_15' title="bbox 196 1060 960 1129">
    <p class='ocr_par' dir='ltr' id='par_1_15' title="bbox 196 1060 960 1129">
     <span class='ocr_line' id='line_1_15' title="bbox 196 1060 960 1129; baseline -0.003 -14"><span class='ocrx_word' id='word_1_83' title='bbox 196 1060 657 1129; x_wconf 78' lang='grc' dir='ltr'><strong>καταγνωσθέντα</strong></span> <span class='ocrx_word' id='word_1_84' title='bbox 688 1060 960 1114; x_wconf 81' lang='grc' dir='ltr'>ἀπελθεῖν.</span> 
     </span>
    </p>
   </div>
   <div class='ocr_carea' id='block_1_16' title="bbox 273 1150 1776 1220">
    <p class='ocr_par' dir='ltr' id='par_1_16' title="bbox 273 1150 1776 1220">
     <span class='ocr_line' id='line_1_16' title="bbox 273 1150 1776 1220; baseline 0.001 -18"><span class='ocrx_word' id='word_1_85' title='bbox 273 1168 292 1201; x_wconf 79' lang='grc' dir='ltr'><strong>ι</strong></span> <span class='ocrx_word' id='word_1_86' title='bbox 354 1150 463 1203; x_wconf 75' lang='grc' dir='ltr'><strong>Καὶ</strong></span> <span class='ocrx_word' id='word_1_87' title='bbox 516 1151 709 1215; x_wconf 80' lang='grc' dir='ltr'><strong>Δῖνος,</strong></span> <span class='ocrx_word' id='word_1_88' title='bbox 771 1150 868 1204; x_wconf 71' lang='grc' dir='ltr'><strong>καὶ</strong></span> <span class='ocrx_word' id='word_1_89' title='bbox 928 1150 1215 1217; x_wconf 82' lang='grc' dir='ltr'><strong>Κλαυδία,</strong></span> <span class='ocrx_word' id='word_1_90' title='bbox 1273 1150 1371 1204; x_wconf 72' lang='grc' dir='ltr'><strong>καὶ</strong></span> <span class='ocrx_word' id='word_1_91' title='bbox 1435 1151 1486 1204; x_wconf 75' lang='grc' dir='ltr'><strong>οἱ</strong></span> <span class='ocrx_word' id='word_1_92' title='bbox 1556 1150 1776 1220; x_wconf 76' lang='grc' dir='ltr'><strong>ἀδελφοὶ</strong></span> 
     </span>
    </p>
   </div>
   <div class='ocr_carea' id='block_1_17' title="bbox 199 1257 489 1303">
    <p class='ocr_par' dir='ltr' id='par_1_17' title="bbox 199 1257 489 1303">
     <span class='ocr_line' id='line_1_17' title="bbox 199 1257 489 1303; baseline 0 -10"><span class='ocrx_word' id='word_1_93' title='bbox 199 1257 422 1303; x_wconf 86' lang='grc' dir='ltr'><strong>παντες.</strong></span> <span class='ocrx_word' id='word_1_94' title='bbox 468 1258 489 1293; x_wconf 73' lang='grc' dir='ltr'><strong>ι</strong></span> 
     </span>
    </p>
   </div>
   <div class='ocr_carea' id='block_1_18' title="bbox 268 1330 1777 1405">
    <p class='ocr_par' dir='ltr' id='par_1_18' title="bbox 268 1330 1777 1405">
     <span class='ocr_line' id='line_1_18' title="bbox 268 1330 1777 1405; baseline 0.001 -21"><span class='ocrx_word' id='word_1_95' title='bbox 268 1331 375 1385; x_wconf 78' lang='grc' dir='ltr'><strong>Τὸν</strong></span> <span class='ocrx_word' id='word_1_96' title='bbox 405 1330 565 1386; x_wconf 86' lang='grc' dir='ltr'><strong>Λῖνόν</strong></span> <span class='ocrx_word' id='word_1_97' title='bbox 600 1349 731 1400; x_wconf 81' lang='grc' dir='ltr'><strong>φασι</strong></span> <span class='ocrx_word' id='word_1_98' title='bbox 762 1333 1104 1399; x_wconf 81' lang='grc' dir='ltr'><strong>διαδέξασθαι</strong></span> <span class='ocrx_word' id='word_1_99' title='bbox 1144 1334 1235 1389; x_wconf 84' lang='grc' dir='ltr'><strong>τὸν</strong></span> <span class='ocrx_word' id='word_1_100' title='bbox 1265 1334 1538 1405; x_wconf 82' lang='grc' dir='ltr'><strong>μακάριον</strong></span> <span class='ocrx_word' id='word_1_101' title='bbox 1568 1333 1777 1405; x_wconf 83' lang='grc' dir='ltr'><strong>Πέτρον</strong></span> 
     </span>
    </p>
   </div>
   <div class='ocr_carea' id='block_1_19' title="bbox 198 1422 609 1493">
    <p class='ocr_par' dir='ltr' id='par_1_19' title="bbox 198 1422 609 1493">
     <span class='ocr_line' id='line_1_19' title="bbox 198 1422 609 1493; baseline 0 -18"><span class='ocrx_word' id='word_1_102' title='bbox 198 1425 257 1476; x_wconf 84' lang='grc' dir='ltr'><strong>ἐν</strong></span> <span class='ocrx_word' id='word_1_103' title='bbox 288 1425 357 1493; x_wconf 78' lang='grc' dir='ltr'><strong>τῇ</strong></span> <span class='ocrx_word' id='word_1_104' title='bbox 399 1422 609 1493; x_wconf 81' lang='grc' dir='ltr'><strong>Ῥώμῃ.</strong></span> 
     </span>
    </p>
   </div>
   <div class='ocr_carea' id='block_1_20' title="bbox 278 1514 1778 1588">
    <p class='ocr_par' dir='ltr' id='par_1_20' title="bbox 278 1514 1778 1588">
     <span class='ocr_line' id='line_1_20' title="bbox 278 1514 1778 1588; baseline 0.002 -23"><span class='ocrx_word' id='word_1_105' title='bbox 278 1532 299 1565; x_wconf 77' lang='grc' dir='ltr'><strong>ι</strong></span> <span class='ocrx_word' id='word_1_106' title='bbox 358 1514 417 1566; x_wconf 90' lang='lat'><strong>&#39;0</strong></span> <span class='ocrx_word' id='word_1_107' title='bbox 442 1514 649 1582; x_wconf 80' lang='grc' dir='ltr'><strong>Κύριος</strong></span> <span class='ocrx_word' id='word_1_108' title='bbox 675 1514 883 1584; x_wconf 82' lang='grc' dir='ltr'><strong>Ἰησοῦς</strong></span> <span class='ocrx_word' id='word_1_109' title='bbox 920 1516 1157 1587; x_wconf 79' lang='grc' dir='ltr'><strong>Χριστὸς</strong></span> <span class='ocrx_word' id='word_1_110' title='bbox 1191 1518 1327 1588; x_wconf 83' lang='grc' dir='ltr'><strong>μετά</strong></span> <span class='ocrx_word' id='word_1_111' title='bbox 1355 1517 1448 1571; x_wconf 88' lang='grc' dir='ltr'><strong>τοῦ</strong></span> <span class='ocrx_word' id='word_1_112' title='bbox 1472 1514 1778 1587; x_wconf 79' lang='grc' dir='ltr'><strong>πνεύματός</strong></span> 
     </span>
    </p>
   </div>
   <div class='ocr_carea' id='block_1_21' title="bbox 203 1604 1288 1679">
    <p class='ocr_par' dir='ltr' id='par_1_21' title="bbox 203 1604 1288 1679">
     <span class='ocr_line' id='line_1_21' title="bbox 203 1604 1288 1679; baseline 0.002 -22"><span class='ocrx_word' id='word_1_113' title='bbox 203 1621 320 1659; x_wconf 87' lang='grc' dir='ltr'><strong>σου.</strong></span> <span class='ocrx_word' id='word_1_114' title='bbox 368 1604 433 1657; x_wconf 84' lang='grc' dir='ltr'><strong><em>Ἦ</em></strong></span> <span class='ocrx_word' id='word_1_115' title='bbox 461 1604 621 1675; x_wconf 84' lang='grc' dir='ltr'><strong>χάρις</strong></span> <span class='ocrx_word' id='word_1_116' title='bbox 652 1606 772 1673; x_wconf 78' lang='grc' dir='ltr'><strong>μεθ’</strong></span> <span class='ocrx_word' id='word_1_117' title='bbox 807 1607 982 1677; x_wconf 85' lang='grc' dir='ltr'><strong>ὑμῶν.</strong></span> <span class='ocrx_word' id='word_1_118' title='bbox 1026 1608 1220 1679; x_wconf 82' lang='grc' dir='ltr'><strong>Ἀμήν.</strong></span> <span class='ocrx_word' id='word_1_119' title='bbox 1271 1627 1288 1659; x_wconf 78' lang='grc' dir='ltr'><strong>ι</strong></span> 
     </span>
    </p>
   </div>
   <div class='ocr_carea' id='block_1_22' title="bbox 276 1694 1778 1771">
    <p class='ocr_par' dir='ltr' id='par_1_22' title="bbox 276 1694 1778 1771">
     <span class='ocr_line' id='line_1_22' title="bbox 276 1694 1778 1771; baseline 0.002 -22"><span class='ocrx_word' id='word_1_120' title='bbox 276 1697 501 1766; x_wconf 83' lang='grc' dir='ltr'><strong>Ὅμοιον</strong></span> <span class='ocrx_word' id='word_1_121' title='bbox 526 1694 603 1759; x_wconf 82' lang='grc' dir='ltr'><strong>ὡς</strong></span> <span class='ocrx_word' id='word_1_122' title='bbox 630 1698 678 1749; x_wconf 79' lang='grc' dir='ltr'><strong>εί</strong></span> <span class='ocrx_word' id='word_1_123' title='bbox 718 1696 865 1766; x_wconf 81' lang='grc' dir='ltr'><strong>λέγοι</strong></span> <span class='ocrx_word' id='word_1_124' title='bbox 888 1715 901 1727; x_wconf 88' lang='grc'><strong>·</strong></span> <span class='ocrx_word' id='word_1_125' title='bbox 934 1700 1025 1771; x_wconf 76' lang='grc' dir='ltr'><strong>Μὴ</strong></span> <span class='ocrx_word' id='word_1_126' title='bbox 1053 1700 1207 1769; x_wconf 81' lang='grc' dir='ltr'><strong>ἄλγει</strong></span> <span class='ocrx_word' id='word_1_127' title='bbox 1240 1702 1321 1755; x_wconf 84' lang='grc' dir='ltr'><strong>ὅτι</strong></span> <span class='ocrx_word' id='word_1_128' title='bbox 1350 1701 1679 1768; x_wconf 75' lang='grc' dir='ltr'><strong>ἀφίσταμαι.</strong></span> <span class='ocrx_word' id='word_1_129' title='bbox 1720 1695 1778 1752; x_wconf 81' lang='grc' dir='ltr'>Ὀ</span> 
     </span>
    </p>
   </div>
   <div class='ocr_carea' id='block_1_23' title="bbox 202 1784 1777 1855">
    <p class='ocr_par' dir='ltr' id='par_1_23' title="bbox 202 1784 1777 1855">
     <span class='ocr_line' id='line_1_23' title="bbox 202 1784 1777 1855; baseline 0.003 -17"><span class='ocrx_word' id='word_1_130' title='bbox 202 1784 409 1855; x_wconf 80' lang='grc' dir='ltr'><strong>Κύριος</strong></span> <span class='ocrx_word' id='word_1_131' title='bbox 439 1784 577 1855; x_wconf 80' lang='grc' dir='ltr'><strong>μετὰ</strong></span> <span class='ocrx_word' id='word_1_132' title='bbox 600 1786 692 1839; x_wconf 87' lang='grc' dir='ltr'><strong>σοῦ</strong></span> <span class='ocrx_word' id='word_1_133' title='bbox 710 1789 863 1841; x_wconf 84' lang='grc' dir='ltr'><strong>ἐστι·</strong></span> <span class='ocrx_word' id='word_1_134' title='bbox 891 1789 985 1843; x_wconf 78' lang='grc' dir='ltr'><strong>καὶ</strong></span> <span class='ocrx_word' id='word_1_135' title='bbox 1000 1792 1101 1844; x_wconf 83' lang='grc' dir='ltr'><strong>οὐκ</strong></span> <span class='ocrx_word' id='word_1_136' title='bbox 1130 1786 1274 1855; x_wconf 77' lang='grc' dir='ltr'><strong>εἷπε,</strong></span> <span class='ocrx_word' id='word_1_137' title='bbox 1296 1792 1448 1845; x_wconf 73' lang='grc' dir='ltr'><strong>Μετὰ</strong></span> <span class='ocrx_word' id='word_1_138' title='bbox 1475 1790 1592 1854; x_wconf 87' lang='grc' dir='ltr'><strong>σοῦ,</strong></span> <span class='ocrx_word' id='word_1_139' title='bbox 1618 1790 1777 1855; x_wconf 81' lang='grc' dir='ltr'><strong>ἀλλὰ,</strong></span> 
     </span>
    </p>
   </div>
   <div class='ocr_carea' id='block_1_24' title="bbox 1875 1066 3156 1136">
    <p class='ocr_par' dir='ltr' id='par_1_24' title="bbox 1875 1066 3156 1136">
     <span class='ocr_line' id='line_1_24' title="bbox 1875 1066 3156 1136; baseline 0.001 -17"><span class='ocrx_word' id='word_1_140' title='bbox 1875 1066 2157 1136; x_wconf 75' lang='lat' dir='ltr'><strong>permittet</strong></span> <span class='ocrx_word' id='word_1_141' title='bbox 2192 1074 2251 1120; x_wconf 88' lang='lat' dir='ltr'><strong>ut</strong></span> <span class='ocrx_word' id='word_1_142' title='bbox 2285 1066 2628 1121; x_wconf 86' lang='lat' dir='ltr'><strong>damnationi</strong></span> <span class='ocrx_word' id='word_1_143' title='bbox 2656 1066 2913 1122; x_wconf 85' lang='lat' dir='ltr'><strong>addictus</strong></span> <span class='ocrx_word' id='word_1_144' title='bbox 2944 1067 3156 1123; x_wconf 88' lang='lat' dir='ltr'><strong>abeam.</strong></span> 
     </span>
    </p>
   </div>
   <div class='ocr_carea' id='block_1_25' title="bbox 1951 1157 3276 1225">
    <p class='ocr_par' dir='ltr' id='par_1_25' title="bbox 1951 1157 3276 1225">
     <span class='ocr_line' id='line_1_25' title="bbox 1951 1157 3276 1225; baseline 0.001 -14"><span class='ocrx_word' id='word_1_145' title='bbox 1951 1177 1971 1211; x_wconf 75' lang='grc' dir='ltr'><strong>ι</strong></span> <span class='ocrx_word' id='word_1_146' title='bbox 2009 1157 2075 1213; x_wconf 87' lang='grc' dir='ltr'><strong>Ει</strong></span> <span class='ocrx_word' id='word_1_147' title='bbox 2100 1158 2294 1225; x_wconf 90' lang='lat' dir='ltr'><strong>Linus,</strong></span> <span class='ocrx_word' id='word_1_148' title='bbox 2327 1167 2384 1215; x_wconf 89' lang='lat' dir='ltr'><strong>et</strong></span> <span class='ocrx_word' id='word_1_149' title='bbox 2410 1157 2664 1225; x_wconf 87' lang='lat' dir='ltr'><strong>Claudia,</strong></span> <span class='ocrx_word' id='word_1_150' title='bbox 2693 1166 2751 1214; x_wconf 91' lang='lat' dir='ltr'><strong>et</strong></span> <span class='ocrx_word' id='word_1_151' title='bbox 2774 1158 2973 1215; x_wconf 78' lang='lat' dir='ltr'><strong>fratres</strong></span> <span class='ocrx_word' id='word_1_152' title='bbox 3008 1174 3223 1215; x_wconf 89' lang='lat' dir='ltr'><strong>omnes.</strong></span> <span class='ocrx_word' id='word_1_153' title='bbox 3256 1177 3276 1212; x_wconf 72' lang='grc' dir='ltr'><strong>ι</strong></span> 
     </span>
    </p>
   </div>
   <div class='ocr_carea' id='block_1_26' title="bbox 1947 1332 3331 1395">
    <p class='ocr_par' dir='ltr' id='par_1_26' title="bbox 1947 1332 3331 1395">
     <span class='ocr_line' id='line_1_26' title="bbox 1947 1332 3331 1395; baseline 0.004 -8"><span class='ocrx_word' id='word_1_154' title='bbox 1947 1332 2145 1388; x_wconf 90' lang='lat' dir='ltr'><strong>Linum</strong></span> <span class='ocrx_word' id='word_1_155' title='bbox 2172 1333 2357 1390; x_wconf 81' lang='lat' dir='ltr'><strong>ferunt</strong></span> <span class='ocrx_word' id='word_1_156' title='bbox 2378 1334 2543 1390; x_wconf 87' lang='lat' dir='ltr'><strong>beato</strong></span> <span class='ocrx_word' id='word_1_157' title='bbox 2562 1333 2726 1392; x_wconf 86' lang='lat' dir='ltr'><strong>Petro</strong></span> <span class='ocrx_word' id='word_1_158' title='bbox 2749 1333 2938 1392; x_wconf 66' lang='lat' dir='ltr'><strong>Romae</strong></span> <span class='ocrx_word' id='word_1_159' title='bbox 2967 1337 3331 1395; x_wconf 79' lang='lat' dir='ltr'><strong>successisse.</strong></span> 
     </span>
    </p>
   </div>
   <div class='ocr_carea' id='block_1_27' title="bbox 1950 1510 3455 1583">
    <p class='ocr_par' dir='ltr' id='par_1_27' title="bbox 1950 1510 3455 1583">
     <span class='ocr_line' id='line_1_27' title="bbox 1950 1510 3455 1583; baseline 0.001 -18"><span class='ocrx_word' id='word_1_160' title='bbox 1950 1510 2114 1568; x_wconf 75' lang='lat' dir='ltr'><strong>Vens.</strong></span> <span class='ocrx_word' id='word_1_161' title='bbox 2144 1510 2235 1567; x_wconf 74' lang='grc'><strong>22.</strong></span> <span class='ocrx_word' id='word_1_162' title='bbox 2284 1530 2304 1565; x_wconf 76' lang='grc' dir='ltr'><strong>ι</strong></span> <span class='ocrx_word' id='word_1_163' title='bbox 2348 1511 2616 1569; x_wconf 86' lang='lat' dir='ltr'><strong>Dominus</strong></span> <span class='ocrx_word' id='word_1_164' title='bbox 2646 1510 2808 1568; x_wconf 80' lang='lat' dir='ltr'><strong>Jesus</strong></span> <span class='ocrx_word' id='word_1_165' title='bbox 2838 1511 3095 1567; x_wconf 84' lang='lat' dir='ltr'><strong>Christus</strong></span> <span class='ocrx_word' id='word_1_166' title='bbox 3126 1524 3254 1567; x_wconf 91' lang='lat' dir='ltr'><strong>cum</strong></span> <span class='ocrx_word' id='word_1_167' title='bbox 3287 1511 3455 1583; x_wconf 89' lang='lat' dir='ltr'><strong>spiri-</strong></span> 
     </span>
    </p>
   </div>
   <div class='ocr_carea' id='block_1_28' title="bbox 1880 1603 2929 1659">
    <p class='ocr_par' dir='ltr' id='par_1_28' title="bbox 1880 1603 2929 1659">
     <span class='ocr_line' id='line_1_28' title="bbox 1880 1603 2929 1659; baseline -0.002 -2"><span class='ocrx_word' id='word_1_168' title='bbox 1880 1612 1939 1659; x_wconf 89' lang='lat' dir='ltr'><strong>tu</strong></span> <span class='ocrx_word' id='word_1_169' title='bbox 1969 1612 2087 1659; x_wconf 90' lang='lat' dir='ltr'><strong>tuo.</strong></span> <span class='ocrx_word' id='word_1_170' title='bbox 2121 1603 2310 1659; x_wconf 87' lang='lat' dir='ltr'><strong>Gratia</strong></span> <span class='ocrx_word' id='word_1_171' title='bbox 2341 1603 2648 1659; x_wconf 86' lang='lat' dir='ltr'><strong>vobiscum.</strong></span> <span class='ocrx_word' id='word_1_172' title='bbox 2671 1603 2867 1659; x_wconf 83' lang='lat' dir='ltr'><strong>Amen.</strong></span> <span class='ocrx_word' id='word_1_173' title='bbox 2908 1621 2929 1655; x_wconf 77' lang='grc' dir='ltr'><strong>ι</strong></span> 
     </span>
    </p>
   </div>
   <div class='ocr_carea' id='block_1_29' title="bbox 1948 1692 3458 1771">
    <p class='ocr_par' dir='ltr' id='par_1_29' title="bbox 1948 1692 3458 1771">
     <span class='ocr_line' id='line_1_29' title="bbox 1948 1692 3458 1771; baseline -0.002 -21"><span class='ocrx_word' id='word_1_174' title='bbox 1948 1696 2028 1751; x_wconf 80' lang='lat' dir='ltr'><strong>Ac</strong></span> <span class='ocrx_word' id='word_1_175' title='bbox 2055 1697 2101 1753; x_wconf 89' lang='lat' dir='ltr'><strong>si</strong></span> <span class='ocrx_word' id='word_1_176' title='bbox 2131 1696 2344 1752; x_wconf 88' lang='lat' dir='ltr'><strong>diceret</strong></span> <span class='ocrx_word' id='word_1_177' title='bbox 2378 1712 2391 1749; x_wconf 93' lang='lat'>:</span> <span class='ocrx_word' id='word_1_178' title='bbox 2424 1692 2504 1751; x_wconf 81' lang='lat' dir='ltr'><strong>Ne</strong></span> <span class='ocrx_word' id='word_1_179' title='bbox 2528 1704 2729 1751; x_wconf 80' lang='lat' dir='ltr'><strong>mresto</strong></span> <span class='ocrx_word' id='word_1_180' title='bbox 2758 1695 2945 1751; x_wconf 87' lang='lat' dir='ltr'><strong>animo</strong></span> <span class='ocrx_word' id='word_1_181' title='bbox 2975 1694 3055 1750; x_wconf 87' lang='lat' dir='ltr'><strong>sis</strong></span> <span class='ocrx_word' id='word_1_182' title='bbox 3081 1693 3230 1764; x_wconf 89' lang='lat' dir='ltr'><strong>quod</strong></span> <span class='ocrx_word' id='word_1_183' title='bbox 3254 1692 3458 1771; x_wconf 74' lang='lat' dir='ltr'><strong>absce-</strong></span> 
     </span>
    </p>
   </div>
   <div class='ocr_carea' id='block_1_30' title="bbox 1880 1784 3458 1857">
    <p class='ocr_par' dir='ltr' id='par_1_30' title="bbox 1880 1784 3458 1857">
     <span class='ocr_line' id='line_1_30' title="bbox 1880 1784 3458 1857; baseline -0.002 -16"><span class='ocrx_word' id='word_1_184' title='bbox 1880 1786 2029 1841; x_wconf 87' lang='lat' dir='ltr'><strong>dam.</strong></span> <span class='ocrx_word' id='word_1_185' title='bbox 2056 1785 2320 1842; x_wconf 81' lang='lat' dir='ltr'><strong>Dominus</strong></span> <span class='ocrx_word' id='word_1_186' title='bbox 2357 1794 2540 1842; x_wconf 84' lang='lat' dir='ltr'><strong>tecum</strong></span> <span class='ocrx_word' id='word_1_187' title='bbox 2572 1794 2658 1842; x_wconf 84' lang='lat' dir='ltr'><strong>est</strong></span> <span class='ocrx_word' id='word_1_188' title='bbox 2694 1802 2709 1841; x_wconf 88' lang='lat'><strong>:</strong></span> <span class='ocrx_word' id='word_1_189' title='bbox 2741 1791 2879 1857; x_wconf 81' lang='lat' dir='ltr'><strong>quin</strong></span> <span class='ocrx_word' id='word_1_190' title='bbox 2914 1800 3016 1842; x_wconf 91' lang='lat' dir='ltr'><strong>nec</strong></span> <span class='ocrx_word' id='word_1_191' title='bbox 3040 1784 3183 1841; x_wconf 78' lang='lat' dir='ltr'><strong>dixit</strong></span> <span class='ocrx_word' id='word_1_192' title='bbox 3214 1784 3458 1840; x_wconf 87' lang='lat' dir='ltr'><strong>:Tecum</strong></span> 
     </span>
    </p>
   </div>
   <div class='ocr_carea' id='block_1_31' title="bbox 202 1868 1789 1957">
    <p class='ocr_par' dir='ltr' id='par_1_31' title="bbox 202 1874 1782 1957">
     <span class='ocr_line' id='line_1_31' title="bbox 202 1874 1782 1957; baseline 0.004 -26"><span class='ocrx_word' id='word_1_193' title='bbox 202 1877 368 1931; x_wconf 83' lang='grc' dir='ltr'><strong>Μετὰ</strong></span> <span class='ocrx_word' id='word_1_194' title='bbox 405 1874 513 1929; x_wconf 85' lang='grc' dir='ltr'><strong>τοῦ</strong></span> <span class='ocrx_word' id='word_1_195' title='bbox 549 1881 886 1949; x_wconf 77' lang='grc' dir='ltr'><strong>πνεύματός</strong></span> <span class='ocrx_word' id='word_1_196' title='bbox 920 1898 1060 1949; x_wconf 84' lang='grc' dir='ltr'><strong>σου,</strong></span> <span class='ocrx_word' id='word_1_197' title='bbox 1099 1880 1242 1957; x_wconf 84' lang='grc' dir='ltr'><strong>ἴναῇ</strong></span> <span class='ocrx_word' id='word_1_198' title='bbox 1273 1883 1435 1954; x_wconf 81' lang='grc' dir='ltr'><strong>διπλῆ</strong></span> <span class='ocrx_word' id='word_1_199' title='bbox 1471 1886 1504 1954; x_wconf 84' lang='grc' dir='ltr'><strong>ή</strong></span> <span class='ocrx_word' id='word_1_200' title='bbox 1540 1883 1782 1954; x_wconf 86' lang='grc' dir='ltr'><strong>βοήθεια,</strong></span> 
     </span>
    </p>
   </div>
   <div class='ocr_carea' id='block_1_32' title="bbox 1900 1868 3459 1957">
    <p class='ocr_par' dir='ltr' id='par_1_32' title="bbox 1900 1876 3459 1948">
     <span class='ocr_line' id='line_1_32' title="bbox 1900 1876 3459 1948; baseline -0.004 -13"><span class='ocrx_word' id='word_1_201' title='bbox 1900 1886 1995 1943; x_wconf 74' lang='lat' dir='ltr'><strong>3st,</strong></span> <span class='ocrx_word' id='word_1_202' title='bbox 2029 1877 2158 1944; x_wconf 90' lang='lat' dir='ltr'><strong>Sed,</strong></span> <span class='ocrx_word' id='word_1_203' title='bbox 2186 1878 2321 1934; x_wconf 83' lang='lat' dir='ltr'><strong>Cum</strong></span> <span class='ocrx_word' id='word_1_204' title='bbox 2348 1878 2541 1948; x_wconf 74' lang='lat' dir='ltr'><strong>spirits</strong></span> <span class='ocrx_word' id='word_1_205' title='bbox 2570 1887 2682 1946; x_wconf 75' lang='lat' dir='ltr'><strong>tuo,</strong></span> <span class='ocrx_word' id='word_1_206' title='bbox 2717 1886 2777 1933; x_wconf 90' lang='lat' dir='ltr'><strong>ut</strong></span> <span class='ocrx_word' id='word_1_207' title='bbox 2803 1878 3033 1948; x_wconf 88' lang='lat' dir='ltr'><strong>duplum</strong></span> <span class='ocrx_word' id='word_1_208' title='bbox 3062 1878 3136 1933; x_wconf 89' lang='lat' dir='ltr'><strong>sit</strong></span> <span class='ocrx_word' id='word_1_209' title='bbox 3168 1876 3459 1944; x_wconf 82' lang='lat' dir='ltr'><strong>auxilium,</strong></span> 
     </span>
    </p>
   </div>
   <div class='ocr_carea' id='block_1_33' title="bbox 201 1969 1789 2047">
    <p class='ocr_par' dir='ltr' id='par_1_33' title="bbox 201 1969 1783 2047">
     <span class='ocr_line' id='line_1_33' title="bbox 201 1969 1783 2047; baseline 0.004 -25"><span class='ocrx_word' id='word_1_210' title='bbox 201 1971 301 2039; x_wconf 82' lang='grc' dir='ltr'><strong>τῆς</strong></span> <span class='ocrx_word' id='word_1_211' title='bbox 359 1969 580 2037; x_wconf 79' lang='grc' dir='ltr'><strong>χάριτος</strong></span> <span class='ocrx_word' id='word_1_212' title='bbox 625 1971 718 2024; x_wconf 87' lang='grc' dir='ltr'><strong>τοῦ</strong></span> <span class='ocrx_word' id='word_1_213' title='bbox 773 1974 1116 2047; x_wconf 87' lang='grc' dir='ltr'><strong>πνεύματος,</strong></span> <span class='ocrx_word' id='word_1_214' title='bbox 1164 1978 1260 2030; x_wconf 79' lang='grc' dir='ltr'><strong>καὶ</strong></span> <span class='ocrx_word' id='word_1_215' title='bbox 1307 1978 1400 2030; x_wconf 89' lang='grc' dir='ltr'><strong>τοῦ</strong></span> <span class='ocrx_word' id='word_1_216' title='bbox 1457 1976 1783 2047; x_wconf 81' lang='grc' dir='ltr'><strong>βοηθοῦντος</strong></span> 
     </span>
    </p>
   </div>
   <div class='ocr_carea' id='block_1_34' title="bbox 1900 1969 3179 2047">
    <p class='ocr_par' dir='ltr' id='par_1_34' title="bbox 1900 1969 3179 2043">
     <span class='ocr_line' id='line_1_34' title="bbox 1900 1969 3179 2043; baseline -0.001 -17"><span class='ocrx_word' id='word_1_217' title='bbox 1900 1972 2078 2043; x_wconf 67' lang='lat' dir='ltr'><strong>gratia:</strong></span> <span class='ocrx_word' id='word_1_218' title='bbox 2103 1972 2358 2042; x_wconf 88' lang='lat' dir='ltr'><strong>spiritus,</strong></span> <span class='ocrx_word' id='word_1_219' title='bbox 2381 1981 2436 2027; x_wconf 90' lang='lat' dir='ltr'><strong>et</strong></span> <span class='ocrx_word' id='word_1_220' title='bbox 2460 1970 2611 2026; x_wconf 89' lang='lat' dir='ltr'><strong>illius</strong></span> <span class='ocrx_word' id='word_1_221' title='bbox 2641 1970 2737 2041; x_wconf 91' lang='lat' dir='ltr'><strong>qui</strong></span> <span class='ocrx_word' id='word_1_222' title='bbox 2762 1971 2812 2025; x_wconf 89' lang='lat' dir='ltr'><strong>ei</strong></span> <span class='ocrx_word' id='word_1_223' title='bbox 2850 1969 3179 2039; x_wconf 84' lang='lat' dir='ltr'><strong>opitulatur.</strong></span> 
     </span>
    </p>
   </div>
   <div class='ocr_carea' id='block_1_35' title="bbox 203 2060 379 2130">
    <p class='ocr_par' dir='ltr' id='par_1_35' title="bbox 203 2060 379 2130">
     <span class='ocr_line' id='line_1_35' title="bbox 203 2060 379 2130; baseline 0.006 -16"><span class='ocrx_word' id='word_1_224' title='bbox 203 2060 379 2130; x_wconf 73' lang='grc' dir='ltr'><strong>αὐτῷ.</strong></span> 
     </span>
    </p>
   </div>
   <div class='ocr_carea' id='block_1_36' title="bbox 205 2153 1783 2301">
    <p class='ocr_par' dir='ltr' id='par_1_36' title="bbox 205 2153 1783 2301">
     <span class='ocr_line' id='line_1_36' title="bbox 205 2153 1783 2301; baseline 0.005 -96"><span class='ocrx_word' id='word_1_225' title='bbox 205 2153 366 2223; x_wconf 81' lang='grc' dir='ltr'><strong>Πρὸς</strong></span> <span class='ocrx_word' id='word_1_226' title='bbox 428 2157 705 2224; x_wconf 76' lang='grc' dir='ltr'><strong>Τιμόθεον</strong></span> <span class='ocrx_word' id='word_1_227' title='bbox 761 2160 822 2225; x_wconf 81' lang='grc' dir='ltr'><strong>β’</strong></span> <span class='ocrx_word' id='word_1_228' title='bbox 865 2158 1097 2301; x_wconf 42' lang='grc' dir='ltr'><strong>ἐγρέφό</strong></span> <span class='ocrx_word' id='word_1_229' title='bbox 1110 2158 1268 2299; x_wconf 46' lang='grc' dir='ltr'><strong>ιςὶπὸ</strong></span> <span class='ocrx_word' id='word_1_230' title='bbox 1343 2158 1590 2229; x_wconf 80' lang='grc' dir='ltr'><strong>Ῥώμης.</strong></span> <span class='ocrx_word' id='word_1_231' title='bbox 1653 2159 1783 2213; x_wconf 84' lang='grc' dir='ltr'><strong>Στί-</strong></span> 
     </span>
     <span class='ocr_line' id='line_1_37' title="bbox 790 2247 1184 2300; baseline 0.003 -17"><span class='ocrx_word' id='word_1_232' title='bbox 790 2247 887 2300; x_wconf 82' lang='grc' dir='ltr'><strong>χοι</strong></span> <span class='ocrx_word' id='word_1_233' title='bbox 912 2247 998 2299; x_wconf 78' lang='grc' dir='ltr'><strong>ρπ</strong></span> <span class='ocrx_word' id='word_1_234' title='bbox 1170 2270 1184 2284; x_wconf 93' lang='grc'><strong>.</strong></span> 
     </span>
    </p>
   </div>
   <div class='ocr_carea' id='block_1_37' title="bbox 790 2233 1184 2300">
    <p class='ocr_par' dir='ltr' id='par_1_37' title="bbox 790 2233 1184 2300">
     <span class='ocr_line' id='line_1_38' title="bbox 790 2233 1184 2300; baseline 0.003 -17"><span class='ocrx_word' id='word_1_235' title='bbox 790 2247 887 2300; x_wconf 84' lang='grc' dir='ltr'><strong>χοι</strong></span> <span class='ocrx_word' id='word_1_236' title='bbox 912 2233 1014 2299; x_wconf 79' lang='grc' dir='ltr'><strong>ρπ⁸</strong></span> <span class='ocrx_word' id='word_1_237' title='bbox 1052 2233 1184 2300; x_wconf 75' lang='grc'><strong>(14).</strong></span> 
     </span>
    </p>
   </div>
   <div class='ocr_carea' id='block_1_38' title="bbox 284 2319 1786 2396">
    <p class='ocr_par' dir='ltr' id='par_1_38' title="bbox 284 2319 1786 2396">
     <span class='ocr_line' id='line_1_39' title="bbox 284 2319 1786 2396; baseline -0.005 -16"><span class='ocrx_word' id='word_1_238' title='bbox 284 2326 422 2380; x_wconf 73' lang='grc' dir='ltr'><strong>’Λπὺ</strong></span> <span class='ocrx_word' id='word_1_239' title='bbox 462 2323 679 2396; x_wconf 82' lang='grc' dir='ltr'><strong>Ῥώμης</strong></span> <span class='ocrx_word' id='word_1_240' title='bbox 715 2322 915 2394; x_wconf 80' lang='grc' dir='ltr'><strong>γράφει</strong></span> <span class='ocrx_word' id='word_1_241' title='bbox 961 2320 1061 2391; x_wconf 80' lang='grc' dir='ltr'><strong>τὴν</strong></span> <span class='ocrx_word' id='word_1_242' title='bbox 1122 2320 1441 2392; x_wconf 77' lang='grc' dir='ltr'><strong>Ἐπιστολὴν</strong></span> <span class='ocrx_word' id='word_1_243' title='bbox 1471 2320 1529 2372; x_wconf 82' lang='grc' dir='ltr'><strong>ἐν</strong></span> <span class='ocrx_word' id='word_1_244' title='bbox 1568 2319 1786 2390; x_wconf 81' lang='grc' dir='ltr'><strong>δεσμοῖς</strong></span> 
     </span>
    </p>
   </div>
   <div class='ocr_carea' id='block_1_39' title="bbox 207 2410 1789 2485">
    <p class='ocr_par' dir='ltr' id='par_1_39' title="bbox 207 2410 1789 2485">
     <span class='ocr_line' id='line_1_40' title="bbox 207 2410 1789 2485; baseline -0.003 -18"><span class='ocrx_word' id='word_1_245' title='bbox 207 2416 489 2485; x_wconf 83' lang='grc' dir='ltr'><strong>ἐχόμενος,</strong></span> <span class='ocrx_word' id='word_1_246' title='bbox 523 2412 658 2484; x_wconf 79' lang='grc' dir='ltr'><strong>ὁμοῦ</strong></span> <span class='ocrx_word' id='word_1_247' title='bbox 688 2412 967 2482; x_wconf 86' lang='grc' dir='ltr'><strong>σημαίνων</strong></span> <span class='ocrx_word' id='word_1_248' title='bbox 994 2411 1093 2481; x_wconf 87' lang='grc' dir='ltr'><strong>τήν</strong></span> <span class='ocrx_word' id='word_1_249' title='bbox 1121 2428 1179 2463; x_wconf 90' lang='grc' dir='ltr'><strong>τε</strong></span> <span class='ocrx_word' id='word_1_250' title='bbox 1210 2412 1483 2482; x_wconf 82' lang='grc' dir='ltr'><strong>προτέραν</strong></span> <span class='ocrx_word' id='word_1_251' title='bbox 1514 2410 1665 2481; x_wconf 77' lang='grc' dir='ltr'><strong>αὐτῷ</strong></span> <span class='ocrx_word' id='word_1_252' title='bbox 1698 2428 1789 2479; x_wconf 84' lang='grc' dir='ltr'><strong>γε-</strong></span> 
     </span>
    </p>
   </div>
   <div class='ocr_carea' id='block_1_40' title="bbox 206 2500 1782 2576">
    <p class='ocr_par' dir='ltr' id='par_1_40' title="bbox 206 2500 1782 2576">
     <span class='ocr_line' id='line_1_41' title="bbox 206 2500 1782 2576; baseline -0.001 -18"><span class='ocrx_word' id='word_1_253' title='bbox 206 2505 446 2576; x_wconf 83' lang='grc' dir='ltr'><strong>νομένην</strong></span> <span class='ocrx_word' id='word_1_254' title='bbox 478 2504 791 2570; x_wconf 87' lang='grc' dir='ltr'><strong>ἀπολογίαν,</strong></span> <span class='ocrx_word' id='word_1_255' title='bbox 827 2502 926 2554; x_wconf 72' lang='grc' dir='ltr'><strong>καὶ</strong></span> <span class='ocrx_word' id='word_1_256' title='bbox 965 2500 1065 2572; x_wconf 83' lang='grc' dir='ltr'><strong>τὴν</strong></span> <span class='ocrx_word' id='word_1_257' title='bbox 1107 2501 1258 2571; x_wconf 81' lang='grc' dir='ltr'><strong>παρὰ</strong></span> <span class='ocrx_word' id='word_1_258' title='bbox 1286 2501 1451 2563; x_wconf 84' lang='grc' dir='ltr'><strong>πόδας</strong></span> <span class='ocrx_word' id='word_1_259' title='bbox 1482 2500 1782 2557; x_wconf 83' lang='grc' dir='ltr'><strong>τελείωσιν.</strong></span> 
     </span>
    </p>
   </div>
   <div class='ocr_carea' id='block_1_41' title="bbox 221 2592 1786 2667">
    <p class='ocr_par' dir='ltr' id='par_1_41' title="bbox 221 2592 1786 2667">
     <span class='ocr_line' id='line_1_42' title="bbox 221 2592 1786 2667; baseline -0.003 -18"><span class='ocrx_word' id='word_1_260' title='bbox 221 2596 374 2664; x_wconf 72' lang='grc' dir='ltr'><strong>Ἐγὼ</strong></span> <span class='ocrx_word' id='word_1_261' title='bbox 401 2596 531 2667; x_wconf 83' lang='grc' dir='ltr'><strong>γὰρ,</strong></span> <span class='ocrx_word' id='word_1_262' title='bbox 584 2596 769 2665; x_wconf 73' lang='grc' dir='ltr'><strong>φησιν,</strong></span> <span class='ocrx_word' id='word_1_263' title='bbox 820 2592 937 2663; x_wconf 77' lang='grc' dir='ltr'><strong>ἤδη</strong></span> <span class='ocrx_word' id='word_1_264' title='bbox 974 2592 1327 2662; x_wconf 84' lang='grc' dir='ltr'><strong>σπένδομαι,</strong></span> <span class='ocrx_word' id='word_1_265' title='bbox 1365 2592 1464 2647; x_wconf 80' lang='grc' dir='ltr'><strong>καὶ</strong></span> <span class='ocrx_word' id='word_1_266' title='bbox 1502 2595 1534 2647; x_wconf 85' lang='grc' dir='ltr'><strong>ό</strong></span> <span class='ocrx_word' id='word_1_267' title='bbox 1582 2592 1786 2661; x_wconf 76' lang='grc' dir='ltr'><strong>καιρὸς</strong></span> 
     </span>
    </p>
   </div>
   <div class='ocr_carea' id='block_1_42' title="bbox 213 2685 1396 2757">
    <p class='ocr_par' dir='ltr' id='par_1_42' title="bbox 213 2685 1396 2757">
     <span class='ocr_line' id='line_1_43' title="bbox 213 2685 1396 2757; baseline 0.003 -20"><span class='ocrx_word' id='word_1_268' title='bbox 213 2685 325 2754; x_wconf 79' lang='grc' dir='ltr'><strong>τῆς</strong></span> <span class='ocrx_word' id='word_1_269' title='bbox 357 2686 709 2753; x_wconf 70' lang='grc' dir='ltr'><strong>ἀναλύσεώς</strong></span> <span class='ocrx_word' id='word_1_270' title='bbox 739 2704 858 2757; x_wconf 83' lang='grc' dir='ltr'><strong>μου</strong></span> <span class='ocrx_word' id='word_1_271' title='bbox 885 2686 1221 2756; x_wconf 66' lang='grc' dir='ltr'><strong>ἐφέστηκεν</strong></span> <span class='ocrx_word' id='word_1_272' title='bbox 1260 2686 1396 2756; x_wconf 79' lang='grc'><strong>(15).</strong></span> 
     </span>
    </p>
   </div>
   <div class='ocr_carea' id='block_1_43' title="bbox 2007 2152 3331 2278">
    <p class='ocr_par' dir='ltr' id='par_1_43' title="bbox 2007 2152 3331 2278">
     <span class='ocr_line' id='line_1_44' title="bbox 2007 2152 3331 2278; baseline -0.002 -68"><span class='ocrx_word' id='word_1_273' title='bbox 2007 2156 2091 2210; x_wconf 77' lang='lat' dir='ltr'><strong>Ad</strong></span> <span class='ocrx_word' id='word_1_274' title='bbox 2132 2154 2461 2211; x_wconf 76' lang='lat' dir='ltr'><strong>Timotheum</strong></span> <span class='ocrx_word' id='word_1_275' title='bbox 2494 2152 2935 2278; x_wconf 48' lang='lat' dir='ltr'><strong>svuudawgoma</strong></span> <span class='ocrx_word' id='word_1_276' title='bbox 2976 2154 3178 2222; x_wconf 79' lang='lat' dir='ltr'><strong>scripta</strong></span> <span class='ocrx_word' id='word_1_277' title='bbox 3230 2161 3331 2207; x_wconf 83' lang='lat' dir='ltr'><strong>est.</strong></span> 
     </span>
     <span class='ocr_line' id='line_1_45' title="bbox 2572 2240 2831 2278; baseline 0 0"><span class='ocrx_word' id='word_1_278' title='bbox 2572 2240 2678 2278; x_wconf 85' lang='lat' dir='ltr'><strong>ers.</strong></span> <span class='ocrx_word' id='word_1_279' title='bbox 2817 2263 2831 2278; x_wconf 96' lang='lat'><strong>.</strong></span> 
     </span>
    </p>
   </div>
   <div class='ocr_carea' id='block_1_44' title="bbox 2572 2240 2831 2279">
    <p class='ocr_par' dir='ltr' id='par_1_44' title="bbox 2572 2240 2831 2279">
     <span class='ocr_line' id='line_1_46' title="bbox 2572 2240 2831 2279; baseline -0.004 0"><span class='ocrx_word' id='word_1_280' title='bbox 2572 2240 2678 2279; x_wconf 71' lang='grc' dir='ltr'><strong>ενδ.</strong></span> <span class='ocrx_word' id='word_1_281' title='bbox 2713 2240 2831 2278; x_wconf 75' lang='grc' dir='ltr'><strong>Ιυδ.</strong></span> 
     </span>
    </p>
   </div>
   <div class='ocr_carea' id='block_1_45' title="bbox 1962 2313 3463 2387">
    <p class='ocr_par' dir='ltr' id='par_1_45' title="bbox 1962 2313 3463 2387">
     <span class='ocr_line' id='line_1_47' title="bbox 1962 2313 3463 2387; baseline -0.003 -13"><span class='ocrx_word' id='word_1_282' title='bbox 1962 2320 2137 2374; x_wconf 82' lang='lat' dir='ltr'><strong>Roma</strong></span> <span class='ocrx_word' id='word_1_283' title='bbox 2183 2318 2408 2387; x_wconf 82' lang='lat' dir='ltr'><strong>scripsit</strong></span> <span class='ocrx_word' id='word_1_284' title='bbox 2460 2315 2605 2371; x_wconf 85' lang='lat' dir='ltr'><strong>hanc</strong></span> <span class='ocrx_word' id='word_1_285' title='bbox 2658 2315 2983 2385; x_wconf 88' lang='lat' dir='ltr'><strong>Epistolam,</strong></span> <span class='ocrx_word' id='word_1_286' title='bbox 3034 2314 3167 2369; x_wconf 89' lang='lat' dir='ltr'><strong>dum</strong></span> <span class='ocrx_word' id='word_1_287' title='bbox 3227 2313 3463 2369; x_wconf 78' lang='lat' dir='ltr'><strong>vinculis</strong></span> 
     </span>
    </p>
   </div>
   <div class='ocr_carea' id='block_1_46' title="bbox 1893 2403 3464 2475">
    <p class='ocr_par' dir='ltr' id='par_1_46' title="bbox 1893 2403 3464 2475">
     <span class='ocr_line' id='line_1_48' title="bbox 1893 2403 3464 2475; baseline -0.005 -11"><span class='ocrx_word' id='word_1_288' title='bbox 1893 2408 2261 2470; x_wconf 88' lang='lat' dir='ltr'><strong>detinebatur,</strong></span> <span class='ocrx_word' id='word_1_289' title='bbox 2303 2405 2579 2475; x_wconf 82' lang='lat' dir='ltr'><strong>simulque</strong></span> <span class='ocrx_word' id='word_1_290' title='bbox 2614 2405 2859 2461; x_wconf 80' lang='lat' dir='ltr'><strong>declarat</strong></span> <span class='ocrx_word' id='word_1_291' title='bbox 2898 2405 3131 2475; x_wconf 86' lang='lat' dir='ltr'><strong>primam</strong></span> <span class='ocrx_word' id='word_1_292' title='bbox 3175 2420 3235 2461; x_wconf 88' lang='lat' dir='ltr'><strong>se</strong></span> <span class='ocrx_word' id='word_1_293' title='bbox 3270 2403 3464 2458; x_wconf 79' lang='lat' dir='ltr'><strong>deferr-</strong></span> 
     </span>
    </p>
   </div>
   <div class='ocr_carea' id='block_1_47' title="bbox 1893 2498 3466 2562">
    <p class='ocr_par' dir='ltr' id='par_1_47' title="bbox 1893 2498 3466 2562">
     <span class='ocr_line' id='line_1_49' title="bbox 1893 2498 3466 2562; baseline -0.003 -5"><span class='ocrx_word' id='word_1_294' title='bbox 1893 2502 2106 2557; x_wconf 87' lang='lat' dir='ltr'><strong>sionem</strong></span> <span class='ocrx_word' id='word_1_295' title='bbox 2142 2514 2301 2556; x_wconf 87' lang='lat' dir='ltr'><strong>suam</strong></span> <span class='ocrx_word' id='word_1_296' title='bbox 2343 2499 2573 2562; x_wconf 88' lang='lat' dir='ltr'><strong>obiisse.</strong></span> <span class='ocrx_word' id='word_1_297' title='bbox 2627 2507 2685 2554; x_wconf 91' lang='lat' dir='ltr'><strong>et</strong></span> <span class='ocrx_word' id='word_1_298' title='bbox 2727 2499 2814 2555; x_wconf 90' lang='lat' dir='ltr'><strong>sui</strong></span> <span class='ocrx_word' id='word_1_299' title='bbox 2854 2498 3389 2554; x_wconf 83' lang='lat' dir='ltr'><strong>consummationem</strong></span> <span class='ocrx_word' id='word_1_300' title='bbox 3434 2510 3466 2552; x_wconf 88' lang='lat' dir='ltr'><strong>e</strong></span> 
     </span>
    </p>
   </div>
   <div class='ocr_carea' id='block_1_48' title="bbox 1891 2586 3465 2662">
    <p class='ocr_par' dir='ltr' id='par_1_48' title="bbox 1891 2586 3465 2662">
     <span class='ocr_line' id='line_1_50' title="bbox 1891 2586 3465 2662; baseline -0.004 -16"><span class='ocrx_word' id='word_1_301' title='bbox 1891 2590 2126 2662; x_wconf 75' lang='lat' dir='ltr'><strong>vestigio</strong></span> <span class='ocrx_word' id='word_1_302' title='bbox 2156 2589 2470 2645; x_wconf 87' lang='lat' dir='ltr'><strong>imminere.</strong></span> <span class='ocrx_word' id='word_1_303' title='bbox 2507 2587 2620 2660; x_wconf 84' lang='lat' dir='ltr'><strong>Ego</strong></span> <span class='ocrx_word' id='word_1_304' title='bbox 2658 2590 2823 2656; x_wconf 79' lang='lat' dir='ltr'><strong>enim,</strong></span> <span class='ocrx_word' id='word_1_305' title='bbox 2855 2587 3059 2660; x_wconf 89' lang='lat' dir='ltr'><strong>inquit,</strong></span> <span class='ocrx_word' id='word_1_306' title='bbox 3103 2587 3216 2655; x_wconf 81' lang='lat' dir='ltr'><strong>iam</strong></span> <span class='ocrx_word' id='word_1_307' title='bbox 3239 2586 3465 2651; x_wconf 76' lang='lat' dir='ltr'><strong>delibor,</strong></span> 
     </span>
    </p>
   </div>
   <div class='ocr_carea' id='block_1_49' title="bbox 1892 2681 2897 2752">
    <p class='ocr_par' dir='ltr' id='par_1_49' title="bbox 1892 2681 2897 2752">
     <span class='ocr_line' id='line_1_51' title="bbox 1892 2681 2897 2752; baseline 0.001 -16"><span class='ocrx_word' id='word_1_308' title='bbox 1892 2689 1941 2736; x_wconf 83' lang='lat' dir='ltr'><strong>et</strong></span> <span class='ocrx_word' id='word_1_309' title='bbox 1968 2689 2170 2752; x_wconf 78' lang='lat' dir='ltr'><strong>tempus</strong></span> <span class='ocrx_word' id='word_1_310' title='bbox 2198 2681 2532 2737; x_wconf 78' lang='lat' dir='ltr'><strong>resolutionis</strong></span> <span class='ocrx_word' id='word_1_311' title='bbox 2557 2697 2685 2737; x_wconf 71' lang='lat' dir='ltr'><strong>mea</strong></span> <span class='ocrx_word' id='word_1_312' title='bbox 2708 2682 2897 2737; x_wconf 82' lang='lat' dir='ltr'><strong>instat.</strong></span> 
     </span>
    </p>
   </div>
   <div class='ocr_carea' id='block_1_50' title="bbox 1729 2858 1962 2915">
    <p class='ocr_par' dir='ltr' id='par_1_50' title="bbox 1729 2858 1962 2915">
     <span class='ocr_line' id='line_1_52' title="bbox 1729 2858 1962 2915; baseline 0.013 -3"><span class='ocrx_word' id='word_1_313' title='bbox 1729 2858 1962 2915; x_wconf 60' lang='grc' dir='ltr'><strong>ΕΟΤᾸΞ.</strong></span> 
     </span>
    </p>
   </div>
   <div class='ocr_carea' id='block_1_51' title="bbox 285 2951 1791 3027">
    <p class='ocr_par' dir='ltr' id='par_1_51' title="bbox 285 2951 1791 3027">
     <span class='ocr_line' id='line_1_53' title="bbox 285 2951 1791 3027; baseline -0.001 -18"><span class='ocrx_word' id='word_1_314' title='bbox 285 2954 403 3027; x_wconf 73' lang='grc'><strong>(14)</strong></span> <span class='ocrx_word' id='word_1_315' title='bbox 429 2953 625 3010; x_wconf 83' lang='lat' dir='ltr'><strong>Eusth.</strong></span> <span class='ocrx_word' id='word_1_316' title='bbox 666 2951 817 3027; x_wconf 89' lang='lat' dir='ltr'><strong>Su_|c.</strong></span> <span class='ocrx_word' id='word_1_317' title='bbox 852 2954 983 3027; x_wconf 68' lang='lat'><strong>900&#39;,</strong></span> <span class='ocrx_word' id='word_1_318' title='bbox 1042 2953 1467 3027; x_wconf 25' lang='lat' dir='ltr'><strong>CLXXVHcod;</strong></span> <span class='ocrx_word' id='word_1_319' title='bbox 1505 2952 1791 3024; x_wconf 82' lang='lat' dir='ltr'><strong>Cryptole-</strong></span> 
     </span>
    </p>
   </div>
   <div class='ocr_carea' id='block_1_52' title="bbox 214 3022 1497 3095">
    <p class='ocr_par' dir='ltr' id='par_1_52' title="bbox 214 3022 1497 3095">
     <span class='ocr_line' id='line_1_54' title="bbox 214 3022 1497 3095; baseline -0.003 -14"><span class='ocrx_word' id='word_1_320' title='bbox 214 3022 349 3089; x_wconf 59' lang='grc' dir='ltr'><strong>ηε,</strong></span> <span class='ocrx_word' id='word_1_321' title='bbox 374 3022 695 3081; x_wconf 80' lang='lat' dir='ltr'><strong>doctissimo</strong></span> <span class='ocrx_word' id='word_1_322' title='bbox 734 3022 1006 3080; x_wconf 80' lang='lat' dir='ltr'><strong>Zaccanio</strong></span> <span class='ocrx_word' id='word_1_323' title='bbox 1047 3035 1202 3084; x_wconf 86' lang='lat' dir='ltr'><strong>teste,</strong></span> <span class='ocrx_word' id='word_1_324' title='bbox 1234 3025 1332 3095; x_wconf 72' lang='lat'><strong>93&#39;,</strong></span> <span class='ocrx_word' id='word_1_325' title='bbox 1362 3022 1497 3078; x_wconf 70' lang='lat' dir='ltr'><strong>CIX.</strong></span> 
     </span>
    </p>
   </div>
   <div class='ocr_carea' id='block_1_53' title="bbox 958 3371 1131 3468">
    <p class='ocr_par' dir='ltr' id='par_1_53' title="bbox 958 3371 1131 3468">
     <span class='ocr_line' id='line_1_55' title="bbox 958 3371 1131 3468; baseline -0.012 -1"><span class='ocrx_word' id='word_1_326' title='bbox 958 3371 1131 3468; x_wconf 88' lang='grc' dir='ltr'><strong>ΕΙΣ</strong></span> 
     </span>
    </p>
   </div>
   <div class='ocr_carea' id='block_1_54' title="bbox 1240 3377 1887 3466">
    <p class='ocr_par' dir='ltr' id='par_1_54' title="bbox 1240 3377 1887 3466">
     <span class='ocr_line' id='line_1_56' title="bbox 1240 3377 1887 3466; baseline -0.006 0"><span class='ocrx_word' id='word_1_327' title='bbox 1240 3377 1887 3466; x_wconf 88' lang='grc' dir='ltr'><strong>ΕΠΙΣΤΟΛΗΝ</strong></span> 
     </span>
    </p>
   </div>
   <div class='ocr_carea' id='block_1_55' title="bbox 1970 2948 3466 3023">
    <p class='ocr_par' dir='ltr' id='par_1_55' title="bbox 1970 2948 3466 3023">
     <span class='ocr_line' id='line_1_57' title="bbox 1970 2948 3466 3023; baseline -0.002 -19"><span class='ocrx_word' id='word_1_328' title='bbox 1970 2952 2089 3023; x_wconf 13' lang='lat' dir='ltr'><strong>(l5),</strong></span> <span class='ocrx_word' id='word_1_329' title='bbox 2134 2951 2350 3023; x_wconf 85' lang='lat' dir='ltr'><strong>Similia</strong></span> <span class='ocrx_word' id='word_1_330' title='bbox 2408 2950 2791 3023; x_wconf 12' lang='lat' dir='ltr'><strong>rTheodoretus</strong></span> <span class='ocrx_word' id='word_1_331' title='bbox 2828 2951 3008 3023; x_wconf 71' lang='lat' dir='ltr'><strong>habet</strong></span> <span class='ocrx_word' id='word_1_332' title='bbox 3047 2951 3101 3005; x_wconf 93' lang='lat' dir='ltr'><strong>in</strong></span> <span class='ocrx_word' id='word_1_333' title='bbox 3140 2950 3367 3022; x_wconf 71' lang='lat' dir='ltr'><strong>prologo</strong></span> <span class='ocrx_word' id='word_1_334' title='bbox 3397 2948 3466 3004; x_wconf 85' lang='lat' dir='ltr'><strong>ad</strong></span> 
     </span>
    </p>
   </div>
   <div class='ocr_carea' id='block_1_56' title="bbox 1886 3020 3011 3090">
    <p class='ocr_par' dir='ltr' id='par_1_56' title="bbox 1886 3020 3011 3090">
     <span class='ocr_line' id='line_1_58' title="bbox 1886 3020 3011 3090; baseline -0.002 -13"><span class='ocrx_word' id='word_1_335' title='bbox 1886 3020 2185 3077; x_wconf 86' lang='lat' dir='ltr'><strong>secundam</strong></span> <span class='ocrx_word' id='word_1_336' title='bbox 2217 3022 2511 3090; x_wconf 88' lang='lat' dir='ltr'><strong>Epistolam</strong></span> <span class='ocrx_word' id='word_1_337' title='bbox 2546 3022 2612 3075; x_wconf 89' lang='lat' dir='ltr'><strong>ad</strong></span> <span class='ocrx_word' id='word_1_338' title='bbox 2639 3020 3011 3076; x_wconf 88' lang='lat' dir='ltr'><strong>Timotheum.</strong></span> 
     </span>
    </p>
   </div>
   <div class='ocr_carea' id='block_1_57' title="bbox 1977 3378 2710 3464">
    <p class='ocr_par' dir='ltr' id='par_1_57' title="bbox 1977 3378 2710 3464">
     <span class='ocr_line' id='line_1_59' title="bbox 1977 3378 2710 3464; baseline -0.004 0"><span class='ocrx_word' id='word_1_339' title='bbox 1977 3378 2268 3464; x_wconf 89' lang='grc' dir='ltr'><strong>ΠΡΟΣ</strong></span> <span class='ocrx_word' id='word_1_340' title='bbox 2344 3378 2710 3462; x_wconf 90' lang='grc' dir='ltr'><strong>ΤΙΤΟΝ.</strong></span> 
     </span>
    </p>
   </div>
   <div class='ocr_carea' id='block_1_58' title="bbox 1061 3703 2611 3824">
    <p class='ocr_par' dir='ltr' id='par_1_58' title="bbox 1061 3703 2611 3824">
     <span class='ocr_line' id='line_1_60' title="bbox 1061 3703 2611 3824; baseline -0.005 -2"><span class='ocrx_word' id='word_1_341' title='bbox 1061 3737 1185 3824; x_wconf 86' lang='lat' dir='ltr'><strong>IN</strong></span> <span class='ocrx_word' id='word_1_342' title='bbox 1262 3729 1929 3823; x_wconf 87' lang='lat' dir='ltr'><strong>EPISTOLAM</strong></span> <span class='ocrx_word' id='word_1_343' title='bbox 1982 3732 2132 3818; x_wconf 88' lang='lat' dir='ltr'><strong>AD</strong></span> <span class='ocrx_word' id='word_1_344' title='bbox 2184 3703 2611 3818; x_wconf 85' lang='lat' dir='ltr'><strong>TITUM.</strong></span> 
     </span>
    </p>
   </div>
   <div class='ocr_carea' id='block_1_59' title="bbox 634 4072 1375 4129">
    <p class='ocr_par' dir='ltr' id='par_1_59' title="bbox 634 4072 1375 4129">
     <span class='ocr_line' id='line_1_61' title="bbox 634 4072 1375 4129; baseline -0.004 0"><span class='ocrx_word' id='word_1_345' title='bbox 634 4072 1033 4129; x_wconf 72' lang='grc' dir='ltr'><strong>ΚΕΦᾹΛΑΙΟΝ</strong></span> <span class='ocrx_word' id='word_1_346' title='bbox 1077 4072 1375 4128; x_wconf 80' lang='grc' dir='ltr'><strong>ΠΡΩΤΟΝ.</strong></span> 
     </span>
    </p>
   </div>
   <div class='ocr_carea' id='block_1_60' title="bbox 303 4165 1797 4239">
    <p class='ocr_par' dir='ltr' id='par_1_60' title="bbox 303 4165 1797 4239">
     <span class='ocr_line' id='line_1_62' title="bbox 303 4165 1797 4239; baseline 0.001 -21"><span class='ocrx_word' id='word_1_347' title='bbox 303 4185 322 4218; x_wconf 83' lang='lat' dir='ltr'><strong>r</strong></span> <span class='ocrx_word' id='word_1_348' title='bbox 347 4165 559 4230; x_wconf 79' lang='grc' dir='ltr'><strong>Παῦλος</strong></span> <span class='ocrx_word' id='word_1_349' title='bbox 575 4165 758 4230; x_wconf 81' lang='grc' dir='ltr'><strong>δοῦλος</strong></span> <span class='ocrx_word' id='word_1_350' title='bbox 774 4167 930 4232; x_wconf 82' lang='grc' dir='ltr'><strong>Θεοῦ,</strong></span> <span class='ocrx_word' id='word_1_351' title='bbox 962 4166 1258 4229; x_wconf 81' lang='grc' dir='ltr'><strong>ἀπόστολος</strong></span> <span class='ocrx_word' id='word_1_352' title='bbox 1276 4167 1334 4219; x_wconf 86' lang='grc' dir='ltr'><strong>δέ</strong></span> <span class='ocrx_word' id='word_1_353' title='bbox 1370 4165 1545 4237; x_wconf 86' lang='grc' dir='ltr'><strong>Ἰησοῦ</strong></span> <span class='ocrx_word' id='word_1_354' title='bbox 1562 4167 1797 4239; x_wconf 80' lang='grc' dir='ltr'><strong>Χριστοῦ</strong></span> 
     </span>
    </p>
   </div>
   <div class='ocr_carea' id='block_1_61' title="bbox 226 4256 1799 4325">
    <p class='ocr_par' dir='ltr' id='par_1_61' title="bbox 226 4256 1799 4325">
     <span class='ocr_line' id='line_1_63' title="bbox 226 4256 1799 4325; baseline -0.001 -14"><span class='ocrx_word' id='word_1_355' title='bbox 226 4256 375 4311; x_wconf 74' lang='grc' dir='ltr'><strong>κατὰ</strong></span> <span class='ocrx_word' id='word_1_356' title='bbox 398 4256 579 4309; x_wconf 86' lang='grc' dir='ltr'><strong>πίστιν</strong></span> <span class='ocrx_word' id='word_1_357' title='bbox 619 4257 890 4311; x_wconf 70' lang='grc' dir='ltr'><strong>ἐκλεκτῶν</strong></span> <span class='ocrx_word' id='word_1_358' title='bbox 918 4256 1075 4322; x_wconf 82' lang='grc' dir='ltr'><strong>Θεοῦ,</strong></span> <span class='ocrx_word' id='word_1_359' title='bbox 1105 4257 1197 4309; x_wconf 76' lang='grc' dir='ltr'><strong>καὶ</strong></span> <span class='ocrx_word' id='word_1_360' title='bbox 1223 4256 1519 4325; x_wconf 84' lang='grc' dir='ltr'><strong>ἐπίγνωσιν</strong></span> <span class='ocrx_word' id='word_1_361' title='bbox 1541 4256 1799 4325; x_wconf 78' lang='grc' dir='ltr'><strong>ἀληθείας</strong></span> 
     </span>
    </p>
   </div>
   <div class='ocr_carea' id='block_1_62' title="bbox 223 4344 1799 4416">
    <p class='ocr_par' dir='ltr' id='par_1_62' title="bbox 223 4344 1799 4416">
     <span class='ocr_line' id='line_1_64' title="bbox 223 4344 1799 4416; baseline 0.002 -20"><span class='ocrx_word' id='word_1_362' title='bbox 223 4344 328 4413; x_wconf 79' lang='grc' dir='ltr'><strong>τῆς</strong></span> <span class='ocrx_word' id='word_1_363' title='bbox 363 4344 484 4396; x_wconf 85' lang='grc' dir='ltr'><strong>κατ’</strong></span> <span class='ocrx_word' id='word_1_364' title='bbox 520 4345 800 4397; x_wconf 77' lang='grc' dir='ltr'><strong>εὐσέϐειαν</strong></span> <span class='ocrx_word' id='word_1_365' title='bbox 823 4345 910 4397; x_wconf 81' lang='grc' dir='ltr'><strong>ἐπ’</strong></span> <span class='ocrx_word' id='word_1_366' title='bbox 929 4344 1102 4397; x_wconf 79' lang='grc' dir='ltr'><strong>ἐλπίδι</strong></span> <span class='ocrx_word' id='word_1_367' title='bbox 1121 4345 1265 4415; x_wconf 77' lang='grc' dir='ltr'><strong>ζωῆς</strong></span> <span class='ocrx_word' id='word_1_368' title='bbox 1287 4346 1505 4399; x_wconf 84' lang='grc' dir='ltr'><strong>αἰωνίου</strong></span> <span class='ocrx_word' id='word_1_369' title='bbox 1532 4346 1600 4416; x_wconf 82' lang='grc' dir='ltr'><strong>ἥν</strong></span> <span class='ocrx_word' id='word_1_370' title='bbox 1627 4348 1799 4416; x_wconf 87' lang='grc' dir='ltr'><strong>ἐπηγ-</strong></span> 
     </span>
    </p>
   </div>
   <div class='ocr_carea' id='block_1_63' title="bbox 226 4434 1800 4506">
    <p class='ocr_par' dir='ltr' id='par_1_63' title="bbox 226 4434 1800 4506">
     <span class='ocr_line' id='line_1_65' title="bbox 226 4434 1800 4506; baseline 0.003 -20"><span class='ocrx_word' id='word_1_371' title='bbox 226 4436 452 4502; x_wconf 79' lang='grc' dir='ltr'><strong>γείλατο</strong></span> <span class='ocrx_word' id='word_1_372' title='bbox 477 4437 505 4487; x_wconf 86' lang='grc' dir='ltr'>ὁ</span> <span class='ocrx_word' id='word_1_373' title='bbox 534 4434 768 4504; x_wconf 77' lang='grc' dir='ltr'><strong>ἀψευδὴς</strong></span> <span class='ocrx_word' id='word_1_374' title='bbox 794 4435 927 4498; x_wconf 85' lang='grc' dir='ltr'><strong>Θεὸς</strong></span> <span class='ocrx_word' id='word_1_375' title='bbox 958 4434 1067 4505; x_wconf 76' lang='grc' dir='ltr'><strong>πρὸ</strong></span> <span class='ocrx_word' id='word_1_376' title='bbox 1095 4434 1303 4505; x_wconf 87' lang='grc' dir='ltr'><strong>χρόνων</strong></span> <span class='ocrx_word' id='word_1_377' title='bbox 1332 4437 1586 4500; x_wconf 78' lang='grc' dir='ltr'><strong>αἰωνίων,</strong></span> <span class='ocrx_word' id='word_1_378' title='bbox 1606 4438 1800 4506; x_wconf 78' lang='grc' dir='ltr'><strong>ἐφανέ-</strong></span> 
     </span>
    </p>
   </div>
   <div class='ocr_carea' id='block_1_64' title="bbox 228 4524 1798 4595">
    <p class='ocr_par' dir='ltr' id='par_1_64' title="bbox 228 4524 1798 4595">
     <span class='ocr_line' id='line_1_66' title="bbox 228 4524 1798 4595; baseline 0 -18"><span class='ocrx_word' id='word_1_379' title='bbox 228 4540 410 4594; x_wconf 83' lang='grc' dir='ltr'><strong>ρωσεν</strong></span> <span class='ocrx_word' id='word_1_380' title='bbox 457 4524 513 4576; x_wconf 83' lang='grc' dir='ltr'><strong>δὲ</strong></span> <span class='ocrx_word' id='word_1_381' title='bbox 548 4528 759 4592; x_wconf 87' lang='grc' dir='ltr'><strong>καιροῖς</strong></span> <span class='ocrx_word' id='word_1_382' title='bbox 799 4524 947 4587; x_wconf 80' lang='grc' dir='ltr'><strong>ἰδίοις</strong></span> <span class='ocrx_word' id='word_1_383' title='bbox 970 4525 1063 4579; x_wconf 74' lang='grc' dir='ltr'><strong>τὸν</strong></span> <span class='ocrx_word' id='word_1_384' title='bbox 1097 4524 1269 4592; x_wconf 83' lang='grc' dir='ltr'><strong>Λόγον</strong></span> <span class='ocrx_word' id='word_1_385' title='bbox 1300 4525 1466 4577; x_wconf 83' lang='grc' dir='ltr'><strong>αὐτοῦ</strong></span> <span class='ocrx_word' id='word_1_386' title='bbox 1497 4527 1553 4577; x_wconf 83' lang='grc' dir='ltr'><strong>ἐν</strong></span> <span class='ocrx_word' id='word_1_387' title='bbox 1588 4524 1798 4595; x_wconf 86' lang='grc' dir='ltr'><strong>κηρύγ-</strong></span> 
     </span>
    </p>
   </div>
   <div class='ocr_carea' id='block_1_65' title="bbox 229 4612 1799 4686">
    <p class='ocr_par' dir='ltr' id='par_1_65' title="bbox 229 4612 1799 4686">
     <span class='ocr_line' id='line_1_67' title="bbox 229 4612 1799 4686; baseline 0.002 -21"><span class='ocrx_word' id='word_1_388' title='bbox 229 4630 389 4683; x_wconf 83' lang='grc' dir='ltr'><strong>ματι,</strong></span> <span class='ocrx_word' id='word_1_389' title='bbox 411 4612 440 4665; x_wconf 78' lang='grc' dir='ltr'><strong>δ</strong></span> <span class='ocrx_word' id='word_1_390' title='bbox 462 4613 787 4684; x_wconf 86' lang='grc' dir='ltr'><strong>ἐπιστεύθην</strong></span> <span class='ocrx_word' id='word_1_391' title='bbox 816 4614 926 4682; x_wconf 85' lang='grc' dir='ltr'><strong>ἐγὼ</strong></span> <span class='ocrx_word' id='word_1_392' title='bbox 956 4617 1075 4667; x_wconf 86' lang='grc' dir='ltr'><strong>κατ’</strong></span> <span class='ocrx_word' id='word_1_393' title='bbox 1110 4616 1379 4685; x_wconf 80' lang='grc' dir='ltr'><strong>ἐπιταγὴν</strong></span> <span class='ocrx_word' id='word_1_394' title='bbox 1421 4616 1516 4668; x_wconf 90' lang='grc' dir='ltr'><strong>τοῦ</strong></span> <span class='ocrx_word' id='word_1_395' title='bbox 1545 4616 1799 4686; x_wconf 83' lang='grc' dir='ltr'><strong>Σωτῆρος</strong></span> 
     </span>
    </p>
   </div>
   <div class='ocr_carea' id='block_1_66' title="bbox 226 4702 1798 4775">
    <p class='ocr_par' dir='ltr' id='par_1_66' title="bbox 226 4702 1798 4775">
     <span class='ocr_line' id='line_1_68' title="bbox 226 4702 1798 4775; baseline 0.002 -20"><span class='ocrx_word' id='word_1_396' title='bbox 226 4702 391 4775; x_wconf 77' lang='grc' dir='ltr'><strong>ἡμῶν</strong></span> <span class='ocrx_word' id='word_1_397' title='bbox 427 4702 563 4757; x_wconf 85' lang='grc' dir='ltr'><strong>Θεοῦ</strong></span> <span class='ocrx_word' id='word_1_398' title='bbox 590 4746 604 4769; x_wconf 90' lang='grc'><strong>,</strong></span> <span class='ocrx_word' id='word_1_399' title='bbox 637 4704 781 4774; x_wconf 82' lang='grc' dir='ltr'><strong>Τίτῷ</strong></span> <span class='ocrx_word' id='word_1_400' title='bbox 829 4706 1039 4775; x_wconf 74' lang='grc' dir='ltr'><strong>γνησίῳ</strong></span> <span class='ocrx_word' id='word_1_401' title='bbox 1086 4706 1261 4775; x_wconf 85' lang='grc' dir='ltr'><strong>τέκνῳ</strong></span> <span class='ocrx_word' id='word_1_402' title='bbox 1303 4706 1445 4758; x_wconf 84' lang='grc' dir='ltr'><strong>κατὰ</strong></span> <span class='ocrx_word' id='word_1_403' title='bbox 1492 4706 1679 4774; x_wconf 83' lang='grc' dir='ltr'><strong>κοινὴν</strong></span> <span class='ocrx_word' id='word_1_404' title='bbox 1706 4706 1798 4758; x_wconf 86' lang='grc' dir='ltr'><strong>πί-</strong></span> 
     </span>
    </p>
   </div>
   <div class='ocr_carea' id='block_1_67' title="bbox 229 4792 1801 4865">
    <p class='ocr_par' dir='ltr' id='par_1_67' title="bbox 229 4792 1801 4865">
     <span class='ocr_line' id='line_1_69' title="bbox 229 4792 1801 4865; baseline 0 -20"><span class='ocrx_word' id='word_1_405' title='bbox 229 4809 346 4845; x_wconf 85' lang='grc' dir='ltr'><strong>στιν</strong></span> <span class='ocrx_word' id='word_1_406' title='bbox 372 4807 387 4821; x_wconf 80' lang='lat'><strong><em>°</em></strong></span> <span class='ocrx_word' id='word_1_407' title='bbox 416 4793 595 4862; x_wconf 80' lang='grc' dir='ltr'><strong>χάρις,</strong></span> <span class='ocrx_word' id='word_1_408' title='bbox 630 4792 795 4857; x_wconf 80' lang='grc' dir='ltr'><strong>ἔλεος,</strong></span> <span class='ocrx_word' id='word_1_409' title='bbox 817 4794 1004 4863; x_wconf 78' lang='grc' dir='ltr'><strong>εἰρήνη</strong></span> <span class='ocrx_word' id='word_1_410' title='bbox 1038 4794 1146 4845; x_wconf 81' lang='grc' dir='ltr'><strong>ἀπὸ</strong></span> <span class='ocrx_word' id='word_1_411' title='bbox 1178 4793 1314 4846; x_wconf 90' lang='grc' dir='ltr'><strong>Θεοῦ</strong></span> <span class='ocrx_word' id='word_1_412' title='bbox 1345 4794 1560 4865; x_wconf 62' lang='grc' dir='ltr'><strong>Πατρὶς</strong></span> <span class='ocrx_word' id='word_1_413' title='bbox 1583 4795 1673 4845; x_wconf 77' lang='grc' dir='ltr'><strong>καὶ</strong></span> <span class='ocrx_word' id='word_1_414' title='bbox 1702 4794 1801 4846; x_wconf 55' lang='lat' dir='ltr'><strong>Kl}</strong></span> 
     </span>
    </p>
   </div>
   <div class='ocr_carea' id='block_1_68' title="bbox 231 4884 1801 4955">
    <p class='ocr_par' dir='ltr' id='par_1_68' title="bbox 231 4884 1801 4955">
     <span class='ocr_line' id='line_1_70' title="bbox 231 4884 1801 4955; baseline 0.002 -21"><span class='ocrx_word' id='word_1_415' title='bbox 231 4886 347 4955; x_wconf 82' lang='grc' dir='ltr'><strong>ρίου</strong></span> <span class='ocrx_word' id='word_1_416' title='bbox 396 4884 570 4952; x_wconf 77' lang='grc' dir='ltr'><strong>Ἰησοῦ</strong></span> <span class='ocrx_word' id='word_1_417' title='bbox 602 4884 835 4954; x_wconf 78' lang='grc' dir='ltr'><strong>Χριστοῦ</strong></span> <span class='ocrx_word' id='word_1_418' title='bbox 870 4885 960 4937; x_wconf 88' lang='grc' dir='ltr'><strong>τοῦ</strong></span> <span class='ocrx_word' id='word_1_419' title='bbox 1006 4886 1258 4955; x_wconf 80' lang='grc' dir='ltr'><strong>Σωτῆρος</strong></span> <span class='ocrx_word' id='word_1_420' title='bbox 1286 4886 1317 4954; x_wconf 85' lang='grc' dir='ltr'>ἡ</span> <span class='ocrx_word' id='word_1_421' title='bbox 1330 4884 1446 4953; x_wconf 84' lang='grc' dir='ltr'><strong>μῶν</strong></span> <span class='ocrx_word' id='word_1_422' title='bbox 1474 4885 1665 4937; x_wconf 74' lang='grc' dir='ltr'><strong>τούτου</strong></span> <span class='ocrx_word' id='word_1_423' title='bbox 1704 4885 1801 4954; x_wconf 79' lang='grc' dir='ltr'><strong>χά·</strong></span> 
     </span>
    </p>
   </div>
   <div class='ocr_carea' id='block_1_69' title="bbox 232 4974 1799 5047">
    <p class='ocr_par' dir='ltr' id='par_1_69' title="bbox 232 4974 1799 5047">
     <span class='ocr_line' id='line_1_71' title="bbox 232 4974 1799 5047; baseline 0.001 -20"><span class='ocrx_word' id='word_1_424' title='bbox 232 4992 317 5045; x_wconf 81' lang='grc' dir='ltr'><strong>ριν</strong></span> <span class='ocrx_word' id='word_1_425' title='bbox 342 4974 634 5028; x_wconf 79' lang='grc' dir='ltr'><strong>κατέλιπόν</strong></span> <span class='ocrx_word' id='word_1_426' title='bbox 661 4992 719 5026; x_wconf 89' lang='grc' dir='ltr'><strong>σε</strong></span> <span class='ocrx_word' id='word_1_427' title='bbox 741 4976 797 5028; x_wconf 87' lang='grc' dir='ltr'><strong>ἐν</strong></span> <span class='ocrx_word' id='word_1_428' title='bbox 827 4978 1042 5047; x_wconf 70' lang='grc' dir='ltr'><strong>Κρήτῃ,</strong></span> <span class='ocrx_word' id='word_1_429' title='bbox 1073 4975 1161 5027; x_wconf 88' lang='grc' dir='ltr'><strong>ἴνα</strong></span> <span class='ocrx_word' id='word_1_430' title='bbox 1189 4975 1258 5027; x_wconf 68' lang='grc' dir='ltr'><strong>τὰ</strong></span> <span class='ocrx_word' id='word_1_431' title='bbox 1285 4976 1540 5029; x_wconf 83' lang='grc' dir='ltr'><strong>λείποντα</strong></span> <span class='ocrx_word' id='word_1_432' title='bbox 1566 4975 1799 5045; x_wconf 85' lang='grc' dir='ltr'><strong>ἐπιδιορ-</strong></span> 
     </span>
    </p>
   </div>
   <div class='ocr_carea' id='block_1_70' title="bbox 230 5066 1798 5137">
    <p class='ocr_par' dir='ltr' id='par_1_70' title="bbox 230 5066 1798 5137">
     <span class='ocr_line' id='line_1_72' title="bbox 230 5066 1798 5137; baseline 0 -18"><span class='ocrx_word' id='word_1_433' title='bbox 230 5066 408 5137; x_wconf 79' lang='grc' dir='ltr'><strong>θώσῃ,</strong></span> <span class='ocrx_word' id='word_1_434' title='bbox 432 5068 526 5118; x_wconf 71' lang='grc' dir='ltr'><strong>καὶ</strong></span> <span class='ocrx_word' id='word_1_435' title='bbox 559 5067 873 5137; x_wconf 78' lang='grc' dir='ltr'><strong>καταθήσῃς</strong></span> <span class='ocrx_word' id='word_1_436' title='bbox 908 5068 1050 5119; x_wconf 82' lang='grc' dir='ltr'><strong>κατὰ</strong></span> <span class='ocrx_word' id='word_1_437' title='bbox 1081 5067 1235 5119; x_wconf 85' lang='grc' dir='ltr'><strong>πόλιν</strong></span> <span class='ocrx_word' id='word_1_438' title='bbox 1270 5067 1699 5137; x_wconf 76' lang='grc' dir='ltr'><strong>πρεσϐυτέρους,</strong></span> <span class='ocrx_word' id='word_1_439' title='bbox 1723 5068 1798 5131; x_wconf 85' lang='grc' dir='ltr'><strong>ὡς</strong></span> 
     </span>
    </p>
   </div>
   <div class='ocr_carea' id='block_1_71' title="bbox 228 5158 1799 5228">
    <p class='ocr_par' dir='ltr' id='par_1_71' title="bbox 228 5158 1799 5228">
     <span class='ocr_line' id='line_1_73' title="bbox 228 5158 1799 5228; baseline 0 -17"><span class='ocrx_word' id='word_1_440' title='bbox 228 5160 340 5227; x_wconf 83' lang='grc' dir='ltr'><strong>ἐγὼ</strong></span> <span class='ocrx_word' id='word_1_441' title='bbox 369 5158 726 5228; x_wconf 72' lang='grc' dir='ltr'><strong>διεταξάμην.</strong></span> <span class='ocrx_word' id='word_1_442' title='bbox 756 5160 821 5211; x_wconf 76' lang='grc' dir='ltr'>Εἰ</span> <span class='ocrx_word' id='word_1_443' title='bbox 845 5160 927 5221; x_wconf 87' lang='grc' dir='ltr'><strong>τίς</strong></span> <span class='ocrx_word' id='word_1_444' title='bbox 964 5161 1113 5211; x_wconf 87' lang='grc' dir='ltr'><strong>ἐστιν</strong></span> <span class='ocrx_word' id='word_1_445' title='bbox 1152 5158 1507 5226; x_wconf 83' lang='grc' dir='ltr'><strong>ἀνέγκλητος,</strong></span> <span class='ocrx_word' id='word_1_446' title='bbox 1549 5161 1678 5227; x_wconf 80' lang='grc' dir='ltr'><strong>μιᾶς</strong></span> <span class='ocrx_word' id='word_1_447' title='bbox 1709 5175 1799 5227; x_wconf 82' lang='grc' dir='ltr'><strong>γυ-</strong></span> 
     </span>
    </p>
   </div>
   <div class='ocr_carea' id='block_1_72' title="bbox 228 5247 1801 5320">
    <p class='ocr_par' dir='ltr' id='par_1_72' title="bbox 228 5247 1801 5320">
     <span class='ocr_line' id='line_1_74' title="bbox 228 5247 1801 5320; baseline 0.001 -21"><span class='ocrx_word' id='word_1_448' title='bbox 228 5250 418 5311; x_wconf 83' lang='grc' dir='ltr'><strong>ναικὸς</strong></span> <span class='ocrx_word' id='word_1_449' title='bbox 438 5248 773 5318; x_wconf 80' lang='grc' dir='ltr'><strong>ἁνὴρ,τέκνα</strong></span> <span class='ocrx_word' id='word_1_450' title='bbox 792 5247 930 5317; x_wconf 72' lang='grc' dir='ltr'><strong>ἔχων</strong></span> <span class='ocrx_word' id='word_1_451' title='bbox 954 5249 1141 5314; x_wconf 76' lang='grc' dir='ltr'><strong>πιστὰ,</strong></span> <span class='ocrx_word' id='word_1_452' title='bbox 1166 5247 1242 5318; x_wconf 83' lang='grc' dir='ltr'><strong>μὴ</strong></span> <span class='ocrx_word' id='word_1_453' title='bbox 1270 5248 1326 5301; x_wconf 83' lang='grc' dir='ltr'><strong>ἐν</strong></span> <span class='ocrx_word' id='word_1_454' title='bbox 1346 5248 1649 5320; x_wconf 75' lang='grc' dir='ltr'><strong>κατηγορίᾳ</strong></span> <span class='ocrx_word' id='word_1_455' title='bbox 1665 5250 1801 5301; x_wconf 77' lang='grc' dir='ltr'><strong>ἀσω-</strong></span> 
     </span>
    </p>
   </div>
   <div class='ocr_carea' id='block_1_73' title="bbox 227 5338 875 5409">
    <p class='ocr_par' dir='ltr' id='par_1_73' title="bbox 227 5338 875 5409">
     <span class='ocr_line' id='line_1_75' title="bbox 227 5338 875 5409; baseline -0.008 -16"><span class='ocrx_word' id='word_1_456' title='bbox 227 5341 368 5403; x_wconf 81' lang='grc' dir='ltr'><strong>τίας,</strong></span> <span class='ocrx_word' id='word_1_457' title='bbox 395 5338 428 5409; x_wconf 84' lang='grc' dir='ltr'>ἢ</span> <span class='ocrx_word' id='word_1_458' title='bbox 453 5338 822 5392; x_wconf 86' lang='grc' dir='ltr'><strong>ἀνυπότακτα.</strong></span> <span class='ocrx_word' id='word_1_459' title='bbox 857 5358 875 5388; x_wconf 72' lang='grc' dir='ltr'><strong>ι</strong></span> 
     </span>
    </p>
   </div>
   <div class='ocr_carea' id='block_1_74' title="bbox 311 5541 695 5601">
    <p class='ocr_par' dir='ltr' id='par_1_74' title="bbox 311 5541 695 5601">
     <span class='ocr_line' id='line_1_76' title="bbox 311 5541 695 5601; baseline 0.003 -9"><span class='ocrx_word' id='word_1_460' title='bbox 311 5541 695 5601; x_wconf 73' lang='grc' dir='ltr'><strong>Ἐπισκόπους.</strong></span> 
     </span>
    </p>
   </div>
   <div class='ocr_carea' id='block_1_75' title="bbox 304 5626 1795 5701">
    <p class='ocr_par' dir='ltr' id='par_1_75' title="bbox 304 5626 1795 5701">
     <span class='ocr_line' id='line_1_77' title="bbox 304 5626 1795 5701; baseline 0.003 -20"><span class='ocrx_word' id='word_1_461' title='bbox 304 5649 323 5681; x_wconf 78' lang='lat' dir='ltr'><strong>r</strong></span> <span class='ocrx_word' id='word_1_462' title='bbox 352 5634 446 5683; x_wconf 86' lang='grc' dir='ltr'><strong>Δεῖ</strong></span> <span class='ocrx_word' id='word_1_463' title='bbox 480 5632 589 5701; x_wconf 79' lang='grc' dir='ltr'><strong>γὰρ</strong></span> <span class='ocrx_word' id='word_1_464' title='bbox 618 5629 707 5682; x_wconf 84' lang='grc' dir='ltr'><strong>τδν</strong></span> <span class='ocrx_word' id='word_1_465' title='bbox 731 5630 1025 5682; x_wconf 80' lang='grc' dir='ltr'><strong>ἐπίσκοπον</strong></span> <span class='ocrx_word' id='word_1_466' title='bbox 1050 5630 1383 5700; x_wconf 85' lang='grc' dir='ltr'><strong>ἀνέγκλητον</strong></span> <span class='ocrx_word' id='word_1_467' title='bbox 1403 5626 1541 5684; x_wconf 78' lang='grc' dir='ltr'><strong>εἶναι</strong></span> <span class='ocrx_word' id='word_1_468' title='bbox 1565 5632 1639 5694; x_wconf 84' lang='grc' dir='ltr'><strong>ὡς</strong></span> <span class='ocrx_word' id='word_1_469' title='bbox 1658 5631 1795 5685; x_wconf 85' lang='grc' dir='ltr'><strong>Θεοῦ</strong></span> 
     </span>
    </p>
   </div>
   <div class='ocr_carea' id='block_1_76' title="bbox 229 5722 1796 5795">
    <p class='ocr_par' dir='ltr' id='par_1_76' title="bbox 229 5722 1796 5795">
     <span class='ocr_line' id='line_1_78' title="bbox 229 5722 1796 5795; baseline 0.001 -17"><span class='ocrx_word' id='word_1_470' title='bbox 229 5725 537 5793; x_wconf 83' lang='grc' dir='ltr'><strong>οἰκονόμον,</strong></span> <span class='ocrx_word' id='word_1_471' title='bbox 566 5723 640 5792; x_wconf 84' lang='grc' dir='ltr'><strong>μὴ</strong></span> <span class='ocrx_word' id='word_1_472' title='bbox 670 5722 898 5792; x_wconf 73' lang='grc' dir='ltr'><strong>αὐθάδη,</strong></span> <span class='ocrx_word' id='word_1_473' title='bbox 939 5722 1013 5791; x_wconf 80' lang='grc' dir='ltr'><strong>μὴ</strong></span> <span class='ocrx_word' id='word_1_474' title='bbox 1051 5722 1284 5792; x_wconf 82' lang='grc' dir='ltr'><strong>ὀργίλον,</strong></span> <span class='ocrx_word' id='word_1_475' title='bbox 1319 5724 1394 5794; x_wconf 85' lang='grc' dir='ltr'><strong>μὴ</strong></span> <span class='ocrx_word' id='word_1_476' title='bbox 1415 5724 1691 5795; x_wconf 78' lang='grc' dir='ltr'><strong>πάροινον,</strong></span> <span class='ocrx_word' id='word_1_477' title='bbox 1724 5724 1796 5794; x_wconf 83' lang='grc' dir='ltr'><strong>μὴ</strong></span> 
     </span>
    </p>
   </div>
   <div class='ocr_carea' id='block_1_77' title="bbox 231 5811 1796 5884">
    <p class='ocr_par' dir='ltr' id='par_1_77' title="bbox 231 5811 1796 5884">
     <span class='ocr_line' id='line_1_79' title="bbox 231 5811 1796 5884; baseline -0.002 -17"><span class='ocrx_word' id='word_1_478' title='bbox 231 5816 508 5884; x_wconf 71' lang='grc' dir='ltr'><strong>πλήκτην,</strong></span> <span class='ocrx_word' id='word_1_479' title='bbox 546 5813 621 5883; x_wconf 77' lang='grc' dir='ltr'><strong>μὴ</strong></span> <span class='ocrx_word' id='word_1_480' title='bbox 646 5811 1030 5882; x_wconf 77' lang='grc' dir='ltr'><strong>αἰσχροκερδῆ,</strong></span> <span class='ocrx_word' id='word_1_481' title='bbox 1056 5811 1190 5865; x_wconf 74' lang='grc' dir='ltr'><strong>ἀλλὰ</strong></span> <span class='ocrx_word' id='word_1_482' title='bbox 1227 5811 1527 5880; x_wconf 76' lang='grc' dir='ltr'><strong>φιλόξενον,</strong></span> <span class='ocrx_word' id='word_1_483' title='bbox 1564 5814 1796 5882; x_wconf 75' lang='grc' dir='ltr'><strong>φιλάγα-</strong></span> 
     </span>
    </p>
   </div>
   <div class='ocr_carea' id='block_1_78' title="bbox 2298 4060 3076 4139">
    <p class='ocr_par' dir='ltr' id='par_1_78' title="bbox 2298 4060 3076 4139">
     <span class='ocr_line' id='line_1_80' title="bbox 2298 4060 3076 4139; baseline -0.008 -15"><span class='ocrx_word' id='word_1_484' title='bbox 2298 4069 2457 4139; x_wconf 71' lang='lat'><strong>271</strong></span> <span class='ocrx_word' id='word_1_485' title='bbox 2491 4063 2722 4124; x_wconf 79' lang='lat' dir='ltr'><strong>CAPUT</strong></span> <span class='ocrx_word' id='word_1_486' title='bbox 2782 4060 3076 4120; x_wconf 76' lang='lat' dir='ltr'><strong>Panum.</strong></span> 
     </span>
    </p>
   </div>
   <div class='ocr_carea' id='block_1_79' title="bbox 1978 4157 3475 4228">
    <p class='ocr_par' dir='ltr' id='par_1_79' title="bbox 1978 4157 3475 4228">
     <span class='ocr_line' id='line_1_81' title="bbox 1978 4157 3475 4228; baseline -0.005 -11"><span class='ocrx_word' id='word_1_487' title='bbox 1978 4163 2140 4218; x_wconf 69' lang='lat' dir='ltr'><strong>Vsus.</strong></span> <span class='ocrx_word' id='word_1_488' title='bbox 2174 4161 2349 4218; x_wconf 78' lang='lat' dir='ltr'><strong>l.-6.r</strong></span> <span class='ocrx_word' id='word_1_489' title='bbox 2378 4160 2581 4216; x_wconf 85' lang='lat' dir='ltr'><strong>Paulus</strong></span> <span class='ocrx_word' id='word_1_490' title='bbox 2611 4173 2804 4216; x_wconf 86' lang='lat' dir='ltr'><strong>servus</strong></span> <span class='ocrx_word' id='word_1_491' title='bbox 2832 4157 2949 4223; x_wconf 90' lang='lat' dir='ltr'><strong>Dei,</strong></span> <span class='ocrx_word' id='word_1_492' title='bbox 2975 4157 3261 4228; x_wconf 84' lang='lat' dir='ltr'><strong>apostolus</strong></span> <span class='ocrx_word' id='word_1_493' title='bbox 3291 4164 3475 4210; x_wconf 86' lang='lat' dir='ltr'><strong>autem</strong></span> 
     </span>
    </p>
   </div>
   <div class='ocr_carea' id='block_1_80' title="bbox 1897 4248 3478 4314">
    <p class='ocr_par' dir='ltr' id='par_1_80' title="bbox 1897 4248 3478 4314">
     <span class='ocr_line' id='line_1_82' title="bbox 1897 4248 3478 4314; baseline -0.007 -1"><span class='ocrx_word' id='word_1_494' title='bbox 1897 4256 2027 4313; x_wconf 85' lang='lat' dir='ltr'><strong>Jesu</strong></span> <span class='ocrx_word' id='word_1_495' title='bbox 2070 4256 2278 4311; x_wconf 87' lang='lat' dir='ltr'><strong>Christi</strong></span> <span class='ocrx_word' id='word_1_496' title='bbox 2332 4254 2631 4311; x_wconf 87' lang='lat' dir='ltr'><strong>secundum</strong></span> <span class='ocrx_word' id='word_1_497' title='bbox 2683 4251 2847 4306; x_wconf 79' lang='lat' dir='ltr'><strong>[idem</strong></span> <span class='ocrx_word' id='word_1_498' title='bbox 2896 4251 3202 4305; x_wconf 89' lang='lat' dir='ltr'><strong>electorum</strong></span> <span class='ocrx_word' id='word_1_499' title='bbox 3253 4248 3373 4314; x_wconf 89' lang='lat' dir='ltr'><strong>Dei,</strong></span> <span class='ocrx_word' id='word_1_500' title='bbox 3422 4256 3478 4302; x_wconf 84' lang='lat' dir='ltr'><strong>et</strong></span> 
     </span>
    </p>
   </div>
   <div class='ocr_carea' id='block_1_81' title="bbox 1900 4341 3477 4419">
    <p class='ocr_par' dir='ltr' id='par_1_81' title="bbox 1900 4341 3477 4419">
     <span class='ocr_line' id='line_1_83' title="bbox 1900 4341 3477 4419; baseline -0.006 -16"><span class='ocrx_word' id='word_1_501' title='bbox 1900 4349 2237 4419; x_wconf 82' lang='lat' dir='ltr'><strong>agnitionem</strong></span> <span class='ocrx_word' id='word_1_502' title='bbox 2268 4345 2519 4401; x_wconf 87' lang='lat' dir='ltr'><strong>veritatis</strong></span> <span class='ocrx_word' id='word_1_503' title='bbox 2574 4358 2697 4414; x_wconf 62' lang='lat' dir='ltr'><strong>qua:</strong></span> <span class='ocrx_word' id='word_1_504' title='bbox 2743 4342 3049 4397; x_wconf 90' lang='lat' dir='ltr'><strong>secundum</strong></span> <span class='ocrx_word' id='word_1_505' title='bbox 3081 4341 3345 4411; x_wconf 88' lang='lat' dir='ltr'><strong>pietatem</strong></span> <span class='ocrx_word' id='word_1_506' title='bbox 3391 4348 3477 4395; x_wconf 83' lang='lat' dir='ltr'><strong>est</strong></span> 
     </span>
    </p>
   </div>
   <div class='ocr_carea' id='block_1_82' title="bbox 1898 4432 3476 4511">
    <p class='ocr_par' dir='ltr' id='par_1_82' title="bbox 1898 4432 3476 4511">
     <span class='ocr_line' id='line_1_84' title="bbox 1898 4432 3476 4511; baseline -0.007 -15"><span class='ocrx_word' id='word_1_507' title='bbox 1898 4442 1955 4496; x_wconf 91' lang='lat' dir='ltr'><strong>in</strong></span> <span class='ocrx_word' id='word_1_508' title='bbox 1984 4457 2133 4511; x_wconf 89' lang='lat' dir='ltr'><strong>spem</strong></span> <span class='ocrx_word' id='word_1_509' title='bbox 2162 4442 2285 4495; x_wconf 64' lang='lat' dir='ltr'><strong>vita</strong></span> <span class='ocrx_word' id='word_1_510' title='bbox 2308 4448 2546 4503; x_wconf 61' lang='lat' dir='ltr'><strong>aeternae,</strong></span> <span class='ocrx_word' id='word_1_511' title='bbox 2571 4451 2736 4507; x_wconf 87' lang='lat' dir='ltr'><strong>quam</strong></span> <span class='ocrx_word' id='word_1_512' title='bbox 2766 4433 3044 4505; x_wconf 88' lang='lat' dir='ltr'><strong>promisit,</strong></span> <span class='ocrx_word' id='word_1_513' title='bbox 3069 4432 3162 4503; x_wconf 91' lang='lat' dir='ltr'><strong>qui</strong></span> <span class='ocrx_word' id='word_1_514' title='bbox 3189 4446 3300 4489; x_wconf 89' lang='lat' dir='ltr'><strong>non</strong></span> <span class='ocrx_word' id='word_1_515' title='bbox 3328 4447 3476 4486; x_wconf 85' lang='lat' dir='ltr'><strong>men-</strong></span> 
     </span>
    </p>
   </div>
   <div class='ocr_carea' id='block_1_83' title="bbox 1900 4522 3475 4598">
    <p class='ocr_par' dir='ltr' id='par_1_83' title="bbox 1900 4522 3475 4598">
     <span class='ocr_line' id='line_1_85' title="bbox 1900 4522 3475 4598; baseline -0.006 -11"><span class='ocrx_word' id='word_1_516' title='bbox 1900 4534 2035 4587; x_wconf 87' lang='lat' dir='ltr'><strong>titur</strong></span> <span class='ocrx_word' id='word_1_517' title='bbox 2066 4530 2230 4596; x_wconf 89' lang='lat' dir='ltr'><strong>Deus,</strong></span> <span class='ocrx_word' id='word_1_518' title='bbox 2255 4537 2385 4584; x_wconf 90' lang='lat' dir='ltr'><strong>ante</strong></span> <span class='ocrx_word' id='word_1_519' title='bbox 2439 4540 2686 4598; x_wconf 88' lang='lat' dir='ltr'><strong>tempora</strong></span> <span class='ocrx_word' id='word_1_520' title='bbox 2738 4526 3045 4591; x_wconf 64' lang='lat' dir='ltr'><strong>saecularia,</strong></span> <span class='ocrx_word' id='word_1_521' title='bbox 3099 4522 3475 4580; x_wconf 73' lang='lat' dir='ltr'><strong>manifestam</strong></span> 
     </span>
    </p>
   </div>
   <div class='ocr_carea' id='block_1_84' title="bbox 1900 4617 3474 4695">
    <p class='ocr_par' dir='ltr' id='par_1_84' title="bbox 1900 4617 3474 4695">
     <span class='ocr_line' id='line_1_86' title="bbox 1900 4617 3474 4695; baseline -0.005 -16"><span class='ocrx_word' id='word_1_522' title='bbox 1900 4634 2080 4679; x_wconf 87' lang='lat' dir='ltr'><strong>autem</strong></span> <span class='ocrx_word' id='word_1_523' title='bbox 2106 4624 2449 4695; x_wconf 89' lang='lat' dir='ltr'><strong>temporibus</strong></span> <span class='ocrx_word' id='word_1_524' title='bbox 2480 4623 2598 4678; x_wconf 88' lang='lat' dir='ltr'><strong>suis</strong></span> <span class='ocrx_word' id='word_1_525' title='bbox 2628 4621 2855 4676; x_wconf 80' lang='lat' dir='ltr'><strong>verbum</strong></span> <span class='ocrx_word' id='word_1_526' title='bbox 2913 4634 3075 4675; x_wconf 88' lang='lat' dir='ltr'><strong>suum</strong></span> <span class='ocrx_word' id='word_1_527' title='bbox 3106 4619 3163 4673; x_wconf 88' lang='lat' dir='ltr'><strong>in</strong></span> <span class='ocrx_word' id='word_1_528' title='bbox 3208 4617 3474 4688; x_wconf 65' lang='lat' dir='ltr'><strong>pradica-</strong></span> 
     </span>
    </p>
   </div>
   <div class='ocr_carea' id='block_1_85' title="bbox 1899 4711 3472 4784">
    <p class='ocr_par' dir='ltr' id='par_1_85' title="bbox 1899 4711 3472 4784">
     <span class='ocr_line' id='line_1_87' title="bbox 1899 4711 3472 4784; baseline -0.006 -14"><span class='ocrx_word' id='word_1_529' title='bbox 1899 4717 2068 4781; x_wconf 87' lang='lat' dir='ltr'><strong>tione,</strong></span> <span class='ocrx_word' id='word_1_530' title='bbox 2092 4730 2213 4784; x_wconf 74' lang='lat' dir='ltr'><strong>quas</strong></span> <span class='ocrx_word' id='word_1_531' title='bbox 2241 4716 2452 4769; x_wconf 89' lang='lat' dir='ltr'><strong>credita</strong></span> <span class='ocrx_word' id='word_1_532' title='bbox 2479 4721 2564 4769; x_wconf 91' lang='lat' dir='ltr'><strong>est</strong></span> <span class='ocrx_word' id='word_1_533' title='bbox 2589 4713 2725 4767; x_wconf 90' lang='lat' dir='ltr'><strong>mihi</strong></span> <span class='ocrx_word' id='word_1_534' title='bbox 2776 4711 3084 4766; x_wconf 88' lang='lat' dir='ltr'><strong>secundum</strong></span> <span class='ocrx_word' id='word_1_535' title='bbox 3132 4717 3472 4780; x_wconf 66' lang='lat' dir='ltr'><strong>praceptum</strong></span> 
     </span>
    </p>
   </div>
   <div class='ocr_carea' id='block_1_86' title="bbox 1903 4798 3475 4869">
    <p class='ocr_par' dir='ltr' id='par_1_86' title="bbox 1903 4798 3475 4869">
     <span class='ocr_line' id='line_1_88' title="bbox 1903 4798 3475 4869; baseline -0.006 -9"><span class='ocrx_word' id='word_1_536' title='bbox 1903 4806 2205 4862; x_wconf 87' lang='lat' dir='ltr'><strong>Salvatoris</strong></span> <span class='ocrx_word' id='word_1_537' title='bbox 2234 4806 2408 4861; x_wconf 83' lang='lat' dir='ltr'><strong>nostri</strong></span> <span class='ocrx_word' id='word_1_538' title='bbox 2440 4803 2559 4869; x_wconf 90' lang='lat' dir='ltr'><strong>Dei,</strong></span> <span class='ocrx_word' id='word_1_539' title='bbox 2597 4802 2726 4858; x_wconf 87' lang='lat' dir='ltr'><strong>Tito</strong></span> <span class='ocrx_word' id='word_1_540' title='bbox 2771 4803 2973 4858; x_wconf 89' lang='lat' dir='ltr'><strong>dilecto</strong></span> <span class='ocrx_word' id='word_1_541' title='bbox 3004 4801 3118 4856; x_wconf 83' lang='lat' dir='ltr'><strong>lilio</strong></span> <span class='ocrx_word' id='word_1_542' title='bbox 3170 4798 3475 4856; x_wconf 85' lang='lat' dir='ltr'><strong>secundum</strong></span> 
     </span>
    </p>
   </div>
   <div class='ocr_carea' id='block_1_87' title="bbox 1899 4888 3479 4967">
    <p class='ocr_par' dir='ltr' id='par_1_87' title="bbox 1899 4888 3479 4967">
     <span class='ocr_line' id='line_1_89' title="bbox 1899 4888 3479 4967; baseline -0.007 -14"><span class='ocrx_word' id='word_1_543' title='bbox 1899 4914 2246 4953; x_wconf 87' lang='lat' dir='ltr'><strong>communem</strong></span> <span class='ocrx_word' id='word_1_544' title='bbox 2273 4897 2454 4961; x_wconf 79' lang='lat' dir='ltr'><strong>ﬁdem,</strong></span> <span class='ocrx_word' id='word_1_545' title='bbox 2483 4897 2683 4967; x_wconf 74' lang='lat' dir='ltr'><strong>gratia,</strong></span> <span class='ocrx_word' id='word_1_546' title='bbox 2716 4910 2818 4966; x_wconf 82' lang='lat' dir='ltr'><strong>pax</strong></span> <span class='ocrx_word' id='word_1_547' title='bbox 2848 4909 2879 4948; x_wconf 89' lang='lat' dir='ltr'><strong>a</strong></span> <span class='ocrx_word' id='word_1_548' title='bbox 2914 4892 3024 4947; x_wconf 83' lang='lat' dir='ltr'><strong>Deo</strong></span> <span class='ocrx_word' id='word_1_549' title='bbox 3059 4891 3222 4946; x_wconf 83' lang='lat' dir='ltr'><strong>Patre</strong></span> <span class='ocrx_word' id='word_1_550' title='bbox 3244 4898 3299 4945; x_wconf 87' lang='lat' dir='ltr'><strong>et</strong></span> <span class='ocrx_word' id='word_1_551' title='bbox 3318 4888 3479 4943; x_wconf 82' lang='lat' dir='ltr'><strong>Chri-</strong></span> 
     </span>
    </p>
   </div>
   <div class='ocr_carea' id='block_1_88' title="bbox 1901 4977 3477 5052">
    <p class='ocr_par' dir='ltr' id='par_1_88' title="bbox 1901 4977 3477 5052">
     <span class='ocr_line' id='line_1_90' title="bbox 1901 4977 3477 5052; baseline -0.008 -8"><span class='ocrx_word' id='word_1_552' title='bbox 1901 4998 1986 5045; x_wconf 91' lang='lat' dir='ltr'><strong>sto</strong></span> <span class='ocrx_word' id='word_1_553' title='bbox 2016 4988 2147 5043; x_wconf 88' lang='lat' dir='ltr'><strong>Jesu</strong></span> <span class='ocrx_word' id='word_1_554' title='bbox 2184 4988 2470 5041; x_wconf 88' lang='lat' dir='ltr'><strong>Salvatore</strong></span> <span class='ocrx_word' id='word_1_555' title='bbox 2500 4994 2715 5041; x_wconf 88' lang='lat' dir='ltr'><strong>nostro.</strong></span> <span class='ocrx_word' id='word_1_556' title='bbox 2751 4982 2926 5050; x_wconf 80' lang='lat' dir='ltr'><strong>Hujus</strong></span> <span class='ocrx_word' id='word_1_557' title='bbox 2961 4984 3041 5036; x_wconf 90' lang='lat' dir='ltr'><strong>rei</strong></span> <span class='ocrx_word' id='word_1_558' title='bbox 3072 4982 3252 5052; x_wconf 74' lang='lat' dir='ltr'><strong>gratia</strong></span> <span class='ocrx_word' id='word_1_559' title='bbox 3278 4977 3477 5047; x_wconf 82' lang='lat' dir='ltr'><strong>reliqui</strong></span> 
     </span>
    </p>
   </div>
   <div class='ocr_carea' id='block_1_89' title="bbox 1902 5069 3556 5145">
    <p class='ocr_par' dir='ltr' id='par_1_89' title="bbox 1902 5069 3556 5145">
     <span class='ocr_line' id='line_1_91' title="bbox 1902 5069 3556 5145; baseline -0.006 -14"><span class='ocrx_word' id='word_1_560' title='bbox 1902 5087 1954 5131; x_wconf 91' lang='lat' dir='ltr'><strong>te</strong></span> <span class='ocrx_word' id='word_1_561' title='bbox 1979 5077 2174 5141; x_wconf 66' lang='lat' dir='ltr'><strong>Cretas,</strong></span> <span class='ocrx_word' id='word_1_562' title='bbox 2207 5087 2268 5131; x_wconf 93' lang='lat' dir='ltr'><strong>ut</strong></span> <span class='ocrx_word' id='word_1_563' title='bbox 2288 5090 2352 5131; x_wconf 91' lang='lat' dir='ltr'><strong>ea</strong></span> <span class='ocrx_word' id='word_1_564' title='bbox 2378 5091 2499 5145; x_wconf 71' lang='lat' dir='ltr'><strong>qua:</strong></span> <span class='ocrx_word' id='word_1_565' title='bbox 2520 5076 2721 5130; x_wconf 89' lang='lat' dir='ltr'><strong>desunt</strong></span> <span class='ocrx_word' id='word_1_566' title='bbox 2751 5074 3021 5142; x_wconf 75' lang='lat' dir='ltr'><strong>corrigas,</strong></span> <span class='ocrx_word' id='word_1_567' title='bbox 3076 5079 3131 5125; x_wconf 88' lang='lat' dir='ltr'><strong>et</strong></span> <span class='ocrx_word' id='word_1_568' title='bbox 3171 5069 3480 5124; x_wconf 86' lang='lat' dir='ltr'><strong>constituas</strong></span> <span class='ocrx_word' id='word_1_569' title='bbox 3542 5118 3556 5144; x_wconf 42' lang='lat'><strong><em>_</em></strong></span> 
     </span>
    </p>
   </div>
   <div class='ocr_carea' id='block_1_90' title="bbox 1902 5152 3574 5235">
    <p class='ocr_par' dir='ltr' id='par_1_90' title="bbox 1902 5152 3574 5235">
     <span class='ocr_line' id='line_1_92' title="bbox 1902 5152 3574 5235; baseline -0.006 -16"><span class='ocrx_word' id='word_1_570' title='bbox 1902 5180 1997 5235; x_wconf 88' lang='lat' dir='ltr'><strong>per</strong></span> <span class='ocrx_word' id='word_1_571' title='bbox 2048 5165 2302 5219; x_wconf 88' lang='lat' dir='ltr'><strong>civitates</strong></span> <span class='ocrx_word' id='word_1_572' title='bbox 2351 5164 2741 5235; x_wconf 83' lang='lat' dir='ltr'><strong>presbyteros,</strong></span> <span class='ocrx_word' id='word_1_573' title='bbox 2798 5162 2940 5216; x_wconf 87' lang='lat' dir='ltr'><strong>sicut</strong></span> <span class='ocrx_word' id='word_1_574' title='bbox 2969 5167 3024 5213; x_wconf 88' lang='lat' dir='ltr'><strong>et</strong></span> <span class='ocrx_word' id='word_1_575' title='bbox 3070 5172 3171 5226; x_wconf 74' lang='lat' dir='ltr'><strong>ego</strong></span> <span class='ocrx_word' id='word_1_576' title='bbox 3233 5156 3479 5226; x_wconf 87' lang='lat' dir='ltr'><strong>disposui</strong></span> <span class='ocrx_word' id='word_1_577' title='bbox 3560 5152 3574 5179; x_wconf 76' lang='lat'><em>“</em></span> 
     </span>
    </p>
   </div>
   <div class='ocr_carea' id='block_1_91' title="bbox 1901 5246 3475 5325">
    <p class='ocr_par' dir='ltr' id='par_1_91' title="bbox 1901 5246 3475 5325">
     <span class='ocr_line' id='line_1_93' title="bbox 1901 5246 3475 5325; baseline -0.007 -14"><span class='ocrx_word' id='word_1_578' title='bbox 1901 5258 2023 5311; x_wconf 90' lang='lat' dir='ltr'><strong>tibi.</strong></span> <span class='ocrx_word' id='word_1_579' title='bbox 2062 5255 2119 5309; x_wconf 91' lang='lat' dir='ltr'><strong>Si</strong></span> <span class='ocrx_word' id='word_1_580' title='bbox 2147 5256 2274 5325; x_wconf 91' lang='lat' dir='ltr'><strong>quis</strong></span> <span class='ocrx_word' id='word_1_581' title='bbox 2298 5257 2422 5311; x_wconf 90' lang='lat' dir='ltr'><strong>sine</strong></span> <span class='ocrx_word' id='word_1_582' title='bbox 2451 5255 2687 5310; x_wconf 88' lang='lat' dir='ltr'><strong>crimine</strong></span> <span class='ocrx_word' id='word_1_583' title='bbox 2716 5259 2821 5315; x_wconf 88' lang='lat' dir='ltr'><strong>est,</strong></span> <span class='ocrx_word' id='word_1_584' title='bbox 2857 5252 3021 5305; x_wconf 89' lang='lat' dir='ltr'><strong>unius</strong></span> <span class='ocrx_word' id='word_1_585' title='bbox 3052 5248 3243 5303; x_wconf 79' lang='lat' dir='ltr'><strong>uxoris</strong></span> <span class='ocrx_word' id='word_1_586' title='bbox 3274 5248 3381 5312; x_wconf 87' lang='lat' dir='ltr'><strong>vir,</strong></span> <span class='ocrx_word' id='word_1_587' title='bbox 3413 5246 3475 5300; x_wconf 81' lang='lat' dir='ltr'><strong>ti-</strong></span> 
     </span>
    </p>
   </div>
   <div class='ocr_carea' id='block_1_92' title="bbox 1902 5339 3477 5409">
    <p class='ocr_par' dir='ltr' id='par_1_92' title="bbox 1902 5339 3477 5409">
     <span class='ocr_line' id='line_1_94' title="bbox 1902 5339 3477 5409; baseline -0.008 -6"><span class='ocrx_word' id='word_1_588' title='bbox 1902 5350 2004 5403; x_wconf 90' lang='lat' dir='ltr'><strong>lios</strong></span> <span class='ocrx_word' id='word_1_589' title='bbox 2034 5348 2245 5403; x_wconf 88' lang='lat' dir='ltr'><strong>habens</strong></span> <span class='ocrx_word' id='word_1_590' title='bbox 2278 5348 2491 5409; x_wconf 82' lang='lat' dir='ltr'><strong>ﬁdeles,</strong></span> <span class='ocrx_word' id='word_1_591' title='bbox 2532 5359 2644 5399; x_wconf 88' lang='lat' dir='ltr'><strong>non</strong></span> <span class='ocrx_word' id='word_1_592' title='bbox 2678 5344 2733 5399; x_wconf 88' lang='lat' dir='ltr'><strong>in</strong></span> <span class='ocrx_word' id='word_1_593' title='bbox 2769 5342 3123 5398; x_wconf 86' lang='lat' dir='ltr'><strong>accusatione</strong></span> <span class='ocrx_word' id='word_1_594' title='bbox 3146 5339 3397 5404; x_wconf 64' lang='lat' dir='ltr'><strong>luxuriae,</strong></span> <span class='ocrx_word' id='word_1_595' title='bbox 3422 5344 3477 5392; x_wconf 91' lang='lat' dir='ltr'><strong>et</strong></span> 
     </span>
    </p>
   </div>
   <div class='ocr_carea' id='block_1_93' title="bbox 1832 5425 2385 5495">
    <p class='ocr_par' dir='ltr' id='par_1_93' title="bbox 1832 5425 2385 5495">
     <span class='ocr_line' id='line_1_95' title="bbox 1832 5425 2385 5495; baseline -0.013 0"><span class='ocrx_word' id='word_1_596' title='bbox 1832 5425 1880 5483; x_wconf 77' lang='grc' dir='ltr'><strong>ί)</strong></span> <span class='ocrx_word' id='word_1_597' title='bbox 1908 5456 2016 5495; x_wconf 83' lang='lat' dir='ltr'><strong>non</strong></span> <span class='ocrx_word' id='word_1_598' title='bbox 2051 5439 2323 5494; x_wconf 88' lang='lat' dir='ltr'><strong>subditos.</strong></span> <span class='ocrx_word' id='word_1_599' title='bbox 2367 5456 2385 5488; x_wconf 75' lang='grc' dir='ltr'><strong>ι</strong></span> 
     </span>
    </p>
   </div>
   <div class='ocr_carea' id='block_1_94' title="bbox 1893 5532 2712 5609">
    <p class='ocr_par' dir='ltr' id='par_1_94' title="bbox 1893 5532 2712 5609">
     <span class='ocr_line' id='line_1_96' title="bbox 1893 5532 2712 5609; baseline -0.006 -23"><span class='ocrx_word' id='word_1_600' title='bbox 1893 5590 1911 5609; x_wconf 54' lang='lat'><em>.</em></span> <span class='ocrx_word' id='word_1_601' title='bbox 1974 5532 2350 5604; x_wconf 84' lang='lat' dir='ltr'><strong>Presbyteros.</strong></span> <span class='ocrx_word' id='word_1_602' title='bbox 2392 5533 2712 5600; x_wconf 84' lang='lat' dir='ltr'><strong>Episcopos.</strong></span> 
     </span>
    </p>
   </div>
   <div class='ocr_carea' id='block_1_95' title="bbox 1977 5616 3477 5694">
    <p class='ocr_par' dir='ltr' id='par_1_95' title="bbox 1977 5616 3477 5694">
     <span class='ocr_line' id='line_1_97' title="bbox 1977 5616 3477 5694; baseline -0.006 -14"><span class='ocrx_word' id='word_1_603' title='bbox 1977 5625 2144 5683; x_wconf 70' lang='lat' dir='ltr'><strong>Vens.</strong></span> <span class='ocrx_word' id='word_1_604' title='bbox 2182 5627 2335 5680; x_wconf 72' lang='lat'><strong>7-12.</strong></span> <span class='ocrx_word' id='word_1_605' title='bbox 2375 5624 2638 5694; x_wconf 69' lang='lat' dir='ltr'><strong>«Oportet</strong></span> <span class='ocrx_word' id='word_1_606' title='bbox 2674 5623 2818 5678; x_wconf 87' lang='lat' dir='ltr'><strong>enim</strong></span> <span class='ocrx_word' id='word_1_607' title='bbox 2849 5622 3163 5692; x_wconf 87' lang='lat' dir='ltr'><strong>episcopum</strong></span> <span class='ocrx_word' id='word_1_608' title='bbox 3190 5619 3311 5675; x_wconf 90' lang='lat' dir='ltr'><strong>sine</strong></span> <span class='ocrx_word' id='word_1_609' title='bbox 3367 5616 3477 5673; x_wconf 83' lang='lat' dir='ltr'><strong>cri-</strong></span> 
     </span>
    </p>
   </div>
   <div class='ocr_carea' id='block_1_96' title="bbox 1904 5710 3473 5785">
    <p class='ocr_par' dir='ltr' id='par_1_96' title="bbox 1904 5710 3473 5785">
     <span class='ocr_line' id='line_1_98' title="bbox 1904 5710 3473 5785; baseline -0.008 -10"><span class='ocrx_word' id='word_1_610' title='bbox 1904 5720 2050 5775; x_wconf 89' lang='lat' dir='ltr'><strong>mine</strong></span> <span class='ocrx_word' id='word_1_611' title='bbox 2068 5734 2215 5785; x_wconf 84' lang='lat' dir='ltr'><strong>esse,</strong></span> <span class='ocrx_word' id='word_1_612' title='bbox 2243 5720 2388 5775; x_wconf 85' lang='lat' dir='ltr'><strong>sicut</strong></span> <span class='ocrx_word' id='word_1_613' title='bbox 2419 5716 2511 5772; x_wconf 90' lang='lat' dir='ltr'><strong>Dei</strong></span> <span class='ocrx_word' id='word_1_614' title='bbox 2540 5717 3002 5785; x_wconf 83' lang='lat' dir='ltr'><strong>dispensatorem,</strong></span> <span class='ocrx_word' id='word_1_615' title='bbox 3034 5728 3143 5767; x_wconf 90' lang='lat' dir='ltr'><strong>non</strong></span> <span class='ocrx_word' id='word_1_616' title='bbox 3175 5710 3473 5782; x_wconf 79' lang='lat' dir='ltr'><strong>superbum</strong></span> 
     </span>
    </p>
   </div>
   <div class='ocr_carea' id='block_1_97' title="bbox 1906 5809 3476 5874">
    <p class='ocr_par' dir='ltr' id='par_1_97' title="bbox 1906 5809 3476 5874">
     <span class='ocr_line' id='line_1_99' title="bbox 1906 5809 3476 5874; baseline -0.006 -8"><span class='ocrx_word' id='word_1_617' title='bbox 1906 5828 2014 5866; x_wconf 88' lang='lat' dir='ltr'><strong>non</strong></span> <span class='ocrx_word' id='word_1_618' title='bbox 2038 5810 2381 5874; x_wconf 87' lang='lat' dir='ltr'><strong>iracundum,</strong></span> <span class='ocrx_word' id='word_1_619' title='bbox 2407 5823 2518 5862; x_wconf 88' lang='lat' dir='ltr'><strong>non</strong></span> <span class='ocrx_word' id='word_1_620' title='bbox 2552 5809 2908 5873; x_wconf 84' lang='lat' dir='ltr'><strong>vinolentum,</strong></span> <span class='ocrx_word' id='word_1_621' title='bbox 2931 5820 3039 5860; x_wconf 88' lang='lat' dir='ltr'><strong>non</strong></span> <span class='ocrx_word' id='word_1_622' title='bbox 3066 5817 3476 5874; x_wconf 81' lang='lat' dir='ltr'><strong>percussorem,</strong></span> 
     </span>
    </p>
   </div>
  </div>
