4214 6446
735 431 865 495 109.7

734 564 838 600 non
873 541 1050 614 turpis
1081 538 1220 595 lucri
1270 533 1551 603 cupidum,
1577 527 1670 584 sed
1724 521 2079 594 hospitalem,
2129 514 2295 573 beni-
2329 526 2373 578 Α

733 652 922 708 gnum,
952 639 1180 706 justum,
1211 635 1487 684 sanctum,
1519 621 1920 677 continentem,
1953 612 2288 680 amplecten-

735 741 840 784 tem
873 744 996 782 cum
1021 723 1114 794 qui
1139 719 1440 776 secundum
1460 713 1770 768 doctrinam
1796 713 1901 771 est,
1928 703 2141 757 lidelern
2191 714 2308 754 ser-

737 837 950 875 monem
985 827 1087 873 :ut
1118 822 1311 886 potens
1338 812 1406 862 sit
1439 814 1493 860 ct
1516 801 1798 858 exhortari
1831 800 1884 852 in
1926 794 2185 851 doctrina
2217 807 2310 846 sa-

738 929 828 974 na,
855 919 910 965 et
938 925 1032 963 eos
1083 899 1618 974 quieontradicunt,
1669 905 1924 960 arguere.
1987 887 2127 940 Sunt
2158 883 2305 938 enim

740 1002 898 1054 multi
928 1000 1094 1053 etiam
1139 992 1542 1051 inobedientes,
1589 982 1898 1052 vaniloqui,
1943 978 2313 1041 seductores;

743 1098 976 1148 maxime
1006 1088 1098 1158 qui
1124 1086 1192 1139 de
1243 1077 1666 1137 circumcisione
1698 1081 1848 1137 sunt,
1885 1084 2027 1140 quos
2095 1072 2319 1136 oportet

743 1182 1045 1251 redargui;
1087 1177 1182 1247 qui
1238 1174 1532 1228 universas
1561 1170 1760 1222 domos
1807 1164 2159 1223 subvertunt,
2217 1157 2312 1210 do-

744 1249 934 1330 centes
970 1284 1091 1340 quze
1124 1281 1230 1320 non
1263 1271 1499 1334 Oportet,
1533 1259 1708 1327 turpis
1761 1253 1900 1307 lucri
1944 1252 2140 1322 gratia.
2176 1249 2321 1302 Dixit

750 1367 971 1436 quidam
998 1378 1062 1415 ex
1095 1360 1205 1412 illis
1237 1353 1498 1426 proprius
1527 1351 1769 1419 ipsorum
1809 1363 1827 1394 p
2130 1405 2139 1415 .

817 1457 933 1508 Non
975 1455 1126 1506 illum
1149 1441 1565 1517 (continentem)
1589 1440 1663 1492 ait
1689 1439 1780 1507 qui
1827 1434 2057 1504 jejunat,
2083 1429 2178 1486 sed
2227 1428 2320 1497 qui

750 1549 998 1603 allectum
1045 1554 1261 1596 omnem
1293 1534 1627 1589 moderatur.

826 1658 844 1690 ι
879 1636 1148 1704 Propheta
1177 1653 1188 1684 :
1227 1627 1520 1683 Cretenses
1547 1634 1763 1689 semper
1800 1615 2114 1678 mendaces,
2169 1609 2328 1664 mala:

752 1731 962 1791 bestiae,
992 1703 1218 1779 ventres
1265 1719 1426 1790 pigri.
1465 1713 1658 1787 [νεκε.
1695 1707 1900 1780 l3-l5.)
1921 1703 2320 1761 Testimonium

754 1823 860 1874 hoc
890 1831 1077 1872 verum
1101 1820 1205 1867 est.
1238 1810 1413 1874 Quam
1445 1806 1518 1859 ob
1549 1815 1775 1856 causam
1815 1799 2036 1866 increpa
2065 1795 2194 1848 illos
2224 1792 2324 1846 du-

756 1929 835 1975 re,
872 1917 930 1962 ut
957 1909 1067 1961 sint
1102 1903 1224 1959 sani
1254 1901 1310 1953 in
1335 1897 1462 1963 (ide,
1521 1909 1634 1948 non
1681 1860 2031 1945 intendentes
2084 1882 2328 1938 Judaicis
2362 1860 2402 1914 Β

761 2002 962 2057 tabulis
995 2006 1048 2052 et
1082 1991 1360 2049 mandatis
1391 1986 1698 2046 hominum,
1761 1978 2131 2036 aversantium
2181 1977 2328 2028 veri-

759 2105 944 2148 tatem.
971 2089 1165 2144 Omnia
1189 2083 1410 2154 quidem
1440 2077 1638 2132 munda
1669 2095 1688 2127 ι

830 2183 1143 2250 Prophetam
1174 2179 1263 2231 hic
1292 2170 1693 2229 Callimachum
1745 2173 1961 2236 poetam
1997 2167 2174 2216 vocat.
2231 2156 2331 2211 Ec—

759 2292 861 2332 cur
887 2289 1016 2331 vero
1037 2273 1155 2342 ejus
1184 2265 1499 2323 testimonio
1530 2261 1706 2316 utitur
1728 2261 1751 2312 ’ί
1771 2255 2032 2326 quoniam
2083 2250 2335 2306 homines

763 2379 894 2420 tunc
919 2361 1221 2435 przesertim
1243 2356 1454 2428 pudore
1506 2350 1882 2416 percellunlur
1899 2361 1928 2399 a
1948 2343 2130 2408 nobis,
2154 2355 2335 2412 quan-

763 2462 833 2515 do
875 2474 970 2513 eos
999 2468 1226 2511 suoruut
1256 2436 2134 2507 criminationibuscoarguimus.

843 2568 860 2600 ι
899 2544 1114 2601 Mundis
1147 2559 1160 2594 ι
1196 2535 1566 2605 coinquinatis
1601 2539 1783 2585 autem
1815 2535 1871 2582 et
1915 2525 2232 2578 inﬁdelibus
2258 2521 2342 2577 ni-

769 2642 842 2696 hil
871 2645 956 2694 est
1011 2634 1299 2697 mundum,
1351 2627 1445 2683 sed
1504 2623 1803 2692 inquinata:
1863 2625 1994 2673 sunt
2051 2630 2244 2670 eorum
2289 2624 2346 2668 et

769 2747 925 2787 mens
946 2739 998 2784 et
1018 2717 1578 2796 conscientia.[Vens.
1604 2713 2076 2785 16.]Conlitentur
2104 2723 2163 2762 se
2182 2721 2346 2760 nosse

773 2825 962 2885 Deum,
1008 2819 1169 2873 factis
1214 2821 1395 2868 autem
1437 2816 1660 2878 negant,
1708 2820 1830 2858 curn
1870 2804 1983 2858 sittt
2021 2797 2345 2860 abominati,

770 2925 824 2970 et
850 2911 1218 2973 incredibiles,
1248 2915 1301 2961 et
1335 2905 1401 2958 ad
1433 2915 1597 2956 onme
1632 2912 1773 2966 opus
1805 2897 2006 2949 bonum
2041 2889 2282 2960 reprobi.
2324 2905 2341 2938 ι

1469 2991 1620 3048 CAP.
1649 2989 1713 3043 ll.

846 3094 1154 3154 VsasJ-S.
1199 3091 1280 3147 Tu
1311 3097 1491 3144 autem
1535 3085 1758 3154 loquere
1780 3078 2112 3151 quattlecent
2161 3085 2351 3129 sanatn

777 3195 1106 3250 doctrinam.
1151 3188 1323 3241 Senes
1351 3189 1411 3237 ut
1473 3178 1646 3236 sobrii
1694 3176 1829 3237 sint,
1885 3171 2087 3228 saniin
2139 3167 2264 3231 title,
2295 3166 2387 3242 in‘

2420 3191 2427 3252 ί
2455 3146 2774 3232 Πρεσδυτας
2805 3152 3106 3226 νηφαλὲους

778 3286 1094 3347 dilectione,
1127 3281 1184 3333 in
1210 3272 1492 3348 patientia.
1552 3269 1706 3322 Anus
1736 3264 1991 3319 similiter
2055 3261 2108 3313 in
2163 3258 2351 3311 habitu

781 3383 993 3440 sancto,
1024 3385 1133 3426 non
1186 3361 1610 3423 criminatrices,
1655 3370 1765 3409 non
1829 3352 2002 3406 multo
2055 3350 2181 3402 vino
2238 3360 2356 3400 ser-

783 3473 1015 3530 vientes,
1062 3462 1203 3516 bene
1257 3455 1538 3517 docentes,
1576 3457 1638 3502 ut
1705 3442 2050 3516 prudentiam
2121 3440 2355 3493 doceant

786 3551 1247 3613 adolescentulas,
1285 3557 1343 3600 ut
1371 3545 1525 3597 viros
1578 3555 1710 3595 suos
1755 3543 1965 3598 ament,
2024 3532 2168 3586 tilios
2224 3542 2359 3585 suos

787 3644 1298 3722 diligant.Sobrias,
1360 3643 1571 3698 castas,
1624 3631 1823 3686 domus
1852 3639 2042 3680 curam
2071 3622 2357 3687 habentes,

789 3744 1077 3811 benignas,
1115 3733 1372 3790 subditas
1404 3727 1545 3780 viris
1573 3723 1717 3779 suis.
1761 3738 1780 3771 ι

859 3807 977 3885 Non
1017 3834 1211 3897 suapte
1240 3830 1456 3882 natura,
1483 3814 1578 3872 scd
1600 3830 1665 3866 ex
1693 3808 2065 3866 destinatione
2112 3807 2363 3861 volunta-

793 3928 863 3979 tis
892 3925 1114 3977 illorum
1147 3913 1242 3986 qui
1275 3928 1340 3966 ea
1364 3908 1724 3981 participant.

866 4013 1029 4085 272
1062 4030 1078 4062 ι
1113 4007 1182 4061 Ut
1211 4020 1319 4060 non
1348 4000 1759 4070 blasphemctur
1791 3993 2018 4048 verbum
2050 3987 2362 4059 Dei.[\"£ns.

795 4080 955 4166 6-
979 4104 1000 4176 ]
1039 4101 1280 4156 Juvenes
1309 4094 1569 4150 similiter
1599 4091 1827 4143 hortare
1858 4093 1920 4138 ut
1949 4083 2122 4138 sobrii
2149 4083 2282 4135 sint.
2311 4080 2364 4132 In

796 4174 1058 4254 omnibus
1099 4200 1335 4258 teipsum
1393 4181 1570 4253 prcebe
1593 4175 1903 4245 exemplum
1936 4174 2208 4227 bonorum
2236 4183 2367 4238 ope-

797 4305 945 4351 rum,
977 4287 1030 4339 in
1061 4281 1330 4343 doctrina,
1370 4276 1423 4328 in
1457 4271 1794 4342 integritate,
1820 4284 1874 4320 tn
1910 4264 2204 4336 gravitate,
2242 4276 2367 4316 vere

802 4381 929 4435 bmn
961 4387 1182 4436 sanum,
1216 4361 1714 4436 irreprehensibile,
1744 4365 1806 4411 ut
1835 4358 1881 4410 is
1915 4355 2008 4424 qui
2034 4369 2100 4409 ex
2125 4352 2361 4406 adverso

800 4475 886 4524 est
907 4471 1178 4525 vereatur,
1197 4457 1339 4513 nihil
1367 4455 1575 4509 habens
1601 4451 1806 4504 malum
1837 4447 2023 4500 dicere
2051 4443 2120 4498 de
2176 4443 2368 4496 nobis.

1905 406 1965 465 S.
2006 399 2324 462 JOANNIS
2347 391 2780 458 DAMASCENI

2402 515 2514 577 θον,
2550 510 2823 580 σώφρονα,
2857 505 3090 562 δίκαιον,
3131 497 3298 559 ὅσιον,
3330 488 3594 562 ἐγκρατῆ,
3622 481 3999 554 ἀντεχόμενον

3851 365 3998 430 1028

2410 607 2504 661 τοῦ
2540 606 2682 657 κατά
2715 601 2815 670 τὴν
2852 595 3072 664 διδαχὴν
3119 587 3316 644 πιστοῦ
3357 585 3538 652 λόγου,
3577 581 3663 632 ἵνα
3703 574 3936 636 δυνατὸς

2410 700 2503 753 καὶ
2533 691 2872 766 παρακαλεῖν
2901 691 2956 741 ἐν
2979 688 3046 755 τῇ
3069 682 3258 750 διδαχῇ
3293 681 3360 748 τῇ
3389 671 3727 742 ὑγιαινούσῃ,
3748 668 3846 720 καὶ
3869 665 4000 725 τοὺς

2412 755 2792 854 ἀντιλέγοντας
2827 781 3092 848 ἐλέγχειν.
3124 773 3242 826 Εἰσὶ
3284 770 3392 838 γὰρ
3426 763 3611 819 πολλοὶ
3653 763 3746 814 καὶ
3780 755 3995 812 ἀνυπό-

2412 896 2623 940 τακτοι,
2658 872 3030 946 ματαιολόγοι,
3063 863 3428 936 φρεναπάται,
3454 857 3688 928 μάλιστα
3721 853 3771 903 οί
3801 850 3869 901 ὲκ
3908 863 4003 898 πε-

2418 966 2670 1038 ριτομῆς,
2701 961 2796 1024 οὓς
2827 959 2910 1011 δεῖ
2951 951 3324 1020 ἐπιστομίζειν
3350 964 3364 978 ’
3397 945 3595 1005 οἵτινες
3625 941 3783 1002 ὃλους
3809 936 4002 994 οἴκους

2417 1024 2836 1124 ἀνατρέπουσιν,
2886 1045 3228 1102 διδάσκοντες
3257 1037 3294 1091 ἃ.
3322 1035 3398 1108 μὴ
3435 1034 3536 1098 δεῖ,
3567 1024 4003 1100 αἰσχροκέρδους

2418 1149 2580 1219 χάριν
2639 1139 2775 1196 Εῐπέ
2800 1155 2884 1202 τις
2914 1136 2976 1202 ἐξ
3004 1133 3182 1189 αὑτῶν
3215 1130 3347 1192 ἴδιος
3374 1124 3555 1180 αὑτῶν
3591 1141 3612 1176 ›

2495 1422 2570 1473 Οὑ
2592 1418 2684 1470 τὸν
2706 1409 3010 1485 νηστευτὴν
3032 1402 3266 1458 ἐνταῦθα
3289 1400 3460 1469 λέγει,
3494 1395 3632 1451 ἀλλά
3667 1393 3760 1446 τὸν
3793 1387 4010 1448 πάθους

2427 1511 2732 1584 κρατοῦντα
2763 1501 2982 1563 παντός.

2510 1622 2528 1655 ι
2544 1599 2836 1673 Προφήτης
2856 1609 2871 1623 ⁸
2900 1591 3116 1662 Κρῆτες
3138 1587 3224 1640 ἀεὶ
3245 1583 3493 1654 ψεῦσται,
3516 1578 3660 1632 κακά
3685 1573 3873 1644 θηρία,
3905 1587 4013 1639 γα-

2433 1660 2621 1762 στέρες
2663 1660 2854 1760 ἀργαί.
2900 1660 2968 1736 ’Π
3003 1676 3288 1750 μαρτυρία
3322 1675 3461 1741 αῦτη
3497 1670 3645 1723 ἐστὶν
3677 1665 3908 1733 ἀληθής.
3932 1660 4012 1713 Δι’

2433 1793 2499 1861 ἢν
2523 1788 2701 1843 αιτίαν
2747 1783 2937 1852 ἔλεγχε
2978 1777 3175 1838 αὐτοὺς
3225 1773 3536 1840 ἀποτόμως,
3574 1766 3662 1818 ἴνα
3690 1761 4014 1830 ὑγιαίνωσιν

2431 1887 2490 1937 ὲν
2513 1869 2580 1953 τῇ
2609 1880 2812 1940 πίστει,
2846 1874 2920 1944 μὴ
2946 1859 3306 1942 προσέχοντες
3340 1859 3663 1918 Ἰουδαϊκοῖς
3681 1856 3874 1927 μύθοις
3883 1894 3896 1914 ι
3917 1850 4016 1904 καὶ

2432 1943 2678 2032 ἐντολαῖς
2727 1943 3031 2035 ἀνθρώπων
3074 1953 3572 2024 ἀποστρεφομένων
3598 1947 3694 2017 τὴν
3729 1943 4013 2012 ἀλήθειαν.

2432 2067 2618 2120 Πάντα
2654 2061 2752 2132 μὲν
2789 2055 3009 2127 καθαρά
3037 2053 3150 2115 τοῖς
3179 2069 3196 2102 ι

2503 2126 2841 2225 Προφήτην,
2880 2126 3117 2201 ἐνταῦθα
3149 2143 3239 2196 τὸν
3265 2138 3497 2209 ποιητὴν
3534 2135 3708 2202 λέγει,
3741 2130 3835 2183 τὸν
3865 2126 4012 2181 Καλ-

2436 2219 2672 2321 λίμαχον
2704 2245 2842 2316 (ιο).
2875 2245 2973 2294 Διά
2999 2238 3053 2292 τι
3079 2236 3136 2290 δὲ
3167 2236 3235 2306 τῇ
3261 2229 3541 2304 μαρτυρία
3561 2223 3724 2280 αὑτοῦ
3751 2240 3766 2288 ;
3797 2224 3880 2276 ὅτι
3912 2219 4019 2290 μά-

2435 2342 2594 2394 λιστα
2644 2336 2853 2396 τούτοις
2916 2328 3247 2402 ἐντρέπομεν
3281 2320 3498 2384 αὑτοὺς,
3531 2317 3658 2371 ὃταν
3689 2316 3754 2368 ὲκ
3780 2312 3891 2365 τῶν
3919 2309 4020 2362 αὑ·-

2437 2431 2547 2486 τῶν
2569 2428 2889 2495 ὲνὲγκωμεν
2929 2422 3025 2484 τάς
3059 2414 3416 2488 κατηγορίας.

2519 2543 2536 2576 ι
2576 2520 2884 2591 Καθαροῖς’
2923 2517 3034 2576 τοῖς
3072 2512 3129 2565 δὲ
3187 2505 3588 2581 μεμιασμένοις
3628 2502 3722 2555 καὶ
3766 2497 4022 2558 ἀπίστοις

2442 2616 2595 2671 οὐδὲν
2643 2610 2908 2682 καθαρὸν,
2937 2605 3076 2663 ἀλλὰ
3116 2601 3412 2674 μεμίανται
3450 2595 3650 2656 αὑτῖν,
3693 2592 3778 2644 κο]ι
3813 2592 3841 2642 ὁ
3877 2585 3999 2641 νοῦς

2447 2708 2541 2760 καὶ
2574 2706 2606 2776 ἡ
2641 2678 2966 2769 συνείδησις·
2987 2696 3120 2749 Θεὸν
3159 2689 3520 2764 ὁμολογοῦσιν
3557 2685 3781 2743 εἰδέναι,
3829 2683 3940 2741 τοῖς
3972 2678 4026 2730 δὲ

2449 2771 2630 2868 ἔργοις
2679 2795 2991 2865 ἀρνουνται.
3042 2782 3330 2840 Πδελυκτοὶ
3391 2779 3565 2842 ὄντες,
3614 2776 3710 2829 καὶ
3749 2771 4022 2830 ἀπειθεῖς,

2449 2890 2546 2943 καὶ
2578 2886 2715 2959 πρὸς
2748 2884 2855 2936 πᾶν
2897 2881 3056 2951 ἔργον
3081 2874 3286 2944 ἀγαθὸν
3313 2872 3584 2939 ἀδόκιμοι.
3619 2888 3637 2919 ι

3063 2967 3314 3023 ΚΕΦΑΛ.
3357 2964 3432 3016 Β’.

2529 3095 2546 3126 ι
2574 3075 2645 3126 Συ
2671 3071 2728 3124 δὲ
2748 3068 2902 3124 λάλει
2931 3065 2968 3119 ἃ
3004 3061 3206 3132 πρέπει
3230 3060 3297 3128 τῇ
3337 3053 3658 3123 ὑγιαινούσῃ
3685 3043 4028 3116 διδασκαλία.

3144 3144 3308 3209 εἶναι,
3351 3143 3606 3213 σεμνοὺς,
3639 3138 3928 3206 σώφρονας
3967 3135 4030 3202 τῇ

2463 3229 2666 3315 πίστει,
2699 3252 2766 3320 τῇ
2807 3246 3019 3317 ἀγάπῃ,
3045 3241 3317 3310 ὑπομονῇ.
3353 3233 3724 3306 Πρεσὸὑτιδας
3748 3229 4030 3290 ὡσαύτως,

2459 3346 2517 3396 ὲν
2544 3318 2929 3408 καταστήματι
2965 3332 3336 3404 ἱεροπρεπεῖς,
3366 3329 3439 3397 μὴ
3473 3321 3778 3383 διαϐόλους,
3811 3318 3888 3389 μὴ
3910 3319 4034 3384 οῐνῳ

2463 3434 2640 3504 πολλῷ
2676 3428 3101 3498 δεδουλωμένας,
3135 3417 3649 3478 καλοδιδασκάλους,
3687 3414 3779 3467 ἵνα
3822 3426 4032 3480 σωφρο-

2463 3527 2652 3590 νίζωσι
2679 3522 2777 3585 τάς
2803 3521 2930 3582 νέας
2975 3515 3298 3586 φιλάνδρους
3325 3507 3483 3572 εἶναι,
3531 3506 3902 3576 φιλοτέκνους,
3935 3499 4036 3552 σώ-

2466 3634 2694 3689 φρσνας,
2738 3613 2930 3680 ἁγνάς,
2968 3606 3275 3678 οἰκουροὺς,
3317 3601 3550 3671 ἀγαθάς,
3591 3595 4039 3663 ὑποτασσομένας

2465 3715 2580 3774 τοῖς
2604 3709 2758 3769 ἰδίοις
2792 3703 3072 3776 ἀνδράσιν.
3114 3717 3129 3749 t

2540 3805 2613 3858 Οὑ
2647 3801 2798 3871 παρὰ
2820 3799 2916 3866 τὴν
2940 3795 3148 3848 οἰκείαν
3177 3791 3357 3860 φύσιν,
3388 3785 3524 3841 άλλά
3553 3782 3705 3854 παρὰ
3725 3781 3825 3852 τὴν
3853 3778 4039 3850 τροαί·

2473 3912 2621 3970 ρεσιν
2643 3893 2750 3948 τῶν
2787 3886 3332 3962 μεταλαμϐανόντων.

2551 4008 2568 4041 ι
2593 3989 2707 4040 Ἰνα
2728 3984 2801 4055 μὴ
2819 3983 3014 4048 ὁλόγος
3043 3977 3136 4031 τοῦ
3163 3976 3296 4028 Θεου
3327 3968 3892 4044 βλασφημῆται.Τοὺς
3918 3983 4042 4018 νεω-

2472 4079 2664 4150 τέρους
2687 4067 3282 4150 ὡσαύτωςλπαρακάλει
3308 4064 3624 4134 σωφρονεῖν.
3660 4061 3800 4130 Περὶ
3832 4059 4040 4117 πάντας

2476 4171 2667 4225 ἑαυτὸν
2715 4143 3092 4236 παρεχόμενος
3134 4159 3306 4213 τύπον
3338 4155 3518 4210 καλῶν
3557 4154 3755 4223 ἔργων,
3798 4153 3855 4204 ὲν
3883 4154 3950 4222 τῇ
3975 4150 4045 4202 δι-

2476 4260 2761 4330 δασκαλία,
2787 4255 3077 4326 ἀφθορίαν,
3114 4251 3440 4322 σεμνότητα,
3469 4249 3626 4314 λόγον
3663 4245 3818 4313 ὑγιῆ,
3846 4242 4045 4295 ἀκατά-

2478 4369 2717 4423 γνωστον
2791 4349 2877 4401 ἵνα
2917 4348 2944 4399 ὁ
2973 4345 3033 4408 ἐξ
3079 4342 3329 4403 ἐναντίας
3376 4340 3641 4408 ὲν.ρα..ῇ,
3695 4334 3866 4405 μηδὲν
3914 4332 4047 4402 ἔχων

2481 4444 2610 4516 περὶ
2632 4441 2789 4512 ἡμῶν
2824 4438 3004 4506 λέγειν
3035 4434 3262 4503 φαῦλον.
3290 4429 3524 4492 Δοῦλους
3575 4427 3726 4490 ιδίοις
3757 4424 4048 4484 δεσπόταις

805 4557 1010 4612 Servos
1061 4548 1301 4607 dominis
1333 4546 1450 4599 suis
1509 4539 1760 4596 subditos
1814 4550 1962 4596 esse,
1999 4535 2057 4588 in
2110 4532 2369 4586 omnibus

2420 4545 2448 4602 J
2475 4533 2872 4592 ὑποτάσσεσθαι
2910 4531 2968 4582 ὲν
3010 4528 3200 4588 πᾶσιν,
3250 4521 3582 4592 εὐαρέστους
3608 4514 3765 4581 εἶναι,
3802 4517 3877 4586 μὴ
3901 4518 4047 4570 ἀντι-

807 4650 1107 4718 placentes,
1137 4655 1246 4694 non
1274 4633 1737 4693 contradicentes,
1771 4641 1879 4680 non
1900 4623 2239 4686 l'raudantes,
2276 4619 2371 4675 sed

807 4754 1019 4794 onmem
1053 4735 1208 4788 ﬁdem
1265 4730 1462 4783 bonam
1517 4721 1895 4778 ostendentes.
1941 4723 2003 4770 ut
2065 4713 2373 4769 doctrinam

809 4825 1111 4886 Salvatoris
1139 4820 1319 4876 nostri
1353 4816 1444 4870 Dei
1477 4820 1673 4868 ornent
1699 4813 1756 4865 in
1784 4809 2064 4863 omnibus.
2103 4805 2374 4875 Apparuit

807 4923 953 4977 enim
973 4918 1145 4989 gratia
1166 4913 1284 4974 Dei,
1311 4907 1569 4965 salutaris
1587 4903 1846 4959 omnibus
1871 4899 2213 4961 hominibus,
2243 4911 2377 4949 eru-

811 5015 967 5068 diens
996 5025 1119 5070 nos,
1152 5013 1210 5057 ut
1263 5005 1602 5070 abnegantes
1642 4993 1978 5063 impietatem
1998 4997 2052 5044 et
2071 4989 2381 5051 saecularia,

813 5100 1108 5160 desideria,
1157 5095 1362 5155 sobrie,
1393 5101 1447 5145 et
1481 5090 1650 5159 juste,
1701 5093 1757 5138 et
1793 5084 1879 5153 pie
1915 5081 2166 5136 vivamus
2200 5081 2255 5134 in
2289 5081 2392 5135 hoc

817 5193 1036 5252 sazculo,
1087 5190 1473 5255 exspectantes
1530 5181 1747 5233 beatam
1795 5189 1948 5242 spem
1984 5181 2038 5226 et
2084 5170 2380 5226 adventum

817 5282 1004 5352 gloriae
1037 5276 1216 5349 magni
1249 5273 1343 5328 Det
1367 5283 1420 5326 et
1461 5271 1767 5324 Salvatorts
1827 5263 2000 5317 nostri
2035 5261 2165 5318 Jesu
2219 5264 2380 5316 Chii-

820 5377 911 5431 sti.
952 5392 969 5424 ι

2481 4631 2755 4697 λέγοντας,
2815 4621 2949 4693 μηδὲ
2988 4616 3427 4686 νοσφιζομένους,
3463 4613 3597 4665 ἀλλὰ
3648 4610 3834 4662 πίστιν
3875 4611 4050 4662 πᾶσαν

2484 4716 2960 4785 ἐπιδεικνυμένους
3015 4709 3248 4778 ἀγαθὴν,
3285 4707 3376 4759 ἵνα
3421 4707 3518 4774 τὴν
3569 4702 3928 4756 διδασκαλίαν
3961 4699 4048 4751 τοῦ

2486 4811 2738 4881 Σωτῆρος
2764 4805 2922 4876 ἡμῶν
2949 4802 3086 4856 Θεοῦ
3127 4799 3406 4868 κοσμῶσιν
3450 4798 3508 4850 ἐν
3548 4798 3730 4848 πᾶσιν.
3776 4791 4049 4860 Ἐπεφάνη

2487 4906 2595 4974 γάρ
2622 4904 2654 4972 ὴ
2688 4902 2850 4969 χάρις
2882 4897 2974 4948 τοῦ
2999 4894 3133 4948 Θεοῦ
3174 4895 3206 4962 ἡ
3239 4893 3505 4959 σωτήριος
3528 4890 3660 4941 πᾶσι
3723 4888 3756 4939 ὰ
3794 4885 4050 4955 θρώποις,

2491 4994 2821 5047 παιδεύουσα
2873 4989 3040 5059 ἡμᾶς,
3099 4987 3188 5039 ἵνα
3222 4984 3592 5054 ἀρνησάμενοι
3640 4982 3739 5048 τὴν
3778 4978 4050 5041 ἀσέϐειαν,

2490 5087 2585 5139 καὶ
2615 5084 2713 5146 τὰς
2729 5079 2998 5152 κοσμικὰς
3025 5077 3343 5148 ἐπιθυμίας,
3374 5074 3666 5145 σωφρόνως
3695 5073 3790 5124 καὶ
3815 5070 4053 5130 δικαίως,

2493 5178 2585 5230 καί
2622 5175 2861 5237 εὐσεϐῶς
2883 5173 3139 5242 ζήσωμεν
3169 5174 3225 5222 ὲν
3252 5168 3330 5238 τῷ
3370 5167 3464 5219 νῦν
3487 5165 3662 5227 αἰῶνι,
3696 5161 4055 5232 προσδεχομέ·

2494 5287 2613 5332 νους
2641 5271 2737 5338 τὴν
2780 5266 3058 5338 μακαρίαν
3104 5263 3312 5327 ἐλπίδα,
3347 5262 3442 5314 καὶ
3489 5258 3813 5325 ἐπιφάνειαν
3845 5257 3944 5323 τῆς
3979 5254 4053 5305 δὲ-

2496 5363 2591 5431 ξης
2627 5364 2720 5414 τοῦ
2759 5361 2996 5430 μεγάλου
3037 5355 3196 5421 θεοῦ,
3252 5355 3344 5409 καὶ
3383 5355 3636 5422 Σωτῆρος
3683 5348 3842 5418 ἡμῶν
3889 5343 4054 5418 Ἰησοέ

2496 5455 2757 5526 Χριστοῦ.
2801 5473 2819 5505 ι

2333 5557 2537 5614 ΝυΤᾸΞ
2550 5602 2562 5615 .

850 5656 1006 5739 “(1.6)
1082 5656 1192 5710 τὸν
1255 5657 1660 5723 Καλλίμαχον.
1717 5656 2096 5707 Tlteodoretus
2163 5656 2388 5720 perinde

829 5737 846 5782 t
872 5727 1219 5808 atttniaclrumr
1235 5725 1391 5807 dicit;
1407 5726 1801 5808 gttrysostomo
1831 5738 1978 5784 vero.
2001 5721 2388 5808 Epimenideni;

827 5799 922 5864 qui
943 5813 1074 5851 sane
1101 5797 1376 5852 Cretensis
1414 5792 1538 5858 fuit,
1567 5804 1621 5848 et
1641 5793 1799 5864 cujus
1829 5808 1986 5848 voces
2011 5792 2273 5860 quasdam
2308 5806 2390 5845 te-

1082 5655 1192 5710 τὺν
1255 5657 1660 5723 Καλλίμαχον.
1717 5651 2099 5723 Theodoretus
2163 5650 2388 5723 perinde

2495 5657 2653 5725 citat,
2685 5670 2804 5725 qua:
2845 5663 3021 5708 tamen
3086 5669 3191 5710 non
3253 5653 3387 5706 satis
3448 5649 3566 5704 illas
3620 5645 3866 5701 referunt
3933 5653 4055 5713 quas

2499 5724 2708 5780 Paulus
2739 5725 2952 5794 allegat.
