4214 6446
218 414 358 483 ηερ
1256 410 1333 469 1N
1378 408 1617 469 EPlST.
1663 408 1760 466 AD
1792 405 2321 470 PIIILEMONEM.
3329 398 3466 463 1030

295 534 359 585 Ei
391 530 501 603 γάρ
535 530 824 603 συμϐαίνει
862 528 1095 598 γυναῖκα
1143 523 1341 593 πιστὴν
1375 522 1589 591 ἀπίστῳ
1632 537 1799 575 συνοι-
1828 525 1869 581 Α

1828 525 1869 581 A
1973 521 2107 575 Nam
2132 522 2178 577 si
2234 522 2508 594 contingit
2544 534 2600 580 ιιι
2632 541 2773 582 uxor
2802 526 3001 590 ﬁdelis,
3032 535 3156 593 qua!
3184 532 3310 574 eum
3347 517 3466 570 viro

214 623 442 687 κοῦσαν,
473 624 550 693 μὴ
578 619 711 676 εἶναι
735 621 1012 692 ἐνάρετον,
1038 621 1075 691 ἡ
1100 614 1419 688 βλασφημία
1436 615 1526 667 ἐπὶ
1548 612 1639 667 τὸν
1660 611 1792 665 Θεὸν

1905 610 2108 666 inﬁdeli
2141 612 2352 668 habitat
2405 616 2597 670 Virtuti
2634 632 2740 672 non
2771 618 2862 674 det
2886 628 3144 685 operam,
3184 612 3466 665 obtrecta-

213 716 511 768 δ.α6αινειν
541 713 749 769 εἴωθεν.

1901 703 1973 756 tio
2000 714 2052 756 et
2082 703 2424 775 blasphemia
2453 707 2509 763 in
2537 707 2706 763 Deum
2740 709 2915 778 ipsum
2946 703 3256 762 redundare
3286 700 3445 756 solet.

290 825 310 857 ι
354 808 449 867 Ὃ,
490 805 691 859 ἔδωκεν
735 804 927 858 ἑαυτὸν
958 804 1098 873 ὑπὲρ
1132 799 1307 872 ἡμῶν,
1333 800 1422 853 ἵνα
1444 797 1790 869 λυτρώσηται

1973 794 2138 851 Vsus.
2172 798 2345 863 14,ιὸ
2402 817 2421 849 ι
2458 799 2563 866 Qul
2595 801 2744 856 dedit
2777 800 3133 869 semetipsum
3162 810 3263 867 pro
3288 792 3466 857 nobis,

217 899 362 967 ὑμᾶς
387 897 495 950 ἀπὸ
523 898 704 967 πάσης
733 896 989 966 ἀνομίας,
1014 896 1108 949 καὶ
1145 893 1425 963 καθαρίσῃ
1454 890 1634 960 ἐαυτῷ
1661 889 1791 942 λαὸν

1895 895 1957 940 ut
1990 888 2284 943 redimeret
2325 904 2425 944 nos
2458 890 2527 943 ab
2555 906 2705 945 omni
2731 889 3047 960 iniquitate,
3083 899 3137 944 et
3167 884 3465 941 mundaret

214 987 551 1055 περιούσιον,
594 985 846 1057 ζηλωτὴν
898 986 1082 1040 καλῶν
1137 984 1334 1055 ἔργων.
1382 982 1567 1035 Ταῦτα
1616 980 1787 1045 λάλει,

1897 980 1998 1033 sibi
2049 981 2309 1052 populum
2351 983 2769 1050 aceeptabilem,
2816 987 3149 1037 sectatorem
3196 978 3466 1031 bonorum

215 1079 311 1131 καὶ
360 1078 672 1149 παρακάλει
730 1080 823 1132 καὶ
874 1079 1061 1147 ἔλεγχε
1116 1077 1254 1147 μετὰ
1292 1075 1476 1144 πάσης
1498 1072 1786 1142 ἐπιταγῆς.

1895 1085 2144 1142 operum.
2180 1071 2308 1128 Hasc
2338 1073 2585 1143 loquere,
2616 1082 2671 1128 et
2700 1075 3018 1137 exhortare,
3047 1080 3101 1126 et
3130 1083 3308 1140 argue
3341 1083 3466 1123 cum

215 1164 427 1237 Μηδείς
458 1186 554 1223 σου
586 1170 1009 1241 περιφρονείτω.
1051 1190 1069 1220 ι

1894 1167 2042 1221 omni
2088 1166 2343 1236 imperio.
2381 1166 2552 1222 Nemo
2587 1176 2639 1221 te
2676 1172 3014 1221 contemnat.
3059 1182 3078 1215 ι

852 1261 1101 1316 ΚΕΦΛΛ.
1136 1261 1189 1313 Γ¹

2591 1260 2750 1315 CAP.
2788 1259 2867 1315 Ill.

294 1373 313 1406 ι
348 1353 763 1423 Ὑπομίμνησκε
796 1354 989 1417 αὐτοὺς
1013 1356 1226 1424 ἀρχαῖς,
1258 1352 1353 1406 καὶ
1374 1351 1643 1418 ἐξουσίαις
1667 1351 1791 1404 ὕπο-

1964 1352 2134 1410 Vsns.
2169 1353 2321 1408 1-15.
2356 1354 2632 1409 «Admone
2672 1353 2796 1407 illos
2832 1350 3175 1422 principibus
3202 1355 3258 1404 et
3312 1353 3468 1418 pote—

214 1444 534 1507 τάσσεσθαι,
558 1442 899 1514 πειθαρχεῖν,
931 1444 1067 1513 πρὸς
1092 1447 1200 1497 πάν
1229 1442 1390 1514 ἔργον
1414 1443 1619 1511 ἀγαθὸν
1649 1441 1787 1496 ἐτοι-

1897 1446 2139 1501 statibus
2175 1444 2426 1500 subditos
2450 1460 2596 1508 esse,
2620 1444 2771 1499 dicto
2790 1443 3038 1504 obedire,
3070 1440 3136 1495 ad
3153 1453 3316 1494 omne
3330 1451 3469 1507 opus

217 1552 354 1603 μους
388 1531 548 1599 εἶναι,
583 1534 786 1604 μηδένα
807 1535 1171 1604 βλασφημεῖν,
1194 1535 1444 1605 ἀμάχους
1469 1531 1629 1601 εἶναι,
1662 1537 1786 1586 ἐπι-

1895 1538 2106 1591 bonum
2141 1546 2367 1606 paratos
2398 1552 2542 1603 esse,
2596 1536 2872 1591 neminem
2903 1533 3309 1603 blasphemare,
3356 1543 3469 1583 non

211 1629 405 1689 εικεῖς,
455 1627 636 1679 πᾶσαν
670 1625 1113 1695 ἐνδεικνυμένους
1145 1626 1430 1696 πραότητα
1482 1625 1619 1695 πρὸς
1654 1624 1790 1677 πάν·

1896 1627 2173 1697 litigiosos
2210 1642 2358 1693 esse,
2392 1628 2487 1684 sed
2522 1628 2823 1695 modestos,
2853 1639 3072 1680 omnem
3111 1621 3470 1678 ostendentes

211 1734 315 1780 τας
340 1716 683 1787 ἀνθρώπους.
723 1712 910 1786 ἾΙμεν
951 1717 1048 1785 γάρ
1076 1733 1207 1769 ποτε
1226 1717 1321 1769 καὶ
1353 1718 1515 1785 ἡμεῖς
1544 1716 1786 1785 ἀνόητοι,

1896 1719 2370 1774 mansuetudinem
2401 1720 2471 1774 ad
2502 1733 2693 1775 omnes
2722 1718 2996 1773 homines.
3049 1714 3285 1787 Eramus
3312 1711 3464 1767 enim

212 1807 486 1873 ἀπειθεῖς,
530 1807 899 1877 πλανώμενοι,
948 1805 1296 1871 δουλεύοντες
1338 1808 1656 1880 ἐπιθυμίαις
1695 1808 1788 1861 καὶ

1895 1808 2194 1879 aliquando
2224 1817 2280 1863 et
2312 1823 2413 1864 nos
2443 1809 2799 1879 insipientes,
2833 1805 3125 1872 increduli,
3179 1810 3460 1866 errantes,

212 1900 435 1969 ἡδοναῖς
473 1897 764 1961 ποικίλαις,
805 1900 863 1951 ἐν
910 1898 1100 1969 κακίᾳ,
1139 1899 1233 1952 καὶ
1282 1899 1461 1969 φθόνῳ
1491 1899 1789 1965 διάγοντες,
1825 1889 1865 1942 Β

1825 1889 1865 1942 Β
1895 1907 2202 1956 sementes
2254 1899 2549 1955 desideriis
2601 1909 2657 1955 et
2717 1898 3100 1969 voluptatibus
3152 1895 3351 1959 variis,
3408 1894 3466 1948 in

214 1990 498 2057 στυγητοί,
542 1989 826 2057 μισοῦντες
860 1989 1141 2060 ἀλλήλους.
1176 1990 1308 2043 "(ita
1338 1989 1392 2042 δὲ
1426 1991 1457 2059 ὴ
1487 1989 1790 2059 χρηστότης

1894 1991 2103 2045 malitia
2132 1998 2190 2046 et
2219 1991 2425 2048 invidia
2460 1997 2708 2061 agentes,
2749 1990 3006 2051 odibiles,
3039 1988 3294 2044 odientes
3328 1985 3469 2042 invi-

213 2082 363 2151 καὶὴ
384 2080 763 2150 φιλανθρωπία
792 2081 1037 2150 ἐπεφάνη
1058 2082 1152 2132 του
1178 2080 1431 2151 Σωτῆρος
1449 2080 1609 2149 ἡμῶν
1630 2079 1788 2144 Θεοῦ,

1894 2099 2034 2141 cem.
2070 2083 2205 2139 Cum
2259 2093 2443 2142 autem
2484 2084 2799 2155 benignitas
2844 2090 2899 2137 et
2933 2082 3250 2137 humanitas
3296 2094 3468 2151 appa-

211 2176 316 2228 οὑκ
362 2174 424 2238 ἐξ
467 2175 646 2244 ἔργων
691 2192 798 2226 των
855 2175 913 2226 ἐν
962 2173 1279 2244 δικαιοσύνη
1330 2193 1404 2227 ων
1452 2175 1791 2243 ὲποιίσαμεν

1892 2182 2007 2228 ruit
2047 2172 2354 2229 Salvatoris
2404 2173 2583 2229 nostri
2614 2172 2708 2228 Dei
2733 2188 2844 2227 non
2874 2188 2939 2228 ex
2968 2170 3470 2242 operibusjustitim

211 2268 400 2337 ἡμεῖς,
435 2265 571 2317 ἀλλὰ
610 2265 751 2318 κατὰ
782 2266 843 2317 τὸ
868 2265 1063 2317 ἐαυτοῦ
1097 2266 1245 2327 ἔλεος
1270 2265 1475 2317 ἔσωσεν
1502 2265 1672 2334 ἡμᾶς,
1702 2264 1790 2317 διά

1891 2281 2015 2335 quze
2064 2265 2298 2321 fecimus
2334 2280 2458 2329 nos,
2503 2265 2598 2318 sed
2663 2263 2965 2319 secundum
3030 2261 3467 2317 misericordiam

208 2358 443 2428 λουτρου
476 2357 917 2425 παλιγγ·νεσίας,
949 2357 1046 2410 καὶ
1093 2358 1126 2409 ά
1163 2374 1511 2421 ακαινωσεω,
1541 2356 1791 2427 Πνεῦμα-

1892 2372 2047 2412 suam
2077 2357 2261 2413 salvos
2283 2372 2386 2413 nos
2407 2356 2535 2411 fecit
2565 2371 2662 2425 per
2698 2355 2973 2410 lavacrum
3029 2353 3468 2426 regenerationis

209 2466 304 2513 τος
334 2449 512 2515 ἁγίου,
545 2442 604 2501 οὗ
626 2450 840 2517 ἐξέχεεν
873 2449 957 2517 ἐφ’
985 2449 1133 2518 ἡμᾶς
1176 2450 1445 2513 πλουσίως
1484 2449 1572 2504 διὰ
1615 2449 1789 2521 Ἰησοῦ

1898 2456 1953 2502 et
2016 2446 2394 2501 renovationis
2441 2445 2679 2517 Spiritus
2712 2448 2910 2509 sancti,
2946 2462 3109 2517 quem
3178 2444 3373 2500 effudit
3412 2445 3466 2499 in

211 2538 455 2608 Χριστοῦ
502 2536 597 2591 τοῦ
638 2537 890 2609 Σωτῆρος
933 2540 1111 2608 ἡμῶν,
1156 2540 1242 2592 ἵνα
1286 2539 1673 2602 δικαιωθέντες
1721 2542 1788 2610 τῇ

1892 2549 1995 2590 nos
2028 2536 2244 2591 abunde
2291 2552 2390 2606 per
2437 2534 2619 2591 Iesum
2654 2536 2932 2592 Christum
2970 2535 3310 2593 Salvatorem
3363 2552 3468 2591 no-

210 2631 427 2683 ἐκείνου
469 2632 647 2700 χάριτι
718 2632 1047 2701 κληρονόμοι
1114 2632 1406 2701 γενωμεθα
1449 2630 1569 2682 κατ’
1598 2630 1791 2683 ἐλπίδα

1892 2636 2090 2692 strum,
2143 2635 2201 2681 ut
2227 2628 2515 2698 iustiﬁcati
2556 2628 2732 2699 gratia
2767 2627 2957 2697 ipsius,
2998 2628 3240 2684 haeredes
3291 2628 3468 2684 simus

211 2722 361 2793 ζωῆς
414 2724 655 2776 αἰωνίου.
716 2725 914 2787 Πιστὸς
942 2725 971 2776 ὁ
1010 2723 1165 2792 λόγος
1195 2741 1209 2755 ⁸
1251 2724 1346 2778 καὶ
1398 2724 1528 2795 περὶ
1583 2724 1791 2775 το·’των

1889 2718 2193 2773 secundum
2229 2734 2383 2788 spem
2414 2718 2539 2772 vitae
2598 2728 2839 2773 aeternae.
2897 2717 3101 2773 Fidelis
3125 2733 3309 2773 sermo
3338 2724 3464 2785 est;

213 2816 478 2886 βούλομαί
507 2832 564 2868 σε
600 2814 971 2884 βεϐαιοῦσθαι,
999 2817 1086 2869 ἵνα
1133 2815 1462 2886 φροντίζωσι
1490 2815 1671 2867 καλῶν
1693 2815 1786 2883 ἕρ-

1888 2821 1945 2865 et
1974 2808 2041 2865 de
2074 2808 2160 2863 his
2192 2809 2315 2863 volo
2346 2819 2400 2864 te
2421 2810 2775 2873 conﬁrmare,
2811 2816 2871 2862 ut
2899 2816 3094 2864 curent
3122 2809 3283 2864 bonis
3323 2823 3459 2881 ope-

208 2923 325 2975 γων
360 2904 723 2975 προΐστασθαι
755 2923 801 2957 οι
844 2907 1268 2967 πεπιστευκότες
1294 2904 1434 2974 Θεῷ.
1462 2904 1647 2957 Ταῦτά
1673 2905 1791 2955 ἐστι

1888 2902 2043 2956 ribus
2070 2916 2327 2971 praeesse,
2355 2900 2451 2970 qui
2478 2900 2714 2955 credunt
2766 2900 2898 2956 Deo.
2930 2902 3059 2955 Haec
3090 2901 3382 2956 suntbona
3410 2909 3467 2955 et

208 2997 355 3050 καλά
386 2997 480 3049 καὶ
511 2995 762 3064 ὠφέλιμα
789 2999 902 3055 τοῖς
934 2994 1266 3067 ἀνθρώποις.
1300 2996 1507 3066 Μωράς
1538 2996 1595 3047 δὲ
1630 2994 1791 3065 ξηηή·

1896 2994 2056 3047 utilia
2088 2993 2424 3048 hominibus.
2449 2991 2653 3048 Stultas
2685 3000 2869 3048 autem
2899 2994 3260 3063 quaestiones,
3290 3003 3347 3048 et
3377 3008 3469 3064 ge-

208 3100 329 3147 σεις
350 3085 445 3137 καὶ
469 3083 846 3151 γενεαλογίας,
882 3087 979 3138 καὶ
1010 3085 1177 3156 ἕρεις,
1210 3087 1306 3139 καὶ
1337 3087 1518 3156 μάχας
1556 3085 1788 3155 νομικὰς

1891 3084 2195 3154 nealogias,
2229 3092 2285 3139 et
2314 3084 2720 3149 contentiones.
2754 3093 2810 3141 et
2835 3099 3047 3156 pugnas
3094 3085 3227 3156 legis
3253 3085 3463 3153 devita;

208 3174 561 3243 περιίστασο.
589 3173 710 3227 Εἰσὶ
738 3176 848 3243 γὰρ
872 3174 1172 3242 ἀνωφελεῖς
1213 3176 1309 3228 καὶ
1341 3176 1581 3246 μάταιοι.
1623 3175 1787 3245 Αἱρε-

1893 3184 2023 3229 sunt
2076 3176 2220 3229 enim
2252 3174 2477 3231 inutiles
2503 3183 2558 3230 et
2584 3191 2757 3231 vanae.
2812 3174 3137 3231 Haeretieum
3185 3175 3464 3234 hominem

204 3264 361 3317 τικδν
386 3264 673 3334 ἄνθρωπον
713 3266 849 3334 μετὰ
888 3266 1020 3335 μίαν
1063 3266 1161 3320 καὶ
1200 3265 1464 3336 δευτέραν
1503 3265 1788 3319 νουθεσίαν
1817 3248 1856 3303 C

1817 3248 1856 3303 ο
1892 3275 2018 3339 post
2077 3280 2243 3322 unam
2296 3273 2351 3322 et
2402 3268 2704 3323 secundam
2762 3268 3168 3338 correptionem
3228 3269 3462 3326 devita:

207 3356 503 3425 παραιτοῦ,
563 3355 718 3419 εἰδὼς
746 3358 827 3411 ὅτι
879 3356 1245 3427 ἐξέστραπται
1296 3360 1324 3409 ὀ
1362 3356 1626 3418 τοιοῦτος,
1692 3357 1787 3409 καὶ

1889 3373 2073 3415 sciens
2104 3358 2235 3428 quia
2286 3359 2601 3415 subversus
2655 3366 2764 3423 est,
2800 3360 2897 3430 qui
2953 3359 3229 3429 ejusmodi
3271 3371 3376 3426 est,
3410 3370 3466 3418 et

206 3448 537 3519 ἁμαρτάνει,
572 3445 648 3499 ὢν
685 3448 1171 3519 αὐτοκατάκριτος.
1206 3450 1373 3501 Ὅταν
1406 3449 1607 3519 πέμψω
1658 3450 1784 3517 Ἀρ-

1887 3452 2178 3521 delinquit,
2215 3466 2342 3505 cum
2384 3451 2456 3506 sit
2484 3452 2712 3521 praprio
2765 3451 2979 3522 judicio
3040 3452 3461 3511 condemnatus.

206 3542 384 3610 τεμᾶν
433 3538 567 3607 πρὸς
598 3539 677 3603 σὲ,
715 3540 747 3609 ἢ
784 3540 1041 3609 Τυχικὸν,
1086 3541 1393 3593 σπούδασον
1442 3540 1620 3593 ἐλθεῖν
1649 3540 1786 3611 πρός

1886 3543 2025 3597 Cum
2057 3541 2264 3597 misero
2288 3540 2359 3595 ad
2397 3550 2450 3596 te
2473 3542 2757 3596 Artemam
2790 3549 2883 3596 aut
2908 3541 3234 3613 Tychicum,
3259 3544 3460 3600 lestina

208 3649 278 3700 με
302 3631 384 3691 εἰς
414 3628 722 3683 Νικόπολιν.
760 3626 908 3680 Ἐκεῖ
938 3629 1046 3699 γὰρ
1072 3631 1307 3697 κέκρικα
1341 3630 1783 3699 παραχειμάσαι.

1888 3630 1956 3685 ad
1983 3648 2069 3686 me
2098 3631 2290 3686 venire
2321 3630 2625 3700 Nicopolim
2661 3648 2675 3685 :
2718 3630 2793 3684 ibi
2817 3631 2966 3686 enim
2999 3632 3168 3687 statui
3196 3632 3463 3690 hiemare.

207 3724 388 3793 Ζηνᾶν
440 3724 533 3775 τὸν
570 3723 798 3791 νομικὸν
851 3724 945 3774 καὶ
991 3723 1235 3775 ’Λπολλὼ
1284 3724 1591 3785 σπουδαίως
1646 3723 1780 3793 πρό-

1888 3723 2093 3778 cham
2148 3722 2525 3792 leglsperitum
2562 3733 2618 3777 et
2674 3722 2872 3793 Apollo
2903 3723 3141 3780 sollicite
3165 3725 3461 3794 praemitte,

206 3815 448 3886 πεμψον,
491 3815 579 3867 ἴνα
621 3814 787 3884 μηδὲν
826 3816 1010 3878 αὐτοῖς
1046 3815 1229 3887 λείπῃ.
1266 3816 1700 3867 Μανθανέτωσαν
1728 3814 1784 3867 δὲ

1782 3838 1784 3863 ;
1886 3824 1945 3869 ιιι
1972 3813 2111 3868 nihil
2153 3813 2265 3869 illis
2296 3813 2460 3868 desit.
2506 3813 2727 3869 Discart
2769 3824 2952 3869 autem
2985 3823 3040 3869 et
3071 3816 3249 3872 nostri
3286 3817 3446 3874 bonis

208 3909 302 3959 καὶ
340 3908 390 3959 οἱ
441 3907 701 3976 ἡμέτεροι
746 3907 929 3960 καλῶν
960 3906 1136 3977 ἔργων
1168 3908 1534 3977 προῖσ.ασθαι
1572 3910 1653 3971 εἰς
1684 3908 1781 3971 τά,

1882 3907 2146 3976 aperibus
2214 3922 2452 3977 praeesse
2482 3906 2550 3961 ad
2592 3922 2728 3962 usus
2772 3907 3137 3975 necessarios,
3178 3924 3290 3965 non
3350 3911 3463 3967 sint

207 3997 516 4064 ἀναγκαίας
576 3998 786 4066 χρείας,
825 3999 911 4050 ἵνα
972 4001 1046 4067 μὴ
1093 3993 1225 4051 ὦσιν
1262 4000 1526 4068 ἄκαρποι.
1577 4000 1783 4052 Ἀσπά-

1891 3998 2249 4053 infructuosi.
2310 3998 2566 4052 Salutant
2599 4006 2653 4053 te
2683 3998 2779 4068 qui
2802 4012 3022 4053 mecum
3055 4008 3187 4054 sunt
3243 4015 3457 4058 omnes.

206 4088 393 4153 ζονταί
427 4104 485 4139 σε
516 4091 564 4140 οἱ
603 4090 719 4156 μετ’
751 4089 882 4158 ἔμοῦ
932 4091 1154 4151 πάντες.
1193 4092 1477 4143 ’Ἄσπασαι
1517 4092 1640 4152 τοὺς
1695 4109 1784 4157 φι-

1781 4122 1784 4129 ι
1886 4088 2078 4144 Saluta
2112 4104 2207 4144 eos
2246 4090 2340 4159 qui
2370 4104 2474 4144 nos
2505 4096 2692 4143 amant
2720 4089 2778 4145 in
2811 4088 2940 4146 ﬁde.
2966 4088 3159 4145 Gratia
3190 4088 3287 4148 Dei
3318 4106 3445 4148 cum

203 4180 591 4247 λοῦνταςήμίς
618 4181 676 4231 ἐν
700 4180 899 4236 πίστει.
937 4181 999 4232 ἸΙ
1019 4182 1177 4251 χάρις
1202 4182 1339 4249 μετά
1357 4183 1575 4235 πάντων
1601 4182 1713 4251 ῦμῖ
1738 4200 1776 4235 ι.

1290 4182 1339 4234 τὰ
1357 4183 1575 4235 πάντων
1601 4182 1713 4251 ὑμΐ
1738 4200 1776 4235 ι.
1881 4182 2137 4237 omnibus
2177 4180 2353 4236 vobis.
2392 4182 2591 4236 Amen.
2629 4199 2649 4233 ι
2950 4194 2954 4201 ’

214 4271 413 4338 Ἀμην.
2594 4328 2605 4333 _

200 4361 361 4428 Πρὸς
397 4363 587 4424 Τίτον,
618 4361 728 4429 τῆς
757 4360 1005 4432 Κρητῷν
1031 4361 1369 4432 ἐκκλησίας
1401 4361 1638 4430 πρῶτον
1654 4364 1783 4416 ἐπί-

1953 4362 2035 4415 Ad
2066 4362 2259 4423 Titum,
2285 4363 2375 4432 qui
2398 4364 2601 4431 primus
2629 4364 2799 4419 Crela:
2845 4364 3118 4432 episcopus
3173 4365 3455 4420 ordinatus

275 4446 517 4501 σκοποντ
553 4430 1064 4499 χειροτονηθέντα,
1099 4431 1328 4500 ἐγράφη
1374 4433 1497 4488 ἀπὸ
1523 4434 1777 4487 Νικοπό-
1881 4432 1937 4500 fu

1881 4432 2006 4500 fuit,
2040 4430 2561 4501 Epistola’Niwpnli
2593 4450 2658 4488 ex
2688 4430 2899 4488 civitate
2948 4430 3284 4491 Macedonii:
3317 4438 3455 4490 scri-

270 4504 429 4564 λεως
452 4500 562 4568 τῆς
586 4500 983 4566 Μακεδονίας.
1008 4502 1237 4569 Στίχων
1268 4502 1371 4568 ι-,ζ’.
1880 4513 1934 4569 pl

858 4502 983 4566 δίας.
1008 4502 1237 4569 Στίχων
1268 4502 1371 4568 ι-,ζ’.
1880 4513 1973 4569 pla
2005 4500 2103 4556 est.
2147 4503 2395 4557 Versibus
2433 4503 2522 4557 97.

852 4869 1023 4954 ΕΙΣ
1096 4867 1733 4954 ΕΠΙΣΤΟΛΗΝ
1799 4869 2087 4954 ΠΡΟΣ
2187 4869 2813 4957 ΦΙΛΗΜΟΝΑ.

1798 5074 1867 5087 *ν

745 5220 868 5306 ΙΝ
1007 5216 1676 5310 EPISTOLAM
1816 5220 1961 5308 AD
2100 5221 2953 5314 PHILEMONEM.

263 5534 285 5568 α
327 5513 538 5576 Παῦλος
568 5514 784 5584 δέσμιος
827 5515 1002 5587 Ἰησοῦ
1054 5517 1311 5587 Χριστοῦ,
1366 5520 1461 5573 καὶ
1504 5521 1769 5591 Τιμόθεος
1802 5529 1845 5583 D

1802 5529 1845 5583 ι)
1943 5526 2103 5597 273
2127 5525 2294 5583 Vsus.
2325 5527 2451 5582 1-5.
2478 5545 2494 5577 ι
2515 5526 2717 5583 Paulus
2736 5529 2950 5587 vinctus
2977 5530 3180 5587 Christi
3205 5530 3355 5593 Jesu.
3389 5540 3446 5593 et

188 5609 215 5657 ὸ
236 5605 485 5673 ἀδελφὸς,
505 5604 765 5675 Φιλήμονι
786 5605 863 5677 τῷ
886 5608 1152 5679 ἀγαπητῷ
1184 5626 1275 5662 και
1302 5610 1548 5680 συνεργῷ
1584 5614 1762 5682 ἡμῶν,

1874 5615 2194 5675 Timotheus
2223 5618 2408 5681 frater,
2432 5616 2740 5672 Philemoni
2772 5619 2973 5675 dilecto
3002 5630 3055 5676 et
3078 5622 3317 5691 adjutori
3346 5638 3444 5678 noo

190 5700 284 5751 καὶ
331 5696 620 5768 Ἀπφίᾳτῇ
650 5702 931 5770 ἀγαπητῇ,
955 5700 1046 5752 καὶ
1090 5700 1375 5771 Ἀρχίππῳ
1418 5702 1495 5771 τῷ
1526 5720 1762 5773 συστρα-

1869 5718 2006 5773 stro,
2036 5708 2329 5779 etApplnae
2348 5708 2526 5762 sorori
2546 5709 2971 5773 chanssimm.et
2992 5710 3269 5783 Archippo
3295 5727 3442 5768 eom-

188 5789 357 5860 τιώτῃ
392 5789 568 5859 ἡμῶν,
604 5792 696 5843 καὶ
755 5794 822 5861 τῇ
884 5794 1213 5865 κατοικοὺσῃ
1264 5794 1577 5867 Ἐκκλησία,
1603 5798 1767 5867 χάρις

1870 5800 2106 5854 militoni
2151 5806 2363 5862 nostro,
2396 5808 2449 5852 et
2480 5798 2737 5855 Ecclesiae
2768 5817 2892 5872 quae
2924 5802 2977 5856 in
3011 5801 3174 5858 domo
3206 5813 3297 5859 tua
3338 5814 3444 5865 est,
