4218 6446
210 443 345 510 1373

1452 453 1690 511 SACRA
1725 450 2187 509 PARALLELA.

3310 443 3443 508 1074

208 571 380 622 μενοι,
409 556 519 609 εἴτε
548 557 606 609 ὲν
644 559 881 628 οὐρανῷ,
910 560 1019 612 εἴτε
1061 562 1152 612 ἐπὶ
1184 562 1282 629 τῆς
1323 563 1443 630 γῆς,
1478 561 1592 613 ἀλλ’
1637 562 1765 629 ἡμῖν
1794 561 1841 615 Λ
1869 555 1874 608 i

1794 561 1841 615 Α
1869 554 2001 610 Nam
2033 558 2135 611 etsi
2180 564 2307 610 sunt
2334 552 2428 626 qui
2455 556 2716 609 dicuntur
2747 555 2849 612 dii.
2888 554 3004 607 sive
3047 553 3100 605 in
3136 550 3297 616 ccelo,
3330 551 3442 605 sive

205 641 287 707 εἷς
314 645 444 709 Θεὸς
471 650 499 700 6
528 649 714 718 Πατὴρ
748 650 807 715 ἐξ
834 644 895 703 οὗ
917 653 985 703 τὰ
1009 652 1209 711 πάντα,
1248 654 1342 704 καὶ
1371 653 1530 720 ἡμεῖς
1560 654 1637 713 εἰς
1672 651 1764 701 αῦ-

202 737 326 788 τόνο
355 737 451 789 καὶ
474 732 553 801 εἷς
570 739 770 808 Κύριος
805 741 1010 810 Ἰησοῦς
1037 743 1290 811 Χριστὸς,
1307 742 1372 794 δι’
1396 737 1456 794 οὗ
1476 740 1544 794 τὰ
1568 741 1764 804 πάντα,

204 830 301 879 xui.
334 830 495 898 ἡμεῖς
528 829 598 882 δι’
618 831 782 883 αὐτοῦ
803 848 819 862 ο
851 834 946 885 καὶ
979 832 1037 884 ἓν
1071 832 1292 902 Πνεῦμα
1335 833 1509 900 ἅγιον,
1543 835 1601 885 ὲν
1628 826 1671 901 ᾧ
1700 833 1767 886 τὰ

204 919 404 980 πάντα,
430 920 523 971 καὶ
552 921 713 990 ἡμεῖς
745 920 804 985 ἐξ
834 922 1020 975 αὑτοῦ.
1048 942 1063 973 ι

275 1009 597 1079 Διαδραμὼν
638 1011 708 1063 τά
759 1013 1073 1080 σύμπαντα,
1126 1015 1222 1066 καὶ
1276 1014 1416 1083 ὑπὲρ
1453 1014 1633 1066 πᾶσαν
1669 1013 1766 1082 τὴν

202 1099 383 1151 κτίσιν
414 1101 710 1165 ἀνανεύσας
746 1106 859 1165 τοῖς
886 1106 1186 1171 λογισμοῖς,
1235 1104 1487 1156 ἐπέκεινα
1521 1105 1609 1156 τὸν
1639 1104 1764 1156 νοῦν

197 1190 531 1257 ἁνυψώσας,
588 1195 838 1264 ὲννόησον
896 1196 995 1265 τὴν
1066 1196 1215 1249 Θείαν
1270 1197 1464 1265 φύσιν,
1521 1197 1764 1249 ἑστῶσαν

198 1279 492 1349 ἄτρεπτον,
533 1284 910 1350 ἀναλλοίωτον,
945 1287 1156 1356 ἀπαθῆ,
1195 1288 1393 1357 ἁπλῆν,
1445 1290 1759 1352 ἀσύνθετον,

196 1370 521 1440 ἀδιαίρετον,
548 1374 664 1441 φῶς
684 1377 999 1445 ἀπρόσιτον,
1022 1377 1252 1447 δύναμιν
1276 1378 1501 1445 ἄφατον,
1536 1380 1763 1448 μέγεθος

196 1464 602 1533 ἁπεριόριστον,
636 1467 794 1530 δόξαν
829 1469 1413 1539 ῦπεραστράπτονσαν,
1451 1471 1761 1540 ἁγαθότητα

196 1554 564 1625 ἐπιθυμητὴν,
592 1557 788 1621 κάλλος
814 1559 1118 1629 ἀμήχανον,
1146 1562 1386 1631 σφοδρῶς
1425 1562 1522 1631 μὲν
1545 1564 1643 1627 τῆς
1670 1580 1760 1614 τε·-

194 1646 488 1713 τρωμένης
515 1647 690 1716 ψυχῆς
727 1650 1159 1719 καθαπτόμενον,
1190 1652 1330 1721 λόγῳ
1366 1652 1423 1704 δὲ
1455 1652 1759 1721 δηλωθῆναι

196 1734 337 1802 πρὸς
370 1735 526 1800 ἀξίαν
558 1737 836 1791 ἀδύνατον.
876 1738 1021 1791 Ἐκεῖ
1059 1740 1269 1808 Πατὴρ,
1314 1741 1430 1792 ἐκεῖ
1470 1740 1612 1805 Υἱὸς,
1644 1744 1761 1794 ἐκεῖ

198 1823 362 1890 ἅγιον
392 1826 634 1895 Πνεῦμα,
658 1830 691 1897 ἠ
718 1828 967 1891 ἄκτιστος
984 1830 1166 1897 φύσις,
1181 1833 1241 1883 τὸ
1262 1834 1588 1885 Δεσποτικὸν
1607 1833 1759 1897 ἀξίω-

196 1887 299 1983 μα,
328 1917 361 1985 ἡ
387 1887 585 1988 φυσικὴ
622 1887 1165 1992 ⁷ἁγαθότηςο-Ιῖατὴψρ
1197 1925 1228 1991 ἡ
1265 1924 1480 1976 πάντων
1521 1887 1685 1994 ἀρχὴ..
1726 1926 1759 1994 ἡ
1792 1887 1833 1941 Β

190 2006 349 2058 αίτία
371 2005 463 2059 τοῦ
489 2002 628 2060 εἶναι
656 2012 767 2071 τοῖς
796 2006 965 2076 οὖσιν,
995 2014 1028 2081 ἡ
1064 2012 1189 2082 ῥίζα
1224 2013 1334 2063 τῶν
1372 2012 1610 2076 ζώντων.
1641 2013 1763 2067 ὅθεν

190 2098 465 2167 προῆλθεν
485 2101 515 2169 ἡ
531 2102 682 2169 πηγὴ
699 2101 795 2169 τῆς
812 2101 974 2171 ζωῆς,
994 2104 1027 2172 ἡ
1045 2104 1224 2172 σοφία,
1242 2106 1274 2173 ἡ
1290 2104 1585 2176 δύναμις,ή
1602 2105 1763 2159 εἰκὼν

188 2188 617 2254 ἀπαράλλακτος
642 2190 737 2243 τοῦ
764 2193 995 2262 ἀοράτου
1018 2194 1173 2257 Θεοῦ,
1186 2197 1214 2247 6
1229 2197 1293 2248 ὲκ
1307 2194 1398 2248 τοῦ
1414 2196 1623 2266 Πατρὸς
1642 2214 1757 2264 γεν-

184 2276 377 2344 νηθεὶς
402 2278 589 2340 Υἱὸςτό
607 2277 713 2341 ζῶν
733 2281 923 2348 Λόγος,
938 2283 966 2333 ό
985 2282 1116 2345 Θεὸς
1138 2282 1234 2346 ὢν,
1257 2284 1351 2335 καὶ
1373 2283 1505 2352 πρὸς
1523 2283 1611 2335 τὸν
1629 2284 1761 2336 Θεὸν

185 2366 289 2418 ὥν·
307 2369 427 2438 οὐχὶ
450 2373 903 2440 προσγενόμενος,
936 2374 1199 2443 ὑπάρχων
1227 2376 1333 2445 πρὸ
1361 2376 1470 2427 τῶν
1502 2374 1712 2428 αἰώνων
1738 2391 1750 2403 ’

184 2458 313 2526 οῦχὶ
344 2460 705 2529 προσκτηθεὶς
726 2462 982 2533 ὕστερον·
1012 2463 1166 2527 Υἱὸς,
1200 2465 1320 2533 οὐχὶ
1344 2464 1559 2535 κτῆμαο
1596 2480 1755 2535 ποιη-

184 2548 312 2615 τὴς,
351 2550 470 2618 οὐχὶ
507 2550 747 2620 ποίημα·
782 2552 1025 2620 κτίστης,
1064 2554 1183 2623 οὐχὶ
1219 2553 1276 2606 δὲ
1314 2554 1545 2624 κτίσμα·
1576 2556 1752 2608 πάντα

180 2636 268 2687 ὢν
299 2638 397 2691 ὅσα
429 2640 575 2692 ἐστὶν
602 2643 630 2693 6
661 2643 875 2711 Πατήρ·
912 2643 1037 2705 Υίὸς
1064 2638 1217 2695 εἷπον
1247 2643 1341 2695 καὶ
1387 2643 1577 2713 Πατήρ
1601 2661 1616 2675 ο
1651 2643 1753 2711 φύ-

183 2727 359 2779 λασσέ
400 2746 488 2797 μοι
518 2730 721 2794 ταύτας
751 2732 850 2794 τὰς
908 2732 1194 2803 ἰδιότητας.
1229 2735 1421 2787 Μένων
1452 2734 1546 2787 οῦν
1571 2736 1628 2786 ἐν
1675 2733 1750 2803 τῷ

183 2817 334 2872 εἶναι
362 2821 505 2883 Υἱὸς,
536 2823 713 2875 πάντα
740 2824 885 2876 ἐστὶν
907 2825 1006 2877 ὃσα
1037 2827 1181 2877 ἐστὶν
1202 2828 1229 2878 6
1260 2827 1466 2894 Πατὴρ,
1491 2823 1632 2877 κατά
1655 2824 1753 2894 τὴν

182 2912 352 2963 αὑτοῦ
381 2914 561 2982 φωνὴν
587 2912 681 2965 τοῦ
712 2916 939 2985 Κυρίου,
966 2916 1232 2979 εἰπόντος’
1268 2935 1286 2967 ι
1306 2918 1490 2969 Πάντα
1517 2917 1616 2969 ὅσα
1639 2915 1753 2984 ἔχει

178 3001 212 3052 6
253 3001 462 3072 Πατὴρ,
496 3005 603 3073 ἐμά
638 3006 803 3058 ἐστιν.
826 3025 844 3055 ιι
884 3005 973 3075 Τῷ
994 3006 1107 3059 ὅντι
1138 3008 1244 3077 γὰρ
1272 3006 1370 3076 τῆς
1401 3006 1608 3069 εἰκόνος
1636 3006 1753 3059 ἐστὶ

181 3094 370 3145 τιάντα
396 3094 492 3146 ὅσα
524 3095 639 3147 ἐστὶ
668 3101 734 3167 τῇ
763 3098 1102 3167 πρωτοτύπῳ
1135 3100 1337 3167 μορφῇ.

1871 646 1924 699 in
1965 656 2131 711 terra,
2173 648 2331 702 nobis
2382 657 2563 700 tamen
2609 660 2751 698 unus
2803 643 2945 697 Deus
2997 641 3178 706 Pater,
3227 654 3293 696 ex
3334 657 3443 711 quo

1867 737 2076 799 omnia,
2103 746 2158 791 et
2206 752 2305 793 nos
2335 741 2388 791 iu
2445 738 2598 791 illum
2638 753 2652 788 :
2689 742 2743 789 et
2774 750 2916 788 unus
2956 733 3118 788 Jesus
3155 732 3436 795 Christus,

1868 843 1963 896 per
1988 843 2148 898 quem
2176 829 2379 892 omnia,
2400 836 2455 883 et
2484 842 2584 881 nos
2623 840 2720 896 per
2749 826 2929 895 ipsum
2958 842 2971 875 :
3010 831 3066 878 et
3086 839 3234 879 unus
3264 822 3439 893 Spiri-

1867 928 1956 975 tus
1975 932 2219 985 sanctus,
2251 922 2305 974 in
2335 936 2443 989 quo
2467 919 2671 981 omnia,
2704 925 2758 972 et
2792 932 2893 972 nos
2925 931 2989 970 ex
3019 916 3161 985 ipso.
3194 934 3214 967 ι

1939 1012 2199 1077 Basilius,
2228 1010 2302 1066 De
2325 1011 2449 1079 ﬁde.
2475 1041 2542 1051 -
2572 1009 2841 1064 Universa
2886 1005 3252 1077 peragrando.
3285 1014 3443 1074 teque

1867 1107 2044 1176 ipsum
2085 1107 2416 1177 cogitatione
2475 1122 2640 1175 supra
2701 1120 2790 1158 res
2842 1103 3102 1169 conditas
3157 1100 3440 1171 erigendo,

1865 1207 2101 1252 mentem
2140 1199 2368 1251 ulterius
2392 1197 2668 1260 attollens,
2692 1196 2933 1249 divinam
2954 1201 3209 1248 naturam
3235 1191 3436 1261 cogita,

1868 1290 2139 1352 stabilem,
2191 1289 2260 1343 ab
2287 1290 2434 1343 omni
2476 1288 2802 1348 mutatione,
2837 1284 3197 1341 conversione
3233 1290 3285 1337 et
3319 1296 3442 1352 per-

1864 1381 2121 1451 pessione
2158 1388 2448 1442 remotam,
2496 1377 2822 1447 simplicem.
2853 1380 3135 1445 expertem
3161 1371 3438 1439 composi-

1863 1472 2030 1525 tionis
2068 1479 2121 1525 et
2151 1470 2478 1535 divisionis;
2533 1471 2714 1524 lumen
2762 1469 3127 1528 inaccessum,
3178 1463 3436 1517 virtutem

1862 1562 2304 1623 inenarrabilem,
2338 1561 2679 1614 indeﬂnitam
2707 1555 3169 1623 magnitudinem,
3201 1552 3436 1624 gloriam

1862 1652 2001 1703 ultra
2037 1651 2256 1703 modum
2303 1650 2646 1708 rutilantem,
2700 1643 3062 1715 expetendam
3110 1641 3435 1694 bonitatem.

1860 1739 2324 1809 pulchritudinem
2386 1737 2771 1806 singularem,
2843 1746 3078 1802 quazque
3140 1729 3436 1784 sauciatam

1861 1831 2075 1900 quidem
2105 1830 2345 1882 animam
2375 1828 2729 1881 vehementer
2758 1821 3103 1893 perstringit,
3153 1820 3287 1889 quin
3338 1831 3439 1870 nec

1863 1922 2047 1976 verbis
2101 1922 2229 1974 ullis
2277 1934 2379 1987 pro
2426 1918 2691 1987 dignitate
2742 1915 2920 1985 possit
2967 1910 3259 1967 declarari.
3323 1908 3436 1960 Illic

1858 2011 2039 2077 Pater,
2088 2012 2203 2066 illic
2240 2010 2437 2075 Filius,
2484 2008 2595 2060 illic
2623 2005 2867 2075 Spiritus
2896 2013 3145 2065 sanctus,
3189 2002 3431 2055 increata

1858 2110 2077 2166 natura,
2106 2101 2295 2155 herilis
2327 2099 2652 2159 auctoritas,
2690 2097 2909 2150 bonitas
2953 2094 3241 2148 naturalis.
3272 2090 3436 2144 Pater

1856 2192 2101 2247 omnium
2128 2200 2211 2245 est
2237 2190 2414 2259 origo,
2442 2196 2496 2243 et
2526 2188 2803 2243 universis
2826 2201 2947 2256 qua:
2984 2194 3111 2240 sunt
3134 2180 3431 2238 exsistendi

1858 2296 2047 2345 causa,
2096 2295 2309 2335 necnon
2345 2281 2641 2333 viventium
2670 2277 2850 2344 radix,
2892 2278 3038 2331 unde
3069 2276 3274 2346 prodiit
3310 2274 3433 2329 fons

1861 2373 2008 2436 vitae,
2069 2371 2360 2441 sapientia,
2414 2372 2677 2438 potentia.
2744 2370 2923 2437 imago
2955 2381 3185 2436 prorsus
3238 2365 3433 2419 similis

1862 2464 2156 2519 invisibilis
2218 2462 2348 2525 Dei,
2409 2460 2579 2513 Filius
2617 2476 2682 2513 ex
2739 2457 2902 2511 Patre
2944 2458 3186 2527 genitus,
3245 2458 3432 2509 vivens

1860 2555 2120 2615 Verbum,
2152 2554 2245 2621 qui
2301 2550 2446 2606 Deus
2495 2561 2597 2611 est,
2647 2558 2701 2604 et
2749 2560 2833 2603 est
2876 2548 3018 2618 apud
3078 2547 3267 2610 Deum,
3319 2562 3426 2600 nou

1858 2645 2225 2707 adventitius;
2254 2652 2379 2696 ante
2420 2642 2619 2695 s:eeula
2664 2642 2903 2710 genitus,
2936 2655 3042 2695 non
3079 2638 3426 2709 postmodum

1854 2738 2074 2789 tandem
2112 2733 2416 2802 acquisitus
2442 2750 2456 2797 ;
2482 2729 2675 2793 Filius,
2703 2746 2815 2784 non
2847 2730 3128 2800 possessio
3157 2727 3428 2798 quadam.

1854 2825 2051 2887 factor,
2108 2840 2217 2876 non
2270 2822 2540 2876 I‘artitium
2595 2820 2841 2889 aliquid;
2894 2829 3127 2881 creator,
3182 2833 3288 2871 non
3342 2832 3430 2871 res

1851 2927 2055 2976 creata,
2086 2913 2267 2966 omnia
2293 2927 2414 2981 quae
2438 2911 2600 2964 Pater
2623 2921 2726 2975 est,
2759 2912 3055 2964 exsistens.
3094 2909 3232 2970 Dixi,
3258 2906 3430 2961 Filius

1852 3016 1906 3063 et
1940 3006 2140 3059 Pater:
2177 3004 2262 3058 lac
2292 3003 2429 3057 istas
2475 3004 2836 3072 proprietates
2878 3016 3082 3055 soi-ves.
3127 2998 3426 3052 Filietatem

1852 3100 2017 3169 igitur
2052 3098 2313 3157 retinens,
2370 3103 2569 3149 cuneta
2611 3102 2693 3147 est
2736 3108 2858 3161 qua:
2903 3092 3082 3153 Pater,
3115 3088 3425 3144 secundum

183 3188 478 3255 ipsammet
520 3188 729 3243 Domini
784 3206 992 3255 vocem,
1026 3192 1117 3259 qui
1167 3193 1242 3242 ait
1275 3210 1285 3242 :
1340 3209 1358 3240 ι
1398 3188 1588 3244 Omnia
1629 3207 1750 3261 qua:
1787 3190 1949 3246 Pater
1977 3191 2140 3243 habet
2171 3203 2287 3243 mea
2323 3195 2450 3242 sunt
2478 3186 2660 3257 (Joau.
2712 3202 2823 3246 xvi,
2858 3185 2970 3254 15).
3020 3205 3035 3235 ι
3102 3185 3234 3238 Nam
3306 3200 3427 3254 pro-

179 3281 279 3333 eul
309 3280 472 3335 dubio
515 3283 764 3352 imaginis
810 3293 936 3339 sunt
986 3299 1050 3339 ea
1091 3286 1272 3338 omnia
1307 3301 1428 3354 quae
1476 3286 1747 3353 primaria:
1786 3286 1973 3340 forma:
2010 3284 2362 3338 conveniunt.

260 3376 402 3427 Μίαν
431 3376 613 3446 φωνὴν
638 3377 734 3447 τὴν
764 3377 952 3446 αὐτὴν,
986 3380 1078 3430 καὶ
1106 3378 1391 3447 σύμφωνος
1422 3380 1741 3451 φθέγξομαι.
1775 3388 1818 3444 C
1924 3400 1926 3420 ι

1775 3388 1818 3444 c
1924 3378 2078 3449 Greg‘.
2118 3378 2259 3431 Naz.
2322 3388 2461 3433 erat.
2525 3378 2609 3430 15.
2644 3406 2712 3417 —
2745 3375 2915 3430 Unam
2961 3376 3317 3447 eamdemque
3371 3386 3425 3431 et

180 3468 358 3537 Τριὰς
400 3466 475 3528 ὼς
522 3465 736 3534 ἀληθῶς
768 3468 801 3535 ἡ
837 3467 1023 3537 Τριὰς,
1066 3468 1280 3535 ἀδελφοί
1305 3485 1318 3497 ο
1354 3469 1524 3537 Τριὰς
1564 3469 1640 3530 δὲ,
1688 3473 1749 3521 οὑ

179 3559 529 3627 πραγμάτων
551 3558 750 3610 ἀνίσων
776 3559 979 3627 ἀπαρίο
989 3577 1061 3627 μη
1072 3577 1173 3622 σις,
1198 3559 1312 3611 ἀλλ’
1349 3561 1477 3611 ἰσων
1508 3562 1601 3612 καί
1624 3563 1752 3629 ὀμο-

180 3649 363 3716 τίμων
392 3648 683 3717 σύλληψις,
715 3650 940 3717 ἐνούσης
974 3652 1070 3719 τῆς
1105 3652 1475 3721 προσηγορίας
1512 3652 1577 3704 τά
1614 3655 1752 3722 ἡνω-

183 3734 327 3800 μένα
356 3737 418 3787 ὲκ
449 3736 683 3803 φύσεως,
713 3739 804 3789 καὶ
827 3739 927 3789 οὐκ
948 3736 1123 3806 ἐώσης
1152 3738 1510 3809 σκεδασθῆναι
1534 3742 1750 3812 ἀριθμῷ

179 3825 464 3896 λελυμένῳ
501 3828 567 3881 τὰ
600 3827 673 3897 μὴ
708 3827 959 3897 λυόμενα.

266 4003 432 4073 Ἡμῖν
462 4000 541 4067 εἷς
574 4005 702 4068 Θεὸς
731 4006 759 4056 6
789 4008 1000 4075 Πατὴρ,
1033 4006 1091 4070 ἐξ
1117 4003 1176 4059 οὗ
1204 4009 1269 4059 τὰ
1303 4008 1507 4059 πάντα·
1543 4010 1635 4059 καὶ
1670 4004 1748 4071 εἷς

179 4092 209 4142 6
242 4091 394 4155 Υἱὸς,
430 4092 497 4144 δι’
534 4087 595 4144 οὗ
658 4094 723 4146 τὰ
760 4096 965 4147 πάντα·
1000 4098 1091 4148 καὶ
1140 4096 1196 4148 ἓν
1232 4098 1454 4167 Πνεῦμα
1485 4097 1659 4165 ἅγιον,
1693 4101 1748 4151 ἐν

175 4178 223 4249 ᾧ
256 4184 322 4235 τὰ
356 4187 549 4237 πάντα.

250 4360 386 4422 Θεὸς
433 4360 529 4429 μέν
563 4362 678 4412 ἐστι
709 4362 768 4413 τὸ
810 4361 1111 4431 ἀκρότατον
1138 4364 1232 4415 καὶ
1287 4365 1602 4433 ἀπρόσιτον,
1648 4369 1747 4419 καὶ

176 4452 421 4520 ᾶῤῥητον
450 4450 586 4516 φῶς,
649 4451 771 4503 οὐτε
820 4451 900 4502 νοῒ
924 4452 1152 4517 ληπτὸν,
1197 4452 1317 4505 οὔτε
1367 4454 1509 4523 λόγῳ
1563 4458 1744 4525 ῥητὸν,

178 4540 365 4607 πάσης
389 4540 714 4604 φωτιστικὸν
740 4539 962 4608 λογικῆς
987 4541 1227 4608 φύσεως·
1252 4541 1406 4594 τοῦτο
1437 4547 1494 4595 ὲν
1516 4547 1743 4613 νοητοῖς,

174 4629 319 4697 ὅπερ
349 4630 405 4679 ὲν
435 4628 707 4698 αἰσθητοῖς
749 4633 776 4682 ὁ
824 4630 992 4701 ἥλιος.
1039 4632 1202 4684 Ὅσον
1232 4634 1296 4684 ἂν
1355 4633 1740 4703 καθαρώμεθα,

1853 3471 2070 3525 brevem
2104 3485 2287 3523 vocem
2315 3469 2565 3537 eloquar.
2598 3466 2843 3521 Trinitas
2885 3482 3011 3521 vere
3042 3464 3285 3523 Trinitas
3318 3478 3422 3532 est,

1854 3558 2072 3614 fratres.
2110 3557 2354 3613 Trinitas
2384 3572 2550 3628 porro
2582 3573 2689 3611 neu
2734 3558 3034 3627 disparium
3070 3574 3255 3613 rerum
3283 3576 3423 3612 enu-

1852 3650 2081 3703 meratio
2103 3658 2208 3711 est,
2246 3649 2340 3702 sed
2374 3647 2686 3717 mqualium,
2714 3656 2766 3701 et
2802 3649 3063 3716 :equalem
3099 3648 3420 3718 dignitatem

1853 3741 2172 3795 habentium
2230 3740 2516 3804 collectio;
2576 3738 2851 3792 vocabulo
2898 3738 3160 3792 nimirum
3204 3754 3269 3794 ea
3324 3756 3421 3793 co-

1852 3833 2095 3901 pulante,
2131 3845 2251 3899 qua:
2278 3840 2473 3883 natura
2500 3837 2630 3884 sunt
2656 3830 2932 3898 copulata,
2966 3846 3066 3885 nec
3097 3845 3191 3901 per
3218 3830 3418 3885 ﬂuxum

1852 3936 2141 3974 numerum
2172 3934 2234 3974 ea
2275 3920 2441 3973 dilabi
2481 3921 2716 3985 sinente,
2758 3936 2878 3988 qua:
2923 3922 3059 3975 solvi
3117 3931 3422 3991 nequeant.

1925 4010 2079 4064 Orat.
2120 4012 2173 4063 in
2203 4010 2304 4065 SS.
2332 4010 2579 4064 Lumina.
2606 4042 2675 4051 —-
2707 4011 2873 4065 Nobis
2901 4028 3042 4066 unus
3065 4012 3207 4067 Deus
3235 4012 3416 4075 Pater,

1849 4118 1913 4155 ex
1939 4118 2048 4171 quo
2077 4103 2293 4167 omnia;
2336 4110 2390 4155 et
2431 4119 2573 4158 unus
2623 4102 2885 4157 Dominus
2930 4101 3092 4159 Jesus
3141 4105 3416 4168 Christus,

1853 4206 1946 4259 per
1977 4208 2137 4260 quem
2165 4192 2349 4245 omnia
2378 4207 2392 4257 ;
2432 4201 2480 4247 et
2516 4209 2657 4247 unus
2693 4194 2930 4261 Spiritus
2957 4206 3199 4259 sanctus,
3229 4196 3282 4249 in
3309 4212 3417 4264 quo

1850 4283 2053 4336 omnia.

1923 4370 2075 4424 Orat.
2107 4372 2158 4423 in
2192 4373 2251 4424 δ.
2291 4371 2520 4439 Buptist.
2545 4374 2773 4428 —Deus
2806 4376 2989 4429 lumen
3028 4389 3303 4430 summum
3335 4386 3418 4429 est

1847 4472 1903 4516 et
1943 4462 2305 4525 inaccessum,
2340 4463 2483 4530 quod
2518 4462 2682 4531 299
2710 4479 2810 4518 nec
2838 4475 3018 4520 mente
3052 4466 3283 4535 percipi,
3315 4482 3414 4520 nec

1850 4553 2037 4607 verbis
2069 4554 2332 4620 explicari
2366 4563 2580 4621 potest;
2623 4563 2873 4608 naturam
2920 4571 3136 4612 omnem
3178 4558 3418 4612 rationa-

1851 4646 1954 4697 lem
2011 4644 2345 4699 illuminans.
2377 4644 2529 4709 Quod
2569 4646 2651 4699 sol
2705 4647 2757 4699 in
2818 4649 3117 4705 sensilibus
3156 4658 3262 4712 est,
3309 4650 3413 4703 hoc

178 4719 606 4787 φανταζόμενον,
654 4722 744 4773 καὶ
773 4723 895 4773 ὅσον
949 4721 1015 4774 ἂν
1059 4723 1476 4791 φαντασθῶμεν,
1519 4728 1743 4794 άγαπώ-
1780 4712 1822 4765 D

1742 4760 1743 4765 π
1780 4712 1822 4765 D
1851 4734 1939 4788 ille
1969 4735 2019 4787 in
2043 4734 2534 4798 iutellectualibus;
2566 4751 2631 4789 eo
2653 4751 2711 4790 se
2733 4742 2903 4807 magis
2932 4740 3408 4807 contemplandum

180 4826 367 4877 μενον,
399 4811 492 4861 καὶ
531 4810 653 4863 ὅσον
689 4810 754 4863 ἂν
800 4812 1195 4881 ἀγαπήσωμεν,
1228 4811 1383 4877 αὖθις
1416 4817 1702 4887 νοούμενον
1726 4836 1739 4848 ο

177 4900 316 4953 αὐτὸ
347 4901 539 4953 ἑαυτοῦ
570 4904 900 4972 θεωρητικόν
930 4921 988 4954 τε
1016 4904 1105 4957 καὶ
1133 4906 1563 4974 καταληπτικόν·
1590 4909 1743 4976 ὀλίγα

175 4994 293 5053 τοῖς
317 4992 423 5055 ἔξω
449 4994 722 5061 χεόμενον.

239 5260 419 5326 ’Ὀττερ
452 5260 598 5311 ἐστιν
626 5265 736 5324 τοῖς
760 5264 1031 5331 αἰσθητοῖς
1046 5268 1215 5336 ἣλιος,
1234 5270 1388 5323 τοῦτο
1405 5276 1515 5335 τοῖς
1538 5278 1741 5344 νοητοῖς

175 5345 335 5404 Θεός.
362 5343 421 5392 ὐ
452 5346 547 5413 μὲν
580 5346 686 5416 γὰρ
709 5349 799 5400 τὸν
835 5351 1109 5419 ὁρώμενον
1141 5358 1360 5423 φωτίζει
1384 5359 1601 5429 κόσμον,
1622 5343 1659 5414 r6
1686 5363 1742 5415 δὲ

172 5436 267 5485 τὸν
284 5436 536 5503 ἀόρατον.
553 5438 696 5490 Καὶό
715 5438 816 5507 μὲν
831 5441 929 5503 τὰς
946 5447 1261 5511 σωματικὰς
1277 5449 1426 5516 ὄψεις
1442 5452 1739 5519 ήλιοειδεῖς,

173 5526 202 5575 6
227 5522 284 5575 δὲ
319 5527 418 5586 τὰς
457 5527 647 5596 νοερὰς
680 5529 868 5595 φύσεις
906 5531 1155 5597 θεοειδεῖς
1195 5539 1584 5607 ἀπεργάζεται.
1632 5544 1739 5595 Καὶ

172 5614 324 5667 ὥσπε
335 5633 366 5684 ρ
397 5611 549 5679 οὗτος
581 5622 692 5681 τοῖς
713 5638 771 5673 τε
796 5622 986 5691 όρῶσι,
1014 5626 1107 5677 καὶ
1146 5629 1253 5689 τοῖς
1284 5630 1600 5698 ὁρωμένοις,
1629 5638 1737 5697 τοῖς

175 5707 277 5773 μὲν
305 5708 406 5775 τὴν
433 5708 525 5759 τοῦ
552 5711 703 5779 ὁρᾷν,
734 5713 843 5774 τοῖς
875 5714 929 5765 δὲ
964 5715 1061 5784 τὴν
1090 5720 1180 5770 τοῦ
1212 5722 1439 5786 ὁρᾶσθαι
1480 5726 1733 5792 παρέχων

173 5798 429 5863 δύναμιν,
466 5799 624 5861 αὐτὸς
672 5802 777 5853 τῶν
810 5804 1098 5872 ὁρωμένων
1145 5812 1257 5862 ἐστί
1310 5813 1364 5862 τὸ
1410 5813 1725 5867 κάλλιστοί·

1850 4826 2118 4893 przebens,
2151 4838 2259 4894 quo
2291 4826 2495 4893 puriori
2531 4826 2713 4880 animo
2741 4843 2973 4894 sumus;
3020 4838 3075 4884 et
3116 4846 3183 4883 eo
3222 4845 3412 4886 rursus

1849 4915 2140 4968 amandum
2196 4918 2387 4984 magis,
2437 4932 2547 4984 quo
2603 4920 2865 4972 attentius
2904 4934 3027 4973 eum
3068 4925 3411 4990 contempla-

1851 5023 2005 5072 mur;
2037 5016 2088 5059 et
2108 5022 2174 5059 e0
2201 5009 2433 5076 denique
2460 5009 2632 5077 magis
2650 5010 3021 5078 cognoscitur,
3039 5027 3152 5080 quo
3176 5015 3411 5081 amplius

1851 5099 2025 5166 ipsum
2050 5112 2298 5151 amamus
2325 5116 2337 5151 :
2363 5098 2477 5167 ipse
2499 5116 2556 5152 se
2574 5102 2957 5169 speeulaturct
2975 5103 3409 5172 comprehendit,

1850 5199 1903 5243 et
1942 5189 2229 5257 perexigue
2252 5189 2317 5242 ad
2350 5198 2575 5244 externa
2607 5189 2955 5245 dillunditur.

1918 5280 2066 5331 ()rat.
2092 5281 2141 5330 iu
2168 5278 2226 5333 S.
2252 5280 2445 5333 Athan.
2472 5310 2543 5319 —
2570 5281 2723 5345 Quod
2756 5282 3111 5337 sensibilibus
3138 5284 3302 5339 rebus
3326 5296 3404 5340 est

1844 5372 1923 5422 sol
1958 5380 2163 5434 noster,
2210 5371 2311 5425 hoc
2364 5371 2504 5426 Deus
2538 5382 2620 5427 est
2665 5374 2731 5427 iis
2766 5390 2888 5441 quae
2943 5383 3124 5429 mente
3179 5379 3403 5446 prazdita

1841 5467 1987 5513 sunt.
2032 5462 2129 5515 Ille
2172 5464 2315 5515 enim
2352 5463 2613 5516 mundum
2673 5464 2817 5517 hunc
2870 5465 3256 5532 aspectabilem
3292 5469 3402 5523 col-

1844 5552 2078 5619 lustrat;
2135 5553 2223 5607 hic
2273 5553 2619 5609 invisibilem.
2678 5555 2773 5609 llle
2804 5555 3056 5624 corporis
3091 5557 3285 5612 oculos
3330 5559 3399 5611 ita

1843 5642 2025 5706 allicit,
2055 5652 2113 5696 ut
2144 5644 2274 5698 solis
2306 5645 2538 5713 speciem
2573 5646 2810 5700 referant
2843 5667 2857 5701 :
2893 5648 2981 5701 hic
3028 5658 3239 5703 mentes
3285 5650 3397 5704 dei.

1842 5730 2041 5785 formes
2073 5731 2219 5785 facit.
2248 5732 2422 5803 Atque
2453 5746 2509 5789 ut
2551 5738 2661 5798 ille,
2692 5744 2799 5789 tam
2831 5736 2899 5792 iis
2939 5739 3139 5808 quibus
3183 5740 3394 5794 vivendi

1836 5820 2065 5875 facultas
2117 5823 2269 5875 alest
2318 5840 2478 5885 quam
2518 5825 2582 5877 iis
2635 5842 2751 5889 qum
2788 5826 3057 5891 videntur,
3108 5826 3251 5882 hanc
3292 5830 3393 5882 \‘im
