4218 6446
755 391 894 456 1075

1943 395 2006 453 S.
2044 393 2363 452 JOANNIS
2406 392 2829 452 DAMASCENI

3860 387 3994 454 1076

752 502 972 570 praebet,
1003 506 1062 554 ut
1095 509 1148 554 et
1177 501 1266 552 illa
1297 500 1519 569 quidem
1543 502 1798 565 videant,
1850 503 1951 557 ista
1995 504 2317 569 videantur;
2351 547 2361 573 λ

2448 505 2564 556 ιῦτω
2589 506 2684 558 καὶ
2710 505 2740 556 6
2772 505 2906 568 Θεὸς
2941 507 3053 568 τοῖς
3077 524 3136 559 τε
3167 507 3368 570 νοοῦσι,
3402 507 3495 560 καὶ
3524 508 3635 570 τοίς
3661 505 3990 576 νοουμένοις.

751 609 878 644 eum
907 591 1022 660 ipse
1051 596 1214 646 rebus
1240 607 1360 660 qua:
1382 593 1485 647 sub
1506 604 1788 664 aspectum
1822 596 2052 660 radunt,
2086 597 2327 664 pulchri-

753 684 944 737 tudine
973 683 1260 736 antecellat
1295 725 1306 736 .
1348 684 1540 738 eodem
1568 689 1730 740 modo
1761 686 1924 751 Deus,
1953 701 2076 740 cum
2114 692 2182 740 iis
2207 703 2327 756 qua:

754 773 1109 842 intelligentia
1161 783 1414 836 utuntur,
1466 775 1569 829 lioc
1613 775 1826 840 afferat,
1861 784 1920 830 ut
1975 777 2327 846 intelligant:

753 867 808 911 et
859 861 925 913 iis
973 875 1095 930 qua:
1128 871 1309 915 mente.
1374 864 1768 932 percipiuntur,
1813 876 1871 920 ut
1963 868 2361 936 intelligantur,

2433 597 2543 656 τοῖς
2585 595 2686 662 μὲν
2713 595 2773 648 τὸ
2817 599 2980 663 νοεῖν,
3012 601 3125 660 τοῖς
3173 598 3229 650 δὲ
3259 599 3322 652 τὸ
3354 597 3594 651 νοεῖσθαι
3625 595 3993 668 δημιουργῶν,

2435 685 2596 748 αὐτὸς
2621 685 2728 738 τῶν
2758 687 3067 756 νοουμένων
3096 689 3214 740 ἐστὶ
3242 689 3301 742 τὸ
3327 689 3643 761 ἀκρότατον,
3667 690 3746 752 είς
3771 689 3832 741 6v
3850 689 3995 740 πᾶσα

2439 775 2626 844 ἔφεσις
2655 778 2895 830 ἵσταται.

2438 865 2552 936 ipse
2621 868 2850 936 proinde
2925 870 3344 941 intelligibilium
3425 872 3668 926 omnium
3749 880 3998 928 summus

753 961 836 1004 est
877 960 1086 1015 vertex,
1140 953 1194 1005 in
1245 970 1353 1021 quo
1409 954 1740 1009 desiderium
1791 972 1951 1011 omne
2004 957 2222 1012 sistitur
2266 964 2322 1010 et
2360 957 2609 1026 quiescit.

822 1039 1098 1112 Clirysosl.
1133 1043 1274 1098 hom.
1307 1046 1371 1097 77
1414 1047 1466 1098 in
1499 1045 1673 1100 -Ιοτιη,
1705 1077 1773 1087 --
1819 1049 2030 1103 Idcirco
2062 1051 2231 1102 etiam
2274 1049 2328 1102 in

752 1133 1080 1202 baptismate
1118 1134 1359 1190 Trinitas
1419 1141 1742 1192 assumitur.
1803 1138 1936 1194 Nam
1992 1139 2155 1193 Pater
2216 1155 2328 1193 rem

756 1240 974 1278 omnem
1001 1234 1182 1292 potest
1209 1225 1441 1288 ellicere,
1485 1228 1768 1298 Filiusque
1808 1232 1962 1295 item,
2007 1243 2061 1284 et
2091 1230 2331 1300 Spiritus

757 1325 986 1370 sanctus
1017 1335 1028 1369 :
1062 1331 1187 1370 cum
1242 1333 1374 1372 vero
1404 1319 1470 1372 de
1518 1318 1676 1374 Patre
1715 1335 1875 1374 nemo
1907 1321 2227 1391 ambigeret,
2264 1321 2331 1374 de

756 1405 898 1460 Filio
920 1417 1182 1460 autemet
1223 1401 1428 1486 Spiritu
1477 1422 1670 1466 sancto
1718 1413 2098 1466 controversia
2151 1412 2327 1479 foret;

757 1509 1047 1569 eapropter
1074 1503 1361 1571 utriusque
1396 1506 1587 1556 horum
1625 1519 1820 1558 nomen
1853 1505 1908 1558 in
1938 1514 2126 1560 sancta
2147 1506 2331 1559 initia-

758 1592 921 1672 tione
949 1604 1290 1662 assumptum
1319 1596 1441 1657 fuit,
1480 1603 1537 1648 ut
1584 1597 1637 1648 in
1675 1597 2209 1651 subininistratiouis
2239 1612 2331 1649 ar-

759 1701 1020 1738 canorum
1047 1686 1261 1739 illorum
1281 1687 1547 1740 bonorum
1571 1689 1857 1752 societate,
1886 1687 2170 1757 dignitatis
2196 1700 2337 1757 quo-

759 1790 866 1844 que
897 1776 1214 1829 societatem
1256 1791 1703 1846 agnoscerenius.

833 1867 1020 1934 Epipli.
1095 1870 1148 1920 in
1189 1869 1322 1921 Anc.
1381 1885 1436 1922 ιι.
1494 1868 1580 1922 10.
1615 1900 1682 1910 —
1738 1869 2012 1928 Sanetus.
2073 1877 2338 1932 sanctus,
2375 1871 2413 1924 Β

762 1968 1014 2012 sanctus.
1073 1957 1188 2011 Non
1241 1959 1452 2022 dicunt,
1506 1961 1707 2023 sancti,
1757 1961 1956 2024 sancti,
2002 1969 2062 2013 ut
2101 1961 2151 2015 ei
2191 1961 2338 2029 quod

761 2049 1042 2118 singulare
1075 2058 1178 2110 est,
1214 2051 1566 2118 multiplicem
1617 2051 2036 2119 appellationem
2072 2051 2338 2114 tribuant,

763 2154 866 2193 nec
891 2140 1056 2191 trium
1106 2155 1390 2193 numerum
1429 2139 1790 2194 dissimulent.
1845 2139 1951 2194 Sed
2001 2140 2073 2193 ita
2106 2148 2189 2193 ter
2217 2141 2341 2210 qui-

763 2231 886 2282 dem
929 2239 1180 2284 sanctum
1225 2230 1546 2299 pr:cdicant,
1579 2239 1638 2284 ut
1692 2245 1799 2285 uno
1828 2230 2132 2300 eodemque
2181 2231 2342 2284 modo

763 2330 819 2375 et
876 2322 1232 2388 singulariter
1256 2337 1442 2374 vocem
1476 2321 1856 2389 pronuntient.
1888 2337 1955 2374 ne
1993 2321 2176 2389 plures
2207 2320 2342 2374 deos

767 2414 1072 2466 nominent.
1111 2412 1267 2467 Unus
1299 2414 1444 2466 enim
1477 2412 1621 2466 Dens
1652 2424 1736 2467 cst
1779 2413 1939 2466 Pater
1987 2414 2040 2466 in
2095 2411 2255 2469 Filio.
2288 2423 2342 2466 et

768 2501 940 2556 Filius
987 2504 1044 2556 in
1084 2500 1244 2556 Patre
1295 2517 1418 2554 cum
1477 2499 1682 2570 Spiritu
1743 2509 1957 2554 saneto.
2016 2500 2078 2552 Et
2138 2501 2346 2554 idcirco

769 2602 998 2647 sanctus
1034 2593 1128 2660 qui
1177 2593 1230 2646 in
1272 2592 1478 2646 sanctis
1536 2593 1852 2662 requiescit,
1895 2591 2051 2644 Pater
2097 2607 2258 2644 verus
2291 2600 2345 2646 et

769 2686 1098 2748 subsistens,
1137 2684 1310 2738 Filius
1347 2699 1563 2754 quoque
1599 2701 1759 2738 verus
1808 2693 1863 2738 et
1910 2684 2241 2747 subsistens,
2292 2691 2346 2736 ct

772 2776 1012 2844 Spiritus
1045 2784 1272 2829 sanctus
1321 2792 1483 2830 verus
1527 2784 1580 2830 et
1647 2775 1977 2831 subsistens.
2029 2775 2157 2828 Tria
2195 2785 2343 2838 sunt,

771 2870 866 2922 sed
898 2867 1076 2921 deilas
1105 2883 1232 2932 una,
1261 2869 1500 2922 essentia
1522 2883 1653 2929 una.
1687 2883 1793 2921 una
1826 2867 2175 2936 gloriﬁcatio,
2203 2883 2346 2921 unus

770 2957 936 3010 Deus.
967 2956 1064 3011 Ubi
1094 2956 1258 3010 Deum
1284 2957 1622 3011 nominasti?
1645 2973 1751 3010 una
1782 2971 1999 3024 quoque
2020 2956 2343 3009 Trinitatem

771 3056 956 3102 ruente
1000 3050 1320 3115 complexus
1347 3063 1429 3103 cs.
1479 3047 1727 3102 Habuisti
1767 3048 2030 3117 Spiritum
2063 3046 2350 3101 sanctum?

772 3139 1018 3206 potentia
1058 3136 1236 3192 Patris
1257 3146 1310 3192 et
1338 3137 1476 3191 Filio
1511 3137 1604 3191 Dei
1625 3137 1864 3192 donatus
1882 3153 1962 3194 es.
1993 3137 2203 3191 Patrem
2229 3137 2348 3190 lati-

2503 1053 2600 1104 Διά
2637 1051 2794 1106 τοῦτο
2825 1055 2918 1108 καὶ
2951 1054 3044 1106 ἐπὶ
3072 1053 3166 1106 τοῦ
3203 1053 3579 1122 βαπτίσματος
3608 1054 3834 1123 ἡΤριὰς
3861 1053 3998 1121 λαμ-

2433 1140 2678 1194 εάνεται.
2728 1142 2836 1194 Καὶ
2863 1142 2973 1211 γὰρ
3006 1141 3034 1192 6
3065 1142 3252 1213 Πατὴρ
3291 1143 3352 1195 τὸ
3393 1142 3502 1193 πᾶν
3533 1141 3871 1210 ἐργάσασθαι
3911 1140 4002 1193 δύο

2433 1248 2610 1290 ναται,
2647 1234 2741 1284 καὶ
2774 1234 2802 1284 6
2859 1233 2986 1294 Υἱὸς
3037 1233 3224 1286 καὶτὸ
3273 1233 3498 1303 Πνεῦμα
3550 1233 3614 1285 τὸ
3644 1233 3837 1298 ἆγιονο
3891 1231 4002 1284 ἀλλ’

2435 1323 2622 1391 ἐπειδὴ
2653 1323 2776 1391 περὶ
2828 1325 2921 1375 τοῦ
2983 1324 3196 1392 Πατρδς
3250 1325 3422 1386 οὐδεὶς
3453 1323 3806 1392 ἀμφιϐάλλει.
3855 1325 3918 1376 τὸ
3947 1323 4002 1375 δὲ

2437 1415 2739 1484 ἀμφίϐολον
2772 1411 2838 1484 ἦν
2887 1417 3015 1485 περὶ
3063 1415 3157 1469 τοῦ
3196 1416 3324 1470 Υῐοῦ
3375 1417 3470 1470 καὶ⁵
3498 1417 3593 1470 τοῦ
3631 1417 3788 1485 ἁγίου
3834 1416 4005 1468 Πνεύο

2442 1524 2629 1576 ματος,
2665 1507 3031 1578 παρείληπται
3077 1509 3136 1560 ἐν
3163 1511 3228 1578 τῇ
3281 1509 3639 1578 μυσταγωγίᾳ
3665 1549 3680 1570 ,
3716 1509 3804 1558 ἵνα
3845 1509 3905 1558 ὲν
3940 1509 4006 1573 τῇ

2441 1601 2695 1670 κοινωνίᾳ
2727 1598 2834 1650 τῶν
2873 1601 3204 1670 ἀπορρήτων
3236 1599 3459 1652 ἐκείνων
3493 1598 3734 1668 ἀγαθῶν,
3781 1599 3880 1652 καὶ
3909 1597 4007 1667 τὴν

2442 1689 2729 1742 κοινωνίαν
2755 1689 2854 1759 τῆς
2886 1690 3038 1755 ἀξίας
3063 1688 3594 1759 καταμανθάνωμεν·

2513 1869 2742 1937 Ἃγιος,
2802 1869 2977 1936 ἅγιος,
3034 1869 3214 1935 ἅγιος·
3260 1869 3355 1921 καὶ
3403 1871 3464 1922 οὐ
3515 1871 3789 1937 λέγουσιν,
3840 1871 4007 1937 ἅγιοι,

2439 1959 2604 2027 ἅγιοι,
2635 1959 2722 2014 ἶνα
2771 1959 2834 2012 τὸ
2866 1959 3046 2013 ἑνικὸν
3078 1959 3435 2029 πολυώνυμον
3477 1963 3823 2030 ἀποφάνωσι,
3874 1962 4010 2031 μηδὲ

2440 2051 2548 2102 τῶν
2578 2052 2746 2122 τριῶν
2775 2051 2866 2104 τὸν
2897 2051 3130 2122 ἀριθμὸν
3161 2052 3578 2126 ἀποκρύψωσιν,
3609 2052 3748 2106 ἀλλὰ
3777 2053 3903 2124 τρὶς
3932 2053 4012 2106 δι·

2447 2141 2600 2194 δόασι
2653 2142 2756 2211 τὴν
2803 2141 3156 2210 ἀγιαστείανο
3227 2143 3515 2213 μονοειδῶς
3566 2142 3623 2196 δὲ
3675 2144 3769 2196 καὶ
3818 2143 4014 2204 ἑνικῶς

2442 2230 2884 2300 ἀποφθέγγονται
2916 2234 3005 2284 τὶν
3038 2232 3216 2301 λόγον,
3247 2233 3335 2287 ἴνα
3369 2233 3445 2304 μὴ
3479 2232 3776 2286 πυλυθεῖαν
3808 2233 4015 2303 ὀνομά-

2444 2333 2610 2369 σωσιν
2630 2335 2642 2349 ·
2707 2313 2787 2381 εἷς
2816 2321 2924 2390 γάρ
2971 2321 3087 2373 ἐστι
3134 2320 3267 2384 Θεὸς
3295 2321 3486 2391 Πατὴρ
3527 2323 3585 2376 ὲν
3616 2320 3730 2391 Υἱῷ
3752 2337 3763 2350 ·
3799 2321 3928 2385 Υἱὸς
3961 2323 4019 2374 ὲν

2444 2408 2620 2477 "arpi
2653 2410 2748 2462 σὺν
2787 2410 2928 2480 ἁγίῳ
2953 2411 3252 2482 Πνεύματι.
3287 2412 3399 2467 Καὶ
3437 2412 3528 2466 διὰ
3576 2413 3735 2467 τοῦτο
3768 2413 3927 2480 ἅγιος
3959 2415 4020 2467 ὲν

2445 2501 2617 2567 ἁγίυις
2635 2502 3065 2570 ἀναπαυόμενος,
3085 2503 3275 2574 Πατὴρ
3300 2505 3330 2556 6
3355 2503 3607 2573 ἀληθινὸς
3631 2503 4018 2566 ὲνυπόστατος.

2446 2590 2541 2642 καὶ
2564 2589 2688 2652 Υἱὸς
2708 2590 2962 2655 ἀληθινὸς
2985 2593 3374 2656 ὲνυπόστατος,
3399 2595 3496 2646 καλ⁵
3515 2593 3737 2662 Πνεῦμα
3765 2591 4022 2661 ἀληθινὸν

2447 2682 2830 2745 ἑνυπόςτατον,
2865 2682 2991 2751 τρία
3027 2683 3157 2736 ὄντα
3203 2683 3301 2754 μία
3330 2684 3542 2752 θεότης,
3574 2682 3671 2752 μία
3703 2681 3883 2740 οὐσία.
3923 2682 4024 2750 μία

2445 2774 2740 2841 δαξολογία,
2765 2769 2843 2836 εἷς
2868 2775 3018 2838 Θεός·
3060 2776 3333 2842 ὀνομάσας
3357 2775 3510 2835 Θεὸν,
3547 2774 4026 2844 συμπεριείληφας

2446 2866 2662 2935 διανοίᾳ.
2686 2866 2784 2936 τὴν
2816 2867 3046 2937 ἰ’ριάδα.
3070 2867 3268 2936 Ἔσχες
3298 2867 3522 2936 Πνεῦμα
3555 2867 3732 2934 ἅγιον,
3752 2864 4025 2934 κατηξίω-

2452 2973 2542 3007 σςιι
2569 2957 2669 3024 τῆς
2717 2956 3002 3026 δυνάμεως
3034 2957 3134 3028 τῆς
3184 2959 3444 3028 πατρῴας
3479 2957 3578 3012 καὶ
3615 2955 3708 3009 τοῦ
3738 2955 3872 3008 Υίοῦ
3929 2954 4026 3007 τοῦ

2449 3046 2619 3098 Θεοῖν
2662 3046 2922 3110 ἐδόξασας
2973 3047 3066 3100 τὸν
3108 3047 3350 3117 Πατέρα,
3403 3049 3686 3118 ὲσήμανας
3721 3047 3814 3099 τὸν
3869 3046 4027 3106 Tib),

2453 3139 2546 3190 καὶ
2586 3137 2647 3189 τὸ
2693 3136 2848 3205 ἅγιον
2897 3137 3145 3207 Πνεῦμα,
3198 3137 3334 3190 ἀλλὰ
3368 3138 3444 3208 μὴ
3483 3139 3623 3191 κατὰ
3673 3135 4026 3202 συναλοιφὴν.

776 3229 962 3282 dasti?
1014 3227 1211 3282 Filium
1269 3239 1322 3283 et
1372 3228 1638 3298 Spiritum
1693 3238 1947 3283 sanctum
2005 3227 2348 3296 signiﬁcasti,

2458 3231 2615 3282 Ἔστι
2658 3196 2766 3298 γὰρ
2798 3231 2826 3282 6
2849 3196 3292 3298 Πατὴρήάτήρ·
3320 3196 3513 3279 έςέτιῖιδ
3546 3226 3676 3288 Υἱὸς
3697 3225 3855 3286 Υἰό;’
3877 3196 4030 3276 cci-Iw

775 3331 885 3369 non
917 3325 1095 3371 tamen
1129 3331 1228 3385 per
1251 3317 1506 3370 unionem
1531 3325 1586 3371 et
1614 3317 1987 3370 coalitionem.
2013 3315 2175 3369 Pater
2206 3316 2351 3369 enim

777 3415 861 3458 cst
902 3405 1082 3468 Pater,
1111 3415 1165 3458 et
1192 3405 1363 3459 Filius
1399 3405 1588 3470 Filius,
1623 3415 1678 3460 ct
1710 3406 1949 3475 Spiritus
1969 3414 2198 3462 sanctus
2231 3405 2354 3474 Spi-

778 3498 920 3548 ritus
949 3505 1192 3547 sanctus.
1232 3494 1301 3545 At
1331 3492 1574 3548 Trinitas
1609 3495 1677 3547 ab
1711 3494 1916 3547 unitate
1965 3500 2019 3546 et
2073 3490 2356 3544 iileutitate

780 3587 1002 3640 minime
1037 3595 1243 3639 semota
1275 3593 1380 3640 est.

855 3677 995 3732 Ibid.
1017 3707 1081 3718 --
1110 3678 1154 3732 Ο
1185 3677 1433 3732 Trinitas
1463 3685 1676 3742 sancta,
1708 3692 1829 3745 quae
1861 3675 2202 3741 numeraris;
2239 3673 2359 3727 Tri-

783 3771 928 3823 nitas
958 3785 1066 3821 uno
1089 3768 1310 3822 nomine
1347 3769 1673 3822 numerata!
1713 3767 1830 3822 Non
1869 3767 2015 3820 enim
2051 3766 2234 3819 unitas
2276 3764 2358 3817 vel

783 3859 1035 3914 binarius
1057 3859 1279 3923 dicitur,
1311 3872 1489 3927 neque
1520 3859 1704 3911 unitas
1730 3866 1784 3910 et
1811 3857 2025 3920 unitas;
2052 3857 2143 3910 sed
2175 3853 2358 3907 Trini-

784 3955 872 4000 tas
923 3948 976 3999 in
1022 3948 1253 4010 unitate,
1301 3955 1358 4000 et
1411 3945 1596 4000 unitas
1636 3947 1688 3998 in
1741 3945 2032 4007 'l‘rinitatc.
2096 3943 2358 4013 singulari

785 4037 985 4102 forma,
1020 4047 1073 4091 et
1096 4038 1462 4106 appellatione
1493 4037 1774 4105 singulari.
1808 4035 1960 4091 Unus
1990 4035 2152 4091 Pater
2175 4036 2228 4090 in
2269 4033 2360 4088 Fi-

785 4131 884 4195 lio,
922 4130 1092 4183 Filius
1134 4131 1184 4181 in
1219 4129 1376 4181 Patre
1406 4137 1461 4182 et
1486 4128 1696 4196 Spiritu
1724 4139 1936 4181 sancto.

861 4216 976 4273 Una
1006 4229 1089 4272 est
1118 4219 1292 4287 gioria
1339 4216 1518 4270 Patris
1550 4225 1605 4270 ct
1638 4216 1756 4270 Filii
1791 4227 1844 4271 et
1888 4216 2128 4284 Spiritus
2164 4213 2359 4268 sancti.

794 4331 814 4361 ι
846 4310 1088 4364 Gloriam
1141 4309 1289 4361 enim
1342 4323 1538 4372 meam,
1600 4307 1798 4376 inquit.
1843 4307 1998 4358 alteri
2061 4321 2169 4358 nun
2225 4305 2364 4357 dabo

790 4401 927 4471 (Im.
967 4415 1100 4463 xui,
1131 4399 1208 4468 8).
1248 4396 1366 4452 Non
1404 4400 1550 4453 enim
1577 4399 1854 4453 secundus
1890 4396 2030 4450 Deus
2056 4404 2139 4449 cst
2167 4394 2362 4455 Filius,

2453 3323 2513 3374 τ),
2547 3321 2702 3388 ἅγιον
2729 3318 2978 3388 Πνεῦμα,
3015 3318 3171 3385 ἅγιον
3213 3317 3459 3387 Πνεῦμα.
3493 3316 3632 3370 Ἀλλ’
3658 3316 3759 3368 οὐκ
3787 3315 4032 3383 ἀπηλλο-

2453 3410 2730 3480 τριωμὲνη
2783 3409 2953 3479 Τριὰς
3017 3411 3115 3478 τῆς
3165 3408 3457 3476 ἐνάτη-τος,
3513 3406 3606 3460 καὶ
3657 3405 3759 3474 τῆς
3833 3404 4034 3457 ταυτό-

2457 3519 2638 3572 τητος.

2528 3674 2598 3729 Ὦ
2621 3677 2789 3746 Τριᾶς
2825 3675 2956 3742 ἁγία
2986 3673 3364 3744 ἀριθμουμένη
3397 3684 3444 3734 ι,
3481 3670 3650 3742 Τριὰς
3691 3671 3749 3721 ὲν
3799 3667 3879 3721 ἑνὶ
3914 3667 4036 3719 ὀνό-

2463 3787 2592 3840 ματι
2629 3767 3038 3838 ἀριθμουμένηί
3077 3767 3150 3818 Οὐ
3174 3766 3281 3835 γὰρ
3304 3762 3521 3832 λέγεται
3551 3762 3720 3832 μονὰς
3753 3761 3847 3812 καὶ
3873 3759 4033 3819 δυὰς,

2460 3859 2580 3911 οὐδὲ
2616 3857 2780 3927 μονὰς
2811 3856 2902 3909 καὶ
2953 3854 3142 3924 μονὰς,
3174 3852 3312 3906 ἀλλὰ
3360 3851 3530 3921 Τριὰς
3584 3852 3644 3901 ἐν
3687 3847 3897 3918 μονάδι,
3938 3846 4036 3900 καὶ

2465 3950 2631 4019 μονὰς
2687 3950 2744 4000 ἐν
2778 3947 2990 4013 Τριάδι,
3039 3943 3325 4016 μονοειδῶς
3379 3940 3714 4012 μονωνύμως
3746 3932 3824 3999 εἷς
3859 3935 4031 3998 Θεός’

2461 4040 2652 4108 Πατὴρ
2707 4039 2763 4090 ἐν
2824 4036 2968 4104 Υἱῷ·
3020 4035 3147 4098 Υἱὸς
3195 4035 3252 4086 ὲν
3295 4031 3474 4101 Πατρὶ
3529 4031 3626 4082 σὺν
3681 4025 3820 4094 ἁγίῳ
3857 4023 4035 4077 Πνεῦ-

2508 4148 2618 4181 ατί.

2508 4149 2618 4181 ατι.

2465 4149 2504 4200 μ
2535 4223 2648 4276 Μία
2673 4219 2799 4286 δόξα
2834 4216 3047 4287 Πατρδς
3075 4215 3168 4269 καὶ
3202 4213 3333 4268 Υίοῦ
3380 4214 3473 4264 καὶ
3503 4210 3657 4276 ἁγίου
3692 4211 4038 4275 ιινεὺματος.

2472 4336 2488 4365 ι
2508 4316 2618 4383 Τὴν
2637 4313 2792 4376 δόξαν
2819 4309 2926 4378 γάρ
2946 4324 3072 4378 μου,
3091 4306 3274 4376 φησὶν,
3293 4303 3462 4372 ἑτέρῳ
3490 4303 3549 4353 οὐ
3577 4299 3754 4352 δώσω.
3784 4317 3802 4348 ι
3831 4299 3909 4350 Οὐ
3932 4297 4042 4364 γάρ

2466 4407 2582 4458 ἐστι
2603 4403 2860 4470 δεύτερος
2894 4399 3026 4461 Θεὸς
3055 4401 3084 4450 6
3120 4397 3268 4458 Υἱὸς,
3301 4394 3436 4447 ἀλλὰ
3468 4394 3638 4460 Λόγος
3667 4391 3761 4442 τοῦ
3795 4389 3916 4450 ἐνὸς
3945 4387 4042 4440 καὶ

790 4493 884 4545 sed
919 4487 1158 4545 Verbum
1194 4490 1358 4543 unius
1389 4497 1444 4542 et
1475 4490 1646 4543 solius
1675 4489 1786 4552 Dei,
1819 4488 1912 4556 qui
1953 4488 2004 4540 in
2039 4488 2193 4541 Patre
2223 4485 2361 4540 Deus

2472 4495 2635 4565 μόνου
2659 4490 2816 4551 Θεοῦ,
2848 4485 3266 4555 Θεολογούμενος
3299 4485 3356 4536 ὲν
3389 4482 3582 4550 Πατρὶ,
3613 4479 3687 4542 ὡς
3713 4479 3809 4531 καὶ
3849 4477 4042 4545 Πατὴρ

2557 4583 2660 4589 Α--..
2711 4582 2727 4589 -
2800 4583 2813 4589 ι
2926 4582 2946 4589 ..
3097 4578 3138 4589 nu
3190 4574 3244 4589 Αἱ
3406 4573 3420 4589 \
3465 4573 3524 4589 vi!
3595 4568 3857 4589 O,.,\!_--_
3925 4568 4012 4589 τι--

790 4597 916 4634 esse
948 4579 1298 4647 prmdicatur,
1337 4579 1794 4649 quemadmodum
1829 4585 1883 4632 et
1916 4577 2075 4630 Pater
2114 4577 2168 4629 in
2205 4575 2362 4629 Filio.

791 4669 955 4724 Velut
991 4671 1155 4740 300
1179 4670 1344 4724 etiam
1381 4670 1552 4725 Isaias
1582 4669 1676 4733 ait,
1710 4669 1836 4720 dum
1867 4667 2066 4721 Filium
2104 4683 2210 4721 una
2238 4682 2363 4720 cum

791 4763 955 4816 Patre
1012 4761 1178 4814 Deum
1239 4761 1525 4829 proﬁtetur
1550 4781 1570 4821 ,ς
1613 4780 1631 4811 ι
1670 4761 1992 4813 Adorabunt
2029 4769 2100 4823 te,
2133 4770 2186 4813 et
2232 4761 2283 4812 iu
2316 4771 2367 4814 te

793 4843 1070 4905 orabunt:
1110 4849 1370 4919 quoniam
1429 4852 1482 4904 in
1545 4860 1596 4904 te
1658 4850 1800 4904 Deus
1856 4849 2058 4911 Israel,
2119 4847 2370 4902 Salvator

796 4942 948 5014 (Ira-
978 4957 1102 5009 xiv,
1144 4942 1442 5011 14,’15).·›,
1470 4940 1910 5008 Confundentur,
1943 4951 1998 4997 et
2041 4943 2369 4997 erubescent

795 5021 1010 5095 omnes,
1051 5018 1145 5102 qui
1179 5033 1280 5101 ipsi
1313 5035 1698 5097 adversantur,
1744 5048 1844 5088 nec
1875 5034 2053 5102 ipsum
2104 5033 2369 5088 conliten~

800 5133 910 5187 tur,
951 5137 1051 5177 nec
1074 5122 1338 5192 Spiritum
1371 5124 1546 5194 ipsius
1567 5124 1808 5194 ejusdem
1835 5139 1899 5179 ac
1922 5123 2093 5179 Filius
2122 5124 2372 5179 essentia:

800 5229 944 5275 esse,
972 5229 1035 5268 ac
1062 5223 1260 5283 praeter
1281 5229 1426 5278 eum,
1456 5215 1622 5269 alium
1657 5215 1823 5270 Deum
1853 5232 1995 5272 esse.

873 5303 1231 5374 Nequaquam
1279 5305 1351 5358 ita
1393 5314 1528 5360 est:
1579 5306 1904 5361 absithon
1957 5316 2040 5362 est
2089 5315 2372 5376 procreata

806 5396 1075 5458 Trinitas,
1122 5398 1216 5452 sed
1250 5399 1583 5469 sempiterna
1623 5409 1675 5455 et
1718 5418 1826 5455 una
1872 5409 1955 5455 est
2006 5402 2060 5455 in
2107 5400 2375 5454 Triuitatc

2448 4589 2526 4663 ,ὲν
2557 4583 2671 4652 Υἱῴ
2707 4582 3059 4648 θεολογεῖται.
3097 4574 3295 4638 Καθὼς
3335 4573 3429 4626 καὶ
3465 4570 3690 4632 Ἡσαΐας
3712 4568 3885 4636 λέγει,
3925 4568 4044 4620 θεο-

2468 4676 2644 4744 λογῶν
2679 4674 2798 4724 Υἱὸν
2829 4671 2924 4723 σὺν
2953 4666 3127 4736 Πατρί
3147 4683 3159 4696 ·
3191 4685 3206 4716 ι
3231 4660 3677 4734 Προσκυνήσουσί
3715 4675 3820 4719 σοι.
3852 4658 3953 4710 καὶ
3985 4659 4043 4709 ὲν

2476 4767 2559 4819 σοὶ
2615 4761 3034 4834 προσεύξονται·
3067 4759 3150 4810 ὅτι
3191 4759 3249 4810 ὲν
3299 4756 3382 4808 σοὶ
3411 4757 3440 4806 6
3487 4753 3617 4815 θεὸς
3662 4750 3754 4804 τοῦ
3801 4749 4041 4819 Ἰσραὴλ,

2471 4859 2686 4925 Σωτήρ.
2711 4873 2728 4904 ι
2758 4850 3227 4920 Αἰσχυνθήσονται
3253 4851 3347 4900 καὶ
3377 4843 3807 4915 ἐντραπήσονται
3841 4843 4046 4901 πάντες

2470 4949 2520 5000 οἱ
2548 4943 2916 5012 ἀντικείμενοι
2939 4939 3108 5009 αὐτῷ,
3134 4939 3185 4991 οἱ
3219 4937 3294 5008 μὴ
3323 4935 3708 5005 ὁμολογοῦντες
3743 4933 3916 5000 αὐτῷ,
3954 4933 4046 4983 καὶ

2472 5041 2534 5092 τὸ
2575 5037 2798 5107 Πνεῦμα
2847 5033 3037 5095 αὑτοῦ,
3065 5034 3163 5103 τῆς
3211 5031 3379 5099 αὐτῆς
3414 5028 3494 5100 τῷ
3537 5028 3651 5096 Υἱῴ
3698 5027 3910 5087 οὐσίας.
3957 5027 4046 5076 καὶ

2477 5133 2619 5200 πλὴν
2655 5127 2820 5183 αὑτοῦ
3002 5119 3140 5177 εἶναι
3174 5123 3328 5176 Θεόν.

2551 5305 2664 5358 Οὐκ
2684 5303 2831 5356 ἔστιν
2865 5297 3036 5353 οὕτωσ
3069 5294 3145 5368 μὴ
3175 5293 3420 5363 γένοιτο·
3453 5293 3554 5346 οὐκ
3599 5289 3718 5342 ἐστι
3747 5285 3986 5354 γεννητὴ
4011 5286 4041 5350 ἡ

2482 5397 2671 5468 Τριὰς,
2710 5392 2824 5448 ἀλλ’
2857 5390 3048 5452 ἀΐδιος,
3090 5387 3185 5441 καὶ
3235 5385 3334 5457 μία
3380 5384 3569 5454 Θεότης
3609 5383 3669 5436 ὲν
3703 5378 3919 5450 Τριὰδι,
3955 5377 4047 5428 καὶ

2077 5535 2310 5591 νΑΒΙᾸΞ
2351 5533 2748 5589 LECTIUNES.

878 5635 908 5697 ξ
942 5621 1064 5697 ll_:ee
1104 5621 1574 5697 legunturcodem
1605 5628 1709 5680 loei
1738 5627 1878 5696 apud
1915 5626 2300 5697 Epiplianium.
2331 5626 2597 5696 Rupefue.
2649 5640 2779 5677 vero
2818 5619 3017 5697 tribuit
3043 5615 3447 5697 Amphilochia,
3487 5615 3878 5697 205311712950.)
3919 5614 4052 5697 ἈΨ-

813 5683 1182 5768 φιλοχίου,
1200 5691 1294 5743 τοῦ
1319 5695 1403 5768 εἰς
1431 5695 1489 5747 τό
1523 5699 1583 5749 Ὀ
1607 5683 1790 5767 κύριος
1811 5683 1988 5751 Extis?
2022 5683 2118 5768 ἰιε.
2144 5700 2275 5763 Qum
2307 5683 2590 5766 inscriptio
2622 5698 2684 5749 sit
2728 5694 2912 5765 potius
2945 5687 3093 5744 illius
3124 5683 3432 5756 fragincnti,
3465 5683 3607 5746 quod
3651 5684 3834 5736 statim
3868 5683 4045 5748 sequi-

818 5752 904 5820 {ur
927 5752 1030 5815 Sliz
1055 5761 1202 5828 δόξαι,
1231 5779 1282 5814 κ.
1306 5778 1357 5816 τ.
1380 5752 1428 5814 γὲ.
