4218 6446
204 374 331 428 [081

1477 386 1711 445 SACRA
1753 388 2211 454 PARALLELA.

3321 404 3457 470 108?.

203 485 291 534 καὶ
324 484 393 538 τὰ
424 486 483 540 ἐν
523 488 713 559 χερσὶν
754 490 1083 562 εὑρίσκομεν
1114 494 1252 563 μετά
1285 494 1450 549 πόνου
1477 514 1490 527 ·
1520 501 1587 551 τὰ
1626 501 1681 553 δὲ
1712 502 1731 553 ὲ

1830 532 1840 562 ,
1873 503 1926 556 in
1958 518 2101 559 terra
2139 521 2265 562 Sttnt
2294 527 2307 562 :
2341 520 2393 565 et
2441 531 2564 584 qnte
2596 516 2647 569 in
2686 527 2979 586 prospectu
3032 526 3182 583 sunt,
3232 518 3443 574 inveni-

202 578 468 645 )quvolg,
493 579 577 644 τίς
602 581 935 652 ὲξιχνίασεν;
970 605 988 636 ι

270 771 290 803 ι
326 752 700 827 Χαλεπὼτερά
743 775 837 812 σου
873 761 948 832 μὴ
974 763 1148 831 ζήτει,
1180 765 1273 817 καὶ
1331 766 1641 840 ὑψηλότερά
1670 788 1766 825 σου

193 844 272 912 μὴ
304 847 673 916 περιεργάζου
694 867 709 882 ο
735 850 793 905 ἀ.
818 855 1133 925 προσετάγη
1184 874 1287 921 σοι,
1324 861 1494 915 ταῦτα
1525 862 1762 919 διανοοῦ.

190 933 269 985 05
298 936 407 1005 γάρ
427 938 547 993 ὲστί
578 957 660 995 σοι
690 943 849 1013 χρεία
872 946 983 998 τῶν
1010 947 1286 1015 κρυπτῶν.
1325 951 1414 1004 Ἐν
1446 956 1558 1017 τοῖς
1575 971 1766 1026 περισ-

190 1029 307 1089 σοῖς
335 1028 444 1081 τῶν
471 1030 650 1101 ἔργων
700 1051 794 1087 σου
830 1036 906 1106 μὴ
953 1040 1345 1108 περιεργάζου.
1379 1044 1608 1098 Πλείονα
1653 1047 1764 1119 γὰρ

188 1118 461 1184 συνέσεως
515 1123 818 1195 ἀνθρώπων
865 1128 1161 1199 ὑπεδείχθη
1214 1148 1332 1185 σοι’
1397 1136 1626 1200 πολλοὺς
1657 1139 1762 1210 γὰρ

187 1207 471 1264 ἀπώλεσεν
514 1214 547 1283 ή
579 1216 847 1288 ὑπόληψις
904 1220 1102 1285 αὐτῶν,
1140 1228 1236 1276 καὶ
1290 1225 1516 1280 ὑπόνοια
1550 1231 1764 1299 πονηρά

185 1298 459 1372 tamam
497 1305 739 1361 διάνοιαν
784 1310 1001 1363 αὐτῶνθ
1051 1314 1195 1367 καὶὸ
1232 1316 1464 1384 ἀγαπῶν
1513 1298 1760 1373 κίνδυνον

184 1393 247 1446 ὲν
274 1392 423 1465 αὕτῷ
446 1395 750 1453 ἀπολεῖται.
786 1420 805 1452 ι

268 1630 286 1662 ι
331 1614 469 1683 Περὶ
489 1615 839 1689 πράγματος,
857 1613 919 1673 οὗ
946 1621 1047 1675 οὐκ
1079 1621 1195 1677 ἔστι
1224 1640 1307 1677 σοι
1335 1625 1515 1695 χρεία,
1551 1626 1628 1698 μὴ
1659 1644 1759 1680 πε-

185 1722 271 1774 ριε
281 1705 502 1776 ργάζου.
538 1726 558 1761 ι

262 1816 278 1846 ι
314 1795 616 1867 Θαυμαστὰ
641 1802 710 1854 τὰ
731 1801 869 1871 ἔργα
897 1804 1125 1875 Κυρίου,
1154 1806 1248 1858 καὶ
1270 1806 1490 1876 κρυπτά
1517 1809 1585 1861 τά
1617 1808 1757 1878 ἔργα

178 1886 349 1939 αὑτοῦ
378 1889 476 1941 ἀνθ
486 1890 709 1959 ρώποις.
750 1910 768 1943 ι

252 2001 271 2032 ι
309 1981 405 2045 Τις
438 1982 732 2052 ἐξιχνιάσει
787 1986 857 2040 τὰ
894 1988 1154 2057 μεγαλεῖα
1203 1988 1297 2042 τοῦ
1342 1989 1478 2043 Θεοῦ
1501 2032 1514 2055 ,
1549 1990 1755 2060 κράτος

170 2072 280 2140 τῆς
320 2078 695 2153 μεγαλοσυνης
726 2077 891 2131 αὑτοῦ
934 2079 1018 2143 τίς
1046 2078 1508 2152 ὲξαριθμήσεται;
1539 2085 1633 2137 καὶ
1669 2084 1755 2147 τίς

172 2165 477 2237 προσθήσει
511 2167 945 2241 ἐκδιηγήσασθαι
980 2173 1050 2226 τά
1078 2172 1202 2243 ὲλέη
1235 2174 1437 2242 αυτοῦς
1477 2177 1576 2227 οὐκ
1602 2175 1752 2229 ἐστιν

169 2258 502 2321 ἐλαττῶσαι,
533 2260 654 2313 οὐδὲ
682 2262 1003 2332 προσθεῖναι
1026 2280 1040 2294 ·
1072 2264 1167 2318 καὶ
1201 2266 1303 2318 οὐκ
1332 2264 1477 2319 ἔστιν
1507 2265 1748 2336 ἐξιχνιά-

169 2366 267 2403 σαι
291 2350 359 2403 τὰ
374 2350 629 2422 θαύματα
649 2355 852 2425 Κυρίου
868 2370 881 2383 °
913 2356 1042 2409 ὅταν
1065 2356 1364 2430 συντελέσῃ
1384 2358 1413 2409 ό
1439 2356 1536 2411 ἀνθ
1546 2374 1747 2427 ρωπος,

164 2437 292 2490 τότε
328 2437 587 2510 ἄρχεται·
631 2444 727 2495 καὶ
766 2443 896 2495 ὅταν
924 2441 1131 2515 παύσῃ,
1175 2442 1298 2496 τότε
1334 2442 1748 2515 ὲξαπορηθήσε-

163 2546 282 2583 ται.
333 2549 354 2581 ι
1086 2602 1091 2607 ι

244 2642 263 2674 ι
298 2622 432 2676 Θεὸν
456 2624 631 2688 οὐδεὶς
671 2624 884 2697 ἑώρακε
923 2626 1164 2683 πώποτε.
1202 2646 1221 2681 ι

243 2734 262 2764 ι
310 2714 369 2767 '0
392 2714 646 2783 βασιλεὺς
676 2719 784 2772 τῶν
811 2719 1230 2789 βασιλευόντων,
1262 2720 1357 2774 καὶ
1388 2720 1597 2793 Κύριος
1634 2722 1743 2775 τῶν

159 2807 564 2875 κυριευόντων·
596 2810 832 2877 ό¹.μόνος
864 2810 1001 2879 ἔχων
1033 2812 1339 2866 ἀθανασίαν
1360 2830 1371 2842 ’
1409 2812 1525 2881 φῶς
1571 2815 1740 2867 οἰκῶν

142 2881 487 2966 ἀπρόσιτον,
544 2899 602 2952 ὃν
636 2896 775 2953 εἶδεν
810 2902 986 2965 οὐδεὶς
1042 2901 1368 2975 ἀνθρώπων,
1424 2902 1543 2956 οὐδὲ
1609 2904 1739 2957 ἰδεῖν

152 2986 409 3039 ὁὶναται.
446 3005 464 3036 ι

229 3078 296 3129 Εἰ
332 3076 510 3145 βούλει
543 3081 672 3147 περὶ
693 3080 831 3135 Θεοῦ
860 3082 1040 3152 λέγειν
1070 3101 1145 3147 τι,
1172 3084 1206 3154 ἢ
1239 3082 1485 3149 ἀκούειν,
1511 3085 1646 3153 ἄφες
1674 3086 1736 3137 τὸ

1879 610 2001 651 mus
2033 612 2158 652 cum
2209 602 2413 659 labore.
2468 610 2600 672 Quae
2652 618 2833 661 autem
2881 608 2935 663 in
2966 610 3122 673 caelis
3152 619 3301 673 sunt.
3328 610 3455 681 quis

1876 689 2275 767 investigabit?
2311 716 2330 748 ι

1946 781 2118 839 Εοειὶ.
2172 803 2256 851 ιιι,
2298 789 2488 844 22-27.
2522 822 2591 833 —-
2621 812 2639 843 ι
2690 791 2903 849 Altiora
2953 804 3006 850 te
3037 809 3105 850 ne
3142 795 3451 865 quaesieris,

1874 882 1928 929 et
1956 874 2185 932 fortiora
2223 888 2276 935 te
2308 896 2377 936 ne
2410 893 2687 941 scrutatus
2722 884 2933 942 fueris:
2967 889 3065 943 sed
3092 904 3214 958 qua:
3238 904 3449 959 praece-

1874 968 1954 1037 pit
2006 970 2104 1025 tibi
2157 970 2324 1040 Deus,
2366 974 2459 1030 illa
2508 979 2688 1046 cogita
2742 995 2983 1050 semper.
3018 980 3141 1036 Non
3191 983 3337 1037 enim
3368 991 3451 1038 est

1875 1059 1970 1113 tibi
2003 1066 2377 1119 necessarium
2426 1083 2548 1136 qua:
2578 1069 2907 1125 abscondita
2956 1080 3112 1138 sunt,
3147 1072 3352 1127 videre.
3389 1071 3447 1125 In

1873 1154 2228 1220 supervacuis
2275 1158 2536 1223 operibus
2616 1160 2729 1214 tuis
2789 1177 2856 1217 ne
2934 1160 3109 1217 fueris
3163 1162 3444 1216 curiosus.

1870 1236 2114 1295 Plurima
2161 1243 2305 1297 enim
2360 1262 2527 1318 super
2582 1264 2810 1305 sensum
2876 1252 3158 1306 hominum
3221 1260 3447 1308 ostensa

1870 1341 2000 1385 sunt
2039 1334 2158 1388 tibi.
2212 1334 2410 1392 Multos
2461 1342 2606 1394 enim
2653 1342 2896 1412 perdidit
2940 1344 3182 1412 suspicio
3218 1359 3441 1400 eorum:

1854 1432 1922 1492 ret
1970 1424 2025 1477 in
2062 1428 2308 1483 vanitate
2367 1433 2612 1487 detinuit
2667 1451 2867 1490 sensus
2936 1435 3196 1490 illorum:
3245 1444 3301 1490 et
3349 1437 3442 1505 qui

1868 1524 2015 1568 amat
2044 1518 2376 1585 periculum,
2409 1523 2462 1576 in
2490 1539 2556 1578 eo
2591 1525 2811 1594 peribit.

1938 1605 2110 1664 Eccli.
2136 1626 2212 1674 xu,
2246 1611 2299 1665 9.
2324 1643 2393 1652 —
2419 1633 2438 1665 ι
2482 1614 2557 1669 De
2581 1631 2644 1672 ea
2675 1633 2755 1684 re,
2794 1634 2916 1690 qua:
2941 1627 2994 1675 te
3024 1636 3134 1675 non
3160 1620 3438 1682 molestat,

1866 1712 1936 1752 ne
1965 1703 2289 1759 certaveris.
2321 1723 2339 1756 ι

1939 1787 2143 1844 1ὁίά.4
2190 1812 2300 1844 -ι
2358 1796 2632 1851 Mirabilia
2695 1814 2864 1869 opera
2921 1801 3190 1858 Altissimi
3244 1804 3437 1869 solius,

1790 1867 1830 1922 Β
1858 1881 2099 1951 gloriosa
2128 1893 2184 1939 et
2223 1886 2523 1951 absconsa,
2558 1898 2613 1944 et
2650 1892 2830 1947 invisa
2872 1908 3042 1964 opera
3075 1895 3250 1951 illius.
3282 1917 3301 1950 ι

1925 1973 2086 2044 302
2124 1974 2295 2030 Ecclt'.
2346 1995 2506 2047 xvm,
2541 1980 2595 2035 '5.
2625 2011 2697 2023 —
2725 2001 2743 2034 ι
2769 1982 2905 2049 Quis
2933 1987 3286 2057 investigabit
3321 2004 3438 2042 ma-

1854 2067 2033 2136 gnalia
2067 2066 2199 2123 Dei?
2230 2070 2486 2125 virtutem
2517 2081 2700 2129 autem
2726 2076 3126 2145 magnitudinis
3160 2080 3283 2147 ejus
3308 2082 3436 2151 quis

1854 2158 2210 2214 enuntiabit?
2260 2171 2354 2217 aut
2386 2165 2514 2235 quis
2566 2167 2788 2237 adiiciet
2819 2185 3084 2225 enarrare
3115 2173 3436 2229 misericor-

1852 2247 1997 2303 diam
2025 2252 2194 2322 ejus?
2233 2253 2353 2310 Non
2404 2265 2489 2312 est
2524 2260 2798 2326 minuere,
2849 2278 2949 2317 nec
3001 2264 3243 2333 adjicere
3277 2284 3291 2318 :
3330 2283 3433 2323 nec

1851 2351 1938 2397 est
1993 2343 2242 2402 invenire
2277 2351 2552 2419 magnalia
2605 2350 2726 2407 Dei.
2774 2353 2910 2408 Cum
2962 2362 3433 2414 consummaverit

1850 2433 2037 2501 homo,
2093 2446 2223 2494 tunc
2273 2441 2546 2512 incipiet:
2605 2453 2660 2499 et
2706 2459 2833 2499 cum
2885 2448 3183 2517 quieverit,
3234 2465 3429 2521 opera-

1848 2524 2017 2584 bitur.
2054 2547 2073 2581 ι

1914 2616 2078 2673 Joan.
2118 2622 2275 2685 ι,18.
2306 2654 2375 2664 -
2408 2644 2427 2677 ι
2468 2624 2637 2680 Deum
2690 2643 2853 2683 nemo
2904 2630 3044 2685 vidit
3090 2648 3354 2702 unquam.
3404 2654 3420 2685 ι

1918 2706 1948 2761 Ι
1984 2709 2119 2764 Tim.
2171 2729 2246 2774 γι,
2287 2714 2373 2767 15.
2402 2743 2453 2753 —~
2494 2735 2512 2767 ι
2539 2714 2655 2771 Rex
2697 2733 2909 2790 regum,
2949 2719 3219 2779 Dominus
3251 2724 3426 2778 domi-

1842 2800 2118 2865 nantium,
2166 2805 2258 2872 qui
2292 2807 2444 2860 solus
2474 2806 2645 2862 habet
2690 2811 3185 2878 immortalitatem,
3239 2824 3295 2869 et
3339 2816 3421 2870 lu-

1841 2902 1960 2943 cem
2018 2892 2226 2947 habitat
2274 2896 2755 2955 inaccess'bilem:
2811 2918 2974 2971 quem
3016 2905 3207 2961 nullus
3242 2905 3421 2961 homi-

1841 2994 1971 3036 num
2005 2984 2166 3049 vidit,
2209 2988 2303 3042 sed
2340 3004 2443 3044 nec
2472 2990 2659 3047 videre
2687 3000 2886 3061 potest.

1909 3069 2077 3124 Basil.
2109 3072 2187 3128 De
2221 3076 2347 3144 ﬁde.
2379 3107 2448 3116 —
2472 3079 2531 3133 Si
2574 3079 2642 3134 de
2669 3079 2780 3136 Deo
2811 3082 3095 3156 quidpiam
3135 3086 3283 3156 loqui
3324 3102 3420 3143 aut

152 3169 320 3237 σῶμα
342 3170 533 3222 ἑαυτοῦ
606 3172 743 3240 ἄφες
775 3174 870 3236 τὰς
899 3176 1216 3244 σωματικὰς
1234 3175 1537 3241 αἰσθήσεις·
1566 3176 1731 3229 κατὰ·

1839 3163 2033 3218 audire
2064 3166 2278 3233 studes,
2335 3171 2567 3224 missum
2621 3172 2706 3226 fac
2758 3190 2960 3245 corpus
3011 3185 3189 3243 tuum,
3220 3179 3420 3235 missos

148 3260 281 3311 λιπε
321 3261 420 3331 τὴν
444 3261 547 3330 γῆν
570 3277 583 3290 ⁸
619 3265 887 3317 κατάλιπε
916 3267 1016 3334 τὴν
1047 3264 1324 3319 θάλασσαν
1346 3282 1359 3295 ·
1394 3267 1544 3320 κάτω
1573 3284 1730 3320 σεαυ-

141 3350 250 3402 ἐοὖ
297 3350 523 3419 ποίησον
570 3353 662 3405 τὸν
693 3354 831 3424 ἀέρα
860 3371 874 3385 ’
911 3355 1238 3425 παράδραμε
1288 3354 1462 3426 ὥρας,
1520 3357 1728 3427 καιρῶν

143 3441 431 3505 εὐταξίας,
491 3444 591 3507 τὰς
647 3447 775 3515 περὶ
799 3446 906 3514 γῆν
938 3446 1347 3516 διακοσμήσεις.
1422 3447 1592 3517 ’Υπὲρ
1635 3448 1726 3500 τὸν

144 3532 357 3603 αἰθέρα
390 3552 587 3601 γενου·
634 3536 850 3607 διάϐηθι
884 3539 1013 3600 τοὺς
1062 3538 1316 3607 ἀστέρας,
1354 3538 1423 3591 τά
1458 3541 1586 3609 περὶ
1631 3540 1727 3592 αὖ·

143 3625 262 3677 τῶν
296 3626 574 3695 θαύματα,
609 3626 709 3697 τὴν
758 3629 1055 3696 εὐκοσμίαν
1104 3628 1321 3690 αὐτῶν,
1368 3630 1439 3680 τά
1489 3630 1721 3699 μεγέθη,

139 3717 250 3779 τὰς
324 3717 544 3786 χρείας,
598 3718 698 3789 τὴν
766 3719 1160 3790 λαμπρότητα,
1231 3719 1331 3788 τὴν
1390 3718 1559 3785 θέσιν,
1624 3722 1725 3790 τὴν

141 3808 349 3860 κτίσιν.

214 3899 311 3969 Μὴ
340 3900 491 3969 ζήτει
518 3900 585 3953 τὰ
615 3900 977 3972 ἀνερεύνητα·
1011 3902 1133 3955 οὐδὲ
1159 3902 1268 3973 γὰρ
1287 3904 1582 3973 εὑρίσκεις.
1606 3905 1722 3956 ’Ὶνα

136 3992 256 4060 γὰρ
281 3991 335 4042 τί
371 3993 462 4043 καὶ
493 3992 711 4062 (utsic;
749 3995 905 4064 Παρὰ
946 3994 1093 4057 τίνος
1122 3994 1266 4064 ἔχεις
1300 3997 1526 4065 μαθεῖν;
1560 3997 1719 4065 Παρὰ

136 4082 283 4148 γῆςς
331 4082 431 4132 οὑκ
485 4082 825 4151 ὑφειστήκει.
869 4084 1029 4152 Παρά
1082 4082 1383 4153 Onusam;
1430 4085 1529 4136 οὐκ
1576 4080 1713 4153 ἦνή

137 4166 310 4235 ὑγρά.
350 4168 509 4238 Παρὰ
531 4169 800 4240 οὐρανοῦ,
834 4172 935 4223 οὐκ
962 4168 1029 4240 ἦν
1060 4172 1321 4243 ἐπαρθείς
1378 4173 1535 4243 Παρὰ
1562 4173 1714 4241 ἡλίου

133 4260 238 4311 καὶ
265 4259 528 4329 σελήνης;
585 4261 796 4313 οὐδέπω
842 4263 1329 4334 δεδημιούργηντο.
1381 4264 1543 4316 ’Λλλά
1579 4264 1713 4334 παρ’

132 4348 385 4411 αἱὼνωνς
411 4350 519 4417 πρὸ
538 4349 748 4402 αἰώνων
770 4354 796 4404 ό
822 4352 1154 4423 Μονογενής.
1186 4355 1276 4424 Μὴ
1300 4355 1517 4419 ἐξέταζε
1542 4356 1610 4409 τὰ
1640 4359 1712 4427 μὴ

130 4442 225 4491 ἀεὶ
260 4439 414 4501 ὄντα,
449 4441 590 4510 ὑπὲρ
618 4440 711 4493 τοῦ
741 4443 826 4494 ἀεὶ
853 4444 1022 4505 ὄντος.
1054 4446 1115 4497 Εἰ
1141 4446 1199 4499 δὲ
1225 4448 1298 4515 μὴ
1334 4446 1530 4511 θέλεις,
1578 4448 1713 4502 ἀλλὰ

1838 3252 1922 3307 fac
1953 3269 2249 3326 corporeos
2271 3274 2491 3316 sensus.
2530 3264 2734 3320 Desere
2761 3275 2988 3335 terram,
3016 3271 3211 3327 desere
3243 3288 3410 3339 mare,

1833 3361 1999 3415 supra
2035 3362 2215 3406 aerem
2253 3367 2501 3424 assurge,
2543 3358 2673 3410 anni
2700 3372 2885 3428 partes
2920 3366 3163 3431 praeteri,
3203 3375 3414 3436 tempo-

1832 3438 1955 3491 rum
1988 3442 2236 3507 ordines,
2282 3456 2609 3501 ornamenta
2659 3458 2858 3507 terrae:
2907 3455 3111 3511 a-there
3157 3460 3414 3529 superior

1829 3529 1948 3594 ﬁas,
1989 3535 2265 3601 pertransi
2315 3538 2531 3604 stellas,
2568 3556 2631 3594 ea
2667 3559 2790 3611 quae
2840 3545 2988 3599 circa
3024 3548 3147 3603 illas
3179 3550 3407 3607 miriﬁca

1827 3631 1978 3688 sunt,
2042 3635 2297 3679 ornatum
2381 3644 2593 3690 earum.
2682 3637 3142 3705 magnitudinem,
3222 3656 3405 3708 usum,

1825 3715 2199 3783 splendorem,
2227 3718 2418 3783 situm,
2459 3724 2927 3790 procreationem.

1897 3886 2170 3955 Ejusdem.
2200 3922 2268 3931 —-
2297 3894 2373 3949 Nc
2416 3898 2510 3950 illa
2551 3914 2769 3967 qua-ras
2815 3918 2936 3972 qua:
2993 3906 3245 3977 indagari
3307 3926 3402 3966 ne-

1822 3991 2075 4047 queunt:
2115 3999 2293 4053 neque
2343 3991 2489 4042 enim
2544 3993 2814 4050 invenies.
2873 3995 3081 4067 Ecquid
3134 4003 3280 4055 enim
3336 4019 3398 4058 ea

1818 4073 2136 4139 qu:eris?A
2185 4094 2424 4145 quonam
2487 4097 2677 4135 eorum
2748 4084 2976 4142 haurire
3031 4093 3398 4161 cognitionem

1818 4164 2038 4231 possis?
2086 4166 2131 4219 A
2181 4171 2370 4223 terra?
2402 4180 2461 4225 at
2515 4189 2623 4227 non
2677 4179 2998 4234 exsistebat.
3051 4182 3095 4234 A
3138 4185 3399 4238 mart?at

1819 4254 2061 4308 nondum
2114 4259 2259 4312 unda
2314 4269 2453 4315 erat.
2497 4264 2535 4316 A
2572 4266 2759 4320 calo?
2808 4269 3052 4324 nondum
3102 4282 3395 4330 extensum

1817 4352 1956 4401 erat.
2013 4348 2053 4399 Α
2112 4350 2230 4402 sole
2279 4358 2333 4404 et
2371 4354 2541 4408 luna?
2585 4358 2826 4412 nondum
2882 4363 3088 4416 conditi
3146 4372 3394 4422 erant.A

1818 4436 2081 4491 smeulis?
2129 4455 2317 4493 verum
2352 4455 2479 4497 ante
2526 4449 2725 4501 swcula
2751 4452 3004 4505 exstabat
3045 4452 3388 4524 Unigenitus.

130 4524 486 4590 φιλονεικεῖς,
520 4529 807 4594 καταγελῶ
865 4549 958 4583 σου
994 4535 1092 4599 τῆς
1137 4535 1384 4601 ἀγνοίας,
1420 4535 1621 4604 μᾶλλον
1654 4538 1710 4589 δὲ

1830 4526 1922 4581 Pro
1958 4529 2051 4580 illo
2083 4532 2177 4598 qui
2212 4536 2584 4602 sempiternus
2634 4546 2742 4601 est,
2777 4557 2845 4595 ne
2877 4557 2939 4595 ea
2990 4560 3114 4613 quae
3164 4546 3392 4605 minimo

133 4613 317 4666 κλαίω
356 4632 451 4671 σου
486 4617 581 4686 τὴν
611 4620 831 4689 τόλμαι.

200 4874 330 4936 Τοῖς
357 4876 765 4944 γεγραμμένοις
802 4878 1031 4932 πίστευε
1058 4897 1070 4911 ·
1119 4884 1185 4935 τὰ
1224 4884 1297 4952 μὴ
1334 4886 1701 4955 γεγραμμένα

128 4968 207 5038 μὴ
256 4967 428 5033 ζήτει.
490 4967 701 5021 Είόἐναι
751 4971 914 5038 ἡμεῖς
951 4971 1240 5041 ὀφείλομεν
1286 4976 1321 5028 ἃ
1352 4979 1456 5047 χρὴ
1489 4978 1693 5043 λαλεῖν,

124 5059 223 5109 καὶ
250 5058 285 5110 ὰ
318 5058 423 5127 χρὴ
448 5062 675 5128 σιωπᾷν.
707 5062 799 5131 Μὴ
827 5062 1006 5115 πάντα
1032 5066 1100 5115 τᾲι
1119 5067 1335 5135 ῥήματα
1361 5072 1424 5138 τῇ
1458 5069 1697 5141 γλώσσῃ,

122 5149 214 5199 ῐνα
242 5146 321 5217 μὴ
374 5147 575 5220 πάθῃς,
625 5148 875 5223 καθάπερ
912 5156 940 5206 ό
988 5156 1287 5226 ὀφθαλμὸς,
1348 5158 1407 5220 ὃς
1458 5162 1578 5212 ὅλον
1609 5160 1699 5213 τὸν

120 5239 280 5310 ἥλιον
312 5239 649 5303 ἀποῧλέιας,
683 5243 876 5296 ἀπολεῖ
906 5248 997 5298 καῖ
1045 5248 1071 5299 ὃ
1099 5248 1212 5317 ἔχει
1245 5250 1378 5317 φῶς.

193 5507 377 5569 Πόσος
416 5509 445 5561 ὁ
492 5508 643 5574 Θεὸς,
679 5513 774 5564 καὶ
816 5513 868 5564 τί
919 5514 980 5566 τὸ
1029 5519 1230 5587 μέτρον
1275 5518 1367 5570 τοῦ
1404 5519 1560 5585 Θεοῦ,
1601 5525 1693 5575 καὶ

123 5600 378 5661 ποταπὸς
422 5599 520 5671 τὴν
569 5601 789 5668 οὺσίαη
829 5603 900 5657 τὰ
930 5605 1171 5673 τοιαῦτα,
1225 5610 1540 5665 ἐπικίνδυνα
1593 5616 1690 5682 μὲν

118 5690 421 5759 ἐρωτῶντι,
469 5694 673 5764 ἀπορία
721 5694 776 5745 δὲ
814 5695 890 5765 τῷ
946 5698 1323 5773 ἐρωτωμένῳ·
1382 5706 1557 5777 σιωπὴ
1610 5710 1683 5768 δὲ,

123 5780 136 5817 ί
160 5782 388 5849 εραττεῖα
413 5783 519 5838 τῶν
547 5785 810 5842 τοιούτων.

1813 4626 2017 4673 aeterna
2051 4632 2205 4685 sunt,
2237 4628 2467 4695 cogites.
2495 4629 2649 4693 Quod
2682 4632 2727 4685 si
2757 4632 2887 4685 mihi
2916 4649 3022 4688 non
3054 4651 3261 4691 morem
3292 4654 3388 4708 ge.-

1812 4713 1909 4773 ris,
1940 4712 2034 4765 sed
2088 4716 2423 4771 contendere
2480 4721 2663 4789 cupis,
2736 4724 3013 4779 inscitiam
3061 4737 3208 4781 tuam
3256 4729 3385 4785 irri~

1810 4800 1934 4865 deo,
1974 4802 2085 4855 imo
2119 4806 2300 4871 potius
2329 4810 2695 4864 temeritatem
2734 4812 2981 4883 deploro.

1880 4893 2238 4961 Ejusdem.-—-
2262 4898 2332 4952 lis
2361 4916 2484 4969 quae
2518 4905 2725 4973 scripta
2759 4915 2912 4971 sunt,
2941 4909 3101 4963 ﬁdem
3134 4912 3333 4969 adhibe
3366 4929 3381 4968 :

1806 5002 1931 5055 qua:
1964 4987 2173 5057 scripto
2223 4990 2451 5045 minime
2499 4994 2718 5062 prodita
2761 5006 2911 5061 sunt,
2948 5014 3019 5055 ne
3062 5003 3376 5071 quaesieris.

1804 5076 1919 5132 lloc
1976 5081 2122 5134 scire
2162 5081 2412 5147 interest,
2464 5086 2595 5153 quid
2644 5087 2791 5153 loqui
2822 5100 3093 5158 oporteat,
3140 5094 3268 5162 quid
3301 5098 3378 5150 si-

1802 5169 1936 5223 lere.
1963 5168 2080 5223 Non
2120 5174 2309 5226 olnnia
2354 5175 2519 5230 verba
2547 5177 2749 5246 lingua:
2774 5183 3168 5236 committenda
3197 5193 3328 5239 sunt
3358 5207 3371 5241 :

1738 5316 1761 5332 _
1801 5275 1871 5314 ne
1898 5262 2102 5331 alioqui
2143 5262 2284 5318 idem
2316 5266 2413 5319 tibi
2450 5268 2599 5336 quod
2645 5272 2809 5325 oculo
2850 5274 3085 5339 accidat,
3113 5276 3207 5346 qui
3244 5278 3373 5334 dum

1799 5352 1968 5405 solem
2002 5361 2174 5407 totum
2208 5357 2408 5411 intueri
2445 5361 2663 5427 nititur,
2696 5378 2816 5419 eam
2845 5382 3066 5438 quoque
3089 5385 3197 5441 qua
3229 5388 3372 5441 pra:-

1797 5442 1946 5495 ditus
1976 5453 2081 5511 est,
2108 5448 2281 5502 lucem
2313 5450 2538 5506 amittit.

1876 5534 2029 5604 Ejus.
2068 5539 2122 5591 in
2159 5538 2217 5594 S.
2244 5540 2829 5611 Mamant.—Quantus
2858 5552 2929 5604 sit
2963 5550 3128 5616 Deus,
3160 5570 3362 5623 quanta

1796 5626 1969 5694 ipsius
1992 5630 2246 5684 essentia:
2290 5646 2572 5699 mensura,
2603 5637 2822 5706 aliaque
2861 5638 2913 5692 id
2938 5657 3147 5709 genus;
3191 5646 3364 5698 inter-

1792 5724 2007 5785 roganti
2041 5718 2261 5785 quidem
2306 5724 2619 5791 periculosa
2657 5739 2786 5784 sunt
2817 5750 2828 5785 :
2860 5734 2907 5786 ei
2941 5743 3121 5789 autem
3154 5738 3246 5807 qui
3281 5739 3366 5792 in-

1794 5814 2127 5877 terrogatur,
2164 5814 2419 5882 perplexa
2453 5832 2701 5887 prorsus.
2746 5821 3033 5881 Silentium
3064 5844 3191 5887 vero
3219 5830 3368 5902 ejus-

1798 5901 1940 5954 mouli
1983 5918 2164 5957 rerum
2199 5907 2469 5963 medicina
2504 5919 2605 5968 cst.
