4218 6446
190 403 325 465 1085

1445 415 1680 474 SACRA
1715 417 2171 482 PARALLELA.

3304 426 3434 489 1086

185 522 261 571 Et:
311 521 557 570 λείπεται
604 515 1010 588 τοῦάληθινοῦ
1077 516 1245 586 ὕψους
1295 523 1322 573 ὁ
1365 524 1582 577 πάντων
1627 524 1761 578 ἀνώ-

1798 532 1832 585 A
1865 527 1977 597 ﬁgi,
2010 545 2110 583 nec
2143 530 2365 586 humani
2390 548 2656 590 ascensus
2688 546 3024 608 compertam
3062 536 3430 594 humilitatem

185 628 374 681 τερος;

172 790 179 825 δ
254 793 522 861 Κρεῖσσον
547 795 745 861 καμεῖν
779 794 838 846 ἐν
861 796 973 856 τοῖς
1005 795 1286 865 λογισμοῖς
1327 797 1465 865 μετὰ
1496 798 1593 866 τῆς
1632 797 1757 869 ὸδηο

184 892 308 959 γίας
329 892 423 947 τοῦ
449 892 783 963 Πνεύματος,
806 894 839 965 ἢ
864 894 1167 965 προχείρως
1184 895 1400 948 ἀσεϐεῖν
1422 896 1521 965 τὴν
1548 898 1760 968 ῥαστὼ-

183 1003 283 1054 νην
313 987 596 1041 διώκοντα.

255 1075 394 1130 Οὔτε
420 1077 557 1147 ἀέρα
587 1078 814 1131 ἐπνευσέ
846 1097 930 1142 τις
970 1080 1089 1133 ὅλον
1120 1080 1364 1141 πώποτε,
1410 1079 1536 1132 οὔτε
1568 1079 1759 1131 οὐσίαν

185 1168 471 1233 παντελῶς
494 1169 647 1235 Θεοῦ,
678 1171 711 1243 ἢ
753 1170 874 1234 νοῦς
911 1170 1209 1242 ἐχώρησεν,
1244 1171 1277 1241 ἢ
1306 1170 1457 1240 φωνή
1496 1168 1755 1241 περιέλα-

182 1258 279 1311 6εν
289 1296 301 1309 .

261 1347 434 1417 Ἄλλη
490 1348 589 1419 μὲν
635 1351 759 1436 τοῖς.
799 1351 1302 1423 ἐκκεκαθαρμένοις
1339 1354 1617 1418 παντελῶς
1661 1355 1758 1426 τὴν

181 1437 429 1492 διάνοιαν
472 1439 701 1510 ἁρμόζει
748 1443 781 1512 η
842 1443 1110 1510 θεολογία,
1155 1445 1188 1512 ἠ
1239 1445 1475 1514 μάλιστα
1508 1446 1757 1516 ἀληθής·

182 1528 322 1599 ἄλλη
346 1529 402 1583 δὲ
433 1534 547 1594 τοῖς
576 1532 813 1596 πολλοῖς,
840 1537 871 1604 ἡ
896 1536 1164 1606 δυναμένη
1195 1539 1292 1607 τὴν
1315 1538 1551 1591 διάνοιαν
1581 1539 1759 1592 αὐτῶν

182 1624 268 1687 είς
316 1624 595 1678 εὐσέϐειαν
628 1626 980 1682 ἐκκαλεῖσθαι
1031 1630 1123 1681 καὶ
1161 1619 1579 1697 δικαιοπραγίαν
1607 1630 1664 1682 ἐν
1690 1634 1756 1700 τῇ

181 1719 324 1788 πρὸς
357 1720 622 1789 ἀλλήλους
657 1722 924 1792 κοινωνίᾳ,
957 1723 1375 1777 ἀπαλλάττουσα
1420 1722 1513 1775 τοῦ
1561 1723 1762 1794 θηριὼο

179 1810 310 1874 δους
344 1809 479 1879 βίου.

1865 616 2088 683 liabere,
2125 630 2180 673 et
2231 634 2499 691 quantum
2550 626 2730 682 adhuc
2762 643 2791 681 a
2823 643 2955 684 vero
3005 627 3229 698 fastigio
3261 626 3428 692 abs".

1861 710 1954 776 qui
1982 713 2199 767 cunctis
2230 722 2315 767 est
2355 716 2684 771 sublimior?

1947 801 2200 858 Ηίθεοι.
2236 804 2326 859 25.
2353 835 2423 847 -
2447 808 2676 866 Ρινεειαι
2720 810 3106 866 ratiocmando
3138 806 3436 880 duce'Spi-

1864 897 1978 949 ritu
2012 896 2493 965 laborare,quam,
2523 901 2654 954 dum
2690 900 2866 955 otium
2895 909 2952 955 et
2977 900 3433 970 tranquillitatem

1863 996 2276 1052 consec‘tamur,
2319 990 2583 1059 praecipiti
2616 1005 2749 1046 casu
2782 993 2838 1045 in
2872 992 3209 1062 impietatem
3248 1006 3431 1046 ruere.

1936 1077 2022 1130 Id.
2073 1089 2211 1132 orat.
2264 1078 2301 1132 2
2348 1079 2424 1134 De
2474 1077 2873 1136 Filio.-—Nec
2909 1096 3092 1137 aerem
3141 1083 3433 1150 quisquam

1867 1174 2041 1221 totum
2127 1159 2365 1238 unquam
2446 1171 2711 1241 spiravit;
2795 1187 2898 1226 nec
2975 1172 3070 1227 Dei
3134 1172 3435 1227 essentiam

1866 1258 2127 1328 perfecte,
2157 1271 2252 1313 aut
2281 1276 2436 1317 mens
2466 1265 2743 1330 concepit,
2769 1272 2863 1316 aut
2890 1278 2992 1318 vox
3021 1264 3305 1332 complexa
3328 1275 3433 1318 est.

1939 1349 2157 1404 Incerti.
2189 1380 2259 1390 —
2284 1352 2402 1415 Alia
2441 1353 2714 1423 theologia
2744 1354 2858 1409 illis
2890 1354 3169 1419 convenit,
3198 1368 3434 1423 quorum

1868 1447 2084 1499 animus
2126 1445 2353 1499 omnino
2392 1454 2656 1516 purgatus
2701 1454 2809 1510 est,
2868 1460 2993 1512 quae
3046 1446 3093 1499 si
3139 1445 3436 1499 admodum

1865 1552 2024 1601 vera;
2056 1537 2163 1589 alia
2191 1552 2316 1606 qua:
2341 1535 2505 1609 vulgo
2532 1536 2798 1606 quadret;
2831 1552 2955 1606 quae
2989 1535 3251 1590 nimirum
3286 1550 3439 1590 men-

1867 1632 1974 1679 tem
2011 1641 2200 1680 eorum
2228 1628 2294 1680 ad
2327 1627 2580 1696 pietatem
2612 1636 2665 1680 et
2692 1627 2963 1696 justitiam
2994 1627 3170 1697 possit
3196 1626 3435 1688 allicere,

1866 1732 1965 1788 per
2014 1727 2265 1773 mutuum
2308 1719 2698 1774 commercium
2741 1734 2838 1774 eos
2886 1734 2916 1771 a
2967 1720 3079 1773 vita
3106 1717 3283 1782 ferina
3310 1717 3439 1771 abs-

1867 1809 2113 1864 trahens.

257 1904 323 1955 Τί
352 1921 481 1957 ποτε
512 1907 617 1975 ἄρα
646 1906 764 1959 ἐστὶ
784 1906 844 1958 τὸ
876 1906 1011 1975 φῶς,
1107 1908 1167 1960 τὸ
1195 1908 1433 1975 ζοφῶδες
1470 1911 1630 1963 τοῦτο
1658 1910 1757 1981 τῆς

1798 1892 1832 1946 Β
1931 1897 2087 1969 Greg.
2131 1900 2294 1970 Nyss.
2331 1902 2385 1954 in
2414 1901 2449 1956 5
2470 1902 2724 1956 beatit.—
2750 1901 2892 1968 Quid
2920 1900 3143 1955 tandem
3173 1900 3306 1955 illud
3331 1909 3439 1962 est,

179 1993 531 2065 ἀνθρωπίνης
586 1996 800 2065 φύσεως
847 1996 1112 2051 σπήλαιον
1155 1998 1213 2049 ἐν
1259 1998 1337 2069 τῷ
1389 2000 1619 2070 παρόντι
1661 2001 1760 2072 βίῳ

178 2084 283 2135 οὐκ
311 2083 685 2150 ἀπαυγάζεται
706 2102 720 2149 ;
752 2087 820 2138 Ἦ
843 2087 983 2155 τάχα
1001 2088 1136 2156 πρὸς
1161 2090 1477 2158 ἀνήνυστον,
1512 2092 1605 2145 καὶ
1627 2092 1762 2146 ἀκα-

178 2174 456 2244 τάληπτον
480 2178 510 2245 ἡ
537 2176 800 2241 ἐπιθυμία
824 2178 1044 2247 βλέπεις
1081 2180 1177 2243 Τίς
1206 2179 1313 2252 γὰρ
1341 2183 1400 2234 ἐν
1429 2184 1560 2253 ἡμῖν
1606 2184 1762 2251 λόγος

178 2263 449 2327 τοιοῦτος,
482 2265 557 2329 ὼς
584 2267 905 2335 ἀνιχνεῦσαι
939 2268 1035 2321 τοῦ
1066 2270 1403 2341 ζητουμένου
1434 2273 1533 2343 τὴν
1564 2274 1760 2341 φύσινς

178 2356 280 2420 Τίς
339 2356 552 2426 ἐξεύροι
607 2360 888 2429 ὀνομάτων
933 2379 993 2414 τε
1039 2365 1132 2415 καὶ
1188 2366 1450 2435 ῥημάτων
1486 2368 1764 2435 σημασίαν

176 2447 461 2514 τοιαύτην,
494 2450 569 2512 ὡς
610 2450 765 2514 ἀξίαν
797 2454 931 2521 ἡμῖν
969 2453 1177 2507 ἔννοιαν
1219 2454 1313 2509 τοῦ
1362 2457 1760 2528 ὑπερκειμένου

179 2535 365 2603 φωτὸς
417 2537 814 2605 ἐμποιεῖσθαι;
868 2540 992 2604 Πῶς
1047 2544 1299 2612 ὀνομάσω
1338 2546 1397 2598 τὸ
1448 2545 1759 2613 ἀθάνατον;

176 2624 304 2689 πῶς
334 2629 670 2698 παραστήσω
700 2630 761 2683 τὸ
790 2630 983 2699 ἄῦλον;
1015 2633 1131 2696 πῶς
1159 2636 1214 2687 δὲ
1249 2636 1406 2703 δείξω
1432 2638 1492 2691 τὸ
1533 2638 1742 2705 ἀειδές;

177 2715 304 2779 πῶς
330 2718 571 2773 διαλάϐω
597 2722 658 2773 τὸ
686 2722 975 2791 ἀμέγεθες,
1012 2726 1072 2778 τὸ
1104 2728 1327 2793 ἄποσον,
1368 2729 1430 2782 τὸ
1459 2729 1670 2794 ἄποιον,
1703 2730 1765 2783 τὸ

177 2808 614 2877 ἀσχημάτιστον,
649 2812 709 2864 τὸ
739 2814 875 2884 μήτε
902 2815 1070 2883 τόπῳ,
1121 2820 1258 2887 μήτε
1301 2819 1476 2890 χρόνῳ
1507 2821 1763 2890 εὑρισκό-

180 2915 371 2968 μενον,
425 2900 486 2953 τδ
542 2900 808 2972 ἐξώτερον
861 2907 1060 2969 παντὸς
1094 2908 1409 2978 πειρασμοῦ
1456 2914 1550 2964 καὶ
1584 2913 1765 2977 πάσης

176 2990 470 3058 ὁριπικῆς
513 2993 845 3059 φαντασίαςς
887 2992 947 3050 οὗ
986 2997 1146 3067 ἔργον
1193 2999 1326 3069 ζωὴ,
1354 3001 1448 3053 καὶ
1480 3003 1512 3071 ἡ
1543 3005 1765 3057 πάντων

177 3080 295 3133 τῶν
332 3084 473 3135 κατά
520 3084 581 3135 τὸ
625 3084 831 3152 ἀγαθὸν
864 3087 1171 3156 νοουμένων
1224 3089 1560 3155 ὑπόστασιςς
1620 3092 1764 3146 Ἀλλ’

176 3174 263 3237 ὡς
301 3173 376 3243 μὴ
407 3176 583 3245 μάτην
616 3178 644 3229 ό
686 3177 843 3243 λόγος
872 3176 1045 3248 κάμῃ,
1077 3182 1190 3243 τοῖς
1230 3182 1537 3251 ἁχωρήτοις
1573 3184 1767 3236 ἑαυτὸν

178 3267 553 3320 ἐπεκτείνειν
610 3270 889 3338 ἀμήχανον
946 3271 1055 3339 γὰρ
1099 3272 1203 3324 ὑπὸ
1250 3272 1561 3343 κατάληψιν
1609 3274 1769 3328 τοῦτο

176 3356 400 3412 ἐλθεῖνο
451 3358 1037 3431 πολυπραγμονοῦντες
1098 3362 1463 3431 παυσώμεθα,
1508 3364 1764 3418 τοσοῦτον

180 3450 354 3520 μόνον
413 3451 476 3503 ἐκ
522 3451 630 3504 τῶν
688 3449 1035 3523 ζητηθέντων
1096 3454 1473 3524 κερδάναντες,
1520 3459 1646 3511 ὅσον
1696 3458 1763 3511 δι’

177 3542 368 3596 αὐτῶν
390 3542 597 3597 ἔννοιάν
619 3562 742 3598 τινα
771 3544 1035 3615 μεγέθους
1061 3545 1339 3616 ἄφραστον
1391 3549 1759 3603 ἀνατυπώσαο

179 3632 335 3686 σθαι.
375 3633 535 3685 Ὅσον
558 3633 614 3686 δὲ
639 3634 735 3703 τῆς
775 3634 1030 3702 γνώσεως
1071 3634 1227 3705 ἡμῶν
1267 3636 1597 3706 ὑψηλότερον
1620 3633 1763 3693 εἶναι

175 3722 247 3777 τὺ
274 3724 478 3792 ἀγαθὸν
506 3729 572 3795 τῇ
597 3725 758 3794 φύσει
789 3728 1140 3796 πιστεύομεν,
1174 3726 1429 3781 τοσοῦτον
1459 3730 1660 3797 μᾶλλον
1700 3731 1761 3784 τὸ

175 3818 386 3881 πένθος
412 3820 623 3880 ἑαυτοῖς
652 3819 994 3890 ἐπιτείνομεν
1014 3836 1027 3850 ·
1060 3821 1141 3873 ὅτι
1170 3820 1361 3874 τούτου
1399 3821 1494 3874 τοῦ
1526 3822 1757 3892 ὑπεραί-

181 3927 375 3972 οοντος
435 3913 615 3963 πᾶσαν
652 3910 880 3981 δύναμιν
929 3913 1345 3984 καταληπτικὴν
1392 3917 1449 3967 ἐν
1501 3916 1761 3988 μετουσίᾳ

179 4003 322 4056 ποτὲ
351 3997 495 4073 ἦμεν
527 4003 576 4056 οἱ
597 4003 694 4057 ἄνθ
702 4021 894 4073 ρωποι.

1861 2009 1970 2063 quo
2002 1993 2353 2049 tenebrosum
2370 1994 2475 2049 hoc
2503 1996 2750 2048 humanae
2774 2003 2980 2049 natura
3001 2008 3217 2048 antrum
3256 1994 3310 2047 in
3337 1992 3441 2046 hac

1865 2088 1974 2139 vita
2007 2087 2417 2142 collustratur?
2446 2089 2529 2141 An
2563 2086 2803 2143 fortasse
2844 2087 2899 2142 id
2940 2087 3044 2142 sibi
3086 2086 3299 2140 frustra
3338 2099 3441 2139 no-

1864 2187 1977 2233 stra
2040 2179 2319 2247 cupiditas
2386 2180 2648 2251 proponit
2715 2179 3069 2244 intuendum,
3139 2178 3286 2250 quod
3346 2192 3444 2233 nec

1864 2270 2161 2339 pcrmeari,
2224 2285 2325 2325 nec
2378 2272 2585 2341 percipi
2640 2271 2850 2342 queat?
2898 2270 3159 2338 Quaenam
3204 2269 3360 2323 enim
3386 2268 3441 2320 in

1868 2361 2031 2416 nobis
2089 2369 2243 2415 tanta
2302 2361 2539 2416 facultas
2576 2362 2649 2418 sit
2718 2362 2975 2428 rationis,
3027 2368 3087 2414 ut
3129 2358 3252 2428 ejus
3298 2356 3444 2429 quod

1879 2454 2167 2523 quaeritur,
2214 2462 2471 2508 naturam
2523 2455 2893 2526 pervestigare
2936 2453 3151 2523 possit?
3178 2450 3443 2518 Quisnam

1865 2554 2074 2600 tantam
2118 2545 2408 2600 nominum
2441 2556 2494 2600 et
2526 2546 2926 2601 vocabulorum
2984 2542 3443 2613 significationem

1870 2636 2349 2700 comminiseatur,
2392 2644 2453 2690 ut
2488 2637 2689 2691 summi
2723 2638 2869 2691 illius
2908 2634 3136 2690 luminis
3159 2635 3443 2688 notionem

1867 2726 2031 2780 nobis
2062 2741 2165 2796 pro
2203 2741 2271 2780 eo
2304 2740 2370 2779 ac
2399 2725 2625 2796 dignum
2658 2733 2764 2790 est,
2802 2723 3040 2779 efferat?
3065 2722 3189 2789 Quo
3219 2720 3446 2774 nomine

1866 2820 1920 2873 id
1954 2819 2101 2889 quod
2157 2818 2473 2872 immortale
2530 2826 2638 2882 est,
2680 2816 2992 2887 appellem?
3048 2812 3328 2885 quomodo
3390 2810 3444 2864 id

1867 2909 2015 2979 quod
2055 2910 2313 2974 materia,
2353 2918 2408 2964 et
2446 2911 2590 2979 quod
2643 2908 2823 2963 forma
2871 2916 3054 2971 vacat,
3109 2905 3442 2967 ostendero,

1867 3002 1961 3070 qui
1994 3001 2215 3056 demum
2263 3002 2313 3055 id
2356 3002 2610 3054 oratione
2645 2999 3004 3067 complectar,
3048 2995 3194 3068 quod
3235 2995 3447 3065 magni-

1867 3091 2077 3153 tudine,
2110 3092 2442 3161 quantitate,
2482 3090 2648 3161 305.
2671 3090 2942 3159 qualitate
2971 3099 3023 3142 et
3048 3089 3221 3156 ﬁgura
3254 3085 3448 3139 caret?

1868 3183 2015 3251 quod
2043 3197 2143 3235 nec
2167 3182 2221 3235 in
2260 3182 2401 3245 loco,
2433 3196 2535 3235 nec
2568 3182 2622 3233 in
2654 3189 2904 3250 tempore
2953 3178 3269 3244 invenitur;
3297 3176 3443 3247 quod

1871 3274 1940 3327 ab
1996 3275 2144 3328 omni
2199 3274 2420 3329 termini
2473 3281 2528 3327 et
2582 3271 2923 3327 deﬁnitionis
2957 3270 3144 3340 specie
3201 3270 3443 3324 alienum

1866 3380 1987 3435 est;
2020 3369 2185 3438 cujus
2224 3385 2391 3439 opera
2432 3370 2542 3423 vita
2582 3376 2690 3429 est,
2722 3375 2887 3437 atque
2918 3365 3165 3419 omnium
3196 3378 3319 3434 qua:
3353 3377 3444 3418 se-

1866 3461 2108 3515 cundum
2147 3460 2348 3514 bonum
2382 3448 2790 3528 intelliguntur,
2830 3456 3038 3512 creatio
3074 3463 3128 3509 et
3158 3461 3445 3508 sustenta-

1866 3552 2090 3607 culum?
2119 3550 2321 3605 Verum
2354 3566 2424 3603 ne
2458 3565 2645 3604 sermo
2676 3556 2869 3603 noster
2895 3547 3175 3602 incassum
3204 3543 3443 3605 laboret,

1870 3643 2000 3695 dum
2044 3641 2109 3694 ad
2146 3656 2209 3695 ea
2238 3654 2359 3709 quae
2398 3638 2519 3707 capi
2553 3652 2660 3691 non
2694 3643 2951 3707 possunt,
2988 3648 3113 3689 sese
3141 3630 3445 3700 exporrigit

1872 3732 2088 3803 (neque
2131 3733 2277 3786 enim
2324 3731 2440 3784 tieri
2480 3736 2664 3799 potest
2697 3736 2757 3781 ut
2793 3729 2894 3781 hoc
2927 3725 3031 3780 sub
3064 3723 3437 3793 cognitionem

1868 3826 2085 3893 cadat),
2152 3825 2374 3877 curiose
2422 3824 2529 3877 ista
2597 3821 2881 3889 inquirere
2936 3818 3283 3879 desinamus,
3339 3814 3443 3867 lioc

1870 3926 2079 3971 tantum
2115 3932 2177 3969 ex
2212 3916 2297 3969 liis
2322 3929 2445 3984 quze
2478 3929 2507 3968 a
2542 3912 2703 3968 nobis
2736 3910 2965 3981 quaesita
2997 3916 3146 3975 sunt,
3181 3904 3442 3960 utilitatis

1874 4006 2182 4069 consecuti,
2227 4006 2371 4073 quod
2421 4019 2521 4073 per
2571 4018 2632 4057 ea
2682 4003 2962 4057 notionem
3003 3999 3294 4069 quamdam
3327 4010 3445 4049 ma-

179 4096 495 4165 gnitudinis
561 4095 996 4163 inexplicabilem
1050 4097 1237 4150 animo
1290 4098 1448 4152 nobis
1495 4098 1823 4153 eﬂluximus.
1892 4099 2062 4151 Porro
2122 4113 2231 4167 quo
2294 4098 2496 4151 bonum
2565 4094 2696 4147 illud
2771 4100 2963 4162 suapte
3029 4098 3224 4144 natura
3293 4089 3443 4157 cogi-

182 4188 403 4241 tatione
443 4195 635 4241 nostra
682 4203 806 4241 esse
850 4187 1144 4241 sublimius
1201 4190 1499 4253 credimus,
1537 4207 1601 4244 eo
1648 4192 1852 4259 majore
1880 4192 2031 4245 luctu
2059 4188 2364 4264 allicimur;
2428 4186 2691 4257 quoniam
2758 4201 2860 4240 nos
2912 4183 3223 4254 quondam
3268 4180 3443 4233 ltomi-

182 4292 291 4333 nes
317 4277 412 4328 illo
443 4276 991 4343 incompreltensiliili
1021 4278 1167 4329 bono
1202 4279 1540 4332 fruebamur.

274 4368 604 4435 Ἀκράτητος
649 4367 743 4420 καὶ
773 4368 1172 4438 ούρανοδρόμος
1219 4369 1253 4438 η
1295 4368 1413 4422 θεία
1439 4370 1622 4438 φύσις,
1659 4371 1756 4422 ἀν-

182 4458 416 4524 έῳικτος
439 4458 554 4520 τοῖς
576 4455 886 4521 διώκουσιν,
911 4458 1207 4525 ἐγγίζουσα
1240 4461 1353 4521 τοῖς
1386 4458 1752 4513 πιστεύουσιν.

272 4736 640 4808 Ἀνθρώπιναι
667 4720 843 4805 λέξεις
887 4738 1021 4792 Θεοῦ
1075 4740 1265 4795 οὐσίαν
1320 4741 1657 4811 ἑρμηνεῦσαι
1705 4743 1765 4796 οὐ

181 4828 463 4879 δύνανται.

268 4918 456 4970 Ἔστιν
475 4916 562 4968 ὅτε
594 4915 684 4967 καὶ
714 4915 980 4985 θεολογεῖν
1006 4919 1393 4989 ἐπιχειροῦσιν,
1426 4922 1560 4974 ὅπου
1602 4924 1695 4974 καὶ
1733 4925 1765 4992 ὴ

186 5008 415 5076 ἀλήθεια
441 5006 750 5075 ἀνέφικτος,
782 5024 875 5060 και
900 5011 927 5061 ὁ
950 5012 1252 5081 στοχασμὸς
1281 5013 1640 5075 ἐπικίνδυνος.

260 5186 324 5237 El
358 5185 540 5251 ζητεῖς
566 5184 720 5247 Θεὸν,
746 5178 792 5238 ὦ
818 5186 1046 5253 διάνοια,

180 5274 476 5345 ἀναζήτει.

1093 5190 1385 5255 ἐξελθοῦσα
1428 5192 1535 5244 ἀπο
1562 5193 1766 5261 σαυτῆς

180 5412 390 5468 Τίτλ.Δ
412 5452 426 5468 .
449 5445 517 5456 --
542 5415 681 5482 Περὶ
712 5417 949 5483 ἀγαπης
991 5416 1089 5469 καὶ
1122 5418 1309 5485 φόϐου
1336 5418 1484 5471 Θεοῦ
1502 5436 1515 5450 ⁸
1553 5419 1649 5471 καὶ
1678 5420 1765 5473 ὅτι

505 5485 732 5551 παντὸς
762 5486 985 5555 ἀγαθοῦ
1016 5488 1437 5555 ὑπερέχουσιν.

266 5637 286 5671 ι
329 5618 621 5672 Ἐκάλεσεν
644 5619 871 5688 ἄγγελος
900 5621 1104 5689 Κυρίου
1134 5620 1225 5672 τὸν
1259 5621 1510 5691 Ἀϐραάμ
1530 5621 1590 5687 ἐξ
1612 5624 1769 5690 ούρα-

181 5706 309 5768 νοῦ,
342 5709 434 5759 καὶ
469 5703 621 5761 εἶπεν
667 5708 846 5779 αὐτῷ·
890 5710 1158 5779 Ἀϐραάμ.
1205 5710 1263 5762 '0
1307 5711 1364 5763 δὲ
1407 5706 1596 5765 εἶπεν·
1632 5714 1765 5766 Ἰδοὺ

182 5801 322 5865 ἐγώ.
354 5795 487 5852 Hm
512 5799 587 5852 δέ·
607 5801 698 5870 Μὴ
729 5802 988 5871 ὲπιὸἀλης
1007 5801 1103 5870 τὴν
1124 5804 1279 5871 χεῖρὰ
1307 5819 1400 5855 σου
1426 5803 1517 5857 ἐπὶ
1538 5803 1596 5858 τὸ
1630 5821 1758 5859 παι-

1935 4369 2127 4438 Chrys.
2195 4370 2249 4421 in
2297 4367 2354 4421 S.
2421 4364 2598 4435 Steph.
2640 4364 2922 4433 -Divina
2973 4370 3169 4416 mtura
3218 4367 3439 4429 captum

1863 4476 2083 4515 omnem
2118 4460 2356 4516 excedit.
2394 4466 2561 4527 atque
2593 4459 2645 4509 in
2684 4459 2884 4511 caelum
2913 4457 3182 4515 excurrit,
3228 4462 3287 4506 ut
3326 4465 3439 4507 non

1798 4534 1841 4587 Ῑ)
1872 4569 1899 4605 a
1937 4550 2402 4622 persequentibus
2450 4557 2618 4618 queat
2660 4548 2806 4617 capi,
2839 4554 2895 4601 et
2926 4546 2995 4602 iis
3034 4545 3126 4615 qui
3164 4544 3269 4600 ﬁde
3297 4560 3442 4615 prae.

1867 4641 1965 4694 diti
2006 4648 2159 4701 sunt,
2191 4640 2443 4708 proxima
2482 4641 2571 4693 sit.

1939 4731 2169 4801 Didymi.
2205 4759 2270 4769 —-
2296 4727 2547 4783 Humana
2593 4727 2760 4783 verba
2808 4726 2900 4782 Dei
2929 4726 3232 4781 essentiam
3263 4738 3441 4778 enun-

1870 4822 2007 4875 tiare
2034 4832 2329 4888 nequeunt.

1942 4911 2081 4965 Nili.
2116 4942 2185 4950 —
2212 4912 2493 4965 interdum
2520 4922 2684 4964 etiam
2720 4912 2787 4964 de
2822 4910 3029 4962 divinis
3069 4908 3235 4962 rebus
3264 4905 3440 4961 disse-

1869 5021 1992 5058 rere
2021 5013 2334 5068 conantur;
2391 5004 2482 5057 ubi
2541 5018 2644 5057 nec
2697 5003 2984 5055 veritatem
3032 5001 3253 5069 assequi
3284 4998 3440 5069 quis-

1868 5112 2030 5166 quam
2068 5097 2260 5167 possit,
2305 5106 2357 5149 et
2384 5095 2721 5163 conjecturis
2748 5094 2826 5146 uti
2861 5092 3234 5162 periculosum
3263 5096 3368 5143 est.

1942 5189 2201 5243 Philonis.
2233 5186 2376 5240 —-Si
2414 5187 2582 5242 lleum
2614 5185 2839 5255 quaeris,
2873 5198 2907 5238 ο
2938 5199 3116 5247 mens,
3152 5199 3215 5238 et
3257 5182 3432 5250 teipsa

1868 5280 2066 5334 excede
2093 5288 2150 5332 ut
2181 5292 2420 5349 qureras.

1868 5415 1973 5471 Tit.
2021 5414 2110 5469 IV.
2142 5446 2211 5456 —-
2232 5415 2309 5470 De
2355 5433 2534 5469 aurora
2563 5426 2612 5469 et
2644 5417 2828 5468 timore
2861 5414 2979 5481 Dei,
3008 5422 3058 5468 et
3105 5415 3250 5484 quod
3292 5426 3439 5465 omne

2404 5486 2592 5538 bonum
2633 5493 2897 5552 superent.

1938 5616 2067 5671 Gen.
2096 5632 2231 5681 χιιι,
2268 5618 2353 5682 ll,
2389 5617 2476 5671 l2.
2502 5647 2571 5656 —
2606 5635 2624 5669 ι
2664 5615 2731 5670 Ει
2760 5618 2977 5672 vocavit
3004 5616 3237 5687 angelus
3264 5615 3439 5687 Abra-

1868 5713 1993 5767 liam
2022 5710 2089 5767 de
2118 5712 2280 5769 caelo.
2308 5710 2503 5766 dicens
2532 5712 2580 5766 ei
2605 5730 2618 5766 :
2648 5711 2950 5766 Abraham.
2976 5710 3078 5776 Qui
3110 5709 3394 5779 respondit
3420 5727 3434 5761 :

1869 5805 2111 5864 Adsum;
2152 5804 2397 5863 dixitque
2434 5805 2524 5861 ei:
2572 5803 2650 5859 Ne
2698 5804 2964 5865 extendas
3012 5817 3231 5858 manum
3279 5808 3432 5857 tuam
