4218 6446
207 429 347 495 1089

1463 418 1695 476 ςΑΟΒΑ
1735 412 2191 475 PARALLELA.

3313 399 3449 465 1090

277 569 297 602 ι
344 548 564 617 Πνεῦμα
612 546 963 615 φοϐουμίνων
1017 541 1221 611 Κύριον
1269 538 1522 606 ξήσεται⁸
1584 544 1616 603 ἢ
1656 532 1764 602 γάρ
1792 540 1839 595 Α

1792 540 1839 595 Α
1944 524 2111 581 Eam.
2172 539 2356 587 xxxiv,
2413 523 2502 583 11,
2555 520 2641 574 19.
2680 538 2794 571 -ι
2842 518 3087 589 Spiritus
3134 516 3448 571 timentium

199 643 355 705 ἐλπὶς
396 640 576 694 αὐτῶν
621 640 715 691 ἰπὶ
760 637 849 689 τὸν
882 635 1122 698 σώζοντα
1175 630 1394 690 αὐτούς.
1466 625 1764 695 Ὀφθαλμοὶ

199 733 408 803 Κυρίου
444 731 537 783 ἐπὶ
581 729 711 791 τοὺς
753 726 1084 796 ἀγαπῶντας
1126 722 1318 778 αὐτόν·
1352 718 1619 789 ὀφθαλμοὶ
1650 719 1765 771 Κυ-

200 823 318 894 ρίου
341 822 433 875 ἐπὶ
460 822 586 884 τοὺς
608 818 975 889 φοϐουμένους
999 816 1184 871 αὐτόν.
1232 834 1251 866 ι

275 931 295 964 ι
341 910 407 964 Οἱ
455 909 779 980 φοϐούμενοι
830 908 1067 977 Κύριον,
1127 904 1457 977 ἀναμείνατε
1505 902 1567 955 τὸ
1616 901 1764 964 ἕλεος

195 1001 386 1069 αὐτοῦ,
422 1000 517 1055 καὶ
548 999 625 1071 μή
649 998 953 1061 ὲκκλίνατε,
985 999 1069 1051 ἶνα
1098 998 1172 1068 μὴ
1204 996 1430 1065 πέσητε.
1470 994 1535 1046 Ol
1568 989 1764 1062 φοϐού-

198 1110 354 1164 μενοι
420 1092 627 1163 Κύριον
676 1091 778 1145 οὐκ
845 1089 1202 1160 ἀπειθήσουσι
1264 1086 1526 1158 ῥημάτων
1573 1080 1760 1137 αὑτοῦ·

194 1184 293 1237 καὶ
334 1186 384 1237 oi
435 1181 758 1253 ἀγαπῶντες
808 1181 1004 1244 αὑτὸν,
1049 1178 1426 1232 συντελέσουσι
1469 1176 1568 1239 τὰς
1612 1173 1765 1237 ὁδοὺς

191 1275 386 1329 αὐτοῦ.
433 1294 453 1328 ι

269 1386 289 1417 ι
336 1367 429 1437 Τῷ
448 1363 765 1436 φοϐουμένῳ
789 1364 880 1416 τὸν
900 1360 1102 1433 Κύριον
1121 1363 1221 1414 ούκ
1250 1360 1551 1428 ἀπαντήσει
1573 1357 1760 1415 κακὸν.

189 1459 310 1511 ἀλλ’
339 1460 399 1510 ὲν
431 1456 720 1528 πειρασμῷ
753 1455 847 1509 καὶ
874 1455 1023 1526 πάλῃ
1053 1452 1334 1519 ὲξελείται.
1362 1452 1636 1522 Χρήματα
1668 1449 1764 1501 καὶ

190 1546 225 1612 ἡ
256 1544 410 1612 ἰσχὺς
444 1542 707 1612 ἀνυψοῦσι
741 1541 990 1613 καρδίαν,
1030 1543 1123 1594 καὶ
1170 1540 1311 1609 ὑπὲρ
1335 1540 1623 1611 ἀμφότερα
1664 1537 1763 1607 φό-

189 1634 285 1693 ϐος
320 1634 545 1705 Κυρίου.
596 1652 614 1684 ι

268 1742 286 1775 ι
347 1725 404 1777 ’0
440 1724 772 1794 φοϐούμενος
796 1724 1000 1795 Κύριον
1040 1719 1252 1775 εὐθύνει
1283 1720 1468 1789 φίλους
1504 1717 1691 1772 αὐτοῦ.
1737 1735 1757 1769 ι

265 1918 285 1950 ι
346 1900 435 1951 Ἐν
463 1899 613 1970 φόϐῳ
641 1898 847 1968 Κυρίου
880 1898 1022 1951 ἔστω
1059 1896 1118 1950 τὸ
1153 1895 1418 1966 καύχημά
1462 1908 1577 1947 σου.
1626 1910 1644 1943 ι

267 2094 287 2128 ι
331 2075 558 2146 Σπέρμα
587 2075 805 2146 ἔντιμον
851 2077 1037 2140 ποῖον;
1069 2075 1132 2127 Oi
1164 2070 1489 2143 φοϐούμενοι
1520 2070 1611 2122 τὸν
1646 2068 1758 2122 Κύ-

192 2186 328 2241 ριον.
361 2168 619 2231 Πλούσιος
660 2170 755 2222 καὶ
794 2168 1026 2235 ἔνδοξος,
1055 2167 1147 2220 καὶ
1188 2166 1378 2238 πένης,
1406 2165 1469 2218 τὸ
1496 2163 1759 2233 καύχημα

185 2260 390 2325 αὐτῶν,
426 2260 589 2329 φόϐος
616 2260 844 2331 Κυρίου.
896 2279 914 2309 ι

264 2369 286 2405 ι
332 2354 396 2406 Οἱ
440 2352 763 2420 φοϐούμενοι
804 2352 1029 2422 Κύριον,
1064 2353 1390 2405 πιστεύσατε
1436 2348 1609 2420 αὐτῷ,
1660 2348 1756 2400 καὶ

182 2445 249 2498 οὐ
287 2446 364 2515 μὴ
403 2444 547 2515 πέσῃ
577 2445 606 2495 6
640 2443 831 2513 μισθὸς
859 2443 1034 2513 ὑμῶν.
1068 2444 1132 2495 Οἱ
1162 2440 1487 2511 φοϐούμενοι
1531 2440 1754 2509 Κύριον,

182 2536 444 2589 ἐλπίσατε
484 2537 564 2596 εἰς
592 2533 792 2603 ἀγαθὰ,
821 2536 914 2587 καὶ
937 2535 1015 2598 εἰς
1040 2533 1378 2603 εὐφροσύνην
1415 2531 1632 2585 αἰώνιον
1665 2534 1758 2582 καὶ⁸

182 2625 356 2687 ἕλεος.
406 2645 425 2676 ι

262 2737 281 2768 ί
329 2718 605 2785 Μεγιστάν
626 2718 723 2769 καὶ⁵
754 2715 968 2785 κριτὴς,
992 2716 1086 2767 καὶ
1122 2712 1389 2781 δυνάστης
1415 2709 1754 2777 δοξασθήσε⁶

180 2823 296 2871 ται,
334 2809 426 2859 καὶ
456 2809 557 2861 ούκ
584 2808 728 2860 ἔστιν
751 2807 930 2860 αὐτῶν
960 2823 1044 2868 τις
1078 2805 1277 2875 μείζων
1300 2804 1394 2856 τοῦ
1422 2800 1755 2870 φοϐουμένου

183 2900 279 2950 τὸν
314 2900 539 2969 Κύριον.
588 2917 606 2949 ι

264 3009 283 3041 ι
334 2990 489 3041 Πᾶσα
514 2987 674 3055 σοφία
699 2987 857 3055 φόϐος
885 2985 1110 3055 Κυρίου.
1133 2983 1298 3036 Ούδὲν
1321 2985 1565 3052 κρεῖττον
1589 2980 1755 3048 φόϐου

182 3080 418 3151 Κυρίου,
452 3080 547 3131 καὶ
586 3080 737 3131 οὐδὲν
763 3075 1094 3146 γλυκύτερον
1145 3074 1237 3127 τοῦ
1278 3072 1568 3145 προσέχειν
1608 3074 1756 3123 ὲντο-

179 3174 306 3233 λαῐς
331 3171 559 3240 Κυρίου.
607 3188 625 3219 ι

260 3372 278 3402 ι
336 3350 394 3400 ’0
429 3348 762 3417 φοϐούμενος
814 3345 1043 3415 Κύριον,
1088 3342 1245 3395 οὐδὲν
1293 3339 1751 3409 εύλαϐηθήσεται.

175 3441 521 3510 Φοϐουμένου
563 3437 787 3509 Κύριον,
825 3435 1071 3505 μακαρία
1101 3436 1133 3504 ή
1162 3434 1329 3502 ψυχή.
1378 3450 1396 3481 ι

257 3550 280 3585 ε
337 3533 397 3586 ὐ
434 3530 762 3599 φοϐούμενος
790 3525 1014 3597 Κύριον.
1046 3523 1320 3588 ἐκδέξεται
1346 3521 1615 3574 παιδείαν.
1659 3540 1677 3571 ι

258 3728 277 3759 τ
325 3710 388 3761 υἱ
417 3705 737 3776 φοϐούμενοι
775 3703 1000 3771 Κύριον,
1033 3701 1321 3770 εὑρήσουσι
1352 3702 1525 3770 κρῖμα
1554 3699 1647 3752 καὶ
1672 3701 1753 3751 διι-

175 3798 495 3870 καιώματα,
536 3797 632 3850 καὶ
660 3795 734 3859 ὡς
766 3793 881 3863 φῶς
910 3791 1295 3861 ικλάμψουσιν.
1344 3810 1362 3840 ι

257 3993 275 4025 ι
326 3974 439 4027 Οὐκ
494 3973 639 4024 ἔστιν
687 3972 745 4022 ὲν
791 3967 941 4038 φόϐῳ
992 3967 1197 4037 Κυρίου
1241 3967 1555 4029 ἐλάττωσις,
1589 3967 1749 4033 φόϐος

176 4065 411 4135 Κυρίου,
436 4062 510 4127 ὼς
549 4061 874 4131 παράδεισος
908 4058 1181 4125 εὐλογίας.
1234 4077 1251 4109 ι

255 4276 273 4307 ι
320 4256 413 4325 Μὴ
450 4252 701 4323 φοϐεῖσθε
730 4250 838 4305 ἀπὸ
866 4249 975 4303 τῶν
1007 4252 1439 4305 ἅποκτεινοντων
1465 4251 1525 4303 τὸ
1564 4250 1746 4319 σῶμα,

173 4349 275 4417 τήν
307 4346 365 4399 δὲ
394 4346 571 4416 ψυχὴν
605 4344 679 4414 μὴ
711 4343 1023 4413 δυναμένων
1069 4344 1422 4396 ἀποκτεῖναι·
1470 4342 1746 4413 φοϐήθητε

168 4438 232 4489 δὲ
266 4436 466 4506 μᾶλλον
497 4435 587 4487 τὸν
609 4433 903 4503 δυνάμενον
934 4432 1029 4485 καὶ
1077 4432 1257 4503 ψυχὴν
1284 4432 1378 4485 καὶ
1409 4431 1566 4501 σῶμα
1607 4434 1744 4485 ἁπο-

172 4528 331 4580 λέσαι
362 4528 419 4579 ὲν
447 4526 660 4595 γεέννῃ.
708 4544 727 4575 ι

252 4636 272 4667 ι
320 4614 516 4679 Καθὼς
573 4616 822 4686 ἠγάπησὲ
871 4632 940 4684 με
988 4617 1018 4667 6
1049 4615 1260 4685 Πατὴρ,
1292 4614 1453 4680 κάγὼ
1482 4615 1743 4682 ἠγάπησα

175 4709 347 4776 ὑμᾶς.
382 4707 619 4760 Μείνατε
648 4709 706 4758 ὲν
730 4710 796 4777 τῇ
831 4707 1019 4777 ἀγάπῃ
1050 4708 1115 4776 τῇ
1146 4708 1273 4775 ἐμῇ.
1317 4706 1441 4757 Ἐὰν
1469 4706 1567 4767 τὰς
1598 4707 1745 4756 ἐντο-

172 4798 274 4859 λάς
302 4812 404 4865 μου
436 4797 733 4866 τηρήσητε,
773 4798 981 4865 μενεῖτε
1011 4797 1069 4847 ὲν
1102 4798 1167 4865 τῇ
1199 4796 1386 4865 ἀγάπῃ
1417 4811 1540 4862 μου,
1568 4794 1747 4857 καθὼς

172 4890 289 4955 ἐγὼ
310 4888 408 4950 τάς
432 4889 647 4949 ἐντολὰς
673 4888 768 4941 τοῦ
801 4888 1008 4956 Πατρός
1037 4905 1137 4956 μου
1159 4889 1454 4958 τετήρηκα,
1481 4888 1574 4940 καὶ
1603 4888 1749 4955 μένω

172 4980 345 5033 αὑτοῦ
375 4982 431 5031 ἐν
461 4982 525 5049 τῇ
557 4980 764 5051 ἀγάπῃ.
815 4999 831 5028 ι

254 5089 276 5120 σ
333 5069 574 5133 ’Λνοίξας
612 5070 815 5138 Πέτρος
844 5072 903 5122 τὸ
936 5070 1109 5139 στόμα
1137 5065 1291 5123 εἶπεν
1311 5086 1323 5100 ·
1367 5070 1489 5121 Ἐπὶ
1521 5067 1747 5136 ἀληθεία

175 5158 692 5225 καταλαμϐάνομαι,
750 5160 831 5210 ὅτι
888 5160 989 5211 οὐκ
1041 5159 1155 5211 ἐστι
1206 5158 1675 5227 προσωπολὴπτης
1718 5156 1748 5206 6

174 5247 335 5310 θεὸς,
367 5245 502 5298 ἀλλὰ
532 5247 589 5297 ὲν
636 5249 798 5299 παντὶ
841 5248 983 5300 ἔθνει
1017 5252 1045 5301 6
1076 5248 1408 5318 φοϐούμενος
1439 5248 1615 5303 αὐτὴν.
1656 5246 1746 5298 καὶ

172 5336 542 5405 ἐργαζόμενος
578 5337 940 5408 δικαιοσύνην,
972 5339 1156 5401 δεκτὸς
1187 5338 1338 5407 αύτῷ
1372 5341 1536 5391 ἐστιν.
1586 5358 1603 5387 ι

253 5446 274 5479 ε
323 5428 560 5497 Οἴδαμεν
586 5430 667 5481 ὅτι
697 5434 808 5492 τοῖς
835 5432 1086 5497 ἀγαπῶσι
1117 5432 1207 5482 τὸν
1233 5430 1366 5481 Θεὸν
1415 5430 1589 5481 πάντα
1621 5446 1747 5479 συν-

175 5521 335 5590 εργεῖ
366 5519 445 5581 είς
476 5520 697 5587 ἀγαθόν.
747 5541 765 5572 ι

255 5628 276 5661 ι
328 5608 395 5661 Εἴ
436 5625 522 5671 τις
576 5611 767 5682 ἁγαπᾷ
815 5613 905 5665 τὸν
948 5613 1109 5677 Θεὸν,
1148 5606 1303 5673 οὗτος
1351 5613 1619 5681 ἔγνωσται
1655 5614 1746 5665 ὑπ’

176 5718 373 5753 ιδτθυ.
424 5720 442 5752 Ι

248 5793 417 5855 Φύίος
449 5794 671 5865 Κυρίου,
705 5794 998 5867 καθάρσιον
1032 5796 1227 5865 ψυχῆς,
1274 5798 1409 5850 κατὰ
1441 5800 1537 5869 τήν
1585 5800 1747 5869 εὐχὴν

1783 3219 1830 3278 C

2352 628 2477 681 spes
2533 610 2683 664 enim
2734 608 2958 663 illorum
3003 608 3058 661 in
3094 606 3355 668 salutem,
3393 618 3447 657 et

1866 706 2014 762 oculi
2045 706 2139 760 Dei
2172 707 2225 758 in
2250 704 2543 774 diligentes
2574 716 2655 757 se.
2682 700 2841 756 Oculi
2882 699 3099 754 Domini
3129 712 3299 768 super
3334 712 3446 751 me-

1866 804 2091 852 tuentes
2110 810 2257 850 eum.
2295 812 2313 844 ι

1940 886 2108 942 Eccli.
2144 902 2206 949 ιι,
2236 885 2293 948 7,
2337 883 2427 938 18.
2456 912 2520 923 ε-
2546 901 2564 933 ι
2603 881 2907 936 Metuentes
2942 877 3445 943 Dominum,susti-

1866 987 1995 1036 nete
2053 976 2493 1034 misericordiam
2548 974 2688 1044 ejus,
2734 984 2788 1027 et
2842 986 2955 1026 non
3011 969 3340 1034 deﬂectatis,
3377 985 3445 1022 ne

1864 1071 2102 1127 eadatis.
2130 1070 2235 1136 Qui
2268 1070 2469 1124 timent
2504 1067 2822 1126 Dominum,
2858 1077 2970 1118 nou
3000 1069 3167 1116 erunt
3203 1060 3443 1115 incredi-

1867 1162 2009 1219 biles
2036 1162 2221 1217 verbis
2247 1161 2430 1225 illius;
2465 1166 2521 1212 et
2547 1156 2643 1226 qui
2674 1155 2912 1224 diligunt
2938 1154 3118 1219 illum,
3155 1167 3443 1206 conserva-

1866 1256 2006 1311 bunt
2030 1257 2143 1311 vias
2173 1255 2342 1309 illius.
2374 1273 2393 1305 ι

1940 1348 2100 1403 Eccli.
2135 1363 2321 1410 χχχιιι,
2360 1348 2405 1399 1.
2434 1374 2505 1387 -
2530 1361 2551 1394 ι
2596 1340 2833 1396 Timenti
2863 1339 3158 1395 Dominum
3192 1354 3302 1393 non
3344 1353 3440 1391 oc-

1864 1449 2088 1494 current
2131 1439 2296 1499 mala,
2332 1437 2429 1492 sed
2463 1438 2517 1490 in
2551 1438 2854 1488 tentatione
2897 1438 2952 1485 et
2989 1431 3137 1484 lucta
3179 1430 3440 1485 liberabit

1862 1546 2009 1586 eum.
2038 1529 2351 1583 Facultates
2378 1534 2433 1582 et
2464 1526 2641 1580 virtus
2680 1524 2928 1579 exaltant
2964 1536 3063 1577 cor
3093 1537 3108 1574 :
3140 1521 3242 1575 sed
3274 1535 3441 1590 super

1864 1620 1978 1675 haec
2002 1622 2170 1674 timor
2206 1618 2443 1673 Domini.
2476 1636 2494 1668 ι

1934 1712 2105 1766 Eccli.
2151 1726 2243 1778 χι,
2290 1710 2381 1764 26.
2427 1739 2497 1749 -
2541 1728 2559 1761 ι
2594 1707 2699 1774 Qui
2749 1708 2901 1759 timet
2950 1705 3261 1766 Dominum,
3299 1702 3439 1756 diri-

1865 1805 1943 1874 git
1971 1804 2182 1857 amicos
2213 1817 2365 1857 suos.
2400 1820 2418 1851 ι

1869 616 2037 671 Deum
2090 615 2237 667 vivet
2286 632 2297 665 :

1796 1893 1838 1948 Β
1933 1893 2104 1947 Eccli.
2134 1909 2210 1957 ix,
2238 1892 2329 1946 22.
2367 1918 2437 1932 --
2473 1910 2493 1942 ι
2523 1891 2581 1944 In
2618 1891 2818 1947 timore
2866 1887 3083 1944 Domini
3128 1886 3199 1942 sit
3236 1884 3440 1956 gloria-

1860 1995 2101 2130 “05:11.5.
2132 2005 2191 2137 ;,
2216 2075 2311 2139 23,
2344 2073 2436 2129 25.
2471 2103 2537 2115 -—
2568 2093 2587 2126 ι
2630 2074 2843 2134 Semen,
2879 2068 3204 2124 honorabile
3235 2065 3439 2135 quale?

1858 2171 1950 2238 qui
1989 2171 2184 2222 timent
2218 2168 2534 2221 Dominum.
2568 2167 2749 2231 Dives,
2790 2172 2846 2220 et
2876 2164 3184 2233 gloriosus,
3216 2170 3273 2215 et
3301 2175 3436 2230 pau-

1860 2276 1981 2329 per,
2006 2260 2267 2329 gloriatio
2288 2274 2479 2313 eorum
2505 2261 2672 2313 timor
2708 2256 2945 2311 Domini.
2990 2274 3008 2306 ι

1924 2350 2088 2402 Eccli.
2128 2365 2187 2412 ιι,
2221 2349 2276 2411 8,
2312 2349 2365 2402 9.
2398 2382 2447 2391 -—
2490 2368 2509 2400 ι
2546 2349 2649 2414 Qui
2693 2347 2902 2402 timetis
2940 2344 3262 2408 Dominum,
3312 2358 3437 2398 cre-

1860 2436 1973 2490 dite
2014 2438 2129 2503 illi;
2170 2447 2226 2492 et
2276 2452 2383 2491 non
2436 2438 2799 2493 evacuabitur
2832 2449 3044 2489 merces
3070 2442 3274 2489 vestra.
3327 2432 3431 2499 Qui

1861 2526 2067 2581 timetis
2104 2527 2418 2592 Dominum,
2457 2537 2681 2597 sperate
2712 2528 2880 2590 bona,
2910 2533 2966 2579 et
2997 2525 3248 2579 laetitiam
3286 2541 3435 2582 sem-

1857 2617 2151 2687 piternam,
2184 2628 2239 2673 et
2267 2622 2730 2676 misericordiam.
2764 2639 2783 2672 ι

1931 2706 2097 2762 Eccli.
2128 2725 2187 2775 x,
2218 2709 2313 2764 27.
2342 2740 2413 2749 —
2457 2729 2475 2762 ι
2513 2712 2767 2781 Magnus,
2804 2720 2859 2766 et
2896 2711 3086 2781 iudex,
3136 2720 3190 2766 et
3236 2719 3434 2781 potens

1857 2799 1961 2850 erit
1990 2800 2041 2850 in
2086 2800 2297 2855 honore
2339 2818 2354 2855 :
2399 2808 2454 2856 et
2487 2816 2597 2855 non
2632 2810 2718 2856 est
2766 2802 2945 2871 major
2998 2801 3093 2855 illo
3140 2801 3233 2871 qui
3278 2800 3435 2854 timet

1863 2886 2174 2941 Dominum.
2221 2908 2240 2940 ι

1929 2977 2097 3031 Eccli.
2130 2996 2243 3043 xix,
2280 2981 2371 3044 28,
2416 2983 2507 3036 l8.
2543 3010 2612 3022 —-
2658 2980 2895 3038 «Omnis
2940 2984 3213 3053 sapientia
3265 2984 3432 3037 timor

1860 3068 2096 3123 Domini.
2158 3070 2304 3124 Nihil
2360 3073 2559 3127 melius
2605 3089 2766 3142 quam
2826 3076 2989 3128 timor
3057 3073 3326 3127 Domini:
3375 3085 3433 3127 et

1859 3160 1995 3212 nihil
2042 3161 2285 3225 dulcius,
2336 3179 2504 3230 quant
2557 3165 2833 3233 respicere
2887 3166 2943 3217 in
3002 3165 3277 3218 mandatis
3326 3163 3431 3218 Dos

1863 3252 2017 3303 mini.
2064 3270 2080 3302 ι

1933 3340 2102 3395 Ecclt'.
2133 3359 2291 3407 xxiii,
2320 3343 2408 3398 57.
2441 3371 2511 3385 -—
2544 3364 2563 3397 ι
2594 3345 2699 3411 Qui
2734 3346 2893 3403 timet
2937 3346 3249 3413 Dominum,
3289 3349 3429 3403 nihil

1862 3432 2181 3500 trepidabit.
2223 3433 2492 3489 Timentis
2527 3435 2818 3490 Dominum
2847 3438 3005 3491 beata
3043 3449 3129 3491 est
3157 3438 3359 3492 anima.
3402 3461 3423 3491 ι

1934 3520 2101 3576 Eccli.
2132 3540 2322 3590 xxxiv,
2349 3525 2436 3579 17.
2467 3556 2536 3565 -
2572 3545 2590 3577 ι
2624 3526 2729 3589 Oui
2764 3528 2919 3582 timet
2951 3527 3262 3596 Dominum,
3290 3533 3428 3586 acci-

1862 3614 1966 3681 piet
1998 3614 2371 3683 disciplinam.
2406 3636 2425 3666 ι

1932 3703 2100 3758 Eccli.
2132 3721 2299 3770 xxxn,
2337 3706 2422 3760 16.
2465 3736 2533 3749 -
2577 3727 2595 3759 ι
2630 3710 2733 3775 Qui
2774 3711 2971 3767 timent
3009 3713 3298 3767 Dominum
3335 3716 3424 3766 in-

1861 3796 2078 3849 venient
2102 3796 2372 3866 judicium
2407 3808 2460 3854 et
2480 3801 2929 3870 justiﬁeationes,
2953 3815 3008 3860 et
3039 3814 3098 3861 ut
3118 3806 3209 3860 lux
3247 3804 3425 3876 fulge-

1859 3886 2013 3939 bunt.
2055 3905 2073 3937 ι

1926 3976 2091 4031 Eccli.
2135 3993 2225 4045 ιιι,
2261 3978 2352 4043 26,
2377 3979 2469 4043 27,
2506 4010 2576 4020 —
2628 4001 2647 4031 ι
2683 3981 2800 4037 Non
2839 3995 2924 4040 est
2973 3985 3026 4041 in
3074 3989 3272 4043 timore
3318 3990 3421 4045 ου·

1856 4068 1987 4119 mini
2017 4067 2348 4124 imminutio.
2377 4067 2568 4122 Timor
2599 4069 2812 4126 Domini
2844 4074 2990 4129 sicut
3017 4076 3304 4145 paradisus
3327 4078 3420 4134 be-

1856 4157 2208 4213 nedictionis.
2246 4176 2262 4209 ι

1926 4245 2121 4302 Matth.
2145 4265 2199 4311 x,
2223 4250 2315 4304 28.
2346 4280 2416 4290 —
2447 4271 2465 4303 ι
2490 4250 2668 4307 Nolite
2699 4255 2891 4309 timere
2917 4270 3014 4312 eos
3033 4258 3125 4327 qui
3146 4259 3419 4315 occidunt

1853 4352 2079 4409 corpus,
2118 4343 2353 4396 animam
2382 4353 2567 4398 autem
2597 4362 2706 4399 non
2744 4357 2979 4416 possunt
3004 4350 3295 4405 occidere:
3322 4353 3418 4407 sed

1854 4432 2038 4501 potius
2069 4447 2192 4487 eum
2226 4434 2432 4499 timete,
2484 4437 2576 4505 qui
2631 4447 2812 4507 potest
2842 4455 3047 4510 corpus
3089 4450 3143 4496 et
3178 4444 3417 4498 annuam

1776 4560 1821 4615 υ
1852 4523 2085 4593 perdere
2120 4522 2173 4576 in
2206 4524 2541 4593 gehennam.

1917 4612 2080 4669 Joan.
2117 4630 2205 4680 xv,
2246 4617 2300 4677 9,
2328 4616 2509 4671 l0.—-
2545 4639 2563 4670 ι
2606 4619 2761 4675 Sicut
2786 4621 2984 4676 dilexit
3014 4638 3099 4677 me
3140 4623 3320 4682 Pater.
3363 4635 3416 4680 et

1847 4717 1947 4773 ego
1986 4704 2153 4759 dilexi
2194 4722 2312 4760 vos.
2337 4705 2551 4761 Manete
2585 4711 2636 4760 in
2666 4711 2964 4765 dilectione
3005 4728 3145 4766 mea.
3186 4716 3243 4766 bi
3280 4730 3418 4783 pra:-

1848 4800 2003 4861 cepta
2042 4808 2161 4848 mea
2208 4797 2584 4871 servaveritis,
2631 4798 2795 4869 306
2846 4802 3135 4855 manebitis
3181 4803 3237 4856 in
3278 4804 3416 4856 dile-

1847 4884 2030 4937 ctione
2065 4898 2205 4950 mea,
2249 4886 2394 4939 sicut
2423 4897 2476 4940 et
2516 4902 2615 4955 ego
2648 4888 2829 4944 Patris
2864 4890 2966 4943 mei
3009 4892 3266 4946 mandata
3301 4909 3419 4947 sero

1851 4974 1993 5035 vavi,
2030 4980 2083 5027 et
2106 4988 2303 5028 maneo
2326 4976 2380 5028 in
2405 4976 2525 5045 ejus
2550 4978 2870 5032 dilectione.
2902 5000 2918 5032 ι

1919 5067 2034 5118 Act.
2068 5080 2122 5125 χ,
2146 5065 2236 5118 54.
2268 5090 2340 5104 --
2374 5086 2392 5117 ι
2422 5068 2690 5136 Aperiens
2722 5072 2923 5124 Petrus
2958 5088 3022 5124 os
3050 5088 3211 5126 suum
3237 5074 3412 5131 dixit:

1850 5153 1906 5205 In
1938 5156 2168 5208 veritate
2197 5158 2463 5225 comperi,
2494 5158 2637 5225 quod
2674 5175 2782 5213 non
2810 5170 2893 5215 est
2924 5177 3288 5230 personarum
3321 5180 3413 5217 ac-

1849 5250 2041 5311 ceptor
2070 5242 2237 5307 Deus,
2266 5245 2362 5298 sed
2393 5247 2445 5299 in
2476 5250 2625 5301 omni
2654 5260 2838 5318 gente,
2868 5252 2963 5321 qui
2994 5252 3149 5305 timet
3177 5268 3326 5318 eum,
3357 5262 3413 5307 et

1850 5334 1984 5386 facit
2010 5333 2308 5401 justitiam,
2343 5349 2607 5406 acceptus
2640 5349 2723 5395 est
2742 5341 2839 5398 illi.
2879 5361 2899 5394 ι

1919 5423 2068 5478 lieni.
2111 5441 2229 5489 vni,
2282 5427 2376 5482 28.
2408 5458 2477 5469 --
2534 5449 2551 5480 ι
2602 5430 2821 5487 Scimus
2867 5437 2998 5504 quia
3057 5437 3418 5510 diligentibus

1848 5516 2016 5569 Deum
2050 5518 2233 5570 omnia
2265 5532 2637 5587 cooperantur
2662 5524 2715 5576 in
2748 5524 2974 5580 bonum.
3019 5546 3037 5578 ι

1921 5608 1949 5661 1
1982 5607 2105 5662 Car.
2142 5626 2257 5673 vni,
2283 5610 2336 5663 5.
2364 5641 2430 5650 —
2467 5632 2484 5662 ι
2520 5614 2574 5667 Si
2602 5616 2727 5683 quis
2749 5618 2925 5685 diligit
2960 5618 3150 5679 Deum.
3186 5622 3273 5676 hic
3320 5638 3416 5678 co-

1852 5702 2038 5768 gnitus
2070 5709 2154 5755 est
2189 5703 2259 5755 ah
2283 5716 2367 5755 eo.
2402 5721 2419 5752 ι

1922 5794 2089 5846 Βαεὶι.
2142 5793 2194 5843 in
2249 5795 2365 5849 init.
2412 5796 2567 5850 Prov.
2607 5831 2675 5840 —
2712 5800 2923 5855 Domini
2960 5798 3142 5867 timor,
3173 5806 3415 5872 expiatio
