4218 6446
815 411 942 472 1091

2005 411 2065 470 S.
2105 410 2424 470 JOANNIS
2461 411 2890 474 DAMASCEN'I

3924 423 4057 486 1092

808 535 891 578 est
923 523 1108 588 mimi,
1136 521 1433 576 scundum
1467 523 1609 576 hanc
1641 522 1927 594 Propheta
1959 528 2379 594 postulationem

2486 526 2579 579 τοῦ
2610 527 2897 597 Προφῇτου
2937 529 3205 597 λέγοντος·
3247 550 3265 584 ι
3308 534 3637 605 Καθήλωσον
3665 540 3729 589 ὲκ
3756 537 3853 590 τοῦ
3892 538 4057 606 φόϐου

810 615 1049 668 dicentis
1081 633 1092 665 ;
1128 631 1146 663 ι
1180 613 1403 684 Contige
1427 614 1621 668 timore
1657 622 1752 668 tuo
1785 629 1985 671 carnes
2017 631 2168 670 meas
2196 616 2372 685 tPsat.

808 721 997 768 cum,
1037 704 1159 769 120)
1194 723 1211 754 ι
1246 725 1259 758 :
1299 716 1558 774 tanquam
1586 705 1685 760 hac
1712 706 1948 771 ratione,
1980 708 2229 776 improha
2258 722 2377 760 om-

813 798 898 850 nis
942 805 996 850 et
1046 795 1318 864 ﬂagitiosa
1385 797 1530 850 actio
1590 797 1888 866 prolugiat,
1933 799 2024 852 ubi
2077 800 2240 852 timor
2293 814 2377 851 se-

810 889 932 940 dem
985 887 1100 939 tlxit
1131 903 1144 936 :
1177 887 1380 956 quippe
1420 901 1546 940 cum
1582 888 1834 955 corporis
1884 888 2125 941 membra
2160 902 2276 941 eam
2309 890 2380 942 ob

810 993 1033 1032 musam
1069 979 1132 1031 ad
1165 979 1345 1046 tmpia
1381 978 1586 1048 ﬂagitia
1618 980 1824 1033 moveri
1855 987 2147 1048 nequeant,
2185 980 2274 1032 tibi
2311 987 2381 1032 tt-

812 1084 961 1123 more
984 1085 1083 1124 ceu
1110 1072 1279 1122 clavis
1310 1072 1522 1123 conhxa
1556 1082 1703 1124 sunt.
1735 1069 2204 1134 Quemadmodum
2231 1072 2378 1124 enitn

810 1160 904 1228 qui
941 1174 1142 1229 corpus
1185 1160 1356 1213 clavis
1402 1165 1727 1214 translixunt
1778 1161 1964 1222 habet,
2001 1161 2056 1214 in
2109 1161 2380 1228 ejusmodi

811 1252 1059 1304 cruciatu
1105 1260 1382 1316 versatur,
1414 1262 1472 1303 ut
1508 1251 1646 1303 nihil
1695 1251 1871 1304 valeat
1913 1265 2079 1320 agere
2120 1269 2132 1304 :
2177 1251 2258 1304 sic
2287 1254 2380 1320 qui

813 1350 1010 1395 tnnore
1058 1340 1150 1394 Det
1197 1342 1537 1396 constrictus
1571 1348 1818 1406 tenetur,
1867 1356 1976 1394 non
2022 1342 2186 1392 oculo
2218 1341 2284 1393 ad
2317 1357 2379 1394 ea

812 1448 933 1501 quae
974 1432 1197 1486 minime
1240 1448 1381 1501 opus
1426 1441 1532 1494 est,
1572 1433 1672 1493 uti,
1730 1449 1836 1485 non
1875 1447 2071 1485 manus
2104 1433 2171 1484 ad
2213 1445 2383 1484 mter-

814 1525 988 1577 dictas
1029 1525 1273 1578 actiones
1318 1539 1570 1587 movere;
1607 1524 1742 1576 nihil
1789 1523 2086 1592 quidquam
2124 1522 2383 1590 denique,

813 1616 899 1668 vel
937 1631 1187 1684 parvum,
1219 1617 1300 1669 vel
1338 1631 1618 1682 magnum,
1658 1623 2022 1683 praterquam
2072 1615 2384 1674 conveniat,

2482 633 2577 669 σου
2614 619 2712 682 τὰς
2756 621 2967 690 σάρκας
3001 639 3102 692 μου
3126 640 3138 652 ·
3181 642 3201 675 ι
3229 625 3305 687 ὼς
3331 628 3468 678 ὅπου
3512 627 3674 694 φόϐος
3703 628 3925 693 ἐνοικεῖ,
3955 630 4058 681 πά-

2482 724 2583 778 σης
2629 713 2872 780 πονηρᾶς
2921 715 3018 764 καὶ
3061 713 3284 775 ἀνοσίας
3326 715 3579 786 πράξεως
3613 719 4059 790 ἀποφευγούσης,

2478 801 2587 852 τῶν
2639 801 2737 854 τοῦ
2781 802 3031 872 σώματος
3084 807 3262 876 μελῶν
3303 810 3592 877 κινηθῆναι
3639 814 3778 881 πρὸς
3826 814 4061 876 ἀτόπους

2481 891 2760 960 ἐνεργείας
2789 894 2880 946 διὰ
2905 894 2967 947 τὸ
2997 896 3074 966 τῷ
3108 898 3261 967 φόϐῳ
3299 899 3671 969 καθηλῶσθαι,
3705 902 3778 972 μὴ
3820 902 4059 972 δυναμέ-

2482 998 2606 1033 νων.
2655 983 2867 1056 Ὠσπερ
2910 988 3018 1058 γὰρ
3069 991 3098 1041 ὸ
3145 992 3538 1062 ἐμπεπηγότας
3588 994 3726 1063 ἔχων
3772 997 3832 1048 ὲν
3880 996 4063 1064 ἑαυτῷ

2481 1075 2605 1134 τοὺς
2628 1083 2975 1145 σωματικούς
3002 1081 3186 1150 ἥλους,
3217 1085 3580 1154 ἀνενέργητός
3613 1087 3783 1150 ἐστιν,
3816 1087 3920 1139 ὐπὸ
3953 1087 4063 1138 τῶν

2482 1163 2682 1216 ὀδυνῶν
2711 1169 3096 1240 κατεχόμενος,
3132 1173 3305 1237 οὕτως
3333 1176 3362 1226 ὁ
3389 1175 3468 1244 τῷ
3502 1175 3654 1244 φόϐῳ
3690 1176 3827 1229 Θεοῦ
3873 1194 4062 1230 κατει-

2483 1255 2780 1324 λημμένος,
2809 1261 2911 1314 οὐκ
2960 1263 3228 1336 ὀφθαλμῷ
3273 1269 3582 1338 χρήσασθαι
3625 1270 3760 1341 πρὸς
3789 1270 3826 1324 ἃ
3852 1271 3928 1340 μὴ
3960 1271 4061 1333 δεῖ.

2488 1349 2548 1398 οὺ
2579 1349 2762 1417 χεῖρας
2792 1350 3011 1419 κινῆσαι
3036 1355 3171 1424 πρὸς
3205 1358 3662 1429 ἁπηγορευμένας
3689 1361 3942 1431 πράξεις,
3965 1363 4063 1430 οῦχ

2488 1434 2625 1498 ὅλως
2664 1441 2860 1510 μικρὸν
2909 1443 2940 1511 ἢ
2977 1443 3162 1511 μεῖξον
3210 1449 3502 1520 ἐνεργῆσαι
3536 1451 3687 1520 παρά
3728 1453 3791 1504 τὸ
3821 1451 4062 1518 καθῆκον

2489 1525 2740 1580 δύναταιο
2776 1525 2887 1584 οἷον
2933 1535 3091 1606 ὀδύνῃ
3123 1539 3231 1590 τινὶ
3264 1543 3329 1610 τῇ
3360 1542 3658 1613 προσδοκία
3694 1543 3803 1595 τῶν
3833 1543 4064 1610 ἀπειλη-

2494 1616 2692 1673 θέντων
2723 1628 3211 1696 συμπεπαρμένος.

816 1712 1036 1770 patrare
1083 1711 1298 1770 potest;
1360 1705 1510 1756 velut
1573 1717 1769 1770 nempe
1811 1702 2209 1771 suppliciorum
2265 1717 2387 1769 qua:
2428 1701 2570 1759 Deus
2608 1713 2978 1768 comminatus
3009 1720 3382 1779 est,cruciatn
3453 1725 3716 1790 quodam,
3777 1732 4063 1792 exspecta-

817 1798 965 1848 tione
1003 1798 1376 1864 lransligatur.

889 1885 969 1937 lix
997 1885 1200 1940 Canon.
1248 1887 1535 1942 Constitut.
1574 1886 1696 1956 Reg.
1734 1888 1838 1955 fus.
1876 1885 1982 1940 Int.
2006 1888 2058 1939 δί.
2089 1917 2157 1926 -
2195 1887 2387 1940 Cltari-
2420 1894 2459 1946 Β

813 1984 900 2030 tas
929 1992 1058 2045 erga
1097 1976 1265 2029 Deum
1298 1979 1622 2046 exposcitur
1649 1993 1676 2028 a
1715 1978 1876 2030 nobis
1921 1987 2184 2045 tanquam
2232 1977 2384 2030 dehi-

814 2073 928 2118 tum
960 2068 1369 2130 necessarium;
1397 2068 1542 2135 quod
1575 2067 1702 2120 dum
1731 2069 1950 2121 animus
1981 2071 2246 2122 solvendo
2275 2085 2384 2121 non

814 2167 920 2219 est,
945 2157 1048 2210 hoc
1067 2159 1224 2210 malis
1249 2157 1510 2210 omnibus
1531 2167 1608 2210 est
1639 2160 2065 2212 intolerabilius.
2101 2159 2382 2228 Siquidem

816 2247 1054 2300 alienum
1088 2262 1213 2301 esse
1257 2258 1306 2300 et
1347 2263 1599 2301 aversum
1639 2264 1667 2300 a
1700 2248 1829 2309 Deo,
1869 2249 2004 2315 ipsis
2049 2263 2273 2317 quoque
2297 2266 2387 2316 ge-

816 2337 1009 2391 hennae
1034 2338 1232 2391 tuturis
1263 2338 1629 2400 cruciatibus,
1664 2338 1922 2406 asperius
1944 2346 2051 2400 est,
2078 2348 2133 2391 et
2166 2340 2386 2408 gravius

819 2427 900 2480 illi
929 2426 1021 2497 qui
1051 2427 1312 2480 damnum
1349 2427 1453 2481 hoc
1482 2426 1716 2495 patitur;
1769 2426 1922 2478 velut
1973 2427 2134 2480 oculo
2181 2429 2387 2482 lumine

817 2519 1025 2584 orbari,
1057 2519 1182 2572 licet
1208 2519 1394 2572 nullus
1425 2517 1625 2585 alioqui
1652 2515 1809 2570 dolor
1831 2517 2077 2570 accedat.

891 2609 1078 2663 Timor
1120 2609 1334 2664 Domini
1371 2607 1683 2663 omnimoda
1718 2614 1865 2662 recte
1894 2607 2038 2662 facta
2084 2607 2251 2662 animi
2288 2624 2384 2663 su-

820 2710 999 2773 perat.

891 2791 1147 2848 Charitas
1188 2808 1314 2862 erga
1365 2793 1528 2846 Deum
1579 2793 1632 2845 in
1682 2794 1784 2847 hoc
1816 2796 1916 2848 sita
1947 2802 2050 2859 est,
2080 2802 2138 2845 ιιι
2167 2793 2387 2846 animus

823 2887 1073 2954 quotidie
1113 2901 1172 2940 se
1197 2900 1364 2953 supra
1389 2885 1534 2937 vires
1564 2887 1844 2939 extendat.

895 2976 1016 3045 Reg.
1061 2978 1197 3030 brev.
1233 2987 1420 3044 qumst.
1446 2976 1572 3029 212.
1605 2976 2166 3041 —Quentadtnodum
2201 2976 2301 3030 bos
2335 2983 2388 3028 et

819 3069 1012 3123 asinus
1046 3084 1113 3122 ex
1153 3069 1418 3120 beneﬁcio
1439 3071 1582 3138 quod
1625 3069 1695 3122 ah
1725 3069 1906 3122 alente
1943 3068 2274 3135 suscipiunt,
2321 3068 2389 3120 ti-

821 3173 1024 3211 morem
1077 3172 1206 3226 erga
1257 3156 1426 3209 Deum
1488 3166 1684 3226 sponte
1729 3157 2113 3225 concipimus;
2175 3159 2218 3209 si
2277 3173 2384 3210 non

821 3251 1040 3318 stupido
1094 3249 1419 3317 ingrataque
1467 3251 1652 3302 animo
1686 3247 1954 3302 beneficia
1988 3249 2380 3316 suscipiamus.

819 3343 925 3407 Qui
963 3342 1076 3394 ticri
1122 3340 1316 3408 possit,
1351 3347 1409 3391 ut
1448 3347 1529 3392 tot
1570 3349 1961 3407 tantorumque
1988 3339 2382 3392 hem-liciorum

819 3444 1096 3486 auctorem
1147 3431 1313 3484 Ilcnnt
1371 3446 1477 3483 non
1525 3432 1911 3495 redamemus;
1966 3431 2192 3499 quando
2235 3431 2386 3494 ejus-

821 3526 964 3576 modi
1013 3523 1240 3575 allectus
1297 3521 1558 3585 naturali,
1617 3529 1678 3573 ut
1723 3523 1797 3574 ita
1843 3521 2043 3577 dicant.
2093 3520 2382 3579 instinctu,

821 3616 974 3668 nullo
1009 3615 1262 3675 docente,
1295 3612 1498 3664 animis
1522 3611 1735 3664 nostris
1771 3608 1981 3663 inditus
2016 3609 2137 3662 fuit.

899 3704 1036 3755 Anz.
1091 3711 1229 3755 orat.
1287 3702 1342 3752 (Ξ.
1377 3699 1691 3752 -—-lnitiunt
1751 3699 2034 3766 sapientiae
2085 3707 2170 3751 cst
2225 3701 2389 3752 timor

821 3794 1060 3859 Domini,
1099 3793 1269 3845 veluti
1317 3793 1505 3860 print-.9.
1553 3788 1802 3858 quaedam
1850 3788 2034 3841 fascize
2077 3791 2240 3842 illius.
2291 3792 2387 3844 Sa-

823 3887 1031 3954 pientia
1097 3891 1280 3936 autem
1351 3881 1604 3932 timorem
1672 3889 1988 3946 exsuperat.
2049 3895 2258 3947 nmque
2324 3882 2388 3934 ad

825 3991 1073 4028 amorem
1119 3974 1453 4043 provehens,
1497 3970 1590 4023 Dei
1638 3971 1846 4024 amicos
1877 3979 1927 4024 et
1959 3970 2104 4024 ﬁlios
2146 3987 2242 4039 pro
2271 3987 2390 4025 ser-

824 4067 910 4121 vis
944 4066 1092 4118 facit.

898 4141 1174 4223 Ejusdem,
1222 4161 1359 4205 orat.
1420 4179 1557 4204 ι.-
1599 4150 1806 4203 Βοηιιιιι
1863 4159 1947 4203 est
1996 4151 2394 4220 aliquantisper

821 4247 988 4301 etiam
1049 4245 1326 4308 secedere,
1373 4243 1837 4310 quemadmodum
1895 4244 2027 4295 olim
2071 4244 2305 4313 Moyses,
2339 4254 2393 4298 ct

826 4336 1174 4408 postmodum
1220 4333 1514 4397 Jeremias,
1559 4348 1625 4386 ac
1668 4345 1920 4402 prompte
1955 4343 2120 4401 atque
2168 4337 2394 4404 impigre

824 4429 891 4482 ad
923 4439 1208 4481 vocantem
1237 4440 1553 4487 accurrere,
1586 4434 1647 4476 ut
1676 4425 1743 4478 de
1775 4428 1992 4478 Aarone
2019 4435 2073 4479 et
2096 4425 2235 4479 Isaia
2262 4441 2394 4494 pro-

2573 1891 2894 1962 ’Λναγκαῖον
2948 1899 3167 1969 δφλημα
3201 1902 3299 1970 τὴν
3339 1904 3418 1966 είς
3467 1903 3600 1956 Θεὸν
3633 1905 3856 1973 ἀγάπην
3903 1909 4063 1961 ἁπαι-

2486 1980 2744 2050 τούμεθα,
2780 1986 2808 2038 ὃ
2837 1990 2901 2056 τῇ
2932 1987 3223 2062 mamma
3265 1993 3408 2062 ψυχῇ
3446 1994 3662 2046 πάντων
3700 1997 3886 2049 κακῶν
3919 2003 4065 2052 ἐστιν

2487 2073 2906 2145 ἀφορητότατον.
2937 2080 3071 2133 Θεοῦ
3099 2083 3208 2152 γὰρ
3241 2084 3589 2154 ἁλλοτρίωσις
3606 2094 3700 2140 καὶ
3719 2089 4062 2160 ἀποστροφὴ,

2488 2163 2582 2214 καὶ
2637 2165 2744 2216 τῶν
2801 2169 2858 2218 ὲν
2911 2173 2976 2240 τῇ
3017 2171 3209 2242 γεέννῃ
3261 2174 3728 2244 προσδοκωμένων
3780 2178 4062 2234 κολασεαν

2488 2254 2887 2328 ἀφορητότερόν
2921 2262 3036 2314 ἐστι
3085 2263 3177 2314 καὶ
3213 2262 3516 2335 βαρύτερον
3556 2267 3632 2336 τῷ
3681 2268 3932 2332 παθόντι,
3989 2271 4065 2333 ὡς

2487 2345 2754 2419 ὀφθαλμῷ
2776 2351 2954 2416 φωτὸς
2987 2353 3260 2424 στέρησις,
3292 2355 3394 2407 κᾶν
3423 2357 3500 2425 μὴ
3528 2356 3688 2428 ὀδύνη
3716 2363 3917 2430 προσῇ.

2558 2605 2724 2668 ⁴Ιιόϐος
2754 2607 2960 2677 Κυρίου
2993 2612 3260 2664 παντοέων
3291 2615 3732 2686 κατορθωμάτων
3761 2615 3862 2685 τῆς
3886 2617 4065 2688 ψυχῆς

2491 2698 2850 2766 περιγίνεται.

2573 2789 2635 2841 'H
2670 2791 2747 2852 εἰς
2778 2792 2911 2844 Θεὸν
2941 2794 3130 2864 ἁγάπη
3182 2796 3320 2866 αῦτη
3367 2800 3539 2862 ἐστὶν,
3573 2800 3635 2852 τὸ
3667 2801 3805 2872 ὐπὲρ
3835 2802 4004 2871 δύναςε
4019 2820 4066 2854 ιν

2489 2880 2576 2931 ἀεὶ
2603 2881 2701 2950 τὴν
2725 2882 2901 2952 ψυχὴν
2928 2886 3258 2938 ἐπεκτεῖναι.

2561 2972 2772 3042 Ὥσπερ
2794 2975 2869 3042 τῷ
2891 2974 2975 3044 βοῒ
3006 2979 3097 3028 καὶ
3130 2978 3205 3046 τῷ
3238 2979 3343 3049 δνῳ
3391 2983 3454 3034 ἐκ
3483 2981 3582 3050 τῆς
3627 2983 3776 3053 παρά
3813 2983 3910 3036 τοῦ
3951 2984 4068 3056 τρέ-

2491 3079 2684 3130 φοντος
2721 3065 3062 3132 εὐεργεσίας,
3095 3069 3127 3134 η
3162 3068 3298 3138 πρὸς
3333 3071 3494 3121 αὐτὸν
3520 3073 3706 3142 ἀγάπη
3734 3073 4067 3141 αὐτομάτως

2493 3152 2785 3218 ἐγγίνεται,
2826 3155 2967 3207 οὓτω
3014 3159 3105 3208 καὶ
3138 3161 3323 3227 ἡμεῖς,
3349 3162 3444 3213 ἐὰν
3469 3163 3804 3233 εὐαισθήτως
3847 3164 3943 3217 καὶ
3974 3167 4065 3217 εὐ-

2493 3245 2789 3310 γνωμόνως
2824 3247 2921 3306 τὰς
2961 3247 3276 3315 εὐεργεσίας
3309 3251 3607 3320 δεξώμεθα.
3665 3253 3766 3305 Τὸν
3795 3256 4067 3308 τοσούτων

2486 3334 2579 3386 καὶ
2601 3335 2933 3401 τηλικούτων
2957 3338 3252 3408 εὐεργέτην
3277 3341 3409 3393 Θεὸν
3443 3343 3558 3405 πῶς
3579 3345 3675 3395 οῦκ
3706 3344 4065 3414 ἀγαπήσομεν

2488 3427 2627 3476 κατα
2672 3426 2850 3492 φύσιν,
2888 3429 2953 3479 ἶν’
2980 3429 3152 3493 οὓτως
3174 3427 3332 3495 εἴπω,
3357 3435 3652 3498 ἀδιδάκτως
3674 3436 3774 3504 τῆς
3808 3440 4064 3509 τοιαύτης

2489 3515 2780 3580 διαθέσεως
2817 3523 2882 3589 τῇ
2914 3520 3216 3594 ὐγιανούση
3236 3525 3380 3596 ψυχῇ
3412 3527 3805 3599 ἐγγινομένης;

2573 3695 2740 3764 Ἀρχὴ
2773 3697 2964 3763 σοφίας
2995 3697 3158 3764 φόϐος
3185 3700 3408 3768 Κυρίου,
3444 3698 3556 3755 οἷόν
3575 3721 3628 3756 τι
3662 3706 3879 3775 πρῶτον
3899 3710 4064 3780 etip-

2491 3802 2689 3851 γανον’
2723 3788 2812 3838 καὶ
2843 3787 3001 3855 σοφία
3033 3788 3124 3840 τὸν
3174 3790 3339 3854 φόϐον
3383 3793 3690 3862 ὐπερϐᾶσα,
3724 3799 3814 3849 καὶ
3848 3801 3928 3862 εἰς
3967 3801 4063 3868 τὴν

2492 3879 2712 3944 ἀγάπην
2755 3879 3152 3942 ἀναϐιϐασασα,
3199 3881 3334 3934 Θεοῦ
3370 3883 3557 3950 φίλους
3589 3888 3736 3956 ἡμᾶς
3784 3891 3882 3943 καὶ
3915 3895 4064 3954 υἱοὺς

2492 3967 2614 4016 ἀντὶ
2637 3965 2840 4016 δούλων
2870 3969 3184 4036 ἐργάζεται.

2580 4146 2808 4214 Ἀγαθὸν
2853 4149 2946 4202 καὶ
2981 4149 3332 4220 ὑποχωρῆσαί
3366 4171 3417 4205 τι
3455 4157 3671 4224 μικρὸν,
3713 4159 3787 4222 ὡς
3825 4163 4064 4233 Mea-33f..-

2498 4237 2705 4298 ἐκεῖνος
2753 4238 2814 4290 τὸ
2857 4241 3119 4303 παλαιὸν,
3180 4244 3274 4293 καὶ
3341 4243 3607 4314 Ἱερεμίας
3657 4248 3921 4319 ὕστερον,
3975 4257 4063 4306 καὶ

2498 4329 2868 4398 προσδραμεῖν
2925 4333 3159 4401 ἑτοίμως
3187 4334 3265 4402 τῷ
3298 4335 3572 4402 καλοῦντι,
3620 4340 3696 4402 ὡς
3753 4343 3970 4412 ’Λαρὼν
4009 4363 4062 4396 τε

2499 4421 2593 4472 καὶ
2637 4421 2886 4486 Ἡσαΐας,
2923 4426 3082 4493 μόνον
3111 4427 3350 4490 εὐσεϐῶς
3388 4431 3707 4502 ἀμφότερα·
3740 4434 3802 4486 τὸ
3851 4437 3954 4504 μὲν
3982 4439 4063 4490 δια

823 4521 998 4573 ditum
1029 4527 1114 4571 est
1151 4533 1164 4568 :
1195 4515 1496 4570 dummodo
1524 4528 1822 4585 utrumque
1861 4517 1946 4584 pic
1985 4517 2078 4570 ﬁat
2113 4533 2123 4566 :
2157 4519 2388 4571 alterum

2497 4511 2596 4580 τὴν
2630 4511 2835 4565 οἰκείαν
2863 4514 3169 4580 ἀσθένειαν,
3195 4516 3255 4568 τὸ
3287 4517 3341 4570 δὲ
3373 4519 3459 4570 διὰ
3502 4521 3601 4586 τὴν
3649 4522 3741 4574 τοῦ
3774 4525 4064 4586 καλοῦντος

824 4609 896 4662 ob
934 4608 1214 4676 propriam
1268 4605 1666 4671 infirmitatem,
1725 4607 1956 4659 alterum
2005 4608 2077 4659 oh
2139 4609 2387 4663 vocantis

829 4701 1154 4768 potentiam.

897 4790 1089 4859 Chrys.
1129 4798 1268 4842 orat.
1299 4787 1364 4841 15
1394 4787 1470 4841 De
1505 4797 1635 4842 stat.
1660 4816 1728 4826 --
1760 4785 1878 4841 Non
1918 4795 2129 4840 tantum
2174 4790 2395 4845 virtutis

827 4882 995 4936 habet
1030 4879 1230 4944 oratio;
1253 4887 1518 4947 quantum
1548 4877 1712 4932 etlicit
1745 4879 1928 4930 timor.
1981 4878 2123 4942 Quid
2151 4882 2395 4937 atrocius

790 5029 796 5037 ,
829 4970 1116 5041 gehenna?
1145 4980 1199 5022 at
1216 4970 1350 5022 nihil
1374 4970 1497 5037 ejus
1528 4971 1724 5022 timore
1747 4969 1961 5022 utilius.
1993 4969 2168 5022 Metus
2195 4971 2393 5041 quippe

831 5061 1092 5130 gehenna:
1117 5058 1279 5112 nobis
1307 5060 1456 5126 regni
1479 5057 1719 5111 cmlcstis
1741 5071 2001 5111 coronam
2029 5057 2188 5112 aﬂ'ert
2215 5078 2227 5112 :
2254 5060 2395 5112 haud

834 5165 996 5205 secus
1035 5164 1097 5203 ac
1120 5149 1174 5203 in
1213 5148 1407 5201 militis
1443 5163 1662 5214 semper
1684 5146 1883 5200 armati
1917 5147 2104 5210 domo,
2139 5165 2245 5201 non
2269 5165 2398 5217 prm-

833 5243 924 5302 do,
969 5256 1076 5294 non
1125 5239 1356 5295 etTOssor
1387 5253 1695 5304 murorum,
1720 5254 1829 5291 non
1864 5241 2137 5306 quispiam
2170 5243 2307 5292 alius
2333 5257 2397 5293 ex

833 5335 922 5386 his
955 5332 1049 5401 qui
1093 5330 1363 5397 ejusmodi
1416 5329 1660 5382 facinora
1710 5329 2118 5398 aggrediuntur,
2164 5331 2390 5398 propius

834 5424 1036 5478 audeat
1062 5437 1326 5491 apparere
1350 5441 1360 5471 :
1390 5423 1584 5473 timore
1602 5427 1682 5474 sic
1700 5423 1913 5474 animos
1939 5422 2240 5483 obtinente,
2267 5424 2400 5476 nihil

838 5513 1188 5566 ilhbcraliunt
1213 5511 1368 5580 307
1397 5511 1750 5565 al‘l'cctionum
1781 5510 1942 5564 facile
1973 5512 2130 5566 nobis
2163 5513 2395 5578 accedit,

839 5605 932 5657 sled
972 5618 1164 5657 omnes
1215 5620 1334 5656 Sese
1376 5603 1708 5672 proripiunt,
1757 5612 1811 5656 et
1853 5601 2032 5671 fugam
2077 5613 2397 5669 capessunt,

844 5695 1058 5748 timoris
1097 5696 1148 5747 vi
1195 5703 1248 5748 ct
1279 5694 1518 5763 potentia
1561 5693 1804 5762 undique
1836 5693 1970 5747 lusa:
1997 5701 2050 5747 et
2081 5692 2397 5763 proﬂigatrc.

840 5785 951 5841 Nec
979 5802 1107 5841 vero
1137 5789 1239 5841 hoc
1281 5786 1458 5841 solum
1493 5785 1628 5840 lucri
1661 5800 1723 5840 ex
1757 5785 1955 5840 timore
1989 5786 2278 5855 capimus;
2303 5786 2398 5840 scd

2493 4603 2739 4672 δύναμιν.

2567 4781 2643 4833 Οὐ
2663 4780 2914 4833 τοσοῦτον
2943 4780 3270 4850 ἐργάζεσθαι
3301 4783 3591 4852 δυνήσεται
3619 4785 3800 4852 λόγος,
3823 4788 3952 4840 ὅσον
3987 4790 4066 4858 ἑρ-

2497 4871 2725 4939 γάζεται
2765 4872 2946 4939 φόϐος.
2975 4872 3040 4924 Τί
3063 4873 3284 4940 γεέννης
3317 4873 3731 4944 χαλεπώτερονς
3771 4878 3891 4930 ἀλλ’
3922 4881 4065 4933 οὐδὲν

2495 4962 2590 5015 τοῦ
2620 4963 2824 5031 ταύτης
2851 4963 3260 5034 χρησιμώτερον
3297 4966 3483 5033 φόϐου.
3534 4966 3591 5018 '0
3633 4969 3740 5037 γὰρ
3785 4974 3888 5040 τῆς
3919 4975 4062 5036 γεέν-

2497 5070 2595 5120 νης
2628 5053 2791 5120 φόϐος
2823 5055 2915 5104 τὸν
2945 5054 3040 5121 τῆς
3070 5053 3345 5121 βασιλείας
3377 5058 3505 5124 ἡμῖν
3524 5059 3735 5124 κομίζει
3781 5063 4061 5126 στέφανον.

2501 5144 2766 5212 Καθάπερ
2794 5145 2852 5196 ὲν
2869 5143 3015 5214 οἰκία
3044 5145 3376 5213 στρατιώτου
3404 5146 3667 5215 διηνεκῶς
3695 5148 4059 5218 ὡπλισμένου,

2499 5240 2560 5290 οὐ
2611 5237 2835 5306 λῃστὴς,
2880 5237 2940 5288 οὐ
3001 5237 3349 5307 τοιχωρύχος,
3401 5242 3499 5291 οὐκ
3535 5239 3693 5301 ἄλλος
3727 5257 3813 5303 τις
3860 5243 3968 5293 τῶν
4008 5244 4066 5294 τὰ

2500 5330 2726 5382 τοιαῦτα
2757 5331 3230 5397 κακουργούντων,
3251 5331 3512 5400 τολμήσει
3535 5330 3772 5399 φανῆναι
3804 5333 4059 5403 πλησίον·

2503 5419 2646 5472 οὕτω
2688 5420 2853 5485 φόϐου
2901 5423 3222 5488 κατέχοντος
3266 5421 3362 5483 τὰς
3406 5421 3603 5490 ψυχὰς,
3655 5423 3810 5474 οῦδὲν
3844 5425 3953 5476 τῶν
3989 5428 4063 5476 ἁν-

2507 5512 2808 5581 ελευθέρων
2843 5510 3030 5563 παθῶν
3067 5513 3445 5581 ἐπεισέρχεται
3478 5513 3673 5582 ῥαδίως
3727 5517 3883 5583 ἡμῖν,
3943 5517 4062 5568 ἀλλὰ

2507 5602 2826 5672 δραπετεύει
2850 5603 2942 5655 καὶ
2972 5603 3352 5670 φυγαδεύεται,
3385 5607 3450 5672 τῇ
3482 5606 3756 5672 τυραννίδι
3779 5607 3875 5660 τοῦ
3912 5609 4061 5674 φόϐου

2509 5694 2775 5748 πάντοθεν
2813 5694 3224 5763 ἐξελαυνόμενα.
3261 5696 3367 5747 Καὶ
3400 5698 3458 5747 οῦ
3486 5695 3642 5750 τοῦτό
3674 5698 3828 5749 ἐστιν
3875 5699 3904 5749 ὃ
3939 5715 4061 5765 καρ-

2510 5783 2760 5855 πούμεθα
2813 5784 2920 5839 ἀπὸ
2975 5785 3068 5838 τοῦ
3120 5785 3286 5853 φόϐου
3325 5787 3503 5856 μόνον,
3566 5787 3701 5839 ἀλλα
3748 5789 3847 5841 καὶ
3894 5789 4002 5841 ἔτει
