4218 6446
176 411 311 479 1093

1437 406 1673 468 SACRA
1708 408 1902 468 PARA
1915 409 2144 468 LLELA

3272 412 3408 478 1094

173 522 355 592 nam?)
407 522 611 594 μεῖζον.
658 519 733 575 οὗ
777 519 886 590 γὰρ
924 516 989 590 δὴ
1036 516 1196 586 μόνον
1228 515 1294 569 τά
1335 517 1549 587 πονηρὰ
1582 517 1740 586 ἡμῶν
1767 525 1793 582 Α

1767 525 1813 582 Α
1843 515 1992 571 aliud
2036 531 2254 586 quoque
2311 517 2482 570 multo
2532 517 2904 585 prazstantius.
2945 515 3062 573 Non
3100 522 3247 575 enim
3280 533 3404 579 tan-

173 614 465 667 ἀπελαύνει
499 612 662 682 πάθη,
698 611 832 666 ἀλλὰ
862 610 957 663 καὶ
982 609 1163 662 πᾶσαν
1193 606 1401 674 εἰσάγει
1434 607 1572 677 μετὰ
1609 605 1736 658 πολ-

173 706 272 774 λῆς
325 704 573 764 εὐκολίας
620 703 720 773 τὴν
777 701 1000 772 ἀρετήν.
1054 698 1219 751 οὐδὲν
1268 699 1376 767 γὰρ
1429 696 1571 749 οὕτω
1608 714 1735 749 κατ·

178 796 348 847 εσθίει
392 794 490 864 μὲν
535 794 927 864 ἁμαρτήματα,
968 788 1177 861 ἀρετὴν⁸
1204 789 1262 842 δὲ
1298 787 1559 855 αὕξεσθαι
1596 790 1738 841 ποιεῖ

174 889 269 939 καὶ
314 885 547 947 θάλλειν,
574 886 648 946 ὡς
686 883 964 954 διηνεκοῦς
1006 880 1168 949 φόϐου
1214 880 1394 949 φύσις.
1436 879 1534 931 Διά
1580 878 1737 932 τοῦτο

172 978 263 1027 τὸν
297 976 370 1047 μὴ
395 974 637 1038 συζῶντα
654 973 801 1042 φόὸῳ
816 973 1098 1041 ἀμήχανον
1136 970 1503 1038 κατορθῶσαι,
1529 972 1736 1039 ὠσπερ-

172 1069 267 1121 οὖν
296 1070 386 1122 τὸν
409 1070 466 1118 ὲν
493 1065 641 1135 φόὸῳ
670 1066 848 1129 ζῶντα
876 1064 1158 1133 ἀμήχανον
1191 1062 1530 1130 διαμαρτεῖν.

244 1243 409 1305 Φόϐος
431 1243 579 1296 οὐδὲν
607 1241 792 1311 ἕτερόν
813 1244 983 1304 ἐστιν,
1016 1243 1049 1311 ἢ
1088 1242 1286 1311 τεῖχος,
1321 1240 1416 1294 καὶ
1442 1238 1730 1307 ἀσφάλεια,

171 1340 269 1388 καὶ
302 1340 507 1403 πύργος
537 1333 1001 1401 ἁκαταγώνιστος.

256 1512 314 1560 '0
344 1508 435 1561 τοῦ
462 1508 704 1571 ἀπαθοῦς
729 1508 865 1561 Θεοῦ
888 1507 1046 1576 φόὄος
1075 1507 1288 1576 ἀπαθής
1314 1523 1327 1536 ι
1358 1505 1601 1574 φοϐεῖται
1626 1509 1733 1578 γάρ

167 1616 274 1661 τις,
305 1600 367 1651 οὐ
399 1599 487 1653 τὸν
511 1599 664 1663 Θεὸν,
687 1597 824 1650 ἀλλὰ
853 1598 913 1649 τὸ
940 1599 1237 1651 ἀποπεσεῖν
1268 1596 1361 1648 τοῦ
1386 1596 1541 1648 Θεοῦ.
1592 1598 1650 1649 Ὀ
1678 1598 1732 1649 δὲ

170 1688 329 1739 τοῦτο
379 1686 583 1751 δεδιὼς,
632 1686 696 1739 τὸ
744 1689 856 1751 τοῖς
893 1690 1078 1748 κακοῖς
1134 1687 1452 1754 συμπεσεῖν,
1491 1684 1731 1751 φοϐεῖται

170 1780 265 1831 καὶ
299 1778 465 1831 δέδιεν
494 1778 562 1831 τὰ
587 1778 734 1831 κακά
758 1796 772 1809 ο
802 1781 829 1832 ὁ
861 1777 1048 1841 δεδιὼς
1076 1778 1132 1830 δὲ
1162 1776 1221 1829 τὸ
1257 1776 1477 1845 πτῶμα,
1520 1776 1718 1843 ἄφθαρ-

165 1887 261 1921 τον
299 1870 489 1923 ἑαυτδν
524 1869 619 1922 καὶ
649 1870 832 1939 ἀπαθῆ
863 1866 1000 1923 εἶναι
1036 1870 1305 1938 βούλεται.

244 2149 261 2181 ι
284 2132 357 2183 Οὐ
394 2131 618 2184 δυνατὸν
647 2131 738 2182 τὸν
768 2128 983 2199 ἀληθῶς
1013 2130 1178 2197 φοὸου
1188 2144 1345 2197 μενον
1366 2127 1455 2180 τὸν
1471 2124 1603 2177 Θεὸν
1626 2122 1729 2175 δει-

162 2223 286 2276 λίαν
321 2222 483 2291 ἔχειν,
524 2222 815 2292 εἰρημένου
855 2220 986 2274 τοῦθ
1026 2238 1043 2271 ι
1085 2219 1231 2291 Πλὴν
1260 2217 1422 2272 αὑτὸν
1462 2215 1537 2287 μὴ
1566 2214 1726 2284 φοϐοῦ

163 2312 345 2365 ἄλλον.
393 2330 412 2361 ι

247 2488 307 2609 ἑ)
369 2484 699 2556 φοδούμενος
760 2483 851 2537 τὸν
914 2481 1085 2549 Θεὸν,
1151 2483 1293 2538 κατὰ
1361 2481 1493 2535 Θεὸν
1553 2480 1728 2533 πάντα

282 2573 419 2609 ττει.

162 2573 419 2626 πράττει.

234 2643 467 2709 Λέγεται
495 2643 523 2695 δ
549 2640 680 2704 Θεὸς
713 2639 940 2711 φοϐερὸς
969 2635 1106 2694 εἶναι
1125 2656 1140 2670 ·
1171 2640 1288 2693 ἀλλ’
1326 2639 1424 2709 οὐχ
1452 2637 1528 2701 ὡς
1567 2637 1729 2691 θανα-

161 2734 329 2802 σίμου
357 2733 544 2803 θηρίου
579 2733 612 2803 ἢ
641 2731 928 2803 ἀνθρώπου
955 2726 1104 2802 ὠμοῦ
1129 2730 1291 2799 φόϐον
1329 2730 1490 2800 ἔχειν.
1534 2730 1593 2783 'U
1621 2731 1727 2799 γὰρ

158 2824 294 2886 Θεὸς
328 2824 443 2891 φῶς
471 2827 638 2887 ἐστιν,
683 2826 777 2877 καὶ
814 2824 884 2877 τά
914 2824 1065 2893 ἑξῆς.
1100 2822 1221 2884 Πῶς
1265 2817 1358 2875 οὖν
1402 2820 1729 2891 φοόηθῶμεν

158 2916 301 2983 φῶς,
333 2916 364 2984 ἢ
400 2915 565 2986 ζωὴν,
596 2914 629 2985 ἢ
669 2914 948 2986 ἀλήθειαν,
986 2915 1019 2984 ἢ
1054 2916 1384 2979 ἀνάστασιν,
1421 2914 1496 2975 ὼς
1524 2912 1617 2965 ὲάν
1644 2929 1728 2974 τις

155 3003 191 3079 ᾗ
239 3007 334 3059 ἐπὶ
376 3005 576 3076 ὑψηλὸν
627 3005 752 3076 ὅρος
800 3006 988 3069 οἰκῶν,
1041 3007 1134 3059 καὶ
1179 3005 1395 3073 λέγεται
1448 3003 1727 3073 φοϐεῖσθαι

156 3100 329 3151 αὑτὸ’
363 3100 423 3151 οὐ
469 3099 529 3151 τὸ
555 3098 677 3167 ὅρος
720 3098 984 3165 φοόεῖται,
1034 3097 1171 3149 ἀλλᾶ
1217 3096 1311 3149 τοῦ
1367 3097 1440 3166 μὴ
1473 3097 1727 3149 ἐκπεσεῖν

156 3190 349 3241 αὑτοῦ.
377 3189 569 3241 Τοίνυν
601 3190 693 3242 καὶ
716 3191 877 3258 ἡμεῖς
899 3188 1209 3256 φοϐούμεθα
1228 3187 1317 3239 τὸν
1349 3186 1502 3250 Θεὸν,
1533 3186 1724 3254 φοϐού-
1751 3217 1793 3273 C

159 3296 317 3348 μενοι
350 3280 600 3331 ἐκπεσεῖν
628 3277 720 3331 τοῦ
758 3277 955 3345 φωτὸς,
1007 3277 1101 3329 καὶ
1142 3276 1243 3346 τῆς
1292 3276 1459 3344 ζωῆς,
1494 3278 1587 3329 καὶ
1626 3277 1725 3345 τῆς

155 3369 442 3439 ἀληθείας,
477 3368 570 3422 καὶ
598 3368 695 3437 τῆς
721 3367 990 3435 γνώσεως.

158 3700 290 3752 Tit).
324 3738 336 3751 .
376 3700 450 3751 E'.
490 3725 560 3737 -—
597 3697 737 3763 Περὶ
786 3698 1124 3764 ἀντιλογίας
1187 3698 1334 3762 πρὸς
1392 3699 1572 3750 Θεόν·
1624 3698 1719 3748 καὶ

232 3769 320 3819 ὅτι
354 3771 424 3820 οὐ
460 3767 555 3819 δεῖ
579 3766 931 3836 ἀντιλέγειν,
963 3766 999 3832 ἡ
1043 3767 1539 3833 δικαιολογεῖσθαι
1572 3766 1720 3832 πρὸς

236 3836 400 3887 Θεὸν.

233 3960 253 3992 ι
308 3944 529 4011 Ἀνομία
578 3946 711 4013 ἡμῖν
758 3945 1153 4014 λογισθήσεται,
1197 3944 1365 3997 πολλὰ
1415 3945 1719 3999 λαὶουντων

155 4032 381 4102 ῥήματα
417 4032 645 4084 ἐνώπιον
671 4035 892 4103 Κυρίου.
941 4053 958 4083 ι

232 4141 250 4171 ι
301 4122 415 4173 Οὐκ
470 4118 522 4174 εἶ
547 4123 832 4191 ἄνθρωπος
854 4127 971 4175 κατ’
1018 4126 1139 4192 ἐμὲ,
1186 4118 1228 4191 ᾧ
1279 4126 1715 4194 ἁντικρινοῧμαι,

152 4213 244 4263 ἵνα
271 4211 514 4280 ἔλθωμεν
546 4212 887 4281 ὁμοθυμαδὸν
914 4215 990 4276 είς
1024 4215 1223 4283 κρίσιν.
1271 4235 1285 4265 ι

233 4431 252 4463 ι
300 4414 364 4465 Τί
393 4412 470 4464 ἔτι
503 4412 611 4479 ἐγὼ
645 4412 899 4481 κρίνομαι
928 4413 1346 4482 νουθετούμενος
1373 4416 1467 4468 καὶ
1499 4416 1716 4484 ἐλεγχό-

152 4518 317 4570 μενος
341 4500 489 4569 παρὰ
513 4502 736 4570 Κυρίου,
759 4502 969 4554 ἀκούων
1002 4505 1222 4555 τοιαῦτα
1256 4504 1409 4556 οὐθὲν
1438 4506 1539 4571 div;
1579 4506 1715 4573 Ἐγὼ

150 4697 257 4748 μου
279 4696 295 4709 ο
345 4679 488 4742 ἅπαξ
529 4681 816 4750 λελάληκα,
852 4685 944 4735 ἐπὶ
980 4685 1034 4735 δὲ
1069 4685 1146 4753 τῷ
1174 4685 1410 4757 δευτέρῳ
1450 4690 1510 4739 οὐ
1560 4702 1716 4758 προσ-

149 4771 329 4838 θήσω.
380 4790 395 4819 t

230 4897 248 4928 ι
300 4877 383 4947 Μή
409 4885 510 4943 ’μοι
535 4880 618 4947 εἴη
662 4881 899 4935 ἐναντίον
929 4883 1132 4953 Κυρίου
1164 4885 1452 4955 ἀσεϐῆσαι,
1487 4888 1518 4956 ἦ
1559 4890 1712 4942 ἐναν-

144 4968 263 5020 τίον
297 4972 735 5039 παντοκράτορος
760 4974 991 5040 ταράξαι
1038 4975 1099 5027 τὸ
1129 4976 1357 5030 δίκαιον.
1408 4996 1426 5028 ι

228 5096 245 5126 ι
295 5078 387 5145 Μὴ
421 5078 613 5131 σπεῦδε
651 5082 743 5132 ἐπὶ
773 5082 999 5150 στόματί
1040 5099 1153 5147 σου,
1179 5086 1272 5136 καὶ
1316 5088 1348 5155 ἡ
1391 5088 1584 5157 καρδία
1619 5105 1711 5140 σου

149 5172 228 5237 μὴ
265 5169 567 5239 ταχύνηται
597 5174 691 5226 τοῦ
737 5175 1042 5242 ἐξενεγκεῖν
1076 5176 1231 5244 λόγον
1262 5180 1369 5247 πρὸ
1421 5182 1711 5250 προσώπου

144 5259 241 5313 τοῦ
274 5259 430 5313 Θεοῦ.
482 5279 502 5313 ι

227 5391 247 5422 ι
293 5372 388 5441 Μὴ
431 5374 546 5443 ἐρεῖ
576 5375 797 5446 πλάσμα
822 5376 898 5445 τῷ
938 5378 1222 5445 πλάσαντι,
1255 5380 1327 5431 Uti
1359 5382 1423 5435 σύ
1451 5400 1517 5452 με
1549 5383 1712 5435 ἔπλα-

147 5480 281 5527 σας;
328 5466 358 5532 ἦ
409 5464 468 5514 τὸ
518 5466 729 5536 ποίημα
780 5467 856 5537 τῷ
896 5471 1204 5535 ποιήσαντι,
1254 5475 1328 5524 Οὐ
1376 5476 1607 5536 συνετῶς
1647 5492 1711 5543 με

145 5555 416 5623 ἐποίησας
441 5572 455 5621 ;
508 5574 526 5606 ι

225 5684 243 5715 ι
291 5666 382 5733 Μὴ
409 5668 521 5736 ἐρεῖ
544 5669 571 5719 ὁ
606 5670 771 5738 πηλὸς
797 5672 874 5740 τῷ
904 5676 1153 5742 κεραμεῖ,
1186 5677 1248 5727 Τί
1271 5679 1472 5741 ποιεῖς;
1510 5679 1573 5730 Τί
1614 5680 1709 5733 οὐκ

144 5755 424 5823 ἱργάσεις,
459 5756 575 5810 οὐδὲ
605 5758 744 5827 ἔχεις
773 5764 993 5830 χεῖρας;
1044 5768 1134 5818 καὶ
1167 5766 1239 5836 μὴ
1283 5768 1708 5840 ἀποκριθήσεται

1839 608 2124 662 tummodo
2165 610 2398 663 vitiosos
2441 608 2668 663 affectus
2709 618 2931 665 nostros
2970 613 3282 681 propulsat,
3314 633 3406 669 ve-

1836 714 1957 751 rum
1989 707 2043 752 et
2071 700 2324 753 omnibus
2364 701 2669 754 virtutibus
2700 700 2918 754 facilem
2955 702 3020 755 ad
3065 719 3166 759 nos
3196 704 3407 759 aditum

1836 790 2031 859 aperit.
2066 787 2176 842 Nec
2206 790 2350 842 enim
2383 789 2682 859 quidquam
2724 790 2973 860 perinde,
3010 799 3127 848 tum
3177 804 3403 864 peccata

1836 880 1998 944 delet,
2060 888 2175 933 tum
2230 888 2395 949 auget
2444 881 2706 936 virtutem
2764 889 2820 935 et
2869 880 3159 938 ﬂorentem
3202 886 3402 951 reddit,

1836 981 2000 1040 atque
2024 972 2273 1041 perpetui
2322 973 2540 1025 timoris
2585 982 2801 1025 natura.
2842 972 3116 1038 Quocirca
3148 974 3262 1030 fieri
3294 994 3401 1034 non

1836 1070 2036 1129 potest,
2071 1071 2130 1112 ut
2167 1060 2260 1128 qui
2295 1060 2351 1113 in
2393 1060 2591 1113 timore
2625 1061 2781 1124 vivit,
2818 1072 2967 1116 recte
3005 1063 3215 1131 aliquid
3255 1076 3401 1139 agat,

1833 1160 1888 1203 et
1912 1150 2150 1203 vicissim
2184 1152 2278 1218 qui
2311 1150 2365 1202 in
2392 1149 2591 1204 timore
2614 1151 2770 1215 vivit,
2802 1168 2832 1205 a
2872 1164 3023 1207 recto
3054 1156 3292 1211 aberret.

1905 1240 2173 1311 Chrysost.
2213 1252 2350 1295 orat.
2389 1243 2454 1296 15
2484 1241 2561 1296 De
2596 1253 2724 1297 stat.
2767 1274 2835 1287 —
2878 1244 3062 1300 Timor
3088 1248 3220 1302 nihil
3249 1250 3397 1304 aliud

1834 1341 1941 1395 est,
1988 1333 2090 1387 nisi
2128 1347 2321 1387 murus
2359 1341 2411 1387 et
2458 1333 2800 1403 praesidium,
2852 1348 2915 1389 ac
2951 1337 3124 1392 turris
3169 1339 3400 1411 inexpu-

1834 1423 2087 1490 gnabilis.

1901 1513 2066 1565 Clem.
2109 1512 2259 1566 Alex.
2314 1511 2571 1567 Stromat.
2601 1514 2885 1570 -—Timor
2927 1517 3020 1573 Dei
3056 1518 3150 1589 qui
3191 1529 3402 1590 pertur-

1833 1603 2149 1657 bationibus
2190 1611 2370 1666 vacat,
2406 1605 2805 1673 perturbationi
2850 1622 2960 1661 non
2986 1621 3069 1663 est
3101 1610 3392 1666 obnoxius.

1832 1690 2018 1758 Neque
2044 1691 2187 1745 enim
2230 1691 2401 1745 Deum
2441 1694 2739 1763 quisquam
2778 1695 2958 1761 timet,
3000 1699 3094 1753 sed
3132 1716 3196 1752 ne
3231 1714 3261 1751 a
3291 1699 3397 1754 Deo

1831 1781 2067 1832 excidat.
2135 1780 2236 1844 Qui
2297 1790 2480 1836 autem
2550 1783 2655 1837 hoc
2723 1785 2900 1849 timet,
2962 1802 3031 1841 ne
3098 1786 3299 1841 incidat
3341 1789 3395 1841 in

1764 1856 1803 1912 η
1834 1872 1994 1933 tltalu,
2038 1872 2083 1925 is
2125 1872 2352 1940 proinde
2403 1875 2546 1927 mala
2596 1877 2819 1930 metuit.
2866 1877 3040 1931 Porro
3080 1878 3171 1946 qui
3206 1892 3395 1930 casum

1836 1963 2005 2025 timet,
2039 1964 2084 2016 is
2119 1962 2189 2016 ab
2220 1962 2447 2019 interitu
2472 1969 2527 2016 et
2554 1965 3003 2033 perpessionibus
3036 1966 3248 2019 alienus
3280 1966 3395 2019 lieri

1831 2054 2000 2120 Cupit.
3198 2113 3202 2117 .

1904 2142 2118 2212 Didym.
2150 2143 2201 2195 in
2224 2140 2337 2196 Isa.
2368 2171 2437 2182 —
2460 2142 2603 2197 Fieri
2653 2159 2760 2197 nou
2794 2152 3073 2212 potest,ut
3100 2144 3193 2214 qui
3230 2144 3396 2196 timo.

1830 2249 1889 2288 re
1946 2232 2037 2286 Dei
2095 2233 2356 2303 praeditus
2410 2242 2514 2298 est,
2578 2236 2939 2289 rueticulosus
2994 2238 3064 2290 sit
3108 2255 3121 2289 :
3174 2237 3396 2305 quando

1830 2325 2038 2378 dictum
2085 2333 2166 2379 est
2197 2344 2211 2379 :
2254 2344 2272 2377 ι
2310 2324 2516 2380 Praeter
2555 2327 2710 2379 illum
2755 2342 2825 2381 ne
2861 2341 3192 2397 quemquam
3226 2327 3392 2380 alium

1831 2420 2060 2470 ineluas.
2106 2436 2123 2467 ι

1904 2507 2130 2579 Evagrii.
2164 2538 2232 2548 —
2264 2506 2369 2574 Qui
2422 2508 2578 2563 tinict
2624 2508 2818 2575 Deum,
2864 2512 3047 2565 omnia
3088 2513 3394 2570 secundum

1828 2599 1994 2653 Deum
2022 2600 2178 2669 gerit.

1898 2689 2173 2759 Ejusdem.
2220 2720 2290 2732 —
2333 2692 2478 2747 Deus
2520 2692 2788 2749 terribilis
2826 2708 2950 2749 esse
2997 2695 3248 2753 dicitur:
3282 2715 3391 2755 non
3462 2740 3463 2743 η

1827 2781 1971 2850 quod
2004 2784 2057 2835 iu
2089 2782 2365 2853 pestifera!
2396 2785 2593 2840 bellum
2630 2793 2725 2838 aut
2752 2786 2882 2840 εωνὶ
2919 2788 3158 2842 hominis
3184 2804 3392 2844 morem

1829 2879 2092 2926 terrorem
2129 2874 2382 2929 incutiat.
2418 2874 2562 2931 Deus
2588 2877 2790 2946 quippe
2823 2885 2906 2931 est
2940 2878 3055 2943 lux,
3106 2881 3214 2946 via,
3250 2883 3393 2936 veri-

1827 2971 1933 3025 tas,
1967 2971 2023 3017 et
2056 2963 2189 3028 vita,
2222 2974 2329 3020 etc.
2361 2966 2596 3028 Quinam
2642 2982 2775 3039 ergo
2825 2968 3026 3034 lucem,
3076 2981 3170 3024 aut
3201 2972 3390 3036 vitam,

1827 3063 1921 3107 aut
1990 3055 2315 3121 veritatem,
2376 3066 2473 3111 aut
2536 3060 2990 3113 resurrectionem
3068 3061 3392 3131 perhorres-

1828 3146 2059 3200 camus?
2098 3146 2213 3201 Hoc
2261 3148 2487 3216 perinde
2524 3158 2627 3214 est,
2674 3164 2738 3204 ac
2798 3151 2842 3203 si
2894 3153 3019 3219 quis
3066 3152 3120 3205 in
3160 3152 3383 3208 sublimi

1826 3236 2065 3305 quodam
2105 3246 2292 3292 monte
2322 3253 2515 3307 agens,
2556 3239 2734 3309 ipsum
2766 3248 3010 3295 metuere
3041 3242 3298 3309 dicatur;
3341 3246 3388 3298 is

1823 3323 1986 3391 plane
2021 3337 2131 3376 nou
2185 3334 2423 3379 montem
2461 3328 2634 3389 timet,
2682 3326 2775 3381 sed
2812 3343 2879 3382 ne
2924 3343 2986 3380 ex
3031 3343 3097 3382 eo
3145 3346 3390 3400 praeceps

1822 3422 1965 3467 ruat.
2014 3414 2094 3468 Ad
2139 3415 2389 3470 eumdem
2437 3417 2659 3471 modqu
2729 3415 2893 3470 Deum
2940 3420 3387 3485 extimescimus;

1821 3503 1923 3558 hoc
1952 3504 2135 3573 utique
2165 3511 2487 3569 metuentes,
2524 3521 2590 3561 ne
2627 3522 2656 3560 a
2691 3511 2808 3562 luce
2836 3547 2849 3570 ,
2892 3508 3018 3573 vita,
3057 3512 3284 3579 veritate
3334 3522 3388 3566 et

1821 3595 2049 3648 scientia
2089 3595 2433 3650 excidamus.

1892 3723 2001 3777 Tit.
2037 3723 2102 3777 V.
2128 3756 2195 3764 —
2229 3726 2300 3779 De
2348 3729 2757 3782 contradictione
2797 3731 3043 3785 adversus
3087 3730 3251 3787 Deum
3286 3750 3304 3787 :
3336 3748 3384 3789 et

1887 3796 2025 3862 quod
2060 3795 2308 3847 πάτου-ενδ
2348 3797 2509 3872 Deum
2555 3801 2764 3872 minime
2795 3803 2862 3853 sit
2895 3802 3382 3872 contradicendum,

1891 3879 1980 3915 nec
2010 3880 2123 3915 cum
2158 3882 2218 3917 eo
2249 3866 2712 3929 expostulandum.

1894 3970 1998 4024 Job
2054 3988 2237 4028 xxxiv.
2286 3975 2376 4027 57.
2417 4006 2482 4015 -—
2522 3993 2539 4023 ‹
2597 3976 2857 4047 Iniquitas
2903 3983 3061 4037 nobis
3106 3984 3383 4052 reputabi-

1820 4069 1926 4123 tur,
1958 4064 2126 4114 multa
2160 4065 2317 4116 verba
2355 4066 2707 4131 loquenhhus
2744 4085 2924 4123 coram
2963 4072 3217 4129 Domino.
3253 4095 3270 4125 ι

1892 4149 1994 4202 Job
2045 4168 2119 4213 Ix,
2157 4153 2246 4205 5‘2.
2282 4183 2352 4194 —
2382 4174 2398 4205 ι
2430 4154 2548 4208 Non
2577 4172 2638 4211 es
2677 4158 2840 4213 homo
2869 4163 3065 4218 similis
3092 4167 3218 4225 uici,
3252 4182 3375 4219 cum

1819 4256 1927 4308 quo
1991 4242 2223 4309 litigent,
2286 4252 2345 4297 ut
2406 4248 2691 4303 veniamus
2743 4253 3077 4308 unanimiter
3116 4257 3181 4309 ad
3229 4256 3379 4323 judio

1816 4346 1984 4383 Clum.
2026 4350 2044 4380 ι

1884 4436 1985 4490 Job
2027 4454 2216 4504 χχχιχ,
2264 4441 2353 4495 54.
2400 4473 2469 4484 -
2519 4463 2538 4495 ι
2599 4445 2739 4511 Quid
2786 4451 2969 4505 adhuc
3018 4469 3120 4521 ego
3158 4454 3380 4521 judicor

1747 4552 1792 4607 ο
1820 4529 2137 4585 admonitus
2180 4542 2234 4586 et
2280 4536 2651 4603 reprehensus
2686 4554 2715 4591 a
2752 4540 3003 4606 Domino,
3030 4547 3261 4601 audiens
3291 4555 3376 4601 ta-

146 4593 206 4644 δὲ
237 4591 357 4643 τίνα
391 4592 681 4660 ἀπόκρισιν
716 4592 898 4655 δώσως
954 4594 1123 4663 Χεῖρα
1166 4594 1315 4663 θήσω
1362 4596 1455 4648 ἐπὶ
1485 4598 1715 4666 στόματί
1747 4591 1791 4607 “’

1818 4618 1910 4682 lia,
1944 4634 2067 4672 cum
2112 4621 2247 4675 nihil
2290 4625 2433 4677 sim?

2462 4626 2576 4695 Ego
2611 4637 2791 4684 autem
2828 4633 2962 4701 quid
3000 4635 3112 4689 haec
3146 4652 3378 4707 respou-

1816 4724 1936 4762 sum
1990 4709 2166 4765 dabo?
2222 4728 2444 4770 manum
2507 4734 2679 4772 meam
2747 4722 3022 4791 imponam
3089 4728 3172 4780 ori
3234 4744 3372 4784 meo.

1819 4798 1995 4854 Unum
2029 4801 2243 4857 locutus
2275 4821 2420 4869 sum,
2458 4817 2511 4860 et
2544 4810 2685 4863 ultra
2713 4827 2818 4865 non
2861 4814 3077 4867 addam.
3117 4837 3135 4867 ι

1888 4911 2029 4966 Ibid.
2054 4914 2141 4968 55.
2172 4946 2241 4955 -—
2283 4934 2301 4966 ι
2340 4917 2499 4973 Absit
2529 4929 2587 4973 ut
2610 4936 2794 4975 coram
2834 4922 2942 4978 Deo
2986 4925 3149 4993 impie
3177 4943 3332 4998 agam
3361 4948 3375 4981 :

1813 5014 1868 5060 et
1899 5020 2082 5059 coram
2118 5005 2506 5077 Omnipoteute
2532 5012 2626 5080 jus
2659 5018 2978 5082 perturbem
3014 5018 3026 5069 l
3080 5036 3097 5067 ›

1890 5114 2063 5167 Ειτίε.
2096 5132 2148 5175 v,
2179 5116 2230 5170 1.
2267 5148 2334 5156 —-
2379 5138 2395 5169 ι
2430 5118 2506 5173 Ne
2536 5121 2763 5177 festines
2809 5126 2859 5178 in
2888 5142 2985 5180 ore
3022 5137 3118 5181 tuo
3153 5147 3166 5179 :
3200 5140 3253 5183 et
3283 5146 3380 5183 cor

1816 5212 1965 5256 tuum
1997 5220 2103 5257 non
2141 5206 2363 5261 festinet
2393 5210 2457 5263 ad
2484 5212 2871 5279 proferendum
2905 5218 3126 5271 verbum
3155 5219 3205 5272 in
3240 5236 3376 5275 con-

1815 5301 2003 5362 spectu
2038 5295 2152 5349 Dci.
2204 5315 2221 5346 ι

1886 5398 1997 5453 Ira.
2048 5416 2199 5467 uix,
2244 5405 2324 5457 l6.
2374 5437 2441 5447 —-
2483 5426 2501 5457 ι
2556 5406 2811 5479 Nunquid
2865 5412 3011 5467 dicet
3061 5417 3371 5487 figmentum

1813 5486 1993 5540 lictori
2030 5504 2168 5544 suo:
2210 5493 2321 5544 Non
2365 5503 2421 5546 tu
2448 5512 2534 5551 uie
2563 5499 2776 5553 fecisti?
2806 5511 2898 5554 aut
2933 5486 3141 5557 factura
3177 5506 3371 5563 fat-tori

1813 5579 2091 5632 suozNon
2126 5590 2180 5633 tu
2214 5587 2489 5651 sapienter
2528 5604 2613 5642 me
2648 5590 2861 5645 fecisti?
2897 5613 2914 5644 ιι

1886 5688 1997 5744 Isa.
2036 5708 2155 5755 xu,
2206 5695 2259 5758 9,
2306 5697 2389 5750 lO.
2421 5729 2491 5740 —
2537 5719 2555 5749 ι
2595 5700 2848 5771 Nunquid
2908 5706 3055 5758 dicet
3100 5708 3270 5760 lutum
3309 5709 3371 5762 fi-

1816 5778 1947 5846 gulo
1975 5798 1987 5833 :
2019 5780 2154 5844 Quid
2208 5782 2383 5840 facis?
2411 5788 2543 5854 quid
2568 5806 2673 5843 non
2704 5794 3035 5857 opcrahcris,
3076 5812 3171 5850 nec
3207 5799 3368 5852 habes
