4218 6446
840 435 974 498 1095

2020 434 2077 490 ς.
2115 431 2438 490 JOANNIS
2471 433 2900 495 DAZ-ZASCENI

3953 443 4090 505 1095

837 541 1070 595 manus?
1101 550 1154 594 et
1190 556 1297 593 non
1326 537 1678 607 respondebit
1709 538 2031 608 ﬁgmentum
2060 539 2127 592 ad
2155 555 2281 593 eum
2307 541 2401 609 qui
2435 554 2475 605 Α

2435 554 2475 605 Α
2505 543 2565 594 τὸ
2605 544 2822 612 λλὰπμα
2855 546 2988 614 πρὸς
3015 547 3106 598 τὸν
3143 548 3420 603 πλάσαντα
3451 552 3645 614 αὐτόνς
3682 551 3710 620 ἧ
3747 555 3775 604 ὁ
3807 552 3983 619 λέγων
4016 557 4090 623 τῷ

838 650 897 690 se
931 634 1086 687 tinxit
1107 671 1122 690 .
1146 641 1239 684 aut
1269 632 1360 699 qui
1392 629 1528 683 dicit
1554 626 1726 695 Patri,
1763 646 1863 684 cur
1886 631 2073 699 genuit
2096 631 2118 682 ?
2141 638 2196 682 et
2221 630 2406 694 matri,

839 729 952 780 Cur
973 725 1256 796 parturis?
1292 742 1310 774 ι

913 820 1044 886 Sap.
1089 833 1169 882 ιιι,
1225 817 1311 869 14.
1343 847 1412 856 -—
1443 836 1461 867 ι
1497 817 1599 882 Qui
1663 832 1767 870 non
1825 813 2092 882 cogitavit
2139 812 2408 867 adversus

842 910 1130 962 Dominum
1184 907 1546 977 nequissima,
1597 909 1724 962 huic
1775 907 1998 961 dabitur
2032 907 2237 960 donum
2284 903 2407 960 fidei

838 999 1098 1054 electum.
1143 1018 1161 1047 ι

911 1090 1078 1160 308
1119 1090 1284 1144 Ecch‘.
1334 1105 1433 1152 vn,
1486 1090 1540 1144 5.
1584 1120 1654 1130 —
1695 1111 1712 1142 ι
1754 1089 1834 1144 Ne
1880 1102 1929 1145 te
1963 1091 2239 1159 justiticcs
2285 1102 2410 1150 ante

843 1180 1034 1235 Deum.
1070 1201 1088 1232 ι

916 1271 1064 1324 Rom.
1101 1287 1174 1334 ix,
1196 1271 1286 1332 20,
1315 1271 1404 1324 2|.
1425 1303 1492 1312 —
1513 1292 1532 1324 ι
1562 1273 1606 1326 Ο
1640 1275 1821 1334 Ιιοιιιο,
1864 1281 1920 1324 ιιι
1955 1273 2082 1340 quis
2099 1276 2293 1344 es,qui
2319 1293 2400 1330 re-

845 1363 1118 1430 spondeas
1147 1361 1296 1415 Deo?
1323 1365 1403 1416 Λιι
1441 1364 1587 1417 dicet
1616 1366 1927 1433 tiginentum
1949 1365 1996 1416 ei
2017 1366 2109 1432 qui
2130 1381 2190 1418 se
2215 1367 2406 1419 tinxit:

844 1454 984 1518 Quid
1023 1470 1107 1506 ine
1148 1454 1323 1506 fecisti
1355 1455 1482 1508 sic?
1523 1456 1720 1508 Annon
1772 1455 1933 1508 habet
1969 1464 2298 1524 potestatem
2348 1457 2411 1510 [i-

844 1545 1001 1611 gulus
1049 1545 1144 1596 luti
1199 1560 1263 1599 ex
1299 1546 1488 1598 eadem
1536 1559 1718 1599 massa
1751 1544 1951 1608 facere,
1999 1546 2147 1600 aliud
2183 1547 2408 1616 quidem

846 1637 1014 1690 vasin
1051 1637 1341 1699 honoi'cm;
1374 1636 1524 1689 aliud
1577 1646 1758 1690 autem
1799 1640 1852 1689 in
1879 1638 2309 1690 contumeliam?
2345 1658 2363 1688 ι

915 1724 942 1777 1
979 1725 1101 1779 Cor.
1136 1742 1188 1788 Χ,
1221 1727 1275 1779 9.
1325 1757 1377 1765 —
1409 1745 1426 1778 ι
1459 1727 1576 1780 Non
1616 1735 1893 1783 tentemus
1921 1728 2233 1792 Dominum,
2267 1731 2412 1783 sicut

843 1817 1067 1887 quidam
1112 1832 1304 1870 eorum
1337 1826 1704 1883 tentaverunt,
1733 1828 1787 1874 ct
1823 1833 1853 1871 a
1892 1819 2243 1887 serpentibus
2277 1837 2404 1890 per-

845 1910 1046 1962 ierunt.
1085 1929 1094 1954 ι

913 1998 1084 2052 Basil.
1118 1999 1267 2062 Quod
1301 1999 1437 2052 Deus
1471 2017 1572 2053 non
1597 2010 1672 2055 est
1702 2013 1888 2055 auctor
1915 2003 2200 2058 malorum.
2219 2004 2412 2070 —Qui

847 2089 957 2143 Deo
1002 2089 1258 2142 reluctari
1312 2092 1533 2154 audent,
1589 2092 1674 2145 his
1719 2094 1905 2147 verbis
1950 2103 2230 2148 utuntur:
2269 2093 2411 2159 Quid

844 2190 949 2245 est,
973 2183 1332 2252 quamobrem
1383 2200 1435 2236 ιιι
1487 2185 1600 2252 ipsa
1638 2193 1920 2238 structura
1962 2201 2068 2239 non
2125 2185 2412 2244 habemus.

846 2283 904 2327 ut
951 2284 1086 2328 ~.tra
1136 2275 1403 2342 peccandi
1438 2275 1613 2328 aleam
1644 2280 1842 2340 simus,
1885 2285 1943 2329 ut
1975 2293 2062 2339 ne,
2097 2279 2141 2332 si
2179 2278 2414 2334 velimus

842 2365 1082 2432 quidem,
1127 2379 1353 2432 peccare
1387 2366 1545 2420 nobis
1579 2367 1774 2418 liceat?
1805 2368 1981 2433 Quom
2026 2385 2074 2421 ιιι
2102 2377 2158 2421 ιιι
2192 2385 2410 2440 quoque

845 2470 1207 2521 servos,non,
1235 2472 1360 2510 cum
1396 2473 1493 2512 eos
1525 2458 1578 2510 in
1615 2457 1852 2514 vinculis
1879 2463 2210 2516 constrictos
2233 2469 2408 2526 tenes,

845 2551 1135 2602 benevolos
1164 2547 1257 2600 tibi
1287 2549 1593 2612 existimas,
1627 2551 1719 2604 sed
1764 2569 1887 2605 cum
1929 2569 2023 2606 eos
2058 2562 2254 2622 sponte
2287 2569 2411 2607 mu-

846 2652 973 2688 nere
1003 2652 1104 2688 suo
1137 2635 1286 2701 fungi
1321 2637 1609 2704 perSpicis.
1637 2637 1779 2702 Quin
1811 2639 1919 2694 Deo
1949 2657 2170 2709 quoque
2192 2650 2408 2711 gratum

841 2735 943 2785 est,
977 2740 1084 2777 non
1119 2725 1265 2793 quod
1303 2725 1351 2776 vi
1377 2734 1762 2794 extorquetur,
1798 2728 2064 2796 sedquod
2098 2745 2160 2783 ex
2208 2729 2411 2784 virtute

843 2815 1068 2876 geritur.
1118 2811 1306 2867 Virtus
1343 2829 1508 2883 porro
1539 2829 1569 2866 a
1611 2817 1914 2880 voluntate,
1947 2833 2056 2871 non
2080 2833 2146 2870 ex
2166 2817 2410 2872 necessi-

845 2913 955 2958 tate
1007 2906 1206 2958 oritur.
1266 2904 1452 2975 Itaque
1497 2906 1592 2975 qui
1641 2906 1987 2962 conditorem
2035 2909 2138 2962 hoc
2191 2910 2412 2963 nomine

847 2999 1221 3067 reprehendit,
1275 3000 1419 3070 quod
1463 3015 1565 3055 nos
1616 3010 1815 3055 natura
1863 3003 2255 3073 impcccabiles
2307 3021 2414 3058 non

844 3089 1174 3154 mndiderit,
1221 3092 1358 3145 nihil
1408 3095 1556 3149 aliud
1601 3111 1764 3164 quam
1799 3095 2014 3148 brutam
2055 3108 2314 3149 naturam
2365 3101 2415 3150 ei

2511 637 2700 705 πατρὶ,
2730 637 2779 687 τί
2812 639 3102 709 ἐγέννησε;
3134 641 3227 691 καὶ
3256 645 3321 711 τῇ
3357 642 3547 713 μητρὶ,
3571 645 3635 694 Τί
3667 645 3907 709 diti-Ivem;
3957 665 3976 696 ι

2587 837 2605 868 ι
2664 817 2721 869 '0
2749 816 2823 887 μὴ
2848 817 3175 890 ἐνθυμηθεὶς
3211 819 3351 873 κατὰ
3372 820 3466 873 τοῦ
3500 820 3706 891 Κυρίου
3731 823 3970 892 πονηρὲ,
4000 821 4089 873 δο-

2509 907 2738 978 θήσεται
2770 909 2917 978 αὐτῷ
2941 913 3039 980 τῆς
3066 913 3304 976 πίστεως
3345 913 3506 982 χάρις
3537 913 3789 983 ἐκλεκτή.
3843 933 3864 965 ι

2591 1108 2609 1139 ι
2657 1092 2750 1161 Μὴ
2769 1091 2980 1144 δικαιοῦ
3005 1093 3250 1145 ἐναντίον
3284 1093 3510 1165 Κυρίου.
3560 1112 3580 1145 ι

2591 1285 2608 1317 ι
2651 1261 2721 1318 Ὠ
2779 1267 3052 1336 ἄνθρωπε,
3102 1268 3295 1337 μενοῦν
3325 1285 3410 1336 γε,
3466 1272 3531 1324 σὺ
3571 1272 3652 1333 τίς
3686 1265 3738 1324 εἷ
3777 1273 3807 1324 ὀ
3845 1274 4091 1327 ἀνταποο

2515 1359 2832 1428 κρινόμενος
2869 1357 2946 1426 τῷ
2985 1358 3137 1426 Sed);
3191 1360 3282 1429 Μὴ
3329 1363 3444 1432 ἐρεῖ
3480 1361 3540 1413 τὸ
3573 1363 3800 1433 πλάσμα
3842 1364 3924 1432 τῷ
3950 1365 4091 1418 πλε-

2516 1465 2668 1501 σαντί
2691 1464 2702 1474 ·
2752 1449 2815 1499 Τί
2847 1465 2912 1516 με
2940 1448 3202 1516 ἐποίησας
3241 1450 3450 1513 οὖτωςς
3485 1451 3643 1520 ἢούκ
3682 1454 3797 1523 ἔχει
3836 1455 4089 1517 ἐξουσίαν

2512 1539 2541 1590 ὁ
2591 1539 2871 1607 κεραμεὺς
2918 1539 3012 1592 τοῦ
3064 1539 3238 1610 πηλοῦ
3293 1544 3357 1595 ἐκ
3405 1542 3497 1596 τοῦ
3550 1544 3716 1596 αὐτοῦ
3763 1549 4088 1616 φυράματος

2514 1627 2760 1697 ποιῆσαι,
2789 1628 2817 1678 ὃ
2846 1630 2942 1696 μὲν
2965 1631 3044 1692 εἰς
3074 1632 3238 1702 τιμὴν
3271 1634 3484 1696 σκεῦος,
3511 1635 3622 1688 διδὲ
3650 1637 3729 1698 εἰς
3755 1638 4023 1707 ἀτιμίανς
4062 1657 4082 1690 ι

2591 1739 2609 1771 ι
2660 1723 2750 1791 Μὴ
2779 1723 3131 1793 πειράζωμεν
3156 1725 3248 1777 τὸν
3276 1726 3498 1794 Κύριον,
3527 1727 3709 1792 καθώς
3732 1746 3879 1790 τινες
3905 1731 4087 1784 αὐτῶν

2516 1815 2834 1884 ἐπείρασαν,
2859 1816 2952 1868 καὶ
2981 1817 3084 1868 ὑπὸ
3113 1817 3221 1870 τῶν
3253 1818 3428 1887 δφεων
3466 1819 3762 1874 ἀπώλοντο.
3812 1841 3831 1873 ι

2582 1993 2645 2044 Οἱ
2678 1993 2982 2061 τολμῶντες
3021 1995 3140 2066 Θεῷ
3182 1997 3500 2065 ἀντιλέγειν,
3549 1998 3746 2066 φασίν*
3777 2001 3880 2054 Διά
3927 2002 3980 2054 τί
4032 2004 4087 2052 ἐν

2514 2087 2582 2153 τῇ
2632 2089 2940 2155 κατασκευῇ
2989 2087 3051 2138 τὸ
3090 2088 3472 2159 ἀναμάρτητον
3527 2091 3627 2143 οὐκ
3674 2090 3899 2161 ἔχομεν,
3946 2093 4090 2145 ὥστε

2515 2181 2637 2234 οὐδὲ
2660 2181 3000 2251 βουλομένοις
3023 2184 3156 2252 ἡμῖν
3182 2184 3452 2254 ὑπάρχειν
3477 2186 3534 2237 τὸ
3561 2187 3933 2255 ἁμαρτάνεινς
3965 2188 4088 2238 Ὀτι

2517 2274 2613 2326 καὶ
2647 2274 2713 2326 σὺ
2736 2276 2862 2336 τοὺς
2883 2273 3122 2336 οἰκέτας,
3149 2275 3245 2344 οὐχ
3269 2276 3396 2328 ὅταν
3415 2277 3671 2346 δεσμίους
3701 2277 3831 2348 ἔχῃς
3850 2319 3865 2340 ,
3898 2278 4088 2340 εὖνους

2519 2363 2939 2434 ὑπολαμϐάνεις,
2965 2365 3074 2416 ἀλλ’
3103 2367 3230 2418 ὅταν
3264 2367 3378 2438 ἴδῃς
3408 2370 3674 2431 ἑκουσίως
3699 2370 4088 2442 ἀποπληροῦν-

2517 2454 2614 2518 τάς
2649 2471 2730 2508 σοι
2759 2459 2827 2508 τὰ
2854 2456 3188 2525 καθήκοντα.
3225 2459 3333 2511 Καὶ
3371 2459 3491 2529 Θεῷ
3524 2459 3698 2527 φίλον,
3737 2461 3800 2514 οὐ
3832 2461 3895 2514 τὸ
3919 2463 4089 2531 ὴναγο

2517 2549 2808 2616 κασμὲνον,
2835 2548 2972 2600 ἀλλὰ
3004 2549 3066 2601 τὸ
3094 2550 3154 2613 ἐξ
3181 2551 3377 2620 ἀρετῆς
3402 2551 3857 2622 κατορθούμενον.
3895 2554 4091 2623 ’Λρετὴ

2516 2639 2573 2692 δὲ
2627 2641 2692 2693 ἐκ
2741 2640 3133 2711 προαιρέσεως,
3181 2643 3276 2695 καὶ
3308 2644 3409 2696 οὐκ
3456 2644 3702 2715 ἀνάγκης
3748 2644 3985 2710 γίνεται.
4034 2649 4092 2698 ’0

2519 2731 2697 2783 τοίνυν
2747 2733 3090 2801 μεμφόμενος
3143 2734 3237 2786 τὸν
3290 2736 3542 2806 ποιητὴν,
3584 2736 3658 2798 ὡς
3710 2737 3785 2805 μὴ
3841 2737 4094 2805 φυσικῶς

2517 2826 3006 2878 κατασκευάσαντα
3047 2827 3196 2894 ἡμᾶς
3243 2826 3689 2899 ἀναμαρτήτους,
3718 2829 3870 2880 οὐδὲν
3905 2831 4093 2899 ἕτερον

2517 2914 2550 2982 ἢ
2582 2915 2684 2981 τὴν
2719 2915 2916 2982 ἄλογον
2946 2915 3108 2983 φύσιν
3136 2917 3238 2985 τῆς
3281 2917 3506 2986 λογικῆς
3549 2919 3812 2987 προτιμᾷ,
3847 2918 3945 2970 καὶ
3996 2921 4096 2986 τὴν

2520 3005 2775 3074 ἀκίνητον
2817 3005 2909 3057 καὶ
2937 3006 3248 3077 ἁνόρμητον
3273 3007 3376 3076 τῆς
3406 3010 3799 3077 προαιρετικῆς
3847 3010 3945 3060 καὶ
3992 3011 4093 3077 ὲμο

2522 3113 2788 3167 πρακτου.

846 3204 874 3254 σ;
902 3199 964 3238 ia:
1004 3187 1289 3241 rationalis
1328 3196 1411 3241 est
1447 3191 1769 3260 anteponit;
1810 3198 1864 3244 ct
1899 3190 2048 3244 illam
2091 3205 2212 3259 qua:
2261 3190 2414 3244 nullo
2451 3206 2517 3246 ex
2578 3207 2637 3246 se
2691 3200 2840 3245 motu
2885 3193 3081 3255 cietur,
3149 3193 3197 3246 ei
3276 3193 3365 3247 cui
3426 3193 3567 3247 inest
3651 3193 3850 3247 electio
3905 3204 3954 3246 et
4014 3195 4094 3245 vis

847 3279 1067 3344 agendi.

918 3365 1006 3420 Id.
1037 3368 1188 3434 epist.
1223 3369 1310 3421 Η.
1343 3399 1404 3409 —-
1435 3367 1513 3423 Ne
1539 3370 1692 3440 quis,
1725 3370 1911 3435 velim,
1937 3372 2216 3439 corrigere
2243 3370 2412 3423 Deum
2443 3375 2488 3436 ο

846 3466 1037 3519 tentet,
1078 3465 1132 3511 ct
1168 3457 1360 3511 dicat:
1387 3457 1500 3513 lloc
1546 3459 1708 3512 nobis
1735 3463 1960 3512 omnino
2002 3459 2164 3513 debet
2202 3460 2416 3512 contin-

847 3528 994 3616 gere,
1029 3564 1137 3601 non
1179 3560 1361 3602 autem
1411 3551 1568 3604 illud.
1597 3570 1615 3601 ι
1651 3549 1786 3616 Quis
1820 3555 1966 3604 enim
2012 3551 2166 3604 novit
2194 3564 2416 3604 sensum

852 3639 1092 3700 Domini,
1135 3648 1229 3692 aut
1250 3640 1375 3707 quis
1396 3642 1746 3695 consiliarius
1778 3641 1896 3710 ejus
1923 3641 2024 3695 fuit
2047 3641 2071 3692 ἲ
2102 3660 2120 3694 ι
2145 3639 2316 3712 (Rom.
2342 3655 2414 3701 XI,

848 3732 938 3801 δι)
993 3729 1051 3786 1η
1121 3733 1353 3803 caligine
1390 3733 1662 3803 siquidem
1722 3734 1954 3803 iudicat.
2003 3741 2064 3786 ut
2107 3732 2229 3786 ⁴101ιί
2297 3748 2416 3786 ser-

849 3823 1106 3878 monibus
1153 3832 1299 3888 utar,
1334 3833 1388 3877 et
1434 3825 1610 3879 nubes
1661 3825 1952 3880 absconsio
1995 3839 2118 3893 ejus
2163 3832 2269 3883 est,
2318 3839 2420 3877 nec

848 3913 1242 3982 conspicietur.
1277 3914 1573 3984 Explorata
1609 3915 1974 3968 medicamina
2014 3914 2200 3976 habet,
2233 3929 2354 3982 qua:
2389 3928 2418 3965 a

852 4005 984 4056 vitio
1007 4005 1073 4057 ad
1102 4005 1390 4068 virtutem,
1419 4013 1472 4059 et
1495 4007 1562 4059 ab
1585 4006 1937 4076 ignoratione
1955 4006 2021 4060 ad
2047 4007 2418 4076 cognitionem

853 4095 944 4150 Dei
979 4098 1196 4148 animos
1225 4100 1486 4150 excitant.

921 4185 1113 4254 Cyritli
1141 4185 1400 4239 Alexand.
1418 4217 1482 4226 -—
1506 4187 1734 4240 Deinitte
1758 4187 2135 4254 srpercilium,
2155 4203 2187 4239 ο
2209 4187 2374 4240 homo
2402 4204 2416 4239 :

850 4275 1168 4343 repagulum
1215 4284 1268 4327 et
1295 4275 1521 4342 jauuam
1552 4277 1771 4343 impone
1809 4278 2026 4346 linguae.
2065 4277 2148 4328 Ab
2186 4277 2286 4330 hoc
2313 4287 2418 4328 ':'tll

853 4365 1051 4432 frigido
1103 4366 1418 4434 vaniloquio
1479 4367 1888 4434 quamprimum
1963 4367 2218 4420 abscede.
2288 4366 2419 4422 Siue

855 4453 1020 4507 Deum
1050 4466 1102 4507 et
1130 4459 1294 4517 scire,
1320 4465 1373 4508 et
1413 4455 1610 4518 facere,
1635 4472 1757 4525 quae
1786 4457 1964 4526 ipsum
1999 4456 2249 4510 deceant.

893 4586 996 4642 Tit.
1035 4587 1120 4640 Vl.
1149 4617 1214 4628 —-
1251 4588 1323 4641 De
1375 4590 1572 4658 angelis
1594 4608 1621 4670 ,ε
1652 4601 1700 4643 et
1730 4590 1869 4659 quod
1902 4594 2138 4645 admisso
2172 4602 2387 4660 peccato

1479 4669 1785 4725 puniantur.

921 4772 1024 4824 Job
1065 4790 1213 4833 xxvi,
1263 4775 1349 4828 l5.
1388 4803 1458 4814 —-
1499 4793 1516 4825 ι
1562 4777 1841 4845 Praecepto
1899 4777 2178 4831 interfecit
2229 4780 2422 4833 draco-

855 4878 974 4915 tieiu
1005 4872 1330 4932 apostalatn.
1374 4883 1392 4914 ι

926 4951 986 5005 II
1031 4953 1178 5006 Petr.
1229 4971 1287 5017 ιι,
1342 4957 1396 5008 4.
1443 4984 1512 4994 -
1565 4975 1582 5006 ι
1618 4955 1760 5012 Deus
1804 4960 2016 5030 angelis
2061 4963 2420 5030 peccantibus

855 5059 963 5097 non
998 5045 1263 5112 pepercit,
1312 5045 1405 5098 sed
1445 5044 1774 5101 rudentibus
1802 5047 2004 5102 inferni
2047 5049 2329 5106 detractos
2364 5054 2417 5104 in

856 5145 1120 5188 tartarum
1158 5136 1384 5190 tradidit
1428 5139 1782 5202 cruciandos,
1837 5140 1890 5192 in
1921 5142 2191 5210 judicium
2239 5159 2419 5197 reser-

857 5229 993 5281 vari.
1037 5248 1054 5278 ι

931 5318 1090 5373 ,Ιιιάω
1142 5321 1194 5374 6.
1251 5351 1319 5362 --
1394 5340 1412 5372 ι
1471 5323 1706 5392 Angelos
1749 5325 1845 5390 qui
1900 5339 2010 5377 non
2057 5335 2418 5380 servaverunt

862 5427 1020 5464 suum
1059 5414 1448 5482 principatum,
1479 5414 1575 5468 sed
1602 5413 2016 5484 dereliqucrunt
2053 5429 2214 5470 suum
2246 5417 2421 5470 domi-

2590 3367 2815 3436 Μηδεὶς,
2852 3366 3178 3434 παρακαλῶ,
3212 3365 3540 3434 διορθούσθω
3576 3368 3666 3419 τὸν
3699 3368 3930 3437 Κύριον,
3959 3371 4094 3438 μηδὲ

2518 3460 2778 3527 λεγέσθω,
2811 3461 2892 3512 ὅτι
2923 3459 3080 3510 τοῦτο
3111 3460 3241 3527 ἡμῖν
3272 3460 3472 3526 ὡφελεί
3521 3460 3820 3529 συμδῆναι,
3868 3465 3963 3514 καὶ
3996 3465 4094 3514 οὖν

2519 3555 2696 3605 ἐκεῖνο
2725 3552 2960 3612 πάντως.
2997 3569 3015 3600 ι
3059 3551 3154 3612 Τίς
3183 3549 3292 3619 γὰρ
3326 3550 3467 3616 ἔγνω
3495 3551 3622 3602 νοῦν
3662 3553 3910 3620 κυρίους
3943 3554 3973 3621 ἦ
4015 3559 4093 3612 τίς

2521 3641 2826 3710 σὺμδουλος
2871 3640 3034 3692 αὑτοῦ
3071 3640 3324 3705 ὲγένετο;
3363 3661 3380 3690 i
3422 3643 3479 3692 ὲν
3520 3642 3702 3710 γνόφῳ
3753 3643 3861 3712 γὰρ
3898 3647 4091 3712 κρίνει,

2520 3732 2658 3785 κατὰ
2711 3731 2802 3784 τὸν
2843 3730 2984 3794 Ἰὼῦ,
3041 3733 3132 3782 καὶ
3162 3731 3356 3800 νεφέλη
3403 3732 3698 3803 αποκρυφὴ
3751 3734 3946 3792 αὐτοῦ,
4005 3740 4091 3786 καῖ

2520 3825 2616 3891 οὐχ
2643 3823 2993 3892 ὁραθήσεςαι.
3043 3820 3198 3875 Εἷδεν
3236 3823 3304 3874 τὰ
3338 3824 3446 3875 ἀπο
3491 3823 3689 3884 κακίας
3737 3824 3832 3876 ἐπὶ
3871 3826 4093 3893 ἁρετηί,

2521 3916 2615 3968 καὶ
2644 3915 2751 3967 ἀπὸ
2775 3915 3049 3981 ἀγνωσίας
3079 3915 3156 3977 εἰς
3187 3914 3482 3980 ἐπίγνωσιν
3509 3911 3646 3966 Θεοῦ
3672 3916 4092 3983 προτρεπόμενοι

2521 4007 2808 4076 φάρμακα.

2661 4201 2862 4262 Κάθες,
2891 4201 3162 4272 ἄνθρωπε.
3185 4202 3284 4270 τὴν
3317 4203 3496 4273 ὁρμήν
3516 4221 3531 4234 ο
3559 4203 3747 4266 ἐπίθες
3780 4208 3848 4274 τῇ
3885 4205 4094 4278 γλώττῃ

2525 4293 2719 4363 μοχλῖιν
2753 4292 2846 4342 καὶ
2875 4290 3061 4358 θύραν,
3096 4291 3446 4360 ἁποπήδησον
3473 4291 3572 4357 τῆς
3595 4290 3737 4344 οὕτω
3769 4293 3988 4362 ψυχρᾶς
4018 4299 4093 4345 εξ-

2520 4382 2845 4451 καιομυθέας
2901 4383 3080 4449 Ilipa;
3130 4383 3222 4434 ἐπὶ
3268 4382 3448 4435 πάντα
3496 4381 3614 4450 Θεῷ
3643 4382 3704 4435 τὸ
3753 4384 3849 4434 καὶ
3903 4384 4093 4438 εἰδέναι

2522 4473 2615 4524 καὶ
2639 4471 2774 4541 δρᾷν
2803 4471 2946 4540 ἅπερ
2981 4471 3046 4523 ἂν
3076 4471 3222 4540 αὑτῷ
3248 4472 3468 4542 πρέπει.

2520 4605 2669 4658 Τίτλ.
2737 4604 2830 4672 (τ.
2886 4634 2964 4681 _-—
3017 4605 3151 4681 Περὶ
3205 4605 3654 4681 ἀγγέλωνί-ὅτι
3700 4611 3802 4663 καὶ
3857 4612 4092 4681 ἄτη-εισι

2864 4675 3319 4743 ἀμαρτήσαντες
3368 4677 3737 4737 κολάζονται.

2599 4806 2617 4837 ι
2694 4788 3084 4857 Προστὰγματι
3155 4787 3462 4842 ἐθανάτωσε
3518 4789 3788 4860 δράκοντα
3856 4796 4093 4848 ἀποστὰ-

2521 4894 2638 4947 την.
2703 4897 2720 4927 ι

2601 4987 2618 5018 ι
2679 4969 2736 5022 Ὀ
2786 4969 2916 5031 Θεὸς
2973 4969 3404 5040 αμαρτησάντων
3459 4972 3557 5023 οὐκ
3610 4972 3905 5038 ἐφείσατοο
3967 4975 4089 5026 di)‘:

2523 5063 2735 5129 σειραῖς
2787 5060 2950 5128 ζόφου
3008 5061 3386 5132 ταρταρώσας,
3426 5064 3742 5132 παρέδωκεν
3788 5070 3870 5126 εἰς
3921 5067 4090 5134 κρίσι,

2529 5149 2918 5218 κολαζομένους
2957 5150 3257 5218 τηρεῖσθαι.
3311 5169 3328 5198 ι

2605 5344 2622 5376 ι
2685 5327 2973 5392 Ἀγγέλους
3006 5328 3128 5385 τοὺς
3158 5327 3232 5395 μὴ
3258 5328 3603 5396 τηρήσαντας
3630 5331 3729 5398 τὴν
3757 5332 3966 5384 ἑαυτῶν
3997 5335 4086 5400 ip-

2531 5417 2652 5486 χὴν,
2688 5415 2823 5468 ἀλλὰ
2852 5415 3216 5478 ἀπολιπόντας
3254 5415 3313 5468 τὸ
3340 5417 3468 5469 ἴδιον
3492 5419 3837 5490 οἰκητήριον,
3868 5425 3948 5486 εἰς
3982 5425 4081 5492 κρί-

2116 5605 2352 5660 VAlll/E
2396 5607 2798 5665 LECTIONES.

945 5719 970 5752 δ
996 5715 1116 5798 ιιςικο
1150 5733 1432 5798 perperuu
1471 5722 1522 5772 in
1557 5719 1928 5798 Rup._d_i_citur
1964 5732 2187 5798 accepta
2215 5736 2279 5774 ex
2326 5723 2418 5776 lih.
2448 5739 2576 5778 xvm
2621 5724 2821 5780 Contra
2841 5725 3218 5789 Juliau.,cum
3255 5727 3489 5798 Cyrillus
3525 5725 3714 5782 decem
3757 5728 3931 5788 libros
3955 5732 4079 5785 dun-

798 5786 800 5789 ’
862 5791 1035 5847 taxat,
1080 5803 1186 5840 non
1221 5791 1441 5856 pluics,.
1467 5786 1658 5844 contra
1688 5790 1965 5844 Julianuin
1989 5786 2237 5846 ediderit.
