4218 6446
226 426 359 487 Ῑιᾘῗ

1554 424 1791 484 SACRA
1832 425 2279 486 PARALLELA

3333 429 3467 495 1058

224 553 305 588 σιν
330 534 568 606 μεγάλης
612 536 823 606 ἡμέρας
855 535 1071 602 δεσμοῖς
1102 534 1338 595 αἰωνίοις
1379 534 1473 585 Σιττδ
1504 535 1667 601 ζόφον
1697 552 1784 587 τε·

1891 532 2097 595 cilium.
2147 533 2203 585 in
2248 530 2519 599 judicium
2574 535 2753 603 magni
2799 533 2906 590 diei
2954 534 3191 593 vinculis
3240 546 3467 600 aeternis

219 645 481 695 trprysv.
534 648 550 677 ι

293 646 481 696 ρηγεν.
534 648 550 677 ι

299 717 553 785 Ἄγγελοι
590 716 782 778 πάντες
835 715 1024 783 ὥσπερ
1078 714 1472 785 προσηγορίας,
1508 715 1651 769 οὓτω
1697 719 1790 772 καὶ

223 809 437 877 φύσεως
468 812 687 870 πάντως
722 811 819 876 τῆς
853 809 1022 876 αὐτῆς
1056 808 1399 875 τυγχάνουσι.

292 902 601 971 Φανοτάτης
639 899 801 968 οὔσης
836 899 1023 961 οὐσίας
1069 900 1177 953 τῶν
1212 899 1482 967 ἀγγέλων,
1517 901 1717 969 μᾶλλον
1738 901 1793 953 δὲ

223 993 495 1063 οὐρανίου,
524 994 623 1045 οὐκ
649 994 1088 1059 ἀποτεταγμένην
1117 990 1175 1042 ἓν
1202 988 1362 1055 εἶδος,
1390 993 1423 1061 ἦ
1472 992 1567 1060 μία
1610 994 1793 1062 μορφὴ

225 1090 353 1158 ⁸τρὶ
386 1090 520 1141 α’·’Ξι
560 1087 848 1152 copia":
938 1088 998 1137 οὐ
1031 1089 1137 1154 γὰρ
1166 1086 1398 1154 σκληραὶ
1447 1088 1539 1139 καὶ
1577 1086 1792 1140 ἀντίτυ-

224 1195 315 1232 ποι
350 1182 535 1247 φύκις
570 1179 834 1248 σωμά-ων
863 1178 995 1229 εἰσί)

293 1361 401 1416 Ἦν
426 1363 493 1415 :5.
524 1363 688 1433 σκέλη
718 1360 897 1414 αὐτῶν
934 1360 1091 1429 ὀρθὰ,
1121 1364 1215 1414 καὶ
1248 1362 1515 1431 πτερωτοὶ
1545 1363 1593 1414 οἱ
1638 1362 1795 1424 πόδες

222 1456 422 1520 αὐτῶν,
446 1460 474 1508 6
509 1457 681 1524 μέγας
726 1454 982 1523 Ίεζεκιὴ).
1016 1455 1141 1524 περὶ
1165 1454 1271 1504 τῶν
1293 1453 1543 1520 ἀγγέλων
1576 1454 1759 1521 ἔλεγεν
1780 1471 1793 1484 ·

222 1551 358 1621 ὅπερ
389 1550 535 1618 δηλοῖ
566 1548 629 1600 τὸ
676 1547 890 1607 mue;
918 1546 1017 1613 τῆς
1052 1562 1086 1611 γ
1101 1545 1300 1613 ιώμης,
1335 1545 1430 1596 καὶ
1461 1544 1521 1595 τὸ
1558 1544 1688 1613 τ-ρὺς
1729 1544 1796 1596 τά

223 1645 471 1711 νοήματα
516 1640 614 1708 τῆς
662 1638 877 1707 φύσεως
927 1638 1143 1703 ἑκλιης
1210 1634 1550 1703 ὀξυκίνητον.

293 1731 555 1801 Τιμῶμεν
587 1728 875 1796 ἀγγέλους,
922 1728 980 1778 οὐ
1034 1726 1121 1778 διὰ
1163 1726 1262 1794 τὴν
1308 1725 1487 1792 φύσιν,
1538 1725 1669 1777 am
1709 1725 1797 1776 διὰ

220 1823 322 1893 τὴν
361 1824 580 1893 ἀρετήν’
616 1822 708 1874 καὶ
737 1821 997 1887 δαίμονας
1047 1817 1402 1887 άτιμάζομεν,
1440 1818 1527 1869 διὰ
1577 1820 1674 1885 τὴν
1706 1819 1794 1866 ἐν·

221 1916 576 1986 υπάρχουσαν
616 1911 795 1965 αὐτῶν
829 1910 1048 1963 κακία-δ.

292 2002 669 2073 Πνευματικαὶ
702 2000 810 2054 τῶν
847 2001 1094 2067 ἀγγέλων
1132 1998 1310 2051 οὐσίαι
1331 2013 1344 2027 ο
1393 1997 1708 2061 εἰκάζονται
1738 1996 1796 2048 δὲ

220 2093 484 2155 πολλάκις
514 2091 815 2162 ἀνθρώπων
859 2091 1055 2152 ἰδέαις,
1093 2089 1231 2160 πρὸς
1278 2089 1374 2151 τὰ,
1430 2089 1797 2157 ὑποκειμένας

219 2184 411 2254 χρείας
450 2179 802 2253 μεταμορφού
812 2196 985 2250 μενοι.

219 2317 405 2373 ΤΙΤΛ.
430 2315 738 2384 Ζ’.-Περὶ
763 2314 1054 2383 ἀγγέλων·
1083 2314 1169 2367 ὅτι
1197 2312 1489 2381 ἀγγέλους
1520 2311 1798 2378 φύλακας

612 2388 756 2454 ἠμέν
788 2385 1133 2452 ἐπέστησεν
1167 2385 1198 2435 ὀ
1245 2386 1406 2446 Θεός.

299 2515 318 2547 t
360 2496 488 2548 Ἰδοὺ
515 2494 626 2562 ἐγὼ
651 2493 963 2548 ﬁmo-61M)
984 2494 1076 2545 τὸν
1102 2492 1329 2561 ἄγγελόν
1370 2510 1470 2561 μου
1498 2491 1603 2563 πρὸ
1630 2508 1798 2563 προσ-

216 2588 372 2643 ώπου
405 2604 519 2650 σου,
546 2587 633 2638 ἵνα
670 2585 882 2657 φυλάξῃ
918 2602 977 2637 σε
1008 2587 1065 2637 ἐν
1092 2588 1158 2655 τῇ
1197 2584 1319 2654 ὁδῷ,
1355 2586 1501 2646 ὅπως
1527 2584 1795 2654 εἰσαγάγῃ

218 2696 285 2734 σε
305 2682 386 2743 εἰς
412 2679 510 2749 τὴν
535 2677 639 2747 γῆν
669 2678 735 2746 ἣν
761 2676 1025 2745 έτοίμασά
1050 2691 1153 2729 σοι.
1183 2676 1422 2745 Πρόσεχε
1450 2674 1683 2744 σεαυτῷ,
1702 2674 1797 2726 καὶ

217 2773 475 2826 είσάκουε
507 2769 693 2831 αὐτοῦ,
725 2769 821 2821 καὶ
862 2768 937 2837 μὴ
968 2768 1239 2839 ἀπειθήσῃ
1272 2767 1420 2835 αὑτῷ
1444 2784 1457 2797 ·
1490 2768 1551 2820 οὐ
1584 2766 1692 2837 γὰρ
1722 2766 1796 2836 μὴ

216 2861 599 2918 ὑποστελεὴαί
624 2876 707 2914 σε.
742 2858 814 2912 Τὸ
844 2859 952 2931 γὰρ
986 2859 1159 2929 ὄνομά
1193 2858 1293 2929 μού
1321 2860 1465 2911 ἐστιν
1487 2860 1544 2912 ἐν
1577 2859 1743 2928 αὐτῷ.
1772 2878 1791 2909 ι

296 3060 315 3093 ι
355 3041 625 3110 Ἐστησεν
676 3040 799 3111 ὅρια
848 3039 1016 3092 ἐθνῶν
1074 3039 1216 3093 κατὰ
1268 3039 1502 3108 ἀριθμὸν
1551 3039 1798 3108 ἀγγέλων

213 3134 374 3188 θεοῦ.
415 3152 433 3184 ι

297 3244 317 3277 ι
377 3225 572 3294 Ὁρᾶτε
617 3224 692 3293 μὴ
746 3224 1199 3294 καταφρονήσητε
1251 3225 1363 3287 ἑνὸς
1419 3225 1529 3278 τῶν
1584 3245 1621 3295 μ
1650 3245 1682 3278 κ
1729 3227 1795 3279 ’ν

1970 3217 2145 3271 Matth
2220 3236 2389 3285 sviti.
2458 3223 2545 3277 lD.

212 3318 425 3371 τούτων
446 3333 459 3344 ·
494 3316 636 3383 λέγω
663 3315 773 3384 γὰρ
802 3316 954 3383 ὑμῖν,
985 3316 1067 3366 ὅτι
1098 3316 1148 3366 οἱ
1172 3316 1394 3381 ἄγγελοι
1421 3316 1600 3368 αὐτῶν
1628 3320 1684 3369 ὲν
1706 3318 1796 3370 οὐ-

216 3409 407 3481 ρανοῖς
442 3404 700 3475 βλέπουσι
721 3404 784 3457 τὸ
810 3405 1098 3476 πρόσωπον
1135 3405 1229 3457 τοῦ
1257 3405 1465 3475 Πατρός
1495 3425 1596 3476 μου
1622 3407 1717 3460 τοῦ
1739 3411 1797 3460 έν

212 3499 489 3568 οὐρανοῖς.
539 3518 556 3549 ι

295 3591 508 3657 Ὠσπερ
545 3588 927 3656 παιδαγωγούς
959 3606 1107 3652 τινας
1140 3589 1173 3658 ἢ
1214 3591 1569 3660 παιδονόμους
1613 3593 1795 3645 ὲπιτεο

215 3678 532 3748 ταγμένους
578 3679 690 3740 τοῖς
740 3678 1047 3746 ἀνθρώποις
1100 3679 1226 3740 τοὺς
1265 3680 1529 3749 ἀγγέλους
1580 3682 1735 3745 είδὼς
1766 3685 1795 3735 ό

233 3769 586 3834 ’Δπόστολος,
608 3770 687 3831 είς
721 3769 1029 3839 μαρτυρίαν
1058 3769 1303 3823 ἐκάλεσε.

293 3949 435 4010 Τοὺς
469 3947 565 4016 μὲν
594 3945 784 4013 ἁγίους
805 3948 1132 4015 φωταγωγοὶ
1163 3948 1523 4017 φυλάττουσιν
1549 3950 1792 4017 ἄγγελοι,

216 4040 349 4102 τοὺς
374 4040 431 4093 δὲ
458 4037 693 4107 φαύλους
721 4039 1006 4093 σκοτεινοί.

294 4129 529 4191 Πλοῦτος
582 4128 840 4197 γνώσεως
892 4130 987 4182 καὶ
1032 4130 1223 4198 σοφίας
1274 4132 1630 4202 προστίθησιν
1663 4137 1794 4203 ἡμῖν

215 4220 491 4289 ἀγγέλους
522 4220 752 4283 πολλούς
772 4234 788 4250 ⁶
818 4223 846 4274 ὁ
872 4221 929 4274 δὲ
970 4222 1276 4292 ἀκάθαρτος
1321 4224 1414 4275 καὶ
1453 4223 1559 4275 ἀπὸ
1587 4224 1677 4277 τοῦ
1705 4226 1791 4278 δο-

215 4315 407 4376 θέντος
446 4311 594 4382 αὐτῷ
644 4316 706 4365 ὲκ
745 4313 931 4376 παιδὸς
960 4312 1192 4381 ἀγγέλου
1237 4313 1547 4385 χωρίζεται.
1586 4315 1649 4368 Ἦ
1685 4316 1793 4387 γὰρ

216 4403 567 4473 πνευματικὴ
605 4403 755 4470 φιλία
787 4403 933 4458 ἔστιν
962 4405 1132 4475 ἀρετὴ
1160 4408 1255 4458 καὶ
1296 4408 1497 4475 γνῶσις
1539 4408 1696 4474 Θεοῦ,
1726 4408 1791 4461 δι’

215 4488 292 4547 ὧν
326 4493 711 4562 συναπτόμεθα
737 4495 875 4564 πρὸς
904 4497 1091 4562 φιλίαν
1123 4501 1244 4559 ταῖς
1277 4498 1460 4565 άγίαις
1479 4500 1790 4571 δυνάμεσιν,

213 4583 273 4635 εί
308 4598 374 4634 γε
409 4583 458 4634 οἱ
498 4582 884 4651 μετανοοῦντες
920 4582 1195 4653 ἄνθρωποι
1222 4587 1396 4654 χαρᾶς
1425 4588 1585 4640 αἴτιοι
1615 4589 1791 4657 γίνον-

214 4691 311 4727 ται
342 4675 457 4734 τοῖς
485 4672 761 4739 ἀγγέλοις.

216 4896 407 4949 ΤΙΤΛ.
443 4896 521 4947 H'.
540 4923 610 4935 —
628 4897 766 4964 Περὶ
796 4897 905 4965 τῆς
926 4898 1033 4951 τοῦ
1054 4898 1368 4975 ὰνᾷρὼπου
1391 4900 1670 4966 πλάσεως
1696 4901 1791 4954 καὶ

810 4982 1211 5035 κατασκευης.

301 5095 319 5126 ι
381 5076 665 5147 Ἐποίησεν
708 5079 737 5130 6
786 5076 918 5141 Θεὸς
970 5080 1059 5131 τὸν
1109 5079 1416 5149 ἄνθρωπον
1459 5084 1575 5135 κατ’
1613 5085 1796 5138 είκόνα

213 5167 357 5221 Θεοῦ
391 5170 645 5237 ἐποίησεν
677 5169 871 5223 αὐτόν·
906 5170 1075 5241 ἄρσεν
1124 5173 1217 5225 καὶ
1258 5172 1391 5243 θηλυ
1422 5176 1674 5247 εποίησεν
1700 5179 1796 5229 αὺ-

213 5259 373 5321 τούς.
414 5279 431 5310 s

297 5370 315 5400 ι
362 5349 631 5402 Ἔπλασεν
660 5352 688 5404 6
710 5350 841 5415 Θεὸς
867 5352 958 5406 τὸν
986 5353 1294 5423 ἄνθρωπον,
1327 5357 1504 5412 λαόὼν
1536 5360 1663 5428 χοῦν
1690 5362 1795 5414 άπὸ

212 5442 318 5509 τῆς
346 5440 473 5509 γῆς,
536 5444 627 5495 καὶ
681 5444 1013 5515 ἐνεφύσησεν
1068 5450 1147 5511 είς
1191 5448 1252 5501 τὸ
1299 5451 1589 5521 πρόσωπον
1632 5452 1793 5507 αὑτοῦ

213 5528 392 5596 πνοὴν
416 5526 579 5600 ζωῆς,
606 5534 703 5584 καὶ
732 5534 952 5600 ἐγένετο
972 5536 1255 5605 ἅνθρωπος
1285 5541 1361 5599 εἰς
1388 5528 1564 5609 ψυχὴν
1590 5542 1791 5604 ζῶσαν,

227 5621 533 5674 Ἐπέϐαλεν
588 5626 615 5675 ό
653 5624 783 5687 Θεὸς
837 5626 1094 5680 ἔκστασιν
1150 5631 1241 5682 ἐπὶ
1290 5632 1379 5682 τὶν
1451 5633 1655 5701 ’Λδάμ”
1701 5636 1795 5687 καὶ

213 5714 493 5778 ὕπνωσεν,
540 5716 631 5767 καὶ
685 5716 875 5768 ἐλαϐεν
908 5720 1035 5787 μίαν
1076 5723 1139 5771 ἐκ
1183 5722 1429 5792 πλευρῶν
1469 5724 1652 5787 αὑτοῦ,
1703 5727 1795 5777 καὶ

212 5804 567 5875 ὲνεττλήρωσε
602 5809 779 5877 σάρκα
808 5810 922 5862 ἀντ’
962 5812 1151 5880 αὐτῆς,
1187 5817 1279 5866 καὶ
1314 5817 1655 5886 ιξ>κοδόμησεν
1695 5820 1795 5870 alim

542 5902 820 5964 ΡΛτιιοι.
866 5906 980 5966 GR.
1032 5909 1211 5969 XCV.

1896 620 2002 675 sub
2030 622 2272 690 caligine
2301 622 2626 678 reservavit.
2676 642 2694 675 ι

1969 711 2200 781 Didymi.
2229 743 2296 753 —-
2323 715 2512 784 Angeli
2558 730 2773 781 omnes,
2816 724 2876 769 ut
2908 734 3103 775 nomen
3157 738 3348 789 unum.
3389 727 3469 781 sic.

1897 819 2059 857 unam
2093 821 2315 875 quoque
2348 808 2576 861 omnino
2607 817 2860 862 naturam
2890 810 3112 867 habent.

1962 892 2098 947 Cum
2131 896 2605 965 splendidissima,
2638 898 2743 956 vel.
2776 905 2834 951 ut
2857 908 2993 953 recti
3021 916 3064 955 IS
3104 902 3317 972 loquar.
3355 890 3440 962 ca:

1898 983 2053 1041 lestis
2097 986 2424 1054 angelorum
2482 997 2675 1041 natuta
2725 995 2818 1049 sit.
2871 1006 2976 1044 non
3016 1005 3165 1047 celtu
3220 1002 3469 1065 quaedam

1896 1080 2127 1145 species,
2157 1086 2249 1129 alit
2279 1093 2383 1129 una
2413 1080 2715 1147 eademque
2748 1081 2925 1135 forma
2950 1084 3003 1136 in
3034 1085 3141 1140 illis
3176 1100 3468 1156 reperitur.

1898 1166 1974 1219 Ill.
1999 1169 2108 1219 nim
2139 1167 2287 1222 dtu-te
2313 1186 2374 1222 ac
2405 1171 2707 1225 renitentes
2739 1181 2949 1228 natm-:8
2973 1180 3301 1245 corporibus
3337 1196 3473 1235 con-

1899 1256 2143 1310 veniunt.

1969 1346 2107 1401 Nili.
2143 1379 2209 1388 —-
2242 1350 2410 1404 Erant
2436 1367 2598 1405 crura
2632 1368 2827 1408 eorum
2862 1364 3037 1421 recta.
3068 1366 3121 1411 et
3143 1362 3273 1416 alati
3308 1365 3473 1434 pedes

1897 1452 2110 1498 eorum.
2145 1442 2326 1493 aiebat
2365 1442 2614 1496 Ezechiel
2657 1445 2725 1498 de
2760 1447 2995 1515 angelis.
3034 1447 3246 1514 Quibus
3289 1458 3473 1511 verbis

1898 1528 2251 1584 inﬂexibilem
2283 1533 2572 1586 sententia:
2624 1538 2997 1591 constantiam
3036 1539 3268 1606 iudicat.
3313 1554 3475 1601 natu-

1901 1634 2082 1685 ra'qne
2108 1619 2257 1671 illius
2298 1618 2351 1672 in
2389 1619 2749 1691 intelligendo
2781 1626 3145 1685 celeritatem.

1977 1710 2211 1778 Evagrii.
2248 1739 2315 1752 -—
2343 1714 2586 1781 Angelos
2639 1716 3003 1783 honoramus,
3049 1737 3156 1791 non
3205 1726 3277 1778 ob
3311 1739 3481 1795 natu-

1902 1818 2040 1861 ιἰιιιι,
2099 1803 2193 1855 sed
2233 1804 2303 1857 oh
2352 1804 2616 1858 virtutem
2654 1825 2667 1861 :
2705 1816 2760 1863 et
2803 1808 3085 1867 dtemones
3129 1819 3479 1875 contumeliis

1831 1887 1871 1938 B
1898 1896 2299 1964 pct‘st'tlnilntll‘,
2327 1907 2559 1965 propter
2585 1900 2907 1967 nequitiam,
2936 1920 3058 1971 quze
3084 1906 3137 1959 in
3165 1908 3301 1974 ipsis
3335 1918 3440 1963 est.

1968 1985 2130 2054 309
2162 1985 2423 2041 Philonis.
2445 2017 2512 2026 —
2528 1989 2863 2059 Angelorum
2882 1996 3134 2049 essentia:
3160 1999 3475 2067 spiritunles

1899 2084 2028 2129 sunt
2070 2093 2081 2128 :
2120 2075 2327 2131 formas
2365 2092 2492 2133 vero
2524 2076 2848 2149 frequenter
2878 2083 3147 2140 humanus
3195 2089 3477 2155 exhibent,

1897 2168 2065 2221 certis
2112 2168 2181 2222 de
2208 2170 2394 2223 causis
2430 2168 2484 2223 in
2529 2171 2761 2225 alienam
2800 2177 3035 2244 speciem
3071 2180 3473 2235 U‘ﬂllSiUl‘niaii.

1900 2302 2037 2356 TIT.
2084 2302 2191 2357 VII.
2220 2334 2280 2347 -
2320 2305 2396 2360 De
2446 2307 2645 2382 angelis
2683 2322 2701 2359 :
2731 2310 2866 2382 qttod
2906 2308 3043 2382 Dens
3086 2317 3299 2382 angelos
3331 2318 3481 2369 nobis

2389 2378 2633 2431 custodes
2663 2378 2981 2447 prwfecerit.

1969 2483 2144 2541 Exod.
2180 2501 2335 2550 mu.
2360 2487 2453 2551 20.
2487 2488 2579 2542 2|.
2635 2520 2700 2530 —-
2758 2508 2776 2540 ι
2812 2490 2951 2545 Ecce
2985 2507 3087 2561 ego
3129 2494 3288 2549 mitto
3322 2510 3485 2567 ange-

1901 2576 2010 2630 lum
2044 2593 2224 2631 metnn
2254 2586 2382 2631 ante
2428 2577 2623 2633 faciem
2683 2588 2858 2643 tuam.
2908 2589 2967 2634 ut
3002 2585 3281 2639 custodiat
3329 2596 3381 2642 te
3428 2589 3484 2641 in

1897 2670 2008 2731 via.
2044 2678 2101 2722 ut
2160 2669 2474 2724 introducat
2510 2679 2564 2726 te
2606 2656 2911 2726 interram
2963 2688 3129 2744 quam
3184 2691 3485 2749 praeparati

1898 2761 2019 2813 tibi.
2068 2760 2310 2815 Attende
2349 2763 2449 2815 tibi
2504 2763 2642 2833 ipsi.
2696 2774 2750 2820 et
2787 2765 2914 2819 audi
2958 2782 3148 2822 vocem
3183 2770 3326 2838 ejus.
3376 2770 3488 2828 Nec

1898 2854 2364 2907 contemnendum
2398 2865 2586 2924 putes;
2623 2859 2750 2926 quia
2795 2873 2905 2914 non
2939 2860 3229 2917 subtrahet
3259 2871 3330 2919 te.
3380 2863 3488 2919 No-

1901 2960 2021 2999 men
2054 2948 2198 3000 enim
2232 2963 2407 3001 meum
2444 2957 2528 3003 est
2556 2952 2611 3003 in
2644 2951 2759 3006 illo.
2790 2970 2811 3004 ι

1971 3035 2128 3089 Deut.
2168 3054 2341 3103 sxxn,
2380 3039 2433 3093 8.
2465 3069 2535 3079 -
2568 3060 2586 3093 ι
2620 3042 2919 3100 Constituit
2950 3048 3217 3105 terminos
3255 3051 3487 3122 populo-

1898 3142 2019 3181 rum
2050 3129 2352 3184 secundum
2377 3145 2661 3185 numerum
2684 3135 3005 3202 angelorum
3032 3136 3144 3192 Dei.
3181 3156 3202 3191 ι

2691 3242 2709 3275 ‹
2748 3222 2942 3281 Videte
2992 3243 3060 3283 ne
3115 3222 3489 3289 contemnatis

1898 3325 2068 3364 unum
2098 3325 2161 3364 ex
2204 3311 2291 3366 his
2321 3314 2562 3381 pusillis.
2594 3315 2727 3371 Dico
2752 3318 2898 3371 enim
2932 3320 3111 3385 vobis.
3134 3324 3282 3391 quod
3308 3328 3487 3398 angeli

1898 3416 2089 3455 eorum
2140 3402 2191 3455 in
2233 3406 2391 3460 eoelis
2425 3421 2645 3477 semper
2686 3408 2873 3464 vident
2931 3410 3126 3468 faciem
3161 3415 3345 3472 Patris
3376 3422 3483 3472 ιιιιιι

1898 3492 1988 3559 qui
2024 3491 2077 3545 in
2108 3494 2265 3547 caelis
2288 3503 2394 3548 est.
2429 3515 2448 3547 ι

1968 3584 2141 3637 Basil.
2173 3584 2265 3639 lib.
2304 3584 2379 3640 Do
2423 3604 2528 3655 sp.,
2579 3603 2704 3658 cap.
2737 3592 2821 3645 15.
2850 3622 2921 3633 -
2948 3593 3221 3659 Quoniam
3252 3601 3485 3669 Aposto-

1897 3672 1981 3727 lus
2004 3682 2346 3742 perspectum
2380 3677 2607 3731 habebat
2632 3682 2857 3748 angelos
2879 3682 3192 3741 hominibus
3222 3697 3479 3764 tanquam

1895 3767 2218 3833 pzedagogos
2242 3767 2507 3835 quosdam
2533 3778 2585 3823 et
2612 3770 2937 3829 educatores
2964 3793 3089 3833 esse
3119 3782 3477 3844 constitutos.

1896 3856 2103 3910 idcirco
2142 3858 2442 3911 testimonii
2485 3875 2653 3915 causa
2694 3878 2788 3918 eos
2814 3868 3050 3922 vocavit.

1972 3941 2200 4010 Didymi.
2235 3976 2301 3985 --
2327 3944 2489 3999 Probi
2537 3956 2591 4000 et
2634 3953 2810 4004 sancti
2842 3953 2946 4007 viri
2986 3956 3202 4014 lucidos
3250 3964 3477 4031 angelos

1897 4035 2157 4090 custodes
2184 4038 2422 4092 habent:
2463 4040 2589 4093 mali
2630 4052 2810 4096 autem
2846 4047 3190 4104 tenebrosos.

1967 4125 2159 4195 Eragr.
2206 4129 2260 4179 in
2307 4127 2467 4182 Prov.
2499 4160 2564 4171 -ρ
2601 4129 2857 4187 Scientite
2908 4147 2961 4190 et
3017 4142 3301 4208 sapientiae
3344 4160 3474 4213 Opes

1897 4217 2097 4270 HHIilOS
2136 4218 2293 4272 nobis
2333 4219 2557 4288 angelos
2589 4230 2758 4277 testes
2793 4225 3121 4297 adiungunt.
3164 4231 3233 4285 At
3262 4233 3344 4287 \ir
3374 4236 3475 4288 iut-

1896 4322 2090 4377 purus,
2125 4310 2193 4362 ab
2218 4312 2413 4378 angelo
2435 4313 2526 4380 qui
2567 4314 2667 4381 ipsi
2702 4330 2729 4366 a
2766 4331 2933 4384 puero
2958 4319 3117 4375 datus
3137 4325 3475 4394 est.disjun-

1896 4400 2061 4469 gitur.
2096 4402 2305 4455 l-‘teniin
2341 4408 2647 4473 spnritnnlis
2695 4413 2933 4466 amicitia
2969 4415 3021 4467 in
3057 4419 3258 4483 virtute
3289 4431 3343 4475 et
3379 4439 3470 4473 ro-

1898 4492 2138 4559 gnitionc
2169 4493 2260 4546 Dei
2292 4497 2549 4550 consistit
2580 4517 2593 4551 :
2646 4515 2874 4568 quarum
2907 4519 3070 4575 opera
3114 4525 3236 4562 cum
3270 4515 3474 4569 sanctis

1895 4585 2104 4654 angelis
2135 4587 2391 4643 amicitia:
2420 4605 2560 4644 nexu
2602 4593 2947 4661 copulamur.
2982 4597 3263 4669 Siquidem
3301 4604 3476 4659 homi-

1895 4693 2013 4737 nes.
2047 4694 2185 4747 quos
2214 4682 2482 4736 scelerum
2523 4689 2776 4753 poenitet,
2813 4689 3017 4746 laetitiae
3045 4708 3233 4749 ansam
3267 4700 3475 4768 angelis

1895 4769 2335 4826 subministrant.

1896 4904 2009 4957 Tl'l‘
2068 4903 2178 4959 Vlll
2221 4936 2293 4948 --
2311 4908 2383 4963 De
2411 4910 2638 4967 hominis
2658 4916 3076 4984 conformatione
3100 4931 3151 4975 et
3181 4933 3473 4982 structura.

1966 5088 2096 5143 Gen.
2121 5106 2159 5155 ι,
2194 5090 2282 5145 27.
2306 5123 2377 5134 -
2414 5113 2431 5146 ι
2468 5096 2688 5150 Creavit
2716 5098 2857 5154 Deus
2882 5102 3161 5159 hominem
3197 5127 3209 5163 :
3244 5111 3309 5164 ad
3345 5113 3479 5164 ium-

1897 5183 2076 5251 ginem
2105 5181 2198 5238 Dei
2239 5182 2368 5242 fecit
2397 5187 2590 5248 illum:
2624 5192 2928 5250 masculum
2960 5203 3015 5249 et
3049 5197 3310 5255 feminam
3350 5202 3480 5260 fecit

1896 5285 2009 5323 ιιοε.
2043 5289 2059 5320 ι

1966 5363 2094 5416 (Jan.
2122 5380 2180 5427 ιι,
2214 5366 2244 5417 7
2282 5381 2457 5438 seqq..
2489 5398 2555 5409 —
2584 5390 2601 5422 ι
2633 5372 2696 5425 Et
2729 5371 2984 5431 formavit
3016 5376 3159 5435 Deus
3185 5381 3477 5453 hominem,

1897 5466 2123 5522 accepto
2160 5457 2289 5511 limo
2320 5459 2388 5514 de
2424 5468 2593 5527 terra,
2624 5472 2680 5516 et
2722 5465 3013 5536 inspiravit
3048 5470 3102 5524 in
3138 5472 3329 5529 faciem
3364 5478 3481 5547 ejus

1896 5547 2234 5613 spiraculum
2274 5551 2397 5605 vita:
2432 5570 2444 5581 ·
2478 5561 2531 5605 et
2588 5556 2767 5612 factus
2809 5568 2893 5612 est
2937 5561 3102 5616 homo
3154 5567 3207 5618 in
3243 5571 3477 5625 animam

1897 5646 2189 5692 viventem.
2217 5641 2450 5694 Immisit
2485 5640 2628 5697 Deus
2650 5650 2911 5702 exstasim
2944 5651 2998 5705 in
3029 5654 3196 5707 Adam
3226 5674 3241 5709 :
3270 5666 3321 5709 et
3352 5676 3477 5714 cum

1896 5726 2284 5793 obdormisset.
2307 5736 2523 5803 accepit
2546 5752 2708 5790 unam
2741 5740 2807 5794 de
2837 5743 3009 5808 costis
3038 5745 3180 5813 ejus,
3216 5760 3263 5801 et
3298 5753 3477 5820 reple-

1897 5819 1972 5873 vit
1997 5835 2218 5877 carnem
2253 5838 2352 5893 pro
2387 5841 2474 5881 ea.
2521 5828 2582 5883 Et
2620 5830 2911 5889 aedificavit
2956 5834 3220 5894 Dominus
3265 5819 3474 5899 costam

3057 5928 3119 5991 35
