  <div class='ocr_page' id='page_1' title='image "/cluster/home/n/w/nwhite01/storage/ocr_20150623/95/nnc1.0046979816/556.png"; bbox 0 0 4218 6446; ppageno 0'>
   <div class='ocr_carea' id='block_1_1' title="bbox 249 420 383 487">
    <p class='ocr_par' dir='ltr' id='par_1_1' title="bbox 249 420 383 487">
     <span class='ocr_line' id='line_1_1' title="bbox 249 420 383 487; baseline 0.007 -3"><span class='ocrx_word' id='word_1_1' title='bbox 249 420 383 487; x_wconf 78' lang='grc'><strong>1101</strong></span> 
     </span>
    </p>
   </div>
   <div class='ocr_carea' id='block_1_2' title="bbox 1582 422 2336 485">
    <p class='ocr_par' dir='ltr' id='par_1_2' title="bbox 1582 422 2336 485">
     <span class='ocr_line' id='line_1_2' title="bbox 1582 422 2336 485; baseline 0 -1"><span class='ocrx_word' id='word_1_2' title='bbox 1582 424 1824 485; x_wconf 83' lang='lat' dir='ltr'><strong>SACRA</strong></span> <span class='ocrx_word' id='word_1_3' title='bbox 1864 422 2307 485; x_wconf 77' lang='lat' dir='ltr'><strong>PARALLELA</strong></span> <span class='ocrx_word' id='word_1_4' title='bbox 2322 465 2336 484; x_wconf 91' lang='lat'><strong>.</strong></span> 
     </span>
    </p>
   </div>
   <div class='ocr_carea' id='block_1_3' title="bbox 3371 414 3505 478">
    <p class='ocr_par' dir='ltr' id='par_1_3' title="bbox 3371 414 3505 478">
     <span class='ocr_line' id='line_1_3' title="bbox 3371 414 3505 478; baseline -0.007 0"><span class='ocrx_word' id='word_1_5' title='bbox 3371 414 3505 478; x_wconf 70' lang='grc'><strong>1102</strong></span> 
     </span>
    </p>
   </div>
   <div class='ocr_carea' id='block_1_4' title="bbox 241 530 1792 613">
    <p class='ocr_par' dir='ltr' id='par_1_4' title="bbox 241 539 1792 613">
     <span class='ocr_line' id='line_1_4' title="bbox 241 539 1792 613; baseline -0.003 -17"><span class='ocrx_word' id='word_1_6' title='bbox 241 545 333 596; x_wconf 73' lang='grc' dir='ltr'>ἐπὶ</span> <span class='ocrx_word' id='word_1_7' title='bbox 366 544 478 605; x_wconf 78' lang='grc' dir='ltr'>τοῖς</span> <span class='ocrx_word' id='word_1_8' title='bbox 507 541 688 613; x_wconf 69' lang='grc' dir='ltr'>ἔργοις</span> <span class='ocrx_word' id='word_1_9' title='bbox 730 539 898 596; x_wconf 80' lang='grc' dir='ltr'>αὐτοῦ</span> <span class='ocrx_word' id='word_1_10' title='bbox 936 541 1253 611; x_wconf 82' lang='grc' dir='ltr'>ἀγάλλεται.</span> <span class='ocrx_word' id='word_1_11' title='bbox 1284 540 1506 613; x_wconf 80' lang='grc' dir='ltr'>Τῷγὰρ</span> <span class='ocrx_word' id='word_1_12' title='bbox 1534 554 1792 612; x_wconf 85' lang='grc' dir='ltr'>παμμεγε</span> 
     </span>
    </p>
   </div>
   <div class='ocr_carea' id='block_1_5' title="bbox 1895 530 3500 613">
    <p class='ocr_par' dir='ltr' id='par_1_5' title="bbox 1922 530 3500 606">
     <span class='ocr_line' id='line_1_5' title="bbox 1922 530 3500 606; baseline -0.007 -12"><span class='ocrx_word' id='word_1_13' title='bbox 1922 548 1978 595; x_wconf 87' lang='grc' dir='ltr'><strong>ει</strong></span> <span class='ocrx_word' id='word_1_14' title='bbox 2017 538 2283 593; x_wconf 87' lang='lat' dir='ltr'><strong>Dominus</strong></span> <span class='ocrx_word' id='word_1_15' title='bbox 2312 538 2581 603; x_wconf 84' lang='lat' dir='ltr'><strong>omnium,</strong></span> <span class='ocrx_word' id='word_1_16' title='bbox 2634 536 2689 590; x_wconf 92' lang='lat' dir='ltr'><strong>in</strong></span> <span class='ocrx_word' id='word_1_17' title='bbox 2734 533 2996 606; x_wconf 86' lang='lat' dir='ltr'><strong>operibus</strong></span> <span class='ocrx_word' id='word_1_18' title='bbox 3026 532 3352 588; x_wconf 74' lang='lat' dir='ltr'><strong>delectatur.</strong></span> <span class='ocrx_word' id='word_1_19' title='bbox 3405 530 3500 584; x_wconf 76' lang='lat' dir='ltr'><strong>Et-</strong></span> 
     </span>
    </p>
   </div>
   <div class='ocr_carea' id='block_1_6' title="bbox 243 630 1823 703">
    <p class='ocr_par' dir='ltr' id='par_1_6' title="bbox 243 630 1823 703">
     <span class='ocr_line' id='line_1_6' title="bbox 243 630 1823 703; baseline 0 -20"><span class='ocrx_word' id='word_1_20' title='bbox 243 634 425 701; x_wconf 85' lang='grc' dir='ltr'>στάτῳ</span> <span class='ocrx_word' id='word_1_21' title='bbox 446 632 611 685; x_wconf 83' lang='grc' dir='ltr'>αὐτου</span> <span class='ocrx_word' id='word_1_22' title='bbox 638 633 826 701; x_wconf 74' lang='grc' dir='ltr'>κράτει</span> <span class='ocrx_word' id='word_1_23' title='bbox 853 632 1116 703; x_wconf 76' lang='grc' dir='ltr'>οὐρανοὺς</span> <span class='ocrx_word' id='word_1_24' title='bbox 1140 632 1441 703; x_wconf 56' lang='grc' dir='ltr'>ἐστήριξεν,</span> <span class='ocrx_word' id='word_1_25' title='bbox 1475 630 1566 684; x_wconf 73' lang='grc' dir='ltr'><strong>καὶ</strong></span> <span class='ocrx_word' id='word_1_26' title='bbox 1596 634 1661 701; x_wconf 83' lang='grc' dir='ltr'>τῇ</span> <span class='ocrx_word' id='word_1_27' title='bbox 1688 632 1823 684; x_wconf 83' lang='grc' dir='ltr'>ἀκα-</span> 
     </span>
    </p>
   </div>
   <div class='ocr_carea' id='block_1_7' title="bbox 240 725 1822 796">
    <p class='ocr_par' dir='ltr' id='par_1_7' title="bbox 240 725 1822 796">
     <span class='ocr_line' id='line_1_7' title="bbox 240 725 1822 796; baseline 0.001 -19"><span class='ocrx_word' id='word_1_28' title='bbox 240 727 503 796; x_wconf 80' lang='grc' dir='ltr'>ταλήπτῳ</span> <span class='ocrx_word' id='word_1_29' title='bbox 530 726 695 779; x_wconf 80' lang='grc' dir='ltr'>αὑτοῦ</span> <span class='ocrx_word' id='word_1_30' title='bbox 736 727 948 779; x_wconf 82' lang='grc' dir='ltr'><strong>συνέσει</strong></span> <span class='ocrx_word' id='word_1_31' title='bbox 972 727 1334 796; x_wconf 76' lang='grc' dir='ltr'><strong>διεκόσμησεν</strong></span> <span class='ocrx_word' id='word_1_32' title='bbox 1374 726 1585 794; x_wconf 73' lang='grc' dir='ltr'>αὐτούςί</span> <span class='ocrx_word' id='word_1_33' title='bbox 1633 730 1736 795; x_wconf 82' lang='grc' dir='ltr'><strong>γῆν</strong></span> <span class='ocrx_word' id='word_1_34' title='bbox 1765 725 1822 778; x_wconf 71' lang='grc' dir='ltr'>δὶ</span> 
     </span>
    </p>
   </div>
   <div class='ocr_carea' id='block_1_8' title="bbox 242 803 1821 888">
    <p class='ocr_par' dir='ltr' id='par_1_8' title="bbox 242 803 1821 888">
     <span class='ocr_line' id='line_1_8' title="bbox 242 803 1821 888; baseline 0.001 -21"><span class='ocrx_word' id='word_1_35' title='bbox 242 816 509 888; x_wconf 80' lang='grc' dir='ltr'><strong>ἐχώρισεν</strong></span> <span class='ocrx_word' id='word_1_36' title='bbox 547 816 657 870; x_wconf 85' lang='grc' dir='ltr'><strong>ἀπὸ</strong></span> <span class='ocrx_word' id='word_1_37' title='bbox 714 817 807 871; x_wconf 87' lang='grc' dir='ltr'>τοῦ</span> <span class='ocrx_word' id='word_1_38' title='bbox 848 818 1196 888; x_wconf 77' lang='grc' dir='ltr'><strong>περιέχοντος</strong></span> <span class='ocrx_word' id='word_1_39' title='bbox 1248 803 1420 887; x_wconf 65' lang='grc' dir='ltr'>αὐτὴν</span> <span class='ocrx_word' id='word_1_40' title='bbox 1455 816 1668 882; x_wconf 76' lang='grc' dir='ltr'>ὓδατος,</span> <span class='ocrx_word' id='word_1_41' title='bbox 1726 819 1821 871; x_wconf 75' lang='grc' dir='ltr'><strong>καί¹</strong></span> 
     </span>
    </p>
   </div>
   <div class='ocr_carea' id='block_1_9' title="bbox 238 905 1820 977">
    <p class='ocr_par' dir='ltr' id='par_1_9' title="bbox 238 905 1820 977">
     <span class='ocr_line' id='line_1_9' title="bbox 238 905 1820 977; baseline 0.001 -20"><span class='ocrx_word' id='word_1_42' title='bbox 238 906 474 976; x_wconf 79' lang='grc' dir='ltr'>ἦδρασεν</span> <span class='ocrx_word' id='word_1_43' title='bbox 513 907 605 959; x_wconf 74' lang='grc' dir='ltr'><strong>ἐπὶ</strong></span> <span class='ocrx_word' id='word_1_44' title='bbox 639 905 733 959; x_wconf 90' lang='grc' dir='ltr'><strong>τὸν</strong></span> <span class='ocrx_word' id='word_1_45' title='bbox 776 907 998 976; x_wconf 81' lang='grc' dir='ltr'><strong>ἀσφαλῆ</strong></span> <span class='ocrx_word' id='word_1_46' title='bbox 1028 906 1124 960; x_wconf 85' lang='grc' dir='ltr'>τοῦ</span> <span class='ocrx_word' id='word_1_47' title='bbox 1162 907 1293 961; x_wconf 90' lang='grc' dir='ltr'>ἰδίου</span> <span class='ocrx_word' id='word_1_48' title='bbox 1325 907 1628 977; x_wconf 84' lang='grc' dir='ltr'>θελήματος</span> <span class='ocrx_word' id='word_1_49' title='bbox 1656 905 1820 976; x_wconf 85' lang='grc' dir='ltr'>θεμέ-</span> 
     </span>
    </p>
   </div>
   <div class='ocr_carea' id='block_1_10' title="bbox 240 996 1815 1068">
    <p class='ocr_par' dir='ltr' id='par_1_10' title="bbox 240 996 1815 1068">
     <span class='ocr_line' id='line_1_10' title="bbox 240 996 1815 1068; baseline 0.001 -20"><span class='ocrx_word' id='word_1_50' title='bbox 240 997 377 1050; x_wconf 79' lang='grc' dir='ltr'>λιον.</span> <span class='ocrx_word' id='word_1_51' title='bbox 422 997 546 1049; x_wconf 78' lang='grc' dir='ltr'><strong>Ἐπὶ</strong></span> <span class='ocrx_word' id='word_1_52' title='bbox 575 996 785 1061; x_wconf 85' lang='grc' dir='ltr'><strong>τούτοις</strong></span> <span class='ocrx_word' id='word_1_53' title='bbox 831 998 923 1051; x_wconf 85' lang='grc' dir='ltr'><strong>τὸν</strong></span> <span class='ocrx_word' id='word_1_54' title='bbox 973 997 1307 1067; x_wconf 75' lang='grc' dir='ltr'>ὲξοχώτατον</span> <span class='ocrx_word' id='word_1_55' title='bbox 1341 997 1437 1050; x_wconf 76' lang='grc' dir='ltr'>καὶ</span> <span class='ocrx_word' id='word_1_56' title='bbox 1484 996 1815 1068; x_wconf 82' lang='grc' dir='ltr'><strong>παμμεγέθη</strong></span> 
     </span>
    </p>
   </div>
   <div class='ocr_carea' id='block_1_11' title="bbox 237 1088 1808 1159">
    <p class='ocr_par' dir='ltr' id='par_1_11' title="bbox 237 1088 1808 1159">
     <span class='ocr_line' id='line_1_11' title="bbox 237 1088 1808 1159; baseline -0.001 -18"><span class='ocrx_word' id='word_1_57' title='bbox 237 1088 525 1159; x_wconf 80' lang='grc' dir='ltr'>ἄνθρωπον</span> <span class='ocrx_word' id='word_1_58' title='bbox 577 1092 698 1149; x_wconf 81' lang='grc' dir='ltr'>ταῖς</span> <span class='ocrx_word' id='word_1_59' title='bbox 748 1088 907 1151; x_wconf 84' lang='grc' dir='ltr'><strong>ἰδίαις</strong></span> <span class='ocrx_word' id='word_1_60' title='bbox 962 1089 1127 1143; x_wconf 78' lang='grc' dir='ltr'>αὐτοῦ</span> <span class='ocrx_word' id='word_1_61' title='bbox 1178 1089 1274 1142; x_wconf 74' lang='grc' dir='ltr'>καὶ</span> <span class='ocrx_word' id='word_1_62' title='bbox 1312 1088 1569 1159; x_wconf 85' lang='grc' dir='ltr'>ἀμώμοις</span> <span class='ocrx_word' id='word_1_63' title='bbox 1626 1088 1808 1159; x_wconf 69' lang='grc' dir='ltr'>χερσὶι</span> 
     </span>
    </p>
   </div>
   <div class='ocr_carea' id='block_1_12' title="bbox 238 1178 1814 1252">
    <p class='ocr_par' dir='ltr' id='par_1_12' title="bbox 238 1178 1814 1252">
     <span class='ocr_line' id='line_1_12' title="bbox 238 1178 1814 1252; baseline 0.002 -23"><span class='ocrx_word' id='word_1_64' title='bbox 238 1178 497 1238; x_wconf 75' lang='grc' dir='ltr'>ἔπλασεν,</span> <span class='ocrx_word' id='word_1_65' title='bbox 528 1179 628 1250; x_wconf 85' lang='grc' dir='ltr'>τῆς</span> <span class='ocrx_word' id='word_1_66' title='bbox 656 1179 850 1233; x_wconf 79' lang='grc' dir='ltr'>ἑαυτοῦ</span> <span class='ocrx_word' id='word_1_67' title='bbox 876 1180 1084 1243; x_wconf 87' lang='grc' dir='ltr'>εἰκόνος</span> <span class='ocrx_word' id='word_1_68' title='bbox 1114 1181 1457 1251; x_wconf 80' lang='grc' dir='ltr'><strong>χαρακτῆρα.</strong></span> <span class='ocrx_word' id='word_1_69' title='bbox 1491 1180 1677 1244; x_wconf 79' lang='grc' dir='ltr'>Οὕτως</span> <span class='ocrx_word' id='word_1_70' title='bbox 1705 1179 1814 1252; x_wconf 86' lang='grc' dir='ltr'><strong>γάρ</strong></span> 
     </span>
    </p>
   </div>
   <div class='ocr_carea' id='block_1_13' title="bbox 236 1267 1813 1339">
    <p class='ocr_par' dir='ltr' id='par_1_13' title="bbox 236 1267 1813 1339">
     <span class='ocr_line' id='line_1_13' title="bbox 236 1267 1813 1339; baseline 0.003 -20"><span class='ocrx_word' id='word_1_71' title='bbox 236 1284 404 1338; x_wconf 85' lang='grc' dir='ltr'>φησιν</span> <span class='ocrx_word' id='word_1_72' title='bbox 436 1267 616 1331; x_wconf 86' lang='grc' dir='ltr'>ὁΘεός</span> <span class='ocrx_word' id='word_1_73' title='bbox 638 1285 651 1298; x_wconf 78' lang='grc'><strong>⁸</strong></span> <span class='ocrx_word' id='word_1_74' title='bbox 688 1285 708 1320; x_wconf 79' lang='grc' dir='ltr'><strong>ι</strong></span> <span class='ocrx_word' id='word_1_75' title='bbox 766 1270 1091 1339; x_wconf 78' lang='grc' dir='ltr'>Ποιήσωμεν</span> <span class='ocrx_word' id='word_1_76' title='bbox 1130 1268 1417 1339; x_wconf 82' lang='grc' dir='ltr'>ἄνθρωπον</span> <span class='ocrx_word' id='word_1_77' title='bbox 1453 1272 1576 1321; x_wconf 88' lang='grc' dir='ltr'>κατ’</span> <span class='ocrx_word' id='word_1_78' title='bbox 1630 1269 1813 1323; x_wconf 81' lang='grc' dir='ltr'>εἰκόνα</span> 
     </span>
    </p>
   </div>
   <div class='ocr_carea' id='block_1_14' title="bbox 234 1356 1812 1428">
    <p class='ocr_par' dir='ltr' id='par_1_14' title="bbox 234 1356 1812 1428">
     <span class='ocr_line' id='line_1_14' title="bbox 234 1356 1812 1428; baseline 0.004 -21"><span class='ocrx_word' id='word_1_79' title='bbox 234 1356 530 1426; x_wconf 81' lang='grc' dir='ltr'>ἡμετέραν,</span> <span class='ocrx_word' id='word_1_80' title='bbox 574 1357 667 1409; x_wconf 76' lang='grc' dir='ltr'><strong>καὶ</strong></span> <span class='ocrx_word' id='word_1_81' title='bbox 699 1356 821 1410; x_wconf 85' lang='grc' dir='ltr'>καθ’</span> <span class='ocrx_word' id='word_1_82' title='bbox 844 1357 1144 1428; x_wconf 85' lang='grc' dir='ltr'>ὁμοίωσιν.-</span> <span class='ocrx_word' id='word_1_83' title='bbox 1173 1358 1284 1411; x_wconf 80' lang='grc' dir='ltr'>Καὶ</span> <span class='ocrx_word' id='word_1_84' title='bbox 1322 1358 1582 1428; x_wconf 77' lang='grc' dir='ltr'>ἐποίησεν</span> <span class='ocrx_word' id='word_1_85' title='bbox 1623 1361 1651 1412; x_wconf 94' lang='lat'><strong>6</strong></span> <span class='ocrx_word' id='word_1_86' title='bbox 1681 1359 1812 1423; x_wconf 83' lang='grc' dir='ltr'><strong>Θεὸς</strong></span> 
     </span>
    </p>
   </div>
   <div class='ocr_carea' id='block_1_15' title="bbox 231 1447 1804 1521">
    <p class='ocr_par' dir='ltr' id='par_1_15' title="bbox 231 1447 1804 1521">
     <span class='ocr_line' id='line_1_15' title="bbox 231 1447 1804 1521; baseline 0.003 -22"><span class='ocrx_word' id='word_1_87' title='bbox 231 1447 325 1499; x_wconf 84' lang='grc' dir='ltr'><strong>τὸν</strong></span> <span class='ocrx_word' id='word_1_88' title='bbox 377 1448 683 1520; x_wconf 79' lang='grc' dir='ltr'>ἄνθρωπον,</span> <span class='ocrx_word' id='word_1_89' title='bbox 739 1448 906 1521; x_wconf 81' lang='grc' dir='ltr'>ἄρσεν</span> <span class='ocrx_word' id='word_1_90' title='bbox 948 1450 1041 1503; x_wconf 66' lang='grc' dir='ltr'><strong>καί⁹</strong></span> <span class='ocrx_word' id='word_1_91' title='bbox 1073 1450 1207 1518; x_wconf 83' lang='grc' dir='ltr'>θῆλυ</span> <span class='ocrx_word' id='word_1_92' title='bbox 1246 1450 1502 1521; x_wconf 78' lang='grc' dir='ltr'>ἐποίησεν</span> <span class='ocrx_word' id='word_1_93' title='bbox 1533 1452 1749 1515; x_wconf 84' lang='grc' dir='ltr'>αὐτούς.</span> <span class='ocrx_word' id='word_1_94' title='bbox 1786 1471 1804 1503; x_wconf 72' lang='grc' dir='ltr'><strong>ι</strong></span> 
     </span>
    </p>
   </div>
   <div class='ocr_carea' id='block_1_16' title="bbox 231 1532 1811 1612">
    <p class='ocr_par' dir='ltr' id='par_1_16' title="bbox 231 1532 1811 1612">
     <span class='ocr_line' id='line_1_16' title="bbox 231 1532 1811 1612; baseline 0.007 -27"><span class='ocrx_word' id='word_1_95' title='bbox 231 1534 422 1589; x_wconf 82' lang='grc' dir='ltr'>Ταῦτα</span> <span class='ocrx_word' id='word_1_96' title='bbox 447 1532 537 1589; x_wconf 80' lang='grc' dir='ltr'><strong>οὖν</strong></span> <span class='ocrx_word' id='word_1_97' title='bbox 558 1538 738 1591; x_wconf 85' lang='grc' dir='ltr'>πάντα</span> <span class='ocrx_word' id='word_1_98' title='bbox 765 1537 1077 1603; x_wconf 80' lang='grc' dir='ltr'>τελειώσας,</span> <span class='ocrx_word' id='word_1_99' title='bbox 1118 1539 1374 1610; x_wconf 76' lang='grc' dir='ltr'>ἐποίησεν</span> <span class='ocrx_word' id='word_1_100' title='bbox 1398 1541 1557 1607; x_wconf 84' lang='grc' dir='ltr'>αὐτὰ,</span> <span class='ocrx_word' id='word_1_101' title='bbox 1585 1543 1680 1596; x_wconf 77' lang='grc' dir='ltr'>καὶ</span> <span class='ocrx_word' id='word_1_102' title='bbox 1711 1543 1811 1612; x_wconf 85' lang='grc' dir='ltr'>ηὐ-</span> 
     </span>
    </p>
   </div>
   <div class='ocr_carea' id='block_1_17' title="bbox 230 1624 1767 1701">
    <p class='ocr_par' dir='ltr' id='par_1_17' title="bbox 230 1624 1767 1701">
     <span class='ocr_line' id='line_1_17' title="bbox 230 1624 1767 1701; baseline 0.005 -24"><span class='ocrx_word' id='word_1_103' title='bbox 230 1625 453 1697; x_wconf 82' lang='grc' dir='ltr'>λόγησε,</span> <span class='ocrx_word' id='word_1_104' title='bbox 489 1628 582 1681; x_wconf 77' lang='grc' dir='ltr'><strong>καί⁵</strong></span> <span class='ocrx_word' id='word_1_105' title='bbox 611 1624 765 1683; x_wconf 74' lang='grc' dir='ltr'>εἷπεν</span> <span class='ocrx_word' id='word_1_106' title='bbox 791 1648 805 1661; x_wconf 72' lang='grc' dir='ltr'><strong>ο</strong></span> <span class='ocrx_word' id='word_1_107' title='bbox 842 1649 861 1681; x_wconf 78' lang='grc' dir='ltr'><strong>ι</strong></span> <span class='ocrx_word' id='word_1_108' title='bbox 890 1629 1196 1697; x_wconf 80' lang='grc' dir='ltr'>Αὑξάνεσθε</span> <span class='ocrx_word' id='word_1_109' title='bbox 1224 1631 1319 1685; x_wconf 73' lang='grc' dir='ltr'>καὶ</span> <span class='ocrx_word' id='word_1_110' title='bbox 1347 1632 1706 1701; x_wconf 86' lang='grc' dir='ltr'>πληθύνεσθε.</span> <span class='ocrx_word' id='word_1_111' title='bbox 1749 1653 1767 1685; x_wconf 78' lang='grc' dir='ltr'><strong>ι</strong></span> 
     </span>
    </p>
   </div>
   <div class='ocr_carea' id='block_1_18' title="bbox 301 1719 1807 1794">
    <p class='ocr_par' dir='ltr' id='par_1_18' title="bbox 301 1719 1807 1794">
     <span class='ocr_line' id='line_1_18' title="bbox 301 1719 1807 1794; baseline 0.003 -23"><span class='ocrx_word' id='word_1_112' title='bbox 301 1719 401 1782; x_wconf 89' lang='grc' dir='ltr'>Τίς</span> <span class='ocrx_word' id='word_1_113' title='bbox 427 1721 627 1773; x_wconf 80' lang='grc' dir='ltr'>ὀστέων</span> <span class='ocrx_word' id='word_1_114' title='bbox 647 1719 878 1791; x_wconf 71' lang='grc' dir='ltr'>ἐξῆπται</span> <span class='ocrx_word' id='word_1_115' title='bbox 897 1721 1135 1791; x_wconf 79' lang='grc' dir='ltr'>άτηκτον</span> <span class='ocrx_word' id='word_1_116' title='bbox 1154 1722 1374 1789; x_wconf 83' lang='grc' dir='ltr'>οὐσίαν;</span> <span class='ocrx_word' id='word_1_117' title='bbox 1398 1722 1479 1786; x_wconf 87' lang='grc' dir='ltr'><strong>τίς</strong></span> <span class='ocrx_word' id='word_1_118' title='bbox 1501 1723 1557 1777; x_wconf 87' lang='grc' dir='ltr'>δὲ</span> <span class='ocrx_word' id='word_1_119' title='bbox 1584 1724 1807 1794; x_wconf 80' lang='grc' dir='ltr'>συνέδη·</span> 
     </span>
    </p>
   </div>
   <div class='ocr_carea' id='block_1_19' title="bbox 230 1812 1806 1886">
    <p class='ocr_par' dir='ltr' id='par_1_19' title="bbox 230 1812 1806 1886">
     <span class='ocr_line' id='line_1_19' title="bbox 230 1812 1806 1886; baseline 0.004 -23"><span class='ocrx_word' id='word_1_120' title='bbox 230 1827 324 1863; x_wconf 90' lang='grc' dir='ltr'><strong>σεν</strong></span> <span class='ocrx_word' id='word_1_121' title='bbox 352 1812 718 1866; x_wconf 78' lang='grc' dir='ltr'>ἐπιτείνεσθαι</span> <span class='ocrx_word' id='word_1_122' title='bbox 749 1814 983 1883; x_wconf 85' lang='grc' dir='ltr'>νεύροις,</span> <span class='ocrx_word' id='word_1_123' title='bbox 1019 1814 1113 1868; x_wconf 79' lang='grc' dir='ltr'><strong>καὶ</strong></span> <span class='ocrx_word' id='word_1_124' title='bbox 1140 1814 1387 1868; x_wconf 86' lang='grc' dir='ltr'>ἀνίεσθαι</span> <span class='ocrx_word' id='word_1_125' title='bbox 1420 1816 1548 1885; x_wconf 76' lang='grc' dir='ltr'>περὶ</span> <span class='ocrx_word' id='word_1_126' title='bbox 1574 1814 1675 1878; x_wconf 85' lang='grc' dir='ltr'>τὰς</span> <span class='ocrx_word' id='word_1_127' title='bbox 1705 1816 1806 1886; x_wconf 87' lang='grc' dir='ltr'>άρ-</span> 
     </span>
    </p>
   </div>
   <div class='ocr_carea' id='block_1_20' title="bbox 1921 623 3501 702">
    <p class='ocr_par' dir='ltr' id='par_1_20' title="bbox 1921 623 3501 702">
     <span class='ocr_line' id='line_1_20' title="bbox 1921 623 3501 702; baseline -0.006 -16"><span class='ocrx_word' id='word_1_128' title='bbox 1921 634 2064 687; x_wconf 85' lang='lat' dir='ltr'><strong>enim</strong></span> <span class='ocrx_word' id='word_1_129' title='bbox 2118 631 2505 702; x_wconf 82' lang='lat' dir='ltr'><strong>ingentissimo</strong></span> <span class='ocrx_word' id='word_1_130' title='bbox 2551 629 2748 683; x_wconf 85' lang='lat' dir='ltr'><strong>robore</strong></span> <span class='ocrx_word' id='word_1_131' title='bbox 2801 644 2903 685; x_wconf 91' lang='lat' dir='ltr'><strong>suo</strong></span> <span class='ocrx_word' id='word_1_132' title='bbox 2951 627 3122 682; x_wconf 78' lang='lat' dir='ltr'><strong>cmlos</strong></span> <span class='ocrx_word' id='word_1_133' title='bbox 3174 623 3407 690; x_wconf 89' lang='lat' dir='ltr'><strong>fulcivit,</strong></span> <span class='ocrx_word' id='word_1_134' title='bbox 3447 632 3501 676; x_wconf 80' lang='lat' dir='ltr'><strong>ct</strong></span> 
     </span>
    </p>
   </div>
   <div class='ocr_carea' id='block_1_21' title="bbox 1922 719 3499 794">
    <p class='ocr_par' dir='ltr' id='par_1_21' title="bbox 1922 719 3499 794">
     <span class='ocr_line' id='line_1_21' title="bbox 1922 719 3499 794; baseline -0.005 -15"><span class='ocrx_word' id='word_1_135' title='bbox 1922 722 2463 794; x_wconf 71' lang='lat' dir='ltr'><strong>ineomprehcnsibuli</strong></span> <span class='ocrx_word' id='word_1_136' title='bbox 2495 722 2771 777; x_wconf 86' lang='lat' dir='ltr'><strong>industria</strong></span> <span class='ocrx_word' id='word_1_137' title='bbox 2823 735 2921 776; x_wconf 85' lang='lat' dir='ltr'><strong>sua</strong></span> <span class='ocrx_word' id='word_1_138' title='bbox 2969 719 3188 775; x_wconf 90' lang='lat' dir='ltr'><strong>ornavit</strong></span> <span class='ocrx_word' id='word_1_139' title='bbox 3237 734 3253 774; x_wconf 87' lang='lat'><strong>:</strong></span> <span class='ocrx_word' id='word_1_140' title='bbox 3295 725 3499 773; x_wconf 89' lang='lat' dir='ltr'><strong>terram</strong></span> 
     </span>
    </p>
   </div>
   <div class='ocr_carea' id='block_1_22' title="bbox 1917 811 3502 882">
    <p class='ocr_par' dir='ltr' id='par_1_22' title="bbox 1917 811 3502 882">
     <span class='ocr_line' id='line_1_22' title="bbox 1917 811 3502 882; baseline -0.006 -12"><span class='ocrx_word' id='word_1_141' title='bbox 1917 825 2099 870; x_wconf 83' lang='lat' dir='ltr'><strong>autem</strong></span> <span class='ocrx_word' id='word_1_142' title='bbox 2136 813 2389 868; x_wconf 70' lang='lat' dir='ltr'><strong>distinxit</strong></span> <span class='ocrx_word' id='word_1_143' title='bbox 2434 813 2503 867; x_wconf 87' lang='lat' dir='ltr'><strong>ab</strong></span> <span class='ocrx_word' id='word_1_144' title='bbox 2543 827 2686 882; x_wconf 88' lang='lat' dir='ltr'><strong>aqua</strong></span> <span class='ocrx_word' id='word_1_145' title='bbox 2735 827 2856 866; x_wconf 89' lang='lat' dir='ltr'><strong>eam</strong></span> <span class='ocrx_word' id='word_1_146' title='bbox 2904 811 3201 872; x_wconf 87' lang='lat' dir='ltr'><strong>ambiente,</strong></span> <span class='ocrx_word' id='word_1_147' title='bbox 3233 818 3289 865; x_wconf 90' lang='lat' dir='ltr'><strong>et</strong></span> <span class='ocrx_word' id='word_1_148' title='bbox 3337 824 3502 879; x_wconf 83' lang='lat' dir='ltr'><strong>super</strong></span> 
     </span>
    </p>
   </div>
   <div class='ocr_carea' id='block_1_23' title="bbox 1918 898 3500 971">
    <p class='ocr_par' dir='ltr' id='par_1_23' title="bbox 1918 898 3500 971">
     <span class='ocr_line' id='line_1_23' title="bbox 1918 898 3500 971; baseline -0.006 -11"><span class='ocrx_word' id='word_1_149' title='bbox 1918 912 2037 961; x_wconf 91' lang='lat' dir='ltr'><strong>tuto</strong></span> <span class='ocrx_word' id='word_1_150' title='bbox 2067 906 2368 971; x_wconf 85' lang='lat' dir='ltr'><strong>voluntatis</strong></span> <span class='ocrx_word' id='word_1_151' title='bbox 2397 919 2514 959; x_wconf 82' lang='lat' dir='ltr'><strong>suae</strong></span> <span class='ocrx_word' id='word_1_152' title='bbox 2564 903 2923 957; x_wconf 81' lang='lat' dir='ltr'><strong>fundamento</strong></span> <span class='ocrx_word' id='word_1_153' title='bbox 2962 901 3251 957; x_wconf 75' lang='lat' dir='ltr'><strong>stabilivit.</strong></span> <span class='ocrx_word' id='word_1_154' title='bbox 3294 898 3500 953; x_wconf 71' lang='lat' dir='ltr'><strong>Deinde</strong></span> 
     </span>
    </p>
   </div>
   <div class='ocr_carea' id='block_1_24' title="bbox 1918 990 3497 1065">
    <p class='ocr_par' dir='ltr' id='par_1_24' title="bbox 1918 990 3497 1065">
     <span class='ocr_line' id='line_1_24' title="bbox 1918 990 3497 1065; baseline -0.008 -13"><span class='ocrx_word' id='word_1_155' title='bbox 1918 996 2437 1052; x_wconf 80' lang='lat' dir='ltr'><strong>excellentissimum</strong></span> <span class='ocrx_word' id='word_1_156' title='bbox 2469 1002 2524 1049; x_wconf 89' lang='lat' dir='ltr'><strong>et</strong></span> <span class='ocrx_word' id='word_1_157' title='bbox 2578 994 2897 1065; x_wconf 79' lang='lat' dir='ltr'><strong>praecelsum</strong></span> <span class='ocrx_word' id='word_1_158' title='bbox 2948 1007 3177 1063; x_wconf 86' lang='lat' dir='ltr'><strong>prorsus</strong></span> <span class='ocrx_word' id='word_1_159' title='bbox 3223 990 3497 1045; x_wconf 83' lang='lat' dir='ltr'><strong>hominem</strong></span> 
     </span>
    </p>
   </div>
   <div class='ocr_carea' id='block_1_25' title="bbox 1918 1080 3497 1154">
    <p class='ocr_par' dir='ltr' id='par_1_25' title="bbox 1918 1080 3497 1154">
     <span class='ocr_line' id='line_1_25' title="bbox 1918 1080 3497 1154; baseline -0.006 -10"><span class='ocrx_word' id='word_1_160' title='bbox 1918 1090 2151 1144; x_wconf 89' lang='lat' dir='ltr'><strong>suismet</strong></span> <span class='ocrx_word' id='word_1_161' title='bbox 2175 1087 2549 1142; x_wconf 87' lang='lat' dir='ltr'><strong>immaculatis</strong></span> <span class='ocrx_word' id='word_1_162' title='bbox 2591 1084 2850 1140; x_wconf 88' lang='lat' dir='ltr'><strong>manibus</strong></span> <span class='ocrx_word' id='word_1_163' title='bbox 2898 1085 3076 1151; x_wconf 80' lang='lat' dir='ltr'><strong>tinxit,</strong></span> <span class='ocrx_word' id='word_1_164' title='bbox 3114 1083 3210 1154; x_wconf 91' lang='lat' dir='ltr'><strong>qui</strong></span> <span class='ocrx_word' id='word_1_165' title='bbox 3240 1080 3497 1153; x_wconf 74' lang='lat' dir='ltr'><strong>imaginis</strong></span> 
     </span>
    </p>
   </div>
   <div class='ocr_carea' id='block_1_26' title="bbox 1917 1169 3495 1249">
    <p class='ocr_par' dir='ltr' id='par_1_26' title="bbox 1917 1169 3495 1249">
     <span class='ocr_line' id='line_1_26' title="bbox 1917 1169 3495 1249; baseline -0.006 -15"><span class='ocrx_word' id='word_1_166' title='bbox 1917 1194 2030 1235; x_wconf 62' lang='lat' dir='ltr'><strong>sua}</strong></span> <span class='ocrx_word' id='word_1_167' title='bbox 2064 1176 2293 1249; x_wconf 79' lang='lat' dir='ltr'><strong>elligiem</strong></span> <span class='ocrx_word' id='word_1_168' title='bbox 2320 1177 2573 1233; x_wconf 89' lang='lat' dir='ltr'><strong>referret.</strong></span> <span class='ocrx_word' id='word_1_169' title='bbox 2608 1173 2699 1230; x_wconf 89' lang='lat' dir='ltr'><strong>Sic</strong></span> <span class='ocrx_word' id='word_1_170' title='bbox 2725 1176 2875 1230; x_wconf 92' lang='lat' dir='ltr'><strong>cnim</strong></span> <span class='ocrx_word' id='word_1_171' title='bbox 2914 1174 3056 1229; x_wconf 87' lang='lat' dir='ltr'><strong>Deus</strong></span> <span class='ocrx_word' id='word_1_172' title='bbox 3090 1174 3169 1228; x_wconf 91' lang='lat' dir='ltr'><strong>ait</strong></span> <span class='ocrx_word' id='word_1_173' title='bbox 3201 1191 3214 1227; x_wconf 90' lang='lat'><strong>:</strong></span> <span class='ocrx_word' id='word_1_174' title='bbox 3248 1191 3266 1225; x_wconf 80' lang='grc' dir='ltr'><strong>ι</strong></span> <span class='ocrx_word' id='word_1_175' title='bbox 3306 1169 3495 1226; x_wconf 88' lang='lat' dir='ltr'><strong>Facia-</strong></span> 
     </span>
    </p>
   </div>
   <div class='ocr_carea' id='block_1_27' title="bbox 1915 1265 3496 1337">
    <p class='ocr_par' dir='ltr' id='par_1_27' title="bbox 1915 1265 3496 1337">
     <span class='ocr_line' id='line_1_27' title="bbox 1915 1265 3496 1337; baseline -0.005 -13"><span class='ocrx_word' id='word_1_176' title='bbox 1915 1285 2035 1324; x_wconf 90' lang='lat' dir='ltr'><strong>mus</strong></span> <span class='ocrx_word' id='word_1_177' title='bbox 2063 1268 2340 1324; x_wconf 85' lang='lat' dir='ltr'><strong>hominem</strong></span> <span class='ocrx_word' id='word_1_178' title='bbox 2370 1268 2433 1321; x_wconf 67' lang='lat' dir='ltr'><strong>ail</strong></span> <span class='ocrx_word' id='word_1_179' title='bbox 2473 1267 2764 1337; x_wconf 74' lang='lat' dir='ltr'><strong>imaginem</strong></span> <span class='ocrx_word' id='word_1_180' title='bbox 2805 1274 3048 1321; x_wconf 87' lang='lat' dir='ltr'><strong>nostram</strong></span> <span class='ocrx_word' id='word_1_181' title='bbox 3087 1272 3142 1320; x_wconf 88' lang='lat' dir='ltr'><strong>et</strong></span> <span class='ocrx_word' id='word_1_182' title='bbox 3181 1265 3496 1322; x_wconf 62' lang='lat' dir='ltr'><strong>similitudi-</strong></span> 
     </span>
    </p>
   </div>
   <div class='ocr_carea' id='block_1_28' title="bbox 1915 1357 3494 1417">
    <p class='ocr_par' dir='ltr' id='par_1_28' title="bbox 1915 1357 3494 1417">
     <span class='ocr_line' id='line_1_28' title="bbox 1915 1357 3494 1417; baseline -0.006 0"><span class='ocrx_word' id='word_1_183' title='bbox 1915 1378 2041 1417; x_wconf 85' lang='lat' dir='ltr'><strong>nem</strong></span> <span class='ocrx_word' id='word_1_184' title='bbox 2077 1371 2345 1417; x_wconf 89' lang='lat' dir='ltr'><strong>nostram.</strong></span> <span class='ocrx_word' id='word_1_185' title='bbox 2382 1361 2447 1415; x_wconf 88' lang='lat' dir='ltr'><strong>Et</strong></span> <span class='ocrx_word' id='word_1_186' title='bbox 2495 1360 2627 1414; x_wconf 86' lang='lat' dir='ltr'><strong>fecit</strong></span> <span class='ocrx_word' id='word_1_187' title='bbox 2657 1359 2801 1414; x_wconf 89' lang='lat' dir='ltr'><strong>Deus</strong></span> <span class='ocrx_word' id='word_1_188' title='bbox 2833 1359 3150 1412; x_wconf 83' lang='lat' dir='ltr'><strong>hominem:</strong></span> <span class='ocrx_word' id='word_1_189' title='bbox 3187 1357 3494 1412; x_wconf 86' lang='lat' dir='ltr'><strong>masculum</strong></span> 
     </span>
    </p>
   </div>
   <div class='ocr_carea' id='block_1_29' title="bbox 1877 1447 3493 1522">
    <p class='ocr_par' dir='ltr' id='par_1_29' title="bbox 1877 1447 3493 1522">
     <span class='ocr_line' id='line_1_29' title="bbox 1877 1447 3493 1522; baseline -0.007 -13"><span class='ocrx_word' id='word_1_190' title='bbox 1877 1474 1883 1479; x_wconf 94' lang='grc'><strong>·</strong></span> <span class='ocrx_word' id='word_1_191' title='bbox 1914 1462 1969 1509; x_wconf 87' lang='lat' dir='ltr'><strong>et</strong></span> <span class='ocrx_word' id='word_1_192' title='bbox 2000 1453 2259 1508; x_wconf 80' lang='lat' dir='ltr'><strong>feminam</strong></span> <span class='ocrx_word' id='word_1_193' title='bbox 2294 1452 2423 1507; x_wconf 86' lang='lat' dir='ltr'><strong>fecit</strong></span> <span class='ocrx_word' id='word_1_194' title='bbox 2452 1465 2549 1506; x_wconf 91' lang='lat' dir='ltr'><strong>eos</strong></span> <span class='ocrx_word' id='word_1_195' title='bbox 2578 1449 2731 1522; x_wconf 82' lang='lat' dir='ltr'><strong>(Gen.</strong></span> <span class='ocrx_word' id='word_1_196' title='bbox 2765 1466 2804 1515; x_wconf 83' lang='grc' dir='ltr'><strong>ι,</strong></span> <span class='ocrx_word' id='word_1_197' title='bbox 2834 1449 2928 1514; x_wconf 75' lang='lat'><strong>26,</strong></span> <span class='ocrx_word' id='word_1_198' title='bbox 2959 1448 3074 1520; x_wconf 72' lang='lat'><strong>27).</strong></span> <span class='ocrx_word' id='word_1_199' title='bbox 3101 1467 3121 1500; x_wconf 74' lang='grc' dir='ltr'><strong>ι</strong></span> <span class='ocrx_word' id='word_1_200' title='bbox 3153 1447 3285 1515; x_wconf 62' lang='lat' dir='ltr'><strong>Quae</strong></span> <span class='ocrx_word' id='word_1_201' title='bbox 3311 1448 3493 1503; x_wconf 73' lang='lat' dir='ltr'><strong>omnia</strong></span> 
     </span>
    </p>
   </div>
   <div class='ocr_carea' id='block_1_30' title="bbox 1914 1539 3492 1610">
    <p class='ocr_par' dir='ltr' id='par_1_30' title="bbox 1914 1539 3492 1610">
     <span class='ocr_line' id='line_1_30' title="bbox 1914 1539 3492 1610; baseline -0.006 -11"><span class='ocrx_word' id='word_1_202' title='bbox 1914 1559 2038 1599; x_wconf 92' lang='lat' dir='ltr'><strong>eum</strong></span> <span class='ocrx_word' id='word_1_203' title='bbox 2079 1543 2409 1603; x_wconf 85' lang='lat' dir='ltr'><strong>absolveret.</strong></span> <span class='ocrx_word' id='word_1_204' title='bbox 2446 1540 2639 1596; x_wconf 67' lang='lat' dir='ltr'><strong>isthmc</strong></span> <span class='ocrx_word' id='word_1_205' title='bbox 2681 1540 2830 1603; x_wconf 87' lang='lat' dir='ltr'><strong>fecit,</strong></span> <span class='ocrx_word' id='word_1_206' title='bbox 2873 1540 3265 1610; x_wconf 82' lang='lat' dir='ltr'><strong>benedixilque</strong></span> <span class='ocrx_word' id='word_1_207' title='bbox 3294 1548 3347 1595; x_wconf 89' lang='lat' dir='ltr'><strong>et</strong></span> <span class='ocrx_word' id='word_1_208' title='bbox 3376 1539 3492 1591; x_wconf 88' lang='lat' dir='ltr'><strong>ait:</strong></span> 
     </span>
    </p>
   </div>
   <div class='ocr_carea' id='block_1_31' title="bbox 1918 1632 3198 1705">
    <p class='ocr_par' dir='ltr' id='par_1_31' title="bbox 1918 1632 3198 1705">
     <span class='ocr_line' id='line_1_31' title="bbox 1918 1632 3198 1705; baseline -0.002 -19"><span class='ocrx_word' id='word_1_209' title='bbox 1918 1652 1938 1686; x_wconf 79' lang='grc' dir='ltr'><strong>ι</strong></span> <span class='ocrx_word' id='word_1_210' title='bbox 1974 1634 2223 1689; x_wconf 88' lang='lat' dir='ltr'><strong>Crescite</strong></span> <span class='ocrx_word' id='word_1_211' title='bbox 2250 1642 2308 1689; x_wconf 89' lang='lat' dir='ltr'><strong>et</strong></span> <span class='ocrx_word' id='word_1_212' title='bbox 2350 1632 2793 1704; x_wconf 89' lang='lat' dir='ltr'><strong>multiplicamini</strong></span> <span class='ocrx_word' id='word_1_213' title='bbox 2836 1632 2989 1705; x_wconf 82' lang='lat' dir='ltr'><strong>(ibid.</strong></span> <span class='ocrx_word' id='word_1_214' title='bbox 3022 1632 3139 1703; x_wconf 77' lang='grc'><strong>28).</strong></span> <span class='ocrx_word' id='word_1_215' title='bbox 3179 1651 3198 1684; x_wconf 75' lang='grc' dir='ltr'><strong>ι</strong></span> 
     </span>
    </p>
   </div>
   <div class='ocr_carea' id='block_1_32' title="bbox 1980 1710 3494 1791">
    <p class='ocr_par' dir='ltr' id='par_1_32' title="bbox 1980 1710 3494 1791">
     <span class='ocr_line' id='line_1_32' title="bbox 1980 1710 3494 1791; baseline -0.006 -7"><span class='ocrx_word' id='word_1_216' title='bbox 1980 1726 2041 1784; x_wconf 87' lang='lat' dir='ltr'><strong>S.</strong></span> <span class='ocrx_word' id='word_1_217' title='bbox 2077 1710 2336 1781; x_wconf 73' lang='grc' dir='ltr'>ΜειΙιοᾱιί</span> <span class='ocrx_word' id='word_1_218' title='bbox 2388 1725 2453 1781; x_wconf 83' lang='lat' dir='ltr'><strong>de</strong></span> <span class='ocrx_word' id='word_1_219' title='bbox 2498 1741 2757 1780; x_wconf 69' lang='lat' dir='ltr'><strong>resurrec.</strong></span> <span class='ocrx_word' id='word_1_220' title='bbox 2782 1756 2849 1765; x_wconf 58' lang='grc' dir='ltr'><em>η</em></span> <span class='ocrx_word' id='word_1_221' title='bbox 2878 1724 3017 1791; x_wconf 86' lang='lat' dir='ltr'><strong>Quis</strong></span> <span class='ocrx_word' id='word_1_222' title='bbox 3046 1724 3243 1780; x_wconf 91' lang='lat' dir='ltr'><strong>duram</strong></span> <span class='ocrx_word' id='word_1_223' title='bbox 3282 1724 3494 1781; x_wconf 85' lang='lat' dir='ltr'><strong>ossium</strong></span> 
     </span>
    </p>
   </div>
   <div class='ocr_carea' id='block_1_33' title="bbox 1911 1816 3495 1888">
    <p class='ocr_par' dir='ltr' id='par_1_33' title="bbox 1911 1816 3495 1888">
     <span class='ocr_line' id='line_1_33' title="bbox 1911 1816 3495 1888; baseline -0.005 -12"><span class='ocrx_word' id='word_1_224' title='bbox 1911 1819 2280 1876; x_wconf 84' lang='lat' dir='ltr'><strong>substantiam</strong></span> <span class='ocrx_word' id='word_1_225' title='bbox 2308 1818 2624 1888; x_wconf 78' lang='lat' dir='ltr'><strong>compegit?</strong></span> <span class='ocrx_word' id='word_1_226' title='bbox 2662 1818 2789 1888; x_wconf 89' lang='lat' dir='ltr'><strong>quis</strong></span> <span class='ocrx_word' id='word_1_227' title='bbox 2815 1816 3062 1872; x_wconf 85' lang='lat' dir='ltr'><strong>membra</strong></span> <span class='ocrx_word' id='word_1_228' title='bbox 3100 1816 3405 1887; x_wconf 79' lang='lat' dir='ltr'><strong>colligavit,</strong></span> <span class='ocrx_word' id='word_1_229' title='bbox 3437 1826 3495 1870; x_wconf 70' lang='lat' dir='ltr'><strong>ut</strong></span> 
     </span>
    </p>
   </div>
   <div class='ocr_carea' id='block_1_34' title="bbox 231 1893 1792 1982">
    <p class='ocr_par' dir='ltr' id='par_1_34' title="bbox 231 1902 1792 1978">
     <span class='ocr_line' id='line_1_34' title="bbox 231 1902 1792 1978; baseline 0.006 -25"><span class='ocrx_word' id='word_1_230' title='bbox 231 1902 407 1970; x_wconf 84' lang='grc' dir='ltr'>μογάς</span> <span class='ocrx_word' id='word_1_231' title='bbox 429 1904 789 1974; x_wconf 82' lang='grc' dir='ltr'>καμπτόμενα</span> <span class='ocrx_word' id='word_1_232' title='bbox 808 1907 877 1959; x_wconf 84' lang='grc' dir='ltr'>τὰ</span> <span class='ocrx_word' id='word_1_233' title='bbox 910 1906 1047 1977; x_wconf 79' lang='grc' dir='ltr'>μέλη</span> <span class='ocrx_word' id='word_1_234' title='bbox 1070 1923 1083 1970; x_wconf 91' lang='grc'><strong>;</strong></span> <span class='ocrx_word' id='word_1_235' title='bbox 1116 1907 1201 1970; x_wconf 87' lang='grc' dir='ltr'><strong>τίς</strong></span> <span class='ocrx_word' id='word_1_236' title='bbox 1225 1906 1284 1971; x_wconf 87' lang='grc' dir='ltr'>ὃς</span> <span class='ocrx_word' id='word_1_237' title='bbox 1304 1906 1555 1978; x_wconf 75' lang='grc' dir='ltr'>ὲζύμωσε</span> <span class='ocrx_word' id='word_1_238' title='bbox 1575 1909 1792 1978; x_wconf 67' lang='grc' dir='ltr'>χυμοὺς,</span> 
     </span>
    </p>
   </div>
   <div class='ocr_carea' id='block_1_35' title="bbox 1895 1893 3499 1982">
    <p class='ocr_par' dir='ltr' id='par_1_35' title="bbox 1910 1911 3499 1982">
     <span class='ocr_line' id='line_1_35' title="bbox 1910 1911 3499 1982; baseline -0.004 -11"><span class='ocrx_word' id='word_1_239' title='bbox 1910 1915 2096 1971; x_wconf 85' lang='lat' dir='ltr'><strong>nervis</strong></span> <span class='ocrx_word' id='word_1_240' title='bbox 2118 1912 2499 1977; x_wconf 86' lang='lat' dir='ltr'><strong>tenderentur,</strong></span> <span class='ocrx_word' id='word_1_241' title='bbox 2523 1921 2579 1967; x_wconf 89' lang='lat' dir='ltr'><strong>et</strong></span> <span class='ocrx_word' id='word_1_242' title='bbox 2608 1911 2760 1966; x_wconf 86' lang='lat' dir='ltr'><strong>circa</strong></span> <span class='ocrx_word' id='word_1_243' title='bbox 2779 1911 3075 1982; x_wconf 86' lang='lat' dir='ltr'><strong>juncturas</strong></span> <span class='ocrx_word' id='word_1_244' title='bbox 3110 1911 3311 1966; x_wconf 78' lang='lat' dir='ltr'><strong>inﬂexa</strong></span> <span class='ocrx_word' id='word_1_245' title='bbox 3346 1911 3499 1966; x_wconf 80' lang='lat' dir='ltr'><strong>laxa-</strong></span> 
     </span>
    </p>
   </div>
   <div class='ocr_carea' id='block_1_36' title="bbox 223 1995 1801 2071">
    <p class='ocr_par' dir='ltr' id='par_1_36' title="bbox 223 1995 1801 2071">
     <span class='ocr_line' id='line_1_36' title="bbox 223 1995 1801 2071; baseline 0.005 -26"><span class='ocrx_word' id='word_1_246' title='bbox 223 1995 423 2057; x_wconf 81' lang='grc' dir='ltr'>δεύσας</span> <span class='ocrx_word' id='word_1_247' title='bbox 468 1996 679 2066; x_wconf 77' lang='grc' dir='ltr'>αἵματι,</span> <span class='ocrx_word' id='word_1_248' title='bbox 720 2000 814 2052; x_wconf 78' lang='grc' dir='ltr'><strong>καὶ</strong></span> <span class='ocrx_word' id='word_1_249' title='bbox 845 1999 1129 2071; x_wconf 81' lang='grc' dir='ltr'>μαλθακὴν</span> <span class='ocrx_word' id='word_1_250' title='bbox 1168 2003 1302 2070; x_wconf 77' lang='grc' dir='ltr'>ἡμῖν</span> <span class='ocrx_word' id='word_1_251' title='bbox 1334 2002 1399 2054; x_wconf 79' lang='grc' dir='ltr'>ἐκ</span> <span class='ocrx_word' id='word_1_252' title='bbox 1431 2000 1553 2071; x_wconf 83' lang='grc' dir='ltr'>χοὸς</span> <span class='ocrx_word' id='word_1_253' title='bbox 1586 2001 1801 2071; x_wconf 72' lang='grc' dir='ltr'>σάρκας</span> 
     </span>
    </p>
   </div>
   <div class='ocr_carea' id='block_1_37' title="bbox 222 2087 1804 2165">
    <p class='ocr_par' dir='ltr' id='par_1_37' title="bbox 222 2087 1804 2165">
     <span class='ocr_line' id='line_1_37' title="bbox 222 2087 1804 2165; baseline 0.004 -25"><span class='ocrx_word' id='word_1_254' title='bbox 222 2087 402 2151; x_wconf 82' lang='grc' dir='ltr'>Μόνος</span> <span class='ocrx_word' id='word_1_255' title='bbox 447 2091 475 2140; x_wconf 94' lang='lat'><strong>6</strong></span> <span class='ocrx_word' id='word_1_256' title='bbox 508 2090 899 2163; x_wconf 77' lang='grc' dir='ltr'>ἀριστοτέχνης</span> <span class='ocrx_word' id='word_1_257' title='bbox 935 2093 1033 2163; x_wconf 81' lang='grc' dir='ltr'><strong>τὴν</strong></span> <span class='ocrx_word' id='word_1_258' title='bbox 1068 2092 1440 2165; x_wconf 88' lang='grc' dir='ltr'>λογικωτάτην</span> <span class='ocrx_word' id='word_1_259' title='bbox 1481 2094 1667 2147; x_wconf 88' lang='grc' dir='ltr'>εἰκόνα</span> <span class='ocrx_word' id='word_1_260' title='bbox 1711 2095 1804 2148; x_wconf 72' lang='grc' dir='ltr'><strong>καὶ</strong></span> 
     </span>
    </p>
   </div>
   <div class='ocr_carea' id='block_1_38' title="bbox 221 2177 1800 2255">
    <p class='ocr_par' dir='ltr' id='par_1_38' title="bbox 221 2177 1800 2255">
     <span class='ocr_line' id='line_1_38' title="bbox 221 2177 1800 2255; baseline 0.004 -25"><span class='ocrx_word' id='word_1_261' title='bbox 221 2177 468 2249; x_wconf 79' lang='grc' dir='ltr'>ἔμψυχον</span> <span class='ocrx_word' id='word_1_262' title='bbox 487 2180 581 2233; x_wconf 88' lang='grc' dir='ltr'><strong>τὸν</strong></span> <span class='ocrx_word' id='word_1_263' title='bbox 599 2180 910 2252; x_wconf 73' lang='grc' dir='ltr'>ἄνθρωπον,</span> <span class='ocrx_word' id='word_1_264' title='bbox 944 2184 1092 2253; x_wconf 77' lang='grc' dir='ltr'>ἡμᾶς</span> <span class='ocrx_word' id='word_1_265' title='bbox 1131 2185 1326 2237; x_wconf 71' lang='grc' dir='ltr'>ἑαυτοῦ</span> <span class='ocrx_word' id='word_1_266' title='bbox 1359 2186 1800 2255; x_wconf 87' lang='grc' dir='ltr'>τεκταινόμενος,</span> 
     </span>
    </p>
   </div>
   <div class='ocr_carea' id='block_1_39' title="bbox 220 2271 1805 2347">
    <p class='ocr_par' dir='ltr' id='par_1_39' title="bbox 220 2271 1805 2347">
     <span class='ocr_line' id='line_1_39' title="bbox 220 2271 1805 2347; baseline 0.004 -25"><span class='ocrx_word' id='word_1_267' title='bbox 220 2272 320 2323; x_wconf 69' lang='grc' dir='ltr'><strong>καὶ</strong></span> <span class='ocrx_word' id='word_1_268' title='bbox 345 2271 741 2341; x_wconf 61' lang='grc' dir='ltr'>κηῳπλαστῶν</span> <span class='ocrx_word' id='word_1_269' title='bbox 763 2273 820 2339; x_wconf 78' lang='grc' dir='ltr'>ἐξ</span> <span class='ocrx_word' id='word_1_270' title='bbox 844 2273 1026 2344; x_wconf 81' lang='grc' dir='ltr'>ὑγρῶν</span> <span class='ocrx_word' id='word_1_271' title='bbox 1053 2274 1148 2327; x_wconf 67' lang='grc' dir='ltr'><strong>καί⁵</strong></span> <span class='ocrx_word' id='word_1_272' title='bbox 1177 2273 1534 2345; x_wconf 83' lang='grc' dir='ltr'>βραχυτάτων</span> <span class='ocrx_word' id='word_1_273' title='bbox 1559 2277 1805 2347; x_wconf 87' lang='grc' dir='ltr'>σπερμά-</span> 
     </span>
    </p>
   </div>
   <div class='ocr_carea' id='block_1_40' title="bbox 216 2363 1802 2436">
    <p class='ocr_par' dir='ltr' id='par_1_40' title="bbox 216 2363 1802 2436">
     <span class='ocr_line' id='line_1_40' title="bbox 216 2363 1802 2436; baseline 0.004 -23"><span class='ocrx_word' id='word_1_274' title='bbox 216 2378 331 2415; x_wconf 85' lang='grc' dir='ltr'><strong>των</strong></span> <span class='ocrx_word' id='word_1_275' title='bbox 360 2364 417 2414; x_wconf 78' lang='grc' dir='ltr'>ὲν</span> <span class='ocrx_word' id='word_1_276' title='bbox 449 2364 652 2434; x_wconf 75' lang='grc' dir='ltr'>μήτρᾳ.</span> <span class='ocrx_word' id='word_1_277' title='bbox 690 2365 786 2427; x_wconf 81' lang='grc' dir='ltr'>Τίς</span> <span class='ocrx_word' id='word_1_278' title='bbox 828 2364 936 2434; x_wconf 91' lang='grc' dir='ltr'><strong>γάρ</strong></span> <span class='ocrx_word' id='word_1_279' title='bbox 987 2366 1134 2417; x_wconf 79' lang='grc' dir='ltr'>ἐστιν</span> <span class='ocrx_word' id='word_1_280' title='bbox 1170 2365 1200 2416; x_wconf 94' lang='lat'><strong>6</strong></span> <span class='ocrx_word' id='word_1_281' title='bbox 1227 2363 1678 2436; x_wconf 81' lang='grc' dir='ltr'>προμηθούμενος</span> <span class='ocrx_word' id='word_1_282' title='bbox 1727 2365 1802 2435; x_wconf 83' lang='grc' dir='ltr'>μὴ</span> 
     </span>
    </p>
   </div>
   <div class='ocr_carea' id='block_1_41' title="bbox 221 2454 1802 2527">
    <p class='ocr_par' dir='ltr' id='par_1_41' title="bbox 221 2454 1802 2527">
     <span class='ocr_line' id='line_1_41' title="bbox 221 2454 1802 2527; baseline 0.003 -22"><span class='ocrx_word' id='word_1_283' title='bbox 221 2454 627 2522; x_wconf 86' lang='grc' dir='ltr'>συμπνίγεσοαι</span> <span class='ocrx_word' id='word_1_284' title='bbox 660 2454 738 2525; x_wconf 80' lang='grc' dir='ltr'><strong>τῷ</strong></span> <span class='ocrx_word' id='word_1_285' title='bbox 768 2455 939 2526; x_wconf 84' lang='grc' dir='ltr'>ὑγρῷ,</span> <span class='ocrx_word' id='word_1_286' title='bbox 979 2457 1075 2510; x_wconf 69' lang='grc' dir='ltr'><strong>καὶ</strong></span> <span class='ocrx_word' id='word_1_287' title='bbox 1105 2458 1171 2527; x_wconf 78' lang='grc' dir='ltr'>τῇ</span> <span class='ocrx_word' id='word_1_288' title='bbox 1202 2458 1402 2527; x_wconf 79' lang='grc' dir='ltr'>συνοχῇ</span> <span class='ocrx_word' id='word_1_289' title='bbox 1434 2455 1545 2510; x_wconf 85' lang='grc' dir='ltr'>τῶν</span> <span class='ocrx_word' id='word_1_290' title='bbox 1568 2457 1802 2526; x_wconf 75' lang='grc' dir='ltr'>ἀγγείων</span> 
     </span>
    </p>
   </div>
   <div class='ocr_carea' id='block_1_42' title="bbox 219 2545 1801 2618">
    <p class='ocr_par' dir='ltr' id='par_1_42' title="bbox 219 2545 1801 2618">
     <span class='ocr_line' id='line_1_42' title="bbox 219 2545 1801 2618; baseline 0.002 -21"><span class='ocrx_word' id='word_1_291' title='bbox 219 2545 667 2615; x_wconf 77' lang='grc' dir='ltr'>ὲπικλειζὸμενον</span> <span class='ocrx_word' id='word_1_292' title='bbox 720 2545 829 2599; x_wconf 78' lang='grc' dir='ltr'><strong>ἔσω</strong></span> <span class='ocrx_word' id='word_1_293' title='bbox 870 2546 929 2599; x_wconf 89' lang='grc' dir='ltr'><strong>τὸ</strong></span> <span class='ocrx_word' id='word_1_294' title='bbox 978 2546 1253 2618; x_wconf 77' lang='grc' dir='ltr'>ἔμϐρυον;</span> <span class='ocrx_word' id='word_1_295' title='bbox 1307 2547 1340 2617; x_wconf 78' lang='grc' dir='ltr'><strong>ἢ</strong></span> <span class='ocrx_word' id='word_1_296' title='bbox 1388 2547 1471 2611; x_wconf 86' lang='grc' dir='ltr'><strong>τίς</strong></span> <span class='ocrx_word' id='word_1_297' title='bbox 1517 2549 1546 2600; x_wconf 98' lang='lat'><strong>6</strong></span> <span class='ocrx_word' id='word_1_298' title='bbox 1579 2547 1715 2617; x_wconf 85' lang='grc' dir='ltr'>μετὰ</span> <span class='ocrx_word' id='word_1_299' title='bbox 1743 2548 1801 2601; x_wconf 81' lang='grc' dir='ltr'><strong>τὸ</strong></span> 
     </span>
    </p>
   </div>
   <div class='ocr_carea' id='block_1_43' title="bbox 214 2637 1800 2709">
    <p class='ocr_par' dir='ltr' id='par_1_43' title="bbox 214 2637 1800 2709">
     <span class='ocr_line' id='line_1_43' title="bbox 214 2637 1800 2709; baseline 0.002 -20"><span class='ocrx_word' id='word_1_300' title='bbox 214 2637 564 2707; x_wconf 84' lang='grc' dir='ltr'>λοχευθῆναι,</span> <span class='ocrx_word' id='word_1_301' title='bbox 602 2638 695 2691; x_wconf 80' lang='grc' dir='ltr'>καὶ</span> <span class='ocrx_word' id='word_1_302' title='bbox 727 2639 808 2700; x_wconf 89' lang='grc' dir='ltr'><strong>εἰς</strong></span> <span class='ocrx_word' id='word_1_303' title='bbox 840 2638 954 2707; x_wconf 82' lang='grc' dir='ltr'>φῶς</span> <span class='ocrx_word' id='word_1_304' title='bbox 994 2639 1257 2703; x_wconf 81' lang='grc' dir='ltr'>ἀνελθεῖν,</span> <span class='ocrx_word' id='word_1_305' title='bbox 1307 2642 1384 2702; x_wconf 81' lang='grc' dir='ltr'><strong>εἰς</strong></span> <span class='ocrx_word' id='word_1_306' title='bbox 1414 2637 1663 2709; x_wconf 85' lang='grc' dir='ltr'>μέγεθος,</span> <span class='ocrx_word' id='word_1_307' title='bbox 1706 2640 1800 2692; x_wconf 80' lang='grc' dir='ltr'><strong>καὶ</strong></span> 
     </span>
    </p>
   </div>
   <div class='ocr_carea' id='block_1_44' title="bbox 216 2730 1802 2802">
    <p class='ocr_par' dir='ltr' id='par_1_44' title="bbox 216 2730 1802 2802">
     <span class='ocr_line' id='line_1_44' title="bbox 216 2730 1802 2802; baseline 0.001 -21"><span class='ocrx_word' id='word_1_308' title='bbox 216 2730 437 2795; x_wconf 78' lang='grc' dir='ltr'>κάλλος,</span> <span class='ocrx_word' id='word_1_309' title='bbox 470 2731 565 2783; x_wconf 70' lang='grc' dir='ltr'><strong>καί⁸</strong></span> <span class='ocrx_word' id='word_1_310' title='bbox 600 2730 816 2802; x_wconf 78' lang='grc' dir='ltr'>ῥώμην,</span> <span class='ocrx_word' id='word_1_311' title='bbox 850 2731 910 2794; x_wconf 81' lang='grc' dir='ltr'>ἐξ</span> <span class='ocrx_word' id='word_1_312' title='bbox 938 2730 1199 2793; x_wconf 75' lang='grc' dir='ltr'>ἀσθενοῦς</span> <span class='ocrx_word' id='word_1_313' title='bbox 1232 2731 1324 2783; x_wconf 76' lang='grc' dir='ltr'><strong>καί</strong></span> <span class='ocrx_word' id='word_1_314' title='bbox 1357 2730 1588 2801; x_wconf 82' lang='grc' dir='ltr'>βραχέος</span> <span class='ocrx_word' id='word_1_315' title='bbox 1636 2746 1802 2800; x_wconf 85' lang='grc' dir='ltr'>μετα-</span> 
     </span>
    </p>
   </div>
   <div class='ocr_carea' id='block_1_45' title="bbox 212 2817 1796 2894">
    <p class='ocr_par' dir='ltr' id='par_1_45' title="bbox 212 2817 1796 2894">
     <span class='ocr_line' id='line_1_45' title="bbox 212 2817 1796 2894; baseline 0.002 -22"><span class='ocrx_word' id='word_1_316' title='bbox 212 2820 452 2885; x_wconf 75' lang='grc' dir='ltr'>ϐάλλων,</span> <span class='ocrx_word' id='word_1_317' title='bbox 483 2824 530 2874; x_wconf 90' lang='grc' dir='ltr'><strong>εἰ</strong></span> <span class='ocrx_word' id='word_1_318' title='bbox 561 2824 635 2892; x_wconf 86' lang='grc' dir='ltr'>μὴ</span> <span class='ocrx_word' id='word_1_319' title='bbox 666 2823 827 2885; x_wconf 79' lang='grc' dir='ltr'>αὐτὸς</span> <span class='ocrx_word' id='word_1_320' title='bbox 851 2817 1004 2885; x_wconf 72' lang='grc' dir='ltr'>οὗτος</span> <span class='ocrx_word' id='word_1_321' title='bbox 1031 2825 1059 2875; x_wconf 96' lang='lat'><strong>6</strong></span> <span class='ocrx_word' id='word_1_322' title='bbox 1090 2822 1501 2894; x_wconf 85' lang='grc' dir='ltr'>ἀριστοτέχνης,</span> <span class='ocrx_word' id='word_1_323' title='bbox 1529 2822 1604 2885; x_wconf 87' lang='grc' dir='ltr'>ὠς</span> <span class='ocrx_word' id='word_1_324' title='bbox 1638 2822 1796 2893; x_wconf 81' lang='grc' dir='ltr'>ἔφην,</span> 
     </span>
    </p>
   </div>
   <div class='ocr_carea' id='block_1_46' title="bbox 209 2911 1799 2983">
    <p class='ocr_par' dir='ltr' id='par_1_46' title="bbox 209 2911 1799 2983">
     <span class='ocr_line' id='line_1_46' title="bbox 209 2911 1799 2983; baseline 0.001 -20"><span class='ocrx_word' id='word_1_325' title='bbox 209 2911 370 2975; x_wconf 82' lang='grc' dir='ltr'>Θεὸς,</span> <span class='ocrx_word' id='word_1_326' title='bbox 418 2915 504 2983; x_wconf 80' lang='grc' dir='ltr'><strong>τῇ.</strong></span> <span class='ocrx_word' id='word_1_327' title='bbox 541 2916 800 2983; x_wconf 78' lang='grc' dir='ltr'>ποιητικῇ</span> <span class='ocrx_word' id='word_1_328' title='bbox 861 2912 1088 2983; x_wconf 77' lang='grc' dir='ltr'>δυνάμει</span> <span class='ocrx_word' id='word_1_329' title='bbox 1144 2913 1664 2983; x_wconf 75' lang='grc' dir='ltr'>μετασχηματίζων,</span> <span class='ocrx_word' id='word_1_330' title='bbox 1704 2914 1799 2967; x_wconf 82' lang='grc' dir='ltr'><strong>καὶ</strong></span> 
     </span>
    </p>
   </div>
   <div class='ocr_carea' id='block_1_47' title="bbox 214 3004 1794 3074">
    <p class='ocr_par' dir='ltr' id='par_1_47' title="bbox 214 3004 1794 3074">
     <span class='ocr_line' id='line_1_47' title="bbox 214 3004 1794 3074; baseline 0.002 -20"><span class='ocrx_word' id='word_1_331' title='bbox 214 3004 666 3074; x_wconf 78' lang='grc' dir='ltr'>μεταζωγραφῶν</span> <span class='ocrx_word' id='word_1_332' title='bbox 713 3004 813 3066; x_wconf 86' lang='grc' dir='ltr'>τὰς</span> <span class='ocrx_word' id='word_1_333' title='bbox 848 3004 1033 3070; x_wconf 85' lang='grc' dir='ltr'>ἱδέας;</span> <span class='ocrx_word' id='word_1_334' title='bbox 1079 3004 1139 3055; x_wconf 90' lang='lat' dir='ltr'><strong>&#39;U</strong></span> <span class='ocrx_word' id='word_1_335' title='bbox 1171 3004 1303 3067; x_wconf 80' lang='grc' dir='ltr'>Θεὸς</span> <span class='ocrx_word' id='word_1_336' title='bbox 1338 3005 1608 3057; x_wconf 85' lang='grc' dir='ltr'>ἀθανασία</span> <span class='ocrx_word' id='word_1_337' title='bbox 1658 3006 1794 3069; x_wconf 76' lang='grc' dir='ltr'>ἐστι,</span> 
     </span>
    </p>
   </div>
   <div class='ocr_carea' id='block_1_48' title="bbox 209 3094 1794 3166">
    <p class='ocr_par' dir='ltr' id='par_1_48' title="bbox 209 3094 1794 3166">
     <span class='ocr_line' id='line_1_48' title="bbox 209 3094 1794 3166; baseline 0 -19"><span class='ocrx_word' id='word_1_338' title='bbox 209 3095 309 3148; x_wconf 76' lang='grc' dir='ltr'><strong>καὶ</strong></span> <span class='ocrx_word' id='word_1_339' title='bbox 339 3096 475 3166; x_wconf 80' lang='grc' dir='ltr'>ζωὴ,</span> <span class='ocrx_word' id='word_1_340' title='bbox 530 3096 625 3149; x_wconf 75' lang='grc' dir='ltr'><strong>καὶ</strong></span> <span class='ocrx_word' id='word_1_341' title='bbox 656 3096 965 3165; x_wconf 80' lang='grc' dir='ltr'>ἀφθαρσία’</span> <span class='ocrx_word' id='word_1_342' title='bbox 997 3095 1159 3165; x_wconf 76' lang='grc' dir='ltr'>ἔργον</span> <span class='ocrx_word' id='word_1_343' title='bbox 1192 3095 1249 3149; x_wconf 77' lang='grc' dir='ltr'>δὲ</span> <span class='ocrx_word' id='word_1_344' title='bbox 1306 3095 1591 3166; x_wconf 81' lang='grc' dir='ltr'>ἄνθρωπος</span> <span class='ocrx_word' id='word_1_345' title='bbox 1619 3094 1754 3147; x_wconf 78' lang='grc' dir='ltr'>Θεοῦ</span> <span class='ocrx_word' id='word_1_346' title='bbox 1779 3111 1794 3126; x_wconf 76' lang='grc'><strong><em>⁸</em></strong></span> 
     </span>
    </p>
   </div>
   <div class='ocr_carea' id='block_1_49' title="bbox 1907 2002 3495 2072">
    <p class='ocr_par' dir='ltr' id='par_1_49' title="bbox 1907 2002 3495 2072">
     <span class='ocr_line' id='line_1_49' title="bbox 1907 2002 3495 2072; baseline -0.005 -10"><span class='ocrx_word' id='word_1_347' title='bbox 1907 2006 2135 2063; x_wconf 89' lang='lat' dir='ltr'><strong>rentur?</strong></span> <span class='ocrx_word' id='word_1_348' title='bbox 2154 2005 2291 2072; x_wconf 86' lang='lat' dir='ltr'><strong>Quis</strong></span> <span class='ocrx_word' id='word_1_349' title='bbox 2320 2004 2580 2059; x_wconf 86' lang='lat' dir='ltr'><strong>humores</strong></span> <span class='ocrx_word' id='word_1_350' title='bbox 2610 2003 2942 2072; x_wconf 90' lang='lat' dir='ltr'><strong>mollemque</strong></span> <span class='ocrx_word' id='word_1_351' title='bbox 2965 2017 3030 2056; x_wconf 80' lang='lat' dir='ltr'><strong>ex</strong></span> <span class='ocrx_word' id='word_1_352' title='bbox 3056 2002 3227 2057; x_wconf 91' lang='lat' dir='ltr'><strong>humo</strong></span> <span class='ocrx_word' id='word_1_353' title='bbox 3250 2017 3495 2064; x_wconf 87' lang='lat' dir='ltr'><strong>carnem,</strong></span> 
     </span>
    </p>
   </div>
   <div class='ocr_carea' id='block_1_50' title="bbox 1909 2093 3498 2171">
    <p class='ocr_par' dir='ltr' id='par_1_50' title="bbox 1909 2093 3498 2171">
     <span class='ocr_line' id='line_1_50' title="bbox 1909 2093 3498 2171; baseline -0.004 -16"><span class='ocrx_word' id='word_1_354' title='bbox 1909 2100 2179 2171; x_wconf 79' lang='lat' dir='ltr'><strong>sanguine</strong></span> <span class='ocrx_word' id='word_1_355' title='bbox 2236 2113 2357 2153; x_wconf 86' lang='lat' dir='ltr'><strong>eam</strong></span> <span class='ocrx_word' id='word_1_356' title='bbox 2419 2094 2831 2168; x_wconf 78' lang='lat' dir='ltr'><strong>perfundendo,</strong></span> <span class='ocrx_word' id='word_1_357' title='bbox 2894 2093 3288 2149; x_wconf 86' lang='lat' dir='ltr'><strong>fermentavit?</strong></span> <span class='ocrx_word' id='word_1_358' title='bbox 3343 2094 3498 2149; x_wconf 87' lang='lat' dir='ltr'><strong>solus</strong></span> 
     </span>
    </p>
   </div>
   <div class='ocr_carea' id='block_1_51' title="bbox 1908 2186 3494 2263">
    <p class='ocr_par' dir='ltr' id='par_1_51' title="bbox 1908 2186 3494 2263">
     <span class='ocr_line' id='line_1_51' title="bbox 1908 2186 3494 2263; baseline -0.004 -18"><span class='ocrx_word' id='word_1_359' title='bbox 1908 2194 2071 2263; x_wconf 89' lang='lat' dir='ltr'><strong>plane</strong></span> <span class='ocrx_word' id='word_1_360' title='bbox 2102 2190 2593 2262; x_wconf 60' lang='lat' dir='ltr'><strong>pra&#39;stantissimns</strong></span> <span class='ocrx_word' id='word_1_361' title='bbox 2624 2186 2819 2242; x_wconf 83' lang='lat' dir='ltr'><strong>artifex</strong></span> <span class='ocrx_word' id='word_1_362' title='bbox 2861 2186 3029 2253; x_wconf 90' lang='lat' dir='ltr'><strong>Deus,</strong></span> <span class='ocrx_word' id='word_1_363' title='bbox 3065 2187 3159 2258; x_wconf 92' lang='lat' dir='ltr'><strong>qui</strong></span> <span class='ocrx_word' id='word_1_364' title='bbox 3193 2188 3494 2248; x_wconf 86' lang='lat' dir='ltr'><strong>hominem.</strong></span> 
     </span>
    </p>
   </div>
   <div class='ocr_carea' id='block_1_52' title="bbox 1907 2275 3495 2348">
    <p class='ocr_par' dir='ltr' id='par_1_52' title="bbox 1907 2275 3495 2348">
     <span class='ocr_line' id='line_1_52' title="bbox 1907 2275 3495 2348; baseline -0.003 -15"><span class='ocrx_word' id='word_1_365' title='bbox 1907 2278 1960 2333; x_wconf 94' lang='lat' dir='ltr'><strong>id</strong></span> <span class='ocrx_word' id='word_1_366' title='bbox 2007 2290 2093 2334; x_wconf 91' lang='lat' dir='ltr'><strong>est</strong></span> <span class='ocrx_word' id='word_1_367' title='bbox 2143 2278 2357 2333; x_wconf 83' lang='lat' dir='ltr'><strong>ratione</strong></span> <span class='ocrx_word' id='word_1_368' title='bbox 2410 2276 2699 2347; x_wconf 79' lang='lat' dir='ltr'><strong>praeditam</strong></span> <span class='ocrx_word' id='word_1_369' title='bbox 2734 2282 2789 2331; x_wconf 92' lang='lat' dir='ltr'><strong>et</strong></span> <span class='ocrx_word' id='word_1_370' title='bbox 2842 2275 3141 2331; x_wconf 87' lang='lat' dir='ltr'><strong>animatam</strong></span> <span class='ocrx_word' id='word_1_371' title='bbox 3198 2276 3495 2348; x_wconf 76' lang='lat' dir='ltr'><strong>imaginem</strong></span> 
     </span>
    </p>
   </div>
   <div class='ocr_carea' id='block_1_53' title="bbox 1907 2364 3501 2437">
    <p class='ocr_par' dir='ltr' id='par_1_53' title="bbox 1907 2364 3501 2437">
     <span class='ocr_line' id='line_1_53' title="bbox 1907 2364 3501 2437; baseline -0.001 -14"><span class='ocrx_word' id='word_1_372' title='bbox 1907 2382 2085 2431; x_wconf 88' lang='lat' dir='ltr'><strong>suam,</strong></span> <span class='ocrx_word' id='word_1_373' title='bbox 2141 2381 2267 2431; x_wconf 92' lang='lat' dir='ltr'><strong>nos,</strong></span> <span class='ocrx_word' id='word_1_374' title='bbox 2323 2368 2574 2437; x_wconf 87' lang='lat' dir='ltr'><strong>inquam,</strong></span> <span class='ocrx_word' id='word_1_375' title='bbox 2600 2364 2914 2430; x_wconf 82' lang='lat' dir='ltr'><strong>fabricavit,</strong></span> <span class='ocrx_word' id='word_1_376' title='bbox 2955 2372 3015 2420; x_wconf 91' lang='lat' dir='ltr'><strong>et</strong></span> <span class='ocrx_word' id='word_1_377' title='bbox 3067 2380 3134 2421; x_wconf 79' lang='lat' dir='ltr'><strong>ex</strong></span> <span class='ocrx_word' id='word_1_378' title='bbox 3171 2365 3402 2421; x_wconf 88' lang='lat' dir='ltr'><strong>humido</strong></span> <span class='ocrx_word' id='word_1_379' title='bbox 3444 2377 3501 2421; x_wconf 91' lang='lat' dir='ltr'><strong>et</strong></span> 
     </span>
    </p>
   </div>
   <div class='ocr_carea' id='block_1_54' title="bbox 1904 2458 3498 2530">
    <p class='ocr_par' dir='ltr' id='par_1_54' title="bbox 1904 2458 3498 2530">
     <span class='ocr_line' id='line_1_54' title="bbox 1904 2458 3498 2530; baseline 0.001 -17"><span class='ocrx_word' id='word_1_380' title='bbox 1904 2459 2205 2530; x_wconf 75' lang='lat' dir='ltr'><strong>perexiguo</strong></span> <span class='ocrx_word' id='word_1_381' title='bbox 2254 2460 2464 2516; x_wconf 89' lang='lat' dir='ltr'><strong>semine</strong></span> <span class='ocrx_word' id='word_1_382' title='bbox 2504 2460 2559 2513; x_wconf 93' lang='lat' dir='ltr'><strong>in</strong></span> <span class='ocrx_word' id='word_1_383' title='bbox 2604 2458 2767 2513; x_wconf 84' lang='lat' dir='ltr'><strong>vulva</strong></span> <span class='ocrx_word' id='word_1_384' title='bbox 2822 2458 3038 2523; x_wconf 88' lang='lat' dir='ltr'><strong>matris,</strong></span> <span class='ocrx_word' id='word_1_385' title='bbox 3093 2459 3241 2515; x_wconf 89' lang='lat' dir='ltr'><strong>velut</strong></span> <span class='ocrx_word' id='word_1_386' title='bbox 3287 2475 3319 2516; x_wconf 94' lang='lat' dir='ltr'><strong>e</strong></span> <span class='ocrx_word' id='word_1_387' title='bbox 3367 2475 3498 2516; x_wconf 86' lang='lat' dir='ltr'><strong>cera</strong></span> 
     </span>
    </p>
   </div>
   <div class='ocr_carea' id='block_1_55' title="bbox 1903 2550 3493 2621">
    <p class='ocr_par' dir='ltr' id='par_1_55' title="bbox 1903 2550 3493 2621">
     <span class='ocr_line' id='line_1_55' title="bbox 1903 2550 3493 2621; baseline 0.001 -15"><span class='ocrx_word' id='word_1_388' title='bbox 1903 2551 2292 2607; x_wconf 90' lang='lat' dir='ltr'><strong>eonformavit.</strong></span> <span class='ocrx_word' id='word_1_389' title='bbox 2326 2550 2529 2621; x_wconf 78' lang='lat' dir='ltr'><strong>Ecquis</strong></span> <span class='ocrx_word' id='word_1_390' title='bbox 2557 2551 2703 2605; x_wconf 89' lang='lat' dir='ltr'><strong>enim</strong></span> <span class='ocrx_word' id='word_1_391' title='bbox 2726 2551 2923 2621; x_wconf 82' lang='lat' dir='ltr'><strong>estqui</strong></span> <span class='ocrx_word' id='word_1_392' title='bbox 2948 2550 3222 2621; x_wconf 83' lang='lat' dir='ltr'><strong>providet,</strong></span> <span class='ocrx_word' id='word_1_393' title='bbox 3249 2567 3319 2607; x_wconf 91' lang='lat' dir='ltr'><strong>ne</strong></span> <span class='ocrx_word' id='word_1_394' title='bbox 3345 2551 3493 2607; x_wconf 84' lang='lat' dir='ltr'><strong>fetus</strong></span> 
     </span>
    </p>
   </div>
   <div class='ocr_carea' id='block_1_56' title="bbox 1905 2641 3495 2713">
    <p class='ocr_par' dir='ltr' id='par_1_56' title="bbox 1905 2641 3495 2713">
     <span class='ocr_line' id='line_1_56' title="bbox 1905 2641 3495 2713; baseline -0.001 -17"><span class='ocrx_word' id='word_1_395' title='bbox 1905 2643 2158 2699; x_wconf 89' lang='lat' dir='ltr'><strong>humoris</strong></span> <span class='ocrx_word' id='word_1_396' title='bbox 2186 2643 2369 2713; x_wconf 90' lang='lat' dir='ltr'><strong>copia,</strong></span> <span class='ocrx_word' id='word_1_397' title='bbox 2401 2650 2457 2697; x_wconf 90' lang='lat' dir='ltr'><strong>et</strong></span> <span class='ocrx_word' id='word_1_398' title='bbox 2484 2641 2901 2711; x_wconf 87' lang='lat' dir='ltr'><strong>compressione</strong></span> <span class='ocrx_word' id='word_1_399' title='bbox 2928 2655 3188 2696; x_wconf 75' lang='lat' dir='ltr'><strong>vasorum</strong></span> <span class='ocrx_word' id='word_1_400' title='bbox 3234 2643 3495 2704; x_wconf 78' lang='lat' dir='ltr'><strong>obrutus,</strong></span> 
     </span>
    </p>
   </div>
   <div class='ocr_carea' id='block_1_57' title="bbox 1904 2730 3499 2803">
    <p class='ocr_par' dir='ltr' id='par_1_57' title="bbox 1904 2730 3499 2803">
     <span class='ocr_line' id='line_1_57' title="bbox 1904 2730 3499 2803; baseline 0 -17"><span class='ocrx_word' id='word_1_401' title='bbox 1904 2732 2054 2787; x_wconf 89' lang='lat' dir='ltr'><strong>intus</strong></span> <span class='ocrx_word' id='word_1_402' title='bbox 2104 2731 2470 2803; x_wconf 69' lang='lat' dir='ltr'><strong>praefocetur?</strong></span> <span class='ocrx_word' id='word_1_403' title='bbox 2536 2738 2632 2784; x_wconf 87' lang='lat' dir='ltr'><strong>aut</strong></span> <span class='ocrx_word' id='word_1_404' title='bbox 2689 2730 2850 2800; x_wconf 89' lang='lat' dir='ltr'><strong>quis,</strong></span> <span class='ocrx_word' id='word_1_405' title='bbox 2906 2738 3199 2800; x_wconf 81' lang='lat' dir='ltr'><strong>postquam</strong></span> <span class='ocrx_word' id='word_1_406' title='bbox 3249 2739 3499 2801; x_wconf 86' lang='lat' dir='ltr'><strong>gestatus</strong></span> 
     </span>
    </p>
   </div>
   <div class='ocr_carea' id='block_1_58' title="bbox 1903 2820 3494 2889">
    <p class='ocr_par' dir='ltr' id='par_1_58' title="bbox 1903 2820 3494 2889">
     <span class='ocr_line' id='line_1_58' title="bbox 1903 2820 3494 2889; baseline -0.001 -11"><span class='ocrx_word' id='word_1_407' title='bbox 1903 2832 2064 2878; x_wconf 89' lang='lat' dir='ltr'><strong>utero</strong></span> <span class='ocrx_word' id='word_1_408' title='bbox 2093 2830 2200 2889; x_wconf 88' lang='lat' dir='ltr'><strong>est,</strong></span> <span class='ocrx_word' id='word_1_409' title='bbox 2246 2831 2302 2878; x_wconf 94' lang='lat' dir='ltr'><strong>et</strong></span> <span class='ocrx_word' id='word_1_410' title='bbox 2334 2820 2555 2876; x_wconf 75' lang='lat' dir='ltr'><strong>tandem</strong></span> <span class='ocrx_word' id='word_1_411' title='bbox 2588 2821 2642 2875; x_wconf 91' lang='lat' dir='ltr'><strong>in</strong></span> <span class='ocrx_word' id='word_1_412' title='bbox 2676 2821 2853 2875; x_wconf 90' lang='lat' dir='ltr'><strong>lucem</strong></span> <span class='ocrx_word' id='word_1_413' title='bbox 2886 2821 3093 2887; x_wconf 86' lang='lat' dir='ltr'><strong>editus,</strong></span> <span class='ocrx_word' id='word_1_414' title='bbox 3127 2834 3195 2876; x_wconf 79' lang='lat' dir='ltr'><strong>ex</strong></span> <span class='ocrx_word' id='word_1_415' title='bbox 3232 2821 3494 2877; x_wconf 82' lang='lat' dir='ltr'><strong>imbecilli</strong></span> 
     </span>
    </p>
   </div>
   <div class='ocr_carea' id='block_1_59' title="bbox 1902 2910 3497 2984">
    <p class='ocr_par' dir='ltr' id='par_1_59' title="bbox 1902 2910 3497 2984">
     <span class='ocr_line' id='line_1_59' title="bbox 1902 2910 3497 2984; baseline -0.002 -15"><span class='ocrx_word' id='word_1_416' title='bbox 1902 2922 1957 2969; x_wconf 89' lang='lat' dir='ltr'><strong>et</strong></span> <span class='ocrx_word' id='word_1_417' title='bbox 1992 2913 2196 2984; x_wconf 90' lang='lat' dir='ltr'><strong>pusillo</strong></span> <span class='ocrx_word' id='word_1_418' title='bbox 2227 2928 2514 2983; x_wconf 84' lang='lat' dir='ltr'><strong>magnum,</strong></span> <span class='ocrx_word' id='word_1_419' title='bbox 2558 2912 2853 2983; x_wconf 88' lang='lat' dir='ltr'><strong>pulchrum</strong></span> <span class='ocrx_word' id='word_1_420' title='bbox 2883 2919 2941 2966; x_wconf 94' lang='lat' dir='ltr'><strong>ct</strong></span> <span class='ocrx_word' id='word_1_421' title='bbox 2985 2910 3279 2967; x_wconf 89' lang='lat' dir='ltr'><strong>robustum</strong></span> <span class='ocrx_word' id='word_1_422' title='bbox 3317 2913 3497 2968; x_wconf 81' lang='lat' dir='ltr'><strong>reddi-</strong></span> 
     </span>
    </p>
   </div>
   <div class='ocr_carea' id='block_1_60' title="bbox 1901 3001 3493 3073">
    <p class='ocr_par' dir='ltr' id='par_1_60' title="bbox 1901 3001 3493 3073">
     <span class='ocr_line' id='line_1_60' title="bbox 1901 3001 3493 3073; baseline -0.001 -14"><span class='ocrx_word' id='word_1_423' title='bbox 1901 3004 1999 3067; x_wconf 89' lang='lat' dir='ltr'><strong>dit,</strong></span> <span class='ocrx_word' id='word_1_424' title='bbox 2032 3004 2139 3060; x_wconf 86' lang='lat' dir='ltr'><strong>nisi</strong></span> <span class='ocrx_word' id='word_1_425' title='bbox 2176 3003 2320 3058; x_wconf 87' lang='lat' dir='ltr'><strong>idem</strong></span> <span class='ocrx_word' id='word_1_426' title='bbox 2349 3003 2487 3073; x_wconf 90' lang='lat' dir='ltr'><strong>ipse,</strong></span> <span class='ocrx_word' id='word_1_427' title='bbox 2530 3017 2696 3072; x_wconf 90' lang='lat' dir='ltr'><strong>quem</strong></span> <span class='ocrx_word' id='word_1_428' title='bbox 2730 3001 2894 3057; x_wconf 90' lang='lat' dir='ltr'><strong>modo</strong></span> <span class='ocrx_word' id='word_1_429' title='bbox 2916 3002 3192 3069; x_wconf 88' lang='lat' dir='ltr'><strong>dicebam,</strong></span> <span class='ocrx_word' id='word_1_430' title='bbox 3226 3012 3493 3073; x_wconf 70' lang='lat' dir='ltr'><strong>praestan-</strong></span> 
     </span>
    </p>
   </div>
   <div class='ocr_carea' id='block_1_61' title="bbox 1902 3092 3490 3165">
    <p class='ocr_par' dir='ltr' id='par_1_61' title="bbox 1902 3092 3490 3165">
     <span class='ocr_line' id='line_1_61' title="bbox 1902 3092 3490 3165; baseline 0.001 -15"><span class='ocrx_word' id='word_1_431' title='bbox 1902 3094 2150 3150; x_wconf 85' lang='lat' dir='ltr'><strong>tissimus</strong></span> <span class='ocrx_word' id='word_1_432' title='bbox 2199 3092 2459 3147; x_wconf 87' lang='lat' dir='ltr'><strong>eondttor</strong></span> <span class='ocrx_word' id='word_1_433' title='bbox 2508 3092 2693 3156; x_wconf 88' lang='lat' dir='ltr'><strong>Deus,</strong></span> <span class='ocrx_word' id='word_1_434' title='bbox 2748 3093 2844 3162; x_wconf 82' lang='lat' dir='ltr'><strong>qui</strong></span> <span class='ocrx_word' id='word_1_435' title='bbox 2896 3094 3157 3163; x_wconf 63' lang='lat' dir='ltr'><strong>potentia:</strong></span> <span class='ocrx_word' id='word_1_436' title='bbox 3189 3108 3305 3149; x_wconf 66' lang='lat' dir='ltr'><strong>suae</strong></span> <span class='ocrx_word' id='word_1_437' title='bbox 3329 3093 3490 3165; x_wconf 80' lang='lat'><strong>311</strong></span> 
     </span>
    </p>
   </div>
   <div class='ocr_carea' id='block_1_62' title="bbox 209 3183 1792 3255">
    <p class='ocr_par' dir='ltr' id='par_1_62' title="bbox 209 3184 1792 3255">
     <span class='ocr_line' id='line_1_62' title="bbox 209 3184 1792 3255; baseline 0 -16"><span class='ocrx_word' id='word_1_438' title='bbox 209 3187 321 3239; x_wconf 81' lang='grc' dir='ltr'>πᾶν</span> <span class='ocrx_word' id='word_1_439' title='bbox 360 3186 417 3238; x_wconf 84' lang='grc' dir='ltr'><strong>δὲ</strong></span> <span class='ocrx_word' id='word_1_440' title='bbox 456 3185 518 3239; x_wconf 87' lang='grc' dir='ltr'><strong>τὸ</strong></span> <span class='ocrx_word' id='word_1_441' title='bbox 554 3187 659 3239; x_wconf 86' lang='grc' dir='ltr'><strong>ὑπὸ</strong></span> <span class='ocrx_word' id='word_1_442' title='bbox 701 3186 1002 3249; x_wconf 84' lang='grc' dir='ltr'>ἀθανασίας</span> <span class='ocrx_word' id='word_1_443' title='bbox 1042 3185 1334 3255; x_wconf 82' lang='grc' dir='ltr'>ὲργασθὲν,</span> <span class='ocrx_word' id='word_1_444' title='bbox 1382 3184 1669 3240; x_wconf 82' lang='grc' dir='ltr'>ἀθάνατον.</span> <span class='ocrx_word' id='word_1_445' title='bbox 1705 3187 1792 3239; x_wconf 84' lang='grc' dir='ltr'>Διὸ</span> 
     </span>
    </p>
   </div>
   <div class='ocr_carea' id='block_1_63' title="bbox 1895 3183 3494 3255">
    <p class='ocr_par' dir='ltr' id='par_1_63' title="bbox 1899 3183 3494 3253">
     <span class='ocr_line' id='line_1_63' title="bbox 1899 3183 3494 3253; baseline 0.001 -14"><span class='ocrx_word' id='word_1_446' title='bbox 1899 3185 2240 3249; x_wconf 81' lang='lat' dir='ltr'><strong>eliicaeitate,</strong></span> <span class='ocrx_word' id='word_1_447' title='bbox 2287 3185 2463 3238; x_wconf 90' lang='lat' dir='ltr'><strong>instar</strong></span> <span class='ocrx_word' id='word_1_448' title='bbox 2518 3183 2753 3252; x_wconf 88' lang='lat' dir='ltr'><strong>pictoris</strong></span> <span class='ocrx_word' id='word_1_449' title='bbox 2804 3183 3122 3253; x_wconf 89' lang='lat' dir='ltr'><strong>cujusdam,</strong></span> <span class='ocrx_word' id='word_1_450' title='bbox 3179 3185 3391 3243; x_wconf 86' lang='lat' dir='ltr'><strong>formas</strong></span> <span class='ocrx_word' id='word_1_451' title='bbox 3440 3189 3494 3241; x_wconf 91' lang='lat' dir='ltr'><strong>in</strong></span> 
     </span>
    </p>
   </div>
   <div class='ocr_carea' id='block_1_64' title="bbox 204 3273 1792 3349">
    <p class='ocr_par' dir='ltr' id='par_1_64' title="bbox 204 3276 1792 3349">
     <span class='ocr_line' id='line_1_64' title="bbox 204 3276 1792 3349; baseline 0 -18"><span class='ocrx_word' id='word_1_452' title='bbox 204 3280 301 3331; x_wconf 81' lang='grc' dir='ltr'><strong>τὸν</strong></span> <span class='ocrx_word' id='word_1_453' title='bbox 333 3280 434 3343; x_wconf 73' lang='grc' dir='ltr'><strong>μὲν</strong></span> <span class='ocrx_word' id='word_1_454' title='bbox 459 3278 747 3349; x_wconf 79' lang='grc' dir='ltr'>ἄνθρωπον</span> <span class='ocrx_word' id='word_1_455' title='bbox 775 3279 1153 3348; x_wconf 78' lang='grc' dir='ltr'>ηὐτούργησεν</span> <span class='ocrx_word' id='word_1_456' title='bbox 1194 3276 1357 3339; x_wconf 85' lang='grc' dir='ltr'>αὑτός</span> <span class='ocrx_word' id='word_1_457' title='bbox 1376 3292 1390 3308; x_wconf 77' lang='grc' dir='ltr'><strong><em>ο</em></strong></span> <span class='ocrx_word' id='word_1_458' title='bbox 1428 3277 1497 3329; x_wconf 79' lang='grc' dir='ltr'>τὰ</span> <span class='ocrx_word' id='word_1_459' title='bbox 1524 3277 1581 3329; x_wconf 82' lang='grc' dir='ltr'><strong>δὲ</strong></span> <span class='ocrx_word' id='word_1_460' title='bbox 1631 3278 1792 3331; x_wconf 83' lang='grc' dir='ltr'>λοιπὰ</span> 
     </span>
    </p>
   </div>
   <div class='ocr_carea' id='block_1_65' title="bbox 1895 3273 3495 3349">
    <p class='ocr_par' dir='ltr' id='par_1_65' title="bbox 1900 3273 3495 3344">
     <span class='ocr_line' id='line_1_65' title="bbox 1900 3273 3495 3344; baseline 0.004 -17"><span class='ocrx_word' id='word_1_461' title='bbox 1900 3276 2181 3330; x_wconf 82' lang='lat' dir='ltr'><strong>diversum</strong></span> <span class='ocrx_word' id='word_1_462' title='bbox 2240 3282 2438 3328; x_wconf 88' lang='lat' dir='ltr'><strong>mutat.</strong></span> <span class='ocrx_word' id='word_1_463' title='bbox 2492 3273 2636 3329; x_wconf 92' lang='lat' dir='ltr'><strong>Deus</strong></span> <span class='ocrx_word' id='word_1_464' title='bbox 2689 3274 3079 3331; x_wconf 87' lang='lat' dir='ltr'><strong>immortalitas</strong></span> <span class='ocrx_word' id='word_1_465' title='bbox 3123 3280 3238 3344; x_wconf 87' lang='lat' dir='ltr'><strong>est,</strong></span> <span class='ocrx_word' id='word_1_466' title='bbox 3290 3277 3401 3333; x_wconf 88' lang='lat' dir='ltr'><strong>vita</strong></span> <span class='ocrx_word' id='word_1_467' title='bbox 3440 3289 3495 3333; x_wconf 84' lang='lat' dir='ltr'><strong>ct</strong></span> 
     </span>
    </p>
   </div>
   <div class='ocr_carea' id='block_1_66' title="bbox 204 3368 1794 3442">
    <p class='ocr_par' dir='ltr' id='par_1_66' title="bbox 204 3368 1794 3442">
     <span class='ocr_line' id='line_1_66' title="bbox 204 3368 1794 3442; baseline 0 -20"><span class='ocrx_word' id='word_1_468' title='bbox 204 3370 341 3441; x_wconf 84' lang='grc' dir='ltr'>γένη</span> <span class='ocrx_word' id='word_1_469' title='bbox 363 3370 473 3423; x_wconf 83' lang='grc' dir='ltr'><strong>τῶν</strong></span> <span class='ocrx_word' id='word_1_470' title='bbox 497 3369 675 3436; x_wconf 75' lang='grc' dir='ltr'>ζώων,</span> <span class='ocrx_word' id='word_1_471' title='bbox 730 3370 875 3442; x_wconf 86' lang='grc' dir='ltr'>ἀέρι,</span> <span class='ocrx_word' id='word_1_472' title='bbox 913 3370 1008 3421; x_wconf 82' lang='grc' dir='ltr'>καὶ</span> <span class='ocrx_word' id='word_1_473' title='bbox 1033 3372 1126 3439; x_wconf 84' lang='grc' dir='ltr'><strong>γῇ,</strong></span> <span class='ocrx_word' id='word_1_474' title='bbox 1169 3369 1263 3420; x_wconf 77' lang='grc' dir='ltr'><strong>καὶ</strong></span> <span class='ocrx_word' id='word_1_475' title='bbox 1298 3368 1451 3421; x_wconf 73' lang='grc' dir='ltr'>ὕδατι</span> <span class='ocrx_word' id='word_1_476' title='bbox 1492 3369 1794 3439; x_wconf 82' lang='grc' dir='ltr'>προσέταξε</span> 
     </span>
    </p>
   </div>
   <div class='ocr_carea' id='block_1_67' title="bbox 204 3456 1794 3531">
    <p class='ocr_par' dir='ltr' id='par_1_67' title="bbox 204 3456 1794 3531">
     <span class='ocr_line' id='line_1_67' title="bbox 204 3456 1794 3531; baseline -0.001 -17"><span class='ocrx_word' id='word_1_477' title='bbox 204 3460 419 3531; x_wconf 83' lang='grc' dir='ltr'>φέρειν,</span> <span class='ocrx_word' id='word_1_478' title='bbox 458 3479 477 3513; x_wconf 84' lang='grc' dir='ltr'><strong>ι</strong></span> <span class='ocrx_word' id='word_1_479' title='bbox 520 3460 890 3529; x_wconf 81' lang='grc' dir='ltr'>Ἐξαγαγέτω,</span> <span class='ocrx_word' id='word_1_480' title='bbox 922 3459 1120 3527; x_wconf 88' lang='grc' dir='ltr'>λέγων,</span> <span class='ocrx_word' id='word_1_481' title='bbox 1157 3458 1227 3511; x_wconf 82' lang='grc' dir='ltr'><strong>τά</strong></span> <span class='ocrx_word' id='word_1_482' title='bbox 1257 3457 1422 3512; x_wconf 77' lang='grc' dir='ltr'>ὕδατα</span> <span class='ocrx_word' id='word_1_483' title='bbox 1446 3459 1653 3529; x_wconf 82' lang='grc' dir='ltr'>ἑρπετά</span> <span class='ocrx_word' id='word_1_484' title='bbox 1688 3456 1794 3523; x_wconf 82' lang='grc' dir='ltr'><strong>ζω-</strong></span> 
     </span>
    </p>
   </div>
   <div class='ocr_carea' id='block_1_68' title="bbox 206 3548 1793 3620">
    <p class='ocr_par' dir='ltr' id='par_1_68' title="bbox 206 3548 1793 3620">
     <span class='ocr_line' id='line_1_68' title="bbox 206 3548 1793 3620; baseline 0 -18"><span class='ocrx_word' id='word_1_485' title='bbox 206 3550 319 3603; x_wconf 85' lang='grc' dir='ltr'>σῶν</span> <span class='ocrx_word' id='word_1_486' title='bbox 346 3550 558 3620; x_wconf 77' lang='grc' dir='ltr'>ψυχῶν,</span> <span class='ocrx_word' id='word_1_487' title='bbox 585 3550 679 3602; x_wconf 73' lang='grc' dir='ltr'><strong>καὶ</strong></span> <span class='ocrx_word' id='word_1_488' title='bbox 717 3549 939 3602; x_wconf 89' lang='grc' dir='ltr'>πετεινά</span> <span class='ocrx_word' id='word_1_489' title='bbox 964 3548 1238 3617; x_wconf 88' lang='grc' dir='ltr'>πετόμενα</span> <span class='ocrx_word' id='word_1_490' title='bbox 1265 3549 1359 3600; x_wconf 71' lang='grc' dir='ltr'><strong>ἐπὶ</strong></span> <span class='ocrx_word' id='word_1_491' title='bbox 1384 3548 1483 3616; x_wconf 80' lang='grc' dir='ltr'>τῆς</span> <span class='ocrx_word' id='word_1_492' title='bbox 1505 3549 1629 3620; x_wconf 84' lang='grc' dir='ltr'>γῆς,</span> <span class='ocrx_word' id='word_1_493' title='bbox 1650 3549 1793 3603; x_wconf 83' lang='grc' dir='ltr'>κατά</span> 
     </span>
    </p>
   </div>
   <div class='ocr_carea' id='block_1_69' title="bbox 200 3639 1790 3712">
    <p class='ocr_par' dir='ltr' id='par_1_69' title="bbox 200 3639 1790 3712">
     <span class='ocr_line' id='line_1_69' title="bbox 200 3639 1790 3712; baseline 0.001 -20"><span class='ocrx_word' id='word_1_494' title='bbox 200 3642 266 3694; x_wconf 84' lang='grc' dir='ltr'><strong>τὸ</strong></span> <span class='ocrx_word' id='word_1_495' title='bbox 290 3641 578 3712; x_wconf 86' lang='grc' dir='ltr'>στερέωμα</span> <span class='ocrx_word' id='word_1_496' title='bbox 602 3640 695 3695; x_wconf 83' lang='grc' dir='ltr'>τοῦ</span> <span class='ocrx_word' id='word_1_497' title='bbox 717 3639 970 3711; x_wconf 85' lang='grc' dir='ltr'>οὐρανοῦ.</span> <span class='ocrx_word' id='word_1_498' title='bbox 996 3659 1015 3692; x_wconf 75' lang='grc' dir='ltr'><strong>ι</strong></span> <span class='ocrx_word' id='word_1_499' title='bbox 1048 3640 1179 3702; x_wconf 76' lang='grc' dir='ltr'>Καὶ,</span> <span class='ocrx_word' id='word_1_500' title='bbox 1216 3657 1233 3688; x_wconf 78' lang='grc' dir='ltr'>σ</span> <span class='ocrx_word' id='word_1_501' title='bbox 1283 3639 1628 3707; x_wconf 77' lang='grc' dir='ltr'>Ἐξαγαγέτω</span> <span class='ocrx_word' id='word_1_502' title='bbox 1661 3642 1690 3709; x_wconf 82' lang='grc' dir='ltr'>ἡ</span> <span class='ocrx_word' id='word_1_503' title='bbox 1714 3641 1790 3710; x_wconf 66' lang='grc' dir='ltr'><strong>⁷γῆ</strong></span> 
     </span>
    </p>
   </div>
   <div class='ocr_carea' id='block_1_70' title="bbox 200 3730 1790 3803">
    <p class='ocr_par' dir='ltr' id='par_1_70' title="bbox 200 3730 1790 3803">
     <span class='ocr_line' id='line_1_70' title="bbox 200 3730 1790 3803; baseline 0.003 -22"><span class='ocrx_word' id='word_1_504' title='bbox 200 3730 382 3800; x_wconf 75' lang='grc' dir='ltr'>ψυχὴν</span> <span class='ocrx_word' id='word_1_505' title='bbox 404 3731 585 3793; x_wconf 82' lang='grc' dir='ltr'>ζῶσαν</span> <span class='ocrx_word' id='word_1_506' title='bbox 607 3730 750 3783; x_wconf 86' lang='grc' dir='ltr'><strong>κατά</strong></span> <span class='ocrx_word' id='word_1_507' title='bbox 772 3732 948 3799; x_wconf 80' lang='grc' dir='ltr'>γένος’</span> <span class='ocrx_word' id='word_1_508' title='bbox 971 3730 1301 3801; x_wconf 78' lang='grc' dir='ltr'>τετράποδα,</span> <span class='ocrx_word' id='word_1_509' title='bbox 1322 3733 1415 3785; x_wconf 82' lang='grc' dir='ltr'><strong>καὶ</strong></span> <span class='ocrx_word' id='word_1_510' title='bbox 1441 3733 1668 3803; x_wconf 71' lang='grc' dir='ltr'>ἑρπετὰ,</span> <span class='ocrx_word' id='word_1_511' title='bbox 1695 3734 1790 3786; x_wconf 73' lang='grc' dir='ltr'>καὶ</span> 
     </span>
    </p>
   </div>
   <div class='ocr_carea' id='block_1_71' title="bbox 202 3823 1789 3896">
    <p class='ocr_par' dir='ltr' id='par_1_71' title="bbox 202 3823 1789 3896">
     <span class='ocr_line' id='line_1_71' title="bbox 202 3823 1789 3896; baseline 0.003 -22"><span class='ocrx_word' id='word_1_512' title='bbox 202 3823 372 3893; x_wconf 84' lang='grc' dir='ltr'>θηρία</span> <span class='ocrx_word' id='word_1_513' title='bbox 404 3823 506 3891; x_wconf 86' lang='grc' dir='ltr'><strong>τῆς</strong></span> <span class='ocrx_word' id='word_1_514' title='bbox 531 3823 633 3893; x_wconf 78' lang='grc' dir='ltr'>γῆς</span> <span class='ocrx_word' id='word_1_515' title='bbox 657 3824 799 3876; x_wconf 80' lang='grc' dir='ltr'>κατὰ</span> <span class='ocrx_word' id='word_1_516' title='bbox 829 3823 1009 3891; x_wconf 82' lang='grc' dir='ltr'>γένος.</span> <span class='ocrx_word' id='word_1_517' title='bbox 1049 3841 1068 3875; x_wconf 74' lang='grc' dir='ltr'><strong>ι</strong></span> <span class='ocrx_word' id='word_1_518' title='bbox 1118 3824 1243 3877; x_wconf 78' lang='grc' dir='ltr'>Ἐπὶ</span> <span class='ocrx_word' id='word_1_519' title='bbox 1283 3825 1341 3877; x_wconf 80' lang='grc' dir='ltr'>δὲ</span> <span class='ocrx_word' id='word_1_520' title='bbox 1367 3824 1462 3877; x_wconf 83' lang='grc' dir='ltr'>τοῦ</span> <span class='ocrx_word' id='word_1_521' title='bbox 1497 3824 1789 3896; x_wconf 87' lang='grc' dir='ltr'>ἀνθρώπου</span> 
     </span>
    </p>
   </div>
   <div class='ocr_carea' id='block_1_72' title="bbox 200 3913 1789 3986">
    <p class='ocr_par' dir='ltr' id='par_1_72' title="bbox 200 3913 1789 3986">
     <span class='ocr_line' id='line_1_72' title="bbox 200 3913 1789 3986; baseline 0.001 -20"><span class='ocrx_word' id='word_1_522' title='bbox 200 3915 301 3967; x_wconf 74' lang='grc' dir='ltr'><strong>οὐκ</strong></span> <span class='ocrx_word' id='word_1_523' title='bbox 332 3914 436 3979; x_wconf 83' lang='grc' dir='ltr'>ἔτι,</span> <span class='ocrx_word' id='word_1_524' title='bbox 454 3933 473 3965; x_wconf 81' lang='grc' dir='ltr'><strong>ι</strong></span> <span class='ocrx_word' id='word_1_525' title='bbox 497 3913 895 3983; x_wconf 75' lang='grc' dir='ltr'>Ἐξαγαγέτω,ι</span> <span class='ocrx_word' id='word_1_526' title='bbox 924 3914 1084 3980; x_wconf 81' lang='grc' dir='ltr'>ἀλλὰ,</span> <span class='ocrx_word' id='word_1_527' title='bbox 1121 3916 1475 3985; x_wconf 81' lang='grc' dir='ltr'>ιῐῙοιήσωμεν</span> <span class='ocrx_word' id='word_1_528' title='bbox 1502 3916 1789 3986; x_wconf 84' lang='grc' dir='ltr'>ἄνθρωπον</span> 
     </span>
    </p>
   </div>
   <div class='ocr_carea' id='block_1_73' title="bbox 201 4005 1785 4077">
    <p class='ocr_par' dir='ltr' id='par_1_73' title="bbox 201 4005 1785 4077">
     <span class='ocr_line' id='line_1_73' title="bbox 201 4005 1785 4077; baseline 0 -19"><span class='ocrx_word' id='word_1_529' title='bbox 201 4008 321 4058; x_wconf 78' lang='grc' dir='ltr'>κατ’</span> <span class='ocrx_word' id='word_1_530' title='bbox 367 4007 555 4059; x_wconf 84' lang='grc' dir='ltr'>εἰκόνα</span> <span class='ocrx_word' id='word_1_531' title='bbox 612 4006 891 4077; x_wconf 81' lang='grc' dir='ltr'>ἡμετέραν</span> <span class='ocrx_word' id='word_1_532' title='bbox 942 4009 1038 4062; x_wconf 77' lang='grc' dir='ltr'><strong>καὶ</strong></span> <span class='ocrx_word' id='word_1_533' title='bbox 1085 4005 1207 4061; x_wconf 80' lang='grc' dir='ltr'>καθ’</span> <span class='ocrx_word' id='word_1_534' title='bbox 1257 4006 1540 4077; x_wconf 85' lang='grc' dir='ltr'>ὁμοίωσιν.</span> <span class='ocrx_word' id='word_1_535' title='bbox 1580 4027 1599 4059; x_wconf 72' lang='grc' dir='ltr'><strong>ι</strong></span> <span class='ocrx_word' id='word_1_536' title='bbox 1642 4007 1785 4072; x_wconf 75' lang='grc' dir='ltr'>Καὶ,</span> 
     </span>
    </p>
   </div>
   <div class='ocr_carea' id='block_1_74' title="bbox 206 4098 1788 4171">
    <p class='ocr_par' dir='ltr' id='par_1_74' title="bbox 206 4098 1788 4171">
     <span class='ocr_line' id='line_1_74' title="bbox 206 4098 1788 4171; baseline 0.001 -22"><span class='ocrx_word' id='word_1_537' title='bbox 206 4118 225 4149; x_wconf 70' lang='grc' dir='ltr'><em>ς</em></span> <span class='ocrx_word' id='word_1_538' title='bbox 266 4099 500 4153; x_wconf 76' lang='grc' dir='ltr'>Ἔλαϐεν</span> <span class='ocrx_word' id='word_1_539' title='bbox 530 4099 560 4151; x_wconf 89' lang='lat'><strong>6</strong></span> <span class='ocrx_word' id='word_1_540' title='bbox 584 4099 717 4162; x_wconf 85' lang='grc' dir='ltr'>Θεὸς</span> <span class='ocrx_word' id='word_1_541' title='bbox 744 4098 873 4169; x_wconf 76' lang='grc' dir='ltr'>χοῦν</span> <span class='ocrx_word' id='word_1_542' title='bbox 893 4098 1004 4152; x_wconf 86' lang='grc' dir='ltr'><strong>ἀπὸ</strong></span> <span class='ocrx_word' id='word_1_543' title='bbox 1034 4099 1133 4171; x_wconf 83' lang='grc' dir='ltr'><strong>τῆς</strong></span> <span class='ocrx_word' id='word_1_544' title='bbox 1166 4098 1291 4169; x_wconf 85' lang='grc' dir='ltr'>γῆς,</span> <span class='ocrx_word' id='word_1_545' title='bbox 1318 4101 1412 4151; x_wconf 73' lang='grc' dir='ltr'>καὶ</span> <span class='ocrx_word' id='word_1_546' title='bbox 1432 4099 1669 4153; x_wconf 74' lang='grc' dir='ltr'>ἔπλασεν</span> <span class='ocrx_word' id='word_1_547' title='bbox 1692 4100 1788 4153; x_wconf 76' lang='grc' dir='ltr'><strong>αὺ-</strong></span> 
     </span>
    </p>
   </div>
   <div class='ocr_carea' id='block_1_75' title="bbox 196 4192 365 4244">
    <p class='ocr_par' dir='ltr' id='par_1_75' title="bbox 196 4192 365 4244">
     <span class='ocr_line' id='line_1_75' title="bbox 196 4192 365 4244; baseline -0.006 -1"><span class='ocrx_word' id='word_1_548' title='bbox 196 4192 314 4244; x_wconf 78' lang='grc' dir='ltr'>τόν.</span> <span class='ocrx_word' id='word_1_549' title='bbox 347 4210 365 4242; x_wconf 71' lang='grc' dir='ltr'><strong>ι</strong></span> 
     </span>
    </p>
   </div>
   <div class='ocr_carea' id='block_1_76' title="bbox 1899 3362 3490 3439">
    <p class='ocr_par' dir='ltr' id='par_1_76' title="bbox 1899 3362 3490 3439">
     <span class='ocr_line' id='line_1_76' title="bbox 1899 3362 3490 3439; baseline 0.003 -21"><span class='ocrx_word' id='word_1_550' title='bbox 1899 3365 2251 3434; x_wconf 91' lang='lat' dir='ltr'><strong>incorruptio</strong></span> <span class='ocrx_word' id='word_1_551' title='bbox 2295 3382 2310 3418; x_wconf 87' lang='lat'><strong>:</strong></span> <span class='ocrx_word' id='word_1_552' title='bbox 2359 3378 2501 3434; x_wconf 88' lang='lat' dir='ltr'><strong>opus</strong></span> <span class='ocrx_word' id='word_1_553' title='bbox 2560 3375 2745 3418; x_wconf 89' lang='lat' dir='ltr'><strong>autem</strong></span> <span class='ocrx_word' id='word_1_554' title='bbox 2784 3362 2902 3428; x_wconf 89' lang='lat' dir='ltr'><strong>Dei,</strong></span> <span class='ocrx_word' id='word_1_555' title='bbox 2961 3364 3150 3421; x_wconf 90' lang='lat' dir='ltr'><strong>homo.</strong></span> <span class='ocrx_word' id='word_1_556' title='bbox 3213 3364 3490 3439; x_wconf 79' lang='lat' dir='ltr'><strong>Quidquid</strong></span> 
     </span>
    </p>
   </div>
   <div class='ocr_carea' id='block_1_77' title="bbox 1898 3455 3489 3527">
    <p class='ocr_par' dir='ltr' id='par_1_77' title="bbox 1898 3455 3489 3527">
     <span class='ocr_line' id='line_1_77' title="bbox 1898 3455 3489 3527; baseline 0.004 -16"><span class='ocrx_word' id='word_1_557' title='bbox 1898 3473 2064 3527; x_wconf 92' lang='lat' dir='ltr'><strong>porro</strong></span> <span class='ocrx_word' id='word_1_558' title='bbox 2095 3458 2165 3510; x_wconf 91' lang='lat' dir='ltr'><strong>ab</strong></span> <span class='ocrx_word' id='word_1_559' title='bbox 2196 3456 2614 3511; x_wconf 78' lang='lat' dir='ltr'><strong>immortalitate</strong></span> <span class='ocrx_word' id='word_1_560' title='bbox 2659 3455 2865 3511; x_wconf 88' lang='lat' dir='ltr'><strong>factum</strong></span> <span class='ocrx_word' id='word_1_561' title='bbox 2916 3464 3024 3522; x_wconf 90' lang='lat' dir='ltr'><strong>est,</strong></span> <span class='ocrx_word' id='word_1_562' title='bbox 3072 3458 3382 3517; x_wconf 85' lang='lat' dir='ltr'><strong>immortale</strong></span> <span class='ocrx_word' id='word_1_563' title='bbox 3420 3462 3489 3517; x_wconf 85' lang='lat' dir='ltr'><strong>sit</strong></span> 
     </span>
    </p>
   </div>
   <div class='ocr_carea' id='block_1_78' title="bbox 1896 3546 3493 3619">
    <p class='ocr_par' dir='ltr' id='par_1_78' title="bbox 1896 3546 3493 3619">
     <span class='ocr_line' id='line_1_78' title="bbox 1896 3546 3493 3619; baseline 0.004 -16"><span class='ocrx_word' id='word_1_564' title='bbox 1896 3557 2135 3618; x_wconf 89' lang='lat' dir='ltr'><strong>oportet.</strong></span> <span class='ocrx_word' id='word_1_565' title='bbox 2167 3547 2245 3601; x_wconf 90' lang='lat' dir='ltr'><strong>Ac</strong></span> <span class='ocrx_word' id='word_1_566' title='bbox 2277 3547 2513 3617; x_wconf 90' lang='lat' dir='ltr'><strong>proinde</strong></span> <span class='ocrx_word' id='word_1_567' title='bbox 2538 3546 2760 3616; x_wconf 89' lang='lat' dir='ltr'><strong>quidem</strong></span> <span class='ocrx_word' id='word_1_568' title='bbox 2795 3547 3072 3604; x_wconf 90' lang='lat' dir='ltr'><strong>hominem</strong></span> <span class='ocrx_word' id='word_1_569' title='bbox 3097 3551 3333 3619; x_wconf 89' lang='lat' dir='ltr'><strong>ipsemet</strong></span> <span class='ocrx_word' id='word_1_570' title='bbox 3361 3553 3493 3610; x_wconf 69' lang='grc' dir='ltr'>επε-</span> 
     </span>
    </p>
   </div>
   <div class='ocr_carea' id='block_1_79' title="bbox 1895 3634 3488 3706">
    <p class='ocr_par' dir='ltr' id='par_1_79' title="bbox 1895 3634 3488 3706">
     <span class='ocr_line' id='line_1_79' title="bbox 1895 3634 3488 3706; baseline 0.003 -14"><span class='ocrx_word' id='word_1_571' title='bbox 1895 3640 2008 3692; x_wconf 90' lang='lat' dir='ltr'><strong>cit:</strong></span> <span class='ocrx_word' id='word_1_572' title='bbox 2042 3636 2250 3705; x_wconf 81' lang='lat' dir='ltr'><strong>reliqua</strong></span> <span class='ocrx_word' id='word_1_573' title='bbox 2274 3644 2455 3689; x_wconf 86' lang='lat' dir='ltr'><strong>autem</strong></span> <span class='ocrx_word' id='word_1_574' title='bbox 2489 3634 2853 3688; x_wconf 77' lang='lat' dir='ltr'><strong>animantium</strong></span> <span class='ocrx_word' id='word_1_575' title='bbox 2886 3651 3109 3705; x_wconf 83' lang='lat' dir='ltr'><strong>genera,</strong></span> <span class='ocrx_word' id='word_1_576' title='bbox 3135 3639 3274 3705; x_wconf 92' lang='lat' dir='ltr'><strong>aeri,</strong></span> <span class='ocrx_word' id='word_1_577' title='bbox 3308 3647 3488 3706; x_wconf 64' lang='lat' dir='ltr'><strong>terra,</strong></span> 
     </span>
    </p>
   </div>
   <div class='ocr_carea' id='block_1_80' title="bbox 1897 3725 3484 3799">
    <p class='ocr_par' dir='ltr' id='par_1_80' title="bbox 1897 3725 3484 3799">
     <span class='ocr_line' id='line_1_80' title="bbox 1897 3725 3484 3799; baseline 0.001 -16"><span class='ocrx_word' id='word_1_578' title='bbox 1897 3739 1951 3786; x_wconf 88' lang='lat' dir='ltr'><strong>et</strong></span> <span class='ocrx_word' id='word_1_579' title='bbox 1983 3729 2142 3799; x_wconf 83' lang='lat' dir='ltr'><strong>aquis</strong></span> <span class='ocrx_word' id='word_1_580' title='bbox 2173 3726 2527 3798; x_wconf 85' lang='lat' dir='ltr'><strong>producenda</strong></span> <span class='ocrx_word' id='word_1_581' title='bbox 2564 3725 2864 3781; x_wconf 86' lang='lat' dir='ltr'><strong>mandavit.</strong></span> <span class='ocrx_word' id='word_1_582' title='bbox 2904 3745 2923 3778; x_wconf 81' lang='grc' dir='ltr'><strong>ι</strong></span> <span class='ocrx_word' id='word_1_583' title='bbox 2961 3726 3277 3784; x_wconf 85' lang='lat' dir='ltr'><strong>Producant</strong></span> <span class='ocrx_word' id='word_1_584' title='bbox 3316 3732 3484 3794; x_wconf 85' lang='lat' dir='ltr'><strong>enim.</strong></span> 
     </span>
    </p>
   </div>
   <div class='ocr_carea' id='block_1_81' title="bbox 1897 3819 3487 3892">
    <p class='ocr_par' dir='ltr' id='par_1_81' title="bbox 1897 3819 3487 3892">
     <span class='ocr_line' id='line_1_81' title="bbox 1897 3819 3487 3892; baseline 0.004 -17"><span class='ocrx_word' id='word_1_585' title='bbox 1897 3822 2098 3892; x_wconf 87' lang='lat' dir='ltr'><strong>inquit,</strong></span> <span class='ocrx_word' id='word_1_586' title='bbox 2130 3835 2286 3890; x_wconf 71' lang='lat' dir='ltr'><strong>aqum</strong></span> <span class='ocrx_word' id='word_1_587' title='bbox 2337 3819 2551 3888; x_wconf 83' lang='lat' dir='ltr'><strong>rcpulia</strong></span> <span class='ocrx_word' id='word_1_588' title='bbox 2587 3819 2891 3873; x_wconf 77' lang='lat' dir='ltr'><strong>viventium</strong></span> <span class='ocrx_word' id='word_1_589' title='bbox 2926 3821 3262 3890; x_wconf 88' lang='lat' dir='ltr'><strong>animarum,</strong></span> <span class='ocrx_word' id='word_1_590' title='bbox 3301 3833 3356 3881; x_wconf 92' lang='lat' dir='ltr'><strong>et</strong></span> <span class='ocrx_word' id='word_1_591' title='bbox 3390 3840 3487 3882; x_wconf 84' lang='lat' dir='ltr'><strong>vo-</strong></span> 
     </span>
    </p>
   </div>
   <div class='ocr_carea' id='block_1_82' title="bbox 1899 3914 3481 3982">
    <p class='ocr_par' dir='ltr' id='par_1_82' title="bbox 1899 3914 3481 3982">
     <span class='ocr_line' id='line_1_82' title="bbox 1899 3914 3481 3982; baseline 0.003 -15"><span class='ocrx_word' id='word_1_592' title='bbox 1899 3914 2071 3968; x_wconf 87' lang='lat' dir='ltr'><strong>latilia</strong></span> <span class='ocrx_word' id='word_1_593' title='bbox 2112 3914 2355 3967; x_wconf 73' lang='lat' dir='ltr'><strong>volantia</strong></span> <span class='ocrx_word' id='word_1_594' title='bbox 2417 3926 2582 3980; x_wconf 85' lang='lat' dir='ltr'><strong>super</strong></span> <span class='ocrx_word' id='word_1_595' title='bbox 2641 3920 2868 3979; x_wconf 89' lang='lat' dir='ltr'><strong>terram,</strong></span> <span class='ocrx_word' id='word_1_596' title='bbox 2926 3928 3023 3982; x_wconf 87' lang='lat' dir='ltr'><strong>per</strong></span> <span class='ocrx_word' id='word_1_597' title='bbox 3075 3915 3481 3972; x_wconf 84' lang='lat' dir='ltr'><strong>firmamentum</strong></span> 
     </span>
    </p>
   </div>
   <div class='ocr_carea' id='block_1_83' title="bbox 1896 4000 3480 4077">
    <p class='ocr_par' dir='ltr' id='par_1_83' title="bbox 1896 4000 3480 4077">
     <span class='ocr_line' id='line_1_83' title="bbox 1896 4000 3480 4077; baseline 0.003 -16"><span class='ocrx_word' id='word_1_598' title='bbox 1896 4008 2019 4061; x_wconf 75' lang='lat' dir='ltr'><strong>cmh</strong></span> <span class='ocrx_word' id='word_1_599' title='bbox 2056 4003 2208 4077; x_wconf 83' lang='lat' dir='ltr'><strong>(Gen.</strong></span> <span class='ocrx_word' id='word_1_600' title='bbox 2246 4021 2283 4067; x_wconf 85' lang='grc' dir='ltr'><strong>ι,</strong></span> <span class='ocrx_word' id='word_1_601' title='bbox 2313 4004 2427 4073; x_wconf 75' lang='grc'><strong>20).</strong></span> <span class='ocrx_word' id='word_1_602' title='bbox 2460 4022 2479 4056; x_wconf 73' lang='grc' dir='ltr'><strong>ι</strong></span> <span class='ocrx_word' id='word_1_603' title='bbox 2513 4000 2580 4057; x_wconf 88' lang='grc' dir='ltr'>Ει</span> <span class='ocrx_word' id='word_1_604' title='bbox 2613 4023 2627 4059; x_wconf 87' lang='lat'><strong>:</strong></span> <span class='ocrx_word' id='word_1_605' title='bbox 2669 4023 2687 4055; x_wconf 76' lang='grc' dir='ltr'><strong>ι</strong></span> <span class='ocrx_word' id='word_1_606' title='bbox 2734 4002 3011 4062; x_wconf 87' lang='lat' dir='ltr'><strong>Produeat</strong></span> <span class='ocrx_word' id='word_1_607' title='bbox 3052 4015 3201 4063; x_wconf 89' lang='lat' dir='ltr'><strong>terra</strong></span> <span class='ocrx_word' id='word_1_608' title='bbox 3238 4010 3480 4065; x_wconf 86' lang='lat' dir='ltr'><strong>animam</strong></span> 
     </span>
    </p>
   </div>
   <div class='ocr_carea' id='block_1_84' title="bbox 1897 4097 3482 4170">
    <p class='ocr_par' dir='ltr' id='par_1_84' title="bbox 1897 4097 3482 4170">
     <span class='ocr_line' id='line_1_84' title="bbox 1897 4097 3482 4170; baseline 0.003 -17"><span class='ocrx_word' id='word_1_609' title='bbox 1897 4100 2165 4154; x_wconf 87' lang='lat' dir='ltr'><strong>viventem</strong></span> <span class='ocrx_word' id='word_1_610' title='bbox 2209 4097 2510 4153; x_wconf 87' lang='lat' dir='ltr'><strong>secundum</strong></span> <span class='ocrx_word' id='word_1_611' title='bbox 2558 4112 2734 4166; x_wconf 83' lang='lat' dir='ltr'><strong>genus</strong></span> <span class='ocrx_word' id='word_1_612' title='bbox 2770 4097 2925 4167; x_wconf 87' lang='lat' dir='ltr'><strong>(ibid.</strong></span> <span class='ocrx_word' id='word_1_613' title='bbox 2957 4099 3071 4170; x_wconf 69' lang='grc'><strong>24).</strong></span> <span class='ocrx_word' id='word_1_614' title='bbox 3111 4119 3131 4153; x_wconf 71' lang='grc' dir='ltr'><strong>ι</strong></span> <span class='ocrx_word' id='word_1_615' title='bbox 3166 4103 3236 4155; x_wconf 85' lang='lat' dir='ltr'><strong>At</strong></span> <span class='ocrx_word' id='word_1_616' title='bbox 3280 4102 3349 4158; x_wconf 85' lang='lat' dir='ltr'><strong>de</strong></span> <span class='ocrx_word' id='word_1_617' title='bbox 3381 4102 3482 4157; x_wconf 81' lang='lat' dir='ltr'><strong>lto-</strong></span> 
     </span>
    </p>
   </div>
   <div class='ocr_carea' id='block_1_85' title="bbox 1892 4188 3481 4253">
    <p class='ocr_par' dir='ltr' id='par_1_85' title="bbox 1892 4188 3481 4253">
     <span class='ocr_line' id='line_1_85' title="bbox 1892 4188 3481 4253; baseline 0.001 -9"><span class='ocrx_word' id='word_1_618' title='bbox 1892 4190 2040 4245; x_wconf 85' lang='lat' dir='ltr'><strong>mine</strong></span> <span class='ocrx_word' id='word_1_619' title='bbox 2069 4204 2177 4244; x_wconf 90' lang='lat' dir='ltr'><strong>non</strong></span> <span class='ocrx_word' id='word_1_620' title='bbox 2218 4189 2346 4244; x_wconf 90' lang='lat' dir='ltr'><strong>item</strong></span> <span class='ocrx_word' id='word_1_621' title='bbox 2379 4188 2543 4251; x_wconf 82' lang='lat' dir='ltr'><strong>dixit.</strong></span> <span class='ocrx_word' id='word_1_622' title='bbox 2576 4188 2883 4253; x_wconf 83' lang='lat' dir='ltr'><strong>Producat;</strong></span> <span class='ocrx_word' id='word_1_623' title='bbox 2941 4192 3039 4247; x_wconf 92' lang='lat' dir='ltr'><strong>sed</strong></span> <span class='ocrx_word' id='word_1_624' title='bbox 3068 4210 3081 4246; x_wconf 92' lang='lat'>:</span> <span class='ocrx_word' id='word_1_625' title='bbox 3125 4210 3142 4244; x_wconf 86' lang='grc' dir='ltr'><strong>ι</strong></span> <span class='ocrx_word' id='word_1_626' title='bbox 3186 4191 3481 4249; x_wconf 71' lang='lat' dir='ltr'><strong>Faciamus</strong></span> 
     </span>
    </p>
   </div>
   <div class='ocr_carea' id='block_1_86' title="bbox 200 4277 3480 4353">
    <p class='ocr_par' dir='ltr' id='par_1_86' title="bbox 200 4277 3480 4353">
     <span class='ocr_line' id='line_1_86' title="bbox 200 4277 3480 4353; baseline 0.002 -20"><span class='ocrx_word' id='word_1_627' title='bbox 200 4282 480 4337; x_wconf 88' lang='lat' dir='ltr'><strong>hominem</strong></span> <span class='ocrx_word' id='word_1_628' title='bbox 530 4284 595 4336; x_wconf 77' lang='lat' dir='ltr'><strong>al</strong></span> <span class='ocrx_word' id='word_1_629' title='bbox 631 4282 930 4353; x_wconf 84' lang='lat' dir='ltr'><strong>imaginem</strong></span> <span class='ocrx_word' id='word_1_630' title='bbox 964 4292 1206 4336; x_wconf 84' lang='lat' dir='ltr'><strong>nostram</strong></span> <span class='ocrx_word' id='word_1_631' title='bbox 1251 4290 1307 4336; x_wconf 91' lang='lat' dir='ltr'><strong>et</strong></span> <span class='ocrx_word' id='word_1_632' title='bbox 1340 4280 1758 4336; x_wconf 87' lang='lat' dir='ltr'><strong>similitudinem</strong></span> <span class='ocrx_word' id='word_1_633' title='bbox 1826 4277 1890 4331; x_wconf 82' lang='lat' dir='ltr'><strong>Et</strong></span> <span class='ocrx_word' id='word_1_634' title='bbox 1936 4280 2239 4349; x_wconf 88' lang='lat' dir='ltr'><strong>assumpsit</strong></span> <span class='ocrx_word' id='word_1_635' title='bbox 2297 4277 2440 4334; x_wconf 87' lang='lat' dir='ltr'><strong>Deus</strong></span> <span class='ocrx_word' id='word_1_636' title='bbox 2487 4280 2771 4349; x_wconf 87' lang='lat' dir='ltr'><strong>pulverem</strong></span> <span class='ocrx_word' id='word_1_637' title='bbox 2807 4280 2875 4337; x_wconf 89' lang='lat' dir='ltr'><strong>de</strong></span> <span class='ocrx_word' id='word_1_638' title='bbox 2908 4290 3076 4348; x_wconf 89' lang='lat' dir='ltr'><strong>terra,</strong></span> <span class='ocrx_word' id='word_1_639' title='bbox 3153 4291 3209 4338; x_wconf 87' lang='lat' dir='ltr'><strong>et</strong></span> <span class='ocrx_word' id='word_1_640' title='bbox 3273 4283 3480 4342; x_wconf 76' lang='lat' dir='ltr'><strong>cﬂinxit</strong></span> 
     </span>
    </p>
   </div>
   <div class='ocr_carea' id='block_1_87' title="bbox 198 4389 407 4428">
    <p class='ocr_par' dir='ltr' id='par_1_87' title="bbox 198 4389 407 4428">
     <span class='ocr_line' id='line_1_87' title="bbox 198 4389 407 4428; baseline -0.014 0"><span class='ocrx_word' id='word_1_641' title='bbox 198 4389 347 4428; x_wconf 83' lang='lat' dir='ltr'><strong>ettltl.</strong></span> <span class='ocrx_word' id='word_1_642' title='bbox 389 4394 407 4425; x_wconf 76' lang='grc' dir='ltr'><strong>ι</strong></span> 
     </span>
    </p>
   </div>
   <div class='ocr_carea' id='block_1_88' title="bbox 272 4462 1781 4535">
    <p class='ocr_par' dir='ltr' id='par_1_88' title="bbox 272 4462 1781 4535">
     <span class='ocr_line' id='line_1_88' title="bbox 272 4462 1781 4535; baseline -0.003 -18"><span class='ocrx_word' id='word_1_643' title='bbox 272 4466 443 4535; x_wconf 83' lang='grc' dir='ltr'>Σῶμα</span> <span class='ocrx_word' id='word_1_644' title='bbox 499 4464 711 4517; x_wconf 74' lang='grc' dir='ltr'>ἔκτισεν</span> <span class='ocrx_word' id='word_1_645' title='bbox 762 4467 789 4518; x_wconf 93' lang='lat'><strong>6</strong></span> <span class='ocrx_word' id='word_1_646' title='bbox 827 4464 979 4527; x_wconf 88' lang='grc' dir='ltr'>Θεὸς,</span> <span class='ocrx_word' id='word_1_647' title='bbox 1035 4464 1158 4533; x_wconf 62' lang='grc' dir='ltr'><strong>οὐχ)⁵</strong></span> <span class='ocrx_word' id='word_1_648' title='bbox 1209 4463 1402 4516; x_wconf 81' lang='grc' dir='ltr'>νόσον·</span> <span class='ocrx_word' id='word_1_649' title='bbox 1454 4462 1550 4516; x_wconf 72' lang='grc' dir='ltr'><strong>καὶ</strong></span> <span class='ocrx_word' id='word_1_650' title='bbox 1603 4462 1781 4531; x_wconf 73' lang='grc' dir='ltr'>ψυχὴν</span> 
     </span>
    </p>
   </div>
   <div class='ocr_carea' id='block_1_89' title="bbox 198 4553 1777 4626">
    <p class='ocr_par' dir='ltr' id='par_1_89' title="bbox 198 4553 1777 4626">
     <span class='ocr_line' id='line_1_89' title="bbox 198 4553 1777 4626; baseline -0.001 -19"><span class='ocrx_word' id='word_1_651' title='bbox 198 4557 457 4626; x_wconf 75' lang='grc' dir='ltr'>ἐποίησεν</span> <span class='ocrx_word' id='word_1_652' title='bbox 493 4556 523 4608; x_wconf 88' lang='lat'><strong>6</strong></span> <span class='ocrx_word' id='word_1_653' title='bbox 549 4556 701 4620; x_wconf 79' lang='grc' dir='ltr'>Θεὸς,</span> <span class='ocrx_word' id='word_1_654' title='bbox 741 4557 860 4626; x_wconf 80' lang='grc' dir='ltr'>οὐχὶ</span> <span class='ocrx_word' id='word_1_655' title='bbox 906 4556 963 4609; x_wconf 80' lang='grc' dir='ltr'>δὲ</span> <span class='ocrx_word' id='word_1_656' title='bbox 1012 4555 1289 4625; x_wconf 80' lang='grc' dir='ltr'>ἁμαρτίαν</span> <span class='ocrx_word' id='word_1_657' title='bbox 1311 4570 1325 4583; x_wconf 77' lang='grc'><em>’</em></span> <span class='ocrx_word' id='word_1_658' title='bbox 1374 4553 1629 4624; x_wconf 83' lang='grc' dir='ltr'>ἐκακώθη</span> <span class='ocrx_word' id='word_1_659' title='bbox 1660 4555 1715 4605; x_wconf 80' lang='grc' dir='ltr'>δὲ</span> <span class='ocrx_word' id='word_1_660' title='bbox 1746 4556 1777 4624; x_wconf 77' lang='grc' dir='ltr'>ἡ</span> 
     </span>
    </p>
   </div>
   <div class='ocr_carea' id='block_1_90' title="bbox 194 4646 1780 4719">
    <p class='ocr_par' dir='ltr' id='par_1_90' title="bbox 194 4646 1780 4719">
     <span class='ocr_line' id='line_1_90' title="bbox 194 4646 1780 4719; baseline 0.001 -19"><span class='ocrx_word' id='word_1_661' title='bbox 194 4648 346 4719; x_wconf 73' lang='grc' dir='ltr'>ψυχὴ</span> <span class='ocrx_word' id='word_1_662' title='bbox 375 4652 801 4719; x_wconf 86' lang='grc' dir='ltr'>παρατραπείσα</span> <span class='ocrx_word' id='word_1_663' title='bbox 827 4648 923 4703; x_wconf 83' lang='grc' dir='ltr'>τοῦ</span> <span class='ocrx_word' id='word_1_664' title='bbox 945 4650 1088 4703; x_wconf 86' lang='grc' dir='ltr'><strong>κατά</strong></span> <span class='ocrx_word' id='word_1_665' title='bbox 1115 4650 1297 4717; x_wconf 85' lang='grc' dir='ltr'>φύσιν.</span> <span class='ocrx_word' id='word_1_666' title='bbox 1321 4646 1430 4702; x_wconf 85' lang='grc' dir='ltr'>Ἦν</span> <span class='ocrx_word' id='word_1_667' title='bbox 1464 4666 1592 4701; x_wconf 87' lang='grc' dir='ltr'>ποτε</span> <span class='ocrx_word' id='word_1_668' title='bbox 1609 4649 1731 4701; x_wconf 76' lang='grc' dir='ltr'>Ἀδά</span> <span class='ocrx_word' id='word_1_669' title='bbox 1741 4667 1780 4719; x_wconf 90' lang='grc' dir='ltr'><strong>μ</strong></span> 
     </span>
    </p>
   </div>
   <div class='ocr_carea' id='block_1_91' title="bbox 194 4740 1779 4812">
    <p class='ocr_par' dir='ltr' id='par_1_91' title="bbox 194 4740 1779 4812">
     <span class='ocr_line' id='line_1_91' title="bbox 194 4740 1779 4812; baseline -0.001 -20"><span class='ocrx_word' id='word_1_670' title='bbox 194 4741 332 4805; x_wconf 79' lang='grc' dir='ltr'>ἄνω,</span> <span class='ocrx_word' id='word_1_671' title='bbox 358 4740 419 4792; x_wconf 84' lang='grc' dir='ltr'><strong>οὐ</strong></span> <span class='ocrx_word' id='word_1_672' title='bbox 451 4741 621 4810; x_wconf 83' lang='grc' dir='ltr'>τόπῳ,</span> <span class='ocrx_word' id='word_1_673' title='bbox 640 4741 779 4795; x_wconf 86' lang='grc' dir='ltr'><strong>ἀλλά</strong></span> <span class='ocrx_word' id='word_1_674' title='bbox 802 4744 867 4811; x_wconf 78' lang='grc' dir='ltr'>τῇ</span> <span class='ocrx_word' id='word_1_675' title='bbox 893 4741 1233 4812; x_wconf 85' lang='grc' dir='ltr'>προαιρέσει.</span> <span class='ocrx_word' id='word_1_676' title='bbox 1260 4742 1358 4794; x_wconf 81' lang='grc' dir='ltr'>Διά</span> <span class='ocrx_word' id='word_1_677' title='bbox 1385 4742 1436 4793; x_wconf 86' lang='grc' dir='ltr'><strong>τί</strong></span> <span class='ocrx_word' id='word_1_678' title='bbox 1458 4743 1555 4794; x_wconf 62' lang='grc' dir='ltr'><strong>οὐκ</strong></span> <span class='ocrx_word' id='word_1_679' title='bbox 1579 4740 1779 4803; x_wconf 82' lang='grc' dir='ltr'>εὐθέως</span> 
     </span>
    </p>
   </div>
   <div class='ocr_carea' id='block_1_92' title="bbox 194 4831 1780 4903">
    <p class='ocr_par' dir='ltr' id='par_1_92' title="bbox 194 4831 1780 4903">
     <span class='ocr_line' id='line_1_92' title="bbox 194 4831 1780 4903; baseline 0 -20"><span class='ocrx_word' id='word_1_680' title='bbox 194 4831 349 4899; x_wconf 65' lang='grc' dir='ltr'>αὐτῷ</span> <span class='ocrx_word' id='word_1_681' title='bbox 388 4833 905 4901; x_wconf 75' lang='grc' dir='ltr'>συγκατεσκευάσθη</span> <span class='ocrx_word' id='word_1_682' title='bbox 946 4833 1041 4885; x_wconf 80' lang='grc' dir='ltr'><strong>καὶ</strong></span> <span class='ocrx_word' id='word_1_683' title='bbox 1086 4833 1154 4885; x_wconf 89' lang='grc' dir='ltr'><strong>τὰ</strong></span> <span class='ocrx_word' id='word_1_684' title='bbox 1177 4832 1478 4903; x_wconf 83' lang='grc' dir='ltr'>ὲνδύματα;</span> <span class='ocrx_word' id='word_1_685' title='bbox 1508 4834 1629 4885; x_wconf 84' lang='grc' dir='ltr'>’Ότι</span> <span class='ocrx_word' id='word_1_686' title='bbox 1658 4831 1780 4884; x_wconf 74' lang='grc' dir='ltr'>οὔτε</span> 
     </span>
    </p>
   </div>
   <div class='ocr_carea' id='block_1_93' title="bbox 198 4918 1780 4993">
    <p class='ocr_par' dir='ltr' id='par_1_93' title="bbox 198 4918 1780 4993">
     <span class='ocr_line' id='line_1_93' title="bbox 198 4918 1780 4993; baseline 0.001 -21"><span class='ocrx_word' id='word_1_687' title='bbox 198 4921 406 4988; x_wconf 60' lang='grc' dir='ltr'>φυσικὰ</span> <span class='ocrx_word' id='word_1_688' title='bbox 434 4922 676 4992; x_wconf 65' lang='grc' dir='ltr'>ἔπρειιεν</span> <span class='ocrx_word' id='word_1_689' title='bbox 694 4918 835 4974; x_wconf 84' lang='grc' dir='ltr'>εἶναι</span> <span class='ocrx_word' id='word_1_690' title='bbox 861 4921 1055 4988; x_wconf 80' lang='grc' dir='ltr'>ταῦτα,</span> <span class='ocrx_word' id='word_1_691' title='bbox 1086 4922 1211 4975; x_wconf 73' lang='grc' dir='ltr'>οὔτε</span> <span class='ocrx_word' id='word_1_692' title='bbox 1238 4926 1301 4975; x_wconf 84' lang='grc' dir='ltr'>ἐκ</span> <span class='ocrx_word' id='word_1_693' title='bbox 1330 4924 1542 4993; x_wconf 79' lang='grc' dir='ltr'>τέχνης.</span> <span class='ocrx_word' id='word_1_694' title='bbox 1574 4923 1654 4975; x_wconf 84' lang='grc' dir='ltr'>Τά</span> <span class='ocrx_word' id='word_1_695' title='bbox 1681 4922 1780 4992; x_wconf 87' lang='grc' dir='ltr'><strong>μὲν</strong></span> 
     </span>
    </p>
   </div>
   <div class='ocr_carea' id='block_1_94' title="bbox 194 5010 1778 5084">
    <p class='ocr_par' dir='ltr' id='par_1_94' title="bbox 194 5010 1778 5084">
     <span class='ocr_line' id='line_1_94' title="bbox 194 5010 1778 5084; baseline 0.003 -21"><span class='ocrx_word' id='word_1_696' title='bbox 194 5014 308 5081; x_wconf 73' lang='grc' dir='ltr'><strong>γὰρ</strong></span> <span class='ocrx_word' id='word_1_697' title='bbox 343 5014 546 5080; x_wconf 80' lang='grc' dir='ltr'>φυσικά</span> <span class='ocrx_word' id='word_1_698' title='bbox 578 5013 681 5066; x_wconf 84' lang='grc' dir='ltr'>ἴδια</span> <span class='ocrx_word' id='word_1_699' title='bbox 729 5014 835 5066; x_wconf 81' lang='grc' dir='ltr'><strong>τῶν</strong></span> <span class='ocrx_word' id='word_1_700' title='bbox 869 5015 1081 5081; x_wconf 85' lang='grc' dir='ltr'>ἀλόγων</span> <span class='ocrx_word' id='word_1_701' title='bbox 1120 5017 1290 5076; x_wconf 74' lang='grc' dir='ltr'>ἐστὶν,</span> <span class='ocrx_word' id='word_1_702' title='bbox 1339 5010 1449 5067; x_wconf 72' lang='grc' dir='ltr'>οἷον</span> <span class='ocrx_word' id='word_1_703' title='bbox 1480 5016 1653 5084; x_wconf 73' lang='grc' dir='ltr'>πτερὰ</span> <span class='ocrx_word' id='word_1_704' title='bbox 1686 5016 1778 5067; x_wconf 73' lang='grc' dir='ltr'><strong>καὶ</strong></span> 
     </span>
    </p>
   </div>
   <div class='ocr_carea' id='block_1_95' title="bbox 192 5103 1776 5176">
    <p class='ocr_par' dir='ltr' id='par_1_95' title="bbox 192 5103 1776 5176">
     <span class='ocr_line' id='line_1_95' title="bbox 192 5103 1776 5176; baseline 0.003 -23"><span class='ocrx_word' id='word_1_705' title='bbox 192 5103 401 5171; x_wconf 79' lang='grc' dir='ltr'>τρίχες,</span> <span class='ocrx_word' id='word_1_706' title='bbox 426 5106 519 5156; x_wconf 72' lang='grc' dir='ltr'><strong>καὶ</strong></span> <span class='ocrx_word' id='word_1_707' title='bbox 551 5106 841 5176; x_wconf 81' lang='grc' dir='ltr'>δερμάτων</span> <span class='ocrx_word' id='word_1_708' title='bbox 872 5106 1143 5176; x_wconf 82' lang='grc' dir='ltr'>παχύτης,</span> <span class='ocrx_word' id='word_1_709' title='bbox 1181 5108 1395 5174; x_wconf 83' lang='grc' dir='ltr'>στέγειν</span> <span class='ocrx_word' id='word_1_710' title='bbox 1436 5107 1534 5174; x_wconf 77' lang='grc' dir='ltr'><strong>μὲν</strong></span> <span class='ocrx_word' id='word_1_711' title='bbox 1574 5107 1776 5176; x_wconf 73' lang='grc' dir='ltr'>χειμῶ-</span> 
     </span>
    </p>
   </div>
   <div class='ocr_carea' id='block_1_96' title="bbox 192 5196 1775 5269">
    <p class='ocr_par' dir='ltr' id='par_1_96' title="bbox 192 5196 1775 5269">
     <span class='ocr_line' id='line_1_96' title="bbox 192 5196 1775 5269; baseline 0.002 -23"><span class='ocrx_word' id='word_1_712' title='bbox 192 5212 315 5257; x_wconf 72' lang='grc' dir='ltr'>νας,</span> <span class='ocrx_word' id='word_1_713' title='bbox 352 5198 536 5266; x_wconf 77' lang='grc' dir='ltr'>φέρειν</span> <span class='ocrx_word' id='word_1_714' title='bbox 580 5196 639 5248; x_wconf 87' lang='grc' dir='ltr'>δὲ</span> <span class='ocrx_word' id='word_1_715' title='bbox 694 5197 983 5260; x_wconf 83' lang='grc' dir='ltr'>καύσωνας</span> <span class='ocrx_word' id='word_1_716' title='bbox 1028 5198 1375 5267; x_wconf 85' lang='grc' dir='ltr'>δυναμένων·</span> <span class='ocrx_word' id='word_1_717' title='bbox 1403 5197 1683 5269; x_wconf 72' lang='grc' dir='ltr'>ἀνθρώπῳ</span> <span class='ocrx_word' id='word_1_718' title='bbox 1720 5198 1775 5249; x_wconf 72' lang='grc' dir='ltr'>δὲ</span> 
     </span>
    </p>
   </div>
   <div class='ocr_carea' id='block_1_97' title="bbox 193 5286 1776 5356">
    <p class='ocr_par' dir='ltr' id='par_1_97' title="bbox 193 5286 1776 5356">
     <span class='ocr_line' id='line_1_97' title="bbox 193 5286 1776 5356; baseline 0.001 -21"><span class='ocrx_word' id='word_1_719' title='bbox 193 5286 407 5354; x_wconf 82' lang='grc' dir='ltr'>ἔπρεπε</span> <span class='ocrx_word' id='word_1_720' title='bbox 440 5288 580 5339; x_wconf 85' lang='grc' dir='ltr'><strong>κατά</strong></span> <span class='ocrx_word' id='word_1_721' title='bbox 612 5286 711 5356; x_wconf 76' lang='grc' dir='ltr'>τὴν</span> <span class='ocrx_word' id='word_1_722' title='bbox 744 5286 1037 5353; x_wconf 83' lang='grc' dir='ltr'>ἀναλογίαν</span> <span class='ocrx_word' id='word_1_723' title='bbox 1089 5292 1188 5355; x_wconf 80' lang='grc' dir='ltr'><strong>της</strong></span> <span class='ocrx_word' id='word_1_724' title='bbox 1221 5286 1354 5355; x_wconf 79' lang='grc' dir='ltr'>πρὸς</span> <span class='ocrx_word' id='word_1_725' title='bbox 1384 5287 1515 5337; x_wconf 71' lang='grc' dir='ltr'>Θεὸν</span> <span class='ocrx_word' id='word_1_726' title='bbox 1554 5288 1776 5355; x_wconf 82' lang='grc' dir='ltr'>ἀγάπης</span> 
     </span>
    </p>
   </div>
   <div class='ocr_carea' id='block_1_98' title="bbox 193 5374 1772 5445">
    <p class='ocr_par' dir='ltr' id='par_1_98' title="bbox 193 5374 1772 5445">
     <span class='ocr_line' id='line_1_98' title="bbox 193 5374 1772 5445; baseline 0 -19"><span class='ocrx_word' id='word_1_727' title='bbox 193 5376 661 5445; x_wconf 75' lang='grc' dir='ltr'>παρηλλαγμένας</span> <span class='ocrx_word' id='word_1_728' title='bbox 695 5376 800 5429; x_wconf 85' lang='grc' dir='ltr'><strong>τῶν</strong></span> <span class='ocrx_word' id='word_1_729' title='bbox 843 5374 1063 5442; x_wconf 80' lang='grc' dir='ltr'>ἀγαθῶν</span> <span class='ocrx_word' id='word_1_730' title='bbox 1110 5376 1206 5437; x_wconf 87' lang='grc' dir='ltr'>τὰς</span> <span class='ocrx_word' id='word_1_731' title='bbox 1251 5374 1547 5436; x_wconf 77' lang='grc' dir='ltr'>αντιδὸσεις</span> <span class='ocrx_word' id='word_1_732' title='bbox 1593 5374 1772 5443; x_wconf 79' lang='grc' dir='ltr'>ὑπάρ-</span> 
     </span>
    </p>
   </div>
   <div class='ocr_carea' id='block_1_99' title="bbox 192 5484 330 5535">
    <p class='ocr_par' dir='ltr' id='par_1_99' title="bbox 192 5484 330 5535">
     <span class='ocr_line' id='line_1_99' title="bbox 192 5484 330 5535; baseline 0.014 -15"><span class='ocrx_word' id='word_1_733' title='bbox 192 5484 330 5535; x_wconf 79' lang='grc' dir='ltr'>χειν.</span> 
     </span>
    </p>
   </div>
   <div class='ocr_carea' id='block_1_100' title="bbox 265 5636 1764 5709">
    <p class='ocr_par' dir='ltr' id='par_1_100' title="bbox 265 5636 1764 5709">
     <span class='ocr_line' id='line_1_100' title="bbox 265 5636 1764 5709; baseline -0.003 -18"><span class='ocrx_word' id='word_1_734' title='bbox 265 5641 483 5703; x_wconf 73' lang='grc' dir='ltr'>Σκόπει,</span> <span class='ocrx_word' id='word_1_735' title='bbox 515 5644 595 5703; x_wconf 75' lang='grc' dir='ltr'><strong>τίς</strong></span> <span class='ocrx_word' id='word_1_736' title='bbox 633 5644 664 5709; x_wconf 78' lang='grc' dir='ltr'>ἠ</span> <span class='ocrx_word' id='word_1_737' title='bbox 698 5642 804 5693; x_wconf 64' lang='grc' dir='ltr'><strong>ἀπὸ</strong></span> <span class='ocrx_word' id='word_1_738' title='bbox 834 5642 1014 5709; x_wconf 66' lang='grc' dir='ltr'>ψυχῆς</span> <span class='ocrx_word' id='word_1_739' title='bbox 1042 5643 1107 5709; x_wconf 74' lang='grc' dir='ltr'>τῇ</span> <span class='ocrx_word' id='word_1_740' title='bbox 1151 5640 1313 5708; x_wconf 82' lang='grc' dir='ltr'>σαρκί</span> <span class='ocrx_word' id='word_1_741' title='bbox 1339 5637 1649 5707; x_wconf 82' lang='grc' dir='ltr'>ἐνδιδομένη</span> <span class='ocrx_word' id='word_1_742' title='bbox 1680 5636 1764 5688; x_wconf 66' lang='grc' dir='ltr'><strong>δύ·</strong></span> 
     </span>
    </p>
   </div>
   <div class='ocr_carea' id='block_1_101' title="bbox 188 5727 1769 5800">
    <p class='ocr_par' dir='ltr' id='par_1_101' title="bbox 188 5727 1769 5800">
     <span class='ocr_line' id='line_1_101' title="bbox 188 5727 1769 5800; baseline -0.002 -19"><span class='ocrx_word' id='word_1_743' title='bbox 188 5748 375 5799; x_wconf 82' lang='grc' dir='ltr'>ναμις,</span> <span class='ocrx_word' id='word_1_744' title='bbox 404 5732 498 5783; x_wconf 79' lang='grc' dir='ltr'><strong>καὶ</strong></span> <span class='ocrx_word' id='word_1_745' title='bbox 520 5731 603 5792; x_wconf 80' lang='grc' dir='ltr'><strong>τίς</strong></span> <span class='ocrx_word' id='word_1_746' title='bbox 638 5731 669 5799; x_wconf 86' lang='grc' dir='ltr'><strong>ἡ</strong></span> <span class='ocrx_word' id='word_1_747' title='bbox 701 5731 807 5783; x_wconf 74' lang='grc' dir='ltr'><strong>ἀπὸ</strong></span> <span class='ocrx_word' id='word_1_748' title='bbox 844 5732 1044 5800; x_wconf 76' lang='grc' dir='ltr'>σαρκὸς</span> <span class='ocrx_word' id='word_1_749' title='bbox 1086 5731 1221 5800; x_wconf 76' lang='grc' dir='ltr'>πρὸς</span> <span class='ocrx_word' id='word_1_750' title='bbox 1265 5728 1441 5797; x_wconf 68' lang='grc' dir='ltr'>ψυχὴν</span> <span class='ocrx_word' id='word_1_751' title='bbox 1474 5727 1769 5779; x_wconf 76' lang='grc' dir='ltr'>ἐπανιοῦσα</span> 
     </span>
    </p>
   </div>
   <div class='ocr_carea' id='block_1_102' title="bbox 192 5818 1764 5894">
    <p class='ocr_par' dir='ltr' id='par_1_102' title="bbox 192 5818 1764 5894">
     <span class='ocr_line' id='line_1_102' title="bbox 192 5818 1764 5894; baseline 0.006 -21"><span class='ocrx_word' id='word_1_752' title='bbox 192 5823 544 5894; x_wconf 72' lang='grc' dir='ltr'>συμπάθεια·</span> <span class='ocrx_word' id='word_1_753' title='bbox 592 5824 701 5887; x_wconf 77' lang='grc' dir='ltr'>πῶς</span> <span class='ocrx_word' id='word_1_754' title='bbox 738 5825 948 5891; x_wconf 75' lang='grc' dir='ltr'>δέχεται</span> <span class='ocrx_word' id='word_1_755' title='bbox 989 5826 1085 5892; x_wconf 74' lang='grc' dir='ltr'>μὲν</span> <span class='ocrx_word' id='word_1_756' title='bbox 1138 5823 1236 5891; x_wconf 83' lang='grc' dir='ltr'><strong>τὴν</strong></span> <span class='ocrx_word' id='word_1_757' title='bbox 1270 5821 1412 5889; x_wconf 74' lang='grc' dir='ltr'>ζωὴν</span> <span class='ocrx_word' id='word_1_758' title='bbox 1444 5821 1505 5873; x_wconf 77' lang='grc' dir='ltr'>ὲκ</span> <span class='ocrx_word' id='word_1_759' title='bbox 1540 5822 1634 5889; x_wconf 76' lang='grc' dir='ltr'><strong>τῆς</strong></span> <span class='ocrx_word' id='word_1_760' title='bbox 1661 5818 1764 5887; x_wconf 61' lang='grc' dir='ltr'><strong>ψυε</strong></span> 
     </span>
    </p>
   </div>
   <div class='ocr_carea' id='block_1_103' title="bbox 1961 4449 3479 4519">
    <p class='ocr_par' dir='ltr' id='par_1_103' title="bbox 1961 4449 3479 4519">
     <span class='ocr_line' id='line_1_103' title="bbox 1961 4449 3479 4519; baseline 0.001 -11"><span class='ocrx_word' id='word_1_761' title='bbox 1961 4453 2134 4508; x_wconf 82' lang='lat' dir='ltr'><strong>Basil.</strong></span> <span class='ocrx_word' id='word_1_762' title='bbox 2172 4450 2329 4506; x_wconf 82' lang='lat' dir='ltr'><strong>Hom.</strong></span> <span class='ocrx_word' id='word_1_763' title='bbox 2359 4449 2499 4519; x_wconf 83' lang='lat' dir='ltr'><strong>quod</strong></span> <span class='ocrx_word' id='word_1_764' title='bbox 2527 4451 2666 4503; x_wconf 80' lang='lat' dir='ltr'><strong>Deus</strong></span> <span class='ocrx_word' id='word_1_765' title='bbox 2714 4468 2819 4505; x_wconf 84' lang='lat' dir='ltr'><strong>non</strong></span> <span class='ocrx_word' id='word_1_766' title='bbox 2867 4460 2946 4506; x_wconf 75' lang='lat' dir='ltr'><strong>est</strong></span> <span class='ocrx_word' id='word_1_767' title='bbox 2990 4464 3177 4508; x_wconf 85' lang='lat' dir='ltr'><strong>auctor</strong></span> <span class='ocrx_word' id='word_1_768' title='bbox 3228 4458 3377 4511; x_wconf 86' lang='lat' dir='ltr'><strong>mali.</strong></span> <span class='ocrx_word' id='word_1_769' title='bbox 3409 4484 3479 4496; x_wconf 86' lang='lat'><strong>—-</strong></span> 
     </span>
    </p>
   </div>
   <div class='ocr_carea' id='block_1_104' title="bbox 1887 4542 3475 4614">
    <p class='ocr_par' dir='ltr' id='par_1_104' title="bbox 1887 4542 3475 4614">
     <span class='ocr_line' id='line_1_104' title="bbox 1887 4542 3475 4614; baseline 0.003 -17"><span class='ocrx_word' id='word_1_770' title='bbox 1887 4544 2030 4599; x_wconf 85' lang='lat' dir='ltr'><strong>Deus</strong></span> <span class='ocrx_word' id='word_1_771' title='bbox 2063 4559 2261 4612; x_wconf 82' lang='lat' dir='ltr'><strong>corpus</strong></span> <span class='ocrx_word' id='word_1_772' title='bbox 2289 4542 2508 4611; x_wconf 89' lang='lat' dir='ltr'><strong>quidem</strong></span> <span class='ocrx_word' id='word_1_773' title='bbox 2540 4543 2813 4608; x_wconf 89' lang='lat' dir='ltr'><strong>condidit,</strong></span> <span class='ocrx_word' id='word_1_774' title='bbox 2872 4544 2969 4599; x_wconf 88' lang='lat' dir='ltr'><strong>sed</strong></span> <span class='ocrx_word' id='word_1_775' title='bbox 3017 4561 3127 4600; x_wconf 92' lang='lat' dir='ltr'><strong>non</strong></span> <span class='ocrx_word' id='word_1_776' title='bbox 3183 4549 3475 4614; x_wconf 88' lang='lat' dir='ltr'><strong>morbum;</strong></span> 
     </span>
    </p>
   </div>
   <div class='ocr_carea' id='block_1_105' title="bbox 1886 4632 3477 4706">
    <p class='ocr_par' dir='ltr' id='par_1_105' title="bbox 1886 4632 3477 4706">
     <span class='ocr_line' id='line_1_105' title="bbox 1886 4632 3477 4706; baseline 0.003 -17"><span class='ocrx_word' id='word_1_777' title='bbox 1886 4635 1968 4689; x_wconf 89' lang='lat' dir='ltr'><strong>sic</strong></span> <span class='ocrx_word' id='word_1_778' title='bbox 1999 4649 2217 4704; x_wconf 90' lang='lat' dir='ltr'><strong>quoque</strong></span> <span class='ocrx_word' id='word_1_779' title='bbox 2248 4632 2485 4686; x_wconf 88' lang='lat' dir='ltr'><strong>animam</strong></span> <span class='ocrx_word' id='word_1_780' title='bbox 2519 4632 2671 4697; x_wconf 78' lang='lat' dir='ltr'><strong>fecit,</strong></span> <span class='ocrx_word' id='word_1_781' title='bbox 2713 4635 2807 4689; x_wconf 90' lang='lat' dir='ltr'><strong>sed</strong></span> <span class='ocrx_word' id='word_1_782' title='bbox 2838 4651 2945 4689; x_wconf 94' lang='lat' dir='ltr'><strong>non</strong></span> <span class='ocrx_word' id='word_1_783' title='bbox 2983 4646 3291 4706; x_wconf 88' lang='lat' dir='ltr'><strong>peccatum.</strong></span> <span class='ocrx_word' id='word_1_784' title='bbox 3332 4638 3477 4693; x_wconf 86' lang='lat' dir='ltr'><strong>Vitio</strong></span> 
     </span>
    </p>
   </div>
   <div class='ocr_carea' id='block_1_106' title="bbox 1885 4725 3474 4801">
    <p class='ocr_par' dir='ltr' id='par_1_106' title="bbox 1885 4725 3474 4801">
     <span class='ocr_line' id='line_1_106' title="bbox 1885 4725 3474 4801; baseline 0.003 -20"><span class='ocrx_word' id='word_1_785' title='bbox 1885 4736 2068 4783; x_wconf 84' lang='lat' dir='ltr'><strong>autem</strong></span> <span class='ocrx_word' id='word_1_786' title='bbox 2115 4726 2326 4779; x_wconf 83' lang='lat' dir='ltr'><strong>imbuta</strong></span> <span class='ocrx_word' id='word_1_787' title='bbox 2385 4725 2571 4779; x_wconf 85' lang='lat' dir='ltr'><strong>anima</strong></span> <span class='ocrx_word' id='word_1_788' title='bbox 2600 4736 2711 4791; x_wconf 89' lang='lat' dir='ltr'><strong>est,</strong></span> <span class='ocrx_word' id='word_1_789' title='bbox 2749 4733 3045 4798; x_wconf 88' lang='lat' dir='ltr'><strong>postquam</strong></span> <span class='ocrx_word' id='word_1_790' title='bbox 3096 4730 3167 4783; x_wconf 89' lang='lat' dir='ltr'><strong>ab</strong></span> <span class='ocrx_word' id='word_1_791' title='bbox 3216 4746 3284 4785; x_wconf 91' lang='lat' dir='ltr'><strong>eo</strong></span> <span class='ocrx_word' id='word_1_792' title='bbox 3327 4733 3474 4801; x_wconf 93' lang='lat' dir='ltr'><strong>quod</strong></span> 
     </span>
    </p>
   </div>
   <div class='ocr_carea' id='block_1_107' title="bbox 1886 4814 3472 4889">
    <p class='ocr_par' dir='ltr' id='par_1_107' title="bbox 1886 4814 3472 4889">
     <span class='ocr_line' id='line_1_107' title="bbox 1886 4814 3472 4889; baseline 0.003 -19"><span class='ocrx_word' id='word_1_793' title='bbox 1886 4826 2093 4871; x_wconf 80' lang='lat' dir='ltr'><strong>natura:</strong></span> <span class='ocrx_word' id='word_1_794' title='bbox 2114 4820 2544 4868; x_wconf 80' lang='lat' dir='ltr'><strong>consentaneum</strong></span> <span class='ocrx_word' id='word_1_795' title='bbox 2577 4822 2721 4880; x_wconf 86' lang='lat' dir='ltr'><strong>erat,</strong></span> <span class='ocrx_word' id='word_1_796' title='bbox 2753 4814 3001 4871; x_wconf 79' lang='lat' dir='ltr'><strong>deﬂexit.</strong></span> <span class='ocrx_word' id='word_1_797' title='bbox 3042 4816 3173 4872; x_wconf 86' lang='lat' dir='ltr'><strong>Erat</strong></span> <span class='ocrx_word' id='word_1_798' title='bbox 3193 4821 3472 4889; x_wconf 86' lang='lat' dir='ltr'><strong>quondam</strong></span> 
     </span>
    </p>
   </div>
   <div class='ocr_carea' id='block_1_108' title="bbox 1885 4908 3470 4972">
    <p class='ocr_par' dir='ltr' id='par_1_108' title="bbox 1885 4908 3470 4972">
     <span class='ocr_line' id='line_1_108' title="bbox 1885 4908 3470 4972; baseline 0.002 -11"><span class='ocrx_word' id='word_1_799' title='bbox 1885 4908 2125 4961; x_wconf 79' lang='lat' dir='ltr'><strong>Adamus</strong></span> <span class='ocrx_word' id='word_1_800' title='bbox 2156 4920 2402 4967; x_wconf 87' lang='lat' dir='ltr'><strong>sursum,</strong></span> <span class='ocrx_word' id='word_1_801' title='bbox 2436 4920 2541 4959; x_wconf 90' lang='lat' dir='ltr'><strong>non</strong></span> <span class='ocrx_word' id='word_1_802' title='bbox 2576 4908 2721 4972; x_wconf 88' lang='lat' dir='ltr'><strong>loco,</strong></span> <span class='ocrx_word' id='word_1_803' title='bbox 2758 4908 2854 4962; x_wconf 89' lang='lat' dir='ltr'><strong>sed</strong></span> <span class='ocrx_word' id='word_1_804' title='bbox 2885 4910 3052 4963; x_wconf 86' lang='lat' dir='ltr'><strong>animi</strong></span> <span class='ocrx_word' id='word_1_805' title='bbox 3078 4911 3470 4966; x_wconf 73' lang='lat' dir='ltr'><strong>destinatione.</strong></span> 
     </span>
    </p>
   </div>
   <div class='ocr_carea' id='block_1_109' title="bbox 1882 4994 3475 5068">
    <p class='ocr_par' dir='ltr' id='par_1_109' title="bbox 1882 4994 3475 5068">
     <span class='ocr_line' id='line_1_109' title="bbox 1882 4994 3475 5068; baseline 0.003 -17"><span class='ocrx_word' id='word_1_806' title='bbox 1882 5000 1994 5051; x_wconf 85' lang='lat' dir='ltr'><strong>Cur</strong></span> <span class='ocrx_word' id='word_1_807' title='bbox 2034 5006 2214 5050; x_wconf 83' lang='lat' dir='ltr'><strong>autem</strong></span> <span class='ocrx_word' id='word_1_808' title='bbox 2265 4994 2592 5049; x_wconf 88' lang='lat' dir='ltr'><strong>indumenta</strong></span> <span class='ocrx_word' id='word_1_809' title='bbox 2616 4998 2779 5050; x_wconf 89' lang='lat' dir='ltr'><strong>simul</strong></span> <span class='ocrx_word' id='word_1_810' title='bbox 2819 4999 2920 5067; x_wconf 88' lang='lat' dir='ltr'><strong>ipsi</strong></span> <span class='ocrx_word' id='word_1_811' title='bbox 2953 5009 3143 5068; x_wconf 88' lang='lat' dir='ltr'><strong>parata</strong></span> <span class='ocrx_word' id='word_1_812' title='bbox 3177 5014 3283 5053; x_wconf 93' lang='lat' dir='ltr'><strong>non</strong></span> <span class='ocrx_word' id='word_1_813' title='bbox 3304 5004 3475 5055; x_wconf 90' lang='lat' dir='ltr'><strong>sunt?</strong></span> 
     </span>
    </p>
   </div>
   <div class='ocr_carea' id='block_1_110' title="bbox 1881 5086 3472 5155">
    <p class='ocr_par' dir='ltr' id='par_1_110' title="bbox 1881 5086 3472 5155">
     <span class='ocr_line' id='line_1_110' title="bbox 1881 5086 3472 5155; baseline 0 -12"><span class='ocrx_word' id='word_1_814' title='bbox 1881 5090 2140 5143; x_wconf 90' lang='lat' dir='ltr'><strong>nimirum</strong></span> <span class='ocrx_word' id='word_1_815' title='bbox 2171 5087 2299 5155; x_wconf 81' lang='lat' dir='ltr'><strong>quia</strong></span> <span class='ocrx_word' id='word_1_816' title='bbox 2330 5101 2429 5141; x_wconf 80' lang='lat' dir='ltr'><strong>nec</strong></span> <span class='ocrx_word' id='word_1_817' title='bbox 2462 5086 2759 5148; x_wconf 89' lang='lat' dir='ltr'><strong>naturalia,</strong></span> <span class='ocrx_word' id='word_1_818' title='bbox 2783 5102 2883 5141; x_wconf 90' lang='lat' dir='ltr'><strong>nee</strong></span> <span class='ocrx_word' id='word_1_819' title='bbox 2905 5098 3021 5142; x_wconf 84' lang='lat' dir='ltr'><strong>arte</strong></span> <span class='ocrx_word' id='word_1_820' title='bbox 3047 5089 3327 5143; x_wconf 88' lang='lat' dir='ltr'><strong>elaborata</strong></span> <span class='ocrx_word' id='word_1_821' title='bbox 3348 5106 3472 5145; x_wconf 80' lang='lat' dir='ltr'><strong>esse</strong></span> 
     </span>
    </p>
   </div>
   <div class='ocr_carea' id='block_1_111' title="bbox 1879 5176 3465 5250">
    <p class='ocr_par' dir='ltr' id='par_1_111' title="bbox 1879 5176 3465 5250">
     <span class='ocr_line' id='line_1_111' title="bbox 1879 5176 3465 5250; baseline 0.003 -17"><span class='ocrx_word' id='word_1_822' title='bbox 1879 5178 2261 5233; x_wconf 79' lang='lat' dir='ltr'><strong>conteniebat.</strong></span> <span class='ocrx_word' id='word_1_823' title='bbox 2298 5176 2746 5231; x_wconf 74' lang='lat' dir='ltr'><strong>Naturalia‘enim</strong></span> <span class='ocrx_word' id='word_1_824' title='bbox 2785 5179 2963 5234; x_wconf 90' lang='lat' dir='ltr'><strong>brutis</strong></span> <span class='ocrx_word' id='word_1_825' title='bbox 2996 5182 3293 5250; x_wconf 83' lang='lat' dir='ltr'><strong>peculiaria</strong></span> <span class='ocrx_word' id='word_1_826' title='bbox 3315 5194 3465 5245; x_wconf 87' lang='lat' dir='ltr'><strong>sunt,</strong></span> 
     </span>
    </p>
   </div>
   <div class='ocr_carea' id='block_1_112' title="bbox 1881 5270 3467 5345">
    <p class='ocr_par' dir='ltr' id='par_1_112' title="bbox 1881 5270 3467 5345">
     <span class='ocr_line' id='line_1_112' title="bbox 1881 5270 3467 5345; baseline 0.004 -20"><span class='ocrx_word' id='word_1_827' title='bbox 1881 5280 1939 5325; x_wconf 90' lang='lat' dir='ltr'><strong>ut</strong></span> <span class='ocrx_word' id='word_1_828' title='bbox 1972 5272 2190 5339; x_wconf 69' lang='lat' dir='ltr'><strong>pluntm,</strong></span> <span class='ocrx_word' id='word_1_829' title='bbox 2227 5270 2343 5339; x_wconf 89' lang='lat' dir='ltr'><strong>pili,</strong></span> <span class='ocrx_word' id='word_1_830' title='bbox 2377 5284 2579 5324; x_wconf 75' lang='lat' dir='ltr'><strong>crassa:</strong></span> <span class='ocrx_word' id='word_1_831' title='bbox 2607 5270 2780 5339; x_wconf 85' lang='lat' dir='ltr'><strong>pelles</strong></span> <span class='ocrx_word' id='word_1_832' title='bbox 2814 5289 2827 5323; x_wconf 70' lang='grc' dir='ltr'><strong>ε</strong></span> <span class='ocrx_word' id='word_1_833' title='bbox 2866 5274 3069 5342; x_wconf 81' lang='lat' dir='ltr'><strong>quippe</strong></span> <span class='ocrx_word' id='word_1_834' title='bbox 3102 5290 3222 5344; x_wconf 81' lang='lat' dir='ltr'><strong>qu-c</strong></span> <span class='ocrx_word' id='word_1_835' title='bbox 3251 5277 3467 5345; x_wconf 75' lang='lat' dir='ltr'><strong>algorcs</strong></span> 
     </span>
    </p>
   </div>
   <div class='ocr_carea' id='block_1_113' title="bbox 1877 5361 3463 5431">
    <p class='ocr_par' dir='ltr' id='par_1_113' title="bbox 1877 5361 3463 5431">
     <span class='ocr_line' id='line_1_113' title="bbox 1877 5361 3463 5431; baseline 0.002 -13"><span class='ocrx_word' id='word_1_836' title='bbox 1877 5373 1931 5418; x_wconf 88' lang='lat' dir='ltr'><strong>et</strong></span> <span class='ocrx_word' id='word_1_837' title='bbox 1958 5372 2123 5417; x_wconf 67' lang='lat' dir='ltr'><strong>aestus</strong></span> <span class='ocrx_word' id='word_1_838' title='bbox 2158 5361 2384 5431; x_wconf 87' lang='lat' dir='ltr'><strong>perinde</strong></span> <span class='ocrx_word' id='word_1_839' title='bbox 2437 5361 2583 5415; x_wconf 85' lang='lat' dir='ltr'><strong>ferre</strong></span> <span class='ocrx_word' id='word_1_840' title='bbox 2616 5372 2846 5431; x_wconf 86' lang='lat' dir='ltr'><strong>queant.</strong></span> <span class='ocrx_word' id='word_1_841' title='bbox 2878 5366 2948 5418; x_wconf 83' lang='lat' dir='ltr'><strong>At</strong></span> <span class='ocrx_word' id='word_1_842' title='bbox 2988 5365 3266 5422; x_wconf 89' lang='lat' dir='ltr'><strong>hominem</strong></span> <span class='ocrx_word' id='word_1_843' title='bbox 3299 5367 3463 5423; x_wconf 70' lang='lat' dir='ltr'><strong>dcen-</strong></span> 
     </span>
    </p>
   </div>
   <div class='ocr_carea' id='block_1_114' title="bbox 1878 5453 3465 5532">
    <p class='ocr_par' dir='ltr' id='par_1_114' title="bbox 1878 5453 3465 5532">
     <span class='ocr_line' id='line_1_114' title="bbox 1878 5453 3465 5532; baseline 0.004 -24"><span class='ocrx_word' id='word_1_844' title='bbox 1878 5456 1967 5508; x_wconf 78' lang='lat' dir='ltr'><strong>bat</strong></span> <span class='ocrx_word' id='word_1_845' title='bbox 1995 5469 2095 5524; x_wconf 87' lang='lat' dir='ltr'><strong>pro</strong></span> <span class='ocrx_word' id='word_1_846' title='bbox 2145 5470 2246 5508; x_wconf 91' lang='lat' dir='ltr'><strong>sua</strong></span> <span class='ocrx_word' id='word_1_847' title='bbox 2287 5468 2414 5523; x_wconf 84' lang='lat' dir='ltr'><strong>erga</strong></span> <span class='ocrx_word' id='word_1_848' title='bbox 2448 5453 2618 5507; x_wconf 89' lang='lat' dir='ltr'><strong>Deum</strong></span> <span class='ocrx_word' id='word_1_849' title='bbox 2661 5455 2955 5522; x_wconf 89' lang='lat' dir='ltr'><strong>charitate,</strong></span> <span class='ocrx_word' id='word_1_850' title='bbox 2998 5456 3217 5513; x_wconf 89' lang='lat' dir='ltr'><strong>diversa</strong></span> <span class='ocrx_word' id='word_1_851' title='bbox 3246 5475 3465 5532; x_wconf 74' lang='lat' dir='ltr'><strong>quoque</strong></span> 
     </span>
    </p>
   </div>
   <div class='ocr_carea' id='block_1_115' title="bbox 1879 5544 2662 5613">
    <p class='ocr_par' dir='ltr' id='par_1_115' title="bbox 1879 5544 2662 5613">
     <span class='ocr_line' id='line_1_115' title="bbox 1879 5544 2662 5613; baseline -0.001 -14"><span class='ocrx_word' id='word_1_852' title='bbox 1879 5544 2145 5599; x_wconf 82' lang='lat' dir='ltr'><strong>bonorum</strong></span> <span class='ocrx_word' id='word_1_853' title='bbox 2177 5545 2395 5613; x_wconf 70' lang='lat' dir='ltr'><strong>praemia</strong></span> <span class='ocrx_word' id='word_1_854' title='bbox 2433 5544 2662 5599; x_wconf 83' lang='lat' dir='ltr'><strong>referre.</strong></span> 
     </span>
    </p>
   </div>
   <div class='ocr_carea' id='block_1_116' title="bbox 1944 5635 3464 5708">
    <p class='ocr_par' dir='ltr' id='par_1_116' title="bbox 1944 5635 3464 5708">
     <span class='ocr_line' id='line_1_116' title="bbox 1944 5635 3464 5708; baseline 0.005 -20"><span class='ocrx_word' id='word_1_855' title='bbox 1944 5635 2136 5704; x_wconf 81' lang='lat' dir='ltr'><strong>Ejusd.</strong></span> <span class='ocrx_word' id='word_1_856' title='bbox 2164 5636 2305 5689; x_wconf 85' lang='lat' dir='ltr'><strong>hom.</strong></span> <span class='ocrx_word' id='word_1_857' title='bbox 2342 5653 2397 5689; x_wconf 75' lang='grc' dir='ltr'><strong>ιιι</strong></span> <span class='ocrx_word' id='word_1_858' title='bbox 2430 5637 2605 5690; x_wconf 81' lang='lat' dir='ltr'><strong>illud:</strong></span> <span class='ocrx_word' id='word_1_859' title='bbox 2630 5637 2857 5691; x_wconf 78' lang='lat' dir='ltr'><strong>Attende</strong></span> <span class='ocrx_word' id='word_1_860' title='bbox 2886 5639 2980 5693; x_wconf 88' lang='lat' dir='ltr'><strong>tibi</strong></span> <span class='ocrx_word' id='word_1_861' title='bbox 3021 5641 3139 5708; x_wconf 78' lang='lat' dir='ltr'><strong>ipsi.</strong></span> <span class='ocrx_word' id='word_1_862' title='bbox 3171 5670 3242 5682; x_wconf 97' lang='lat'>—</span> <span class='ocrx_word' id='word_1_863' title='bbox 3268 5642 3464 5696; x_wconf 70' lang='lat' dir='ltr'><strong>C0nsi~</strong></span> 
     </span>
    </p>
   </div>
   <div class='ocr_carea' id='block_1_117' title="bbox 1872 5728 3460 5802">
    <p class='ocr_par' dir='ltr' id='par_1_117' title="bbox 1872 5728 3460 5802">
     <span class='ocr_line' id='line_1_117' title="bbox 1872 5728 3460 5802; baseline 0.002 -19"><span class='ocrx_word' id='word_1_864' title='bbox 1872 5728 2004 5783; x_wconf 85' lang='lat' dir='ltr'><strong>dera</strong></span> <span class='ocrx_word' id='word_1_865' title='bbox 2042 5744 2296 5799; x_wconf 71' lang='lat' dir='ltr'><strong>quaenam</strong></span> <span class='ocrx_word' id='word_1_866' title='bbox 2345 5731 2417 5783; x_wconf 91' lang='lat' dir='ltr'><strong>sit</strong></span> <span class='ocrx_word' id='word_1_867' title='bbox 2457 5745 2519 5786; x_wconf 89' lang='lat' dir='ltr'><strong>ea</strong></span> <span class='ocrx_word' id='word_1_868' title='bbox 2576 5732 2841 5800; x_wconf 89' lang='lat' dir='ltr'><strong>potentia,</strong></span> <span class='ocrx_word' id='word_1_869' title='bbox 2870 5747 3033 5802; x_wconf 88' lang='lat' dir='ltr'><strong>quam</strong></span> <span class='ocrx_word' id='word_1_870' title='bbox 3071 5733 3254 5787; x_wconf 86' lang='lat' dir='ltr'><strong>nnimn</strong></span> <span class='ocrx_word' id='word_1_871' title='bbox 3306 5735 3460 5788; x_wconf 89' lang='lat' dir='ltr'><strong>carni</strong></span> 
     </span>
    </p>
   </div>
   <div class='ocr_carea' id='block_1_118' title="bbox 1874 5818 3458 5892">
    <p class='ocr_par' dir='ltr' id='par_1_118' title="bbox 1874 5818 3458 5892">
     <span class='ocr_line' id='line_1_118' title="bbox 1874 5818 3458 5892; baseline 0.004 -21"><span class='ocrx_word' id='word_1_872' title='bbox 1874 5818 2147 5890; x_wconf 83' lang='lat' dir='ltr'><strong>impertit,</strong></span> <span class='ocrx_word' id='word_1_873' title='bbox 2180 5826 2233 5874; x_wconf 84' lang='lat' dir='ltr'><strong>ct</strong></span> <span class='ocrx_word' id='word_1_874' title='bbox 2262 5820 2499 5877; x_wconf 85' lang='lat' dir='ltr'><strong>vicissim</strong></span> <span class='ocrx_word' id='word_1_875' title='bbox 2527 5836 2781 5892; x_wconf 64' lang='lat' dir='ltr'><strong>quaenam</strong></span> <span class='ocrx_word' id='word_1_876' title='bbox 2818 5830 2846 5877; x_wconf 81' lang='lat' dir='ltr'><strong>a</strong></span> <span class='ocrx_word' id='word_1_877' title='bbox 2891 5838 3058 5878; x_wconf 88' lang='lat' dir='ltr'><strong>carne</strong></span> <span class='ocrx_word' id='word_1_878' title='bbox 3105 5824 3169 5879; x_wconf 87' lang='lat' dir='ltr'><strong>ad</strong></span> <span class='ocrx_word' id='word_1_879' title='bbox 3222 5825 3458 5879; x_wconf 83' lang='lat' dir='ltr'><strong>animam</strong></span> 
     </span>
    </p>
   </div>
  </div>
