4218 6446
746 424 888 487 110⁸3

1900 423 1959 479 ὃ.
2000 419 2316 481 JOANNIS
2340 421 2766 482 DAMASCENI

3857 430 3992 494 ΗΜ

748 538 1050 607 sympathia
1078 534 1386 588 rcﬂt't‘ldlm'
1467 547 1529 585 ac
1561 545 1782 586 rursum
1808 533 2082 599 quomodo
2112 546 2312 601 corpus

2420 533 2520 603 χῆς
2543 534 2603 588 τὸ
2622 535 2810 605 σῶμα,
2835 534 3044 605 δέχεται
3066 534 3122 589 δὲ
3154 534 3455 607 ἀλγηδόνας
3483 538 3590 592 ἀπὸ
3611 540 3706 595 τοῦ
3740 541 3994 612 σώματος

745 634 909 681 vitam
943 628 1166 694 alcipiat
1199 626 1266 675 ah
1299 623 1501 682 anima,
1532 622 1713 675 anima
1743 635 1873 675 vero
1899 620 2118 676 dolores
2141 637 2169 674 a
2191 635 2311 676 cor-

700 780 703 783 _
744 735 876 787 poro
908 715 1213 770 contrahat.
1244 714 1505 777 Quaenam
1541 712 1703 765 veluti
1737 714 2113 780 promptuaria
2143 712 2309 766 disci-

747 813 1016 878 plinarum
1065 805 1261 859 habeat
1296 823 1308 857 :
1343 806 1436 875 qui
1492 804 1606 863 liat,
1661 812 1719 855 ut
1768 816 1952 856 rerum
1989 803 2143 871 prius
2190 818 2315 871 per-

742 910 1025 968 ceptarum
1059 896 1386 963 cognitioni,
1417 895 1780 963 posteriorum
1819 894 2062 948 accessio
2094 896 2313 946 minime

743 996 999 1047 tenebras
1035 990 1308 1049 ell‘undat,
1358 1002 1548 1040 verum
1613 988 1889 1039 memoriae
1944 1002 2132 1039 earum
2195 986 2314 1039 sine

740 1085 1106 1148 confusione,
1165 1096 1228 1133 ac.
1287 1080 1604 1138 distinctze.
1674 1080 1727 1131 in
1791 1078 2078 1147 principali
2145 1079 2312 1131 animi

740 1184 914 1242 parte,
935 1182 1191 1241 tanquam
1217 1172 1269 1225 in
1288 1185 1438 1224 aenea
1457 1169 1691 1237 quadam
1721 1171 1996 1233 columna,
2029 1172 2313 1236 insculpta:

740 1274 1154 1320 conservantur.
1196 1262 1444 1329 Quonam
1507 1262 1670 1314 modo
1717 1261 1957 1324 animus,
2013 1262 2079 1314 ad
2127 1261 2313 1315 carnis

741 1357 1061 1411 affectiones
1114 1355 1468 1424 provolutus,
1553 1352 2018 1421 pulchritudinem
2098 1353 2313 1405 amittat

741 1465 927 1514 suam;
960 1460 1015 1503 et
1048 1463 1261 1508 rursus,
1286 1453 1602 1500 contractas
1637 1445 1751 1496 vitii
1779 1444 1972 1496 sordes
2006 1459 2101 1512 per
2132 1444 2311 1497 virtu-

737 1546 846 1590 tem
880 1538 1220 1605 abstergens,
1244 1534 1307 1587 ad
1338 1533 1617 1586 Creatoris
1651 1532 2068 1587 similitudinem
2105 1534 2309 1586 redeat.

736 1628 855 1680 Jam
886 1642 1018 1681 vero
1051 1634 1173 1695 post
1231 1625 1425 1677 anima:
1469 1623 2025 1689 ctmtemplationem,
2062 1623 2313 1690 corporis

736 1735 959 1790 quoque
990 1725 1347 1773 structuram.
1387 1715 1433 1769 si
1475 1715 1629 1777 lihel,
1676 1715 2053 1766 animadverte
2089 1731 2101 1764 :
2136 1720 2189 1766 et
2218 1712 2313 1766 mi-

735 1827 878 1875 rare,
912 1825 1023 1880 quo
1056 1815 1213 1878 pacto
1238 1806 1470 1860 eximius
1505 1805 1596 1859 ille
1642 1804 1839 1857 artifex
1890 1802 2308 1856 accommodum

2417 626 2450 693 ἡ
2487 624 2634 694 ψυχή
2656 638 2671 654 σ
2710 624 2865 685 ποίας
2893 623 3178 692 ἀποθήκας
3209 624 3321 680 τῶν
3354 625 3693 696 μαθημάτων
3721 630 3836 699 ἔχει
3861 649 3874 662 ·
3904 633 3993 686 διὰ

2414 714 2467 767 τί
2489 716 2587 767 ούκ
2616 716 2896 768 ἐπισκοτεῖ
2916 717 2982 785 τῇ
3008 713 3210 782 γνώσει
3233 715 3345 767 τῶν
3394 717 3780 786 προλαϐόντων
3819 721 3853 791 ἡ
3883 722 3993 773 τῶν

2415 806 2808 875 ἐπιγινομένων
2839 806 3144 877 προσθήκη,
3166 806 3301 860 ἀλλὰ
3323 806 3579 878 σύγχυτοι
3600 810 3693 864 καὶ
3719 814 3995 883 εύκρινεῖς

2415 898 2469 948 al
2502 896 2733 966 μνῆμαι,
2770 892 2882 950 οἷον
2903 897 3082 967 χαλκῆ
3107 915 3191 960 τις
3221 899 3394 968 στήλη
3437 899 3514 969 τῷ
3543 902 3862 972 ἡγεμονικῷ
3891 903 3993 968 τῆς

2413 986 2594 1055 ψυχῆς
2646 987 3127 1059 ἐγκεχαραγμέναι
3179 989 3664 1058 διαφυλάττονταιο
3723 994 3843 1057 πῶς
3892 996 3987 1062 ph

2416 1079 2552 1148 πρὸς
2584 1080 2651 1131 τὰ
2678 1079 2777 1147 τῆς
2799 1080 3002 1149 σαρκὸς
3032 1080 3489 1136 ύπολισθαίνουσα
3516 1086 3661 1155 πάείη
3687 1086 3746 1138 τὸ
3787 1091 3992 1140 οἰκεῖον

2413 1171 2675 1223 ἀπόλλυσι
2705 1171 2897 1233 κάλλος
2920 1187 2933 1201 ·
2970 1172 3083 1235 πῶς
3113 1173 3173 1226 δὲ
3208 1173 3370 1228 πάλιν
3413 1176 3475 1229 τὸ
3509 1177 3618 1230 ἀπὸ
3649 1178 3845 1241 κακίας
3903 1176 3991 1231 ατ-

2415 1279 2543 1332 σχος
2573 1263 2948 1335 καθαιρομένη
2965 1264 3033 1318 δι’
3050 1267 3276 1336 ἀρετῆς,
3298 1267 3434 1337 πρὸς
3457 1270 3555 1339 τὴν
3575 1271 3837 1338 ὁμοίωσιν
3862 1274 3993 1324 ἀνα-

2412 1355 2595 1422 τρέχει
2627 1354 2723 1406 τοῦ
2759 1356 3075 1419 κτίσαντος.
3102 1356 3360 1428 ξΠρόσχες
3381 1398 3395 1422 ,
3424 1360 3473 1411 εί
3502 1360 3669 1425 δοκεῖ,
3724 1362 3868 1431 μετὰ
3893 1362 3991 1431 τὴν

2411 1441 2510 1509 τῆς
2525 1440 2705 1509 ψυχῆς
2724 1442 2957 1513 θεωρίαν
2986 1444 3081 1496 καὶ
3102 1444 3204 1515 τὴν
3225 1446 3320 1498 τοῦ
3338 1444 3591 1516 σώματος
3620 1454 3987 1520 κατασκευήν·

2413 1531 2508 1582 καὶ
2543 1532 2841 1600 θαύμασον,
2877 1534 3025 1597 ὅπως
3052 1536 3261 1607 πρέπον
3286 1538 3345 1591 ὲν
3373 1539 3523 1609 αύτῷ
3552 1542 3899 1609 καταγώγιον
3927 1546 3991 1613 τῇ

2413 1623 2600 1693 λογικῇ
2638 1623 2785 1696 ψυχῇ
2817 1628 2846 1677 ό
2874 1628 3265 1699 ἀριστοτέχνης
3293 1630 3751 1702 ἐδημιούργησεν.
3771 1634 3993 1705 Ὅρθιον

2415 1716 2575 1782 μόνον
2603 1714 2842 1769 ἔπλασεν
2868 1717 2978 1770 τῶν
3011 1719 3166 1783 ζώων
3207 1720 3300 1773 τὸν
3341 1722 3648 1792 ἄνθρωπον,
3681 1725 3767 1778 ἵνα
3801 1728 3865 1778 ὲκ
3894 1727 3991 1779 τοῦ

2416 1807 2694 1877 σχήματος
2726 1808 2877 1872 ἴδοις,
2901 1810 2984 1863 ὅτι
3018 1812 3084 1865 ὲκ
3116 1813 3214 1883 τῆς
3241 1814 3446 1869 ἀνωθεν
3485 1818 3806 1884 συγγενείας
3842 1820 3991 1870 ἐστὶν

736 1905 790 1958 in
831 1918 896 1957 eo
944 1900 1285 1955 domicilium
1349 1897 1603 1951 rationali
1653 1896 1850 1949 anima:
1883 1896 2301 1957 exstrttxit._l£.v

2412 1899 2446 1967 ἡ
2469 1897 2581 1967 ζωή
2615 1915 2727 1954 σου.
2771 1899 2853 1954 Τά
2879 1902 2984 1971 ,μὲν
3013 1901 3122 1973 γὰρ
3160 1880 3468 1973 τετράποδα
3512 1880 3689 1962 πάντα
3725 1908 3861 1978 πρὸς
3892 1912 3991 1979 τὴν

733 1994 992 2048 omnibus
1017 1989 1392 2045 animantibus
1419 1988 1594 2043 solum
1622 1986 1895 2040 hominem
1921 1994 2124 2041 rectum
2158 1986 2307 2051 fecit,

734 2097 792 2139 ιιι
822 2100 886 2140 ex
926 2086 1043 2154 ipsa
1075 2082 1248 2152 ﬁgura
1279 2081 1605 2150 perspicias,
1643 2078 1810 2131 vitam
1853 2085 2002 2132 tuam
2059 2092 2310 2147 superna:

733 2176 1081 2248 rogitationis
1147 2189 1292 2228 esse.
1349 2170 1645 2225 Enimvero
1690 2169 2308 2238 quadrupediaomnia

734 2267 1038 2324 animantia
1097 2266 1155 2320 in
1227 2273 1474 2319 ventrem
1523 2276 1693 2331 prona
1750 2256 1878 2315 situt
1933 2282 1945 2315 :
1999 2268 2051 2315 at
2110 2261 2315 2317 homini

735 2370 1026 2432 promptus
1059 2365 1147 2413 est
1174 2357 1229 2410 in
1260 2356 1462 2411 cmlum
1485 2363 1842 2423 prospectus;
1872 2352 1952 2405 uti
1982 2367 2083 2405 nec
2116 2353 2314 2416 ventri,

736 2466 838 2505 nec
885 2451 965 2505 eis
990 2463 1116 2519 quae
1145 2447 1249 2500 sub
1283 2453 1475 2499 ventre
1532 2455 1689 2508 sunt,
1740 2444 1988 2505 studeat,
2023 2443 2115 2498 sed
2168 2445 2313 2499 omni

735 2539 1091 2596 contentione
1139 2535 1307 2590 animi
1372 2534 1441 2589 ad
1503 2549 1699 2603 supera
1760 2535 2160 2602 proﬁciscatur.
2211 2532 2317 2589 De-

736 2632 863 2689 inde
893 2632 1073 2701 capite
1128 2630 1303 2698 ipsius
1339 2627 1604 2682 altiSsima
1646 2626 1698 2678 iu
1743 2626 1872 2680 sede
1933 2627 2131 2695 posito,
2185 2627 2308 2696 plu-

736 2727 906 2780 rimos
935 2736 1139 2790 eosque
1162 2720 1446 2788 digniores
1474 2733 1672 2771 sensus
1709 2717 1763 2770 in
1798 2717 1915 2784 ipso
1947 2716 2154 2770 deﬂvit.
2191 2717 2306 2773 Illic

736 2818 907 2879 visus,
944 2815 1190 2877 auditus,
1222 2820 1439 2881 gustus,
1491 2811 1744 2870 oll'aetus,
1782 2824 1972 2863 omnes
2003 2810 2196 2865 vicinis
2226 2810 2304 2868 si-

2414 1991 2658 2061 γαστέρα
2689 1991 2962 2059 νένευκεν,
3003 1994 3280 2065 ἀνθρώπῳ
3311 1995 3370 2050 δὲ
3414 1998 3605 2068 ἑτοίμη
3635 2000 3770 2070 προς
3820 2002 3958 2071 ούρα

2414 2081 2539 2143 νοὺς
2590 2084 2624 2149 ὴ
2670 2083 2988 2154 ἀνάϐλεψις,
3018 2084 3160 2139 ὥστε
3214 2087 3290 2158 μὴ
3322 2089 3606 2160 σχολάζειν
3654 2093 3722 2161 τῇ
3764 2091 3988 2162 γαστρί,

2419 2172 2554 2243 μηδὲ
2581 2176 2694 2237 τοῖς
2724 2177 3114 2249 ὑπογαστρίοις
3144 2178 3395 2245 πάθεσιν,
3427 2180 3543 2233 ἀλλ’
3572 2181 3702 2251 ὃλην
3727 2181 3874 2251 ἔχειν
3893 2181 3993 2236 τὴν

2413 2262 2590 2335 ὁρμὴν
2621 2264 2717 2318 τοῦ
2769 2267 2881 2320 ἀνω
2934 2269 3285 2339 πορεύεσθαι.
3321 2272 3555 2325 Ἔπειτα
3608 2274 3709 2342 τὴν
3746 2273 3993 2343 κεφαλὴν

2415 2355 2507 2408 ἐπὶ
2538 2356 2601 2409 τὸ
2619 2356 2952 2427 ὑψηλότατον
2982 2360 3116 2424 θεὶς,
3148 2362 3207 2415 ἐν
3241 2361 3379 2435 αὐτῇ
3411 2363 3512 2427 τὰς
3545 2363 3800 2418 πλείστου
3832 2366 3994 2432 ἀξίας

2412 2445 2525 2499 τῶν
2554 2446 2860 2518 αἰσθήσεων
2892 2449 3278 2522 καθιδρύσατο.
3323 2452 3471 2507 Ἐκεῖ
3497 2454 3639 2524 δψις,
3680 2456 3775 2508 καὶ
3825 2456 3992 2525 ἀκοὴ,

2415 2540 2507 2591 καὶ
2558 2540 2748 2605 γεῦσις
2772 2579 2788 2602 ,
2830 2542 2925 2595 καὶ
2974 2542 3276 2613 ὄσφρησις,
3322 2547 3494 2600 πᾶσαι
3546 2547 3714 2617 ἐγγὺς
3741 2546 3993 2616 ἀλλήλων

2416 2632 2844 2701 κατῳκισμέναι,
2866 2635 2960 2688 καὶ
2990 2634 3134 2690 οὓτω
3166 2638 3298 2708 περὶ
3321 2637 3384 2691 τὸ
3411 2637 3586 2709 βραχὺ
3633 2639 3833 2709 χωρίον
3862 2654 3997 2692 στε-

2412 2723 2840 2793 νοχωρούμεναι.
2871 2727 3025 2781 οὐδὲν
3049 2728 3254 2799 ἑκάστη
3290 2730 3687 2800 παρεμποδίζει
3710 2732 3810 2801 τὴν
3839 2731 3997 2802 ἐνέρ-

2410 2831 2566 2882 γειαν
2594 2817 2692 2886 τῆς
2718 2819 2978 2884 γείτονος.

735 2906 845 2959 ιηιιΙ
879 2903 1102 2958 sedibus
1139 2900 1388 2955 collocati
1434 2906 1535 2956 :et
1584 2912 1893 2967 quanquam
1944 2909 2175 2967 angusta
2212 2901 2433 2969 regione
2488 2916 2800 2972 aretentur,
2854 2911 3037 2964 nullus
3075 2918 3259 2966 tamen
3307 2912 3469 2967 vicini
3531 2914 3616 2968 sui
3648 2915 3852 2968 actioni
3890 2918 3998 2968 im-

736 2994 1049 3064 pedimento
1085 3000 1190 3047 est.

824 3086 1102 3155 Ejusdem.
1123 3112 1188 3123 ——
1224 3083 1297 3136 Ex
1329 3082 1501 3136 nihilo
1529 3082 1773 3149 producti
1808 3097 2017 3144 sumus,
2051 3088 2213 3150 atque
2243 3084 2309 3137 ad

2492 3088 2858 3160 Παρήχθημεν
2880 3094 2960 3156 είς
2985 3093 3047 3146 τὸ
3066 3088 3207 3148 εἶναι
3239 3095 3314 3167 μὴ
3335 3095 3507 3163 ὄντες,
3532 3099 3626 3151 καὶ
3649 3098 3774 3151 κατ’
3803 3101 3993 3155 εἰκόνα

734 3180 1027 3248 imaginem
1069 3176 1344 3232 Creatoris
1368 3172 1568 3227 clTecti.
1602 3171 1838 3226 Mentem
1874 3180 1928 3225 et
1975 3187 2309 3237 sermonem,

2413 3178 2506 3230 τού
2524 3181 2818 3244 κτίσαντος
2829 3183 3060 3255 ἐγενήθη
3068 3187 3315 3255 μεν,νοῦν
3331 3188 3423 3241 καὶ
3439 3188 3592 3256 λόγον
3608 3191 3995 3263 συμπληροῦνο

731 3272 933 3342 quibus
979 3277 1166 3324 nostra
1202 3275 1397 3320 natura
1449 3265 1691 3318 numeris
1726 3266 1844 3317 suis
1861 3264 2182 3325 absolvitur,
2209 3265 2311 3316 ha.

732 3365 924 3419 heluus
941 3379 955 3428 ;
975 3375 1204 3431 quorum
1224 3372 1388 3427 Opera
1413 3356 1503 3410 llei
1520 3358 1882 3422 cognitionem
1902 3355 2078 3422 adepti
2094 3369 2305 3408 sumus.

802 3451 1077 3522 Ejusdem.
1128 3479 1179 3493 --
1223 3447 1462 3501 Mundus
1521 3447 1629 3506 hic,
1687 3454 1741 3498 ct
1800 3446 2045 3498 mortalis
2105 3456 2209 3508 est,
2254 3456 2310 3499 et

729 3543 1084 3599 morientium
1157 3542 1323 3609 regio.
1398 3540 1668 3604 Quoniam
1737 3539 1882 3590 enim
1942 3552 2004 3590 ca
2065 3553 2186 3607 qua:
2252 3539 2305 3591 in

728 3643 1013 3705 aspectum
1032 3631 1258 3694 cadunt,
1291 3638 1564 3684 concreta:
1586 3626 1916 3680 conditionis
1941 3641 2061 3680 sunt
2089 3644 2104 3693 ;
2142 3636 2307 3698 atque

729 3727 803 3781 ita
822 3733 1198 3795 comparatum
1229 3722 1391 3792 312
1419 3731 1522 3785 est,
1552 3726 1611 3773 ut
1639 3719 1909 3789 quidquid
1941 3722 2305 3788 cntttpnsiltlm

727 3820 834 3877 est,
866 3814 1115 3866 solvatur
1147 3811 1391 3869 tandem,
1423 3818 1476 3860 ct
1503 3808 1769 3859 intereat:
1804 3804 2047 3874 profecto
2081 3821 2307 3861 necesse

727 3914 834 3971 est,
873 3913 934 3959 ut
969 3919 1072 3958 nos
1109 3902 1203 3971 qui
1237 3902 1289 3954 in
1338 3899 1546 3953 mundo
1574 3900 1826 3961 vivimus,
1869 3907 1923 3953 ct
1954 3915 2080 3967 pars
2115 3900 2303 3953 mundi

728 4012 942 4059 smnus,
975 4003 1188 4049 natura:
1217 4005 1439 4062 quoque
1486 3990 1733 4044 universi
1777 3992 2074 4059 participes
2108 3992 2301 4046 simus.

803 4088 974 4142 Basil.
1032 4087 1171 4140 hom.
1204 4084 1231 4137 1
1286 4085 1342 4136 iu
1396 4081 1652 4136 "exuent.
1694 4110 1766 4122 —
1796 4080 1929 4146 Qua:
1971 4096 2001 4134 a
2061 4092 2305 4152 tempore

731 4181 948 4235 initimu
989 4178 1290 4237 duxerunt,
1338 4189 1400 4228 ea
1434 4188 1658 4243 quoque
1690 4182 1936 4241 tempore
1967 4172 2108 4226 ﬁniri
2137 4189 2304 4243 opor-

734 4282 826 4329 tet.
859 4275 915 4327 Si
973 4272 1215 4327 mundus
1266 4268 1566 4338 temporale
1621 4266 1839 4321 initium
1891 4265 2073 4328 habet.
2105 4267 2172 4321 de
2200 4265 2305 4320 line

732 4365 868 4420 nihil
898 4375 982 4419 est
1014 4378 1114 4416 cur
1145 4362 1388 4416 dubites.

801 4456 956 4525 (ἔνθα.
996 4450 1140 4506 Naz.
1182 4461 1323 4505 orat.
1364 4453 1410 4504 l.
1451 4479 1512 4489 —
1542 4449 1810 4516 Quisnam
1842 4456 1929 4503 est
1957 4448 2050 4518 qui
2096 4463 2191 4516 per
2219 4463 2303 4500 sa-

2416 3285 2483 3322 τα
2511 3272 2667 3339 ἡμῶν
2682 3272 2781 3341 τὴν
2804 3274 2966 3340 φύσιν
2983 3276 3212 3345 ἔχοντες,
3234 3273 3374 3331 erat.
3391 3280 3523 3332 Θεὸν
3554 3284 3960 3354 ἐγνωρίσαμεν.

2497 3446 2554 3499 '0
2577 3448 2774 3518 κόσμος
2804 3444 2958 3515 οὗτος
2985 3452 3240 3516 αὑτός·τέ
3275 3454 3392 3507 ἐστι
3423 3454 3637 3525 θνητὸς,
3669 3459 3765 3510 καὶ
3786 3461 3996 3530 χωρίον

2414 3535 2886 3607 ἀποθνησκόντων.
2924 3542 3140 3613 Ἐπειδὴ
3171 3544 3279 3614 γὰρ
3301 3544 3557 3610 σύνθετός
3582 3549 3698 3601 ἐστι
3714 3550 3827 3602 τῶν
3852 3553 3996 3621 δρω-

2416 3628 2592 3697 μένων
2624 3632 2659 3701 ή
2711 3632 2993 3697 σύστασις,
3023 3636 3085 3688 τὸ
3118 3637 3174 3690 δὲ
3204 3637 3458 3692 σύνθετον
3497 3639 3642 3693 ἅπαν
3669 3641 3994 3698 διαλύεσθαι

2414 3720 2691 3788 πέφυκεν,
2728 3724 2777 3775 oi
2816 3724 2874 3775 ἐν
2905 3724 2981 3794 τῷ
3012 3725 3204 3798 κόσμῳ
3235 3726 3456 3794 ζῶντες,
3512 3731 3653 3802 μέρη
3707 3733 3865 3796 ὄντες
3894 3737 3993 3788 τού

2412 3812 2640 3881 κόσμου,
2664 3814 2977 3883 ἀναγκαίως
3003 3818 3103 3885 τῆς
3134 3818 3229 3871 τοῦ
3254 3822 3454 3885 παντὸς
3481 3821 3695 3890 φύσεως
3713 3826 3994 3880 ἀπολαύο-

2414 3922 2530 3973 μεν.

2482 4089 2562 4142 ‘l‘i
2593 4090 2702 4142 ἀπὸ
2729 4093 2922 4162 χρόνου
2955 4092 3260 4164 ἀρξάμενα,
3288 4096 3502 4170 ἀνάγκη
3552 4100 3771 4165 πάντως
3798 4105 3895 4157 καὶ
3930 4106 3992 4159 ἐν

2412 4180 2587 4250 χρόνῳ
2617 4182 3019 4238 συστέλλεσθαι.
3045 4186 3107 4238 Εί
3133 4188 3306 4259 αρχὴν
3330 4192 3438 4258 λχει
3470 4193 3750 4261 χρονικὴν,
3779 4193 3858 4265 μὴ
3881 4195 3992 4264 ἀμ-

2411 4271 2648 4342 φιϐάλῃς
2683 4275 2811 4343 περὶ
2838 4275 2933 4328 τοῦ
2964 4277 3170 4341 τέλους.

2483 4452 2579 4514 Τίς
2607 4453 2636 4504 ό
2664 4456 2730 4522 τῇ
2759 4456 2920 4524 σοφίᾳ
2952 4459 3370 4520 κατασκευάσας
3423 4460 3514 4512 τὸν
3549 4460 3861 4530 ἄνθρωπον,
3894 4467 3990 4518 καὶ

728 4548 989 4615 pientiam
1014 4560 1172 4598 suam
1204 4543 1477 4597 hominem
1507 4541 1772 4602 condidit,
1802 4552 1853 4593 el.
1898 4557 1961 4595 ea
1991 4555 2113 4608 qua:
2141 4541 2305 4594 dissi-

2412 4543 2489 4604 είς
2528 4540 2585 4592 ἓν
2613 4541 2836 4608 ἀγαγὼν
2875 4541 2941 4594 τὰ
2964 4543 3249 4607 διεστῶτα,
3287 4546 3379 4598 καὶ
3427 4546 3585 4615 μίξας
3609 4549 3700 4600 τὸν
3746 4551 3878 4618 χοῦν
3913 4555 3986 4623 τῷ

728 4638 949 4697 debant,
1003 4634 1303 4705 copulavit,
1355 4642 1413 4686 ut
1469 4633 1691 4702 pulvere
1734 4646 1858 4684 cum
1899 4631 2094 4699 spiritu
2158 4646 2306 4683 com--

731 4730 915 4794 misto,
952 4726 1157 4781 animal
1193 4722 1412 4780 visihilc
1468 4724 1634 4776 simul
1683 4730 1737 4775 et
1778 4721 2058 4774 iuvisihile
2092 4735 2288 4789 compti

730 4820 927 4878 suerit,
981 4814 1375 4883 temporarium
1432 4821 1486 4865 et
1528 4810 1860 4874 immortale,
1923 4818 2198 4862 terrenum
2254 4819 2303 4859 et

730 4909 989 4969 caeleste,
1044 4904 1190 4974 quod
1244 4905 1412 4958 Deum
1445 4905 1754 4969 attingeret,
1809 4916 1907 4954 uce
1942 4900 2304 4969 comprehen-

729 5001 905 5059 deret,
938 4996 1099 5064 eique
1131 4993 1443 5062 proximum
1478 4999 1625 5045 esset
1650 4998 1705 5043 et
1730 4988 2042 5043 remotum?

802 5086 1074 5156 Ejusdem,
1108 5093 1246 5137 orat.
1290 5084 1372 5137 l5.
1404 5112 1472 5123 -
1510 5082 1632 5147 Quo
1682 5087 1842 5150 pacto
1901 5093 2025 5133 cum
2077 5092 2308 5146 corpore

733 5180 833 5234 sim
886 5177 1242 5245 eonjtmrtus,
1304 5175 1537 5228 nescio:
1589 5189 1689 5227 nec
1741 5186 1848 5241 qua
1893 5172 2106 5225 ratione
2141 5171 2305 5225 simul

734 5273 912 5338 imago
939 5271 1040 5322 situ
1081 5267 1193 5327 Dei,
1239 5283 1301 5320 ac
1337 5267 1551 5318 volutor
1581 5264 1633 5317 in
1662 5278 1845 5318 emno.
1878 5261 2035 5327 Quod
2088 5262 2131 5316 si
2171 5262 2306 5315 bene

734 5362 934 5422 valeat,
962 5359 1159 5411 bellum
1202 5367 1379 5410 movet
1421 5370 1435 5409 :
1470 5357 1555 5411 sin
1585 5372 1718 5409 vero
1749 5355 2073 5417 debellatur,
2109 5371 2306 5409 excru-

734 5452 878 5513 ciat;
913 5450 1059 5519 quod
1096 5459 1150 5500 ct
1185 5448 1262 5499 uti
1290 5462 1616 5501 conservum
1656 5462 1800 5508 amo,
1833 5457 1888 5500 et
1929 5453 1987 5499 ut
2026 5444 2304 5498 inimicum

732 5544 972 5597 detestor
1003 5558 1016 5592 :
1050 5540 1196 5609 quod
1231 5549 1285 5591 ut
1318 5540 1598 5592 vinculum
1664 5537 1835 5606 fugio,
1873 5543 1926 5591 et
1961 5547 2017 5588 nt
2060 5535 2303 5603 ejusdem

734 5628 1012 5705 particeps
1049 5629 1382 5684 luercditatis
1416 5643 1694 5683 revereor.
1736 5627 1792 5681 Si
1847 5641 2124 5680 macerare
2178 5640 2306 5679 cou-

741 5724 977 5788 tendam,
1001 5724 1115 5792 jam
1149 5736 1258 5776 non
1294 5720 1533 5789 suppetit
1578 5718 1733 5784 mihi,
1782 5735 1893 5788 quo
1935 5719 2088 5772 socio
2119 5716 2185 5769 ad
2220 5732 2307 5781 res

742 5818 876 5874 bene
908 5817 1175 5887 gerendas
1210 5826 1351 5869 utar.
1420 5811 1713 5877 Nimirum,
1773 5828 1896 5865 cum
1964 5825 2305 5881 nequaquam

2414 4630 2706 4700 πνεύματι,
2759 4632 2853 4684 καὶ
2909 4632 3124 4695 συνθεὶς
3174 4633 3312 4697 ζῶον
3354 4636 3550 4705 ὁρατὸν
3584 4639 3676 4690 καὶ
3730 4639 3986 4709 ἀόρατον,

2414 4721 2749 4790 πρόσκαιρον
2798 4724 2894 4775 καὶ
2943 4722 3229 4791 ἀθάνατον,
3274 4726 3516 4793 ἐπίγειον
3564 4731 3655 4780 καὶ
3709 4731 3989 4802 οὐράνιον,

2414 4810 2715 4878 ἀπτόμενον
2747 4811 2903 4872 Θεοῦ,
2960 4815 3055 4865 καὶ
3108 4814 3169 4867 ού
3204 4815 3711 4887 περιδρασσόμενον,

2414 4903 2505 4953 καὶ
2535 4902 2945 4972 μακρυνόμενον
2966 4919 2980 4960 ς

3774 4823 3931 4849 ;.Ιιιῖγ

3767 4836 3991 4885 εγγιςον

2486 5078 2671 5140 Ὅπως
2702 5081 3020 5151 συνεζύγην,
3042 5083 3139 5135 οὐκ
3162 5078 3299 5148 οἶδα,
3333 5085 3425 5136 καὶ
3453 5085 3568 5148 πῶς
3594 5087 3760 5139 εἰκών
3789 5090 3851 5141 τέ
3875 5092 3991 5158 sic:

2414 5168 2572 5230 Θεοῦ,
2604 5173 2698 5223 καὶ
2738 5170 2813 5239 τῷ
2857 5172 3015 5242 πηλῷ
3061 5175 3437 5244 συμφύρομαι.
3500 5180 3564 5229 Ὃ
3595 5182 3688 5229 καὶ
3728 5181 3992 5234 εὐεκτοῐιν

2416 5264 2661 5332 πολεμεῖ,
2684 5266 2776 5317 καὶ
2807 5268 2933 5336 ἀνιᾷ
2962 5267 3397 5336 πολεμούμενον·
3418 5270 3446 5321 ὃ
3480 5271 3570 5322 καὶ
3599 5271 3671 5323 ὡς
3701 5273 3945 5325 εύνδουὶο
3966 5294 3991 5323 ν

2413 5355 2631 5422 ἀγαπῶ,
2659 5357 2753 5409 καὶ
2781 5355 3077 5426 ώςνέχθρὸν
3107 5360 3521 5427 ἀποστρέιρομαι
3546 5377 3557 5387 σ
3612 5360 3639 5409 ὃ
3673 5366 3761 5413 καὶ
3798 5363 3872 5414 t1).-
3906 5367 3990 5415 ἰε-

2417 5448 2550 5517 σμὸν
2568 5449 2775 5515 φεύγω,
2793 5450 2883 5501 καὶ
2901 5449 2969 5508 di;
2995 5448 3430 5520 συγκληρονόμον
3447 5451 3794 5520 αἰσχύνομαι.
3814 5455 3960 5518 Τίξα

2415 5537 2723 5604 ᾳιι.ονεικῶ.
2768 5540 2858 5592 καὶ
2894 5538 2992 5590 οὐκ
3022 5538 3127 5608 ἔχω
3158 5542 3261 5592 τίνι
3291 5542 3540 5611 συνεργῷ
3570 5545 3701 5612 πρὸς
3737 5548 3805 5598 τὰ
3858 5548 3983 5599 κάλ-

2416 5629 2572 5681 ).ιστα
2618 5633 2891 5700 χρήσομαι
2920 5668 2934 5692 ,
2965 5630 3040 5691 ὡς
3071 5628 3220 5692 εἰδὼς
3252 5632 3329 5692 εἰς
3367 5632 3395 5684 ὃ
3425 5632 3643 5700 γέγονα,
3672 5636 3767 5686 καὶ
3793 5638 3875 5688 ὅτι
3904 5639 3979 5687 £13

2420 5736 2485 5789 με
2518 5720 2653 5789 πρὸς
2694 5718 2825 5772 Θεὸν
2854 5720 3134 5773 ἀνατεῖναι
3173 5722 3261 5775 διὰ
3286 5722 3392 5774 τῶν
3424 5723 3696 5793 πράξεων.
3724 5726 3915 5789 dmi-3o;
3934 5744 3976 5773 μ

2416 5811 2488 5874 ὼς
2515 5811 2792 5880 συνεργοῦ,
2824 5812 2918 5864 καὶ
2950 5812 3049 5864 οὐκ
3075 5812 3181 5881 ἔχω
3214 5812 3322 5875 πῶς
3355 5813 3507 5882 give.-
3539 5816 3636 5883 τὴν
3674 5816 3969 5867 ἐπανακταο
