4218 6446
214 390 353 459 1105

1551 396 1787 456 SACRA
1825 395 2289 455 PARALLELA.

3324 391 3461 461 1106

209 527 316 572 σιν,
348 508 380 577 ἢ
431 506 549 571 πῶς
580 507 657 579 μὴ
684 506 792 563 ἀπὸ
818 506 1156 570 Θεοῦπέσω,
1208 505 1494 578 βαρυνθεὶς
1541 509 1660 567 ταῖς
1692 504 1787 559 πέ-
1817 534 1829 569 Α

1891 505 2134 575 ignorem
2167 505 2328 575 cujus
2360 504 2437 561 rei
2481 519 2649 560 causa
2680 507 2782 562 sim
2818 512 3163 577 procreatus,
3208 505 3464 576 quodque

206 599 349 662 δαις,
370 597 764 663 κατασπώσαις
791 598 823 669 ἢ
842 597 1201 668 κατεχούσαις
1232 598 1309 660 είς
1326 596 1538 666 ἔδαφος.
1560 594 1786 666 Ἐχθρός

207 692 356 742 ἐστιν
386 690 643 760 εὐμενὴς,
675 690 771 744 καὶ
795 689 948 759 φίλος
970 688 1275 751 έπίσουλος.
1304 688 1368 741 Ὢ
1396 688 1495 757 τῆς
1527 686 1788 755 συζυγίας
1820 676 1823 679 ’

209 780 305 832 καὶ
334 779 432 849 τῆς
482 778 916 852 ἀλλοτριώσεως.
973 780 1039 832 Ὅ
1088 778 1382 848 φοϐοῦμαι,
1431 778 1711 847 περιέπω·
1759 776 1787 828 ὃ

210 873 450 941 στέργω,
474 873 689 927 δέδοικα
709 888 722 903 °
755 873 886 943 πρὶν
936 872 1268 942 πολεμῆσαι,
1302 870 1746 937 καταλλάσσομαι
1769 882 1783 897 ·

210 965 305 1016 καὶ
336 966 465 1035 πρὶν
491 963 827 1034 εἰρηνεῦσαι,
857 964 1161 1034 διΐσταμαι.
1193 964 1290 1025 Τίς
1404 962 1533 1033 περὶ
1572 960 1670 1031 ἐμὲ
1701 977 1789 1013 σο-

210 1057 348 1124 ιέίαῖ
386 1058 481 1111 καὶ
516 1057 649 1110 τιτὸ
674 1057 815 1127 μέγα
846 1057 974 1127 περὶ
1016 1057 1113 1126 ἐμὲ
1147 1056 1476 1125 μυστήριονς
1512 1051 1623 1124 ἢτί
1664 1051 1787 1121 βού-

209 1147 385 1210 λεται,
423 1150 616 1217 μοῖραν
641 1149 787 1218 ἡμᾶς
808 1147 969 1210 ὄντας
1002 1146 1159 1209 Θεοῦ,
1190 1147 1287 1198 καὶ
1327 1144 1532 1199 ἄνωθεν
1564 1141 1791 1212 ῥεύσαν-

209 1256 332 1301 τας,
364 1240 451 1291 ἴνα
477 1240 552 1309 μὴ
580 1240 667 1294 διὰ
693 1223 792 1307 τὴν
817 1238 973 1306 ἀξίαν
1012 1236 1362 1307 ἐπαιρόμενοι
1399 1236 1489 1287 καὶ
1528 1248 1789 1303 μετεωρι-

212 1328 430 1395 ζόμενοι
461 1329 888 1399 καταφρονῶμεν
911 1328 1003 1381 τοῦ
1033 1328 1349 1389 κτίσαντος,
1387 1327 1444 1378 ὲν
1468 1327 1533 1395 τῇ
1563 1322 1697 1393 πρὸς
1730 1322 1791 1375 τὸ

215 1418 382 1487 σῶμα
412 1420 556 1491 πάλῃ
588 1421 683 1473 καὶ
717 1421 865 1492 μάχῃ
911 1419 1047 1490 πρὸς
1088 1418 1249 1470 αὐτὸν
1293 1416 1381 1469 ἀεὶ
1430 1414 1668 1485 βλέπειν,
1698 1413 1793 1467 καὶ⁵

214 1510 315 1578 τὴν
341 1511 775 1581 συνεζευγμένην
799 1511 1105 1572 ἀσθένειαν,
1134 1507 1509 1575 παιδαγωγίαν
1539 1501 1676 1559 εἶναι
1696 1505 1792 1558 τοῦ

215 1601 550 1672 ἀξιώματος,
605 1606 688 1658 ἵνα
720 1605 948 1673 εἴδωμεν
980 1606 1029 1656 οἱ
1060 1603 1214 1655 αὐτοὶ
1243 1600 1487 1671 μέγιστοί
1538 1615 1596 1652 τε
1642 1598 1793 1660 ὄντες

215 1696 316 1746 καὶ
349 1695 743 1759 ταπεινότατοι,
776 1697 1009 1764 ἐπίγειοι
1053 1695 1147 1747 καὶ
1175 1691 1437 1761 οὐράνιοι,
1467 1688 1794 1759 πρόσκαιροι

218 1787 315 1837 καὶ
344 1785 601 1840 ἀθάνατοι
625 1824 641 1849 ,
678 1786 1003 1857 κληρονόμοι
1034 1784 1211 1854 φωτὸς
1240 1782 1430 1854 πυρὸς,
1454 1782 1634 1834 εἶτουν
1670 1779 1794 1832 σκό-

1842 666 1843 669 η
1889 596 2019 650 mihi
2067 611 2165 665 per
2196 600 2447 653 actiones
2482 599 2550 653 ad
2593 598 2762 651 Deum
2798 596 3098 654 ascendere
3136 596 3461 651 incumbat:

1842 674 2217 751 "sincontra,
2257 700 2317 743 ut
2371 705 2496 743 cum
2548 688 2800 757 adjutore
2841 689 3027 743 mitius
3082 702 3261 758 agam,
3318 687 3467 742 nulla

1883 780 1997 851 jam
2050 782 2190 835 ratio
2226 783 2489 847 occurrit,
2546 799 2655 853 qua
2704 782 3026 837 rebellantis
3081 782 3344 851 impetum
3385 780 3473 834 fu-

1888 873 2053 942 giam,
2093 879 2187 925 aut
2234 889 2301 927 ne
2337 889 2365 925 a
2419 874 2526 928 Deo
2578 890 2812 944 prorsus
2861 872 3149 938 excidam,
3196 871 3469 940 ejusmodi

1887 964 2246 1034 compedibus
2276 976 2557 1033 gravatus,
2583 968 2675 1035 qui
2718 983 2802 1021 me
2826 966 2893 1021 ad
2927 975 3127 1021 terram
3154 964 3468 1025 detrahant,

1889 1056 1972 1109 vel
2005 1056 2312 1109 detineant.
2355 1056 2541 1111 Hostis
2573 1068 2655 1111 est
2701 1057 2938 1111 blandus
2967 1061 3021 1109 et
3058 1054 3259 1117 facilis,
3293 1058 3348 1106 et
3381 1050 3471 1106 in-

1891 1147 2138 1201 sidiosos
2172 1149 2401 1204 amicus.
2437 1150 2481 1203 0
2510 1150 2692 1218 qualis
2718 1150 2823 1204 ista
2854 1146 3175 1215 conjunctio
3211 1145 3326 1199 esti
3352 1158 3474 1213 qua

1892 1237 2307 1291 inimicitiarum
2372 1238 2550 1292 ratio!
2614 1237 2760 1305 quod
2820 1252 3050 1301 vereor,
3113 1234 3469 1303 amplector:

1892 1328 2041 1398 quod
2062 1344 2206 1393 amo,
2240 1331 2340 1383 hoc
2372 1330 2757 1399 perhorresco.
2789 1328 3104 1396 Antequam
3132 1326 3334 1380 bellum
3358 1324 3471 1393 geri

1896 1418 2142 1485 incipiat,
2181 1418 2234 1471 in
2262 1421 2493 1489 gratiam
2525 1435 2650 1473 cum
2687 1433 2754 1473 eo
2778 1417 2944 1471 redeo
2977 1434 2990 1471 :
3024 1423 3078 1469 et
3107 1423 3236 1469 ante
3264 1414 3475 1469 consti-

1896 1517 2067 1561 tutam
2098 1524 2310 1578 pacem,
2336 1511 2405 1564 ab
2433 1527 2499 1565 eo
2522 1509 2787 1564 dissideo.
2806 1509 3058 1575 Quanam
3086 1506 3180 1561 Dei
3207 1504 3475 1575 sapientia

1897 1601 1997 1654 hoc
2032 1602 2164 1654 mihi
2204 1602 2441 1656 accidit?
2470 1618 2708 1671 quonam
2765 1617 2965 1671 magno
2999 1613 3314 1668 arcanoque
3341 1611 3476 1650 con-

1897 1692 2067 1747 silio?
2102 1694 2184 1747 An
2220 1694 2325 1747 hoc
2361 1694 2494 1763 agit,
2528 1705 2587 1748 ut
2620 1709 2746 1747 cum
2790 1694 2967 1762 portio
3006 1692 3096 1746 Dei
3148 1692 3351 1751 simus,
3377 1704 3477 1745 seu

1898 1798 2139 1851 superne
2189 1784 2554 1853 ﬁnxerimus;
2592 1801 2660 1840 ne
2709 1785 2780 1839 ob
2831 1783 3101 1852 ejusmodi
3159 1781 3477 1853 dignitatem

216 1892 366 1939 τους,
418 1877 696 1947 ὁποτέρως
863 1850 1177 1947 νενύσωμεν;
1235 1850 1489 1929 Τοιοῦτον
1520 1872 1579 1925 τὸ
1604 1872 1794 1941 κρᾶμα

1901 1850 2158 1927 insolenti
2194 1874 2337 1929 fastu
2368 1850 2887 1939 elati,7Creatorem
2915 1850 3296 1943 aspernemur,
3329 1873 3386 1926 in
3416 1885 3480 1927 ea

217 1967 399 2037 ἡμῶν,
433 1968 527 2020 καὶ
557 1968 645 2021 διὰ
678 1968 877 2022 ταῦτα’
926 1969 1002 2032 ὡς
1045 1968 1177 2037 γοῦν
1206 1968 1331 2038 ἐμοὶ
1360 1965 1791 2033 καταφαίνεταιο

219 2057 311 2111 ἵνα
342 2058 470 2110 ὅταν
498 2060 857 2131 έπαιρὼμεθα
894 2061 982 2114 διὰ
1012 2061 1111 2132 τὴν
1141 2059 1323 2112 εῑκόνα
1344 2097 1358 2121 ,
1404 2058 1493 2110 διὰ
1528 2056 1620 2109 τὸν
1663 2052 1792 2124 χοῦν

219 2166 286 2199 συ
296 2148 663 2219 στελλώμεθα.

1874 1978 2024 2031 quae
2058 1964 2221 2020 nobis
2248 1982 2373 2020 eum
2403 1982 2639 2038 corpore
2659 1975 2743 2022 est
2767 1965 3164 2021 colluctatione
3197 1972 3253 2018 et
3278 1977 3480 2034 pugna,

1900 2055 2082 2124 ipsum
2132 2071 2351 2127 semper
2391 2057 2728 2123 intueamur,
2793 2058 2983 2129 sicque
3038 2070 3285 2110 connexa
3323 2053 3484 2109 nobis

1901 2145 2219 2213 inﬁrmitas,
2273 2149 2602 2220 dignitatem
2666 2158 2916 2207 nostram
2971 2159 3122 2219 regat
3149 2156 3204 2202 et
3227 2147 3486 2206 erudiat?

218 2239 490 2296 Videlicet
540 2251 600 2298 ut
656 2244 1049 2316 intelligamus,
1092 2258 1193 2298 nos
1227 2241 1496 2295 maximos
1546 2238 1701 2308 juxta
1743 2240 1799 2290 et
1835 2234 2248 2303 abjeetissimos
2275 2252 2423 2304 esse,
2482 2247 2735 2295 terrenos
2785 2247 2842 2295 et
2918 2241 3192 2303 cmleSIes,
3272 2246 3484 2306 tempo-

219 2349 421 2391 raneos
452 2345 506 2391 et
544 2337 911 2403 immortales,
962 2339 1103 2394 lucis
1151 2346 1206 2392 et
1265 2336 1426 2408 ignis,
1481 2350 1577 2390 seu
1621 2331 1786 2386 etiam
1862 2331 2219 2388 tenebrarum
2279 2334 2548 2399 heredes,

220 2426 560 2494 propendere
601 2430 915 2498 contigerit.
989 2428 1115 2484 Haec
1179 2438 1369 2484 nostra
1429 2430 1798 2495 temperatura
1870 2430 1956 2475 est
2005 2439 2020 2476 :

2628 2345 2796 2406 prout
2844 2338 2911 2391 ad
2952 2337 3278 2389 alterutrum
3331 2333 3486 2387 nobis

2100 2432 2154 2479 et
2205 2426 2328 2482 istis
2383 2427 2450 2483 de
2504 2430 2692 2484 causis
2755 2428 3043 2499 (quantum
3097 2425 3314 2495 quidem
3371 2424 3486 2494 ipsa

220 2520 532 2588 perspicere
582 2522 759 2590 valeo)
812 2532 874 2578 ut
926 2538 1053 2578 cum
1103 2521 1350 2594 dignitas
1402 2517 1662 2590 imaginis
1726 2512 1943 2570 animos
2009 2518 2168 2574 nobis
2209 2520 2511 2586 extulerit,
2573 2536 2676 2577 nos
2743 2530 2887 2577 terra
2960 2519 3251 2575 contrahat
3313 2529 3366 2570 et
3419 2516 3489 2569 da

222 2611 444 2677 primat.

293 2727 459 2792 Τάξις
482 2730 573 2783 τὸν
595 2730 877 2801 ἄνθρωπον
900 2736 964 2786 ὲκ
984 2731 1200 2802 λογικοῦ
1231 2734 1327 2787 καὶ
1348 2732 1544 2800 ἀλόγου
1571 2728 1801 2799 συγκρίο

225 2835 397 2886 ματος
426 2810 809 2888 (tim/107mm
844 2825 1234 2894 συνεστήσατο,
1271 2823 1363 2877 καὶ
1393 2822 1651 2892 συνέδησε
1696 2838 1801 2890 μυ-

227 2911 427 2975 στικῶς
459 2913 552 2965 καὶ
584 2914 839 2984 ἀρρήτως
887 2915 976 2967 τὸν
1024 2915 1152 2986 χοῦν
1196 2916 1276 2987 τῷ
1311 2915 1416 2979 νοῒ,
1448 2915 1539 2968 τὸν
1568 2914 1692 2967 νοῦν
1722 2912 1803 2983 τῷ

226 2999 500 3069 πνεύματι
519 3019 532 3032 ’
562 3002 655 3056 καὶ
686 3004 773 3057 ἵνα
805 3004 1355 3077 θαυματουργήσῃ’τι
1393 3006 1579 3077 μεῖζον
1638 3008 1695 3058 ὲν
1723 3004 1803 3075 τῷ

226 3093 422 3146 ἑαυτοῦ
454 3095 757 3164 πλάσματι,
783 3097 846 3148 τὸ
877 3097 1010 3150 αὐτὸ
1042 3100 1135 3153 καὶ
1166 3099 1481 3157 διεσώσατο,
1506 3098 1602 3150 καὶ
1625 3096 1800 3151 διέλυ-

230 3204 342 3241 σεν.
377 3187 480 3239 Τὸν
527 3188 627 3257 μὲν
655 3188 763 3259 γάρ
807 3190 1196 3259 ἐπεισήγαγεν,
1224 3190 1314 3243 τὸν
1341 3190 1399 3243 δὲ
1430 3189 1796 3258 ὐπεξήγαγεν,

227 3277 417 3347 ὥσπερ
464 3256 537 3329 ἐν
580 3256 833 3350 ῥεύματι,
886 3256 1103 3351 καὶ-ίτῷ
1137 3280 1319 3352 θνητῷ
1372 3281 1470 3351 τὴν
1500 3256 1802 3335 ἀθανασίαν
1829 3256 1875 3318 C

230 3370 728 3439 ιπραγματεύσατο
756 3372 843 3427 διά
872 3374 1101 3437 λυπεως.

300 3596 398 3656 Τίς
431 3597 463 3663 ἡ
498 3594 639 3663 μίξις
663 3595 855 3665 ἠμῶν;
887 3597 969 3658 τίς
998 3598 1030 3666 ἡ
1064 3597 1313 3666 κίνησιςς
1366 3598 1480 3659 πῶς
1512 3598 1572 3649 τὸ
1601 3596 1803 3651 ἀθάνα-

232 3702 322 3739 τον
352 3687 429 3756 τῷ
459 3686 637 3756 θνητῷ
668 3688 1009 3757 συνεκράθη;
1043 3690 1159 3750 πῶς
1208 3690 1356 3741 κάτω
1404 3690 1532 3757 ῥέοι,
1564 3690 1660 3742 καὶ
1693 3690 1805 3743 ἀνω

231 3779 467 3848 φέρομαι
492 3795 505 3842 ;
533 3779 649 3841 πῶς
676 3779 822 3851 ψυχὴ
872 3781 1249 3851 περιφέρεται.
1284 3782 1375 3835 καὶ
1402 3782 1547 3852 ζωὴν
1600 3782 1801 3847 δίδωσι,

233 3870 331 3923 καὶ
366 3869 571 3931 πάθους
599 3871 1039 3939 μεταλαμϐάνει;
1070 3874 1187 3935 πῶς
1216 3873 1244 3923 ὁ
1274 3873 1399 3935 νοῦς
1429 3873 1805 3942 περιγραπτδς

232 3962 329 4014 καὶ
359 3962 632 4029 ἀόριστος,
684 3964 740 4015 ὲν
774 3965 904 4032 ἡμῖν
947 3962 1142 4033 μένων,
1179 3966 1273 4017 καὶ
1306 3965 1485 4017 πάντα
1534 3963 1808 4032 ἐφοδεύων

233 4050 388 4119 τάχει
418 4053 587 4121 φορᾶς
612 4053 704 4106 καὶ
740 4052 1004 4124 parietem
1029 4053 1144 4119 πῶς
1170 4053 1641 4125 μεταλαμϐάνεται
1662 4054 1804 4125 λόγῳ

236 4144 332 4195 καὶ
355 4142 713 4213 μεταδίδοται,
757 4145 851 4199 καὶ
895 4146 961 4200 δι’
1002 4146 1160 4217 ἀέρος
1194 4148 1377 4219 χωρεῖ,
1409 4147 1500 4200 καὶ
1526 4147 1662 4217 μιτά
1693 4146 1803 4202 τῶν

236 4235 578 4306 πραγμάτων
610 4238 916 4307 εἰσέρχεται
948 4237 1054 4290 ἀπὸ
1087 4237 1195 4291 τῶν
1227 4237 1569 4311 αίσθήσιων;

308 4524 419 4592 οὐχ
448 4524 533 4578 ἵνα
561 4526 824 4593 φάγωμεν
857 4527 951 4579 καὶ
975 4527 1205 4595 πίωμεν,
1236 4528 1332 4581 καὶ
1357 4527 1799 4599 περιεαλώμιθα,

1977 2716 2251 2787 Ejusdem,
2291 2730 2430 2775 orat.
2460 2719 2531 2776 26
2588 2720 2827 2776 -0rdo
2868 2721 3145 2775 hominem
3191 2736 3256 2773 ex
3304 2733 3484 2774 massa

1904 2810 2101 2879 partim
2136 2810 2415 2875 rationali,
2446 2813 2647 2881 partim
2678 2824 2871 2866 aversa
2922 2825 2950 2863 a
3005 2811 3242 2872 ratione.
3283 2810 3485 2864 animal

1904 2902 2170 2957 rationale
2197 2905 2528 2971 construxit,
2554 2914 2609 2959 et
2667 2920 2872 2960 arcano
2916 2903 3081 2959 modo
3114 2912 3317 2959 terram
3359 2918 3485 2959 cum

1905 3002 2105 3057 mente,
2142 3003 2379 3050 mentem
2420 3011 2545 3049 cum
2579 2997 2778 3067 spiritu
2812 2996 3008 3053 vinxit.
3044 2994 3131 3059 Et,
3174 3003 3239 3052 ut.
3262 2995 3489 3052 mirabi-

1909 3085 2013 3139 lius
2035 3085 2298 3153 quiddam
2331 3088 2386 3143 in
2420 3087 2683 3160 ﬁgmento
2712 3098 2879 3160 atque
2906 3104 3069 3159 opere
3093 3104 3196 3143 suo
3224 3097 3483 3159 patraret.

1906 3179 2047 3235 idem
2098 3182 2271 3251 ipsum
2302 3193 2355 3239 et
2400 3185 2771 3249 conservavit,
2816 3194 2871 3239 et
2921 3183 3199 3239 dissolvit.
3237 3183 3484 3239 Alterum

1906 3271 2052 3325 enim
2089 3273 2497 3341 superinduxit,
2555 3275 2787 3330 alterum
2835 3274 3121 3337 subduxit,
3159 3288 3269 3327 non
3322 3287 3485 3328 secus

1905 3372 2070 3430 atque
2099 3364 2150 3417 in
2177 3379 2445 3434 aquarum
2477 3364 2624 3420 ﬂuxu
2646 3384 2660 3427 ;
2683 3373 2737 3420 et
2759 3368 2974 3435 corpori
3006 3366 3222 3421 mortali
3258 3367 3484 3422 immor-

1906 3452 2176 3507 talitatem
2202 3467 2300 3524 per
2326 3454 2658 3510 solutionem
2700 3454 3060 3524 comparavit.

1979 3586 2249 3654 Ejusdem,
2274 3597 2412 3641 orat.
2440 3588 2531 3643 ει.
2557 3618 2628 3629 —-
2650 3588 2910 3655 Quaenam
2944 3590 3059 3644 haec
3086 3591 3273 3646 mistio
3286 3598 3481 3648 nostra

1905 3677 2029 3731 est?
2059 3679 2182 3746 quis
2208 3680 2430 3733 motus?
2483 3679 2765 3748 quomodo
2797 3680 2847 3734 id
2870 3681 3015 3749 quod
3045 3681 3354 3737 immortale
3373 3691 3477 3745 est.

1905 3782 2029 3819 cum
2066 3782 2121 3817 re
2150 3768 2367 3820 mortali
2401 3779 2759 3838 temperatum
2800 3768 2940 3823 fuit?
2978 3770 3080 3835 Qui
3117 3772 3173 3824 tit
3208 3780 3267 3824 ut
3298 3772 3477 3827 anima

1905 3860 2345 3925 circumfer-ator,
2387 3872 2442 3916 et
2486 3864 2653 3915 vitam
2708 3864 3007 3931 impertiat,
3077 3863 3477 3937 aﬂectuumque

1906 3947 1975 3999 sit
2010 3949 2317 4017 particeps?
2339 3949 2439 4014 Qui
2473 3948 2528 4003 iit
2560 3958 2619 4001 ut
2646 3964 2822 4013 mens,
2848 3958 2901 4002 et
2929 3950 3345 4021 circumscripta
3380 3954 3475 4017 sit,

1905 4045 1958 4090 et
2000 4037 2158 4107 313
2209 4038 2488 4093 indeilnita
2528 4056 2542 4092 :
2584 4041 2640 4093 in
2694 4040 2852 4094 nobis
2915 4050 3150 4102 maneat.
3196 4047 3249 4095 ct
3298 4051 3474 4097 motus

1907 4127 2194 4198 ﬂuxnsque
2236 4130 2556 4200 pernicitate
2586 4130 2766 4187 omnia
2798 4130 3128 4198 perlustret?
3175 4134 3267 4201 qui
3305 4131 3382 4198 ill,
3415 4146 3473 4187 ut

1907 4230 2213 4271 sermonem
2242 4218 2519 4289 percipiat,
2540 4228 2590 4273 ct
2614 4218 2857 4274 vicissim
2882 4221 3273 4285 communicet;
3292 4236 3473 4278 aerem

1907 4306 2188 4374 pervadat,
2220 4315 2272 4362 et
2313 4306 2648 4363 adminiculo
2678 4322 2941 4365 sensuum
2990 4309 3044 4364 iu
3089 4311 3236 4380 ipsas
3264 4325 3353 4367 res
3388 4311 3474 4366 in-

1908 4396 2217 4465 grediatur?

1979 4508 2253 4579 Chryaost.
2286 4508 2454 4563 Homo
2480 4525 2574 4564 cur
2598 4510 2859 4565 conditus.
2892 4540 2962 4551 --
2990 4512 3107 4565 Non
3139 4520 3195 4564 ut
3230 4512 3473 4579 edamus,

235 4589 630 4686 ιγεννῆθημε-ν,
650 4589 769 4671 ’ἀλλ’
803 4619 888 4672 ἴνα
927 4589 1190 4689 φύγωμεν
1216 4589 1445 4681 κακίαν..
1466 4589 1716 4689 ἑλώμεθα
1748 4589 1802 4676 δὲ

1880 4606 1884 4631 ν
1913 4610 1965 4655 et
1997 4602 2267 4664 bibamus,
2292 4610 2345 4657 et
2374 4602 2685 4666 induamur.
2718 4602 2831 4658 nati
2858 4618 3081 4671 sumus;
3114 4605 3229 4667 sed,
3260 4615 3475 4676 arrepta

234 4708 457 4781 ἀρετὴν,
489 4713 587 4777 τῆς
610 4711 759 4775 θείας
786 4711 1163 4781 ἐπιλαϐόμενοι
1192 4713 1525 4781 φιλοσοφίας.
1550 4715 1672 4768 Ὅτι
1697 4714 1805 4784 γὰρ

232 4804 331 4870 οὐχ
369 4803 456 4854 ἵνα
488 4804 750 4872 φάγωμεν
782 4805 875 4856 καὶ
900 4806 1130 4873 πίωμεν,
1166 4806 1557 4876 ἐγεννήθημεν,
1578 4808 1692 4859 ἀλλ’
1720 4807 1804 4873 ἐφ’

233 4894 444 4961 ἑτέροις
476 4894 657 4963 πολλῷ
710 4895 917 4963 μείζοσι
962 4905 1054 4948 καὶ
1088 4898 1371 4965 βελτίοσιν.
1424 4901 1657 4951 ἄκουσον
1709 4900 1803 4952 τοῦ

234 4984 373 5033 θεοῦ
430 4984 523 5034 κη).
580 4984 676 5052 τὴν
740 4987 916 5037 αἰτίαν
964 4986 1246 5052 λέγοντος,
1296 4987 1379 5053 ἐφ’
1522 4988 1803 5059 ἄνθρωπον

236 5072 495 5135 ἐποίησεν
518 5088 529 5099 ⁸
563 5072 905 5124 διαπλάττων
944 5075 1051 5143 γὰρ
1088 5076 1269 5134 αὑτὸν,
1307 5075 1447 5127 οὕτω
1481 5095 1593 5140 πως
1634 5051 1766 5147 φηδί
1788 5095 1801 5108 ⁸

241 5182 256 5209 ι
288 5162 611 5229 Ποιήσωμεν
662 5164 948 5231 ἄνθρωπον
992 5165 1113 5217 κατ’
1153 5166 1336 5217 εἰκόνα
1390 5167 1668 5237 ἡμετέραν
1714 5169 1805 5220 καὶ

236 5253 359 5305 καθ’
388 5252 664 5319 ὁμοίωσιν.
706 5273 723 5305 ι
753 5255 967 5319 Ὅμοιοι
1000 5256 1055 5307 δὲ
1097 5255 1188 5307 τοῦ
1224 5256 1359 5307 Θεοῦ
1391 5257 1673 5325 γινόμεθα,
1706 5258 1803 5309 οὐκ

236 5342 510 5404 ισῦἰοντες
563 5344 657 5395 καὶ
705 5343 948 5406 πίνοντες
999 5346 1091 5398 καὶ
1144 5345 1623 5415 περιϐαλλόμενον
1675 5346 1805 5407 Θεὸς

235 5432 345 5501 γὰρ
365 5431 489 5483 οὔτε
520 5432 712 5497 ἐσθίει,
736 5432 857 5485 οὔτε
890 5434 1053 5497 πίνει,
1078 5432 1201 5485 οὔτε
1233 5434 1645 5503 περιϐάλλεται·
1670 5434 1805 5487 ἀλλὰ

232 5523 581 5593 δικαιοσύνην
633 5526 946 5587 ἀσκοῦντες,
1003 5526 1095 5577 καὶ
1146 5524 1557 5595 φιλανθρωπίαν
1608 5528 1812 5579 ἐπιδει-

237 5618 337 5668 κνύ
348 5634 520 5684 μενοι,
556 5620 782 5686 χρηστοὶ
812 5620 907 5670 καὶ
938 5620 1197 5678 ἐπιεικεῖς
1227 5618 1395 5681 ὄντες,
1418 5622 1541 5679 τοὺς
1583 5619 1809 5688 πλησίον

234 5706 538 5768 ἐλεοῦντες,
566 5707 782 5759 ἅπασαν
811 5708 1011 5776 ἀρετὴν
1030 5708 1345 5770 διώκοντες·
1378 5710 1499 5760 ἐπεὶ
1528 5710 1590 5761 τὸ
1616 5714 1811 5777 φαγεῖν

238 5800 333 5851 καὶ
378 5798 441 5851 τὸ
472 5802 637 5864 πιεῖν,
693 5799 869 5852 κοινὸν
909 5800 1039 5869 πρὸς
1095 5800 1192 5869 τὴν
1235 5800 1340 5855 τῶν
1390 5801 1598 5869 ἀλόγων
1647 5800 1805 5871 φύσιν

1909 4692 2091 4747 divina
2126 4693 2487 4763 philosOphia,
2539 4695 2730 4749 vitium
2786 4693 3079 4765 fugiamus,
3124 4705 3177 4750 et
3225 4696 3474 4751 virtutem

1910 4788 2298 4855 amplexantur.
2327 4785 2460 4839 Nam
2479 4786 2643 4855 quod,
2671 4801 2779 4842 non
2805 4798 2863 4842 ut
2885 4787 3110 4843 edamus
3126 4799 3179 4843 et
3205 4788 3476 4852 bibamus,

1908 4881 1999 4933 sed
2039 4880 2106 4932 ob
2130 4880 2231 4932 alia
2260 4879 2415 4950 longe
2447 4879 2653 4948 majora
2704 4890 2757 4934 et
2792 4882 3171 4951 praestantiora
3214 4884 3267 4935 in
3304 4883 3477 4938 lucem

1909 4974 2036 5028 editi
2088 4975 2281 5035 simus,
2335 4972 2460 5052 andi
2491 4990 2653 5042 quam
2692 4989 2913 5026 causam
2946 4972 3089 5028 Deus
3121 4972 3328 5035 afferat,
3381 4990 3481 5028 cur

1912 5066 2185 5121 hominem
2220 5066 2544 5119 condiderit.
2589 5066 2726 5121 Cum
2777 5068 2920 5121 enim
2951 5082 3073 5121 cum
3106 5067 3380 5132 formavit,
3414 5067 3479 5120 ad

1914 5160 2053 5212 hunc
2081 5158 2297 5210 modum
2330 5159 2543 5212 locutus
2567 5168 2650 5213 est
2684 5175 2699 5212 :
2740 5178 2756 5209 ι
2789 5158 3075 5213 Faciamus
3109 5158 3379 5214 hominem
3413 5159 3480 5212 ad

1916 5256 2200 5319 imaginem
2233 5260 2285 5303 et
2342 5250 2751 5304 similitudinem
2797 5260 3061 5305 uestram.
3099 5268 3115 5301 ι
3160 5249 3266 5303 Deo
3318 5264 3481 5319 porro

1912 5344 2115 5397 similes
2141 5342 2421 5406 eiiieimnr,
2455 5358 2559 5394 non
2592 5341 2811 5407 quando
2860 5341 3093 5403 edimus,
3126 5349 3180 5395 et
3222 5340 3480 5396 bibimus.

1913 5446 1957 5489 et
1996 5437 2272 5487 induimur
2309 5434 2474 5501 (Dens
2507 5449 2706 5501 quippe
2750 5447 2850 5486 nec
2889 5431 3021 5493 edit,
3060 5445 3161 5485 nec
3194 5431 3350 5493 bibit,
3385 5446 3483 5484 nec

1914 5525 2158 5579 vestibus
2189 5528 2401 5586 utitur),
2437 5526 2528 5577 sed
2558 5526 2778 5591 quando
2810 5524 3269 5594 tumhenignitate
3285 5534 3339 5578 et
3367 5538 3484 5576 mo-

1912 5617 2108 5675 destia.
2131 5629 2241 5673 tum
2266 5617 2634 5671 misericordia
2663 5632 2789 5687 erga
2822 5632 3106 5686 pauperes,
3130 5616 3483 5680 omniumque

1914 5709 2171 5763 virtutum
2208 5708 2387 5763 studio
2434 5709 2706 5777 justitiam
2738 5708 2991 5770 colimus,
3027 5714 3081 5760 ct
3128 5704 3482 5759 humanitatis

1913 5802 2187 5870 specimen
2224 5801 2435 5860 damus.
2472 5799 2641 5857 Edere
2674 5798 2939 5870 siquidem
2994 5806 3044 5851 ct
3088 5796 3290 5861 bibere,
3325 5793 3484 5852 nobis
