4218 6446
253 404 391 471 1109

1576 421 1815 483 SACRA
1857 423 2319 487 PABALLELA.

3373 435 3509 499 1110

253 518 395 575 εἶναι
429 520 597 590 φησί’
636 521 875 588 παιδίου,
911 525 1123 592 παιδὸς,
1166 526 1477 596 μειρακίου,
1511 530 1815 595 νεανίσκου,
1851 536 1889 590 Α

1851 536 1889 590 Α
1920 540 2110 589 aetates
2137 542 2342 605 septem
2373 549 2495 591 esse
2534 536 2631 605 ait,
2663 536 2945 595 infantiam
2994 540 3281 608 nimirum,
3317 546 3503 614 pueri-

251 612 464 682 άνδρὸς,
489 615 821 684 πρεσϐύτου,
852 619 1129 688 γέροντος.
1153 619 1369 683 Ταύτας
1407 622 1464 674 δὲ
1504 622 1822 693 μετρεῖσθαι

255 703 354 771 μὲν
379 701 693 773 ἓϐδομάσιν,
728 706 789 759 ού
832 706 938 777 μὴν
960 710 1083 771 ταῖς
1114 708 1256 762 κατὰ
1297 709 1357 762 τὸ
1381 710 1526 781 ἐξης.
1565 711 1727 779 Λέγει
1764 712 1822 765 δὲ

252 794 426 857 οὕτως
449 813 461 826 ·
496 814 514 846 ι
553 796 641 849 Ἐν
671 797 964 869 ἀνθρώπου
1009 799 1169 870 φύσει
1209 802 1350 856 ἑπτά
1400 804 1539 855 εἰσιν
1565 798 1727 872 ὧραι,
1760 804 1826 867 ἃς

255 888 472 958 ἡλικίας
504 890 819 946 καλέουσινο
859 894 1093 959 παιδίον,
1127 912 1278 959 παις,
1312 898 1618 967 μειράκιον,
1645 896 1825 949 νεανί-

256 999 421 1048 σκος,
452 985 623 1055 ἀνὴρ,
677 985 1025 1056 πρεσϐύτης,
1060 988 1260 1057 γέρων.
1308 989 1417 1042 Καὶ
1456 989 1669 1043 παιδίον
1724 988 1825 1059 μέν

259 1078 407 1130 ἐστιν
446 1076 573 1147 ἄχρι
604 1078 743 1132 ἑπτά
786 1079 945 1142 ἐτῶν,
991 1081 1242 1134 τουτέστι
1292 1082 1391 1152 τῆς
1438 1081 1549 1134 τῶν
1599 1081 1827 1135 ὀδόντων

257 1168 509 1237 ἐκϐολῆς.
545 1171 679 1234 Παῖς
711 1171 767 1223 δὲ
813 1171 940 1241 ἄχρι
983 1172 1149 1242 γονῆς
1183 1172 1486 1243 ἐκφύσεως,
1515 1174 1597 1235 είς
1638 1172 1705 1226 τά
1748 1172 1830 1234 δῖς

257 1261 418 1315 ἑπτά.
442 1261 741 1332 Μειράκιον
762 1262 892 1334 ἄχρι
920 1264 1129 1333 γενείου
1157 1263 1499 1334 λαχνώσεως,
1530 1265 1587 1328 ὲς
1614 1263 1684 1316 τὰ
1712 1264 1831 1333 τρὶς

257 1351 430 1405 ἑπτά·
465 1352 748 1416 νεανίσκος
768 1354 825 1407 δὲ
858 1354 1017 1426 ἄχρις
1052 1354 1333 1424 αὐξήσεως
1358 1356 1482 1408 ολου
1514 1354 1610 1407 τοῦ
1643 1354 1825 1423 σώμα-

257 1459 371 1506 τος,
403 1444 461 1507 ἐς
488 1444 558 1497 τὰ
590 1448 846 1515 τετράκις
879 1447 1040 1500 ἑπτά.
1076 1447 1238 1519 Ἀνὴρ
1272 1446 1315 1500 δ’
1351 1446 1510 1517 ἄχρις
1542 1446 1661 1510 ἐνὸς
1688 1446 1835 1499 δέον-

258 1552 350 1599 τος
397 1538 763 1607 πεντήκοντα’
821 1540 1135 1611 πρεσϐύτης
1187 1541 1265 1606 δὲ,
1297 1540 1426 1611 ἄχρι
1468 1541 1830 1612 πεντήκοντα,

260 1627 318 1685 te
352 1626 421 1679 τά
454 1628 687 1692 ἑπτάκις
719 1629 882 1686 ὀκτώ.
908 1631 981 1683 Τὸ
1011 1631 1068 1684 δὲ
1093 1631 1366 1694 ἐντεῦθεν,
1397 1630 1597 1700 γέρων.
1632 1650 1650 1680 ι

1926 621 2081 686 tiam,
2114 622 2566 693 adolescentiam,
2620 627 2982 697 juventutem,
3017 631 3230 686 virilem
3265 641 3506 699 aetatem,

1912 723 2243 786 provectam
2288 724 2343 771 et
2380 719 2628 775 senilem.
2680 720 2790 776 Has
2816 737 2982 792 porro
3012 725 3340 792 septenariis
3388 726 3512 797 qui-

1926 808 2050 860 dem
2079 812 2330 874 metitur,
2361 825 2471 865 non
2502 820 2681 867 tamen
2713 815 3012 870 continuis.
3053 814 3151 872 His
3184 827 3367 873 autem
3390 833 3507 873 ver-

1929 896 2016 954 bis
2043 899 2265 954 utitur:
2302 917 2322 950 t
2362 899 2421 954 lu
2453 902 2700 958 hominis
2734 912 2931 959 natura
2970 914 3177 977 septem
3210 919 3336 963 sunt
3375 917 3539 971 tem-.

1928 1004 2121 1059 porum
2147 990 2583 1059 vicissitudines,
2607 1010 2748 1065 quas
2768 1003 2962 1052 .rtates
2983 1001 3279 1069 appellant,
3310 1000 3516 1069 infans,

1930 1098 2086 1153 puer,
2137 1084 2492 1150 adolescens,
2539 1089 2783 1156 juvenis,
2831 1090 2937 1157 vir,
2996 1102 3156 1148 aetate
3201 1103 3520 1164 provectus,

1930 1190 2097 1230 senex
2150 1176 2339 1232 Infans
2370 1192 2548 1247 usque
2589 1181 2655 1232 ad
2690 1188 2897 1251 septem
2932 1197 3015 1238 an:
3048 1199 3109 1238 as
3132 1192 3217 1239 est
3245 1224 3261 1247 ,
3289 1184 3395 1239 hoc
3434 1183 3523 1239 est

1932 1264 2063 1321 dum
2089 1267 2281 1324 dentes
2312 1268 2568 1325 eduxerit
2624 1269 2788 1335 Puer,
2821 1273 2998 1328 donec
3025 1290 3215 1329 semen
3253 1276 3523 1330 emiserit:

1935 1357 2040 1411 hoc
2089 1365 2172 1412 est
2221 1375 2395 1429 usque
2429 1360 2494 1415 ad
2545 1370 2803 1430 quartum
2856 1374 2911 1419 et
2965 1363 3237 1420 decimum
3293 1381 3519 1419 annum.

1940 1449 2297 1517 Adolescens,
2330 1453 2510 1522 quoad
2564 1455 2762 1523 lanugo
2796 1456 2970 1524 prima
3007 1458 3240 1519 oriatur,
3292 1457 3396 1511 hoc
3442 1468 3524 1513 est

1940 1541 2008 1595 ad
2048 1549 2159 1597 tres
2188 1557 2459 1597 annorum
2491 1544 2886 1602 hebdomades.
2920 1547 3172 1609 Juvenis,
3222 1549 3403 1620 quoad
3441 1560 3522 1605 to-

1942 1637 2054 1682 tum
2090 1642 2291 1698 corpus
2330 1632 2602 1697 creverit,
2663 1635 2763 1689 hoe
2812 1644 2899 1691 est
2940 1652 3115 1705 usque
3166 1638 3233 1692 ad
3287 1648 3526 1707 quatuor

262 1719 655 1777 hebdomades.
690 1721 809 1787 Vir,
838 1739 1010 1793 usque
1053 1725 1117 1779 ad
1186 1722 1892 1794 undequinquagesimum;
1962 1723 2065 1776 hoc
2125 1732 2213 1777 est
2264 1722 2330 1778 ad
2386 1733 2594 1794 septem
2658 1743 2926 1783 annorum
2990 1730 3376 1786 hebdomades.
3432 1727 3528 1780 Se-

261 1826 516 1879 nescens,
559 1829 731 1885 usque
756 1815 825 1869 ad
862 1827 1075 1871 sextum
1108 1824 1162 1873 et
1192 1818 1713 1889 quinquagesimttm
1739 1830 1966 1881 annum,
1992 1816 2096 1871 hoc
2118 1824 2203 1871 est
2257 1825 2511 1873 octavum
2568 1822 2969 1890 scptenarium.
3025 1823 3287 1894 Deinceps
3348 1829 3527 1878 autem

260 1919 451 1963 senex.

329 2021 567 2077 Δυνατδν
598 2024 658 2077 ἐν
685 2026 995 2095 τριακοστῷ
1025 2026 1135 2080 ἔτει
1173 2026 1334 2080 αὑτὸν
1369 2026 1656 2098 ἄνθρωπον
1681 2025 1834 2079 πάπ-
1866 2011 1908 2063 Β

1866 2011 1908 2063 Β
2006 2018 2150 2073 Fieri
2180 2027 2379 2090 potest,
2415 2029 2474 2075 ut
2507 2022 2782 2091 quispiam
2812 2023 2866 2077 in
2901 2037 3046 2077 anno
3082 2023 3368 2079 tricesimo
3395 2041 3530 2081 avus

260 2130 363 2166 πον
389 2114 666 2182 γενέσθαι.
702 2116 838 2188 Ἦϐᾷ
884 2118 999 2188 ’μὲν
1028 2136 1093 2170 πε
1105 2119 1157 2190 ρὶ
1184 2120 1284 2189 τὴν
1313 2117 1838 2188 τεσσαρεσκαιδεκά-

260 2223 361 2276 την
410 2207 647 2278 ήλικίαν,
702 2203 831 2282 ὲνῆ
880 2211 1122 2281 σπείρει,
1174 2210 1236 2264 τὸ
1296 2211 1353 2264 δὲ
1425 2210 1629 2282 σπαρὲν
1687 2208 1837 2271 ἐντὸς

259 2299 340 2350 tv:
384 2299 511 2353 υτοῦ
539 2302 857 2371 γενόμενον,
901 2303 1062 2356 πάλιν
1116 2301 1596 2371 πεντεκαιδεκάτῳ
1636 2300 1746 2353 ἔτει
1778 2300 1838 2353 τὸ

204 2455 213 2459 μ
258 2390 447 2461 ὅμοιον
477 2391 654 2464 ἐαυτῷ
688 2394 906 2465 γεννᾷν.

334 2507 451 2560 Πᾶν
478 2506 577 2578 τὴν
610 2508 786 2579 ἀρχὴν
818 2508 962 2580 ἔχον,
1004 2510 1097 2562 καὶ
1131 2510 1282 2573 τέλος
1320 2508 1649 2579 ἐπιδέχεται.
1684 2507 1755 2559 Τὸ
1784 2506 1838 2559 δὲ

260 2599 420 2664 τέλος
446 2600 854 2672 ἐπιδεχόμενον,
883 2602 1088 2675 ,ροορᾶς
1113 2604 1228 2655 ἐστι
1255 2601 1502 2656 δεκτικόν

263 2920 452 2993 ΤΙΤΔΑ.
485 2918 561 2970 6'.
594 2948 673 2993 -_
700 2919 839 2993 Περὶ
879 2918 982 2972 τοῦ
1009 2917 1439 2993 ᾳὺιςεξοριζίους
1482 2916 1565 2969 ὅτι
1610 2914 1843 2993 δέϐρται

338 2988 484 3056 ἡμῖν
530 2988 687 3055 παρὰ
726 2992 897 3052 Θεου,
942 2990 1040 3041 καί
1093 2989 1163 3042 ἐν
1213 2987 1358 3056 ἡμῖν
1412 2988 1538 3040 ἐστι
1574 2987 1842 3051 σωθῆναι

340 3058 438 3111 καὶ
465 3058 820 3111 ἀπολέσθαι.

345 3215 363 3244 ε
402 3194 856 3265 Διαμαρτύρομαι
899 3195 1028 3265 ὑμῖν
1072 3198 1314 3266 σήμερον
1350 3195 1440 3247 τὸν
1483 3192 1715 3262 οὐρανὸν
1753 3190 1846 3243 καὶ⁴

270 3287 369 3357 τὴν
419 3288 557 3356 γῆν*
610 3287 710 3357 τὴν
756 3286 900 3358 ζωὴν
924 3289 1019 3340 καὶ
1080 3286 1173 3338 τὸν
1221 3286 1450 3340 θάνατον
1498 3283 1708 3338 δέδωκα
1756 3283 1847 3335 ἐπὶ

1938 2110 2031 2175 sit,
2078 2126 2270 2181 nempe
2314 2120 2373 2166 ut
2412 2128 2558 2167 anno
2602 2113 2820 2168 deetmo
2884 2121 3085 2184 quarto
3133 2116 3421 2184 pubescat,
3478 2131 3534 2176 et

1939 2201 2250 2273 genituram
2280 2203 2499 2258 emittat
2534 2245 2546 2257 .
2593 2204 2855 2274 quodque
2892 2214 3075 2264 satum
3104 2213 3187 2260 est
3233 2222 3355 2261 cum
3385 2209 3528 2267 intra

1940 2293 2105 2348 unius
2132 2294 2261 2348 anni
2298 2295 2534 2365 spat'um
2577 2296 2633 2349 in
2669 2295 2846 2349 lucem
2874 2296 3081 2350 editum
3116 2296 3304 2363 fuerit,
3336 2315 3531 2355 rursus

1940 2386 2156 2442 decimo
2181 2386 2375 2457 quinto
2399 2402 2544 2442 anno
2580 2387 2762 2444 simile
2786 2390 2872 2442 sui
2910 2388 3121 2459 gignat.

2012 2500 2263 2555 Eustath.
2298 2510 2439 2555 cont.
2492 2500 2680 2555 Arian.
2730 2533 2797 2543 —
2852 2500 3133 2571 Quidquid
3197 2503 3526 2574 principium

1943 2593 2127 2658 habet,
2163 2593 2323 2649 linem
2371 2610 2594 2665 quoque
2647 2594 2962 2650 habiturum
2996 2603 3083 2649 est
3115 2616 3127 2651 :
3162 2599 3309 2667 quod
3346 2606 3529 2656 autem

1946 2684 2108 2740 linem
2178 2686 2451 2752 admittit,
2522 2688 2867 2758 corruptioni
2930 2686 3164 2757 proinde
3230 2690 3528 2746 obnoxium

1945 2789 2051 2833 est.

1893 2898 1897 2902 ἢ
1949 2913 2084 2967 ΤΙΤ.
2122 2912 2209 2966 ΙΧ.
2247 2942 2315 2952 --
2344 2912 2420 2966 De
2448 2914 2664 2966 arbitrii
2713 2913 2956 2967 libertate
2984 2930 3002 2967 :
3038 2914 3178 2982 quod
3212 2932 3273 2968 ea
3306 2917 3455 2968 nobis
3502 2931 3535 2969 α

2018 2983 2130 3038 Deo
2163 2983 2289 3035 data
2319 2986 2409 3043 sit,
2445 2983 2681 3052 quodque
2711 2985 2766 3037 in
2798 2984 2947 3037 nobis
2996 2985 3156 3038 situm
3200 2987 3271 3038 sit
3304 2985 3532 3040 salutent

2019 3054 2289 3124 consequi.
2324 3052 2401 3106 vel
2431 3053 2624 3119 perire.

2025 3188 2159 3244 Deut
2213 3206 2345 3256 nx,
2385 3191 2471 3245 I9.
2504 3220 2573 3230 —
2621 3210 2639 3240 ι
2673 3188 2866 3247 Testes
2908 3193 3106 3248 invoco
3132 3192 3296 3249 hodie
3332 3194 3529 3248 cmlum

1951 3290 2005 3336 et
2035 3291 2259 3348 terram,
2287 3282 2433 3352 quod
2464 3284 2844 3353 proposuerim
2875 3285 3036 3340 vobis
3079 3285 3245 3339 vitam
3290 3294 3345 3341 et
3386 3301 3532 3339 mor-

271 3343 569 3448 προσιίιπου
626 3343 803 3447 ὑμῶν,
838 3343 933 3431 καὶ
978 3377 1080 3448 τὴν
1127 3376 1401 3443 εὐλογίαν,
1444 3377 1539 3429 καὶ
1566 3375 1665 3445 τὴν
1710 3392 1846 3428 κατ-
1875 3343 1917 3401 C

1527 3375 1665 3445 ιτὴν
1710 3392 1846 3428 κατ-
1875 3343 1917 3401 C
1951 3382 2082 3437 tem,
2118 3374 2557 3431 benedictionem
2587 3382 2639 3431 et
2670 3375 3136 3431 maledictionem.
3178 3397 3193 3427 ι

270 3471 434 3541 άραν.
474 3488 493 3520 ο

352 3602 371 3634 ι
395 3580 565 3636 Εἶπον
593 3585 660 3653 τῇ
685 3582 833 3654 ψυχῇ
865 3599 968 3653 μου
990 3599 1003 3612 ·
1030 3581 1284 3652 Σωτηρία
1313 3598 1407 3634 σου
1448 3581 1564 3650 εἰμὶ
1592 3578 1723 3648 ἐγώ.
1752 3599 1769 3630 ι

349 3780 367 3811 ι
400 3760 604 3831 Κύριος
653 3761 712 3829 ἐξ
749 3762 927 3832 άρχης
972 3758 1229 3830 ἐποίησεν
1263 3758 1571 3830 ἄνθρωπον,
1613 3758 1707 3811 καὶ
1742 3759 1841 3826 άφ-

271 3855 408 3925 ἧκεν
424 3857 589 3909 αὐτὸν
616 3858 673 3908 ἐν
707 3856 854 3925 χειρὶ
871 3854 1175 3907 διαϐουλίου
1205 3853 1393 3907 αὐτοῦ.
1414 3851 1739 3923 Παρέθηκέν
1764 3868 1846 3904 σοι

2022 3572 2171 3628 Psal.
2214 3589 2400 3637 xxxiv,
2432 3575 2487 3628 3.
2519 3603 2589 3614 —
2629 3592 2647 3625 ι
2689 3575 2783 3628 Die
2812 3573 3007 3630 anima:
3039 3590 3173 3630 mea:
3208 3594 3221 3606 ·
3257 3576 3407 3630 salus
3437 3584 3527 3630 tua

1950 3680 2050 3735 ego
2082 3680 2224 3721 sum.
2266 3683 2287 3716 ›

2020 3756 2189 3810 Eccli.
2231 3772 2317 3819 xv,
2356 3754 2445 3815 14,
2497 3755 2581 3809 15.
2618 3785 2686 3794 -
2727 3774 2747 3808 ι
2796 3755 2941 3812 Deus
2991 3759 3200 3812 creavit
3251 3759 3319 3813 ab
3371 3758 3529 3816 initio

1950 3845 2250 3907 hominem,
2293 3852 2350 3898 et
2399 3843 2627 3912 reliquit
2679 3860 2805 3899 eum
2838 3846 2895 3899 in
2930 3861 3095 3902 manu
3148 3848 3365 3904 consilii
3418 3853 3523 3905 sui.

272 3946 388 4019 πῦρ
420 3949 517 3999 καὶ
569 3946 734 4016 ὕδωρ,
780 3940 842 3999 οὗ
901 3947 997 3998 ἐὰν
1029 3945 1190 4018 θέλῃς
1238 3945 1501 4007 ὲκτείνοις
1547 3943 1645 4014 τὴν
1690 3942 1847 4014 χεῖρά

1947 3935 2216 4006 Apposuit
2240 3935 2340 3989 tibi
2378 3950 2576 4004 aquam
2621 3943 2677 3990 et
2712 3936 2892 4007 ignem
2939 3956 2953 3992 :
2987 3939 3053 3991 ad
3090 3939 3234 4010 quod
3285 3940 3526 3995 volueris

273 4056 393 4093 σου.
435 4039 686 4093 Ἑναντία
728 4039 1015 4109 ἄνθρωπον
1046 4040 1079 4109 ὴ
1117 4038 1229 4109 ζωὴ
1272 4039 1365 4091 καὶ
1393 4038 1422 4089 ό
1449 4036 1679 4090 θάνατος
1740 4035 1838 4087 γαὶ

272 4133 301 4186 δ
327 4134 424 4187 ἐὰν
453 4133 723 4203 εὐδοκήσῃ
745 4131 912 4201 αὑτῷ.
946 4151 964 4182 i

351 4328 369 4361 ι
407 4310 540 4363 Ἰδοὺ
566 4310 601 4379 ἡ
638 4307 885 4377 βασιλεία
906 4307 1002 4361 τοῦ
1038 4307 1174 4362 Θεοῦ
1200 4308 1350 4372 ἐντὸς
1378 4305 1532 4377 ὑμῶν
1555 4306 1690 4359 ἐστι.
1717 4324 1733 4356 ι

352 4506 369 4537 ι
400 4488 512 4541 Οὐκ
541 4486 740 4549 οἴδατε,
765 4488 847 4540 ὅτι
897 4505 942 4555 ῳ
978 4487 1417 4558 ὲμπαριστάνετε
1451 4488 1679 4552 ἑαυτοὺς
1723 4488 1841 4542 δού-

272 4581 401 4642 λους
431 4580 511 4642 είς
541 4578 812 4648 ὑπακοὴν,
839 4577 1014 4630 δοῦλοί
1045 4580 1166 4631 ἐστε
1268 4578 1593 4634 ὑπακούετε.
1632 4597 1650 4631 ι

346 4758 602 4811 Θέλουσιν
642 4758 771 4829 ύμῖν
813 4755 873 4810 εὖ
914 4758 1197 4828 πράττειν,
1242 4758 1375 4819 Θεὸς
1412 4757 1630 4827 ἕτοιμος
1668 4759 1748 4820 είς
1790 4759 1849 4810 τὸ

274 4847 565 4916 παρέχειν.

349 4938 599 5003 Τέθεικα,
633 4938 788 5007 φησι,
825 4938 932 5007 πρὸ
968 4938 1262 5007 προσώπου
1315 4955 1408 4991 σου
1440 4938 1537 5007 τὴν
1567 4939 1709 5009 ζωὴν
1751 4942 1848 4992 καὶ

274 5028 371 5081 τὸν
399 5028 648 5092 θάνατον,
682 5028 743 5079 τὸ
776 5027 980 5095 ἀγαθὸν
1020 5030 1114 5081 καὶ
1143 5033 1203 5081 τὸ
1249 5030 1437 5092 κακὸν,
1466 5030 1560 5083 δύο
1592 5031 1847 5084 ἀντικει-

278 5123 450 5192 μένας
480 5122 688 5191 φύσεις.
740 5123 1200 5193 Ἀντιστάθμησον
1235 5124 1403 5187 αὐτὰς
1432 5124 1523 5176 ἐπὶ
1563 5121 1655 5175 τοῦ
1692 5139 1851 5174 σεαυ-

1950 4026 2163 4095 porrige
2197 4040 2417 4079 manum
2450 4034 2621 4079 tuam.
2657 4028 2797 4082 Ante
2822 4028 3100 4084 hominem
3136 4032 3246 4084 vita
3270 4040 3323 4085 ct
3352 4047 3525 4099 mors,

1950 4118 2151 4170 honuni
2191 4124 2245 4170 et
2276 4117 2477 4171 malum
2515 4135 2529 4172 :
2569 4102 2803 4190 etquod
2846 4120 3113 4189 placuerit
3176 4122 3251 4188 ei,
3304 4122 3519 4179 dabitur

2022 4297 2150 4352 Luc.
2186 4316 2317 4363 xvn,
2350 4300 2442 4355 2|.
2470 4332 2536 4340 —
2567 4320 2584 4352 ι
2624 4300 2766 4358 Ecce
2797 4317 3024 4375 regnum
3077 4304 3174 4361 Dei
3240 4305 3383 4360 intra
3438 4323 3529 4360 vos

1949 4400 2050 4445 (νει.
2092 4411 2108 4442 ι

2019 4478 2165 4534 Rom.
2197 4497 2270 4544 vr,
2307 4480 2391 4534 lti.
2429 4512 2493 4519 —-
2538 4500 2555 4531 ί
2585 4480 2820 4538 Nescitis
2848 4483 3106 4552 quoniam
3140 4485 3228 4539 cui
3259 4486 3533 4541 exhibetis

1952 4583 2048 4622 vos
2081 4586 2270 4624 servos
2320 4570 2387 4623 ad
2436 4570 2834 4635 obediendum,
2884 4574 3028 4628 servi
3085 4576 3221 4629 estis
3273 4576 3396 4645 ejus
3442 4578 3531 4629 cui

1953 4661 2210 4717 ohcditis.
2253 4680 2270 4712 ι

2023 4749 2242 4820 lguaiii,
2299 4754 2446 4818 epist.
2509 4753 2579 4804 ad
2637 4751 2853 4821 Smyrn.
3002 4754 3329 4810 Volentihus
3372 4758 3530 4811 nobis

1951 4844 2088 4897 bene
2118 4860 2297 4911 agere,
2332 4843 2472 4898 Deus
2504 4844 2568 4898 ad
2597 4845 2937 4916 largiendum
2972 4856 3260 4918 promptus
3283 4859 3386 4904 est.

2020 4934 2187 4988 Basil.
2225 4935 2278 4988 in
2324 4952 2382 5004 ps
2426 4936 2443 4989 ι
2527 4951 2616 4990 ut
2688 4966 2755 4978 -—
2806 4937 2968 4993 Posui
3041 4939 3238 5009 inquit,
3288 4948 3413 4995 ante
3453 4940 3535 4994 fa-

1949 5026 2086 5080 ciem
2119 5033 2266 5079 tuam
2318 5027 2486 5079 vitam
2538 5036 2592 5082 et
2642 5037 2896 5095 mortem,
2947 5031 3149 5084 bonum
3200 5037 3254 5084 et
3299 5032 3526 5089 malum.

1953 5117 2090 5171 duas
2134 5117 2272 5169 inter
2309 5133 2367 5171 se
2406 5127 2711 5187 pugnantes
2746 5119 2908 5188 315
2940 5128 3192 5175 naturas.
3247 5119 3530 5191 Perpende

274 5214 373 5268 τοῦ
406 5215 721 5284 κριτηρίου·
767 5214 1171 5283 ζυγοστᾶτησον
1205 5215 1469 5283 ἀκριϐῶς,
1500 5214 1552 5265 τί
1590 5230 1671 5266 σοι
1698 5213 1852 5265 λυσι-

1953 5209 2021 5263 ad
2051 5224 2275 5264 examen
2319 5210 2511 5279 iudicii
2544 5210 2645 5272 tui,
2677 5218 2730 5263 et
2771 5225 2928 5286 aequa
2970 5211 3128 5265 lance
3158 5211 3349 5267 sedulo
3396 5225 3523 5282 pon-

272 5306 618 5373 τελέστερον,
654 5307 752 5376 τὴν
785 5307 1119 5375 πρόσκαιρον
1155 5305 1618 5373 ὲ).ἐσοαι’ήδονὴν,
1664 5307 1754 5357 καὶ
1785 5306 1850 5356 δι’

277 5396 449 5464 αὐτῆς
507 5397 599 5447 τὸν
638 5398 855 5450 αιώνιον
907 5399 1090 5451 ιαϐειν
1152 5400 1402 5462 θάνατον,
1453 5399 1484 5468 ἢ
1530 5396 1627 5467 τὴν
1675 5397 1732 5447 ἐν
1783 5400 1848 5465 τῇ

277 5494 512 5555 ασκὴσει
575 5506 658 5555 ;η;
688 5490 889 5558 ἀρετῆς
936 5490 1194 5559 ἐλόμωιν
1256 5489 1534 5542 κακοπὰο-
1569 5506 1648 5550 αν,
1681 5506 1713 5540 τ
1754 5486 1849 5557 ύτῃ

278 5579 529 5649 προξένῳ
557 5582 865 5648 χρήσασθαι
896 5582 993 5651 τῆς
1020 5583 1238 5635 αἰωνίου
1264 5582 1492 5651 τρυφῆς.

357 5838 439 5893 Τὰ
470 5842 524 5893 ἐν
554 5841 679 5911 ᾆδον
725 5844 887 5909 γακᾶ,
920 5845 1040 5913 οὐχὶ
1084 5845 1210 5898 ί-ῌιν
1246 5846 1356 5914 ἔχει
1398 5846 1483 5898 τὸν
1513 5848 1703 5899 αἴτιον.
1739 5845 1845 5899 ἀλλ’

1953 5302 2104 5367 dera,
2137 5310 2317 5354 ntrttm
2371 5301 2775 5357 conducibilius
2812 5302 3121 5357 rationibus
3152 5304 3262 5358 tuis
3300 5303 3405 5368 sit;
3445 5304 3524 5355 ni-

1957 5394 2152 5445 mirum
2180 5394 2511 5460 ioluptatem
2549 5392 2766 5446 brevem
2799 5403 2851 5447 et
2878 5392 3267 5463 temporariam
3304 5392 3523 5463 eligere,

1956 5491 2009 5535 et
2051 5498 2146 5550 per
2200 5499 2319 5538 eam
2379 5492 2765 5552 sempiternam
2829 5493 3057 5538 mortem
3111 5485 3394 5555 accipere,
3458 5501 3522 5541 an

1959 5583 2150 5626 contra
2192 5574 2431 5627 colenda:
2471 5574 2687 5627 virtutis
2740 5589 2907 5627 causa
2955 5576 3215 5631 aerumnis
3274 5590 3526 5645 asperam

1957 5663 2120 5715 vitam
2149 5663 2464 5732 amplexari,
2496 5674 2547 5716 ct
2577 5678 2672 5731 per
2696 5678 2815 5717 eam
2844 5662 3069 5719 delicias
3112 5678 3391 5733 nunquam
3442 5666 3527 5717 in-

1960 5754 2335 5808 terinoritnras
2363 5754 2458 5807 tibi
2495 5754 2807 5807 conciliare.

2039 5846 2205 5898 Rexit.
2269 5845 2404 5897 Ιιιπηι.
2474 5845 2624 5910 Quod
2694 5845 2824 5899 Deus
2876 5851 2973 5899 itou
3028 5856 3100 5900 est
3139 5845 3523 5902 auctormalo-
