4218 6446
738 431 872 510 l115

1916 437 1977 495 S.
2015 430 2334 496 JOANNIS
2371 426 2801 490 DAMASCENI

3864 414 4010 478 1116

802 552 906 607 Job
965 553 1206 617 xxx,19.
1236 578 1291 588 —
1333 567 1351 597 1
1414 544 1736 600 Existimavi
1799 544 2068 615 meipsum
2113 552 2359 601 terram;

2501 559 2518 590 1
2555 539 2811 608 Ἦγημαι
2838 535 3078 607 ἐμαυτὸν
3098 533 3202 605 γῆν
3239 532 3332 587 καὶ
3367 529 3583 585 σποδόν.
3623 549 3640 582 ι

733 654 788 698 et
817 648 1091 698 cinerem.
1129 661 1147 693 1

809 729 962 784 l’sal.
1019 745 1146 793 ui,
1207 728 1262 779 7.
1324 757 1391 766 -—-
1447 745 1466 778 1
1531 725 1643 796 Ego
1698 740 1819 780 sum
1861 725 2186 789 vermis,et
2209 739 2316 778 non

738 823 922 875 homo.
965 838 984 870 1

816 913 961 965 Psal.
996 928 1164 965 XIt’lll
1193 912 1282 975 ,5.
1321 912 1404 963 15.
1434 941 1501 950 —
1536 927 1555 960 1
1603 908 1742 966 Ecce
1784 909 2191 964 mensurabiles
2225 924 2318 977 po-

739 1005 896 1058 suisti
952 1004 1072 1058 dies
1140 1018 1308 1058 meos.
1372 1004 1598 1056 Advena
1665 1017 1767 1072 ego
1833 1017 2000 1067 sum,
2049 1012 2107 1055 et
2165 1015 2320 1071 pereo

737 1110 951 1163 grumis.
991 1112 1008 1142 ι

808 1185 970 1254 317
1015 1185 1143 1239 Psal
1202 1199 1307 1249 cn,
1339 1184 1405 1239 15
1454 1214 1522 1223 —-
1553 1203 1572 1236 1
1606 1183 1916 1240 Recordare
1937 1225 1954 1251 ,
1981 1185 2110 1255 quia
2138 1185 2319 1254 pulvis

741 1291 962 1404 “"1231:
995 1295 1184 1398 1.1!"!
1209 1385 1225 1409 ,
1257 1345 1346 1399 '59.
1375 1376 1445 1386 —
1470 1364 1489 1396 1
1527 1344 1872 1402 Recordatus
1899 1355 1986 1402 est
2021 1347 2152 1416 quia
2184 1361 2319 1400 caro

741 1447 904 1494 sunt,
936 1437 1172 1504 spiritus
1202 1437 1406 1492 vadens
1432 1447 1489 1492 et
1521 1453 1629 1492 non
1667 1439 1909 1495 rediens.
1942 1457 1960 1491 1

813 1525 964 1579 Psal.
1007 1543 1205 1582 um:
1227 1569 1243 1594 ,
1276 1528 1362 1584 10.
1393 1558 1464 1568 —
1495 1547 1512 1580 1
1541 1530 1686 1584 Anni
1723 1531 1901 1586 nostri
1937 1531 2086 1587 sicut
2113 1545 2318 1585 aranea

743 1619 1176 1673 meditabantur.
1211 1640 1228 1670 1

802 1704 968 1778 'Psql.
1005 1725 1089 1773 Cl,
1129 1711 1181 1766 4.
1218 1738 1286 1751 —-
1324 1729 1343 1762 1
1387 1710 1716 1766 Delecerunt
1762 1711 1909 1767 sicut
1963 1711 2148 1768 fumus
2199 1714 2319 1768 dies

743 1819 869 1856 IIICI.
912 1823 930 1854 ι

812 1892 963 1947 Ρεαι.
999 1906 1070 1946 cn
1093 1931 1108 1954 ,
1140 1893 1208 1946 1‘5
1255 1923 1322 1932 —
1352 1911 1371 1944 1
1403 1891 1578 1948 Ilomo
1603 1895 1746 1948 sicut
1769 1893 1955 1949 l‘enum
1985 1895 2106 1951 dies
2135 1896 2312 1966 ejus.1
2353 1878 2396 1932 Β

812 1982 944 2035 Ριαι
997 1997 1186 2047 cxun,
1218 1984 1359 2037 4.-
1394 2001 1413 2034 1
1447 1983 1624 2039 llomo
1653 1993 1884 2039 vanitati
1912 1987 2115 2044 similis
2146 1989 2255 2044 lact
2279 2006 2324 2045 ιε

741 2082 826 2128 est
857 2094 869 2128 :
905 2075 1024 2130 dies
1057 2075 1163 2130 mei
1195 2076 1340 2131 sicut
1368 2077 1561 2130 umbra
1593 2087 1942 2147 praetereunt.
1980 2098 1999 2130 1

815 2169 993 2225 Eccle.
1036 2188 1088 2234 ι,
1128 2173 1183 2225 2.
1225 2201 1294 2212 —
1325 2171 1552 2228 Vanitas
1594 2175 1901 2229 vanitatum
1929 2217 1943 2240 ,
1991 2177 2178 2230 omnia
2229 2193 2320 2232 va-

743 2260 910 2314 nitas.
947 2280 965 2312 1

817 2351 994 2406 Eccle.
1040 2369 1088 2406 IV
1109 2393 1124 2416 ,
1159 2355 1215 2410 2.
1257 2385 1325 2394 -
1351 2373 1370 2408 1
1400 2354 1642 2410 Laudavi
1673 2355 1851 2428 magis
1879 2365 2128 2415 mortuos
2158 2376 2321 2430 quam

745 2445 1038 2501 viventes:
1085 2455 1142 2502 et
1183 2447 1400 2502 felicior
1445 2459 1682 2519 utroque
1725 2450 1825 2519 qui
1872 2451 2109 2506 necdum
2159 2462 2325 2511 natus

744 2546 832 2589 cst
858 2576 873 2599 ,
911 2551 1012 2591 nec
1042 2537 1176 2593 vidit
1209 2540 1352 2609 opus
1377 2554 1542 2596 omne
1569 2541 1717 2612 quod
1746 2542 1852 2597 sub
1883 2544 2000 2600 sole
2032 2544 2112 2599 ﬁt.
2150 2566 2166 2597 1

820 2709 992 2766 Eccle.
1037 2728 1124 2778 vi,
1157 2715 1210 2768 7.
1241 2743 1309 2753 —
1343 2734 1360 2765 1
1396 2713 1595 2786 omnis
1645 2717 1808 2773 lahor
1858 2718 2108 2778 hominis
2155 2723 2210 2778 in
2262 2740 2328 2781 os

747 2803 892 2872 ejus.
936 2821 955 2856 1

823 2895 997 2951 Eccle.
1043 2913 1140 2963 ιιι,
1179 2898 1268 2954 19.
1303 2929 1371 2941 —
1407 2920 1426 2954 1
1467 2899 1609 2968 Quid
1663 2902 1830 2959 habet
1877 2904 2048 2963 homo
2091 2910 2329 2980 amplius

745 2987 1038 3057 jumento’
1063 2991 1220 3047 nihil.
1257 2992 1395 3059 Quia
1427 2997 1613 3049 omnia
1645 2998 1884 3054 vanitas.
1919 3017 1938 3052 1

827 3081 982 3136 Eccle
1048 3099 1123 3146 ιι,
1159 3085 1249 3140 25.
1286 3117 1356 3126 -
1392 3105 1411 3139 1
1443 3087 1650 3145 Omnes
1678 3090 1800 3145 dies
1831 3092 1956 3161 ejus
2023 3095 2182 3150 dolor
2210 3097 2332 3152 ani»

752 3175 936 3244 inique
970 3175 1282 3232 distractio.
1318 3179 1383 3231 Et
1419 3194 1488 3232 ne
1524 3189 1690 3236 nocte
1723 3183 1946 3251 quidem
1987 3185 2196 3241 dormit
2233 3203 2333 3242 eor

751 3266 896 3336 ejus.
935 3267 1150 3321 Etenim
1183 3268 1290 3323 hoc
1323 3277 1408 3322 est
1441 3270 1679 3325 vanitas.
1713 3292 1733 3324 1

827 3354 1003 3410 Eccle.
1046 3373 1112 3419 v,
1153 3357 1258 3421 14,
1300 3359 1390 3414 15.
1516 3379 1536 3411 1
1569 3360 1624 3415 Si
1651 3369 1725 3415 ut
1756 3378 2016 3433 egressus
2040 3376 2125 3422 est
2151 3368 2336 3423 nudus

753 3449 822 3504 de
878 3460 1068 3505 ventre
1125 3451 1322 3504 matris
1374 3466 1520 3516 sum,
1576 3463 1633 3507 ct
1684 3464 2046 3511 convertetur
2105 3467 2167 3514 ut
2209 3467 2334 3523 eat,

754 3541 1034 3608 quomodo
1070 3541 1254 3607 vadit,
1292 3551 1346 3595 et
1375 3541 1516 3596 nihil
1550 3545 1789 3614 accipiet
1822 3560 2011 3602 secum
2048 3548 2117 3604 de
2151 3549 2340 3606 labore

758 3647 897 3692 suo.
928 3642 988 3685 ut
1020 3640 1205 3687 teneat
1240 3632 1294 3686 in
1330 3649 1498 3688 manu
1532 3649 1633 3689 sua
1674 3654 1688 3689 :
1725 3635 1822 3691 sed
1856 3646 1910 3692 et
1955 3637 2060 3693 hoc
2105 3639 2341 3712 languor

759 3740 1050 3792 possumus.
1082 3725 1239 3778 Sicut
1269 3726 1417 3781 enim
1452 3726 1676 3781 advenit
1697 3767 1712 3790 ,
1751 3729 1824 3782 ita
1855 3737 1908 3784 et
1942 3731 2140 3786 abibit.
2171 3753 2191 3786 1

827 3815 991 3869 Zach.
1035 3833 1086 3881 ι,
1123 3818 1176 3872 5.
1206 3847 1276 3859 ——
1311 3835 1331 3868 1
1367 3816 1561 3873 Patres
1591 3819 1765 3874 vestri
1815 3829 1870 3875 et
1920 3823 2077 3894 propl
2101 3834 2204 3880 etc
2235 3826 2330 3881 ubi

761 3919 885 3962 sunt
910 3909 934 3960 ?
961 3907 1222 3978 Nunquid
1247 3910 1302 3964 in
1333 3917 1606 3965 :eternum
1637 3919 1847 3967 Vivent.
1883 3932 1902 3965 1

833 4000 948 4055 11a.
990 4017 1092 4064 ιι,
1132 4002 1186 4056 6.
1229 4032 1288 4041 —
1322 4020 1341 4053 1
1375 4001 1570 4058 Omnis
1601 4018 1735 4058 caro
1788 4005 2013 4070 fenum,
2061 4017 2116 4063 et
2167 4011 2342 4081 gloria

762 4091 1038 4156 hominis,
1072 4093 1218 4146 sicut
1251 4092 1354 4149 llos
1385 4094 1518 4150 l'eni.
1569 4094 1922 4152 Exsiccatum
1975 4108 2059 4155 est
2111 4101 2342 4172 fenum,

761 4192 815 4238 et
848 4183 946 4239 llos
975 4185 1096 4253 ejus
1122 4185 1346 4242 cecidit.
1380 4204 1400 4237 1

834 4276 946 4330 11a.
987 4293 1018 4331 ι.
1038 4316 1054 4338 .
1092 4279 1146 4333 9.
1177 4309 1244 4320 -—
1277 4297 1296 4331 1
1329 4279 1472 4335 Ecce
1502 4294 1698 4336 omnes
1729 4297 1827 4335 vos
1853 4282 2014 4352 quasi
2046 4285 2346 4342 vestimen-

766 4379 879 4421 tum
916 4371 1271 4424 veterascetis
1292 4411 1308 4435 ,
1341 4379 1396 4426 et
1430 4373 1580 4427 tinea
1612 4375 1874 4442 depasect
1910 4391 2030 4429 vos.
2075 4395 2094 4428 1

835 4459 1059 4522 1ια.ι.ι,
1096 4462 1149 4514 Ἱ.
1177 4492 1246 4502 -
1277 4480 1296 4514 1
1333 4461 1514 4518 Nolite
1544 4464 1740 4520 timere
1769 4466 2128 4534 approhrium
2162 4468 2346 4522 homi-

2497 734 2514 764 1
2563 715 2705 784 Ἐγώ
2740 716 2858 787 ειμι
2884 713 3124 781 σκώληξ,
3155 712 3252 767 καὶ
3280 712 3383 766 οὐκ
3420 711 3731 783 ἄνθρωπος.
3763 730 3784 763 1

2496 910 2515 941 1
2565 891 2696 945 Ἰδοὺ
2731 892 3037 956 παλαιστὰς
3071 892 3194 946 ἔθου
3242 893 3343 955 τὰς
3385 893 3603 963 ἡμέρας
3639 908 3760 960 μου.
3797 891 4010 960 Πάροι-

2422 1000 2515 1048 κος
2544 984 2656 1053 ἐγώ
2682 986 2797 1056 ειμι
2829 985 2978 1056 παρὰ
3017 985 3101 1039 σοὶ
3130 988 3227 1040 καὶ
3255 986 3660 1056 παρεπίδημος.
3696 1002 3715 1035 ι

2498 1179 2516 1212 1
2553 1162 2865 1235 Μνήσθητι,
2892 1181 2974 1218 οτι
3000 1162 3130 1235 χοῦς
3153 1165 3341 1235 ἔσμεν.
3380 1183 3397 1214 ι

2499 1379 2516 1409 1
2560 1358 2862 1430 Ἐμνήσθη,
2887 1360 2970 1413 ὅτι
3001 1361 3142 1432 σάρξ
3168 1363 3297 1426 εἱσι,
3347 1379 3565 1434 πνευμα
3611 1363 4012 1435 πορευόμενον,

2423 1453 2520 1506 καὶ
2545 1452 2646 1504 οὐκ
2670 1453 3020 1522 ἐπιστρέφον.
3053 1472 3072 1505 1
3469 1484 3477 1489 -

2499 1563 2516 1593 1
2553 1543 2634 1596 Τὰ
2656 1543 2752 1612 ἔτη
2777 1546 2810 1614 ἠ
2821 1545 2938 1612 μῶν
2960 1544 3096 1598 ὠσεὶ
3122 1545 3337 1616 ἁράχνη
3365 1545 3656 1616 ἐμελέτων.
3705 1573 3714 1582 υ

2497 1735 2516 1767 1
2561 1718 2838 1784 Ἐξέλιπον
2863 1721 2998 1774 ὡσεὶ
3024 1739 3078 1775 κ·
3101 1722 3232 1785 πνὺς
3260 1724 3316 1775 αἱ
3343 1723 3548 1794 ἡμέραι
3570 1740 3694 1791 μου.
3738 1742 3756 1772 ι

2509 1914 2526 1944 1
2564 1897 2883 1967 Ἀνθρωπος
2906 1898 3038 1951 ὡσεὶ
3059 1898 3250 1968 χόρτος
3275 1900 3332 1952 αἱ
3358 1899 3564 1969 ἡμέραι
3587 1899 3774 1954 αὑτοῦ.
3808 1919 3827 1952 ι

2499 2005 2516 2037 1
2553 1989 2875 2060 Ἀνθρωπος
2906 1991 3234 2060 ματαιότητι
3260 1990 3575 2061 όμοιωθεὶς,
3597 1994 3652 2045 αἱ
3674 1992 3879 2061 ἡμέραι
3907 2011 4016 2063 μοι.

2425 2079 2558 2133 ὡσεὶ
2587 2082 2716 2135 σκιὰ
2740 2085 3101 2153 παράγουσιν.
3138 2102 3155 2134 ι

2504 2192 2521 2221 1
2557 2173 2870 2244 Ματαιότης
2904 2176 3306 2247 ματαιοτήτων,
3328 2176 3397 2229 τὰ
3425 2177 3606 2231 πάντα
3634 2177 3958 2247 ματαότης.
3997 2198 4014 2227 1

2507 2346 2522 2375 1
2590 2325 2844 2395 Επῄνεσα
2871 2327 2980 2398 γὰρ
3005 2329 3132 2390 τοὺς
3160 2327 3516 2396 τεθνηκότας,
3555 2328 3682 2391 τοὺς
3722 2326 3824 2396 ἤδη
3874 2328 4021 2379 ἀπο-

2427 2415 2690 2481 θανόντας
2717 2417 2859 2489 ὑπὲρ
2883 2421 3010 2481 τοὺς
3053 2420 3282 2482 ζωντας,
3321 2419 3417 2472 καὶ
3463 2418 3668 2486 ἀγαθὸς
3741 2418 3881 2487 ὑπὲρ
3918 2417 4022 2470 δύο

2426 2507 2670 2572 τούτους,
2712 2509 2861 2572 όστις
2888 2509 3042 2562 οὔπω
3065 2510 3302 2578 ἐγένετο,
3328 2511 3389 2573 ὂς
3417 2529 3519 2564 ουκ
3554 2510 3665 2564 οἱδε
3694 2527 3916 2580 συμπαν
3961 2510 4023 2562 τὸ

2430 2600 2642 2670 ποίημα
2658 2602 2720 2655 τὸ
2748 2603 3118 2674 πεποιημένον
3146 2603 3251 2657 ὑπὸ
3277 2604 3368 2657 τὸν
3389 2604 3562 2674 ἣλιον.
3597 2622 3616 2655 1

2508 2714 2524 2745 1
2571 2695 2684 2758 Πᾶς
2713 2695 2911 2766 μόχθος
2938 2695 3034 2749 τοῦ
3055 2695 3348 2768 ἀνθρώπου
3376 2697 3454 2761 εἰς
3478 2696 3542 2749 τὸ
3567 2696 3744 2767 στόμα
3778 2696 3971 2750 αὑτοῦ.
3999 2716 4018 2748 1

2509 2894 2528 2926 1
2565 2875 2630 2927 Τί
2661 2877 3055 2946 ἐπερίσσευσεν
3076 2876 3353 2948 ἀνθρώπῳ
3379 2876 3533 2949 παρᾶ
3558 2876 3619 2930 τὸ
3654 2877 3892 2945 κτῆνοςς
3930 2876 4025 2928 οὗ·

2429 2969 2518 3022 δέν
2547 2986 2560 2999 ·
2589 2970 2672 3023 ὅτι
2695 2972 2872 3025 πάντα
2903 2972 3222 3043 ματαιότης.
3262 2991 3282 3024 1

2505 3079 2523 3111 1
2553 3062 2734 3114 Πᾶσαι
2762 3065 2818 3115 αἱ
2845 3063 3054 3133 ἡμέραι
3083 3062 3248 3116 αὑτοῦ
3293 3062 3654 3133 ἀλγημάτων,
3705 3061 3798 3115 καὶ
3850 3060 4026 3130 θυμοῦ

2435 3153 2843 3221 περισπασμός.
2868 3154 2978 3206 Καί
3007 3172 3069 3221 γε
3095 3156 3154 3209 ὲν
3179 3155 3337 3208 νυκτὶ
3366 3155 3426 3207 οὐ
3453 3155 3718 3215 κοιμᾶται
3760 3154 3795 3222 ή
3823 3152 4027 3220 καρδία

2361 3233 2404 3288 C
2435 3243 2625 3296 αὐτοῦ.
2659 3245 2766 3294 Καὶ
2787 3245 2898 3313 γὰρ
2923 3244 3084 3295 τοῦτο
3115 3246 3416 3314 ματαιότης
3440 3244 3580 3297 ἐστί.
3615 3264 3634 3295 ι

2515 3352 2533 3383 1
2569 3334 2764 3396 Καθως
2789 3333 3142 3402 gemmam
3157 3333 3393 3406 γαστρὸς
3420 3334 3625 3405 μητρὸς
3649 3333 3884 3402 γυμνὸς,
3914 3333 4029 3384 ἐπι-

2439 3424 2661 3495 στρέψει
2681 3425 2774 3478 τοῦ
2803 3425 3136 3496 πορευθῆναι
3165 3445 3241 3490 ως
3267 3428 3415 3498 ἣκει,
3440 3427 3535 3480 καὶ
3586 3425 3743 3480 οὐδὲν
3792 3425 4022 3494 λήψεται

2438 3521 2497 3570 ὲν
2528 3518 2712 3589 μόχθῳ
2736 3520 2926 3580 αὐτου,
2956 3521 3045 3573 ἵνα
3073 3520 3316 3591 πορευθῇ
3350 3522 3409 3573 ὲν
3440 3523 3508 3590 τῇ
3533 3520 3680 3591 χειρὶ
3705 3518 3906 3572 αὐτου·
3937 3518 4029 3573 καί

2438 3624 2502 3675 γε
2529 3609 2688 3663 τοῦτο
2713 3612 2925 3682 πονηρὰ
2954 3613 3234 3683 ὸρῤωστία
3261 3629 3276 3642 ο
3303 3611 3494 3683 ὥσπερ
3516 3611 3626 3681 γὰρ
3671 3612 4026 3682 παρεγένετο,

2439 3699 2614 3763 οὕτως
2640 3703 2735 3755 καὶ
2761 3704 2892 3756 ἀπε)
2905 3703 3145 3759 εύσεται.
3182 3723 3202 3757 1

2518 3812 2536 3846 1
2568 3795 2632 3847 Ui
2660 3795 2897 3866 πατέρες
2951 3797 3128 3866 ὑμῶν,
3155 3797 3251 3851 καὶ
3275 3799 3326 3851 οἱ
3352 3797 3633 3869 προφῆται
3681 3796 3787 3850 ποῦ
3847 3797 4025 3860 sioiv;

2446 3886 2520 3956 μὴ
2549 3888 2632 3949 εἰς
2655 3887 2747 3940 τὸν
2774 3888 2947 3942 αἰῶνα
2973 3889 3233 3955 ζήσονάι
3295 3909 3314 3943 ι
3621 3962 3627 3967 '

2523 3999 2540 4030 1
2578 3981 2734 4032 Πᾶσα
2760 3980 2897 4050 σὰρξ
2929 3982 3120 4050 χόρτος
3139 4021 3152 4044 ,
3177 3981 3273 4034 καὶ
3298 3981 3426 4047 δόξα
3452 3980 3765 4052 ἀνθρώπου,
3816 3980 3896 4043 ὡς
3939 3980 4030 4034 ἇν-

2445 4069 2538 4132 θος
2562 4069 2781 4141 χόρτου.
2827 4070 3130 4144 Ἐξηράνθη
3163 4074 3192 4126 ὁ
3220 4071 3412 4144 χόρτος
3433 4113 3450 4136 ,
3477 4073 3569 4124 καὶ
3595 4072 3653 4125 τὸ
3677 4071 3840 4134 ἄνθος
3866 4058 4038 4124 αὑτοῦ⁴

2445 4162 2706 4229 ἐξέπεσεν
2767 4183 2787 4216 ι

2525 4271 2544 4305 1
2598 4255 2730 4308 Ἰδοὺ
2762 4254 2962 4318 πάντες
2984 4255 3144 4326 ὑμεῖς
3168 4255 3244 4318 ὡς
3289 4256 3505 4324 ἱματιον
3554 4252 4025 4323 παλαιωθήσεσθε,

2447 4347 2542 4400 καὶ
2573 4348 2602 4399 ό
2625 4347 2725 4418 σὴς
2747 4347 3126 4416 καταφάγεται
3156 4348 3324 4416 υμᾶς.
3362 4365 3380 4397 ι

2524 4457 2542 4489 1
2579 4437 2669 4508 Μὴ
2695 4437 2969 4509 φοϐήθητε
2990 4437 3293 4508 ὀνειδισμὸν
3319 4437 3643 4508 ἀνθρώπων,
3667 4437 3764 4489 καὶ
3790 4436 3871 4504 τῷ
3897 4453 4030 4504 φαυυ

766 4567 934 4615 ιιιιιιι,
983 4562 1038 4607 et
1089 4560 1414 4622 contemptu
1459 4569 1651 4608 eorum
1703 4571 1771 4608 ne
1820 4556 2142 4611 vincamim.
2192 4559 2348 4614 Sicut

2451 4529 2632 4600 λισμῷ
2659 4530 2839 4584 αὐτῶν
2868 4531 2944 4601 μὴ
2973 4530 3207 4600 ἡττᾶσθε
3233 4545 3246 4558 ·
3275 4528 3464 4598 ὥσπερ
3504 4528 3616 4596 γὰρ
3666 4529 3884 4598 ἱμάτιον
3929 4545 4030 4579 πα·

765 4642 910 4696 cnim
955 4644 1340 4698 vestimentum
1387 4654 1811 4710 consumentur,
1874 4655 1927 4701 et
1981 4649 2344 4704 comedi-ritur

765 4754 794 4792 ει
827 4739 996 4792 tinea.
1029 4757 1048 4791 1

838 4850 968 4919 Sap.
1002 4867 1075 4912 ιι,
1107 4850 1179 4916 2,
1212 4850 1280 4916 5,
1314 4850 1470 4904 5.-
1506 4867 1526 4902 1
1561 4849 1771 4906 Fumus
1803 4851 1968 4906 ﬂatus
1991 4861 2076 4908 est
2105 4855 2160 4908 in
2191 4855 2344 4909 nari-

767 4942 872 4995 lms
904 4942 1131 4996 nostris.
1197 4940 1260 4994 Ιίι
1309 4942 1569 4995 transilnt
1594 4942 1706 4995 vita
1741 4952 1928 4996 nostra
1962 4953 2019 4996 ut
2050 4945 2342 5014 vestigium

769 5033 955 5088 nubis.
978 5031 1200 5087 Umbra:
1217 5031 1364 5087 enim
1384 5032 1655 5088 transitus
1676 5047 1760 5086 es:
1787 5039 2004 5100 tempus
2030 5041 2282 5088 nostrum
2319 5055 2338 5087 1

841 5124 969 5193 δίῳ.
1010 5139 1078 5187 v,
1115 5123 1277 5177 8-11.
1305 5155 1376 5166 —
1407 5141 1426 5175 1
1467 5122 1607 5188 Quid
1643 5137 1788 5176 enun
1821 5121 2030 5191 proluit
2067 5125 2226 5180 nobis
2261 5142 2344 5180 su-

773 5217 959 5284 perbia
997 5214 1228 5268 nostra?
1261 5222 1356 5266 aut
1390 5213 1706 5266 divitiarum
1739 5213 2006 5282 jactantia
2043 5214 2172 5283 quid
2209 5231 2344 5270 enn-

774 5307 900 5360 tulit
933 5305 1092 5359 nobis
1115 5305 1138 5356 ’ί
1165 5304 1531 5358 Transierunt
1559 5305 1742 5356 omnia
1778 5306 1870 5357 illa
1916 5313 2178 5372 tanquam
2222 5321 2345 5359 um-

776 5400 908 5461 lu-a,
939 5405 993 5449 et
1023 5405 1285 5464 tanquam
1335 5397 1568 5449 nuntius
1613 5406 2077 5464 prmtercnrrens,
2128 5405 2181 5450 et
2228 5407 2348 5452 tan-

776 5505 942 5557 quam
979 5503 1133 5541 naws
1162 5487 1252 5555 qui
1292 5486 1594 5556 pertransit
1627 5487 1885 5540 llucntcm
1923 5502 2144 5554 aquam.
2179 5487 2350 5556 Cujus

777 5597 905 5635 eum
943 5579 1275 5648 prmlcrierit
1299 5618 1312 5642 ,
1348 5595 1456 5632 non
1493 5586 1579 5631 est
1612 5579 1900 5648 vestigium
1938 5579 2218 5645 invenire,
2259 5595 2351 5633 ne-

781 5687 889 5740 que
921 5672 1175 5725 semitam
1210 5669 1426 5724 itineris
1452 5667 1575 5736 ejus
1626 5667 1681 5722 in
1734 5666 2039 5722 ﬂuctibus:
2085 5674 2180 5720 aut
2235 5676 2325 5720 tan

783 5774 949 5828 quam
984 5762 1101 5816 avis
1135 5775 1257 5830 qua:
1289 5759 1598 5812 transvolat
1645 5760 1699 5812 in
1751 5773 1904 5821 aere,
1955 5757 2113 5826 cujus
2139 5757 2350 5813 nullum

785 5853 1066 5910 invenitur
1091 5859 1474 5921 argumentum
1502 5850 1714 5904 ilinmis
1773 5870 1788 5898 1

2450 4621 2870 4692 λαιωθήσονται,
2899 4623 2994 4674 καὶ
3018 4621 3366 4692 βρωθήσεται
3393 4619 3501 4673 ὑπὸ
3530 4619 3692 4688 σητός
3758 4637 3776 4669 1

2523 4843 2541 4874 1
2576 4821 2800 4884 Καπνὸς
2826 4824 2858 4891 ἡ
2887 4822 3024 4892 πνοὴ
3053 4823 3110 4873 ἐν
3144 4819 3286 4890 ῥισὶν
3309 4819 3465 4891 ἡμῶν
3485 4837 3500 4850 σ
3551 4819 3646 4871 καὶ
3695 4817 4031 4889 παρελεύσε-

2444 4931 2536 4966 ται
2561 4915 2591 4966 ό
2617 4914 2730 4984 βίος
2754 4914 2910 4982 ἡμῶν
2939 4913 3012 4978 ὡς
3044 4913 3164 4982 ἴχνη
3194 4913 3449 4981 νεφέλης.
3492 4912 3659 4974 ma;
3726 4910 3840 4980 γὰρ
3900 4910 4033 4976 πάρα

2443 5008 2602 5071 οδοςὸ
2630 5007 2743 5077 βίος
2768 5008 2946 5077 ἡμων.
2985 5025 3003 5058 1

2527 5123 2545 5155 1
2584 5103 2648 5156 Τί
2675 5103 2960 5173 ωφέλησεν
2990 5101 3194 5172 ἡμᾶςή
3226 5098 3578 5170 ὑπερηφανία
3622 5097 3815 5166 ἠμῶν;
3855 5096 3950 5148 καὶ
3985 5102 4033 5151 τί

2445 5197 2672 5260 πλοῦτος
2715 5196 2852 5266 μετὰ
2883 5193 3201 5259 ἀλαζονείας
3227 5191 3598 5262 συμ6έ6).ηται
3626 5191 3791 5258 ἠμῖς
3823 5189 4030 5258 napi).-

2449 5292 2539 5343 θεν
2565 5292 2749 5343 εκεῖνα
2784 5290 2962 5342 πάντα
2991 5288 3066 5350 ὼς
3089 5286 3242 5349 σκιὰ,
3298 5285 3391 5337 καὶ
3448 5284 3524 5344 ὡς
3572 5279 3801 5348 ἀγγελία
3855 5297 4029 5348 παρα-

2449 5387 2738 5457 τρέχουσα,
2771 5385 2846 5446 ὡς
2873 5383 3004 5445 ναῦς
3027 5380 3374 5452 διερχομένη,
3400 5376 3799 5445 κυμαινόμενον
3843 5372 3984 5438 ύδωρ

2449 5475 2516 5550 ἦς
2561 5476 2844 5545 διαὸἁσης,
2895 5475 2995 5528 οὐκ
3047 5473 3196 5525 ἔστιν
3250 5471 3394 5542 ἴχνος
3418 5469 3597 5537 εὖρειν
3641 5465 3763 5517 οὐδὲ
3793 5466 3933 5531 ἀτρα
3964 5462 4028 5513 ,δν

2455 5572 2680 5640 πορείας
2715 5570 2886 5639 αὐτῆς
2903 5571 2960 5621 ὲν
2988 5568 3258 5638 κύμασιν·
3293 5565 3324 5634 ἢ
3373 5563 3445 5626 ὡς
3485 5560 3673 5631 ὀρνέου
3723 5559 4023 5614 διῖπτὰντκ

2457 5665 2591 5734 ἁ¹ρα
2645 5662 2799 5715 οῦδὲν
2826 5661 3142 5730 εὑρίσκεται
3166 5657 3466 5726 τεκμήριον
3488 5653 3734 5722 πορλας.
3780 5670 3797 5702 ι
