4218 6446
226 374 360 438 1H7

1537 374 1774 433 SACRA
1810 371 2249 432 PARALLELA

3327 374 3459 442 1H8

297 506 313 531 α
344 488 493 537 llis:
551 485 688 556 σὰρξ
740 488 815 551 ὡς
865 487 1076 557 ἱμάτιον
1116 485 1459 545 παλαιοῦται,
1488 484 1562 539 ὡς
1598 481 1791 549 φύλλον

1828 483 1867 537 Α
1964 479 2141 533 Eccle.
2183 496 2302 542 xiv,
2345 479 2428 534 18.
2460 509 2523 516 —
2560 500 2575 530 ι
2607 478 2798 534 Omnis
2842 494 2971 532 euro
3007 488 3263 548 tanquam
3296 487 3461 538 vesti-

220 579 410 630 θᾶλλον
437 578 529 631 ἐπὶ
555 579 774 650 δένδρου
801 580 1012 643 δασέος,
1040 580 1109 632 τὰ
1143 578 1240 648 μὲν
1273 577 1623 637 καταϐάλλει,
1653 576 1789 629 ἄλλα

209 671 270 721 δὲ
298 670 444 738 φύει.
513 669 700 735 Οὕτως
721 672 883 741 γενεὰ
909 672 1110 742 σαρκὸς
1138 672 1231 724 καὶ
1259 670 1512 740 αἵματος.
1543 688 1562 720 ι

293 866 313 896 ι
353 849 414 898 Ἀ
427 847 660 918 νθρωποι
690 851 910 912 πάντες,
937 851 1005 919 γῆ
1030 851 1123 902 καὶ
1160 849 1372 913 σποδός.
1417 869 1434 901 ι

296 959 314 990 ι
351 940 502 994 Ξένοι
524 942 617 994 καὶ
648 942 1016 1012 παρεπίδημοί
1043 943 1208 1011 ἐσμεν
1235 944 1327 995 ἐπὶ
1351 943 1472 1011 γῆς.
1514 961 1531 993 ι

297 1139 317 1170 ι
365 1122 620 1192 Ἀριθμὸς
648 1123 872 1194 ἡμερῶν
897 1121 1210 1189 ἀνθρώπου,
1243 1123 1410 1176 πολλὰ
1433 1123 1527 1194 ἔτη
1555 1125 1749 1177 ἑκατόν
1774 1141 1788 1156 ⁶

217 1213 293 1271 ὡς
331 1213 543 1279 σταγὼν
575 1215 760 1277 ὓδατος
791 1214 898 1268 ἀπὸ
925 1214 1219 1283 θαλάσσης,
1249 1215 1342 1268 καὶ
1369 1214 1547 1283 ψῆφος
1581 1215 1788 1285 ἄμμου,

217 1303 391 1368 οὕτως
419 1305 572 1372 όλίγα
598 1305 689 1377 Ξτη
710 1307 766 1359 ὲν
795 1308 1028 1376 ἡμέραις
1059 1305 1271 1368 αἰῶνος.
1311 1323 1331 1358 ι

297 1497 317 1526 ι
350 1479 515 1530 Οὐδὲν
569 1481 968 1549 εἰσηνέγκαμεν
1021 1481 1101 1542 είς
1137 1480 1229 1532 τὸν
1280 1479 1504 1550 κόσμον,
1527 1480 1686 1550 δῆλον
1711 1483 1792 1536 ὅτι

219 1572 375 1623 οὐδὲν
406 1572 708 1640 ἐξενεγκεῖν
734 1573 1028 1642 δυνάμεθα.
1073 1593 1091 1624 ι

299 1773 316 1802 ι
361 1752 494 1804 Ποία
522 1753 632 1822 ζωὴ
656 1753 811 1820 ἡμῶν
847 1756 994 1806 ἐστιν
1023 1770 1038 1816 ;
1064 1755 1212 1823 άτμὴ
1244 1753 1351 1823 γάρ
1374 1755 1520 1806 ἐστιν
1567 1755 1600 1824 ἡ
1659 1754 1794 1822 πρὸς

217 1848 402 1914 ὀλίγον
436 1847 756 1915 φαινομένη.
783 1847 976 1898 ἔπειτα
1006 1847 1100 1898 καὶ
1121 1845 1518 1914 ἀφανιζομένη.
1562 1865 1581 1895 ι

301 1938 452 2000 Ὃδὸς
478 1939 506 1989 ό
535 1937 645 2004 βίος
673 1936 887 2006 είρηται
912 1937 1000 1990 διὰ
1021 1939 1118 2006 τὴν
1145 1937 1280 2006 πρὸς
1308 1938 1369 1988 τὸ
1387 1935 1538 1998 τέλος
1569 1937 1801 1989 ἑκάστου

217 2028 329 2080 τῶν
371 2029 738 2098 γεννηθέντων
787 2027 1011 2090 ἕπειξιν.
1067 2027 1280 2095 ’Ὥσπερ
1327 2025 1435 2094 γὰρ
1481 2027 1530 2077 οἱ
1585 2025 1641 2076 ἐν
1689 2025 1800 2087 τοῖς

216 2121 425 2183 πλοίοις
450 2121 821 2184 καθεύδοντες,
852 2120 1172 2188 αὐτομάτως
1193 2120 1308 2190 ⁸ὑπὸ
1358 2118 1451 2170 τοῦ
1493 2119 1802 2188 πνεύματος

215 2215 310 2265 ἐπὶ
362 2213 584 2282 λιμένας
626 2213 893 2276 ἕλκονται,
954 2212 1054 2266 κᾶν
1081 2211 1234 2266 αὐτοὶ
1270 2207 1361 2282 pi)‘
1387 2209 1744 2263 αἰσθάνωνται

214 2304 338 2354 ἀλλ’
379 2305 407 2354 ό
471 2305 667 2373 δρόμος
719 2305 888 2374 αὐτῆς
950 2305 1085 2374 πρὸς
1107 2303 1343 2365 τὸτέλος
1365 2301 1577 2369 ἐπείγει
1615 2318 1628 2331 ·
1655 2301 1799 2354 οὕτω

217 2399 318 2446 καὶ
347 2398 527 2463 ἡμεῖς,
556 2396 650 2447 τοῦ
686 2397 878 2467 χρόνου
925 2397 1023 2466 τῆς
1057 2396 1202 2465 ζωῆς
1254 2393 1412 2464 ἡμῶν
1461 2395 1797 2464 παραρρέον-

217 2505 333 2548 τος,
359 2483 468 2538 οἶόν
499 2506 604 2541 τινι
633 2489 843 2559 κινήσει
870 2490 1084 2558 συνεχεῖ
1107 2489 1200 2540 καὶ
1244 2488 1507 2556 ἀπαύστῳ
1557 2487 1692 2558 πρὸς
1739 2487 1798 2538 τὸ

217 2583 423 2631 οἰκεῖον
447 2581 674 2643 ἕκαστος
701 2582 760 2632 τὸ
802 2581 973 2650 πέρας
1015 2580 1092 2650 τῷ
1129 2579 1440 2633 λανθάνοντι
1473 2580 1658 2649 δρόμῳ
1700 2578 1798 2647 τῆς

221 2671 371 2737 {cui};
414 2672 567 2738 ἡμῶν
591 2667 1217 2740 κατεπειγόμεθα..οἷον
1257 2671 1575 2731 καθεύδειςς
1638 2668 1733 2722 καὶ
1770 2671 1797 2722 ὁ

219 2762 411 2830 χρόνος
460 2779 517 2814 σε
571 2763 929 2832 παρατρέχει.
975 2763 1338 2833 Ἐγρήγορας,
1373 2765 1468 2815 καὶ
1493 2763 1720 2831 ἄσχολος
1748 2758 1799 2814 εἴ

217 2855 317 2920 τὴν
348 2854 583 2905 διάνοιαν
610 2870 622 2915 ;
647 2854 760 2907 ἀλλ’
783 2856 930 2924 ὅμως
955 2856 986 2924 ἡ
1016 2855 1129 2926 ζωὴ
1177 2855 1499 2919 δαπανᾶται,
1549 2855 1652 2908 κᾶν
1696 2855 1795 2922 τὴν

219 2945 474 3014 αἴσθησιν
502 2945 790 3018 διαφεύγῃ.
824 2947 1018 3017 Δρόμῳ
1057 2943 1151 2998 οὖν
1192 2947 1462 3017 τρέχομεν
1500 2949 1696 3006 πάντες
1745 2946 1795 2996 οί

216 3033 517 3102 ἅνθρωποι,
551 3034 684 3102 πρὸς
717 3036 776 3086 τὸ
799 3036 997 3087 οἰκεῖον
1030 3035 1179 3092 τέλος
1213 3036 1441 3087 ἕκαστος
1474 3035 1798 3098 κατεπειγό-

221 3138 395 3188 μενοι.
433 3124 528 3174 Διὰ
556 3122 720 3174 τοῦτο
748 3123 946 3185 πάντες
973 3124 1021 3174 θ’
1051 3124 1327 3192 ἄνθρωποί
1352 3127 1516 3191 ἐσμεν
1547 3125 1604 3175 ἐν
1645 3121 1749 3190 ὁδῷ
1779 3141 1790 3152 ·

219 3216 312 3263 καὶ
344 3211 485 3263 οὕτω
515 3213 557 3263 δ’
582 3213 647 3265 ἂν
670 3213 852 3275 λάϐοις
873 3214 970 3282 τῆς
991 3214 1111 3264 ὁδοῦ
1152 3213 1250 3281 τὴν
1299 3213 1526 3272 ἔννοιαν,
1581 3213 1794 3264 ὁδοιπό-

222 3321 314 3370 pa;
365 3305 672 3371 ἐφέστηκας
722 3303 800 3371 τῷ
858 3303 956 3372 βίῳ
1005 3303 1214 3372 τούτῳ’
1277 3305 1453 3354 πάντα
1505 3302 1793 3371 παρέρχῃ·

219 3396 397 3446 πάντα
433 3396 658 3448 κατόπιν
686 3412 770 3447 σοι
801 3396 1036 3462 γίνεται.
1077 3391 1232 3455 Εἶδες
1257 3395 1347 3445 ἐπὶ
1383 3395 1482 3460 τῆς
1533 3393 1654 3445 ὀδοῦ
1693 3413 1796 3462 φυ-

216 3486 330 3544 τὲη,
380 3486 412 3553 ἢ
477 3487 631 3546 πόαν,
693 3485 726 3556 ἢ
786 3485 814 3538 ὅ
837 3503 888 3538 τι
911 3485 977 3538 ἂν
1000 3484 1136 3555 τύχῃ
1165 3485 1271 3536 τῶν
1301 3481 1466 3547 ἀξίων
1493 3483 1793 3552 θεάματος;

219 3577 419 3647 μικρὸν
442 3577 729 3646 ἐτέρφθης,
755 3571 873 3628 εἷτα
904 3577 1279 3646 παρέδραμες.
1335 3576 1501 3628 Πάλιν
1547 3574 1796 3642 ἐνέτυχες

216 3669 405 3731 λίθοις,
440 3668 534 3721 καὶ
564 3667 858 3736 φάραγξιν,
875 3668 968 3720 καὶ
1005 3669 1293 3737 κρημνοῖς,
1345 3666 1439 3719 καὶ
1482 3665 1792 3728 σκοπέλοις,

217 3763 250 3830 ἣ
305 3778 406 3812 που
454 3762 546 3812 καὶ
582 3760 815 3830 θηρίοις,
847 3761 941 3812 καὶ
994 3761 1263 3830 ἑρπετοῖς,
1315 3759 1408 3810 καὶ
1441 3757 1724 3818 ἀκάνθαις,
1761 3759 1793 3827 ἡ

215 3869 356 3904 τισιν
399 3852 579 3913 ἄλλοις
629 3851 732 3904 τῶν
786 3851 1055 3919 ὀχληρῶν,
1104 3851 1302 3919 μικρλιν
1363 3848 1612 3916 ἡνιάθης,
1675 3845 1795 3901 εἶτα

216 3947 532 4008 κατέλιπες.
565 3942 819 4005 Τοιοῦτος
848 3944 876 3996 ό
911 3942 1044 4012 βίος,
1070 3941 1195 3994 οὔτε
1227 3942 1293 3994 τὰ
1325 3941 1535 4010 τερπνὰ
1565 3942 1790 4009 μόνιμα,

213 4040 338 4091 οὔτε
384 4039 453 4090 τὰ
496 4035 716 4106 λυπηρὰ
750 4034 947 4103 διαρκῆ
1010 4032 1370 4101 κεκτημένος.
1434 4032 1496 4083 'll
1549 4032 1661 4091 ὁδὸς
1693 4034 1790 4082 οὐκ

213 4133 328 4182 ἐστι
357 4131 443 4198 σὴ,
467 4127 579 4180 ἀλλ’
612 4126 729 4182 οὐδὲ,
759 4127 828 4178 τὰ
849 4125 1091 4192 παρόντα
1123 4124 1190 4176 σά
1227 4139 1238 4152 °
1290 4123 1381 4174 ἐπὶ
1427 4123 1531 4174 τῶν
1580 4123 1789 4174 ὁδευόν-

213 4240 342 4282 των,
372 4219 509 4289 όμοῦ
537 4235 593 4270 τε
623 4220 650 4270 ὁ
676 4217 889 4286 πρῶτος
917 4215 978 4267 τὸ
1001 4217 1146 4284 ἴχνος
1178 4214 1451 4282 ἐκίνησεν.
1495 4217 1589 4266 καὶ
1631 4214 1789 4276 εὐθὺς

211 4315 240 4362 ὁ
269 4309 388 4379 μετ’
412 4309 572 4361 αύτὺν
599 4307 697 4376 τὴν
729 4307 886 4375 βάσιν
919 4306 1180 4375 ἤνεγκεν,
1211 4307 1305 4355 καὶ
1361 4308 1479 4369 μετ’
1535 4306 1790 4358 ὲκείνονό

211 4404 567 4471 sex/[p.999
600 4400 798 4452 Σκόπει
836 4398 891 4450 δὲ
925 4399 974 4449 εἰ
1010 4397 1085 4467 μὴ
1123 4397 1214 4448 καὶ
1262 4397 1329 4448 τὰ
1360 4395 1452 4446 τοῦ
1501 4396 1616 4465 βίου
1679 4415 1786 4448 πα-

1897 583 2142 627 tncntum
2192 580 2512 625 veterascet.
2569 571 2723 624 Sicut
2771 571 2961 622 folium
3009 570 3350 629 fructiﬁcans
3404 576 3458 628 in

1895 670 2090 722 arbore
2135 667 2326 719 densa.
2369 667 2486 719 Alia
2529 665 2881 729 deﬁciuntur,
2933 666 3037 718 alia
3085 677 3458 737 generantur:

1895 760 1976 812 sic
2002 757 2284 826 generatio
2315 757 2502 808 carnis
2535 764 2590 812 et
2621 754 2931 823 sanguinis.
2968 773 2987 805 ι

1957 849 2128 902 Eccle.
2148 849 2432 919 xxxniﬁo.
2449 877 2507 887 —
2521 841 2805 900 illoinines
2820 861 3012 900 omnes
3024 847 3170 901 terra
3187 856 3241 902 et
3258 849 3421 904 cinis.
3436 867 3456 899 ι

1968 943 2127 996 Hebr.
2173 958 2262 1006 in,
2306 943 2393 995 15.
2437 972 2504 981 -
2543 940 2822 1009 Peregrini
2869 947 2923 992 et
2972 938 3219 1008 hospites
3267 955 3461 995 sumus

1895 1047 2064 1102 super
2097 1041 2320 1086 terrain.
2355 1052 2374 1084 ι

1972 1123 2144 1178 Ercle.
2190 1140 2364 1188 xviii,
2405 1126 2458 1177 8.
2491 1153 2559 1161 —-
2592 1141 2608 1172 ι
2643 1122 2916 1177 Numerus
2965 1123 3177 1177 dierum
3229 1122 3465 1175 hominis

1899 1225 1960 1268 ut
1992 1217 2222 1267 multum
2251 1224 2468 1268 centum
2497 1215 2626 1267 anni
2657 1231 2669 1266 :
2699 1214 2859 1280 quasi
2885 1222 3038 1283 gutta
3070 1228 3226 1282 aqum
3255 1213 3461 1265 maris:

1897 1314 1952 1360 et
1983 1305 2129 1359 sicut
2163 1305 2413 1359 calculus
2441 1319 2652 1366 arenae,
2693 1303 2772 1355 sic
2802 1304 2962 1370 pauci
3005 1302 3132 1354 anni
3176 1302 3230 1355 in
3273 1301 3465 1355 diebus

1898 1395 2104 1452 saeculi.
2146 1413 2165 1445 ι

1973 1485 2002 1539 1
2043 1486 2312 1548 Τὶηικνιε
2373 1486 2426 1538 7.
2470 1514 2538 1526 —
2584 1503 2601 1535 ι
2652 1483 2798 1536 Nihil
2859 1482 3150 1538 intulimus
3207 1483 3262 1536 in
3317 1481 3465 1534 hunc

1900 1579 2211 1634 mundum:
2265 1578 2409 1632 haud
2458 1576 2686 1630 dubium
2735 1576 2869 1644 quia
2916 1589 3018 1630 nec
3064 1573 3283 1628 auferre
3333 1570 3466 1641 quid

1903 1685 2217 1739 possumus.
2253 1688 2270 1719 ι

1971 1762 2092 1815 Jac.
2140 1778 2192 1815 iv
2215 1802 2230 1823 ,
2268 1763 2353 1814 M.
2386 1790 2454 1799 —
2485 1778 2502 1810 ι
2536 1758 2728 1825 Qualis
2757 1765 2842 1810 est
2870 1757 2978 1810 vita
3025 1755 3261 1811 nostra?
3287 1767 3470 1822 -vapor

1828 1834 1874 1892 Β
1903 1855 1968 1908 ad
2009 1854 2287 1907 modicum
2322 1868 2520 1921 parens
2540 1893 2555 1915 ,
2584 1859 2640 1905 et
2665 1850 2925 1919 deinceps
2951 1848 3464 1903 exterminabitur.-

1969 1946 2138 2016 318
2176 1946 2347 1999 Basil.
2388 1945 2525 1998 hom.
2569 1945 2621 1997 in
2659 1943 2797 2010 psal.
2843 1958 2880 1994 i.
2923 1940 3136 1994 —Vita
3190 1941 3273 1992 via
3325 1937 3472 2016 dicta

1899 2047 1983 2091 est
2009 2038 2080 2089 ob
2109 2051 2228 2090 eam
2262 2037 2600 2088 celeritatem
2623 2073 2638 2097 ,
2671 2048 2780 2103 qua
2813 2030 3081 2101 quidquid
3121 2029 3468 2098 progenitum

1898 2137 1982 2183 est
2017 2129 2082 2181 ad
2131 2131 2290 2182 linem
2333 2126 2646 2182 contendit.
2697 2124 2830 2177 Nam
2871 2123 3334 2192 quemadmodum
3373 2120 3470 2188 qui

1900 2219 1952 2272 in
1986 2218 2219 2271 navibus
2249 2218 2572 2279 dormiunt,
2615 2231 2643 2268 a
2697 2225 2856 2269 vento
2905 2223 3102 2283 sponte
3149 2215 3200 2265 in
3252 2212 3468 2281 portum

1898 2319 2158 2379 aguntur,
2193 2309 2321 2362 licet
2373 2309 2478 2377 ipsi
2524 2307 2750 2361 minime
2796 2307 3074 2369 sentiant,
3124 2304 3218 2358 sed
3269 2319 3471 2357 cursus

1897 2400 2017 2468 ejus
2041 2399 2108 2454 ad
2135 2407 2334 2452 metam
2363 2405 2620 2470 properat
2648 2416 2663 2454 :
2689 2397 2879 2452 eodem
2911 2396 3073 2450 modo
3101 2411 3200 2449 nos
3227 2409 3469 2464 quoque,

1896 2492 2148 2547 eﬂluente
2176 2491 2299 2546 vitae
2326 2501 2532 2544 nostra:
2560 2497 2832 2560 tempore,
2856 2489 3015 2558 quasi
3043 2494 3309 2557 perpetuo
3336 2501 3472 2554 quo-

1897 2582 2052 2648 dam,
2083 2597 2184 2636 nec
2215 2580 2615 2634 intermittcnte
2643 2588 2790 2633 motu
2813 2619 2827 2643 ,
2859 2578 2925 2633 ad
2955 2594 3114 2633 suum
3139 2577 3374 2646 quisque
3407 2574 3471 2627 ﬁ-

1898 2690 2020 2729 nem
2055 2674 2276 2728 occulto
2307 2675 2430 2727 vita:
2462 2682 2666 2728 nostra:
2695 2687 2862 2727 cursu
2897 2673 3250 2741 adurgeniur.
3283 2669 3473 2723 Exem-

1899 2767 1970 2835 pli
2007 2766 2182 2835 gratia
2212 2785 2225 2819 :
2253 2765 2506 2819 dormis?
2532 2779 2597 2818 ac
2624 2775 2675 2819 te
2701 2773 2919 2834 tempus
2945 2763 3212 2833 praeterit.
3239 2760 3469 2831 Vigilas,

1895 2868 1948 2911 ct
1983 2865 2165 2911 mente
2201 2857 2408 2926 aliquid
2439 2857 2656 2927 agitas?
2704 2864 2758 2908 at
2803 2856 2912 2909 vita
2957 2863 3138 2926 tamen
3183 2854 3471 2908 consumi-

1897 2955 2004 3012 tur,
2038 2947 2090 3001 id
2124 2947 2253 3001 licet
2287 2946 2512 3000 minime
2556 2946 2784 3000 sentias.
2834 2945 3042 2998 Omnes
3076 2945 3263 3012 itaque
3297 2941 3473 3011 quod-

1895 3037 2017 3091 dam
2057 3038 2224 3092 veluti
2256 3038 2595 3091 curriculum
2631 3037 2990 3100 conﬁcimus,
3024 3036 3089 3089 ad
3127 3051 3285 3090 suum
3322 3037 3474 3108 quis-

1899 3143 2006 3196 que
2034 3127 2196 3182 linem
2232 3136 2615 3197 properantes.
2663 3127 2774 3182 llac
2807 3129 3022 3180 ratione
3056 3140 3250 3180 omnes
3283 3139 3384 3177 nos
3416 3124 3470 3176 in

1901 3219 1985 3271 via
2050 3234 2262 3273 sumus.
2343 3217 2486 3284 Quin
2549 3217 2618 3271 ad
2659 3217 2804 3272 hunc
2845 3232 3062 3286 quoque
3108 3215 3327 3268 modum
3376 3215 3473 3266 via:

1899 3310 2354 3377 signiﬁcationem
2390 3311 2692 3379 acceperis.
2727 3309 2913 3364 Viator
2950 3325 3008 3363 es
3057 3309 3110 3362 in
3166 3309 3267 3360 hac
3317 3307 3425 3360 vita
3455 3324 3468 3359 :

1897 3401 2084 3453 omnia
2126 3403 2416 3469 praeteris:
2451 3403 2635 3453 omnia
2678 3419 2706 3453 ιι
2743 3409 2900 3465 tergo
2938 3400 3226 3467 relinquis.
3271 3397 3469 3451 Vidisti

1897 3492 1950 3544 in
1988 3492 2072 3544 via
2102 3493 2367 3561 stirpem,
2401 3501 2497 3545 aut
2531 3493 2791 3554 herbam,
2835 3499 2928 3543 aut
2968 3490 3172 3559 aliquid
3218 3499 3469 3559 spectatn

1896 3585 2121 3651 dignum
2147 3584 2169 3636 ?
2199 3589 2468 3653 tantisper
2496 3585 2805 3639 oblectatus
2833 3600 2921 3638 es:
2947 3592 3058 3636 tum
3095 3583 3290 3636 deinde
3329 3583 3470 3634 ultra

1897 3677 2210 3744 perrexisti.
2246 3675 2484 3729 Rursum
2521 3677 2575 3729 in
2610 3692 2770 3738 saxa,
2807 3687 2861 3730 et
2894 3676 3065 3728 valles
3088 3715 3102 3737 ,
3131 3685 3184 3728 et
3219 3674 3471 3742 principi-

1895 3770 2004 3829 tia,
2040 3777 2094 3821 ct
2140 3769 2433 3836 scopulos,
2480 3776 2574 3820 aut
2617 3769 2782 3822 etiam
2828 3766 3062 3820 fortasse
3102 3767 3153 3818 in
3207 3764 3382 3827 fet-as,
3416 3773 3469 3816 et

1897 3859 2110 3924 ri-ptilia
2132 3899 2147 3920 ,
2179 3869 2233 3912 et
2266 3860 2493 3929 Spinas,
2527 3868 2621 3913 aut
2667 3859 2816 3912 aliud
2863 3857 3123 3928 quiddam
3175 3862 3467 3910 molestum

1890 3959 1940 4001 et
1975 3952 2233 4003 acerbum
2271 3950 2554 4004 incidisti:
2591 3965 2714 4003 cum
2753 3949 3006 4004 nonnihil
3051 3950 3176 4002 inde
3214 3947 3469 4000 nimi-oris

1890 4040 2273 4103 centraxeris,
2320 4056 2440 4092 mox
2483 4056 2547 4094 ea
2595 4041 2909 4095 deseruisti.
2962 4039 3159 4093 Eadem
3219 4041 3470 4092 humanae

1890 4130 2014 4182 vitae
2045 4137 2186 4183 ratio
2213 4141 2289 4185 est
2316 4149 2328 4184 :
2365 4141 2422 4184 ut
2449 4148 2548 4186 nec
2580 4132 3136 4199 ﬁxasjucunditates,
3163 4147 3264 4185 nec
3293 4130 3468 4183 stabi-

1892 4218 1967 4270 les
2001 4219 2343 4288 voluptates,
2379 4236 2478 4275 nec
2515 4232 2809 4291 perpetuas
2862 4222 3189 4277 acerbitates
3244 4220 3466 4274 habeat.

1891 4311 1979 4365 Uti
2026 4311 2110 4364 via
2163 4313 2389 4367 minime
2439 4322 2531 4366 tua
2575 4323 2703 4378 est;
2741 4315 2824 4368 sic
2877 4329 2980 4368 nec
3028 4313 3323 4383 praesentia
3373 4319 3466 4362 tua

1889 4411 2037 4455 sunt.
2077 4400 2134 4456 In
2169 4405 2253 4458 liis
2286 4403 2377 4474 qui
2420 4399 2525 4456 iter
2565 4403 2802 4464 faciunt,
2839 4403 3004 4459 simul
3045 4410 3210 4472 atque
3256 4403 3469 4471 primus

212 4495 394 4564 ραπλή
407 4511 508 4545 Ita.
542 4492 651 4560 Τὴν
679 4491 784 4559 γῆν
812 4490 1050 4559 σήμερον
1072 4490 1134 4540 σὺ
1165 4487 1538 4558 ἐγεώργησας,
1562 4490 1656 4540 καὶ
1696 4488 1787 4540 αὖ·

1828 4522 1861 4570 υ
1892 4494 2182 4562 vestigium
2220 4497 2425 4556 movit,
2474 4495 2660 4548 statim
2708 4494 2989 4548 secundus
3033 4508 3255 4562 quoque
3300 4489 3465 4544 infert

210 4606 328 4656 ριον
393 4585 567 4643 ἄλλος,
616 4583 709 4633 καὶ
761 4582 878 4650 μετ’
912 4583 1116 4632 ἐκεῖνον
1160 4581 1362 4647 ἔτερος.
1415 4581 1598 4648 ’Ὁρᾷς
1659 4582 1786 4640 τοὺς

207 4678 414 4744 ἀγροὺς
436 4675 677 4734 τούτους.
698 4675 791 4725 καὶ
816 4674 915 4734 τὰς
933 4671 1241 4731 πολυτελεῖς
1264 4671 1436 4732 οἰκίας
1456 4690 1469 4734 ;
1504 4672 1641 4723 πόσα
1669 4672 1786 4740 εἴδη

205 4768 513 4836 ὀνομάτων,
535 4764 744 4817 τούτων
765 4764 998 4816 ἕκαστον
1026 4762 1260 4830 ἦμειψεν
1290 4780 1304 4826 ;
1336 4761 1430 4814 τοῦ
1467 4763 1634 4824 δεῖνος
1663 4764 1781 4814 ἐλέ-

207 4877 357 4926 γετο.
378 4854 502 4909 Ιτᾷἷτα
530 4855 920 4926 μετωνομάσθη
943 4856 1075 4924 πρδς
1099 4855 1282 4922 ἕτερον
1309 4869 1322 4882 ⁸
1358 4853 1492 4922 πρὸς
1523 4854 1614 4906 τὸν
1641 4855 1786 4906 δεῖνα

211 4950 479 5021 μετῆλθεν
503 4968 513 4975 ·
538 4944 655 5000 εἶτα
675 4948 768 4999 νῦν
786 4947 946 4998 ἄλλου
979 4946 1214 5012 λέγεται.
1249 4941 1314 4995 Ἀ
1329 4962 1395 5012 ρα
1423 4942 1516 4997 οὖν
1545 4946 1642 5013 ούχ
1669 4946 1786 5006 ὁδὸς

204 5047 232 5096 ὀ
267 5045 399 5110 βίος,
427 5041 611 5095 ἄλλοτε
638 5038 798 5092 ἄλλου
829 5036 1278 5106 μεταλαμϐάνων,
1310 5039 1400 5087 καὶ
1421 5039 1624 5096 πάντας
1648 5038 1785 5104 ἔχων

203 5136 455 5204 ἀλλήλοις
482 5135 886 5203 έφεπομένονςς
921 5152 938 5183 ι
975 5135 1254 5201 Μακάριος
1294 5128 1407 5194 οὖν,
1448 5132 1506 5194 ὃς
1560 5133 1651 5184 ἐπὶ
1688 5134 1788 5202 τῆς

205 5230 326 5282 ὀδοῦ
357 5230 462 5278 τῶν
496 5226 834 5295 ἁμαρτωλῶν
862 5227 962 5277 οὐκ
995 5225 1145 5292 ἔστη.
1180 5244 1198 5275 ι

1889 4588 2080 4653 pedem
2105 4628 2121 4652 ,
2155 4602 2218 4640 ac
2249 4587 2510 4656 deinceps
2543 4587 2589 4639 is
2618 4588 2710 4654 qui
2755 4601 2783 4638 a
2825 4594 2977 4653 tergo
3007 4585 3276 4651 sequitur.
3309 4581 3458 4635 Con-

1887 4681 2068 4733 sidera
2105 4680 2292 4749 igitur,
2329 4695 2396 4732 an
2427 4696 2536 4732 non
2575 4695 2661 4732 res
2695 4679 2861 4747 hujus
2893 4680 3015 4730 vitae
3049 4677 3113 4728 ad
3155 4676 3300 4729 hunc
3332 4690 3452 4727 nio-

1886 4769 2017 4821 dnni
2055 4784 2114 4823 se
2151 4769 2404 4821 habeant.
2443 4768 2666 4821 Terram
2706 4768 2865 4821 hodie
2903 4765 3164 4830 coluisti;
3199 4765 3337 4818 alter
3369 4764 3460 4817 die

1887 4861 2170 4923 crastino,
2201 4870 2253 4914 et
2284 4875 2348 4914 ac
2379 4869 2504 4930 post
2539 4861 2683 4913 hunc
2711 4874 2931 4913 rursum
2963 4858 3128 4912 alius.
3165 4855 3329 4910 Vides
3361 4855 3460 4908 hos

1892 4966 2054 5020 agros
2075 4993 2090 5015 ,
2119 4952 2542 5020 ingentibusque
2571 4959 2857 5004 extructas
2885 4952 3195 5019 sumptibus
3224 4940 3464 5002 doinos?

1894 5055 2026 5115 quot
2053 5047 2166 5113 jam
2205 5044 2425 5098 nomina
2459 5046 2891 5113 umnnquodqne
2939 5044 3132 5096 borum
3181 5050 3464 5110 permuta-

1897 5137 2017 5188 vit?
2050 5136 2339 5187 dicebatur
2368 5135 2496 5187 olim
2532 5135 2681 5187 illius
2717 5151 2880 5199 esse;
2919 5135 3147 5201 posthac
3181 5131 3249 5182 ab
3288 5129 3464 5180 altero

1890 5241 2082 5280 nomen
2123 5233 2311 5278 traxit.
2349 5225 2474 5278 Mox
2510 5225 2575 5275 ad
2611 5224 2777 5276 alium
2822 5223 3116 5289 migravit:
3165 5234 3230 5272 ac
3271 5216 3462 5272 rursns

206 5341 355 5374 nunc
381 5322 751 5374 :ilterinsesse
770 5321 995 5372 dicitur.
1022 5319 1276 5388 Nunquid
1301 5320 1657 5388 igitiiricvum
1686 5324 1787 5373 hoc
1811 5338 1918 5375 non
1942 5325 2024 5374 via
2046 5329 2152 5382 est,
2175 5323 2322 5389 quod
2344 5322 2513 5372 alium
2539 5328 2702 5388 atque
2717 5319 2882 5370 alium
2902 5316 3138 5370 subinde
3170 5326 3418 5369 assumat
3440 5353 3457 5376 ,

205 5420 427 5484 sibique
457 5433 647 5468 onmes
677 5415 1038 5467 succedentes
1073 5414 1290 5476 habeat,
1329 5433 1346 5464 ι
1377 5413 1579 5468 Beatus
1610 5416 1776 5482 igitur
1805 5417 1896 5484 qui
1946 5416 1998 5468 in
2039 5417 2141 5468 rita
2177 5423 2526 5482 peccatorum
2586 5429 2691 5465 non
2743 5417 2893 5463 stetit
2937 5411 2951 5474 (
2983 5408 3130 5461 l’sal.
3171 5425 3220 5471 t,
3251 5407 3272 5458 1
3305 5408 3347 5476 ).
3383 5427 3399 5457 ι

282 5511 448 5562 Ὅταν
483 5510 594 5577 ἱδῃς
629 5507 857 5576 βοτάνην
889 5510 1082 5577 χόρτου
1119 5507 1212 5559 καὶ
1241 5506 1402 5570 ἄνθος
1443 5502 1665 5578 χόρτου,
1703 5511 1781 5564 εἰς

202 5603 414 5652 Ξννοιιν
442 5599 601 5666 ἔρχου
627 5602 722 5664 τῆς
746 5599 1093 5666 ἀνθρωπίνης
1142 5598 1376 5664 φύσεως,
1438 5601 1782 5668 μεμνημένος

205 5690 305 5754 τῆς
342 5692 545 5748 εἰκόνος
577 5690 666 5740 τοῦ
695 5689 856 5755 ποτοῦ
893 5691 1136 5748 Ἰἰσειῖου,
1169 5691 1434 5752 εἰπόντες,
1472 5692 1553 5742 ὅτι
1583 5713 1598 5738 ι
1628 5693 1780 5744 Πᾶσα

207 5779 346 5847 σὰρξ
402 5780 612 5850 νέρτος,
667 5786 756 5833 κλί
805 5785 939 5834 πᾶσιν
1003 5782 1117 5845 δόξ’)
1166 5781 1449 5851 ἀνθρώπου
1510 5781 1579 5845 ὡς
1625 5783 1776 5846 ἄνθος

1963 5508 2150 5576 Ejnsd.
2187 5510 2326 5561 lium.
2361 5509 2425 5569 5,
2460 5508 2509 5558 iu
2543 5506 2792 5558 llexaem.
2821 5533 2888 5540 --
2915 5501 3049 5557 Cum
3089 5500 3311 5554 herbam
3347 5501 3453 5552 feni

1890 5602 1920 5652 ll
1947 5616 2186 5668 iremque
2216 5601 2417 5652 videris
2447 5637 2459 5660 ,
2493 5599 2782 5649 humanam
2817 5603 3068 5647 naturam
3098 5593 3275 5662 cogita
3303 5607 3316 5656 ;
3343 5606 3456 5644 rne-

1890 5695 2060 5747 moria
2095 5705 2286 5747 tenens
2321 5694 2464 5745 hunc
2502 5691 2769 5760 sapientis
2813 5689 2960 5742 Isaiae
2996 5687 3451 5747 similitudinem,

1895 5787 2163 5840 ditentis:
2200 5813 2213 5837 ι
2250 5784 2440 5838 Omnis
2470 5801 2596 5838 caro
2626 5783 2836 5856 fenum,
2869 5793 2918 5836 et
2950 5783 3123 5835 «nnnis
3154 5780 3323 5849 gloria
3359 5780 3454 5831 b0-
