4218 6446
245 398 375 468 1121

1543 407 1781 468 SACRA
1822 404 2265 466 PARALLELA

3341 407 3476 473 1122

226 514 395 579 λέγει.
428 512 561 566 Οῦτε
594 512 700 584 γὰρ
748 514 814 567 τὰ
858 515 1007 582 δεξιὰ
1059 516 1154 570 καὶ
1195 517 1635 587 περισπούδαστα
1686 518 1797 579 τοῖς

1901 514 1994 583 jus
2021 519 2141 568 vita:
2165 514 2632 584 perturbationem
2662 516 2949 588 intelligat.
2976 516 3109 572 Nam
3148 531 3249 573 nec
3277 533 3364 574 res
3392 534 3479 572 se-

227 603 442 667 πολλοῖς
474 606 536 657 τὸ
564 606 721 669 ἑστὸς
747 610 841 660 καὶ
868 609 1095 679 μόνιμον
1119 609 1251 679 ἔχει,
1287 610 1409 663 οὔτε
1436 611 1503 664 τὰ
1537 628 1797 681 περιστα-

224 692 353 745 τικὰ
373 694 482 745 τῶν
505 697 848 765 πραγμάτων
875 700 967 750 καὶ
996 701 1233 767 κατηφῆ,
1256 700 1469 766 παγίως
1492 701 1756 769 ῆδρασται
1781 716 1794 730 ·

226 786 364 838 ἀλλὰ
394 789 568 840 πάντα
601 789 745 858 σάλῳ
774 791 878 840 τινὶ
918 793 1013 841 καὶ
1056 790 1304 853 κλύδωνι,
1337 792 1428 842 καὶ
1477 791 1800 860 μεταϐολαῖς

225 876 508 946 ἀδοκήτοις
561 868 1125 955 ὐπόκειτὰιηὪσπερ
1176 880 1267 932 οὖν
1325 880 1599 935 Θάλασσαν
1656 885 1799 952 ἀμή-

225 985 386 1035 χανον
412 970 510 1037 τὴν
539 971 709 1039 αὐτὴν
741 972 834 1022 ἐπὶ
876 973 1010 1023 πολὺ
1045 972 1332 1042 διαρκέσαι
1361 988 1373 1001 '
1413 974 1510 1043 τὴν
1543 975 1650 1043 γὰρ
1705 974 1801 1025 νῦν

225 1058 349 1110 λίαν
404 1059 672 1128 σταθερὰν
728 1062 923 1131 μικρὸν
974 1060 1205 1132 ὕστερον
1259 1062 1377 1131 ὀψει
1452 1064 1638 1133 βιαίως
1698 1065 1801 1116 ὑπὸ

223 1151 443 1219 ἀνέμων
503 1152 937 1222 τραχυνομένην,
987 1155 1081 1205 καὶ
1132 1153 1294 1205 πάλιν
1340 1154 1436 1224 τὴν
1492 1155 1798 1226 ἀγριαίνου-

226 1257 349 1301 σαν,
379 1242 475 1294 καὶ
511 1242 888 1313 βρασσομένην
932 1243 1007 1313 τῷ
1052 1244 1302 1306 κλύδωνι,
1348 1245 1538 1315 βαθείᾳ
1591 1245 1800 1317 γαλήνῃ

224 1332 362 1399 ταχὺ
412 1334 830 1403 κατεστόρεσεν·
860 1336 869 1351 ’
899 1333 1071 1395 οὕτως
1104 1338 1198 1388 καὶ
1244 1334 1311 1387 τὰ
1360 1335 1452 1387 τοῦ
1508 1334 1622 1403 βίου
1660 1338 1799 1405 πρά-

182 1432 185 1437 '
223 1438 410 1490 γματα
442 1423 636 1492 ῥαδίως
663 1424 926 1493 λαμϐάνει
960 1427 1326 1495 περιστροφὰς
1354 1427 1436 1493 ἐφ’
1471 1427 1725 1497 ἑκάτερα.

297 1600 463 1653 Οὐδὲν
500 1602 606 1654 τῶν
655 1602 1011 1673 ἀνθρωπίνων
1040 1604 1277 1673 βέϐαιον,
1308 1602 1428 1655 οὐδὲ
1467 1605 1546 1666 εἰς
1575 1605 1634 1656 τὸ
1665 1622 1798 1657 παν-

228 1691 377 1753 ηλὲς
408 1693 744 1762 παραμένειν
769 1697 879 1757 τοῖς
910 1694 1277 1764 κτησαμένοις
1311 1694 1577 1762 πέφυκεν.

1902 606 2095 659 cundaa
2117 648 2130 671 ,
2163 614 2216 659 et
2246 622 2366 674 quae
2399 607 2556 660 multi
2588 622 2803 662 summe
2832 607 3185 673 desiderant,
3213 616 3476 662 constan-

1903 697 1976 750 tia
2014 706 2144 752 sunt
2174 716 2186 750 :
2220 714 2317 751 nec
2351 715 2567 753 rursum
2605 700 2852 753 adversa:
2884 709 2937 753 et
2972 701 3214 753 molestae
3237 739 3253 763 ,
3306 699 3479 754 ﬁrmis

1903 789 2187 843 radicibus
2217 788 2407 841 deﬁxae
2436 809 2446 842 :
2485 807 2675 844 verum
2725 792 2910 845 omnia
2961 791 3220 847 fluctibus
3252 792 3481 863 quibus—
3513 842 3520 848 .

1902 880 2027 932 (lam
2061 887 2115 933 et
2151 879 2401 943 turbini,
2457 897 2667 934 necnon
2719 883 3020 950 inopinatis
3077 884 3479 937 mutationibus

1899 980 2028 1025 sunt
2054 972 2314 1031 obnoxia.
2345 970 2500 1025 Velut
2528 974 2690 1042 igitur
2716 974 2830 1029 fieri
2865 989 2975 1027 nun
3008 982 3208 1042 potest,
3235 981 3293 1026 ut
3324 988 3479 1027 mare

1902 1069 2102 1117 statum
2135 1064 2386 1116 eumdem
2417 1063 2509 1116 diu
2549 1065 2783 1118 retineat
2815 1067 2980 1131 (nam
3019 1068 3166 1133 quod
3202 1078 3348 1117 nunc
3375 1063 3476 1116 ad-

1902 1156 2124 1207 modum
2161 1155 2380 1221 plamnn
2427 1166 2542 1219 est,
2593 1156 2645 1208 id
2690 1158 2976 1225 aliquanto
3022 1165 3145 1225 post
3190 1164 3474 1210 ventorum

1900 1244 2102 1312 impetu
2131 1252 2517 1313 exasperatum
2543 1257 2739 1299 cernes
2766 1263 2776 1298 :
2807 1259 2871 1298 ac
2899 1260 3118 1299 rursum
3164 1245 3311 1313 quod
3349 1258 3478 1297 exa-

1905 1346 2209 1405 speratum,
2242 1351 2306 1389 ac
2333 1336 2557 1389 turbine
2583 1337 2873 1404 jactatum,
2910 1336 3015 1388 hoc
3043 1337 3150 1388 alta
3184 1335 3476 1396 confestim

1903 1427 2273 1495 tranquillitas
2304 1427 2500 1496 sedat)
2531 1446 2544 1481 :
2572 1428 2685 1495 pari
2722 1429 2936 1481 ratione
2966 1427 3128 1495 hujus
3155 1428 3280 1481 vitae
3307 1442 3396 1481 res
3421 1427 3474 1480 in

1904 1525 2192 1586 utramque
2226 1527 2432 1586 partem
2470 1517 2631 1571 facile
2662 1525 2965 1571 mutantur.

1972 1606 2161 1676 Ejusd.
2194 1608 2337 1662 hom.
2373 1608 2449 1661 De
2479 1618 2617 1662 orat.
2653 1611 2881 1662 actione.
2913 1638 2986 1649 —
3015 1608 3165 1662 Nihil
3208 1608 3261 1661 in
3309 1608 3476 1663 rebus

1903 1699 2156 1755 humanis
2185 1710 2398 1754 certum
2430 1709 2482 1753 ct
2514 1700 2729 1753 ﬁrmum
2757 1709 2841 1755 est
2862 1741 2876 1764 ,
2911 1717 3015 1755 nec
3055 1701 3123 1753 ad
3169 1708 3475 1755 extremum

1902 1806 2078 1859 usque
2104 1791 2361 1845 dominos
2391 1806 2522 1844 suos
2552 1793 2876 1846 comitatur.

294 1878 378 1929 Τὰ
403 1876 715 1944 ἀνθρώπινα
761 1879 931 1931 ταῦτα
992 1880 1151 1940 σκιᾶς
1204 1848 1350 1931 ἐστιν
1399 1878 1788 1949 ἁδρανέστερα,

1975 1848 2166 1949 ίῇκδά.
2203 1884 2359 1950 epist.
2398 1882 2483 1935 42.
2514 1913 2583 1923 --
2612 1882 2862 1935 llmnana
2917 1883 3031 1936 lucc
3068 1882 3278 1937 umbris
3311 1881 3481 1935 imbe—

223 1968 321 2021 καὶ
352 1968 576 2037 ὀνείρων
609 1969 1020 2039 ἀπατηλότεραο
1052 1972 1162 2022 εἴτε
1191 1970 1301 2039 γὰρ
1341 1970 1530 2038 νεότης
1564 1968 1795 2039 ἐαρινῶν

222 2059 403 2112 ἀνθῶν
461 2060 716 2131 ὀξύτερον
773 2065 1060 2132 καταρρεῖ,
1118 2065 1211 2115 καὶ
1270 2061 1387 2131 ὦρα
1452 2061 1792 2133 σώματος,ἧ

223 2152 420 2220 χρόνῳ,
470 2151 501 2220 ἢ
550 2152 689 2221 νόσῳ
739 2155 1081 2222 μαραίνεται.
1124 2155 1233 2207 Καὶ
1267 2153 1492 2216 πλοῦτος
1540 2153 1637 2221 μὲν
1673 2153 1797 2206 ἄπι-

222 2258 372 2303 στος,
401 2243 523 2308 δόξα
548 2245 600 2295 δὲ
629 2244 686 2295 εύ
700 2248 1074 2315 περίτρεπτος,
1109 2246 1245 2299 αἵτε
1275 2245 1427 2316 παρὰ
1466 2246 1564 2307 τὰς
1602 2247 1797 2315 τέχνας

217 2332 568 2401 διαπονήσεις
592 2335 668 2403 τῷ
696 2338 869 2405 χρόνῳ
893 2338 1065 2405 τούτῳ
1097 2336 1508 2407 ἀπαρτίζονται,
1545 2338 1682 2389 ἀλλὰ
1703 2340 1798 2389 καὶ

217 2424 283 2478 τὸ
312 2427 776 2495 περισπούδαστον
826 2429 1050 2495 ἅπασιν,
1099 2429 1268 2495 ὀλίγοι
1324 2430 1450 2498 ἄχρι
1499 2429 1667 2498 ἀκοῆς
1700 2428 1797 2497 τὴν

220 2517 385 2588 χάριν
420 2519 653 2587 ἔχουσιν.

294 2610 518 2679 Πλούτῳ
560 2612 762 2680 κομᾷ;;
797 2610 891 2663 καὶ
931 2611 1022 2663 ἐπὶ
1071 2610 1357 2681 προγόνοις
1386 2610 1530 2681 μέγα
1559 2612 1794 2681 φρονεῖς,

223 2702 321 2755 καὶ
352 2701 632 2772 ἐπαγάλλῃ
666 2703 900 2771 πατρίδι,
924 2704 1018 2755 καὶ
1039 2702 1221 2755 κάλλει
1256 2702 1530 2773 σώματος,
1560 2703 1651 2755 καὶ
1677 2704 1797 2764 ταῖς

148 2790 152 2796 ’
221 2791 377 2862 παρὰ
406 2792 622 2845 πάντων
662 2793 874 2861 τιμαίς;
929 2792 1160 2862 πρόσεχε
1205 2791 1434 2861 σεαυτῷ,
1480 2794 1560 2844 ὅτι
1609 2790 1797 2860 θνητὸς

221 2877 296 2947 εἴ,
327 2885 418 2934 καὶ
441 2886 518 2945 εἰς
552 2887 655 2953 γῆν
684 2883 976 2953 ἀπελεύσῃ.
1012 2884 1344 2953 Περίϐλεψαι
1390 2885 1514 2947 τοὺς
1555 2884 1660 2953 πρὸ
1704 2883 1798 2935 σοῦ

220 2978 283 3028 ἐν
310 2979 428 3037 ταῖς
456 2975 670 3044 ὁμοίαις
720 2977 1098 3044 περιφανείαις
1150 2976 1554 3040 ἐξετασθέντας.
1600 2979 1707 3029 Ποῦ
1751 2979 1799 3029 οἱ

220 3070 305 3131 είς
344 3069 440 3131 τὰς
484 3068 765 3131 πολιτικὰς
812 3069 1131 3130 δυναστείας
1176 3068 1660 3139 περιϐεϐλημένοι;
1698 3071 1800 3122 ποῦ

220 3160 270 3210 οἱ
324 3158 732 3228 δυσμαχώτατοι
788 3158 1050 3228 ρήτορες;
1096 3157 1195 3210 ποῦ
1250 3160 1297 3210 οί
1331 3158 1432 3221 τὰς
1466 3160 1801 3228 πανηγύρεις

1898 1975 2113 2030 cilliora
2150 1982 2315 2037 sunt,
2344 1974 2574 2027 somniis
2607 1974 2914 2026 fallaciora.
2964 1974 3100 2024 Nam
3137 1982 3191 2025 et
3215 1973 3479 2041 juvenilis

1896 2076 2032 2121 aetas
2065 2065 2247 2118 vernis
2282 2064 2509 2120 ﬁoribus
2558 2064 2801 2118 celerius
2854 2062 3081 2126 deﬁnit,
3124 2072 3177 2116 et
3227 2065 3479 2131 corporis

1899 2156 2276 2227 pulchritudo,
2304 2156 2387 2209 vel
2417 2167 2682 2223 tempore,
2720 2155 2801 2208 vel
2833 2155 3024 2208 morbo
3060 2157 3369 2209 marcescit.
3402 2156 3481 2208 Ac

1898 2249 2105 2302 divitiae
2150 2248 2372 2316 quidem
2426 2246 2610 2299 inﬁda:
2662 2254 2834 2301 sunt:
2883 2247 3058 2315 gloria
3098 2255 3282 2300 autem
3325 2246 3480 2299 facile

1900 2341 2097 2395 labilis.
2132 2342 2346 2394 Artium
2380 2356 2548 2410 porro
2577 2341 2760 2395 studia
2794 2356 2901 2394 una
2938 2358 3063 2394 cum
3098 2342 3201 2395 hoc
3236 2349 3481 2409 tempore

1900 2434 2183 2485 liniuntur.
2221 2434 2340 2500 Ipsa
2372 2448 2589 2501 quoque
2615 2432 2930 2500 eloquentia
2955 2471 2968 2491 .
3001 2446 3163 2499 quam
3194 2439 3482 2500 tantopere

1899 2541 2091 2581 omnes
2121 2534 2419 2594 expetunt,
2453 2540 2619 2579 aures
2650 2525 2915 2578 duntaxat
2950 2527 3175 2578 mulcet.

1971 2615 2163 2684 Ejusd.
2192 2616 2334 2669 hom.
2366 2615 2418 2667 in
2447 2614 2619 2667 illud:
2646 2633 2663 2664 ι
2690 2612 2913 2666 Attende
2946 2612 3039 2665 tibi
3069 2614 3184 2679 ipsi.
3218 2632 3237 2664 ι
3263 2641 3333 2653 -
3355 2612 3482 2684 Opi-

1900 2708 2002 2762 bus
2028 2706 2460 2761 circumaﬁlnis?
2481 2706 2550 2760 ob
2580 2705 2820 2774 majores
2845 2714 2970 2758 tuos
3000 2703 3293 2773 magniﬁce
3320 2704 3483 2775 320

1901 2799 2120 2853 sentis?
2147 2814 2212 2851 ac
2243 2808 2471 2867 propter
2497 2799 2690 2867 patria:
2720 2797 3111 2866 splendorem,
3147 2805 3201 2849 et
3232 2798 3481 2865 corporis

1902 2889 2405 2961 pulchritudinem,
2441 2889 2794 2956 honoresque
2831 2889 2955 2942 illos
2989 2889 3082 2957 qui
3124 2888 3192 2941 ab
3220 2890 3481 2943 omnibus

1901 2983 1954 3036 in
1997 2991 2049 3036 te
2087 2988 2486 3048 congeruntur,
2535 2980 2747 3033 attollis
2800 2979 3065 3033 animos?
3107 2980 3342 3032 Attende
3382 2979 3481 3034 tibi

1904 3072 2042 3140 ipsi,
2087 3072 2234 3139 quod
2282 3085 2478 3137 nempe
2528 3069 2780 3121 mortalis
2829 3069 2943 3131 sis,
2984 3076 3038 3121 et
3072 3069 3124 3120 in
3163 3078 3365 3122 terram
3399 3084 3484 3123 re-

1905 3177 2189 3215 versurus.
2230 3159 2611 3226 Circumspice
2652 3160 2775 3212 illos
2808 3158 2901 3226 qui
2938 3167 3065 3211 ante
3098 3165 3150 3211 te
3192 3158 3383 3212 iisdem
3423 3159 3480 3212 in

220 3248 549 3311 διατιθέντες
573 3266 587 3311 ;
619 3250 668 3301 οί
695 3249 940 3316 λαμπροὶ
975 3249 1264 3314 ίπποφόροι
1287 3265 1302 3310 ;
1329 3250 1377 3297 οί
1401 3250 1696 3317 στρατη··οί
1718 3266 1731 3311 ;
1753 3250 1797 3297 οξ

1908 3252 2298 3321 splendoribns
2331 3242 2685 3303 exstiterunt.
2737 3248 2836 3303 Ubi
2885 3259 3048 3312 Sunt,
3090 3250 3185 3318 qui
3240 3250 3483 3317 potentia

225 3339 544 3405 σατράπαι;
577 3341 624 3391 οἱ
646 3340 899 3407 τύραννοι
926 3354 938 3398 ;
983 3338 1044 3389 ού
1094 3339 1273 3391 πάντα
1308 3338 1457 3398 κόνις
1478 3379 1493 3399 ,
1523 3349 1583 3388 0-)
1622 3340 1798 3389 πάντα

228 3428 429 3498 μῦθος;
453 3430 553 3482 οὐκ
571 3431 626 3481 ἐν
645 3429 846 3495 ὀλίγοις
868 3429 1074 3491 ὀστέοις
1100 3428 1167 3480 τὰ
1191 3429 1516 3498 μνημόσυνα
1538 3428 1637 3496 τῆς
1656 3429 1799 3496 ζωῆς

224 3520 440 3580 αὑτῶν;
470 3520 706 3588 ἔγκυψον
730 3523 842 3582 τοῖς
865 3523 1074 3589 τάφοις,
1099 3522 1146 3572 εί
1171 3522 1372 3590 δυνήσῃ
1391 3522 1687 3588 διακρῖναι,
1716 3520 1798 3583 τίς

223 3614 253 3663 ὀ
284 3611 524 3680 οἰκέτης,
556 3614 647 3664 καὶ
676 3611 758 3673 τίς
786 3612 1097 3682 ὀδεσπότης
1132 3628 1144 3640 ·
1176 3613 1255 3673 τί,
1286 3613 1315 3664 ὀ
1338 3613 1573 3681 πτωχὸς,
1600 3614 1694 3666 καὶ
1717 3614 1797 3674 τίς

220 3703 255 3754 ὁ
292 3702 570 3765 πλούσιος.
627 3704 933 3775 Διάκρινον,
972 3705 1018 3755 εἱ
1066 3722 1148 3767 τις
1181 3722 1262 3757 σοι
1300 3704 1547 3772 δύναμις,
1586 3706 1675 3757 τὸν
1713 3706 1800 3757 δέ-

226 3809 389 3861 σμιον
434 3792 541 3844 ἀπὸ
575 3790 670 3844 τοῦ
708 3791 996 3860 βασιλέως,
1033 3792 1125 3843 τὸν
1178 3790 1395 3862 ἰσχυρὸν
1430 3792 1538 3843 ἀπὸ
1573 3792 1666 3843 τοῦ
1699 3794 1796 3843 ἁσ-

224 3882 435 3946 θενοῦς,
463 3883 555 3934 τὸν
577 3884 827 3953 εὐπρεπῆ
860 3883 965 3934 ἀπὸ
984 3883 1078 3935 τοῦ
1106 3882 1401 3946 δ’.)σειδοῦς.
1433 3883 1796 3954 Μεμνημένος

223 3967 321 4025 οὖν
348 3975 445 4042 τῆς
473 3974 703 4040 φύσεως,
734 3974 833 4025 οὐκ
858 3974 1144 4043 ἑπαρθήσῃ
1172 3975 1318 4027 ποτέ.

1907 3353 1961 3396 et
1989 3342 2318 3396 auctoritate
2350 3341 2403 3393 in
2437 3340 2719 3407 republica
2748 3338 3089 3392 floruerunt?
3112 3339 3202 3392 ubi
3236 3339 3484 3396 invictis-

1906 3433 2030 3487 simi
2056 3432 2346 3485 oratores?
2378 3430 2467 3484 ubi
2494 3431 2588 3499 qui
2618 3430 2870 3499 publicos
2898 3438 3209 3484 conventus
3241 3432 3481 3486 instrue-

1906 3524 2074 3578 bant?
2123 3523 2211 3576 ubi
2254 3524 2499 3577 illustres
2535 3522 2615 3575 illi
2664 3522 2991 3575 alendorum
3045 3539 3314 3592 equorum
3364 3536 3475 3579 stu-

1905 3613 2093 3665 diosi?
2129 3613 2219 3665 ubi
2253 3613 2539 3680 copiarum
2583 3611 2906 3664 militarium
2948 3610 3151 3670 duces.
3203 3624 3439 3682 satrapae
3463 3653 3478 3676 ,

1902 3703 2165 3773 tyranni?
2190 3718 2371 3755 nonne
2397 3702 2579 3755 omnia
2608 3702 3023 3775 pulvis,‘omnia
3055 3703 3278 3755 fabula?
3303 3719 3482 3757 nonne.

1900 3796 2063 3865 pauci
2111 3796 2336 3850 ossibus
2388 3794 2512 3848 vitae
2550 3809 2748 3848 eorum
2782 3807 3142 3848 monumenta
3185 3798 3482 3851 «οηειοιιιῗ

1900 3886 2110 3954 Inspice
2147 3887 2423 3955 sepulcra,
2452 3902 2520 3939 an
2549 3886 2867 3940 discernere
2892 3901 3084 3955 queas,
3113 3888 3236 3956 quis
3265 3903 3480 3949 servus.

1898 3981 2025 4046 quis
2063 3979 2351 4039 dominus,
2383 3978 2508 4045 quis
2544 3991 2771 4046 pauper,
2802 3979 2928 4046 quis
2960 3978 3135 4033 dives.
3172 3979 3481 4050 Distingue.

222 4065 271 4119 si
304 4075 489 4133 potes,
522 4067 761 4118 vinctum
794 4080 822 4118 a
848 4081 995 4133 rege,
1025 4064 1223 4119 fortem
1256 4067 1326 4119 ab
1360 4065 1617 4119 imbecilli
1643 4106 1656 4128 ,
1688 4064 1974 4133 pulchrum
2002 4086 2029 4122 a
2056 4070 2315 4124 deformi.
2344 4069 2704 4139 Nequaquam
2734 4082 2864 4137 ergo
2890 4069 3036 4122 elato
3102 4072 3214 4124 eris
3276 4072 3479 4137 animo,

223 4158 271 4210 si
305 4166 558 4210 naturam
594 4156 647 4209 in
681 4158 940 4210 memoria
974 4157 1199 4210 habeas.

293 4251 359 4302 Ol
388 4249 661 4319 ἄνθρωποι
684 4252 801 4312 ταῖς
834 4251 1078 4318 νεφέλαις
1105 4250 1367 4312 ἐοίκασιν,
1399 4252 1533 4321 πρὸς
1565 4250 1663 4313 τὰς
1684 4249 1792 4302 τῶν

222 4340 551 4409 πνευμάτων
594 4340 893 4408 μεταϐολὰς
936 4343 1121 4396 ἄλλοτε
1164 4343 1280 4395 κατ’
1313 4343 1440 4395 ἄλλο
1482 4342 1645 4413 μέρος
1697 4341 1790 4395 τοῦ

218 4432 385 4499 ἀέρος
406 4433 827 4501 ὲμφερομέναις.

292 4523 459 4575 Φύσει
509 4524 607 4592 μὲν
652 4525 804 4576 οὐδὲν
851 4524 960 4576 τῶν
1001 4524 1355 4595 ἀνθρωπίνων
1391 4524 1627 4593 βέϐαιον,
1683 4525 1797 4577 οὐδὲ

220 4615 448 4684 ὁμαλὸν,
484 4616 601 4667 οὐδὲ
661 4616 953 4687 αὔταρκες,
987 4618 1106 4670 οὐδὲ
1154 4619 1245 4670 ἐπὶ
1286 4618 1392 4669 τῶν
1437 4619 1613 4670 αὐτῶν
1650 4620 1798 4671 ἱστά-

225 4722 426 4773 μενον·
461 4705 595 4758 am
627 4709 818 4769 κύκλος
864 4725 943 4767 τις
1001 4708 1107 4759 τῶν
1154 4708 1439 4777 ἡμετέρων
1484 4712 1793 4777 περιτρέχει

222 4795 587 4863 πραγμάτων,
640 4795 824 4847 ἄλλοτε
875 4796 1039 4858 ἄλλας
1088 4797 1180 4848 ἐπὶ
1224 4797 1351 4865 μιᾶς
1401 4796 1612 4867 ἡμέρας
1669 4798 1797 4848 πολ-

222 4888 402 4947 λάκις,
436 4886 546 4937 ἐστι
580 4886 634 4936 δὲ
665 4887 741 4936 ὅτς
795 4904 886 4938 και
929 4888 1077 4955 ὥρας
1118 4888 1297 4955 φέρων
1345 4886 1668 4955 μεταϐολὰς,
1706 4891 1799 4940 καὶ

220 4978 423 5047 αὔραις
476 4978 673 5045 μᾶλλον
720 4984 992 5030 πιστεύειν
1046 4978 1205 5030 αὐτὸν
1251 4979 1398 5029 ἔστιν
1447 4980 1545 5046 οὐχ
1581 4978 1801 5047 ἱσταμέ-

221 5088 365 5133 ναις,
418 5071 510 5120 καὶ
563 5071 687 5137 νηὸς
733 5070 1173 5139 ποντοπορούσης
1219 5070 1410 5138 ἴχνεσι,
1466 5071 1560 5120 καὶ
1608 5070 1798 5129 νυκτὸς

220 5159 523 5226 ἀπατηλοῖς
561 5159 822 5228 ὀνείρασι,
872 5155 943 5211 ὧν
990 5159 1123 5229 πρὸς
1173 5160 1352 5226 ὀλίγον
1401 5162 1433 5227 ἡ
1479 5161 1656 5228 χάρις,
1707 5159 1799 5210 καὶ

221 5253 365 5304 κατὰ
395 5253 704 5319 ψαμμὰθων
736 5254 919 5313 παῖδες
944 5252 1171 5304 τυποῦσι
1201 5252 1507 5314 παίζοντες,
1535 5253 1566 5319 ἢ
1590 5251 1798 5319 ανθρώ-

225 5360 343 5393 πων
368 5342 653 5411 εὐημερίᾳ.

298 5520 377 5571 T1
435 5521 527 5587 μὲν
576 5522 683 5590 γάρ
734 5523 849 5573 ἐστι
909 5524 1106 5591 ῥευστὰ
1168 5526 1261 5571 καί
1316 5522 1642 5589 πρόσκαιρα,
1706 5522 1799 5571 καὶ

222 5611 416 5678 ὡσπερ
444 5612 498 5660 ἐν
532 5611 714 5680 παιδιᾷ
746 5611 962 5680 ψήφων,
1008 5613 1193 5663 ᾶλλοτε
1254 5613 1329 5672 εἰς
1373 5611 1561 5673 ἄλλους
1595 5614 1797 5680 μεταρ-

228 5700 592 5771 ριπτούμεναο
624 5707 716 5755 καὶ
757 5704 909 5754 οὐδὲν
961 5702 1127 5759 οὕτως
1163 5701 1253 5753 τοῦ
1295 5701 1613 5769 κατέχοντος
1647 5702 1793 5763 ἴδιον,

225 5794 302 5854 ὡῖ
338 5793 370 5862 ἦ
404 5793 478 5863 μὴ
524 5795 699 5864 χρόνῳ
734 5796 1062 5863 παυδθῆ-ναιν
1106 5796 1136 5864 ἦ
1187 5802 1360 5864 φυόνῳ
1412 5794 1793 5863 μετατεθῆναι.

1974 4250 2146 4317 Epist.
2173 4250 2259 4303 82.
2292 4278 2349 4290 -—
2381 4249 2637 4302 llomines
2667 4246 2906 4301 nubibus
2931 4245 3144 4301 similes
3172 4257 3327 4313 sunt,
3361 4264 3483 4317 qua:

1902 4362 1999 4417 pro
2030 4345 2155 4397 aliis
2186 4355 2347 4411 atque
2376 4342 2498 4395 aliis
2527 4342 2701 4395 ventis
2725 4379 2739 4401 ,
2771 4355 2919 4393 nunc
2952 4340 3007 4393 in
3038 4340 3211 4405 banc,
3243 4356 3391 4394 nunc
3425 4341 3478 4394 in

1902 4438 2049 4491 illam
2084 4437 2228 4489 aeris
2264 4434 2538 4498 regionem
2578 4432 2852 4485 feruntur.

1974 4528 2115 4581 Naz.
2154 4535 2291 4578 orat.
2323 4525 2413 4578 25.
2442 4554 2510 4565 -—
2536 4523 2679 4577 Nihil
2716 4523 2772 4575 in
2806 4521 2971 4575 rebus
2997 4520 3258 4575 humanis
3288 4531 3480 4591 suapte

1899 4629 2096 4674 natura
2126 4618 2341 4671 ﬁrmum
2365 4654 2379 4677 ,
2406 4614 2674 4683 atquabile
2698 4628 2759 4665 ac
2783 4612 3031 4665 durabile
3052 4619 3136 4665 est
3156 4652 3170 4676 ,
3198 4626 3296 4664 nec
3319 4612 3480 4679 quid-

1902 4730 2066 4782 quam
2099 4714 2150 4764 in
2176 4711 2365 4763 eodem
2398 4716 2539 4759 statu
2576 4712 2898 4756 constanter
2926 4708 3141 4755 manet:
3171 4716 3358 4753 verum
3392 4716 3479 4753 res

1902 4815 2105 4858 nostra;
2137 4803 2283 4853 velut
2314 4814 2447 4867 gyro
2475 4795 2711 4863 quodam
2748 4794 3061 4855 volvuntur,
3094 4801 3151 4845 ut
3180 4794 3317 4846 alias
3343 4802 3480 4845 tem-

1903 4910 2006 4963 pus
2039 4890 2225 4949 aliud,
2260 4902 2323 4940 ac
2357 4902 2501 4953 saepe
2539 4901 2680 4937 unus
2720 4884 2976 4951 idemque
3009 4884 3157 4945 dies,
3190 4883 3274 4935 vel
3312 4883 3475 4935 etiam

1903 4998 2010 5036 una
2048 4980 2318 5033 interdum
2356 4976 2485 5028 liora
2509 5017 2524 5040 ,
2563 4974 2901 5026 mutationes
2932 4972 3123 5025 afferat
3159 4989 3171 5024 :
3207 4977 3370 5039 atque
3403 4972 3477 5023 ita

1905 5081 1963 5125 ut
1994 5070 2223 5124 incertis
2268 5066 2479 5126 ventis,
2524 5072 2578 5115 ct
2616 5065 2769 5116 navis
2806 5077 2950 5115 mare
2984 5062 3361 5130 pereurre'itis
3391 5078 3477 5113 ve-

1903 5162 2115 5230 stigiis,
2155 5158 2558 5223 fallacibusque
2600 5155 2779 5207 noctis
2818 5154 3146 5213 insomniis,
3177 5169 3241 5204 ex
3277 5154 3477 5220 quibus

1904 5253 2155 5318 voluptas
2186 5248 2365 5299 lare-vis
2390 5249 2627 5314 capitur,
2654 5245 2828 5310 iisque
2854 5243 3070 5295 demum
3106 5242 3312 5311 ﬁguris,
3338 5259 3475 5311 quas

1904 5337 2057 5403 put-ri
2095 5352 2187 5402 per
2219 5334 2406 5385 ludum
2439 5336 2491 5385 in
2526 5348 2687 5384 arena
2718 5331 3076 5393 describunt,
3103 5332 3308 5384 certior
3340 5330 3473 5385 ﬁdes

1904 5428 2089 5481 haln-ri
2127 5427 2335 5495 possit,
2371 5441 2532 5493 quam
2568 5424 2854 5475 hominum
2889 5423 3155 5475 felicitati.

1979 5518 2116 5569 Ibid.
2144 5548 2208 5557 -—-
2237 5517 2343 5570 [tes
2377 5515 2648 5583 siquidem
2685 5515 2808 5565 vitae
2842 5513 3007 5577 hujus
3049 5512 3206 5566 ﬂuxae
3250 5522 3377 5566 sunt
3419 5522 3473 5566 et

1903 5610 2121 5661 (indura:
2144 5647 2156 5663 ,
2188 5614 2240 5657 et
2274 5606 2415 5655 velut
2453 5604 2503 5654 in
2534 5603 2873 5655 calculorum
2905 5599 3053 5663 ludo,
3083 5615 3228 5653 nunc
3256 5600 3318 5651 ad
3347 5599 3470 5660 hos,

1909 5715 2052 5752 nunc
2087 5698 2152 5749 ad
2192 5700 2314 5749 illos
2360 5694 2598 5747 vicissim
2636 5694 3015 5745 volvunturmt
3045 5705 3142 5743 nec
3173 5688 3471 5759 quidquam

1907 5791 1979 5839 ita
2009 5786 2346 5855 possidentis
2372 5785 2650 5853 proprium
2681 5782 2774 5845 sit,
2803 5783 2934 5851 quin
2964 5786 3040 5834 vel
3068 5781 3328 5850 temporis
3352 5778 3471 5837 lon—

1911 5878 2214 5947 ginquitate
2249 5862 2485 5939 ﬁniatur,
2526 5876 2605 5928 vel
2646 5873 2848 5927 invidia
2882 5870 3269 5927 transferatur.
