4218 6446
805 397 944 462 1Ξ23

1994 383 2054 440 S.
2085 374 2322 439 JOANN
2335 374 2406 432 IS
2443 371 2878 433 DAMASCENI

3941 363 4075 425 Ῑίὲί

866 508 1118 579 Ejusdem
1143 515 1283 558 orat.
1311 502 1390 554 t6.
1411 497 1634 551 -Nihil
1657 496 1944 550 immotum
1971 499 2381 558 inanet,quem-

2554 485 2718 538 Οὐδὲν
2751 484 3030 553 ἀκίνητον,
3063 484 3158 536 ὂπε
3169 501 3201 553 ρ
3230 484 3388 551 ἔφην,
3419 481 3539 534 οὐδὲ
3571 483 3797 552 ὁμαλὸν,
3821 481 3952 534 οὐδὲ
3987 484 4055 532 αὖ

802 600 1096 656 admodum
1151 604 1278 648 ante
1323 591 1572 645 dicebam
1599 628 1614 651 ,
1669 585 1807 640 nihil
1845 582 2116 653 aequabile
2155 593 2219 632 ac
2251 592 2370 631 cer-

803 705 919 748 tum
940 733 957 760 ,
987 704 1089 744 nec
1116 688 1183 740 ad
1212 692 1521 739 extremum
1564 692 1740 748 usque
1769 692 1857 731 snt
1889 674 2072 729 simile
2098 678 2222 726 est:
2264 684 2371 722 non

799 784 1085 846 hiiaritas,
1119 795 1228 833 non
1259 774 1519 831 mmstitia
1542 812 1558 834 ,
1586 785 1697 824 non
1721 784 1888 839 opes,
1921 782 2027 820 non
2056 771 2373 834 paupertas,

804 892 915 930 non
965 875 1158 936 robur,
1207 885 1313 924 non
1343 863 1722 924 imbecillitas,
1772 875 1880 914 non
1936 854 2212 927 potentia,
2262 868 2370 906 non

804 967 1128 1028 humilitas,
1161 977 1270 1016 non
1300 957 1594 1029 praesentia
1617 993 1632 1017 ,
1687 968 1795 1007 non
1844 949 2027 1003 futura
2052 987 2070 1011 ,
2121 960 2230 1000 non
2278 958 2376 997 no-

801 1065 954 1117 stra,
1009 1069 1119 1107 non
1172 1050 1389 1113 aliena,
1438 1061 1550 1100 non
1603 1058 1804 1114 parva,
1840 1054 1949 1093 non
2001 1050 2231 1104 magna,
2266 1048 2374 1086 non

801 1145 1039 1215 denique
1072 1138 1339 1210 quidquid
1370 1137 1442 1192 ab
1472 1135 1586 1190 ullo
1639 1129 1909 1186 nominari
1963 1135 2148 1196 queat.
2197 1123 2379 1190 Atque

802 1239 905 1292 hoc
939 1234 1148 1304 :equale
1175 1229 1526 1299 inaequalitas
1559 1223 1756 1286 habet,
1793 1230 1853 1275 ut
1897 1232 2094 1286 nempe
2127 1231 2216 1270 res
2257 1227 2378 1268 om-

802 1342 902 1380 nes
946 1324 1167 1378 subsint
1214 1316 1528 1374 mutationi.
1580 1312 1778 1368 Omnia
1820 1309 1972 1364 enim
2019 1305 2180 1359 facile
2229 1318 2382 1357 com-

2478 594 2701 645 ταρκες,
2746 577 2867 629 οὐδὲ
2913 578 2993 638 είς
3043 576 3193 628 τέλο.
3238 578 3446 644 ὅμοιον
3503 577 3627 628 οὔτε
3678 575 3969 644 εὐθυμεῖν.
4013 576 4072 625 οὐ

2479 663 2730 726 πλοῦτος,
2771 664 2834 716 οὐ
2876 665 3057 727 πενία,
3083 665 3145 716 οὐ
3169 664 3421 733 δύναμις,
3451 665 3553 717 οὐκ
3580 665 3858 726 ἀσθένεια,
3886 665 3950 716 οὐ
3981 681 4075 716 τα⁹

2479 754 2756 822 πεινότης,
2774 754 2836 806 οὐ
2852 754 3229 818 δυναστεία,οὑ
3249 754 3315 808 τά
3332 755 3671 824 παρόντα,οὑ
3690 756 3759 807 τὰ
3779 755 4071 824 μέλλοντα.

2478 850 2540 899 οὐ
2568 847 2638 900 τὰ
2662 849 2929 918 ἡμέτερα,
2960 849 3100 901 οὐτὸ
3129 849 3429 918 ἀλλότριον,
3455 850 3518 902 οὺ
3552 849 3748 919 μικρὸν
3791 851 3825 920 ἢ
3858 851 4069 919 μεῖζον,

2482 941 2580 1008 οὐχ
2612 940 2640 992 ὅ
2667 957 2719 992 τι
2743 939 2809 993 ἂν
2831 943 2959 1012 εἴπῃ
2990 958 3095 1002 τις.
3123 941 3232 994 Καὶ
3259 940 3419 993 τοῦτο
3445 942 3560 993 ίσον
3585 941 3688 993 κᾶν
3717 943 3906 1011 ἰσότης
3927 942 4067 1011 ἔχει,

2479 1034 2578 1101 τὴν
2597 1034 2724 1102 περὶ
2741 1033 2958 1085 πάντων
2987 1033 3310 1102 μεταϐολήν.
3336 1035 3638 1103 Περιχωρεί
3656 1035 3766 1102 γάρ
3791 1035 3862 1086 τά
3888 1036 4071 1088 πάντα

2484 1123 2700 1193 ῥαδίως,
2758 1127 2856 1176 καὶ⁵
2917 1128 3250 1194 μεταχωρεῖ,
3303 1125 3409 1178 τκαὶ
3461 1123 3944 1178 άντικαθίσταταιο
3995 1126 4069 1188 ὡς

2484 1211 2682 1278 αὔραις
2709 1209 2866 1266 -εἷναι
2910 1215 3112 1283 μᾶλλον
3140 1215 3440 1278 πιστεύειν,
3479 1217 3573 1270 καὶ
3620 1215 3917 1286 γράμμασι
3956 1219 4073 1278 τοῖς

2485 1304 2608 1357 καθ’
2639 1305 2849 1368 ὓδατος,
2879 1306 2914 1376 ἢ
2947 1307 3254 1378 ἀνθρώπων
3283 1308 3575 1378 εὐημερίᾳ.

802 1425 1024 1480 meant,
1057 1414 1325 1469 recedunt
1354 1418 1409 1464 et
1442 1410 1804 1462 immutantur
1837 1421 1850 1455 :
1883 1402 2022 1456 adeo
2066 1409 2126 1453 ut
2167 1398 2379 1452 certius
2419 1396 2476 1451 in
2506 1400 2685 1455 ventis
2738 1409 2794 1456 et
2845 1401 2900 1454 in
2944 1400 3148 1456 litteris
3223 1402 3280 1456 in
3329 1417 3471 1470 aqua
3546 1403 3774 1474 scriptis
3800 1444 3815 1467 ,
3874 1401 4074 1456 fiducia

801 1510 981 1582 possit
1014 1504 1311 1566 collocari,
1342 1515 1507 1571 quam
1545 1501 1600 1551 in
1633 1497 1923 1551 hominum
1954 1491 2237 1547 felicitate.

1089 1615 1282 1686 Ejusd.
1317 1614 1374 1667 in
1407 1609 1582 1664 lamb.
1614 1616 1755 1662 orat.
1794 1605 1864 1658 ad
1896 1602 2098 1658 Christ.

873 1733 1119 1787 Mortuus
1151 1744 1264 1782 utut
1299 1725 1419 1780 huic
1455 1734 1770 1777 (erumnam!
1805 1718 1924 1787 vim
1948 1754 1963 1775 ,

873 1786 1007 1869 Qua
1037 1801 1221 1866 Euripi
1257 1811 1400 1869 more
1420 1834 1436 1858 ,
1469 1805 1690 1869 sursum
1713 1797 1763 1841 et
1797 1786 2046 1869 deorum
2076 1786 2249 1869 {altar
2270 1817 2286 1843 ,

874 1850 1182 1926 Elite—tino.
1209 1850 1532 1937 quidem'dt'e
1564 1860 1852 1930 quidquam
1888 1854 2034 1924 ﬁrmi
2070 1850 2246 1904 habet.

875 1981 1130 2053 Ejusdem
1162 1986 1302 2033 orat.
1339 1977 1429 2031 l0.
1454 2003 1527 2016 —
1554 1969 1707 2025 Talis
1743 1977 1830 2025 est
1858 1971 1973 2022 vita
2012 1973 2236 2028 nostra,
2268 1960 2382 2015 fra-

801 2086 959 2140 tres;
997 2075 1092 2128 tali
1119 2069 1286 2127 modo
1315 2069 1420 2123 hoc
1451 2079 1570 2122 avo
1604 2065 1679 2119 ita
1705 2060 1989 2119 ludimus:
2021 2063 2083 2112 ut
2115 2070 2240 2110 cum
2272 2068 2382 2108 non

803 2169 1116 2227 fuerimus,
1170 2173 1512 2216 nascamur:
1555 2171 1681 2212 cum
1737 2153 1853 2209 nati
1903 2164 2133 2212 sumus,
2185 2162 2384 2202 rursus

801 2251 1549 2316 dissolvamurJnsomnium
1576 2261 1768 2303 sumus
1793 2242 2073 2304 instabile,
2101 2251 2382 2307 spectrum

799 2349 1075 2422 quoddam
1131 2346 1277 2417 quod
1333 2341 1510 2398 teneri
1569 2337 1803 2410 nequit,
1867 2332 2205 2390 transeuntis
2263 2330 2383 2385 avis

801 2444 1018 2497 volatus
1041 2481 1056 2504 ,
1086 2438 1245 2492 navis
1272 2437 1327 2490 in
1357 2433 1494 2489 mari
1525 2432 1819 2497 vestigium
1849 2442 1959 2482 non
1991 2425 2234 2486 habens,
2263 2422 2384 2493 pul—

803 2537 886 2589 vis
907 2575 921 2596 ,
949 2547 1138 2602 vapor,
1171 2544 1267 2583 ros
1298 2525 1604 2581 matutinus
1626 2564 1641 2588 ,
1667 2522 1770 2576 llos
1801 2520 1868 2575 ad
1900 2527 2118 2588 tempus
2148 2529 2384 2570 nascens

800 2639 857 2683 et
916 2637 1287 2680 marcescens.
1327 2638 1346 2671 ι
1382 2616 1557 2673 Homo
1610 2616 1755 2670 sicut
1812 2611 1997 2667 fenum
2051 2607 2172 2662 dies
2222 2605 2382 2674 ejus,

803 2731 1068 2788 tanquam
1107 2717 1208 2771 llos
1255 2713 1372 2784 agri
1417 2713 1496 2767 sic
1527 2707 1794 2766 elﬁorebit
1827 2702 2019 2774 (Psal.
2057 2718 2157 2760 cu,
2195 2699 2320 2769 15).
2359 2717 2378 2750 ι

803 2813 978 2880 Quam
1018 2810 1282 2880 praeclare
1328 2804 1552 2859 divinus
1602 2797 1772 2853 David
1825 2797 1911 2851 his
1962 2793 2149 2849 verbis
2182 2791 2252 2845 de
2285 2804 2384 2843 no-

805 2916 920 2962 stra
985 2899 1361 2958 imbecillitate
1412 2889 1869 2966 philosophatur!
1918 2882 2380 2957 quemadmodum

805 3005 861 3050 et
893 2997 948 3048 in
981 2992 1106 3046 istis
1133 3009 1148 3044 :
1179 3007 1200 3041 ι
1229 2987 1570 3041 Paneitatem
1622 2983 1836 3035 dierum
1889 2993 2137 3034 meorum
2187 2975 2383 3031 nuntia

803 3086 964 3157 321
1006 3083 1136 3138 mihi
1171 3078 1363 3150 (Psal.
1399 3091 1448 3131 Cl
1473 3117 1487 3141 ,
1519 3075 1589 3128 24
1615 3078 1648 3142 ).
1697 3093 1716 3126 ι
1751 3072 1895 3138 Quin
1925 3073 2091 3127 etiam
2144 3068 2383 3124 hominis

803 3182 921 3234 dies
961 3175 1124 3248 palmi
1155 3184 1411 3226 mensura
1435 3165 1990 3222 circnmscribuntur.

879 3267 1129 3338 Ejusdem
1159 3279 1327 3318 carm.
1350 3261 1413 3314 de
1437 3260 1555 3314 vim
1578 3257 1810 3310 itinerib.
1842 3254 2020 3308 soluta
2046 3254 2382 3306 oratione.—

805 3361 1004 3415 Multas
1038 3356 1258 3426 quidem
1307 3353 1427 3405 vias
1462 3351 1624 3405 habet
1671 3361 1986 3403 aerumnosa
2019 3345 2132 3399 vita
2166 3359 2181 3395 :
2215 3352 2381 3412 atque

809 3453 914 3506 alia
968 3447 1188 3518 quidem
1237 3451 1293 3499 et
1343 3443 1450 3497 alia
1500 3441 1626 3495 aliis
1678 3439 1912 3507 aliisque
1941 3433 2291 3490 detrimentis
2325 3444 2381 3488 et

807 3542 967 3597 noxis
1012 3537 1367 3592 admiscetur.
1412 3531 1592 3586 lnlidas
1641 3529 1844 3582 divitiae
1880 3524 2196 3594 suntzipse
2225 3523 2380 3593 prin-

806 3635 1024 3700 cipatus
1051 3637 1105 3682 et
1137 3641 1228 3682 res
1287 3620 1543 3679 secundae
1569 3617 1882 3690 arrogantia
1909 3622 2164 3671 constant
2197 3632 2211 3670 :
2245 3613 2381 3670 sub-

806 3741 937 3778 esse
1005 3722 1159 3773 labor
1211 3725 1318 3781 est,
1374 3713 1594 3768 vincula
1644 3708 1952 3781 pauperies,
2000 3707 2178 3778 gratia
2248 3719 2379 3776 per-

809 3816 1005 3877 exigua
1059 3811 1174 3866 oris
1203 3808 1369 3864 decor
1394 3820 1518 3874 qua:
1555 3804 1724 3858 instar
1758 3799 1995 3870 fulguris
2043 3798 2206 3852 micat
2238 3815 2252 3849 ι
2284 3797 2375 3864 ju-

805 3912 966 3961 venta
1009 3911 1180 3958 aestus
1231 3907 1317 3954 est
1383 3895 1670 3964 temporis,
1728 3904 1985 3947 senectus
2026 3889 2206 3944 tristis
2253 3889 2378 3943 vitae

803 4004 972 4061 meta,
1019 3993 1192 4066 gloria
1250 4003 1401 4044 aurae
1451 3988 1669 4051 similis,
1716 3994 1772 4039 et
1799 3985 1971 4039 robur
1996 3983 2148 4036 velut
2190 3980 2375 4035 fenum

804 4089 971 4158 paleae
1024 4099 1147 4156 qua:
1206 4097 1340 4152 agro
1372 4088 1476 4134 est.
1526 4077 1788 4132 Petulans
1819 4076 2114 4146 ingluvies,
2170 4083 2379 4126 catenae

801 4179 1163 4240 connubium,
1192 4174 1455 4244 praeclara
1486 4170 1667 4240 proles
1697 4169 1752 4222 in
1795 4181 1961 4221 curas
1986 4165 2237 4235 impellit,
2262 4171 2377 4218 ste-

802 4273 982 4328 rilitas
1033 4264 1416 4336 aegritudinem
1465 4261 1612 4333 parit
1643 4269 1698 4314 et
1729 4260 2003 4314 dolorem.
2035 4256 2092 4310 Si
2133 4255 2252 4310 fora
2289 4270 2378 4310 sev

799 4365 990 4425 claris,
1025 4355 1432 4415 sollicitudines
1461 4353 1731 4406 malorum
1761 4350 2026 4417 ingruunt
2069 4365 2083 4400 :
2120 4345 2167 4402 si
2195 4346 2380 4415 priva-

801 4465 912 4508 tam
927 4454 1118 4513 vitam,
1138 4448 1253 4502 hac
1271 4443 1509 4500 invalida
1534 4451 1640 4498 est.
1663 4442 1945 4508 Angustus
1965 4437 2377 4508 probrosusque

799 4556 882 4603 est
937 4545 1150 4598 alienus
1208 4539 1408 4594 cibus:
1443 4535 1598 4590 labor
1655 4531 2046 4603 agricolatio:
2100 4536 2375 4598 quotquot

803 4640 1023 4695 sulcant
1074 4633 1276 4693 maria,
1307 4631 1362 4684 in
1398 4641 1590 4681 orcum
1624 4631 1879 4692 vergunt.
1941 4621 2125 4676 Patria
2175 4622 2377 4689 cuique

799 4729 1120 4785 barathrum
1153 4737 1313 4780 suum
1335 4727 1421 4775 est
1445 4725 1663 4772 :extera
1691 4715 1870 4777 tellus,
1899 4713 2180 4782 probrum.
2214 4694 2374 4777 Qua:-

800 4834 1020 4889 cunque
1051 4818 1142 4871 hic
1191 4815 1347 4877 lium,
1404 4811 1662 4864 universa
1699 4805 1875 4868 labor,
1909 4803 2097 4858 omnia
2137 4805 2295 4858 lusus
2323 4812 2378 4856 et

801 4914 1010 4976 illusio,
1044 4911 1246 4978 lanugo
1276 4905 1431 4959 auris
1484 4901 1713 4971 agitata,
1748 4895 2220 4966 umbra,species,
2262 4909 2376 4958 ros,

799 5014 1020 5067 ventus,
1069 5014 1271 5072 penna,
1335 5009 1527 5066 vapor,
1555 4992 1814 5061 fulgetra,
1859 4989 2163 5052 somnium,
2198 4985 2378 5041 ﬂuxus

801 5095 1092 5156 torrentis,
1150 5088 1436 5160 vestigium
1482 5085 1666 5146 navis,
1727 5082 1894 5145 cinis,
1960 5088 2080 5133 rota
2135 5077 2378 5131 volutata

802 5190 981 5244 instar
1011 5181 1386 5254 cylindrorum
1407 5186 1562 5231 stans
1587 5187 1948 5241 currensque,
1973 5170 2149 5224 soluta
2171 5179 2225 5223 et
2251 5169 2377 5232 lixa,

801 5275 1242 5346 tempestatibus,
1285 5271 1503 5335 diebus,
1549 5266 1829 5331 noctibus,
1854 5264 2137 5326 aerumnis,
2168 5259 2371 5315 funeri-

805 5375 932 5432 bus,
967 5364 1275 5428 mosstitiis,
1330 5361 1567 5432 gaudiis,
1601 5359 1829 5422 morbis,
1857 5355 2104 5419 casibus,
2141 5350 2419 5428 ἰηίοινιιι-ί

804 5465 937 5520 niis.
991 5457 1264 5513 Humanis
1297 5456 1461 5509 rebus
1498 5454 1635 5507 nihil
1661 5449 1994 5506 imbecillius
2028 5464 2041 5499 :
2080 5447 2180 5498 hoc
2209 5459 2378 5497 unum

807 5555 1013 5608 bonum
1072 5545 1385 5602 hominibus
1442 5543 1658 5596 firmum
1699 5548 1804 5605 est,
1842 5547 1902 5592 ut
1929 5549 2124 5604 nempe
2155 5548 2378 5587 crucem

805 5647 1084 5715 gestantes
1113 5637 1239 5692 inde
1264 5635 1544 5697 secedant,
1568 5631 1808 5704 gemitus
1848 5628 2094 5689 trahant,
2141 5633 2377 5679 mentem

807 5734 1012 5790 divinis
1060 5730 1210 5784 curis
1236 5735 1289 5782 et
1315 5725 1530 5781 ﬁduciis
1560 5726 1733 5784 alant,
1771 5730 1828 5775 nt
1860 5719 2087 5774 caeleste
2119 5717 2234 5781 illa,
2259 5731 2379 5785 qum.

811 5824 968 5896 puris
1000 5819 1353 5884 admiscetur,
1377 5814 1644 5870 Trinitate
1681 5811 2002 5866 irradietur.

2564 1712 2829 1776 Τέθνηκα
2859 1708 3012 1774 τῷδε
3068 1707 3150 1773 τῷ
3173 1707 3523 1776 ταλαιπώρῳ
3551 1707 3692 1777 βίῳ,

2561 1783 2668 1846 Ὃς
2695 1778 2932 1850 φέρεται
2953 1779 3077 1850 ἀνω
3112 1779 3211 1850 καί
3235 1779 3394 1833 κάτω
3416 1781 3683 1850 Εὐρίπου
3704 1779 3802 1833 διί
3813 1798 3908 1847 qv,

2554 1851 2807 1905 Βέϐαιον
2827 1849 3031 1914 οὐδὲν,
3057 1849 3203 1903 οὐδὲ
3219 1850 3312 1918 ἐφ’
3329 1849 3561 1917 ἡμέραν
3582 1851 3802 1918 φέρων.

2555 1961 2810 2025 Τοιοῦτος
2843 1961 2874 2014 ό
2906 1960 3019 2031 βίος
3054 1960 3233 2031 ἡμῶν,
3281 1960 3536 2029 ἀδελφοί·
3577 1961 3821 2014 τοιοῦτον
3873 1960 3934 2015 τὸ
3983 1963 4077 2014 ἐπὶ

2482 2053 2592 2126 γῆς
2632 2053 2907 2122 παίγνιον,
2955 2053 3056 2106 οὐκ
3091 2051 3223 2104 ὄντα
3269 2051 3544 2119 γενέσθαι,
3599 2053 3694 2104 καὶ
3743 2053 4076 2123 γενομένους

2485 2143 2840 2214 ἀναλυθῆναι.
2878 2143 3053 2214 Ὄναρ
3102 2143 3270 2213 ἐσμὲν
3303 2143 3402 2213 οὐχ
3447 2143 3762 2214 ἱστάμενον,
3795 2145 3990 2214 φάσμα
4023 2163 4075 2197 τι

2487 2237 2563 2308 μὴ
2589 2234 2980 2307 κρατούμενον,
3013 2235 3213 2305 πτῆσις
3239 2235 3429 2306 ὀρνέου
3478 2237 3913 2308 παρερχομένου,
3934 2238 4074 2300 ναῦς

2483 2329 2576 2382 ἐπὶ
2593 2328 2867 2397 θαλάσσης
2898 2328 3042 2398 ἴχνος
3073 2328 3176 2380 οὐκ
3202 2326 3419 2397 ἔχουσα·
3447 2329 3617 2392 κόνις,
3648 2329 3840 2398 ἀτμὶς,
3868 2328 4074 2400 ἑωθινὴ

2481 2419 2695 2491 δρόσος,
2724 2419 2885 2482 ἄνθος
2915 2417 3095 2490 καιρῷ
3122 2417 3414 2490 φυόμενον,
3444 2421 3539 2473 καὶ
3567 2421 3744 2492 καιρῷ
3770 2420 4036 2492 λυόμενον
4056 2441 4069 2453 ·

2491 2533 2509 2566 ι
2539 2511 2878 2584 Ἀνθρωπος,
2897 2512 3027 2564 ὡσεὶ
3065 2512 3256 2583 χόρτος
3287 2513 3344 2566 αἱ
3369 2514 3574 2584 ἡμέραι
3602 2515 3788 2579 αὐτοῦ,
3810 2516 3939 2570 ὡσεὶ
3978 2517 4073 2573 ἇν-

2484 2605 2576 2667 θος
2628 2604 2723 2659 τοῦ
2767 2604 2960 2676 ἀγροῦ,
3011 2605 3184 2669 οὔτως
3229 2606 3535 2678 ὲξανθήσει.
3563 2626 3582 2658 ι
3611 2608 3809 2672 Καλῶς
3855 2612 3883 2663 ὁ
3924 2610 4071 2677 θεῖος

2484 2694 2649 2747 Δαϐὶδ
2695 2695 2826 2766 περὶ
2871 2694 3158 2758 ἀσθενείας
3187 2696 3348 2766 ἡμῶν
3396 2697 3814 2766 ἐφιλοσόφησεν,
3863 2701 3959 2754 καὶ
4017 2704 4074 2753 ὲν

2489 2784 2720 2847 ἐκείνοις
2772 2787 2886 2847 τοῖς
2917 2786 3161 2856 ῥήμασι·
3195 2805 3214 2836 ι
3243 2785 3356 2856 Τὴν
3375 2785 3667 2857 ὀλιγότητα
3700 2789 3812 2840 τῶν
3850 2791 4075 2859 ἡμερῶν

2488 2893 2588 2946 μου
2619 2875 2942 2944 ἀνάγγιιλόν
2971 2892 3082 2945 μοι·
3118 2893 3136 2924 ι
3172 2877 3268 2929 καὶ
3297 2874 3612 2931 παλαιστῶν
3645 2878 3951 2948 μέτρον-τάς
3977 2882 4071 2934 άν-

2485 2967 2765 3038 θρωπίνας
2799 2966 3010 3039 ἡμέρας
3034 2967 3299 3039 ὁρίζεται.

2554 3230 2751 3282 Πολλαὶ
2781 3231 2880 3298 μὲν
2907 3231 3001 3283 τοῦ
3033 3231 3150 3299 βίου
3177 3232 3272 3285 τοῦ
3300 3231 3645 3296 πολιν-καθώς
3677 3234 3735 3286 αἱ
3765 3233 3906 3287 ὁδοίο
3938 3235 4070 3300 Uir,

2480 3317 2538 3370 δὲ
2593 3318 2841 3382 ἀλλοίαις
2892 3319 3118 3388 βλάϐαις
3166 3323 3565 3391 συμμίσγεται·
3619 3325 3649 3375 ὁ
3694 3323 3926 3387 πλοῦτος
3974 3328 4069 3396 μὲν

2479 3410 2743 3471 ἀπιστοςο
2775 3412 2807 3479 ἠ
2838 3410 2893 3463 δὲ
2920 3411 3064 3482 ἀρχὴ
3095 3413 3190 3465 καὶ
3216 3413 3555 3482 εὐδαιμονία,
3584 3414 3814 3484 ὀνείρων
3855 3417 4067 3488 ὑπερη-

2481 3501 2646 3569 φανία
2666 3518 2682 3534 ο
2714 3503 2809 3555 καὶ⁵
2839 3503 2900 3556 τὸ
2929 3504 3199 3573 ἄρχεσθαι
3234 3506 3453 3574 μόχθος,
3483 3509 3516 3577 ή
3558 3508 3718 3560 πενία
3748 3507 3805 3560 δὲ
3835 3509 4063 3578 δεσμός·

2479 3595 2754 3664 εὐμορφία
2779 3594 2835 3648 δὲ
2856 3595 3244 3663 ὲπιλάμπουσα
3266 3599 3361 3649 καὶ
3387 3597 3863 3668 ἐξαστράπτουσα,
3896 3605 4065 3672 μικρὰ

2479 3686 2641 3756 χάρις
2663 3701 2678 3715 ο
2712 3688 2745 3756 ή
2775 3689 2966 3756 νεότης
2998 3688 3055 3741 δὲ
3088 3689 3361 3760 θερμότης
3402 3691 3595 3759 χρόνον
3628 3706 3642 3719 ⁶
3673 3691 3736 3744 τὸ
3776 3693 3956 3763 γῆρας
3979 3694 4064 3746 lu-

2480 3778 2655 3849 πηρὸν
2697 3780 2849 3841 τέλος
2879 3781 2974 3832 τοῦ
3008 3780 3122 3849 βίου
3147 3797 3162 3813 ο
3199 3783 3232 3851 ἡ
3265 3781 3392 3846 δόξα
3419 3783 3491 3845 ὼς
3522 3783 3662 3852 άήρο
3689 3785 3723 3851 ἠ
3753 3785 3911 3854 ίσχὺς
3940 3786 4066 3838 ὡσεὶ

2479 3869 2672 3939 χόρτος
2697 3868 2792 3922 τοῦ
2817 3872 2874 3922 ἐν
2903 3870 3060 3941 ἀγρῷ
3088 3872 3314 3940 ἀχὺρόν.
3369 3874 3637 3936 Ἀτακτος
3671 3876 3704 3942 ἠ
3734 3875 4061 3946 πλησμονή·

2477 3961 2654 4029 δεσμά
2693 3961 2723 4012 ό
2758 3963 2933 4032 γάμος
2953 3980 2968 3994 σ
2997 3964 3251 4017 εὑπαιδία
3295 3963 3525 4029 τέκνων,
3556 3966 3803 4036 μέριμνα
3827 3967 4063 4034 άναγκα·

2480 4055 2641 4124 στική
2661 4070 2674 4084 ο
2712 4056 2746 4124 ἡ
2770 4056 3121 4118 κακοτεχνία,
3145 4056 3298 4119 νόσος
3329 4057 3422 4109 καὶ
3438 4055 3600 4126 ὀδύνη
3621 4071 3632 4084 ·
3665 4059 3721 4109 αἱ
3749 4058 3809 4110 δὲ
3841 4059 4059 4129 ἀγοραὶ,

2476 4145 2578 4215 τῆς
2638 4148 2840 4210 κακίας
2896 4148 3205 4218 φροντίδεςο
3265 4150 3299 4218 ἠ
3354 4149 3586 4218 μόνωσις
3641 4150 3718 4212 δὲ,
3769 4150 4059 4205 ἀσθένεια.

2478 4238 2647 4308 Στενὴ
2673 4239 2768 4291 καὶ
2802 4240 3166 4303 ἐπονείδιστος
3192 4242 3224 4309 ἡ
3257 4241 3513 4310 ἀλλοτρία
3540 4243 3716 4313 τροφή
3736 4259 3750 4271 ο
3780 4242 3843 4294 τό
3871 4243 3931 4296 δὲ
3967 4245 4062 4312 τὴν

2477 4328 2584 4398 γῆν
2607 4331 2868 4400 ἀροτριᾷν
2891 4332 3059 4394 κόπος
3078 4348 3094 4364 ο
3123 4332 3233 4384 τῶν
3276 4331 3715 4397 θαλασσοπλόων,
3747 4333 3825 4395 ὡς
3874 4336 3971 4387 ἐπὶ
4006 4335 4063 4386 τό

2480 4423 2642 4475 πλέον
2690 4425 2750 4475 ὲν
2795 4423 2873 4493 τῷ
2904 4423 3036 4494 ᾇδῃο
3068 4425 3102 4494 ἡ
3143 4426 3342 4494 πατρὶς
3389 4425 3465 4486 δὲ,
3510 4425 3788 4496 βάραθρον
3836 4427 4058 4496 ἴδιον-ὴ

2482 4511 2736 4578 ξενιτεία,
2776 4514 2998 4578 ὄνειδος.
3033 4517 3217 4570 Πάντα
3272 4516 3469 4586 μόχθος
3495 4520 3609 4580 τοῖς
3653 4518 3970 4587 ἀνθρώποις
3998 4522 4062 4572 τὰ

2479 4605 2734 4671 ἐνταῦθα,
2815 4609 2992 4660 πάντα
3069 4609 3407 4678 ἐμπαιγμδς,
3470 4609 3822 4680 ριπιζὸμενος
3883 4611 4060 4679 χνοῦς,

2480 4698 2626 4758 σκιὰ,
2659 4700 2752 4751 καὶ
2785 4699 3088 4766 φαντασία⁹
3115 4700 3325 4771 δρόσος,
3363 4701 3582 4769 ἄνεμος,
3623 4702 3843 4770 πτερόν,
3878 4704 4057 4771 ἀτμὶς,

2481 4792 2738 4861 σπινθὴρ,
2790 4792 3062 4854 ἐνύπνιον,
3098 4791 3249 4861 χύμα
3301 4791 3594 4862 ῥεύματος,
3652 4792 3842 4846 πλοίου
3898 4794 4058 4863 ῖγνος,

2476 4883 2673 4954 τέφραν
2709 4884 2897 4954 τροχὸς
2922 4883 3008 4935 ἀεὶ
3031 4885 3416 4954 στρεφόμενος.
3449 4886 3611 4952 ὅμοια
3662 4887 3844 4938 πάντα
3877 4888 4056 4938 κυλίν-

2477 4973 2646 5042 δροις,
2689 4974 2858 5035 ἑστώς
2906 4992 2962 5026 τε
3014 4975 3105 5026 καὶ
3152 4975 3382 5044 τρέχων,
3429 4975 3710 5043 λυόμενος,
3771 4977 4035 5044 πεπηγὼς

2479 5064 2668 5135 ὥραις,
2727 5063 2986 5134 ἡμέραις,
3044 5063 3180 5128 νυξὶ,
3236 5064 3478 5132 μόχθοις,
3516 5064 3790 5126 θανάτοις,
3841 5065 4056 5121 ὶὺτασῖ,

2479 5157 2757 5224 τέρψεσιν,
2793 5155 3150 5225 ἀρρωστίαις,
3188 5157 3449 5218 πτώσεσι,
3481 5157 3916 5228 κακοπραγίαις.
3944 5157 4059 5211 Τὸρν

2479 5249 2834 5317 ἀνθρωπίνων
2859 5248 2916 5301 δὲ
2946 5248 3097 5300 οὐδέν
3139 5251 3285 5301 ἐστιν
3327 5249 3755 5320 άδρανέστερόν·
3795 5250 3854 5302 ἓν
3904 5253 4058 5320 μόνον

2479 5343 2574 5394 καὶ
2625 5341 2842 5410 βέϐαιόν
2890 5343 3035 5393 ἐστιν
3085 5343 3197 5403 τοῖς
3243 5342 3550 5411 ἀνθρώποις
3595 5342 3779 5402 καλὴν,
3811 5342 4056 5396 ἐντεῦθεν

2479 5435 2785 5502 ἀναχωρεῖν
2814 5433 2904 5485 τὸν
2934 5433 3162 5503 σταυρὸν
3195 5432 3582 5502 βαστάζοντας,
3615 5435 3826 5504 δάκρυά
3866 5451 3926 5487 τε
3972 5435 4055 5486 2:1

2482 5529 2820 5596 στεναγμοὺς
2855 5528 2945 5578 καὶ
2974 5527 3097 5578 νοῦν
3125 5527 3296 5589 θείαις
3328 5527 3574 5596 φροντίσι
3611 5528 3703 5579 καὶ
3735 5528 3940 5588 ἐλπίσι,
3971 5527 4054 5578 καὶ

2479 5623 2546 5691 τῇ
2593 5621 2784 5691 Τριάδι
2828 5622 3370 5691 λελαμττρυσμένονς,
3411 5626 3474 5690 τῇ
3512 5626 3843 5691 ἐπουρανίῳ,
3879 5625 3941 5691 τῇ
3974 5640 4052 5688 μ’·

2480 5715 2724 5784 γνυμένῃ
2746 5717 2853 5778 τοῖς
2879 5714 3157 5785 καθαροῖς.
