4218 6446
178 415 316 479 119.3

1518 421 1756 482 SACRA
1795 422 1883 480 ΡΑ
1894 423 1986 481 RA
2000 424 2229 484 LLELA

3302 439 3440 503 “‘26

245 536 406 604 υῖμοι
454 533 643 586 τούτου
698 532 791 586 τοῦ
826 531 944 602 βίου
994 529 1219 600 βλάϐαις
1269 531 1741 602 ἐπιμηκεστέρου⁴

1932 532 2122 602 Ejusd.
2148 551 2293 587 carm
2325 535 2389 588 dc
2417 544 2523 591 ext.
2553 537 2698 592 hom.
2731 540 2961 596 vilitate.
2994 572 3044 584 —
3098 543 3242 599 Proh
3269 549 3437 603 vitam

171 632 278 692 ἕως
312 630 453 691 τίνος
478 629 669 698 κόπρῳ
697 624 1177 698 παρακαθέζομαις

241 813 340 877 Τίς
375 813 517 881 βίος;
545 812 674 864 ποία
694 809 836 879 ζωῆς
872 809 935 861 ἐκ
969 807 1137 877 τάφου
1169 809 1439 880 πηδήσας,
1475 806 1567 858 ἐπὶ
1592 806 1759 873 τάφον

172 908 337 963 πάλιν
384 905 584 959 ὁδεύων
606 919 619 934 ·
650 906 713 957 ἐκ
741 903 799 955 δὲ
832 900 926 954 τοῦ
994 902 1166 969 τάφου
1204 902 1367 956 πάλιν
1412 902 1471 954 ἐν
1501 900 1633 971 πυρὶ
1664 900 1752 953 θά-

171 1016 382 1070 πτομαι
409 996 720 1064 ἀποτόμως.
749 992 891 1046 Αὐτὸ
911 993 968 1046 δὲ
1012 993 1171 1045 τοῦτο
1197 992 1320 1045 ὅσον
1347 990 1620 1052 ἀναπνέω,
1661 1006 1757 1042 πο-

169 1090 348 1164 ταμοῦ
379 1092 494 1144 ἔστι
525 1088 653 1159 ῥοῦς
680 1087 985 1157 τρέχοντος,
1019 1085 1104 1137 ἀεὶ
1127 1083 1506 1153 ἀπερχομένου
1542 1081 1638 1135 καὶ
1673 1085 1755 1149 έρ-

166 1186 403 1257 χομένου
424 1184 488 1235 ὲκ
508 1180 619 1234 τῶν
641 1178 844 1242 ὀπίσω,
877 1176 1040 1229 πάλιν
1065 1174 1281 1245 βέϐαιον
1305 1174 1468 1245 μηδὲν
1490 1173 1701 1243 ἔχοντος
1721 1172 1753 1242 ἢ

166 1272 609 1347 φέροντος’·ὃσον
646 1271 794 1331 κόνις
834 1266 1129 1336 ὀφθαλμοῖς
1163 1266 1576 1328 ὲπιπάσσουσα,
1606 1264 1756 1325 ὅπως

167 1366 238 1419 ἂν
298 1364 393 1419 τοῦ
445 1362 582 1417 Θεοῦ
630 1361 821 1431 πόρρω
876 1359 1049 1412 πέσω.
1078 1358 1340 1427 Παίγνιόν
1401 1357 1552 1409 ἐστιν
1596 1358 1625 1409 ὁ
1659 1356 1754 1410 ἄν·

166 1455 417 1525 θρωπος.

254 1542 540 1612 Ἀλλήλους
573 1539 670 1610 μὲν
700 1537 797 1591 καὶ
822 1536 955 1606 ἐγὼ,
985 1537 1081 1590 καὶ
1112 1536 1141 1589 ό
1186 1534 1398 1606 χρόνος,
1429 1534 1504 1599 ὼς
1538 1534 1689 1605 ὄρνις
1715 1535 1748 1606 ἢ

166 1637 247 1698 ὼς
284 1634 444 1688 πλοῖα
504 1634 564 1686 ὲν
615 1630 843 1698 πελάγει
908 1628 1476 1700 ἀντιπαρατρέχομεν,
1531 1627 1750 1698 βέϐαιον

164 1727 321 1781 οὐδὲν
374 1725 607 1796 ἔχοντες.
663 1725 844 1793 Ὅπερ
883 1721 944 1775 δὲ
982 1721 1255 1793 ἥμαρτον,
1289 1719 1349 1773 ού
1393 1718 1748 1789 παρατρέχει,

161 1824 306 1878 ἀλλὰ
333 1819 641 1894 παραμένει
663 1819 733 1889 τῇ
763 1816 902 1888 ζωῇ.

247 1994 309 2046 '0
341 1992 618 2063 περίγειος
665 1990 842 2063 χῶρος
873 1990 985 2045 τῶν
1010 1988 1364 2061 τρεπομένων
1392 1986 1487 2040 καὶ
1508 1986 1746 2043 άλλοιου·

165 2085 352 2156 μένων
388 2084 556 2138 ἐστίν.
1102 2131 1107 2137 .

250 2178 385 2244 Ἀεὶ,
414 2177 648 2248 μάλιστα
673 2176 731 2231 δὲ
757 2176 852 2230 νῦν
882 2174 1141 2245 εὔκαιρον
1154 2176 1350 2230 εἰπεῖν*
1379 2194 1398 2229 ι
1432 2174 1744 2245 Ματαιότης

167 2269 568 2338 ματαιοτήτων,
600 2268 671 2321 τὰ
697 2268 878 2321 πάντα
907 2264 1223 2336 ματαιότης.
1260 2283 1278 2315 ι
1315 2264 1427 2319 Ποῦ
1454 2266 1487 2335 ἡ
1517 2264 1747 2336 λαμπρὰ

161 2360 263 2427 τῆς
317 2358 577 2421 ὑπατείας
622 2356 925 2429 περιϐολή;
978 2356 1083 2409 ποῦ
1129 2356 1184 2410 δὲ
1229 2357 1288 2410 αἱ
1331 2355 1556 2425 φαιδραὶ
1601 2356 1744 2425 λαμ-

162 2448 364 2515 πάδες;
389 2448 491 2502 ποῖ,
515 2453 569 2501 ὁε
591 2449 642 2502 oi
677 2449 879 2517 κρότοι,
912 2448 1007 2501 καὶ
1034 2448 1085 2501 oi
1110 2448 1283 2519 χοροὶ,
1310 2448 1402 2500 καὶ
1431 2447 1487 2499 αἱ
1515 2446 1740 2508 θαλεῖαι.

162 2537 263 2589 καὶ
286 2537 342 2588 αἱ
370 2535 740 2607 πανηγύρεις;
765 2535 869 2588 ποῦ
910 2535 966 2588 δὲ
1012 2537 1062 2588 οἱ
1108 2536 1383 2602 στέφανοι,
1419 2535 1511 2587 καὶ
1545 2535 1612 2588 τά
1639 2551 1743 2589 πα-

165 2628 570 2697 ραπετάσματα
595 2644 610 2693 ;
647 2627 749 2679 ποῦ
781 2626 837 2679 δὲ
867 2628 967 2697 τῆς
995 2626 1203 2688 πόλεως
1230 2627 1259 2678 ὁ
1288 2624 1536 2696 θόρυϐος,
1565 2626 1658 2679 καὶ
1684 2627 1742 2679 αί

162 2723 223 2773 ἐν
254 2721 643 2789 ἱπποδρομίαις
669 2719 957 2789 εὐφημίαι,
1000 2719 1093 2773 καὶ
1136 2719 1246 2771 τῶν
1297 2717 1544 2789 θεάτρων
1566 2718 1622 2768 αἱ
1654 2734 1745 2769 κο-

162 2812 412 2877 λακείαι;
439 2812 622 2865 Πάντα
649 2813 832 2863 ὲκείνα
866 2810 1075 2880 οἴχεται
1098 2830 1109 2843 ·
1138 2812 1234 2865 καὶ
1274 2810 1477 2879 ἄνεμος
1505 2809 1744 2874 πνεύσας

160 2903 399 2971 ἁθρόως,
432 2903 501 2955 τὰ
536 2904 634 2971 μὲν
658 2902 833 2971 φύλλα
857 2903 1177 2965 κατέϐαλεν,
1209 2901 1418 2971 γυμνὸν
1442 2902 1500 2955 δὲ
1528 2902 1659 2972 ἡμῖν
1681 2902 1743 2955 τὸ

159 2993 382 3063 δένδρον
416 2992 715 3059 ἀπέδειξεν,
753 2993 848 3045 καὶ
889 2992 996 3045 ἀπὸ
1029 2992 1129 3062 τῆς
1177 2992 1333 3063 ῥίζης
1364 2991 1530 3061 αὐτῆς
1559 2992 1743 3045 λοιπὸν

161 3083 545 3152 σαλευόμενον.
561 3082 797 3152 Τοιαύτη
821 3083 890 3150 γά
899 3100 928 3154 ρ
949 3084 982 3154 ἡ
1000 3083 1094 3135 τοῦ
1119 3083 1429 3153 πνεύματος
1448 3082 1741 3155 προσϐολὴ,

1864 622 2007 678 hanc
2038 626 2304 680 malorum
2342 629 2488 684 seric
2541 630 2927 699 prolixiorem!
2964 636 3209 705 quandiu
3237 639 3442 695 sedebo

1862 714 1917 767 in
1942 716 2221 770 stercore?

1921 804 2075 872 Quae,
2108 808 2397 879 qualisque
2425 811 2539 868 haec
2568 814 2678 870 vita
2708 817 2819 872 est?
2843 832 2906 872 ex
2935 820 3147 881 tumulo
3168 822 3439 876 tumulum

1860 911 2079 950 rursum
2133 906 2259 968 peto
2296 920 2309 956 ι
2341 917 2673 975 rursumque
2723 922 2789 961 ex
2852 909 3065 962 tumulo
3102 909 3157 963 in
3189 911 3316 982 igne
3345 926 3437 966 se-

1858 1002 1987 1042 vera
2041 988 2248 1060 judicis
2305 997 2580 1050 sententia
2634 998 2900 1052 tmnulor.
2942 998 3000 1053 Id
3056 1001 3237 1069 ipsum
3288 1002 3437 1072 quod

1858 1078 2030 1147 spiro,
2088 1083 2239 1137 velut
2287 1086 2467 1141 amnis
2500 1087 2888 1157 rapidissimus
2912 1099 2995 1145 est
3021 1091 3115 1161 qui
3145 1107 3270 1146 eum
3312 1108 3439 1148 sur-

1859 1185 1980 1225 sum
2012 1174 2323 1239 exoriatur,
2391 1178 2458 1229 ad
2484 1178 2590 1231 ima
2622 1193 2843 1249 semper
2863 1179 2982 1236 fluit
3009 1182 3141 1252 :qui
3172 1183 3311 1238 nihil
3343 1184 3438 1239 (ir-

1857 1276 2005 1344 mum
2053 1264 2274 1331 habeat,
2305 1282 2406 1321 nec
2431 1267 2606 1323 ferat:
2641 1269 2817 1325 instar
2857 1282 2943 1329 est
2970 1274 3269 1342 pulvisculi
3337 1277 3436 1346 qui

1856 1351 1909 1403 in
1938 1337 2134 1408 oculos
2166 1370 2317 1411 meos
2349 1359 2644 1429 spargitur,
2670 1368 2728 1414 ut
2760 1364 3001 1432 procula
3032 1362 3144 1420 Deo
3167 1367 3435 1424 excidam.

1854 1441 2206 1510 Ludibrium,
2236 1449 2399 1503 homo
2436 1461 2544 1506 est.

1924 1531 2116 1602 Ejurd.
2142 1553 2310 1591 carm.
2340 1540 2396 1602 2,
2430 1539 2504 1594 De
2527 1542 2668 1596 liam.
2714 1555 2826 1600 nat.
2852 1547 3080 1618 frngilit.
3103 1578 3173 1590 -—
3195 1549 3438 1621 Tempus

1853 1636 1977 1692 ego,
2034 1639 2119 1678 me
2150 1635 2369 1695 tempus
2426 1631 2671 1685 vicissim
2727 1636 2995 1701 praeterit,
3031 1652 3135 1692 ceu
3168 1639 3434 1701 volucris.

1854 1728 1953 1768 ceu
1988 1714 2144 1771 navis
2176 1717 2248 1771 im
2286 1719 2444 1782 mari,
2482 1731 2541 1773 ut
2581 1721 2720 1777 nihil
2758 1733 2912 1780 stans
2944 1725 3221 1797 fixumque
3249 1738 3436 1784 tenea-

1867 1820 2009 1861 mus.
2041 1806 2194 1870 Quod
2218 1816 2399 1862 autem
2427 1810 2623 1866 admisi
2675 1815 2977 1881 peccando,
3010 1817 3115 1873 hoc
3154 1816 3433 1889 nunquam

1860 1897 2125 1965 praeterit,
2160 1897 2277 1961 sed,
2312 1898 2440 1953 dum
2472 1900 2585 1954 vita
2610 1906 2867 1975 suppetit,
2889 1916 3094 1962 manet.

1935 1987 2088 2057 (ἔτερ.
2143 1987 2309 2058 Nysa.
2342 1988 2676 2046 —Terrena
2729 1996 2880 2066 regio
2936 2011 3129 2051 eorum
3168 2007 3254 2055 est
3312 2017 3435 2072 quae

1847 2078 2135 2156 mutationi
2169 2088 2221 2133 et
2250 2082 2602 2136 conversioni
2633 2082 2899 2140 obnoxia.

1917 2166 2193 2239 Chrysost.
2226 2172 2368 2227 hom.
2399 2173 2521 2228 adv.
2561 2174 2860 2245 Eutrop.—
2885 2177 3023 2233 Cum
3055 2196 3289 2251 semper,
3319 2193 3432 2237 tum

1847 2276 1989 2316 num:
2017 2264 2324 2331 praesertim
2372 2268 2759 2337 tempestivum
2788 2278 2873 2325 est
2894 2270 3078 2327 dicere
3111 2287 3125 2324 :
3160 2291 3178 2324 ι
3206 2272 3433 2330 Vauitas

1843 2350 2145 2404 vanitatutn
2177 2359 2232 2404 et
2249 2353 2430 2407 omnia
2454 2355 2672 2411 vanitas
2697 2355 2877 2424 (Eccle
2896 2397 2910 2411 .
2942 2375 2982 2424 ι,
3007 2359 3132 2429 2).»
3164 2359 3265 2417 Ubi
3296 2377 3434 2432 pra!-

1842 2439 1991 2494 clara
2053 2442 2375 2500 consulatus
2430 2445 2767 2517 amplitudo?
2818 2448 2906 2503 ubi
2959 2450 3066 2504 lata
3118 2450 3430 2522 lampadum

1843 2531 2231 2588 collustratio?
2260 2533 2352 2589 ubi
2393 2536 2662 2606 plausus?
2699 2538 2789 2593 ubi
2850 2540 3047 2595 ebori?
3104 2542 3198 2597 ubi
3250 2542 3428 2599 festivi

1843 2622 2193 2695 celebresque
2256 2629 2600 2683 conventus?
2629 2630 2721 2685 ubi
2784 2645 3002 2687 coronae
3025 2642 3079 2689 et
3101 2634 3313 2690 aulaaa?
3345 2637 3427 2691 ci-

1843 2712 2031 2769 vitatis
2060 2715 2358 2783 tumultus,
2389 2725 2443 2773 et
2469 2719 2763 2789 populares
2800 2722 2854 2776 in
2878 2738 3146 2793 equorum
3171 2728 3426 2784 cursibus

1843 2806 2303 2863 acclamationes?
2333 2808 2424 2864 ubi
2458 2810 2741 2867 theatrica:
2801 2814 3189 2873 adulationes?
3221 2828 3425 2875 cuncta

1843 2895 1959 2950 haec
2007 2894 2409 2953 abscesserunt
2441 2914 2455 2950 :
2493 2914 2559 2955 ac
2618 2905 2941 2972 repentinus
2963 2909 3298 2975 ventiflatus,
3328 2927 3426 2968 ex-

1842 2988 2023 3043 cussis
2055 2988 2198 3045 foliis
2232 2991 2433 3044 nudam
2474 2993 2639 3048 nobis
2675 2995 2930 3051 arborem
2964 3001 3227 3065 ostendit,
3262 3009 3316 3056 et
3354 3007 3424 3058 ad

1846 3077 1998 3149 ipsos
2050 3096 2223 3149 usque
2280 3082 2497 3138 radices
2527 3094 2875 3153 quassatam.
2929 3087 3106 3144 Tanto
3142 3092 3287 3145 enim
3318 3093 3423 3147 im-

160 3175 238 3239 ὡς
281 3176 375 3228 καὶ
412 3175 709 3246 πρόρριζον
740 3175 983 3227 ἀπειλεῖν
1028 3176 1299 3244 ἁνασπᾷν,
1334 3175 1427 3227 καὶ
1452 3174 1592 3227 αὐτὰ
1623 3173 1739 3227 δια-

1842 3177 1968 3239 petu
2032 3179 2229 3226 ventus
2264 3172 2532 3240 incubuit,
2567 3184 2625 3229 ut
2656 3190 2775 3231 eam
2805 3192 2940 3247 pene
2969 3181 3231 3237 radicitus
3265 3185 3421 3238 evul-

162 3264 427 3317 σαλεῦσαι
452 3264 546 3317 τοῦ
571 3264 787 3332 δένδρου
818 3262 885 3315 τὰ
910 3262 1097 3330 νεῦρα.
1122 3263 1233 3313 Ποῦ
1262 3263 1354 3312 νῦν
1384 3264 1432 3313 οἰ
1461 3263 1738 3332 πεπλανη-

1842 3261 1992 3323 serit,
2025 3263 2287 3331 ipsasque
2337 3262 2502 3317 ﬁbras

163 3356 321 3424 μένοι
359 3353 535 3421 φίλοι;
562 3350 663 3404 ποῦ
702 3352 760 3404 δὲ
804 3351 874 3403 τὰ
931 3352 1251 3420 προσωπεῖα
1302 3350 1411 3403 τῶν
1451 3350 1735 3414 κολάκων;

160 3444 267 3497 ποῦ
304 3442 370 3496 τὰ
411 3444 686 3510 συμπόσια
729 3442 821 3494 καὶ
856 3441 922 3495 τὰ
962 3441 1169 3507 δεῖπνα,
1209 3442 1301 3494 καὶ
1344 3444 1371 3493 ό
1408 3441 1516 3494 τῶν
1559 3458 1739 3511 παρα-

159 3539 327 3589 σίτων
362 3536 550 3604 ἐσμὸς,
586 3535 682 3587 καὶ
712 3536 777 3585 δι’
805 3532 934 3602 ὅλης
963 3534 1175 3603 ἡμέρας
1214 3533 1537 3602 ἐκχεόμενος
1564 3533 1738 3601 ἄκρα-

156 3643 275 3688 τος,
316 3625 411 3677 καὶ
451 3626 507 3677 αἱ
546 3624 785 3676 ποικίλαι
829 3625 937 3675 τῶν
983 3622 1261 3692 μαγείρων
1308 3624 1513 3691 τέχναι,
1557 3623 1650 3674 καὶ
1687 3623 1737 3674 οί

155 3720 260 3787 τῆς
315 3715 629 3776 δυναστείας
681 3712 1045 3783 θεραπευταί;
1076 3717 1126 3765 οί
1162 3714 1342 3765 πάντα
1392 3714 1529 3783 πρὸς
1579 3712 1737 3782 χάριν

157 3806 443 3869 ποιοῦντες
478 3806 572 3858 καὶ
600 3805 887 3872 λέγοντες;
920 3804 1037 3871 Νὺξ
1073 3801 1142 3875 ἧν
1188 3806 1367 3861 πάντα
1413 3807 1595 3857 ἐκεῖνα
1644 3806 1738 3857 καὶ

155 3900 312 3967 ὄναρ,
373 3897 467 3950 καὶ
528 3895 742 3969 ἡμέρας
795 3896 1095 3966 γενομένης
1144 3895 1438 3965 ἠφανίσθη.
1471 3895 1637 3965 Ἂνθη
1670 3892 1736 3965 ἦν

155 3988 376 4058 ἐαρινὰ,
448 3987 542 4038 καὶ
588 3986 957 4057 παρελθόντος
996 3985 1089 4037 τοῦ
1139 3984 1299 4053 ἔαρος
1346 3985 1561 4037 ἅπαντα
1608 4002 1737 4038 κατ-

154 4098 181 4132 ε
191 4078 447 4152 μαράνθη
472 4096 483 4108 ·
505 4079 634 4131 σκιὰ
653 4074 741 4148 ἦν,
773 4078 867 4130 καὶ
894 4076 1263 4147 παρέδραμενο
1294 4078 1500 4139 καπνὸς
1525 4073 1613 4147 ἦν,
1643 4080 1736 4131 καὶ

152 4170 375 4238 διελύθη
392 4188 405 4201 θ
436 4169 784 4238 πομφόλυγες
806 4162 966 4237 ἦσαν,
995 4168 1087 4220 καὶ
1104 4166 1472 4238 διερράγησαν
1492 4184 1504 4197 ⁸
1524 4169 1733 4240 ἀράχνη

150 4256 243 4331 ἦν,
270 4261 368 4313 καὶ
395 4257 717 4327 διεσπάσθη.
748 4257 838 4309 Διὸ
856 4257 1017 4309 πάλιν
1050 4256 1148 4326 τὴν
1168 4257 1544 4327 πνευματικὴν
1566 4259 1738 4311 ταῦτα
1768 4308 1769 4311 η

155 4350 373 4420 ἐπῳδὴν
412 4351 728 4418 ἐπάγωμεν,
767 4349 1006 4418 συνεχῶς
1048 4348 1327 4416 λέγοντεςο
1373 4368 1391 4400 ί
1426 4349 1737 4420 Ματαιότης

157 4442 558 4515 ματαιοτήτων,
584 4442 653 4495 τά
684 4440 861 4495 πάντα
897 4441 1213 4511 ματαιότης.
1247 4461 1266 4494 ι
1292 4441 1508 4512 Ταύτην
1528 4445 1627 4514 τὴν
1650 4445 1739 4513 ῥῆ-

2576 3266 2692 3334 jam
2751 3268 3116 3325 labefactarit.
3145 3271 3248 3328 Ubi
3276 3291 3423 3331 nunc

1843 3356 1972 3404 sunt
1992 3350 2072 3402 illi
2098 3350 2264 3404 fucati
2286 3353 2445 3405 amici
2466 3353 2488 3405 ?
2510 3354 2599 3407 ubi
2613 3355 2774 3425 322
2792 3368 3194 3416 assentatorum
3223 3364 3270 3418 la
3281 3368 3422 3421 rvat?

1843 3437 1936 3491 ubi
2008 3452 2181 3493 coenae
2214 3450 2269 3494 et
2324 3442 2598 3506 convivia,
2658 3461 2725 3500 ac
2788 3451 3154 3516 parasitorum
3185 3458 3421 3525 greges?

1844 3528 1938 3583 ubi
1978 3530 2169 3585 vinum
2201 3547 2297 3600 per
2326 3541 2503 3586 totum
2540 3536 2685 3590 diem
2720 3540 3096 3597 exhaustum?
3132 3546 3223 3599 ubi
3267 3549 3417 3602 varia

1843 3635 2111 3677 cocorum
2174 3624 2480 3681 lenocinia?
2512 3629 2605 3684 ubi
2647 3635 2939 3699 potestatis
3000 3636 3263 3703 cultores,
3293 3641 3419 3709 qui-

1842 3726 1947 3779 que
1981 3713 2163 3766 omnia
2205 3719 2548 3786 aucupanda:
2589 3721 2781 3790 gratia:
2830 3736 3020 3790 causa,
3060 3733 3176 3779 tum
3225 3728 3419 3797 loque-

1841 3804 2064 3869 bantur,
2131 3815 2244 3860 tum
2278 3807 2592 3865 faciebant?
2649 3810 2765 3866 Nox
2825 3816 3211 3887 somniumque
3263 3830 3420 3875 erant

1841 3894 2026 3949 istliazc
2052 3898 2259 3964 omnia,
2287 3905 2342 3952 et
2366 3900 2685 3956 adveniente
2713 3903 2835 3957 luce
2858 3919 3220 3963 evanuerunt.
3254 3910 3416 3965 Vcrni

1841 3984 2005 4041 ﬂores
2038 3999 2220 4053 erant,
2246 3996 2301 4043 et
2336 4001 2533 4045 exacto
2585 4008 2712 4048 vcre
2741 4007 3151 4052 emarcuerunt.
3210 3997 3414 4054 Umbra

1839 4086 2017 4141 erant,
2065 4087 2118 4132 ct
2176 4078 2534 4134 diﬁluxerunt
2564 4100 2577 4135 :
2610 4082 2795 4138 fumus
2821 4121 2839 4149 ,
2884 4093 2939 4139 et
2990 4085 3203 4157 dilapsa
3243 4100 3415 4157 sunt;

1840 4167 2005 4221 bullae
2030 4208 2046 4235 ,
2101 4183 2165 4222 ac
2194 4170 2418 4240 dirupta
2454 4180 2585 4227 sunt
2620 4191 2632 4226 :
2668 4189 2885 4230 aranea:
2920 4178 3073 4244 telae,
3104 4187 3158 4232 et
3187 4179 3417 4249 disjecta

1842 4272 1991 4316 sunt.
2048 4260 2322 4327 Quocirca
2381 4266 2727 4334 spiritualem
2765 4268 2910 4324 hanc
2948 4270 3163 4340 epoden
3217 4273 3415 4328 iterum

1841 4354 2257 4420 subnectamus,
2326 4356 2663 4425 assidueque
2722 4369 3037 4429 repetamus
3073 4377 3087 4413 :
3131 4380 3151 4413 ι
3189 4361 3417 4420 Vanitas

1841 4445 2166 4510 vanitatum,
2197 4457 2251 4500 et
2290 4449 2474 4502 omnia
2504 4450 2741 4506 vanitas.
2768 4471 2787 4504 ι
2830 4452 2941 4507 lloc
2980 4452 3187 4507 dictum
3221 4456 3274 4508 in
3306 4472 3419 4525 pa-

158 4554 265 4599 σιν,
302 4535 396 4588 καὶ
426 4536 483 4585 ὲν
513 4533 730 4603 τοίχοις,
763 4533 858 4585 καὶ
885 4533 944 4585 ὲν
981 4533 1235 4603 ἱματίοις,
1277 4532 1373 4587 καὶ
1399 4535 1457 4586 ὲν
1488 4534 1736 4608 ἀγοραῖς,

1843 4534 2090 4600 rietibus,
2128 4535 2182 4588 in
2206 4534 2351 4597 foro,
2386 4537 2442 4590 in
2471 4539 2702 4600 aedibus,
2725 4540 2778 4593 in
2798 4542 2922 4604 viis,
2946 4543 2998 4594 in
3021 4542 3228 4610 januis,
3265 4544 3318 4597 in
3343 4545 3419 4599 in-

155 4628 253 4677 καὶ
276 4629 334 4677 ἐν
356 4625 575 4688 οἰκίαις,
592 4626 686 4677 καὶ
702 4626 760 4676 ὲν
781 4624 941 4687 ὁδοῖς,
966 4624 1060 4677 καὶ
1084 4626 1140 4677 έν
1163 4623 1374 4695 θύραις,
1417 4627 1512 4679 καὶ
1537 4629 1593 4680 ὲν
1621 4630 1735 4681 είσ-

152 4718 319 4779 ὁδοις,
354 4716 448 4768 καὶ
477 4717 535 4768 έν
561 4712 783 4778 ἐξόδοις,
817 4716 912 4768 καὶ
939 4715 1045 4785 πρὸ
1074 4716 1289 4769 πάντων
1314 4718 1371 4768 ὲν
1398 4717 1477 4787 τῷ
1505 4719 1734 4770 ἑκάστου

154 4808 425 4861 συνειδότι
456 4806 696 4876 συνεχῶς
724 4807 1105 4876 ἐγγεγράφθαι
1138 4808 1266 4873 ἔδει,
1299 4809 1391 4862 καὶ
1420 4809 1508 4862 διὰ
1536 4808 1736 4873 παντὸς

150 4900 327 4968 αὐτὴν
377 4899 629 4969 μελετᾷν.
671 4899 889 4969 Ἐπειδὴ
941 4899 1109 4970 πολλὴ
1165 4902 1273 4952 τῶν
1324 4900 1733 4971 πραγμάτωνή

149 4990 364 5058 ἀπάτη,
392 4989 483 5042 καὶ
507 4990 577 5042 τὰ
602 4993 943 5062 προσωπεῖα,
984 4991 1077 5043 καὶ
1101 4992 1135 5058 ἡ
1164 4991 1475 5058 ὑπόκρισις,
1508 4992 1735 5063 ἀλήθειά

148 5099 236 5144 τις
296 5081 450 5150 παρὰ
512 5082 622 5143 τοῖς
680 5081 897 5144 πολλοῖς
950 5077 1089 5135 εἶναι
1144 5081 1315 5144 δοκεῖ,
1376 5082 1549 5136 ταῦτα
1609 5084 1733 5135 καθ’

150 5172 394 5238 ἑκάστην
422 5171 656 5239 ἡμέραν,
686 5172 779 5224 καὶ
819 5172 878 5223 ὲν
907 5170 1126 5242 δείπνῳ,
1165 5172 1259 5224 καὶ
1292 5174 1349 5224 ἐν
1379 5173 1607 5241 ἀρίστῳ,
1638 5174 1734 5225 καὶ

148 5262 207 5311 ὲν
242 5259 522 5327 συλλόγοις
569 5259 842 5328 ἐπιλέγειν
870 5260 1100 5313 ἕκαστον
1141 5261 1218 5331 τῷ
1254 5261 1483 5330 πλησίον
1532 5261 1728 5330 ὲχρῆν,

148 5354 247 5405 καὶ
280 5356 433 5424 παρᾶ
464 5353 557 5405 τοῦ
591 5353 821 5423 πλησίον
846 5353 1084 5419 ἀκούειν,
1115 5354 1196 5405 ὅτι
1230 5372 1247 5405 ι
1284 5353 1595 5422 Ματαιότης
1624 5368 1731 5421 μα-

146 5446 472 5515 ταιοτήτων,
510 5446 579 5499 τὰ
616 5446 795 5500 πάντα
834 5446 1148 5515 ματαιότης.
1195 5464 1213 5497 ι
1246 5448 1358 5499 υύκ
1388 5447 1571 5514 ἔλεγον
1603 5462 1729 5498 συν-

146 5536 311 5605 εχῶς,
370 5536 453 5587 ὃτι
496 5536 775 5607 δραπέτης
821 5540 849 5590 ὁ
901 5536 1168 5602 πλοῦτοςς
1216 5538 1286 5589 σὺ
1336 5538 1393 5589 δὲ
1437 5536 1593 5606 ἡμῶν
1631 5538 1730 5589 οὐκ

146 5627 343 5695 ὴνέχου
368 5644 379 5654 ·
416 5628 516 5680 οὐκ
554 5629 760 5695 ἔλεγον,
784 5632 865 5683 ὅτι
890 5629 1163 5699 ἀγνώμων
1193 5630 1339 5682 ἐστὶν
1380 5629 1595 5697 οἰκέτης
1616 5644 1629 5692 ἶ
1665 5629 1727 5680 σὺ

147 5718 201 5768 (Σὲ
234 5719 335 5768 οὐκ
367 5718 598 5785 ἠϐούλου
645 5720 954 5775 πείθεσθαι.
1001 5721 1130 5773 Ἰδοὺ
1156 5720 1216 5772 σὲ
1245 5721 1352 5774 τῶν
1383 5722 1729 5790 πραγμάτων

150 5810 389 5875 ἐδίδαξεν
441 5813 473 5882 ἡ
532 5813 722 5884 πεῖρα·
783 5814 864 5867 ὅτι
918 5815 977 5867 ού
1049 5814 1322 5886 δραπέτης
1381 5814 1559 5885 μόνον,
1611 5816 1730 5870 οὐδὲ

1834 4641 2052 4697 gressu,
2072 4639 2125 4680 et
2148 4628 2200 4680 in
2218 4641 2465 4698 egressu,
2485 4638 2538 4682 et
2556 4640 2678 4684 ante
2698 4632 2882 4684 omnia
2905 4633 2959 4685 in
2983 4632 3418 4703 uniuscujusque

1835 4718 2181 4773 conscientia
2217 4734 2501 4787 nunquam
2529 4736 2636 4773 non
2678 4720 3000 4790 inscriptum
3031 4739 3156 4778 esse
3177 4736 3413 4794 oportet,

1835 4810 1978 4877 quod
2000 4816 2263 4879 perpetuo
2294 4810 2641 4865 meditemur.
2665 4812 2861 4881 Ingens
2886 4814 3087 4883 quippe
3106 4832 3286 4870 rerum
3311 4818 3416 4871 fal—

1836 4898 1974 4952 lacia
2013 4905 2118 4962 est,
2152 4908 2206 4952 et
2233 4900 2397 4953 larva:
2424 4915 2488 4954 ac
2510 4903 2789 4957 simulatio
2818 4906 2963 4977 apud
2987 4907 3278 4975 plerosque
3297 4923 3417 4977 spe-

1833 4988 1969 5042 ciem
1989 4988 2237 5043 veritatis
2266 5000 2485 5059 gerunt.
2514 4992 2647 5047 Illud
2674 4996 2725 5046 in
2753 5010 2912 5050 coma
2929 5005 2983 5050 et
3007 4998 3061 5051 in
3084 5000 3336 5067 prandio,
3360 5008 3415 5054 et

1834 5079 1887 5133 in
1919 5082 2283 5136 conventibus
2341 5084 2581 5151 quisque
2616 5085 2781 5139 debet
2829 5088 3077 5154 proximo
3130 5090 3407 5156 occinere,

1832 5187 1896 5225 ac
1966 5186 2160 5226 rursus
2184 5172 2326 5227 idem
2363 5188 2392 5227 a
2434 5176 2685 5243 proximo
2724 5176 2916 5232 audire
2955 5197 2968 5232 :
3003 5197 3020 5229 ι
3054 5178 3281 5234 Vanitas
3311 5196 3408 5234 va-

1832 5264 2094 5329 nitatum,
2151 5275 2205 5318 et
2231 5266 2417 5318 omnia
2444 5267 2678 5320 vanitas.
2707 5286 2725 5317 »
2760 5270 2959 5323 Annon
3000 5270 3225 5325 assidue
3251 5272 3407 5327 dice-

1834 5357 1960 5413 bam
2013 5355 2273 5425 fugitivas
2306 5374 2432 5413 esse
2489 5359 2755 5413 divitias?
2794 5359 2875 5414 Tu
2911 5376 3040 5415 vero
3070 5361 3264 5416 audire
3297 5378 3404 5416 non

1830 5450 2161 5505 susliuelias.
2213 5453 2411 5504 Annon
2437 5451 2816 5521 easingratum
2842 5468 2964 5507 esse
2997 5453 3260 5507 famulum
3294 5456 3403 5509 aie»

1832 5541 1995 5595 bam?
2044 5550 2099 5594 tu
2134 5556 2263 5595 vero
2294 5542 2425 5595 mihi
2466 5541 2624 5595 fidem
2659 5543 2920 5597 adhibere
2971 5546 3287 5600 recusabas.
3325 5545 3402 5599 Eu

1829 5642 2002 5688 tumet
2046 5636 2168 5705 ipso
2211 5650 2393 5689 rerum
2441 5635 2821 5703 experimento
2867 5635 3133 5698 didicisti,
3166 5651 3262 5691 eas
3293 5652 3403 5692 non

1832 5731 1991 5781 modo
2047 5730 2333 5797 fugitivum
2393 5736 2447 5781 et
2497 5729 2767 5797 ingratum
2832 5743 3048 5783 servum
3103 5745 3249 5792 esse,
3305 5730 3402 5784 sed

1830 5822 1992 5875 etiam
2043 5822 2378 5877 carnificem.
2442 5818 2548 5873 Illw
2638 5820 2903 5889 siquidem
2960 5819 3282 5885 cll‘i-ccrunt,
3342 5827 3403 5873 ut
