4218 6446
258 393 390 458 '129

1416 386 1653 445 SACRA
1692 382 2145 443 PARALLELA.

3323 371 3458 436 1130

252 506 342 578 ἦν,
371 507 462 558 καὶ
487 501 580 556 τοῦ
612 500 972 575 νεκρωθέντος
1019 497 1166 564 ἅπαξ
1206 497 1358 550 οὐδὲν
1412 497 1630 567 ἄμεινον
1690 494 1806 546 δια-
1836 508 1854 556 Α

1836 507 1878 556 Α
1910 502 1967 546 ιιι
1999 491 2283 547 teterrima
2315 498 2475 544 nocte
2499 487 2895 554 circumfusus,
2931 502 3095 541 usura
3127 486 3263 540 lueis
3279 497 3450 541 caret.

251 600 521 667 κείμενον.
545 595 761 656 κτύπος
781 595 839 646 δὲ
854 591 960 644 τῶν
994 591 1240 656 ὀδόντων,
1267 589 1360 641 καὶ
1388 591 1649 655 πάταγος,
1710 588 1802 639 καὶ

250 691 448 760 τρόμος
475 687 569 740 τοῦ
607 684 804 747 παντὸς
859 684 1140 754 σώματος,
1182 683 1276 734 καὶ
1307 682 1460 751 φωνὴ
1511 680 1800 732 διακοπτο-

255 781 410 848 μένη,
437 777 528 829 καὶ
551 774 774 844 γλῶσσα
799 773 1176 844 διαλελυμένη,
1208 772 1300 826 καὶ
1324 773 1531 840 σχῆμα,
1561 764 1672 823 οἷον
1705 769 1800 822 καὶ

251 870 456 942 λιθίνην
517 867 693 938 ψυχὴν
714 867 872 937 τῆξαι
920 866 1232 937 δυνάμενον.
1291 864 1398 919 Καὶ
1444 861 1616 916 ταῦτα
1660 861 1801 928 λέγω

250 965 352 1018 οὐκ
381 962 672 1026 ὀνειδίζων,
715 961 833 1014 οὐδὲ
869 958 1212 1029 ἐπεμϐαίνων
1239 960 1306 1026 τῇ
1339 956 1609 1027 συμφορᾷ,
1665 951 1803 1005 ἀλλὰ

251 1059 350 1127 τὴν
371 1055 639 1126 ὑμετέραν
667 1053 905 1107 διάνοιαν
947 1050 1180 1121 μαλάξαι
1231 1047 1570 1118 βουλόμενος,
1597 1045 1690 1098 καὶ
1723 1063 1736 1074 ·λ
1756 1043 1799 1104 ἰς

251 1150 398 1202 ἔλεον
431 1145 850 1200 ἐπισπάσασθαι.
879 1144 1032 1206 Τίνος
1060 1143 1243 1196 ἕνεκεν
1286 1141 1608 1208 ἀγανακτεῖς
1637 1154 1652 1201 ;
1680 1136 1799 1188 Ὅτι

249 1243 338 1312 δή,
390 1242 570 1310 φησιν,
618 1242 699 1302 εἰς
732 1236 1052 1306 Ἐκκλησίαν
1100 1232 1404 1301 κατέφυγεν
1431 1232 1459 1282 ό
1489 1228 1800 1297 πολεμήσας

249 1332 422 1402 αὐτὴν
449 1328 730 1400 διηνεκῶς.
761 1327 858 1380 Διὰ
910 1327 1066 1379 τοίτο
1121 1323 1354 1394 μὲιῐιστα
1407 1317 1654 1386 δοξάζειν
1695 1316 1800 1388 χρὴ

248 1424 342 1476 τὸν
362 1424 512 1486 Θεὸν,
547 1423 628 1474 ὅτι
652 1421 859 1492 ἀφῆκεν
885 1417 1046 1471 αὑτὸν
1066 1419 1145 1480 εἰς
1179 1414 1443 1484 τοσαύ·ην
1470 1411 1799 1481 καταστῆναι

247 1517 515 1582 ἀνάγκην,
545 1513 683 1566 ὥστε
712 1513 806 1566 καὶ
825 1509 923 1580 τὴν
945 1508 1168 1579 δύναμιν
1189 1507 1287 1576 τῆς
1327 1502 1668 1574 Ἐκκλησίας,
1707 1502 1802 1554 καὶ

248 1611 349 1676 τὴν
384 1604 790 1675 φιλανθρωπίαν
819 1602 1030 1672 μαθεῖν.
1066 1601 1141 1653 Οὐ
1167 1598 1626 1668 μνησικακήσασα
1657 1593 1799 1662 ὑπὲρ

249 1699 357 1751 τῶν
383 1697 706 1767 ἔμπροσθεν,
737 1694 872 1747 ἀλλὰ
897 1694 1024 1756 τοὺς
1056 1691 1286 1752 κόλπους
1311 1692 1476 1758 αὐτῆς
1505 1685 1802 1740 ἁπλώσασα

247 1791 349 1859 τῆς
377 1786 769 1858 φιλοστοργίας.
801 1784 971 1838 Τοῦτο
1020 1781 1278 1854 τροπαίου
1306 1777 1501 1838 παντὸς
1554 1773 1799 1844 λαμπρό-

247 1900 403 1952 τερον
424 1898 437 1910 ·
468 1880 624 1934 τοῦτο
658 1879 924 1948 Ἕλληνας
985 1875 1235 1946 ἐντρέπει
1273 1890 1287 1903 ’

248 1971 620 2041 καταισχύνει,
648 1971 730 2022 ὃτι
750 1969 841 2021 τὸν
883 1967 1138 2036 πολέμιον
1182 1963 1522 2033 αἰχμάλωτον
1565 1957 1802 2012 λαϐοῦσα

249 2064 520 2133 φείδεται’
553 2062 647 2114 καὶ
693 2060 942 2129 καθάπερ
985 2059 1167 2130 μήτηρ
1221 2054 1570 2123 φιλόστοργος
1604 2050 1706 2102 ὑπὸ
1737 2048 1804 2100 τά

245 2157 722 2227 παραπετάσματα
745 2152 914 2222 αὐτῆς
945 2150 1202 2221 ἔκρυψεν,
1227 2148 1317 2200 καὶ
1348 2147 1479 2214 πρὸς
1523 2140 1803 2214 βασιλικὴν
1836 2133 1850 2158 ⁸

243 2251 414 2322 ὀργὴν
446 2250 700 2317 ἀντέστη,
726 2248 819 2299 καὶ
842 2244 976 2311 πρὸς
997 2243 1169 2312 δήμου
1192 2240 1360 2308 θυμὸν
1415 2238 1508 2290 καὶ
1540 2233 1676 2304 πρὸς
1707 2233 1797 2298 μῖ-

246 2360 340 2406 σος
360 2343 651 2411 ἀφόρητον.
669 2337 839 2391 Τοῦτο
856 2334 950 2388 τοῦ
968 2332 1354 2401 θυσιαστηρίου
1385 2330 1609 2396 κόσμος.
1641 2325 1801 2385 Ποῖος

243 2435 470 2504 κόσμος,
511 2431 665 2502 φησὶ,
692 2430 784 2482 τὸν
830 2428 1020 2496 ἐναγῆ,
1074 2427 1167 2480 καὶ
1197 2421 1548 2488 πλεονέκτην,
1590 2417 1683 2468 καὶ
1711 2415 1802 2484 ἆρ-

245 2542 398 2593 παγα
419 2525 526 2576 τῶν
565 2522 757 2576 κιόνων
790 2519 1055 2574 ἅπτεσθαι
1111 2515 1204 2569 τοῦ
1240 2509 1626 2580 θυσιαστηρίου
1660 2525 1673 2572 ;
1708 2506 1798 2574 Μὴ

244 2618 369 2682 λέγε
400 2616 568 2670 ταῦτα
601 2632 614 2644 ’
658 2613 778 2666 ἐπεὶ
824 2612 975 2679 καὶὴ
1010 2608 1184 2678 πόρνη
1229 2605 1407 2675 ἥψατο
1464 2600 1569 2652 τῶν
1623 2596 1798 2650 ποδῶν

244 2713 336 2763 τοῦ
389 2709 618 2778 Ίησοῦή
665 2707 871 2775 σφόδρα
921 2701 1118 2771 ἐναγὴς
1171 2698 1266 2752 καὶ
1317 2695 1643 2763 ἀκάθαρτος,
1704 2687 1799 2742 καὶ

242 2806 341 2855 οὐκ
384 2802 450 2870 ἠν
508 2801 756 2866 ἔγκλημα
799 2794 892 2846 τοῦ
927 2793 1119 2863 Ἰησου.
1150 2791 1224 2842 Οὐ
1269 2787 1376 2858 γὰρ
1420 2786 1508 2838 τὸν
1561 2781 1799 2852 καθαρὸν

243 2891 914 2961 ἐειλαπτενὴάκάθαρτος,
978 2886 1113 2938 ἀλλὰ
1152 2882 1248 2953 τὴν
1302 2878 1468 2946 ἐναγῆ
1531 2876 1737 2945 πόρνην
1769 2875 1798 2926 ὁ

243 2985 479 3053 καθαρός
517 2984 809 3052 εἰργάσατο
857 2979 1086 3048 ἄμωμον
1140 2973 1228 3026 διὰ
1282 2971 1381 3040 τῆς
1427 2969 1569 3037 ἁφῆς
1606 2984 1618 2996 ·
1664 2965 1796 3036 μηδὲ

245 3078 676 3148 μνησικακήσῃς,
731 3072 1007 3140 ἄνθρωπε,
1061 3066 1291 3147 ἐκείνου.
1353 3061 1572 3114 Οἰκέται
1629 3057 1796 3126 ἐσμὲν

241 3147 349 3223 τοῦί
369 3169 635 3221 Δεσπότου
655 3164 750 3217 τοῦ
776 3159 1212 3232 ἐσταυρωμένου,
1237 3155 1332 3207 τοῦ
1352 3153 1620 3221 λέγοντοςο
1651 3147 1794 3204 ιΠά-
1820 3175 1864 3234 c

240 3281 356 3333 τερ,
391 3265 520 3328 ἄφες
547 3260 725 3317 αὐτοῖς
751 3273 762 3284 ·
799 3255 859 3306 οὐ
894 3253 1003 3318 γάρ
1027 3250 1198 3301 οἴδασι
1223 3247 1275 3296 τί
1304 3243 1570 3295 ποιοῦσιν.
1615 3261 1632 3290 ι
1653 3239 1792 3295 Ἀλλ’

238 3329 578 3420 ἀπετείχισεν
616 3348 714 3415 τήν
749 3341 981 3396 ἐνταῦθα
1009 3335 1328 3404 καταφυγὴν
1385 3332 1676 3401 γράμμασι
1703 3329 1796 3381 καὶ

237 3447 420 3516 νόμοις
441 3441 716 3510 διαφόροις
745 3452 758 3466 ’
786 3433 901 3487 ἀλλ’
939 3430 1047 3482 ἰδοὺ
1076 3429 1164 3482 διὰ
1192 3427 1300 3478 τῶν
1345 3424 1522 3516 ἔργων
1568 3421 1791 3516 ἔμαθεν,

236 3512 372 3606 ὅπερ
396 3534 667 3604 ἐποίησεν,
702 3529 794 3581 καὶ
822 3526 913 3577 τὸν
963 3525 1126 3593 νόμον
1176 3519 1333 3572 ἔλυσε
1379 3515 1593 3586 πρῶτος
1630 3512 1792 3575 αὐτὸς

235 3633 304 3687 δι’
328 3624 637 3687 ὦνέπαθεν,
668 3624 762 3675 καὶ
793 3620 981 3687 γέγονε
1025 3616 1122 3686 τῆς
1174 3611 1497 3680 οἰκουμένης
1543 3607 1791 3677 θέατρον.

238 3725 346 3777 Καὶ
374 3719 539 3785 σιγῶν
566 3713 816 3768 ἐντεῦθεν
849 3709 1043 3779 ἀφίησι
1092 3705 1277 3775 φωνὴν
1330 3703 1532 3756 ἅπασιν
1587 3714 1793 3768 παραι-

233 3814 360 3875 νῶν,
385 3812 479 3863 καὶ
507 3809 675 3874 λέγων
696 3824 708 3834 ·
736 3803 827 3872 Μὴ
859 3801 1050 3868 ποιῆτε
1076 3795 1326 3858 τοιαῦτα,
1360 3793 1447 3846 ἵνα
1476 3790 1552 3860 μὴ
1581 3789 1791 3858 πάθητε

233 3903 472 3957 τοιαῦτα.
511 3900 619 3951 Καὶ
661 3893 976 3954 διδάσκαλος
1012 3887 1285 3967 ἐνεδειχθη
1341 3883 1510 3950 σιγῶν
1557 3881 1646 3934 διὰ
1691 3882 1788 3949 της

235 3994 536 4064 συμφοράς.
563 3990 672 4042 Ka‘t
701 3983 1020 4054 λαμπηδόνα
1080 3977 1326 4048 μεγάλην
1387 3973 1579 4043 ἀφίησι
1605 3971 1664 4025 τδ
1695 3971 1788 4023 θυ-

233 4088 562 4154 σιαστήριον.
588 4079 699 4134 Νῦν
757 4075 984 4147 φοϐερὸν
1041 4072 1294 4143 μάλιστα,
1324 4070 1406 4122 δτι
1459 4065 1550 4118 τὸν
1601 4064 1791 4154 λέοντα

230 4151 510 4244 δεδεμένον
542 4173 674 4239 ἔχει.
711 4169 818 4221 Καὶ
859 4163 1108 4235 βασιλικῇ
1140 4158 1306 4212 εἰκόνι
1366 4155 1538 4226 μέγας
1594 4151 1787 4221 γένοιτ’
1844 4230 1848 4236 ν

229 4271 293 4319 ἂν
332 4265 561 4332 κόσμος·
605 4260 702 4328 οὐχ
726 4260 852 4311 ὅταν
885 4254 977 4306 ἐπὶ
1001 4250 1096 4304 τοῦ
1133 4248 1323 4319 θρόνου
1381 4245 1615 4314 κάθηται
1659 4259 1790 4312 πορ-

230 4359 429 4429 φυρίδα
459 4349 938 4425 περιϐεϐλημένος,
984 4345 1080 4396 καὶ
1133 4341 1368 4408 διάδημα
1417 4338 1597 4406 μόνον,
1654 4334 1789 4388 ἀλλὰ

229 4439 326 4505 καί
367 4450 462 4500 ἐὰν
513 4447 615 4497 ὑπὸ
657 4443 734 4494 τὼ
798 4434 1061 4509 βασιλικὼ
1113 4433 1242 4486 ποδὲ
1297 4430 1567 4500 Βάρὸαροι
1613 4429 1788 4479 όπίσω

224 4543 516 4610 δεδεμένοι,
543 4536 685 4589 κατὰ
712 4532 809 4594 τὰς
863 4525 1103 4596 κεφαλὰς
1153 4521 1351 4576 νεύωσι
1383 4519 1640 4587 κείμενοι.
1676 4517 1783 4570 Καὶ

229 4640 425 4694 πάντες
461 4628 689 4682 ἐνταῦοα
746 4621 1130 4691 συνεδράμετε.
1161 4615 1247 4666 ἵνα
1289 4613 1386 4681 τὴν
1435 4608 1782 4679 ἀνθρωπίνην

223 4730 386 4795 φυτίν
433 4723 575 4791 ἴδητε
626 4711 1059 4782 διελεγχομένην.
1106 4704 1278 4776 Ὀρῶν
1324 4702 1433 4771 γὰρ
1491 4700 1678 4752 τοῦτον
1719 4702 1782 4751 ἐκ

223 4791 491 4882 τοσαύτης
522 4811 761 4878 κορυφῆς
787 4800 1174 4870 κατενεχθέντα
1195 4839 1208 4861 ,
1242 4797 1330 4849 τὸν
1359 4795 1570 4847 σείοντα
1594 4791 1780 4862 σχεδὸν

221 4914 321 4974 τὴν
342 4906 663 4974 οἰκουμένην
693 4903 869 4952 πᾶσαν
921 4890 1363 4959 συνεσταλμένον,
1425 4887 1518 4939 καὶ
1545 4883 1775 4953 λαγωοῦ,

223 5006 322 5059 καὶ
365 4998 633 5068 βατράχου
680 4992 980 5059 δειλότερον
1028 4981 1412 5051 γεγενημένον,
1463 4979 1556 5029 καὶ
1611 4976 1777 5046 χωρὶς

221 5092 436 5156 δεσμῶν
462 5088 536 5156 τῷ
595 5085 731 5136 κίονι
792 5080 968 5147 τούτῳ
1020 5073 1459 5145 προσηλωμένον,
1519 5068 1698 5120 καὶᾶν
1727 5084 1776 5117 τι

225 5187 467 5243 ixi-33300;
490 5179 565 5248 τῷ
603 5178 750 5246 φόϐῳ
800 5169 1307 5241 περισφιγγόμενον,
1359 5163 1453 5216 καὶ
1485 5161 1774 5226 δεδοικότα,

225 5281 321 5332 καὶ
377 5275 642 5346 τρέμοντα
699 5264 1090 5320 καταστέλλετε
1135 5259 1234 5329 τήν
1296 5255 1635 5325 φλεγμονὴν,
1685 5255 1774 5303 καὶ

222 5352 534 5437 καθαιρείτε
557 5365 616 5416 τὸ
650 5364 894 5432 φύσημα,
953 5355 1432 5424 φιλοσοφήσαντες,
1466 5349 1547 5400 ὅτι
1582 5367 1598 5396 ι
1623 5347 1775 5396 Πᾶσαι

223 5465 361 5532 σὰρξ
400 5435 612 5531 χόρτος,
652 5455 742 5507 καὶ
805 5453 944 5503 πάσα
986 5449 1112 5512 δόξα
1172 5440 1460 5512 ἀνθρώπου
1496 5439 1573 5501 ὡς
1617 5435 1773 5495 ἄνθος

223 5559 440 5627 γάρτοι).
476 5547 778 5616 Ἐξηρανθη
800 5548 827 5598 ὁ
861 5543 1069 5611 χόρτος,
1093 5543 1184 5590 καὶ
1206 5537 1265 5589 τὸ
1281 5533 1437 5596 ἄνθος
1457 5533 1734 5595 ἐξέπεσεν,
1750 5549 1766 5579 ι

342 5667 357 5698 ι
399 5645 542 5698 Ὠτεὶ
565 5643 752 5712 χόρτος
784 5638 918 5705 ταχὺ
942 5629 1496 5699 ἀποξηρανθησονται,
1528 5625 1618 5677 καὶ
1641 5623 1772 5674 ὡσεὶ

221 5749 426 5812 λάγανα
470 5738 626 5806 χλόης
658 5733 792 5800 ταχὺ
840 5723 1264 5783 άποπεσοῦνται·
1303 5745 1318 5772 ι
1353 5723 1433 5773 ὅτι
1472 5739 1490 5771 ι
1536 5719 1774 5787 ’Λνθρωο

512 5877 773 5937 Parnm.
819 5875 930 5930 Gn.
978 5841 1143 5927 XCV.

1329 1871 1488 1924 τοῦτο
1525 1867 1803 1928 Ἰουδαίους
1838 1845 1880 1898 Β

1904 584 2047 650 Quin
2108 582 2315 652 potius,
2369 581 2770 651 quantumlibet.
2805 578 3276 642 contenderimus,
3306 578 3459 630 nullo

1903 685 2087 728 tamen
2128 688 2403 738 sermone,
2445 689 2607 743 quam
2659 672 2828 726 dubio
2867 670 3058 739 procul
3089 668 3459 751 perturbatio-

1900 781 2023 820 nem
2059 773 2348 827 sustineat,
2388 768 2686 834 poterimus
2740 764 3080 834 exprimere;
3118 771 3176 814 ut
3228 761 3321 830 qui
3345 751 3461 816 sitf-

1899 859 2045 928 gulis
2076 858 2228 913 horis
2257 859 2364 912 hoc
2395 867 2702 928 exspectet,
2727 867 2784 910 ut
2816 857 2921 912 sibi
2941 864 3106 924 caput
3130 863 3458 923 amputetur.

1903 947 2172 1003 llesteruo
2195 949 2400 1018 quippe
2425 950 2536 1008 die.
2575 966 2696 1001 eum
2736 949 3002 1002 satellites
3031 961 3246 1007 venere,
3273 946 3366 1014 qui
3395 960 3462 998 ex

1900 1041 2253 1111 imperatoris
2283 1043 2404 1094 aula
2451 1041 2671 1094 dommn
2714 1040 3066 1102 abducerent,
3098 1039 3254 1107 isque
3289 1041 3340 1090 in
3370 1052 3462 1090 sa-

1898 1131 2139 1185 crarium
2167 1132 2522 1202 profugisset,
2565 1132 2738 1185 buxea
2780 1139 2910 1183 tunc
2970 1131 3108 1184 faeie
3141 1139 3281 1192 erat,
3307 1131 3458 1195 _nihil

1899 1234 1929 1273 a
1960 1229 2176 1275 mortuo
2231 1223 2530 1292 quidquam
2568 1223 2902 1290 discrepans.
2948 1220 3214 1275 Dentibus
3248 1231 3458 1289 strepe-

1898 1309 1987 1364 bat
2064 1320 2214 1382 totoq
2258 1328 2286 1366 e
2434 1331 2561 1382 pore
2614 1312 3079 1367 contremiscebat
3108 1353 3120 1365 .
3151 1329 3254 1366 vox
3289 1313 3458 1365 inter-

1896 1412 2058 1473 rupta
2115 1413 2254 1468 erat,
2290 1405 2474 1474 lingua
2519 1406 2688 1458 facta
2729 1415 2784 1460 et
2808 1407 3104 1459 dissoluta.
3137 1403 3336 1458 Gestus
3369 1406 3452 1458 de-

1898 1495 2061 1564 nique
2105 1495 2398 1562 ejusmodi,
2457 1497 2548 1564 qui
2578 1496 2658 1549 vel
2684 1511 2906 1550 saxeum
2956 1511 3154 1564 corpus
3189 1495 3462 1548 coniicere

1899 1585 2162 1655 lacrymis
2241 1595 2451 1654 posset.
2515 1587 2644 1652 Qua:
2701 1601 2810 1640 non
2868 1586 3234 1655 exprobrandi
3291 1600 3461 1638 causa

1897 1677 2148 1741 dixerim,
2186 1689 2445 1746 nequeut
2477 1679 2779 1732 calamitati
2804 1679 3094 1743 insultem;
3128 1679 3222 1732 Sed
3253 1689 3313 1731 ut
3341 1679 3462 1731 ani-

1899 1783 2014 1822 mos
2033 1779 2244 1823 vestros
2257 1770 2553 1834 emolliant,
2575 1781 2625 1824 et
2643 1770 2709 1822 ad
2729 1771 3154 1826 misericordiam
3170 1770 3458 1824 inﬂectam.

1903 1859 2044 1924 Quid
2070 1863 2236 1916 habes
2265 1864 2408 1930 quod
2465 1862 2688 1930 indigne
2721 1862 2902 1916 feras?
2937 1862 3218 1932 quoniam,
3255 1862 3459 1932 inquis,

1904 1951 1970 2004 ad
2007 1950 2304 2005 Ecelesiam
2331 1951 2423 2005 ille
2446 1951 2713 2021 confugit,
2748 1955 2840 2021 qui
2877 1964 3136 2021 perpetuo
3163 1967 3281 2005 eam
3319 1954 3463 2006 bello

1906 2042 2208 2096 infestavit.
2260 2041 2427 2113 Atqui
2457 2044 2559 2097 hoc
2620 2044 2967 2114 potissimum
3021 2045 3245 2098 nomine
3288 2044 3460 2113 gloria

1905 2133 2014 2187 Deo
2062 2133 2355 2189 tribuenda
2404 2142 2509 2199 est,
2537 2138 2684 2204 quod
2723 2135 2777 2187 in
2824 2144 3032 2188 tantam
3063 2150 3186 2188 eum
3214 2137 3462 2191 necessi-

1903 2233 2068 2280 tatem
2093 2226 2262 2296 redigi
2297 2226 2633 2296 permiserit,
2673 2233 2813 2282 utet
2861 2226 3119 2280 Ecclesiae
3160 2225 3464 2296 potentiam

1901 2319 2399 2389 benignitatemque
2423 2330 2763 2389 agnosceret.
2789 2321 2918 2386 Quae
2938 2318 3194 2376 Ecclesiae
3223 2319 3464 2374 clemen-

1902 2412 1974 2465 tia
2003 2412 2231 2482 gentiles
2269 2428 2334 2466 ac
2365 2412 2582 2468 Judaeos
2609 2413 2819 2482 pudore
2839 2411 3024 2466 adicit.
3057 2410 3460 2466 Praeteritarum

1900 2503 2229 2574 injuriarum
2279 2504 2468 2567 oblita,
2501 2520 2663 2560 suum
2701 2505 2751 2559 ei
2776 2505 2951 2560 sinum
2981 2504 3335 2574 indulgenter
3367 2519 3463 2558 ex-

1899 2597 2108 2667 pandit.
2142 2595 2256 2652 Hoe
2286 2599 2484 2667 quovis
2543 2605 2749 2667 tropaeo
2787 2598 3125 2667 splendidius
3184 2607 3267 2651 est
3300 2615 3313 2651 :
3355 2597 3459 2651 hoc

1898 2691 2197 2761 gentilibus
2252 2691 2511 2760 pudorem
2576 2691 2773 2744 incutit
2809 2708 2821 2741 τ
2858 2692 2960 2744 hoc
3016 2689 3231 2744 Jmkeos
3293 2689 3461 2744 allicit

1900 2782 2118 2852 probro,
2178 2782 2325 2852 quod
2376 2783 2545 2845 hosti,
2587 2797 2750 2852 quem
2795 2784 3068 2852 captivum
3100 2790 3271 2847 tenet,
3307 2783 3461 2853 igno-

1899 2881 2038 2938 scat,
2069 2882 2149 2939 et,
2184 2875 2332 2928 velut
2369 2885 2540 2928 mater
2573 2875 2978 2937 amantissima,
3008 2876 3108 2929 sub
3137 2875 3460 2930 velamentis

1898 2965 2014 3020 suis
2070 2966 2329 3028 occultet,
2388 2975 2552 3036 atque
2592 2967 2941 3036 imperatoris
2971 2967 3067 3020 ira:
3108 2974 3161 3020 et
3201 2967 3457 3035 populari

1898 3055 2071 3110 furori
2128 3055 2748 3125 acerbissimoqueodio
2814 3057 3057 3110 resistat.
3118 3053 3232 3108 lloe
3261 3056 3456 3110 altaris

1897 3160 2280 3204 ornamentum
2331 3156 2436 3204 εει.
2496 3149 2566 3202 At
2589 3149 2866 3219 quodnam
2916 3149 3020 3202 hoc
3051 3146 3269 3201 tandem
3295 3162 3456 3200 orn-

1896 3251 2137 3293 mentum
2193 3247 2298 3303 est,
2332 3240 2541 3309 inquiet
2591 3239 2809 3309 aliquis,
2840 3249 2899 3294 ut
2933 3239 3097 3294 homo
3129 3239 3452 3303 sceleratus,

1904 3342 2104 3382 avarus
2127 3335 2180 3382 et
2205 3343 2392 3397 rapax,
2417 3331 2698 3383 columnas
2727 3329 2917 3383 altaris
2957 3329 3185 3398 tangat?
3213 3328 3357 3382 Cave
3375 3327 3450 3382 ita

1896 3418 2160 3486 loquaris.
2212 3417 2346 3474 Nam
2382 3427 2437 3474 et
2466 3419 2697 3474 scelesta
2744 3428 2908 3490 atque
2944 3421 3155 3489 impura
3187 3419 3450 3474 meretrix

1890 3507 2020 3564 Jesu
2059 3511 2420 3564 contrectavit
2451 3511 2636 3579 pedes,
2672 3526 2846 3580 neque
2886 3511 2938 3565 id
2975 3507 3202 3565 Domino
3229 3508 3356 3565 Jesu
3392 3511 3446 3565 in

1891 3601 2100 3655 crimen
2157 3616 2375 3655 versum
2421 3609 2526 3656 est.
2559 3601 2675 3656 Non
2709 3603 2852 3656 enim
2894 3617 3014 3671 quat
3055 3602 3266 3672 impura
3326 3611 3446 3656 erat

1893 3709 2030 3764 puro
2071 3693 2369 3763 quidquam
2422 3694 2628 3757 nocuit,
2668 3693 2761 3748 sed
2795 3691 3073 3763 impuram
3105 3693 3442 3746 meretricem

1895 3800 2066 3855 purus
2101 3785 2218 3853 ipse
2255 3789 2341 3839 sui
2380 3792 2640 3839 contactu
2692 3800 2864 3855 puren
2920 3783 3176 3838 reddidit.
3209 3783 3354 3837 Cave
3380 3799 3447 3837 ne

1890 3881 1967 3933 sis
1997 3877 2324 3944 injuriarum
2350 3893 2568 3932 memor.
2606 3893 2640 3931 ο
2673 3878 2850 3932 Ιιοιιιο.
2882 3875 3091 3930 Famuli
3121 3875 3321 3946 quippe
3352 3892 3444 3929 su-

1891 3985 2016 4026 mus
2047 3971 2259 4024 Domini
2292 3970 2344 4024 in
2378 3985 2598 4024 erucem
2628 3971 2758 4034 acti,
2797 3969 2889 4038 qui
2921 3969 3134 4023 dicebat
3166 3986 3180 4022 :
3221 3986 3240 4018 ι
3265 3965 3445 4032 Pater,

1890 4060 2104 4116 dimitte
2134 4064 2280 4117 illis:
2313 4079 2422 4116 non
2462 4063 2609 4116 enim
2647 4063 2828 4116 sciunt
2871 4060 3000 4130 quid
3033 4060 3246 4114 faciunt
3276 4057 3440 4129 (Luc.

1890 4172 2046 4220 nm,
2075 4155 2183 4224 24).
2209 4175 2227 4207 ι
2266 4159 2332 4208 At
2360 4157 2523 4208 variis
2555 4147 2839 4224 rescriptis
2862 4168 2926 4207 ac
2949 4153 3178 4222 legibus,
3209 4152 3443 4220 inquies,

1888 4247 2196 4319 perfugium
2223 4248 2276 4300 in
2318 4248 2462 4300 hunc
2496 4247 2679 4300 locum
2718 4245 3015 4316 praeclusit.
3061 4243 3135 4297 lta
3171 4243 3390 4313 quidem
3426 4263 3440 4299 :

1889 4341 1983 4396 sed
2025 4340 2188 4394 modo
2217 4340 2331 4408 ipsa
2373 4353 2430 4392 re
2458 4337 2670 4398 didicit,
2704 4337 2832 4406 quid
2867 4335 3088 4389 sceleris
3119 4335 3439 4389 admiserit:

1890 4448 1954 4486 ac
1991 4433 2162 4502 legem
2193 4432 2308 4498 ipse
2332 4431 2555 4498 primus,
2578 4444 2672 4496 per
2703 4443 2763 4480 ea
2791 4443 2912 4496 quae
2943 4440 3137 4494 passus
3158 4432 3262 4485 est.
3281 4425 3442 4478 abro-

1812 4503 2050 4592 l)gavit,
2111 4522 2394 4587 factusque
2438 4529 2521 4573 est
2574 4519 2695 4571 orbi
2755 4517 3149 4586 spectaculum.
3185 4516 3442 4581 Quinimo

1884 4623 2058 4669 taceat
2088 4614 2234 4671 licet.
2267 4610 2430 4680 324
2461 4626 2644 4663 vocem
2676 4609 2802 4662 hinc
2831 4608 3051 4668 ειιιιιιὶι,
3085 4608 3441 4676 hortaturque

1881 4714 1935 4760 et
1973 4705 2049 4760 ait
2089 4720 2102 4756 :
2150 4702 2502 4770 Nequaquam
2535 4699 2661 4751 talia
2713 4699 2908 4766 agatis,
2939 4713 3003 4748 ne
3035 4696 3236 4748 similia
3265 4697 3440 4763 patia-

1882 4795 2053 4861 mini:
2088 4794 2277 4860 sicque
2305 4801 2488 4843 mutus
2514 4790 2776 4857 magister
2814 4787 3127 4840 calamitate
3154 4802 3252 4838 sua
3294 4789 3440 4839 exsi-

1881 4889 1994 4941 stit.
2019 4885 2124 4940 Sed
2151 4893 2202 4937 et
2231 4884 2403 4936 altare
2434 4883 2709 4946 ingentem
2733 4895 2796 4932 ex
2840 4894 2898 4930 se
2928 4877 3276 4945 splendorem
3307 4879 3436 4930 mit-

1881 4982 1964 5042 tit,
2001 4975 2217 5045 quando
2245 4975 2450 5026 leonem
2477 4971 2709 5024 vmculis
2731 4971 3084 5022 constrictum
3109 4974 3276 5020 tenet.
3304 4965 3436 5020 Nam

1878 5087 1929 5125 et
1959 5068 2300 5139 imperatoris
2338 5066 2558 5132 imagini
2597 5079 2848 5129 magnum
2874 5067 3257 5112 ornamentum
3280 5073 3433 5111 acce-

1878 5166 1977 5224 dit,
2009 5177 2114 5214 non
2165 5172 2289 5211 cum
2326 5155 2479 5210 sedet
2527 5156 2579 5206 in
2620 5154 2838 5212 throno,
2867 5164 3166 5219 purpuram
3189 5156 3242 5200 et
3274 5163 3434 5200 coro-

1878 5271 2000 5308 nam
2035 5259 2255 5322 gestans
2285 5268 2297 5300 :
2331 5248 2424 5301 sed
2475 5263 2595 5300 eum
2620 5245 2721 5298 sub
2750 5243 2917 5312 regiis
2947 5241 3179 5311 pedibus
3216 5240 3430 5292 barbari

1840 5367 1852 5380 ι
1875 5363 1904 5398 a
1947 5360 2093 5414 tergo
2138 5341 2389 5406 revincti,
2425 5339 2664 5393 demisso
2705 5337 2758 5387 in
2793 5343 2994 5387 terram
3023 5333 3200 5399 capite
3226 5329 3430 5397 jacent.

1878 5437 2041 5506 Atqui
2073 5437 2178 5488 huc
2195 5447 2388 5486 omnes
2406 5427 2766 5491 conﬂuxistis,
2789 5432 3110 5476 utuaturam
3140 5421 3428 5474 humanam

1879 5529 2091 5582 traduci
2135 5523 2386 5577 videatis.
2424 5520 2592 5574 Deum
2620 5517 2765 5570 enim
2806 5514 2951 5566 hunc
2975 5510 3202 5565 cernitis
3227 5526 3255 5563 e
3278 5517 3430 5562 tanto

1879 5621 2100 5688 fastigio
2133 5617 2403 5683 dejectum
2436 5631 2448 5666 :
2482 5612 2651 5671 hunc,
2706 5610 2948 5674 inquam,
2985 5603 3074 5672 qui
3103 5602 3286 5654 orbem
3320 5599 3428 5653 fere

1878 5717 2191 5767 universum
2225 5705 2526 5779 quatiebat,
2571 5704 2936 5759 contractura,
2967 5691 3350 5760 leporihnsqne
3374 5699 3426 5744 et

2995 5823 3065 5886 36
