4218 6446
793 379 916 446 1131

1964 389 2003 443 S
2054 383 2369 443 JOANNIS
2397 384 2818 444 DAMASCENI

3868 389 4007 454 1132

792 502 945 550 ranis
989 498 1313 549 timidiorem
1364 496 1588 554 factum.
1641 496 1760 550 sine
1799 495 2034 548 vinculis
2081 495 2347 547 columna

2449 510 2547 557 πος
2581 496 2904 563 ματαιότητι
2932 495 3214 566 ὡμοιώθη,
3262 499 3358 552 καὶ
3383 499 3514 552 ὡσεὶ
3548 500 3750 566 καπνὸς
3782 502 3839 555 αἱ
3870 503 4004 572 ἡμι-

792 588 918 642 huic
951 589 1187 652 allixuin,
1208 596 1263 642 et
1289 597 1434 641 metu
1462 596 1668 640 catenae
1682 587 1806 640 vice
1833 587 2218 648 constrictum,
2250 599 2350 637 ex-

2457 602 2546 654 ραι
2563 584 2746 638 αὐτοῦ.
2782 605 2800 636 ι

789 685 1162 763 timescentem
1193 689 1248 736 ct
1302 690 1644 746 trementem,
1677 681 1845 735 animi
1916 689 2185 734 tumorem
2231 677 2524 742 cohihetis,
2590 680 2900 750 [astumque
2962 681 3290 754 deprimitis.
3357 685 3691 754 cogitatione
3725 696 4007 742 versantes

788 775 918 828 illud
959 775 1178 828 elfatum
1216 795 1227 828 :
1269 792 1289 826 ι
1318 773 1510 828 Omnis
1545 787 1676 826 caro
1705 772 1909 835 fenum,
1943 777 1998 824 et
2018 771 2201 825 omnis
2224 770 2397 839 gloria
2439 771 2675 826 hominis
2697 772 2853 842 quasi
2905 770 3005 828 ﬂos
3040 774 3178 844 agri.
3221 772 3572 828 Exsiccatum
3638 785 3724 829 est
3787 775 4003 832 fenum.

782 879 836 922 et
869 870 1066 922 cecidit
1090 868 1188 924 ﬂos
1209 871 1225 935 (
1249 868 1426 930 luna,
1461 869 1535 935 9).
1567 888 1583 919 ›
1619 868 1859 938 Itemque
1886 867 2027 922 istud
2055 882 2069 918 :
2102 885 2120 917 ι
2148 865 2426 936 Tanquam
2454 865 2636 920 fenum
2667 877 2938 932 arescent,
2967 877 3024 923 et
3049 870 3507 938 quemadmodum
3534 872 3682 926 olera
3710 871 4006 927 herbarum

781 965 891 1016 cito
930 963 1185 1016 decident
1239 963 1424 1032 (Psa‘l.
1457 980 1642 1028 xxxvi,
1675 963 1765 1032 ἓ).
1804 983 1821 1014 ι
1859 962 1922 1016 Et
1955 963 2130 1016 illud:
2177 979 2196 1012 ι
2228 961 2397 1015 llomo
2437 962 2659 1016 vanitati
2698 965 2895 1020 similis
2943 964 3123 1018 factus
3157 975 3241 1020 est
3268 981 3282 1017 :
3308 965 3424 1020 dies
3471 966 3592 1034 ejus
3643 969 3788 1022 sicut
3823 968 4008 1025 fuluus

783 1058 969 1125 (Psal.
994 1073 1179 1121 culti,
1203 1060 1234 1112 4
1255 1061 1293 1126 ).
1331 1076 1350 1110 ι

856 1151 1129 1221 Chrysa“.
1177 1154 1231 1204 in
1287 1153 1429 1221 psal.
1476 1151 1977 1207 xxxviiI.—Ilomo
2041 1153 2341 1206 conturba-

787 1251 898 1304 tur,
931 1255 986 1296 et
1039 1242 1256 1295 tandem
1305 1243 1509 1297 interit.
1542 1243 1935 1303 Conturbatur,
1985 1249 2039 1295 et
2078 1251 2339 1312 tanquam

787 1351 1066 1404 nunquam
1111 1345 1269 1390 ortus
1312 1347 1479 1401 esset,
1528 1336 1825 1388 evanescit.
1861 1333 2252 1397 Conturbatur,
2286 1341 2340 1388 et

786 1433 910 1479 ante
956 1426 1241 1496 mergitur,
1296 1441 1458 1494 quant
1508 1425 1573 1476 ad
1641 1423 2092 1491 tranquillitatem
2127 1420 2330 1474 redeat.

785 1518 855 1573 Ut
888 1519 1029 1588 ignis
1091 1517 1476 1578 inﬂaunnatur,
1509 1527 1562 1570 et
1601 1517 1744 1569 velut
1790 1516 1989 1584 stipula
2027 1514 2079 1566 in
2108 1515 2340 1568 cinerem

787 1609 1073 1678 redigitur.
1125 1607 1210 1661 Uti
1242 1608 1476 1674 procella
1516 1607 1776 1673 majorem
1810 1606 1865 1657 in
1904 1605 2124 1657 modum
2149 1604 2347 1656 attolli-

787 1711 894 1762 tur,
937 1709 991 1752 et
1042 1708 1099 1752 ut
1125 1699 1304 1766 pulvis
1340 1699 1663 1765 dissipatur.
1716 1695 1873 1749 Velut
1899 1696 2116 1746 flamma
2146 1710 2343 1749 exsus-

785 1793 1005 1850 citatur,
1068 1800 1124 1842 et
1159 1798 1216 1840 ut
1252 1789 1432 1841 fumus
1483 1787 1762 1840 dilabitur.
1813 1783 1882 1838 Ut
1938 1784 2040 1838 flos
2092 1785 2342 1838 decorem

783 1890 1022 1936 ostentat
1049 1895 1234 1943 suum,
1270 1887 1324 1932 et
1350 1881 1523 1932 instar
1559 1877 1663 1930 feni
1704 1878 2017 1931 marcescit.
2070 1875 2342 1945 Expaudi-

785 1981 876 2026 tur
909 1980 967 2024 ut
1001 1953 1196 2035 nubes,
1227 1978 1281 2024 et
1337 1970 1680 2022 imminuitur
1723 1977 1780 2021 ut
1806 1976 1977 2038 gutta.
2005 1966 2342 2030 lntumescit,

783 2074 838 2118 et
871 2065 1208 2118 distenditur
1233 2071 1291 2114 ut
1317 2063 1487 2126 bulla,
1515 2069 1569 2114 et
1604 2069 1662 2113 ut
1693 2060 1924 2114 scintilla
1949 2059 2341 2128 exstinguitur.

783 2158 1184 2221 Conturbatur,
1231 2163 1285 2208 et
1312 2169 1527 2208 ccenum
1559 2155 1824 2206 duntaxat
1853 2152 2163 2206 divitiarum
2191 2149 2345 2204 effert

783 2263 990 2301 secum.
1013 2245 1406 2306 Conturbatur,
1441 2250 1500 2296 ut
1532 2242 1763 2295 fetorem
1802 2242 2064 2295 lucretur.
2101 2239 2344 2292 Contur-

785 2337 965 2400 batur,
987 2345 1041 2390 et
1070 2339 1188 2390 sine
1221 2336 1330 2387 ullo
1383 2333 1719 2386 turbationis
1742 2331 1924 2385 fructu
1953 2329 2220 2386 abscedit.
2256 2328 2344 2397 lp-

784 2431 902 2483 sius
968 2427 1316 2480 turbationes
1353 2432 1504 2484 sunt,
1541 2425 1772 2477 aliorum
1816 2438 1945 2477 vero
1988 2423 2226 2485 delicia;
2266 2423 2345 2491 ip-

781 2522 898 2573 sius
933 2519 1149 2572 labores
1199 2526 1349 2580 sunt,
1397 2517 1627 2568 aliorum
1664 2516 1938 2581 thesauri;
1971 2514 2147 2583 ipsius
2177 2529 2343 2578 curm,

784 2613 1013 2664 aliorum
1073 2609 1313 2673 .Imtitiae;
1366 2609 1536 2678 ipsius
1596 2606 1919 2661 alﬂietiones
1961 2616 2016 2660 et
2067 2622 2341 2672 aerumnae,

785 2704 1024 2756 aliorum
1078 2699 1294 2754 fructus
1325 2708 1378 2752 et
1435 2699 1842 2768 possessiones;
1892 2698 2062 2766 ipsius
2120 2699 2345 2752 maledi-

783 2793 1016 2854 ctiones,
1072 2791 1304 2847 aliorum
1333 2791 1511 2842 cultus
1539 2796 1593 2841 ct
1609 2787 1887 2855 obsequia.
1923 2787 2197 2842 Adversus
2224 2803 2347 2841 eum

785 2884 1017 2954 gemitus
1071 2883 1422 2936 excitantur:
1467 2878 1608 2948 apud
1657 2880 1793 2932 alios
1839 2893 2021 2931 rerum
2053 2879 2210 2947 copia
2241 2886 2345 2932 est.

785 2975 1065 3030 Adversus
1088 2989 1213 3029 eum
1251 2975 1506 3043 lacryma:
1535 2973 1952 3042 profunduntur
1985 2989 1999 3024 :
2035 2972 2176 3041 apud
2211 2973 2348 3026 alios

785 3082 917 3135 opes
955 3075 1011 3119 et
1067 3067 1317 3136 pecunia:
1361 3075 1672 3118 servantur.
1710 3066 1826 3133 Ipse
1860 3066 2141 3118 cruciatur
2172 3063 2224 3116 in
2263 3064 2348 3116 in-

2511 1145 2859 1218 Ταράσσεται
2887 1147 3195 1218 ἄνθρωπος,
3252 1147 3350 1200 καὶ
3389 1148 3451 1201 τὸ
3479 1148 3630 1210 τέλος
3682 1150 4007 1204 ἀπόλλυται.

2447 1241 2812 1310 Ταράσσεται,
2838 1239 2912 1302 ὡς
2938 1239 3015 1308 μὴ
3041 1241 3331 1309 γενόμενος
3363 1242 3699 1307 ἀφανίζεται.
3730 1242 4010 1311 Ταρασσεο

2443 1348 2559 1392 ται,
2591 1336 2685 1383 καὶ
2709 1332 2839 1398 πρὶν
2877 1332 3209 1399 καταστῆναι
3262 1332 3709 1395 καταποντίζεται
3740 1349 3752 1360 ·
3787 1332 3866 1393 ὡς
3895 1334 4008 1403 πύρ

2446 1421 2788 1483 ἀνακαίεται,
2821 1422 2911 1473 καὶ
2937 1421 3010 1482 ὼς
3036 1421 3258 1489 καλάμη
3279 1422 3681 1490 ἁποτεφροῦται
3709 1440 3724 1452 ·
3750 1423 3826 1484 ὡς
3843 1423 4004 1474 θύελ-

2446 1512 2513 1563 λα
2545 1511 2923 1580 ὑπεραίρεται,
2945 1512 3038 1564 καὶ
3069 1510 3144 1573 ὡς
3167 1512 3314 1574 κόνις
3343 1513 3719 1579 ἐξαφανίζεται
3739 1553 3754 1574 ,
3773 1514 3850 1576 ὡς
3877 1514 4010 1580 φλόξ

2448 1598 2882 1670 ἀναρριπίζεται,
2913 1601 2989 1663 ὼς
3011 1600 3215 1663 καπνὸς
3240 1601 3537 1666 διαλύεται,
3561 1602 3634 1665 ὡς
3655 1603 3812 1666 ἄνθος
3838 1605 4011 1673 ὡραῖ-

2452 1690 2623 1753 ζεται,
2657 1692 2749 1742 καὶ
2778 1690 2854 1752 ὠς
2889 1691 3078 1759 χόρτος
3113 1691 3453 1760 ξηραίνεται·
3478 1693 3553 1754 ῶς
3619 1695 3779 1761 νέφος
3836 1697 4009 1763 ὑπερ-

2450 1783 2715 1834 απλοῦται
2737 1823 2751 1843 ,
2786 1784 2878 1834 καὶ
2911 1783 2986 1844 ὡς
3037 1787 3253 1851 σταγὼν
3305 1783 3664 1853 ἀπομειοῦται
3694 1805 3707 1817 ·
3751 1787 3827 1847 ὡς
3861 1803 4008 1854 πομ-

2446 1872 2615 1938 φόλυξ
2657 1873 2915 1939 ὀγκοῦται
2953 1913 2968 1937 ,
3015 1874 3109 1926 καὶ
3159 1873 3234 1937 ῶς
3294 1877 3527 1945 σπινθὴρ
3589 1877 4004 1931 ἀποσϐέννυται.

2445 1964 2935 2034 Ταράσσεται,καὶ
2962 1965 3057 2018 τοῦ
3107 1965 3337 2018 πλούτου
3388 1969 3548 2037 μόνον
3594 1967 3685 2020 τδν
3746 1968 4008 2039 βόρϐορον

2444 2057 2797 2126 ἀποφέρεται.
2838 2057 3206 2126 Ταράσσεται,
3250 2060 3505 2129 κερδᾶναι
3556 2062 3656 2130 τὴν
3715 2061 4004 2114 δυσωδίαν.

2444 2150 2809 2219 Ταράσσεται.
2860 2151 2955 2204 καὶ
2991 2150 3098 2202 τῶν
3129 2151 3236 2204 ἀπὸ
3274 2153 3373 2221 τῆς
3397 2153 3642 2221 ταραχῆς
3671 2154 3823 2206 οὐδὲν
3859 2153 4005 2221 λαμ-

2444 2238 2620 2290 εάνων
2665 2239 2986 2308 ἀπέρχεται.
3044 2234 3220 2292 Αὐτοῦ
3242 2244 3298 2294 αἱ
3333 2245 3588 2312 ταραχαὶ,
3618 2243 3710 2294 καὶ
3739 2244 3913 2296 ἄλλων
3947 2244 4008 2294 αἱ

2442 2333 2643 2401 τρυφαί
2661 2351 2674 2364 ·
2701 2333 2866 2386 αὐτοῦ
2889 2335 2939 2386 οἱ
2967 2335 3138 2397 πόνοι,
3169 2335 3265 2388 καὶ
3287 2337 3461 2390 ἄλλων
3487 2339 3535 2391 oi
3561 2338 3824 2408 θησαυροί
3849 2356 3862 2368 ·
3895 2341 4001 2390 αὐ-

2442 2423 2538 2476 τοῦ
2567 2425 2621 2476 αἱ
2651 2425 2952 2494 φροντίδες,
2980 2427 3074 2480 καὶ
3115 2427 3287 2481 ἀλλων
3317 2429 3374 2480 αἱ
3414 2431 3742 2500 εὐφροσύναι
3773 2448 3785 2459 ·
3836 2431 4007 2483 αὐτοῦ

2445 2517 2501 2568 αἱ
2522 2515 2752 2583 θλίψεις,
2799 2517 2894 2568 καὶ
2949 2517 3126 2572 ἄλλων
3158 2520 3211 2571 αἱ
3244 2519 3569 2581 ἀπολαύσεις
3590 2537 3605 2550 ·
3633 2522 3795 2574 αὐτοῦ
3821 2525 3875 2574 αἱ
3907 2524 4010 2590 ἀρ-

2447 2606 2643 2674 παγαὶ,
2670 2607 2764 2658 καὶ
2798 2605 2971 2659 ἄλλων
2991 2608 3048 2659 αἱ
3083 2608 3266 2677 ήδοναί
3286 2625 3300 2638 ·
3334 2609 3496 2663 αὐτοῦ
3519 2612 3574 2662 αί
3604 2613 3856 2681 κατάραι,
3910 2614 4010 2664 καὶ

2446 2697 2622 2750 ἄλλων
2649 2698 2706 2749 αἱ
2732 2697 3016 2768 θεραπεῖαι
3049 2714 3066 2729 ⁶
3106 2700 3226 2752 κατ’
3257 2701 3421 2752 αὐτοῦ
3447 2702 3497 2753 οἱ
3526 2704 3850 2771 στεναγμοὶ,
3907 2706 4009 2754 καὶ

2449 2793 2576 2861 παρ’
2612 2791 2821 2860 ἑτέροις
2846 2794 2894 2844 οἱ
2918 2793 3248 2863 πλεονασμοί
3269 2809 3284 2824 σ
3308 2795 3427 2846 κατ’
3484 2795 3649 2847 αὐτοῦ
3669 2797 3736 2848 τὰ
3767 2797 4009 2865 δάκρυα,

2451 2885 2544 2935 καὶ
2574 2883 2704 2952 παρ’
2728 2883 2936 2953 ἑτέροις
2964 2886 3033 2937 τὰ
3063 2885 3343 2954 χρήματα.
3376 2885 3551 2948 Αὐτὸς
3579 2887 3636 2937 ἐν
3659 2887 3756 2956 ᾅδῃ
3780 2887 4006 2950 κολάζε-

2448 2989 2557 3032 ται,
2604 2973 2698 3024 καὶ
2749 2974 2897 3027 ἄλλοι
2950 2973 3208 3036 πολλάκις
3240 2976 3296 3026 ὲν
3317 2976 3430 3036 τοῖς
3485 2974 3650 3026 αὑτοῦ
3692 2976 4012 3044 τρυφῶντες

2448 3063 2743 3132 ψάλλουσι·
2778 3064 2917 3135 πλὴν
2979 3066 3156 3134 μάτην
3207 3067 3537 3134 ταράσσεται
3585 3069 3692 3129 πᾶς
3724 3067 4012 3135 ἄνθρωπος

788 3157 943 3211 ferno
976 3172 989 3207 :
1027 3155 1314 3208 cantillant
1371 3156 1482 3216 alii,
1516 3155 1674 3206 bonis
1722 3154 1842 3220 ejus
1898 3153 1964 3206 ad
1998 3156 2184 3206 luxum
2215 3153 2349 3205 abu-

2456 3156 2585 3219 ζῶν.
2611 3157 2953 3222 1Ἄνθρωπος,
2989 3157 3051 3209 τὸ
3069 3156 3169 3224 τῆς
3190 3157 3337 3224 ζωῆς
3358 3159 3690 3228 πρόσκαιρον
3720 3158 4006 3226 δάνεισμα,

788 3258 986 3302 tentes.
1013 3265 1032 3296 ι
1059 3246 1437 3298 Verumtamen
1454 3261 1587 3298 vane
1610 3244 1974 3297 conturbatur
1991 3244 2170 3296 omnis
2191 3243 2352 3295 homo

790 3346 998 3394 vivens.
1024 3358 1042 3389 ι
1071 3341 1265 3401 Homo,
1287 3340 1379 3406 qui
1398 3339 1559 3390 vitam
1586 3337 1652 3388 ad
1677 3337 1838 3388 breve
1869 3344 2080 3402 tempus
2106 3346 2350 3385 commo-

788 3434 918 3486 dato
977 3432 1205 3500 accepit.
1263 3428 1458 3491 llomo,
1524 3428 1766 3480 debitum
1825 3425 1959 3478 illud
1995 3426 2186 3478 mortis
2215 3424 2351 3475 citra

793 3539 998 3576 moram
1030 3521 1465 3590 persolvendum.
1491 3519 1706 3570 Animal
1733 3516 2033 3569 voluntatis
2051 3514 2351 3574 indomita,

795 3615 1119 3682 improbitas
1179 3612 1330 3665 nullo
1385 3611 1645 3677 magistro
1711 3614 1984 3677 percepta,
2041 3614 2353 3674 spontanee

796 3707 1030 3771 ins-illiw,
1066 3713 1306 3758 astutum
1339 3703 1405 3755 ad
1440 3702 1644 3763 scelus,
1677 3700 2018 3769 ingeniosum
2056 3697 2122 3750 ad
2154 3697 2353 3764 iniqui-

792 3804 982 3858 tatem,
1032 3795 1275 3864 proclive
1306 3791 1372 3845 ad
1421 3793 1727 3854 avaritiam,
1767 3789 2106 3858 inexplebilis
2141 3787 2354 3856 cupidi-

793 3888 942 3949 tatis.
998 3887 1224 3956 spiritus
1275 3893 1533 3940 extrema:
1570 3882 2142 3952 jactantiz,inso|ens
2165 3880 2352 3933 verbis

792 3978 1305 4034 tenteritaszferox
1349 3986 1455 4040 est,
1512 3975 1607 4029 sed
1664 3975 1756 4042 qui
1822 3973 2350 4041 facile‘frangitur:

795 4071 997 4134 audax,
1034 4071 1130 4126 sed
1169 4070 1265 4139 qui
1289 4070 1440 4123 nullo
1467 4069 1686 4138 negotio
1715 4074 2012 4136 superatur
2045 4084 2057 4117 :
2090 4077 2370 4134 arrogans

795 4163 997 4228 lutum,
1051 4161 1322 4231 superbus
1375 4160 1574 4230 pulvis,
1620 4158 1841 4214 inflatus
1901 4158 2063 4212 cinis.
2101 4156 2348 4210 Scintilla

795 4256 960 4309 citius
1009 4268 1369 4317 evanescens,
1427 4252 1645 4305 flamma
1681 4251 1840 4304 facile
1869 4263 2236 4310 marcescens,
2267 4251 2352 4301 lu-

752 4359 960 4420 .cerna
1011 4358 1131 4411 qua:
1178 4343 1346 4397 citius
1408 4342 1802 4410 exstinguitur,
1845 4339 2032 4393 folium
2085 4341 2350 4409 continuo

798 4439 1137 4499 corruptum,
1171 4431 1351 4484 fenum
1390 4445 1552 4499 quam
1613 4430 1845 4498 primum
1875 4444 2150 4492 arescens,
2183 4429 2347 4483 herba

2449 3245 2510 3296 τὸ
2535 3245 2628 3296 τοῦ
2660 3245 2891 3296 θανάτου
2913 3243 3277 3314 ἀνυπέρθετον
3299 3245 3435 3312 δφλη
3445 3264 3541 3313 μα,
3577 3250 3635 3298 τὸ
3661 3252 3722 3301 ὲκ
3750 3252 4011 3318 προαιρέ-

2453 3353 2589 3398 σεως
2620 3335 2931 3405 ἀδάμαστον
2956 3335 3115 3399 ζῶον,
3139 3336 3200 3387 τὸ
3229 3336 3604 3389 αὐτοδίδακτον
3659 3343 4008 3410 πονήρευμα,

2453 3427 2514 3479 τδ
2540 3427 2844 3496 αὐτοματες
2870 3428 3266 3496 ἐπιδούλευμα,
3290 3429 3350 3478 τὺ
3387 3428 3632 3498 εὐτεχνον
3662 3433 3741 3491 εἰς
3773 3449 4010 3504 κακούς-

2430 3518 2594 3585 ιγίαν,
2648 3518 2710 3570 τὸ
2761 3519 3072 3586 εὐμήχανον
3123 3519 3204 3578 είς
3261 3517 3508 3579 ἀδικίαν,
3563 3520 3623 3571 τὸ
3674 3520 4013 3588 ἓτοιμον,εἰς

2452 3607 2784 3674 πλεονεξίαν,
2821 3607 2881 3660 τὺ
2910 3608 3203 3678 ἀκόρεστον
3244 3608 3323 3669 εἰς
3372 3607 3695 3678 ἀπληστίαν,
3723 3612 3785 3663 τὸ
3837 3614 4010 3681 ὐπέρο

2451 3717 2664 3769 κομπον
2721 3698 2958 3768 πνεῦμα,
2986 3700 3046 3751 τὸ
3080 3699 3495 3768 μεγάορῥῆμον
3532 3700 3762 3769 θράσος,
3813 3706 3877 3756 τὸ
3923 3709 4012 3759 εὐ.

2451 3791 2767 3845 διὰλλακτον
2796 3791 3081 3860 φρύαγμα,
3107 3792 3170 3842 τὸ
3194 3791 3461 3844 εὐάλωτον
3489 3794 3763 3863 τόλμημα·
3789 3797 3817 3848 ὀ
3840 3799 4012 3866 πηλός

2451 3883 2734 3952 ὁαύθαδης
2753 3924 2768 3948 ,
2806 3886 2838 3953 ή
2877 3885 3022 3947 κόνις
3056 3885 3089 3954 ὴ
3137 3884 3497 3955 μεγαλόφρων
3519 3925 3534 3948 ,
3564 3889 3598 3956 ἡ
3628 3888 3820 3950 σποδὸς
3848 3892 3882 3958 ή
3918 3907 4013 3940 πε-

2451 3976 2769 4045 φυσιωμὲνη
2800 4014 2815 4036 ,
2855 3977 2884 4028 ὁ
2928 3975 3164 4046 σπινθὴρ
3227 3978 3690 4040 εὐκατάσὸεστος,
3728 3981 3761 4047 ἠ
3805 3981 3938 4045 φλὸξ
3975 3987 4007 4047 ἡ

2449 4067 2808 4136 εὑμάραντος,
2838 4069 2867 4120 δ
2891 4067 3206 4136 εὐριπιστος
3273 4068 3489 4138 λάχνος,
3521 4071 3582 4122 τὸ
3621 4071 4010 4141 ἑτοιμόφθορον

2450 4157 2667 4223 φύλλον,
2698 4158 2727 4210 ό
2755 4158 3082 4226 εὐξήραντος
3137 4159 3350 4228 χόρτος.
3381 4162 3414 4227 ὴ
3436 4161 3768 4229 εὐνέκρωτος
3792 4161 3948 4230 χλόη.
3975 4165 4009 4229 ή

2449 4249 2537 4301 ἀεὶ
2561 4247 2864 4318 δαπάνητος
2890 4247 3094 4314 φύσις..
3115 4248 3174 4298 ὐ
3197 4250 3435 4318 σήμερον
3495 4249 3754 4309 ἀπειλῶν,
3786 4250 3883 4300 καὶ
3909 4251 4006 4301 αὖα

2453 4358 2567 4410 ριον
2585 4340 2853 4394 τελευτῶν
2888 4356 2903 4370 ο
2941 4341 2970 4392 ὁ
2999 4342 3239 4410 σήμερον
3261 4341 3319 4391 ὲν
3343 4339 3583 4410 πλούτῳ,
3609 4342 3703 4392 καὶ
3729 4339 3924 4408 αὐριον
3953 4343 4009 4391 ἐν

2450 4434 2627 4517 τάφῳ.
2667 4449 2682 4462 °
2729 4433 2758 4484 ὁ
2808 4433 3048 4501 σήμερον
3084 4433 3143 4482 ἓν
3191 4431 3515 4500 διαδήματι,
3566 4433 3660 4484 καὶ
3705 4432 3900 4501 αὔριον
3951 4437 4009 4485 ἐν

794 4536 914 4589 quze
949 4521 1130 4573 statim
1163 4521 1453 4581 emoritur,
1489 4529 1685 4571 natura
1715 4534 1835 4587 quae
1860 4533 2073 4586 semper
2110 4519 2348 4572 absumi-

2454 4526 2694 4594 μνήματι
2719 4541 2733 4553 '
2766 4526 2795 4576 ὁ
2824 4527 3061 4594 σήμερον
3093 4523 3151 4574 ὲν
3180 4521 3385 4586 κόλαξι,
3421 4523 3518 4574 καὶ
3556 4522 3743 4591 αὐριον
3779 4527 3835 4575 ἐν
3867 4527 4008 4575 sub-

793 4623 904 4666 tur.
945 4613 1047 4677 Qui
1093 4611 1255 4665 hodie
1287 4612 1466 4665 minas
1502 4612 1754 4669 intentat,
1804 4618 1857 4664 et
1882 4625 2006 4664 cras
2059 4610 2199 4664 diem
2234 4611 2350 4664 obit

794 4715 1120 4757 extremum.
1153 4703 1256 4766 Qui
1291 4701 1449 4755 hodie
1505 4702 1560 4754 in
1591 4703 1812 4770 Opibus,
1845 4709 1900 4755 et
1936 4716 2063 4754 cras
2089 4702 2141 4754 in
2168 4703 2351 4769 sepul-

796 4807 893 4845 cro
923 4803 1006 4845 est
1043 4811 1056 4844 :
1101 4791 1260 4843 hodie
1286 4793 1339 4844 in
1371 4791 1704 4850 diademate,
1728 4806 1848 4844 cras
1874 4792 1926 4844 in
1956 4799 2347 4857 monumento;

795 4883 1070 4954 quihodie
1087 4883 1247 4953 325
1271 4883 1414 4937 inter
1430 4884 1769 4942 adulatores.
1788 4898 1910 4938 cras
1939 4885 2083 4937 inter
2107 4900 2347 4938 vermes:

798 4972 961 5026 hodie
1002 4972 1053 5024 in
1088 4972 1388 5036 thesauris,
1424 4987 1545 5025 eras
1577 4973 1631 5024 in
1666 4975 1900 5038 tumulo;
1939 4975 2031 5041 qui
2058 4976 2213 5028 hodie
2245 4983 2348 5039 est,

797 5074 852 5118 et
877 5078 1000 5116 cras
1023 5078 1140 5115 esse
1172 5063 1408 5127 desinit;
1445 5064 1538 5132 qui
1595 5079 1738 5117 nunc
1791 5066 2028 5120 exsultat
2062 5073 2114 5120 et
2154 5067 2351 5135 gloria-

800 5165 910 5215 tur,
949 5163 1003 5208 et
1027 5155 1190 5224 paulo
1223 5165 1344 5222 post
1383 5154 1635 5223 lugetur;
1662 5157 1756 5224 qui
1787 5158 2066 5226 prosperis
2101 5160 2153 5209 in
2188 5160 2354 5211 rebus

800 5243 1141 5297 intolerando
1196 5247 1456 5312 turgescit
1499 5244 1666 5304 fastu,
1726 5255 1781 5299 et
1834 5247 1887 5299 in
1947 5249 2355 5303 calamitatibus

797 5335 1229 5388 consolationem
1259 5335 1460 5387 nullam
1497 5337 1775 5399 admittit;
1807 5339 1900 5406 qui
1936 5340 2173 5407 seipsqu
2204 5342 2356 5409 igno-

799 5432 904 5486 rat,
941 5435 994 5478 et
1018 5440 1138 5493 quae
1195 5434 1324 5480 sunt
1378 5443 1538 5496 supra
1573 5446 1632 5481 se
1662 5432 1934 5484 curiosius
1969 5433 2234 5495 rimatur;
2262 5434 2355 5500 qui

799 5515 947 5583 quod
1000 5531 1239 5583 pnescus
1306 5527 1389 5570 est
1420 5523 1614 5581 nescit,
1648 5531 1700 5573 et
1756 5521 1826 5575 de
1849 5522 2050 5578 futuris
2081 5535 2353 5593 nugatur;

801 5607 895 5673 qui
952 5614 1142 5674 suapte
1207 5618 1401 5660 natura
1436 5614 1685 5662 ηιοιιίιιίς
1718 5625 1826 5672 est,
1851 5624 1904 5664 et
1928 5620 2051 5683 quia
2087 5619 2355 5683 superbus

800 5705 905 5760 est,
943 5713 1000 5751 se
1034 5699 1418 5768 sempiternum
1460 5711 1635 5771 putat.
1661 5703 1818 5768 Illud,
1862 5706 2104 5775 inquam,
2143 5717 2357 5778 pertur-

805 5787 1085 5838 bationum
1136 5788 1381 5840 omnium
1439 5792 1777 5844 domicilium
1833 5806 2049 5853 patens.
2081 5801 2352 5850 vaiiaruni

2449 4616 2604 4686 ληξιν
2624 4633 2638 4646 ⁸
2662 4618 2691 4668 ό
2724 4618 2963 4686 σήμερον
2983 4617 3039 4668 ἐν
3055 4614 3365 4684 θησαυροῖς,
3396 4615 3491 4666 καὶ
3512 4613 3702 4683 αὔριον
3727 4617 3786 4666 εν
3805 4619 4003 4682 σοροῖςο

2450 4710 2480 4760 ό
2512 4711 2751 4776 σήμερον
2775 4707 2871 4763 ῶν.
2907 4707 3003 4758 καὶ
3034 4705 3221 4776 αὐριον
3253 4705 3326 4774 μὴ
3358 4705 3432 4757 ῶν
3462 4719 3478 4734 ο
3508 4706 3538 4757 ό
3560 4706 3684 4774 ἄρτι
3735 4709 4007 4773 φρυαττόο

2455 4816 2629 4867 μενος,
2663 4799 2755 4850 καὶ
2774 4800 2891 4868 μετ’
2906 4797 3084 4863 ὀλίγον
3113 4797 3476 4865 θρηνούμενος
3507 4812 3520 4824 ’
3550 4797 3654 4848 ὀὲν
3677 4797 4009 4864 εὐπραγίαις

2450 4891 2722 4960 ἀφόρητος
2751 4929 2765 4950 ,
2812 4890 2903 4940 καὶ
2941 4891 2998 4940 ἐν
3061 4890 3416 4957 δυσπραγίαις
3483 4888 3914 4958 ἀπαραμύθητος
3949 4895 4009 4940 -,;

2453 4978 2642 5028 ἑαυτὸν
2665 4976 2894 5042 ἀγνοῶν,
2924 4978 3018 5027 καὶ
3042 4977 3108 5026 τὰ
3143 4977 3282 5044 ὑπὲρ
3304 4978 3493 5028 ἑαυτὸν
3517 4979 4004 5046 πολυπραγμονῶν·

2452 5069 2480 5119 ὁ
2502 5066 2562 5117 τὸ
2589 5067 2758 5135 παρὸν
2789 5067 2886 5117 οὐκ
2924 5066 3097 5127 εἰδὼς,
3127 5069 3220 5117 καὶ
3249 5068 3373 5133 περὶ
3402 5066 3510 5118 τῶν
3547 5067 3848 5133 μελλόντων
3876 5086 4007 5133 ζαν-

2454 5158 2764 5228 ταζόμενος·
2784 5161 2811 5210 ό
2839 5157 2997 5225 φύσει
3031 5158 3239 5226 θνητὸς,
3268 5160 3362 5210 καὶ
3388 5162 3451 5227 τῇ
3486 5161 3733 5227 ὲπάρσει,
3760 5160 3838 5221 ὡς
3859 5162 4011 5226 νομί-

2456 5252 2561 5314 ζει,
2629 5250 2862 5314 αἰώνιος,
2903 5250 2977 5301 Τὸ
3005 5250 3202 5310 παντὸς
3254 5249 3454 5311 πάθους
3503 5251 3818 5304 εὐδιάϐατον
3880 5270 4008 5304 κατ-

2455 5343 2708 5409 αγώγιον·
2729 5341 2787 5393 τὸ
2801 5341 2907 5392 τῶν
2932 5340 3173 5410 πυρετῶν
3197 5341 3489 5410 ἀδιάφορον
3505 5344 3753 5408 παίγνιον
3779 5361 3792 5374 ³
3821 5346 3883 5397 τὸ
3906 5346 4007 5395 τῶν

2458 5434 2755 5502 συμφορῶν
2790 5433 3173 5502 καθημερινῶν
3209 5434 3503 5501 γυμνάσιον
3536 5450 3550 5463 ’
3577 5434 3638 5484 τὸ
3675 5437 3858 5502 πάσης
3919 5435 4006 5485 λύο

2455 5541 2565 5594 πης
2601 5525 2966 5592 εὐπράδεγτον
2997 5525 3324 5590 πανδοχεῖον.
3359 5526 3421 5576 Ὦ
3445 5526 3582 5593 πόση
3614 5525 3712 5594 τῆς
3735 5528 4006 5593 ήμετέραε

2456 5615 2726 5677 εὐτελείας
2754 5619 2786 5684 ή
2822 5616 3114 5684 τραγῳδίαὶ
3148 5615 3307 5676 πότος
3340 5614 3432 5683 τῆς
3468 5617 3812 5683 ἀνθρωπίνης
3849 5616 4004 5666 ἀσθε-

2456 5707 2603 5768 νείας
2631 5708 2658 5757 ὁ
2685 5707 2978 5775 Θρίαμϐοςῐ
3027 5707 3072 5758 ῶ
3115 5708 3253 5758 πόσα
3306 5702 3482 5758 εἷττονῗ
3524 5705 3622 5773 τῆς
3664 5709 4002 5772 amenti-.73,-

2458 5799 2637 5863 φωνῆς
2659 5799 2805 5850 οὐδὲν
2830 5798 3220 5866 ἁρμοδιώτερον
3242 5793 3396 5867 εζρσν
3425 5798 3520 5866 τῆς
3552 5797 3833 5865 λεγούσης.
3863 5797 4000 5862 Hlip
