4218 6446
208 417 343 483 1133

1302 413 1311 429 ν
1390 406 1625 485 SACRA
1660 398 2118 484 PARALLELA.

3282 384 3414 457 1134

202 533 531 602 ταράσσεται
598 526 703 589 πᾶς
756 524 1037 594 ἄνθρωπος
1067 523 1174 587 ζῶν
1206 537 1219 551 ·
1257 518 1452 589 νεκροῦ
1500 515 1765 586 άχρηστό·
1792 518 1834 574 Α

1748 518 1834 574 -Α
1868 514 2101 567 febrium
2154 507 2459 570 ludicrum,
2524 505 2974 577 quotidianarum
3044 504 3414 559 calamitatum

200 641 336 694 τερα
363 622 431 675 τὰ
466 619 692 690 λαμπρά
717 618 808 671 τοῦ
831 615 1092 685 παρόντος
1122 613 1257 683 βίου.

1867 602 2233 675 gymnasium,
2253 610 2557 671 promptum
2580 600 2832 654 muaroris
2858 598 3035 651 omnis
3053 605 3415 665 conceptacu-

204 684 336 770 lum.
368 715 410 766 Ο
433 684 638 783 quanta
659 707 890 763 vilitatis
915 684 1117 759 nostra:
1144 698 1406 771 tragmdia
1427 699 1440 751 ι
1460 703 1702 769 quantus
1732 691 2071 747 inﬁrmitatis
2098 698 2301 745 nostra:
2327 688 2671 758 triumphus!
2695 687 2739 742 Ο
2766 692 2899 758 quot
2938 690 2991 741 et
3026 696 3238 788 quanta
3264 684 3409 788 dixi!

204 825 306 864 nec
331 780 509 862 tamen
542 804 840 874 quidquam
881 801 1063 869 aptius
1090 795 1413 867 prophetica
1440 807 1574 847 voce
1604 790 1782 860 reperi
1823 787 2039 842 dicente
2080 805 2092 839 :
2127 804 2144 836 ι
2189 780 2580 839 Verumtamen
2620 797 2769 874 vane
2821 780 3212 874 conturbatur
3238 780 3420 832 omnis

204 901 369 955 homo
417 872 631 950 vivens.
666 872 703 945 »⁷
732 890 910 945 Minus
938 903 1104 959 quam
1151 884 1388 940 cadaver
1422 880 1671 938 utilitatis
1723 878 1942 943 habent,
1974 892 2096 947 qua:
2172 878 2226 929 in
2297 875 2400 929 hoc
2464 873 2669 929 sajculo
2725 873 3015 943 splendida
3055 872 3425 943 praclaraque

205 996 358 1043 sunt.

271 1080 354 1133 Τά
374 1077 616 1148 παρόντα
666 1073 841 1127 πάντα
884 1070 1128 1139 ἀράχνης
1176 1067 1323 1120 ἐστὶν
1377 1062 1760 1134 ἁδρανέστερα,

206 1182 306 1235 καὶ
350 1174 573 1244 ὀνείρων
630 1165 1014 1236 άπατηλότερα
1046 1177 1058 1190 ’
1092 1159 1187 1214 καὶ
1251 1157 1359 1230 γὰρ
1412 1154 1508 1208 καὶ
1552 1150 1765 1244 Ϋὰγαθὰ,

204 1273 303 1327 καὶ
330 1267 402 1321 τὰ
428 1241 579 1318 κακὰ
604 1261 759 1321 τέλος
789 1256 920 1326 ἔχει.
953 1251 1191 1314 Είδότες,
1211 1244 1506 1317 ἀγαπητοὶ,
1534 1243 1607 1305 ὡς
1634 1241 1768 1310 ὄναρ

204 1363 273 1415 τὰ
323 1357 591 1429 παρόντα,
657 1351 750 1405 καὶ
779 1348 853 1411 ὡς
886 1344 1194 1413 πανδοχεῖον
1249 1341 1526 1408 οἰκουμεν,
1576 1334 1651 1399 ὡς
1682 1333 1771 1387 διὰ

206 1426 774 1517 παντὸς-ἐξερχόμενοι
805 1454 818 1468 ·
849 1436 1228 1508 φροντίσωμεν
1253 1431 1351 1501 τῆς
1381 1428 1524 1491 ὁδοῦ,
1583 1427 1677 1481 καὶ
1702 1426 1770 1478 τὰ

209 1544 400 1613 ἐφόδια
428 1541 529 1610 τῆς
553 1536 772 1590 αἰωνίου
801 1531 946 1600 ξωῆς
973 1526 1359 1596 ὲπαγάγωμεν.
1399 1517 1775 1613 Ἐνόνσώμεθα

210 1610 402 1709 ἱμάτια
422 1633 489 1686 τά
524 1629 642 1702 μεθ’
658 1626 831 1701 ,ἡμῶν
867 1620 1217 1692 ἀπερχόμενα
1241 1632 1253 1645 ’
1296 1613 1608 1709 ὥσπερμτῆς
1638 1610 1774 1709 ἰδίας

214 1692 373 1790 σκιᾶς
401 1726 501 1779 οὐκ
520 1692 666 1776 ἐστιν
694 1692 1071 1777 ἐπιλαϐέσθαι,
1093 1709 1266 1772 οὕτως
1291 1706 1411 1761 οὐδὲ
1433 1704 1542 1758 τῶν
1569 1692 1773 1773 ἀνθρω-

212 1821 388 1873 πίνων
441 1811 803 1887 πραγμάτων.
839 1804 923 1858 Τὰ
953 1803 1050 1873 μὲν
1081 1801 1191 1871 γὰρ
1229 1800 1297 1867 τῇ
1331 1794 1773 1887 τελευτῇῲκατα-

1938 1055 2133 1126 Ejusd.
2167 1054 2324 1109 llam.
2365 1058 2429 1109 de
2453 1057 2632 1123 pmuit.
2660 1084 2729 1095 ——-
2762 1051 3059 1110 Prassenlia
3090 1058 3270 1110 omnia
3305 1065 3428 1110 ara-

1865 1156 1979 1203 nea:
2015 1148 2121 1202 tela
2159 1148 2518 1202 imbecilliora
2551 1157 2702 1212 sunt,
2737 1150 3096 1203 etinsomniis
3124 1149 3427 1206 fallacior-ai.

1865 1240 1999 1293 Nam
2031 1250 2083 1295 et
2115 1242 2255 1295 bona
2281 1248 2335 1295 et
2364 1243 2505 1295 mala
2542 1242 2701 1296 finem
2739 1242 2960 1295 habent.
3012 1241 3148 1296 Cum
3177 1259 3306 1311 ergo
3330 1254 3427 1297 ex-

1868 1332 2139 1402 ploratum
2196 1331 2514 1400 habeamus,
2561 1334 2895 1399 charissimi,
2935 1336 3222 1403 praesentia
3247 1336 3429 1388 Omnia

1871 1424 2128 1477 insomnii
2182 1423 2468 1493 Cujusdam
2520 1424 2694 1478 instar
2727 1440 2873 1490 esse,
2940 1441 3154 1495 uosque
3193 1427 3340 1480 velut
3376 1427 3429 1479 in

1874 1515 2181 1571 diversorio
2202 1531 2382 1586 agere,
2412 1532 2476 1571 ex
2509 1531 2618 1583 quo
2650 1518 2824 1571 simus
2852 1522 3077 1573 omnino
3102 1518 3391 1588 migraturi
3417 1534 3431 1581 ;

1876 1606 2088 1662 itineris
2144 1622 2331 1661 curam
2370 1607 2689 1673 habeamus,
2728 1618 2889 1677 atque
2920 1621 3132 1663 aeternae
3153 1612 3278 1664 vitae
3319 1610 3434 1663 via-

1874 1698 1981 1752 tica
2032 1698 2190 1752 nobis
2251 1712 2651 1766 comparemus.
2718 1698 2911 1755 Vestes
2950 1700 3439 1771 iuduamus,.qua:

1876 1790 2159 1845 nobiscum
2220 1789 2429 1842 abeant.
2479 1784 2945 1853 Quemadmodum
2991 1806 3147 1845 nemo
3190 1792 3437 1844 umbram

211 1913 420 1977 λύεται,
446 1880 516 1962 τά
537 1880 730 1971 πρὸ
746 1900 844 1968 τῆς
868 1896 961 1950 καὶ
999 1887 1512 1960 παντὸςχειμάῤῥου
1550 1882 1775 1977 ὀξυρρε-
1805 1890 1847 1945 Β

1805 1890 1847 1945 Β
1875 1894 2028 1934 suam
2062 1887 2283 1949 captare
2310 1888 2522 1948 potest;
2563 1880 2641 1933 sic
2669 1894 2766 1934 nec
2796 1896 2883 1935 res
2910 1884 3195 1936 humanas.
3227 1880 3449 1935 Etenim.

213 1971 478 2071 πέστερον
547 1995 782 2065 παράγει
829 2007 843 2020 ·
900 1988 970 2041 τά
1011 1987 1069 2039 δὲ
1123 1983 1384 2054 μέλλοντα
1450 1979 1550 2031 οὐκ
1630 1971 1771 2071 οἶδεν

217 2067 547 2167 μεταὸνολήν.
574 2087 688 2142 Οὐκ
736 2083 1024 2136 ἐπίσταται
1084 2077 1287 2147 γῆρας,
1338 2075 1439 2167 οὐκ
1486 2071 1597 2141 ἔχει
1643 2067 1773 2167 ,τινὰ

212 2158 517 2249 άλλοίωσιν,
565 2179 679 2234 ἀλλ’
734 2174 888 2229 ἀνθεῖ
938 2168 1199 2241 διηνεκῶς
1232 2206 1248 2231 ,
1303 2166 1397 2219 καὶ
1423 2165 1479 2215 ὲν
1506 2158 1775 2249 ποικίλαις

216 2247 546 2346 εὐπραγίαις
578 2266 842 2336 διαμένει.
873 2260 964 2331 Μὴ
984 2258 1293 2353 θαυμάσῃςΔ
1320 2257 1580 2353 χρήματα
1604 2249 1674 2303 τὰ

216 2344 603 2437 παραμένοντα
628 2360 741 2420 τοῖς
774 2351 1151 2423 κεκτημένοις,
1184 2349 1295 2403 ἀλλ’
1328 2344 1624 2437 ἀμείϐοντα
1653 2344 1777 2403 τοὺς

215 2434 506 2519 δεσπότας,
537 2453 631 2507 καὶ
664 2451 770 2506 ἀπὸ
803 2448 995 2503 τούτου
1046 2439 1410 2511 ἀπο-πηδῶντα
1439 2438 1520 2500 εἱς
1570 2434 1775 2504 ἕτερον,

218 2552 318 2607 καὶ
344 2548 505 2604 πάλιν
536 2547 630 2601 ἀπ’
653 2543 862 2598 ἐκείνου
927 2537 1065 2608 πρὸς
1088 2534 1245 2590 ἄλλον
1265 2549 1280 2565 ο
1312 2530 1515 2584 τούτων
1562 2526 1781 2580 πάντων

218 2643 305 2696 δεῖ
334 2639 686 2695 καταπτύειν.
722 2632 906 2705 ’Δρκεῖ
936 2630 1044 2700 γὰρ
1086 2624 1319 2681 ἀκοῦσαι
1362 2624 1457 2676 καὶ
1501 2616 1780 2691 μόνοντοῦ

220 2733 508 2801 λέγοντος·
556 2748 575 2781 ς
606 2729 686 2781 Τὰ
718 2723 1052 2795 ξβλεπόμενα
1114 2717 1425 2788 πρόσκαιρα
1450 2732 1461 2741 ⁴
1492 2713 1564 2765 τὰ
1601 2710 1659 2763 δὲ
1706 2708 1781 2779 μὴ

225 2824 554 2894 βλεπόμενα,
588 2816 802 2874 αἰώνια.
841 2834 861 2870 ι
893 2813 1058 2875 sua;
1103 2809 1294 2864 θᾶττον
1323 2802 1555 2860 ἀπανθεῖ
1581 2801 1651 2855 τὰ
1686 2801 1781 2853 άν-

226 2913 499 2984 θρώπινα.

299 3166 525 3227 Οὐδενὸς
571 3163 740 3226 οὕτως
766 3162 841 3225 ὼς
890 3160 1081 3231 χρόνου
1136 3153 1434 3235 πονόμεθαἶ
1473 3151 1583 3204 Καὶ
1619 3150 1652 3220 ἡ
1689 3148 1787 3213 μὲν

1874 1974 1977 2026 illae
2014 1973 2211 2041 partim
2251 1971 2303 2024 in
2338 1983 2513 2025 morte
2542 1971 2881 2036 dilabuntur,
2913 1973 3115 2041 partim
3138 1985 3263 2028 ante
3294 1989 3442 2028 mor-
3546 1987 3548 1991 '

1874 2071 2008 2128 tem;
2043 2072 2097 2117 et
2156 2064 2347 2133 quovis
2386 2060 2627 2117 torrente
2676 2065 2920 2133 rapidius
2976 2054 3177 2118 fluunt.
3239 2064 3441 2119 Contra
3502 2093 3510 2103 -

1874 2164 2025 2218 vero,
2065 2170 2185 2223 qum
2214 2147 2464 2223 posthac'
2491 2155 2669 2208 futura
2695 2164 2843 2219 suut,
2905 2171 3004 2211 nec
3063 2142 3443 2235 mutationem,

1876 2262 1977 2300 nec
2004 2247 2213 2300 senium
2246 2254 2472 2300 norunt.
2505 2246 2665 2300 Nulla
2693 2264 2745 2300 iu
2774 2248 2887 2301 lnec
2927 2251 3220 2304 conversio
3251 2249 3399 2303 cadit
3429 2266 3443 2302 :

1877 2335 1971 2389 sed
2001 2335 2122 2389 sine
2172 2335 2283 2388 ulla
2314 2335 2725 2396 intermissione
2776 2334 2996 2399 liorem,
3033 2340 3167 2392 etin
3199 2340 3345 2392 varia
3393 2347 3449 2393 et

1879 2427 2165 2495 multiplici
2249 2426 2513 2483 felicitate
2562 2438 2842 2498 perstant.
2899 2430 3041 2485 Cave
3074 2447 3168 2487 eas
3196 2447 3328 2502 opes
3350 2433 3448 2485 ad-

1880 2518 2117 2578 mireris,
2153 2534 2273 2586 qua:
2299 2534 2423 2573 cum
2456 2520 2692 2576 dominis
2739 2522 2963 2575 minime
2992 2533 3332 2593 permanent,
3355 2528 3448 2581 sed

1878 2623 1975 2661 eos
1999 2608 2227 2665 subinde
2256 2618 2487 2677 mutant,
2506 2619 2672 2682 atque
2697 2612 2768 2668 ab
2791 2629 2900 2668 uno
2927 2617 2992 2670 ad
3021 2617 3250 2671 alterum
3272 2628 3453 2673 traus~

1881 2700 2059 2762 iliunt,
2078 2709 2131 2755 et
2152 2715 2347 2757 rursus
2363 2703 2431 2756 ab
2451 2702 2545 2756 illo
2567 2703 2633 2758 ad
2661 2705 2978 2762 alium.Ha:c
2994 2708 3177 2763 omnia
3196 2724 3453 2777 respuen-

1883 2793 1950 2847 da
1984 2802 2132 2847 sunt.
2158 2792 2368 2847 Sufﬁcit
2391 2794 2535 2849 enim
2578 2795 2657 2849 vel
2688 2795 2739 2849 id
2776 2812 2945 2851 unum
2982 2799 3172 2855 audire
3204 2803 3349 2871 quod
3379 2804 3455 2858 ait

1884 2886 2180 2953 ApOstolus
2212 2903 2227 2939 :
2260 2904 2279 2937 ι
2305 2884 2437 2952 Quae
2476 2888 2746 2951 videntur,
2794 2892 3109 2960 temporalia
3148 2901 3307 2960 sunt;
3335 2910 3456 2964 quae

1884 2985 2064 3031 autem
2112 2992 2223 3029 non
2256 2976 2531 3041 videntur,
2586 2989 2791 3033 :elerna
2824 2982 2841 3048 (
2874 2979 2936 3034 II
2972 2981 3102 3037 Cor.
3146 2998 3218 3047 ιν,
3256 2985 3385 3052 18).
3432 3007 3450 3037 ι

1888 3070 2090 3126 Umbra
2132 3081 2152 3123 ἢ
2270 3070 2313 3125 is
2373 3070 2606 3126 celerius
2662 3087 2749 3127 res
2793 3072 3044 3128 humana:
3085 3088 3454 3131 marcescunl.

1959 3160 2074 3215 Nili
2108 3170 2317 3221 ascetw,
2351 3157 2447 3215 lib.
2470 3177 2544 3226 iv,
2580 3164 2738 3232 epist.
2767 3164 2854 3231 18,
2878 3163 3118 3220 Letorio.
3144 3197 3214 3206 -
3242 3166 3458 3225 Nullius

228 3263 396 3331 τέχνη
462 3222 667 3328 μακρά,
720 3222 941 3323 βραχὺς.
970 3252 1029 3305 δὲ
1070 3253 1098 3300 ὁ
1130 3249 1241 3315 βίος
1276 3222 1466 3313 ὴμῶν.
1503 3244 1699 3310 Ἐγγὺς
1729 3241 1791 3294 τὸ
1815 3222 1859 3281 c

1815 3222 1859 3281 θ
1894 3254 2117 3325 perinde
2155 3254 2233 3307 rei
2262 3293 2277 3315 ,
2311 3260 2373 3306 ut
2421 3222 2705 3324 temporis,
2754 3259 2983 3325 penuria
3015 3258 3349 3315 laboramus.
3381 3262 3458 3316 Ac

230 3353 386 3415 τέλος
436 3349 535 3417 τῆς
566 3344 709 3416 ζωῆς
746 3359 762 3374 ο
814 3340 1181 3411 γρηγόρησον,
1221 3336 1496 3404 ἄνθρωπε.

305 3548 621 3612 Καθεύδεις,
638 3545 732 3599 καὶ
750 3546 779 3597 ὁ
796 3542 985 3612 χρόνος
1009 3556 1070 3593 σε
1096 3536 1791 3610 παρατρέχειοὲγρήγορας,

235 3644 334 3698 καὶ
370 3644 498 3714 περὶ
524 3640 593 3694 τὰ
626 3638 828 3708 μάταια
851 3634 951 3703 τὴν
988 3631 1183 3685 ἑαυτοῦ
1212 3630 1521 3702 περιέλκεις
1550 3624 1791 3697 καρδίαψ

235 3735 353 3789 ἀλλ’
383 3736 533 3804 ὅμως
562 3729 809 3802 μειοῦται
835 3729 871 3797 ἠ
899 3725 1012 3796 ζωή
1053 3721 1302 3793 σουικᾶν
1316 3720 1477 3783 αὐτὸς
1502 3719 1577 3790 μὴ
1606 3716 1795 3770 αἰσθά-

238 3843 328 3897 νῃ,
360 3824 495 3896 μηδὲ
522 3823 727 3892 συνιῇς.

311 4026 491 4080 Φύλλα
518 4024 610 4077 καὶ
654 4019 1036 4092 πομφόλυγας,
1086 4018 1182 4070 καὶ
1204 4014 1431 4078 καπνὸν,
1459 4013 1553 4066 καὶ
1599 4012 1794 4080 ἄχυρα,

242 4123 344 4179 καὶ⁵
367 4122 547 4185 σκιὰν,
575 4118 669 4172 καὶ
689 4117 968 4188 κονίορτον
1000 4114 1107 4169 άπὸ
1135 4113 1351 4177 ἅλωνος,
1378 4106 1799 4181 ἐκριπτούμενον

243 4217 353 4269 ὑπὸ
380 4215 584 4277 ἀνέμου
631 4213 891 4281 προεῖπον
939 4208 1120 4263 πάντα
1151 4206 1245 4260 τοῦ
1290 4205 1551 4276 παρόντος
1606 4201 1799 4262 αἰῶνος

242 4305 312 4357 τά
332 4300 578 4372 λαμπρά.
603 4298 787 4351 Πάντα
812 4298 920 4367 γὰρ
951 4295 1021 4349 τά
1045 4297 1206 4365 γήϊνα
1239 4294 1337 4363 τὴν
1397 4293 1499 4362 γῆν
1557 4289 1800 4361 εὑρίσκει

243 4396 420 4456 τέλος.

326 4506 681 4575 Ἱππόδρομον
702 4502 911 4573 νοήσεις
940 4499 1029 4552 τὸν
1066 4498 1308 4569 παρόντα
1345 4497 1535 4551 αἰῶνα.
1594 4496 1800 4559 Πάντες

245 4603 358 4671 γάρ
380 4601 436 4651 ἐν
458 4595 607 4666 αὐτῷ
643 4593 836 4664 φαῦλοί
862 4610 922 4645 τε
954 4592 1049 4644 καὶ
1078 4589 1275 4657 ἁγαθοὶ
1314 4588 1589 4659 ἄνθρωποι
1647 4588 1804 4658 δίκην

248 4695 421 4745 ἵππου
443 4688 694 4760 τρέχουσι
724 4685 859 4756 πρὸς
876 4684 939 4736 τὸ
970 4678 1171 4736 οἰκεῖον
1204 4682 1431 4745 ἕκαστος
1460 4680 1805 4750 ἐπειγόμενοι

249 4785 452 4853 πέρας.
492 4802 511 4833 ι
547 4781 661 4834 Οὐκ
688 4778 886 4842 οἴδατε,
909 4778 1094 4846 φησιν,
1140 4777 1291 4829 ὄτιοὶ
1328 4776 1387 4828 ὲν
1418 4776 1616 4845 σταδίτρ
1677 4774 1806 4843 τρέα

252 4888 461 4943 χοντες,
514 4872 717 4932 πάντες
775 4868 875 4938 μὲν
923 4867 1231 4938 τρέχουσιν,
1256 4861 1336 4930 εἷς
1374 4866 1430 4919 δὲ
1458 4865 1722 4935 λαμϐάνει
1750 4860 1810 4915 τῖ)

252 4965 537 5036 βραδεῖονς
591 4960 729 5028 Ἐγὼ
782 4960 962 5013 τοίνυν
1016 4958 1157 5011 οὕτω
1183 4960 1382 5029 τρέχω,
1425 4959 1501 5021 ὡς
1546 4959 1646 5011 οὐκ
1679 4957 1808 5025 ἀδή-

249 5057 384 5117 λως.
423 5073 441 5105 ι
508 5053 741 5115 Εἰκότως
796 5048 888 5105 οὖν
938 5051 1267 5121 ἱππόδρομον
1291 5051 1520 5120 λέγομεν
1565 5051 1657 5103 τὸν
1676 5067 1811 5118 παρ-

252 5147 384 5198 όντα
407 5141 538 5212 βίον.

328 5255 463 5325 θρὶξ
481 5252 884 5323 λελευκασμένη
916 5252 1014 5322 τὴν
1066 5250 1315 5315 ἐντεῦθεν
1339 5250 1439 5320 τῆς
1467 5239 1641 5320 ψυχῆς
1679 5250 1813 5301 ἀποι·

252 5348 459 5417 δημίαν
510 5346 608 5416 βοᾷ
651 5344 745 5397 καὶ
807 5344 1253 5415 διαμαρτύρεται.
1308 5344 1493 5407 Ὅθεν,
1558 5341 1704 5396 κατὰ
1747 5340 1808 5392 τὸ

256 5436 663 5506 γεγραμμένον,
707 5453 725 5486 ι
759 5434 1009 5503 ἐτοίμαζε
1039 5434 1105 5487 τὰ
1135 5436 1272 5507 ἔργα
1322 5450 1415 5487 σου
1460 5434 1540 5495 είς
1586 5432 1684 5501 τὴν
1732 5430 1815 5493 ἐξ-

257 5528 399 5580 οδον.
438 5544 456 5575 ι
499 5525 728 5578 Θεατέον
770 5525 880 5595 γὰρ
925 5526 1021 5594 τὴν
1041 5525 1223 5595 χώραν
1270 5524 1368 5595 τῆς
1419 5524 1688 5592 κεφαλῆς,
1723 5521 1815 5574 καὶ

258 5616 356 5668 τοῦ
381 5616 661 5683 πώγωνος,
690 5617 770 5670 ὃτι
804 5617 972 5686 λευκὴ
996 5617 1229 5688 ὑπάρχει
1254 5616 1391 5688 πρὸς
1413 5614 1692 5687 θερισμὸν,
1721 5614 1816 5666 καὶ

264 5708 453 5776 μέλλει
485 5708 728 5779 ὃρεπάνη
755 5728 835 5774 τις
853 5712 1016 5781 νοητὴ
1045 5711 1131 5764 διὰ
1152 5710 1381 5764 θανάτου
1413 5707 1696 5778 ὶκτέμνειν
1716 5705 1817 5776 τὴν

261 5801 444 5870 ψυχήν
473 5817 564 5853 σου
593 5804 654 5855 ἐκ
672 5802 765 5855 τοῦ
816 5803 1081 5873 σώματος,
1149 5805 1242 5857 καὶ
1289 5804 1368 5866 εἰς
1425 5801 1604 5865 ξένους
1664 5798 1817 5861 τινὰς

1893 3345 2116 3414 quidem
2170 3358 2262 3398 ars
2294 3343 2453 3413 longa
2507 3352 2624 3412 est;
2657 3347 2769 3401 vita
2801 3358 2982 3404 autem
3006 3359 3215 3418 nostra,
3247 3351 3452 3408 brevis.

1900 3433 2031 3487 Viue
2055 3434 2178 3488 ﬁnis
2218 3434 2485 3490 imminet.
2527 3433 2725 3509 Vigila,
2767 3453 2811 3494 ο.
2837 3439 3025 3497 homo.

1968 3543 2219 3614 Ejusdem
2270 3546 2364 3599 lib.
2409 3560 2488 3610 Ill,
2544 3549 2696 3615 epist.
2754 3549 2857 3602 3‘17
2894 3550 3002 3619 (al.
3051 3549 3360 3625 Hesychii).
3392 3586 3459 3597 —-

1900 3637 2142 3704 Dormis,
2176 3645 2232 3692 et
2270 3645 2483 3704 tempus
2518 3646 2572 3694 te
2610 3642 3051 3712 praatergreditur
3082 3657 3099 3697 :
3136 3646 3360 3716 vigilas,
3398 3664 3461 3702 ac

1898 3736 2128 3783 mentem
2185 3735 2334 3781 tuam
2365 3727 2513 3783 circa
2555 3745 2643 3785 res
2675 3746 2844 3788 vanas
2891 3734 3188 3791 abstrahis.
3238 3734 3457 3792 Interim

1899 3821 2002 3872 vita
2052 3828 2140 3873 tua
2196 3819 2556 3881 imminuitur,
2602 3834 2726 3876 cum
2786 3833 2887 3881 nec
2935 3828 3058 3897 ipse
3092 3831 3327 3898 sentias,
3364 3848 3460 3888 nec

1901 3912 2188 3983 intelligas.

1968 4023 2238 4093 Ejusdem.
2270 4025 2474 4082 Forsan
2506 4027 2775 4099 llesychii.
2808 4031 3067 4097 —Fo|ia,
3100 4043 3154 4089 et
3182 4036 3377 4103 bullas,
3406 4047 3462 4092 et

1901 4114 2125 4171 fumum.
2162 4122 2215 4169 et
2237 4116 2441 4185 paleas,
2470 4128 2524 4171 et
2546 4120 2816 4186 umbram,
2846 4129 2900 4173 et
2925 4124 3203 4191 pulverem
3228 4127 3295 4179 ab
3332 4142 3457 4181 area

1900 4207 1949 4260 vi
2001 4209 2147 4260 venti
2198 4222 2507 4275 excussum,
2529 4225 2744 4265 omnem
2796 4212 2959 4282 hujus
2985 4214 3085 4268 aavi
3118 4218 3457 4285 splendorem

1900 4296 2207 4364 appellarit.
2242 4295 2482 4352 Terrena
2538 4301 2681 4354 enim
2724 4303 2907 4355 omnia
2938 4309 3139 4358 terram
3170 4304 3330 4360 finem
3362 4309 3462 4361 ha-

1902 4386 2051 4440 bent.

1977 4500 2245 4569 Ejusdem.
2268 4501 2602 4558 —Praescns
2645 4519 2819 4559 azvum
2853 4484 2974 4562 esse
3005 4509 3212 4562 circum
3257 4513 3456 4581 cogita.

1906 4590 2109 4646 Omnes
2137 4593 2279 4648 enim
2304 4596 2357 4646 in
2391 4608 2456 4648 eo
2487 4603 2593 4648 tam
2637 4594 2786 4660 boni,
2816 4611 2977 4665 quam
3009 4600 3160 4663 mali,
3197 4615 3459 4671 equorum

1907 4683 2082 4737 instar
2132 4694 2383 4748 currunt,
2429 4686 2496 4739 ad
2541 4700 2695 4741 suam
2727 4689 2964 4757 quisque
2995 4698 3190 4743 metam
3221 4701 3416 4747 conten
3444 4727 3459 4734 -

1906 4773 2117 4827 dentes.
2168 4793 2185 4824 ‹
2210 4775 2288 4826 An
2324 4776 2576 4840 nescitis,
2614 4776 2792 4846 inquit
2822 4779 2930 4841 ille,
2975 4780 3117 4848 quod
3143 4782 3238 4852 qui
3265 4784 3317 4837 in
3346 4797 3460 4837 sta-

1905 4863 1996 4916 dio
2038 4860 2508 4925 curruut,’omnes
2543 4866 2761 4935 quidem
2822 4878 3071 4934 currunt,
3105 4888 3245 4927 unus
3285 4885 3460 4928 autem

1909 4954 2105 5023 accipit
2154 4955 2447 5009 bravium?
2504 4956 2615 5026 Ego
2648 4958 2727 5011 sic
2762 4974 2944 5020 curro,
2979 4977 3084 5014 non
3113 4964 3267 5031 quasi
3302 4965 3354 5018 in
3379 4967 3461 5018 in-

1909 5055 2115 5100 certum
2143 5045 2205 5115 (1
2232 5046 2358 5102 Cor.
2396 5064 2469 5111 Ix,
2498 5048 2733 5117 24,26).
2759 5069 2775 5100 ι
2812 5049 2927 5104 Non
2959 5054 3026 5105 ab
3056 5055 3296 5124 reigitur
3327 5072 3463 5123 prae-

1911 5147 2117 5193 sentem
2146 5140 2312 5192 vitam
2343 5142 2550 5195 circum
2574 5143 2939 5211 appellamus.

1981 5252 2249 5320 Ejusdem.
2271 5285 2336 5297 —-
2369 5254 2631 5317 Canities,
2675 5259 2870 5309 anima:
2903 5272 2965 5310 ex
2995 5256 3095 5311 bac
3120 5260 3227 5313 vita
3257 5261 3464 5315 disces-

1912 5355 2033 5395 sum
2083 5342 2282 5397 clamat
2307 5348 2362 5398 et
2389 5352 2745 5397 contestatur.
2785 5346 3078 5410 Quocirca,
3115 5350 3465 5417 quemadmo-

1912 5437 2041 5487 dum
2094 5436 2357 5503 scriptum
2388 5435 2551 5505 326
2589 5446 2696 5499 est,
2735 5454 2752 5487 ι
2787 5452 3027 5506 praepara
3071 5453 3235 5509 opera
3279 5448 3370 5494 tua
3400 5443 3465 5494 ad

1912 5523 2116 5576 exitum
2143 5526 2157 5587 (
2184 5520 2342 5576 Prov.
2386 5531 2533 5589 xm,
2557 5523 2625 5576 27
2673 5524 2745 5593 ).i
2781 5525 3248 5599 Considerandum
3272 5528 3469 5597 quippe

1914 5620 1996 5667 est
2025 5612 2222 5680 capitis
2255 5621 2307 5665 et
2332 5614 2510 5666 barbae
2545 5614 2814 5684 regionem
2843 5617 3024 5670 albam
3053 5632 3177 5673 esse
3220 5618 3287 5670 ad
3323 5633 3469 5671 mes-

1916 5719 2029 5759 sem
2064 5724 2077 5759 :
2105 5713 2157 5758 et
2176 5705 2486 5776 propediem
2520 5704 2653 5772 fore,
2678 5715 2737 5760 ut
2754 5705 2863 5761 falx
2887 5708 3131 5778 quaedam
3167 5709 3471 5779 spiritualis

1919 5799 2153 5852 animam
2201 5806 2349 5851 tuam
2384 5812 2411 5850 a
2451 5811 2677 5867 corpore
2724 5813 2819 5868 per
2874 5816 3055 5854 nec-em
3080 5800 3387 5867 abstrahat,
3418 5810 3473 5856 et
