4218 6446
180 426 316 491 1137

1415 427 1648 488 SACRA
1681 428 2138 488 PARALLELA.

3242 412 3374 478 1138

255 556 275 590 ι
321 533 568 604 Ἐξῆλθεν
592 533 753 587 Δαόὶδ
781 535 887 587 ἀπὸ
919 533 1013 587 τοῦ
1056 534 1337 605 σπηλαίου,
1368 537 1459 588 καὶ
1502 534 1722 605 ἐϐόησεν

1898 535 1927 589 I
1953 534 2078 606 Reg.
2111 549 2256 599 xxiv,
2284 532 2436 586 9-l8.
2466 560 2532 572 —
2559 550 2578 583 ι
2616 530 2864 585 Surrexit
2892 536 3072 582 autem
3110 514 3275 581 David
3310 527 3377 581 de

177 629 355 682 ὀπίσω
387 626 575 692 Σαοὺλ,
603 626 771 693 λέγων
788 642 803 655 °
828 625 996 696 Κύριε
1034 625 1249 695 βασιλεῦ
1270 643 1286 659 '
1314 628 1406 680 καὶ
1436 626 1729 696 ἐπέὁλεψεν

180 718 355 772 Σαοὺλ
382 718 557 772 ὀπίσω
592 716 779 782 αὑτοῦ,
814 718 909 770 καὶ
937 717 1102 786 ἔκυψε
1132 719 1296 772 Δαϐὶδ
1324 719 1417 771 ἐπὶ
1443 719 1729 788 πρόσωπον
1760 733 1762 735 '

179 810 344 865 αὑτοῦ
375 812 466 864 ἐπὶ
521 811 620 881 τὴν
674 813 795 880 γῆν,
837 811 930 864 καὶ
979 811 1382 882 προσεκύνησεν
1425 810 1594 881 αύτῷ.
1620 811 1729 863 Καὶ

180 898 335 954 εἶπεν
373 900 549 954 Δασίδ·
598 901 712 956 Ἷνα
736 903 789 956 τί
849 902 1065 965 ἀκούεις
1122 906 1228 954 τὼν
1265 901 1440 969 λόγων
1478 902 1572 955 τοῦ
1601 901 1728 954 λαοῦ

180 994 472 1062 λεγόντωνο
523 993 652 1047 Ἰδοὺ
666 993 828 1046 Δασὶδ
842 994 995 1060 ζητεί
1021 995 1120 1065 τὴν
1142 994 1320 1065 ψυχήν
1351 1010 1482 1059 σονς
1514 994 1642 1047 Ἰδοὺ
1669 994 1728 1046 ὲν

180 1088 252 1153 τῇ
270 1084 454 1156 ήμὲρα
478 1084 650 1157 ταύτῃ
670 1084 977 1155 ἑωράκασιν
1010 1088 1060 1139 οἱ
1093 1086 1356 1157 ὀφθαλμοί
1399 1104 1512 1150 σου,
1541 1086 1729 1155 ὥσπερ

181 1177 349 1230 ἔδωκέ
367 1194 424 1230 σε
445 1176 648 1248 Κύριος
662 1178 739 1240 εί(⁵
760 1177 855 1240 τὰς
870 1179 1053 1249 χεῖράς
1069 1194 1169 1249 μου
1185 1179 1243 1230 ὲν
1261 1178 1337 1249 τῷ
1354 1179 1617 1249 σπηλαίῳ,
1636 1180 1730 1231 καὶ

180 1272 283 1325 οὐκ
306 1272 606 1343 ἠϐουλήθην
636 1274 949 1326 ἀποκτεῖναί
970 1291 1051 1336 σε,
1076 1273 1168 1326 καὶ
1188 1274 1491 1344 ἐφεισάμην
1519 1290 1612 1326 σου
1636 1274 1730 1326 καὶ

146 1360 345 1418 ἐῖπαυ
393 1366 506 1418 Ούκ
553 1365 757 1420 ὲποίσω
811 1367 971 1436 χεῖρά
997 1383 1096 1437 μου
1121 1367 1200 1429 είς
1243 1367 1332 1419 τὸν
1384 1366 1572 1434 κύριόν
1602 1383 1727 1436 μου,

180 1457 267 1509 ὅτι
315 1455 528 1525 χριστὸς
579 1457 783 1528 Κυρίου
812 1451 985 1519 οὗτος.
1029 1456 1138 1510 Καὶ
1174 1458 1283 1510 ίδοὺ
1313 1455 1605 1526 πτερύγιον
1629 1457 1729 1528 τῆς

180 1546 446 1610 διπλοΐδος
468 1564 561 1601 σου
587 1549 644 1600 ὲν
666 1550 731 1618 τῇ
753 1547 895 1618 χειρί
926 1565 1049 1618 μου,
1080 1549 1172 1602 καὶ
1192 1548 1291 1600 οὐκ
1305 1548 1625 1615 άπέκταγκά
1646 1565 1726 1603 σε.

180 1635 294 1687 Καὶ
320 1634 490 1705 ὲπῆρε
516 1636 687 1689 Σαοὺλ
716 1638 813 1707 τὴν
852 1637 1035 1708 φωνὴν
1088 1637 1275 1703 αὑτοῦ,
1305 1639 1399 1693 καὶ
1444 1638 1726 1702 ἔκλαυσεν,

180 1727 280 1780 καὶ
307 1722 427 1781 εἶπε
454 1729 587 1799 πρὸς
608 1730 766 1784 Δαϐίδ
791 1748 801 1759 ·
834 1731 1053 1794 Δίκαιος
1102 1732 1166 1784 σὺ
1201 1731 1339 1801 ὑπὲρ
1394 1732 1514 1799 ἐμὲ,
1552 1733 1635 1786 δτι
1664 1733 1728 1784 σὺ

1833 626 2089 694 spelunca
2116 663 2131 689 ,
2170 631 2225 677 et
2246 622 2503 676 clamavit
2532 629 2655 692 post
2694 620 2845 685 Saul,
2870 617 3058 673 dicens
3090 636 3104 671 :
3155 618 3377 672 Domine

1835 735 1947 773 rex.
1982 718 2049 772 Et
2092 717 2332 784 respexit
2376 714 2506 770 Saul
2544 724 2669 785 post
2718 729 2809 776 se,
2872 719 2927 767 et
2986 710 3256 766 inclinans
3320 724 3379 761 se

1833 810 1999 863 David
2051 810 2106 863 in
2159 808 2353 863 faciem
2404 821 2567 876 super
2628 817 2861 881 terram,
2931 802 3175 856 adoravit
3228 816 3373 854 eum.

1833 902 1897 957 Et
1926 902 2061 955 dixit
2092 899 2263 955 David
2296 917 2310 954 :
2340 899 2521 964 Quare
2550 898 2706 952 audis
2740 897 2903 952 verba
2955 898 3141 965 populi
3189 892 3371 946 dicen»

1833 982 1902 1049 tis
1934 1013 1947 1048 :
1983 994 2124 1049 Ecce
2153 992 2323 1047 David
2348 992 2544 1061 qumrit
2575 991 2808 1044 animam
2834 988 3027 1043 tuam?
3057 986 3195 1041 Ecce
3216 985 3378 1039 hodie

1787 1158 1793 1168 ι
1833 1086 2084 1140 viderunt
2110 1086 2253 1139 oculi
2290 1085 2403 1151 tui,
2445 1080 2719 1153 quonme
2748 1080 2972 1135 tradidit
3027 1088 3080 1133 te
3109 1076 3376 1131 Dominus

1834 1182 1887 1236 in
1942 1197 2107 1235 manu
2126 1196 2243 1234 mea
2266 1181 2318 1233 in
2348 1183 2606 1249 spelunca
2628 1221 2642 1241 ,
2671 1186 2725 1233 et
2764 1178 2913 1233 nolui
2943 1186 2997 1232 te
3032 1174 3341 1231 interficere
3361 1211 3378 1235 ,

1832 1282 1886 1328 et
1912 1264 2134 1343 peperci
2160 1274 2292 1339 tibi,
2321 1283 2374 1328 et
2401 1273 2553 1327 dixi‘:
2584 1270 2701 1325 Non
2733 1270 2927 1324 levabo
2957 1284 3173 1322 manum
3204 1279 3377 1319 meam

1835 1368 1888 1421 in
1913 1366 2194 1421 dominum
2228 1382 2406 1421 meum
2436 1407 2447 1427 ,
2484 1365 2612 1435 quia
2649 1364 2892 1420 christus
2940 1358 3149 1414 Domini
3174 1368 3276 1412 est.
3310 1355 3378 1409 Et

1820 1473 1959 1513 ecce
1979 1457 2348 1512 summitatem
2373 1455 2673 1525 chlamydis
2709 1464 2807 1507 tua:
2835 1456 2890 1506 in
2925 1465 3086 1504 manu
3120 1461 3260 1510 mea,
3281 1460 3380 1499 nec

1833 1546 2085 1629 interfeci
2116 1554 2189 1600 te.
2222 1545 2285 1598 Et
2319 1546 2514 1599 levavit
2551 1546 2680 1599 Suul
2739 1558 2926 1598 vocem
2957 1556 3142 1603 suam,
3198 1545 3255 1592 et
3283 1535 3379 1589 lle-

1831 1639 1950 1703 vit;
1981 1627 2230 1707 dixitque
2268 1637 2335 1690 ad
2368 1636 2535 1690 David
2566 1656 2578 1690 :
2611 1636 2817 1690 Justior
2854 1651 2942 1689 me
3000 1647 3061 1688 ea
3114 1637 3196 1684 tu.
3226 1627 3378 1695 Quo-

1833 1730 1980 1783 niam
2010 1729 2143 1783 mibi
2172 1728 2475 1784 retribuisti
2505 1726 2643 1782 bona
2669 1745 2682 1781 :
2710 1742 2809 1798 ego
2832 1734 3010 1781 autem
3046 1719 3379 1780 reddiditibi

181 1820 567 1889 ᾲνταπέδωκάς
623 1840 712 1893 μοι
762 1823 964 1892 ἀγαθὰ,
1012 1823 1122 1894 ἐγὼ
1149 1824 1205 1877 δὲ
1242 1825 1599 1879 ἀνταπεδωκά
1646 1841 1727 1877 σοι
1761 1891 1790 1894 -ν
1835 1821 1995 1874 mala.
2034 1840 2053 1873 ι

183 1913 350 1967 κακά.
382 1933 401 1965 ι

260 1914 350 1967 κά.
382 1933 401 1965 ι

260 2022 280 2056 ι
325 1914 746 2075 Τεκὶαινόμενος
806 2007 1006 2076 ἀγαθά,
1047 2007 1201 2079 ζητεῖ
1244 2008 1404 2079 χάριν
1442 2008 1675 2080 ἀγαθήν.
1707 2029 1725 2063 ι

237 2199 282 2235 ,ι
445 2181 709 2234 πλατύνου
735 2186 843 2245 σοῖς
873 2183 1136 2253 χείλεσιν*
1168 2183 1245 2256 μὴ
1276 2186 1455 2257 εἴπῃς⁸
1491 2186 1586 2238 Ὃν
1611 2186 1731 2257 τρό-

184 2291 286 2327 πον
310 2275 574 2351 ἐχρήσατό
599 2292 709 2345 μοι,
739 2275 1010 2345 χρήσομαι
1064 2273 1231 2345 αὐτῷ,
1263 2276 1404 2346 ὑπὲρ
1418 2270 1493 2329 ὧν
1524 2293 1591 2346 με
1616 2277 1732 2345 ἡδί-

184 2384 373 2438 κησεν.
410 2387 431 2420 ι

258 2477 280 2511 ι
324 2460 416 2530 Μή
447 2459 608 2532 εῐπῃς
630 2477 643 2491 ·
680 2461 903 2530 Γίσομαι
942 2460 1034 2512 τὸν
1059 2460 1249 2529 ἐχθρόν
1269 2477 1283 2490 ’
1309 2460 1426 2514 ἀλλ’
1445 2460 1734 2530 ὑπόμεινον

178 2551 276 2606 τὸν
312 2551 535 2623 Κύριον,
558 2553 645 2606 ἵνα
673 2570 730 2605 σε
757 2553 1019 2626 βοηθήσῃ.
1055 2571 1077 2605 ι

245 2664 267 2697 ι
317 2645 441 2699 Ἐὰν
456 2647 612 2717 πεινᾷ
637 2646 666 2698 ό
697 2644 892 2715 ἐχθρός
924 2662 1041 2707 σου,
1068 2642 1283 2715 ψώμιζε
1313 2644 1495 2708 αὐτὸν,
1526 2645 1618 2698 καὶ
1640 2644 1734 2698 ἐὰν

180 2737 333 2807 διψᾷ,
394 2737 578 2801 πότιζε
627 2738 808 2791 αὐτόν.
866 2734 1036 2789 Τοῦτο
1062 2734 1169 2807 γάρ
1220 2736 1406 2802 ποιῶν,
1461 2737 1734 2808 ἄνθρακας

180 2828 357 2896 πυρὸς
382 2826 673 2896 σωρεύσεις
695 2826 788 2879 ἐπὶ
802 2827 903 2895 τήν
926 2826 1167 2898 κεφαλὴν
1193 2825 1383 2893 αὐτοῦ,
1408 2827 1504 2881 καὶ
1532 2826 1734 2899 Κύριος

179 2918 547 2972 ἁνταποδὼσει
575 2936 655 2971 σοι
675 2919 873 2987 ἀγαθά.
912 2939 930 2971 ι

257 3027 279 3062 ι
328 3008 465 3063 Ὀδοὶ
487 3012 834 3081 μνησικάκων
857 3015 935 3077 είς
962 3012 1205 3068 θάνατον.
1249 3033 1268 3067 ι

260 3204 281 3237 ι
320 3187 417 3247 Ὀς
450 3190 795 3256 μνησικακεῖ,
820 3190 1147 3261 παράνομος.
1187 3210 1206 3242 ι

258 3379 281 3414 ο
323 3360 381 3413 ὐ
411 3363 663 3431 κρύπτων
688 3357 907 3429 ἔχθραν,
939 3358 1215 3430 συνίστησι
1244 3359 1412 3413 δόλον.
1445 3379 1464 3413 ι
1562 3368 1569 3379 '

264 3570 285 3603 ι
315 3551 526 3607 Κακίαν
552 3551 780 3613 ἕκαστος
805 3548 899 3603 τοῦ
927 3549 1154 3619 ἀδελφοῦ
1185 3550 1350 3603 αὐτοῦ
1390 3551 1450 3603 ού
1487 3551 1561 3621 μὴ
1602 3570 1736 3624 μνητ

94 3636 105 3643 ³
187 3639 452 3707 σικακῖγτε
489 3640 546 3691 ὲν
595 3632 714 3701 τεαῖς
761 3637 1008 3709 καρδίαις
1085 3638 1253 3709 ὑμῶν.
1303 3642 1489 3711 Κρτμα
1531 3640 1737 3697 δίκαιον

188 3728 429 3800 κρίνατε,
459 3730 553 3782 καὶ
574 3728 722 3793 ἔλεος
771 3730 865 3782 καὶ
920 3730 1202 3802 οίκτειρμδν
1254 3733 1458 3784 ποιεῖτε
1507 3731 1737 3798 ἕκαστος

194 3821 329 3892 πρὸς
355 3820 446 3873 τὸν
471 3820 697 3889 ἀδελφὸν
727 3822 912 3876 αὑτοῦ.
953 3842 969 3872 ι

266 3930 287 3962 ι
331 3909 696 3981 Ἐκζητήσατε
744 3911 803 3964 τὸ
856 3911 1046 3978 καλὸν,
1093 3914 1187 3967 καὶ
1235 3913 1311 3986 μὴ
1348 3916 1605 3989 πονηρὸν,
1645 3918 1738 3972 καὶ⁵

192 4004 343 4057 ἔσται
378 4002 496 4073 μεθ’
519 4002 670 4072 ὑμῶν
694 4002 915 4076 Κύριος.
955 4023 975 4056 ι

264 4114 286 4148 σ
332 4094 622 4148 ’Δκούσατε
652 4095 801 4165 ῥῆμα
834 4096 1039 4167 Κυρίου
1073 4099 1122 4150 οἱ
1148 4098 1440 4170 τρέμοντες
1460 4101 1551 4154 τὸν
1588 4101 1741 4171 λόγον

192 4183 378 4240 αὐτοῦ.
402 4184 622 4248 Εἴπατε,
647 4182 865 4253 ἀδελφοί
894 4202 1016 4255 μου,
1053 4188 1163 4249 τοῖς
1202 4187 1449 4256 μισοῦσιν
1476 4187 1621 4257 ὑμᾶς
1646 4192 1740 4242 καὶ

192 4275 630 4347 βδελυσσομένοις
660 4313 676 4337 ,
728 4275 814 4328 ῑνα
881 4275 943 4329 τὸ
993 4276 1163 4346 ὄνομα
1208 4278 1409 4347 Κυρίου
1464 4278 1738 4351 δοξασθῇ,

192 4370 287 4421 καὶ
321 4368 459 4438 ὀφθῇ
490 4368 619 4436 ύμῖν
646 4368 704 4419 ἐν
730 4365 1037 4440 εὐφροσύνῃ
1081 4366 1255 4439 ὑμῶν,
1297 4369 1390 4422 καὶ
1430 4372 1629 4425 ἐκεῖνοι
1658 4373 1739 4426 αίο

192 4462 602 4533 σχυνθήσονται.
634 4480 652 4512 ι

1905 1995 2063 2052 Prov.
2097 2014 2185 2063 ιι,
2213 1997 2305 2051 27.
2345 2026 2412 2037 —
2447 2016 2466 2050 ι
2503 1997 2606 2063 Qui
2638 1997 2781 2051 bona
2827 1991 2978 2063 agit,
3035 1991 3381 2061 (ψει-εικῆ-

1833 2086 1959 2140 tiatn
1983 2088 2235 2141 bonam.»
3486 2072 3490 2076 ’

1909 2176 2065 2231 Prov.
2096 2192 2245 2242 xxiv,
2274 2176 2364 2231 29.
2395 2205 2463 2216 —-
2497 2192 2517 2227 ι
2553 2173 2631 2229 Ne
2660 2173 2855 2228 dilates
2888 2170 3047 2225 labiis
3097 2167 3210 2222 tuis
3238 2207 3253 2231 ,
3283 2180 3383 2220 nec

1831 2269 1982 2322 dicas
2005 2309 2019 2331 ,
2052 2267 2511 2337 quemadmodum
2547 2266 2657 2333 egit
2706 2279 2954 2325 mecum,
2979 2275 3132 2333 again
3164 2272 3288 2312 cum
3317 2273 3385 2310 eo

1835 2374 1930 2426 pro
1958 2359 2043 2412 liis
2066 2360 2268 2428 quibus
2300 2372 2383 2413 me
2423 2356 2624 2424 injuria
2658 2353 2861 2409 affecit.
2898 2372 2918 2405 ι

1908 2450 2065 2505 Prov.
2087 2466 2176 2514 xx,
2206 2450 2296 2505 22.
2328 2479 2396 2491 —
2427 2469 2444 2501 ι
2477 2447 2554 2502 Ne
2582 2447 2789 2501 dixeris
2821 2463 2834 2498 :
2902 2442 3129 2499 Inimico
3185 2456 3381 2512 repen-

1832 2544 1954 2597 dam
1976 2584 1990 2605 ,
2027 2542 2121 2597 sed
2151 2551 2401 2612 exspecta
2429 2540 2719 2595 Dominum
2745 2579 2759 2603 ,
2793 2545 2853 2592 ut
2879 2536 2978 2593 tibi
3000 2535 3203 2591 auxilio
3228 2534 3321 2589 sit.
3358 2552 3377 2584 ι

1906 2637 2066 2690 Prov.
2101 2651 2226 2700 xxv,
2258 2634 2350 2690 2i.
2380 2663 2453 2677 —
2485 2653 2503 2684 ι
2540 2630 2595 2686 Si
2627 2630 2885 2687 esurierit
2934 2628 3187 2684 inimicus
3216 2636 3338 2680 tuus
3364 2667 3379 2688 ,

1835 2730 1957 2783 ciba
1988 2729 2138 2782 illum
2175 2742 2187 2778 :
2215 2726 2260 2782 si
2291 2726 2548 2788 sitiverit,
2582 2723 2647 2777 da
2676 2723 2725 2778 ei
2748 2723 2935 2777 bibere
2974 2739 2988 2775 :
3021 2735 3221 2790 prunas
3237 2719 3381 2772 enim

1833 2821 2190 2892 congregabis
2221 2834 2386 2888 super
2410 2828 2574 2887 caput
2600 2815 2766 2885 ejus;
2827 2821 2883 2870 et
2931 2813 3194 2867 Dominus
3258 2809 3383 2865 red-

1833 2915 1924 2969 det
1947 2913 2044 2966 tibi
2096 2912 2259 2965 bona.
2301 2930 2317 2960 ι

1905 3004 2061 3058 Prov.
2101 3017 2197 3064 xu,
2244 3000 2333 3056 28.
2367 3032 2435 3041 —
2469 3017 2488 3050 ι
2542 2998 2651 3054 Vite
2679 3010 2984 3053 memorum
3042 2992 3279 3062 injuriae,
3316 2991 3382 3046 ad

1836 3104 2084 3151 mortem.
2136 3112 2154 3145 ι
2355 3149 2358 3153 ,

1908 3186 2049 3241 Ibid.
2107 3214 2177 3229 -
2207 3205 2226 3238 ι
2261 3185 2365 3251 Qui
2409 3184 2640 3253 injurias
2695 3167 3041 3247 recordatur,
3086 3170 3386 3251 ﬂagitiosus

1832 3287 1937 3334 est.
1984 3296 2004 3331 ι

1905 3366 2057 3421 Prov.
2092 3381 2243 3430 xxvi,
2278 3365 2371 3421 26.
2400 3395 2469 3407 —
2507 3384 2523 3416 ι
2555 3364 2659 3431 Qui
2693 3355 2835 3419 cela‘t
2876 3363 3244 3425 inimicitiam.
3293 3377 3387 3418 ne-

1832 3457 1929 3512 ctit
1958 3458 2165 3511 dolum.
2209 3478 2227 3509 ι

1902 3544 2066 3600 Zach.
2095 3563 2189 3613 vn,
2221 3546 2309 3603 10.
2342 3577 2410 3589 -
2445 3566 2464 3599 ι
2524 3546 2739 3601 Malitia:
2792 3546 3167 3616 unusquisque
3198 3536 3387 3601 fratris

1832 3636 1915 3691 sui
1938 3636 2107 3691 nolite
2131 3638 2442 3693 meminisse
2474 3639 2530 3693 in
2572 3638 2831 3694 cordibus
2861 3639 3079 3695 vestris.
3109 3636 3384 3693 Judicium

1830 3728 2036 3797 justum
2054 3728 2294 3798 judicate
2315 3772 2331 3796 ,
2364 3742 2418 3785 et
2447 3731 2877 3786 misericordiam
2911 3739 2965 3786 et
2984 3731 3385 3786 miserationem

1835 3819 2051 3876 faciatis
2081 3823 2457 3893 unusquisque
2490 3824 2557 3877 ad
2579 3824 2801 3880 fratrem
2824 3840 3008 3879 suum.
3047 3844 3066 3876 ι

1906 3913 2067 3969 Amos
2098 3929 2159 3979 v,
2194 3914 2279 3969 Η.
2309 3945 2379 3954 -
2410 3934 2429 3967 ι
2467 3914 2704 3980 Quaerite
2734 3914 2960 3982 bonum,
3005 3924 3061 3968 et
3105 3928 3212 3969 non
3269 3929 3385 3966 ma-

1836 4003 1976 4070 lum;
2006 4015 2059 4061 et
2091 4006 2195 4060 erit
2224 4006 2501 4061 vobiscum
2553 4006 2831 4061 Dominus.
2876 4024 2895 4058 ι

1905 4096 2020 4151 Iw.
2055 4113 2197 4161 vat,
2228 4097 2281 4161 5,
2315 4098 2367 4153 6.
2400 4129 2469 4138 -
2502 4117 2519 4150 ι
2555 4098 2756 4153 Audite
2786 4099 3009 4153 verbum
3039 4096 3385 4166 Domini,qui

1837 4189 2073 4243 tremitis
2097 4190 2319 4243 verbum
2357 4190 2555 4258 ipsius.
2587 4188 2779 4256 Dicite,
2814 4189 3015 4245 fratres
3045 4189 3276 4254 mei,liis
3292 4188 3386 4258 qui

1836 4276 2069 4332 oderunt
2101 4294 2217 4345 vos,
2249 4287 2303 4333 et
2345 4280 2767 4346 abominantur;
2806 4288 2867 4333 ut
2923 4294 3121 4334 nomen
3172 4278 3386 4332 Domini

1837 4369 2191 4437 glorificetur,
2224 4379 2278 4427 et
2306 4381 2563 4442 appareat
2620 4372 2673 4427 in
2733 4371 2919 4426 laetitia
2953 4379 3160 4436 vestra,
3194 4378 3249 4423 et
3307 4369 3384 4423 illi

1836 4459 2266 4515 confundentur.
2314 4480 2332 4512 ι

267 4572 285 4604 ι
327 4552 448 4636 Ἐπὶ.
471 4552 670 4617 παντὸς
719 4552 1055 4625 ἀδικήματος
1113 4554 1189 4626 μὴ
1239 4554 1467 4626 μηνίσῃς
1494 4555 1572 4627 τῷ
1595 4555 1731 4628 πλη-

1906 4551 2069 4606 Eccli.
2097 4568 2152 4616 ι,
2186 4554 2240 4607 6.
2272 4580 2342 4593 —
2375 4572 2394 4605 ι
2435 4551 2517 4608 Ob
2546 4569 2762 4608 omnem
2806 4553 3070 4623 injuriam
3111 4568 3180 4607 ne
3201 4566 3385 4607 serves

192 4667 307 4703 σιον
334 4666 450 4701 σου.
491 4667 509 4698 ι

264 4756 283 4788 ι
324 4740 492 4806 ’Λφες
517 4737 755 4809 ἀδίκημα
804 4737 883 4808 τῷ
930 4739 1156 4809 πλησίον
1187 4756 1299 4805 σου,
1328 4741 1423 4793 καὶ
1448 4740 1567 4794 τότε
1611 4742 1732 4811 δεη-

192 4830 375 4890 θέντος
411 4845 504 4882 σου
542 4830 597 4883 αί
618 4830 882 4900 ἁμαρτίαι
906 4846 999 4882 σου
1034 4829 1373 4900 λυθήσονται.
1414 4847 1433 4882 ι

270 4940 290 4972 ι
326 4920 605 4991 Μνήσθητι
652 4921 722 4974 τά
778 4920 978 4991 ἔσχατά
1015 4938 1127 4982 σου,
1160 4922 1250 4974 καὶ
1302 4921 1503 4975 παῦσαι
1522 4921 1737 4993 ἐχθραί-

195 5031 319 5066 νων.
355 5030 374 5063 1

272 5124 290 5156 ι
327 5104 577 5158 ,δάνεισον
624 5105 700 5177 τῷ
728 5106 952 5177 πλησίον
1002 5121 1096 5158 σου
1125 5103 1263 5157 κατὰ
1297 5103 1521 5177 δύναμίν
1559 5121 1673 5158 σου.
1711 5124 1728 5156 ι

273 5299 292 5333 ι
332 5281 583 5350 Ἔλεγξον
605 5284 693 5337 τὸν
724 5282 946 5354 πλησίον
980 5303 1095 5351 σου,
1131 5286 1334 5357 μήποτε
1359 5286 1458 5337 οὐκ
1474 5285 1691 5354 ἐποίησε
1719 5292 1732 5317 ³

194 5373 291 5427 καὶ
324 5373 703 5444 είτιὲποίησε,
740 5379 944 5446 μήποτε
974 5378 1203 5449 προσθῇ.
1236 5376 1490 5445 Ἕλεγξον
1530 5376 1620 5433 τὸν
1648 5377 1735 5446 φί-

193 5464 307 5529 λον,
350 5465 556 5535 μήποτε
588 5468 687 5520 ούκ
718 5466 873 5521 εἶπεο
908 5470 999 5522 καὶ
1040 5472 1087 5521 εἰ
1120 5470 1361 5541 εἴρηκεν,
1388 5470 1477 5523 ἴνα
1514 5469 1589 5540 μὴ
1618 5469 1735 5521 δευ-

192 5555 449 5627 τερεύσῃ.
492 5575 510 5608 ι

273 5665 299 5709 5
328 5646 455 5701 Νόει
478 5647 548 5702 τὰ
574 5650 666 5704 τοῦ
701 5652 925 5724 πλησίον
952 5653 1012 5719 ἐξ
1048 5653 1263 5707 ἑαυτοῦ.
1315 5672 1334 5704 ι

268 5838 289 5875 ι
327 5813 643 5895 Ἄνθρωπος
668 5828 935 5901 ἀνθρώπῳ
962 5832 1211 5901 συντηρεῖ
1234 5830 1423 5901 ὀργὴν,
1470 5830 1561 5885 καὶ
1592 5829 1738 5900 παρὰ

1838 4642 1974 4697 iram
2007 4643 2272 4699 adversus
2298 4645 2604 4713 proximum
2634 4652 2809 4698 tuum.
2853 4663 2871 4695 ι

1910 4735 2074 4790 Eccli.
2100 4736 2361 4801 xxvm,2.
2395 4767 2464 4777 --
2497 4755 2515 4788 ι
2555 4735 2774 4790 Dimitte
2824 4735 3081 4804 injuriam
3133 4735 3384 4804 proximo

1840 4840 1953 4893 tuo,
1978 4840 2031 4883 et
2059 4838 2186 4884 tunc
2215 4828 2525 4897 deprecanti
2563 4828 2661 4883 tibi
2684 4835 2908 4898 peccata
2938 4828 3244 4882 solventur.
3289 4847 3307 4877 ι

1904 4921 2041 4976 Ibid.
2082 4922 2137 4976 6.
2172 4951 2233 4959 —
2271 4939 2290 4973 ι
2330 4919 2598 4975 Memento
2645 4921 3070 4975 novissimorum
3134 4929 3379 4982 tuorum,

1836 5020 1890 5067 et
1917 5011 2106 5066 desine
2129 5010 2420 5065 inimicari.
2468 5028 2487 5060 ι

1904 5102 2069 5155 Eccli.
2101 5119 2256 5166 uix,
2287 5100 2341 5154 2.
2383 5130 2453 5141 ——
2487 5119 2506 5152 ι
2540 5098 2812 5155 Fenerare
2859 5100 3106 5170 proximo
3150 5105 3249 5153 tuo
3280 5115 3380 5169 pro

1837 5193 1977 5247 virili
2006 5202 2118 5246 tua.
2160 5211 2178 5243 ι

1908 5283 2073 5337 Eccli.
2114 5300 2225 5346 xix,
2260 5283 2346 5338 l3.
2379 5314 2447 5327 ——
2471 5303 2489 5335 ι
2522 5283 2748 5351 Corripe
2778 5284 3011 5336 amicum
3058 5289 3234 5345 tuum,
3308 5296 3376 5335 ne

1840 5375 1977 5429 forte
2010 5391 2115 5428 non
2147 5374 2332 5429 fecerit
2364 5392 2377 5427 :
2412 5382 2467 5429 et
2518 5375 2565 5429 si
2623 5374 2753 5443 quid
2799 5373 3008 5437 fecerit,
3063 5388 3129 5427 ne
3176 5372 3371 5424 iterum

1838 5467 1999 5520 addat
2029 5466 2226 5521 facere.
2252 5465 2477 5537 Corripe
2514 5466 2771 5527 amicum,
2828 5481 2894 5518 ne
2953 5465 3092 5517 forte
3115 5462 3313 5517 dixerit
3354 5480 3369 5515 :

1838 5567 1889 5613 et
1913 5559 1960 5611 si
1988 5558 2208 5620 dixerit,
2234 5573 2302 5613 ne
2325 5558 2465 5612 forte
2489 5558 2668 5612 iteret.
2708 5576 2726 5607 ι

1908 5645 2079 5704 Eccli.
2108 5646 2374 5709 xxxi,18.
2412 5676 2481 5686 -
2521 5664 2538 5698 ι
2604 5644 2847 5715 lntellige
2899 5660 2964 5701 ex
3024 5645 3200 5714 teipso
3252 5659 3372 5713 quae

1840 5748 1966 5795 sunt
1997 5738 2229 5807 proximi
2251 5738 2353 5792 tui.
2392 5757 2411 5789 ι

1907 5828 2071 5883 Eccli.
2107 5842 2293 5893 xxvnt,
2325 5828 2442 5882 5-5.
2472 5858 2538 5868 -
2581 5845 2599 5878 ι
2647 5825 2815 5880 Homo
2844 5823 3068 5879 'bomini
3128 5826 3367 5876 reservat
