4218 6446
832 309 850 373 1
869 312 966 372 3:39

1997 337 2060 396 Β.
2090 337 2407 400 JOANNIS
2441 344 2864 412 DAMASCENI

823 425 981 486 iram.
1013 434 1068 481 et
1099 442 1128 481 a
1157 426 1386 485 Domino
1421 434 1619 504 quaerit
1644 441 1933 497 medelam.
1977 444 2035 500 in
2097 448 2372 507 hominem
2404 461 2446 517 Α

823 516 1051 545 ιρι-..ζιρηη
1081 521 1180 545 ,ιιιε
1207 539 1306 545 --__
1345 525 1501 545 L-|,-.
1588 531 1598 540 -
1700 532 1711 542 ι
1833 535 1866 545 ..
2161 540 2174 545 -

2363 461 2450 517 ιΑ
2478 455 2679 528 Κυρίου
2715 459 2868 532 ζητεῖ
2926 462 3087 519 ἴασιν.
3140 467 3256 522 Ἐπ’
3311 470 3594 541 ἄνθρωπον
3637 477 3824 545 ὅμοιον
3871 481 4033 534 αὑτοῦ

819 516 1052 574 similem
1078 521 1182 576 sibi
1205 539 1312 577 non
1344 525 1507 580 habet
1531 531 1983 602 misericordiam,
2038 548 2093 594 et
2144 540 2211 596 de
2251 559 2377 613 pec-

819 610 954 636 nunt-
996 614 1109 636 ..-.:_
1150 616 1398 636 -I-__-A_.
1525 621 1540 636 ι
2050 635 2055 636 ,

2363 574 2377 585 -
2408 516 2418 517 ί
2439 516 2442 517 ν
2473 516 2700 622 οὑκυέχει
2724 516 2891 620 ἔλεος,
2916 559 3008 610 καὶ
3033 559 3158 630 περὶ
3174 516 3458 633 ἀμαρτιῶιν
3477 566 3640 618 αὐτοῦ
3663 516 4038 636 {ductim

816 610 956 665 catis
994 614 1112 670 suis
1143 616 1494 686 deprecatur.
1524 621 1663 694 Ipse.
1699 642 1820 682 cum
1863 644 1992 686 caro
2011 635 2104 702 sit,
2132 650 2377 694 reservat

818 701 950 734 in...
1017 713 1066 734 Δ.
1100 709 1538 734 --....:.:-.:.._____
1578 718 1700 734 cc.“
1758 733 1761 734 ,
1818 719 1855 734 Ἀ
1980 723 2016 734 ..
2149 728 2160 734 -
2296 729 2313 734 -

2363 650 2377 694 t
2474 610 2727 712 σὰρξῖἲδν,
2751 610 2994 718 διατηρεῖ
3013 610 3328 720 μηνινῖῗκαῖ
3356 652 3437 716 τίς
3463 654 3718 718 ὲξελεῖται
3737 659 3838 724 τὰς
3860 610 4036 734 diu:

818 701 976 766 iram,
1015 713 1069 759 et
1099 709 1543 776 propitiationem
1575 718 1707 786 petit
1746 733 1777 773 a
1818 719 1947 778 Deo.
1980 723 2042 778 Et
2067 701 2192 796 quis
2214 729 2372 784 aufe-

814 801 897 846 ret
922 805 1142 860 peccata
1172 800 1640 863 illius?Mcmento
1691 820 2092 880 postremorum
2131 827 2371 885 tuorum,

812 895 865 940 et
897 885 1087 942 desine
1122 889 1192 944 ab
1246 893 1569 953 inimicitiis.
1614 899 1914 960 Memorare
1967 907 2369 978 mandatorum,

811 984 864 1028 ct
893 976 1113 1037 desines
1137 981 1431 1039 inimicari.
1469 1007 1488 1039 ι

875 1067 1068 1126 Matth.
1095 1089 1147 1137 v,
1172 1076 1362 1131 25.-—¢
1387 1078 1443 1135 Si
1474 1083 1639 1140 offers
1665 1102 1866 1144 munus
1896 1098 2049 1148 tuum
2079 1097 2144 1151 ad
2176 1100 2365 1162 altare,

807 1167 864 1210 et
900 1165 1216 1221 recordatus
1237 1167 1432 1236 fueris,
1460 1176 1584 1243 quia
1619 1176 1784 1233 frater
1810 1190 1934 1242 tuus
1966 1185 2128 1242 habet
2157 1191 2366 1261 aliquid

807 1251 1093 1308 adversmu
1125 1257 1293 1331 328
1322 1272 1394 1327 te,
1429 1267 1675 1336 relinque
1704 1271 1775 1328 ibi
1799 1288 2003 1330 munus
2058 1286 2209 1334 tuum
2241 1292 2367 1340 ante

807 1345 994 1408 altare,
1022 1356 1074 1402 et
1118 1353 1250 1406 vade
1274 1355 1504 1422 primum
1558 1364 1917 1420 reconciliare
1971 1368 2122 1424 fratri
2153 1381 2267 1440 tuo,
2311 1383 2366 1429 et

805 1442 937 1489 time
971 1441 1194 1498 veniens
1221 1446 1356 1501 utier
1390 1464 1590 1506 munus
1618 1462 1792 1508 tuum.
1831 1476 1850 1506 ›

875 1531 1062 1585 Matth.
1094 1550 1166 1598 vr,
1206 1537 1286 1589 Η.
1320 1568 1389 1578 —
1421 1557 1441 1590 ι
1479 1540 1535 1595 Si
1555 1543 1878 1602 dimiseritis
1905 1550 2221 1610 hominibus
2237 1573 2364 1626 pec-

2471 731 2587 793 τίας
2607 733 2806 800 αὐτοῦς
2870 739 3138 809 μνήσθητι
3173 741 3242 795 τὰ
3298 743 3500 813 ἔσχατά
3541 762 3656 809 σου,
3702 750 3799 802 καὶ

2471 820 2788 892 ἐχθραίνων.
2815 827 3100 902 Μνήσοητι
3137 833 3388 899 ἐντολῶν,
3419 837 3513 890 καὶ
3562 836 3636 909 μὴ
3670 840 3906 919 μηνίσῃς
3955 820 4034 917 erit

2470 913 2577 986 πλη
2586 915 2713 971 σίον.
2742 937 2760 969 ι

2544 1114 2562 1147 ι
2618 1098 2741 1152 Ἐὰν
2765 1101 3079 1174 προσφέρῃς
3102 1105 3164 1158 τὸ
3183 1105 3354 1176 δῶρόν
3380 1125 3474 1162 σου
3509 1111 3600 1162 ἐπὶ
3641 1111 3702 1164 τὸ
3730 1109 4028 1182 θυσιαστή-

2469 1201 2602 1256 ριον,
2630 1191 2791 1242 κάκεῖ
2822 1193 3064 1264 μνησθῇς
3094 1197 3174 1248 ὅτι
3206 1199 3234 1251 6
3255 1198 3480 1266 ἀδελφός
3524 1218 3617 1255 σου
3657 1201 3772 1272 ἔχει
3805 1221 3858 1255 τι
3891 1209 4030 1259 κατά

2466 1294 2583 1332 σου.
2608 1280 2776 1349 ’Ἄφες
2799 1283 2861 1335 τὸ
2878 1285 3048 1356 δῶρόν
3071 1305 3162 1341 σου
3187 1289 3491 1360 ἔμπροσθεν
3507 1291 3600 1344 τοῦ
3619 1292 4027 1365 θυσιαστηρίου,

2464 1373 2554 1424 καὶ
2589 1373 2762 1444 ὕπαγε
2797 1378 3034 1447 πρῶτον,
3083 1381 3405 1454 διαλλάγηθι
3429 1384 3505 1456 τῷ
3534 1385 3746 1456 ἀδελφῷ
3779 1405 3897 1453 σου,
3940 1389 4031 1442 καὶ

2463 1462 2582 1516 τότε
2607 1465 2776 1519 ἐλθὼν
2806 1468 3082 1540 πρόσφερε
3109 1475 3170 1525 τὸ
3187 1473 3357 1544 δῶρόν
3382 1493 3494 1530 σου.
3536 1497 3552 1527 ι

2539 1572 2556 1603 ι
2581 1554 2703 1607 Ἐὰν
2731 1556 2906 1627 ἀφῆτε
2935 1562 3047 1623 τοῖς
3065 1560 3375 1632 ἀνθρώποις
3394 1565 3463 1617 τά
3483 1565 3905 1637 παραπτώματα
3934 1570 4028 1620 αὑ-

801 1629 921 1674 cuta
953 1639 1166 1688 eorum,
1195 1628 1432 1696 dimittet
1488 1640 1542 1686 et
1573 1636 1727 1690 vobis
1759 1635 1919 1693 Pater
1972 1652 2153 1696 vester
2191 1648 2361 1701 cmic-

2461 1643 2588 1711 τῶν,
2621 1646 2823 1717 ἀφήσει
2853 1651 2947 1703 καὶ
2966 1652 3094 1721 ὑμῖν
3118 1653 3146 1706 ὀ
3170 1628 3368 1726 Ϊῐατὴρ
3401 1628 3596 1727 ὕμῶνό
3617 1628 3886 1728 οὐράνιος.
3908 1659 4031 1712 Ἐὰν

799 1713 918 1767 stis.
955 1715 1009 1768 Si
1046 1727 1362 1776 autemnon
1409 1723 1733 1782 dimiseritis
1768 1729 2082 1789 hominibus
2107 1740 2359 1805 [peccata
2391 1782 2420 1818 ,_

2391 1782 2408 1799 ,
2458 1735 2516 1787 δὲ
2574 1713 2684 1808 μὴ-
2723 1713 2902 1808 ἀφῆτε
2961 1713 3074 1805 τοῖς
3129 1713 3451 1815 ἀνθρώποις.
3485 1747 3555 1800 τά
3603 1713 4031 1818 παραπτωματα

797 1816 1011 1869 eorum,
1039 1821 1139 1865 nec
1175 1808 1334 1870 Pater
1356 1822 1537 1869 vester
1565 1815 1805 1877 dimittet
1846 1833 2068 1891 peccata
2090 1837 2292 1884 vestra.
2334 1849 2353 1882 ι
2388 1814 2432 1870 Β

2388 1814 2432 1870 Β
2459 1826 2658 1891 αὐτῶν,
2684 1828 2805 1883 οὐδὲ
2827 1830 2856 1886 ὀ
2879 1830 3067 1907 Πατὴρ
3095 1808 3251 1904 ὑμῶν
3273 1837 3471 1908 ἀφήσει
3507 1836 3577 1890 τά
3603 1808 4028 1910 παραπτώματα

872 1972 1065 2029 Matth.
1105 1993 1258 2043 xviii,
1287 1979 1479 2035 21-55.
1511 2012 1579 2022 -
1622 2002 1643 2036 ι
1687 1985 1841 2043 Tunc
1870 1993 2139 2049 accedens
2159 1998 2352 2058 Petrus

791 2066 932 2120 dixit
964 2067 1248 2135 :Domine,
1272 2076 1489 2142 quoties
1509 2079 1760 2146 peccabit
1791 2082 1843 2136 in
1878 2101 1961 2138 me
1993 2085 2350 2155 fratermeus,

788 2166 843 2209 et
872 2156 1142 2212 dimittam
1175 2162 1262 2215 ei?
1301 2177 1478 2234 usque
1536 2171 1780 2238 septies?
1848 2171 1982 2228 dicit
2036 2177 2114 2232 illi
2143 2178 2305 2237 Jesus
2336 2201 2350 2242 :

786 2246 904 2300 Non
937 2249 1061 2304 dico
1095 2253 1218 2318 tibi,
1247 2269 1418 2324 usque
1449 2261 1671 2327 septies,
1720 2263 1813 2316 sed
1843 2281 2016 2335 usque
2043 2274 2352 2344 septuagies

787 2340 1012 2405 septies.
1039 2341 1407 2398 Assimilatum
1444 2356 1531 2402 est
1578 2365 1804 2420 regnum
1842 2358 2108 2414 ccelorum
2145 2361 2349 2419 homini

787 2430 922 2497 regi.
949 2433 1043 2499 qui
1078 2435 1248 2488 voluit
1275 2438 1542 2494 rationem
1592 2458 1796 2511 ponere
1844 2463 1971 2503 cum
2009 2454 2185 2508 servis
2209 2456 2345 2511 suis.

785 2521 850 2579 Et
875 2537 999 2587 cum
1025 2527 1283 2593 caepissct
1318 2529 1410 2585 ille
1437 2533 1704 2589 rationem
1753 2553 1978 2607 ponere.
2012 2543 2230 2602 oblatas
2263 2557 2347 2603 est

780 2613 829 2665 ei
863 2629 1026 2683 unus,
1061 2616 1154 2686 qui
1182 2618 1415 2674 debebat
1443 2623 1494 2676 ei
1537 2623 1724 2680 decem
1758 2631 1928 2684 millia
1961 2635 2184 2690 talenta.
2211 2638 2346 2695 Cum

781 2712 961 2758 autem
1001 2722 1110 2761 non
1137 2710 1363 2766 haberet
1393 2715 1537 2769 unde
1557 2719 1826 2785 redderet,
1843 2723 2012 2792 jussit
2027 2743 2152 2782 eum
2171 2731 2346 2786 domi-

779 2809 885 2850 nus
910 2795 1032 2864 ejus
1053 2802 1394 2869 venumdari,
1431 2812 1486 2859 et
1544 2823 1774 2863 uxorem
1802 2813 1948 2882 ejus,
1987 2824 2042 2871 et
2079 2819 2239 2886 filios,
2291 2832 2346 2878 et

779 2887 967 2939 omnia
1000 2889 1414 2959 quaehabebat,
1471 2907 1525 2952 et
1579 2888 1754 2956 reddi.
1821 2903 2116 2964 Procidens
2173 2913 2344 2983 igitur

778 2991 974 3039 servus
997 2979 1264 3044 adorabat
1299 3000 1423 3045 eum
1458 2989 1686 3069 dicens:
1744 2992 1994 3064 Domine,
2025 2979 2338 3069 patientiam

781 3065 921 3122 habe
949 3069 1002 3123 in
1033 3087 1139 3134 me,
1156 3083 1211 3127 et
1240 3078 1423 3131 omnia
1450 3057 1670 3136 re‘ddam
1711 3086 1830 3140 tibi.
1865 3057 2122 3148 Miserius
2153 3104 2337 3152 autem

775 3157 1034 3225 dominus
1060 3165 1203 3218 servi
1228 3166 1399 3232 illius,
1424 3169 1634 3234 dimisit
1660 3186 1877 3241 eum,et
1903 3181 2146 3242 debitum
2175 3186 2337 3241 dimi-

776 3250 848 3303 sit
878 3251 950 3304 ei.
995 3251 1260 3324 Egressus
1289 3267 1470 3314 autem
1513 3278 1704 3321 servus
1733 3268 1843 3332 ille,
1903 3270 2114 3327 invenit
2166 3292 2334 3332 unum

775 3338 835 3394 ii:
865 3345 1149 3411 conservis
1174 3350 1311 3408 suis.
1350 3353 1441 3420 qui
1465 3353 1697 3410 debebat
1717 3359 1767 3412 ei
1801 3372 2018 3418 centum
2049 3365 2333 3435 denarios;

775 3438 830 3484 et
847 3441 1036 3489 tenens
1063 3435 1529 3509 sufi‘ocabateum,
1563 3445 1754 3504 dicens
1779 3467 1792 3503 :
1819 3449 2005 3507 Redde
2023 3455 2068 3509 si
2087 3459 2218 3526 quid
2239 3459 2335 3512 de-

775 3523 891 3580 bes.
947 3524 1242 3584 Procidens
1302 3533 1467 3601 igitur
1537 3553 1834 3596 conservus
1891 3545 2008 3614 ejus
2056 3547 2123 3600 ad
2171 3551 2333 3619 pedes

777 3613 970 3682 ipsius,
1007 3619 1234 3687 rogabat
1265 3638 1410 3686 eum,
1459 3625 1651 3683 dicens
1689 3649 1702 3683 :
1737 3613 2064 3690 Patientiam
2107 3639 2245 3694 habe
2278 3641 2331 3694 in

774 3721 881 3770 me,
918 3716 971 3761 et
1000 3712 1184 3766 omnia
1206 3714 1426 3770 reddam
1455 3719 1576 3774 tibi.
1632 3721 1726 3777 Ille
1783 3736 1963 3793 autem
2000 3731 2205 3797 noluit;
2237 3734 2332 3788 sed

774 3799 963 3854 abiens
985 3804 1134 3856 misit
1163 3821 1286 3859 cum
1319 3808 1695 3879 incarcerem,
1731 3815 1906 3873 donec
1939 3821 2188 3878 redderet
2207 3825 2331 3878 uui-

773 3904 992 3946 versum
1032 3895 1296 3953 debitum.
1353 3900 1614 3958 Videntes
1679 3917 1860 3966 autem
1907 3916 2160 3966 conservi
2214 3917 2332 3986 ejus

771 3996 893 4046 qua:
918 3982 1136 4051 fieliant,
1167 3992 1475 4052 contristati
1502 4005 1633 4059 sunt
1664 3999 1820 4054 valde
1857 4017 1870 4052 :
1924 4010 1979 4054 et
2031 3982 2327 4074 venerunt,

770 4081 823 4122 et
856 4089 1217 4131 uarraveruut
1249 4081 1468 4138 domino
1491 4085 1611 4155 ejus
1649 4091 1833 4146 omnia
1860 4107 1982 4161 qua:
2037 4093 2179 4151 facta
2209 4097 2332 4155 fue-

771 4174 916 4218 rant.
951 4165 1102 4223 Tuuc
1129 4186 1333 4232 vocans
1366 4174 1516 4231 illum
1565 4179 1822 4236 dominus
1866 4200 2020 4251 suus,
2081 4189 2157 4242 ait
2212 4189 2325 4244 illi:

772 4254 938 4310 Serve
963 4275 1396 4330 nequam,omne
1414 4269 1654 4325 debitmu
1687 4273 1820 4328 illud
1847 4276 2026 4336 dimisi
2053 4281 2172 4346 tibi,
2195 4298 2331 4351 quo-

768 4348 912 4400 niam
952 4355 1151 4418 rogasti
1179 4371 1264 4409 me
1299 4376 1311 4410 :
1347 4375 1528 4414 nonne
1573 4367 1818 4433 oportuit
1870 4379 1925 4422 et
1974 4379 2026 4426 te
2079 4375 2326 4434 misereri

767 4442 1016 4493 conservi
1052 4443 1314 4507 tui,sicut
1345 4461 1397 4501 et
1432 4465 1532 4524 ego
1559 4455 1634 4505 tui
1665 4455 1922 4514 misertus
1955 4476 2095 4518 sum.
2130 4462 2195 4516 Et
2218 4465 2327 4519 ira-
2358 4483 2402 4537 ῃ

767 4541 854 4584 tus
885 4531 1140 4587 dominus
1169 4537 1288 4603 ejus
1337 4541 1561 4595 tradidit
1589 4545 1739 4599 illum
1769 4553 2094 4618 tortoribus,
2116 4560 2324 4625 quoad-

767 4637 941 4690 usque
1007 4625 1257 4680 redderet
1311 4631 1624 4687 universum
1662 4637 1918 4694 debitum.
1960 4641 2048 4698 Sic
2094 4654 2145 4698 et
2169 4646 2327 4704 Pater

765 4729 916 4775 meus
949 4716 1197 4771 cmlestis
1256 4718 1420 4776 faciet
1479 4727 1672 4797 vobis,
1730 4731 1774 4784 si
1831 4748 1937 4787 non
2000 4738 2324 4798 remiseritis
2422 4768 2530 4813 τως

765 4807 1140 4876 unusquisque
1173 4808 1325 4864 fratri
1350 4827 1452 4867 suo
1481 4815 1546 4871 de
1572 4822 1838 4878 cordibus
1896 4829 2099 4884 vestris
2122 4830 2321 4886 delicta

760 4896 1022 4963 ipsorum.
1065 4919 1084 4953 ι

822 4983 949 5052 ινιις.
986 5003 1117 5054 xvu,
1143 4992 1197 5057 5,
1219 4996 1272 5048 4.
1303 5025 1369 5035 —-
1397 5015 1416 5048 ι
1451 4999 1507 5052 Si
1530 5002 1776 5067 peccavit
1798 5002 1850 5057 in
1879 5011 1931 5059 te
1959 5007 2128 5072 frater
2167 5021 2318 5076 tuus,

764 5077 982 5145 increpa
1021 5080 1172 5136 illum
1205 5099 1219 5134 :
1252 5094 1307 5139 et
1334 5088 1378 5142 si
1445 5092 1820 5158 pmnitentiam
1881 5102 2072 5168 egerit,
2109 5104 2320 5160 dimitte
2420 5135 2490 5173 κα

759 5172 827 5220 ei.
854 5171 916 5223 Et
939 5174 981 5225 si
1017 5177 1213 5242 septies
1239 5177 1293 5230 in
1327 5179 1414 5235 die
1436 5188 1749 5251 peccaverit
1782 5187 1833 5242 in
1860 5196 1935 5251 te,

760 5263 848 5313 die
877 5279 1175 5321 conversus
1211 5270 1378 5324 fuerit
1440 5274 1505 5328 ad
1550 5283 1601 5329 te
1653 5277 1863 5345 dicens,

758 5355 1000 5412 dimittes
1041 5358 1139 5411 illi.
1187 5381 1205 5411 ι

1910 5282 2146 5339 Paenitet
2202 5304 2285 5343 me
2300 5329 2315 5356 ,

828 5444 976 5498 lium.
1007 5464 1129 5514 xxv,
1166 5451 1275 5507 1-5.
1309 5483 1380 5498 --
1412 5477 1430 5508 ι
1474 5457 1742 5516 Debemus
1771 5479 1869 5517 nos
1925 5464 2193 5524 firmiores
2218 5469 2315 5525 im-

2461 1918 2640 1988 ὑμῶν.
2667 1939 2686 1970 ι

2531 2029 2548 2061 ι
2572 2011 2703 2074 Τότε
2721 2014 3034 2085 προσελθὼν
3060 2018 3310 2090 ὀῐιέτρος
3332 2016 3485 2076 εἶπεν
3504 2039 3516 2051 ·
3539 2022 3734 2094 Κύριε,
3761 2023 4027 2090 πολλάκις

2457 2105 2536 2168 είς
2565 2105 2662 2174 ἐμὲ
2695 2107 3001 2179 ἁμαρτήσει
3039 2112 3068 2164 6
3097 2111 3319 2181 ἀδελφός
3344 2131 3468 2183 μου,
3494 2115 3587 2168 καὶ
3615 2116 3814 2186 ἀφήσω
3840 2116 4024 2184 abuit;

2455 2195 2556 2256 ἕως
2591 2198 2852 2266 ἑπτάκις
2883 2200 3047 2268 Λέγει
3076 2202 3225 2274 αὐτῷ
3262 2206 3290 2257 6
3331 2205 3536 2276 Ἰησοῦς
3560 2223 3573 2236 ·
3619 2207 3694 2260 Οὐ
3739 2207 3890 2275 λέγω
3919 2225 4024 2271 σοι,

2453 2285 2556 2348 ἕως
2574 2288 2821 2355 ἑπτάκις,
2841 2290 2957 2344 ἀλλ’
2973 2291 3077 2356 ἕως
3098 2294 3553 2366 ἑϐδομηκοντάκις
3574 2297 3734 2352 ἑπτά.
3753 2297 4023 2368 Ὡμοιώθη

2451 2376 2485 2444 ἠ
2518 2375 2762 2446 βασιλεία
2816 2381 2925 2436 τῶν
2965 2383 3210 2454 οὐρανῶν
3275 2386 3550 2459 ἀνθρώπῳ
3597 2387 3828 2457 βασιλεῖ,
3873 2390 4024 2453 ὅστις

2449 2469 2672 2540 ἐθέλησε
2729 2474 2956 2545 συνάραι
3008 2476 3165 2545 λόγον
3216 2478 3355 2545 μετά
3401 2479 3512 2532 τῶν
3567 2481 3769 2534 δούλων
3827 2482 4019 2538 αὑτοῦ.

2460 2560 2795 2632 Ἀρξαμένου
2811 2564 2868 2620 δὲ
2905 2567 3073 2621 αὐτοῦ
3127 2571 3423 2642 συναίρειν,
3482 2572 3834 2643 προσηνέχθη
3871 2573 4023 2642 αὑτῷ

2447 2647 2527 2715 εἷς
2555 2652 2840 2726 ὀφειλέτης
2860 2658 3069 2728 μυρίων
3099 2662 3393 2717 ταλάντων.
3419 2662 3513 2734 Μὴ
3542 2662 3755 2734 ἔχοντος
3779 2664 3841 2717 δὲ
3853 2665 4021 2718 αὑτοῦ

2443 2743 2756 2813 ἀποδοῦναι,
2784 2748 3070 2807 ἐκέλευσεν
3100 2753 3263 2807 αὐτὸν
3294 2758 3322 2808 ὀ
3348 2754 3552 2826 Κύριος
3597 2755 3764 2810 αὑτοῦ
3793 2756 4020 2826 πραθῆ-

2443 2854 2553 2900 ναι,
2585 2839 2680 2891 καὶ
2699 2840 2798 2910 τὴν
2827 2843 3063 2909 γυναῖκα
3093 2845 3262 2898 αὑτοῦ
3308 2849 3402 2900 καὶ
3446 2848 3515 2900 τὰ
3572 2849 3756 2911 τέκνα,
3805 2849 3904 2901 καὶ
3950 2850 4020 2903 τὰ

2442 2928 2623 2982 πάντα
2650 2931 2750 2984 ὅσα
2776 2928 2941 3002 εἶχεν,
2979 2935 3073 2988 καὶ
3095 2935 3448 3004 ἀποδοθῆναι.
3495 2936 3680 2991 Πεσὼν
3710 2934 3804 2992 οὖν
3832 2941 3863 2991 6
3893 2939 4018 2992 δοῦ-

2440 3015 2551 3079 λος,
2576 3022 2904 3088 προσεκύνει
2923 3024 3092 3095 αὐτῷ,
3125 3025 3326 3095 λέγων·
3358 3027 3555 3098 Κύριε,
3589 3027 4018 3099 μακροθὺμησον

2363 3159 2406 3216 C
2439 3110 2524 3161 ἐπ’
2556 3111 2699 3177 ἐμοὶ,
2732 3115 2825 3165 καὶ
2851 3116 3028 3169 πάντα
3070 3135 3152 3172 σοι
3175 3119 3460 3174 ἀποδώσω.
3497 3120 3927 3190 Σπλαγχνισθεὶς

2437 3196 2465 3248 6
2502 3196 2690 3265 κύριος
2708 3198 2797 3251 τοῦ
2823 3200 3010 3253 δούλου
3042 3203 3275 3268 ἐκείνου,
3305 3211 3572 3261 ἀπέλυσεν
3610 3213 3793 3273 αὐτὸν,
3829 3215 3926 3266 καὶ
3953 3213 4014 3264 τὸ

2433 3284 2640 3339 δάνειον
2675 3288 2885 3357 ἀφῆκεν
2914 3291 3080 3361 αὐτῷ.
3116 3293 3379 3361 Ἐξελθὼν
3411 3297 3468 3349 δὲ
3501 3301 3530 3350 6
3556 3297 3740 3362 δοῦλος
3777 3301 4010 3366 ἐκεῖνος,

2435 3370 2594 3447 εὗρεν
2612 3377 2709 3430 ἕνα
2756 3379 2864 3433 τῶν
2897 3382 3198 3436 συνδούλων
3248 3386 3435 3451 αὑτοῦ,
3486 3388 3542 3452 ὃς
3578 3389 3806 3456 ὤφειλεν
3856 3395 4012 3466 αὐτῷ

2435 3468 2628 3521 ἑκατὸν
2651 3469 2880 3540 δηνάρια
2901 3489 2914 3501 ⁸
2937 3475 3028 3527 καὶ
3046 3478 3328 3547 κρατήσας
3360 3480 3544 3547 αὐτὸν,
3571 3482 3759 3548 ἔπνιγε
3803 3485 4005 3552 λέγων,

2433 3559 2624 3621 ἀποδὺς
2653 3560 2782 3615 εἴτι
2806 3563 3060 3632 ὀφείλεις.
3093 3567 3281 3621 Πεσὼν
3309 3566 3402 3624 οὖν
3444 3574 3472 3625 6
3505 3573 3785 3637 σύνδουλος
3829 3578 3999 3632 αὐτοῦ

2431 3651 2510 3714 είς
2525 3654 2648 3716 τοὺς
2664 3655 2830 3717 πόδας
2845 3657 3030 3722 αὑτοῦ,
3045 3663 3341 3730 παρεκάλει
3370 3665 3556 3731 αὐτοῦ,
3574 3667 3765 3735 λέγων’
3786 3670 3998 3743 Μακρο.

2433 3741 2675 3821 Ούμησον
2700 3745 2786 3796 ἐπ’
2805 3746 2946 3815 ἐμοὶ,
2986 3749 3077 3801 καὶ
3104 3749 3365 3807 ἀποδώσω
3391 3771 3490 3808 σοι.
3508 3756 3566 3809 '0
3589 3757 3644 3810 δὲ
3675 3741 3996 3833 οὖκὴθέλη-

3816 3815 3826 3830 .
3876 3815 3883 3816 κ
3950 3815 3960 3833 .

2434 3850 2546 3900 σεν,
2605 3836 2740 3888 ἀλλὰ
2797 3839 3050 3894 ἀπελθὼν
3107 3843 3298 3898 ἔϐαλεν
3349 3849 3432 3911 εἰς
3489 3850 3758 3922 φυλακὴν,
3797 3855 3903 3922 ἕως
3933 3857 4003 3911 ἂν

2431 3925 2613 3996 ἀποδῷ
2659 3931 2766 3981 πᾶν
2799 3931 2857 3995 τὸ
2883 3932 3253 4004 ὀφειλόμενον.
3303 3937 3521 4001 Ἰδόντες
3558 3942 3614 3996 δὲ
3646 3945 3693 3996 οἱ
3721 3945 4002 4003 σύνδουλοι

2431 4015 2595 4068 αὑτοῦ
2621 4019 2688 4071 τά
2705 4021 2992 4103 γενόμενα,
3012 4025 3365 4098 ἐλυπήθησαν
3382 4031 3605 4103 σφόδρα,
3625 4036 3718 4088 καὶ
3750 4035 4000 4104 ἐλθόντες

2429 4107 2764 4181 διεσάφησαν
2815 4097 2892 4184 τῷ
2960 4119 3130 4188 κυρίῳ
3176 4097 3358 4174 αὖτοῦ
3390 4097 3569 4178 πάντα
3597 4126 3668 4180 τά
3699 4097 3995 4201 γενόμεναζ

2429 4199 2562 4260 Τότε
2587 4204 3094 4284 προσκαλεσάμενος
3123 4212 3150 4263 6
3182 4211 3368 4284 κύριος
3416 4215 3602 4283 αὐτοῦ,
3643 4218 3792 4287 λέγει
3821 4223 3994 4292 αὐτῷ’

2428 4291 2591 4344 Δοῦλε
2638 4297 2858 4370 πονηρὲ.
2920 4301 3100 4353 πᾶσαν
3149 4302 3373 4376 ὀφειλὴν
3413 4308 3630 4380 ἐκείνην
3659 4312 3853 4381 ἀφῆκά
3883 4291 3993 4382 σοι,

2429 4383 2551 4434 ἐπεὶ
2575 4388 2954 4454 παρεκάλεσας
2981 4391 3081 4460 ὲμέ
3107 4409 3122 4422 ο
3157 4394 3256 4447 οὐκ
3295 4395 3401 4449 ἔδει
3433 4399 3526 4450 καί
3550 4417 3607 4452 σε
3639 4402 3861 4472 ἐλεῆσαι
3899 4407 3996 4461 τὸν

2434 4473 2732 4541 σύνδουλον,
2756 4477 2831 4542 ὡς
2865 4480 2958 4532 καὶ
3013 4482 3122 4549 ἐγώ
3154 4500 3213 4536 σε
3260 4485 3490 4556 ὲλὲησα;
3523 4490 3635 4543 Καὶ
3663 4494 3941 4560 ὀργισθεὶς
3965 4502 3994 4551 ὁ

2428 4567 2614 4637 κύριος
2653 4569 2836 4633 αὑτοῦ,
2882 4573 3195 4643 παρέδωκεν
3243 4579 3406 4631 αὑτὸν
3457 4584 3570 4645 τοῖς
3615 4583 3988 4652 βασανισταῖς,

2425 4659 2529 4722 ἕως
2555 4654 2616 4714 οὗ
2661 4662 2843 4733 ἀποδῷ
2891 4665 3038 4736 αὺτῷ
3066 4669 3175 4720 πᾶν
3204 4667 3266 4721 τὸ
3299 4669 3646 4742 ὀφειλόμενον
3673 4676 3844 4747 αὐτῷ.
3883 4679 3990 4732 Οὖ-

2562 4755 2655 4806 καὶ
2685 4756 2713 4806 6
2742 4756 2930 4829 Πατὴρ
2995 4758 3149 4828 ὑμῶν
3202 4763 3232 4814 ὀ
3293 4762 3545 4832 οὐράνιος
3581 4770 3800 4836 ποιήσει
3831 4769 3985 4840 ὑμῖν,

2423 4845 2517 4896 ἐάν
2549 4847 2622 4915 μὴ
2662 4849 2837 4917 ἀφῆτε
2891 4851 3120 4915 ἕκαστος
3161 4854 3240 4923 τῷ
3269 4854 3483 4925 ἀδελφῷ
3520 4858 3686 4912 αὐτοῦ
3727 4861 3838 4913 ἀπὸ
3877 4865 3984 4916 τῶν

2423 4936 2653 5006 καρδιῶν
2676 4939 2827 5010 ὑμῶν
2849 4943 2916 4994 τὰ
2946 4944 3365 5014 παραπτώματα
3382 4947 3579 5001 αὐτῶν.
3614 4969 3632 5000 ι

2494 5047 2512 5077 ι
2565 5029 2689 5082 Ἐἀν
2715 5032 2934 5103 ἁμάρτῃ
2961 5035 2990 5085 ὀ
3028 5036 3255 5103 ἀδελφός
3287 5055 3402 5099 σου,
3433 5040 3764 5110 ἐπιτίμησον
3795 5048 3942 5117 αὐτῷ
3964 5066 3978 5078 ·

2493 5119 2634 5171 ὶὲάν
2666 5125 2991 5194 μετανοήσῃ,
3051 5126 3186 5195 ἄφες
3232 5127 3402 5197 αὐτῷ.
3457 5130 3566 5181 Καὶ
3614 5133 3708 5183 εὰν
3749 5137 3981 5198 ἑπτάκις

1958 5201 2013 5244 ct
2037 5197 2236 5264 septies
2261 5198 2316 5254 in
2415 5226 2446 5262 τ

2415 5211 2513 5279 τῆς
2536 5213 2747 5282 ἡμέρας
2778 5216 3070 5289 ἁμαρτήσῃ
3097 5219 3176 5278 εἷς
3205 5237 3283 5285 σε,
3312 5223 3410 5274 καὶ
3444 5223 3671 5286 ἑπτάκις
3701 5227 3804 5296 τῆς
3839 5231 3979 5298 ὴμέ-

2422 5319 2519 5371 ρας
2551 5306 2874 5380 ὲπιστξέψῃ,
2916 5310 3108 5379 λέγων·
3147 5313 3424 5378 Μετανοῶ,
3472 5318 3706 5386 ἀφήσεις
3738 5321 3908 5390 αὐτῷ.
3953 5340 3971 5373 ι

2491 5498 2507 5529 ι
2564 5480 2876 5553 Ὀφείλομεν
2926 5488 3086 5554 ἡμεῖς
3142 5491 3190 5541 οἱ
3240 5491 3454 5544 δυνατοὶ
3502 5491 3568 5546 τὰ
3619 5495 3973 5568 ἀσθενήματα

759 5537 1078 5594 liccillitates
1103 5541 1442 5601 infirmorum
1470 5553 1742 5606 sustinuere
1771 5563 1826 5606 et
1859 5571 1966 5608 non
1999 5559 2158 5614 nobis
2180 5560 2314 5630 ipsis
2412 5585 2446 5620 τη

760 5629 972 5656 ..μμ-...ιη
1036 5631 1276 5656 I'__.-,,,___:
1340 5655 1345 5656 ,
1547 5650 1558 5656 -
1786 5646 1797 5656 .
1848 5649 1860 5656 .
2140 5651 2151 5656 -

2635 5537 2646 5547 .
2779 5537 2790 5553 .
2935 5537 3084 5554 "t-"’U
3149 5537 3189 5541 --
3245 5537 3452 5544 ν---νννν
3513 5537 3568 5546 --
3619 5537 3967 5568 -ννυιι,ιι··υιιιι

2412 5568 2519 5621 τῶν
2549 5571 2822 5627 ἀδυνάτων
2851 5576 3159 5646 βαστάζειν,
3207 5582 3300 5632 καὶ
3331 5581 3406 5652 μὴ
3440 5582 3650 5645 ἑαυτοῖς
3688 5587 3967 5656 ἀρέσκειν.

755 5629 995 5699 plut-ere.
1036 5631 1424 5705 Unusquisque
1452 5650 1688 5696 vestrum
1732 5646 1798 5697 ad
1847 5649 2047 5702 bonum
2102 5651 2315 5717 placeat

757 5717 822 5768 ad
853 5719 1285 5778 aedificationem.
1316 5725 1521 5783 Etenim
1541 5731 1791 5789 Christus
1824 5753 1931 5791 nun
1960 5739 2057 5792 sibi
2084 5741 2307 5810 placuit,

2414 5657 2680 5724 Ἕκαστος
2710 5665 2862 5734 ὑμῶν
2883 5666 2960 5736 τῷ
2985 5668 3204 5739 πλησίον
3229 5671 3510 5742 ἀρεσκέτω
3552 5676 3631 5737 είς
3660 5675 3720 5727 τὸ
3742 5679 3967 5743 ἀγαθὸν,

2415 5752 2543 5819 πρὸς
2575 5755 2873 5821 οἰκοδομήι.
2906 5761 3013 5813 Καὶ
3042 5762 3143 5831 γάρ
3175 5765 3199 5816 ὁ
3226 5764 3454 5834 Χριστὸς
3496 5763 3593 5837 οὐχ
3635 5765 3819 5839 ἑαυτῷ
3837 5769 3960 5840 ἦρεν
