4218 6446
237 424 368 494 1141

1490 433 1726 491 ΞΛΟΗΑ
1759 433 2211 494 PARALLELA.

3311 442 3444 506 114.2

233 558 382 604 σκεν,
427 538 561 593 ἀλλά
618 539 798 603 καθὼς
852 540 1176 611 γέγραπται,
1218 541 1280 593 Οἱ
1312 541 1613 612 ὀνειδισμοὶ
1672 543 1784 598 τῶν
1814 547 1899 604 At

1782 566 1784 583 ι
1814 547 1861 604 Α
1887 543 1983 597 sed
2018 545 2162 598 sicut
2193 545 2458 616 scriptum
2489 557 2606 602 est:
2640 549 2974 622 linproperia
2995 554 3448 622 exprobrantium

228 630 588 694 ὀνειδιζόντων
614 647 673 683 σε
702 632 975 685 ἐπέπεσαν
1006 632 1230 701 ἐπ’ὲμέ.
1256 651 1274 684 ι

306 742 326 774 ι
357 723 562 793 Μηδενὶ
609 724 777 778 κακὸν
817 726 938 778 ἀντὶ
985 724 1155 779 κακοῦ
1212 726 1550 791 ἀποδιδόντες
1574 768 1589 793 ,
1651 747 1787 801 προ-

226 815 511 885 νοούμενοι
566 816 705 870 καλὰ
760 816 989 871 ἐνώπιον
1050 819 1255 889 Κυρίου
1318 821 1407 873 καὶ
1460 820 1781 890 ἀνθρώπων.

227 908 321 977 Μὴ
351 907 485 959 νικῶ
511 907 615 960 ὐπὸ
633 908 728 961 τοῦ
760 910 953 975 κακοῦ,
998 909 1134 963 ἀλλά
1164 909 1289 965 νίκα
1320 911 1379 963 ὲν
1414 911 1490 983 τῷ
1514 912 1702 985 ἀγαθῷ
1724 914 1786 967 τὸ

226 996 421 1050 κακόν.
458 1016 475 1049 ι

305 1108 324 1140 ι
366 1091 422 1141 Εἰ
452 1088 713 1158 ἀλλήλους
766 1089 990 1142 δάκνετε
1038 1089 1132 1142 καὶ
1184 1089 1517 1159 κατεσθίετε,
1557 1091 1783 1161 βλέπετε

229 1181 305 1252 μὴ
333 1182 422 1234 ὐπ’
454 1180 696 1250 ἀλλήλων
723 1180 1059 1249 ἀναλωθῆτε.
1096 1200 1116 1234 ι

303 1378 323 1409 ι
373 1358 729 1429 Ἀλλήλωντά
764 1358 904 1430 βάρη
953 1359 1271 1429 βαστάζετε,
1313 1363 1403 1414 καὶ
1436 1362 1609 1427 οὕτως
1648 1364 1782 1419 ἀνα-

222 1451 546 1521 πληρώσατε
585 1454 676 1504 τὸν
733 1453 897 1521 νόμον
961 1452 1055 1505 τοῦ
1098 1454 1358 1524 Χριστοῦ.
1398 1455 1542 1518 Ἕως
1589 1458 1779 1528 καιροῦ

222 1546 587 1615 ὲργασώμεθα
620 1547 681 1599 τὸ
710 1546 913 1615 ἀγαθὸν
958 1548 1092 1621 πρὸς
1145 1550 1374 1613 πάντας,
1442 1548 1678 1619 μάλιστα
1724 1552 1780 1605 δὲ

222 1641 359 1707 πρὸς
394 1640 519 1702 τούς
549 1640 779 1702 οίκείους
811 1640 912 1709 τῆς
930 1640 1188 1703 πίστεως.
1227 1659 1246 1692 ι

296 1747 317 1778 ι
358 1730 683 1799 Ἀποθέμενο
721 1730 781 1782 τὸ
806 1729 1018 1799 ψευδος,
1044 1732 1253 1785 λαλεῖτε
1270 1731 1527 1801 ἀλήθειαν
1553 1731 1781 1795 ἕκαστος

221 1822 363 1890 μετὰ
388 1823 480 1874 τοῦ
508 1823 733 1892 πλησίον
765 1824 949 1887 αὐτου,
1010 1824 1091 1877 ὅτι
1146 1825 1388 1896 ἀλλήλων
1425 1826 1559 1896 μὲλη
1591 1826 1775 1895 ἐσμέν.

231 1911 575 1980 Ὀργίζίσθηῑ,
618 1915 703 1964 καὶ
745 1916 819 1984 μὴ
876 1938 881 1961 :
958 1918 1237 1969 zWiivzx.
1303 1919 1344 1969 Ο
1449 1934 1524 1981 ’ος
1549 1918 1622 1989 μὴ
1663 1920 1778 1971 ὲπι-

220 2000 389 2052 δυέτω
422 2003 514 2055 ἐπὶ
543 2003 619 2074 τῷ
652 2006 1015 2075 παροργισμῷ
1041 2007 1192 2077 ὑμῶν
1212 2025 1225 2038 ·
1258 2008 1392 2078 μηδὲ
1425 2008 1596 2061 δίδοτε
1616 2008 1777 2063 τόπον

222 2096 293 2166 τῷ
324 2097 571 2169 διαϐόλῳ.
600 2100 816 2153 Γίνεσθε
845 2103 925 2163 εἰς
953 2102 1217 2173 ἀλλήλους
1233 2104 1476 2173 χρηστοὶ,
1502 2106 1773 2174 εὐσπλάγν⁴

216 2206 357 2257 χνοι,
389 2192 735 2262 χαριζόμενοι
784 2193 1015 2256 ἑαυτοῖς,
1070 2194 1253 2258 καθὼς
1311 2197 1405 2249 καὶ
1459 2198 1488 2249 ό
1541 2199 1777 2267 Χριστὸς

216 2280 511 2349 ἐχαρίσατο
537 2285 687 2352 ἡμῖν.
717 2284 936 2337 Γίνεσθε
972 2279 1066 2337 οὖν
1116 2287 1350 2357 μιμηταὶ
1376 2286 1469 2339 τοῦ
1502 2286 1659 2349 Θεοῦ,
1700 2288 1776 2351 ὡς

220 2373 381 2427 τέκνα
406 2376 679 2445 ἀγαπητὰ,
736 2377 827 2429 καὶ
882 2381 1232 2447 περιπατεῖτε
1276 2382 1335 2432 ὲν
1361 2381 1571 2450 ἀγάπῃ,
1595 2380 1775 2444 καθὼς

215 2468 312 2517 καὶ
338 2468 368 2518 ὁ
396 2469 625 2536 Χριστὸς
646 2469 932 2539 ἠγάπησεν
964 2472 1132 2540 ἡμᾶς,
1158 2472 1251 2525 καὶ
1290 2471 1608 2541 παρέδωκεν
1643 2474 1772 2526 ἑαυ-

220 2555 304 2606 τὸν
331 2556 470 2626 ὑπὲρ
499 2556 655 2627 ἡμῶν
716 2561 1031 2630 προσφορὰν
1061 2562 1156 2613 καὶ
1194 2560 1386 2613 θυσίαν
1429 2560 1508 2631 τῷ
1534 2560 1650 2631 Θεῷ
1693 2564 1773 2626 εἰς

212 2646 388 2717 ὀσμὴν
413 2649 660 2711 εὐωδίας.
702 2669 722 2702 ι

291 2756 310 2788 ι
346 2740 484 2801 Τοὺς
514 2741 927 2809 ἁμαρτάνοντας
955 2744 1185 2797 ἐνώπιον
1209 2745 1427 2799 πάντων
1454 2746 1660 2818 ἔλεγχε,
1685 2748 1771 2801 ἵνα

212 2830 307 2880 καί
331 2830 378 2880 οί
409 2829 583 2882 λοιποὶ
612 2831 776 2897 φόϐον
808 2832 1025 2901 ἔχωσιν.
1056 2852 1074 2885 ι

283 2938 302 2970 ι
337 2921 431 2981 Τίς
452 2922 481 2973 ὁ
510 2921 776 2976 κακώσων
811 2925 980 2993 ὑμᾶς,
1024 2924 1121 2977 ὲάν
1169 2926 1261 2979 τοῦ
1293 2929 1499 2996 ἀγαθοῦ
1533 2930 1771 3002 ζηλωταὶ

214 3010 439 3080 γένησθε
460 3030 475 3077 ;
501 3012 641 3065 Ἀλλ’
666 3017 713 3067 εί
735 3016 828 3068 καὶ
851 3016 1085 3086 πάσχετε
1104 3018 1193 3072 διὰ
1211 3021 1574 3094 δικαιοσύνην,
1597 3024 1773 3092 μακά·

208 3115 335 3167 ριοι.
364 3102 454 3168 Μὴ
474 3102 812 3167 ἀποδιδόντες
828 3106 997 3158 κακὸν
1022 3107 1142 3161 ἀντὶ
1165 3109 1357 3174 κακοῦ,
1393 3114 1468 3182 μὴ
1498 3113 1768 3183 λοιδορίαν

1889 635 1986 689 tibi
2015 637 2336 692 ceciderunt
2364 655 2528 710 super
2552 656 2659 696 me.
2702 660 2722 693 ι

1957 726 2107 783 Rom.
2145 745 2247 796 xu,
2286 731 2375 785 l7.
2401 761 2470 771 —
2501 748 2521 782 ι
2558 729 2701 787 Nulli
2739 734 2941 790 malum
2983 749 3083 805 pro
3119 737 3264 792 malo
3316 739 3445 793 red-

1884 817 2115 876 dentes:
2160 821 2516 892 providentes
2548 822 2689 878 bona
2709 839 2894 881 coram
2951 824 3062 882 Deo
3113 837 3169 882 et
3210 827 3444 882 homini—

1883 911 2007 967 bus.
2050 912 2167 966 Noli
2216 914 2359 968 vinci
2404 929 2433 968 a
2493 917 2667 981 malo;
2725 915 2821 972 sed
2871 917 3034 972 vince
3083 917 3139 973 in
3174 919 3321 973 malo
3346 920 3441 975 bo-

1882 1018 2036 1057 num.
2072 1024 2091 1055 1

1948 1094 2127 1149 Galat.
2160 1096 2331 1159 v,15.
2368 1121 2432 1138 --
2468 1115 2488 1148 ι
2533 1099 2591 1153 Si
2625 1099 2857 1154 invicem
2904 1100 3191 1166 merdetis,
3242 1111 3299 1158 et
3341 1118 3440 1158 co-

1881 1186 2134 1254 meditis;
2191 1187 2372 1244 videte
2430 1203 2500 1245 ne
2547 1189 2615 1244 ab
2673 1190 2911 1245 invicem
2950 1193 3113 1245 etiam
3146 1207 3441 1248 consuma~

1880 1277 2033 1331 mini.
2073 1296 2092 1329 ι

1952 1367 2134 1423 (ἰαιαι.
2162 1386 2239 1437 vr,
2270 1372 2420 1437 2,10.
2445 1402 2517 1415 —
2542 1391 2560 1424 ι
2591 1373 2745 1428 Alter
2766 1373 2994 1430 alterius
3019 1389 3183 1430 onera
3198 1384 3436 1446 portate,

1880 1469 1933 1515 et
1962 1460 2043 1516 sic
2069 1461 2359 1533 adimplete
2396 1465 2569 1534 legem
2598 1464 2826 1521 Christi.
2866 1465 3004 1522 Dum
3022 1475 3238 1537 tempus
3268 1468 3438 1523 babe-

1880 1568 2021 1617 mus,
2049 1568 2341 1623 operemur
2372 1556 2573 1610 bonum
2596 1556 2665 1612 ad
2689 1572 2915 1619 omnes;
2964 1558 3204 1614 maxime
3254 1566 3436 1614 autem

1878 1643 1943 1696 ad
1963 1643 2294 1698 domesticos
2320 1646 2468 1699 fidei.
2506 1666 2524 1697 ι

1946 1735 2138 1801 Ephes.
2170 1751 2241 1795 ιν,
2264 1736 2523 1793 25-3ί.-
2546 1756 2565 1789 ι
2592 1738 2930 1809 Deponentes
2960 1741 3328 1805 mendacium,
3359 1741 3439 1795 lo-

1877 1828 2111 1897 quimini
2146 1827 2428 1883 veritatem
2451 1828 2616 1899 329
2646 1832 3023 1902 unusquisque
3042 1849 3165 1887 cum
3186 1834 3439 1903 proximo

1880 1935 2012 1974 suo:
2039 1918 2294 1985 quoniam
2337 1934 2526 1974 sumus
2561 1920 2792 1974 invicem
2821 1921 3435 1987 membraJrascimini,

1879 2019 1935 2065 ct
1966 2011 2132 2065 nolite
2154 2025 2415 2079 peccare:
2441 2011 2523 2065 sol
2541 2025 2648 2065 non
2669 2011 2888 2066 occidat
2909 2027 3072 2081 super
3096 2014 3435 2068 iracundiam

1876 2111 2131 2157 vostram.
2159 2101 2335 2157 Nolite
2383 2104 2561 2157 locum
2602 2104 2733 2159 dare
2767 2104 3009 2159 diabolo.
3075 2104 3264 2161 Estote
3294 2106 3437 2161 invi-

1875 2210 1992 2249 cem
2056 2195 2293 2264 benigni,
2372 2194 2777 2261 misericordes,
2844 2195 3115 2253 donantes
3180 2197 3435 2260 invicem,

1875 2284 2016 2340 sicut
2040 2284 2362 2339 ethristus
2393 2286 2617 2340 donavit
2652 2287 2834 2341 nobis.
2890 2287 3075 2343 Estote
3100 2303 3229 2356 ergo
3256 2287 3437 2342 imita-

1876 2383 2018 2427 tores
2047 2372 2163 2435 Dei,
2193 2374 2336 2428 sicut
2363 2375 2456 2429 lilii
2489 2375 2830 2441 charissimi,
2867 2384 2917 2432 et
2963 2378 3239 2433 ambulate
3267 2377 3324 2432 in
3348 2368 3435 2432 di-

1874 2466 2127 2528 lectione,
2160 2467 2303 2521 sicut
2331 2477 2385 2521 et
2413 2466 2669 2523 Christus
2700 2466 2891 2523 dilexit
2921 2482 3044 2533 nos,
3078 2476 3132 2522 et
3163 2464 3311 2523 dedit
3348 2484 3435 2541 se-

1872 2566 2165 2631 metipsum
2196 2573 2295 2625 pro
2324 2559 2485 2613 nobis
2505 2560 2841 2615 oblationem
2880 2569 2934 2614 et
2960 2561 3192 2615 hostiam
3218 2560 3328 2617 Deo
3375 2561 3431 2617 in

1870 2649 2094 2705 odorem
2128 2650 2439 2706 suavitatis.
2480 2670 2498 2702 ι
3420 2648 3423 2651 ’

1941 2739 1968 2793 I
2018 2739 2154 2795 Tim.
2208 2757 2262 2807 v,
2304 2741 2395 2796 20.
2427 2771 2496 2781 -—
2534 2761 2552 2794 ‹
2586 2741 2888 2800 Peccantes
2933 2760 3120 2800 coram
3148 2746 3432 2820 )omnibus

1869 2846 2057 2902 argue,
2089 2844 2145 2886 ut
2174 2842 2228 2888 et
2261 2834 2443 2889 caueri
2473 2834 2725 2888 timorem
2764 2836 3022 2891 habeant.
3053 2855 3073 2889 ι

1941 2922 1970 2976 1
1995 2924 2110 2978 Pet.
2138 2941 2215 2991 ιιι,
2244 2927 2298 2993 9,
2337 2926 2423 2980 15.
2450 2955 2520 2967 —
2548 2944 2566 2978 ι
2598 2926 2733 2992 Quis
2767 2936 2853 2983 est
2880 2929 2973 2996 qui
3017 2929 3175 2986 vobis
3208 2938 3428 2994 noceat,

1869 3020 1918 3074 si
1966 3018 2094 3074 boni
2144 3021 2490 3077 aemulatores
2541 3023 2803 3078 fueritis?
2841 3022 2948 3078 Sed
2994 3034 3049 3081 et
3086 3026 3133 3081 si
3180 3027 3431 3096 patimini

1844 3120 2092 3182 propter
2139 3112 2437 3180 justitiam,
2485 3113 2652 3169 beati.
2703 3113 2822 3170 Non
2873 3117 3168 3174 reddentes
3221 3119 3427 3173 malum

206 3190 329 3242 ἀντὶ
349 3191 614 3262 λοιδορίας
638 3210 654 3225 ο
684 3197 997 3251 τούναντίον
1046 3199 1103 3251 δὲ
1146 3202 1516 3269 εὐλογοῦντες,
1560 3204 1642 3257 ὅτι
1691 3207 1770 3268 εἰς
1795 3235 1839 3296 C
1871 3218 1872 3221 ‘

1795 3235 1839 3296 Ο
1871 3216 1968 3270 pro
1998 3204 2162 3267 malo,
2210 3219 2384 3272 neque
2416 3205 2769 3261 maledictum
2819 3223 2919 3278 pro
2959 3209 3252 3265 maledicto
3280 3228 3296 3267 :
3327 3209 3456 3267 scd'

210 3281 362 3333 τοῦτο
387 3284 669 3351 ἐκλήθητε,
701 3286 790 3338 ἵνα
818 3288 1068 3351 εὐλογίας
1102 3291 1567 3360 κληρονομήσητε.
1603 3315 1621 3343 ι

282 3468 301 3500 ι
350 3450 649 3519 Ἀγαπητὲ,
678 3453 751 3523 μὴ
781 3454 950 3523 μιμοῦ
970 3455 1031 3508 τὸ
1056 3457 1223 3509 κακόν
1275 3459 1411 3511 ἀλλὰ
1443 3460 1502 3512 τὺ
1541 3460 1742 3529 ἀγαθόν

213 3541 271 3591 '0
294 3541 635 3607 ἀγαθοποιῶν
654 3544 717 3596 ὲκ
744 3547 838 3596 του
873 3546 1005 3598 Θεου
1045 3549 1215 3600 ἐστιν*
1255 3551 1283 3601 ὁ
1333 3550 1390 3603 δὲ
1430 3554 1763 3617 κακοποιῶν,

198 3631 299 3699 οὐχ
318 3630 529 3701 ἑώρακε
563 3633 654 3685 τὸν
689 3635 833 3687 Θεόν.
872 3654 891 3686 ι

275 3722 485 3791 ’Ὠσπερ
528 3722 605 3791 τῷ
638 3726 779 3791 φωτὶ
816 3725 1138 3796 αὐτομάτως
1178 3729 1369 3784 ἕπεται
1398 3732 1459 3785 τὸ
1488 3733 1760 3801 φωτίζειν,

202 3814 297 3865 καὶ
324 3813 400 3883 τῷ
430 3814 585 3884 μύρῳ
613 3815 673 3867 τὸ
694 3818 934 3884 ευωδειν,
956 3820 1099 3872 οὕτω
1118 3822 1212 3874 καὶ
1236 3840 1355 3886 ταις
1371 3824 1603 3891 ἀγαθαῖς
1626 3828 1762 3897 πρά-

202 3905 351 3968 ξεσιν
379 3907 691 3975 ἀναγκαίως
714 3909 998 3965 ἀκολουθεῖ
1024 3912 1085 3965 τὸ
1106 3913 1400 3985 ὠφέλιμον.

269 4082 334 4135 Ol
365 4086 426 4135 τδ
484 4085 686 4153 ἀγαθὸν
720 4087 1095 4158 ἐργαζόμενοι,
1143 4092 1202 4145 ὲν
1236 4093 1383 4165 αὐτῷ
1424 4094 1502 4166 τῷ
1530 4095 1677 4169 ἔργῳ
1698 4100 1760 4152 τὸ

197 4175 497 4228 ἀπόδεκτον
530 4177 733 4247 ἔχουσι.

270 4352 473 4419 Μηδεὶς
524 4355 744 4420 ἄγνοιαν
793 4361 1215 4427 προφασιζέσθω
1246 4365 1375 4436 περὶ
1412 4367 1471 4419 τὸ
1516 4369 1753 4436 ἀγαθόν·

195 4443 425 4509 φυσικὸς
479 4445 633 4513 λόγος
664 4490 675 4511 ,
746 4450 1015 4504 οἰκείωσιν
1066 4454 1197 4523 ἡμῖν
1252 4456 1345 4508 τοῦ
1399 4458 1560 4512 καλοῦ
1590 4501 1605 4526 ,
1662 4463 1755 4515 καὶ

1866 3307 1897 3344 e
1917 3293 2196 3347 contrario
2227 3293 2651 3360 benedicentes;
2693 3297 2820 3365 quia
2845 3298 2899 3352 in
2930 3299 3033 3353 hoc
3059 3298 3237 3356 vocati
3270 3300 3425 3367 estis.

1867 3383 2375 3440 utbenedie‘ionem
2403 3386 2720 3445 haereditate
2752 3391 3095 3459 possideatis.
3130 3413 3150 3446 ι

1938 3474 1965 3527 1
2012 3476 2157 3529 Ροαη.
2215 3494 2296 3535 ιιι⁷
2354 3480 2437 3532 Η.
2490 3510 2556 3519 μα
2591 3498 2610 3532 ‹
2643 3480 2999 3546 Charissime,
3054 3485 3163 3539 noli
3218 3486 3421 3541 imitari

1865 3566 2043 3618 malm.
2074 3610 2083 3623 ..
2138 3584 2156 3617 ξε
2189 3578 2227 3615 με
2284 3569 2425 3633 quod
2483 3570 2686 3624 bonum
2741 3580 2847 3628 est.
2884 3574 2989 3639 Qui
3031 3575 3323 3642 benefacit,
3352 3595 3421 3635 ex

1864 3656 1970 3711 Deo
2004 3668 2086 3711 est
2120 3673 2134 3709 :
2175 3660 2268 3727 qui
2299 3668 2481 3715 autem
2525 3662 2818 3729 malefacit,
2860 3681 2969 3721 non
2997 3668 3135 3723 vidit
3162 3670 3352 3726 Deum.
3395 3691 3415 3725 ι

1930 3748 2099 3802 Basil.
2144 3750 2199 3803 in
2243 3748 2299 3804 S.
2352 3750 2513 3806 Gord.
2545 3784 2614 3796 —-—
2650 3755 3119 3821 Quemadmodum
3156 3763 3421 3832 splendor

1860 3844 2053 3902 sponte
2099 3838 2275 3894 lucem
2310 3844 2578 3912 sequitur,
2617 3853 2671 3899 et
2714 3845 2965 3917 fragrans
3005 3850 3143 3904 odor
3166 3868 3418 3923 unguen-

1860 3934 1972 3979 tum
2003 3946 2016 3991 ;
2050 3929 2130 3984 sic
2169 3934 2332 3985 etiam
2364 3936 2655 4004 probarum
2686 3936 2964 3993 actionum
2997 3941 3203 3998 utilitas
3225 3957 3417 4001 neces-

1859 4032 2009 4071 sario
2040 4034 2223 4075 comes
2254 4034 2357 4077 88!.

1928 4108 2083 4208 Ιιοιη.
2132 4113 2185 4164 in
2225 4115 2363 4179 psal.
2418 4130 2456 4168 I.
2484 4118 2679 4185 —Qui
2716 4121 2861 4179 bono
2895 4127 3052 4208 ‘operi
3081 4127 3324 4194 student,
3356 4126 3411 4187 in

1858 4197 1979 4268 ipso
2015 4199 2157 4256 bono
2186 4217 2350 4273 opere
2382 4208 2647 4277 student,
2689 4222 2746 4268 ut
2772 4197 3058 4290 Deo'grati
3090 4222 3413 4294 acceptique

1856 4290 1983 4346 sint.

1927 4382 1991 4436 In
2024 4385 2270 4441 llexaem.
2302 4420 2372 4430 —
2402 4390 2570 4448 Nemo
2621 4398 2977 4455 nescientiam
3037 4404 3162 4459 boni
3212 4419 3408 4462 cause-

1856 4482 1962 4529 tur.
2001 4477 2278 4534 Naturalis
2313 4482 2515 4552 quippe
2562 4487 2702 4543 ratio
2732 4490 2892 4545 nobis
2938 4494 3105 4549 insita
3151 4506 3254 4562 est,
3285 4513 3410 4568 qum

196 4534 547 4603 ἀλλοτρίωσιν
574 4538 679 4590 ἀπὸ
721 4539 831 4593 τῶν
860 4541 1139 4615 βλαϐερῶν
1170 4546 1529 4602 ὑποδεικνύων
1554 4553 1749 4620 ὲγκατ-
1781 4565 1823 4620 ι)
1850 4581 1862 4619 ε

2322 4534 2511 4552 τητ-
2562 4534 2698 4543 __-.-
2732 4534 2891 4545 -.-νη
3151 4534 3254 4562 ..οη
3328 4534 3406 4554 um

1740 4585 1749 4594 -
1781 4565 1823 4620 D
1850 4573 1905 4620 et
1933 4567 2184 4623 allectum
2222 4572 2373 4638 boni,
2417 4583 2472 4630 et
2511 4581 2852 4638 aversionem
2883 4584 2955 4640 ab
2986 4585 3057 4642 iis
3085 4604 3209 4659 quae
3241 4534 3406 4647 nzxia

196 4626 434 4696 εσπάρη.

282 4740 339 4791 Ὀ
371 4741 507 4808 ὑπὲρ
537 4743 636 4811 τῆς
665 4744 756 4796 τοῦ
774 4746 1003 4815 πλησίον
1025 4750 1295 4821 ἁμαρτίας
1325 4751 1523 4822 θερμὸν
1548 4756 1752 4829 ἀποτή-

194 4829 561 4899 ξαςδάκρυον,
593 4835 783 4888 ἑαυτὸν
846 4838 1118 4908 ἐξιάσατο,
1164 4841 1230 4894 δι’
1274 4835 1349 4896 ὧν
1403 4845 1492 4898 τὸν
1526 4841 1752 4916 ἀδελφὶν

154 4973 161 4981 ,
192 4919 527 4991 ἐπωδυρατο.

262 5029 420 5093 Οἶδας
449 5034 762 5105 τίποιήσεις
782 5040 857 5109 τῷ
891 5044 1116 5113 πλησίον
1145 5064 1238 5100 σου
1263 5051 1451 5115 madv;
1479 5051 1552 5115 ὡς
1574 5051 1750 5121 ἑαυτῷ

193 5120 520 5193 βούλειπαρ⁸
554 5127 743 5198 ἑτέρου
778 5133 1051 5198 γενέσθαι.

272 5319 330 5419 :0
357 5323 735 5419 ειρησυχάζων,
786 5333 878 5383 καὶ
934 5334 1009 5405 μὴ
1064 5339 1297 5409 ἐλέγχων
1340 5345 1438 5415 τὴν
1475 5349 1748 5419 ἁμαρτίαν

190 5411 286 5507 τοῦ
348 5414 598 5507 ἀδελφοῦ,
651 5421 992 5494 άσπλαγχνός
1046 5431 1211 5495 ἐστιν,
1263 5411 1452 5507 ὥσπερ
1484 5411 1640 5492 ό-τδν
1671 5443 1747 5495 ίὺν

188 5504 407 5570 ὲναφεὶς
432 5506 509 5577 τῷ
534 5508 780 5580 δηχθέντι
807 5515 908 5568 ὐπὸ
934 5518 1027 5570 τοῦ
1062 5522 1283 5578 ἰοῦόλου.

260 5616 351 5686 Μὴ
369 5620 619 5716 .γελάσῃς
640 5626 840 5698 πτῶμα
854 5630 947 5684 τοῦ
971 5634 1138 5700 πέλας
1156 5651 1171 5666 ’
1203 5638 1444 5695 διάϐαινε
1473 5644 1528 5697 δὲ
1565 5646 1744 5716 ἀσφα-

191 5707 434 5857 λῶς,έῶς
464 5729 544 5769 σοι
568 5716 827 5790 δύναμιςν
869 5723 1004 5782 ἀλλὰ
1048 5729 1142 5784 καὶ
1200 5730 1342 5787 δίδου
1384 5737 1539 5808 χεῖρα
1568 5707 1743 5812 χαμαὶ

193 5817 321 5857 item
354 5824 448 5857 νω.

193 5817 448 5866 κειμενω.

1852 4666 2001 4721 sunt,
2041 4661 2320 4716 ostendat.

1926 4767 2069 4824 Ibid.
2092 4800 2159 4810 —
2185 4771 2288 4836 Qui
2321 4789 2418 4844 pro
2447 4777 2675 4834 alterius
2698 4792 2925 4849 peccato
2951 4786 3193 4844 calentes
3228 4790 3402 4863 lacry-

1851 4875 1968 4952 mas
1997 4862 2262 4930 profudit,
2289 4865 2336 4921 is
2361 4866 2586 4923 fratrem
2630 4871 2989 4943 deplorando,
3022 4880 3127 4934 sibi
3160 4881 3261 4952 ipsi
3290 4862 3401 4941 tneo

1850 4950 2087 5047 diciuam
2111 4956 2319 5013 attulit.

1922 5063 2061 5120 Ibid.
2116 5098 2183 5108 --—
2226 5067 2349 5125 Scis
2389 5086 2628 5141 quonam
2684 5085 2845 5146 pacto
2892 5082 2960 5136 dc
3007 5084 3260 5153 proximo
3304 5094 3399 5145 tuo

1849 5157 2291 5214 benemerearis?
2332 5160 2388 5217 Id
2435 5164 2484 5218 ei
2513 5164 2705 5232 facito,
2735 5170 2879 5241 quod
2922 5172 3039 5242 ipse
3068 5176 3167 5230 tibi
3196 5177 3264 5234 ab
3289 5178 3398 5233 alio

1850 5247 1932 5303 vis
1962 5248 2097 5303 fieri.

1920 5359 2061 5415 Ibid.
2091 5391 2158 5404 -—
2185 5363 2285 5429 Qui
2337 5372 2498 5433 tacet,
2536 5383 2638 5425 nec
2685 5379 2973 5441 peccatum
3011 5373 3200 5433 fratris
3243 5393 3394 5435 coar-

1847 5451 1981 5521 guit,
2026 5452 2253 5520 perinde
2305 5470 2483 5512 saevus
2541 5460 2891 5531 crudeliaque
2935 5472 3042 5532 est,
3086 5480 3150 5521 ac
3200 5470 3292 5539 qui
3337 5470 3391 5526 in

1846 5545 2064 5599 homine
2088 5560 2116 5598 a
2141 5555 2409 5601 venenata
2438 5549 2613 5605 bestia
2655 5552 2785 5616 icto,
2819 5554 2972 5612 virus
2993 5557 3286 5630 relinquat.

1919 5655 1979 5712 S.
2006 5656 2158 5729 Greg.
2189 5657 2455 5715 Nazianz.
2494 5694 2553 5705 --
2580 5665 2824 5723 Proximi
2854 5686 3040 5726 casum
3073 5688 3140 5728 ne
3170 5675 3344 5731 rideas
3372 5696 3389 5731 :

1846 5747 1940 5805 sed
1971 5748 2088 5838 ipse
2116 5766 2279 5838 quam
2324 5755 2595 5812 tutissime
2628 5761 2853 5828 poteris,
2891 5763 3083 5821 incede
3118 5784 3131 5821 :
3161 5767 3288 5838 quin
3335 5778 3392 5824 ct

1847 5838 1893 5892 ci
1926 5838 2020 5905 qui
2050 5836 2198 5893 humi
2226 5838 2390 5909 jacet,
2417 5858 2636 5901 manum
2669 5851 2902 5917 porrige.
